Nome,Marca,Quantidade,Preço Primário,Preço Por Unidade,Promo
Ameixa Amarela Cal. 45/55,,1 Unid. = 0.09 KG (aprox.),"2,99€/kg","0,27€ / Unid.",
Água com Gás 6x25cl,VIMEIRO,Emb. 1.5 LT,"2,64€","1,76€ / LT",
Óleo Intense 5-10 Castanho Claro,SYOSS,,"6,24€",/ Unid.,
Bebida de Soja 0%,SHOYCE,Emb. 1 LT,"1,69€","1,69€ / LT",
Galinha Inteira,,1 Unid. = 1.2 KG (aprox.),"1,99€/kg","2,39€ / Unid.",
Detergente para a Máquina da Roupa Cores 3 em 1,SKIP,Emb. 1.134 KG,"12,49€","11,01€ / KG",
Gel Banho Aveia,MANAVA,Emb. 0.75 LT,"1,79€","2,39€ / LT",
Pensos Higiénicos Normal Sem Alas Fina e Segura,EVAX,Emb. 24 UNID.,"2,79€","0,12€ / UNID.",
Vinho Frutado Tinto,SALVE,Garrafa 0.75 LT,"1,29€","1,72€ / LT",
Compota de Maçã Morango Biológica 4x100g,,Emb. 0.4 KG,"1,99€","4,98€ / KG",
DETERGENTE CAPSULAS 3 EM 1 FLORES P/ROUPA,EPSIL,,"4,99€",/ Unid.,
CHAMPO FORTIFICANTE CABELOS NORMAIS 250ML,CARRÉ HOMME,Emb. 0.25 LT,"1,49€","5,96€ / LT",
CAFE INTENSO 48 PASTILHAS,ECO+,Emb. 0.336 KG,"3,49€","10,39€ / KG",
Perna de Pau Original 6 Unid.,OLÁ,Emb. 0.3 KG,"2,49€","8,30€ / KG",
Água Natural,SERRA DA ESTRELA,Emb. 9 LT,"3,24€","0,36€ / LT",
Fraldas Recém Nascido T1 Ultra Confort 2/5Kg,MOTS D'ENFANTS,Emb. 23 UNID.,"2,75€","0,12€ / UNID.",
Batatas Fritas Doritos Pizza,DORITOS,Emb. 0.14 KG,"1,66€","11,86€ / KG",
Iogurte Líquido Lima Limão 4x155g,DANONE,Emb. 0.62 KG,"1,69€","2,73€ / KG",
Alimento Seco Gatos Croquetes Fígado e Legumes,TOUS MES AMIS,Emb. 4 KG,"5,89€","1,47€ / KG",
MARCADORES P/QUADRO BRANCO 4UN,ESQUISSE,Emb. 1 UNID.,"2,29€","2,29€ / UNID.",
Toalhitas para Bebé Natural Care,HUGGIES,Emb. 56 UNID.,"1,29€","0,02€ / UNID.",
Melão Verde,,1 Unid. = 2.8 KG (aprox.),"1,19€/kg","3,33€ / Unid.",
PIZZA MOZZARELLA MERVEILLOSA,TURINI,Emb. 0.335 KG,"1,79€","5,34€ / KG",
Champô Cabelo Ultra Suave Delicadeza de Aveia,GARNIER,Emb. 0.4 LT,"5,59€","13,98€ / LT",
Vinagre Vinho Tinto,GALLO,Garrafa 0.25 LT,"1,09€","4,36€ / LT",
Bebida Solúvel Café e Chicória,RICORÉ,Emb. 0.26 KG,"7,48€","28,77€ / KG",
Bolachas Digestivas Aveia Oats Choc,GULLÓN,Emb. 0.425 KG,"2,84€","6,68€ / KG",
Alface Romana,,1 Unid. = 0.3 KG (aprox.),"10,99€/kg","3,30€ / Unid.",
Laca Cabelo Diamond Gloss Care 4,NIVEA,Spray 0.25 LT,"4,19€","16,76€ / LT",
Morangos Embalados,,1 Emb. = 0.5 KG,"1,99€","3,98€ / KG",
CHOCOLATE PRETO COM FLOR DE SAL,EQUADOR,Emb. 0.1 KG,"1,19€","11,90€ / KG",
Cadeado C/ Código 30Mm,FOXTER,Emb. 1 UNID.,"2,49€","2,49€ / UNID.",
PILHAS ALC.LR6X4 CLARTECH,FOXTER,Emb. 4 UNID.,"1,27€","0,32€ / UNID.",
Leite Condensado,NESTLÉ,Lata 0.37 KG,"1,49€","4,03€ / KG",
Iogurte Líquido Tutti Frutti 4x155g,DANONE,Emb. 0.62 KG,"1,39€","2,24€ / KG",
Chá de Ervas Digestão Fácil,LIPTON,Emb. 20 SAQ.,"1,94€","0,10€ / SAQ.",
GELADO BAUNILHA / CARAMELO,ESKISS,Emb. 1 LT,"2,49€","2,49€ / LT",
Gliss Reparação Total Condicionador Express em Spray,GLISS,Emb. 0.2 LT,"3,24€","16,20€ / LT",
BACALHAU P/ CALDEIRADA,PÊCHE OCÉAN,Emb. 0.8,"3,99€","4,99€ /",
Toalhitas Limpa Pó Electrostáticas,,Emb. 40 UNID.,"2,25€","0,06€ / UNID.",
Fraldas Bebé T6 Doucer +16 Kg,MOTS D'ENFANTS,Emb. 58 UNID.,"9,65€","0,17€ / UNID.",
Iogurte Mix-in Nesquik 84% Leite Cereais 2 Unid.,NESTLÉ,Emb. 0.232 KG,"2,09€","9,01€ / KG",
Snacks Party Mix Original,FELIX,Emb. 0.06 KG,"1,79€","29,83€ / KG",
Conserva de Feijão Frade,COMPAL,Lata 0.845 KG,"1,59€","1,88€ / KG",
Bife da Pá Vitelão,,1 Unid. = 0.25 KG (aprox.),"9,45€/kg","2,36€ / Unid.",
Alimento Seco P/ Gato Interior Frango,PURINA FRISKIES,Emb. 1.5 KG,"6,71€","4,47€ / KG",
Queijo Para Barrar Noz,LES CROISÉS,Emb. 0.125 KG,"1,09€","8,72€ / KG",
AUSONIA ORG COTTON SUPER ABAS,AUSONIA,Emb. 10 UNID.,"2,54€","0,25€ / UNID.",
MISTURA DE CARVAO VEGETAL,ECO+,Emb. 5 KG,"4,99€","1,00€ / KG",
Máquina de Depilar Descartável Venus Basic,GILLETTE,Emb. 4 UNID.,"3,49€","0,87€ / UNID.",
Aroma de Morango Líquido,CONDI,Emb. 0.025 LT,"1,49€","59,60€ / LT",
Bebida Energética Rehab,MONSTER ENERGY,Lata 0.5 LT,"1,20€","2,40€ / LT",
Paté Campestre Superior 2X50g,TRADILÈGE,Emb. 0.1 Kg,"1,45€","14,50€ / Kg",
Medalhões Pescada,PÊCHE OCÉAN,Emb. 0.4 KG,"3,29€","8,23€ / KG",
Toranja Cal. 2/3,,1 Unid. = 0.32 KG (aprox.),"1,99€/kg","0,64€ / Unid.",
IOGURTE MORANGO/PESSEGO BISNAGA 6UN,DÉLISSE,Emb. 0.54,"2,45€","4,54€ /",
BOLACHAS VITALDAY CROCANTE CHOCOLATE 280G,GULLÓN,Emb. 0.28 KG,"1,49€","5,32€ / KG",
Barras de Cereais 6 Unid.,FITNESS,Emb. 0.141 KG,"2,33€","16,52€ / KG",
CRAVINHO GRAO SAQUETA,RUSTICA,Emb. 0.03 KG,"1,15€","38,33€ / KG",
Batata Branca,,1 Unid. = 1 KG (aprox.),"0,99€/kg","0,99€ / Unid.",
Feijão Encarnado Seco,NOTRE JARDIN,Emb. 0.5 KG,"0,99€","1,98€ / KG",
Fraldas Bebé T4+ ACTIV+ 9/20 Kg,MOTS D'ENFANTS,Emb. 37 UNID.,"7,89€","0,21€ / UNID.",
AGRAFADOR Nº10 + 400AGRAFOS,ESQUISSE,Emb. 1 UNID.,"2,99€","2,99€ / UNID.",
Papa Infantil Bolacha Maria,CERELAC,Emb. 0.25 KG,"1,79€","7,16€ / KG",
BALDE OVAL,SILLAGE,Emb. 1 UNID.,"3,50€","3,50€ / UNID.",
Barras de Biscoitos Cobertura de Caramelo Chocolate,ECO+,Emb. 0.348 KG,"1,89€","5,43€ / KG",
Cappuccino Mocha,NESCAFÉ,Emb. 8 SAQ.,"3,09€","0,39€ / SAQ.",
Água Com Gás,CASTELLO,Emb. 0.075 LT,"1,55€","20,67€ / LT",
Torta de Morango,P'TIT DÉLI,Emb. 0.3 KG,"1,29€","4,30€ / KG",
Sumo 8 Frutos,UM BONGO,Emb. 1 LT,"1,33€","1,33€ / LT",
Cerveja sem Álcool Preta 6x33cl,CHEERS,Emb. 0.33 LT,"3,55€","10,76€ / LT",
QUEIJO EMMENTAL RALADO 28%MG,LES CROISÉS,Emb. 0.2 KG,"1,69€","8,45€ / KG",
FITA ADESIVA ISOLANTE ELECTRICOS 5M,ECO+,Emb. 10 UNID.,"2,99€","0,30€ / UNID.",
CHAMPO SECO TILIA/MACA 150ML,NATEIS,Emb. 0.15,"2,29€","15,27€ /",
Salteado do Campo,BONDUELLE,Emb. 0.75 KG,"3,69€","4,92€ / KG",
SPRAY LIMPA VIDROS 1 L 1L TECH9,TECH9,Emb. 1 LT,"2,99€","2,99€ / LT",
Leite Condensado Cozido,DÉLISSE,Emb. 0.397 KG,"1,39€","3,50€ / KG",
Filetes de Sardinha com Tomate e Legumes,PÊCHE OCÉAN,Emb. 0.1 KG,"1,39€","13,90€ / KG",
Champô Anti-Caspa Cool Sport Mentol para Todos os Tipos de Cabelo,LINIC,Emb. 0.36 LT,"4,94€","13,72€ / LT",
Barras Hero Muesly De Cereais Chocolate Negro 6x23g,HERO,Emb. 0.138,"1,79€","12,97€ /",
Bloco Sanitário Power 5 Blue Water Ocean,DOMESTOS,Emb. 0.106 KG,"2,74€","25,85€ / KG",
Batatas Fritas Lisas,POM'LISSE,Emb. 0.2 KG,"0,69€","3,45€ / KG",
CADERNO CAPA PRETA A4 LISO 60P,ESQUISSE,Emb. 1 UNID.,"0,85€","0,85€ / UNID.",
Discos Activos Gel WC Marine,PATO,Emb. 0.036 LT,"4,48€","124,44€ / LT",
Creme Depilatório Silk & Fresh,VEET,Emb. 0.2 LT,"6,64€","33,20€ / LT",
Vinho Tinto de Mesa Elopack,CASAL DA EIRA,Emb. 1 LT,"1,59€","1,59€ / LT",
Bebida Solúvel de Cereais C/ Café,MOKAMBO,Emb. 0.2 KG,"4,31€","21,55€ / KG",
Queijo Fresco Magro,SANTIAGO,Emb. 0.2 KG,"1,75€","8,75€ / KG",
Massa Pérolas,MILANEZA,Emb. 0.25 KG,"0,68€","2,72€ / KG",
Alimento Seco P/ Gato Free Dc Salmão,BEYOND,Emb. 0.325 KG,"3,94€","12,12€ / KG",
Alimento Húmido P/ Gato Gold Mousse Peixe,GOURMET GOLD,,"0,72€",/ Unid.,
PURE MACA/FRAMBOESA SEM ADICAO ACUCAR,DOUCEUR DU VERGER,Emb. 0.4 KG,"1,39€","3,48€ / KG",
Ambientador Difusor Essential Mist Lavanda,AIR WICK,Emb. 1 UNID.,"13,19€","13,19€ / UNID.",
Iogurte Natural 8x120g,DANONE,Emb. 0.96 KG,"2,58€","2,69€ / KG",
Pães com Recheio a Chocolate,EPI D'OR,Emb. 1 P,"1,99€","1,99€ / P",
Pão sem Côdea Especial Torradas,PANRICO,Emb. 0.51 KG,"2,58€","5,06€ / KG",
IOGURTE C/ CAMADA MIRTILO OVELHA BIO,,Emb. 0.25 KG,"1,75€","7,00€ / KG",
Café Torrado África Ásia e Brasil Moagem Grão,SICAL,Emb. 0.25 KG,"2,39€","9,56€ / KG",
Paté para cão de Frango e Carne,TOUS MES AMIS,Emb. 0.3 KG,"0,79€","2,63€ / KG",
Iogurte Líquido de Manga e Papaia 4 Unid.,ACTIVIA,Emb. 0.62 KG,"1,99€","3,21€ / KG",
Mortadela com Azeitonas,ELPOZO,1 Unid. = 0.1 KG (aprox.),"3,99€/kg","0,40€ / Unid.",
Lixívia Tradicional 4 L,NEOBLANC,Emb. 4 LT,"2,84€","0,71€ / LT",
Bolachas Barquettes com Recheio de Morango,P'TIT DÉLI,Emb. 0.12 KG,"1,08€","9,00€ / KG",
Vinho Verde Branco,CAMPELO,Garrafa 1 LT,"2,95€","2,95€ / LT",
Sobremesa Creme Chocolate Mix 'n Croc,DÉLISSE,Emb. 0.468 KG,"1,95€","4,17€ / KG",
Sumo de Romã 100% Bio,,Emb. 1 LT,"3,99€","3,99€ / LT",
ESPUMA CABELO EFEITO VOLUME 200ML,VITANOVE,Emb. 0.2 LT,"1,09€","5,45€ / LT",
LAVA TUDO FLORAL,CLAIR,Emb. 2 UNID.,"0,89€","0,45€ / UNID.",
Vinho Tinto Regional Alentejano,COMP DO VINHO,Emb. 3 LT,"6,49€","2,16€ / LT",
Conserva Cogumelos Laminados,NOTRE JARDIN,Lata 0.185 KG,"0,65€","3,51€ / KG",
PIMENTO VERM./VERDE,NOTRE JARDIN,Emb. 0.6 KG,"1,30€","2,17€ / KG",
CREME VEGETAL P/ CULINARIA,,Emb. 0.25 KG,"0,79€","3,16€ / KG",
Água com Gás Pet 6x33 cl,PEDRAS SALGADAS,Emb. 1.98 LT,"2,77€","1,40€ / LT",
Yofu Polpa 4x125g,,Emb. 0.5 KG,"2,89€","5,78€ / KG",
PIRIPIRI VAGEM,RUSTICA,Emb. 0.015 KG,"0,59€","39,33€ / KG",
Iogurte de Pêra 4 Unid.,IOGOLINO,Emb. 0.4 KG,"2,29€","5,73€ / KG",
Arroz Agulha,,Emb. 1 KG,"1,09€","1,09€ / KG",
Arroz Carolino,SALUDÃES,Emb. 1 KG,"1,13€","1,13€ / KG",
BACON EXTRA FATIADO,CAMPO FINO,Emb. 0.15 KG,"1,34€","8,93€ / KG",
Pimenta Branca Moída,MARGÃO,Emb. 0.04 KG,"2,29€","57,25€ / KG",
Tostas de Trigo 36Unid.,EPI D'OR,Emb. 0.3 KG,"1,29€","4,30€ / KG",
Maçã Royal Gala Cal. 70/75,,1 Unid. = 0.18 KG (aprox.),"1,69€/kg","0,30€ / Unid.",
MOLHO CARIL DE LEGUMES C/LEITE COCO,RUSTICA,Emb. 0.4 KG,"1,25€","3,13€ / KG",
Ambientador recarga cool mist zen lavanda,GLADE,Emb. 0.017 LT,"4,79€","281,76€ / LT",
SACOS LIXO ENTULHO 50L 5UN,ELEMBAL,Emb. 5 UNID.,"1,99€","0,40€ / UNID.",
Caldo de Carne,KNORR,Emb. 24 CUBOS,"2,39€","0,10€ / CUBOS",
Vinho Verde Tinto,MONÇÃO,Garrafa 0.75 LT,"1,99€","2,65€ / LT",
Ambientador Gel Lavanda,,Emb. 1 UNID.,"0,79€","0,79€ / UNID.",
Néctar Light Laranja e Manga,JAFADEN,Emb. 1 LT,"0,89€","0,89€ / LT",
PENSOS HIGIENICOS U.FINOS NORMAL 16UN,DOULYS,Emb. 16 UNID.,"1,09€","0,07€ / UNID.",
QUEIJO FRESCO DE CABRA BIO,,Emb. 0.18 KG,"4,19€","23,28€ / KG",
DESODORIZANTE AXE AERO BLACK,AXE,Emb. 0.15 LT,"3,29€","21,93€ / LT",
COLORACAO LOURO DOURADO 7.3 1UN VITANOVE,VITANOVE,Emb. 1 UNID.,"2,99€","2,99€ / UNID.",
Café Solúvel Clássico Intenso,NESCAFÉ,Emb. 0.1 KG,"3,89€","38,90€ / KG",
Pão Integral,,1 Unid. = 0.4 KG,"0,99€","2,48€ / KG",
Palitos de Chocolate,P'TIT DÉLI,Emb. 0.15 KG,"1,09€","7,27€ / KG",
Farinha Fina,BRANCA DE NEVE,Emb. 1 KG,"1,29€","1,29€ / KG",
Vinho Branco Meio Seco,LEZÍRIA,Garrafa 0.75 LT,"1,53€","2,04€ / LT",
Guardanapos Folha Simples Reciclados,MARQUE REPERE,Emb. 100 UNID.,"0,89€","0,01€ / UNID.",
Deo Spray 0% Sensitive 24H,SANEX,Emb. 0.15 LT,"2,69€","17,93€ / LT",
Douradinhos Salmão Selvagem 10 Unid. Ultracongelado,IGLO,Emb. 0.28 KG,"5,59€","19,96€ / KG",
Detergente para a Máquina da Loiça Extra Power,SUN,Emb. 76 PASTILHAS,"9,99€","0,13€ / PASTILHAS",
GELADO BAUNILHA E SORVETE F.VERMELHOS 900ML ESKISS,ESKISS,Emb. 0.9 LT,"2,49€","2,77€ / LT",
Bebida Solúvel Cereais Cevada Chicória e Café,TOFINA,Frasco 0.2 KG,"2,24€","11,20€ / KG",
Batata Branca P/ Assar,,Emb. 1 KG,"1,19€","1,19€ / KG",
Elixir Oral Dentes & Gengivas Menta Fresca,LISTERINE,Emb. 1 LT,"8,99€","8,99€ / LT",
Ambientador Recarga Portátil Relax Zen Lavanda e Jasmim,GLADE,Emb. 3 UNID.,"10,78€","3,59€ / UNID.",
Pão Saloio,,1 Unid. = 0.4 KG,"0,99€","2,48€ / KG",
Esfregão Salva Unhas Classic Comfort,SCOTCH BRITE,Emb. 2 UNID.,"2,44€","1,22€ / UNID.",
Coentros em Folhas,MARGÃO,Emb. 0.007 KG,"1,69€","241,43€ / KG",
Cereais Pétalas Chocolate Leite,GRAINEA,Emb. 0.3 KG,"1,49€","4,97€ / KG",
Lentilhas Verdes Secas,NOTRE JARDIN,Emb. 0.5 KG,"1,49€","2,98€ / KG",
Escova de Dentes 3D White,ORAL B,Emb. 1 UNID.,"2,19€","2,19€ / UNID.",
Presunto sem Osso,,1 Unid. = 1 KG (aprox.),"16,99€/kg","16,99€ / Unid.",
Gressinos com Creme de Avelã 3x60g,NUSTIKAO,Emb. 0.18 KG,"2,19€","12,17€ / KG",
Cera Fixadora,AXE,Emb. 0.075 LT,"3,99€","53,20€ / LT",
Penso Incontinência Discreet Normal,AUSONIA,Emb. 12 UNID.,"2,99€","0,25€ / UNID.",
Bolachas Maria sem Açúcar,GULLÓN,Emb. 0.4 KG,"2,34€","5,85€ / KG",
Bolo de Cacau,P'TIT DÉLI,Emb. 0.42 KG,"3,19€","7,60€ / KG",
Parte Traseira de Borrego,,1 Unid. = 3 KG (aprox.),"12,99€/kg","38,97€ / Unid.",
Molho de Tomate à Provençal,,Emb. 0.35 KG,"1,99€","5,69€ / KG",
Alimento Seco P/ Gato C/ Frango Peru,PURINA FRISKIES,Emb. 2 KG,"7,67€","3,84€ / KG",
Refrigerante S/ Gás Maracuja,ECO+,Garrafa 2 LT,"0,79€","0,40€ / LT",
Azeitona Verde Retalhada com Ervas,RUSTICA,Emb. 0.36 KG,"1,79€","4,97€ / KG",
Polpa de Tomate,ECO+,Frasco 0.5 KG,"0,99€","1,98€ / KG",
Conserva de Atum em Posta em Azeite,PÊCHE OCÉAN,Emb. 0.12 KG,"1,09€","9,08€ / KG",
NUGGETS DE FRANGO 18UN,CÔTÉ CROC,Emb. 0.45 KG,"4,29€","9,53€ / KG",
Palitos de La Reine Mousse d´Or,DU BOIS DE LA ROCHE,Emb. 0.2 KG,"2,85€","14,25€ / KG",
Iogurte Natural 4x125 g,,Emb. 0.5 KG,"0,65€","1,30€ / KG",
LAMINAS DESCARTAVEIS SENHORA 3 LAMINAS 4UN,SLISS,Emb. 4 UNID.,"2,99€","0,75€ / UNID.",
Ambientador Pure Nenuco Frescura Colónia de Bebé,AIR WICK,Spray 0.25 LT,"4,19€","16,76€ / LT",
"GEL DUCHE ""MATCHA/GENGIBRE"" CONCENTRADO",NATEIS,,"1,85€",/ Unid.,
Queijo Manchego,DIAZ MIGUEL,Quant. Mínima = 0.2 KG (aprox.),"20,99€/kg","4,20€ / Unid.",
Fraldas Cueca Maxi G,LINDOR,Emb. 14 UNID.,"21,26€","1,52€ / UNID.",
BOLACHA MARIA DOURADA,P'TIT DÉLI,,"1,69€",/ Unid.,
Gomas Trio Brilho,COPAÍNS COPINES,Emb. 0.2 KG,"0,99€","4,95€ / KG",
SNACK BATATA SABOR ESPECIARIAS,TOKAPI,Emb. 0.17 KG,"1,95€","11,47€ / KG",
Queijo de Barrar com Leite Pasteurizado,LES CROISÉS,Emb. 0.15 KG,"0,89€","5,93€ / KG",
Refrigerante sem Gás Laranja,FRUTIS,Garrafa 1.5 LT,"1,15€","0,77€ / LT",
Bebida Gaseificada Aromatizada de Pêssego S/ Álcool,FESTALIE,Garrafa 0.75 LT,"2,49€","3,32€ / LT",
Champô Volume Toranja Branca e Menta,HERBAL ESSENCES,Emb. 0.4 LT,"3,99€","9,98€ / LT",
Farinha,MAIZENA,Emb. 0.4 KG,"2,20€","5,50€ / KG",
Pensos Higiénicos Normal Plus Alas,EVAX,Emb. 14 UNID.,"2,58€","0,18€ / UNID.",
CREPES SIMPLES 16UN,TROFIC,Emb. 1 KG,"3,99€","3,99€ / KG",
Elixir Oral,LISTERINE,Emb. 0.75 LT,"5,98€","7,97€ / LT",
BATATA FRITA PALHA FINISSIMA,POM'LISSE,,"1,39€",/ Unid.,
GELADO BAUNILHA 12UN,SMICY,Emb. 12 UNID.,"2,36€","0,20€ / UNID.",
OIKOS CARAMELO 110G X4,OIKOS,Emb. 0.44 KG,"2,39€","5,43€ / KG",
Espumante ASTI Doce,GANCIA,Garrafa 0.75 LT,"8,29€","11,05€ / LT",
MIOLO DE CAMARAO 80/120,PÊCHE OCÉAN,Emb. 0.25 KG,"3,49€","13,96€ / KG",
Esparguete Cozedura Rápida,TURINI,Emb. 0.5 KG,"1,09€","2,18€ / KG",
Gelatina Light Ananás 2x15g,CONDI,Emb. 0.03 KG,"1,79€","59,67€ / KG",
Iogurte Sólido Magro Tutti-Frutti e Coco 6x120g,LONGA VIDA,,"2,09€",/ Unid.,
PREPARADO P/ ARROZ MARISCO,PÊCHE OCÉAN,Emb. 0.8 KG,"6,50€","8,13€ / KG",
COPPA FATIAS FINISSIMAS,ST AZAY,Emb. 0.1 KG,"2,99€","29,90€ / KG",
Balde para Esfregona,,Emb. 1 UNID.,"2,94€","2,94€ / UNID.",
PALITOS COBERTURA CHOCOLATE LEITE S/ GLUTEN,CHAQUE JOUR SANS GLUTEN,Emb. 0.125 KG,"2,55€","20,40€ / KG",
Alimento Húmido P/ Gato Salmão Atum Legumes,PURINA FRISKIES,Emb. 0.4 KG,"1,64€","4,10€ / KG",
Tablete de Chocolate e Leite C/ Cereais Crocantes,CRUNCH,Emb. 0.1 KG,"1,89€","18,90€ / KG",
Sabão de Marselha 4x200 g,EPSIL,,"2,89€",/ Unid.,
Macedonia de 4 Legumes,,Emb. 0.4 KG,"0,69€","1,73€ / KG",
Alimento Húmido P/ Gato Party Mix Picnic,FELIX,Emb. 0.06 KG,"1,84€","30,67€ / KG",
Pickles,,1 Unid. = 0.1 KG (aprox.),"2,59€/kg","0,26€ / Unid.",
Vinho Tinto,ECO+,Garrafão 5 LT,"5,69€","1,14€ / LT",
Ravioli Ricotta Espinafres Biológico,,Emb. 0.25 KG,"2,29€","9,16€ / KG",
Bolachas Digestivas Maça,TRIUNFO,Emb. 0.171 KG,"1,59€","9,30€ / KG",
FRALDA INCONTINENCIA MEDIA,CHORYS,Emb. 20 UNID.,"8,99€","0,45€ / UNID.",
LOMBO PORCO CURADO FATIAS,ST AZAY,Emb. 0.1 KG,"2,55€","25,50€ / KG",
Noodles Queijo e Ervas,KNORR,Emb. 0.061 KG,"0,97€","15,90€ / KG",
Queijo Emmental,LES CROISÉS,Emb. 0.25 KG,"1,89€","7,56€ / KG",
TERRA P/HORTA BIO 40L,BEAUX JOURS,Emb. 40 LT,"3,99€","0,10€ / LT",
BETERRABA EM VINAGRE 345G,FERBAR,Emb. 0.345 KG,"1,09€","3,16€ / KG",
Sumo Refrigerado Florida,SUNNY DELIGHT,Garrafa 0.31 LT,"0,78€","2,52€ / LT",
Bloco Sanitário Floral,SONASOL WC,Emb. 0.05 KG,"1,94€","38,80€ / KG",
Refrigerante com Gás Ginger Ale,SCHWEPPES,Garrafa 1 LT,"1,85€","1,85€ / LT",
Sardinha em Óleo Vegetal,BOM PETISCO,Emb. 0.12 KG,"0,99€","8,25€ / KG",
DETERGENTE LIQUIDO CONCENTRADO ALOE VERA ECOLOGICO 40D,UNÍ VERT,,"4,99€",/ Unid.,
Pêra Conference Cal. 60+,,1 Unid. = 0.21 KG (aprox.),"1,99€/kg","0,42€ / Unid.",
ALGODAO DUO QUADRADO X50,INELL,Emb. 50 UNID.,"0,79€","0,02€ / UNID.",
Alimento Seco para Gato Sterilcat Carne Vaca,PURINA ONE,Emb. 1.5 KG,"11,51€","7,67€ / KG",
Pensos Higiénicos Normal Alas,AUSONIA,Emb. 14 UNID.,"1,69€","0,12€ / UNID.",
Conserva de Cogumelos Laminados,NOTRE JARDIN,Lata 0.78 KG,"2,25€","2,88€ / KG",
Leite Bem Essencial C/ Polpa de Morango 4 Unid.,MIMOSA,Emb. 0.8 LT,"1,98€","2,48€ / LT",
Resguardo 60x90 cm,LINDOR,Emb. 15 UNID.,"7,99€","0,53€ / UNID.",
Caramelo Líquido,TABLIER BLANC,Emb. 0.4 KG,"1,29€","3,23€ / KG",
Whisky Bourbon Jack Daniels,JACK DANIEL'S,Garrafa 0.7 LT,"23,03€","32,90€ / LT",
Cenourinhas Extra Finas,NOTRE JARDIN,Emb. 0.4 KG,"1,00€","2,50€ / KG",
Compota de Frutas Maçã e Pera sem Adição de Açúcares 4x100g,DOUCEUR DU VERGER,Emb. 0.4 KG,"1,59€","3,98€ / KG",
Patê Bocadelia Recheio Atum,LA PIARA,Emb. 0.18 KG,"2,24€","12,44€ / KG",
CROQUETES P/ GATOS SENSIVEIS E DIFICEIS PREMIUM,PLENIMA,,"1,89€",/ Unid.,
Néctar Clássico Ananás 3x200 ml,COMPAL,Emb. 0.6 LT,"1,44€","2,40€ / LT",
Desodorizante Roll-On Invisible,MANAVA,Emb. 0.05 LT,"0,75€","15,00€ / LT",
Cereais Muesli Chocolate,GRAINEA,Emb. 0.5 KG,"2,39€","4,78€ / KG",
Óleo Reconstrutor,AUSSIE,Emb. 0.1 LT,"7,49€","74,90€ / LT",
Nata UHT Carbonara,PARMALAT,Emb. 0.2 LT,"1,20€","6,00€ / LT",
Vinho de Mesa Rosé,ECO+,Emb. 2 LT,"2,69€","1,35€ / LT",
SNACKS BOLAS DE QUEIJO,TOKAPI,Emb. 0.05 KG,"0,65€","13,00€ / KG",
PENSOS INCONTINENCIA MULHER MAXI,CHORYS,Emb. 12 UNID.,"2,59€","0,22€ / UNID.",
Sais de Fruta Digestivo Original,ENO DIGESTIVO,Emb. 10 UNID.,"4,99€","0,50€ / UNID.",
Luvas Finas Descartáveis Vinil Tam. M,,Emb. 0.45 KG,"6,89€","15,31€ / KG",
KINDER DELICE CACAU T10,KINDER,Emb. 0.39 KG,"3,69€","9,46€ / KG",
Vinho Verde,3 MARIAS,Emb. 1 LT,"2,40€","2,40€ / LT",
Dióspiro Clássico,,1 Unid. = 0.2 KG (aprox.),"2,59€/kg","0,52€ / Unid.",
DETERGENTE LIQUIDO PERFECT CORES 25D,EPSIL,Emb. 25 DOSES,"2,79€","0,11€ / DOSES",
Gelatina em Pó Morango 2x85 g,TABLIER BLANC,Emb. 0.17 KG,"0,85€","5,00€ / KG",
Molho de Soja,BLUE DRAGON,Emb. 0.15 LT,"1,89€","12,60€ / LT",
Alimento Seco P/ Gatos Esterilizados Salmão,PURINA FRISKIES,Emb. 1.5 KG,"6,71€","4,47€ / KG",
Champô Anti-Caspa Cuidado Suave para Todos os Tipos de Cabelo,LINIC,Emb. 0.36 LT,"4,94€","13,72€ / LT",
Marcadores de Colorir Laváveis Ponta Média,ESQUISSE,,"2,19€",/ Unid.,
PAPEL ALUMINIO 50M,ELEMBAL,Emb. 50 M,"4,49€","0,09€ / M",
Chourição Fatiado Tapas,CAMPOFRIO,Emb. 0.08 KG,"1,85€","23,13€ / KG",
Conserva de Salsichas 7 Unid. Extra Suculentas,NOBRE,Frasco 0.35 KG,"1,68€","4,80€ / KG",
Sopa de Espargos,KNORR,Emb. 0.07 KG,"1,49€","21,29€ / KG",
GEL FIXACAO BETAO 250ML,VITANOVE,Emb. 0.25 LT,"1,69€","6,76€ / LT",
PENSOS HIGIENICOS U. FINOS NORMAL+ C/ ABAS,DOULYS,Emb. 14 UNID.,"0,99€","0,07€ / UNID.",
Dentes de Alho,,Emb. 0.25 KG,"2,29€","9,16€ / KG",
Manteiga de Amendoim Cremosa sem Adição de Açúcares,CALVÉ,Emb. 0.35 KG,"3,39€","9,69€ / KG",
Doce de Laranja Biológico,,Emb. 0.375 KG,"2,15€","5,73€ / KG",
Spray Mousse Harmonias Florais,NEOBLANC,Spray 0.7 LT,"2,59€","3,70€ / LT",
Café Solúvel Descafeinado Clássico,NESCAFÉ,Emb. 10 UNID.,"1,64€","0,16€ / UNID.",
Iogurte Bifidus Activia Cremoso Frutos Silvestres 4 Unid.,DANONE,Emb. 0.48 KG,"1,99€","4,15€ / KG",
Pente Piquio Color,,Emb. 1 UNID.,"1,99€","1,99€ / UNID.",
"Mini Picadora 1,5L 500W",ELSAY,Emb. 1 UNID.,"27,90€","27,90€ / UNID.",
Sal Marinho Iodado,VATEL,Emb. 1 KG,"0,72€","0,72€ / KG",
Snack P/ Cão Pequeno,FRISKIES,Emb. 0.35 KG,"3,29€","9,40€ / KG",
Chantilly,DÉLISSE,Emb. 0.25 KG,"1,69€","6,76€ / KG",
Pensos Higiénicos Aloe Vera,CAREFREE,Emb. 56 UNID.,"4,49€","0,08€ / UNID.",
Cerveja C/ Álcool 24x25cl,CARLSBERG,Emb. 6 LT,"12,94€","2,16€ / LT",
Recarga Sabonete Líquido Framboesa/Peonia,MANAVA,Emb. 0.25 LT,"0,65€","2,60€ / LT",
MOZZARELLA BUFALA,LES CROISÉS,Emb. 0.125 KG,"1,69€","13,52€ / KG",
Puré de Batata 3x97g,KNORR,Emb. 0.097 KG,"3,39€","34,95€ / KG",
Snack P/ Gato de Salmão,DENTALIFE,Emb. 0.04 KG,"1,89€","47,25€ / KG",
Anti-Calcário Spray Brilhante,AJAX,Emb. 0.5 LT,"3,49€","6,98€ / LT",
NAPERONS RECTANGULARES 40X50CM,,Emb. 3 UNID.,"0,79€","0,26€ / UNID.",
Cerveja com Álcool Mini 20x25cl,CRISTAL,Emb. 5 LT,"7,59€","1,52€ / LT",
Aditivo Máquina Loiça Sal,CALGON,Emb. 1 KG,"1,68€","1,68€ / KG",
Chouriça do Lavrador,SNR,Emb. 0.18 KG,"2,49€","13,83€ / KG",
LAMPADA ESPIRAL 12W E27,FOXTER,Emb. 1 UNID.,"3,99€","3,99€ / UNID.",
Néctar Multifrutos Bio,,Emb. 1.5 LT,"2,49€","1,66€ / LT",
AFTERSHAVE LOCAO OCEAN FRESH 100ML,CARRÉ HOMME,Emb. 0.1 LT,"2,29€","22,90€ / LT",
GUARDANAPOS AMARELOS FOLHA SIMPLES RENOVA,GUARDANAPOS RENOVA,Emb. 70 UNID.,"0,79€","0,01€ / UNID.",
Água Micelar Tudo em 1,GARNIER,Emb. 0.4 LT,"6,89€","17,23€ / LT",
SPRAY PENTEAR DESEMBARACANTE MORANGO E CEREJA PARA CRIANCAS,PETIT MANAVA,Emb. 0.2 LT,"1,49€","7,45€ / LT",
Madalenas sem Glúten,CHAQUE JOUR SANS GLUTEN,Emb. 0.18 KG,"2,59€","14,39€ / KG",
Atum em Azeite Biológico,BOM PETISCO,Emb. 0.12 KG,"1,67€","13,92€ / KG",
Massa Lasanha,TURINI,Emb. 0.5 KG,"1,34€","2,68€ / KG",
Vinagre Balsâmico de Modena,GALLO,Garrafa 0.25 LT,"1,69€","6,76€ / LT",
Pano Multiusos Amarelo,SCOTCH BRITE,Emb. 2 UNID.,"2,54€","1,27€ / UNID.",
"AGUA FASTIO,,2.5L",FASTIO,,"1,19€",/ Unid.,
Esfregão Vegetal,,Emb. 2 UNID.,"0,99€","0,50€ / UNID.",
Chá Verde Pure,LIPTON,Emb. 20 SAQS,"1,39€","0,07€ / SAQS",
Tablete de Chocolate Branco com Avelãs Inteiras,TABLETTE D'OR,Emb. 0.2 KG,"2,19€","10,95€ / KG",
Derma SPA Goodness Body Cream,DOVE,Emb. 0.3 LT,"4,99€","16,63€ / LT",
BOLACHAS C/ RECHEIO CHOCOLATE LEITE BREAK,P'TIT DÉLI,Emb. 0.135 KG,"1,59€","11,78€ / KG",
ESTENDAL VARANDA 7M,HOMESIDE,Emb. 1 UNID.,"7,99€","7,99€ / UNID.",
Chá de Tília,LIPTON,Emb. 10 SAQ.,"0,69€","0,07€ / SAQ.",
Alimento Seco Cão Vitafit Balance Frango e Legumes,PURINA FRISKIES,Emb. 4 KG,"12,28€","3,07€ / KG",
Queijo Curado Apimentado,,1 Unid. = 1 KG (aprox.),"8,99€/kg","8,99€ / Unid.",
Tomate Mini Alongado,,Emb. 0.25 KG,"1,09€","4,36€ / KG",
Madalenas em Concha com Ovos,P'TIT DÉLI,Emb. 1 KG,"3,89€","3,89€ / KG",
Cereais Chocomax,NACIONAL,Emb. 0.3 KG,"1,69€","5,63€ / KG",
Bolachas Recheadas C/ Frutos do Bosque,MC VITIE'S,Emb. 0.218 KG,"2,29€","10,50€ / KG",
Azeitona Mista,,1 Unid. = 0.1 KG (aprox.),"3,49€/kg","0,35€ / Unid.",
Bolachas Amanteigadas Palet breton 2x125g,P'TIT DÉLI,Emb. 0.25 KG,"1,99€","7,96€ / KG",
Mortadela de Peru,CAMPOFRIO,1 Unid. = 0.11 KG (aprox.),"6,99€/kg","0,77€ / Unid.",
Leite Fresco Magro,VIGOR,Emb. 1 LT,"0,50€","0,50€ / LT",
Empadão de Pato,NOS RÉGIONS ONT DU TALENT,Emb. 0.3 UNID.,"2,99€","9,97€ / UNID.",
Johnson's Baby Gel de Banho Suave,JOHNSON'S BABY,Emb. 0.75 LT,"3,89€","5,19€ / LT",
DESODORIZANTE SPRAY INVISIBLE MEN 100ML COMPACT,CARRÉ HOMME,Emb. 0.1 LT,"1,19€","11,90€ / LT",
FORMA PUDIM CANELADA 18 CM.,ECO+,Emb. 1 UNID.,"5,99€","5,99€ / UNID.",
Sobremesa Tiramisu 4x80g,DÉLISSE,Emb. 0.32 KG,"2,49€","7,78€ / KG",
Cápsula Lavazza Espresso Maestro Dek Para Máquinas De Café Nespresso,LAVAZZA,Emb. 0.055 KG,"2,99€","54,36€ / KG",
Café Capsulas Decaf Intensidade 2,PLANTATION,Emb. 10 CAPS.,"1,79€","0,18€ / CAPS.",
Ambientador 5 em 1 Relax Zen,BRISE,Emb. 0.3 LT,"1,54€","5,13€ / LT",
PAPEL VEGETAL EM FOLHAS 30UN,ELEMBAL,Emb. 30 UNID.,"1,25€","0,04€ / UNID.",
Licor Anis Escarchado,BORLIDO,Garrafa 1 LT,"8,49€","8,49€ / LT",
Café Cápsulas Fortissimo Intensidade 10,PLANTATION,Emb. 10 CAPS.,"1,49€","0,15€ / CAPS.",
Alimento Seco para Cão Carne de Vaca e Cenoura,TOUS MES AMIS,Emb. 1 KG,"3,59€","3,59€ / KG",
Vinho Tinto,COMP DO VINHO,Emb. 1 LT,"0,85€","0,85€ / LT",
DETERGENTE MANUAL LOICA CONCENTRADO LIMA E UVA BRANCA,VISIOR,Emb. 0.5 LT,"1,29€","2,58€ / LT",
Queijo Fundido,VACA QUE RI,Emb. 0.15 KG,"1,74€","11,60€ / KG",
Vinho Branco,COMP DO VINHO,Bag in Box 5 LT,"4,69€","0,94€ / LT",
TRINCA DE ARROZ,LYDOG,Emb. 5 KG,"3,33€","0,67€ / KG",
SACO ARRUMACAO MALEAVEL,SILLAGE,Emb. 1 UNID.,"2,49€","2,49€ / UNID.",
LEITE CÔCO LIGHT,JERÓNIMOS,Emb. 0.4 LT,"2,06€","5,15€ / LT",
Bolachas Chips de Chocolate Minis,CHIPS AHOY,Emb. 0.16 KG,"1,91€","11,94€ / KG",
"CARREGADOR USB 2,4A + CABO USB/ COMPATIVEL LIGHTNING 1,2M BRANCO",LINKSTER,Emb. 1 UNID.,"16,49€","16,49€ / UNID.",
Queijo Curado Mistura Serra da Vila,SALOIO,1 Unid. = 0.19 KG (aprox.),"12,99€/kg","2,47€ / Unid.",
Couve Lombarda,,1 Unid. = 1.2 KG (aprox.),"1,09€/kg","1,31€ / Unid.",
Hambúrguer de Atum 2x75 g,BOM PETISCO,Emb. 0.15 KG,"2,74€","18,27€ / KG",
Waffers de Caramelo -40% Açúcares,VIEIRA,Emb. 0.125 KG,"1,14€","9,12€ / KG",
Rolo Cozinha Compacto,MARQUE REPERE,Emb. 2 UNID.,"1,49€","0,75€ / UNID.",
Loção Essencial Healing,VASELINE,Emb. 0.2 LT,"2,14€","10,70€ / LT",
Pimentão Doce Colorau,MARGÃO,Emb. 0.04 KG,"1,39€","34,75€ / KG",
Pantene Repara & Protege Champô 3 Em 1,,Emb. 0.3 LT,"4,99€","16,63€ / LT",
Molho de Alho com Ervas,HEINZ,Emb. 0.22 LT,"2,29€","10,41€ / LT",
Vinho Branco Frisante,CASTIÇO,Garrafa 0.75 LT,"2,89€","3,85€ / LT",
Ração seca para gato c/ Salmão,ULTIMA,Emb. 0.75 KG,"5,39€","7,19€ / KG",
Massa Letras Clássica,NACIONAL,Emb. 0.25 KG,"0,75€","3,00€ / KG",
Caderno Capa Preta Quadriculado A4 60p,ESQUISSE,Emb. 1 UNID.,"0,85€","0,85€ / UNID.",
MASCARA EXTRA COLOR 300ML,VITANOVE,Emb. 0.3 LT,"2,39€","7,97€ / LT",
Caldo Natura de Carne Pack 4,KNORR,Emb. 0.112 KG,"1,49€","13,30€ / KG",
Cápsulas Café Espresso Intenso Intensidade 7,DOLCE GUSTO,Emb. 30 CAPS.,"10,39€","0,35€ / CAPS.",
Vinho Regional Península de Setúbal Tinto,ADEGA DE PEGÕES,Garrafa 0.75 LT,"1,59€","2,12€ / LT",
Desodorizante Zero% - Spray Invisível,SANEX,Emb. 0.15 LT,"2,69€","17,93€ / LT",
Ovos Solo M,SNR,Emb. 12 UNID.,"2,29€","0,19€ / UNID.",
Miolo de Amendoim C/ Mel e Sal,MARQUE REPERE,Emb. 0.25 KG,"1,69€","6,76€ / KG",
Fondue de Novilho,,1 Unid. = 0.46 KG  (aprox.),"8,99€/kg","4,14€ / Unid.",
Salsa Fresca,,1 Unid. = 0.05 KG  (aprox.),"0,79€/kg","0,89€ / Unid.",
Bacalhau Graúdo Islândia Asa Preta,,1 Unid. = 2.5 KG (aprox.),"15,99€/kg","39,98€ / Unid.",
Conjunto de 8 Chaves Mistas,FOXTER,Emb. 8 UNID.,"13,99€","1,75€ / UNID.",
Alimento Seco P/ Cão Mini Menu Frango,PURINA FRISKIES,Emb. 1.5 KG,"4,84€","3,23€ / KG",
Alho Francês,,1 Unid. = 0.43 KG (aprox.),"1,99€/kg","0,86€ / Unid.",
Vinho Regional Bairrada Tinto,MARQUES DE MARIALVA,Garrafa 0.75 LT,"21,94€","29,25€ / LT",
Café pur Arabica Amérique Latine em Grão Biológico,,Emb. 0.25 KG,"3,49€","13,96€ / KG",
Aquafresh Branco Intenso 2x75ml,AQUAFRESH,,"3,49€",/ Unid.,
SABONETE LIQUIDO ALPERCE/ALOE VERA BIO,BIONAÏA,Emb. 0.3 LT,"1,85€","6,17€ / LT",
POSTAS DE BACALHAU ULTRACONGELADAS,ECO+,Emb. 0.8 KG,"5,99€","7,49€ / KG",
Elixir Anti-Cáries,LISTERINE,Emb. 0.5 LT,"6,48€","12,96€ / LT",
TAPETE RETANGULAR 90CM,P'TIT AMI,Emb. 1 UNID.,"9,97€","9,97€ / UNID.",
BACALHAU COM NATAS,CÔTÉ TABLE,Emb. 0.25 KG,"2,99€","11,96€ / KG",
Maionese Formato XXL,CALVÉ,Emb. 0.753 KG,"4,50€","5,98€ / KG",
Pacotinho Fruta Hero Baby 3 Frutos 100 G,HERO BABY,Emb. 0.1 KG,"0,88€","8,80€ / KG",
Biscoitos Recheados com Bovino,LYDOG,Emb. 0.5 KG,"1,75€","3,50€ / KG",
Escova Dentes Leite,AQUAFRESH,Emb. 1 UNID.,"2,29€","2,29€ / UNID.",
Desodorizante Bodyspray Gold Temptation,AXE,Emb. 0.15 LT,"3,29€","21,93€ / LT",
Champô para Homem Anticaspa Cool Sport Mentol,LINIC,Emb. 0.225 LT,"3,34€","14,84€ / LT",
Gelatina Light de Mirtilo 2x15g,CONDI,Emb. 0.03 KG,"1,84€","61,33€ / KG",
Aroma de Amêndoa Líquido,CONDI,Emb. 0.025 KG,"1,12€","44,80€ / KG",
ARROZ AGU.VAPORIZADO CIGALA 1KG,CIGALA,Emb. 1 KG,"1,27€","1,27€ / KG",
Conserva De Feijão Vermelho em Conserva 425g,NOTRE JARDIN,Lata 0.425 KG,"0,75€","1,76€ / KG",
RANCHO,CÔTÉ TABLE,Emb. 0.25 KG,"2,99€","11,96€ / KG",
Alimento Húmido Gato Completo 6x410g,LYCAT,Emb. 6 UNID.,"4,25€","0,71€ / UNID.",
VASSOURA INTERIOR VINIL,SILLAGE,Emb. 1 UNID.,"1,80€","1,80€ / UNID.",
Chá Verde com Gengibre Immune Support,LIPTON,Emb. 0.032 KG,"1,94€","60,63€ / KG",
Iogurte Bifidus Cremoso Frutos Silvestres 0% 4 Unid.,DANONE,Emb. 0.48 KG,"1,99€","4,15€ / KG",
PLACA ELETRICA 1 DISCO,ECO+,Emb. 1 UNID.,"16,90€","16,90€ / UNID.",
Sortido de Gomas Sabor a Alcaçuz e Pasta de Açúcar,COPAÍNS COPINES,Emb. 0.3 KG,"1,37€","4,57€ / KG",
TARTE FRUTOS SECOS,P'TIT DÉLI,Emb. 0.3 KG,"2,99€","9,97€ / KG",
Pescada Branca,,1 Unid. = 1 KG (aprox.),"7,49€/kg","7,49€ / Unid.",
Tomates Inteiros Pelados,ECO+,Lata 0.8 KG,"1,32€","1,65€ / KG",
YOFU SOJA NATURAL 4X125G,ALPRO SOYA,Emb. 0.5 KG,"2,89€","5,78€ / KG",
Tenaz Carpinteiro 200Mm,FOXTER,Emb. 1 UNID.,"3,99€","3,99€ / UNID.",
Cola Multi-Usos S/ Solvente,FOXTER,Emb. 0.055 LT,"2,69€","48,91€ / LT",
Fatias Fiambre da Perna Extra,NOBRE,Emb. 0.12 KG,"2,64€","22,00€ / KG",
Sumo 100% Laranja Biológico 6 Unid.,,Emb. 0.12 LT,"2,69€","22,42€ / LT",
Ervilhas Extra Finas,NOTRE JARDIN,Emb. 0.4 KG,"1,19€","2,98€ / KG",
Tomate Pelado,GULOSO,Emb. 0.39 KG,"0,99€","2,54€ / KG",
Sabonete Sólido Flores Brancas 4 Unid.,MANAVA,Emb. 0.4 KG,"2,05€","5,13€ / KG",
Brandy,CONSTANTINO,Garrafa 0.7 LT,"9,39€","13,41€ / LT",
Desodorizante Clean Fresh Scent Stick,REXONA,Emb. 0.045 LT,"4,79€","106,44€ / LT",
Chicharro,,1 Unid. = 0.465 KG (aprox.),"3,99€/kg","1,86€ / Unid.",
Sumo 100% Laranja C/ Polpa,JAFADEN,Emb. 1 LT,"1,49€","1,49€ / LT",
Flor Duche Azul,SILLAGE,Emb. 1 UNID.,"1,17€","1,17€ / UNID.",
Bacalhau Graúdo Noruega Asa Preta,,1 Unid. = 2.5 KG,"11,89€/kg","29,73€ / Unid.",
Doce de Pêssego Baixo Teor de Açúcar,DOUCEUR DU VERGER,Frasco 0.34 KG,"1,25€","3,68€ / KG",
COGUMELO FERBAR LAMINADO 185G,FERBAR,Emb. 0.185,"0,74€","4,00€ /",
Deo Roll On Hidra Essencial 0% Álcool,VASELINE,Emb. 0.05 LT,"2,09€","41,80€ / LT",
Iogurte Liquido Lindahls Caramelo + Proteina,LINDAHLS,Emb. 0.33 LT,"1,89€","5,73€ / LT",
Alimento P/ Cão Adulto Pequeno Carne de Vaca C/ Arroz,PURINA,Emb. 0.8 KG,"5,49€","6,86€ / KG",
Conserva de Feijão Branco Cozido,NOTRE JARDIN,Frasco 0.57 KG,"0,69€","1,21€ / KG",
LUVA AUTO MICROFIBRA ANTI-MOSQUITOS,TECH9,Emb. 1 UNID.,"1,99€","1,99€ / UNID.",
FOLHADOS COM QUEIJO DE CABRA 4UN,CÔTÉ TABLE,Emb. 0.4 KG,"3,65€","9,13€ / KG",
Espumante Reserva Meio Seco,RAPOSEIRA,Garrafa 0.75 LT,"8,05€","10,73€ / LT",
Papa Infantil Bolacha Maria,CERELAC,Emb. 0.4 KG,"1,84€","4,60€ / KG",
CREME HIDRATANTE OLEO AMENDOA DOCE,INELL,Emb. 0.2 LT,"2,29€","11,45€ / LT",
CLIPES COLORIDOS,ESQUISSE,Emb. 100 UNID.,"0,99€","0,01€ / UNID.",
Creme Vegetal Óleo Girassol 60% MG S/ Sal,NAT&VIE,Emb. 0.5 KG,"1,99€","3,98€ / KG",
PURE MACA/MANGA SEM ADICAO ACUCAR,DOUCEUR DU VERGER,Emb. 0.4 KG,"1,39€","3,48€ / KG",
Sortido de Biscoitos Finos,EQUADOR,Emb. 0.2 KG,"1,99€","9,95€ / KG",
Iogurte Líquido Morango/Framboesa,DANONE,Emb. 0.3 KG,"1,89€","6,30€ / KG",
BB CREAM 5EM1 CLARO 50ML,INELL,Emb. 0.05 LT,"3,49€","69,80€ / LT",
Cogumelo Pleurotus,,1 Unid. = 0.2 KG  (aprox.),"1,99€/kg","2,09€ / Unid.",
Papel Higiénico 3 Folhas Acolchoado,SCOTTEX,Emb. 9 ROLOS,"5,99€","0,67€ / ROLOS",
IOG.BRAS.C/POL.FRU.DELISSE.X16,DÉLISSE,Emb. 2 KG,"3,39€","1,70€ / KG",
Limpa Máquinas Roupa,SKIP,Emb. 0.36 KG,"6,49€","18,03€ / KG",
Conserva de Grão de Bico Cozido,NOTRE JARDIN,Lata 0.85 KG,"0,99€","1,16€ / KG",
Alperce,,1 Unid. = 0.115 KG (aprox.),"1,36€/kg","0,16€ / Unid.",
IOGURTE BATIDO MORANGO BIO,,,"1,35€",/ Unid.,
GRANOLA CHOCOLATE PRETO E AMENDOAS,GRAINEA,Emb. 0.35 KG,"2,99€","8,54€ / KG",
Kinder Bueno White,KINDER,Emb. 0.043 KG,"1,05€","24,42€ / KG",
MINI CANETA CORRETORA 3UN,ESQUISSE,Emb. 3 UNID.,"2,59€","0,86€ / UNID.",
Lichias em Calda,DOUCEUR DU VERGER,Emb. 0.565 KG,"2,39€","4,23€ / KG",
Bifanas de Porco,,1 Unid. = 0.15 KG (aprox.),"4,89€/kg","0,73€ / Unid.",
MOLHO AGRIDOCE PICANTE,TABLES DU MONDE,Emb. 0.3 KG,"1,85€","6,17€ / KG",
Amendoins Torrados com Sal,TOKAPI,Emb. 0.5 KG,"1,95€","3,90€ / KG",
Vinho do Porto Lágrima,RAMOS PINTO,Emb. 0.75 LT,"9,78€","13,04€ / LT",
Vitelão para Cozer,,1 Unid. = 0.85 KG (aprox.),"7,98€/kg","6,78€ / Unid.",
Iogurte Líquido Morango 4x155g,DANONE,Emb. 0.62 KG,"1,39€","2,24€ / KG",
Vinho Regional Dão Tinto,QUINTA DOS CARVALHAIS,Garrafa 0.75 LT,"7,08€","9,44€ / LT",
MINI RATO WIRELESS PRETO,LINKSTER,Emb. 1 UNID.,"10,49€","10,49€ / UNID.",
Camarão Selvagem Argentina Cal. 20/30 Congelado,,1 Unid. = 0.1 KG (aprox.),"9,99€/kg","11,99€ / Unid.",
Barras Hero De Cereais Muesli Avelã 6x25g,HERO,Emb. 0.15 KG,"1,79€","11,93€ / KG",
Alimento Húmido P/ Gato Gold Mousse C/ Frango,GOURMET,Emb. 0.085 KG,"0,72€","8,47€ / KG",
Bolos com Recheio de Morango Isento de Glúten,CHAQUE JOUR SANS GLUTEN,Emb. 0.21 KG,"3,05€","14,52€ / KG",
Aditivo Líquido Protege Cores e Delicados,SKIP,Emb. 3 LT,"5,04€","1,68€ / LT",
Dourada Cal. 300/400,,1 Unid. = 0.35 KG (aprox.),"7,99€/kg","2,80€ / Unid.",
Salsichão Fatiado,EL POZO,Emb. 0.08 KG,"1,94€","24,25€ / KG",
QUEIJO EDAM LIGHT FATIADO,QUEIJO NA TÁBUA,Emb. 0.15 KG,"1,69€","11,27€ / KG",
Café Original Moído,BUONDI,Emb. 0.22 KG,"3,59€","16,32€ / KG",
Detergente Máquina Loiça Pastilhas Clássicas,VISIOR,Emb. 40 UNID.,"2,49€","0,06€ / UNID.",
Sortido de 9 Folhas De Lixa,FOXTER,Emb. 9 UNID.,"1,49€","0,17€ / UNID.",
Rebuçados sem Açúcar Sabor Mel e Limão 4x32g,HALLS,Emb. 0.128 KG,"2,89€","22,58€ / KG",
Costeletão de Vitelão,,1 Unid. = 0.35 KG (aprox.),"4,99€/kg","1,75€ / Unid.",
Corn Flakes Biológicos,,Emb. 0.375 KG,"1,19€","3,17€ / KG",
FEIJAO VERMELHO SACO,NOTRE JARDIN,Emb. 1 KG,"1,89€","1,89€ / KG",
Tablete Chocolate Leite Receita Original,LINDT,Emb. 0.125 KG,"2,39€","19,12€ / KG",
Bebida em Pó Sabor Tropical,TANG,Emb. 0.03 KG,"0,73€","24,33€ / KG",
Chá Menta,LIPTON,Emb. 20 SAQ.,"1,20€","0,06€ / SAQ.",
LIXIVIA TRADICIONAL,CLAIR,Emb. 2 LT,"0,89€","0,45€ / LT",
Tâmara Seca S/ Caroço,MARQUE REPERE,Emb. 0.2 KG,"1,29€","6,45€ / KG",
LIMPA LAREIRA/BARBECUE,SILEX,Emb. 0.75 LT,"2,99€","3,99€ / LT",
Vinho Regional Douro Branco,PORCA DE MURÇA,Garrafa 0.75 LT,"4,69€","6,25€ / LT",
Rebuçados de Caramelo de Fruta,CONFISÉO,Emb. 0.36 KG,"1,39€","3,86€ / KG",
Pizza Fiambre e Queijo Ultracongelado,TURINI,Emb. 0.4 KG,"1,99€","4,98€ / KG",
Tablete Chocolate Preto Extrafino 74% Cacau Biológico,,Emb. 0.1 KG,"1,59€","15,90€ / KG",
Massa de Alho,RUSTICA,Frasco 0.2 KG,"0,89€","4,45€ / KG",
Iogurte Líquido Morango Banana 4 Unid.,YOGGI,Emb. 0.64 KG,"2,09€","3,27€ / KG",
Cereais Muesli Cereais Frutos Secos Biológicos,,Emb. 0.375 KG,"2,89€","7,71€ / KG",
"Croquetes Vaca, Legumes e Figado",LYCAT,Emb. 2 KG,"3,99€","2,00€ / KG",
Deo Roll-On Active Protection E Invisible,REXONA,Emb. 0.05 LT,"2,69€","53,80€ / LT",
Sumo de Manga,UM BONGO,Emb. 1 LT,"1,29€","1,29€ / LT",
Forquilha de Jardim,BEAUX JOURS,Emb. 1 UNID.,"6,99€","6,99€ / UNID.",
Café Solúvel Clássico Creme,NESCAFÉ,Frasco 0.1 KG,"3,89€","38,90€ / KG",
SACO ASPIRADOR ROWENTA PWR,ELSAY,Emb. 1 UNID.,"3,49€","3,49€ / UNID.",
Crepes com Cogumelos,CÔTÉ TABLE,Emb. 6 UNID.,"1,69€","0,28€ / UNID.",
Whiskey Bourbon 6 Anos,JOHN DAVON'S,Garrafa 0.75 LT,"12,99€","17,32€ / LT",
Borrego Inteiro,,1 Unid. = 15 KG (aprox.),"12,99€/kg","194,85€ / Unid.",
Conserva de Pickles em Vinagre,RUSTICA,Frasco 0.36 KG,"0,95€","2,64€ / KG",
Salsichas Frankfurt,IZIDORO,Lata 0.25 KG,"1,03€","4,12€ / KG",
BATERIA Nº 16 80/640 80/640 TECH9,TECH9,Emb. 1 UNID.,"99,99€","99,99€ / UNID.",
"CERVEJA HEINEKEN,PACK,24X25CL",HEINEKEN,Emb. 24 UNID.,"12,99€","0,54€ / UNID.",
Cereais de Chocolate,CRUNCH,Emb. 0.375 KG,"2,53€","6,75€ / KG",
PRESUNTO FATIADO 9 MESES CURA,CAMPO FINO,Emb. 0.15 KG,"2,99€","19,93€ / KG",
Canela Pau,MARGÃO,Emb. 0.03 KG,"2,68€","89,33€ / KG",
Chá de Camomila e Erva Príncipe,LIPTON,Emb. 20 SAQS,"1,94€","0,10€ / SAQS",
Nata UHT,GRESSO,Emb. 0.2 LT,"0,78€","3,90€ / LT",
COOKIES COM MEGA PEPITAS CHOCOLATE E AMENDOAS CARAMELIZADAS,P'TIT DÉLI,Emb. 0.184 KG,"1,49€","8,10€ / KG",
PANNA COTTA FRUITS ROUGE 4X90G,DÉLISSE,Emb. 0.36 KG,"1,99€","5,53€ / KG",
Ovos Moles,,Emb. 0.25 KG,"4,89€/kg","1,22€ / Unid.",
GALETES DE MILHO C/ COBERTURA DE CHOCOLATE LEITE BIO,,Emb. 0.1 KG,"1,79€","17,90€ / KG",
Bolachas Digestivas Aveia,VIEIRA,Emb. 0.258 KG,"1,69€","6,55€ / KG",
Ervilhas e Cenouras Muito Finas,NOTRE JARDIN,Emb. 0.4 KG,"1,25€","3,13€ / KG",
VINAGRE CRISTAL SIDRA 0.5L,CRISTAL,Emb. 0.5 LT,"1,03€","2,06€ / LT",
Papel Higiénico 2 Folhas Compact,MARQUE REPERE,Emb. 12 UNID.,"4,69€","0,39€ / UNID.",
Orégãos Folhas,MARGÃO,Emb. 0.01 KG,"1,64€","164,00€ / KG",
Pantene Volume & Brilho Champô 250 ml,,Emb. 0.25 LT,"4,99€","19,96€ / LT",
GUARDANAPOS FOLHA SIMPLES,ECO+,Emb. 200 UNID.,"1,09€","0,01€ / UNID.",
CABIDE MADEIRA C/BARRA 4UN,SILLAGE,Emb. 4 UNID.,"2,90€","0,73€ / UNID.",
Iogurte Magro Déli' light Sabor Baunilha 8x125g,DÉLISSE,Emb. 1 KG,"1,99€","1,99€ / KG",
Conserva de Azeitona Mista,RUSTICA,Emb. 0.3 KG,"1,89€","6,30€ / KG",
RECARGA MICROF.BALDE COM PEDAL,VILEDA,,"7,02€",/ Unid.,
"AZEITONA MISTA RETALH,FRAS,210G",,,"1,33€",/ Unid.,
Cuecas Incontinência Boutique L,AUSONIA,Emb. 8 UNID.,"11,99€","1,50€ / UNID.",
Café Solúvel Seleção Premium Intensidade 6,NESCAFÉ,Frasco 0.1 KG,"5,46€","54,60€ / KG",
Crackers Salgadas de Sementes Biológicas,,Emb. 0.2 KG,"2,99€","14,95€ / KG",
Queijo da Serra da Estrela Dop,QUEIJOS MATIAS,1 Unid. = 0.5 KG (aprox.),"13,99€/kg","7,00€ / Unid.",
Croquetes Coelho e Legumes Verdes,TOUS MES AMIS,Emb. 2 KG,"3,99€","2,00€ / KG",
Chipicao Mini Croissant Pack Creme de Cacau,CHIPICAO,Emb. 0.199 KG,"2,04€","10,25€ / KG",
TRAVESSA INOX 35CM,ECO+,Emb. 1 UNID.,"8,99€","8,99€ / UNID.",
Leite UHT Magro,,Emb. 1 LT,"0,85€","0,85€ / LT",
Manteiga Magra sem Sal,LES CROISÉS,Emb. 0.25 KG,"1,75€","7,00€ / KG",
Capucino Chocolate Base de Leite Magro em Pó,PLANTATION,Emb. 10 SAQ.,"1,99€","0,20€ / SAQ.",
Conserva Cogumelos Laminados,NOTRE JARDIN,Lata 0.355 KG,"1,09€","3,07€ / KG",
Donuts,,1 Unid. = 0.045 KG,"0,50€","11,11€ / KG",
Escova Adesivo Têxteis 36 Unid.,MAMISON,Emb. 36 UNID.,"0,99€","0,03€ / UNID.",
PENSOS INCONTINENCIA,CHORYS,Emb. 24 UNID.,"3,68€","0,15€ / UNID.",
COLA GEL 30ML 2UN,ESQUISSE,Emb. 2 UNID.,"2,69€","1,35€ / UNID.",
Biscoitos Areados e Crocantes de Coco,P'TIT DÉLI,Emb. 0.12 KG,"0,79€","6,58€ / KG",
DENIM DEO SPRAY ORIGINAL,DENIM,Emb. 0.15 LT,"2,39€","15,93€ / LT",
Iogurte Bifidus Líquido Frutos Silvestres 4 Unid.,DANONE,Emb. 0.62 KG,"1,99€","3,21€ / KG",
Alimento Seco P/ Gato Crunchy e Tender Salmão Atum,PURINA FRISKIES,Emb. 1.5 KG,"6,71€","4,47€ / KG",
Café Cápsulas Classic,PLANTATION,Emb. 36 CAPS.,"2,79€","0,08€ / CAPS.",
PALETTE 4.6 CASTANHO MARRON,PALETTE,Emb. 1 UNID.,"4,79€","4,79€ / UNID.",
Alimento Seco P/ Gato Vaca e Frango,PURINA FRISKIES,Emb. 2 KG,"7,67€","3,84€ / KG",
Conserva de Mini Salsichas Cocktail,NOBRE,Lata 0.18 KG,"1,39€","7,72€ / KG",
Massa Espirais Tricolores,MILANEZA,Emb. 0.5 KG,"2,06€","4,12€ / KG",
Bolachas Ricanela +100g,CUÉTARA,Emb. 0.4 KG,"1,99€","4,98€ / KG",
Carvão Vegetal Artesanal,,Emb. 5 KG,"5,49€","1,10€ / KG",
Pudim Flan Caramelo 4x100g,ECO+,Emb. 0.4 KG,"0,74€","1,85€ / KG",
Queijo Curado Três Igrejas Mistura 2 Meses,SALOIO,1 Unid. = 0.25 KG (aprox.),"12,99€/kg","3,25€ / Unid.",
Red Fish Médio Congelado,,1 Unid. = 0.3 KG (aprox.),"3,99€/kg","1,20€ / Unid.",
Conjunto de 6 Chaves,FOXTER,Emb. 6 UNID.,"10,99€","1,83€ / UNID.",
Desmaquilhante de Olhos Dupla Acção,NIVEA,Emb. 0.125 UNID.,"4,99€","39,92€ / UNID.",
Iogurte Natural,MIMOSA,Emb. 0.48 KG,"1,39€","2,90€ / KG",
Pantene Perfect Volume Laca 300ml,PANTENE PV,Spray 0.3 LT,"3,74€","12,47€ / LT",
Parte Dianteira de Borrego,,1 Unid. = 3 KG (aprox.),"12,99€/kg","38,97€ / Unid.",
Hamburguer Ultracongelado 100% de Vaca Ultracongelado,CHANTEGRIL,Emb. 1 KG,"10,29€","10,29€ / KG",
Azeite,3 CASTELOS,Garrafa 1 LT,"5,14€","5,14€ / LT",
Vinho Regional Alentejano Tinto,SOVIBOR,Garrafa 0.75 LT,"2,94€","3,92€ / LT",
DETERGENTE EM PO FRESCURA P/ROUPA 10D,EPSIL,,"1,59€",/ Unid.,
Sonhos com Canela,,1 Unid. = 0.06 KG,"9,99€","166,50€ / KG",
Chá de Frutos Silvestres,LIPTON,Emb. 20 SAQ.,"1,74€","0,09€ / SAQ.",
Elixir Frescura Duradoura,ORAL B,Emb. 0.5 LT,"4,19€","8,38€ / LT",
KIT Escova De Dentes+Dentífrico+Copo 2-6 Anos Verde,PETIT DENTAMYL,Emb.1 1 UNID.,"2,99€","2,99€ / UNID.",
Body Milk para Duche Nutritivo Pele Seca,NIVEA,Emb. 0.25 LT,"5,49€","21,96€ / LT",
Pão Cachorro 330g,EPI D'OR,Emb. 6 UNID.,"0,99€","0,17€ / UNID.",
Vinho Regional Dão Tinto,CASA DE SANTAR,Garrafa 0.75 LT,"7,39€","9,85€ / LT",
Tira Gorduras Misto,MISTOLIN,Emb. 0.545 LT,"2,77€","5,08€ / LT",
Palmiers Folhados,P'TIT DÉLI,Emb. 0.23 KG,"1,49€","6,48€ / KG",
Amaciador de Roupa Azul,COMFORT,Emb. 4 LT,"4,49€","1,12€ / LT",
ERVILHAS CONGELADAS,ECO+,Emb. 1 KG,"1,33€","1,33€ / KG",
Loção Corporal Summer Revive Fair,DOVE,Emb. 0.2 LT,"3,99€","19,95€ / LT",
PENSOS DIARIOS U. FINOS 30UN,DOULYS,,"0,89€",/ Unid.,
Tablete Chocolate Culinária,NESTLÉ,Emb. 0.2 KG,"1,39€","6,95€ / KG",
CREME DE VINAGRE,RUSTICA,Emb. 0.025 CL,"1,59€","63,60€ / CL",
Tablete de Chocolate de Leite Biológica,,Emb. 0.1 KG,"1,49€","14,90€ / KG",
Pensos Higiénicos Noite Alas,EVAX,Emb. 9,"2,99€","0,33€ /",
Cápsulas Café Ristretto Barista Intensidade 9,DOLCE GUSTO,Emb. 16 CAPS.,"4,79€","0,30€ / CAPS.",
Fraldas de Incontinência Plus Tam. M,LINDOR,Emb. 14 UNID.,"12,89€","0,92€ / UNID.",
Vinho Branco de Mesa,CASAL DA EIRA,Emb. 0.25 LT,"0,66€","2,64€ / LT",
Massa Talharim,MILANEZA,Emb. 0.5 KG,"1,75€","3,50€ / KG",
Vinho Regional Douro Tinto Reserva,ADEGA DE VILA REAL,Garrafa 0.75 LT,"3,16€","4,21€ / LT",
Esparguete,ECO+,Emb. 0.5 KG,"0,79€","1,58€ / KG",
Ervilhas e Cenouras Extra Finas,NOTRE JARDIN,Emb. 0.8 KG,"2,15€","2,69€ / KG",
Bacalhau Especial Islândia,,1 Unid. = 3.5 KG (aprox.),"12,99€/kg","45,47€ / Unid.",
Maionese Top Down,CALVÉ,Emb. 0.238 KG,"3,19€","13,40€ / KG",
Sidra com Álcool de Maça 15x20cl,SOMERSBY,Emb. 3 LT,"9,94€","3,31€ / LT",
QUEIJO FLAMENGO FATIADO,QUEIJO NA TÁBUA,Emb. 0.5 KG,"3,79€","7,58€ / KG",
Ração P/ Gato Esterlizado C/ Salmão,ULTIMA,Emb. 0.8 KG,"7,44€","9,30€ / KG",
AUSONIA ORG COTTON NORMAL ABAS,AUSONIA,Emb. 12 UNID.,"2,54€","0,21€ / UNID.",
Alimento Seco P/ Gato Bola Pelo/Esteril,PURINA ONE,Emb. 0.8 KG,"6,89€","8,61€ / KG",
Refrigerante C/ Gás S/ Cafeína Pack 6,COCA COLA,Emb. 1.98 LT,"4,30€","2,17€ / LT",
Chocolate Nestlé,AFTER EIGHT,Emb. 0.2 KG,"2,34€","11,70€ / KG",
Alimento P/ Gato C/ Espirulina de Frango,PURINA,Emb. 1.4 KG,"6,42€","4,59€ / KG",
LUVAS ROSEIRAS XXL CINZA,BEAUX JOURS,Emb. 1 UNID.,"1,89€","1,89€ / UNID.",
Pensos Higiénicos Diários Maxi Aloe,CAREFREE,Emb. 48 UNID.,"4,78€","0,10€ / UNID.",
Pensos Higiénicos Maxi/Super Sem Alas Fina e Segura,EVAX,Emb. 13 UNID.,"1,99€","0,15€ / UNID.",
"ATUM FILETE AZEITE BIO, 120G",TENÓRIO,Emb. 0.12 KG,"2,29€","19,08€ / KG",
Queijo de Vaca Meio Gordo D.Pedro,D. PEDRO,1 Unid. = 1.5 KG (aprox.),"12,49€/kg","18,74€ / Unid.",
Gelado Coco Manga Maracujá,ESKISS,Emb. 0.9 LT,"2,65€","2,94€ / LT",
Tónico Fresco Alisa e Descansa Age Perfect,DERMO EXPERTISE,Emb. 0.2 LT,"6,79€","33,95€ / LT",
Pastéis de Bacalhau,,Emb. 12 KG,"1,99€","0,17€ / KG",
RACLETTE REDONDA 8P,ELSAY,Emb. 1 UNID.,"39,90€","39,90€ / UNID.",
Vinho Tinto do Douro Reserva,CADÃO,Emb. 0.75 LT,"5,84€","7,79€ / LT",
MOPA + RECARGA MICROFIBRAS,SILLAGE,Emb. 1 UNID.,"6,30€","6,30€ / UNID.",
BATERIA Nº 10 50/450 50/450 TECH9,TECH9,Emb. 1 UNID.,"56,99€","56,99€ / UNID.",
Toalhitas Peles Sensiveis,CHICCO,Emb. 72 UNID.,"1,49€","0,02€ / UNID.",
BB CREAM 5EM1 MEDIO 50ML,INELL,Emb. 0.05,"3,49€","69,80€ /",
Tostas Crocantes Integral 30 Fatias,BIMBO,Emb. 0.27 KG,"1,54€","5,70€ / KG",
FILETE ATUM EM ESCABECHE 120 GR,TENÓRIO,Emb. 0.12 KG,"2,29€","19,08€ / KG",
Lula Inteira Congelada,,1 Unid. = 0.25 KG (aprox.),"4,99€/kg","4,99€ / Unid.",
Vinho Bio Tinto Douro,ALTANO,Emb. 0.75 LT,"7,89€","10,52€ / LT",
Salsicha Branca com Porto 3x125g,TRADILÈGE,Emb. 0.375 KG,"3,35€","8,93€ / KG",
Alimento Seco P/ Cão Mini Menu Vaca,PURINA FRISKIES,Emb. 1.5 KG,"4,49€","2,99€ / KG",
Vinho Verde Branco Salvé,SALVE,Garrafa 0.75 LT,"1,79€","2,39€ / LT",
Johnson's Baby Óleo de Aloe Vera,JOHNSON'S BABY,Emb. 0.5 LT,"5,59€","11,18€ / LT",
Vinho Tinto de Mesa BIB,COMP DO VINHO,Bag in box 10 LT,"10,99€","1,10€ / LT",
Melância Riscada,,1 Unid. = 4.2 KG (aprox.),,,
PREPARADO PARA PANQUECAS CONDI 400G,CONDI,Emb. 0.4 KG,"1,99€","4,98€ / KG",
PENSOS DIARIOS U.FINOS ALOE VERA POCKET 30UN,DOULYS,Emb. 30 UNID.,"1,25€","0,04€ / UNID.",
Bolachas Plain Frutos Silvestres,BELVITA,Emb. 0.3 KG,"2,39€","7,97€ / KG",
Lápis para Colorir,ESQUISSE,Emb. 12 UNID.,"1,79€","0,15€ / UNID.",
Lombo de Porco Embalado,,1 Unid. = 1.8 KG (aprox.),"5,89€/kg","10,60€ / Unid.",
NATAS FRESCAS ESPESSAS LIGHT,DÉLISSE,Emb. 0.5 LT,"1,79€","3,58€ / LT",
Batata Vermelha Assar,,Emb. 1 KG,"1,34€","1,34€ / KG",
Garoupa Legítima Cal. 3/5,,1 Unid. = 3.9 KG (aprox.),"9,99€/kg","38,96€ / Unid.",
RODELAS DE PESCADA,ECO+,Emb. 0.8 KG,"5,80€","7,25€ / KG",
Gelatina Light Tropical,ROYAL,Emb. 0.031 KG,"1,99€","64,19€ / KG",
Café Colombia P/ Nespresso Intensidade 7,STARBUCKS,Emb. 10 DOSES,"4,45€","0,45€ / DOSES",
Conserva de Grão de Bico,NOTRE JARDIN,Frasco 0.57 KG,"0,69€","1,21€ / KG",
Conserva Grão Cozido com pouco Sal,FERBAR,Lata 0.42 KG,"0,95€","2,26€ / KG",
Drageia Mastigável de Mentos Rainbow,MENTOS,Emb. 0.12 KG,"1,94€","16,17€ / KG",
Bolachas Digestive Avenacol,CUÉTARA,Emb. 0.3 KG,"2,89€","9,63€ / KG",
Alimento Seco Gato Completo Salmão Legumes,LYCAT,Emb. 0.4 KG,"0,99€","2,48€ / KG",
Pêra Nashi Cal. 45+,,1 Unid. = 0.2 KG (aprox.),"3,99€/kg","0,80€ / Unid.",
IOGURTE CREMOSO MORANGO E FRAMBOESA,NAT&VIE,Emb. 4 UNID.,"2,09€","0,52€ / UNID.",
Amoras,,Emb. 0.125 KG,"2,49€","19,92€ / KG",
VELA NUMERO FUN 2,ARDENCE,Emb. 1 UNID.,"0,90€","0,90€ / UNID.",
Bebida de Aveia sem Açúcar,ALPRO SOYA,Emb. 1 LT,"2,39€","2,39€ / LT",
Carapau Médio Congelado,,1 Unid. = 0.15 KG (aprox.),"0,69€/kg","0,69€ / Unid.",
Alimento Húmido Gato Carne de Vaca,TOUS MES AMIS,Emb. 0.1 KG,"0,55€","5,50€ / KG",
Sumo Laranja S/ Adição Açúcar 6 Unid.,JAFADEN,Emb. 1.2 ML,"1,49€","1,24€ / ML",
Açúcar Branco Cubos,TÉVA,Emb. 1 KG,"1,49€","1,49€ / KG",
Massa Instantânea de Galinha Pot,KOALA,Emb. 0.065 KG,"1,20€","18,46€ / KG",
Alimento Completo Cereais P/ Canários,TOUS MES AMIS,Emb. 1 KG,"3,29€","3,29€ / KG",
Chiclets de Peppermint 12 Unid.,CHICLETS,Emb. 0.017 KG,"0,94€","55,29€ / KG",
Johnson's Baby Champô Penteia Fácil,JOHNSON'S BABY,Emb. 0.5 LT,"5,59€","11,18€ / LT",
Dentífrico Cuidados Completos 8 em 1,DENTAMYL,Emb. 0.075 LT,"0,95€","12,67€ / LT",
Johnson's Gel de Banho para Bebé Cuidado Completo,JOHNSON'S BABY,Emb. 0.5 LT,"3,89€","7,78€ / LT",
Sabonete Delicado Care 4 unid.,PALMOLIVE,Emb. 0.09 KG,"3,44€","38,22€ / KG",
ELIXIR BOCAL,DENTAMYL,Emb. 0.5 LT,"1,29€","2,58€ / LT",
TORRADEIRA 2 FENDAS 800W,ELSAY,Emb. 1 UNID.,"19,99€","19,99€ / UNID.",
BACALHAU COM ESPINAFRES 350G,CÔTÉ TABLE,Emb. 0.35 KG,"3,19€","9,11€ / KG",
Bolachas com Cobertura Chocolate de Leite,P'TIT DÉLI,Emb. 0.2 KG,"1,29€","6,45€ / KG",
Esfregão Salva Unhas Comfort,SCOTCH BRITE,Emb. 2 UNID.,"2,54€","1,27€ / UNID.",
PREPARADO LACTEO PARA SANDWICH FATIAS,ECO+,Emb. 0.4 KG,"3,09€","7,73€ / KG",
GELATINA PÊSSEGO LIGHT CONDI 2X15G,CONDI,Emb. 0.3 KG,"1,84€","6,13€ / KG",
Sobremesa de Chocolate 6x70g,DÉLISSE,Emb. 0.42 KG,"1,75€","4,17€ / KG",
RECARGA MOPA MICROFIBRAS,SILLAGE,Emb. 1 UNID.,"1,99€","1,99€ / UNID.",
Natas Cremosas Light,MIMOSA,Emb. 0.2 LT,"0,89€","4,45€ / LT",
CARNE DE GALINHA C/ ARROZ E MOLHO DE NATAS,CÔTÉ TABLE,Emb. 0.3 KG,"1,99€","6,63€ / KG",
Molho Samurai,RUSTICA,Emb. 0.252 KG,"1,35€","5,36€ / KG",
VELAS BRANCAS CASTICAL,ECO+,Emb. 10 UNID.,"1,50€","0,15€ / UNID.",
Pá 29Cm,BEAUX JOURS,Emb. 1 UNID.,"12,99€","12,99€ / UNID.",
Espumante de Melão,BAR ROYAL,Garrafa 0.75 LT,"3,29€","4,39€ / LT",
Macarrão Penne Isento de Glúten,CHAQUE JOUR SANS GLUTEN,Emb. 0.4 KG,"1,49€","3,73€ / KG",
Sumo 100% Multifrutos Biológico,,Emb. 1 LT,"2,09€","2,09€ / LT",
FORMAS DE ALUMINIO BAIXO 1L 10UN,ELEMBAL,Emb. 10 UNID.,"2,99€","0,30€ / UNID.",
FEIJÃO PRETO,FERBAR,Emb. 0.5 KG,"1,04€","2,08€ / KG",
MOLAS MADEIRA,HOMESIDE,Emb. 36 UNID.,"2,00€","0,06€ / UNID.",
Mirtilo,,1 Unid. = 0.125 KG  (aprox.),"2,79€/kg","0,35€ / Unid.",
PURE MACA/AMEIXA SEM ADICAO ACUCAR BIO +4M,,Emb. 0.4 KG,"2,09€","5,23€ / KG",
CAÇAROLA FRITADEIRA INOX COM ASA E CESTO INTERIOR 24CM,ECO+,Emb. 1 UNID.,"13,99€","13,99€ / UNID.",
Tablete Chocolate Preto Culinária,TABLETTE D'OR,Emb. 0.2 KG,"1,65€","8,25€ / KG",
Barras Cereias com Pedaços de Morango Biológicas 6 Unid.,,Emb. 0.125 KG,"1,69€","13,52€ / KG",
Maçã Starking Cal. 70/75,,1 Unid. = 0.2 KG (aprox.),"1,70€/kg","0,34€ / Unid.",
Bolacha Integral Integralis,VIEIRA,Emb. 0.18 KG,"1,81€","10,06€ / KG",
DETERGENTE MANUAL LOICA MACA 1L,ECO+,Emb. 1 LT,"0,79€","0,79€ / LT",
12 Caracóis Preparados Ultracongelados,,Emb. 0.089 KG,"2,99€","33,60€ / KG",
"""QUENELLES"" DE SALMAO C/ MOLHO CAMARAO",CÔTÉ TABLE,Emb. 0.4 KG,"1,79€","4,48€ / KG",
BLOCO 5 TOMADAS C/ INTERRUPTOR,ECO+,Emb. 1 UNID.,"4,99€","4,99€ / UNID.",
Ice Tea de Manga,FRESH TEA,Garrafa 1.5 LT,"1,25€","0,83€ / LT",
Pizza de Fiambre Queijo,CAMPOFRIO,Emb. 0.36 KG,"3,32€","9,22€ / KG",
Cereais de Chocolate Biológicos,CHOCAPIC,Emb. 0.33 KG,"2,99€","9,06€ / KG",
Champô Cabelos Pintados,ELVIVE,Emb. 0.25 LT,"3,99€","15,96€ / LT",
Condicionador Nourish & Replenish,TRESEMMÉ,Emb. 0.4 LT,"4,79€","11,98€ / LT",
Chá Verde com Sabor a Hortelã e Lima,LIPTON,Emb. 1 LT,"1,28€","1,28€ / LT",
Ovos Solo XL,SNR,Emb. 24 UNID.,"6,59€","0,27€ / UNID.",
Baked Heinz Beans Com Tomate 415g,HEINZ,Emb. 0.415 KG,"1,79€","4,31€ / KG",
Café Moído Puro Arábica Biológico,,Emb. 0.25 KG,"3,49€","13,96€ / KG",
Vinho Regional Península de Setúbal Tinto,DONA ERMELINDA,Garrafa 0.75 LT,"5,08€","6,77€ / LT",
Champô Nourish & Replenish com Óleo de Coco e Aloe Vera,TRESEMMÉ,Emb. 0.4 LT,"4,79€","11,98€ / LT",
Bolacha Cream Crackers Estilo Inglês,CUÉTARA,Emb. 0.2 KG,"1,24€","6,20€ / KG",
Café Torrado Moído Lote Descafeínado Moagem Universal Intensidade 8,SICAL,Emb. 0.22 KG,"3,24€","14,73€ / KG",
Queijo Ralado 4 Queijos,PRÉSIDENT,Emb. 0.15 KG,"2,55€","17,00€ / KG",
Queijo Vaca+Ovelha metades,ALVELHE,Emb. 0.55 KG,"5,26€","9,56€ / KG",
Ambientador Vela Anti-Tabaco,,Emb. 2 UNID.,"5,69€","2,85€ / UNID.",
SNACK BATATA SALGADA S/ GLUTEN,CHAQUE JOUR SANS GLUTEN,Emb. 0.17 KG,"2,15€","12,65€ / KG",
Panos Multiusos Microfibra,MAMISON,Emb. 2 UNID.,"1,99€","1,00€ / UNID.",
Massa Espirais,MILANEZA,Emb. 0.5 KG,"1,19€","2,38€ / KG",
Fralda Cueca T6 +16Kg,MOTS D'ENFANTS,Emb. 18 UNID.,"4,11€","0,23€ / UNID.",
Tarte Gelada Baunilha,VIENNETTA,Emb. 0.65 LT,"3,83€","5,89€ / LT",
"JARRO ELECTRICO INOX 2000W 1,7L",ELSAY,Emb. 1 UNID.,"19,90€","19,90€ / UNID.",
CARNE PICADA BOVINO BIO,,Emb. 0.4 KG,"5,79€","14,48€ / KG",
Café Solúvel Qualité Filtre,PLANTATION,Frasco 0.2 KG,"3,99€","19,95€ / KG",
AZEITONAS INTEIRAS PRETAS A GREGA,RUSTICA,Emb. 0.25 KG,"1,29€","5,16€ / KG",
Verniz de Unhas 60 Segundos 323,RIMMEL,Emb. 1 UNID.,"5,59€","5,59€ / UNID.",
"BL1 LED SPOT 8,2-50W GU5.3",FOXTER,Emb. 1 UNID.,"4,99€","4,99€ / UNID.",
Bagas de Goji,MARQUE REPERE,Emb. 0.125 KG,"2,49€","19,92€ / KG",
Gel de Duche Nutritivo,DOVE,Emb. 0.75 LT,"4,79€","6,39€ / LT",
Chá de Menta e Eucalipto,LIPTON,Emb. 20 SAQS,"1,94€","0,10€ / SAQS",
Rojões de Porco Embalado,,Emb. 0.76 KG (aprox.),"4,49€","5,91€ / KG",
Pérolas de Perfume para Roupa Spring,LENOR,Emb. 0.21 KG,"7,69€","36,62€ / KG",
QUEIJO FRESCO 20% MG,DÉLISSE,Emb. 1 KG,"1,99€","1,99€ / KG",
Salsichão C/ Avelãs,ST AZAY,Emb. 0.25 KG,"2,99€","11,96€ / KG",
Arroz Carolino,COMPTOÍR DU GRAIN,Emb. 1 KG,"0,93€","0,93€ / KG",
Bebida Energética Regular,X-TENSE,Emb. 0.25 LT,"0,49€","1,96€ / LT",
Papel Higiénico 4 Folhas,RENOVA,Emb. 9 ROLOS,"5,39€","0,60€ / ROLOS",
BOLA FUTEBOL PLASTICO T4,WOODSUN,Emb. 1 UNID.,"3,29€","3,29€ / UNID.",
PIZZA BOLONHESA 3UN,TURINI,Emb. 1.05 KG,"5,50€","5,24€ / KG",
Leite meio gordo sem lactose,GRESSO,Emb. 1 LT,"1,04€","1,04€ / LT",
Óleo de Palma,GUINEA'S,Emb. 0.4 LT,"3,35€","8,38€ / LT",
CAPA CARTÃO C/ELÁSTICO,ESQUISSE,Emb. 1 UNID.,"0,75€","0,75€ / UNID.",
Whisky,JAMESON,Garrafa 0.7 LT,"20,15€","28,79€ / LT",
GELEIA MORANGO 345G,CASA MATEUS,Emb. 0.345 KG,"2,47€","7,16€ / KG",
SUMO 100% UVA BIO,,Emb. 1 LT,"1,59€","1,59€ / LT",
Triguilho Biológico,,Emb. 0.5 KG,"1,49€","2,98€ / KG",
Chá Marrocos Mint & Spices,LIPTON,Emb. 20 SAQ.,"1,94€","0,10€ / SAQ.",
Desodorizante Roll-On Biorythm 48H,REXONA,Emb. 0.05 LT,"2,39€","47,80€ / LT",
Entrecosto de Porco,,1 Unid. = 0.5 KG (aprox.),"5,99€/kg","3,00€ / Unid.",
Pensos Diários Slip Normal,AUSONIA,Emb. 40 UNID.,"1,49€","0,04€ / UNID.",
Sementes de Sésamo,MARQUE REPERE,Emb. 0.2 KG,"1,19€","5,95€ / KG",
FIAMBRE PERNA EXTRA LABEL ROUGE 4 FATIAS,TRADILÈGE,Emb. 0.16 KG,"3,09€","19,31€ / KG",
Escova Borracha Vidros + Suporte,SILLAGE,Emb. 1 UNID.,"2,80€","2,80€ / UNID.",
Pão de Forma Especial Torradas sem Côdea,BIMBO,Emb. 0.75 KG,"1,74€","2,32€ / KG",
Fiambre da Perna Extra Finíssimos,NOBRE,Emb. 0.12 KG,"2,64€","22,00€ / KG",
SOBREMESA STRACCIATTELLA,DÉLISSE,Emb. 0.48 KG,"1,75€","3,65€ / KG",
Pensos Higiénicos Super C/ Abas Eco,UNÍ VERT,Emb. 12 UNID.,"1,45€","0,12€ / UNID.",
Esfregona Suave com Cabo,VILEDA,Emb. 1 UNID.,"7,90€","7,90€ / UNID.",
Molho Agridoce com Legumes Crocantes,RUSTICA,Frasco 0.4 KG,"1,25€","3,13€ / KG",
Recarga Sabonete Líquido Flores Laranjeira,MANAVA,Emb. 0.25 LT,"0,65€","2,60€ / LT",
Ficha Programadora Diária,ECO+,Emb. 1 UNID.,"4,99€","4,99€ / UNID.",
Chá Limão e Gengibre,LIPTON,Emb. 20 SAQ.,"1,94€","0,10€ / SAQ.",
GALETES DE MILHO C/ SEMENTES DE LINHACA BIO,,Emb. 0.15 KG,"1,29€","8,60€ / KG",
Lombinhos de Porco Embalados,,Emb. 0.5 KG (aprox.),"6,99€/kg","3,50€ / Unid.",
Miolo de Amendoim C/ Sal,MARQUE REPERE,Emb. 0.5 KG,"2,99€","5,98€ / KG",
Bolachas de Cacau Recheadas C/ Creme Baunilha,P'TIT DÉLI,Emb. 0.176 KG,"0,99€","5,63€ / KG",
Sardinha Congelada,,1 Unid. = 0.25 KG (aprox.),"6,99€/kg","1,75€ / Unid.",
Destop Turbo Gel,DESTOP,Emb. 1   UNID.,"6,74€","6,74€ /   UNID.",
FILETES DE PESCADA,PÊCHE OCÉAN,Emb. 0.4 KG,"3,49€","8,73€ / KG",
Néctar Light Tropical Cenoura,JAFADEN,Emb. 1 LT,"0,89€","0,89€ / LT",
Néctar Light Manga e Laranja,COMPAL,Emb. 1 LT,"1,62€","1,62€ / LT",
Amaciador Roupa Concentrado Intense Care Sensitive,COMFORT,Emb. 60 DOSES,"3,99€","0,07€ / DOSES",
BEBIDA SOJA BAUNILHA 3x250ML,ALPRO,Emb. 0.75 LT,"1,79€","2,39€ / LT",
Queijo Fundido para Hamburger 10 Fatias,LES CROISÉS,Emb. 0.2 KG,"1,79€","8,95€ / KG",
Café Delta Em Grão Torrado Chávena,DELTA,Emb. 0.25 KG,"2,29€","9,16€ / KG",
MENU COMPLETO PARA HAMSTERS 800G,P'TIT AMI,Emb. 0.8 KG,"1,99€","2,49€ / KG",
Alimento Seco P/ Cão Adulto + de 10 Kg Frango C/ Arroz,PURINA,Emb. 2.5 KG,"13,89€","5,56€ / KG",
Detergente para a Máquina da Loiça de Limão,SUN,Emb. 90 DOSES,"12,34€","0,14€ / DOSES",
Asas de Frango do Campo Embalado,,1 Unid. = 0.8 KG (aprox.),"6,99€/kg","5,59€ / Unid.",
APARADOR MULTIFUNCOES,ELSAY,Emb. 1 UNID.,"16,90€","16,90€ / UNID.",
FIAMBRE PERNA EXTRA C/ COURATO 4 FATIAS,TRADILÈGE,Emb. 0.16 KG,"2,59€","16,19€ / KG",
Conserva de Tomate Triturado,TURINI,Lata 0.78 KG,"0,89€","1,14€ / KG",
Tablete de Chocolate C/ Amendoim,NESTLÉ,Emb. 0.09 KG,"1,09€","12,11€ / KG",
Máquinas de Barbear Descartáveis Blue 3 Smooth,GILLETTE,Emb. 5 UNID.,"5,29€","1,06€ / UNID.",
Corn Flakes Açucarados,,Emb. 0.75 KG,"2,45€","3,27€ / KG",
Cerveja sem Álcool 6x33CL,SUPER BOCK,Emb. 1.98 LT,"4,49€","2,27€ / LT",
Champô Anti-Caspa Eficácia Ativa 2 em 1 para Todos os Tipos de Cabelo,LINIC,Emb. 0.36 LT,"4,94€","13,72€ / LT",
Leite C/ Chocolate UHT 4 Unid.,MIMOSA,Emb. 0.8 LT,"1,48€","1,85€ / LT",
"LASANHA A BOLONHESA COM AZEITE VIRGEM EXTRA (1,7%)",CÔTÉ TABLE,Emb. 0.35 KG,"2,19€","6,26€ / KG",
Detergente Manual Roupa,OMO,Emb. 0.54 KG,"1,99€","3,69€ / KG",
Azeite Virgem Extra Reserva,GALLO,Garrafa 0.75 LT,"4,79€","6,39€ / LT",
Barra de Cereais com Chocolate Preto e Amendoim,ECO+,Emb. 6 UNID.,"1,09€","0,18€ / UNID.",
Iogurte Bifidus Líquido Lima Limão 0% 4 Unid.,DANONE,Emb. 0.62 KG,"1,99€","3,21€ / KG",
Bolachas Choco Minis,MILKA,Emb. 0.185 KG,"2,39€","12,92€ / KG",
Café Cápsulas Qonvictus Intensidade 5,DELTA,Emb. 10 CAPS.,"2,99€","0,30€ / CAPS.",
Moscatel,FAVAIOS,Garrafa 0.75 LT,"5,59€","7,45€ / LT",
Vinho Castello DAlba Superior Tinto 2020,CASTELLO D'ALBA,Emb. 0.75 LT,"11,06€","14,75€ / LT",
Barras Cereais Crunchy Caramel 6 Unid.,,Emb. 0.141 KG,"2,33€","16,52€ / KG",
ESCOVA P/LOICA REDONDA C/CABO,SILLAGE,Emb. 1 UNID.,"1,20€","1,20€ / UNID.",
Alimento Seco P/ Gato Especial Pele e Pêlo,PURINA,Emb. 0.8 KG,"6,89€","8,61€ / KG",
Batatas Fritas Artesanais,POM'LISSE,Emb. 0.18 KG,"0,99€","5,50€ / KG",
Drageias Chocolate Tubo Tripack,PINTAROLAS,Emb. 0.066 KG,"1,29€","19,55€ / KG",
Sobremesa de Soja Chocolate 4 Unid.,NAT&VIE,Emb. 0.4 KG,"1,49€","3,73€ / KG",
Amêndoa em Pó,TABLIER BLANC,Emb. 0.125 KG,"2,19€","17,52€ / KG",
"BL1 LED FILA ESFERA R 2,1W-25W E27",FOXTER,Emb. 1 UNID.,"2,99€","2,99€ / UNID.",
"AMBIENTADOR MECHA ""LAVANDA"" 375ML",BIEN AIR,Emb. 0.375 LT,"1,55€","4,13€ / LT",
CROQUETES GATINHO PREMIUM 450G LYCAT,PLENIMA,Emb. 0.45 KG,"1,59€","3,53€ / KG",
Paio do Lombo Fatiado,NOBRE,Emb. 0.1 KG,"2,69€","26,90€ / KG",
CABO USB/COMPATIVEL LIGHTNING 2M BRANCO nylon,LINKSTER,Emb. 1 UNID.,"16,99€","16,99€ / UNID.",
Chupas de Sabores Sortidos,CHUPA CHUPS,Emb. 0.12 KG,"2,89€","24,08€ / KG",
Refrigerante S/ Gás Laranja,AQUARIUS,Garrafa 1.5 LT,"1,90€","1,27€ / LT",
"Bolachas gérmen de Trigo, Soja e Figo",NAT&VIE,Emb. 0.2 KG,"1,69€","8,45€ / KG",
Infusão de Frutos Vermelhos,LIPTON,Emb. 0.032 KG,"0,90€","28,13€ / KG",
Vinagre Balsâmico de Modena,GALLO,Emb. 0.5 LT,"2,99€","5,98€ / LT",
Pasta de dentes,SENSODYNE,Emb. 0.075 LT,"4,99€","66,53€ / LT",
Pêra Rocha Cal. 65/70,,1 Unid. = 0.2 KG (aprox.),"1,69€/kg","0,34€ / Unid.",
Refrigerante C/ Gás Zero Cafeína Zero Açúcar,COCA COLA ZERO,Emb. 1.75 LT,"1,78€","1,02€ / LT",
Esponjas Vegetais,ECO+,Emb. 2 UNID.,"0,69€","0,35€ / UNID.",
Gengibre moído,MARGÃO,Emb. 0.022 KG,"1,25€","56,82€ / KG",
FRESHMATIC COM RECARGA PURE FLOR DE CEREJEIRA,AIRWICK,Emb. 1 UNID.,"7,19€","7,19€ / UNID.",
Pescada Posta,,1 Unid. = 0.12 KG (aprox.),"7,49€/kg","0,90€ / Unid.",
Massa Bago,MILANEZA,Emb. 0.25 KG,"0,78€","3,12€ / KG",
"AGUA FRIZE,,75CL",FASTIO,,"0,89€",/ Unid.,
FARINHA ARROZ INTEGRAL,,,"2,15€",/ Unid.,
Queijo Emental Francês,PRÉSIDENT,Emb. 0.25 KG,"4,28€","17,12€ / KG",
Miolo de Amêndoa S/ Pele,MARQUE REPERE,Emb. 0.225 KG,"3,59€","15,96€ / KG",
Massa Entrefina,,Emb. 0.5 KG,"0,69€","1,38€ / KG",
Amêndoa Laminada,TABLIER BLANC,Emb. 0.125 KG,"2,39€","19,12€ / KG",
Arroz Basmati,CAÇAROLA,Emb. 0.5 KG,"1,39€","2,78€ / KG",
4 LAPIS GRAFITE HB,ESQUISSE,Emb. 4 UNID.,"1,19€","0,30€ / UNID.",
Madalenas Longas Recheadas com Chocolate 8 Unidades,P'TIT DÉLI,Emb. 0.24 KG,"2,19€","9,13€ / KG",
PUDIM +PROTEINA CARAMELO,EHRMANN,Emb. 0.2 KG,"1,79€","8,95€ / KG",
Batatas Pré-Fritas Cubos Ultracongelado,ECO+,Emb. 1 KG,"1,39€","1,39€ / KG",
Porta Fatos Pequeno,SILLAGE,Emb. 1 UNID.,"2,29€","2,29€ / UNID.",
PIZZA BOLOGNA TURINI,TURINI,Emb. 0.4 KG,"2,05€","5,13€ / KG",
Spray Limpeza Seco,LINKSTER,Emb. 0.2 LT,"2,49€","12,45€ / LT",
PENSOS INCONTINENCIA ANATOMICOS X 20 + 2 CUECAS DE MALHA,CHORYS,Emb. 20 UNID.,"8,49€","0,42€ / UNID.",
Piano Reserva 2016 Douro Branco,PIANO,Emb. 0.75 LT,"6,45€","8,60€ / LT",
Água sem Gás,FASTIO,Garrafa 6 LT,"1,81€","0,30€ / LT",
Champô Seco Fresh&Clean,TRESEMMÉ,Emb. 0.25 LT,"5,39€","21,56€ / LT",
Gomas Crocodil,COPAÍNS COPINES,Emb. 0.3 KG,"1,34€","4,47€ / KG",
Bebida de Amêndoa 0%,SHOYCE,Emb. 1 LT,"2,12€","2,12€ / LT",
Queijo Emmental,,1 Unid. = 0.2 KG (aprox.),"7,99€/kg","7,99€ / Unid.",
BOLACHAS C/ PEPITAS CHOC PRETO E QUINOA BIO,,Emb. 0.16 KG,"1,89€","11,81€ / KG",
Fibra Normal Classic,SCOTCH BRITE,Emb. 1 UNID.,"1,15€","1,15€ / UNID.",
Vinagre Vinho Branco,GALLO,Garrafa 0.25 LT,"1,09€","4,36€ / LT",
Dossier A4 Plástico Lombada 4Cm Argolas,ESQUISSE,Emb. 1 UNID.,"2,49€","2,49€ / UNID.",
Jardineira de Novilho Embalada,,1 Unid. = 0.3 KG (aprox.),"5,89€/kg","1,77€ / Unid.",
Vinho Branco Frutado,FAISÃO,Garrafa 0.75 LT,"2,29€","3,05€ / LT",
Bife de Frango,,1 Unid. = 0.35 KG (aprox.),"9,21€/kg","3,22€ / Unid.",
PALETTE 8.2 LOURO BEGE,PALETTE,Emb. 1 UNID.,"4,79€","4,79€ / UNID.",
Manjericão,RUSTICA,Frasco 0.012 KG,"0,79€","65,83€ / KG",
TERRA SEMENTEIRA E ESTAQUIA BIO 20L,BEAUX JOURS,Emb. 20 LT,"2,99€","0,15€ / LT",
Panaché,FALSBOURG,Lata 2.5 LT,"2,99€","1,20€ / LT",
Tamarindo,,1 Unid. = 0.1 KG (aprox.),"9,99€/kg","1,00€ / Unid.",
Vinho do Porto Dona Antonia,FERREIRA,Emb. 0.75 LT,"11,51€","15,35€ / LT",
Doseador Delicious Sweet Taste,CANDEREL,Emb. 1 P,"1,49€","1,49€ / P",
MASCARA CABELOS ARGAO/JASMIM ING.NATURAIS 300ML,NATEIS,Emb. 0.3 LT,"1,34€","4,47€ / LT",
ESTENDAL HORIZONTAL SEMI-AUTOMATICO,HOMESIDE,Emb. 1 UNID.,"35,99€","35,99€ / UNID.",
SABONETE VEGETAL C/LEITE DE BURRA BIO,BIONAÏA,Emb. 0.1 KG,"1,55€","15,50€ / KG",
Queijo de Cabra Curado Extra,QUINTA DO OLIVAL,1 Unid. = 0.91 KG (aprox.),"16,99€/kg","15,46€ / Unid.",
Gelatina Light Limão,ROYAL,Emb. 0.031 KG,"1,99€","64,19€ / KG",
"CARREGADOR ISQUEIRO 2,4A + CABO USB/USB C 1M BRANCO",LINKSTER,Emb. 1 UNID.,"9,99€","9,99€ / UNID.",
Azeite Virgem Extra Dop,ROSMANINHO,Garrafão 5 LT,"24,79€","4,96€ / LT",
Café Solúvel Alta Rica Intenso,NESCAFÉ,Emb. 0.1 KG,"6,34€","63,40€ / KG",
GUACAMOLE,PIC'EXPRESS,Emb. 0.2 KG,"2,49€","12,45€ / KG",
Bolachas de Manteiga em Saquetas 12x3Unid.,P'TIT DÉLI,Emb. 0.3 KG,"2,45€","8,17€ / KG",
Sangria,FESTALIE,Emb. 3 LT,"4,99€","1,66€ / LT",
LIMPA VIDROS ECOLOGICO 750ML UNI VERT,UNÍ VERT,Emb. 0.75 LT,"1,29€","1,72€ / LT",
Chocolate de Leite,MILKA,Emb. 0.09 KG,"1,65€","18,33€ / KG",
Caldo de Legumes,KNORR,Emb. 0.088 KG,"1,39€","15,80€ / KG",
PURE MACA/ALPERCE SEM ADICAO ACUCAR BIO +4M,,Emb. 0.4 KG,"2,09€","5,23€ / KG",
Vinho do Porto Velhotes White,CALEM,Garrafa 0.75 LT,"4,99€","6,65€ / LT",
Tablete de Chocolate com Avelãs 3x100g,TABLETTE D'OR,Emb. 0.3 KG,"2,89€","9,63€ / KG",
Absorvente Gato,TOUS MES AMIS,Emb. 10 LT,"4,59€","0,46€ / LT",
Ovos Solo L,SNR,Emb. 24 UNID.,"5,29€","0,22€ / UNID.",
Johnson\'s Baby Condicionador Penteia Fácil,JOHNSON'S BABY,Emb. 0.5 LT,"5,59€","11,18€ / LT",
Iogurte Líquido DanUp Melão Melancia 4x155g,DANONE,Emb. 0.62 KG,"1,69€","2,73€ / KG",
Muesli C/ Nozes,GRAINEA,Emb. 0.5 KG,"2,89€","5,78€ / KG",
ALIMENT BEBE: ESPARGUETE BOLONHESA BIO 12M,BIO VILLAGE BEBE,Emb. 0.23 KG,"1,99€","8,65€ / KG",
Sais de Fruta Digestivo Limão,ENO,Emb. 10 UNID.,"4,99€","0,50€ / UNID.",
BALDE PLASTICO REDONDO 12L + ESPREMEDOR,,Emb. 1 UNID.,"3,19€","3,19€ / UNID.",
SPRAY IMPERMEABILIZANTE INCOLOR 250ML,LA VACHETTE,Emb. 0.25 LT,"1,99€","7,96€ / LT",
Toalhitas Sensitive Recarga,DODOT,Emb. 216 UNID.,"7,99€","0,04€ / UNID.",
Pastilhas 60 Minutos Peppermint,TRIDENT,Emb. 0.02 KG,"0,91€","45,50€ / KG",
Desodorizante Vaporizador Heartbeat,B.U.,Emb. 0.15 LT,"3,09€","20,60€ / LT",
TARTE DE CHOCOLATE,P'TIT DÉLI,Emb. 0.3 KG,"2,99€","9,97€ / KG",
Biscoitos Multi Cereais,P'TIT DÉLI,Emb. 0.4 KG,"2,09€","5,23€ / KG",
Vinho Tinto,SANTA MARTA,Bag in Box 5 LT,"8,89€","1,78€ / LT",
Ração para cão c/ Frango e Arroz,ULTIMA,Emb. 7.5 KG,"41,56€","5,54€ / KG",
Lenços de Bolso 18+6 Unid.,RENOVA,Emb. 24 UNID.,"2,98€","0,12€ / UNID.",
CREME SABOR CARAMELO,DÉLISSE,Emb. 0.4 KG,"2,39€","5,98€ / KG",
Desinfectante de Roupa,SKIP,Emb. 1.2 LT,"4,99€","4,16€ / LT",
CONES DE MILHO,TOKAPI,Emb. 0.085 KG,"0,84€","9,88€ / KG",
Néctar Clássico 100% Maçã,COMPAL,Emb. 0.33 LT,"0,63€","1,91€ / LT",
Vinho Regional Península de Setúbal Tinto,SERRAS DE AZEITÃO,Garrafa 0.75 LT,"2,64€","3,52€ / LT",
BALDE DE AZEITONAS VERDES,RUSTICA,Emb. 3.5 KG,"6,99€","2,00€ / KG",
Massa Fettuccine,MILANEZA,Emb. 0.5 KG,"1,89€","3,78€ / KG",
Whisky Blended,SHIP CHANDLER,Emb. 0.07 L,"7,99€","114,14€ / L",
Salsichão de Cervelas de Porco,TRADILÈGE,Emb. 0.3 KG,"2,49€","8,30€ / KG",
Refrigerante C/ Gás,COCA COLA,Garrafa 0.5 LT,"0,96€","1,92€ / LT",
Antitranspirante Maximum Protection Confidence,REXONA,Emb. 0.045 LT,"4,79€","106,44€ / LT",
Refrigerante Lima-Limão C/ Gás,SPRITE,Emb. 1 LT,"0,89€","0,89€ / LT",
Manteiga com Sal,NOVA AÇORES,Emb. 0.25 KG,"2,28€","9,12€ / KG",
GOMAS TIJOLOS BRANCOS,COPAÍNS COPINES,Emb. 0.2,"0,99€","4,95€ /",
Desodorizante Deo Invisible,DOVE,Emb. 0.05 LT,"2,69€","53,80€ / LT",
Massa Cotovelinhos,TURINI,Emb. 0.5 KG,"0,89€","1,78€ / KG",
Vinho Rosé Frutado,FAISÃO,Garrafa 0.75 LT,"2,29€","3,05€ / LT",
Bolachas com Creme Nocilla e Cereais,CUÉTARA,Emb. 0.175 KG,"2,14€","12,23€ / KG",
Vinho Tinto,M.J.FREITAS,Bag in Box 5 LT,"7,99€","1,60€ / LT",
Refrigerante C/ Gás Laranja S/ Adição Açúcar,FANTA,Garrafa 1.5 LT,"1,00€","0,67€ / LT",
Iogurte Sólido Magro Natural 6 Unid.,LONGA VIDA,Emb. 0.12 KG,"2,09€","17,42€ / KG",
Nuggets de Frango 10 Unid.,CAPITÃO IGLO,Emb. 0.208 KG,"3,49€","16,78€ / KG",
Mandioca,,1 Unid. = 0.54 KG (aprox.),"3,29€/kg","1,78€ / Unid.",
Abóbora Cortada,,Emb. 0.45 KG,"0,79€","1,76€ / KG",
PELE CAMURCA 28 DM2,TECH9,Emb. 1 UNID.,"9,89€","9,89€ / UNID.",
Desodorizante Dove Roll-On Fresh Touch,DOVE,Emb. 0.05 LT,"2,69€","53,80€ / LT",
Queijo Flamengo Fatias Redondas,PAIVA,,"1,99€",/ Unid.,
Mirtilo,,Emb. 0.125 KG,"1,99€","15,92€ / KG",
Peixe Espada Preto Posta,,1 Unid. = 0.27 KG (aprox.),"8,59€/kg","2,32€ / Unid.",
"BOLACHAS ""GENOISES"" PERA",P'TIT DÉLI,Emb. 0.15 KG,"1,19€","7,93€ / KG",
Iogurte Mix-in Kit Kat 2x115g,NESTLÉ,Emb. 0.23 KG,"2,09€","9,09€ / KG",
Drageias de Amendoins C/ Chocolate de Leite,MARQUE REPERE,Emb. 0.3 KG,"1,79€","5,97€ / KG",
MOLHO DE TOMATE PROVENCAL,TURINI,Emb. 0.19 KG,"0,89€","4,68€ / KG",
Alimento Seco P/ Gato Bacalhau,PURINA FRISKIES,Emb. 4 KG,"15,35€","3,84€ / KG",
"AGUARDENTE VINICA VELHA,,70CL",,0.07 CL,"18,95€","270,71€ / CL",
CADERNO CAPA DURA A4 DISC AZL 120P PAUTADO + QUADRIC.,ESQUISSE,Emb. 1 UNID.,"3,19€","3,19€ / UNID.",
Camarão Aquicultura Cal. 20/30 Congelado,,1 Unid. = 0.25 KG (aprox.),"11,99€/kg","11,99€ / Unid.",
Creme de Pentear Hidra Caracóis,FRUCTIS,Emb. 0.2 LT,"4,99€","24,95€ / LT",
Chá de Hortelã Pimenta e Poejo,,Emb. 25 SAQ.,"0,79€","0,03€ / SAQ.",
APERITIVO SABOR A AMENDOIM,TOKAPI,Emb. 0.16 KG,"1,19€","7,44€ / KG",
CANETA ROLLER GEL CORES SORTIDAS 3UN,ESQUISSE,Emb. 3 UNID.,"1,45€","0,48€ / UNID.",
Pão de Forma Coração de Trigo,PANRICO,Emb. 0.5 KG,"1,81€","3,62€ / KG",
Snacks para Gato de Salmão,CATISFACTIONS,Emb. 0.06 KG,"1,79€","29,83€ / KG",
Queijo Mascarpone,GALBANI,Emb. 0.5,"6,89€","13,78€ /",
Vinho Rosé,COMP DO VINHO,Garrafa 0.75 LT,"2,19€","2,92€ / LT",
CREME DE OVOS SABOR CARAMELO,DÉLISSE,Emb. 0.4 KG,"2,19€","5,48€ / KG",
Bolachas Recheadas Creme de Chocolate,,Emb. 0.24 KG,"0,99€","4,13€ / KG",
Chave Inglesa 200Mm,FOXTER,Emb. 1 UNID.,"6,99€","6,99€ / UNID.",
Toalhitas Viagem,MOTS D'ENFANTS,Emb. 24 UNID.,"0,43€","0,02€ / UNID.",
Queijo Mistura o Sabor Português,LES CROISÉS,1 Unid. = 0.19 KG (aprox.),"9,99€/kg","1,90€ / Unid.",
GEL ALOE VERA BIO 200ML,BIONAÏA,Emb. 0.2 LT,"2,99€","14,95€ / LT",
Solha Congelada,,1 Unid. = 1 KG (aprox.),,,
Lava Tudo Brilhante Universal,SONASOL,Emb. 1.1 LT,"2,79€","2,54€ / LT",
"MINAS P/LAPISEIRA HB 0,5MM 2UN",ESQUISSE,Emb. 2 UNID.,"0,99€","0,50€ / UNID.",
Espuma de Barbear Clássica,GILLETTE,Emb. 0.2 LT,"2,99€","14,95€ / LT",
Café Moagem Universal Angola,DELTA,Emb. 0.22 KG,"3,59€","16,32€ / KG",
Massa Espirais Clássica,NACIONAL,Emb. 0.5 KG,"0,99€","1,98€ / KG",
"FRIZE LIMA PEPIN GENGIB,,4x.25L",FRIZE,,"2,64€",/ Unid.,
Pantene Repara & Protege Ampolas Resgate,PANTENE PV,Emb. 3 UNID.,"4,64€","1,55€ / UNID.",
Leite Bem Especial S/ Lactose Infantil Meio Gordo,MIMOSA,Emb. 1 LT,"1,93€","1,93€ / LT",
DETERGENTE CAPSULAS SABAO MARSELHA P/ ROUPA ATIVOS VEGETAIS 30D,XÉOR,,"4,99€",/ Unid.,
Creme Repara & Cuida Intensivo para Pele Extra Seca,NIVEA BODY,Emb. 0.3 LT,"6,89€","22,97€ / LT",
Creme de Banho Care & Roses,NIVEA,Emb. 0.75 LT,"8,49€","11,32€ / LT",
Gelado Coco Choco Parfait Les Dessertss,CARTE D'OR,Emb. 0.9 LT,"3,29€","3,66€ / LT",
Alimento Seco Cão Júnior,PURINA FRISKIES,Emb. 1.5 KG,"6,23€","4,15€ / KG",
PENSOS DIARIOS LONGOS,CHORYS,Emb. 24 UNID.,"1,59€","0,07€ / UNID.",
SUN Tabs Classic Limão,,Emb. 32 DOSES,"3,49€","0,11€ / DOSES",
Conserva de Polvo com Alho,PITEU,Emb. 0.12 KG,"1,89€","15,75€ / KG",
Aguardente Vínica Velha,SÃO DOMINGOS,Emb. 0.7 LT,"12,75€","18,21€ / LT",
Massa Farfalle Biológica,,Emb. 0.5 KG,"1,29€","2,58€ / KG",
Vela Fragrância de Baunilha,AIR WICK,Emb. 0.32 KG,"2,84€","8,88€ / KG",
Salsichas Estrasburgo 10 Unid.,TRADILÈGE,Emb. 0.35 KG,"1,99€","5,69€ / KG",
Vinho Verde Branco,AVELEDA,Garrafa 0.75 LT,"4,79€","6,39€ / LT",
Refrigerante sem Gás Maçã,JOI,Garrafa 1.5 LT,"1,04€","0,69€ / LT",
CAFE EQUILIBRIO PASTILHAS BIO 18UN,,Emb. 0.125 KG,"1,99€","15,92€ / KG",
Café Cápsulas Cioccolato,PLANTATION,Emb. 16 CAPS.,"2,44€","0,15€ / CAPS.",
Spray Elimina Odores de Roupa Extra,FEBREZE,Emb. 0.5 LT,"3,99€","7,98€ / LT",
Filetes Harengs Fumés,RONDE DES MERS,Emb. 0.2 KG,"2,49€","12,45€ / KG",
Desodorizante Roll-on Dermacare,VASELINE,Emb. 0.05 LT,"2,09€","41,80€ / LT",
Sabonetes Solidos Leite e Mel 4 Unid.,PALMOLIVE,Emb. 0.09 KG,"3,44€","38,22€ / KG",
Licor Bailey´s,BAILEY'S,Garrafa 0.7 LT,"13,59€","19,41€ / LT",
Massa Vinha D\'Alho,RUSTICA,Frasco 0.2 KG,"0,89€","4,45€ / KG",
Pasta Arquivo com Elástico com 12 Divisórias,ESQUISSE,Emb. 1 UNID.,"2,50€","2,50€ / UNID.",
Perninha de Peru,,1 Unid. = 0.86 KG (aprox.),"2,69€/kg","2,31€ / Unid.",
CONCHAS DE VIEIRA 4UN,CÔTÉ TABLE,Emb. 0.36 KG,"5,15€","14,31€ / KG",
Tempero em Pó de Galinha,KNORR,Emb. 0.135 KG,"2,59€","19,19€ / KG",
CERA CREME CASTANHA 75ML,LA VACHETTE,Emb. 0.075 LT,"2,15€","28,67€ / LT",
AMBIENTADOR FRESHMATIC COM RECARGA LIFE SCENTS OÁSIS TURQUESA,AIRWICK,Emb. 1 UNID.,"7,19€","7,19€ / UNID.",
Gel de Banho,DOVE,Emb. 0.5 LT,"2,49€","4,98€ / LT",
Tiras de Bacon Fumados Superior 2x100g,ECO+,Emb. 0.2 KG,"1,49€","7,45€ / KG",
Azeitona Verde,,1 Unid. = 0.1 KG,"3,99€/kg","0,40€ / Unid.",
Snacks Húmidos P/ Gato Esterilizado 2 de Frango e 2 de Vaca,PURINA,Emb. 0.34 KG,"3,35€","9,85€ / KG",
Gomas Trio Açucar,COPAÍNS COPINES,Emb. 0.2 KG,"0,99€","4,95€ / KG",
Massa Cotovelos Fino,MILANEZA,Emb. 0.5 KG,"1,19€","2,38€ / KG",
Iogurte Líquido Sabor Framboesa 6x180g,DÉLISSE,Emb. 1.08 KG,"1,99€","1,84€ / KG",
Chicória e Café Solúvel,PLANTATION,Emb. 0.25 KG,"2,99€","11,96€ / KG",
AFIA INFANTIL C/DEPOSITO,ESQUISSE,Emb. 1 UNID.,"1,19€","1,19€ / UNID.",
OVOS AR LIVRE CLASSE M,OVOS DA ALDEIA,Emb. 6 UNID.,"1,44€","0,24€ / UNID.",
"APARAFUSADORA SEM FIO 3,6V",FOXTER,Emb. 1 UNID.,"22,90€","22,90€ / UNID.",
Sabonete Líquido Recarga Especial Cozinha,MANAVA,Emb. 0.25 LT,"0,65€","2,60€ / LT",
Ratatoille Cozinhado Ultracongelado,,Emb. 0.6 KG,"3,29€","5,48€ / KG",
Creme Anti-Rugas Cuidado Dia,DERMO EXPERTISE,Emb. 1 P,"14,99€","14,99€ / P",
Pantene Espuma Cabelo ondulado 200ml,PANTENE PV,Emb. 0.2 LT,"3,74€","18,70€ / LT",
Maçã Royal Gala Cal. 75/80,,1 Unid. = 0.2 KG (aprox.),"0,89€/kg","0,18€ / Unid.",
Massa Meada Fina,MILANEZA,Emb. 0.5 KG,"1,04€","2,08€ / KG",
Pescada Congelada,,1 Unid. = 1.9 KG (aprox.),"13,99€/kg","26,58€ / Unid.",
Bolo Brigadeiro,,Emb. 0.5 KG,"6,59€","13,18€ / KG",
Pacotinho de Multifrutas S/ Glúten +6 meses,NESTLÉ BEBÉ,Emb. 0.09 KG,"1,01€","11,22€ / KG",
RECARGA ESFREGONA ALGODAO,SILLAGE,Emb. 1 UNID.,"1,99€","1,99€ / UNID.",
GEL BARBEAR FRESCURA,CARRÉ HOMME,Emb. 0.2 LT,"1,89€","9,45€ / LT",
TORRADEIRA 1 FENDA LONGA 900W,ELSAY,Emb. 1 UNID.,"19,90€","19,90€ / UNID.",
Sardinha em Óleo Picante,BOM PETISCO,Emb. 0.12 KG,"0,99€","8,25€ / KG",
Lixívia Tradicional 2 L,NEOBLANC,Emb. 2 LT,"1,64€","0,82€ / LT",
Lava Tudo Marinho,CIF,Emb. 1.4 LT,"1,99€","1,42€ / LT",
Refrigerante C/ Gás Ananás,ECO+,Emb. 2 LT,"0,79€","0,40€ / LT",
"Pilhas Alcalinas LR20/D 1,5V",FOXTER,Emb. 2 UNID.,"3,84€","1,92€ / UNID.",
Massa Argolinhas Clássica,NACIONAL,Emb. 0.25 KG,"0,75€","3,00€ / KG",
Sabonete Liquido Leite e Azeitona,,Emb. 0.3 LT,"3,19€","10,63€ / LT",
Fiambre de Peru Fatias,CAMPOFRIO,Emb. 0.09 KG,"1,30€","14,44€ / KG",
Bife Pojadouro de Novilho,,1 Unid. = 0.25 KG (aprox.),"10,99€/kg","2,75€ / Unid.",
Cereais Golden Grahams,NESTLÉ,Emb. 0.375 KG,"2,53€","6,75€ / KG",
Lima Plana 200Mm,FOXTER,Emb. 1 UNID.,"2,39€","2,39€ / UNID.",
Orecchiette,TRADIZIONI D'ITALIA,Emb. 0.5 KG,"1,79€","3,58€ / KG",
Couscous sem Glúten,CHAQUE JOUR,Emb. 0.375 KG,"2,49€","6,64€ / KG",
Infusão SOS Cabeça,LIPTON,Emb. 20 SAQS,"1,49€","0,07€ / SAQS",
Spray Anti-calcário Perfect,CIF,Emb. 0.435 LT,"2,49€","5,72€ / LT",
Favas Congeladas,NOTRE JARDIN,Emb. 1 KG,"2,38€","2,38€ / KG",
Papel Higiénico 4 Folhas,RENOVA,Emb. 12 ROLOS,"4,99€","0,42€ / ROLOS",
Vinho Regional Douro Tinto,ADEGA DE VILA REAL,Garrafa 0.75 LT,"2,58€","3,44€ / LT",
"CAPRICHOS DO MAR,S/GLUTEN,1KG",PESCANOVA,Emb. 1 KG,"8,25€","8,25€ / KG",
Recarga Sabonete Líquido Amêndoas,MANAVA,Emb. 0.25 LT,"0,65€","2,60€ / LT",
Bebida de Aveia,SHOYCE,Emb. 1 LT,"2,12€","2,12€ / LT",
Conjunto Corretores de Fita,ESQUISSE,Emb. 2 UNID.,"1,99€","1,00€ / UNID.",
Massa Estrelinhas,MILANEZA,Emb. 0.25 KG,"0,72€","2,88€ / KG",
Tagliatelles sem Glúten,CHAQUE JOUR SANS GLUTEN,Emb. 0.25 KG,"1,89€","7,56€ / KG",
Sorvete de Manga,TROFIC,,"1,79€",/ Unid.,
Bolachas com Aveia,TRIUNFO,Emb. 0.19 KG,"1,43€","7,53€ / KG",
Escova de Dentes Macia Média Junior,DENTAMYL,,"0,75€",/ Unid.,
Exfoliante Facial,INELL,Emb. 0.075 LT,"1,19€","15,87€ / LT",
Conserva de Sardinha em Tomate,PÊCHE OCÉAN,Emb. 0.12 KG,"0,99€","8,25€ / KG",
Limão Cal. 2/3,,1 Unid. = 0.16 KG (aprox.),"1,89€/kg","0,30€ / Unid.",
Gelado Feast Pack 4,OLÁ,Emb. 0.36 LT,"2,99€","8,31€ / LT",
Vinho Branco de Mesa Elopack,CASAL DA EIRA,Emb. 1 LT,"1,59€","1,59€ / LT",
Água sem Gás 6x50cl,SERRA DA ESTRELA,Emb. 3 LT  (aprox.),"1,89€","0,63€ / LT",
Liégeois de Chocolate 4x100g,DÉLISSE,Emb. 0.4 KG,"1,49€","3,73€ / KG",
Biscoito de Ovos Frescos,ECO+,Emb. 0.4 KG,"1,69€","4,23€ / KG",
LENCOS DE PAPEL BRANCOS KIDS 3 FOLHAS  60UN CARESSE,CARESSE,Emb. 60 UNID.,"1,19€","0,02€ / UNID.",
GEL MAQUINA LOICA CONCENTRADO LIMAO TUDO EM 1 ECOLOGICO 685ML 685ML UNI VERT,UNÍ VERT,Emb. 0.685 LT,"3,86€","5,64€ / LT",
Conserva de Sardinha Molho de Tomate,PÊCHE OCÉAN,Emb. 0.12 KG,"0,99€","8,25€ / KG",
Gelatina Light Sabor a Ananás,TABLIER BLANC,Emb. 0.031 KG,"0,79€","25,48€ / KG",
Vaseline,VASELINE,Emb. 0.05 LT,"1,49€","29,80€ / LT",
Abóbora Embalada,,1 Unid. = 0.3 KG (aprox.),"0,99€/kg","0,30€ / Unid.",
Carapau Médio,,1 Unid. = 0.28 KG (aprox.),"2,99€/kg","0,84€ / Unid.",
Conserva de Filete Cavala,PITEU,Emb. 0.12 KG,"1,69€","14,08€ / KG",
Maionese Top Down,ECO+,Emb. 0.5 LT,"2,19€","4,38€ / LT",
Bigburger de Peito de Frango 2 Unid.,IGLO,Emb. 0.227 KG,"3,89€","17,14€ / KG",
Conserva de Ravioli à Bolonhesa,CÔTÉ TABLE,Lata 0.8 KG,"2,99€","3,74€ / KG",
Alimento Húmido P/ Gato Gold Salmão e Frango,GOURMET,Emb. 0.085 KG,"0,72€","8,47€ / KG",
DESMAQUILHANTE DE OLHOS WATERPROOF BIFASICO,INELL,Emb. 0.15 LT,"1,79€","11,93€ / LT",
Recarga Mopa Madeiras,SWIFFER,Emb. 18 UNID.,"3,59€","0,20€ / UNID.",
"Desodorizante ""Invisible Aqua"" Roll-on",REXONA,Emb. 0.05 LT,"2,39€","47,80€ / LT",
CORTINA DUCHE 180X200 BRANCO,SILLAGE,Emb. 1 UNID.,"3,90€","3,90€ / UNID.",
Selecção de Frutos Secos,MARQUE REPERE,Emb. 0.3 KG,"5,99€","19,97€ / KG",
Nuggets Grelhadinhos 8 Unid.,CAPITÃO IGLO,Emb. 0.204 KG,"5,94€","29,12€ / KG",
LIMPA MAQUINA LOICA,VISIOR,Emb. 0.25 LT,"1,35€","5,40€ / LT",
PRESUNTO FATIAS FINISSIMAS 7M,ST AZAY,,"1,89€",/ Unid.,
Café Solúvel,DELTA,Emb. 0.02 KG,"1,09€","54,50€ / KG",
Alimento Húmido P/ Gato de Atum e Camarão,TOUS MES AMIS,Emb. 0.08 KG,"0,99€","12,38€ / KG",
SNACK BACON,TOKAPI,Emb. 0.065 KG,"0,79€","12,15€ / KG",
Desodorizante Spray Rexona Men Act Prot+Invisível,REXONA,Emb. 0.2 LT,"2,54€","12,70€ / LT",
Tarte de Fruta Variada,,1 Unid. = 0.8 KG (aprox.),"8,99€/kg","8,99€ / Unid.",
Queijo Roquefort,NOS RÉGIONS ONT DU TALENT,1 Unid. = 0.25 KG (aprox.),"2,30€/kg","0,58€ / Unid.",
Snack Húmido P/ Gato Party Mix Ocean,FELIX,Emb. 0.06 KG,"1,79€","29,83€ / KG",
DESODORIZANTE ROLL-ON INVISIBLE MEN 50ML,CARRÉ HOMME,Emb. 0.05 LT,"0,75€","15,00€ / LT",
DESODORIZANTE SPRAY ICE BOOST MEN 200ML,CARRÉ HOMME,Emb. 0.2 LT,"1,19€","5,95€ / LT",
Farinheira Regional - PDTO Lamego,SNR,Emb. 0.16 KG,"1,30€","8,13€ / KG",
Tablete Chocolate Branco Culinária,TABLETTE D'OR,Emb. 0.18 KG,"1,45€","8,06€ / KG",
Conjunto de 3 Martelos,ECO+,Emb. 3 UNID.,"7,99€","2,66€ / UNID.",
Pequenas Baguetes sem Glúten 2x75g,CHAQUE JOUR,Emb. 0.15 KG,"2,19€","14,60€ / KG",
GEL DE LIMPEZA 3 EM 1 (ROSTO CABELO E BARBA),CARRÉ HOMME,Emb. 0.2 LT,"2,99€","14,95€ / LT",
"OIKOS MARACUJA 110G X4,,440G",OIKOS,Emb. 0.44 KG,"2,39€","5,43€ / KG",
MINI BOLA VOLEI PLASTICO,WOODSUN,Emb. 1 UNID.,"2,49€","2,49€ / UNID.",
Conserva de Atum com Piri-piri,RAMIREZ,Emb. 0.12 KG,"1,34€","11,17€ / KG",
ESPARGUETE,ECO+,Emb. 1 KG,"1,29€","1,29€ / KG",
PATE RICO SALMAO P/ GATO BIO CV 100G PLENIMA,PLENIMA,Emb. 0.1 KG,"0,69€","6,90€ / KG",
IOGURTE GREGO COCO,DÉLISSE,Emb. 0.6 KG,"1,99€","3,32€ / KG",
Palmiers Kids,DU BOIS DE LA ROCHE,Emb. 0.1 KG,"1,04€","10,40€ / KG",
Condicionador para Cabelo Encaracolado,TRESEMMÉ,Emb. 0.5 LT,"4,19€","8,38€ / LT",
Especiarias Mistura de 5 Pimentas,RUSTICA,Frasco 0.043 KG,"1,69€","39,30€ / KG",
SACO ASPIRADOR S1203,ELSAY,Emb. 1 UNID.,"3,49€","3,49€ / UNID.",
Dodot Fralda T6 Activity Extra,DODOT,Emb. 44 UNID.,"13,29€","0,30€ / UNID.",
Tablete Chocolate Cacau 85%,LACASA,Emb. 0.1 g,"1,64€","16,40€ / g",
Rosette de Porco,,Emb. 0.15 KG,"1,79€","11,93€ / KG",
Refrigerante C/ Gás Vidro,COCA COLA,Emb. 1 LT,"1,80€","1,80€ / LT",
Óleo Alimentar,FULA,Garrafa 1 LT,"2,69€","2,69€ / LT",
Óleo Virgem de Coco Biológico,,Emb. 0.2 LT,"2,89€","14,45€ / LT",
Arroz Perfumado Biológico,,Emb. 0.5 KG,"1,99€","3,98€ / KG",
Lenços de Bolso Pure Sensitive 4 Folhas,RENOVA,Emb. 6 UNID.,"0,98€","0,16€ / UNID.",
Refrigerante com Gás Ananás,FRISUMO,Garrafa 1 LT,"0,99€","0,99€ / LT",
Chipicao Mini Croissant Baunilha,CHIPICAO,Emb. 0.08 KG,"1,10€","13,75€ / KG",
Sobremesa de Soja C/ Caramelo,NAT&VIE,Emb. 0.4 KG,"1,49€","3,73€ / KG",
Bolachas Recheadas Baunilha,P'TIT DÉLI,Emb. 0.154 KG,"0,99€","6,43€ / KG",
Pudim Caramelo,BOCA DOCE,Emb. 0.022 KG,"0,49€","22,27€ / KG",
Azeite Virgem Extra Suave,GALLO,Garrafa 0.75 LT,"4,49€","5,99€ / LT",
Água de Nascente,CARAMULO,Emb. 6 LT,"1,04€","0,17€ / LT",
Refrigerante C/ Gás Lima-Limão,SPRINK'S,Garrafa 1 LT,"0,89€","0,89€ / LT",
Raclette 3 Poivres,LES CROISÉS,Emb. 0.25 KG,"2,89€","11,56€ / KG",
"Bolachas gérmen de Trigo, Soja e Laranja",NAT&VIE,Emb. 0.2 KG,"1,69€","8,45€ / KG",
Autobrilhante Creme Calçado com Esponja,BUFALO,Emb. 0.04 LT,"3,19€","79,75€ / LT",
Cacetinho,,1 Unid. = 0.055 KG,"1,55€","28,18€ / KG",
"AGUA LISA VIMEIRO ORIGINAL 4X1,5L",VIMEIRO,,"2,84€",/ Unid.,
Caldo para Massas,KNORR,Emb. 0.08 KG,"1,39€","17,38€ / KG",
Vagens de Baunilha,TABLIER BLANC,Emb. 2 UNID.,"4,99€","2,50€ / UNID.",
MINI VASSOURA VINIL,SILLAGE,Emb. 1 UNID.,"1,00€","1,00€ / UNID.",
Syoss Oieo Intense 5-92 Vermelho Intenso,SYOSS,,"6,24€",/ Unid.,
Refeição Arroz de Tomate e frango,BLÉDINA,Emb. 0.2 KG,"1,99€","9,95€ / KG",
"CHUPA CHUPS ASSORT S/ACUCA,,66G",,,"2,82€",/ Unid.,
Gelado Cheesecake com Caramelo Salgado,CARTE D'OR,Emb. 0.9 LT,"3,29€","3,66€ / LT",
GELADO CREME BRULEE,ESKISS,Emb. 1 LT,"2,65€","2,65€ / LT",
ICE TEA MANGA,LIPTON,Emb. 0.5 LT,"0,79€","1,58€ / LT",
Barra Gourmet Proteica Chocolate E Avelã,PROZIS,Emb. 0.08 KG,"175,00€","2 187,50€ / KG",
DETERGENTE LIQUIDO LA E SEDA 25D,EPSIL,Emb. 25 DOSES,"2,79€","0,11€ / DOSES",
Doseador Sabão Líquido Cinza,SILLAGE,Emb. 1 UNID.,"3,34€","3,34€ / UNID.",
Infusão Chá Menta Bio,,Emb. 1 LT,"1,49€","1,49€ / LT",
Pizza Royale Volpone Ultracongelado,TURINI,Emb. 0.57 KG,"2,99€","5,25€ / KG",
Batatas Pré-Fritas em Cubos,POM'LISSE,Emb. 1 KG,"1,49€","1,49€ / KG",
Côco Seco,,1 Unid. = 0.48 KG (aprox.),"2,15€/kg","1,03€ / Unid.",
Salpicão Regional do Lombo - PDTO Lamego,,Emb. 0.28 KG,"5,89€","21,04€ / KG",
PAPEL ALUMINIO EXTRA 20M ELEMBAL,ELEMBAL,Emb. 20 MT,"2,49€","0,12€ / MT",
IOGURTE CREMOSO CÔCO NATURAL,NAT&VIE,Emb. 4 UNID.,"2,09€","0,52€ / UNID.",
MINI CHAMPO DE VIAGEM TILIA E MACA 100ML,NATEIS,Emb. 0.1 LT,"1,25€","12,50€ / LT",
GUARDANAPOS AZUL FOLHA SIMPLES RENOVA,GUARDANAPOS RENOVA,Emb. 70 UNID.,"0,79€","0,01€ / UNID.",
Vinho Tinto do Alentejo,MONTE DAS ANFORAS,Emb. 0.75 LT,"3,05€","4,07€ / LT",
Iogurte Aroma 12x125g,ECO+,Emb. 1.5 KG,"1,79€","1,19€ / KG",
XAU LIMP MAQ DUOPACK,XAU,Emb. 2 DOSES,"6,99€","3,50€ / DOSES",
Jardineira Mistura de Vegetais Ultracongelados,IGLO,Emb. 0.65 KG,"2,94€","4,52€ / KG",
Vinho Cotes Du Rhone A.O.C. 2015 Cuvee Prestige Gregoire,GREGOIRE XI,Garrafa 0.75 ML,"2,99€","3,99€ / ML",
Gelatina Ananás Light 4 Unid.,ROYAL,Emb. 0.4 KG,"2,18€","5,45€ / KG",
AVELA EM PO,TABLIER BLANC,Emb. 0.125 KG,"2,29€","18,32€ / KG",
Espumante Reserva Meio Seco,FITA AZUL,Garrafa 0.75 LT,"5,65€","7,53€ / LT",
Feno Roedores,TOUS MES AMIS,Emb. 1 KG,"2,59€","2,59€ / KG",
SMOOTHIE VITALIDADE,JAFADEN,,"2,29€",/ Unid.,
QUEIJO REBLOCHON SAVOIE,NOS RÉGIONS ONT DU TALENT,Emb. 0.24,"3,49€","14,54€ /",
MARISCADA,ECO+,Emb. 0.7 KG,"4,98€","7,11€ / KG",
SALTEADO DE COGUMELOS,NOTRE JARDIN,Emb. 0.4 KG,"3,99€","9,98€ / KG",
Snack Batata Barbecue,TOKAPI,Emb. 0.17 KG,"1,69€","9,94€ / KG",
Cerveja com Álcool Stout 6x33cl,SUPER BOCK,Emb. 1.98 LT,"4,49€","2,27€ / LT",
LIXIVIA PERFUMADA FLORES DO CAMPO,CLAIR,Emb. 2 LT,"1,09€","0,55€ / LT",
Pimenta Preta Moída,RUSTICA,Frasco 0.04 KG,"0,99€","24,75€ / KG",
Pantene Caracóis Definidos Laca 300ml,PANTENE PV,Emb. 0.3 LT,"3,74€","12,47€ / LT",
Tablete de Chocolate Preto com Recheio de Menta,EQUADOR,Emb. 0.15 KG,"1,55€","10,33€ / KG",
QUEIJO MOZZARELLA FATIAS,QUEIJO NA TÁBUA,Emb. 0.15 KG,"1,49€","9,93€ / KG",
Queijo Saint Albray,SAINT ALBRAY,1 Unid. = 0.25 KG (aprox.),"19,99€/kg","5,00€ / Unid.",
Biscoitos de Cacau com Tablete de Chocolate Preto e Branco,P'TIT DÉLI,Emb. 0.115 KG,"1,25€","10,87€ / KG",
QUEIJO DE OVELHA,LES CROISÉS,Emb. 0.2 KG,"2,29€","11,45€ / KG",
Escova de Dentes Média,COLGATE,Emb. 1 UNID.,"3,99€","3,99€ / UNID.",
Cereais Arroz Tufado Chocolate,,Emb. 0.75 KG,"2,54€","3,39€ / KG",
COCKTAIL AZEITONAS E TREMOCOS,TOKAPI,Emb. 0.2 KG,"1,19€","5,95€ / KG",
Massa Letras,TURINI,Emb. 0.25 KG,"0,55€","2,20€ / KG",
Pão Embalado Hot Dog 6 Unid.,PANRICO,Emb. 0.33 KG,"1,75€","5,30€ / KG",
Tartelettes Cobertas Morango,ECO+,Emb. 0.2 KG,"0,79€","3,95€ / KG",
CURGETES RODELAS,NOTRE JARDIN,Emb. 1 KG,"1,69€","1,69€ / KG",
Néctar Clássico Maracujá,COMPAL,Emb. 1 LT,"1,62€","1,62€ / LT",
Queijo Fundido Palitos 4x140g,A VACA QUE RI,Emb. 0.14 KG,"2,28€","16,29€ / KG",
Bolachas Maria 74% de Cereais,TRIUNFO,Emb. 0.2 KG,"1,00€","5,00€ / KG",
Queijo Raclette,,1 Unid. = 0.25 KG (aprox.),,,
Chipicao Croissant Multipack Creme de Cacau,CHIPICAO,Emb. 0.25 KG,"3,04€","12,16€ / KG",
Vinho Regional Douro Tinto,PAPA FIGOS,Garrafa 0.75 LT,"7,19€","9,59€ / LT",
Iogurte Líquido Framboesa Arandos 4x155g,DANONE,Emb. 0.62 KG,"1,69€","2,73€ / KG",
Cominhos Moídos,MARGÃO,Emb. 0.05 KG,"1,39€","27,80€ / KG",
SYOSS OLEO INT. 9-10 LOURO LUMI,SYOSS,,"6,24€",/ Unid.,
Cápsulas Café Latte Macchiato Caramelo,DOLCE GUSTO,Emb. 16 CAPS.,"5,13€","0,32€ / CAPS.",
Mala de Chaves 47 Peças,ECO+,Emb. 1 UNID.,"9,99€","9,99€ / UNID.",
VELA NUMERO - 6,ARDENCE,,"0,89€",/ Unid.,
Areia Perfumada P/ Gaiola,TOUS MES AMIS,Emb. 2 KG,"1,59€","0,80€ / KG",
Iogurte Bifidus Líquido Frutos Silvestres 0% 4 Unid.,DANONE,Emb. 0.62 KG,"1,99€","3,21€ / KG",
Galette des Rois,,1 Unid. = 0.84 KG,"5,99€","7,13€ / KG",
Infusão Chá Branco Maracujá,FRESH TEA,Emb. 1 LT,"1,39€","1,39€ / LT",
Natas Culinária 0% Lactose,PARMALAT,Emb. 0.2 LT,"1,29€","6,45€ / LT",
Spray Depilatório Aloé Vera e Vitamina E,VEET,Spray 0.15 LT,"6,64€","44,27€ / LT",
Fígado de Porco,,1 Unid. = 0.2 KG (aprox.),"1,98€/kg","0,40€ / Unid.",
Queijo Bola Pequenina,LIMIANO,Emb. 0.6 KG,"6,59€","10,98€ / KG",
Amaciador Cabelo Camomila e Mel de Flores,ULTRA SUAVE,Emb. 0.2 LT,"3,59€","17,95€ / LT",
Café Solúvel Clássico,NESCAFÉ,Emb. 10 SAQ.,"1,53€","0,15€ / SAQ.",
Macarrão,TURINI,Emb. 0.5 KG,"0,86€","1,72€ / KG",
CAMA EM PLASTICO PARA CAO MEDIA,P'TIT AMI,Emb. 1 UNID.,"9,99€","9,99€ / UNID.",
Peixe Espada Branco Inteiro,,1 Unid. = 1 KG (aprox.),"6,99€/kg","6,99€ / Unid.",
Puré de Batata em Flocos,MAGGI,Emb. 0.25 KG,"1,85€","7,40€ / KG",
Abrilhantador P/ Máquina da Loiça Limão,FINISH,Emb. 0.8 LT,"7,44€","9,30€ / LT",
Batatas Pré-Fritas Congeladas,POM'LISSE,Emb. 2.5 KG,"3,99€","1,60€ / KG",
Cachorrinhos 5 Unid.,,Emb. 5 KG,"3,19€","0,64€ / KG",
GEL BANHO DERMO,ECO+,Emb. 1 LT,"1,29€","1,29€ / LT",
Vinho Regional Península de Setúbal Branco,FONTANARIO,Garrafa 0.75 LT,"2,79€","3,72€ / LT",
Iogurte com Frutos 12x125g,ECO+,Emb. 1.5 KG,"2,59€","1,73€ / KG",
ESPARREGADO DE ESPINAFRES,CÔTÉ TABLE,Emb. 0.35 KG,"1,29€","3,69€ / KG",
Laca Cabelos Normais,ELNETT,Emb. 0.3 LT,"5,99€","19,97€ / LT",
ELIXIR BOCAL EXPERT 8EM1,DENTAMYL,Emb. 0.5 LT,"1,29€","2,58€ / LT",
Lenços Bolso 6+2 Unidades Red Label Pure,LENÇOS RENOVA,Emb. 8 UNID.,"0,94€","0,12€ / UNID.",
Água sem Gás Mineral,LUSO,Garrafa 0.33 LT,"0,34€","1,03€ / LT",
LAVA TUDO AMONIACAL,ECO+,Emb. 5 LT,"1,69€","0,34€ / LT",
Papel Higiénico 2 Folhas,MARQUE REPERE,Emb. 24 UNID.,"4,79€","0,20€ / UNID.",
Massa Fresca em Folhas para Lasanha,TURINI,Emb. 0.35 KG,"1,75€","5,00€ / KG",
Pacotinho de Cereais e Mel,NESTUM,Emb. 0.08 KG,"0,89€","11,13€ / KG",
Conserva de Ravioli de Vaca com Molho Italiano,CÔTÉ TABLE,Emb. 0.4 KG,"1,49€","3,73€ / KG",
TERRA PLANTAS,BEAUX JOURS,Emb. 10 LT,"1,69€","0,17€ / LT",
Vinagre Vinho Branco,CRISTAL,Garrafa 0.5 LT,"0,99€","1,98€ / LT",
Óleo de Corpo Coco Addiction,NATURAL HONEY,Emb. 0.3 LT,"5,19€","17,30€ / LT",
TOALHITAS DESMAQ. PELES SECAS E SENSIVEIS BIO,BIONAÏA,Emb. 25 UNID.,"1,99€","0,08€ / UNID.",
Refrigerante sem Gás Limão,FRUTIS,Emb. 1.5 LT,"1,15€","0,77€ / LT",
Creme Limpeza Pink Flowers,CIF,Emb. 0.7 LT,"2,49€","3,56€ / LT",
YOFU SOJA MIRTILO 4x125G,ALPRO,Emb. 0.5 LT,"2,89€","5,78€ / LT",
Queijo Ralado Mozzarella Especial Pizza,PRÉSIDENT,Emb. 0.15 KG,"2,53€","16,87€ / KG",
Puré de Batata 4x125g,POM'LISSE,Emb. 0.5 KG,"1,79€","3,58€ / KG",
Eau De Toilette Homem Dark Temptation,AXE,Emb. 0.05 LT,"10,75€","215,00€ / LT",
Lápis de Sobrancelhas Satin Duo 02,MAYBELLINE,Emb. 1 UNID.,"5,69€","5,69€ / UNID.",
Pensos Higiénicos Noite C/ Abas Eco,UNÍ VERT,Emb. 10 UNID.,"1,09€","0,11€ / UNID.",
Pão de Ló,,1 Unid. = 0.575 KG (aprox.),"3,29€/kg","3,29€ / Unid.",
Arroz Vaporizado,COZINHA VELHA,Emb. 1 KG,"1,43€","1,43€ / KG",
Vinho Tinto do Douro Reserva,ALTANO,Emb. 0.75 LT,"9,89€","13,19€ / LT",
Preparado em Pó para Bebida de Cacau Biológico,,Emb. 0.5 KG,"3,59€","7,18€ / KG",
Batatas Fritas Lisas,ECO+,Emb. 0.2 KG,"1,09€","5,45€ / KG",
IOGURTE BATIDO ACUCARADO BAUNILHA,DÉLISSE,Emb. 1 KG,"2,09€","2,09€ / KG",
Recarga Limpa Vidros,AJAX,Emb. 0.5 LT,"2,69€","5,38€ / LT",
MADALENAS CONCHAS CARAMELO,NOS RÉGIONS ONT DU TALENT,Emb. 0.33 KG,"2,89€","8,76€ / KG",
Creme Culinária Soja,SHOYCE,Emb. 0.2 L,"1,35€","6,75€ / L",
Escova Veludo,SILLAGE,Emb. 1 UNID.,"1,20€","1,20€ / UNID.",
Queijo de Azeitão Dop,QUEIJOS SANTIAGO,1 Unid. = 0.25 KG (aprox.),"4,99€/kg","6,85€ / Unid.",
Chá de Cidreira,LIPTON,Emb. 20 SAQ.,"1,20€","0,06€ / SAQ.",
Ração Húmida Gato Fantastic Banquete do Mar,FELIX,Emb. 0.34 KG,"2,54€","7,47€ / KG",
Aveia C / Proteína Chocolate Avelã,PROZIS,Emb. 0.4 KG,"749,00€","1 872,50€ / KG",
Pantene Aqua Light Champô,PANTENE PV,Emb. 0.25 LT,"3,99€","15,96€ / LT",
Ice Tea Pêssego 2x2lt,LIPTON,Emb. 4 LT,"4,99€","1,25€ / LT",
Martini Rosso,MARTINI,Garrafa 1 LT,"11,49€","11,49€ / LT",
Coloração Longa Duração Belle Color 6 Louro Escuro,GARNIER,Emb. 1 UNID.,"5,99€","5,99€ / UNID.",
Conserva de Feijão Encarnado,NOTRE JARDIN,Frasco 0.57 KG,"0,69€","1,21€ / KG",
TABUA ENCHIDOS,ST AZAY,,"2,99€",/ Unid.,
Azeitonas Verdes Descaroçadas,QAMPO,Emb. 0.16 KG,"1,39€","8,69€ / KG",
IOGURTE GREGO CARAMELO SALGADO,DÉLISSE,Emb. 0.6 KG,"1,99€","3,32€ / KG",
Bebida de Aveia,,Emb. 1 LT,"1,39€","1,39€ / LT",
Chá Preto Yellow,LIPTON,Emb. 20 SAQ.,"1,09€","0,05€ / SAQ.",
VELA NUMERO FUN 3,ARDENCE,Emb. 1 UNID.,"0,90€","0,90€ / UNID.",
Galetes de Milho com Cobertura de Chocolate Preto Biológicas,,Emb. 0.1 KG,"1,79€","17,90€ / KG",
Creme de Soja P/ Culinária,NAT&VIE,Emb. 0.6 KG,"2,65€","4,42€ / KG",
Néctar Multifruits,ECO+,Emb. 2 LT,"1,39€","0,70€ / LT",
BOLACHAS C/TABLETE CHOCO PRETO,ECO+,Emb. 0.15 KG,"1,05€","7,00€ / KG",
Iogurte Natural 12x125g,ECO+,Emb. 1.5 KG,"1,65€","1,10€ / KG",
Whisky Passport Scotch,PASSPORT,Garrafa 0.7 LT,"10,07€","14,39€ / LT",
Fiambre da Pá,,1 Unid. = 0.12 KG (aprox.),"8,99€/kg","1,08€ / Unid.",
Ração para cão c/ Vaca,ULTIMA,Emb. 7.5 KG,"39,47€","5,26€ / KG",
Escoras Planas Brancas 30-60Cm,ECO+,Emb. 2 UNID.,"1,29€","0,65€ / UNID.",
Salsichão Fatias Tapas,CAMPOFRIO,Emb. 0.08 KG,"1,85€","23,13€ / KG",
Natas Líquidas Magra 4% 3x20cl,DÉLISSE,Emb. 0.08 LT,"1,65€","20,63€ / LT",
VELA NUMERO - 5,ARDENCE,Emb. 1 UNID.,"0,89€","0,89€ / UNID.",
Pescada Argentina Nº1 Congelada,,1 Unid. = 0.6 KG (aprox.),"100,00€/kg","60,00€ / Unid.",
Ketchup 473G,CALVÉ,Emb. 0.473 KG,"3,36€","7,10€ / KG",
BEBIDA LACTEA PARA GATOS ESTERILIZADOS,LYCAT,Emb. 3 UNID.,"2,38€","0,79€ / UNID.",
BEBIDA ARROZ ORIGINAL,ALPRO,Emb. 1 LT,"2,08€","2,08€ / LT",
Água sem Gás,VITALIS,Garrafa 0.75 LT,"0,53€","0,71€ / LT",
FITA COLA INVISIVEL 25M,ESQUISSE,Emb. 1 UNID.,"1,59€","1,59€ / UNID.",
BOLACHAS PARA GELADOS,P'TIT DÉLI,Emb. 0.1 KG,"1,35€","13,50€ / KG",
Fiambre da Perna,CAMPO FINO,1 Unid. = 0.12 KG (aprox.),"9,89€/kg","1,19€ / Unid.",
Chá sem Barriga,DIESE,Emb. 10 UNID.,"0,89€","0,09€ / UNID.",
Cereais Special K Classic,KELLOGG'S,Emb. 0.75 KG,"3,74€","4,99€ / KG",
PALMIERS COM RASPA LIMAO,P'TIT DÉLI,Emb. 0.1 KG,"0,99€","9,90€ / KG",
Gelatina em Pó Tutti-Frutti 2x80 g,TABLIER BLANC,Emb. 0.17 KG,"0,85€","5,00€ / KG",
Garoupa Legitima Cal. 1/3,,1 Unid. = 1.5 KG (aprox.),"9,99€/kg","14,99€ / Unid.",
Creme de Banho Pele Suave,NIVEA,Emb. 0.75 LT,"3,49€","4,65€ / LT",
Vinho do Porto Tawny,FERREIRA,Emb. 0.75 LT,"5,98€","7,97€ / LT",
COOKIES CHOCOLATE C/PEPITAS CHOCOLATE X12,P'TIT DÉLI,Emb. 0.2 KG,"1,39€","6,95€ / KG",
AMACIADOR CONCENTRADO TALCO 72 DOSES,HYPERDOU,Emb. 2 LT,"1,75€","0,88€ / LT",
Ravioli de Vaca com cebola,TURINI,Emb. 0.3 KG,"1,79€","5,97€ / KG",
Açafrão das Índias,MARGÃO,Emb. 0.037 KG,"2,09€","56,49€ / KG",
Chocolate de Leite Triplo Caramelo,MILKA,Emb. 0.09 KG,"1,64€","18,22€ / KG",
Sopa de Tomate,KNORR,Emb. 0.085 KG,"1,49€","17,53€ / KG",
MORANGOS INTEIROS 650G,DOUCEUR DU VERGER,Emb. 0.65 KG,"2,59€","3,98€ / KG",
Queijo Petit Brie,ECO+,Emb. 0.5 KG,"3,59€","7,18€ / KG",
QUEIJO VACA CURADO,LES CROISÉS,Emb. 0.19 KG,"1,99€","10,47€ / KG",
QUEIJO MOZZARELLA RALADO 22% MG,LES CROISÉS,Emb. 0.15 KG,"1,99€","13,27€ / KG",
Desodorizante Roll-On Narta 5 Acções Protection,GARNIER,Emb. 0.05 LT,"3,98€","79,60€ / LT",
Massa Areada,TABLIER BLANC,Emb. 0.23 KG,"1,29€","5,61€ / KG",
Massa Cotovelos sem Glúten,CHAQUE JOUR SANS GLUTEN,Emb. 0.4 KG,"1,49€","3,73€ / KG",
BARRINHAS KINDER CHOCOLATE T24 300G,KINDER,Emb. 0.3 KG,"4,14€","13,80€ / KG",
Batatas Fritas Camponesas Biológicas,,Emb. 0.125 KG,"2,19€","17,52€ / KG",
Bolachas com Pepitas Chocolate sem Açúcar,DIET NATURE,Emb. 0.125 KG,"2,20€","17,60€ / KG",
Tagliatelles Fresco,TURINI,Emb. 0.35 KG,"1,19€","3,40€ / KG",
Creme Fixativo para Próteses Dentárias,POLIDENT,Emb. 0.07 KG,"5,54€","79,14€ / KG",
Ketchup Picante,RUSTICA,Emb. 0.25 KG,"0,99€","3,96€ / KG",
Detergente Omo Máquina Roupa Líquido 40+15 Doses,OMO,Emb. 2.75 LT,"5,99€","2,18€ / LT",
RAVIOLI BOLONHESA 1/2,CÔTÉ TABLE,Emb. 0.4 KG,"1,79€","4,48€ / KG",
LUVAS ULTRA-RESISTENTES- TAMANHO M - 1 PAR,MAMISON,Emb. 1 UNID.,"2,19€","2,19€ / UNID.",
Almôndegas de Carne de Bovino Picada Ultracongelado,ECO+,Emb. 0.9 KG,"7,49€","8,32€ / KG",
Pudim Ananás,BOCA DOCE,Emb. 0.022 KG,"0,49€","22,27€ / KG",
CORVINA +2KG,,1 Unid. = 1.5 KG (aprox.),"12,99€/kg","19,49€ / Unid.",
Arroz Agulha,ORIENTE,Emb. 1 KG,"1,43€","1,43€ / KG",
Azeite Virgem Extra Clássico,GALLO,Garrafa 2 LT,"14,89€","7,45€ / LT",
Alimento Completo Mistura para Caturras,INTERNUTRI,Emb. 1 KG,"1,38€","1,38€ / KG",
Cápsulas de Chá Marrakesh Style Tea,DOLCE GUSTO,Emb. 16 DOSES,"5,95€","0,37€ / DOSES",
Noz-Moscada Moída,RUSTICA,Frasco 0.042 KG,"1,99€","47,38€ / KG",
DETERGENTE MANUAL LOICA FLORAL 500ML,VISIOR,Emb. 0.5,"0,76€","1,52€ /",
Cereais Flocos C/ Mel,NESTUM,Emb. 0.3 KG,"2,19€","7,30€ / KG",
Pantene Liso & Sedoso Champô,PANTENE PV,Emb. 0.25 LT,"3,99€","15,96€ / LT",
"CAFE MAQUINA C/TEMPORIZADOR 1,4L 800W",ELSAY,Emb. 1 UNID.,"22,90€","22,90€ / UNID.",
Vinho Regional Alentejo Branco,MONSARAZ,Garrafa 0.75 LT,"2,68€","3,57€ / LT",
CHA VERDE BIO,,Emb. 20 UN,"1,49€","0,07€ / UN",
Espanador Pack,PRONTO,Emb. 1 P,"4,28€","4,28€ / P",
VINHO FRIZANTE CACHO FRESCO BRANCO.75L,CACHO FRESCO,Emb. 0.075 LT,"1,69€","22,53€ / LT",
Salsicha Frankfurt,CAMPOFRIO,Emb. 0.14 KG,"0,97€","6,93€ / KG",
Presunto Fumado,ECO+,Emb. 0.2 KG,"2,79€","13,95€ / KG",
Ovas de Peixe Lapa Preto,RONDE DES MERS,Emb. 0.1 KG,"3,99€","39,90€ / KG",
Gel de Banho Amêndoas Doces,VASELINE,Emb. 0.7 LT,"2,99€","4,27€ / LT",
Queijo Brique Vaca,LES CROISÉS,Emb. 0.2 KG,"1,99€","9,95€ / KG",
DETERGENTE LIQUIDO ANTI-TRANSFERENCIA CORES 40D,EPSIL,,"3,69€",/ Unid.,
Bolo Recheio Chocolate Clássico,BOLLYCAO,Emb. 0.057 KG,"0,81€","14,21€ / KG",
QUEIJO EDAM FATIADO,ECO+,Emb. 0.2 KG,"1,49€","7,45€ / KG",
Bebida de Arroz Biológica,,Emb. 1 LT,"1,19€","1,19€ / LT",
Iogurte Grego Stracciatella,YAOS,Emb. 0.44 KG,"2,29€","5,20€ / KG",
Puré de Batata Nature,POM'LISSE,Emb. 1 KG,"3,19€","3,19€ / KG",
Conjunto de 4 Escovas Metálicas,ECO+,Emb. 4 UNID.,"3,83€","0,96€ / UNID.",
LINGUICA PICANTE,CAMPO FINO,Emb. 0.15 KG,"1,29€","8,60€ / KG",
PANO SUAVE ULTRA FRESH 2UN,VILEDA,Emb. 2 UNID.,"2,19€","1,10€ / UNID.",
Ice Tea Limão Zero Açúcar,LIPTON,Emb. 1 LT,"1,16€","1,16€ / LT",
Lentilhas Verdes,,Emb. 0.5 KG,"2,69€","5,38€ / KG",
Pao Forma Sem Codea Economico,PANRICO,Emb. 0.45 KG,"2,01€","4,47€ / KG",
Tablete de Chocolate Caramelo,MILKA,Emb. 0.1 KG,"1,62€","16,20€ / KG",
Bolachas Digestivas Chocolate,TRIUNFO,Emb. 0.195 KG,"1,89€","9,69€ / KG",
Verniz de Unhas 60 Segundos 210,RIMMEL,Emb. 1 UNID.,"4,19€","4,19€ / UNID.",
Mix Frutos do Bosque,,Emb. 0.135 KG,"2,37€","17,56€ / KG",
COCO RALADO,TABLIER BLANC,Emb. 0.125 KG,"0,99€","7,92€ / KG",
Iogurte Aroma Tutti-Frutti 4 Unid.,LONGA VIDA,Emb. 0.125 KG,"0,89€","7,12€ / KG",
Champô Purify & Hidrate,TRESEMMÉ,Emb. 0.4 LT,"4,19€","10,48€ / LT",
Puré de Batata Biológico 2x125g,,Emb. 0.25 KG,"2,99€","11,96€ / KG",
Pensos Higiénicos Salvaslip Maxi,EVAX,Emb. 36 UNID.,"2,99€","0,08€ / UNID.",
Chispe de Porco,,1 Unid. = 0.5 KG (aprox.),"2,98€/kg","1,49€ / Unid.",
COOKIES C/ PEPITAS CHOCOLATE E PEDACOS AVELA,P'TIT DÉLI,Emb. 0.2 KG,"1,45€","7,25€ / KG",
SABONETE LIQUIDO PESSEGO 500ML,ECO+,Emb. 0.5 LT,"0,79€","1,58€ / LT",
"BL1 LED ESFERA 3,2W-25W E27",FOXTER,Emb. 1 UNID.,"2,49€","2,49€ / UNID.",
Atum em Óleo,ECO+,Emb. 0.12 KG,"0,64€","5,33€ / KG",
Pacotinho de Frutas Maçã Manga S/ Glúten +6 meses,NESTLÉ BEBÉ,Emb. 0.09 KG,"0,95€","10,56€ / KG",
Grão de Bico Seco,NOTRE JARDIN,Emb. 0.5 KG,"0,99€","1,98€ / KG",
DENTAMYL PLANTAS,DENTAMYL,Emb. 0.075 LT,"0,85€","11,33€ / LT",
Leite Bem Especial 0% de Lactose Meio Gordo,MIMOSA,Emb. 1 LT,"1,29€","1,29€ / LT",
CREME SABOR CHOCOLATE,DÉLISSE,Emb. 0.4 KG,"2,39€","5,98€ / KG",
FARINHA BRANCA NEVE SUPER FINA,BRANCA DE NEVE,Emb. 1 KG,"1,69€","1,69€ / KG",
Limpa Máquinas Limão 5x Power Actions,FINISH,Emb. 1 UNID.,"3,89€","3,89€ / UNID.",
Alimento Húmido P/ Gato Completo 4x400g,LYCAT,Emb. 4 UNID.,"3,40€","0,85€ / UNID.",
Durex Play Lubrificante de Morango,DUREX,Emb. 0.05 LT,"6,99€","139,80€ / LT",
Leite P/ Lactentes 1,NAN,Emb. 0.8 KG,"16,49€","20,61€ / KG",
Leite Condensado Açucarado,DÉLISSE,Lata 0.397 KG,"1,09€","2,75€ / KG",
PILHAS ALCALINAS LR6,FOXTER,Emb. 8 UNID.,"1,79€","0,22€ / UNID.",
ESPUMA BARBEAR DERMO P.SENSIVEIS 250ML,CARRÉ HOMME,Emb. 0.25 LT,"1,49€","5,96€ / LT",
Vinho Frutado Branco,SALVE,Garrafa 0.75 LT,"1,29€","1,72€ / LT",
Seleção de Frutos Secos,MARQUE REPERE,Emb. 0.2 KG,"5,39€","26,95€ / KG",
PENSOS DIARIOS 30UN,ECO+,Emb. 30 UNID.,"0,79€","0,03€ / UNID.",
Gelatina Morango 4 Unid.,ROYAL,Emb. 0.4 KG,"1,95€","4,88€ / KG",
Spray Limpeza Ecrãs,LINKSTER,Emb. 0.2 LT,"3,99€","19,95€ / LT",
Neoblanc Densa+,NEOBLANC,Emb. 2 LT,"2,58€","1,29€ / LT",
Desodorizante Roll On Men Cool Kick,NIVEA MEN,Emb. 0.05 LT,"2,39€","47,80€ / LT",
Óleo Cedro Líquido,PRONTO,Emb. 0.25 LT,"3,58€","14,32€ / LT",
IOGURTE BAUNILHA FRASCO,DÉLISSE,Emb. 0.5 KG,"1,39€","2,78€ / KG",
Leite Bem Especial Crescimento a partir de 3 anos,MIMOSA,Emb. 1 LT,"1,78€","1,78€ / LT",
Maionese,HELLMANN'S,Emb. 0.763 KG,"4,84€","6,34€ / KG",
Amaciador Condicionador,TRESEMMÉ,Emb. 0.5 LT,"4,19€","8,38€ / LT",
Salmão Posta,,1 Unid. = 0.25 KG (aprox.),"12,99€/kg","3,25€ / Unid.",
Conserva de Salsichas Aves 8 Unid.,NOBRE,Lata 0.2 KG,"1,09€","5,45€ / KG",
Café Latte Caramel 8 Unid.,NESCAFÉ,Emb. 0.136 KG,"3,09€","22,72€ / KG",
Toalhitas Activity 4x54 Unid.,DODOT,Emb. 216 UNID.,"7,99€","0,04€ / UNID.",
Fósforos de Segurança Longos 3x40 unid.,SILEX,Emb. 3 UNID.,"2,36€","0,79€ / UNID.",
BLOCO SANITARIO ACTIV EFFECT LAVANDA 3UN,SYPHON,Emb. 3 UNID.,"1,29€","0,43€ / UNID.",
Carte D'Or Gelado Limão,CARTE D'OR,Emb. 0.9 LT,"3,29€","3,66€ / LT",
QUEIJO MIMOLETTE 12MESES CURA,NOS RÉGIONS ONT DU TALENT,Emb. 0.2 KG,"2,99€","14,95€ / KG",
CANETA FELTRO PONTA FINA VARIAS CORES 18UN,ESQUISSE,Emb. 18 UNID.,"2,49€","0,14€ / UNID.",
Pantene Cuidado Clássico Champô 3 Em 1,PANTENE PV,Emb. 0.3 LT,"4,99€","16,63€ / LT",
Ice Tea de Limão,FRESH TEA,Garrafa 1.5 LT,"1,25€","0,83€ / LT",
"ALIMENT BEBE: IOGURTE CREMOSO COCO, MACA, ANANAS E BANANA BIO 8M",BIO VILLAGE BEBE,,"3,99€",/ Unid.,
Bolachas Maria Dorada,GULLÓN,Emb. 0.6 KG,"3,30€","5,50€ / KG",
Escovas Júnior,AQUAFRESH,Emb. 1 UNID.,"2,29€","2,29€ / UNID.",
"Água sem Gás 6x1,5L",VITALIS,Emb. 9 LT,"2,59€","0,29€ / LT",
Azeitonas Pretas Inteiras,RUSTICA,Emb. 0.225 LT,"0,99€","4,40€ / LT",
Linguas de Gato Sabor a Canela,P'TIT DÉLI,Emb. 0.2 KG,"0,69€","3,45€ / KG",
ARROZ SUSHI,CAÇAROLA,Emb. 1 KG,"1,99€","1,99€ / KG",
Sumo Active Drink Manga Cenoura,SANTAL,Emb. 1.5 LT,"2,04€","1,36€ / LT",
Nível De Bolha 60Cm,FOXTER,Emb. 1 UNID.,"9,99€","9,99€ / UNID.",
Amaciador concentrado intense care repair,COMFORT,Emb. 60 DOSES,"3,99€","0,07€ / DOSES",
Snack P/ Gato Sabor do Oceano,FELIX,Emb. 0.2 KG,"3,83€","19,15€ / KG",
Champô Protecção da Cor,TRESEMMÉ,Emb. 0.5 LT,"4,19€","8,38€ / LT",
PENSOS HIGIENICOS MAXI NOITE 10UN,ECO+,Emb. 10 UNID.,"0,95€","0,10€ / UNID.",
Vinho Regional Lisboa Branco,PROVA RÉGIA,Garrafa 0.75 LT,"3,99€","5,32€ / LT",
Caldo de Carne,KNORR,Emb. 16 CUBOS,"2,39€","0,15€ / CUBOS",
Iogurte de Alperce 4 Unid.,IOGOLINO,Emb. 0.4 KG,"2,29€","5,73€ / KG",
Papel Higiénico Extra XXL 2 Folhas,RENOVA,Emb. 24 ROLOS,"12,63€","0,53€ / ROLOS",
Costeletas Mistas de Porco,,1 Unid. = 0.435 KG (aprox.),"4,89€/kg","2,13€ / Unid.",
Nata com 3 Queijos,PARMALAT,Emb. 0.2 LT,"1,23€","6,15€ / LT",
Arroz Carolino,,Emb. 1 KG,"0,95€","0,95€ / KG",
Refrigerante S/ Gás Laranja,JAFADEN,Garrafa 1.5 LT,"0,99€","0,66€ / LT",
TOALHITAS P/ADULTOS X64,CHORYS,Emb. 64 UNID.,"2,24€","0,04€ / UNID.",
Sriracha,PALADIN,Emb. 0.25 LT,"2,46€","9,84€ / LT",
AirWick  Comp Pure Flor Cerejeira,AIRWICK,Emb. 1 UNID.,"5,39€","5,39€ / UNID.",
BATATAS FRITAS ONDULADAS SABOR A KETCHUP,POM'LISSE,Emb. 0.135 KG,"1,19€","8,81€ / KG",
LAMPADA STICK 11W E14,FOXTER,Emb. 1 UNID.,"2,99€","2,99€ / UNID.",
Caldo de Carne Menos 30% Sal,KNORR,Emb. 0.08 KG,"1,49€","18,63€ / KG",
Pão Centeio,,1 Unid. = 0.4 KG,"2,15€","5,38€ / KG",
Bebida à Base de Avelã,NAT&VIE,Emb. 1 LT,"1,79€","1,79€ / LT",
CHAMPO PARA ANIMAIS PERFUMADO,P'TIT AMI,Emb. 0.5 LT,"2,49€","4,98€ / LT",
Lava Tudo Gel Ativo com Lixívia,CIF,Emb. 0.75 LT,"1,39€","1,85€ / LT",
Pipocas Doces,TOKAPI,Emb. 0.1 KG,"0,80€","8,00€ / KG",
MACARONS 12UN,AUTOUR DU DESSERT,Emb. 0.154 KG,"5,79€","37,60€ / KG",
Bebida Energética Energy Drink,RED BULL,Lata 0.25 LT,"1,33€","5,32€ / LT",
PAIO LOMBO FATIADO,CAMPO FINO,Emb. 0.15 KG,"0,50€","3,33€ / KG",
SALMAO C/ MOLHO DE AZEDAS,CÔTÉ TABLE,Emb. 0.3 KG,"3,29€","10,97€ / KG",
Vinho Tinto do Tejo Reserva,CABEÇA DE TOIRO,Emb. 0.75 LT,"7,49€","9,99€ / LT",
Pensos Higiénicos Maxi Normal Pocket,DOULYS,Emb. 18 UNID.,"1,15€","0,06€ / UNID.",
Sultana Dourada,MARQUE REPERE,Emb. 0.2 KG,"1,49€","7,45€ / KG",
Vinho Regional Alentejo Branco,PORTA DA RAVESSA,Garrafa 0.75 LT,"2,19€","2,92€ / LT",
CEREAIS MUESLI 5 FRUTAS,GRAINEA,Emb. 0.5 KG,"2,39€","4,78€ / KG",
Óleo Intense 12-0 Aclarante Extremo,SYOSS,,"6,24€",/ Unid.,
Fettuccini Fresco,TURINI,Emb. 0.35 KG,"1,19€","3,40€ / KG",
Alimento Completo Cereais P/ Porquinhos-da-Índia,TOUS MES AMIS,Emb. 2.5 KG,"5,99€","2,40€ / KG",
Conserva de Verde Extra Fino,NOTRE JARDIN,Lata 0.44 KG,"2,19€","4,98€ / KG",
MUESLI C/ AVEIA E FRUTOS SECOS BIO E S/GLUTEN,CHAQUE JOUR SANS GLUTEN,Emb. 0.375 KG,"3,39€","9,04€ / KG",
Espumante Reserva Tinto Bruto,ALIANÇA,Garrafa 0.75 LT,"6,39€","8,52€ / LT",
Johnson's Baby Champô Gotas de Brilho,JOHNSON'S BABY,Emb. 0.5,"5,59€","11,18€ /",
Pacotinho de Frutas Banana Laranja e Bolacha +6 meses,NATURNES,Emb. 0.09 KG,"0,96€","10,67€ / KG",
CRACKERS- BOLACHAS SALGADAS CROCANTES,TOKAPI,Emb. 0.1 KG,"0,69€","6,90€ / KG",
Café Pastilhas Arábica Pure Biológico,,Emb. 18 PAST.,"2,99€","0,17€ / PAST.",
Iogurte Líquido Danonino Bebedino Tutti-Frutti 4x100g,DANONE,Emb. 0.4 KG,"1,79€","4,48€ / KG",
Favas Fritas C/ Sal,MARQUE REPERE,Emb. 0.2 KG,"1,25€","6,25€ / KG",
Molho Bifana com Mostarda,CALVÉ,Emb. 0.26 KG,"2,29€","8,81€ / KG",
Mão de Borrego,,1 Unid. = 1 KG (aprox.),"11,98€/kg","11,98€ / Unid.",
Legumes Grelhados Salteados Congelados,NOTRE JARDIN,Emb. 0.75 KG,"2,99€","3,99€ / KG",
Mini Tostas Redondas,BIMBO,Emb. 0.1 KG,"1,24€","12,40€ / KG",
Vinagre Balsâmico Branco,GALLO,Emb. 0.25 LT,"1,69€","6,76€ / LT",
Refrigerante S/ Gás Laranja Maracujá,JAFADEN,Garrafa 1.5 LT,"0,99€","0,66€ / LT",
Massa Letras,MILANEZA,Emb. 0.25 KG,"0,75€","3,00€ / KG",
Manga Aérea,,1 Unid. = 0.5 KG (aprox.),"3,89€/kg","1,95€ / Unid.",
Fraldas Incontinência Máxima G,LINDOR,Emb. 46 UNID.,"28,74€","0,62€ / UNID.",
CONDICIONADOR CABELOS FRAGEIS E QUEBRADICOS 250ML,NATEIS,Emb. 0.25 LT,"1,69€","6,76€ / LT",
ELASTICOS COR/TAMANHOS SORTIDOS 50G,ESQUISSE,Emb. 1 UNID.,"0,99€","0,99€ / UNID.",
Moinho Pimenta Preta,MARGÃO,Emb. 0.035 KG,"3,89€","111,14€ / KG",
Champô Liso Asiático para Cabelo Frisado e Rebelde,GLISS,Emb. 0.25 LT,"2,24€","8,96€ / LT",
Marshmallow com Sabor Baunilha,COPAÍNS COPINES,Emb. 0.3 KG,"1,59€","5,30€ / KG",
Caldos Molho Cervejeira 8 Cubos,KNORR,Emb. 0.072 KG,"1,49€","20,69€ / KG",
Massa Pevide,MILANEZA,Emb. 0.25 KG,"0,78€","3,12€ / KG",
BOLACHAS AREADAS C/ RECH AVELAS E CACAU MAGRO,P'TIT DÉLI,Emb. 0.125 KG,"1,59€","12,72€ / KG",
Pensos Higiénicos Respirare Normal,CAREFREE,Emb. 44 UNID.,"2,79€","0,06€ / UNID.",
Chouriço Corrente com Colorau,,Emb. 1 KG,"4,49€","4,49€ / KG",
Néctar Clássico Pêssego,COMPAL,Emb. 0.33 LT,"0,72€","2,18€ / LT",
Molho Madeira,RUSTICA,Emb. 0.3 LT,"1,39€","4,63€ / LT",
Whisky Classic Black 5,LABEL 5,Garrafa 0.7 LT,"9,99€","14,27€ / LT",
TERRA UNIVERSAL,ECO+,Emb. 40 LT,"2,95€","0,07€ / LT",
Café em Grão,LAVAZZA,Emb. 0.5 KG,"6,22€","12,44€ / KG",
Fio Dentário,COLGATE,Emb. 1 UNID.,"3,49€","3,49€ / UNID.",
Vinho Regional Alentejo Tinto,TERRAS D'EL REI,Garrafa 0.75 LT,"1,94€","2,59€ / LT",
Ração Seca Light Frango P/ Cão,FRISKIES,Emb. 3 KG,"11,22€","3,74€ / KG",
Vinagre Balsâmico de Modène,RUSTICA,Garrafa 0.5 LT,"1,99€","3,98€ / LT",
Champô Anti-Caspa Men Controlo De Oleosidade,LINIC,Emb. 0.225 LT,"3,34€","14,84€ / LT",
Desodorizante Pear e Aloe Vera Spray,DOVE,Emb. 0.15 LT,"2,69€","17,93€ / LT",
Água de Colónia com Glicerina e Chá Branco,HENO DE PRAVIA,Emb. 0.78 LT,"6,73€","8,63€ / LT",
SPRAY ANTICALCARIO WC ECOLOGICO 750ML,UNÍ VERT,Emb. 0.75 LT,"1,89€","2,52€ / LT",
Canela em Pó,RUSTICA,Frasco 0.035 KG,"0,89€","25,43€ / KG",
CUECA INCONTINENCIA TAM M,CHORYS,Emb. 14 UNID.,"6,74€","0,48€ / UNID.",
Caldo de Carne,KNORR,Emb. 8 CUBOS,"1,39€","0,17€ / CUBOS",
Chá de Maçã e Canela,TISÉA,Emb. 25 SAQ.,"1,24€","0,05€ / SAQ.",
Doce de Abóbora,CASA MATEUS,Frasco 0.345 KG,"2,47€","7,16€ / KG",
Cápsulas Café Alumínio Nespresso Brasil,SEGAFREDO,Emb. 10 UN,"4,44€","0,44€ / UN",
Azeite,OLIVEIRA DA SERRA,Garrafão 3 LT,"15,67€","5,22€ / LT",
Sabonete Líquido para as Mãos,DOVE,Emb. 0.25 LT,"2,39€","9,56€ / LT",
Cerveja Aromatizada Rum,DESQUILES,Emb. 0.5 LT,"0,99€","1,98€ / LT",
Sobremesa Creme de Chocolate 4x125g,DÉLISSE,Emb. 0.5 KG,"0,99€","1,98€ / KG",
Hambúrguer de Carne de Vaca 8 Unid. Ultracongelado,IGLO,Emb. 0.64 KG,"8,49€","13,27€ / KG",
Refrigerante com Gás Laranja,SUMOL,Garrafa 1.25 LT,"1,33€","1,06€ / LT",
Cereais Flakes,CUÉTARA,Emb. 0.5 KG,"2,99€","5,98€ / KG",
Cereais Muesli Chocolate e Quinoa Biológico,,Emb. 0.375 KG,"2,99€","7,97€ / KG",
Areia Higiénica para Gato,ECO+,Emb. 7 LT,"1,42€","0,20€ / LT",
Detergente Roupa Máquina Pó Skip Lavanda 66d,SKIP,,"12,49€",/ Unid.,
Alimento Completo Cereais P/ Coelhos Anões,TOUS MES AMIS,Emb. 0.8 KG,"1,99€","2,49€ / KG",
Regulador Ph Mais Líquido,BEAUX JOURS,Emb. 6 LT,"17,90€","2,98€ / LT",
BOLACHAS AREADAS C/ RECH MACA E FRAMBOESA,P'TIT DÉLI,Emb. 0.1 KG,"1,49€","14,90€ / KG",
Conserva de Feijão Encarnado Da Horta,COMPAL,Lata 0.42 KG,"0,99€","2,36€ / KG",
Desodorizante Cucumber & Green Tea S/ áçcool e Alumínio,DOVE,Emb. 0.15 LT,"2,84€","18,93€ / LT",
Canela Moída,RUSTICA,Emb. 0.04 KG,"0,50€","12,50€ / KG",
SACO TERMICO 31L,WOODSUN,Emb. 1 UNID.,"15,90€","15,90€ / UNID.",
SARDINHA OLEO DE GIRASSOL,PÊCHE OCÉAN,Emb. 0.12 KG,"0,99€","8,25€ / KG",
SECADOR CABELO 2000W,ELSAY,Emb. 1 UNID.,"12,99€","12,99€ / UNID.",
CASTANHAS CONGELADAS,,Emb. 1 KG,"9,99€","9,99€ / KG",
SABONETE SOLIDO BEBE BIO CORPO E CABELO,MOTS D'ENFANTS,,"1,45€",/ Unid.,
Vinho Verde Branco,GAZELA,Garrafa 0.75 LT,"3,35€","4,47€ / LT",
Rissóis de Leitão 6 Unid.,SNR,Emb. 0.275 KG,"3,45€","12,55€ / KG",
Bolachas Digestivas Tradicionais,THINS,Emb. 0.174 KG,"2,05€","11,78€ / KG",
Sardinhas em Tomate Biológico,BOM PETISCO,Emb. 0.12 KG,"1,39€","11,58€ / KG",
TOSTAS FINAS NATURA,EPI D'OR,Emb. 0.1 KG,"1,19€","11,90€ / KG",
Ketchup,CALVÉ,Emb. 0.84 KG,"4,39€","5,23€ / KG",
Mix Cogumelos Embadado,,1 Unid. = 0.2 KG (aprox.),"5,99€","29,95€ / KG",
BOLACHAS PETIT BEURRE C/ TABLETE CHOCOLATE LEITE POCKET,P'TIT DÉLI,Emb. 0.268 KG,"2,69€","10,04€ / KG",
Vinho de Mesa Tinto,CASAL DA EIRA,Emb. 0.25 LT,"0,62€","2,48€ / LT",
CHOUCROUTE,CÔTÉ TABLE,Emb. 0.42 KG,"1,59€","3,79€ / KG",
SKYR NATURAL 450G,DÉLISSE,Emb. 0.45 KG,"1,83€","4,07€ / KG",
Mamão,,1 Unid. = 1.2 KG (aprox.),"4,99€/kg","5,99€ / Unid.",
Polpa de Tomate,ECO+,Emb. 0.5 KG,"0,75€","1,50€ / KG",
Loção para Corpo Hidatrante Express 48h Pele Normal a Seca,NIVEA BODY,Emb. 0.4 LT,"5,99€","14,98€ / LT",
IOGURTE GREGO STRACCIATELLA,DÉLISSE,Emb. 0.6 KG,"1,99€","3,32€ / KG",
Coco Ralado,FERBAR,Emb. 0.2 KG,"2,09€","10,45€ / KG",
CUECA INCONTINENCIA TAM L,CHORYS,Emb. 14 UNID.,"6,74€","0,48€ / UNID.",
Batatas Fritas Light,POM'LISSE,Emb. 0.15 KG,"0,95€","6,33€ / KG",
Iogurte Líquido Morango 6x100g,DANACOL,Emb. 0.6 KG,"2,99€","4,98€ / KG",
Vinho Regional Península de Setúbal Branco,DONA ERMELINDA,Garrafa 0.75 LT,"5,19€","6,92€ / LT",
Marreta,FOXTER,Emb. 1 UNID.,"7,99€","7,99€ / UNID.",
GEL BARBEAR REVITALIZANTE 200ML,CARRÉ HOMME,Emb. 0.2 LT,"1,75€","8,75€ / LT",
Johnson's Baby Spray para Cabelo Penteia,JOHNSON'S BABY,Emb. 0.2 LT,"4,39€","21,95€ / LT",
Conserva de Atum Albacore Inteiro 2x200g,PÊCHE OCÉAN,Emb. 0.4 KG,"4,29€","10,73€ / KG",
Salada Gourmet,,Emb. 0.15 KG,"1,02€","6,80€ / KG",
Maionese Top Down,CALVÉ,Emb. 0.24 KG,"1,39€","5,79€ / KG",
Barras Hero De Cereais Muesli Chocolate Leite 6x25g,HERO,Emb. 0.15,"1,79€","11,93€ /",
Farfalle,TRADIZIONI D'ITALIA,Emb. 0.5 KG,"1,59€","3,18€ / KG",
Eau De Toilette Umbro Ice,UMBRO,Emb. 0.03 LT,"6,21€","207,00€ / LT",
Iogurte Grego Framboesa Amora 4x150g,DÉLISSE,Emb. 0.6 KG,"1,99€","3,32€ / KG",
Whisky The Famous Grouse,FAMOUS GROUSE,Garrafa 0.7 LT,"13,99€","19,99€ / LT",
Sumo 100% Laranja Brasil,JAFADEN,Emb. 1 LT,"1,55€","1,55€ / LT",
PAEZINHOS TRIGO TORRADOS BIO,,Emb. 0.225 KG,"1,39€","6,18€ / KG",
Tira Nódoas Gold Power Gel,VANISH,Emb. 0.2 LT,"4,54€","22,70€ / LT",
Espumante Meio Seco,COMP DO VINHO,Garrafa 0.75 LT,"3,29€","4,39€ / LT",
Ervilhas Ultracongeladas,IGLO,Emb. 0.7 KG,"3,83€","5,47€ / KG",
Ervas de Provence,RUSTICA,Frasco 0.018 KG,"0,79€","43,89€ / KG",
Lápis para Colorir em Caixa de Metal,ESQUISSE,Emb. 18 UNID.,"3,99€","0,22€ / UNID.",
Detergente Líquido Multisuperficies Rosas e Jasmim,SONASOL,Emb. 1.3 LT,"2,09€","1,61€ / LT",
Bolachas Sortido,PRINCESA,Emb. 0.2 KG,"2,15€","10,75€ / KG",
CEREAIS PETALAS NATURAL,GRAINEA,Emb. 0.44 KG,"1,49€","3,39€ / KG",
Bolachas com Cobertura de Chocolate Preto,,Emb. 0.2 KG,"1,39€","6,95€ / KG",
GRESSINOS SESAME,TOKAPI,Emb. 0.125 KG,"1,25€","10,00€ / KG",
Manteiga Magra Sal,PRÉSIDENT,Emb. 0.25 KG,"2,54€","10,16€ / KG",
TOALHITAS PARA MAOS LIMAO,CLAIR,Emb. 24 UNID.,"1,85€","0,08€ / UNID.",
Capucino Chocolate,PLANTATION,Emb. 0.287 KG,"2,69€","9,37€ / KG",
Leite de Transição 2 +6 meses,NAN,Emb. 0.8 KG,"12,34€","15,43€ / KG",
Bloco Sanitário Blue Activ,SONASOL WC,Emb. 0.05 KG,"1,94€","38,80€ / KG",
Mini Rissóis de Camarão 20 Unid.,SNR,Emb. 0.333 KG,"3,30€","9,91€ / KG",
Vinho do Porto Special Reserve,PORTO CRUZ,Emb. 0.75 LT,"9,99€","13,32€ / LT",
Bolinhas de Bacalhau 20 Unid.,SNR,Emb. 0.334 KG,"3,75€","11,23€ / KG",
Pantene Volume & Brilho Máscara 160 ml,PANTENE PV,Emb. 0.16 LT,"5,99€","37,44€ / LT",
Ambientador Absorve Odores Relax Zen 2x150gr,BRISE,Emb.  0.3 KG,"2,99€","9,97€ / KG",
GORGONZOLA DOP,TRADIZIONI D'ITALIA,Emb. 0.2 KG,"2,99€","14,95€ / KG",
Toalhitas Bebé,ECO+,Emb. 72 UNID.,"0,75€","0,01€ / UNID.",
Miolo de Caju C/ Piripiri,MARQUE REPERE,Emb. 0.25 KG,"4,19€","16,76€ / KG",
Água com Gás 10x25 cl TP,PEDRAS SALGADAS,Emb. 2.5 LT,"4,29€","1,72€ / LT",
Air Wick Sticks Perfumados Flor de Cerejeira x5,AIRWICK,Emb. 0.025 LT,"7,19€","287,60€ / LT",
Néctar Multifruits,JAFADEN,Emb. 2 LT,"1,69€","0,85€ / LT",
Aerossol Air Nuvens de Algodão,AMBIPUR,Emb. 0.3 LT,"3,98€","13,27€ / LT",
Cerveja Marigold Alemanha,MARIGOLD,Emb. 0.33 LT,"1,88€","5,70€ / LT",
DETERGENTE LIQUIDO SENSITIVE 40D,EPSIL,,"4,35€",/ Unid.,
Ice Tea Pêssego,FRESH TEA,Garrafa 1.5 LT,"1,25€","0,83€ / LT",
Massa Cotovelinhos,MILANEZA,Emb. 0.5 KG,"1,19€","2,38€ / KG",
FEIJAO CATARINO SACO,NOTRE JARDIN,Emb. 1 KG,"1,89€","1,89€ / KG",
SACO ASPIRADOR S201,ELSAY,Emb. 1 UNID.,"3,49€","3,49€ / UNID.",
COLA GEL 30ML,ESQUISSE,Emb. 1 UNID.,"1,49€","1,49€ / UNID.",
Queijo Mozzarella Biológico,,Emb. 0.125 KG,"1,29€","10,32€ / KG",
PAO COM CHOCOLATE (NAPOLITANAS) X12 (SAQ INDIVIDUAL),EPI D'OR,Emb. 0.54 KG,"2,99€","5,54€ / KG",
Iogurte Bifidus Magro Líquido Activia Pêssego Maracujá 4 Unid.,ACTIVIA,Emb. 0.62 KG,"1,99€","3,21€ / KG",
Marcadores para Colorir,ECO+,Emb. 12 UNID.,"0,99€","0,08€ / UNID.",
Cherne,,1 Unid. = 1.5 KG (aprox.),"34,99€/kg","52,49€ / Unid.",
Salsicha Fresca de Porco Picante Embalada,,Emb. 0.6 KG (aprox.),"2,59€/kg","1,55€ / Unid.",
AFIA 2 ENTRADAS METAL,ESQUISSE,Emb. 1 UNID.,"1,39€","1,39€ / UNID.",
BRINQUEDO VINYL P/CAO PEQ.,P'TIT AMI,Emb. 1 UNID.,"2,99€","2,99€ / UNID.",
BOLSA CATALOGO A4 50UN,ESQUISSE,Emb. 50 UNID.,"3,99€","0,08€ / UNID.",
Queijo Curado de Ovelha Amanteigado 500Gr,OURO DO PASTOR,0.5 KG,"14,39€","28,78€ / KG",
BL1 LED FILA CHAMA 2-25W E14,FOXTER,Emb. 1 UNID.,"2,99€","2,99€ / UNID.",
Sidra com Álcool Maça 4x33cl,SOMERSBY,Emb. 1.32 LT,"3,99€","3,02€ / LT",
Sumo S/ Gás Tropical,ECO+,Emb. 2 LT,"1,59€","0,80€ / LT",
Tempero de Alho & Salsa 8 Cubos,KNORR,Emb. 0.072 KG,"1,49€","20,69€ / KG",
Vinagre de Álcool Cristal,ECO+,Garrafa 1.5 LT,"1,15€","0,77€ / LT",
Toalhitas Limpa Óculos,CLAIR,Emb. 54 UNID.,"1,29€","0,02€ / UNID.",
Farinha S/ Fermento T65,NACIONAL,Emb. 1 KG,"1,04€","1,04€ / KG",
PILHAS ALCALINAS LR6 TECH+,FOXTER,Emb. 8 UNID.,"3,59€","0,45€ / UNID.",
NATAS LIQUIDAS LIGHT UHT BIO,,Emb. 0.6 KG,"3,55€","5,92€ / KG",
PURE MACA/AMEIXA SEM ADICAO ACUCAR,DOUCEUR DU VERGER,Emb. 0.388 KG,"1,39€","3,58€ / KG",
Rolo de Cozinha Extra XXL,RENOVA,Emb. 1 ROLO,"1,19€","1,19€ / ROLO",
Queijo Le Brie,PRÉSIDENT,Emb. 0.2 KG,"3,77€","18,85€ / KG",
RECARGA MOPA SECA,,Emb. 1 UNID.,"3,80€","3,80€ / UNID.",
Iogurte Bifidus Líquido Morango e Kiwi 0% 4 Unid.,DANONE,Emb. 0.62 KG,"1,99€","3,21€ / KG",
Bolachas Wafer de Limão,VIEIRA,Emb. 0.125 KG,"1,14€","9,12€ / KG",
ESPIRAIS,TURINI,Emb. 1 KG,"1,74€","1,74€ / KG",
TRANSPORTADORA P/CAO 48CM 1UN P'TIT AMI,P'TIT AMI,Emb. 1 UNID.,"12,99€","12,99€ / UNID.",
Tablete Milka Leite,MILKA,Emb. 0.1 KG,"1,62€","16,20€ / KG",
Biscoitos Tranças com Cobertura de Chocolate de Leite,P'TIT DÉLI,Emb. 0.09 KG,"1,49€","16,56€ / KG",
Vinho Regional Península de Setúbal Branco,SERRAS DE AZEITÃO,Garrafa 0.75 LT,"2,64€","3,52€ / LT",
Batatas Pré-Fritas Finas Forno Óleo Girassol,POM'LISSE,Emb. 0.6,"1,39€","2,32€ /",
Snack P/ Gato Crispies C/ Sabor a Frango e Carne de Vaca,FELIX,Emb. 0.45 KG,"1,79€","3,98€ / KG",
ENVELOPE SILICONE 114X162MM 100UN,ECO+,Emb. 100 UNID.,"1,57€","0,02€ / UNID.",
Adoçante,CANDEREL,Emb. 100 UNID.,"2,39€","0,02€ / UNID.",
OSSOS P/ MASTIGAR RECHEADOS C/ VACA P/ CAO 2UN,TOUS MES AMIS,Emb. 2 UNID.,"1,39€","0,70€ / UNID.",
Pão de Forma sem Côdea 9 Cereais,PANRICO,Emb. 0.48 KG,"1,55€","3,23€ / KG",
Néctar Clássico Manga,JAFADEN,Emb. 1 LT,"0,99€","0,99€ / LT",
CONDICIONADOR EXTRA COR,VITANOVE,Emb. 0.2 LT,"1,24€","6,20€ / LT",
Couve Brócolo,,1 Unid. = 0.27 KG (aprox.),"2,99€/kg","0,81€ / Unid.",
Pastel de Nata,,1 Unid. = 0.048 KG,"0,46€","9,58€ / KG",
Amaciador para a Roupa Pure,COMFORT,Emb. 78 DOSES,"3,99€","0,05€ / DOSES",
MINI AGRAFADOR Nº10 + 400AGRAFOS,ESQUISSE,Emb. 1 UNID.,"3,29€","3,29€ / UNID.",
TESOURA 16CM,ESQUISSE,Emb. 1 UNID.,"2,29€","2,29€ / UNID.",
PILHAS BOTAO LR44,FOXTER,Emb. 5 UNID.,"1,29€","0,26€ / UNID.",
Néctar Clássico Pêssego 3 Unid.,JAFADEN,Emb. 0.6 LT,"0,89€","1,48€ / LT",
Iogurte de Pedaços Cereais e Avelã,MIMOSA,Emb. 0.48 KG,"1,49€","3,10€ / KG",
Aquafresh Active White  125ml,AQUAFRESH,,"2,79€",/ Unid.,
Bolachas Cookies Pepitas de Chocolate,CHIPS AHOY,Emb. 0.128 KG,"1,81€","14,14€ / KG",
Leite Achocolatado Light 6x250ml,UCAL,Emb. 1.5 LT,"5,59€","3,73€ / LT",
Coloração Longa Duração Belle Color 3 Castanho Escuro,GARNIER,Emb. 1 UNID.,"5,99€","5,99€ / UNID.",
BL1 LED STANDARD 8W-75W E27 LUZ AMARELA,FOXTER,Emb. 1 UNID.,"6,59€","6,59€ / UNID.",
Lanche Misto,,1 Unid. = 0.09 KG,"0,89€","9,89€ / KG",
FIAMBRE PERNA EXTRA MAGRO -25% TEOR SAL 4F,TRADILÈGE,Emb. 0.16 KG,"2,59€","16,19€ / KG",
Mateus Rosé,MATEUS,Garrafa 0.75 LT,"3,98€","5,31€ / LT",
Cerveja C/ Álcool 24 Unid.,MÍLLBRAU,Emb. 6 LT,"7,39€","1,23€ / LT",
Maracujá Roxo,,1 Unid. = 0.1 KG (aprox.),"7,99€/kg","0,80€ / Unid.",
GELADO TRIUM LIMAO MERENGADO COB. CHOCO BRANCO 4UN,TRIUM,Emb. 4 UNID.,"2,25€","0,56€ / UNID.",
Mistura de Frutos do Bosque,MARQUE REPERE,Emb. 0.2 KG,"2,99€","14,95€ / KG",
"ALIMENT BEBE: PURE FEIJAO VERDE, BATATA BIO +4M  2X120G",BIO VILLAGE BEBE,Emb. 0.24 KG,"1,35€","5,63€ / KG",
Vinho Regional Alentejano Branco,QUINTA DO CARMO,Garrafa 0.75 LT,"9,59€","12,79€ / LT",
Recarga Máquina de Barbear Sensor Excel,GILLETTE,Emb. 5 UNID.,"10,49€","2,10€ / UNID.",
Iogurte Grego Natural,DÉLISSE,Emb. 1 KG,"2,25€","2,25€ / KG",
Água Coco 100% Natural,JAFADEN,Emb. 1 LT,"2,39€","2,39€ / LT",
Água com Gás Limão 4x25 cl,FRIZE,Emb. 1 LT,"2,58€","2,58€ / LT",
Concentrado Laranja,SUNQUICK,Garrafa 0.7 LT,"5,56€","7,94€ / LT",
GELATINA FRUTOS TROPICAIS LIGHT CONDI 2X15,CONDI,Emb. 0.3 KG,"1,79€","5,97€ / KG",
Amendoins Torrados C/ Sal,TOKAPI,Emb. 0.25 KG,"1,09€","4,36€ / KG",
DETERGENTE MANUAL LOICA CONCENTRADO MENTA/EUCALIPTO ECOLOGICO 500ML,UNÍ VERT,Emb. 0.5 LT,"1,49€","2,98€ / LT",
Grelos de Couve,,1 Unid. = 1 KG (aprox.),"2,25€/kg","2,25€ / Unid.",
Ambientador Recarga Elétrico Lavanda e Aloé Vera,GLADE,Emb. 2 UNID.,"7,18€","3,59€ / UNID.",
Gelatina Light Sabor a Morango,TABLIER BLANC,Emb. 0.031 KG,"0,79€","25,48€ / KG",
Tablete de Chocolate Leite,NESTLÉ,Emb. 0.125 KG,"1,79€","14,32€ / KG",
SALSICHA FRANCFORT 4UN,TRADILÈGE,,"2,09€",/ Unid.,
Água sem Gás Mineral Sport,LUSO,Emb. 0.75 LT,"0,66€","0,88€ / LT",
Carne de Porco Salgada C/ Lentilhas,CÔTÉ TABLE,Emb. 0.42 KG,"1,79€","4,26€ / KG",
Cereais Mel Zero,NESTUM,Emb. 0.25 KG,"2,09€","8,36€ / KG",
BATOM NUTRITIVO 2UN,INELL,Emb. 2000 UNID.,"1,89€","0,00€ / UNID.",
Conserva de Pickles em Vinagre,RUSTICA,Emb. 0.3 KG,"1,99€","6,63€ / KG",
Alimento Húmido P/ Gato Vários Sabores,GOURMET GOLD,Emb. 0.34 KG,"3,35€","9,85€ / KG",
GOMAS ACIDAS COLA,COPAÍNS COPINES,Emb. 0.275 KG,"1,39€","5,05€ / KG",
Ice Tea Limão Zero Açúcar,LIPTON,Emb. 0.6 LT,"1,13€","1,88€ / LT",
Manteiga Magra,MIMOSA,Emb. 0.25 KG,"2,24€","8,96€ / KG",
Preparado de Carne Bovino Picada,FERIAL,Emb. 1 KG,"9,99€","9,99€ / KG",
TERRA UNIVERSAL BIO 20L,BEAUX JOURS,Emb. 20 LT,"2,50€","0,13€ / LT",
IOGURTE DELILIGHT 0% IOG.NATURAL,DÉLISSE,Emb. 1.5,"1,99€","1,33€ /",
Fio Dentário Expansivo Sabor Menta,SENSODYNE,Emb. 1 P,"3,49€","3,49€ / P",
Azeite Clássico Pet,OLIVEIRA DA SERRA,Emb. 0.75 LT,"5,37€","7,16€ / LT",
Cápsulas Café Colombia P/ Dolce Gusto Intensidade 7,DOLCE GUSTO,Emb. 12 CAPS.,"5,29€","0,44€ / CAPS.",
Esparguete,MILANEZA,Emb. 0.5 KG,"0,78€","1,56€ / KG",
Conector Mangueira Rápido 19Mm,BEAUX JOURS,Emb. 1 UNID.,"0,99€","0,99€ / UNID.",
ENROLADOR DOMESTICO 7M FOXTE,FOXTER,Emb. 1 UNID.,"13,99€","13,99€ / UNID.",
Chá Menta Anis Malva e Alcaçus Biológico,,Emb. 20 SAQ.,"0,99€","0,05€ / SAQ.",
Morcela de Assar da Beira Baixa,SNR,Emb. 0.23 KG,"1,99€","8,65€ / KG",
Rúcula Selvagem,,Emb. 0.1 KG,"0,90€","9,00€ / KG",
Conserva de Lulas Recheadas,PITEU,Emb. 0.12 KG,"2,89€","24,08€ / KG",
Tampões com Aplicador Pearl Compak Regular,TAMPAX,Emb. 36 UNID.,"7,99€","0,22€ / UNID.",
Água S/ Gás Mineral,,Garrafa 1.5 LT,"0,40€","0,27€ / LT",
ACUCAR AMARELO,TÉVA,1 0,"1,39€",inf€ /,
Bolacha Digestiva Coberta com Chocolate de Leite,MC VITIE'S,Emb. 0.2 KG,"2,89€","14,45€ / KG",
Laca Cabelos Pintados,ELNETT,Emb. 0.3 LT,"5,99€","19,97€ / LT",
AXE GEL APOLLO,AXE,Emb. 0.4 LT,"3,29€","8,23€ / LT",
Amaciador Cabelo Delicados Garnier Delicadeza de Aveia,ULTRA SUAVE,Emb. 0.2 LT,"3,59€","17,95€ / LT",
LAVA TUDO SABAO PRETO E FLOR DE LARANJEIRA,CLAIR,Emb. 1.5 LT,"1,25€","0,83€ / LT",
Cerveja com Álcool Green Limão 6x33cl,SUPER BOCK,Emb. 1.98 LT,"4,49€","2,27€ / LT",
Brownies de Chocolate de Leite,MILKA,Emb. 0.15 KG,"2,39€","15,93€ / KG",
Alimento Húmido P/ Gato Completo Geleia Carne 390g,LYCAT,Emb. 4 UNID.,"3,69€","0,92€ / UNID.",
Tomate Cherry,,1 Unid. = 0.25 KG  (aprox.),"1,29€/kg","0,32€ / Unid.",
Escova Dentes Intense Clean Médio,AQUAFRESH,Emb. 1 UNID.,"3,99€","3,99€ / UNID.",
Maçã Granny Smith Cal. 75/80,,1 Unid. = 0.17 KG (aprox.),"1,97€/kg","0,33€ / Unid.",
Bife da Vazia Novilho,,1 Unid. = 0.55 KG (aprox.),"15,99€/kg","8,79€ / Unid.",
Espuma Barbear Revitalizante,CARRÉ HOMME,Emb. 0.2 LT,"1,49€","7,45€ / LT",
IOGURTE LIQUIDO FRUTOS TROPICAIS,DÉLISSE,Emb. 0.72 KG,"1,55€","2,15€ / KG",
Yofu Morango 4x125g,ALPRO,Emb. 0.5 KG,"2,89€","5,78€ / KG",
Broa de Milho com Chouriço,,1 Unid. = 0.5 KG (aprox.),"4,99€/kg","2,50€ / Unid.",
TOURTEAU DE QUEIJO,NOS RÉGIONS ONT DU TALENT,Emb. 0.25 KG,"2,19€","8,76€ / KG",
London Dry Gin,GIBSON'S,Garrafa 0.7 LT,"9,49€","13,56€ / LT",
Perninha de Frango,,1 Unid. = 0.25 KG (aprox.),"5,79€/kg","1,45€ / Unid.",
Douradinhos Peixe S/Gluten,IGLO,Emb. 0.36 KG,"4,99€","13,86€ / KG",
Creme Limpeza Micro Cristais Limão,CIF,Emb. 0.7 LT,"2,49€","3,56€ / LT",
Creme Autobrilhante Castanho Calçado com Esponja,SPLENDOR,Emb. 0.04 LT,"1,79€","44,75€ / LT",
Vinho Tinto Alentejo,CHAMINÉ,Emb. 0.75 LT,"7,74€","10,32€ / LT",
FRESHMATIC COM RECARGA LIFE SCENTS DELÍCIAS DE VERÃO,AIRWICK,Emb. 1 UNID.,"7,19€","7,19€ / UNID.",
Spray Mousse,NEOBLANC,Spray 0.7 LT,"2,59€","3,70€ / LT",
Cebola Laminada,NOTRE JARDIN,Emb. 1 KG,"1,75€","1,75€ / KG",
Abóbora Batatas e Peru desde os 6 Meses S/ Glúten,NESTLÉ,Emb. 0.19 KG,"1,39€","7,32€ / KG",
Azeitonas Pretas Descaroçadas,AGRODELTA,Emb. 0.16 KG,"1,49€","9,31€ / KG",
"AGUA FRIZE,,6x25CL",FRIZE,,"2,59€",/ Unid.,
PILHAS ALCALINAS LR06,ECO+,Emb. 8 UNID.,"1,79€","0,22€ / UNID.",
Gel Banho Romã Natural,MANAVA,Emb. 0.75 LT,"1,79€","2,39€ / LT",
PRATOS BIODEGRADAVEIS17CM 25UN,HOMESIDE,Emb. 25 UNID.,"3,19€","0,13€ / UNID.",
Iogurte Pouch Squeezy Morango,YOCO,Emb. 0.32 KG,"2,29€","7,16€ / KG",
Caderno Capa Preta Pautado A4 60p,ESQUISSE,,"0,85€",/ Unid.,
BOLO BRETANHA,P'TIT DÉLI,Emb. 0.8 KG,"2,25€","2,81€ / KG",
Café Torrado Moído Nyeri Kenya Intensidade 8,SICAL,Emb. 16 UNID.,"3,05€","0,19€ / UNID.",
Óleo Alimentar 3L,FULA,Garrafão 3 LT,"7,89€","2,63€ / LT",
Ervilhas Ultracongelado,IGLO,Emb. 1.125 KG,"5,89€","5,24€ / KG",
Dentífrico Protector Plantas Dentagard,COLGATE,Emb. 0.075 LT,"1,99€","26,53€ / LT",
Fita Dentária Sabor a Menta Fresca,SENSODYNE,Emb. 50 MT,"3,49€","0,07€ / MT",
Bolachas com Recheio de Limão Cobertura Chocolate,P'TIT DÉLI,Emb. 0.15 KG,"1,19€","7,93€ / KG",
Aipo,,Emb. 0.5 KG,"1,49€","2,98€ / KG",
Rebuçados de Frutas,MENTOS,Emb. 10 UNID.,"0,67€","0,07€ / UNID.",
FORMA P/BOLO MEDIA,,Emb. 100 UNID.,"0,85€","0,01€ / UNID.",
Bolachas Cobertas com Chocolate de Leite,OREO,Emb. 0.246 KG,"2,89€","11,75€ / KG",
Bolachas Recheadas com Aroma a Chocolate,P'TIT DÉLI,Emb. 0.3 KG,"1,20€","4,00€ / KG",
Néctar Vital Equilíbrio Manga Laranja,COMPAL,Emb. 0.33 LT,"0,74€","2,24€ / LT",
Laca Cabelos Oleosos,SUNSILK,Emb. 0.3 LT,"3,89€","12,97€ / LT",
Coloração 4-2 Castanho Avermelhado 16X3,SYOSS,,"4,99€",/ Unid.,
MASSA PIZZA RECTANG.T.BL,TABLIER BLANC,Emb. 0.385 KG,"1,79€","4,65€ / KG",
Mini Pizza Piccolinis Salsicha Frankfurt 9 Unid.,BUITONI,Emb. 0.27 KG,"3,89€","14,41€ / KG",
Concentrado de Fruta Tropical,SUNQUICK,Garrafa 0.7 LT,"5,56€","7,94€ / LT",
Néctar Clássico 100% Laranja,COMPAL,Emb. 1 LT,"1,62€","1,62€ / LT",
Iogurte Aroma Coco 4 Unid.,LONGA VIDA,Emb. 0.125 KG,"0,89€","7,12€ / KG",
Vinho Regional Douro Branco,PLANALTO,Frasco 0.75 LT,"4,79€","6,39€ / LT",
Farinha Extra Fina S/ Fermento T55,NACIONAL,Emb. 1 KG,"1,08€","1,08€ / KG",
COLGATE KIT VIAGEM ESCOVA + PASTA DE DENTES,COLGATE,Emb. 1 UNID.,"4,49€","4,49€ / UNID.",
Tempero Esparguete à Bolonhesa,KNORR,Emb. 0.038 KG,"1,44€","37,89€ / KG",
SACOS LIXO C/ ATILHO 20L,ELEMBAL,Emb. 20 UNID.,"0,89€","0,04€ / UNID.",
"BEBIDA SOJA C/CALCIO LIGHT ,1L",ALPRO,Emb. 1 LT,"1,89€","1,89€ / LT",
Arroz Pot Frango E Cogumelos,KNORR,Emb. 0.075 KG,"1,89€","25,20€ / KG",
Chá de Cidreira,LIPTON,Emb. 10 SAQ.,"0,69€","0,07€ / SAQ.",
Torta com Cobertura Cacau e Recheio de Leite,DAN CAKE,Emb. 0.3 KG,"2,39€","7,97€ / KG",
AFIA C/DEPOSITO,ESQUISSE,Emb. 1 UNID.,"1,09€","1,09€ / UNID.",
Néctar Clássico Manga Magdalena 3x20 cl,COMPAL,Emb. 0.6 LT,"1,59€","2,65€ / LT",
Azeite Virgem Extra Clássico,GALLO,Emb. 0.75 LT,"4,49€","5,99€ / LT",
Conserva de Feijocas Verdes Extrafinas,NOTRE JARDIN,Lata 0.53 KG,"1,75€","3,30€ / KG",
PEITO DE FRANGO FATIADO,CAMPO FINO,Emb. 0.2 KG,"1,79€","8,95€ / KG",
Detergente Loiça Manual Concentrado Maça,SUPER POP,Emb. 0.7 LT,"1,49€","2,13€ / LT",
Conserva Cogumelos de Paris Laminados Biológicos,,Frasco 0.28 KG,"2,09€","7,46€ / KG",
Queijo Fundido e Palitos Tostados,VACA QUE RI,Emb. 0.035 KG,"0,77€","22,00€ / KG",
Polvo Limpo Ultracongelado,,Emb. 0.5 KG,"6,59€","13,18€ / KG",
Galão São Lourenço,UCAL,Emb. 1 LT,"1,78€","1,78€ / LT",
Limonada,SPRINK'S,Emb. 1.5 LT,"1,19€","0,79€ / LT",
Mistura de Frutos Secos C/ Sal,MARQUE REPERE,Emb. 0.2 KG,"1,69€","8,45€ / KG",
MOLHO SOJA DOCE,TABLES DU MONDE,Emb. 0.125 LT,"1,19€","9,52€ / LT",
Queijo Prato Amanteigado Pequeno,PAIVA,Emb. 0.55 KG,"6,46€","11,75€ / KG",
Gomas Tijolos,COPAÍNS COPINES,Emb. 0.2 KG,"0,99€","4,95€ / KG",
Pão Hamburger,EPI D'OR,Emb. 4 UNID.,"0,99€","0,25€ / UNID.",
BARRA CEREAL CH.KRISPIES 6X20,KELLOGG'S,Emb. 6 UNID.,"2,69€","0,45€ / UNID.",
Piaçaba,SILLAGE,Emb. 1 UNID.,"3,49€","3,49€ / UNID.",
Vassoura Espalmada Lisa C/ Cabo,,Emb. 1 UNID.,"1,99€","1,99€ / UNID.",
PRATOS QUADRADOS BIODEGRADAVEIS 26CM 10UN,HOMESIDE,Emb. 10 UNID.,"3,89€","0,39€ / UNID.",
Alimento Húmido para Cão Mini Adulto,PURINA ONE,Emb. 0.1 KG,"0,65€","6,50€ / KG",
OIKOS AMORA 110G X4,OIKOS,Emb. 0.44 KG,"2,39€","5,43€ / KG",
Whisky Grant's,GRANT'S,Garrafa 0.7 LT,"14,20€","20,29€ / LT",
CADEADO C/CHAVE VIAGEM 2UN,RIVERSIDE,Emb. 2 UNID.,"7,53€","3,77€ / UNID.",
Pêssego em Calda,ECO+,Emb. 0.85 KG,"1,99€","2,34€ / KG",
Máquinas de Barbear Descartáveis Blue II Plus,GILLETTE,Emb. 6 UNID.,"3,69€","0,62€ / UNID.",
Cápsulas de Café Alumínio Nespresso Clássico,SEGAFREDO,Emb. 10 UN,"4,25€","0,43€ / UN",
Solha Inteira,,1 Unid. = 1 KG (aprox.),"8,99€/kg","8,99€ / Unid.",
Fusilli sem Glúten,CHAQUE JOUR SANS GLUTEN,Emb. 0.4 KG,"1,49€","3,73€ / KG",
BOLACHA AMENDOIM,,Emb. 0.26 KG,"2,75€","10,58€ / KG",
Nata com 3 Pimentas,PARMALAT,Emb. 0.2 LT,"1,23€","6,15€ / LT",
Conserva de Milho Doce Grão,ECO+,Emb. 0.3 KG,"0,80€","2,67€ / KG",
Desentupidor em Gel Forza Canos,MR MUSCLE,Emb. 0.1 LT,"4,09€","40,90€ / LT",
Neoblanc Gentil Higiene Lixívia,NEO BLANC,Emb. 2 LT,"6,49€","3,25€ / LT",
Bolachas Cookies Original Chocolate,CHIPS AHOY,Emb. 0.3 KG,"3,19€","10,63€ / KG",
Esparguete,CAÇAROLA,Emb. 0.5 KG,"0,98€","1,96€ / KG",
Gel de Banho Black XL,AXE,Emb. 0.4 LT,"3,29€","8,23€ / LT",
Sementes de Abóbora,MARQUE REPERE,Emb. 0.2 KG,"1,89€","9,45€ / KG",
Mousse de Chocolate,TABLIER BLANC,Emb. 0.15 KG,"0,79€","5,27€ / KG",
NECTAR FRUTOS DO POMAR SEM ADICAO DE AÇÚCARES,JAFADEN,Emb. 1 LT,"1,40€","1,40€ / LT",
Uva Preta,,1 Unid. = 0.25 KG (aprox.),"2,99€/kg","0,75€ / Unid.",
Espuma de Barbear,,,"1,29€",/ Unid.,
Vinho Verde Branco,CASAL GARCIA,Garrafa 0.75 LT,"3,19€","4,25€ / LT",
Deo Roll-On 0% Invisible,SANEX,Emb. 0.05 LT,"3,99€","79,80€ / LT",
Desodorizante Deo Roll On Bio Eficácia,NARTA,Emb. 0.05 LT,"3,99€","79,80€ / LT",
Conserva de Cogumelos Laminados Da Horta,COMPAL,Emb. 0.29 KG,"0,99€","3,41€ / KG",
Máscara de Pestanas Sky High Waterproof Black,MAYBELLINE,Emb. 1 UNID.,"12,99€","12,99€ / UNID.",
BANDAS DEPILATORIAS CERA FRIA PELE SENSIVEL ROSTO 32UN,SLISS,Emb. 32 UNID.,"1,84€","0,06€ / UNID.",
Massa Ondas,MILANEZA,Emb. 0.5 KG,"1,65€","3,30€ / KG",
Conserva de Grão da Horta,COMPAL,Lata 0.42 KG,"0,99€","2,36€ / KG",
TOALHITAS DESMAQUILHANTES PELES SENSIVEIS COM AGUA MICELAR 25UN,INELL,Emb. 25 UNID.,"0,99€","0,04€ / UNID.",
DETERGENTE MANUAL LOICA CONCENTRADO HIPOALERG.ECOLOGICO 500ML,UNÍ VERT,Emb. 0.5 LT,"1,49€","2,98€ / LT",
Sobremesa Creme Baunilha com Caramelo 4x125g,DÉLISSE,Emb. 0.5 KG,"1,79€","3,58€ / KG",
Desodorizante Original,DOVE,Emb. 0.15 LT,"2,69€","17,93€ / LT",
Spray de Limpeza Vidros e Superfícies Brilhantes Power&Shine,CIF,Emb. 0.75 LT,"2,49€","3,32€ / LT",
"Bolachas Digestivas Finas de Aveia, Pedaços de Chocolate e Arandos",THINS,Emb. 0.27 KG,"2,49€","9,22€ / KG",
Snack P/ Gato Crispies C/ Sabor a Salmão e Truta,FELIX,Emb. 0.45 KG,"1,79€","3,98€ / KG",
Escova de Dentes Suave Whole Mouth Clean,COLGATE,Emb. 1 UNID.,"3,99€","3,99€ / UNID.",
Bebida Sunlover Collagen Lata 0.25l,SUNLOVER,,"0,84€",/ Unid.,
Bolachas de Água e Sal,VIEIRA,Emb. 12  UNID.,"2,45€","0,20€ /  UNID.",
Penne Rigate,TRADIZIONI D'ITALIA,Emb. 0.5 KG,"1,59€","3,18€ / KG",
MINI SNACKS HIGIENE DENTARIA P/ GATO,TOUS MES AMIS,,"0,85€",/ Unid.,
LENCOS DE BOLSO 4F ECO,UNÍ VERT,Emb. 15 UNID.,"1,99€","0,13€ / UNID.",
Bolachas Recheadas Bocaditos Limão,CUÉTARA,Emb. 0.15 KG,"1,81€","12,07€ / KG",
Codornizes,,1 Unid. = 0.14 KG (aprox.),"5,99€","42,79€ / KG",
Salsichas Cocktail,TOKAPI,Lata 0.42 KG,"1,89€","4,50€ / KG",
PATE RICO CARNE/PEIXE C/LEGUMES P/ GATO 4X100G 4X100G LYCAT,LYCAT,Emb. 4 UNID.,"1,89€","0,47€ / UNID.",
RECARGA P/ ESCOVA DENTES MACIA CABECA RECARRREGAVEL,DENTAMYL,,"1,25€",/ Unid.,
Crocante de Frango Recheio Queijo e Fiambre,IGLO,Emb. 0.204 KG,"4,89€","23,97€ / KG",
Faca de Pintor 8Cm,FOXTER,Emb. 1 UNID.,"1,99€","1,99€ / UNID.",
Conserva de Azeitonas Cocktail,RUSTICA,Emb. 0.54 KG,"2,19€","4,06€ / KG",
Snack Chocolate Leite,LION,Emb. 3 UNID.,"2,09€","0,70€ / UNID.",
MANTEIGA C/SAL,LES CROISÉS,Emb. 0.25 KG,"2,35€","9,40€ / KG",
Maionese Top Down Verdadeira,HELLMANN'S,Emb. 0.412 KG,"4,21€","10,22€ / KG",
QUEIJO P/ BARRAR BIO,,Emb. 0.15 KG,"1,65€","11,00€ / KG",
Aguardente Bagaceira Portuguesa Marc Brandy,PORTUGUEZA,Emb. 1 LT,"12,44€","12,44€ / LT",
RATO S/FIO SILENCIOSO PRETO,LINKSTER,Emb. 1 UNID.,"12,95€","12,95€ / UNID.",
Seleção de Frutos Secos,MARQUE REPERE,Emb. 0.33 KG,"5,39€","16,33€ / KG",
Couve Flor,,1 Unid. = 1.1 KG (aprox.),"1,99€/kg","2,19€ / Unid.",
Detergente Roupa Proteção Cores,WOOLITE,Emb. 30 DOSES,"6,99€","0,23€ / DOSES",
Queijo Pointe de Brie,LES CROISÉS,Emb. 0.2 KG,"1,69€","8,45€ / KG",
Mistura Solúvel Café,PLANTATION,Frasco 0.2 KG,"2,39€","11,95€ / KG",
Queijo Flamengo 1/4 Bola,PRIMOR,Emb. 0.35 KG,"3,48€","9,94€ / KG",
Molho César para Salada,HELLMANN'S,Emb. 0.21 LT,"2,49€","11,86€ / LT",
Queijo Mozzarella,SANTA LUCIA,Emb. 0.125 KG,"1,72€","13,76€ / KG",
BARRAS CEREAIS FROSTIES 6X25G,KELLOGG'S,Emb. 6 UNID.,"2,75€","0,46€ / UNID.",
Fralda Cueca T6 +16Kg Eco,MOTS D'ENFANTS,Emb. 18 UNID.,"6,99€","0,39€ / UNID.",
Queijo Curado Fatiado S/ Lactose,CASTELÕES,Emb. 0.15 KG,"2,19€","14,60€ / KG",
Caldo de Galinha,KNORR,Emb. 0.16 KG,"2,39€","14,94€ / KG",
Manhãzitos Planetus 3x35g,PANRICO,Emb. 0.21 KG,"2,68€","12,76€ / KG",
Atum em Óleo Vegetal,BOM PETISCO,Emb. 0.12 KG,"1,26€","10,50€ / KG",
VELAS TEALIGHTS 100UN,ECO+,Emb. 100 UNID.,"3,99€","0,04€ / UNID.",
Maçã Jonagored Cal. 75/80,,1 Unid. = 0.245 KG (aprox.),"0,89€/kg","0,22€ / Unid.",
Refrigerante sem Gás Ananás,FRUTIS,Emb. 1.5 LT,"1,15€","0,77€ / LT",
Vinho do Porto Branco,FERREIRA,Garrafa 0.75 LT,"5,98€","7,97€ / LT",
Pepino,,1 Unid. = 0.37 KG (aprox.),"0,78€/kg","0,29€ / Unid.",
GEL-CREME HIDRATANTE 50ML,INELL,Emb. 0.05 LT,"2,39€","47,80€ / LT",
Arroz Agulha,PATO REAL,Emb. 1 KG,"1,18€","1,18€ / KG",
Polpa de Tomate 1Kg,GULOSO,Frasco 1 KG,"1,92€","1,92€ / KG",
Barras de Cereais Trigo Integral C/ Leite 6 Unid.,GOLDEN GRAHAMS,Emb. 0.15 KG,"3,19€","21,27€ / KG",
Barras de Peixe Panadas Pré-Fritas 15x30g Ultracongeladas,ECO+,Emb. 0.45 KG,"2,29€","5,09€ / KG",
Caldo Galinha 16 Cubos,MAGGI,Emb. 0.16 KG,"2,09€","13,06€ / KG",
Pão de Forma Integral sem Côdea,EPI D'OR,Emb. 0.45 KG,"2,09€","4,64€ / KG",
Cotonetes Stoppers Bebé,MOTS D'ENFANTS,Emb. 50 UNID.,"0,48€","0,01€ / UNID.",
Azeite virgem,GALLO,Emb. 3 LT,"15,89€","5,30€ / LT",
Iogurte Soja Frutos Vermelhos 4 Unid.,NAT&VIE,Emb. 0.4 KG,"1,49€","3,73€ / KG",
Iogurte Líquido Cálcio 8x100 g,DÉLISSE,Emb. 0.8 KG,"1,99€","2,49€ / KG",
Ameixa Seca C/ Caroço,MARQUE REPERE,Emb. 0.25 KG,"1,99€","7,96€ / KG",
Batatas Fritas Lisas Camponesas,POM'LISSE,Emb. 0.2 KG,"1,19€","5,95€ / KG",
Óleo Alimentar,VEGE,Garrafa 1 LT,"3,19€","3,19€ / LT",
Café Solúvel Cappuccino Descafeinado 10 Saquetas,NESCAFÉ,Emb. 0.125 KG,"3,14€","25,12€ / KG",
Esfregão Fibra Verde Classic XXL,SCOTCH BRITE,Emb. 1 UNID.,"0,99€","0,99€ / UNID.",
Vinagre Balsâmico de Modena Gourmet,GALLO,Emb. 0.25 LT,"2,16€","8,64€ / LT",
Amoras Embaladas,,1 Unid. = 0.125 KG,"3,79€","30,32€ / KG",
DOCE EXTRA MIRTILO LIGHT,DOUCEUR DU VERGER,Emb. 0.34 KG,"1,99€","5,85€ / KG",
Desodorizante Roll-On Pepino 0%Alumínio,DOVE,Emb. 0.05 LT,"2,84€","56,80€ / LT",
DETERGENTE LIQUIDO F. LARANJEIRA /ALOE VERA ATIVOS VEGETAIS 50D,XÉOR,,"4,99€",/ Unid.,
Cereja do Fundão Cal. 28+,,1 Unid. = 0.5 KG (aprox.),"2,99€/kg","1,50€ / Unid.",
Biscoitos de Canela,P'TIT DÉLI,Emb. 0.5 KG,"1,98€","3,96€ / KG",
Whisky Red Label,J. WALKER,Emb. 0.7 LT,"18,23€","26,04€ / LT",
Néctar Vital Equilíbrio Manga Maracujá,COMPAL,Emb. 1 LT,"1,62€","1,62€ / LT",
Bloco sanitário power 5 duo pack ocean,DOMESTOS,Emb. 0.11 KG,"2,74€","24,91€ / KG",
Pimento Padrão,,1 Unid. = 0.25 KG  (aprox.),"1,48€/kg","1,49€ / Unid.",
Croissant de Manteiga 8Unid.,EPI D'OR,Emb. 0.32 KG,"2,29€","7,16€ / KG",
Escova de Dentes Slim Soft Suave,COLGATE,Emb. 1 UNID.,"3,49€","3,49€ / UNID.",
Cereais Pétalas Trigo Chocolate,P'TIT DÉLI,Emb. 0.4 KG,"1,34€","3,35€ / KG",
Vinagre de Vinho Branco,RUSTICA,Garrafa 0.75 LT,"0,65€","0,87€ / LT",
Recarga para Difusor Automático Delicias de Verão,AIRWICK,Emb. 0.019 LT,"3,59€","188,95€ / LT",
Tablete Chocolate 70% Cacau,LA CASA,Emb. 0.1 KG,"1,64€","16,40€ / KG",
VINAGRE BALSAMICO BRANCO,RUSTICA,Emb. 0.025 LT,"1,69€","67,60€ / LT",
CRISTAIS SODA 500G CLAIR,CLAIR,Emb. 0.5 KG,"1,99€","3,98€ / KG",
Molho de Tomate com Azeitonas e Manjericão,TURINI,Emb. 0.42 KG,"1,45€","3,45€ / KG",
BALANCA DIGITAL BAGAGEM,RIVERSIDE,Emb. 1 UNID.,"9,99€","9,99€ / UNID.",
Galetes de 4 Cereais Biológicas,,Emb. 0.13 KG,"0,99€","7,62€ / KG",
Detergente Manual Loiça Concentrado Original,FAIRY,Emb. 0.78 LT,"2,69€","3,45€ / LT",
"AQUAFR ELIXIR MULTIACT,,500ML",AQUAFRESH,,"5,49€",/ Unid.,
Morango,,1 Unid. = 0.25 KG (aprox.),"2,59€/kg","2,59€ / Unid.",
Massa Estrelinhas,TURINI,Emb. 0.25 KG,"0,55€","2,20€ / KG",
Hamburgers de Peito de Frango sem Glúten Ultracongelado,IGLO,Emb. 0.24 KG,"4,29€","17,88€ / KG",
Iogurte Grego Pêssego Maracujá 4x150g,DÉLISSE,Emb. 0.6 KG,"1,89€","3,15€ / KG",
Barrinhas P/ Porquinhos-da-Índia sabor a Frutas,TOUS MES AMIS,Emb. 0.11 KG,"1,85€","16,82€ / KG",
Leite Bem Essencial C/ Sabor a Cereais,MIMOSA,Emb. 0.8 LT,"1,69€","2,11€ / LT",
Amaciador Roupa Concentrado Revival Jasmim Azul,QUANTO,Emb. 62 DOSES,"4,49€","0,07€ / DOSES",
Pão Torrado Integral Biológico,,Emb. 0.25 KG,"1,95€","7,80€ / KG",
Tempero de Alho & Coentros 8 Cubos,KNORR,Emb. 0.072 KG,"1,49€","20,69€ / KG",
AE COCKPIT 600 ML 600ML TECH9,TECH9,Emb. 0.6 LT,"3,79€","6,32€ / LT",
COTONETES ALGODAO C/ CAIXA DE TAMPA,INELL,Emb. 16 UNID.,"1,15€","0,07€ / UNID.",
Puré Maçã Ameixa S/ Adição Açúcar 4 Unid.,DOUCEUR DU VERGER,Emb. 0.4 KG,"1,59€","3,98€ / KG",
Leite de Pastagem Meio Gordo,TERRA NOSTRA,Emb. 1 LT,"1,05€","1,05€ / LT",
Bebida Energética Zero,X-TENSE,Garrafa 1 LT,"1,49€","1,49€ / LT",
Hamburguer Big Burger Iglo Vaca C/ Queijo S/Gluten 200 G,,Emb. 0.2,"3,06€","15,30€ /",
VELA NUMERO - 4,ARDENCE,Emb. 1 UNID.,"0,89€","0,89€ / UNID.",
Patê Fiambre Sólo Natural,LA PIARA,Emb. 0.077 KG,"1,29€","16,75€ / KG",
PATE RICO CARNE/PEIXE/LEGUMES P/GATO 8X100G,LYCAT,Emb. 8 UNID.,"3,55€","0,44€ / UNID.",
BOLACHAS VITALDAY CROCANTES ORIGINAIS 265G,GULLÓN,Emb. 0.265 KG,"2,20€","8,30€ / KG",
Gelatina Frutos Do Bosque 4 Unid.,ROYAL,Emb. 0.4 KG,"2,18€","5,45€ / KG",
SALSICHA CHURRASCO PICANTE,CAMPO FINO,Emb. 0.2 KG,"1,89€","9,45€ / KG",
Asia Pot Noodles de Pato,KNORR,Emb. 0.061 KG,"1,81€","29,67€ / KG",
Sumo Maçã e Pêssego C/ Gás S/ Álcool,GIBUS,Emb. 0.75 LT,"2,49€","3,32€ / LT",
"GEL DUCHE ""ROMA/PAEONIA"" CONCENTRADO",NATEIS,,"1,85€",/ Unid.,
Mistura Gourmet,TOKAPI,Emb. 0.12 KG,"1,79€","14,92€ / KG",
BLOCO NOTAS  LISO 50F A5,ESQUISSE,Emb. 50 FOLHAS,"1,29€","0,03€ / FOLHAS",
PATE PEIXE/CENOURA P/ GATO 410G,ECO+,Emb. 0.41 KG,"0,65€","1,59€ / KG",
COUVE DE BRUXELAS CONGELADAS,NOTRE JARDIN,Emb. 1 KG,"1,59€","1,59€ / KG",
Espuma Barbear Extra Hidratante,NIVEA MEN,Emb. 0.2 LT,"3,59€","17,95€ / LT",
Conserva de Salsichas 8 Unid.,IZIDORO,Lata 0.2 KG,"1,24€","6,20€ / KG",
Alimento Seco P/ Gatos Esterilizados Peru e Legumes,PURINA FRISKIES,Emb. 3 KG,"7,79€","2,60€ / KG",
Feijão Verde,,1 Unid. = 0.55 KG (aprox.),"2,99€/kg","1,64€ / Unid.",
Café Solúvel em Saquetas,NESCAFÉ,Emb. 6 UNID.,"3,44€","0,57€ / UNID.",
Alimento Seco para Cães Pequenos Croquetes,LYDOG,Emb. 2 KG,"4,99€","2,50€ / KG",
Queijo da Ilha Fatiado,NOVA AÇORES,Emb. 0.15 KG,"1,69€","11,27€ / KG",
CARVAO VEGETAL 3KG MARCA GUIA,,Emb. 3 KG,"3,99€","1,33€ / KG",
Leite UHT Meio Gordo,AGROS,Emb. 1 LT,"0,92€","0,92€ / LT",
Bebida de Soja Choco 3x200ML,SHOYCE,Emb. 0.6 LT,"1,74€","2,90€ / LT",
LENCOS BOLSO 4F ALOE VERA,CARESSE,Emb. 12 UNID.,"1,89€","0,16€ / UNID.",
Desodorizante Creme,DOVE,Emb. 0.05 LT,"2,84€","56,80€ / LT",
Bolachas Digestivas de Laranja,THINS,Emb. 0.174 KG,"2,45€","14,08€ / KG",
Rebuçados de Morango,COPAÍNS COPINES,Emb. 0.25 KG,"1,19€","4,76€ / KG",
MIOLO DE CAMARAO SKIN PACK 100/200,PÊCHE OCÉAN,Emb. 0.16 KG,"2,99€","18,69€ / KG",
CREME SABOR PISTACHIOS,DÉLISSE,Emb. 0.4 KG,"2,39€","5,98€ / KG",
Bolachas Maçã,NAT&VIE,Emb. 0.2 KG,"1,69€","8,45€ / KG",
Fraldas Activity T4 Extra 9-15 Kg,DODOT,Emb. 52 UNID.,"13,29€","0,26€ / UNID.",
PRATO + NAPERON 32CM,,Emb. 1 UNID.,"0,69€","0,69€ / UNID.",
Sidra Normand Brut,LES GOELLERIES,Garrafa 0.75 LT,"2,19€","2,92€ / LT",
Arroz Semi Integral,,Emb. 0.5 KG,"1,19€","2,38€ / KG",
Salsichão Seco,ST AZAY,Emb. 0.3 KG,"3,99€","13,30€ / KG",
Garrafão de Moscatel em Palha,DORRÃO,Emb. 2 L,"12,99€","6,50€ / L",
Limpa Churrasqueiras e Recuperadores de Calor,MISTOLIN,Emb. 0.5 LT,"4,84€","9,68€ / LT",
Frango para Churrasco Embalado,,Emb. 0.9 KG (aprox.),"4,39€/kg","3,95€ / Unid.",
TOALHITAS HIGIENE INTIMA,DOULYS,Emb. 20 UNID.,"0,79€","0,04€ / UNID.",
DOVE Sabonete Líquido para as Mãos Recarga,DOVE,Emb. 0.5 LT,"2,99€","5,98€ / LT",
Pantene Purifica & Reconstrói Condicionador 160 ml,,Emb. 0.16 LT,"4,99€","31,19€ / LT",
Alimento Húmido P/ Cão Paté Borrego,TOUS MES AMIS,Emb. 0.3 KG,"0,79€","2,63€ / KG",
Dobrada de Feijão Branco,NOBRE,Lata 0.42 KG,"1,76€","4,19€ / KG",
Vinho Verde Branco,AVELEDA,Emb. 0.075 LT,"3,39€","45,20€ / LT",
Goiaba,,1 Unid. = 0.1 KG,"9,99€/kg","1,00€ / Unid.",
Alimento Húmido Gato Paté Salmão,TOUS MES AMIS,Emb. 0.1 KG,"0,55€","5,50€ / KG",
Menu Saquetas Carne em Gelatina 12X100G,LYCAT,Emb. 12 UNID.,"3,99€","0,33€ / UNID.",
SORVETE MULTIFRUTOS TWIST 5UN,SMICY,Emb. 5 UNID.,"2,05€","0,41€ / UNID.",
Strogonoff de Porco,,1 Unid. = 0.2 KG (aprox.),"4,99€/kg","1,00€ / Unid.",
Vinho Regional Douro Tinto,MONTES ERMOS,Garrafa 0.75 LT,"4,39€","5,85€ / LT",
Queijo Roquefort com Leite de Ovelha,,Emb. 0.1 KG,"2,69€","26,90€ / KG",
Sumo 100% Toranja,JAFADEN,Emb. 1 LT,"1,99€","1,99€ / LT",
Cápsulas Café Verona P/ Nespresso,STARBUCKS,Emb. 10 CAPS.,"4,39€","0,44€ / CAPS.",
BOLSA CATALOGO 100UN,ECO+,Emb. 100 UNID.,"3,99€","0,04€ / UNID.",
Safio Cal. 2/5,,1 Unid. = 1.5 KG (aprox.),"19,99€/kg","29,99€ / Unid.",
Gel Duche S/ Sabão,MANAVA,Emb. 0.5 ML,"1,49€","2,98€ / ML",
MAQ.BARBEAR 3 LAMINAS DESCARTAVEL,CARRÉ HOMME,,"3,09€",/ Unid.,
"ALTAS QUINTAS 600 TINTO 0,75",ALTAS QUINTAS 600,,"6,11€",/ Unid.,
Biscoitos P/ Roedores Ovo e Fruta,TOUS MES AMIS,Emb. 6 UNID.,"1,49€","0,25€ / UNID.",
Iogurte Líquido Morango Framboesa 4x155g,CORPOS DANONE,Emb. 0.62 KG,"1,69€","2,73€ / KG",
Groselha,,1 Unid. = 0.125 KG  (aprox.),"6,99€/kg","0,87€ / Unid.",
Água S/ Gás 6 Unid.,ECO+,Garrafa 9 LT,"1,50€","0,17€ / LT",
Refrigerante C/ Gás Laranja,ECO+,Garrafa 2 LT,"0,79€","0,40€ / LT",
Douradinhos Ultracongelados de Frango Pré-Fritos,IGLO,Emb. 0.25 KG,"4,99€","19,96€ / KG",
AUSCULTADORES C/MICRO PRETO,LINKSTER,Emb. 1 UNID.,"11,29€","11,29€ / UNID.",
Iogurte Bifidus de Pessego S/ Lactose 0% 4 Unid.,DANONE,Emb. 0.48,"2,19€","4,56€ /",
MÁQUINA BARBEAR DESCARTAVEIS 2 LAMINAS,CARRÉ HOMME,Emb. 10 UNID.,"1,59€","0,16€ / UNID.",
Chá de Tília,LIPTON,Emb. 20 SAQ.,"1,20€","0,06€ / SAQ.",
Bolacha B-ready 6Unid.,NUTELLA,Emb. 0.132 KG,"2,55€","19,32€ / KG",
Champô Karité Óleo Côco Cabelos Muito Secos,NATEIS,Emb. 0.25 LT,"1,69€","6,76€ / LT",
Bolachas de Água e Sal,VIEIRA,Emb. 0.125 KG,"0,69€","5,52€ / KG",
Café Cápsulas Qalidus Intensidade 10,DELTA,Emb. 10 CAPS.,"3,39€","0,34€ / CAPS.",
Conserva de Salsichas 8 Unid.,IZIDORO,Frasco 0.65 KG,"3,14€","4,83€ / KG",
Guardanapos Duplos,RENOVA,Emb. 140 UNID.,"1,58€","0,01€ / UNID.",
Néctar Vital Equilíbrio Frutos Vermelhos,COMPAL,Emb. 0.33 LT,"0,74€","2,24€ / LT",
GELEIA MARMELO 345G,CASA MATEUS,Emb. 0.345 KG,"2,47€","7,16€ / KG",
"Refrigerante com Gás Ananás Lata 6x0,33L",SUMOL,Emb. 1.98 LT,"4,29€","2,17€ / LT",
Pensos Higiénicos Normal Alas,EVAX,Emb. 12 UNID.,"2,99€","0,25€ / UNID.",
ALICATE MULTIPLO 250 MM,FOXTER,Emb. 1 UNID.,"7,99€","7,99€ / UNID.",
Escova de Dentes 3-5 anos,ORAL B,Emb. 1 UNID.,"2,24€","2,24€ / UNID.",
FUSILLI COM QUEIJOS,COTE SNACK,Emb. 0.3 KG,"2,29€","7,63€ / KG",
Snack de Chocolate,KIT KAT,Emb. 0.041 KG,"0,74€","18,05€ / KG",
Alimento Seco para Gatinhos Completo,LYCAT,Emb. 0.4 KG,"0,99€","2,48€ / KG",
SKYR MIRTILO,DÉLISSE,Emb. 0.45 KG,"2,10€","4,67€ / KG",
Strudel de Maçã,,Emb. 0.6 KG,"3,07€","5,12€ / KG",
Bombons de Chocolate Leite Recheio de Marshmallow,COPAÍNS COPINES,Emb. 0.2 KG,"1,49€","7,45€ / KG",
Chocolate Milka e Oreo,MILKA,Emb. 0.1 KG,"1,62€","16,20€ / KG",
Tiras Limpiadoras Purificantes,NIVEA,Emb. 6 P,"7,99€","1,33€ / P",
Iogurte Natural 12x125g,DÉLISSE,Emb. 1.5 KG,"1,99€","1,33€ / KG",
Snack Queijo de Vaca,PRÉSIDENT,Emb. 0.18 KG,"3,22€","17,89€ / KG",
Camarão Cozido Cal. 30/40,,1 Unid. = 0.1 KG (aprox.),"9,71€/kg","0,97€ / Unid.",
Paté para Cão de Vaca e Coração,TOUS MES AMIS,Emb. 0.3 KG,"0,79€","2,63€ / KG",
Creme de Cabra,PRÉSIDENT,Emb. 0.125 LT,"2,44€","19,52€ / LT",
DETERGENTE CAPSULAS 3 EM 1 ORIENTE P/ROUPA,EPSIL,,"4,99€",/ Unid.,
GEL ANTI-CALCARIO 750ML,TEXIL,Emb. 0.75 KG,"2,28€","3,04€ / KG",
MIOLO MEXILHAO SKIN PACK,PÊCHE OCÉAN,Emb. 0.23 KG,"1,65€","7,17€ / KG",
CEREAIS BOLAS DE MEL BIO,,,"1,99€",/ Unid.,
Queijo de Ovelha Curado,QUEIJO DE NISA,Emb. 0.3 KG,"8,99€","29,97€ / KG",
Sapateira Cozida,,1 Unid. = 0.63 KG (aprox.),"9,99€/kg","6,29€ / Unid.",
BOLACHA MARIA,P'TIT DÉLI,,"1,49€",/ Unid.,
ESPUMA CABELO ESPECIAL CARACOIS 200ML,VITANOVE,Emb. 0.2 LT,"1,09€","5,45€ / LT",
Manteiga da Bretanha Meio-sal,LES CROISÉS,Emb. 0.25 KG,"2,25€","9,00€ / KG",
Alimento P/ Húmido Gato Seleção de Mousses,FRISKIES,Emb. 0.68 KG,"5,62€","8,26€ / KG",
RECARGAS MOPA 40,CLAIR,Emb. 40 UNID.,"2,75€","0,07€ / UNID.",
Bolo Rei Seleção,,1 Unid. = 0.8 KG (aprox.),"4,99€/kg","3,99€ / Unid.",
Snacks Tex-Mex,DORITOS,Emb. 0.12 KG,"1,58€","13,17€ / KG",
SUMO MACA -30% ACUCAR,JAFADEN,,"1,29€",/ Unid.,
Salsichão de Peru,CAMPOFRIO,Emb. 0.2 KG,"2,12€","10,60€ / KG",
Tablete Chocolate Preto para Culinária,TABLETTE D'OR,Emb. 0.2 KG,"1,09€","5,45€ / KG",
Cookies de Chocolate com Pepitas Chocolate Biológicas,,Emb. 0.2 KG,"1,89€","9,45€ / KG",
ALIMENTO PARA CANARIOS,ECO+,Emb. 1 KG,"1,89€","1,89€ / KG",
Whisky Fin Blen,WILLIAM LAWSON'S,Garrafa 0.7 LT,"14,20€","20,29€ / LT",
Recarga para Difusor Automático Lavanda e Jasmim,BRISE,Emb. 1 UNID.,"3,59€","3,59€ / UNID.",
Refrigerante C/ Gás Laranja Pack 6,FANTA,Emb. 1.98 LT,"4,04€","2,04€ / LT",
Tripas à Moda da Provença,TRADILÈGE,Emb. 0.5 KG,"4,99€","9,98€ / KG",
Ananás em Calda,FRUÍSTAR,Emb. 0.825 KG,"2,49€","3,02€ / KG",
Gel de Banho Hidratante Baby Rich Moisture,BABY DOVE,Emb. 0.4 LT,"3,29€","8,23€ / LT",
Sabão Marselha Cubo,EPSIL,,"1,59€",/ Unid.,
Bolo de Marmore Chocolate,P'TIT DÉLI,Emb. 0.3 KG,"2,19€","7,30€ / KG",
Alimento Seco P/ Gato C/ Carne de Vaca,PURINA,Emb. 0.8 KG,"6,89€","8,61€ / KG",
Água com Gás Levíssima 6x33cl,PEDRAS SALGADAS,Emb. 1.98 LT,"2,77€","1,40€ / LT",
VASSOURA RELVA 21 DENTES,BEAUX JOURS,Emb. 1 UNID.,"9,99€","9,99€ / UNID.",
Cerveja C/ Álcool,CARLSBERG,Lata 0.033 LT,"0,74€","22,42€ / LT",
Cereais de Milho S/ Glúten Corn Flakes,NESTLÉ,Emb. 0.375 KG,"2,24€","5,97€ / KG",
Patê Bocadelia de Caranguejo,LA PIARA,Frasco 0.17 KG,"2,24€","13,18€ / KG",
Pensos Higiénicos Super Alas,EVAX,Emb. 10 UNID.,"2,99€","0,30€ / UNID.",
Café Cápsulas Selezionato Intensidade 7,PLANTATION,Emb. 10 CAPS.,"2,09€","0,21€ / CAPS.",
Cápsulas Descafeinado Espresso P/ Nespresso Intensidade 11,STARBUCKS,Emb. 10 CAPS.,"4,39€","0,44€ / CAPS.",
Refeição Vegalia Caril de Grão Vegan,NOBRE VEGALIA,Emb. 0.42 KG,"3,34€","7,95€ / KG",
Feijão Verde Muito Fino Ultracongelados,,Emb. 1 KG,"1,29€","1,29€ / KG",
Iogurte Déli Light 4 Sabores 12x125g,DÉLISSE,Emb. 1.5 KG,"2,69€","1,79€ / KG",
Café Torrado Moído Intensidade 10,BUONDI,Emb. 0.22 KG,"3,65€","16,59€ / KG",
Gin London Dry,TANQUERAY,Garrafa 0.7 LT,"18,36€","26,23€ / LT",
Compota de Fruta de Maçã sem Adição de Açúcares 4x100g,DOUCEUR DU VERGER,Emb. 0.4 KG,"1,39€","3,48€ / KG",
DOCE TEMPORADA ABÓBORA 350G,CASA MATEUS,Emb. 0.35 KG,"2,69€","7,69€ / KG",
Iogurte Original Natural Açucarado 2x135G,DANONE,Emb. 0.27 LT,"1,66€","6,15€ / LT",
Alimento P/ Bebé Natural +6 meses 4 Unid.,NESTLÉ BEBÉ,Emb. 0.4 KG,"2,39€","5,98€ / KG",
Cola Madeira Rapida Em Tubo,FOXTER,Emb. 0.055 LT,"1,99€","36,18€ / LT",
Bolachas Maria Júnior,MARIA,Emb. 0.276 KG,"2,24€","8,12€ / KG",
Cereais C/ Aveia e Maçã,NESTUM,Emb. 0.25 KG,"2,15€","8,60€ / KG",
Fraldas Bebé T3 Doucer 4/9Kg,MOTS D'ENFANTS,Emb. 90 UNID.,"10,03€","0,11€ / UNID.",
LEITE ACHOCOLATADO BIO,,,"1,59€",/ Unid.,
ACUCAR BAUNILHA X10 SAQUETAS,TABLIER BLANC,Emb. 0.075 KG,"1,59€","21,20€ / KG",
BATOM NUTRE E PROTEGE BIO,BIONAÏA,Emb. 1 UNID.,"2,25€","2,25€ / UNID.",
BLOCO NOTAS  LISO 50F A4,ESQUISSE,Emb. 50 FOLHAS,"1,45€","0,03€ / FOLHAS",
Tablete de Chocolate Culinária 70% Cacau,NESTLÉ,Emb. 0.17 KG,"1,94€","11,41€ / KG",
Crackers sem Sal na Superfície,GRAN PAVESI,Emb. 0.56 KG,"3,83€","6,84€ / KG",
Guardanapos 2F 40x40,MARQUE REPERE,Emb. 90 UNID.,"2,39€","0,03€ / UNID.",
AFTER SHAVE ORIGINAL,BRUT,Emb. 1 LT,"12,26€","12,26€ / LT",
ROLO COZINHA 2F COMPACTO 2=4 ECOLOGICO,UNÍ VERT,,"2,99€",/ Unid.,
Sidra com Álcool de Maça 50cl,SOMERSBY,Emb. 0.5 LT,"1,24€","2,48€ / LT",
PEITO DE PERU FATIAS FINAS,CAMPO FINO,Emb. 0.15 KG,"1,49€","9,93€ / KG",
Bolachas Recheadas Baunilha,ECO+,Emb. 0.5 KG,"1,39€","2,78€ / KG",
Wafers Enroladas Cobertas Chocolate de Leite,P'TIT DÉLI,Emb. 0.125 KG,"1,49€","11,92€ / KG",
Crocante de Frango Recheio Alho e Ervas,IGLO,Emb. 0.204 KG,"4,89€","23,97€ / KG",
Chá de Camomila,,Emb. 25 SAQ.,"0,79€","0,03€ / SAQ.",
Molho Wok,PALADIN,Emb. 0.25 LT,"2,19€","8,76€ / LT",
Queijo Ralado Emmental,PRÉSIDENT,Emb. 0.15 KG,"2,53€","16,87€ / KG",
CABIDE C/ GANCHO CINZA 6UN,SILLAGE,Emb. 6 UNID.,"1,49€","0,25€ / UNID.",
"Alimento Húmido P/ Cão Adulto em Molho de Vaca, Borrego",FRISKIES,Emb. 0.4 KG,"2,49€","6,23€ / KG",
Rissóis de Camarão 8 Unid.,SNR,Emb. 0.325 KG,"1,99€","6,12€ / KG",
Preparado de Arroz de Marisco,PESCANOVA,Emb. 0.5 KG,"4,99€","9,98€ / KG",
Gengibre,,1 Unid. = 0.3 KG (aprox.),"4,49€/kg","1,35€ / Unid.",
Edulcorante de Mesa,CANDEREL,Emb. 0.09 KG,"2,99€","33,22€ / KG",
Gelatina em Pó Ananás 2x85g,TABLIER BLANC,Emb. 0.17 KG,"0,85€","5,00€ / KG",
Queijo Fatiado Amanteigado de Vaca e Ovelha,LIMIANO,Emb. 0.18 KG,"2,34€","13,00€ / KG",
Alimento Seco Cão Croquetes Ricos em Carnes,ECO+,Emb. 10 KG,"11,99€","1,20€ / KG",
Macarrão,ECO+,Emb. 1 KG,"1,29€","1,29€ / KG",
Anis Estrelado,MARGÃO,Emb. 0.025 KG,"3,19€","127,60€ / KG",
Atum em Posta,BOM PETISCO,Emb. 0.385 KG,"4,26€","11,06€ / KG",
VELA NUMERO FUN 6,ARDENCE,Emb. 1 UNID.,"0,90€","0,90€ / UNID.",
Desodorizante Roll-On Tropical 48H,REXONA,Emb. 0.05 LT,"2,69€","53,80€ / LT",
Bolachinhas de Manteiga sem Glúten,CHAQUE JOUR SANS GLUTEN,Emb. 0.13 KG,"1,89€","14,54€ / KG",
"ATUM EM AZEITE, 120G",TENÓRIO,Emb. 0.12 KG,"2,14€","17,83€ / KG",
Vinho Regional Alentejo Branco,REGUENGOS,Garrafa 0.75 LT,"2,39€","3,19€ / LT",
Champô Cabelo Secos Garnier Maravilhoso,ULTRA SUAVE,Emb. 0.25 LT,"3,59€","14,36€ / LT",
"SYOSS KERATIN MOUSSE,,250ML",SYOSS,Emb. 0.25 LT,"3,24€","12,96€ / LT",
ELIXIR BOCAL EXPERT SENSITIVE,DENTAMYL,Emb. 0.5 LT,"1,29€","2,58€ / LT",
Queijo Mozarella,GALBANI,Emb. 0.25,"3,06€","12,24€ /",
COGUMELOS FERBAR INTEIRO 290G,FERBAR,Emb. 0.29 KG,"1,33€","4,59€ / KG",
DENTIFRICO CARVAO BIO,BIONAÏA,Emb. 0.075 LT,"1,99€","26,53€ / LT",
Ovo Kinder Surpresa Chocolate,KINDER,Emb. 0.02 KG,"1,30€","65,00€ / KG",
CERA LIQUIDA CASTANHA 75ML,LA VACHETTE,Emb. 0.075 LT,"2,15€","28,67€ / LT",
QUEIJO P/ BARRAR LIGHT,LES CROISÉS,Emb. 0.15 KG,"0,79€","5,27€ / KG",
Ambientador Micado Stick Up Muddle Wine,AIR WICK,Emb. 0.05 LT,"7,19€","143,80€ / LT",
Desodorizante Roll-On Rosa e Aloe Vera,BIONAÏA,Emb. 0.05 LT,"0,99€","19,80€ / LT",
Cavacas,,Emb. 1 P,"2,99€","2,99€ / P",
HAMBURGUER DE PORCO 4UN,CHANTEGRIL,Emb. 0.32 KG,"1,79€","5,59€ / KG",
SUMO MULTIFRUTOS -30% ACUCAR,JAFADEN,,"1,59€",/ Unid.,
BLOCO SANITARIO C/LIXIVIA 2UN,SYPHON,Emb. 2 UNID.,"1,29€","0,65€ / UNID.",
Madalenas em Conchas com Ovos Frescos,P'TIT DÉLI,Emb. 0.25 KG,"1,29€","5,16€ / KG",
NUGGETS FRANGO 10UN,CÔTÉ CROC,Emb. 0.2 KG,"1,59€","7,95€ / KG",
Cuecas Incontinência Discreet M,AUSONIA,Emb. 9 UNID.,"9,99€","1,11€ / UNID.",
Massa Laços Tricolores,MILANEZA,Emb. 0.5 KG,"2,05€","4,10€ / KG",
Gel Sanitário Harpic Liquido Força do Oceano,,Emb. 0.75 LT,"1,94€","2,59€ / LT",
Vinho Verde Branco,CRUZEIRO,Garrafa 0.75 LT,"2,01€","2,68€ / LT",
Kefir Natural Pack Promo,KÉFIR,Emb. 1.2 KG,"4,39€","3,66€ / KG",
Alimento Húmido Gato Completo Delícias do Mar 3x400 g,TOUS MES AMIS,Emb. 3 KG,"2,69€","0,90€ / KG",
"Água sem Gás 6x1,5 L",LUSO,Emb. 9 LT,"3,09€","0,34€ / LT",
Bebida de Aveia,ALPRO SOYA,Emb. 1 LT,"2,36€","2,36€ / LT",
Esparguete s/glúten,CHAQUE JOUR SANS GLUTEN,Emb. 0.4 KG,"1,49€","3,73€ / KG",
Queijo Fundido Light 16 Porções,PRÉSIDENT,Emb. 0.25 KG,"3,34€","13,36€ / KG",
Verniz de Unhas 60 Segundos 430,RIMMEL,Emb. 1 UNID.,"2,99€","2,99€ / UNID.",
MORTADELA COM AZEITONA FATIADA,CAMPO FINO,Emb. 0.2 KG,"0,99€","4,95€ / KG",
Cappuccino,PLANTATION,Emb. 16 CAPS.,"2,44€","0,15€ / CAPS.",
"AGUA FASTIO S/GAS GO, 50CL",FASTIO,,"0,55€",/ Unid.,
Iogurte Sólido Suissinhos Morango Alperce,YOCO,Emb. 0.252 KG,"1,74€","6,90€ / KG",
Fraldas Bebé T5 Doucer 11/25 Kg,MOTS D'ENFANTS,Emb. 66 UNID.,"9,14€","0,14€ / UNID.",
ABRASIVO SANITARIO MARINHO ACTIV EFFECT 750ML,SYPHON,Emb. 0.75 LT,"0,99€","1,32€ / LT",
Carapau Pequeno Congelado,,1 Unid. = 0.12 KG (aprox.),"0,69€/kg","0,08€ / Unid.",
DETERGENTE MANUAL LOICA ULTRA FRAMBOESA/VINAGRE FRUTOS 500ML,VISIOR,Emb. 0.5 LT,"0,69€","1,38€ / LT",
AIRWICK AMBIENTADOR RECARGA WHITE BOUQUET,AIRWICK,Emb. 0.02 LT,"4,79€","239,50€ / LT",
Alimento Húmido P/ Gato C/ Carne de Vaca e Legumes,FRISKIES,Emb. 0.4 KG,"1,64€","4,10€ / KG",
Body Lotion Refirmante em 2 Semanas Q10,NIVEA,Emb. 0.25 LT,"4,99€","19,96€ / LT",
LIMPA VIDROS AUTO 1 L 1L TECH9,TECH9,Emb. 1 LT,"1,19€","1,19€ / LT",
Sobremesa Láctea Natural,IOGOLINO,Emb. 4 UNID.,"2,79€","0,70€ / UNID.",
Café Delta Moido Máquina Lote Chávena,DELTA,Emb. 0.25 KG,"2,29€","9,16€ / KG",
Chá Verde e Limão Light,TISANA,Garrafa 1.5 LT,"1,49€","0,99€ / LT",
FAIRY MAO ULTRA PODER LIMAO 600ML,,Emb. 0.6 LT,"2,04€","3,40€ / LT",
Pescada Chilena N.º3 Congelado,,1 Unid. = 1 KG (aprox.),"10,99€/kg","10,99€ / Unid.",
Folhado de Maça,,1 Unid. = 0.1 KG,"0,89€","8,90€ / KG",
LACOS SECOS,P'TIT DÉLI,Emb. 0.18 KG,"1,59€","8,83€ / KG",
Calamares,ECO+,Emb. 0.5 KG,"2,89€","5,78€ / KG",
COLORACAO VEGETAL CASTANHO ESCURO BIO,BIONAÏA,Emb. 1 UNID.,"5,24€","5,24€ / UNID.",
Pente de Cabelo,,Emb. 1 UNID.,"0,99€","0,99€ / UNID.",
VINAGRE LIMPEZA LIMAO,CLAIR,Emb. 1 LT,"0,79€","0,79€ / LT",
ALGODAO DESMAQUILHANTE BOLAS,INELL,Emb. 100 UNID.,"0,79€","0,01€ / UNID.",
CREME GORDO 1L,INELL,Emb. 1 LT,"12,99€","12,99€ / LT",
MISTURA DE FRUTOS TROPICAL EM CALDA 4/4,DOUCEUR DU VERGER,Emb. 0.825 KG,"3,19€","3,87€ / KG",
Sacos de Lixo Ultra Resistentes com Atilhos 20x30L,ELEMBAL,Emb. 20 UNID.,"1,79€","0,09€ / UNID.",
Abacaxi Sweet Gold,,1 Unid. = 1.78 KG (aprox.),"1,69€/kg","3,01€ / Unid.",
Esferográficas de Cores sortidas,ESQUISSE,Emb. 10 UNID.,"2,29€","0,23€ / UNID.",
Couscous Semi Integrais,,Emb. 0.5 KG,"1,59€","3,18€ / KG",
5 em 1 Glade Vanilla,BRISE,Spray 0.3 LT,"1,54€","5,13€ / LT",
Fermento de Padeiro 6x5g,TABLIER BLANC,Emb. 0.03 KG,"1,29€","43,00€ / KG",
PILHAS ALCALINAS LR03 TECH+,FOXTER,Emb. 4 UNID.,"1,99€","0,50€ / UNID.",
Néctar Tutti Frutti,JAFADEN,Emb. 1 LT,"0,99€","0,99€ / LT",
FEIJAO BRANCO LATA MGUIA,NOTRE JARDIN,Emb. 0.425 KG,"0,75€","1,76€ / KG",
Néctar Vital Equilíbrio Manga Laranja 3x20cl,COMPAL,Emb. 0.6 LT,"1,49€","2,48€ / LT",
BOLA FUTEBOL T5,WOODSUN,Emb. 1 UNID.,"4,99€","4,99€ / UNID.",
Vinho Regional Alentejo Tinto,REGUENGOS,Garrafa 0.75 LT,"3,99€","5,32€ / LT",
Sumo de Uva,ECO+,Emb. 1 LT,"0,99€","0,99€ / LT",
Salada Alface C/ Cenoura,,Emb. 0.18 KG,"1,22€","6,78€ / KG",
Conserva de Salsichas Hot Dog 4 Unid.,IZIDORO,Frasco 0.25 KG,"2,19€","8,76€ / KG",
Creme Revitalift Dia,DERMO EXPERTISE,Emb. 0.03 LT,"16,99€","566,33€ / LT",
Cápsulas Café Grande P/ Dolce Gusto Intensidade 8,STARBUCKS,Emb. 12 CAPS.,"5,29€","0,44€ / CAPS.",
Coloração 1-0 PRETO 16X3,SYOSS,,"4,99€",/ Unid.,
Presunto Fatiado 2x75g,DAMATTA,Emb. 0.15 KG,"3,89€","25,93€ / KG",
Almôndegas Bovino Mini,FERIAL,Emb. 0.75 KG,"7,99€","10,65€ / KG",
Salsichas de Aves 8 Unidades,NOBRE,Emb. 0.42 KG,"4,19€","9,98€ / KG",
Bolachas Wafer com Recheio Chocolate,ECO+,Emb. 0.19 KG,"0,79€","4,16€ / KG",
Conserva de Salsichas Bockwurst 5 Unid.,CÔTÉ TABLE,Frasco 0.25 KG,"1,49€","5,96€ / KG",
BOLINHOS IOGURTE C/ BASE CHOCOLATE 7UN POCKET,P'TIT DÉLI,Emb. 0.21 KG,"2,29€","10,90€ / KG",
Cereais de Chocolate C/ Pepitas,COOKIE CRISP,Emb. 0.375 KG,"2,92€","7,79€ / KG",
Desodorizante Bergamota e Pimenta Rosa Spray,AXE,Emb. 0.15 LT,"3,29€","21,93€ / LT",
Algodão Activo Limpa Metais Brilho,DURAGLIT,Emb. 0.075 KG,"8,99€","119,87€ / KG",
FILETES DE CAVALA COM TOMATE E MANJERICAO,PÊCHE OCÉAN,Emb. 0.16 KG,"1,59€","9,94€ / KG",
Desodorizante Spray Mulher Biorythm,REXONA,Emb. 0.15 LT,"2,39€","15,93€ / LT",
"BOLACHAS C/ CANELA ""SPECULOOS"" POCKET",P'TIT DÉLI,,"0,87€",/ Unid.,
Cogumelo Portobello,,0.2 UN (aprox.),"1,42€","7,10€ / UN",
Caldo de Galinha sem Sal Pack 8,KNORR,Emb. 0.072 KG,"1,49€","20,69€ / KG",
Bolachas de Frutos Silvestres,THINS,Emb. 0.174 KG,"2,14€","12,30€ / KG",
"SALSICHAO SECO ""LABEL ROUGE""",ST AZAY,Emb. 0.25 KG,"4,69€","18,76€ / KG",
Limpeza Móveis Classic Protege,PRONTO,Spray 0.3 LT,"4,79€","15,97€ / LT",
EMPADAO DE CARNE PICADA,CÔTÉ TABLE,Emb. 0.35 KG,"2,29€","6,54€ / KG",
Creme Limpeza para Placas de Vitrocerâmica,VITROCLEN,Emb. 0.45 LT,"5,99€","13,31€ / LT",
Massa Cannelloni,MILANEZA,Emb. 0.25 KG,"1,69€","6,76€ / KG",
Linguine,TRADIZIONI D'ITALIA,Emb. 0.5 KG,"1,49€","2,98€ / KG",
Refrigerante sem Gás Laranja Maracujá,FRUTIS,Emb. 1.5 LT,"1,15€","0,77€ / LT",
Manteiga com Sal,TERRA NOSTRA,Emb. 0.25 KG,"2,18€","8,72€ / KG",
Vinho Tinto,MONTES ERMOS,Bag in Box 5 LT,"9,59€","1,92€ / LT",
"LAPISEIRA 0,7MM+12MINAS+2BORRACHAS",ESQUISSE,Emb. 1 UNID.,"1,89€","1,89€ / UNID.",
IOGURTE BIFIDUS C/ PEDACOS AMEIXA,DÉLISSE,Emb. 0.5 KG,"1,35€","2,70€ / KG",
LAPIS DE COR 18UN,ESQUISSE,Emb. 18 UNID.,"1,99€","0,11€ / UNID.",
Doseador Sabão Líquido Branco,SILLAGE,Emb. 1 UNID.,"3,34€","3,34€ / UNID.",
Grelos de Nabo,,1 Unid. = 0.95 KG (aprox.),"2,49€/kg","2,37€ / Unid.",
Gomas Aromatizadas Frita Vários Sabores,COPAÍNS COPINES,Emb. 0.275 KG,"1,39€","5,05€ / KG",
BROCOLOS ULTRACONGELADOS,NOTRE JARDIN,Emb. 1 KG,"1,79€","1,79€ / KG",
Bandas Depilatórias Cera Fria,SILISS,Emb. 40 UNID.,"2,99€","0,07€ / UNID.",
Batatas P/ Cozer,,Emb. 3 KG,"3,49€","1,16€ / KG",
Alimento Seco Cão Active Completo,PURINA FRISKIES,Emb. 4 KG,"12,28€","3,07€ / KG",
Limpa Vidros Cristal Recarga,AJAX,Emb. 0.5 LT,"2,69€","5,38€ / LT",
Miolo de Camarão Ultracongelado,PESCANOVA,Emb. 0.2 KG,"6,90€","34,50€ / KG",
CALDEIRADA DE PEIXE,PÊCHE OCÉAN,Emb. 0.9 KG,"4,99€","5,54€ / KG",
Empadão de Carne,CÔTÉ TABLE,Emb. 0.3 KG,"2,89€","9,63€ / KG",
Iogurte Bifidus Sólido Natural S/ Lactose,ACTIVIA,Emb. 0.12 KG,"2,19€","18,25€ / KG",
Bebida Energética 6x25cl,X-TENSE,Emb. 1.5 LT,"2,85€","1,90€ / LT",
Dove Talc Soft Desodorizante Spray,DOVE,Emb. 0.15 LT,"2,69€","17,93€ / LT",
SALSA FOLHAS SAQUETA,RUSTICA,Emb. 0.01 KG,"0,53€","53,00€ / KG",
Alimento Seco P/ Gato Coelho Frango,PURINA FRISKIES,Emb. 2 KG,"7,89€","3,95€ / KG",
Pensos Higiénicos Noite Maxi Pocket 12 Unid.,DOULYS,Emb. 12 UNID.,"1,29€","0,11€ / UNID.",
Condicionador Protecção do Calor,TRESEMMÉ,Emb. 0.2 LT,"5,39€","26,95€ / LT",
COGUMELO FERBAR INTEIRO 185G,FERBAR,Emb. 0.185 KG,"0,96€","5,19€ / KG",
Arroz Basmati Himalaia,SALUDÃES,Emb. 1 KG,"2,24€","2,24€ / KG",
Sombrinhas Chocolate Leite,MAURI,Emb. 5 UNID.,"2,34€","0,47€ / UNID.",
Sobremesa de Soja Pêssego,NAT&VIE,Emb. 0.4 KG,"1,40€","3,50€ / KG",
Queijo Fresco Meio Gordo,CAMPAINHA,Emb. 0.2 KG,"1,75€","8,75€ / KG",
Vaselina Jelly Baby,VASELINE,Emb. 0.1 LT,"1,49€","14,90€ / LT",
Palitos Salgados,ECO+,Emb. 0.25 KG,"0,79€","3,16€ / KG",
BARRA CEREAIS CHOCO LEITE COCO,GRAINEA,Emb. 0.126 KG,"1,49€","11,83€ / KG",
Café Moído Torrado Intensidade 12,BUONDI,Emb. 0.2 KG,"3,59€","17,95€ / KG",
Esfregona de Algodão,,Emb. 1 UNID.,"0,84€","0,84€ / UNID.",
Rolo Cozinha Compacto XXL,MARQUE REPERE,Emb. 1 UNID.,"0,99€","0,99€ / UNID.",
SOBREMESA CREME CHOCOLATE/AVELA,DÉLISSE,Emb. 0.5 KG,"1,59€","3,18€ / KG",
Alimento P/ Cão Adulto Pequeno P/ Controlo do Peso,PURINA,Emb. 0.8 KG,"4,95€","6,19€ / KG",
Néctar Vital Frutos Vermelhos,COMPAL,Emb. 1 LT,"1,62€","1,62€ / LT",
Pizza Carbonara,CAMPOFRIO,Emb. 0.36 KG,"3,32€","9,22€ / KG",
Água Micelar,BIOTEN,Emb. 0.4 LT,"3,94€","9,85€ / LT",
Snack P/ Gato de Frango,DENTALIFE,Emb. 0.04 KG,"1,89€","47,25€ / KG",
Massa Capellini,TURINI,Emb. 0.5 KG,"0,89€","1,78€ / KG",
Axe Collision Gel de Banho Leather & Cookies,AXE,Emb. 0.4 LT,"3,29€","8,23€ / LT",
Groselha,ALBERGARIA,Garrafa 1 LT,"4,02€","4,02€ / LT",
Chocolate em pó P/ Leite,NESTLÉ,Emb. 0.39 KG,"3,14€","8,05€ / KG",
Espumante Reserva Bruto,RAPOSEIRA,Garrafa 0.75 LT,"8,05€","10,73€ / LT",
"AGUA FASTIO,6x50CL",FASTIO,,"2,29€",/ Unid.,
PILHAS ALCALINAS LR14 TECH+,FOXTER,Emb. 2 UNID.,"3,59€","1,80€ / UNID.",
Peito Frango Forno Lenha Fatiado,CAMPOFRIO,Emb. 0.12 KG,"2,68€","22,33€ / KG",
Sidra com Álcool Blackberry 4x33cl,SOMERSBY,Emb. 1.32 LT,"3,99€","3,02€ / LT",
CEREAIS BOLINHAS DE CHOCOLATE,ECO+,Emb. 0.75 KG,"2,49€","3,32€ / KG",
Papel Higiénico,MARQUE REPERE,Emb. 48 UNID.,"8,49€","0,18€ / UNID.",
Alimento Seco P/ Gatos Aves Cenoura Legumes e Leite,LYCAT,Emb. 2 KG,"4,65€","2,33€ / KG",
SACO ASPIRADOR S100,ELSAY,Emb. 1 UNID.,"3,49€","3,49€ / UNID.",
SOBREMESA PUDIM DE ARROZ,DÉLISSE,Emb. 0.5 KG,"2,55€","5,10€ / KG",
Alimento P/ Bebé Frutas Variadas +6 meses 4 Unid.,NESTLÉ BEBÉ,Emb. 0.4 KG,"2,39€","5,98€ / KG",
QUEIJO ROQUEFORT DOP,NOS RÉGIONS ONT DU TALENT,Emb. 0.15 KG,"2,69€","17,93€ / KG",
Gelatina Light Morango,ROYAL,Emb. 0.031 KG,"1,99€","64,19€ / KG",
Massa Macarronete Riscado,TURINI,Emb. 0.5 KG,"0,90€","1,80€ / KG",
Queijo Meio Gordo o Sabor Português,LES CROISÉS,1 Unid. = 1 KG (aprox.),"8,99€/kg","8,99€ / Unid.",
Snack Fruut Maça Vermelha Doce Sem Açúcar 60g,,Emb. 0.06 KG,"1,89€","31,50€ / KG",
Atum em Posta Azeite,BOM PETISCO,Emb. 0.385 KG,"4,24€","11,01€ / KG",
Pensos Higiénicos Protege-Slip Long,CAREFREE,Emb. 40 UNID.,"4,49€","0,11€ / UNID.",
Café Pastilhas Lote Chávena,DELTA,Emb. 16 PAST.,"3,35€","0,21€ / PAST.",
Pão de Água,,1 Unid. = 0.1 KG,"1,10€","11,00€ / KG",
DENTIFRICO MENTA BIO,BIONAÏA,Emb. 0 LT,"1,99€",inf€ / LT,
Linguiça,,Emb. 0.2 KG,"1,30€","6,50€ / KG",
Espumante Bruto,COMP DO VINHO,Garrafa 0.75 LT,"3,29€","4,39€ / LT",
CARTE DOR CHOCOLATE & AVELÃ,CARTE D'OR,Emb. 1 LT,"2,89€","2,89€ / LT",
SAL DE MESA,ECO+,Emb. 0.25 KG,"0,27€","1,08€ / KG",
CARVAO PREMIUM,,Emb. 5 KG,"7,49€","1,50€ / KG",
Alimento P/ Cão Snack Dental Frango,FRISKIES,Emb. 0.2 KG,"2,87€","14,35€ / KG",
Chamuças de Carne,,Emb. 4 UNID.,"1,99€","0,50€ / UNID.",
Pães de Leite com Pepitas Chocolate de Leite 10 Unid.,EPI D'OR,Emb. 0.35 KG,"1,99€","5,69€ / KG",
Brioches Redondas com Oepitas Chocolate 12 Unid.,EPI D'OR,Emb. 0.5 KG,"2,99€","5,98€ / KG",
BL1 LED STANDARD 14W-100W E27 LUZ AMARELA,FOXTER,Emb. 1 UNID.,"8,99€","8,99€ / UNID.",
Alimento Seco P/ Gato Sénior +11 Anos de Frango,PURINA,Emb. 1.5 KG,"11,89€","7,93€ / KG",
CAPA A4 EM L TRANSPARENTE,ESQUISSE,Emb. 10 UNID.,"1,39€","0,14€ / UNID.",
Vinho Regional Alentejo Tinto,HERDADE DOS GROUS,,"14,39€",/ Unid.,
Folhado Fiambre 4x100 g Ultracongelado,CÔTÉ TABLE,Emb. 0.4 KG,"3,45€","8,63€ / KG",
Néctar 100% Maçã,COMPAL,Emb. 1 LT,"1,62€","1,62€ / LT",
TRAVESSA + NAPERON N 7L,,Emb. 1 UNID.,"1,09€","1,09€ / UNID.",
Millet Painço Ramo,TOUS MES AMIS,Emb. 0.2 KG,"2,69€","13,45€ / KG",
CAPA PLASTICA COLORIDA A4 C/ELASTICO,ESQUISSE,Emb. 1 UNID.,"2,49€","2,49€ / UNID.",
Lasanha à Bolonhesa Ultracongelado,CÔTÉ TABLE,Emb. 1 KG,"3,59€","3,59€ / KG",
Espuma Caracóis Naturais,PANTENE,Emb. 0.2 LT,"3,74€","18,70€ / LT",
PREPARADO PARA LEITE CREME,DÉLISSE,Emb. 0.4 KG,"2,99€","7,48€ / KG",
"Cerveja Tequila 5,9% Vol. 3 Unid.",DESQUILES,Emb. 0.99 LT,"3,39€","3,42€ / LT",
Coloração Longa Duração Belle Color 4 Castanho,GARNIER,Emb. 1 UNID.,"5,99€","5,99€ / UNID.",
Ovos Solo M,SNR,Emb. 6 UNID.,"1,19€","0,20€ / UNID.",
AIRWICK STICKS DELICIAS V,AIRWICK,Emb. 1 UNID.,"7,19€","7,19€ / UNID.",
Miolo Amêndoa Granulada,MARQUE REPERE,Emb. 0.15 KG,"2,25€","15,00€ / KG",
Feijão Frade,NOTRE JARDIN,Emb. 1 KG,"1,89€","1,89€ / KG",
Lima,,1 Unid. = 0.08 KG (aprox.),"4,99€/kg","0,40€ / Unid.",
Doce de Mirtilos Biológico,,Emb. 0.375 KG,"2,65€","7,07€ / KG",
Lápis Carpintaria,ECO+,Emb. 12 UNID.,"1,52€","0,13€ / UNID.",
PETIT GATEAU CHOCOLATE 4UN,TROFIC,Emb. 0.5 KG,"2,79€","5,58€ / KG",
Miolo de Caju C/ Sal,MARQUE REPERE,Emb. 0.25 KG,"3,99€","15,96€ / KG",
Jardineira de 3 Legumes,,Emb. 0.4 KG,"0,69€","1,73€ / KG",
Alimento P/ Gato Adulto P/Saúde do Trato Urinário,PURINA ONE,Emb. 0.8,"6,89€","8,61€ /",
Mad Chip Alho e Evas,CALVÉ,Emb. 0.26 KG,"2,37€","9,12€ / KG",
Manteiga Fácil de Barrar,MIMOSA,Emb. 0.25 KG,"2,29€","9,16€ / KG",
Salmão Fumado Noruega,RONDE DES MERS,Emb. 0.14 Kg,"5,99€","42,79€ / Kg",
Queijo Emmental Francês Ralado,LES CROISÉS,Emb. 0.1 KG,"1,05€","10,50€ / KG",
Bolo Cake e Choc,MILKA,Emb. 0.175 KG,"2,39€","13,66€ / KG",
Leite Magro com Coco sem Lactose,MIMOSA,Emb. 1 LT,"1,49€","1,49€ / LT",
Sobremesa Láctea de Morango +6Meses,BIO VILLAGE BEBE,Emb. 0.4 KG,"2,29€","5,73€ / KG",
Doce de Quatro Frutos sem Açúcar,ST. DALFOUR,Frasco 0.284 KG,"4,29€","15,11€ / KG",
Batom Corretivo 002,RIMMEL,Emb. 1 UNID.,"7,03€","7,03€ / UNID.",
Néctar de Laranja,UM BONGO,Emb. 1 LT,"1,29€","1,29€ / LT",
Arroz Carolino,BOM SUCESSO,Emb. 1 KG,"1,15€","1,15€ / KG",
Johnson's Baby Pó de Talco,JOHNSON'S BABY,Emb. 0.2 KG,"2,49€","12,45€ / KG",
QUEIJO MOZZARELLA BUFALA BIO,,Emb. 0.125 KG,"2,49€","19,92€ / KG",
Dentífrico Branqueadora Branco Intenso,AQUAFRESH,Emb. 0.075 LT,"3,19€","42,53€ / LT",
Whisky Finest,BALLANTINE'S,Emb. 0.7 LT,"12,99€","18,56€ / LT",
ESCORREDOR P/BALDE LIMPEZA,SILLAGE,Emb. 1 UNID.,"1,50€","1,50€ / UNID.",
SORVETE TANGERINA,TROFIC,Emb. 1 LT,"1,79€","1,79€ / LT",
Chá de Frutos Vermelhos,TETLEY,Emb. 10 SAQ.,"1,12€","0,11€ / SAQ.",
Creme para Barrar com Avelãs,NUSTIKAO,Emb. 0.4 KG,"1,99€","4,98€ / KG",
Aerossol Lavanda,BRISE,Emb. 0.3 LT,"1,54€","5,13€ / LT",
Arroz Extra longo integral negro,CAÇAROLA,Emb. 0.5 KG,"3,11€","6,22€ / KG",
Batatas Pré-Fritas em Steak,POM'LISSE,Emb. 1 KG,"1,99€","1,99€ / KG",
Hamburgers de Vaca sem Glúten Ultracongelado,CAPITÃO IGLO,Emb. 0.32 KG,"3,99€","12,47€ / KG",
IOGURTE BIFIDUS NATURAL,DÉLISSE,Emb. 1.5 KG,"2,10€","1,40€ / KG",
Queijo Fatiado -50% Gordura,LIMIANO,Emb. 0.2 KG,"2,48€","12,40€ / KG",
Champanhe Bruto,POL CARSON,Garrafa 0.75 LT,"17,29€","23,05€ / LT",
Chá de Camomila,TETLEY,Emb. 10 UNID.,"0,84€","0,08€ / UNID.",
Café Torrado Expresso Moído,PLANTATION,Emb. 0.25 KG,"1,69€","6,76€ / KG",
Snack P/ Cão Médio 12-25kg,PURINA,Emb. 0.115 KG,"2,34€","20,35€ / KG",
PÁ E VASSOURINHA,SILLAGE,Emb. 1 UNID.,"2,50€","2,50€ / UNID.",
"AZEITONA OXIDADA,FRC,210G QAMPO",,0.21 KG,"1,39€","6,62€ / KG",
LAVA TUDO AMONIACAL,CLAIR,Emb. 2 LT,"0,69€","0,35€ / LT",
CHAMPO ANTI-CASPA TODO TIPO CABELOS,CARRÉ HOMME,Emb. 0.25 LT,"1,99€","7,96€ / LT",
Iogurte Magro Pedaços Déli´Light 16x125g,DÉLISSE,Emb. 2 KG,"4,35€","2,18€ / KG",
ENVELOPE SILICONE C/JANELA 110X220MM,ESQUISSE,Emb. 100 UNID.,"3,99€","0,04€ / UNID.",
TRANSPORTADORA P/CAO 55CM 1UN P\'TIT AMI,P'TIT AMI,Emb. 1 UNID.,"19,99€","19,99€ / UNID.",
Peixe Espada Preto,,1 Unid. = 1.7 KG (aprox.),"7,49€/kg","12,73€ / Unid.",
Ração para Gato Esterilizado Controlo de Peso de Frango,PURINA,Emb. 1.5 KG,"11,51€","7,67€ / KG",
Desodorizante Roll-On Double Invisible,VASELINE,Emb. 0.05 LT,"2,09€","41,80€ / LT",
Marmelada,FERBAR,Emb. 0.4 KG,"1,91€","4,78€ / KG",
SPRAY CASA BANHO,CIF,Emb. 0.75 LT,"2,49€","3,32€ / LT",
CREME PENTEAR P/ CABELO E BARBA 75ML,CARRÉ HOMME,,"2,99€",/ Unid.,
Pão de Forma Out 10 Cereais e Sementes,PANRICO,Emb. 0.65 KG,"1,99€","3,06€ / KG",
Entremeada de Porco,,1 Unid. = 0.4 KG (aprox.),"4,49€/kg","1,80€ / Unid.",
Ananás em Fatias Inteiras em Calda Leve,,Lata 0.55 KG,"1,69€","3,07€ / KG",
MAIONESE C/ MOSTARDA DE DIJON TOP DOWN,RUSTICA,Emb. 0.415 KG,"1,89€","4,55€ / KG",
Preservativos Finíssimos,CONTROL,Emb. 12 UNID.,"6,99€","0,58€ / UNID.",
FAIRY MAO NATURALS BERGAMOTA 650ML,,Emb. 0.65 LT,"2,04€","3,14€ / LT",
Wafers de Cacau,,Emb. 0.17 KG,"1,35€","7,94€ / KG",
QUEIJO RALADO 3QJ,LES CROISÉS,Emb. 0.2 KG,"1,99€","9,95€ / KG",
Ervilhas Primavera Ultracongelado,IGLO,Emb. 0.5 KG,"3,09€","6,18€ / KG",
Queijo Coulommiers,LES CROISÉS,Emb. 0.35 KG,"2,49€","7,11€ / KG",
Iogurte Líquido Morango 8 Unid.,YOGGI,Emb. 1.28 KG,"3,94€","3,08€ / KG",
Bijou,,1 Unid. = 0.055 KG,"100,00€","1 818,18€ / KG",
Iogurte Bolacha 4 Unid.,IOGOLINO,Emb. 0.4 KG,"2,29€","5,73€ / KG",
Atum Posta Azeite,BOM PETISCO,Emb. 0.2 KG,"2,39€","11,95€ / KG",
Nectar Clássico Alperce 3x20cl,COMPAL NECTAR,Emb. 0.08 LT,"1,39€","17,38€ / LT",
Pensos Diários Slip Maxi,AUSONIA,Emb. 30 UNID.,"1,49€","0,05€ / UNID.",
Conserva de Salsichas Frankfurt 10 Unid.,NOBRE,Lata 0.25 KG,"1,34€","5,36€ / KG",
BATATA DOCE EM PEDACOS BIO,,Emb. 0.6 KG,"1,99€","3,32€ / KG",
Bolachas de Manteiga com Pepitas de Chocolate,P'TIT DÉLI,Emb. 0.2 KG,"1,49€","7,45€ / KG",
Bicarbonato,RUSTICA,Emb. 0.05 KG,"0,49€","9,80€ / KG",
Conserva de Feijão Manteiga Cozido,NOTRE JARDIN,Frasco 0.57 KG,"0,69€","1,21€ / KG",
"ALIMENT BEBE: PURE CENOURAS, ARROZ E ABOBORA BIO +6M 2X200G",BIO VILLAGE BEBE,Emb. 0.4 KG,"2,39€","5,98€ / KG",
Cereais Granola de Aveia Chocolate,FITNESS,Emb. 0.3 KG,"2,79€","9,30€ / KG",
Ambientador Difusor Essential Mist Citrus,AIR WICK,Emb. 1 UNID.,"13,19€","13,19€ / UNID.",
Refrigerante com Gás Guarana,ANTARCTICA,Garrafa 1.5 LT,"1,91€","1,27€ / LT",
Ice Tea Pêssego,NESTEA,Garrafa 1.5 LT,"1,00€","0,67€ / LT",
Croissant Recheado de Ovo,,1 UNID.,"0,99€","0,99€ / UNID.",
PIMENTA BRANCA MOIDA SAQUETA,RUSTICA,Emb. 0.1 KG,"1,99€","19,90€ / KG",
FIO DENTARIO COM FLUOR E MENTOL,DENTAMYL,Emb. 50 M,"1,25€","0,03€ / M",
GELADO BAUNILHA CARAMELO,YSCO,Emb. 0.9 LT,"2,70€","3,00€ / LT",
Guardanapos Folha Simples,MARQUE REPERE,Emb. 100 UNID.,"0,69€","0,01€ / UNID.",
Alimento Seco P/ Cão Adulto Frango C/ Arroz,PURINA,Emb. 14 KG,"60,77€","4,34€ / KG",
Máscara Alonga e Define Extra Super Lash,RIMMEL,Emb. 1 UNID.,"7,49€","7,49€ / UNID.",
Gomas Bananas,COPAÍNS COPINES,Emb. 0.2 KG,"0,99€","4,95€ / KG",
Piaçaba,ECO+,Emb. 1 UNID.,"1,90€","1,90€ / UNID.",
Bolachas com Cobertura Chocolate Preto,P'TIT DÉLI,Emb. 0.2 KG,"1,29€","6,45€ / KG",
Conserva de Atum em Posta Natural,PÊCHE OCÉAN,Emb. 0.12 KG,"0,99€","8,25€ / KG",
Recheio P/ BOUCHEES A LA REINE,CÔTÉ TABLE,Emb. 4 KG,"1,69€","0,42€ / KG",
Néctar de Tutti Frutti Clássico 3 Unid.,JAFADEN,Emb. 0.6 LT,"0,89€","1,48€ / LT",
Delícias do Mar Sabor a Caranguejo,,Emb. 0.4 KG,"2,25€","5,63€ / KG",
Saboneteira Branco,SILLAGE,Emb. 1 UNID.,"1,42€","1,42€ / UNID.",
Red Fish Grande Congelado,,1 Unid. = 0.5 KG (aprox.),"4,99€/kg","2,50€ / Unid.",
Snack P/ Cão Médio/Grande +10kg,FRISKIES,Emb. 7 UNID.,"2,89€","0,41€ / UNID.",
MASSA FOLHADA,TABLIER BLANC,Emb. 0.23 KG,"1,19€","5,17€ / KG",
Guardanapos 2 Folhas,MARQUE REPERE,Emb. 100 UNID.,"1,29€","0,01€ / UNID.",
Cogumelo Pleurotus,,Emb. 0.25 KG,"2,09€","8,36€ / KG",
Queijo de Cabra Curado,SALOIO,Emb. 0.2 KG,"3,99€","19,95€ / KG",
Amaciador Ultra Suave Óleo de Abacate,GARNIER,Emb. 0.2 LT,"3,59€","17,95€ / LT",
Cerveja com Álcool Mini 20x25cl,SAGRES,Emb. 5 LT,"8,99€","1,80€ / LT",
CHUVEIRO CROMADO 5 JATOS STOP+TUBO FLEXIVEL 1.75M,FOXTER,Emb. 1 UNID.,"14,99€","14,99€ / UNID.",
Proteção Contra o Calcário e a Sujidade,CALGON,Emb. 1.5 LT,"11,99€","7,99€ / LT",
Refrigerante C/ Gás Pack 6,SPRITE,,"4,04€",/ Unid.,
BATATA FRITA DOCE,POM'LISSE,,"1,69€",/ Unid.,
Salsichão com Alho Fumado,TRADILÈGE,Emb. 0.3 KG,"2,69€","8,97€ / KG",
Pensos Higiénicos Ultra Finos,ECO+,,"0,95€",/ Unid.,
Queijo Fresco de Cabra,SANTIAGO,Emb. 0.1 KG,"1,83€","18,30€ / KG",
Spray Ultra Desembaraçante,CORINE DE FARME,Emb. 0.15 LT,"1,99€","13,27€ / LT",
Vinho Branco A.O.C. MONBAZILLAC 14,TERRASSES D'AUTAN,Garrafa 0.75 CL,"5,99€","7,99€ / CL",
Cerveja com Álcool Abadia 6x33cl,SUPER BOCK,Emb. 1.98 LT,"4,49€","2,27€ / LT",
Tablete Chocolate 70% Cacau Culinária,PANTAGRUEL,Emb. 0.2 KG,"2,74€","13,70€ / KG",
Bloco Sanitário 3 em 1 Atlantic,DOMESTOS,Emb. 0.04 KG,"1,19€","29,75€ / KG",
Óleo de noite Reparador Bio Cânhamo,GARNIER,Emb. 0.03 LT,"14,98€","499,33€ / LT",
DROPS BOLAS DE NEVE M.GUIA,COPAÍNS COPINES,Emb. 0.25 KG,"1,19€","4,76€ / KG",
A.O.C. Cotes Provence 2014,TERRES OCREES,Garrafa 0.75 LT,"5,99€","7,99€ / LT",
ARROZ DOCE SABOR BAUNILHA,ECO+,Emb. 0.2 KG,"0,54€","2,70€ / KG",
PASTILHAS PARA MAQUINA LAVA LOICA TUDO EM 1,UNÍ VERT,Emb. 30 UNID.,"2,99€","0,10€ / UNID.",
Ambientador com Recarga White Bouquet,AIRWICK,Emb. 0.25 LT,"7,19€","28,76€ / LT",
Broa de Milho,,1 Unid. = 1.7 KG (aprox.),"1,19€/kg","1,19€ / Unid.",
Aditivo para Roupa Gel Anti-Calcário 2 em1,CALGON,Emb. 0.75 LT,"6,99€","9,32€ / LT",
Amendoim C/ Casca Torrado,MARQUE REPERE,Emb. 0.2 KG,"0,99€","4,95€ / KG",
SUMO 100% LARANJA C/POLPA REFRIGERADO,ECO+,Emb. 1 LT,"1,55€","1,55€ / LT",
"MAQUINA CAFE FILTRO 1,25L 1000W",ELSAY,Emb. 1 UNID.,"19,90€","19,90€ / UNID.",
Queijo Bola Flamengo,AGROS,Emb. 1.4 KG (aprox.),"8,49€/kg","11,89€ / Unid.",
Feijão Verde Muito Fino Ultracongelado,NOTRE JARDIN,Emb. 1 KG,"1,59€","1,59€ / KG",
Batatas Fritas Camponesas,LAY'S,Emb. 0.15 KG,"1,81€","12,07€ / KG",
Chá Green Framboesa Romã,LIPTON,Emb. 20 SAQ.,"1,49€","0,07€ / SAQ.",
Physalis,,1 Unid. = 1.5 KG  (aprox.),"11,99€/kg","17,99€ / Unid.",
Garnier Fructis Nutri Caracóis Creme Sem Enxaguar,GARNIER FRUCTIS,Emb. 0.4 LT,"7,98€","19,95€ / LT",
Lixívia em Gel Original,DOMESTOS,Emb. 0.75 Lt,"1,79€","2,39€ / Lt",
Detergente Loiça Máquina Pastilhas,,Emb. 50 PAST.,"2,69€","0,05€ / PAST.",
Peito de Frango Fatias Finas,CAMPOFRIO,Emb. 0.12 KG,"2,61€","21,75€ / KG",
Chá de Limão,LIPTON,Emb. 20 SAQ.,"1,74€","0,09€ / SAQ.",
Bolachas Crackers Integral,DU BOIS DE LA ROCHE,Emb. 0.5 KG,"3,19€","6,38€ / KG",
Peixe Espada Branco Posta,,1 Unid. = 0.21 KG (aprox.),"6,99€/kg","1,47€ / Unid.",
"BL1 LED SPOT 2,5W - 20W GU5.3",FOXTER,Emb. 1 UNID.,"3,99€","3,99€ / UNID.",
Bebida de Coco 0%,SHOYCE,Emb. 1 LT,"2,32€","2,32€ / LT",
Queijo Mozarella Light,GALBANI,Emb. 0.125 KG,"1,79€","14,32€ / KG",
PILHAS ALCALINAS LR20,ECO+,Emb. 4 UNID.,"4,99€","1,25€ / UNID.",
Alheira,TERRAS DO DEMO,Emb. 0.2 KG,"1,24€","6,20€ / KG",
Detergente para a Roupa 3 em 1 Active Clean,SKIP,Emb. 1.134 KG,"12,49€","11,01€ / KG",
Queijo Petit Brie,LES CROISÉS,Emb. 0.5 KG,"4,29€","8,58€ / KG",
SALSICHA CHURRASCO CLASSICA,CAMPO FINO,Emb. 0.2 KG,"1,89€","9,45€ / KG",
Néctar Vital Equilíbrio Laranja Cenoura Manga,COMPAL,Emb. 1 LT,"1,62€","1,62€ / LT",
Fraldas Bebé T5 ACTIV+ 11/25 Kg,MOTS D'ENFANTS,Emb. 35 UNID.,"7,89€","0,23€ / UNID.",
Ambientador Eléctrico Recarga I Love You,GLADE,Emb. 0.02 LT,"3,59€","179,50€ / LT",
Conserva Macedónia de Legumes,NOTRE JARDIN,Lata 0.4 KG,"0,89€","2,23€ / KG",
DETERGENTE EM GEL CONCENTRADO TUDO EM 1 MAQUINA LOICA 45 LAVAGENS,VISIOR,Emb. 0.9 LT,"4,69€","5,21€ / LT",
RECARGA ESFREGONA MICROFIBRAS FIO AZUL,,Emb. 1 UNID.,"1,99€","1,99€ / UNID.",
Farinheira Porco Preto,SNR,Emb. 0.15,"1,68€","11,20€ /",
Fiambre Superior,TRADILÈGE,Emb. 0.08 KG,"1,69€","21,13€ / KG",
CAPS CAFE COMP C/ DG XL INT9,PLANTATION,,"5,99€",/ Unid.,
MOUSSE DE MANGA CONDI 80G,CONDI,Emb. 0.8 KG,"1,34€","1,68€ / KG",
Bolachas com Recheio Cereja Cobertura Chocolate,P'TIT DÉLI,Emb. 0.15 KG,"1,19€","7,93€ / KG",
MIOLO DE AMEIJOA ZEBRA,PÊCHE OCÉAN,Emb. 0.25 KG,"2,75€","11,00€ / KG",
GELADO TRIUM CAFE 4UN,TRIUM,Emb. 4 UNID.,"2,25€","0,56€ / UNID.",
Cápsulas Café Ristretto Napoli Style Intensidade 13,DOLCE GUSTO,Emb. 30 CAPS.,"10,39€","0,35€ / CAPS.",
Doce Extra de Alperce Biológico,,Emb. 0.37 KG,"2,15€","5,81€ / KG",
Cominhos Moídos,RUSTICA,Frasco 0.035 KG,"0,69€","19,71€ / KG",
Pimenta Preta Moída,RUSTICA,Emb. 0.05 KG,"0,89€","17,80€ / KG",
Cogumelos Laminados,ECO+,Emb. 0.23 KG,"0,86€","3,74€ / KG",
Desodorizante Stick,DOVE,Emb. 0.04 LT,"2,84€","71,00€ / LT",
Kit Roll-on Elétrico Cera Pernas e Corpo,VEET,Emb. 0.05 LT,"6,99€","139,80€ / LT",
Cone Baunilha 8x120ml,ECO+,Emb. 8 UNID.,"2,19€","0,27€ / UNID.",
PLACA INDUCAO 1 DISCO,ELSAY,Emb. 1 UNID.,"59,90€","59,90€ / UNID.",
BOLA FUTEBOL PREMIUM T5,WOODSUN,Emb. 1 UNID.,"7,99€","7,99€ / UNID.",
Saco Congelação C/ Zip Médio,ELEMBAL,Emb. 15 UNID.,"1,69€","0,11€ / UNID.",
Queijo de Ovelha Barrado Seia,QUEIJOS LAGOS,1 Unid. = 0.5 KG (aprox.),"6,77€/kg","6,33€ / Unid.",
Cassoulet C/ Salsichas de Toulouse,CÔTÉ TABLE,Emb. 0.84 KG,"2,99€","3,56€ / KG",
Ração P/ Gato Trato Urinário C/ Frango,ULTIMA,Emb. 0.75 KG,"5,39€","7,19€ / KG",
Biscoitos com Pepitas de Chocolate Preto Biológico,,Emb. 0.14 KG,"2,09€","14,93€ / KG",
Muesli Morango,GRAINEA,Emb. 0.5 KG,"2,89€","5,78€ / KG",
Aletria,MILANEZA,Emb. 0.5 KG,"1,19€","2,38€ / KG",
Maionese Magra,HELLMANN'S,Emb. 0.459 KG,"3,26€","7,10€ / KG",
Vinho Regional Tejo Tinto Reserva,CABEÇA DE TOIRO,Garrafa 0.75 LT,"5,49€","7,32€ / LT",
Pipocas Pop Corn 3x90g,TOKAPI,Emb. 0.27 KG,"1,08€","4,00€ / KG",
Champô Cabelo Criança Alperce e Flor de Algodão,ULTRA SUAVE,Emb. 0.25 LT,"3,59€","14,36€ / LT",
AMBIENTADOR GEL MARINHO,BIEN AIR,Emb. 0.15 KG,"0,89€","5,93€ / KG",
Alimento Húmido Gatinhos de Coelho Vaca Aves 4x400g,LYCAT,Emb. 4 UNID.,"3,99€","1,00€ / UNID.",
CREME DESCOLORANTE ROSTO/CORPO 2UN,SILISS,Emb. 0.1,"3,19€","31,90€ /",
Salsichas de Aves 8 Unidades,IZIDORO,Lata 0.2 KG,"1,19€","5,95€ / KG",
Batatas Fritas 6x30 gr,ECO+,Emb. 0.18 KG,"1,39€","7,72€ / KG",
SACO CONGELACAO MEDIO 22X35,ELEMBAL,Emb. 50 UNID.,"0,99€","0,02€ / UNID.",
Amaciador total repair 5,ELVIVE,Emb. 0.69 LT,"6,59€","9,55€ / LT",
"LIQUIDIFICADORA 1,5l 600W",ELSAY,Emb. 1 UNID.,"34,90€","34,90€ / UNID.",
Maminha de Novilho,,1 Unid. = 1 KG (aprox.),"6,59€/kg","6,59€ / Unid.",
MOLHO PARA HAMBURGUER,RUSTICA,Emb. 0.255 KG,"1,69€","6,63€ / KG",
Vinho Regional Península de Setúbal Branco Seco,B.S.E,Garrafa 0.75 LT,"2,99€","3,99€ / LT",
Champô Anti-Queda com Ginseng,LINIC,Emb. 0.36 LT,"4,94€","13,72€ / LT",
RATO S/FIO PRETO,LINKSTER,Emb. 1 UNID.,"9,99€","9,99€ / UNID.",
Salsicha Peru,NOBRE,Emb. 0.16 KG,"1,39€","8,69€ / KG",
COMPASSO 3PECAS,ESQUISSE,Emb. 1 UNID.,"3,29€","3,29€ / UNID.",
Amêndoas e Avelãs Torradas Trituradas e Caramelizadas,TABLIER BLANC,Emb. 0.1 KG,"1,99€","19,90€ / KG",
PENSOS HIGIENICOS U. FINOS NORMAIS + C/ABAS,DOULYS,Emb. 14 UNID.,"1,05€","0,08€ / UNID.",
LEGUMES SALTEADOS WOK INDIANO,NOTRE JARDIN,Emb. 1 KG,"3,45€","3,45€ / KG",
Nabiça,,1 Unid. = 0.79 KG (aprox.),"1,99€/kg","1,57€ / Unid.",
Bife do Redondo Vitelão,,1 Unid. = 0.25 KG (aprox.),"11,99€/kg","3,00€ / Unid.",
Queijo Parmigiano Reggiano,LES CROISÉS,Emb. 0.2 KG,"4,49€","22,45€ / KG",
GELADO CHOCOLATE LIEGEOIS,ESKISS,Emb. 1 LT,"2,65€","2,65€ / LT",
CREME LIMPEZA LIMAO  750ML,ECO+,Emb. 0.75 LT,"0,95€","1,27€ / LT",
Pão de Forma Grande,BIMBO,Emb. 0.375 KG,"1,62€","4,32€ / KG",
PREPARADO P/ ARROZ MARISCO,PÊCHE OCÉAN,Emb. 0.4 KG,"3,50€","8,75€ / KG",
Massa Macarrão,ECO+,Emb. 0.5 KG,"0,65€","1,30€ / KG",
Bife Picanha Novilho,,1 Unid. = 0.2 KG (aprox.),"12,99€/kg","2,60€ / Unid.",
Vinho Frisante Rosé,PLEXUS,Garrafa 0.75 LT,"2,19€","2,92€ / LT",
Spray Limpa Vidros Tripla Ação,AJAX,Emb. 0.5 LT,"3,19€","6,38€ / LT",
Ambientador Vela Baunilha,AIRWICK,Emb. 2 UNID.,"5,69€","2,85€ / UNID.",
Fermento em Pó 6Unid.,TABLIER BLANC,Emb. 0.066 KG,"0,79€","11,97€ / KG",
Bolachas Enroladas Cobertas de Chocolate Preto,P'TIT DÉLI,Emb. 0.125 KG,"1,49€","11,92€ / KG",
SALPICAO,CAMPO FINO,Emb. 0.28 KG,"3,29€","11,75€ / KG",
Bolachas Areadas de Manteiga Pura com Coco e Recheadas,P'TIT DÉLI,Emb. 0.1 KG,"1,49€","14,90€ / KG",
Iogurte Natural com Açúcar de Cana 4x125g,DÉLISSE,Emb. 0.5 KG,"0,75€","1,50€ / KG",
Pão de Forma Rústico,EPI D'OR,Emb. 0.6 KG,"1,39€","2,32€ / KG",
CHAMPO SECO CABELOS CASTANHOS 150ML,NATEIS,Emb. 0.15 LT,"2,29€","15,27€ / LT",
Massa Pevides,TURINI,Emb. 0.25 KG,"0,55€","2,20€ / KG",
SAL REGENERADOR,VISIOR,Emb. 2 KG,"0,79€","0,40€ / KG",
Lula Inteira Descongelada,,1 Unid. = 0.1 KG (aprox.),"5,99€/kg","0,60€ / Unid.",
Pensos Higiénicos Normal sem Alas,EVAX,Emb. 12 UNID.,"2,99€","0,25€ / UNID.",
Recarga Pure Flor Cerejeira,AIRWICK,Emb. 1 UNID.,"3,59€","3,59€ / UNID.",
"JARRO ELETRICO 2000W 1,7L",ECO+,Emb. 1 UNID.,"14,90€","14,90€ / UNID.",
Pá do Lixo c/ Espanador,,Emb. 1 UNID.,"2,00€","2,00€ / UNID.",
Bolachas Cobertas Chocolate Leite,P'TIT DÉLI,Emb. 0.15 KG,"1,19€","7,93€ / KG",
Alimento Seco P/ Cão Salmão C/ Arroz,PURINA,Emb. 0.8 KG,"5,62€","7,03€ / KG",
Café Torrado Moído África Ásia e Brasil Moagem Fina,SICAL,Emb. 0.25 KG,"2,39€","9,56€ / KG",
Chá Baunilha e Caramelo,LIPTON,Emb. 20 SAQ.,"1,74€","0,09€ / SAQ.",
Café Solúvel Qualité Filtre,PLANTATION,Frasco 0.1 KG,"1,83€","18,30€ / KG",
Salmão do Atlântico Fumado,ECO+,Emb. 0.2 KG,"5,49€","27,45€ / KG",
Preparado Sopa Creme de Marisco,KNORR,Emb. 0.075 KG,"1,49€","19,87€ / KG",
Café Torrado Moído Brasil Moagem Universal Intensidade 7,SICAL,Emb. 0.22 KG,"3,79€","17,23€ / KG",
PALITOS TORCIDOS C/ COB CHOCOLATE PRETO,P'TIT DÉLI,Emb. 0.09 KG,"1,49€","16,56€ / KG",
Cápsulas Café Espresso P/ Nespresso Intensidade 11,STARBUCKS,Emb. 10 CAPS.,"4,39€","0,44€ / CAPS.",
Manteiga de Amendoim Cremosa,CALVÉ,Emb. 1 KG,"8,89€","8,89€ / KG",
Barras de Cereais Special Chocolate,KELLOGG'S,Emb. 0.132 KG,"3,35€","25,38€ / KG",
Máquina Descartável Blue II 2 Lâminas,GILLETTE,Emb. 20 UNID.,"8,49€","0,42€ / UNID.",
Mini Tostas,EPI D'OR,Emb. 0.35 KG,"1,99€","5,69€ / KG",
Champô Legend CR7,LINIC,Emb. 0.36 LT,"4,94€","13,72€ / LT",
Recarga Freshmatic White Bouquet,AIR WICK,Spray 0.26 KG,"3,59€","13,81€ / KG",
Conserva de Feijão Manteiga,COMPAL,Lata 0.845 KG,"1,59€","1,88€ / KG",
Ambientador recarga lavanda,GLADE,Emb. 0.02 LT,"3,59€","179,50€ / LT",
Fraldas Bebé Extra Absorção Activity Tamanho 3,DODOT,Emb. 60 UNID.,"13,29€","0,22€ / UNID.",
Aromatizante Máquina Loiça Limão,SUN,Emb. 1 UNID.,"2,24€","2,24€ / UNID.",
CAPA CARTAO C/ELASTICO LOMBADA 4CM,ESQUISSE,Emb. 1 UNID.,"2,45€","2,45€ / UNID.",
"VELA AROMATICA ""FRUTOS VERMELHOS"" 30H",BIEN AIR,Emb. 1 UNID.,"1,99€","1,99€ / UNID.",
Flocos de Cereais com Fibras,KELLOGG'S,Emb. 0.375 KG,"2,59€","6,91€ / KG",
ALIMENTO HUMIDO FRANGO / LEGUMES COMPLETO 1200KG,TOUS MES AMIS,Emb. 1 KG,"2,05€","2,05€ / KG",
Conserva de Atum em Óleo Vegetal,GENERAL,Emb. 0.11 KG,"0,99€","9,00€ / KG",
CEREAIS PETALAS CHOCOLATE PRETO,GRAINEA,Emb. 0.3 KG,"1,69€","5,63€ / KG",
Farinha de Trigo Biológica,,Emb. 1 KG,"1,39€","1,39€ / KG",
Papa Infantil de Maçã,CERELAC,Emb. 0.25 KG,"2,39€","9,56€ / KG",
Marcadores Ponta Fina,ESQUISSE,Emb. 4 UNID.,"2,49€","0,62€ / UNID.",
Queijo Fundido Light 8 Porções,A VACA QUE RI,Emb. 0.14 KG,"2,08€","14,86€ / KG",
Pão de Forma Especial Fatiado Isento de Glúten,CHAQUE JOUR SANS GLUTEN,Emb. 0.3 KG,"2,79€","9,30€ / KG",
Iogurte Líquido Corpos Morango Kiwi 4x155g,DANONE,Emb. 0.62 KG,"1,69€","2,73€ / KG",
DENTIFRICO SABOR MORANGO EM GEL JUNIOR 7-13 ANOS,DENTAMYL,Emb. 0.075 LT,"0,99€","13,20€ / LT",
Frango à Provençal C/ Ervas Aromáticas,MAGGI,Emb. 0.028 KG,"0,74€","26,43€ / KG",
AREIA VEGETAL 10L P'TIT AMI,TOUS MES AMIS,Emb. 10 LT,"3,59€","0,36€ / LT",
BOUIL.POT AU FEU DESH,RUSTICA,Emb. 0.12 KG,"0,79€","6,58€ / KG",
Café Torrado Grão,PLANTATION,Emb. 1 KG,"5,69€","5,69€ / KG",
OS BOCADINHOS EM MOLHO VACA/MASSA/CENOURA P/ CAO 1230G,LYDOG,Emb. 1 KG,"2,05€","2,05€ / KG",
Cereais Frosties,KELLOGG'S,Emb. 0.375 KG,"2,29€","6,11€ / KG",
Filetes de Anchovas em Óleo Vegetal,RAMIREZ,Emb. 0.04 KG,"1,34€","33,50€ / KG",
QUEIJO FLAMENGO FATIADO,QUEIJO NA TÁBUA,Emb. 0.275 KG,"2,20€","8,00€ / KG",
Cajú Torrado e Salgado,TOKAPI,Emb. 0.125 KG,"2,49€","19,92€ / KG",
PILHA ALCALINA LR14,FOXTER,Emb. 2 UNID.,"2,99€","1,50€ / UNID.",
DETERGENTE MANUAL LOICA FRUTOS VERMELHOS/FLORES 750ML,VISIOR,Emb. 0.75 LT,"0,97€","1,29€ / LT",
Detergente Roupa Máquina Liquído Active Clean 100 Doses,SKIP,Emb. 100 DOSES,"19,99€","0,20€ / DOSES",
IOGURTE BIFIDUS BAUNILHA 12X125G DELISSE,DÉLISSE,Emb. 1.5 KG,"2,59€","1,73€ / KG",
Toalhitas Bebé Ecológicas,MOTS D'ENFANTS,Emb. 72 UNID.,"1,79€","0,02€ / UNID.",
Cuecas Menina 3 aos 5 Anos,HUGGIES,Emb. 16 UN,"8,99€","0,56€ / UN",
FILETES DE CAVALA C/ MOSTARDA A L'ANCIENNE,PÊCHE OCÉAN,Emb. 0.169,"1,79€","10,59€ /",
Queijo Fresco Magro 0% Gordura Pack 3,MATINAL,Emb. 0.216 KG,"2,24€","10,37€ / KG",
Sabonete Líquido Hipo-Alergénio,MANAVA,Emb. 0.3 LT,"0,89€","2,97€ / LT",
Vinho Regional Tejo Branco,PLEXUS,Garrafa 0.75 LT,"2,19€","2,92€ / LT",
Arroz Carolino,LOURO,Emb. 1 KG,"1,09€","1,09€ / KG",
Café Moído Torrado Moagem Universal Dak Lak,SICAL,Emb. 0.22 KG,"3,39€","15,41€ / KG",
ACENDALHAS CUBOS 32UN,ECO+,Emb. 32 UNID.,"1,29€","0,04€ / UNID.",
DESODORIZANTE SPRAY ATTIRANT MEN 100ML COMPACT,CARRÉ HOMME,Emb. 0.1 LT,"1,29€","12,90€ / LT",
Escova Borracha Vidros + Ventosa,SILLAGE,Emb. 1 UNID.,"0,99€","0,99€ / UNID.",
Chá Lúcia Lima,TETLEY,Emb. 10 SAQ.,"0,86€","0,09€ / SAQ.",
IOGURTE CREMOSO COCO C/ LIMÃO,NAT&VIE,Emb. 4 UNID.,"2,09€","0,52€ / UNID.",
Pó Sabão Natural,SKIP,Emb. 100 DOSES,"14,99€","0,15€ / DOSES",
ALGODAO MAXI OVAL X 60 BIO,BIONAÏA,Emb. 60 UNID.,"1,59€","0,03€ / UNID.",
Ração seca para gato bolas de pêlo c/ Peru,ULTIMA,Emb. 0.75 LT,"5,39€","7,19€ / LT",
Cogumelos de Paris Laminados Ultracongelado,NOTRE JARDIN,Emb. 1 KG,"2,19€","2,19€ / KG",
Cereais Integrais com Mel Biológicos,CHEERIOS,Emb. 0.33,"2,99€","9,06€ /",
Azeite Virgem Extra Seleção,SERRATA,Garrafa 0.75 LT,"3,99€","5,32€ / LT",
Vinho do Porto Tawny,PORTO CRUZ,Garrafa 0.75 LT,"4,99€","6,65€ / LT",
Cocktail de Soja Vegan sem Lactose e sem Glúten,NOBRE VEGALIA,Emb. 0.19 KG,"2,09€","11,00€ / KG",
Estojo C/ Escova de Dentes e Copo Cor de Rosa 2-6 Anos,PETIT DENTAMYL,Emb. 1 UNID.,"2,99€","2,99€ / UNID.",
CAPS CAFE COMP C/ NESP - EM ALUMINIO - COLOMBIA,PLANTATION,Emb. 10 UNID.,"1,99€","0,20€ / UNID.",
Johnson's Baby Brilho Mágico Condicionador Gotas de Brilho,JOHNSON'S BABY,Emb. 0.5 LT,"5,59€","11,18€ / LT",
Vinho Branco Adamado,FAISÃO,Garrafa 1 LT,"2,39€","2,39€ / LT",
Croquetes de Carne,,Emb. 8   UNID.,"1,39€","0,17€ /   UNID.",
Chocolate de Leite Confetti,MILKA,Emb. 0.1 KG,"1,59€","15,90€ / KG",
Queijo de Cabra Sainte Maure,LES CROISÉS,Emb. 0.2 KG,"2,10€","10,50€ / KG",
Máscara Multiusos Óleo Extraordinário Óleo de Coco,L'ORÉAL PARIS,Emb. 0.3 LT,"6,99€","23,30€ / LT",
1ª Papa Láctea Cerelac Multifrutos Sem Glúten,NESTLÉ,Emb. 0.25 KG,"2,79€","11,16€ / KG",
Polvo Congelado,,1 Unid. = 2.5 KG (aprox.),"12,99€/kg","32,48€ / Unid.",
Toalhitas para Cozinha Biodegradável,CIF,Emb. 36 UNID.,"2,24€","0,06€ / UNID.",
Desodorizante Invisible Spray,REXONA,Emb. 0.15 LT,"2,54€","16,93€ / LT",
Refrigerante S/ Gás Limão,ECO+,Emb. 2 LT,"0,79€","0,40€ / LT",
CHA VERDE DE MENTA EARL GREY BIO 20SAQ,,Emb. 20 UNID.,"1,52€","0,08€ / UNID.",
Vinho do Porto Tawny,DORRÃO,Garrafa 0.75 LT,"4,29€","5,72€ / LT",
Atum Posta Pimenta&Ervas Finas,BOM PETISCO,Emb. 0.12 KG,"1,56€","13,00€ / KG",
Frango Inteiro sem Miúdos,,1 Unid. = 1.2 KG (aprox.),"3,65€/kg","4,38€ / Unid.",
MIOLO AMENDOA C/ PELE C/ SAL,TOKAPI,,"1,95€",/ Unid.,
Conserva de Salsichas 8 Unid.,ECO+,Lata 0.2 KG,"0,75€","3,75€ / KG",
Rum 7 Anos,ABUELO,Emb. 0.7 LT,"32,60€","46,57€ / LT",
Espumante Asti,MARTINI,Garrafa 0.75 LT,"9,49€","12,65€ / LT",
Vinho Rosé,FAISÃO,Emb. 1 LT,"2,39€","2,39€ / LT",
Lasanha à Bolonhesa,CÔTÉ TABLE,Emb. 1 KG,"4,49€","4,49€ / KG",
"CANETA AZUL 0,7MM",ESQUISSE,Emb. 4 UNID.,"1,29€","0,32€ / UNID.",
Queijo Flamengo S/ Lactose Fatias,PAIVA,Emb. 0.15 Kg,"1,99€","13,27€ / Kg",
Laranja Cal. 3/4,,1 Unid. = 0.34 KG (aprox.),"0,79€/kg","1,89€ / Unid.",
AUSONIA AIRDRY NORMAL ABAS 38,AUSONIA,Emb. 38 UNID.,"4,24€","0,11€ / UNID.",
Desodorizante Spray Pêssego E Limão 0%Alumínio,DOVE,Emb. 0.15 LT,"2,84€","18,93€ / LT",
Pão Roll's Bases Redondas 6 Unid.,BIMBO,Emb. 0.24 KG,"1,91€","7,96€ / KG",
BATATAS SALTEADAS OLEO GIRASSOL,POM'LISSE,Emb. 1 KG,"2,25€","2,25€ / KG",
Espumante Reserva Doce,MURGANHEIRA,Garrafa 0.75 LT,"11,69€","15,59€ / LT",
Recarga Sabonete Líquido Hidratante Óleo Amêndoas/Karite,MANAVA,Emb. 0.25 LT,"0,65€","2,60€ / LT",
Chocolate Preto,CRUNCH,Emb. 0.1 KG,"1,39€","13,90€ / KG",
BEBIDA SOJA CRESCIMENTO,ALPRO,Emb. 1 LT,"1,89€","1,89€ / LT",
AURICULARES MAOS LIVRES BRANCO,LINKSTER,Emb. 1 UNID.,"6,99€","6,99€ / UNID.",
Pantene Fixação Flexível Laca 300ml,PANTENE PV,Spray 0.3 LT,"3,74€","12,47€ / LT",
Queijo Mascarpone,LES CROISÉS,Emb. 0.25 KG,"1,49€","5,96€ / KG",
Tablete de Chocolate Bolacha,MILKA,Emb. 0.3 KG,"3,89€","12,97€ / KG",
Pantene Caracóis Definidos Espuma 200ml,PANTENE PV,Emb. 0.2 LT,"3,74€","18,70€ / LT",
Vinho Branco,ECO+,Garrafão 5 LT,"5,69€","1,14€ / LT",
MACEDONIA DE LEGUMES 1/4X3 3X200G,NOTRE JARDIN,Emb. 0.6 KG,"1,79€","2,98€ / KG",
MOLHO COCKTAIL 253ML,CALVÉ,Emb. 0.253,"2,29€","9,05€ /",
CREME DE OVOS SABOR CARAMELO,DÉLISSE,Emb. 0.8 KG,"3,99€","4,99€ / KG",
Lixívia Densa+ Harmonias Florais,NEOBLANC,Emb. 2 LT,"2,58€","1,29€ / LT",
Bolachas com Cobertura Chocolate e Avelãs,P'TIT DÉLI,Emb. 0.12 KG,"1,45€","12,08€ / KG",
SACOS P/ CONTENTORES DO LIXO 240L,ELEMBAL,Emb. 10 UNID.,"2,99€","0,30€ / UNID.",
Luva Limpeza Tamanho S,MAMISON,Emb. 1 UNID.,"0,68€","0,68€ / UNID.",
Alimento Seco P/ Cão Free Vaca,BEYOND,Emb. 7 KG,"28,32€","4,05€ / KG",
Vinagre de Vinho Tinto,RUSTICA,Garrafa 0.5 LT,"0,49€","0,98€ / LT",
Café Lote Bocage Moagem Única,NICOLA,Emb. 0.25 KG,"3,59€","14,36€ / KG",
Salsichão Cumbre Real,CAMPOFRIO,1 Unid. = 0.1 KG (aprox.),"1,00€/kg","0,10€ / Unid.",
Molho de Alho,CALVÉ,Frasco 0.25 KG,"2,82€","11,28€ / KG",
Manteiga Salsa e Alho,MIMOSA,Emb. 0.125 KG,"1,69€","13,52€ / KG",
Iogurte de Aromas Frutas 24x50g,DÉLISSE,Emb. 1.2 KG,"2,99€","2,49€ / KG",
Alimento Húmido P/ Gato Sopa Vários Sabores,PURINA,Emb. 0.16 KG,"2,59€","16,19€ / KG",
Covete Endivia Branca Org Esp 450G MARCA GUIA,,Emb. 0.45 KG,"2,49€","5,53€ / KG",
Ambientador Pure Flor de Cereja da Ásia,AIRWICK,Emb. 0.25 LT,"4,19€","16,76€ / LT",
Feijocas 3X200G,NOTRE JARDIN,Emb. 0.6 KG,"1,79€","2,98€ / KG",
"AMACIADOR  ROUPA  ESSÊNCIA TALCO  1,5LT",CHICCO,,"5,84€",/ Unid.,
Camarão Cozido Cal. 40/60,,1 Unid. = 0.19 KG (aprox.),"9,71€/kg","1,84€ / Unid.",
Barra de Cereais com Maçã e Damasco,ECO+,Emb. 6 UNID.,"1,09€","0,18€ / UNID.",
Robalo Cal. 1000/2000,,1 Unid. = 0.75 KG (aprox.),"14,99€/kg","11,24€ / Unid.",
GAUFRES COBERTOS C/ CHOCOLATE,,,"1,49€",/ Unid.,
VASSOURA BORRACHA INTER/EXT,SILLAGE,Emb. 1 UNID.,"2,00€","2,00€ / UNID.",
Ice Tea Pêssego Zero Açúcar,LIPTON,Emb. 1 LT,"1,16€","1,16€ / LT",
Vinho Branco Alentejo Doc Reserva,REGUENGOS,Garrafa 0.75 LT,"5,94€","7,92€ / LT",
Óleo Cabelo Repara e Protege,PANTENE,Emb. 0.1 LT,"9,99€","99,90€ / LT",
Stiks Sortido 108g,TOUS MES AMIS,Emb. 0.104 KG,"0,99€","9,52€ / KG",
Marmelada Extra,,Emb. 0.45 KG,"1,09€","2,42€ / KG",
SACOS LIXO FECHO FACIL 100L,ELEMBAL,Emb. 10 UNID.,"1,59€","0,16€ / UNID.",
CREME SABOR BAUNILHA,DÉLISSE,Emb. 0.4,"2,39€","5,98€ /",
Fraldas Bebé T4 ACTIV+ 7/18 Kg,MOTS D'ENFANTS,Emb. 39 UNID.,"7,89€","0,20€ / UNID.",
Chá Verde e Limão,PLENO,Garrafa 1.5 LT,"1,49€","0,99€ / LT",
LINGUICA,CAMPO FINO,Emb. 0.15 KG,"1,29€","8,60€ / KG",
Cápsulas Café Ristretto Ardenza Pack x3,DOLCE GUSTO,Emb. 48 CAPS.,"14,29€","0,30€ / CAPS.",
ALIMENT BEBE: FRUTA DO POMAR BIO 4M,BIO VILLAGE BEBE,Emb. 0.4 KG,"2,09€","5,23€ / KG",
Nectarina,,1 Unid. = 0.12 KG (aprox.),"2,99€/kg","0,36€ / Unid.",
VELA NUMERO - 3,ARDENCE,Emb. 1 UNID.,"0,89€","0,89€ / UNID.",
Caprichos do Mar Ultracongelado,PESCANOVA,Emb. 0.4 KG,"3,33€","8,33€ / KG",
Cerveja sem Álcool 6X33cl,CHEERS,Emb. 1.98 LT,"3,24€","1,64€ / LT",
Alimento Seco P/ Gato Frango,BEYOND,Emb. 0.35 g,"2,99€","8,54€ / g",
Tomate Coração de Boi,,1 Unid. = 0.2 KG (aprox.),"3,99€/kg","0,80€ / Unid.",
CONFIT PATO DO SUDOESTE FRANCES,NOS RÉGIONS ONT DU TALENT,Emb. 0.745 KG,"15,99€","21,46€ / KG",
Vinho do Porto Ruby,DORRÃO,Garrafa 0.75 LT,"4,29€","5,72€ / LT",
Bolachas com Recheio de Framboesa,ECO+,Emb. 0.3 KG,"1,39€","4,63€ / KG",
Pizza Casa Di Mama Fiambre e Cogumelos,DR. OETKER,Emb. 0.405 KG,"5,44€","13,43€ / KG",
ALIMENT BEBE: PURE CENOURAS BIO +4M 2X120G,BIO VILLAGE BEBE,Emb. 0.24 KG,"1,35€","5,63€ / KG",
ALIMENT BEBE: PURE LEGUMES VERDES MASSA PERU BIO +8M 2X200G,BIO VILLAGE BEBE,Emb. 0.4 KG,"2,69€","6,73€ / KG",
ESPONJA JUMBO,TECH9,Emb. 1 UNID.,"1,99€","1,99€ / UNID.",
BOLACHAS RECHEADAS C/ CHOCO TIPO KANGO,P'TIT DÉLI,Emb. 0.225 KG,"1,59€","7,07€ / KG",
Gel de Banho e Duche Flor Cerejeira/Leite/Aveia,MANAVA,Emb. 0.5 LT,"2,29€","4,58€ / LT",
Sacos Lixo Fecho Fácil 50L,ELEMBAL,Emb. 15 UNID.,"1,69€","0,11€ / UNID.",
Champô para Cabelos Secos e sem Brilho,TRESEMMÉ,Emb. 0.5 LT,"4,19€","8,38€ / LT",
INFUSAO TILIA E LIMAO,TISÉA,Emb. 25 UNID.,"1,59€","0,06€ / UNID.",
Linguicinha Porco Preto,SNR,Emb. 0.2 KG,"2,79€","13,95€ / KG",
ChuChu,,1 Unid. = 0.29 KG (aprox.),"2,86€/kg","0,83€ / Unid.",
"AXE GB ICE CHILL,,400ML",AXE,Emb. 0.4 LT,"3,29€","8,23€ / LT",
Cheetos Rolitos,CHEETOS,Emb. 0.1 KG,"1,58€","15,80€ / KG",
Creme Hidratante com Água Floral de Rosa,GARNIER,Emb. 0.05 LT,"5,99€","119,80€ / LT",
Raspador 16Cm,BEAUX JOURS,Emb. 1 UNID.,"6,99€","6,99€ / UNID.",
Bolachas Sabor Limão com Amêndoas Biológicas,,Emb. 0.2 KG,"2,59€","12,95€ / KG",
Sortido de Bolachas,CUÉTARA,Emb. 0.21 KG,"2,29€","10,90€ / KG",
Pincel de Maquilhagem em Pó,,Emb. 1 UNID.,"3,99€","3,99€ / UNID.",
Maçã Golden Cal. 75/80,,1 Unid. = 0.21 KG (aprox.),"1,39€/kg","0,29€ / Unid.",
Sumo Active Drink Frutos Exóticos / Cenoura,SANTAL,Emb. 1.5 LT,"2,04€","1,36€ / LT",
Iogurte de Frutos Déli´light 8x125g,DÉLISSE,Emb. 1 KG,"2,45€","2,45€ / KG",
Queijo Fatiado Flamengo,LIMIANO,Emb. 0.2 KG,"2,34€","11,70€ / KG",
Sabonete Líquido Flor Laranjeira,MANAVA,Emb. 0.3 LT,"0,89€","2,97€ / LT",
Recarga para Difusor Automático Relex Zen,GLADE,Emb. 2 UNID.,"7,18€","3,59€ / UNID.",
Esfregão Regular,BRAVO,Emb. 1 P,"0,99€","0,99€ / P",
Iogurte Líquido Morango 4 Unid.,YOGGI,Emb. 0.64 KG,"2,09€","3,27€ / KG",
Pão de Forma com Códea Receita Económica,PANRICO,Emb. 0.475 KG,"1,67€","3,52€ / KG",
Alimento Húmido P/ Gato C/ Coelho,GOURMET GOLD,Emb. 0.085 KG,"0,72€","8,47€ / KG",
Massa Folhada com Manteiga,TABLIER BLANC,Emb. 0.23 KG,"1,59€","6,91€ / KG",
Sumo de Laranja,JOI,Garrafa 1.5 LT,"1,04€","0,69€ / LT",
Açúcar de Baunilha Biológico 6 Saquetas,,Emb. 0.045 KG,"1,99€","44,22€ / KG",
Bife de Peito de Peru,,1 Unid. = 0.15 KG (aprox.),"5,99€/kg","0,90€ / Unid.",
Água com Gás Limão,PEDRAS,Garrafa 1 LT,"1,49€","1,49€ / LT",
Cogumelo Branco Inteiro,,1 Unid. = 0.3 KG  (aprox.),,,
RESGUARDO PROTECAO CAMA 80X90CM,CHORYS,Emb. 16 UNID.,"5,59€","0,35€ / UNID.",
Pizza Royale Ultracongelada,TURINI,Emb. 0.4 KG,"1,89€","4,73€ / KG",
Batatas Fritas Palha,POM'LISSE,Emb. 0.16 KG,"0,85€","5,31€ / KG",
Tortellini de Ricotta e Espinafres,KNORR,Emb. 0.25 KG,"2,09€","8,36€ / KG",
Iogurte Côco 4 Unid.,MIMOSA,Emb. 0.48 KG,"1,09€","2,27€ / KG",
Ovos Solo XL,SNR,Emb. 12 KG,"2,69€","0,22€ / KG",
Queijo Mistura Grande,ALAVÃO,1 Unid. = 1.825 KG (aprox.),"12,99€/kg","23,71€ / Unid.",
Cápsulas Café Alumínio Nespresso Intenso,SEGAFREDO,Emb. 10 UN,"4,25€","0,43€ / UN",
Champô Hidratante,BABY DOVE,Emb. 0.4 LT,"3,29€","8,23€ / LT",
Champô Linic Anti-Caspa Fem Sakura,LINIC,Emb. 0.225 LT,"3,34€","14,84€ / LT",
Queijo de Pasta Azul com Leite Pasteurizado,LES CROISÉS,Emb. 0.25,"2,89€","11,56€ /",
Queijo Fatiado Castelões Original,CASTELÕES,Emb. 0.2 KG,"2,34€","11,70€ / KG",
Corda P/ Roupa Cinza 20Metros,SILLAGE,Emb. 1 UNID.,"1,00€","1,00€ / UNID.",
Sabonete Líquido Nutritivo Recarga,PALMOLIVE,Emb. 0.3 LT,"1,98€","6,60€ / LT",
PRATO + NAPERON 28CM,,Emb. 1 UNID.,"0,59€","0,59€ / UNID.",
Sopa de Cogumelos Selvagens Gourmet,KNORR,Emb. 0.062 KG,"1,79€","28,87€ / KG",
Toucinho Fumado,,1 Unid. = 0.12 KG (aprox.),,,
Pimentão Doce Colorau,RUSTICA,Emb. 0.05 KG,"0,48€","9,60€ / KG",
Tablete de Chocolate com Recheio Morango,MILKA,Emb. 0.1 KG,"1,62€","16,20€ / KG",
Verniz de Unhas 60 Segundos 315,RIMMEL,Emb. 1 UNID.,"4,19€","4,19€ / UNID.",
Chocolate de Leite Choco Jelly,MILKA,Emb. 0.25 KG,"3,89€","15,56€ / KG",
Café Torrado Moagem Grossa,,Emb. 0.25 KG,"1,59€","6,36€ / KG",
Iogurtes Cremosos Açucarados Frutas Vermelhas 8x125g,DÉLISSE,Emb. 1 KG,"2,09€","2,09€ / KG",
Tiras de Entrecosto Porco Embalado,,Emb. 0.5 KG (aprox.),"5,99€","11,98€ / KG",
POSTA PESCADA Nº3 COZ,ECO+,Emb. 0.8 KG,"4,65€","5,81€ / KG",
Refrigerante S/ Gás Laranja,AQUARIUS,Emb. 0.5 LT,"0,95€","1,90€ / LT",
Anti-Calcário 3 em 1 para a Máquina da Roupa,CALGON,Emb. 45 DOSES,"13,98€","0,31€ / DOSES",
Chá Verde 25 Saquetas,,Emb. 0.037 KG,"0,89€","24,05€ / KG",
Nectarina,,1 Unid. = 0.15 KG (aprox.),"2,99€/kg","0,45€ / Unid.",
Bolachas Tosta Rica,CUÉTARA,Emb. 0.57 KG,"3,79€","6,65€ / KG",
Sabonete Líquido Naturals Pele Sensível,PALMOLIVE,Emb. 0.3 LT,"3,19€","10,63€ / LT",
Massa Carbonara,KNORR,Emb. 0.062 KG,"1,81€","29,19€ / KG",
Sardinha em Tomate,BOM PETISCO,Emb. 0.12 KG,"0,99€","8,25€ / KG",
Iogurte Bifidus Líquido Cereais Integrais 4 Unid.,DANONE,Emb. 0.62 KG,"1,99€","3,21€ / KG",
Queijo de Ovelha Amanteigado Cerrado do Vale,SANTIAGO,1 Unid. = 1.2 KG (aprox.),"8,99€/kg","10,79€ / Unid.",
Verniz de Unhas 60 Segundos 500,RIMMEL,Emb. 1 UNID.,"3,76€","3,76€ / UNID.",
Papel Higiénico 2 Folhas Compact,MARQUE REPERE,Emb. 6 UNID.,"2,49€","0,42€ / UNID.",
Sticks P/ Cão,TOUS MES AMIS,Emb. 25 UNID.,"2,43€","0,10€ / UNID.",
"ATUM C/FEIJAO FRADE,RAMIREZ,120G",RAMIREZ,,"1,29€",/ Unid.,
DESODORIZANTE P/ MQ.LOICA 2EM1 LIMAO + RECARGA,VISIOR,Emb. 2 UNID.,"1,29€","0,65€ / UNID.",
Óleo Alimentar,FRIGI,Garrafa 1 LT,"2,39€","2,39€ / LT",
Alimento Seco Cão Croquetes Light,TOUS MES AMIS,Emb. 4 KG,"4,99€","1,25€ / KG",
Bloco Sanitário Domestos Power 5 Pinho,DOMESTOS,Emb. 0.11 KG,"2,74€","24,91€ / KG",
Azeite virgem extra lezirias,GALLO,Emb. 0.75 LT,"4,89€","6,52€ / LT",
Garfos Madeira Biodegradável,HOMESIDE,Emb. 10 UNID.,"1,19€","0,12€ / UNID.",
Grelos Mil Folhas Ultracongelados,BONDUELLE,Emb. 0.4 KG,"2,14€","5,35€ / KG",
Creme Hidratante Bebé Rosto e Corpo,MOTS D'ENFANTS,Emb. 0.1 LT,"1,99€","19,90€ / LT",
Gaufres com Ovos Frescos,P'TIT DÉLI,Emb. 0.26 KG,"1,39€","5,35€ / KG",
Refrigerante C/ Gás  Zero Açúcar Vidro Pack 4,COCA COLA ZERO,Emb. 0.08 LT,"2,66€","33,25€ / LT",
Café Solúvel Cappuccino Mocha,NESCAFÉ,Emb. 0.306 KG,"6,34€","20,72€ / KG",
Creme de Barbear Original,DENIM,Emb. 0.1 LT,"1,68€","16,80€ / LT",
Nuggets de Frango 18 Unid.,CAPITÃO IGLO,Emb. 0.375 KG,"8,89€","23,71€ / KG",
Tablete Chocolate Excellence Dark 70%,LINDT,Emb. 0.1 KG,"2,09€","20,90€ / KG",
Pensos Incontinência Discreet Maxi,AUSONIA,Emb. 8 UNID.,"4,98€","0,62€ / UNID.",
CREPES FIAMBRE E QUEIJO 20UN,,Emb. 1 KG,"2,99€","2,99€ / KG",
Ambientador Stick Perfumado Amora e Baunilha,AIRWICK,Emb. 0.025 LT,"7,19€","287,60€ / LT",
LENCOS FACIAIS 3F ALOE VERA,CARESSE,Emb. 90 UNID.,"1,19€","0,01€ / UNID.",
Pudim Flan Chino,EL MANDARIN,Emb. 0.019 KG,"1,39€","73,16€ / KG",
ALMOFADA INSUFLAVEL VIAGEM,RIVERSIDE,Emb. 1 UNID.,"11,15€","11,15€ / UNID.",
Iogurte Líquido Sabor Bauninha 4x180g,DÉLISSE,Emb. 1.08 KG,"1,99€","1,84€ / KG",
Brioche Pep Choco,EPI D'OR,Emb. 0.5 KG,"2,99€","5,98€ / KG",
PIZZA FRESCA 4 ESTACOES,TURINI,Emb. 0.45 KG,"2,59€","5,76€ / KG",
Detergente para a Máquina da Roupa Active Sports Líquido,SKIP,Emb. 66 DOSES,"12,49€","0,19€ / DOSES",
Iogurte Bifidus Líquido Morango 4 Unid.,DANONE,Emb. 0.62 KG,"1,99€","3,21€ / KG",
"ALIMENT BEBE: CENOURA, SEMOLA, BATATA DOCE, LEITE C/ PEDACOS BIO +8M 2X200G",BIO VILLAGE BEBE,Emb. 0.4 KG,"2,69€","6,73€ / KG",
Desodorizante Men Spray Active Fresh 0% Alumínio,REXONA,Emb. 0.15 LT,"2,84€","18,93€ / LT",
RATO S/FIO SILENCIOSO BRANCO,LINKSTER,Emb. 1 UNID.,"9,99€","9,99€ / UNID.",
FEIJOADA DE CHOCOS,CÔTÉ TABLE,Emb. 0.25 KG,"3,99€","15,96€ / KG",
ASPIRADOR DE MAO,ELSAY,Emb. 1 UNID.,"34,90€","34,90€ / UNID.",
"AMBIENTADOR MECHA ACTIVA ""FLORAL""375ML",BIEN AIR,375ML 0.375 LT,"1,55€","4,13€ / LT",
PILHAS RECARGAVEIS HR6,FOXTER,Emb. 4 UNID.,"7,49€","1,87€ / UNID.",
Alimento Húmido P/ Gato Duplo Prazer Pack 12,GOURMET,Emb. 1.02 KG,"8,44€","8,27€ / KG",
Pistola Rega,BEAUX JOURS,Emb. 1 UNID.,"4,49€","4,49€ / UNID.",
After Shave Original,DENIM,Emb. 0.1 LT,"5,19€","51,90€ / LT",
IOGURTE C/ BIFIDUS CEREAIS,DÉLISSE,Emb. 0.5 KG,"1,49€","2,98€ / KG",
Biscoitos com Tablete de Chocolate Biológicos,,Emb. 0.15 KG,"2,09€","13,93€ / KG",
"Alimento Húmido P/ Cão Adulto em Molho de Vaca, Borrego",FRISKIES,Emb. 1.2 KG,"7,00€","5,83€ / KG",
Pensos Higiénicos Noite Alas,EVAX,Emb. 9 UNID.,"2,58€","0,29€ / UNID.",
Sobremesa Gelado Vanilla Pecan,CARTE D'OR,Emb. 0.9 LT,"3,29€","3,66€ / LT",
CADERNO ESP CAP DUR AZ A4 PAU 100P,ESQUISSE,Emb. 1 UNID.,"3,19€","3,19€ / UNID.",
GRELOS FOLHAS PORCOES,NOTRE JARDIN,Emb. 0.4 KG,"0,99€","2,48€ / KG",
PUDIM FLAN CHOCOLATE C/ CHOCOLATE 12UN,DÉLISSE,Emb. 1.2 KG,"2,79€","2,33€ / KG",
Azeite Virgem Extra Clássico,GALLO,Garrafa 0.25 LT,"1,91€","7,64€ / LT",
Máscara Capilar para Cabelo com Pontas Espigadas,GLISS,Emb. 0.3 LT,"3,79€","12,63€ / LT",
Banana Importada,,1 Unid. = 0.15 KG (aprox.),"0,95€/kg","0,14€ / Unid.",
Solha,,1 Unid. = 0.3 KG (aprox.),"8,99€/kg","2,70€ / Unid.",
Bolachas de Manteiga Cobertas de Tablete Chocolate de Leite,P'TIT DÉLI,Emb. 0.125 KG,"1,29€","10,32€ / KG",
Lava Tudo Universal Brilhante,SONASOL,Emb. 1.1 LT,"2,79€","2,54€ / LT",
Pêssego,,1 Unid. = 0.12 KG (aprox.),"1,99€/kg","0,24€ / Unid.",
FEIJAO BRANCO EM TOMATE,NOTRE JARDIN,Emb. 0.8 KG,"1,59€","1,99€ / KG",
PILHA ALCALINA 6LR3146 TECH+,FOXTER,Emb. 1 UNID.,"3,99€","3,99€ / UNID.",
Berbigão,,1 Unid. = 1 KG (aprox.),"9,99€/kg","9,99€ / Unid.",
APERITIVOS MILHO DINOSSAUROS SABOR KETCHUP,TOKAPI,Emb. 0.125 KG,"1,15€","9,20€ / KG",
CEBOLINHO PICADO,RUSTICA,Emb. 0.25 KG,"2,39€","9,56€ / KG",
ESCOVA LIMPA VIDROS 450 MM CLASSIC 12,TECH9,Emb. 1 UNID.,"1,59€","1,59€ / UNID.",
Hamburguer de Novilho 10 Und. Ultracongelado,,Emb. 1 KG,"7,99€","7,99€ / KG",
LAVA TUDO MARINHO,CLAIR,Emb. 2 LT,"0,89€","0,45€ / LT",
Caldo Marisco,KNORR,Emb. 8 CUBOS,"1,39€","0,17€ / CUBOS",
Cereais de Chocolate e Caramelo,LION,Emb. 0.4 KG,"2,92€","7,30€ / KG",
PETINGAS EM TOMATE PICANTE GENERAL,GENERAL,Emb. 0.09 KG,"0,89€","9,89€ / KG",
Ketchup Redução de Sal e Açúcar,HEINZ,Emb. 0.55 KG,"4,19€","7,62€ / KG",
Pastilha Elástica Senses Watermelon Sunrise,TRIDENT,Emb. 0.023 KG,"0,91€","39,57€ / KG",
Tablete de Chocolate Daim,MILKA,Emb. 0.1 KG,"1,59€","15,90€ / KG",
Salsichão Original,ELPOZO,0.2 KG,"2,69€","13,45€ / KG",
Escova P/Loica C/Dispensador Detergente,SILLAGE,Emb. 1 UNID.,"1,70€","1,70€ / UNID.",
Sabonete Sólido Hidratante,MANAVA,Emb. 0.1 KG,"0,75€","7,50€ / KG",
Caramelos Werther's Original Storck Creme 135g,JERONIMO MARTINS,Emb. 0.135 KG,"2,94€","21,78€ / KG",
CERA CREME PRETA 75ML,LA VACHETTE,Emb. 0.075 LT,"2,15€","28,67€ / LT",
Sobremesa de Soja C/ Café,NAT&VIE,Emb. 0.4 KG,"1,49€","3,73€ / KG",
Vinho de Mesa Branco,ECO+,Emb. 2 L,"2,69€","1,35€ / L",
Amaciador Cabelos Color Vive,ELVIVE,Emb. 0.2 LT,"3,99€","19,95€ / LT",
Ketchup,CALVÉ,Emb. 0.25 KG,"1,29€","5,16€ / KG",
Pizza Royal Ultracongelado,VOLPONE,Emb. 0.44 KG,"2,75€","6,25€ / KG",
Preparado em Pó P/ Gelatina Tutti Fruti,ROYAL,Emb. 0.114 KG,"1,89€","16,58€ / KG",
DETERGENTE CAPSULA FRESCURA P/ROUPA ATIVOS VEGETAIS 30D,XÉOR,,"4,99€",/ Unid.,
Pão Especial Campagnard Fatiado sem Glúten,CHAQUE JOUR SANS GLUTEN,Emb. 0.4 KG,"3,29€","8,23€ / KG",
Fralda Cueca T4 8/15 Kg,MOTS D'ENFANTS,Emb. 22 UNID.,"4,58€","0,21€ / UNID.",
Verniz de Unhas 60 Segundos 740,RIMMEL,Emb. 1 UNID.,"4,19€","4,19€ / UNID.",
BL1 LED STANDARD 12W-75W E27,FOXTER,Emb. 1 UNID.,"6,29€","6,29€ / UNID.",
Pescada Grande Fechada,,1 Unid. = 1.5 KG (aprox.),"23,99€/kg","35,99€ / Unid.",
Chocolate de Leite com Manteiga de Amendoim,REESE'S,Emb. 0.079 KG,"1,72€","21,77€ / KG",
Pacotinho de Frutas Banana Maçã S/ Glúten +4 meses,NESTLÉ BEBÉ,Emb. 0.09 KG,"1,01€","11,22€ / KG",
Gel Aqua Mega Forte 6,NIVEA MEN,Emb. 0.15 LT,"5,59€","37,27€ / LT",
Batatas Fritas Onduladas,POM'LISSE,Emb. 0.2 KG,"1,19€","5,95€ / KG",
Queijo Roquefort DOP,LES CROISÉS,Emb. 0.1 KG,"1,69€","16,90€ / KG",
Desodorizante Spray Colonia,MANAVA,Emb. 0.1 LT,"1,29€","12,90€ / LT",
Azeite Clássico,OLIVEIRA DA SERRA,Garrafa 0.75 LT,"5,46€","7,28€ / LT",
Mistura Solúvel Sem Café,PLANTATION,Frasco 0.2 KG,"2,09€","10,45€ / KG",
Farinha de Trigo T55,ECO+,Emb. 1 KG,"0,85€","0,85€ / KG",
MINI BOLA FUTEBOL PLASTICO,WOODSUN,Emb. 1 UNID.,"2,61€","2,61€ / UNID.",
Gelado de Menta com Chocolate,CARTE D'OR,Emb. 1 LT,"2,89€","2,89€ / LT",
PIZZA 4 FROM TURINI,TURINI,Emb. 0.4 KG,"2,29€","5,73€ / KG",
Cápsulas Café Colombia Lungo Intensidade 5 Bio,DOLCE GUSTO,Emb. 12 CAPS.,"5,49€","0,46€ / CAPS.",
Fruta 100% 7 Frutos 4 Unid.,NESTLÉ,Emb. 0.4 KG,"2,19€","5,48€ / KG",
Penso Incontinência Discreet Mini,AUSONIA,Emb. 20 UNID.,"3,99€","0,20€ / UNID.",
Pensos Higiénicos Cottonlike Super Alas,EVAX,Emb. 12 UNID.,"2,59€","0,22€ / UNID.",
QUEIJO MOZZARELLA RALADO,QUEIJO NA TÁBUA,Emb. 0.2 KG,"1,49€","7,45€ / KG",
Mistura de Frutos de Casca Rija,MARQUE REPERE,Emb. 0.2 KG,"2,99€","14,95€ / KG",
Barras de Cereais Aveia e Chocolate sem Glúten 6Unid.,CHAQUE JOUR SANS GLUTEN,Emb. 0.138 KG,"2,25€","16,30€ / KG",
"Cereais de Trigo, Mel e Aveia",CHEERIOS,Emb. 0.375 KG,"2,92€","7,79€ / KG",
Bolo de Gema,,1 Unid. = 0.25 KG  (aprox.),"2,99€","11,96€ / KG",
Esparguete,TURINI,Emb. 0.5 KG,"0,85€","1,70€ / KG",
WAFFERS EXTRA FINAS CHOCOLATE E AVELA,P'TIT DÉLI,Emb. 0.16 KG,"1,79€","11,19€ / KG",
Refrigerante C/ Gás Gasosa,ECO+,Garrafa 2 LT,"0,65€","0,33€ / LT",
PATE CAMPESTRE C/ COGUMELOS,CÔTÉ TABLE,Emb. 0.18 KG,"1,39€","7,72€ / KG",
Delicias do Mar Surimi Sabor a Caranguejo,PÊCHE OCÉAN,Emb. 0.2 Kg,"1,69€","8,45€ / Kg",
Alimento Seco para Cão Carne e Cereais Integrais,ECO+,Emb. 20 KG,"14,99€","0,75€ / KG",
Arroz Agulha,BOM SUCESSO,Emb. 1 KG,"1,14€","1,14€ / KG",
Balde de Pipocas Doces,TOKAPI,Emb. 0.24 KG,"2,99€","12,46€ / KG",
CAFE SOLUVEL EXPRESSO STICKS X25 - 45G 25UN,PLANTATION,Emb. 0.045 KG,"1,59€","35,33€ / KG",
Gelado Cookies & Cream Les Desserts,CARTE D'OR,Emb. 0.9 LT,"3,29€","3,66€ / LT",
PURE DE MALAGUETA,TABLES DU MONDE,Emb. 0.1 KG,"0,99€","9,90€ / KG",
Alperce Seco,MARQUE REPERE,Emb. 0.2 KG,"2,69€","13,45€ / KG",
Preservativo Nature,CONTROL,Emb. 6 UNID.,"3,14€","0,52€ / UNID.",
Vinho Regional Tejo Tinto,BRIDÃO,Garrafa 0.75 LT,"2,99€","3,99€ / LT",
Café Solúvel Frasco,DELTA,Frasco 0.2 KG,"3,89€","19,45€ / KG",
Alimento Completo Cereais P/ Rolas,TOUS MES AMIS,Emb. 1 KG,"2,29€","2,29€ / KG",
MAIONESE C/ MOSTARDA DE DIJON FRASCO,RUSTICA,Emb. 0.235 KG,"1,39€","5,91€ / KG",
Lombos Tamboril Congelado,,1 Unid. = 0.2 KG (aprox.),"6,99€/kg","1,40€ / Unid.",
Arroz Thai perfumado,CAÇAROLA,Emb. 0.5 KG,"1,95€","3,90€ / KG",
Suporte Universal Carro P/ Smartphone 2Em1,LINKSTER,Emb. 1 UNID.,"8,99€","8,99€ / UNID.",
Ervilhas Muito Finas,NOTRE JARDIN,Emb. 0.4 KG,"0,79€","1,98€ / KG",
Bebida em Pó Ananás,TANG,Emb. 0.03 KG,"0,78€","26,00€ / KG",
DENTIFRICO SABOR A MENTA 7-13 ANOS KIDS,DENTAMYL,Emb. 0.075 LT,"0,89€","11,87€ / LT",
Café Corsé Intensidade 8 Moído,PLANTATION,Emb. 48 PAST.,"3,89€","0,08€ / PAST.",
Sumo 100% de Laranja,JAFADEN,Emb. 1 LT,"1,49€","1,49€ / LT",
DESODORIZANTE SPRAY INVISIBLE MEN 200ML,CARRÉ HOMME,Emb. 0.2 LT,"1,19€","5,95€ / LT",
CHAMPO AUTO 5 L 5L TECH9,TECH9,Emb. 5 LT,"3,39€","0,68€ / LT",
Massa Tomate e Mozzarella,KNORR,Emb. 0.072 KG,"1,81€","25,14€ / KG",
GUARDANAPOS RED LABEL 1F RED,GUARDANAPOS RENOVA,Emb. 70 UNID.,"0,79€","0,01€ / UNID.",
COLORACAO ACAJU 5.56 S/AMONIACO,VITANOVE,Emb. 1 UNID.,"2,99€","2,99€ / UNID.",
Sobremesa Creme de Chocolate 4x100gr,DANONE,Emb. 0.4 KG,"1,99€","4,98€ / KG",
SACOS LIXO FECHO FACIL 100% RECICLADO 30L,ECO+,Emb. 20 UNID.,"1,19€","0,06€ / UNID.",
BAGUETE DE ALHO 2UN,CÔTÉ TABLE,Emb. 0.35 KG,"1,49€","4,26€ / KG",
Detergente Casa de Banho Spray Recarga,CIF,Emb. 0.07 LT,"1,89€","27,00€ / LT",
Pensos Higiénicos Salvaslip Maxi,EVAX,Emb. 72 UNID.,"4,99€","0,07€ / UNID.",
MÁSCARA VIAGEM,RIVERSIDE,Emb. 1 UNID.,"2,99€","2,99€ / UNID.",
BACALHAU A BRAS,CÔTÉ TABLE,Emb. 0.8 KG,"8,79€","10,99€ / KG",
Alimento Seco P/ Gato Salmão,PURINA ONE,Emb. 0.8 KG,"6,89€","8,61€ / KG",
LENTILHAS,NOTRE JARDIN,Emb. 0.45 KG,"0,89€","1,98€ / KG",
Flocos de Aveia Biológicos,,Emb. 0.5 L,"1,19€","2,38€ / L",
Ovos Solo XL,SNR,Emb. 6 UNID.,"1,59€","0,27€ / UNID.",
Vinho do Porto Offley Ruby,OFFLEY,Garrafa 0.75 LT,"4,69€","6,25€ / LT",
Chá Verde Springy Mint,LIPTON,Emb. 20 UNID.,"1,49€","0,07€ / UNID.",
Cillit Bang Bolor & Sujidade,CILLIT BANG,Emb. 0.5 LT,"2,24€","4,48€ / LT",
Máscara Capilar Reparadora Color Keratina,TRESEMMÉ,Emb. 0.2 LT,"5,39€","26,95€ / LT",
Sacos do Lixo 50 Litros,ELEMBAL,Emb. 15 UNID.,"1,69€","0,11€ / UNID.",
Cápsulas Café Sical Pack x3,DOLCE GUSTO,Emb. 48 CAPS.,"14,29€","0,30€ / CAPS.",
Cueca de Banho Tam. M 12/18 Kg,MOTS D'ENFANTS,Emb. 11 UNID.,"4,99€","0,45€ / UNID.",
Bicabornato de Sódio,MARGÃO,Emb. 0.06 KG,"0,80€","13,33€ / KG",
Chá de Cidreira,,Emb. 25 SAQ.,"0,79€","0,03€ / SAQ.",
Alimento Completo Cereais P/ Coelhos Anões,TOUS MES AMIS,Emb. 2.5 KG,"5,99€","2,40€ / KG",
MOLAS 24UN,ECO+,Emb. 24 UNID.,"0,56€","0,02€ / UNID.",
Aperitivo Krit Krititas,CUÉTARA,Emb. 0.35 KG,"2,65€","7,57€ / KG",
Fiambre da Perna Extra,CHARCUTARIA,1 Unid. = 0.12 KG (aprox.),"10,99€/kg","1,32€ / Unid.",
Manteiga Magra Baixo Teor Sal,PRÉSIDENT,Emb. 0.25 KG,"2,54€","10,16€ / KG",
SALSICHAO SECO C/ QUEIJO FATIAS,ST AZAY,Emb. 0.1 KG,"1,99€","19,90€ / KG",
Pão de Forma Oroweat 12 Cereais,BIMBO,Emb. 0.68 KG,"2,39€","3,51€ / KG",
Alimento Perle Húmido P/ Gato C/ Molho Frango e Vaca 4x85g,PURINA,Emb. 0.34 KG,"3,35€","9,85€ / KG",
Vinho Regional Alentejano Tinto,CONVENTUAL,Garrafa 0.75 LT,"3,83€","5,11€ / LT",
Sementes de Chia,MARQUE REPERE,Emb. 0.2 KG,"1,99€","9,95€ / KG",
Pensos Higiénicos Maxi com Alas,EVAX,Emb. 11 UNID.,"1,98€","0,18€ / UNID.",
Camarão Cal. 30/40 Congelado,,1 Unid. = 0.238 KG (aprox.),"11,99€/kg","2,85€ / Unid.",
Ambientador Recarga Portátil touch&fresh Relax Zen,GLADE,Emb. 2 UNID.,"7,18€","3,59€ / UNID.",
Detergente Manual Loiça Ultra Limão,FAIRY,Emb. 0.48 LT,"1,69€","3,52€ / LT",
Bolacha Maria sem Açúcar 12 Unid.,,Emb. 0.3 KG,"3,44€","11,47€ / KG",
Pargo Ruço Cal. 300/600,,1 Unid. = 0.55 KG (aprox.),"6,49€/kg","3,57€ / Unid.",
Molho Bolonhesa,TURINI,Frasco 0.68 KG,"2,49€","3,66€ / KG",
Bolachas Alfa,NACIONAL,Emb. 0.18 KG,"1,35€","7,50€ / KG",
Vinho Regional Alentejo Tinto,PORTA DA RAVESSA,Garrafa 0.75 LT,"2,19€","2,92€ / LT",
Limpeza Cif Cozinha Eco Recarga Spray,CIF,Emb. 0.07 LT,"1,89€","27,00€ / LT",
Besugo Médio,,1 Unid. = 0.3 KG (aprox.),"10,99€/kg","3,30€ / Unid.",
Queijo Fundido 24 Porções,ECO+,Emb. 0.4 KG,"2,19€","5,48€ / KG",
Puré de Batata em Flocos 4x125g,,Emb. 0.5 UNID.,"1,35€","2,70€ / UNID.",
Tablete Chocolate de Leite Avelã 4x100g,ECO+,Emb. 0.4 KG,"2,45€","6,13€ / KG",
Batatas Fritas Double Crunch BBQ,RUFFLES,Emb. 0.14 KG,"2,04€","14,57€ / KG",
Conserva de Atum em Óleo Girassol,PÊCHE OCÉAN,Emb. 0.385 KG,"2,69€","6,99€ / KG",
KINDER BUENO WHITE T2X4,KINDER BUENO,Emb. 0.16 KG,"2,44€","15,25€ / KG",
Iogurte Grego Limão 4x150g,DÉLISSE,Emb. 0.6 KG,"1,89€","3,15€ / KG",
Champô Cabelos Secos,ULTRA SUAVE,Emb. 0.25 LT,"3,59€","14,36€ / LT",
Queijo Fatiado -50% Gordura 2X200 g,LIMIANO,Emb. 0.4 KG,"4,58€","11,45€ / KG",
FEIJAO VERDE M.FINO M.GUIA,NOTRE JARDIN,Emb. 0.22 KG,"0,99€","4,50€ / KG",
Arroz Agulha,BELMONTE,Emb. 1 KG,"1,03€","1,03€ / KG",
Vitelão para Estufar,,1 Unid. = 0.85 KG (aprox.),"14,99€/kg","12,74€ / Unid.",
Pistácio Torrado C/ Sal,MARQUE REPERE,Emb. 0.25 KG,"5,59€","22,36€ / KG",
Vinho Bordeaux Rouge A.O.C. 2014,CHANTET BLANET,Garrafa 0.75 ML,"3,49€","4,65€ / ML",
Iogurte Grego Yaos Caramelo,YAOS,Emb. 0.44 KG,"2,29€","5,20€ / KG",
Água Tónica 6 Unid.,SPRINK'S,Garrafa 1.98 LT,"2,89€","1,46€ / LT",
Red Bull,RED BULL,Lata 0.355 LT,"1,84€","5,18€ / LT",
LIMPA VIDROS AUTO 5 L 5L TECH9,TECH9,Emb. 5 LT,"2,39€","0,48€ / LT",
Néctar Clássico Manga,COMPAL,Emb. 1 LT,"1,62€","1,62€ / LT",
Alcachofra,,1 Unid. = 0.34 KG (aprox.),"4,99€/kg","1,70€ / Unid.",
Filete Cavala em Azeite Virgem,BOM PETISCO,Emb. 0.12 KG,"2,39€","19,92€ / KG",
Amaciador Cabelos Frágeis,ELVIVE,Emb. 0.2 LT,"3,99€","19,95€ / LT",
FIAMBRE PERNA EXTRA FATIADO,CAMPO FINO,Emb. 0.15 KG,"1,29€","8,60€ / KG",
Pizza Barbecue,CAMPOFRIO,Emb. 0.41 KG,"2,69€","6,56€ / KG",
Forma Tarte C/Fundo Solto 28Cm,ECO+,Emb. 1 UNID.,"3,99€","3,99€ / UNID.",
Massa Quebrada com Gordura Vegetal Rolo,,Emb. 0.23 KG,"0,59€","2,57€ / KG",
VELA NUMERADA N 5,,Emb. 1 UNID.,"0,59€","0,59€ / UNID.",
SOBREMESA TIRAMISU FRAMBOESA,DÉLISSE,,"2,19€",/ Unid.,
DESMAQUILHANTE DE OLHOS WATERPROOF BIFASICO,BIONAÏA,Emb. 0.15 LT,"2,69€","17,93€ / LT",
RECARGAS MAQ BARBEAR 3 LAMINAS,CARRÉ HOMME,Emb. 4 UNID.,"3,19€","0,80€ / UNID.",
Cajus no Forno,MATUTANO,Emb. 0.17 KG,"4,89€","28,76€ / KG",
PELICULA ADERENTE 50M,ECO+,Emb. 50 M,"0,90€","0,02€ / M",
Néctar Clássico Pera,JAFADEN,Emb. 1 LT,"0,99€","0,99€ / LT",
MIX APERO BEM-ESTAR,TOKAPI,Emb. 0.12 KG,"2,29€","19,08€ / KG",
Gelo em Cubos,,Emb. 2 KG,"1,00€","0,50€ / KG",
Batata Doce,,1 Unid. = 0.29 KG (aprox.),"1,89€/kg","0,55€ / Unid.",
PIMENTA PRETA EM GRAO SAQUETA,RUSTICA,Emb. 0.05 KG,"0,89€","17,80€ / KG",
Suspiros,,Emb. 0.09 KG,"2,00€","22,22€ / KG",
Champô Repara Azeite de Argão de Marrocos,HERBAL ESSENCES,Emb. 0.4 LT,"3,99€","9,98€ / LT",
CALAMARES A ROMANA,PÊCHE OCÉAN,Emb. 0.5 KG,"4,99€","9,98€ / KG",
DOCE FRAMBOESA LIGHT,DOUCEUR DU VERGER,Emb. 0.34 KG,"1,39€","4,09€ / KG",
MAQUINA SELAR VACUO,ELSAY,Emb. 1 UNID.,"39,90€","39,90€ / UNID.",
"SOBREMESA ""GIRAFA"" BAUNILHA-CHOCOLATE",DÉLISSE,Emb. 0.4 KG,"1,79€","4,48€ / KG",
Fraldas Incontinência Super M,LINDOR,Emb. 52 UNID.,"28,74€","0,55€ / UNID.",
Pizza Fiambre Queijo 3x350g,TURINI,Emb. 1.05 KG,"4,49€","4,28€ / KG",
Paloco Desfiado,,Emb. 0.4 KG,"3,99€","9,98€ / KG",
IOGURTE LIQUIDO MORANGO/BANANA,DÉLISSE,Emb. 0.72 KG,"1,55€","2,15€ / KG",
Creme de Legumes,REGAL SOUPE,Emb. 1 LT,"1,59€","1,59€ / LT",
Pudim Chocolate,BOCA DOCE,Emb. 0.022 KG,"0,49€","22,27€ / KG",
Bebida soja Original 3x250ml,ALPRO,Emb. 0.75 LT,"1,79€","2,39€ / LT",
Álcool Canforado HIDRO 250ml,HIDRO,Emb. 0.25 LT,"2,09€","8,36€ / LT",
Meloa Gália,,1 Unid. = 0.75 KG (aprox.),"1,99€/kg","1,49€ / Unid.",
Sobremesa de Soja Pistachio,NAT&VIE,Emb. 0.4 KG,"1,34€","3,35€ / KG",
Alimento Completo Cereais P/ Animais Exóticos,TOUS MES AMIS,Emb. 1 KG,"3,29€","3,29€ / KG",
Cápsulas Café Expresso Intenso Intensidade 7,DOLCE GUSTO,Emb. 16 CAPS.,"5,75€","0,36€ / CAPS.",
Conserva de Tremoço Extra,RUSTICA,Frasco 0.87 KG,"2,19€","2,52€ / KG",
Bebida Espirituosa London Gin,BRIGHTON'S,Garrafa 0.7 LT,"6,99€","9,99€ / LT",
AGUA DESMINERALIZADA,,Emb. 5 LT,"0,99€","0,20€ / LT",
CONDICIONADOR REPARADOR,VITANOVE,Emb. 0.2 LT,"1,24€","6,20€ / LT",
ACENDALHAS EM BASTOES,SILEX,Emb. 24 UNID.,"2,49€","0,10€ / UNID.",
ANDOUILLETTE COM ERVAS 3UN,TRADILÈGE,Emb. 0.42 KG,"4,35€","10,36€ / KG",
Aquafresh Protecção e Caries Branqueadora 2X 75ml,AQUAFRESH,,"5,83€",/ Unid.,
Limpa Madeiras Brilhante Secagem Rápida,SONASOL,Emb. 1.1 LT,"2,79€","2,54€ / LT",
Aditivo roupa spray roupa branca,VANISH,Emb. 0.75 LT,"5,19€","6,92€ / LT",
Puré de Maçã Biológico 4x100g,,Emb. 0.4 KG,"1,89€","4,73€ / KG",
Champô 2em1 P/ Cabelos Muito Secas Extra Suave,MANAVA,Emb. 0.5 LT,"1,19€","2,38€ / LT",
Papel Higiénico 2 Folhas,MARQUE REPERE,Emb. 12 UNID.,"2,49€","0,21€ / UNID.",
TARTE DE LIMAO,P'TIT DÉLI,Emb. 0.3 KG,"2,99€","9,97€ / KG",
Desodorizante Spray Sport Cool,DOVE,Emb. 0.05 LT,"2,39€","47,80€ / LT",
"AZEITE CLASSICO VIRGEM ≤ 0,7%",RUSTICA,Emb. 0.75 KG,"3,79€","5,05€ / KG",
Óleo Intense 4-23 Cereja Profundo,SYOSS,,"6,24€",/ Unid.,
Cuecas Incontinência Discreet Pants Plus,AUSONIA,Emb. 8 UNID.,"9,99€","1,25€ / UNID.",
Spray de Limpeza e Desengordurante Cozinha Ecológico,UNÍ VERT,Emb. 0.75 LT,"1,49€","1,99€ / LT",
RECARGA ESFREGONA UNIVERSAL,VILEDA,,"2,29€",/ Unid.,
DETERGENTE LIQUIDO CONCENTRADO FRESCURA 28D,EPSIL,,"2,90€",/ Unid.,
Miolo de Amendoim Caramelizado,MARQUE REPERE,Emb. 0.25 KG,"1,89€","7,56€ / KG",
Toalhitas Proteção Cores,WOOLITE,Emb. 10 UNID.,"3,49€","0,35€ / UNID.",
Biscoitos Revestidos com Chocolate Branco,P'TIT DÉLI,Emb. 0.15 KG,"0,79€","5,27€ / KG",
Creme Depilatório Duche Peles Normais,VEET,Emb. 0.15 LT,"6,64€","44,27€ / LT",
Asas de Frango,,1 Unid. = 0.5 KG (aprox.),,,
Leite Bem Essencial C/ Chocolate UHT 4 Unid.,MIMOSA,Emb. 0.8 LT,"1,98€","2,48€ / LT",
"Escova P/ Loiça ""Lola""",,Emb. 1 UNID.,"0,69€","0,69€ / UNID.",
Massa Linguine,MILANEZA,Emb. 0.5 KG,"1,91€","3,82€ / KG",
CHAMPO + DUCHE ENERGIZANTE PARA HOMEM,CARRÉ HOMME,Emb. 0.25,"0,95€","3,80€ /",
Elixir Triple Action,COLGATE,Emb. 0.5 LT,"4,99€","9,98€ / LT",
Sementes de Linhaça,MARQUE REPERE,Emb. 0.2 KG,"0,99€","4,95€ / KG",
Conhaque Royal Spirit,MACIEIRA,Garrafa 0.7 LT,"10,99€","15,70€ / LT",
Açúcar Especial Compota,TÉVA,Emb. 1 KG,"1,79€","1,79€ / KG",
Bolachas com Pepitas Chocolate Energy 5 Saquetas,CHIQUILÍN,Emb. 0.2 KG,"2,59€","12,95€ / KG",
Pastilha Elástica Canela sem Açúcar,CHICLETS,Emb. 0.017 KG,"0,95€","55,88€ / KG",
Tarte de Nata,,Emb. 0.5 KG,"5,99€","11,98€ / KG",
DESODORIZANTE AERO DARK TEMPTATION,AXE,Emb. 0.15 LT,"3,29€","21,93€ / LT",
Lixívia Frescura do Campo,NEOBLANC,Emb. 2 LT,"2,14€","1,07€ / LT",
COUVE FLOR,RUSTICA,Emb. 0.36 KG,"1,09€","3,03€ / KG",
ESPANADOR MICROFIBRAS C/CABO EXTENSIVEL,SILLAGE,Emb. 1 UNID.,"3,50€","3,50€ / UNID.",
FOLHADOS FEUILLETINE 135G,DU BOIS DE LA ROCHE,Emb. 0.135 KG,"1,79€","13,26€ / KG",
Miolo de Caju C/ Sal,MARQUE REPERE,Emb. 0.15 KG,"2,59€","17,27€ / KG",
PENSOS DIARIOS MINI,CHORYS,Emb. 28 UNID.,"1,49€","0,05€ / UNID.",
MASCARA FACIAL EM TECIDO TONIFICANTE,INELL,Emb. 1 UNID.,"2,29€","2,29€ / UNID.",
Sidra Normand Doce,LES GOELLERIES,Garrafa 0.75 LT,"2,19€","2,92€ / LT",
Presunto 6 Fatias,,Emb. 0.15 KG,"2,09€","13,93€ / KG",
CUECA INCONTINENCIA ABSORCAO PLUS MEDIA,CHORYS,Emb. 12 UNID.,"7,99€","0,67€ / UNID.",
Farinha de Trigo com Fermento,ECO+,Emb. 1 KG,"0,89€","0,89€ / KG",
Bebida Energética,X-TENSE,Lata 4 UNID.,"3,89€","0,97€ / UNID.",
Romã,,1 Unid. = 0.3 KG (aprox.),"2,59€/kg","0,78€ / Unid.",
"ATUM COM GRAO,RAMIREZ,120G",RAMIREZ,,"1,29€",/ Unid.,
Cillit Bang Limpa Vidros 500ML x12,CILLIT BANG,Emb. 0.5 LT,"2,24€","4,48€ / LT",
Bolachas Areadas Cobertas de Chocolate,P'TIT DÉLI,Emb. 0.15 KG,"1,19€","7,93€ / KG",
Iogurte Líquido S/ Lactose Morango Banana 4 Unid.,YOGGI,Emb. 0.64 KG,"2,19€","3,42€ / KG",
Iogurte Bifidus Activia Natural 4 Unid.,DANONE,Emb. 0.48 KG,"1,99€","4,15€ / KG",
"MASSA FRESCA ""RAVIOLI"" BOLONHESA",TURINI,Emb. 0.3 KG,"1,99€","6,63€ / KG",
Meloa Cantalupe,,1 Unid. = 1.34 KG (aprox.),"2,40€/kg","3,22€ / Unid.",
Água Tónica Mist,NORDIC,Lata 0.25 LT,"0,67€","2,68€ / LT",
Pantene Fixação Ultra Forte Laca 300ml,PANTENE PV,Emb. 0.3 LT,"3,74€","12,47€ / LT",
Chá de Frutos Vermelhos,TISÉA,Emb. 25 SAQ.,"1,19€","0,05€ / SAQ.",
COLORACAO LOURO CLARISSIMO 9.0 S/AMONIACO,VITANOVE,Emb. 1 UNID.,"2,99€","2,99€ / UNID.",
Conserva de Azeitona Verde Recheada,RUSTICA,Frasco 0.36 KG,"1,15€","3,19€ / KG",
Bolachas Plain Leite,BELVITA,Emb. 0.3 KG,"2,39€","7,97€ / KG",
Ice Tea de Pêssego 3x20 cl,LIPTON,Emb. 0.6 LT,"1,17€","1,95€ / LT",
PIMENTAO DOCE SAQUETA,RUSTICA,Emb. 0.1 KG,"0,95€","9,50€ / KG",
Discos Activos Gel WC Lime Zest,PATO,Emb. 0.036 LT,"4,48€","124,44€ / LT",
Vinagre de Sidra,RUSTICA,Garrafa 0.5 LT,"0,35€","0,70€ / LT",
ANTI NODOAS E ANTI-DESCOLORACAO 2EM1,TEXIL,Emb. 12 UNID.,"2,49€","0,21€ / UNID.",
Cereais Chocolate,NESTUM,Emb. 0.25 KG,"2,09€","8,36€ / KG",
Conserva De Cogumelos Laminados 800G ECO+,ECO+,Emb. 0.8 KG,"1,79€","2,24€ / KG",
AGUA MICELAR BIO,BIONAÏA,Emb. 0.4 LT,"2,95€","7,38€ / LT",
Bebida Gaseificada Aromatizada de Framboesa S/ Álcool,FESTALIE,Emb. 0.75 ML,"2,49€","3,32€ / ML",
Alimento Húmido para Gato Borrego,LYCAT,Emb. 0.1 KG,"0,55€","5,50€ / KG",
COMINHOS MOIDOS SAQUETA,RUSTICA,Emb. 0.05 KG,"0,79€","15,80€ / KG",
PALMIERS DU BOIS ROCHE 150G,DU BOIS DE LA ROCHE,Emb. 0.15 KG,"1,44€","9,60€ / KG",
Pão de Forma Artesanal,BIMBO,Emb. 0.55 KG,"1,95€","3,55€ / KG",
VILEDA FIBRA SINTETICA C/ABRASIVO PLAST. 1\\\'S,VILEDA,,"1,89€",/ Unid.,
Bebida de Soja Original,SHOYCE,Emb. 1 LT,"1,69€","1,69€ / LT",
Tira Gorduras Perfumado,MISTOLIN,Emb. 0.545 LT,"3,29€","6,04€ / LT",
Massa Pronta para Pizza sem Glúten,CHAQUE JOUR SANS GLUTEN,Emb. 0.26 KG,"2,59€","9,96€ / KG",
Metades de Frango Embaladas,,1 Unid. = 0.5 KG (aprox.),"3,53€/kg","1,77€ / Unid.",
Pantene Frizz Control & Luminosidade Champô 250 ml,PANTENE PV,Emb. 0.25 LT,"4,99€","19,96€ / LT",
Maionese com Mostarda de Dijon,,Frasco 0.47 KG,"1,49€","3,17€ / KG",
Spray Desembaraçador,NATEIS,Emb. 0.2 LT,"1,99€","9,95€ / LT",
MASSA TORTELLINI RICOTTA ESPINAFRES,TURINI,Emb. 0.3 KG,"1,59€","5,30€ / KG",
Arroz Vaporizado,COMPTOÍR DU GRAIN,Emb. 1 KG,"1,25€","1,25€ / KG",
Chá Preto Yellow Label 100 Saquetas,LIPTON,Emb. 100 Saquetas,"4,54€","0,05€ / Saquetas",
Drageia Mastigável de Mentos Frutas,MENTOS,Emb. 0.12 KG,"1,94€","16,17€ / KG",
Creme Depilatório Peles Normais,VEET,Emb. 0.2 LT,"6,64€","33,20€ / LT",
MASSA QUEBRADA S/ GLUTEN,CHAQUE JOUR SANS GLUTEN,Emb. 0.23 KG,"2,53€","11,00€ / KG",
Ameixas Secas,,Emb. 1 KG,"5,99€","5,99€ / KG",
AGUARDENTE CURVADA  Vínica Velha Cx. Cartão 70CL,,0.07 CL,"28,94€","413,43€ / CL",
Legumes para Sopa,NOTRE JARDIN,Emb. 1 KG,"1,55€","1,55€ / KG",
Alho Seco,,Emb. 0.5 KG,"2,29€","4,58€ / KG",
Tablete de Chocolate Extrafino C/ Avelã,NESTLÉ,Emb. 0.123 KG,"1,79€","14,55€ / KG",
Gelado Phish food,BEN & JERRY'S,Emb. 0.465 LT,"6,69€","14,39€ / LT",
Esparguete Picante,MILANEZA,Emb. 0.5 KG,"2,44€","4,88€ / KG",
BEBIDA SOJA NATURAL,ALPRO,Emb. 1 LT,"1,59€","1,59€ / LT",
Alimento Húmido P/ Gato Carne Vaca Gold,GOURMET,Emb. 0.085 KG,"0,72€","8,47€ / KG",
Perna para Assar de Porco,,1 Unid. = 1 KG (aprox.),"4,99€/kg","4,99€ / Unid.",
MARCADOR FLURESCENTE SORTIDO CORES PASTEL 4UN,ESQUISSE,Emb. 4 UNID.,"2,99€","0,75€ / UNID.",
Pensos Higiénicos Salvaslip MaxiPlus,EVAX,Emb. 30 UNID.,"2,99€","0,10€ / UNID.",
TESOURA 16CM,ESQUISSE,Emb. 1 UNID.,"0,46€","0,46€ / UNID.",
Chourição,CHARCUTARIA,1 Unid. = 0.1 KG (aprox.),"8,99€/kg","0,90€ / Unid.",
Conserva de Azeitona Mista Galega,RUSTICA,Emb. 0.3 KG,"1,99€","6,63€ / KG",
Chupa Single,CHUPA CHUPS,Emb. 0.012 KG,"0,37€","30,83€ / KG",
Massa Lasanha C/ Ovo,MILANEZA,Emb. 0.5 KG,"2,49€","4,98€ / KG",
Fiambre da Perna Extra Fatiado,NOBRE,Emb. 0.11 KG,"2,14€","19,45€ / KG",
Vinho do Porto Lágrima Branco,DORRÃO,Emb. 0.075 LT,"6,49€","86,53€ / LT",
"BL1 LED ESFERA R 5,5W-40W E27",FOXTER,Emb. 1 UNID.,"3,99€","3,99€ / UNID.",
Vinho Verde Branco,MURALHAS,Garrafa 0.75 LT,"4,49€","5,99€ / LT",
MOLHO PARA HAMBURGUER,RUSTICA,Emb. 0.85 KG,"3,99€","4,69€ / KG",
Cerveja C/ Álcool,FALSBOURG,Lata 0.33 LT,"0,38€","1,15€ / LT",
Pistachios Torrados a Seco C/ Sal,TOKAPI,Emb. 0.075 KG,"1,50€","20,00€ / KG",
Champô Cabelos Normais Fructis Força e Brilho,GARNIER,Emb. 0.25 LT,"3,99€","15,96€ / LT",
Sementes de Quinoa,MARQUE REPERE,Emb. 0.2 KG,"1,39€","6,95€ / KG",
Eau De Toilette Umbro Energy,UMBRO,Emb. 0.03 LT,"6,99€","233,00€ / LT",
Queijo Ralado,TERRA NOSTRA,Emb. 0.15 KG,"1,39€","9,27€ / KG",
Gomas Trio Acidas,COPAÍNS COPINES,Emb. 0.2 KG,"0,99€","4,95€ / KG",
Conserva de Grão,COMPAL,Lata 0.845 KG,"1,59€","1,88€ / KG",
Mousse de Café 4x60g,DÉLISSE,Emb. 0.24 KG,"1,35€","5,63€ / KG",
Espanador Duster + 5 Panos,SWIFFER,Emb. 1 UNID.,"3,59€","3,59€ / UNID.",
LAVA TUDO CONCENTRADO ECOLOGICO,UNÍ VERT,Emb. 1 LT,"1,59€","1,59€ / LT",
Cápsulas Café Lungo Intensidade 6,DOLCE GUSTO,Emb. 16 CAPS.,"5,95€","0,37€ / CAPS.",
Tempero para Frango,RUSTICA,Frasco 0.2 KG,"0,75€","3,75€ / KG",
Bolachas Maria Doces,VIEIRA,Emb. 0.3 KG,"2,44€","8,13€ / KG",
Alimento Húmido P/ Gato Mixed Grill,FELIX,Emb. 0.06 KG,"1,79€","29,83€ / KG",
BOLACHA MY COOKIES AVEIA,NACIONAL,Emb. 0.15 KG,"1,49€","9,93€ / KG",
VELA NUMERO FUN 5,ARDENCE,Emb. 1 UNID.,"0,90€","0,90€ / UNID.",
Rolo de Cozinha Máxima Absorção 8+4 Unid.,RENOVA,Emb. 1 P,"5,89€","5,89€ / P",
Folhados de Frutos do Mar 4x100g,CÔTÉ TABLE,Emb. 4 UNID.,"4,99€","1,25€ / UNID.",
RECARGAS MAQ.BARBEAR 5 LAMINAS 4UN,CARRÉ HOMME,Emb. 4 UNID.,"4,29€","1,07€ / UNID.",
3 Mini Saucisses Sèches,ST AZAY,Emb. 0.15 KG,"2,49€","16,60€ / KG",
Carapau Grande,,1 Unid. = 0.4 KG (aprox.),"3,99€/kg","1,60€ / Unid.",
Esparguete C/ Frango +10 Meses,NESTLÉ,Emb. 0.19 KG,"1,39€","7,32€ / KG",
Cogumelo Branco Laminado,,Emb. 0.3 KG,"1,99€","6,63€ / KG",
Fatias Clássicas de Frango,CAMPOFRIO,Emb. 0.09 KG,"1,30€","14,44€ / KG",
Loção Sensitive,BABY DOVE,Emb. 0.2 LT,"5,39€","26,95€ / LT",
"Queijo Fundido Fonte de Vitaminas A, B2, B12",LES CROISÉS,Emb. 0.2 KG,"1,35€","6,75€ / KG",
Difusor e Recarga Freshmatic Lavanda e Camomila,AIR WICK,Emb. 0.61 KG,"7,19€","11,79€ / KG",
Cremant Dalsace Brut,REBMANN,Garrafa 0.75 LT,"7,39€","9,85€ / LT",
Cebola Roxa,,1 Unid. = 0.5 KG  (aprox.),"1,49€/kg","1,49€ / Unid.",
NOODLES DE FRANGO,TABLES DU MONDE,Emb. 0.061 KG,"0,99€","16,23€ / KG",
QUEIJO NEUFCHATEL DOP,NOS RÉGIONS ONT DU TALENT,Emb. 0.2 KG,"2,59€","12,95€ / KG",
LAVA TUDO FRESCURA PURA,CLAIR,Emb. 1.5 LT,"1,25€","0,83€ / LT",
Dentífrico Cuidado Completo Sensitive Expert,DENTAMYL,Emb. 0.075 LT,"0,84€","11,20€ / LT",
CHAMPO SECO 150ML,VITANOVE,Emb. 0.15 LT,"1,79€","11,93€ / LT",
Desodorizante Spray Peles Sensíveis,MANAVA,Emb. 0.2 LT,"1,24€","6,20€ / LT",
Vinho Regional Península de Setúbal Tinto,DONA ERMELINDA,Garrafa 0.75 LT,"9,89€","13,19€ / LT",
Desodorizante Spray,REXONA,Emb. 0.15 LT,"2,54€","16,93€ / LT",
Café Cápsulas deQafeinatus Intensidade 1,DELTA,Emb. 10 CAPS.,"3,39€","0,34€ / CAPS.",
Dentífrico com Flúor Fresh Gel,COLGATE,Emb. 0.075 LT,"1,79€","23,87€ / LT",
Gel Banho Baunilha/Ambre,MANAVA,Emb. 0.5 LT,"2,29€","4,58€ / LT",
Dentifrico Cuidado Extra Fresco,PARODONTAX,Emb. 0.075 LT,"5,59€","74,53€ / LT",
Achocolatado em Pó,BON CHOCO,Emb. 0.45 KG,"1,79€","3,98€ / KG",
Alimento Húmido Gato Pedaços Molho 4 Unid.,LYCAT,Emb. 1.6 KG,"3,59€","2,24€ / KG",
Bolachas Duplo Creme,OREO,Emb. 0.185 KG,"1,59€","8,59€ / KG",
Lenços Faciais Plenitude Renova,LENÇOS RENOVA,Emb. 80 UNID.,"0,99€","0,01€ / UNID.",
RECARGA P/ ESCOVA DENTES MEDIA CABECA RECARRREGAVEL,DENTAMYL,,"1,25€",/ Unid.,
Spray Limpeza Ecrãs + Pano,LINKSTER,Emb. 0.03 LT,"2,99€","99,67€ / LT",
Raia Cal. 2/5,,1 Unid. = 2.5 KG (aprox.),"6,49€/kg","16,23€ / Unid.",
Gel de Banho Deeply Nourishing,DOVE,Emb. 0.75 LT,"4,19€","5,59€ / LT",
Muelsi C/ Chocolate Leite,GRAINEA,Emb. 0.5 KG,"2,39€","4,78€ / KG",
Pães de Leite 10 Unid.,EPI D'OR,Emb. 0.35 KG,"1,79€","5,11€ / KG",
Toldo Proteção P/Pintura Plástico 2X3Metros,ECO+,Emb. 1 UNID.,"3,99€","3,99€ / UNID.",
Caderno Capa Preta Pautado A5 60p,ESQUISSE,,"0,59€",/ Unid.,
IOGURTE BAUNILHA BIO FRASCO,,Emb. 0.5 KG,"1,79€","3,58€ / KG",
Cereais de Trigo Original,WEETABIX,Emb. 0.43 KG,"3,44€","8,00€ / KG",
Tablete de Chocolate de Leite 5x100g,ECO+,Emb. 0.5 KG,"2,75€","5,50€ / KG",
Escova de Dentes Complete Média,ORAL B,Emb. 1 UNID.,"1,64€","1,64€ / UNID.",
MASCARA DETOX BIO 100ML,BIONAÏA,Emb. 0.1 LT,"3,29€","32,90€ / LT",
Alface Lisa,,1 Unid. = 0.4 KG (aprox.),"3,99€/kg","1,60€ / Unid.",
Néctar de Laranja,JAFADEN,Emb. 2 LT,"1,69€","0,85€ / LT",
PELICULA ADER.ELEMBAL 2E1 20M,ELEMBAL,Emb. 0.02 MT,"0,70€","35,00€ / MT",
Acendalha 100% Natural,SILEX,Emb. 40 UNID.,"0,99€","0,02€ / UNID.",
SORVETE LIMAO,TROFIC,Emb. 1 LT,"1,79€","1,79€ / LT",
Conjunto de 10 Lâminas X-Ato 18Mm H,FOXTER,Emb. 10 UNID.,"1,29€","0,13€ / UNID.",
MOLHO CHALOTA,RUSTICA,Emb. 0.3 LT,"1,39€","4,63€ / LT",
Bolachas Quadradas Recheadas com Sabor a Chocolate,ECO+,Emb. 0.3 KG,"1,09€","3,63€ / KG",
Dentífrico Dentes Leite,AQUAFRESH,Emb. 0.05 LT,"2,89€","57,80€ / LT",
Rolo Massa Folhada Pronta a Desenrolar,,Emb. 0.23 KG,"0,59€","2,57€ / KG",
Queijo Mini Babybel Light,BABYBEL,Emb. 0.12 KG,"2,04€","17,00€ / KG",
TOMATES SECOS EM OLEO GIRASSOL E AZEITE,RUSTICA,Emb. 0.28 KG,"2,69€","9,61€ / KG",
Passas de Uva,TABLIER BLANC,Emb. 0.25 KG,"1,39€","5,56€ / KG",
Papa Infantil de Banana Laranja,CERELAC,Emb. 0.25 KG,"2,39€","9,56€ / KG",
Massa Macarronete Riscado,ECO+,Emb. 0.5 KG,"0,65€","1,30€ / KG",
Pão De Forma Rústico 0% Açúcar,PANRICO,Emb. 0.375 KG,"2,04€","5,44€ / KG",
Pao De Forma Cerealia 14 Cereais,PANRICO,Emb. 0.435 KG,"1,69€","3,89€ / KG",
Rum Spice Gold,CAPTAIN MORGAN,Garrafa 0.7 LT,"15,35€","21,93€ / LT",
Vinho do Porto Ruby,FERREIRA,Garrafa 0.75 LT,"6,04€","8,05€ / LT",
5 Cereais C/ Cereais Integrais,NESTUM,Emb. 0.25 KG,"2,09€","8,36€ / KG",
Queijo Coulommiers 50%MG,,Emb. 0.35 KG,"2,29€","6,54€ / KG",
Agrião,,Emb. 0.15 KG,"1,39€","9,27€ / KG",
Alheira Regional - PDTO Lamego,SNR,Emb. 0.21 KG,"1,49€","7,10€ / KG",
ARROZ DOCE SABOR BAUNILHA,DÉLISSE,Emb. 0.92 KG,"2,99€","3,25€ / KG",
Erva Doce Saqueta,RUSTICA,Emb. 0.05 KG,"0,99€","19,80€ / KG",
Película Aderente Flexível e Extra Aderente,VILEDA,Emb. 25 MT,"2,55€","0,10€ / MT",
Snack de Queijo de Cabra,PRÉSIDENT,Emb. 0.17 Kg,"3,19€","18,76€ / Kg",
Iogurte Líquido Limonada 4 Unid.,YOGGI,Emb. 0.64 KG,"2,09€","3,27€ / KG",
TOMATE PELADO,TURINI,Emb. 0.78 KG,"0,99€","1,27€ / KG",
MAQ.BARBEAR 5 LAMINAS + 1 RECARGA,CARRÉ HOMME,Emb. 1 UNID.,"4,95€","4,95€ / UNID.",
Vinho Regional Douro Reserva 2015,MONTES ERMOS,Garrafa 0.75 L,"4,39€","5,85€ / L",
Palmiers com Maçã e Canela 6 Unid.,DU BOIS DE LA ROCHE,Emb. 0.15 KG,"1,34€","8,93€ / KG",
Tosta Rica Cacau,CUÉTARA,Emb. 0.57 KG,"3,84€","6,74€ / KG",
Cogumelos Inteiros,NOTRE JARDIN,Emb. 0.78 KG,"2,69€","3,45€ / KG",
Deo Creme Derma Care 0% Álcool,VASELINE,Emb. 0.05 LT,"2,84€","56,80€ / LT",
Mini Mousse de Frutos 6x74g,DÉLISSE,Emb. 0.444 KG,"1,89€","4,26€ / KG",
Licor da Nação,SNR,Garrafa 0.7 LT,"7,49€","10,70€ / LT",
"GELADO ""TYROLIA"" BAUNILHA",ESKISS,Emb. 0.65 LT,"1,79€","2,75€ / LT",
CRACKERS MINI PIZZA,TOKAPI,Emb. 0.085 KG,"1,09€","12,82€ / KG",
Atum Posta Natural,BOM PETISCO,Emb. 0.2 KG,"2,39€","11,95€ / KG",
Vinagre de Sidra Original,GALLO,Emb. 0.25 LT,"1,69€","6,76€ / LT",
Ovos Solo L,SNR,Emb. 6 UNID.,"1,29€","0,22€ / UNID.",
Paté para Cão de Aves e Fígado,LYDOG,Emb. 0.3 KG,"0,79€","2,63€ / KG",
PRATOS BIODEGRADAVEIS 23CM 25UN,HOMESIDE,Emb. 25 UNID.,"3,99€","0,16€ / UNID.",
Bebida Gaseificada Aromatizada de Uva S/ Álcool,FESTALIE,Emb. 0.75 LT,"2,49€","3,32€ / LT",
Massa Filo,TABLIER BLANC,Emb. 0.25 KG,"1,99€","7,96€ / KG",
Manteiga C/ Sal,MILHAFRE,Emb. 0.25 KG,"2,24€","8,96€ / KG",
Cabo Universal,,Emb. 1 UNID.,"3,99€","3,99€ / UNID.",
Refrigerante sem Gás Maçã Verde,FRUTIS,Garrafa 1.5 LT,"1,15€","0,77€ / LT",
Iced Tea Pêssego,ECO+,Emb. 1.5 LT,"0,84€","0,56€ / LT",
QUEIJO FRESCO PARA BARRAR 24%MG,LES CROISÉS,Emb. 0.15 KG,"0,79€","5,27€ / KG",
Fermento em Pó,ROYAL,Lata 0.226 KG,"3,49€","15,44€ / KG",
Moelas de Frango Embaladas,,1 Unid. = 0.4 KG (aprox.),"4,49€/kg","1,80€ / Unid.",
Deo Spray Tropical,REXONA,Emb. 0.15 LT,"2,54€","16,93€ / LT",
Presunto Serrano em Fatias,CAMPOFRIO,Emb. 0.08 KG,"2,74€","34,25€ / KG",
Gel de Duche Pétalas do Oriente,MANAVA,Emb. 0.25 LT,"1,19€","4,76€ / LT",
Conserva de Azeitona Verde Inteira,RUSTICA,Emb. 0.5 KG,"1,99€","3,98€ / KG",
Licor Carolans,CAROLANS,Garrafa 0.7 LT,"14,69€","20,99€ / LT",
Esparguete Fino Clássica,NACIONAL,Emb. 0.5 KG,"1,65€","3,30€ / KG",
Strogonoff,KNORR,Emb. 0.033 KG,"1,44€","43,64€ / KG",
Pão Embalado Burguer 4 Unid.,PANRICO,Emb. 0.3 KG,"1,49€","4,97€ / KG",
Toalhitas Sensitive Máxima Proteção Sem Perfume,DODOT,Emb. 54 UNID.,"1,87€","0,03€ / UNID.",
Recarga Ambientador Flor de Cereja da Ásia,AIRWICK,Emb. 0.25 LT,"3,59€","14,36€ / LT",
Iogurte Líquido Frutos Tropicais 4 Unid.,YOGGI,Emb. 0.64 KG,"2,09€","3,27€ / KG",
Sobremesa Láctea sabor Baunilha 8x100g,DÉLISSE,Emb. 0.8 KG,"2,75€","3,44€ / KG",
Sacos de Congelação Pequeno 18x20cm,ELEMBAL,Emb. 25 SAQ.,"0,99€","0,04€ / SAQ.",
Iogurte Líquido Framboesa,DÉLISSE,Emb. 0.85 LT,"1,25€","1,47€ / LT",
DANACOL LIQUÍDO COLESTEROL AVEIA,DANACOL,Emb. 6 UNID.,"2,99€","0,50€ / UNID.",
TABLETE CHOCOLATE NEGRO FLOR SAL 100G,CEMOI,Emb. 0.1 KG,"0,99€","9,90€ / KG",
SEMOLA C/LEITE SABOR BAUNILHA,DÉLISSE,Emb. 0.46 KG,"1,75€","3,80€ / KG",
Concentrado de Menta,FRUCCI,Garrafa 0.75 LT,"4,12€","5,49€ / LT",
ABRASIVO SANITARIO PINHO ACTIV EFFECT 750ML,SYPHON,Emb. 0.75 LT,"0,99€","1,32€ / LT",
Mel de Flores Biológico,,Frasco 0.5 KG,"4,99€","9,98€ / KG",
Líquido Sanitário Gel Lixívia,,Emb. 0.75 LT,"2,24€","2,99€ / LT",
LAPIS DE COR 18UN,ECO+,Emb. 18 UNID.,"1,45€","0,08€ / UNID.",
Conserva de Tomate em Pedaços,TURINI,Emb. 0.39 KG,"0,54€","1,38€ / KG",
MASSA GIRASOLI C/ PESTO MANJERICÃO E PINHÕES,TURINI,Emb. 0.25 KG,"2,19€","8,76€ / KG",
Sabonete Aroma da Natureza 4x90g,FENO,Emb. 0.36 KG,"3,09€","8,58€ / KG",
Escova Dentes Extra Interdental Média,AQUAFRESH,Emb. 1 UNID.,"2,39€","2,39€ / UNID.",
24 VELAS ANIVERSARIO BRANCAS,ARDENCE,Emb. 24 UNID.,"1,39€","0,06€ / UNID.",
Conserva De Feijão Frade 425g,NOTRE JARDIN,Lata 0.425 KG,"0,75€","1,76€ / KG",
Doce Framboesa sem Açúcar,ST. DALFOUR,Frasco 0.284 KG,"4,29€","15,11€ / KG",
Snacks Húmidos P/ Gato Adulto 2 de Frango e 2 de Vaca,PURINA,Emb. 0.34 KG,"3,35€","9,85€ / KG",
Bebida Energética Blood Orange,POWERADE,Emb. 0.5 LT,"1,29€","2,58€ / LT",
AZEITONA MACANILHA MISTA INTEIRA,RUSTICA,Emb. 0.37 KG,"0,99€","2,68€ / KG",
"Alimento Húmido P/Cão Adulto C/ Gelatina de Boi, Frango e Cordeiro",,Emb. 0.4 KG,"2,49€","6,23€ / KG",
LIXIVIA DELICADA,TEXIL,Emb. 2 LT,"1,19€","0,60€ / LT",
Queijo Bola Flamengo,TERRA NOSTRA,Emb. 1.4 KG (aprox.),"10,98€/kg","15,37€ / Unid.",
GENGIBRE MOIDO FRASCO,RUSTICA,Emb. 0.027 KG,"0,79€","29,26€ / KG",
Panaché 10x25CL,MÍLLBRAU,Emb. 2.5 LT,"2,65€","1,06€ / LT",
AMACIADOR ECOLOGICO,UNÍ VERT,Emb. 0.75 LT,"1,67€","2,23€ / LT",
Pão de Forma Oroweat Sementes Sésamo e Linhaça,BIMBO,Emb. 0.68 KG,"2,39€","3,51€ / KG",
Cápsulas de Café Alumínio Nespresso Ristretto,SEGAFREDO,Emb. 10 UN,"4,25€","0,43€ / UN",
ARROZ DE PATO 400G,CÔTÉ TABLE,Emb. 0.4 KG,"3,99€","9,98€ / KG",
Cerveja com Álcool,SUPER BOCK,Lata 0.33 LT,"0,59€","1,79€ / LT",
"AGUA MICEL OLEO,OLH SENSI,400ML",GARNIER,,"7,99€",/ Unid.,
MINI BOLACHAS C/ RECHEIO MORANGO,P'TIT DÉLI,Emb. 0.168 KG,"1,19€","7,08€ / KG",
ESCOVA DENTES CRIANCA 2-6 ANOS,PETIT DENTAMYL,Emb. 1 UNID.,"0,79€","0,79€ / UNID.",
ADESIVOS PURIFICANTES X6- PELE NORMAL A MISTA,INELL,Emb. 6 UNID.,"3,39€","0,57€ / UNID.",
Costeletas do Acém Novilho,,1 Unid. = 0.4 KG (aprox.),"9,49€/kg","3,80€ / Unid.",
Café Solúvel Clássico,NESCAFÉ,Emb. 0.2 KG,"6,14€","30,70€ / KG",
Cereais Arroz S/ Glúten,NESTUM,Emb. 0.25 KG,"2,39€","9,56€ / KG",
Alimento P/ Gato de Frango C/ Mandioca S/ Glúten,BEYOND,Emb. 1.2 KG,"11,51€","9,59€ / KG",
Sobremesa de Soja Açucarada C/ Morango,NAT&VIE,Emb. 0.4 KG,"1,40€","3,50€ / KG",
Miolo de Noz Pecan,MARQUE REPERE,Emb. 0.2 KG,"4,99€","24,95€ / KG",
Tiras Frango Panado,PESCANOVA,Emb. 1 KG,"9,99€","9,99€ / KG",
DETERGENTE MANUAL LOICA ULTRA SAIS E MINERAIS/FRUTOS EXOTICOS 500ML,VISIOR,Emb. 0.5,"0,77€","1,54€ /",
Rissóis de Carne,,Emb. 8   UNID.,"1,59€","0,20€ /   UNID.",
Cracker com Arroz Tufado,DU BOIS DE LA ROCHE,Emb. 0.24 KG,"2,54€","10,58€ / KG",
Sumo de Laranja 3x20 cl,UM BONGO,Emb. 0.6 LT,"1,39€","2,32€ / LT",
KIT FAJITAS 505G TABLE DU MON,TABLES DU MONDE,Emb. 0.505 KG,"3,59€","7,11€ / KG",
"ATUM FILETE NATURAL,120G",TENÓRIO,Emb. 0.12 KG,"2,14€","17,83€ / KG",
Dentífrico Pro Esmalte,SENSODYNE,Emb. 0.075 LT,"4,99€","66,53€ / LT",
Elixir Suavidade e Brilho Para Cabelo Muito Estragado,GLISS,Emb. 0.075 LT,"4,99€","66,53€ / LT",
Molho Big Burger,CALVÉ,Emb. 0.25 LT,"2,29€","9,16€ / LT",
Fermento de Padeiro,VAHINÉ,Emb. 0.018 KG,"1,49€","82,78€ / KG",
SABONETE VEGETAL ALPERCE BIO,BIONAÏA,Emb. 0.1 LT,"1,55€","15,50€ / LT",
Bebida Isotónica Citrus,POWERADE,Emb. 0.05 LT,"1,34€","26,80€ / LT",
Legumes C/ Vitela desde os 6 Meses S/ Glúten,NESTLÉ,Emb. 0.19 KG,"1,39€","7,32€ / KG",
GELADO EM TUBO TROFI'TUBS 20UN,SMICY,Emb. 20 UNID.,"2,69€","0,13€ / UNID.",
Pantene Purifica & Reconstrói Máscara 160 ml,,Emb. 0.16 LT,"4,07€","25,44€ / LT",
Conjunto de 4 Recargas Desumidificador Saqueta Clorofila,FOXTER,Emb. 1 KG,"9,89€","9,89€ / KG",
Banana da Madeira,,1 Unid. = 0.18 KG (aprox.),"2,89€/kg","0,52€ / Unid.",
Dentífrico Júnior,AQUAFRESH,Emb. 0.05 LT,"2,89€","57,80€ / LT",
Gomas de Ursinhos com Vários Sabores,COPAÍNS COPINES,Emb. 0.3 KG,"1,34€","4,47€ / KG",
LIXIVIA TRADICIONAL,ECO+,Emb. 4 LT,"1,35€","0,34€ / LT",
Desodorizante Spray Invisible,MANAVA,Emb. 0.2 LT,"1,34€","6,70€ / LT",
TRINCA DE ARROZ 1KG,LYDOG,Emb. 1 KG,"0,64€","0,64€ / KG",
Conjunto Borracha Mini,ESQUISSE,Emb. 2 UNID.,"0,69€","0,35€ / UNID.",
Cebola Doce,,1 Unid. = 1 P   (aprox.),"1,89€/kg","1,89€ / Unid.",
Perca Congelada,,1 Unid. = 1.7 KG (aprox.),"7,20€/kg","12,24€ / Unid.",
Parmesão Reggiano Ralado,LES CROISÉS,Emb. 0.06 KG,"1,39€","23,17€ / KG",
DENTIFRICO SABOR PASTILHA ELASTICA 2-6 ANOS KIDS,PETIT DENTAMYL,Emb. 0.05 LT,"0,59€","11,80€ / LT",
Gomas Minhocas,COPAÍNS COPINES,Emb. 0.2 KG,"0,99€","4,95€ / KG",
AMENDOINS TORRADOS E SALGADOS,ECO+,Emb. 0.25 KG,"0,89€","3,56€ / KG",
"MINI SPRAY ""LIRIO DO VALE"" RECARGA 15ML",BIEN AIR,Emb. 0.015 LT,"0,90€","60,00€ / LT",
Cappuccino,NESCAFÉ,Emb. 0.25 KG,"6,29€","25,16€ / KG",
Salmão Fumado do Atlântico,RONDE DES MERS,Emb. 0.08 KG,"3,99€","49,88€ / KG",
Azeite virgem extra aroma trufa,GALLO,Emb. 0.25 LT,"2,39€","9,56€ / LT",
Pantene 3 Minute Miracle Repara & Protege,PANTENE PV,Emb. 0.2 LT,"5,99€","29,95€ / LT",
SNACK RECOMPENSA QUEIJO E BOVINO,TOUS MES AMIS,Emb. 0.14 KG,"1,29€","9,21€ / KG",
ACAFRAO DAS INDIAS SAQUETA,RUSTICA,Emb. 0.05 KG,"0,60€","12,00€ / KG",
"SALAMI DANOIS ""PUR PORC"" FATIAS",ST AZAY,Emb. 0.16 KG,"1,79€","11,19€ / KG",
BEBIDA AMENDOA S/ACUCAR,ALPRO,Emb. 1 LT,"2,34€","2,34€ / LT",
Escova para Cabelo Oval,,Emb. 1 UNID.,"4,49€","4,49€ / UNID.",
COUSCOUS C/FRANGO E MERGUEZ 450G,CÔTÉ TABLE,Emb. 0.45 KG,"2,99€","6,64€ / KG",
Vinho Regional Alentejo Tinto,CONVENTO DA VILA,Garrafa 0.75 LT,"2,58€","3,44€ / LT",
Legumes Salteados Parisiense,BONDUELLE,Emb. 0.4 KG,"1,86€","4,65€ / KG",
RECARGA ESFREGONA MICROFIBRAS,SILLAGE,Emb. 1 UNID.,"2,49€","2,49€ / UNID.",
Bolachas Plain Chocolate,BELVITA,Emb. 0.3 KG,"2,39€","7,97€ / KG",
Chá Preto,TETLEY,Emb. 10 SAQ.,"0,71€","0,07€ / SAQ.",
Drageias de Chocolate Leite,SMARTIES,Emb. 0.038 KG,"0,94€","24,74€ / KG",
CONJUNTO ESFREGONA ROTATIVA,,Emb. 1 UNID.,"19,90€","19,90€ / UNID.",
Concentrado de Maracujá Miix,SUNQUICK,Emb. 0.58 LT,"4,69€","8,09€ / LT",
Queijo Grana Padano Ralado,LES CROISÉS,Emb. 0.1 KG,"1,59€","15,90€ / KG",
Nuggets de Aves,ECO+,Emb. 0.5 KG,"2,99€","5,98€ / KG",
PENSOS INCONTINENCIA MEDIA - HOMEM,CHORYS,Emb. 20 UNID.,"3,89€","0,19€ / UNID.",
PILHAS ALCALINAS LR03,ECO+,Emb. 8 UNID.,"1,79€","0,22€ / UNID.",
Bolachas de Cacau Recheadas com Creme Baunilha,OREO,Emb. 0.154 KG,"1,43€","9,29€ / KG",
"AGUA VIMEIRO LISA PET 4X1,5L",VIMEIRO,,"1,75€",/ Unid.,
Asas de Peru,,1 Unid. = 0.7 KG (aprox.),"1,49€/kg","1,04€ / Unid.",
Néctar de Pera Rocha Clássico,COMPAL,Emb. 0.33 LT,"0,69€","2,09€ / LT",
BACALHAU COM NATAS,CÔTÉ TABLE,Emb. 0.8 KG,"6,99€","8,74€ / KG",
WC PARA GATO,P'TIT AMI,Emb. 1 UNID.,"15,99€","15,99€ / UNID.",
Sumo de Ameixa Obtido por Extração Biológico,,Emb. 1 LT,"3,85€","3,85€ / LT",
Miolo de Camarão Gigante Ultracongelado,PESCANOVA,Emb. 0.25 KG,"6,99€","27,96€ / KG",
ALGODAO DUO MINI OVALE X110,INELL,Emb. 110 UNID.,"0,89€","0,01€ / UNID.",
Massa Cotovelos Clássica,NACIONAL,Emb. 0.5 KG,"1,49€","2,98€ / KG",
Cápsulas de Café Alumínio Nespresso Decaffeinato,SEGAFREDO,Emb. 10 UN,"4,25€","0,43€ / UN",
Pérolas de Perfume para Roupa Dreams,LENOR,Emb. 0.21 KG,"7,69€","36,62€ / KG",
Cachaço com Osso Porco,,1 Unid. = 0.5 KG (aprox.),"2,98€/kg","1,49€ / Unid.",
Limpa Móveis Spray Lavanda,PRONTO,Emb. 0.3 LT,"4,79€","15,97€ / LT",
GELADO TARTUFO,ESKISS,,"2,95€",/ Unid.,
Goiabada,GLOBO,Emb. 0.6 KG,"2,84€","4,73€ / KG",
ARRANHADOR EM CARTAO P/GATO,P'TIT AMI,Emb. 1 UNID.,"2,69€","2,69€ / UNID.",
Alimento Seco para Cão Croquetes Júnior Carne de Ave,LYDOG,Emb. 4 KG,"6,99€","1,75€ / KG",
Salada Ibérica,,Emb. 0.15 KG,"1,29€","8,60€ / KG",
Colheres Madeira Biodegradável,HOMESIDE,Emb. 10 UNID.,"1,09€","0,11€ / UNID.",
Bebida de Soja Chocolate,NAT&VIE,Emb. 1 LT,"1,29€","1,29€ / LT",
Conserva de Cogumelos Laminados,FERBAR,Lata 0.29 KG,"0,95€","3,28€ / KG",
TAPETE MICROFIBRAS WC AZUL 50X80,SILLAGE,Emb. 1 UNID.,"6,99€","6,99€ / UNID.",
Bolachas Amanteigadas Cobertas com Tablete Chocolate Leite e Avelãs,P'TIT DÉLI,Emb. 0.15 KG,"1,20€","8,00€ / KG",
Massa Bolonhesa,KNORR,Emb. 0.068 KG,"1,81€","26,62€ / KG",
Pensos Higiénicos Ultrafinos Abas,AUSONIA,Emb. 12 UNID.,"1,69€","0,14€ / UNID.",
Bolos Fofos de Cacau Recheio de Leite e Coco,P'TIT DÉLI,Emb. 0.42 KG,"3,19€","7,60€ / KG",
Iogurte Cereais e Baunilha 4 Unid.,IOGOLINO,Emb. 0.4 KG,"2,29€","5,73€ / KG",
Cuvete de Alumínio 10x1L,ELEMBAL,Emb. 10 UNID.,"2,99€","0,30€ / UNID.",
Pimenta P/ Bifes C/ Moinho,MARGÃO,Emb. 0.035 KG,"3,89€","111,14€ / KG",
Mexilhão Médio,,1 KG (aprox.),"2,71€/kg","2,71€ / Unid.",
Tostas de Trigo,EPI D'OR,Emb. 0.9 KG,"2,89€","3,21€ / KG",
Truta Pequena,,1 Unid. = 0.3 KG (aprox.),"3,99€/kg","1,20€ / Unid.",
Miolo de Pinhão,,Emb. 0.1 KG,"8,49€","84,90€ / KG",
ALIMENT BEBE: PURE DE PERA WILLIAMS BIO +4M 4x100G,BIO VILLAGE BEBE,Emb. 0.4 KG,"2,09€","5,23€ / KG",
Ananás em Calda Rodelas com Sumo Natural,DOUCEUR DU VERGER,Lata 0.565 KG,"1,79€","3,17€ / KG",
Arroz Carolino,PATO REAL,Emb. 1 KG,"1,17€","1,17€ / KG",
Toalhitas Limpeza P/ Ecrãs,LINKSTER,Emb. 80 UNID.,"3,99€","0,05€ / UNID.",
Preservativo Non Stop,CONTROL,Emb. 12 UNID.,"6,99€","0,58€ / UNID.",
Couve Roxa,,1 Unid. = 1 KG (aprox.),"0,99€/kg","0,99€ / Unid.",
WC Gel Glitter Brisa do Mar,NEO BLANC,Emb. 0.7 LT,"2,09€","2,99€ / LT",
SACO ASPIRADOR S2000,ELSAY,Emb. 1 UNID.,"3,49€","3,49€ / UNID.",
Chá de Camomila,LIPTON,Emb. 20 SAQ.,"1,20€","0,06€ / SAQ.",
Alimento Seco para Cão Croquetes Equilíbrio,LYDOG,Emb. 4 KG,"6,99€","1,75€ / KG",
SALSICHAO SECO FATIAS,ST AZAY,Emb. 0.15 KG,"1,99€","13,27€ / KG",
Areia Higiénica Perfumada para Gato,ECO+,Emb. 7 LT,"1,85€","0,26€ / LT",
Nuggets Peito de Frango Ultracongelado,CAPITÃO IGLO,Emb. 0.208 KG,"5,89€","28,32€ / KG",
QUEIJO BRILLAT SAVARIN,NOS RÉGIONS ONT DU TALENT,Emb. 0.2 KG,"3,19€","15,95€ / KG",
LIXIVIA C/DETERGENTE,CLAIR,Emb. 2 LT,"1,09€","0,55€ / LT",
Vinho Regional Península de Setúbal Tinto,JOSE MARIA FONSECA,Garrafa 0.75,"1,99€","2,65€ /",
Batatas Fritas Caseiras Rodelas,SNR,Emb. 0.18 KG,"1,15€","6,39€ / KG",
Tablete de Chocolate com Avelãs,TABLETTE D'OR,Emb. 0.2 KG,"1,59€","7,95€ / KG",
Dove Men +Care Desodorizante Clean Comfort Spray,DOVE,Emb. 0.15 LT,"2,69€","17,93€ / LT",
Chouriça de Trancoso,SNR,Emb. 1 UNID.,"2,69€","2,69€ / UNID.",
Sumo Ananás,JAFADEN,Emb. 1 LT,"1,29€","1,29€ / LT",
Rum Carta Blanca,BACARDI,Garrafa 0.7 LT,"16,41€","23,44€ / LT",
QUEIJO CHEDDAR RALADO,LES CROISÉS,Emb. 0.2 KG,"1,89€","9,45€ / KG",
Água sem Gás,LUSO,Garrafão 7 LT,"1,87€","0,27€ / LT",
Snack P/ Cão Sticks C/ Aroma a Búfalo,PURINA,Emb. 0.09 KG,"1,89€","21,00€ / KG",
MOUSSE DE MARACUJÁ CONDI 80G,CONDI,Emb. 0.8 KG,"1,34€","1,68€ / KG",
Vinho Regional Alentejano Tinto,GALITOS,Garrafa 0.75 LT,"2,20€","2,93€ / LT",
"Croquetes Frango, Pato e Azeitonas",TOUS MES AMIS,Emb. 2 KG,"3,99€","2,00€ / KG",
ARROZ MEDITERRANIO PRE COZIDO EXPRESS,COMPTOÍR DU GRAIN,Emb. 0.25 KG,"1,09€","4,36€ / KG",
Tarte 3 Queijos,CÔTÉ TABLE,Emb. 0.4 KG,"2,79€","6,98€ / KG",
Alimento para peixe lago,TETRA,Emb. 1,"5,69€","5,69€ /",
Perfume Pearls Fuchsia Passion,COMFORT,Emb. 0.375 KG,"8,49€","22,64€ / KG",
Preparado Creme Leve de Legumes,,Emb. 0.6 KG,"1,74€","2,90€ / KG",
LANTERNA FRONTAL,FOXTER,Emb. 1 UNID.,"6,59€","6,59€ / UNID.",
Hamburgers Peito de Frango Ultracongelado,IGLO,Emb. 0.48 KG,"10,55€","21,98€ / KG",
CARREGADOR HR6/HR03 + 4 PILHAS RECARREGAVEIS USB,FOXTER,Emb. 1 UNID.,"18,99€","18,99€ / UNID.",
Vinho Regional Alentejo Branco,TERRAS D'EL REI,Garrafa 0.75 LT,"2,74€","3,65€ / LT",
Alimento Húmido P/ Gato Fórmula Indoor Atum e Vitela Pack 4,PURINA ONE,4 G,"3,35€","0,84€ / G",
Cogumelos Laminados Embalados,,1 Unid. = 0.3 KG  (aprox.),"1,69€/kg","1,99€ / Unid.",
Noz Moscada Moída C/ Moinho,MARGÃO,Emb. 0.04 KG,"2,39€","59,75€ / KG",
"BEBIDA APERITIVA ROSSO 14,4º",GILDO,1 0,"3,19€",inf€ /,
Champô Purificante Morango Branco e Menta Dulce,HERBAL ESSENCES,Emb. 0.4 LT,"3,99€","9,98€ / LT",
Tablete Chocolate Preto com Menta,TABLETTE D'OR,Emb. 0.1 KG,"1,19€","11,90€ / KG",
Chá de Ervas Biológico,,Emb. 20 SAQ.,"1,19€","0,06€ / SAQ.",
Cereais de Espelta e Aveia 0% Açúcares,NESTUM,Emb. 0.25 KG,"2,09€","8,36€ / KG",
Doce de Glila,CASA MATEUS,Frasco 0.345 KG,"2,44€","7,07€ / KG",
LEITE AROMA MORANGO BIO,,,"1,59€",/ Unid.,
Salame Fatiado Tapas,CAMPOFRIO,Emb. 0.08 KG,"1,85€","23,13€ / KG",
Yofu Baunilha 500g,ALPRO,Emb. 0.5 KG,"2,39€","4,78€ / KG",
Filetes de pescada com alho e salsa,PESCANOVA,Emb. 0.4 KG,"4,39€","10,98€ / KG",
Ervilhas Ultracongelados,IGLO,Emb. 0.375 KG,"2,20€","5,87€ / KG",
Bloco Sanitário Lavanda,SONASOL WC,Emb. 2 UNID.,"2,99€","1,50€ / UNID.",
CUECA INCONTINENCIA ABSORCAO PLUS GRANDE,CHORYS,Emb. 10 UNID.,"5,99€","0,60€ / UNID.",
FRANGO C/ MOLHO DE CARIL,CÔTÉ TABLE,Emb. 0.3 KG,"1,99€","6,63€ / KG",
Conjunto Formao Madeira,ECO+,Emb. 4 UNID.,"3,49€","0,87€ / UNID.",
DROPS MENTA,COPAÍNS COPINES,Emb. 0.25 KG,"1,29€","5,16€ / KG",
Miolo de Amêndoa Moído,MARQUE REPERE,Emb. 0.2 KG,"3,19€","15,95€ / KG",
Refrigerante C/ Gás Gasosa,SPRINK'S,Garrafa 1.5 LT,"0,59€","0,39€ / LT",
Iogurte Líquido Morango,DÉLISSE,Emb. 0.85 KG,"1,25€","1,47€ / KG",
CROQUETES CAO MEDIO A GRANDE SEM CEREAIS,PLENIMA,Emb. 2 KG,"5,99€","3,00€ / KG",
Cera Depilatória Profissional Natural de Abelha,VEET,Emb. 0.3 KG,"8,04€","26,80€ / KG",
Pensos Diários Ecológicos,UNÍ VERT,Emb. 30 UNID.,"1,45€","0,05€ / UNID.",
BOLACHAS MANTEIGA GALETES BRETONNES,P'TIT DÉLI,Emb. 0.25 KG,"1,75€","7,00€ / KG",
RESGUARDO PROTECAO CAMA 90X180CM,CHORYS,Emb. 20 UNID.,"5,99€","0,30€ / UNID.",
Toalhitas Dermo 40,LINDOR,Emb. 40 UNID.,"4,49€","0,11€ / UNID.",
Espinafre em Folhas,NOTRE JARDIN,Emb. 1 KG,"1,29€","1,29€ / KG",
Alimento Seco Gato Croquetes,TOUS MES AMIS,Emb. 2 KG,"5,59€","2,80€ / KG",
Esferográficas de Cores Sortidas Ponta Média,ESQUISSE,Emb. 4 UNID.,"1,29€","0,32€ / UNID.",
Conserva de Feijão Preto Cozido,NOTRE JARDIN,Lata 0.425 KG,"0,75€","1,76€ / KG",
MINI SNACKS CARNE VACA P/ GATO 60G LYCAT,TOUS MES AMIS,Emb. 0.06 KG,"0,85€","14,17€ / KG",
Gelatina Light de Melancia,ROYAL,Emb. 0.031 KG,"1,99€","64,19€ / KG",
Limpa Máquinas de Loiça Desengordurante & Anti-Calcário,SUN,Emb. 0.12 KG,"3,99€","33,25€ / KG",
Johnson's Champô para Crianças Gotas de Força,JOHNSON'S BABY,Emb. 0.5 LT,"5,59€","11,18€ / LT",
RECARGA MOPA,SILLAGE,Emb. 1 UNID.,"2,90€","2,90€ / UNID.",
FOGUETES P/BOLO,,Emb. 10 UNID.,"1,49€","0,15€ / UNID.",
Queijo Ricotta Bio,,Emb. 0.25 KG,"1,69€","6,76€ / KG",
"BL1 LED SPOT 5,5W - 50W GU10",FOXTER,Emb. 1 UNID.,"4,99€","4,99€ / UNID.",
Vinho Branco Frutado,CORAÇÃO DA MINHA,Garrafa 0.75 LT,"1,53€","2,04€ / LT",
CUECA INCONTINENCIA XL,CHORYS,Emb. 10 UNID.,"5,99€","0,60€ / UNID.",
"SYOSS OLEO INTEN 1-10 PRET,,1P",SYOSS,,"6,24€",/ Unid.,
Farinha de Trigo Branca,TABLIER BLANC,Emb. 1 KG,"0,89€","0,89€ / KG",
Entrecosto com Alho e Pimentão Doce,MAGGI,Emb. 0.03 KG,"0,74€","24,67€ / KG",
Refrigerante C/ Gás Cola Zero 6 Unid.,JEAN'S,Lata 1.98 LT,"2,19€","1,11€ / LT",
BATATAS PRE-FRITAS PALITOS CURVOS OLEO GIRASSOL,POM'LISSE,Emb. 0.6 KG,"1,59€","2,65€ / KG",
Batatas Fritas Palha,SNR,Emb. 0.3 KG,"1,65€","5,50€ / KG",
Floculante Líquido,BEAUX JOURS,Emb. 5 LT,"12,99€","2,60€ / LT",
Flor Duche Branco,SILLAGE,Emb. 1 UNID.,"1,00€","1,00€ / UNID.",
Maionese Vegan sem Glúten,CALVÉ,Emb. 0.27 KG,"3,23€","11,96€ / KG",
IOGURTE CREMOSO COCO,DÉLISSE,Emb. 0.5 KG,"1,69€","3,38€ / KG",
Conserva de Feijão Encarnado Cozido com pouco Sal,FERBAR,Lata 0.42 KG,"0,95€","2,26€ / KG",
Massa Cotovelos GR,MILANEZA,Emb. 0.5 KG,"1,19€","2,38€ / KG",
Queijo Fresco com Leite Magro,DÉLISSE,Emb. 1 KG,"1,89€","1,89€ / KG",
CAPS CAFE COMP C/ DG XL INTENSO - INT10,PLANTATION,,"5,99€",/ Unid.,
Arroz Agulha,COZINHA VELHA,Emb. 1 KG,"1,24€","1,24€ / KG",
Chocolate em pó P/ Leite Saco,NESQUIK,Emb. 1 KG,"4,64€","4,64€ / KG",
Strogonoff de Frango,,1 Unid. = 0.45 KG (aprox.),"8,92€/kg","4,01€ / Unid.",
Conserva de Salsichas Wienerwurst 5 Unid.,NOBRE,Frasco 0.22 KG,"1,94€","8,82€ / KG",
SORTIDO GOMAS CAIXA PLASTICA,COPAÍNS COPINES,Emb. 0.75 KG,"3,99€","5,32€ / KG",
Creme de Mãos Nutritivo Nourish & Protect,BIOTEN,Emb. 0.1 LT,"2,13€","21,30€ / LT",
BARRA CEREAIS CHOCO BANANA,ECO+,Emb. 0.125 KG,"1,09€","8,72€ / KG",
SOBREMESA SOJA NATURAL BIO,,Emb. 0.6 KG,"2,09€","3,48€ / KG",
Amêndoa Caramelizada,,Emb. 0.25 KG,"4,29€","17,16€ / KG",
Vinho Branco do Tejo Chardonnay/Arinto,QUINTA DA ALORNA,Emb. 0.75 LT,"6,39€","8,52€ / LT",
Tarte Gelada Chocolate,VIENNETTA,Emb. 0.65 LT,"3,95€","6,08€ / LT",
Conserva de Feijão Branco Cozido com pouco Sal,FERBAR,Lata 0.42 KG,"0,95€","2,26€ / KG",
Desodorizante Narta Men IceMax Roll On,GARNIER,Emb. 0.05 LT,"3,99€","79,80€ / LT",
Vinho Verde Branco,ADEGA DE MONÇÃO,Garrafa 0.75 LT,"2,49€","3,32€ / LT",
"Iogurte de Banana, Morango e Tutti Frutti 8x120g",DANONE,Emb. 0.96 KG,"1,98€","2,06€ / KG",
Sumo de Manga 3x200ml,UM BONGO,Emb. 0.6 LT,"1,39€","2,32€ / LT",
AMBIENTADOR MINI SPRAY LIRIO DOS VALES + RECARGA,BIEN AIR,Emb. 1 UNID.,"2,19€","2,19€ / UNID.",
SARDINHA,PÊCHE OCÉAN,Emb. 0.7 KG,"2,99€","4,27€ / KG",
Mini Snacks P/ Gato Controlo das Bolas de Pelo,TOUS MES AMIS,Emb. 0.06 KG,"0,85€","14,17€ / KG",
Refrigerante de Maça Gaseificado S/ Álcool,GIBUS,Garrafa 0.75 LT,"2,49€","3,32€ / LT",
After Shave Dark Temptation,AXE,Emb. 0.1 LT,"6,99€","69,90€ / LT",
Batatas Fritas Gourmet,POM'LISSE,Emb. 0.17 KG,"1,29€","7,59€ / KG",
PIRI SACANA C/CANNABIS,PALADIN,Emb. 0.075 LT,"2,76€","36,80€ / LT",
SOPA CAMPESTRE,REGAL SOUPE,Emb. 0.35 KG,"1,49€","4,26€ / KG",
Pão de Forma,EPI D'OR,Emb. 0.5 KG,"1,19€","2,38€ / KG",
Sumo 100% Tomate Biológico,,Emb. 1 LT,"1,49€","1,49€ / LT",
Luvas P/ Uso Doméstico Tam. M,MAMISON,Emb. 1 UNID.,"0,69€","0,69€ / UNID.",
Gelado Super Maxi,OLÁ,Emb. 0.39 LT,"3,83€","9,82€ / LT",
Ice Tea Limão,LIPTON,Emb. 1 LT,"1,29€","1,29€ / LT",
Refrigerante Mini C/ Gás Pack 12,COCA COLA,Emb. 1.8 LT,"6,14€","3,41€ / LT",
ATUM RAMIREZ AZEITE 120G,RAMIREZ,,"1,19€",/ Unid.,
Creme Barbear Classic,PALMOLIVE,Emb. 0.1 LT,"3,49€","34,90€ / LT",
Massa Cotovelinhos,TURINI,Emb. 1 KG,"1,44€","1,44€ / KG",
Barras de Cereais Special K Frutos Vermelhos,KELLOGG'S,Emb. 0.132 KG,"3,35€","25,38€ / KG",
Bolachas com Pepitas Chocolate sem Glúten,CHAQUE JOUR,Emb. 0.15 KG,"2,29€","15,27€ / KG",
Detergente Loiça Manual Concentrado Limão,CIF,Emb. 0.6 LT,"1,49€","2,48€ / LT",
Patê de Figado de Porco,LA PIARA,Emb. 0.08 KG,"0,96€","12,00€ / KG",
Cera Cabelo,AXE,Emb. 0.13 LT,"4,34€","33,38€ / LT",
Pêssego Vermelho,,1 Unid. = 0.17 KG (aprox.),"2,56€/kg","0,44€ / Unid.",
Glade Observadores Frescos de Primavera,BRISE,Emb. 0.3 KG,"2,99€","9,97€ / KG",
TIRAS ADERENTES C/DISPENSADOR 24F 4UN,ESQUISSE,Emb. 4 UNID.,"2,09€","0,52€ / UNID.",
Paellla Royal Ultracongelado,CÔTÉ TABLE,Emb. 1 KG,"4,95€","4,95€ / KG",
BOLACHA CEREAIS C/ COB DE CHOCOLATE E AVELA,P'TIT DÉLI,Emb. 0.2 KG,"1,99€","9,95€ / KG",
Queijo Camembert,ECO+,Emb. 0.25 KG,"1,59€","6,36€ / KG",
Creme Care Hidratação Intensiva,NIVEA,Emb. 0.2 LT,"4,69€","23,45€ / LT",
Queijo Flamengo Bola Quarto,,Emb. 0.3 KG,"2,99€","9,97€ / KG",
Vinho Regional Lisboa Branco Leve,MUNDUS,Garrafa 0.75 LT,"1,69€","2,25€ / LT",
PIRIPIRI MOIDO,RUSTICA,Emb. 0.05 KG,"0,65€","13,00€ / KG",
"BOLACHA REDONDA RECHEIO DUO ""CHOCOLATE E LEITE""",P'TIT DÉLI,Emb. 0.3 KG,"1,49€","4,97€ / KG",
CADERNO ESPIRAL PAUTADO C. PP A4 120F,ESQUISSE,Emb. 1 UNID.,"2,99€","2,99€ / UNID.",
Queijo Pointe de Brie,ECO+,Emb. 0.2 KG,"1,45€","7,25€ / KG",
Cápsulas Café Ristretto Barista,DOLCE GUSTO,Emb. 30 CAPS.,"10,39€","0,35€ / CAPS.",
Aguardente Bagaceira,SÃO DOMINGOS,Garrafa 1 LT,"15,59€","15,59€ / LT",
Bálsamo Barba Suave King C,GILLETTE,Emb. 0.1 LT,"7,49€","74,90€ / LT",
Lenços Bolso,MARQUE REPERE,Emb. 18 UNID.,"2,29€","0,13€ / UNID.",
SACO ASPIRADOR FREE 4X,ELSAY,Emb. 1 UNID.,"3,49€","3,49€ / UNID.",
COPO CARTAO 24CL BIODEGRADAVEL,HOMESIDE,Emb. 25 UNID.,"2,49€","0,10€ / UNID.",
Pá Lixo,SILLAGE,Emb. 1 UNID.,"1,00€","1,00€ / UNID.",
SACOS LIXO WC C/ATILHO 5L,ELEMBAL,Emb. 40 UNID.,"1,29€","0,03€ / UNID.",
Nata com Ervas Aromáticas,PARMALAT,Emb. 0.2 LT,"1,23€","6,15€ / LT",
Preparado para Tarte Oreo,ROYAL,Emb. 0.215 KG,"4,19€","19,49€ / KG",
RODO LIMPA VIDROS,TECH9,Emb. 1 UNID.,"4,99€","4,99€ / UNID.",
FIAMBRE PERNA EXTRA S/NITRITO 4 FATIAS,TRADILÈGE,Emb. 0.14 KG,"2,39€","17,07€ / KG",
Alimento Húmido para Cão Patê com Pedaços Carne Vaca,ECO+,,"1,99€",/ Unid.,
Piaçaba Escovado Cinza,SILLAGE,Emb. 1 UNID.,"5,50€","5,50€ / UNID.",
Caderno Agrafado Quadriculado C. PP A5 48F,ESQUISSE,Emb. 1 UNID.,"1,34€","1,34€ / UNID.",
Cerveja com Álcool Lata,SUPER BOCK,Emb. 0.5 LT,"0,83€","1,66€ / LT",
CALCULADORA 8 DIGITOS,ESQUISSE,Emb. 1 UNID.,"3,99€","3,99€ / UNID.",
Cozer de Novilho,,1 Unid. = 0.6 KG (aprox.),"9,49€/kg","5,69€ / Unid.",
Gel Banho Aloe Vera,MANAVA,Emb. 0.75 LT,"1,69€","2,25€ / LT",
Vela Duo com Fragrância de Maçã,AIRWICK,Emb. 0.105 KG,"5,69€","54,19€ / KG",
Nata UHT Ideal para Bater,AGROS,Emb. 0.2 LT,"0,93€","4,65€ / LT",
Dentífrico Morango 2+ Kids,PETIT DENTAMYL,Emb. 0.05 LT,"0,59€","11,80€ / LT",
Salsicha Fresca de Porco Embalada,,Emb. 0.6 KG (aprox.),"4,99€/kg","2,99€ / Unid.",
Chá de Tília,TETLEY,Emb. 10 UNID.,"0,86€","0,09€ / UNID.",
Atum Albacore ao Natural,PÊCHE OCÉAN,Lata 0.4 KG,"4,19€","10,48€ / KG",
Conserva de Azeitonas Verdes com Recheio,RUSTICA,Emb. 0.3 KG,"1,65€","5,50€ / KG",
Café Torrado Moído Clássico Intensidade 9,SICAL,Emb. 16 UNID.,"3,79€","0,24€ / UNID.",
OSSOS PRENSADOS 21CM FLUOR,P'TIT AMI,Emb. 1 UNID.,"2,59€","2,59€ / UNID.",
Café Cápsulas Intenso Intensidade 9,PLANTATION,Emb. 10 CAPS.,"1,69€","0,17€ / CAPS.",
Espirais,ECO+,Emb. 1 KG,"1,43€","1,43€ / KG",
COPPA ITALIANA FATIAS,ST AZAY,,"2,99€",/ Unid.,
Espinafre Picado Congelado,NOTRE JARDIN,Emb. 1 KG,"1,19€","1,19€ / KG",
ÓLEO BRONZEADOR CÔCO,AMBRE SOLAIRE,Emb. 0.2 LT,"11,99€","59,95€ / LT",
Ovos Solo M,SNR,Emb. 24 UNID.,"4,99€","0,21€ / UNID.",
Mini Cones Chocolate e Baunilha,SMICY,Emb. 10 UNID.,"2,39€","0,24€ / UNID.",
Conserva de Caldeirada,PITEU,Emb. 0.12 KG,"1,89€","15,75€ / KG",
Intensificador Fragrância Onda De Frescura,COMFORT,Emb. 0.76 LT,"5,99€","7,88€ / LT",
CONE CHOCOLATE/PISTACHIO 8UN,ECO+,Emb. 8 UNID.,"2,15€","0,27€ / UNID.",
PERA WILLIAMS EM CALDA,DOUCEUR DU VERGER,Emb. 0.225 KG,"1,39€","6,18€ / KG",
Iogurte Líquido Baunilha,DÉLISSE,Emb. 0.85 LT,"1,25€","1,47€ / LT",
Escova P/ Cabelo Oval Pequena,,Emb. 1 UNID.,"3,99€","3,99€ / UNID.",
DETERGENTE LIQUIDO CONCENTRADO FLORES ECOLOGICO RECARGA 30D,UNÍ VERT,,"3,69€",/ Unid.,
Pipocas Caramelizadas,TOKAPI,Emb. 0.1 KG,"0,79€","7,90€ / KG",
Maionese com Alho Top Down,CALVÉ,Emb. 0.25 KG,"2,34€","9,36€ / KG",
GRESSINOS AZEITE ROSMANINHO,TOKAPI,Emb. 0.125 KG,"1,25€","10,00€ / KG",
Tablete Chocolate Culinária,PANTAGRUEL,Emb. 0.2 KG,"1,72€","8,60€ / KG",
Máscaras Liso Keratina,TRESEMMÉ,Emb. 0.3 LT,"5,39€","17,97€ / LT",
Sobremesa Panna Cotta Caramelo 4x90g,DÉLISSE,Emb. 0.36 KG,"1,99€","5,53€ / KG",
Cevada Solúvel,PLANTATION,Frasco 0.2 KG,"1,69€","8,45€ / KG",
POSTA PESCADA Nº5 COZER,PÊCHE OCÉAN,Emb. 0.8 KG,"5,65€","7,06€ / KG",
Perca do Nilo,,1 Unid. = 3.35 KG (aprox.),"7,20€/kg","24,12€ / Unid.",
STICKS P/ MASTIGAR P/ CAO 100UN,ECO+,Emb. 100 UNID.,"2,85€","0,03€ / UNID.",
Creme Hidratante Caixa Grande,NIVEA,Emb. 0.15 LT,"4,29€","28,60€ / LT",
Sal Refinado Mesa,VATEL,Emb. 0.25 KG,"0,39€","1,56€ / KG",
COLORACAO LOURO CINZENTO 7.1 S/AMONIACO,VITANOVE,Emb. 1 UNID.,"2,99€","2,99€ / UNID.",
Sumo 100% Multifrutas Refrigerado Bio,,Emb. 0.75 LT,"2,25€","3,00€ / LT",
CANETA ROLLER APAGAVEL VARIAS CORES 3UN,ESQUISSE,Emb. 3 UNID.,"3,69€","1,23€ / UNID.",
Pancetta Fatias,ST AZAY,Emb. 0.1 KG,"2,25€","22,50€ / KG",
Champanhe Meio Seco,POL CARSON,Garrafa 0.75 LT,"17,29€","23,05€ / LT",
Barrinhas P/ Coelhos Anões Frutas,TOUS MES AMIS,Emb. 0.11 KG,"1,75€","15,91€ / KG",
Pimenta Branca Moída,RUSTICA,Frasco 0.04 KG,"1,49€","37,25€ / KG",
Bife de Alcatra Vitelão,,1 Unid. = 0.25 KG (aprox.),"10,99€/kg","2,75€ / Unid.",
Iogurte Líquido Morango Banana,YOCO,Emb. 0.54 KG,"2,29€","4,24€ / KG",
Paio do Lombo,CHARCUTARIA,1 Unid. = 0.1 KG (aprox.),"10,99€/kg","1,10€ / Unid.",
Queijo Flamengo Light Fatiado,MIMOSA,Emb. 0.2 KG,"2,24€","11,20€ / KG",
Snack P/ Cão Adulto Biscuit,PURINA,Emb. 0.65 KG,"3,89€","5,98€ / KG",
Alimento Seco P/ Cão Croquetes Sénior,LYDOG,Emb. 3 KG,"5,49€","1,83€ / KG",
Café Cápsulas Máximo Intensidade 10,PLANTATION,Emb. 10 CAPS.,"1,69€","0,17€ / CAPS.",
Cereais de Mel,ESTRELITAS,Emb. 0.55 KG,"3,14€","5,71€ / KG",
Café Delta Grão Lote Superior,DELTA,Emb. 1 KG,"14,87€","14,87€ / KG",
Chá de Cidreira Mel 20 Saquetas,LIPTON,Emb. 20 SAQ.,"1,94€","0,10€ / SAQ.",
Tablete de Chocolate de Leite Superior com Avelãs Inteiras,TABLETTE D'OR,Emb. 0.2 KG,"1,75€","8,75€ / KG",
Paio York,IZIDORO,1 Unid. = 0.1 KG (aprox.),"12,99€/kg","1,30€ / Unid.",
Preparado para Pão Multicereais Biológico,,Emb. 1 KG,"2,29€","2,29€ / KG",
Vinho Tinto,ADEGA DE MURÇA,Garrafa 0.75 LT,"1,94€","2,59€ / LT",
Bacalhau à Brás Ultracongelado,IGLO,Emb. 0.3 KG,"5,08€","16,93€ / KG",
Conserva de Azeitona Verde Descaroçada,RUSTICA,Emb. 0.48 KG,"1,60€","3,33€ / KG",
Detergente Loiça Manual Concentrado Limão,CIF,Emb. 1 LT,"1,99€","1,99€ / LT",
Balança Cozinha,ELSAY,Emb. 1 UNID.,"13,99€","13,99€ / UNID.",
Conserva de Feijão Branco da Horta,COMPAL,Lata 0.845 KG,"1,59€","1,88€ / KG",
Iogurte Sólido Magro Amora Framboesa 4 Unid.,LONGA VIDA,Emb. 0.12 KG,"2,09€","17,42€ / KG",
Bolachas Integrais de Goji,DIESE,Emb. 0.2 KG,"2,15€","10,75€ / KG",
Piri Piri Moído,MARGÃO,Emb. 0.038 KG,"2,09€","55,00€ / KG",
Néctar Clássico Pêssego,JAFADEN,Emb. 1 LT,"0,99€","0,99€ / LT",
Barras de Cereais de Chocolate C/ Leite 6 Unid.,NESQUIK,Emb. 0.15 KG,"3,19€","21,27€ / KG",
ARMBAND PARA TELEMOVEL,WOODSUN,Emb. 1 UNID.,"9,99€","9,99€ / UNID.",
Bolachas de Gérmen de Trigo C/ Pepitas Chocolate Leite,NAT&VIE,Emb. 0.2 KG,"1,69€","8,45€ / KG",
Massa Pevide Clássica,NACIONAL,Emb. 0.25 KG,"0,81€","3,24€ / KG",
Champô Cabelo Revitalizante Pelo Frágil,ELVIVE,Emb. 1.2 LT,"5,99€","4,99€ / LT",
Molho Whisky Cocktail,CALVÉ,Frasco 0.253 KG,"2,78€","10,99€ / KG",
Cereais de Chocolate e Chocolate Branco,CHOCAPIC,Emb. 0.4 KG,"2,92€","7,30€ / KG",
MINI BISCOITOS COM COBERTURA DE CHOCOLATE DE LEITE,P'TIT DÉLI,Emb. 0.16 KG,"1,69€","10,56€ / KG",
Pão de Forma Multicereal,EPI D'OR,Emb. 0.45 KG,"1,39€","3,09€ / KG",
Dentífrico Pro-Esmalte Júnior Menta Suave,SENSODYNE,Emb. 0.05 LT,"3,79€","75,80€ / LT",
MASSA FOLHADA RECTANG. 230G,TABLIER BLANC,Emb. 0.23 KG,"1,29€","5,61€ / KG",
Cevada Especial Torrada Moída,DELTA,Emb. 0.25 KG,"0,79€","3,16€ / KG",
Batatas Fritas Lay\'s Vinagreta,LAY'S,Emb. 0.15 KG,"2,04€","13,60€ / KG",
Queijinhos Frescos de Fruta,DÉLISSE,Emb. 0.6 KG,"1,59€","2,65€ / KG",
QUEIJO BRIE BIO,,Emb. 0.18 KG,"2,49€","13,83€ / KG",
Lixívia Tradicional,NEOBLANC,Emb. 1 LT,"0,99€","0,99€ / LT",
LAVA TUDO BOSQUE,CLAIR,Emb. 2 LT,"0,89€","0,45€ / LT",
CREME DE CENOURA,REGAL SOUPE,Emb. 0.35 KG,"1,49€","4,26€ / KG",
Concentrado de Manga,SUNQUICK,Garrafa 0.58 LT,"4,69€","8,09€ / LT",
Guardanapos Branco Pequenos Folha Dupla,GUARDANAPOS RENOVA,Emb. 90 UNID.,"1,24€","0,01€ / UNID.",
Pimento Amarelo,,1 Unid. = 0.21 KG (aprox.),"2,81€/kg","0,59€ / Unid.",
Cerveja com Álcool 24x33cl,SAGRES,Emb. 7.92 LT,"18,29€","2,31€ / LT",
BATERIA Nº 11 44/420 44/420 TECH9,TECH9,Emb. 1 UNID.,"54,99€","54,99€ / UNID.",
Bolachas Cobertas ChocoWafer Branco,MILKA,Emb. 0.18 KG,"2,59€","14,39€ / KG",
Café Clássico,PLANTATION,Emb. 48 PAST.,"4,95€","0,10€ / PAST.",
Tagliatelles à L'ancienne Biológicas,,Emb. 0.25 KG,"1,59€","6,36€ / KG",
Pantene Grisalho Radiante & Suave Máscara 160 ml,PANTENE PV,Emb. 0.16 LT,"4,49€","28,06€ / LT",
Iogurte Cremoso de Frutas 16x125g,DÉLISSE,Emb. 2 KG,"3,99€","2,00€ / KG",
CARIL SAQUETA,RUSTICA,Emb. 0.05 KG,"0,59€","11,80€ / KG",
Pão de Forma S/Côdea 10 Cereais e Sementes,BIMBO,Emb. 0.45 KG,"1,99€","4,42€ / KG",
Queijo Fatiado -50% Gordura 2X200 g,TERRA NOSTRA,Emb. 0.4 KG,"4,58€","11,45€ / KG",
Bolachas Petit Beurre C/ Chocolate Preto Pocket,P'TIT DÉLI,Emb. 0.25 KG,"2,45€","9,80€ / KG",
SOBREMESA CREME CHOCOLATE BRANCO,DÉLISSE,Emb. 0.5 KG,"1,59€","3,18€ / KG",
Manteiga Pasteurizada com Sal Cuvete,LORETO,Emb. 0.25 KG,"2,12€","8,48€ / KG",
Café Pastilhas Platinium,DELTA,Emb. 16 UNID.,"3,79€","0,24€ / UNID.",
Panados de Peru Cordons Bleus 8x100g Ultracongelados,ECO+,Emb. 0.8 KG,"3,99€","4,99€ / KG",
Orelha de Porco,,1 Unid. = 1 KG (aprox.),"3,49€/kg","3,49€ / Unid.",
Cabo Universal,,Emb. 1 UNID.,"1,39€","1,39€ / UNID.",
MOLHO PIRI-PIRI FERBAR 210G,FERBAR,Emb. 0.21 KG,"1,09€","5,19€ / KG",
DETERGENTE LIQUIDO PARA ROUPA BEBE 25D,EPSIL,Emb. 25 DOSES,"2,79€","0,11€ / DOSES",
Miolo de Amêndoa Palitada,MARQUE REPERE,Emb. 0.15 KG,"1,99€","13,27€ / KG",
Liegeois Café 4x100g,DÉLISSE,Emb. 0.4 KG,"1,49€","3,73€ / KG",
Pimenta Branca Moída,RUSTICA,Emb. 0.05 KG,"0,99€","19,80€ / KG",
GRANOLA BAGAS GOJI E GROSELHA PRETA,GRAINEA,Emb. 0.35 KG,"2,82€","8,06€ / KG",
Mini Gelados de Chocolate 70% Preto Intenso Pack 6,MAGNUM,Emb. 0.33 LT,"4,93€","14,94€ / LT",
Farinha De Trigo Espiga T55,ESPIGA,Emb. 1 KG,"1,14€","1,14€ / KG",
TABLETE CHOCOLATE NEGRO 72% 100G,CEMOI,Emb. 0.1,"0,99€","9,90€ /",
Alimento Húmido P/ Gato Frango e Cenoura,GOURMET GOLD,Emb. 0.085 KG,"0,72€","8,47€ / KG",
Mousse à la Liégeoise Baunilha 8x80g,DÉLISSE,Emb. 0.64 KG,"2,79€","4,36€ / KG",
AGUA MICELAR CLÁSSICA 700ML,GARNIER,,"10,69€",/ Unid.,
Pastilhas Elásticas sem Açúcar Sabor Menta Verde 70Unid.,NEW'R,Emb. 0.102 KG,"1,80€","17,65€ / KG",
LEITE DESMAQUILHANTE BIO,BIONAÏA,Emb. 0.25 LT,"2,69€","10,76€ / LT",
PASTILHAS ANTI-CALCARIO MAQ ROUPA 48UN,TEXIL,Emb. 48 UNID.,"3,79€","0,08€ / UNID.",
Mistura de Sementes,MARQUE REPERE,Emb. 0.2 KG,"1,99€","9,95€ / KG",
Gel de Banho Naturals Oliva e Leite,PALMOLIVE,Emb. 0.5 LT,"2,69€","5,38€ / LT",
Sacos do Lixo Ultra Resistentes com Atilhos 100L,ELEMBAL,,"2,59€",/ Unid.,
Condicionador Purify & Hidrate,,Emb. 0.4 LT,"4,19€","10,48€ / LT",
Alimento Seco P/ Cão Adulto,FRISKIES,Emb. 1.5 KG,"4,49€","2,99€ / KG",
Batata Vermelha,,1 Unid. = 1 KG   (aprox.),"3,79€/kg","3,79€ / Unid.",
Azeite Clássico,OLIVEIRA DA SERRA,Emb. 3 LT,"17,95€","5,98€ / LT",
RECARGA P/ SABONETE LIQUIDO FLORAL 750ML,ECO+,Emb. 0.75 LT,"1,10€","1,47€ / LT",
Gelatina Sabor Melancia 2x85g,TABLIER BLANC,Emb. 0.17 KG,"0,85€","5,00€ / KG",
Cillit Bang Lixívia & Higiene 500ML x12,CILLIT BANG,Emb. 0.5 LT,"2,24€","4,48€ / LT",
Coxa de Frango,,1 Unid. = 0.5 KG (aprox.),"5,99€/kg","3,00€ / Unid.",
FEIJAO MANTEIGA SACO,NOTRE JARDIN,Emb. 0.5 KG,"1,09€","2,18€ / KG",
Vinho Regional Alentejo Tinto,MONSARAZ,Garrafa 0.75 LT,"2,99€","3,99€ / LT",
Metades de Pêssego em Calda,DOUCEUR DU VERGER,Lata 0.23 KG,"1,39€","6,04€ / KG",
BICARBONATO DE SODIO,CLAIR AUTHENTIQUE,Emb. 0.5 KG,"1,99€","3,98€ / KG",
Iogurte Morango e Banana 0% Açúcar 4 Unid.,IOGOLINO,Emb. 0.4 KG,"2,79€","6,98€ / KG",
Bacalhau Seleção Graúdo Noruega Asa Preta,,1 Unid. = 2.5 KG (aprox.),"11,89€/kg","29,73€ / Unid.",
Sumo 100% 3 Citrinos,JAFADEN,Emb. 1 LT,"1,55€","1,55€ / LT",
Manteiga C/ Sal,MIMOSA,Emb. 0.25 KG,"2,29€","9,16€ / KG",
Cápsulas de Café C/ Leite Intenso,DOLCE GUSTO,Emb. 16 CAPS.,"5,75€","0,36€ / CAPS.",
"BL1 LED FRIGO 1,7W-15W E14",FOXTER,Emb. 1 UNID.,"2,99€","2,99€ / UNID.",
BOLACHAS RETANGULARES COM RECHEIO DE CHOCOLATE,P'TIT DÉLI,Emb. 0.125 KG,"1,29€","10,32€ / KG",
Vinho Verde Branco,DEU LA DEU,Garrafa 0.75 LT,"5,99€","7,99€ / LT",
Chá de Tília,,Emb. 25 SAQ.,"0,99€","0,04€ / SAQ.",
Papa Infantil 8 Cereais e Mel,NESTLÉ,Emb. 0.25 KG,"1,79€","7,16€ / KG",
Chá de Camomila,LIPTON,Emb. 10 SAQ.,"0,69€","0,07€ / SAQ.",
Mistura de Frutos Secos Torrados com Sal,TOKAPI,Emb. 0.12 KG,"1,79€","14,92€ / KG",
Polpa de Tomate,ECO+,Frasco 1 KG,"1,49€","1,49€ / KG",
Esfregão Aço Inox,BRAVO,Emb. 1 P,"1,29€","1,29€ / P",
Cereais Granola de Aveia C/ Arandos e Sementes de Abóbora,FITNESS,Emb. 0.3 KG,"2,79€","9,30€ / KG",
Sumo 100% Ananás Biológico,,Emb. 1 LT,"2,99€","2,99€ / LT",
CALDO GALINHA M.REPERE,RUSTICA,Emb. 0.12 KG,"0,79€","6,58€ / KG",
Lixívia Perfumada,NEOBLANC,Emb. 4 LT,"3,34€","0,84€ / LT",
FILETES DE CAVALA C/ MOSTARDA DE DIJON,PÊCHE OCÉAN,Emb. 0.169 KG,"1,79€","10,59€ / KG",
Coloração Permanente Nutritiva 5.62 Vermelho Ousado,NUTRISSE,Emb. 1 UNID.,"9,49€","9,49€ / UNID.",
Néctar Clássico Ameixa,COMPAL,Emb. 1 LT,"1,59€","1,59€ / LT",
Creme de Mãos Godness,DOVE,Emb. 0.075 LT,"2,99€","39,87€ / LT",
Alimento Húmido para Cão Almôndegas de Carne Vaca,ECO+,Emb. 1 KG,"1,79€","1,79€ / KG",
Conjunto de Pintar 4 Peças,ECO+,Emb. 4 UNID.,"5,09€","1,27€ / UNID.",
ESCOVA DENTES CABECA RECARREGAVEL,DENTAMYL,,"1,25€",/ Unid.,
GELATINA MORANGO LIGHT CONDI 2X15G,CONDI,Emb. 0.3 KG,"1,79€","5,97€ / KG",
Papa Infantil Aveia Manga e Banana,CERELAC,Emb. 0.25 KG,"2,49€","9,96€ / KG",
Café Solúvel Liofilizado,ECO+,Emb. 0.2 KG,"3,19€","15,95€ / KG",
QUEIJO EMMENTAL RALADO BIO,,Emb. 0.1 KG,"1,59€","15,90€ / KG",
Lápis de Sobrancelhas Satin Duo 04,MAYBELLINE,Emb. 1 UNID.,"7,99€","7,99€ / UNID.",
Bolachas Ovos Dinossauros,ARTIACH,Emb. 0.14 KG,"1,99€","14,21€ / KG",
Xarope de Laranja,FRUCCI,Emb. 0.75 LT,"3,89€","5,19€ / LT",
Manteiga de Amendoim com Pedaços,CALVÉ,Emb. 0.35 KG,"3,39€","9,69€ / KG",
CREME PENTEAR CABELOS CARACOIS 200ML,VITANOVE,Emb. 0.2 LT,"2,39€","11,95€ / LT",
PERCABONATO SÓDIO,CLAIR,Emb. 0.5 KG,"2,99€","5,98€ / KG",
Saquetas Iogurte Morango,DANONE,Emb. 0.28 KG,"1,99€","7,11€ / KG",
Iogurte Soja Natural 6 Unid.,NAT&VIE,Emb. 0.6 KG,"1,49€","2,48€ / KG",
LAVA TUDO PINHO,CLAIR,Emb. 1.5 LT,"1,04€","0,69€ / LT",
Vinho Alto das Serpas Tinto,ALTO DAS SERPAS,Emb. 5 LT,"7,67€","1,53€ / LT",
MADALENAS LONGAS,ECO+,Emb. 0.25 KG,"0,99€","3,96€ / KG",
Café Mistura Peninsular Moída,DELTA,Emb. 0.25 KG,"1,57€","6,28€ / KG",
Taça Cartão P/ Sobremesa,HOMESIDE,Emb. 10 UNID.,"1,99€","0,20€ / UNID.",
Conserva de Salsichas 6 Unid. FrankFurt,CÔTÉ TABLE,Lata 0.12 KG,"0,59€","4,92€ / KG",
DETERGENTE LIQUIDO FRESCURA 40D,EPSIL,,"4,95€",/ Unid.,
Manga Barco,,1 Unid. = 0.5 KG (aprox.),"3,99€/kg","2,00€ / Unid.",
Dentífrico Max White One,COLGATE,Emb. 0.075 LT,"2,70€","36,00€ / LT",
Recarga Esfregona Rotativa,,Emb. 1 UNID.,"2,59€","2,59€ / UNID.",
Kinder SchokobonsT.200 White,KINDER,Emb. 0.2 KG,"3,94€","19,70€ / KG",
Fios de Bacon,PRIMOR,Emb. 0.1,"2,08€","20,80€ /",
Iogurte Líquido Déli´Up Morango 10x100g,DÉLISSE,Emb. 1 KG,"2,19€","2,19€ / KG",
Lava Tudo Multisuperficies Lavanda,CIF,Emb. 1.4 LT,"1,99€","1,42€ / LT",
Sopa Creme de Lagosta,KNORR,Emb. 0.061 KG,"1,49€","24,43€ / KG",
Leite Fresco Meio Gordo,VIGOR,Emb. 1 LT,"1,05€","1,05€ / LT",
TOSTAS DE TRIGO INTEGRAL,EPI D'OR,Emb. 0.5 KG,"1,49€","2,98€ / KG",
ALIMENTO HUMIDO FRANGO/CENOURA P/ CAO 1240G,LYDOG,Emb. 1.4 KG,"2,05€","1,46€ / KG",
Ketchup Top Down,HEINZ,Emb. 0.46 KG,"3,54€","7,70€ / KG",
Óleo Alimentar,RUSTICA,Garrafa 1 LT,"2,79€","2,79€ / LT",
Espargos Verdes,,Emb. 0.25 KG,"2,99€","11,96€ / KG",
CREME Q10 DIA 50ML,INELL,Emb. 0.05 LT,"2,99€","59,80€ / LT",
Barra Cereais Maçã Verde,GRAINEA,Emb. 0.126 KG,"1,49€","11,83€ / KG",
Topping Chocolate,MILKA,Emb. 0.3 KG,"3,51€","11,70€ / KG",
Puré de Batata Ultracongelado,POM'LISSE,Emb. 0.75 KG,"1,34€","1,79€ / KG",
Papel Higiénico Super Compact,RENOVA,Emb. 4 ROLOS,"2,49€","0,62€ / ROLOS",
LUVA AUTO MOPA ANTI-MOSQUITOS,TECH9,Emb. 1 UNID.,"1,99€","1,99€ / UNID.",
OREGAOS FOLHAS SAQUETA,RUSTICA,Emb. 0.08 KG,"0,28€","3,50€ / KG",
BORRACHA + AFIA C/DEPOSITO,ESQUISSE,Emb. 1 UNID.,"0,89€","0,89€ / UNID.",
Sumo Refrigerado Morango,SUNNY DELIGHT,Emb. 0.31 Lt,"0,78€","2,52€ / Lt",
Tomate em Pedaços Manjerição e Orégãos,GULOSO,Emb. 0.392 KG,"2,25€","5,74€ / KG",
PINCEIS Nº 8/10/12,ESQUISSE,Emb. 3 UNID.,"1,39€","0,46€ / UNID.",
Salteado de Legumes Mediterrâneo,BONDUELLE,Emb. 0.7 KG,"4,54€","6,49€ / KG",
DESFIADO CARNE PREMIUM P/ GATO ADULTO 4X85G,LYCAT,Emb. 4 UNID.,"1,89€","0,47€ / UNID.",
Filete Primavera com Alho e Ervas Aromáticas 2 Unid.,IGLO,Emb. 0.225 KG,"3,99€","17,73€ / KG",
Cápsulas Infusão de Camomila e Pêssego Tetley,DELTA,Emb. 10 UNID.,"3,89€","0,39€ / UNID.",
IOGURTES DE LEITE GORDO VARIOS AROMAS,DÉLISSE,Emb. 1 KG,"2,65€","2,65€ / KG",
Feijão Branco Seco,NOTRE JARDIN,Emb. 0.5 KG,"0,99€","1,98€ / KG",
Sobremesa Láctea de Alperce +6 Meses,BIO VILLAGE BEBE,Emb.0 0.4 KG,"2,29€","5,73€ / KG",
Massa de Pimentão,RUSTICA,Frasco 0.2 KG,"0,89€","4,45€ / KG",
Alimento Seco Gato Croquetes Frango e Cereais,ECO+,Emb. 4 KG,"5,79€","1,45€ / KG",
PIZZA ATUM,TURINI,Emb. 0.45 KG,"2,79€","6,20€ / KG",
Miolo Noz Pedaços,MARQUE REPERE,Emb. 0.2 KG,"2,59€","12,95€ / KG",
LIEGEOIS CHOCOLATE,DÉLISSE,Emb. 1.2 KG,"3,99€","3,33€ / KG",
Alimento Seco P/ Cão Frango C/ Arroz,PURINA,Emb. 1.5 KG,"8,30€","5,53€ / KG",
BLOCO 3 TOMADAS 10/16A,ECO+,Emb. 1 UNID.,"2,99€","2,99€ / UNID.",
Detergente Líquido Máquina Roupa,GAMA,Emb. 100 DOSES,"9,99€","0,10€ / DOSES",
PORTFOLIO A4 40 BOLSAS,ESQUISSE,Emb. 1 UNID.,"2,49€","2,49€ / UNID.",
Farinha Rainha Especial P/ Bolos,NACIONAL,Emb. 1 KG,"1,23€","1,23€ / KG",
Fita Adesiva Reparação Pvc 20Metrosx50Mm,FOXTER,Emb. 1 UNID.,"3,99€","3,99€ / UNID.",
"AQUAFRESH INTENSE CLEAN,,2x75ML",AQUAFRESH,,"3,99€",/ Unid.,
"KINDER BUENO CLASSICO, T2X4",KINDER BUENO,Emb. 0.172 KG,"2,44€","14,19€ / KG",
CARREGADOR +2 PILHAS R03 AAA850MAH,FOXTER,Emb. 1 UNID.,"11,99€","11,99€ / UNID.",
CRACKERS 3X100G,TOKAPI,Emb. 0.3 KG,"1,59€","5,30€ / KG",
Champô Leite de Coco,HERBAL ESSENCES,Emb. 0.4 LT,"3,99€","9,98€ / LT",
Johnson's Baby Gold Champô,JOHNSON'S BABY,Emb. 0.5 LT,"5,59€","11,18€ / LT",
Miolo de Amêndoa Torrada,MARQUE REPERE,Emb. 0.2 KG,"3,99€","19,95€ / KG",
Caldo de Galinha,KNORR,Emb. 0.252 KG,"2,39€","9,48€ / KG",
Coloração Preto Azulado 210 sem Amoníaco,CASTING,Emb. 1 UNID.,"9,99€","9,99€ / UNID.",
Máquinas de Barbear Descartáves Sensor 3 Comfort,GILLETTE,Emb. 5,"7,99€","1,60€ /",
Desodorizante Invisimax Spray Homem,NARTA,Emb. 0.2 LT,"4,29€","21,45€ / LT",
Cerveja Amber Lager 4x33cl,CORUJA,Emb. 1.32 L,"3,29€","2,49€ / L",
Vinagre de Vinho Branco Chardonnay,GALLO,Emb. 0.25 LT,"1,99€","7,96€ / LT",
Açúcar Amarelo,SORES,Emb. 1 KG,"1,44€","1,44€ / KG",
Cracker Integral,CUÉTARA,Emb. 0.2 KG,"1,19€","5,95€ / KG",
Tablete de Chocolate Preto com Pedaços de Amêndoas Torradas Biológico,,Emb. 0.1 KG,"1,99€","19,90€ / KG",
AMACIADOR ROUPA SUAVE,HYPERDOU,Emb. 4 LT,"2,49€","0,62€ / LT",
Desodorizante Roll On Talc Soft,DOVE,Emb. 0.05 LT,"2,69€","53,80€ / LT",
Queijo Mistura Vaca e Ovelha Pequeno,PAIVA,Emb. 0.5 KG (aprox.),"6,78€","13,56€ / KG",
"Requeijão de Vaca, Cabra e Ovelha",SALOIO,Emb. 0.17 KG,"0,99€","5,82€ / KG",
Vinagre de Vinho Branco,RUSTICA,Garrafa 0.5 LT,"0,49€","0,98€ / LT",
FITA COLA TRANSPARENTES 25M 5UN,ECO+,Emb. 5 UNID.,"0,77€","0,15€ / UNID.",
Iogurte Líquido Natural 0% 6 Unid.,ACTIMEL,Emb. 0.6 KG,"2,59€","4,32€ / KG",
BARRA CEREAIS FIGO,GRAINEA,Emb. 0.126 KG,"1,49€","11,83€ / KG",
Chiclets de Morango 12 Unid.,CHICLETS,Emb. 0.017 KG,"0,95€","55,88€ / KG",
ALGODAO DUO OVAL,INELL,Emb. 70 UNID.,"1,09€","0,02€ / UNID.",
"Mistura de Triguilho, Quinoa Branca e Quinoa Vermelha",,Emb. 0.45 KG,"4,29€","9,53€ / KG",
Loção Spray Cocoa Radiante,VASELINE,Emb. 0.19 LT,"3,59€","18,89€ / LT",
Caldo de Carne 12x10g,ECO+,Emb. 0.12 KG,"0,55€","4,58€ / KG",
CANETA CORRETORA,ESQUISSE,Emb. 1 UNID.,"1,79€","1,79€ / UNID.",
Cereais Zero Flocos de Milho,NACIONAL,Emb. 0.375 KG,"1,74€","4,64€ / KG",
Proteção de Dentes e Gengivas Menta,LISTERINE,Emb. 0.25 LT,"3,99€","15,96€ / LT",
Amaciador concentrado rosa e rosmaninho,SURF,Emb. 90 DOSES,"3,49€","0,04€ / DOSES",
MACEDONIA LEGUMES COZIDOS,NOTRE JARDIN,Emb. 1 KG,"1,59€","1,59€ / KG",
Glade Automatic Spray Recarga Relax Zen,GLADE,Emb. 0.269 LT,"3,59€","13,35€ / LT",
Bebida à Base de Arroz,NAT&VIE,Emb. 1 LT,"1,39€","1,39€ / LT",
Cerveja com Álcool 6x33cl,CRISTAL,Emb. 1.98 LT,"2,89€","1,46€ / LT",
Infusão de Canela e Maça,LIPTON,Emb. 0.044 KG,"1,94€","44,09€ / KG",
Iogurte Grego Natural 4 Unid.,YAOS,Emb. 0.44,"2,29€","5,20€ /",
Queijo Curado Amanteigado o Sabor Português,LES CROISÉS,1 Unid. = 1 KG (aprox.),"8,99€/kg","8,99€ / Unid.",
BEBIDA SOJA FRUTOS VERMELHOS 3x250ML,ALPRO,Emb. 0.75 LT,"1,79€","2,39€ / LT",
"ATUM FILET MANJERICÃO&TOMATE SECO, 120G",TENÓRIO,Emb. 0.12 KG,"2,29€","19,08€ / KG",
Massa Cotovelinhos,ECO+,Emb. 0.5 KG,"0,65€","1,30€ / KG",
Bacalhau Especial Noruega Asa Branca,,1 Unid. = 4 KG (aprox.),"11,99€/kg","47,96€ / Unid.",
Pantene Protect & Style Laca 300ml,PANTENE PV,Emb. 0.3 LT,"3,74€","12,47€ / LT",
Bebida à Base de Aveia,NAT&VIE,Emb. 1 LT,"1,39€","1,39€ / LT",
Toalhitas Bebé Limpa e Hidrata,DODOT,Emb. 64 UNID.,"1,49€","0,02€ / UNID.",
Gel Sanitário Anti-calcário,HARPIC,Emb. 0.75 LT,"1,94€","2,59€ / LT",
CREME DEPILATORIO PELE SENSIVEL 100ML 100ML SLISS,SLISS,,"1,75€",/ Unid.,
Elixir Max White,COLGATE,Emb. 0.5 LT,"6,49€","12,98€ / LT",
SPRAY LIMPA TABLIER 1 L 1L TECH9,TECH9,Emb. 1 LT,"3,19€","3,19€ / LT",
GRAO DE BICO LATAMGUIA,NOTRE JARDIN,Emb. 0.425 KG,"0,75€","1,76€ / KG",
Pantene Caracóis Perfeitos Champô 3 Em 1,PANTENE,Emb. 0.3 LT,"4,98€","16,60€ / LT",
Papel Higiénico 2 Folhas Extra XXL 6=15,RENOVA,Emb. 6 ROLOS,"3,16€","0,53€ / ROLOS",
Caldo Verde,,Emb. 0.15 KG,"0,89€","5,93€ / KG",
Patê de Atum 4x22g,PÊCHE OCÉAN,Emb. 0.088 KG,"1,19€","13,52€ / KG",
Gel Anti-Calcário Hygiene Elimina Bactérias,CALGON,Emb. 1.5 LT,"12,74€","8,49€ / LT",
Leite Prado Verde Meio Gordo Bio,AGROS,Emb. 1 LT,"1,19€","1,19€ / LT",
Iogurte Líquido Morango 6 Unid.,YOCO,Emb. 0.54,"2,29€","4,24€ /",
LAMPADA ECO80 ESPIRALE 20W E27,FOXTER,Emb. 1 UNID.,"3,80€","3,80€ / UNID.",
Massa Instantânea de Camarão Pot,KOALA,Emb. 0.065 KG,"1,20€","18,46€ / KG",
Pimento Laranja,,1 Unid. = 0.225 KG (aprox.),"3,59€/kg","0,81€ / Unid.",
Puré de Tomates Biológico,,Emb. 0.72 LT,"1,95€","2,71€ / LT",
Amêijoa Branca,,1 Unid. = 0.1 KG (aprox.),"11,99€/kg","1,20€ / Unid.",
Bolachas de Chocolate com Pepitas de Chocolate,ECO+,Emb. 0.2 KG,"0,97€","4,85€ / KG",
CREME DE OVOS SABOR COCO,DÉLISSE,Emb. 0.4 KG,"2,45€","6,13€ / KG",
Açúcar de Cana em Pó Biológico,,Emb. 0.5 KG,"1,89€","3,78€ / KG",
Desodorizante Spray Jasmim Bio,BIONAÏA,Emb. 0.1 LT,"1,83€","18,30€ / LT",
Queijo Pasta Dura Cozida,LES CROISÉS,Emb. 0.2 KG,"3,19€","15,95€ / KG",
POSTA DE PESCADA Nº3 COZER,PÊCHE OCÉAN,Emb. 0.6 KG,"4,69€","7,82€ / KG",
SOBREMESA PISTACHE,DÉLISSE,Emb. 0.5 KG,"1,59€","3,18€ / KG",
NOZ DA AMAZONIA,TOKAPI,Emb. 0.1 KG,"1,65€","16,50€ / KG",
Body Lotion Hidratante Express Minerais Marinhos,NIVEA,Emb. 0.25 LT,"5,49€","21,96€ / LT",
BL1 LED FILA STANDARD 7W-60W E27 LUZ AMARELA,FOXTER,Emb. 1 UNID.,"4,99€","4,99€ / UNID.",
Conserva Cogumelos Inteiros,NOTRE JARDIN,Emb. 0.355 KG,"1,29€","3,63€ / KG",
Cerveja com Álcool 20x25cl,SUPER BOCK,Emb. 5 LT,"9,49€","1,90€ / LT",
STICKS RICOS BOVINO P / CAO 3UN,TOUS MES AMIS,,"0,79€",/ Unid.,
TOMATE CONCENTRADO BISNAGA BIO,,Emb. 0.2 KG,"1,49€","7,45€ / KG",
Bebida de Amêndoa,SHOYCE,Emb. 1 LT,"1,91€","1,91€ / LT",
Milho P/ Pipocas,MARQUE REPERE,Emb. 0.25 KG,"0,49€","1,96€ / KG",
LIMPA MOVEIS AEROSSOL,CLAIR,Emb. 0.3 LT,"1,19€","3,97€ / LT",
Laca Elnett Latin Fixação Forte,L'ORÉAL PARIS,Spray 0.3 LT,"5,99€","19,97€ / LT",
Crepes de Chocolate 8x32g,P'TIT DÉLI,Emb. 0.256 KG,"1,99€","7,77€ / KG",
Queijo Fatiado Flamengo,TERRA NOSTRA,Emb. 0.2 KG,"2,19€","10,95€ / KG",
Pastéis de Bacalhau 10 Unid.,SNR,Emb. 0.325 KG,"3,45€","10,62€ / KG",
Condicionador Express para Pontas Espigadas em Spray,GLISS,Emb. 0.2 LT,"3,24€","16,20€ / LT",
Bebida Energética Orange Burst,POWERADE,Emb. 0.5 LT,"1,29€","2,58€ / LT",
POLPA DE TOMATE COM CEBOLA E ALHO,TURINI,Garrafa 0.5 KG,"1,29€","2,58€ / KG",
MASSA ADESIVA 2X80UN,ESQUISSE,Emb. 2 UNID.,"1,99€","1,00€ / UNID.",
Lula Limpa,,1 Unid. = 0.36 KG (aprox.),"5,49€/kg","1,98€ / Unid.",
Gel de Banho Active Clean,NIVEA MEN,Emb. 0.5 LT,"6,99€","13,98€ / LT",
Conserva de Feijão Branco Cozido,NOTRE JARDIN,Lata 0.85 KG,"0,99€","1,16€ / KG",
Croissant Brioche,,1 UNID.,"0,89€","0,89€ / UNID.",
Água Micelar Revitalift Preenchedora,L'OREAL,Emb. 0.2 LT,"6,15€","30,75€ / LT",
Cenoura Ripada,,Emb. 0.2 KG,"0,59€","2,95€ / KG",
Penso Incontinência Discreet Extra,AUSONIA,Emb. 20 UNID.,"5,19€","0,26€ / UNID.",
Espumante Reserva Doce,FITA AZUL,Garrafa 0.75 LT,"4,96€","6,61€ / LT",
Bebida Energética Ultra White Energy Zero Açúcar,MONSTER ENERGY,Emb. 0.05 LT,"1,20€","24,00€ / LT",
Creme Anti-Rugas Cuidado Noite,DERMO EXPERTISE,Emb. 0.05 LT,"14,99€","299,80€ / LT",
ALGODAO,PRIMOPLAST,Emb. 0.1 KG,"0,75€","7,50€ / KG",
Tronco de Natal,,1 Unid. = 1 KG (aprox.),"12,99€/kg","12,99€ / Unid.",
MOUSSELINES P/ GATO 4X85G,LYCAT,Emb. 4 KG,"2,49€","0,62€ / KG",
Mácara Rosto Filme Purificante Alisante,INELL,Emb. 2 UNID.,"1,39€","0,70€ / UNID.",
PESSEGO EM CALDA,DOUCEUR DU VERGER,Emb. 0.82 KG,"2,39€","2,91€ / KG",
Vinho do Porto 10 Anos,FERREIRA,Garrafa 0.75 LT,"16,89€","22,52€ / LT",
ESPREMEDOR CITRINOS EXPERT,ELSAY,Emb. 1 UNID.,"24,90€","24,90€ / UNID.",
Presunto Fatiado,DAMATTA,Emb. 0.07 KG,"1,98€","28,29€ / KG",
SOBREMESA TIRAMISU,DÉLISSE,Emb. 0.5 KG,"4,29€","8,58€ / KG",
Espinafres Ultracongelados,BONDUELLE,Emb. 0.4 KG,"1,79€","4,48€ / KG",
RAVIOLI CARNE VACA MOLHO ITALIANO,CÔTÉ TABLE,Emb. 0.8 KG,"2,19€","2,74€ / KG",
Nata Levíssima,PARMALAT,Emb. 0.2 LT,"1,09€","5,45€ / LT",
PALMIERS C/ COBERTURA CHOCOLATE,P'TIT DÉLI,Emb. 0.23 KG,"1,69€","7,35€ / KG",
BATOM HIDRATANTE CLASSICO 2UN,INELL,Emb. 2 UNID.,"1,59€","0,80€ / UNID.",
Massa Laços,MILANEZA,Emb. 0.5 KG,"1,76€","3,52€ / KG",
Rolo Cozinha Mega ECO 1=10,MARQUE REPERE,Emb. 1 UNID.,"2,99€","2,99€ / UNID.",
Lasanha à Bolonhesa,CÔTÉ TABLE,Emb. 0.35 KG,"2,59€","7,40€ / KG",
Sobremesa Gelado Chocolate Brownie,CARTE D'OR,Emb. 0.9 LT,"3,29€","3,66€ / LT",
Café Cápsulas Pack Intensidade,DELTA Q,Emb. 40 CAPS.,"12,99€","0,32€ / CAPS.",
Óleo Corporal Elixir de Argão,NATURAL HONEY,Emb. 0.3 LT,"5,19€","17,30€ / LT",
Pizza Fresca 3 Queijos,TURINI,Emb. 0.45 KG,"2,59€","5,76€ / KG",
AMACIADOR CONCENTRADO LIRIOS E MORANGOS 72 DOSES,HYPERDOU,Emb. 2 LT,"1,75€","0,88€ / LT",
CONJUNTO 4 CANETAS AZUL 1MM,ESQUISSE,Emb. 4 UNID.,"1,29€","0,32€ / UNID.",
Pota Inteira Congelado,,1 Unid. = 0.2 KG (aprox.),"4,49€/kg","0,90€ / Unid.",
Coentro Fresco,,1 Unid. = 0.05 KG  (aprox.),"0,79€/kg","0,89€ / Unid.",
"""BLANQUETTE"" DE VITELA E ARROZ",CÔTÉ TABLE,Emb. 0.285 KG,"2,49€","8,74€ / KG",
Refrigerante C/ Gás Laranja,FANTA,Garrafa 1.5 LT,"1,00€","0,67€ / LT",
Costeletas de Vitelão,,1 Unid. = 0.2 KG (aprox.),"7,99€/kg","1,60€ / Unid.",
Sumo 8 Frutos 3x20 cl,UM BONGO,Emb. 0.6 LT,"1,43€","2,38€ / LT",
Pudim Flan Caramelo 12x100g,ECO+,Emb. 1.2 KG,"1,69€","1,41€ / KG",
SPRAY TIRA NODOAS PRE-LAVAGEM 500ML,TEXIL,Emb. 0.5 LT,"1,19€","2,38€ / LT",
Fralda Cueca T5 12/18Kg,MOTS D'ENFANTS,Emb. 20 UNID.,"4,46€","0,22€ / UNID.",
Tiras P/ Porcos da Índia Sabor Mel,TOUS MES AMIS,Emb. 0.11 KG,"1,85€","16,82€ / KG",
PensosHigiénicos Cottonlike Super Plus Alas,EVAX,Emb. 10   UNID.,"2,59€","0,26€ /   UNID.",
ESCADOTE 2 DEGRAUS,ECO+,Emb. 1 UNID.,"19,99€","19,99€ / UNID.",
CORANTES ALIMENTARES X3,TABLIER BLANC,Emb. 0.018 LT,"1,95€","108,33€ / LT",
Alimento Seco P/ Cão Adulto com Carne de Vaca e Peixe,FRISKIES,Emb. 3 KG,"11,22€","3,74€ / KG",
Delícias com Forma de Lagosta Ultracongelado,PESCANOVA,Emb. 0.255 KG,"2,76€","10,82€ / KG",
Sabonete Sólido Limão Manjericão,MANAVA,Emb. 2 UNID.,"1,00€","0,50€ / UNID.",
Conserva de Azeitona Preta em Rodelas,RUSTICA,Frasco 0.36 KG,"0,99€","2,75€ / KG",
Bolachas Digestivas Aveia,TRIUNFO,Emb. 0.171 KG,"1,59€","9,30€ / KG",
"Infusão Time do Relax de Camomila, Lavanda, Tília e Baunilha",LIPTON,Emb. 20 SAQS,"1,94€","0,10€ / SAQS",
Gelatina Frutos Vermelhos Light 2x15g,CONDI,Emb. 0.03 KG,"1,84€","61,33€ / KG",
Chocolate Negro Sobremesas,ECO+,Emb. 0.2 KG,"0,99€","4,95€ / KG",
REBENTOS DE FEIJAO MUNGO,NOTRE JARDIN,Emb. 0.175 KG,"0,54€","3,09€ / KG",
Rissóis de Camarão,,Emb. 8 UNID.,"1,39€","0,17€ / UNID.",
Ice Tea de Limão Lata 6x25cl,LIPTON,Emb. 1.5 LT,"3,38€","2,25€ / LT",
Ração seca para gato junior c/ Frango,ULTIMA,Emb. 1.5 KG,"12,76€","8,51€ / KG",
Polvo Congelado,,1 Unid. = 1.5 KG (aprox.),"7,99€/kg","11,99€ / Unid.",
Bolachas de Manteiga,,Emb. 0.125 KG,"1,25€","10,00€ / KG",
Pistachos Torrados Salgados,ECO+,Emb. 0.2 KG,"2,59€","12,95€ / KG",
Água sem Gás 4x1.5 L,FASTIO,Garrafa 6 LT,"2,30€","0,38€ / LT",
Pão de Forma Integral,EPI D'OR,Emb. 0.5 KG,"0,99€","1,98€ / KG",
Sumo 100% Maçã,JAFADEN,Emb. 1 LT,"1,49€","1,49€ / LT",
LAMPADA STICK 8W E14,FOXTER,Emb. 1 UNID.,"2,49€","2,49€ / UNID.",
Azeite Virgem,RUSTICA,Garrafa 0.75 LT,"3,39€","4,52€ / LT",
Molotof Caramelo,,1 Unid. = 0.7 KG  (aprox.),"8,99€","12,84€ / KG",
Croissant Recheado de Chocolate,,1 UNID.,"0,69€","0,69€ / UNID.",
Orégãos Folhas,MARGÃO,Emb. 0.008 KG,"0,90€","112,50€ / KG",
BOLACHAS DIGESTIVE DIGESTIVE NATURE GULLON 400G,GULLÓN,Emb. 0.4 KG,"2,44€","6,10€ / KG",
ESTRUME DE CAVALO,BEAUX JOURS,Emb. 20 KG,"4,99€","0,25€ / KG",
Bolacha Sortida Vegan Chocolate Negro Princesa,THINS,Emb. 0.2 KG,"2,42€","12,10€ / KG",
Rebuçados sem Açúcar Sabor Morango 4x32g,HALLS,Emb. 0.128 KG,"2,89€","22,58€ / KG",
Arroz Carolino,CAÇAROLA,Emb. 1 KG,"1,05€","1,05€ / KG",
COLORACAO VEGETAL LOURO ESCURO BIO,BIONAÏA,Emb. 1 UNID.,"5,24€","5,24€ / UNID.",
Sobremesa Creme de Baunilha 4x100gr,DANONE,Emb. 0.4 KG,"1,99€","4,98€ / KG",
Barras de Cereais de Morango 6 Unid.,FITNESS,Emb. 0.141 KG,"2,29€","16,24€ / KG",
Massa Pontinha Clássica,NACIONAL,Emb. 0.25 KG,"0,75€","3,00€ / KG",
LUVAS ESPECIAL LOICA -TAMANHO M - 1 PAR,MAMISON,Emb. 1 UNID.,"0,69€","0,69€ / UNID.",
Alimento Húmido Bovino para Cão,ECO+,Emb. 0.3 KG,"0,55€","1,83€ / KG",
Ice Tea Manga,LIPTON,Emb. 1 LT,"1,29€","1,29€ / LT",
PORTFOLIO A4 60 BOLSAS ECO+,ECO+,Emb. 1 UNID.,"2,29€","2,29€ / UNID.",
Bloco Sanitário Desinfectante de Lima,DOMESTOS,Emb. 0.055 KG,"1,79€","32,55€ / KG",
Amaciador concentrado rubi,QUANTO,Emb. 76 DOSES,"4,89€","0,06€ / DOSES",
Cavala Cal. 2/3,,1 Unid. = 0.31 KG (aprox.),"2,66€/kg","0,82€ / Unid.",
Abrótea Inteira Fresca,,1 Unid. = 1.5 KG (aprox.),"5,99€/kg","8,99€ / Unid.",
Whisky J&B Rare,J&B,Garrafa 0.7 LT,"14,98€","21,40€ / LT",
Pá Metal,SILLAGE,Emb. 1 UNID.,"2,00€","2,00€ / UNID.",
Água Tónica Original,NORDIC,Garrafa 1 LT,"1,75€","1,75€ / LT",
Limonada Zero,SPRINK'S,Emb. 1.5 LT,"0,99€","0,66€ / LT",
COTONETES ALGODAO,ECO+,Emb. 200 UNID.,"0,69€","0,00€ / UNID.",
Gelatina Light Sabor a Frutos Vermelhos,TABLIER BLANC,Emb. 0.031 KG,"0,79€","25,48€ / KG",
DETERGENTE MANUAL LOICA AMENDOAS DOCES/CALENDULA,VISIOR,Emb. 0.75 LT,"0,97€","1,29€ / LT",
Café Cápsulas Intenso Intensidade 10,PLANTATION,Emb. 16 CAPS.,"2,59€","0,16€ / CAPS.",
"ATUM FILELETE AZEITE C/ ALCAPARRAS, 120G",TENÓRIO,Emb. 0.12 KG,"2,29€","19,08€ / KG",
PENSOS HIGIENICOS U.FINOS NORMAL C/ABAS 14UN X2,DOULYS,Emb. 28 UNID.,"1,99€","0,07€ / UNID.",
Bolachas Cobertas Chocolate Leite,MILKA,Emb. 0.15 KG,"2,39€","15,93€ / KG",
FRALDAS BEBE T5+ 12/25KG 52UN,ECO+,Emb. 52 UNID.,"6,99€","0,13€ / UNID.",
SACO VACUO,SILLAGE,Emb. 2 UNID.,"3,49€","1,75€ / UNID.",
Compota de Banana Maçã 4x100g,ECO+,Emb. 0.4 KG,"0,99€","2,48€ / KG",
CREPES COM CHOCOLATE 6UN,TROFIC,Emb. 0.54 KG,"3,89€","7,20€ / KG",
Chocolate Preto 70% Cacau Extra Noir,JUBILEU,Emb. 0.1 KG,"2,04€","20,40€ / KG",
Café Moagem Universal Colombia,DELTA,Emb. 0.22 KG,"3,64€","16,55€ / KG",
"Iogurte de Manga, Morango e Pêssego 8x120g",DANONE,Emb. 0.96 KG,"1,98€","2,06€ / KG",
Detergente Loiça Manual Concentrado Limão Verde,CIF,Emb. 0.6 LT,"1,49€","2,48€ / LT",
Fita Adesiva Isolação Eletrico 4X5Metrosx15Mm,FOXTER,Emb. 1 UNID.,"1,99€","1,99€ / UNID.",
Gelado de Noz,CARTE D'OR,Emb. 1 LT,"2,89€","2,89€ / LT",
ACHOCOLATADO EM PO,P'TIT DÉLI,Emb. 1 KG,"3,89€","3,89€ / KG",
Atum em Óleo,RAMIREZ,Emb. 0.12 KG,"1,09€","9,08€ / KG",
"Açúcar Baunilhado 5x7,5 g",,Emb. 0.037 KG,"2,89€","78,11€ / KG",
Conserva de Atum ao Natural,RAMIREZ,Emb. 0.12 KG,"1,09€","9,08€ / KG",
Bechamel,PARMALAT,Emb. 0.2 KG,"1,04€","5,20€ / KG",
Bolo de Especiarias,,Emb. 0.47 KG,"0,99€","2,11€ / KG",
Alimento Seco Completo P/ Cães Pequenos,TOUS MES AMIS,Emb. 1 KG,"2,85€","2,85€ / KG",
Pensos Higiénicos Maxi Super Pocket 16 Unid.,DOULYS,Emb. 16 UNID.,"1,29€","0,08€ / UNID.",
Preparado Sopa de Espinafre,,Emb. 0.6 KG,"1,74€","2,90€ / KG",
PRATO DOURADO C/RENDA 33 CM,,Emb. 1 UNID.,"1,99€","1,99€ / UNID.",
Vinho Regional Tejo Meio Seco Rosé,LEZÍRIA,Garrafa 0.75 LT,"1,49€","1,99€ / LT",
BOLACHA REDONDA RECHEIO CHOCOLATE (3UN),,Emb. 0.72 KG,"2,79€","3,88€ / KG",
Desodorizante Spray,AXE,Emb. 0.15 LT,"3,29€","21,93€ / LT",
Salmão Posta Congelado,,1 Unid. = 1 KG  (aprox.),"13,49€/kg","13,49€ / Unid.",
Conserva de Azeitona Verde Descaroçada,RUSTICA,Frasco 0.36 KG,"0,99€","2,75€ / KG",
Preparado á Base de Polpa e de Concentrado de Tomates,NOTRE JARDIN,Lata 400 KG,"1,19€","0,00€ / KG",
GUYLIAN FRUTOS DO MAR CARTÃO 250g,,,"5,69€",/ Unid.,
TESOURA 21CM,ESQUISSE,Emb. 1 UNID.,"2,89€","2,89€ / UNID.",
Sobremesa de Chocolate 4x125g,ECO+,Emb. 0.5 KG,"0,94€","1,88€ / KG",
Rolo de Cozinha Maxi XXL,RENOVA,Emb. 2 ROLOS,"2,25€","1,13€ / ROLOS",
Enxada Rebitada,BEAUX JOURS,Emb. 1 UNID.,"7,99€","7,99€ / UNID.",
Ice tea de Manga 3x20 cl,LIPTON,Emb. 0.6 LT,"1,17€","1,95€ / LT",
"PAO TOSTADO ALHO LOTE DE 2 ""CROUTON"" 2X90G",EPI D'OR,Emb. 0.18 KG,"1,59€","8,83€ / KG",
Sumo 100% Laranja C/ Polpa Refrigerado Bio,,Emb. 0.75 LT,"2,15€","2,87€ / LT",
Sardinhas S/Pele e S/Espinhas em Azeite Virgem Extra,BOM PETISCO,Emb. 0.12 KG,"1,99€","16,58€ / KG",
Pão Mistura,,1 Unid. = 0.4 KG,"0,99€","2,48€ / KG",
Creme de Dia Nutritivo Pele Seca Sensível,NIVEA,Emb. 0.05 LT,"5,99€","119,80€ / LT",
Pantene 3 Minute Miracle Liso & Sedoso,PANTENE PV,Emb. 0.2 LT,"5,99€","29,95€ / LT",
Iogurte Natural Puro 4x120g,DANONE,Emb. 0.48 KG,"1,18€","2,46€ / KG",
Iogurte Aroma Morango 4 Unid.,LONGA VIDA,Emb. 0.125 KG,"0,89€","7,12€ / KG",
DOSSIER A4 PLÁSTICO 4ARG,ESQUISSE,Emb. 1 UNID.,"0,99€","0,99€ / UNID.",
Ambientador Carro Brisa Marinha,AMBIPUR,Emb. 1 UNID.,"3,49€","3,49€ / UNID.",
Desentupidor Líquido Canos Soda,SYPHON,Emb. 1 LT,"1,59€","1,59€ / LT",
Chipicao 6x57 gr,CHIPICAO,Emb. 0.342 KG,"3,75€","10,96€ / KG",
Douradinhos Espinafres 10 Unid.,CAPITÃO IGLO,Emb. 0.284 KG,"3,19€","11,23€ / KG",
Massa Cotovelos Grosso,MILANEZA,Emb. 0.5 KG,"1,09€","2,18€ / KG",
Ervilhas e Cenouras Muito Finas,NOTRE JARDIN,Emb. 0.8 KG,"1,89€","2,36€ / KG",
Preparado Sopa de Cebola,KNORR,Emb. 0.05 KG,"1,49€/kg","0,07€ / Unid.",
Pargo Ruço Cal. 1/2,,1 Unid. = 1.5 KG (aprox.),"6,49€/kg","9,74€ / Unid.",
"BL1 LED GLOBO 9,5-60W E27",FOXTER,Emb. 1 UNID.,"5,99€","5,99€ / UNID.",
Toalhitas Anti-Transferência de cor,VANISH,Emb. 1 UNID.,"4,99€","4,99€ / UNID.",
Caras de Bacalhau,,1 Unid. = 0.5 KG (aprox.),"4,99€/kg","2,50€ / Unid.",
Iogurte Líquido Morango 0% 6 Unid.,DANONE,Emb. 6 UNID.,"2,59€","0,43€ / UNID.",
AROMA DE BAUNILHA,TABLIER BLANC,Emb. 0.2 LT,"2,49€","12,45€ / LT",
Queijo de Ovelha Curado,LAGOS,Emb. 0.5 KG (aprox.),"8,72€","17,44€ / KG",
Queijo Francês,CAPRICE DES DIEUX,Emb. 0.2 KG,"3,99€","19,95€ / KG",
Cebola Chalota,,Emb. 0.25 KG,"1,09€","4,36€ / KG",
Framboesa,,Emb. 0.125 KG,"1,89€","15,12€ / KG",
Miolo de Amendoim C/ Piri-Piri,MARQUE REPERE,Emb. 0.25 KG,"1,29€","5,16€ / KG",
TARTELETES PURA MANTEIGA C/ COBERTURA MORANGO,P'TIT DÉLI,Emb. 0.127 KG,"1,39€","10,94€ / KG",
TORTILLA BATATA,TABLES DU MONDE,Emb. 0.5 KG,"2,69€","5,38€ / KG",
CEREAIS RECHEADOS C/LEITE,P'TIT DÉLI,Emb. 0.45 KG,"2,06€","4,58€ / KG",
FIAMBRE PERNA EXTRA C/OURATO -25% SAL,TRADILÈGE,,"2,99€",/ Unid.,
Creme Depilatório Pele Normal,SILISS,Emb. 0.2 LT,"2,75€","13,75€ / LT",
VELA NUMERO - 1,ARDENCE,Emb. 1 UNID.,"0,89€","0,89€ / UNID.",
Tomate Chucha,,1 Unid. = 0.2 KG (aprox.),"2,30€/kg","1,59€ / Unid.",
Gelatina Light de Mirtilo,ROYAL,Emb. 0.031 KG,"1,99€","64,19€ / KG",
CUSCUZ FINO,COMPTOÍR DU GRAIN,Emb. 0.5 KG,"1,09€","2,18€ / KG",
Espumante Reserva Meio Seco,MURGANHEIRA,Garrafa 0.75 LT,"11,69€","15,59€ / LT",
Couscous,,Emb. 1 KG,"1,69€","1,69€ / KG",
LENCOS BOLSO 3F,ECO+,Emb. 15 UNID.,"1,29€","0,09€ / UNID.",
Queijo de Cabra de Seia,QUEIJOS LAGOS,1 Unid. = 1 KG (aprox.),"13,99€/kg","13,99€ / Unid.",
CADERNO AGRAFADO PAUTADO C. PP A4 48F,ESQUISSE,Emb. 1 UNID.,"1,99€","1,99€ / UNID.",
Conetor Reparador 19Mm,BEAUX JOURS,Emb. 1 UNID.,"0,99€","0,99€ / UNID.",
FRITADEIRA 2000W 3L,ELSAY,Emb. 1 UNID.,"39,90€","39,90€ / UNID.",
RABANETE S/ RAMA,,Emb. 0.125,"0,69€","5,52€ /",
Bolachas Crackers Bacon,TUC,Emb. 0.1 KG,"1,14€","11,40€ / KG",
Alimento Húmido Gato P/ Gold,GOURMET,Emb. 0.085 KG,"0,72€","8,47€ / KG",
Pimentão Doce Colorau,RUSTICA,Frasco 0.038 KG,"0,59€","15,53€ / KG",
Ferradura de Chocolate,,1 Unid. = 0.14 KG,"0,99€","7,07€ / KG",
Limpa Vidros Anti Embaciamento,AJAX,Spray 0.5 LT,"3,19€","6,38€ / LT",
Batatas Fritas Tradicional 100% em Azeite,SNR,Emb. 0.15 KG,"1,59€","10,60€ / KG",
Espumante Reserva Doce,RAPOSEIRA,Garrafa 0.75 LT,"8,05€","10,73€ / LT",
Arroz Branco Longo Biológico,,Emb. 0.5 KG,"1,38€","2,76€ / KG",
QUEIJO FETA DOP BIO,,Emb. 0.18 KG,"3,29€","18,28€ / KG",
GALETES BRETONNES C/PEPITAS DE CHOCOLATE,P'TIT DÉLI,Emb. 0.13 KG,"1,19€","9,15€ / KG",
Polpa de Tomate 210g,GULOSO,Emb. 0.21 KG,"0,82€","3,90€ / KG",
BOLACHAS RECHEADAS C/ AVELA TIPO KANGO X12,P'TIT DÉLI,Emb. 0.225 KG,"1,59€","7,07€ / KG",
Alimento Completo Cereais P/ Porquinhos-da-Índia,TOUS MES AMIS,Emb. 0.8 kg,"1,99€","2,49€ / kg",
Ambientador P/ Máquina de Lavar Louça Odor Stop,FINISH,Emb. 1 UNID.,"3,24€","3,24€ / UNID.",
ENVELOPE SILICONE 110X220MM,ESQUISSE,Emb. 100 UNID.,"2,99€","0,03€ / UNID.",
Amêijoa com Casca Vietname Congelada,,1 Unid. = 0.25 KG (aprox.),"2,29€/kg","0,57€ / Unid.",
Moira Regional - PDTO Lamego,SNR,Emb. 0.17 KG,"1,65€","9,71€ / KG",
BACALHAU COM NATAS 350G,CÔTÉ TABLE,Emb. 0.35 KG,"1,99€","5,69€ / KG",
Sobremesa Sabor a Baunilha Bolas Chocolate Mix'n Croc 4x117g,DÉLISSE,Emb. 0.468 KG,"1,69€","3,61€ / KG",
LIQUIDO ABRILHANTADOR,VISIOR,Emb. 0.75 LT,"1,19€","1,59€ / LT",
Crepes de Queijo e Fiambre,CÔTÉ TABLE,Emb. 6 UNID.,"1,69€","0,28€ / UNID.",
Chocolate de Caramelo e Avelãs,MILKA,Emb. 0.3 KG,"3,89€","12,97€ / KG",
Fraldas de Incontinência Plus Tam. G,LINDOR,Emb. 14 UNID.,"11,89€","0,85€ / UNID.",
Bolachas Sticks com Cobertura Chocolate Branco 30Unid.,P'TIT DÉLI,Emb. 0.15 KG,"1,09€","7,27€ / KG",
Blocos Sanitários Power Ocean,DOMESTOS,Emb. 0.275 KG,"5,39€","19,60€ / KG",
Bolachas de Arroz Cobertura de Chocolate Biológicas,,Emb. 0.09 KG,"1,35€","15,00€ / KG",
Fraldas Incontinência Máxima G,LINDOR,Emb. 20 UNID.,"10,99€","0,55€ / UNID.",
Infusão Chá Verde Sabor Menta,FRESH TEA,Emb. 1 LT,"1,39€","1,39€ / LT",
Alecrim,MARGÃO,Emb. 0.015 KG,"1,24€","82,67€ / KG",
RECARGA A4 100GR QUAD 100P,ESQUISSE,Emb. 1 UNID.,"1,99€","1,99€ / UNID.",
Antibacteriano Verde,CIF,Emb. 0.75 LT,"2,49€","3,32€ / LT",
Ketchup Familiar XXL,CALVÉ,Emb. 0.55 KG,"2,49€","4,53€ / KG",
Espinafre Baby,,Emb. 0.17 KG,"0,99€","5,82€ / KG",
Margarina Meio Gorda para Culinária,,Emb. 0.5 KG,"1,55€","3,10€ / KG",
Pensos Higiénicos Ultrafinos Noite,AUSONIA,Emb. 9 UNID.,"1,69€","0,19€ / UNID.",
SACO ASPIRADOR S1201,ELSAY,Emb. 1 UNID.,"3,49€","3,49€ / UNID.",
Refrigerante C/ Gás Ananás S/ Adição Açúcares,FANTA,Garrafa 1.5 LT,"1,00€","0,67€ / LT",
Doce de Morango sem Açúcar,ST. DALFOUR,Frasco 0.284 KG,"4,29€","15,11€ / KG",
Cillit Bang Calcário & Brilho 500ML x12,CILLIT BANG,Emb. 0.5 LT,"2,24€","4,48€ / LT",
Bacalhau Posta,,Emb. 0.75 KG,"9,99€","13,32€ / KG",
Clementina,,1 Unid. = 0.1 KG (aprox.),"1,29€/kg","0,13€ / Unid.",
Pantene Anticaspa Champô 3 Em 1,PANTENE PV,Emb. 0.3 LT,"4,99€","16,63€ / LT",
REFEICAO NOODLES SABOR CARNE,TABLES DU MONDE,Emb. 0.085,"0,59€","6,94€ /",
GEL DUCHE ENERGIZANTE 250ML 250ML CARRE HOMME,CARRÉ HOMME,,"0,97€",/ Unid.,
Caldo de Carne sem Sal Pack 8,KNORR,Emb. 0.072 KG,"1,49€","20,69€ / KG",
FRANCESINHA,CÔTÉ TABLE,Emb. 0.45 KG,"5,49€","12,20€ / KG",
Conserva de Cassoulet,,Lata 0.84 KG,"2,59€","3,08€ / KG",
Pizza 4 Estações,BUITONI,Emb. 0.355 KG,"2,99€","8,42€ / KG",
Cereais de Aveia Integral C/ Chocolate,FITNESS,Emb. 0.375 KG,"2,99€","7,97€ / KG",
Pack 4 Escovas de Dentes Média,ORAL B,Emb. 4 UNID.,"3,74€","0,94€ / UNID.",
Manteiga com Sal,PRIMOR,Emb. 0.25 KG,"2,08€","8,32€ / KG",
Champô para Cabelos Normais a Oleosos,TRESEMMÉ,Emb. 0.5 LT,"4,19€","8,38€ / LT",
CANELONES DE CARNE VACA C/ MOLHO DE TOMATE À NAPOLITANA,CÔTÉ TABLE,Emb. 0.8 KG,"3,69€","4,61€ / KG",
Conjunto de 8 Chaves Combinadas,ECO+,Emb. 8 UNID.,"5,99€","0,75€ / UNID.",
STICKS RICOS FRANGO P / CAO 5UN 42G LYDOG,TOUS MES AMIS,Emb. 0.042 KG,"0,79€","18,81€ / KG",
Tostas com Germen de Trigo Biológicas,,Emb. 0.3 KG,"2,05€","6,83€ / KG",
Bolachas de Cereais Dinosauros,ARTIACH,Emb. 0.185 KG,"2,01€","10,86€ / KG",
Margarina 1/2 Sal rica em Ómega 3,NAT&VIE,Emb. 0.5 KG,"1,99€","3,98€ / KG",
BACALHAU ESPIRITUAL 350G,CÔTÉ TABLE,Emb. 0.35 KG,"3,09€","8,83€ / KG",
Pantene Purifica & Reconstrói Champô 250 ml,,Emb. 0.25 LT,"4,99€","19,96€ / LT",
Castanha,,1 Unid. = 0.25 KG (aprox.),"4,98€/kg","1,25€ / Unid.",
Vinho Regional Dão Tinto Seleção,QUINTA DE CABRIZ,Garrafa 0.75 LT,"4,79€","6,39€ / LT",
Spray Tira Nodoas Desengordurante,KH-7,Emb. 0.75 LT,"3,42€","4,56€ / LT",
BARQUETTES DE CHOCOLATE/AVELA,P'TIT DÉLI,Emb. 0.24 KG,"1,89€","7,88€ / KG",
Sardinhas em Azeite Biológico,BOM PETISCO,Emb. 0.12 KG,"1,39€","11,58€ / KG",
Pacotinho de Frutas Maçã Banana e Morango S/ Glúten +8 meses,NESTLÉ BEBÉ,Emb. 0.09 KG,"0,96€","10,67€ / KG",
Amaciador concentrado flores silvestres,QUANTO,Emb. 76 DOSES,"4,89€","0,06€ / DOSES",
Iogurte Líquido Pêssego 6 Unid.,MIMOSA,Emb. 1.05 LT,"2,09€","1,99€ / LT",
COGUMELOS INTEIROS,NOTRE JARDIN,Emb. 0.185 KG,"0,75€","4,05€ / KG",
"SPRAY AMBIENTADOR ""BAUNILHA"" 2EM1 300ML",BIEN AIR,Emb. 0.3 LT,"0,99€","3,30€ / LT",
Syoss Oieo Intense 4-86 Castanho Gelado,SYOSS,,"6,24€",/ Unid.,
Iogurte Natural Déli´Light 8x125g,DÉLISSE,Emb. 1 KG,"1,59€","1,59€ / KG",
Queijo Fundido 10 Fatias,,Emb. 0.2 KG,"1,19€","5,95€ / KG",
Vinho do Porto Rosê,PORTO CRUZ,Garrafa 0.75 L,"7,49€","9,99€ / L",
Café Delta Em Grão Torrado Chávena,DELTA,Emb. 1 KG,"12,47€","12,47€ / KG",
Vinho Branco de Alsacia A.O.C. Riesling 2014,REBMANN,Garrafa 0.75 LT,"4,49€","5,99€ / LT",
Escova Colgate 360º Advanced Média,COLGATE,Emb. 1 UNID.,"4,54€","4,54€ / UNID.",
Vinho do Porto 10 Anos,DORRÃO,Garrafa 0.75 LT,"9,99€","13,32€ / LT",
Entremeada de Novilho,,1 Unid. = 0.2 KG (aprox.),"7,49€/kg","1,50€ / Unid.",
Café Torrado Moído Lote Nyeri Kenya Intensidade 8,SICAL,Emb. 0.22 KG,"3,79€","17,23€ / KG",
"Rolo Removedor Pêlos+Recarga ""Kit Viagem""",SILLAGE,Emb. 1 UNID.,"1,00€","1,00€ / UNID.",
Douradinhos Forníssimo 12 Unid.,CAPITÃO IGLO,Emb. 0.3 KG,"4,49€","14,97€ / KG",
SORTIDO BISCOITOS FINOS,EQUADOR,Emb. 0.4 KG,"3,69€","9,23€ / KG",
Mortadela Simples,ELPOZO,1 Unid. = 0.2 KG (aprox.),"3,99€/kg","0,80€ / Unid.",
SEPARADORES CARTAO A4 6UN,ESQUISSE,Emb. 6 UNID.,"0,46€","0,08€ / UNID.",
Tablete de Chocolate Negro,NESTLÉ,Emb. 0.09 KG,"1,09€","12,11€ / KG",
TAPETE MICROFIBRAS WC BRANCO 50X80,SILLAGE,Emb 1 UNID.,"6,99€","6,99€ / UNID.",
Ambientador Eléctrico Nenuco + Recarga,AIRWICK,Emb. 0.019 LT,"5,39€","283,68€ / LT",
COOKIES C/ PEPITAS CHOCOLATE E QUINOA BIO,,,"2,09€",/ Unid.,
Cápsulas Café Ristretto Ardenza,DOLCE GUSTO,Emb. 30 CAPS.,"10,07€","0,34€ / CAPS.",
LENTILHA,NOTRE JARDIN,Emb. 0.8 KG,"1,69€","2,11€ / KG",
Penne Rigate Biológico,,Emb. 0.5 KG,"1,19€","2,38€ / KG",
QUICHE LORRAINE 8UN,CÔTÉ TABLE,Emb. 0.8 KG,"5,29€","6,61€ / KG",
Ambientador Stick Perfumado Flor,AIR WICK,Emb. 0.025 LT,"7,19€","287,60€ / LT",
Algodão Maxi Bebé,MOTS D'ENFANTS,Emb. 80 UNID.,"1,95€","0,02€ / UNID.",
Leite Bem Especial 0% de Lactose Chocolate 4 Unid.,MIMOSA,Emb. 0.8 LT,"1,99€","2,49€ / LT",
Pensos Higiénicos Fina e Segura Normal,EVAX,Emb. 1 P,"1,99€","1,99€ / P",
Conserva de Mexilhão em Escabeche,PITEU,Emb. 0.115 KG,"1,83€","15,91€ / KG",
Conserva de Feijão Manteigado Cozido Da Horta,COMPAL,Emb. 0.42 KG,"1,18€","2,81€ / KG",
Picanha de Novilho,,1 Unid. = 2 KG (aprox.),"16,99€/kg","33,98€ / Unid.",
Detergente Loiça Manual Concentrado Limão Verde,CIF,Emb. 1 LT,"1,99€","1,99€ / LT",
Massa Macarrão,MILANEZA,Emb. 0.5 KG,"1,19€","2,38€ / KG",
ABRILHANTADOR P/ MAQUINA LOICA ECO,UNÍ VERT,Emb. 0.75 LT,"1,99€","2,65€ / LT",
Anona,,1 Unid. = 0.27 KG (aprox.),"4,99€/kg","1,35€ / Unid.",
Salsichão Seco de Porco Superior,ST AZAY,Emb. 0.25 KG,"3,45€","13,80€ / KG",
Vinho Regional Douro Branco,ADEGA DE VILA REAL,Garrafa 0.75 LT,"3,19€","4,25€ / LT",
Crackers com Sésamo,VIEIRA,Emb. 0.2 KG,"1,40€","7,00€ / KG",
Mini Pizza Queijo e Fiambre Ultracongelado 9 Unid.,PICCOLINIS,Emb. 0.27 KG,"3,83€","14,19€ / KG",
Chá Infusão Lúcia-Lima,TISÉA,Emb. 25 KG,"1,59€","0,06€ / KG",
Batatas Pré-fritas Ultracongeladas,,Emb. 1 KG,"1,39€","1,39€ / KG",
Iogurte Sólido Proteico Chocolate Branco Lindahls,NESTLÉ,Emb. 0.15 KG,"1,09€","7,27€ / KG",
ALIMENTO PARA PERIQUITOS,ECO+,Emb. 1 KG,"1,59€","1,59€ / KG",
Ambientador Automático Glade Sense & Spray Difusor e Recambio Lavanda & Jazmín,BRISE,Emb. 0.018 LT,"5,39€","299,44€ / LT",
Chá Verde com Hortelã e Pimenta,BRITLEY,Emb. 25 SAQ.,"0,99€","0,04€ / SAQ.",
Vinho Regional Tejo Branco,QUINTA DA ALORNA,Garrafa 0.75 LT,"3,49€","4,65€ / LT",
Cuecas Perdas de Urina 8-15 Anos (27-57Kg),MOTS D'ENFANTS,Emb. 12 UNID.,"8,29€","0,69€ / UNID.",
Iogurtes Liquido Yoco Alperce Maçã,YOCO,Emb. 0.36 LT,"1,89€","5,25€ / LT",
Creme de Mãos Óleo de Abacate,DOVE,Emb. 0.075 LT,"2,59€","34,53€ / LT",
Vinho Regional Bairrada Tinto,S. DOMINGOS,Garrafa 0.75 LT,"2,84€","3,79€ / LT",
Pantene Volume & Brilho Condicionador 160 ml,,Emb. 0.16 LT,"4,99€","31,19€ / LT",
Polvo Médio,,1 Unid. = 2.5 KG (aprox.),"9,79€/kg","24,48€ / Unid.",
Gel Limão,FINISH,Emb. 1 LT,"8,99€","8,99€ / LT",
Refrigerante S/ Gás Ananás,ECO+,Garrafa 2 LT,"0,79€","0,40€ / LT",
Leite Confort 1,NAN,Emb. 0.8 KG  (aprox.),"20,89€","26,11€ / KG",
Preparado em Pó Chantilly,ROYAL,Emb. 0.072 KG,"1,89€","26,25€ / KG",
Couve Chinesa,,1 Unid. = 0.6 KG (aprox.),"1,99€/kg","1,19€ / Unid.",
CADERNO AGRA.CART.3COR.A4 PAUT 60P,ESQUISSE,Emb. 1 UNID.,"0,89€","0,89€ / UNID.",
DOSSIER A4 LOMBADA 5CM,ESQUISSE,Emb. 1 UNID.,"1,99€","1,99€ / UNID.",
Alface Frisada,,1 Unid. = 0.4 KG (aprox.),"1,99€/kg","0,80€ / Unid.",
Ameixa Vermelha Cal. 45/55,,1 Unid. = 0.09 KG (aprox.),"2,49€/kg","0,22€ / Unid.",
QUEIJO EMMENTAL RALADO 28% MG,ECO+,Emb. 0.2 KG,"1,59€","7,95€ / KG",
Iogurtes Cremosos Açucarados Frutas Amarelas 8x125g,DÉLISSE,Emb. 1 KG,"2,09€","2,09€ / KG",
CANUDINHOS,P'TIT DÉLI,Emb. 0.18 KG,"1,19€","6,61€ / KG",
Vinho Regional Douro,EVEL,Garrafa 0.75 LT,"5,59€","7,45€ / LT",
Vinho Branco,M.J.FREITAS,Bag in Box 5 LT,"7,99€","1,60€ / LT",
Peito de Frango,,1 Unid. = 0.35 KG (aprox.),,,
Desodorizante Roll On,DOVE,Emb. 0.05 LT,"2,39€","47,80€ / LT",
Pantene Espuma Caracóis 200ml,PANTENE PV,Emb. 0.2 LT,"3,74€","18,70€ / LT",
Bola de Berlim,,1 Unid. = 0.1 KG,"0,89€","8,90€ / KG",
DETERGENTE LIQUIDO SABAO MARSELHA/ F. PROVENCA ATIVOS VEGETAIS 50D,XÉOR,,"4,99€",/ Unid.,
Croissant Recheio Maxi Creme Cacau,CHIPICAO,Emb. 0.08 KG,"1,19€","14,88€ / KG",
Sardinha Tomate Picante,BOM PETISCO,Emb. 0.12 KG,"0,99€","8,25€ / KG",
Alimento Seco P/ Gato Adulto Frango e Cereais,PURINA ONE,Emb. 0.8 KG,"6,10€","7,63€ / KG",
PORTFOLIO A4 120 BOLSAS,ESQUISSE,Emb. 120 UNID.,"4,99€","0,04€ / UNID.",
CEBOLINHAS EM VINAGRE,RUSTICA,Emb. 0.37 LT,"1,15€","3,11€ / LT",
Tira-Nódoas para Roupa de Cor,SKIP,Emb. 1 KG,"7,49€","7,49€ / KG",
Ossos Prensados 21 Cm,TOUS MES AMIS,Emb. 1 UNID.,"2,59€","2,59€ / UNID.",
Aipo com Rama,,1 Unid. = 0.5 KG (aprox.),"1,99€/kg","1,00€ / Unid.",
Bebida em Pó Morango,TANG,Emb. 0.03 KG,"0,73€","24,33€ / KG",
Seleção de Frutos Secos,MARQUE REPERE,Emb. 0.25 KG,"5,79€","23,16€ / KG",
CHUVEIRO CROMADO 3 JATOS+TUBO FLEXIVEL 1.75M,FOXTER,Emb. 1 UNID.,"12,99€","12,99€ / UNID.",
Sobremesa Gelado Salted Caramel,CARTE D'OR,Emb. 0.9 LT,"3,29€","3,66€ / LT",
Preservativos Nature Easy Way,CONTROL,Emb. 10 UNID.,"6,99€","0,70€ / UNID.",
TORRADEIRA 2 FENDAS,ECO+,Emb. 1 UNID.,"16,90€","16,90€ / UNID.",
MINI BOLACHAS CRACKERS COM SAL,TOKAPI,Emb. 0.075 KG,"0,85€","11,33€ / KG",
Alimento Húmido P/ Gato Vaca Borrego Salmão Legumes,LYCAT,Emb. 3 UNID.,"2,69€","0,90€ / UNID.",
Bolachas Amanteigadas com Tablete de Chocolate Preto,P'TIT DÉLI,Emb. 0.15 KG,"1,19€","7,93€ / KG",
SACOS LIXO FECHO FACIL 30L,ELEMBAL,Emb. 20 UNID.,"1,19€","0,06€ / UNID.",
Dentífrico Cuidado Branqueador,PARODONTAX,Emb. 0.075 LT,"5,59€","74,53€ / LT",
CHOCOLATE LEITE C/ PEDACOS CARAMELO 3X100G,TABLETTE D'OR,,"2,89€",/ Unid.,
Conjunto de 8 Chaves de Boca,ECO+,Emb. 8 UNID.,"4,59€","0,57€ / UNID.",
ALIMENT BEBE: PURE DE MACA BANANA BIO +4M 4x100G MOTS D\'ENFANTS,BIO VILLAGE BEBE,Emb. 0.4 KG,"2,09€","5,23€ / KG",
BARRA DE BOLACHA C/ COB CHOCOLATE E RECH DE LEITE,P'TIT DÉLI,Emb. 0.13 KG,"1,59€","12,23€ / KG",
AGUA FRIZE TANGERINA 4x25CL,FRIZE,,"2,59€",/ Unid.,
ESTENDAL VERTICAL 34M,HOMESIDE,Emb. 1 UNID.,"25,00€","25,00€ / UNID.",
Coloração Permanente Intense 8-05 Louro Gelado,SYOSS,,"6,24€",/ Unid.,
Madalenas longas,P'TIT DÉLI,Emb. 0.25 KG,"1,99€","7,96€ / KG",
Andouillettes 3 Unid.,TRADILÈGE,Emb. 0.42 KG,"4,35€","10,36€ / KG",
Nuggets Frango Panado,PESCANOVA,Emb. 1 KG,"11,99€","11,99€ / KG",
Pensos Incontinência Discreet Maxi Night,AUSONIA,Emb. 12 LT,"5,99€","0,50€ / LT",
Barrinhas de Chocolate T-16,KINDER,Emb. 0.2 KG,"3,09€","15,45€ / KG",
Galetes Arroz Biológicas,,Emb. 0.13 KG,"1,29€","9,92€ / KG",
Mini Queijos 12 Unid.,BABYBEL,Emb. 0.24 KG,"3,64€","15,17€ / KG",
"CAFE MOIDO ""CREPUSCULE NOIR"" ARABICA",PLANTATION,Emb. 0.25 KG,"2,49€","9,96€ / KG",
Caldo de Legumes sem Sal Pack 8,KNORR,Emb. 0.072 KG,"1,49€","20,69€ / KG",
Café Solúvel de Cereais e Fibra,BOLERO,Emb. 0.2 KG,"2,87€","14,35€ / KG",
Conserva Choucroute Garnie,CÔTÉ TABLE,Emb. 0.8 KG,"2,07€","2,59€ / KG",
Fatias Finas Peito de Peru,NOBRE,Emb. 0.11 KG,"2,14€","19,45€ / KG",
Piri Piri com Azeite,GALLO,Emb. 0.05 LT,"1,86€","37,20€ / LT",
Refrigerante S/ Gás Maçã,ECO+,Garrafa 2 LT,"0,79€","0,40€ / LT",
Sangria Don Simon,DON SIMON,Garrafa 1.5 LT,"2,10€","1,40€ / LT",
Tablete Oreo,MILKA,Emb. 0.3 KG,"3,89€","12,97€ / KG",
TERRA MUDANCA VASO BIO 20L,BEAUX JOURS,Emb. 20 LT,"2,86€","0,14€ / LT",
MANGA PEDACOS 650G,DOUCEUR DU VERGER,Emb. 0.65 KG,"3,49€","5,37€ / KG",
Pantene Caracóis Perfeitos Champô,PANTENE PV,Emb. 0.25 LT,"3,99€","15,96€ / LT",
AMACIADOR ROUPA ROSAS,HYPERDOU,Emb. 4 LT,"2,49€","0,62€ / LT",
Toalhitas Desinfetantes,CIF,Emb. 36 UNID.,"2,24€","0,06€ / UNID.",
Detergente Líquido para Madeiras Spray,CIF,Emb. 0.435 LT,"2,49€","5,72€ / LT",
Desodorizante Roll-On Original,DOVE,Emb. 0.05 LT,"2,69€","53,80€ / LT",
Cereais de Chocolate,CHOCAPIC,Emb. 0.375 KG,"2,09€","5,57€ / KG",
Vinho do Porto Velhotes Ruby,CALEM,Garrafa 0.75 LT,"4,99€","6,65€ / LT",
TIRAS PARA HAMSTER SABOR LEGUMES,P'TIT AMI,,"1,85€",/ Unid.,
Amaciador Roupa Concentrado Ouro,QUANTO,Emb. 84 DOSES,"4,89€","0,06€ / DOSES",
Ambientador Absorbeolores Glade Lavanda,BRISE,Emb. 2 UNID.,"2,99€","1,50€ / UNID.",
Dentífrico e Elixir Expert Branqueador,DENTAMYL,Emb. 0.075 LT,"0,95€","12,67€ / LT",
MAQ.BARBEAR 3 LAMINAS + 2 RECARGAS,CARRÉ HOMME,Emb. 1 UNID.,"3,19€","3,19€ / UNID.",
TOSTAS SUECAS INTEGRAIS S/ ADICAO ACUCAR,EPI D'OR,,"1,09€",/ Unid.,
"CACAROLA 20, C/ASAS ALU.FUND. E PEANHA ALU.",ECO+,Emb. 1 UNID.,"6,99€","6,99€ / UNID.",
Óleo Barba King C,GILLETTE,Emb. 0.03 LT,"7,49€","249,67€ / LT",
Cápsulas Café Macchiato Caramelo P/ Dolce Gusto,STARBUCKS,Emb. 12 CAPS.,"5,39€","0,45€ / CAPS.",
"CAPA CARTAO C/ELASTICO LOMBADA 2,5CM",ESQUISSE,Emb. 1 UNID.,"1,89€","1,89€ / UNID.",
Aveia Instantânea Em Pó Bolacha,PROZIS,Emb. 1.25 KG,"719,00€","575,20€ / KG",
Bolacha Avenacol Rustica 0% Açúcar,CUÉTARA,Emb. 0.25 KG,"3,36€","13,44€ / KG",
Bolachas Cobertas com Tablete de Chocolate Preto Biológicas,,Emb. 0.15 KG,"2,09€","13,93€ / KG",
Iogurte Pouch Squezzy Morango e Banana,YOCO,Emb. 0.32 KG,"2,29€","7,16€ / KG",
Bolachas Palitos com Cobertura de Chocolate Biológicas,,Emb. 0.125 KG,"2,09€","16,72€ / KG",
Pastilha Elástica Senses Sabor Melancia 3x23g,TRIDENT,Emb. 0.069 KG,"2,49€","36,09€ / KG",
Atum em Óleo Vegetal,BOM PETISCO,Emb. 0.385 KG,"3,79€","9,84€ / KG",
Pão de Forma com Côdea 9 Cereais,PANRICO,Emb. 0.52 KG,"2,29€","4,40€ / KG",
Champô Color-Vive Cabelos Pintados,ELVIVE,Emb. 0.4 LT,"5,99€","14,98€ / LT",
PENSOS INCONTINENCIA U. FINOS C/ ABAS SUPER+ POCKET 14UN CHORYS,CHORYS,Emb. 14 UNID.,"1,61€","0,12€ / UNID.",
Tábua Charcutaria Italiana,TRADIZIONI D'ITALIA,Emb. 0.12 KG,"5,49€","45,75€ / KG",
Caramelos Werther's Original Storck SemAçúcar 90g,JERONIMO MARTINS,Emb. 0.09 KG,"2,82€","31,33€ / KG",
Bloco Sanitário Poder Activo Pinho,SONASOL,Emb. 0.05 KG,"1,94€","38,80€ / KG",
Café Pastilhas,PLANTATION,Emb. 36 UNID.,"3,59€","0,10€ / UNID.",
Lava Tudo Novo Brilho Ph Neutro,SONASOL,Emb. 1.3 LT,"2,09€","1,61€ / LT",
Barras de Cereais Special K Chocolate de Leite,SPECIAL K,Emb. 0.125 KG,"3,35€","26,80€ / KG",
Bolacha Maria,CUÉTARA,Emb. 0.2 KG,"0,79€","3,95€ / KG",
Escovas Extra Clean Médio,COLGATE,Emb. 2 UNID.,"2,19€","1,10€ / UNID.",
"MAQUINA CREPES L2312,ECO+,1P",ECO+,Emb. 1 UNID.,"24,90€","24,90€ / UNID.",
Tempero Líquido Maggi,NESTLÉ,Emb. 0.125 KG,"2,09€","16,72€ / KG",
Sobremesa Chocolate Mix'n Croc Color Chocolate 4x120g,DÉLISSE,Emb. 0.48 KG,"0,99€","2,06€ / KG",
Toalhitas para Bebé Básico,DODOT,Emb. 54 UNID.,"0,86€","0,02€ / UNID.",
Água sem Gás,MONCHIQUE,Emb. 1.5 LT,"3,83€","2,55€ / LT",
Rebuçados Limão e Cidreira,MENTOLIN,Emb. 0.1 KG,"1,39€","13,90€ / KG",
Abrilhantador Brilho e Proteção,FINISH,Emb. 0.4 LT,"4,84€","12,10€ / LT",
Coloração Nº 5-86 Castanho Caramelo,SYOSS,,"6,24€",/ Unid.,
Snack P/ Cão Sabor Bacon e Queijo,FRISKIES,Emb. 0.175 KG,"2,89€","16,51€ / KG",
Robalo,,1 Unid. = 0.8 KG (aprox.),"6,99€/kg","5,59€ / Unid.",
Desodorizante Spray Invisible Dry,DOVE,Spray 0.15 LT,"2,69€","17,93€ / LT",
ESCOVA DENTES MEDIA CABECA RECARREGAVEL,DENTAMYL,,"1,25€",/ Unid.,
Cream Crackers,JACOB'S,Emb. 0.2 KG,"1,09€","5,45€ / KG",
Cereais Special K Classic,KELLOGG'S,Emb. 0.375 KG,"2,37€","6,32€ / KG",
Café Solúvel Clássico Frasco,NESCAFÉ,Frasco 0.1 KG,"3,83€","38,30€ / KG",
Bolonhesa,NOBRE,Emb. 0.5 KG,"2,74€","5,48€ / KG",
Ketchup,ECO+,Emb. 0.58 KG,"1,69€","2,91€ / KG",
RECARGA ESFREGONA MICROFIBRAS TIRAS,,Emb. 1 UNID.,"2,29€","2,29€ / UNID.",
Leite C/ Chocolate Light 4 Unid.,MIMOSA,Emb. 0.8 LT,"2,18€","2,73€ / LT",
Alimento P/ Gato Adulto de Salmão,PURINA,Emb. 3 KG,"22,07€","7,36€ / KG",
Forma Aniversário,ECO+,Emb. 1 UNID.,"3,79€","3,79€ / UNID.",
Vinho Branco,COMP DO VINHO,Emb. 1 LT,"0,85€","0,85€ / LT",
Alho Granulado,RUSTICA,Emb. 0.05 KG,"0,65€","13,00€ / KG",
Pantene Liso & Sedoso Champô,,Emb. 0.1 LT,"9,99€","99,90€ / LT",
Madalenas em Concha com Ovos Frescos,,Emb. 0.5 KG,"1,89€","3,78€ / KG",
ALIMENTO PARA ROLAS,ECO+,Emb. 1 UNID.,"1,59€","1,59€ / UNID.",
RODO LIMPA VIDROS C/ LADO ANTI-MOSQUITOS,TECH9,Emb. 1 UNID.,"2,99€","2,99€ / UNID.",
Alimento Húmido P/ Gato C/ Carne de Vaca e Frango,GOURMET GOLD,Emb. 0.085 KG,"0,65€","7,65€ / KG",
Queijo Fundido 12 Unid.,LES CROISÉS,Emb. 0.24 KG,"1,99€","8,29€ / KG",
ÁGUA MICELAR C/ ÁGUA DE ROSAS 400ML,GARNIER,,"7,99€",/ Unid.,
Costeletas do Cachaço Porco,,1 Unid. = 0.2 KG (aprox.),"3,98€/kg","0,80€ / Unid.",
CAFE SOLUVEL LIOFILISADO x 25 sticks,PLANTATION,Emb. 0.05 KG,"1,69€","33,80€ / KG",
GUYLIAN FRUTOS DO MAR CARTÃO 125g,,,"3,74€",/ Unid.,
PIZZA ATUM,TURINI,Emb. 0.355 KG,"1,89€","5,32€ / KG",
Tablete Chocolate Branco,TABLETTE D'OR,Emb. 0.2 KG,"1,59€","7,95€ / KG",
Pacotinho de Frutas Maçã e Pêssego S/ Glúten +6 meses,NESTLÉ,Emb. 0.09 KG,"0,95€","10,56€ / KG",
"OIKOS MORANGO 110G X4,,440G",OIKOS,Emb. 0.44 KG,"2,39€","5,43€ / KG",
Conserva Atum Albacore Natural 3x133g,PÊCHE OCÉAN,Emb. 0.399 KG,"4,29€","10,75€ / KG",
Café Descafeinado Seleção Premium Intensidade 7,NESCAFE GOLD,Emb. 0.1 KG,"5,89€","58,90€ / KG",
ALIMENTO HUMIDO BACALHAU/SALMAO/CENOURA P/ CAO 1240G,LYDOG,Emb. 1.24 KG,"2,05€","1,65€ / KG",
CREME MAOS ANTI MANCHAS,INELL,Emb. 0.08 LT,"2,99€","37,38€ / LT",
Refrigerante C/ Gás Laranja,SPRINK'S,Garrafa 1.5 LT,"0,74€","0,49€ / LT",
Filetes de Atum em Azeite,PÊCHE OCÉAN,Emb. 0.19 KG,"3,59€","18,89€ / KG",
CREME VEGETAL P/ BARRAR,,Emb. 0.5 KG,"1,79€","3,58€ / KG",
Chá de Detox Hibisco Folha de Freixo Ulmeira,LIPTON,Emb. 20 SAQ.,"1,94€","0,10€ / SAQ.",
Toalhitas de Rosto com Óleo de Amêndoas Doces 25UNI,CORINE DE FARME,Emb. 25 UNID.,"1,48€","0,06€ / UNID.",
CUIDADO DO ROSTO E BARBA CURTA 50ML,CARRÉ HOMME,Emb. 0.05 LT,"2,99€","59,80€ / LT",
CABIDE PLASTICO CRIANCA AZUL,SILLAGE,Emb. 4 UNID.,"1,29€","0,32€ / UNID.",
Figo,,1 Unid. = 0.1 KG (aprox.),"9,99€/kg","1,00€ / Unid.",
Champô Cabelo Ultra Suave Louros Camomila,GARNIER,Emb. 0.25 LT,"3,59€","14,36€ / LT",
SACOS LIXO FECHO FACIL LAVANDA 30L,ELEMBAL,Emb. 20 UNID.,"1,09€","0,05€ / UNID.",
Tremoços,,1 Unid. = 0.1 KG (aprox.),"2,99€/kg","0,30€ / Unid.",
COMEDOURO DUPLO PEQUENO,ECO+,Emb. 1 UNID.,"0,99€","0,99€ / UNID.",
Alimento Seco Cão Croquetes Carne e Cereais,ECO+,Emb. 10 KG,"11,99€","1,20€ / KG",
Conserva de Azeitona Verde Gordal,RUSTICA,Emb. 0.5 KG,"2,19€","4,38€ / KG",
PENSOS INCONTINENCIA LIGEIRA - HOMEM,CHORYS,Emb. 20 UNID.,"3,25€","0,16€ / UNID.",
Gel Duche Leite de Coco,MANAVA,Emb. 0.25 LT,"1,39€","5,56€ / LT",
Pão Rio Maior,,1 Unid. = 0.45 KG,"1,99€","4,42€ / KG",
Lava Tudo Vinagre,CIF,Emb. 1.4 LT,"1,99€","1,42€ / LT",
Bife do Lombo de Porco,,1 Unid. = 0.4 KG (aprox.),"5,99€/kg","2,40€ / Unid.",
Gel de Banho Excite,AXE,Emb. 0.4 LT,"3,29€","8,23€ / LT",
AGUARDENTE FIM DE SÉCULO Vínica Velha Cx. de Cartão 70CL,,0.07 CL,"18,89€","269,86€ / CL",
Champo Karpex Manual,VANISH,Emb. 0.95 LT,"5,19€","5,46€ / LT",
Destop Gel Express Odor Stop 1Litro x15,DESTOP,Emb. 1 LT,"5,99€","5,99€ / LT",
BATATA FRITA ONDULADA,ECO+,Emb. 0.2 KG,"1,09€","5,45€ / KG",
Tamboril Cal. 1/4,,1 Unid. = 2.5 KG (aprox.),"11,99€/kg","29,98€ / Unid.",
Bolachas Cream Cracker Nova Receita,VIEIRA,Emb. 0.2 KG,"1,15€","5,75€ / KG",
Desentupidor Express Gel,DESTOP,Emb. 1 LT,"5,99€","5,99€ / LT",
Iogurte de Morango 4 Unid.,IOGOLINO,Emb. 0.4 KG,"2,29€","5,73€ / KG",
ALIMENT BEBE: LEGUMES MASSA E SALMAO BIO 18M,BIO VILLAGE BEBE,Emb. 0.26 KG,"1,99€","7,65€ / KG",
Alimento Seco para Gato Multicroquetes Peixe,ECO+,Emb. 2 KG,"2,99€","1,50€ / KG",
Bolacha Gullon Vitalday Crocant Fruta 300g,GULLÓN,Emb. 0.3 KG,"2,19€","7,30€ / KG",
Novilho Embalado para Estufar,,1 Unid. = 0.5 KG (aprox.),"9,49€/kg","4,75€ / Unid.",
GEL LIMPEZA PURIFICANTE P/ ROSTO,INELL,Emb. 0.15 LT,"1,49€","9,93€ / LT",
Johnson's Baby Óleo Regular,JOHNSON'S BABY,Emb. 0.5 LT,"5,59€","11,18€ / LT",
Conjunto de 6 Chaves Philips,FOXTER,Emb. 6 UNID.,"10,99€","1,83€ / UNID.",
Vinho Verde Branco,LAGOSTA,Garrafa 0.75 LT,"3,83€","5,11€ / LT",
PENSOS HIGIENICOS U.FINOS NOITE C/ABAS 10UN X2,DOULYS,Emb. 20 UNID.,"2,09€","0,10€ / UNID.",
Assar de Novilho,,1 Unid. = 0.87 KG (aprox.),"10,99€/kg","9,56€ / Unid.",
FITA COLA COLORIDA 3UN,ESQUISSE,Emb. 3 UNID.,"3,49€","1,16€ / UNID.",
Alimento P/ Cão de Frango C/ Mandioca S/ Glúten,BEYOND,Emb. 1.2 KG,"8,39€","6,99€ / KG",
Champô Ultimate Repair,GLISS,Emb. 0.25 Lt,"2,24€","8,96€ / Lt",
Snack P/ Cão Sticks C/ Aroma a Veado,PURINA,Emb. 0.09 KG,"1,89€","21,00€ / KG",
EMPADAO CARNE,ECO+,Emb. 1 KG,"3,49€","3,49€ / KG",
Gel de Banho Rosas e Jasmim,VASELINE,Emb. 0.7 LT,"2,99€","4,27€ / LT",
Queijo Flamengo Barra,,1 Unid. = 0.25 KG (aprox.),"7,99€/kg","2,00€ / Unid.",
Alimento Húmido Gatos Menu Completo Gelatina 4x100g,LYCAT,Emb. 4 UNID.,"1,59€","0,40€ / UNID.",
Vinho do Porto Lágrima Branco,RAMOS PINTO,Garrafa 0.75 LT,"9,78€","13,04€ / LT",
Batatas fritas natas & cebola,PRINGLES,Emb. 0.175 KG,"1,99€","11,37€ / KG",
Doce de Alperce Baixo Teor de Açúcar,DOUCEUR DU VERGER,Frasco 0.34 KG,"1,39€","4,09€ / KG",
"SOBREM. SOJA BAUNILHA,,4x125G",ALPRO,Emb. 0.5 LT,"2,89€","5,78€ / LT",
IOGURTE BATIDO MORANGO,DÉLISSE,Emb. 0.5 KG,"1,19€","2,38€ / KG",
WAFFERS SABOR BAUNILHA,ECO+,Emb. 0.19 KG,"0,79€","4,16€ / KG",
Alimento Húmido P/ Gato de Frango,LYCAT,Emb. 0.08 KG,"0,75€","9,38€ / KG",
Cotonetes p/ Bebé,JOHNSON'S BABY,Emb. 0.1 UNID.,"1,98€","19,80€ / UNID.",
"GEL ÍNTIMO SUAVE, 250ML",CORINE DE FARME,Emb. 0.25 LT,"2,49€","9,96€ / LT",
AGUA LIMÃO,FRIZE,Emb. 0.75 LT,"1,39€","1,85€ / LT",
Abrótea Inteira Cal. 1000/1500 Congelado,,1 Unid. = 1.2 KG (aprox.),"7,48€/kg","8,98€ / Unid.",
Arroz Carolino,CIGALA,Emb. 1 KG,"1,14€","1,14€ / KG",
Cereais Integrais e Mel,NESTUM,Emb. 0.25 KG,"2,10€","8,40€ / KG",
Chá de Ceilão,BRITLEY,Emb. 25 SAQ.,"0,89€","0,04€ / SAQ.",
Pá do Lixo com Cabo Metálico,,Emb. 1 UNID.,"1,59€","1,59€ / UNID.",
ATUM ALBACORA POSTA NATURAL,PÊCHE OCÉAN,Emb. 0.14 KG,"2,59€","18,50€ / KG",
ICED TEA LIMAO 6X20CL,FRESH TEA,,"1,05€",/ Unid.,
Sementes de Quinoa Biológicas,,Emb. 0.5 KG,"3,99€","7,98€ / KG",
Lombo Salmão Atlântico Bio,,Emb. 0.2 KG,"7,99€","39,95€ / KG",
Sticks Perfumados de Hortelã Marroquina e Toranja Rosa,Air Wick Botanica,Emb. 0.08 LT,"10,19€","127,38€ / LT",
Johnson's Baby Champô de Camomila,JOHNSON'S BABY,Emb. 0.75 LT,"7,79€","10,39€ / LT",
Alimento P/ Cão de Boi C/ Mandioca S/ Glúten,BEYOND,Emb. 1.2 KG,"7,47€","6,23€ / KG",
Amêijoa Vietname Castanha Congelada,,1 Unid. = 0.38 KG (aprox.),"3,29€/kg","1,25€ / Unid.",
Esfregão Salva Unhas Classic,SCOTCH BRITE,Emb. 2 UNID.,"0,99€","0,50€ / UNID.",
Bombay Dry Gin Original,BOMBAY,Garrafa 0.7 LT,"15,93€","22,76€ / LT",
Iogurte Líquido Morango 6 Unid.,ACTIMEL,Emb. 0.6 KG,"2,59€","4,32€ / KG",
CHAMPO AUTO 1 L 1L TECH9,TECH9,Emb. 1 LT,"1,69€","1,69€ / LT",
Lava Tudo Sabão Natural,CLAIR,Emb. 2 LT,"0,89€","0,45€ / LT",
TARTELETES FRAMBOESA,P'TIT DÉLI,Emb. 0.15 KG,"1,09€","7,27€ / KG",
Donuts Classic 4x50 gr,DONUTS,Emb. 0.2 KG,"2,87€","14,35€ / KG",
Bebida Energética Ice Storm,POWERADE,Emb. 0.5 LT,"1,33€","2,66€ / LT",
Café Lote Clássico Moagem Grossa,SICAL,Emb. 0.25 KG,"2,39€","9,56€ / KG",
Molho de Tomate com Legumes e Manjericão,,Emb. 0.35 KG,"1,89€","5,40€ / KG",
Mix de Aperitivos Temperados,TOKAPI,Emb. 0.4 KG,"3,99€","9,98€ / KG",
Refrigerante C/ Gás Maracujá S/ Adição de Açúcar,FANTA,Emb. 1.5 LT,"1,00€","0,67€ / LT",
Farinheira Terra de Xisto,SNR,Emb. 0.23 KG,"1,69€","7,35€ / KG",
TOALHITAS DESMAQ.PELE NORMAL,INELL,Emb. 25 UNID.,"0,75€","0,03€ / UNID.",
Cebola,,1 Unid. = 1 KG  (aprox.),"0,79€/kg","1,29€ / Unid.",
Refresco em Pó Laranja,TANG,Emb. 0.03 KG,"0,80€","26,67€ / KG",
Polpa de Tomate,TURINI,Emb. 0.21 KG,"0,35€","1,67€ / KG",
Luvas Universais S,VILEDA,Emb. 1 UNID.,"1,89€","1,89€ / UNID.",
CORTINA DUCHE 180X200 AZUL,SILLAGE,Emb. 1 UNID.,"5,99€","5,99€ / UNID.",
Whisky,LABEL 5,Garrafa 1 LT,"13,49€","13,49€ / LT",
Alimento Húmido P/ Gatinhos C/ Vitela,GOURMET,Emb. 0.085 KG,"0,65€","7,65€ / KG",
Papel Higiénico Branco,MARQUE REPERE,Emb. 12 UNID.,"5,29€","0,44€ / UNID.",
Iogurte Líquido de Chocolate,YOGGI,Emb. 0.25 LT,"1,67€","6,68€ / LT",
Iogurte Mix-In Chocapic 87% Leite 2 Unid.,NESTLÉ,Emb. 0.236 KG,"2,09€","8,86€ / KG",
Sumo Florida sem Conservantes,SUNNY DELIGHT,Garrafa 1.25 LT,"1,64€","1,31€ / LT",
Cerveja com Álcool Stout Mini Preta Saca Fácil 6x20cl,SUPER BOCK,Emb. 1.2 LT,"2,99€","2,49€ / LT",
"CARREGADOR USB 2,4A + CABO USB/MICRO USB 1,2M PRETO",LINKSTER,Emb. 1 UNID.,"13,99€","13,99€ / UNID.",
Pistola Silicone,ECO+,Emb. 1 UNID.,"2,19€","2,19€ / UNID.",
Ovos Solo XL,SNR,Emb. 6 UNID.,"1,89€","0,32€ / UNID.",
CREME HIDRATANTE BIO 50ML BIO,BIONAÏA,Emb. 0.05 LT,"2,89€","57,80€ / LT",
Desodorizante Spray Homem Active Dry,VASELINE,Emb. 0.25 LT,"2,19€","8,76€ / LT",
ACENDALHAS CUBOS SEM ODOR,SILEX,Emb. 40 UNID.,"1,59€","0,04€ / UNID.",
QUEIJO GOUDA FATIADO,ECO+,Emb. 0.2 KG,"1,59€","7,95€ / KG",
Alimento Húmido para Cão Carne Vaca Massa Cenoura,ECO+,,"1,99€",/ Unid.,
Alface Roxa,,1 Unid. = 0.4 KG (aprox.),"2,99€/kg","1,20€ / Unid.",
Preparado Sopa Canja Galinha,KNORR,Emb. 0.068 KG,"1,49€","21,91€ / KG",
Conserva de Salsichas Frankfurt 8 Unid.,NOBRE,Lata 0.2 KG,"1,09€","5,45€ / KG",
Vinho Regional Alentejo Tinto,TRINCA BOLOTAS,Garrafa 0.75 LT,"5,99€","7,99€ / LT",
Centrifugadora,ELSAY,Emb. 1 UNID.,"79,90€","79,90€ / UNID.",
Água com Gás 6x25 cl,PEDRAS SALGADAS,Emb. 1.5 LT,"2,63€","1,75€ / LT",
Lombo Salmão,,1 Unid. = 0.25 KG (aprox.),"13,99€/kg","3,50€ / Unid.",
Queijo Brie,,1 Unid. = 0.2 KG (aprox.),,,
Caramelos Cobertos com Chocolate Pretos,CONFISÉO,Emb. 0.28 KG,"1,99€","7,11€ / KG",
Vinho Regional Lisboa Rosé Leve,MUNDUS,Garrafa 0.75 LT,"1,69€","2,25€ / LT",
Champô Hemp + Hydration,TRESEMMÉ,Emb. 0.4 LT,"4,79€","11,98€ / LT",
Gel de Banho Laranja e Manga,VASELINE,Emb. 0.7 LT,"2,99€","4,27€ / LT",
Vinagre Balsâmico Rosé,GALLO,Emb. 0.25 LT,"1,86€","7,44€ / LT",
Chouriço Picante,,Emb. 0.25 KG,"1,99€","7,96€ / KG",
Bolachas Digestivas sem Açúcar,THINS,Emb. 0.174 KG,"2,04€","11,72€ / KG",
Travesseiros Chocolate com Recheio de Creme 3x80g,BIMBO,Emb. 0.24 KG,"2,36€","9,83€ / KG",
Vinho Regional Alentejo Tinto,MARQUÊS DE BORBA,Garrafa 0.75 LT,"5,49€","7,32€ / LT",
ACUCAR CANA CUBOS,TÉVA,Emb. 1 KG,"2,45€","2,45€ / KG",
Bolachas Wafer de Chocolate,P'TIT DÉLI,Emb. 0.15 KG,"1,19€","7,93€ / KG",
Limpa Máquinas de Loiça,,Emb. 0.25 LT,"3,89€","15,56€ / LT",
PRATOS QUADRADO BIODEGRADAVEIS 17CM 25UN,HOMESIDE,Emb. 25 UNID.,"2,80€","0,11€ / UNID.",
Salteado de Frango C/ Legumes,CÔTÉ TABLE,Emb. 0.9 KG,"4,29€","4,77€ / KG",
"MORCELA FRANCESA ""BOUDIN"" C/ ANTILHAS",TRADILÈGE,Emb. 0.375 KG,"3,35€","8,93€ / KG",
Alimento Húmido P/ Cão Adulto Pequeno Frango e Borrego,PURINA,Emb. 0.4 KG,"3,09€","7,73€ / KG",
Conserva de Ervilhas da Horta,COMPAL,Emb. 0.42 KG,"0,99€","2,36€ / KG",
Champô Cabelo Garnier Cereja e Amêndoa,ULTRA SUAVE,Emb. 0.25 LT,"3,59€","14,36€ / LT",
VELA NUMERO FUN 1,ARDENCE,Emb. 1 UNID.,"0,90€","0,90€ / UNID.",
TIRA NODOAS EM PO MULTIUSOS ECOLOGICO,UNÍ VERT,Emb. 0.5 KG,"2,99€","5,98€ / KG",
Queijo Curado Apimentado Alavão,SALOIO,1 Unid. = 1.492 KG (aprox.),"9,99€/kg","14,91€ / Unid.",
Conserva de Salsichas Frankfurt 6 Unid.,NOBRE,Lata 0.12 KG,"0,89€","7,42€ / KG",
Gin Premium Pink,GORDON'S,Garrafa 0.7 LT,"18,23€","26,04€ / LT",
BLOCO SANITARIO ACTIV EFFECT AGUA AZUL 2UN,SYPHON,Emb. 2 UNID.,"1,29€","0,65€ / UNID.",
BOLACHAS \'LES ANIMAUX\' COBERTURA DE CHOCO LEITE,P'TIT DÉLI,Emb. 0.225 KG,"1,99€","8,84€ / KG",
Cápsulas Café Fortíssimo - Intensidade 12,PLANTATION,Emb. 10 UNID.,"1,79€","0,18€ / UNID.",
Frutas 100% Maçã e Manga S/ Glúten +6 meses 4 Unid.,NATURNES,Emb. 0.4 KG,"2,19€","5,48€ / KG",
ALIMENT BEBE: PURE MACA E BOLACHA BIO 6M,BIO VILLAGE BEBE,Emb. 0.4 KG,"2,09€","5,23€ / KG",
Pantene Superalimento Ampolas Resgate,PANTENE PV,Emb. 0.045 LT,"4,64€","103,11€ / LT",
INFUSAO A FRIO FRUTOS VERMELHOS,TISÉA,,"1,85€",/ Unid.,
Choco Limpo,,1 Unid. = 0.5 KG (aprox.),"49,99€/kg","25,00€ / Unid.",
MOEDAS CHOCOLATE LEITE,COPAÍNS COPINES,Emb. 0.1 KG,"1,25€","12,50€ / KG",
Sumo 100% Laranja Biológico,,Emb. 1 LT,"2,29€","2,29€ / LT",
BOLA PILATES 75CM,WOODSUN,Emb. 1 UNID.,"10,42€","10,42€ / UNID.",
FITA ADESIVA DE PINTOR 50MX,ECO+,Emb. 2 UNID.,"2,29€","1,15€ / UNID.",
DETERGENTE GEL EXPRESS - TIRA NODOAS 2EM1,EPSIL,Emb. 0.25 LT,"1,45€","5,80€ / LT",
Pernil de Porco,,1 Unid. = 1.1 KG (aprox.),"2,98€/kg","3,28€ / Unid.",
Gordura 100% Vegetal,NAT&VIE,Emb. 1 KG,"5,99€","5,99€ / KG",
VELA NUMERO - 2,ARDENCE,Emb. 1 UNID.,"0,89€","0,89€ / UNID.",
Gelado de Chocolate Pack 6,CORNETTO,Emb. 0.54 LT,"4,39€","8,13€ / LT",
Vinho Regional Tejo Tinto,QUINTA ALORNA,Garrafa 0.75 LT,"3,49€","4,65€ / LT",
GELATINA CONDI MORANGO 2X85G,CONDI,,"1,69€",/ Unid.,
Massa Margaridas com Vegetais,MILANEZA,Emb. 0.5 KG,"1,94€","3,88€ / KG",
Atum ao Natural,BOM PETISCO,Emb. 0.12 KG,"1,39€","11,58€ / KG",
Pizza Hawaii,RISTORANTE,Emb. 0.355 KG,"3,69€","10,39€ / KG",
Néctar Compal Vital de Ananás e Coco,COMPAL,Emb. 1 LT,"1,62€","1,62€ / LT",
Detergente Manual Loiça Concentrado Limão,FAIRY,Emb. 0.78 LT,"2,69€","3,45€ / LT",
Barquette Morango,LULU,Emb. 0.12 KG,"1,95€","16,25€ / KG",
Palmiers Cobertos com Chocolate de Leite,P'TIT DÉLI,Emb. 0.11 KG,"1,05€","9,55€ / KG",
Drageia Menta,MENTOS,Emb. 0.04 KG,"0,65€","16,25€ / KG",
Infusão Chá Pêssego Bio,,Emb. 1 LT,"1,49€","1,49€ / LT",
Pensos Higiénicos Ultra Finos C/ Abas,DOULYS,Emb. 24 UNID.,"2,05€","0,09€ / UNID.",
IOGURTE BATIDO C/ PEDACOS MORANGO E FRAMBOESA,DÉLISSE,Emb. 0.5 KG,"1,29€","2,58€ / KG",
Bife de Alcatra Novilho,,1 Unid. = 0.35 KG (aprox.),"9,99€/kg","3,50€ / Unid.",
Pão de Forma para Canapés,EPI D'OR,Emb. 0.28 KG,"1,29€","4,61€ / KG",
Bombons Raffaello,RAFAELLO,Emb. 0.03 KG,"1,19€","39,67€ / KG",
Sidra com Álcool de Maça 10x33cl,SOMERSBY,Emb. 3.3 LT,"9,69€","2,94€ / LT",
CACAU EM PO SEM ACUCAR - PARA BEBER OU SOBREMESAS,EQUADOR,Emb. 0.25 KG,"1,89€","7,56€ / KG",
Escova P/ Fatos,SILLAGE,Emb. 1 UNID.,"1,78€","1,78€ / UNID.",
Paté de Sardinha e Cavala,PÊCHE OCÉAN,Emb. 0.065 KG,"0,69€","10,62€ / KG",
Creme de Barbear Protector,NIVEA MEN,Emb. 0.1 LT,"3,99€","39,90€ / LT",
Bebida de Aveia 0% 3x200ML,SHOYCE,Emb. 0.6 LT,"2,12€","3,53€ / LT",
Bolachas Pequeno Almoço,ECO+,Emb. 0.35 KG,"1,19€","3,40€ / KG",
Panela 24Cm,ECO+,Emb. 1 UNID.,"12,99€","12,99€ / UNID.",
Pantene Frizz Control & Luminosidade Máscara 160 ml,PANTENE PV,Emb. 0.16,"5,99€","37,44€ /",
CABIDE REVESTIDO C/BARRA,SILLAGE,Emb. 4 UNID.,"1,79€","0,45€ / UNID.",
Iogurte Líquido Proteíco Tropical Lindahls,NESTLÉ,Emb. 0.33 LT,"1,89€","5,73€ / LT",
Alimento Seco P/ Gato Controlo Bolas De Pelo,FRISKIES,Emb. 1.5 KG,"6,71€","4,47€ / KG",
Bebida de Soja Fonte de Cálcio,NAT&VIE,Emb. 1 LT,"1,05€","1,05€ / LT",
RECARGA MOPA MICROFIBRAS ABRASIVO,SILLAGE,Emb. 1 UNID.,"1,99€","1,99€ / UNID.",
Biscoito Wafer Framboesa,VIEIRA,Emb. 0.125 KG,"1,14€","9,12€ / KG",
Puré de Tomate Duplo Concentrado,TURINI,Emb. 0.2 KG,"1,09€","5,45€ / KG",
CHAMPO + DUCHE TONIFICANTE PARA HOMEM,CARRÉ HOMME,Emb. 0.25 LT,"0,95€","3,80€ / LT",
MAIONESE C/ MOSTARDA DE DIJON TOP DOWN,RUSTICA,Emb. 0.235 KG,"1,55€","6,60€ / KG",
Papel Anti-Traças,RAID,Emb. 4 UNID.,"1,98€","0,50€ / UNID.",
MOLAS 24UN,HOMESIDE,Emb. 24 UNID.,"2,50€","0,10€ / UNID.",
REFEICAO NOODLES SABOR CARIL,TABLES DU MONDE,Emb. 0.085 KG,"0,59€","6,94€ / KG",
Amaciador Surf Concentrado Jasmim E Maçã Verde 90 Doses,SURF,Emb. 1.8 LT,"3,49€","1,94€ / LT",
NATAS LIQUIDAS UHT GARRAFA 15%MG,DÉLISSE,Emb. 0.5 KG,"1,95€","3,90€ / KG",
Bolacha Torrada,NACIONAL,Emb. 0.175 KG,"1,09€","6,23€ / KG",
CHOURICAO FATIADO,CAMPO FINO,Emb. 0.15 KG,"1,49€","9,93€ / KG",
VASSOURA SEDA CINZENTA,SILLAGE,Emb. 1 UNID.,"2,95€","2,95€ / UNID.",
Champô Anti-Caspa Linic Sem Controlo Oleosidade,LINIC,Emb. 0.225 LT,"3,34€","14,84€ / LT",
Regulador Ph Mais Sólido,BEAUX JOURS,Emb. 2 KG,"8,99€","4,50€ / KG",
GELADO 6 CHOCOLATE / 6 PISTACHIO,SMICY,Emb. 12 UNID.,"2,69€","0,22€ / UNID.",
Bolachas de Germen de Trigo e Pepitas de Chocolate,NAT&VIE,Emb. 0.2 KG,"1,69€","8,45€ / KG",
PEDACINHOS ATUM COM TOMATE 3X80G,PÊCHE OCÉAN,Emb. 0.24 KG,"1,75€","7,29€ / KG",
Cotonetes Algodão C/ Cabo Papel Ziplock,INELL,Emb. 160 UNID.,"0,79€","0,00€ / UNID.",
Iogurte de Aromas Les Zaros 16x125g,DÉLISSE,Emb. 2 KG,"2,69€","1,35€ / KG",
Nutella,NUTELLA,Emb. 0.2 KG,"1,99€","9,95€ / KG",
AMENDOINS C/ PELE TORRADOS C/ SAL,TOKAPI,Emb. 0.4 KG,"2,45€","6,13€ / KG",
BISCOITOS DE COCO,P'TIT DÉLI,Emb. 0.4 KG,"1,55€","3,88€ / KG",
Ancinho 14 Dentes,BEAUX JOURS,Emb. 1 UNID.,"12,99€","12,99€ / UNID.",
Champô Seco Volume,TRESEMMÉ,Emb. 0.25 LT,"5,39€","21,56€ / LT",
Iogurte Líquido Banana 4 Unid.,YOGGI,Emb. 0.64 KG,"2,09€","3,27€ / KG",
Arroz Basmati,,Emb. 1 KG,"1,89€","1,89€ / KG",
Ravioli de Legumes,CÔTÉ TABLE,Emb. 0.8 KG,"1,99€","2,49€ / KG",
Chouriço Damatta De Carne Beirão,DAMATTA,Emb. 0.225 KG,"3,54€","15,73€ / KG",
Bolachas de Trigo e Sementes de Sésamo,NAT&VIE,Emb. 0.2 KG,"1,47€","7,35€ / KG",
SUBLINHADORES SORTIDOS 4UN,ESQUISSE,Emb. 4 UNID.,"2,99€","0,75€ / UNID.",
STICK ESPIRAIS BOVINO 4UN,TOUS MES AMIS,Emb. 4 UNID.,"0,79€","0,20€ / UNID.",
SYOSS COLOR 4-8 CASTANHO CHOCOLATE 16X3,SYOSS,,"4,99€",/ Unid.,
Ambientador Máquina Loiça Limão,FINISH,Emb. 2 UNID.,"4,99€","2,50€ / UNID.",
DETERGENTE LIQUIDO CONCENTRADO PRIMAVERA 28D,EPSIL,,"2,90€",/ Unid.,
DESENTUPIDOR CANOS GEL 1L,SYPHON,Emb. 1 LT,"1,39€","1,39€ / LT",
Detergente Líquido Multisuperficies Lavanda,SONASOL,Emb. 1.3 LT,"2,09€","1,61€ / LT",
COLORACAO LOURO ESCURO 6.0,VITANOVE,Emb. 1 UNID.,"2,99€","2,99€ / UNID.",
"ALHO EMB 250GR Org Esp, cal.50/70",,Emb. 0.25 KG,"1,39€","5,56€ / KG",
Preparado Canja de Galinha C/ Aletria,MAGGI,Emb. 0.082 KG,"1,12€","13,66€ / KG",
SORTIDO APERITIVOS TUFADOS,TOKAPI,Emb. 0.1 KG,"1,19€","11,90€ / KG",
IOGURTE POUCH SABOR BAUNILHA E FRAMBOESA 6X90G,DÉLISSE,Emb. 0.54 KG,"2,45€","4,54€ / KG",
Chá Verde Wellbeing,LIPTON,Emb. 0.032 KG,"1,94€","60,63€ / KG",
Massa Cotovelinhos Chifferini,MILANEZA,Emb. 0.5 KG,"1,19€","2,38€ / KG",
ALIMENTO HUMIDO COELHO/RIM/BORREGO/PATO/SALMAO 4X85G,LYCAT,Emb. 0.34 KG,"2,49€","7,32€ / KG",
Leite de Limpeza Bebé,MOTS D'ENFANTS,Emb. 0.25 UNID.,"1,49€","5,96€ / UNID.",
CREME DE LEGUMES,REGAL SOUPE,Emb. 0.35,"1,49€","4,26€ /",
Aerossol Air Brisa Marinha,AMBIPUR,Emb. 0.3 LT,"3,99€","13,30€ / LT",
Vinho A.O.C. Sauternes 2014,CHANTET BLANET,Garrafa 0.75 LT,"14,49€","19,32€ / LT",
"BL1 LED ESFERA 5,5W-40W E14 LUZ AMARELA",FOXTER,Emb. 1 UNID.,"2,99€","2,99€ / UNID.",
Detergente para a Máquina da Loiça,SUN,Emb. 1.575 KG,"12,34€","7,83€ / KG",
CUBOS DE FIAMBRE 2X75G,TRADILÈGE,Emb. 0.15 KG,"1,79€","11,93€ / KG",
Queijo Fatiado 2X200 g,LIMIANO,Emb. 0.4 KG,"4,48€","11,20€ / KG",
GEL BARBEAR ANTI-IRRITACAO 200ML,CARRÉ HOMME,Emb. 0.2 LT,"1,89€","9,45€ / LT",
CREME PROTESES,DENTAMYL,Emb. 0.05 KG,"3,85€","77,00€ / KG",
CERA LIQUIDA INCOLOR 75ML,LA VACHETTE,Emb. 0.075 LT,"2,15€","28,67€ / LT",
Salsichas Porco Forno Lenha,IZIDORO,Emb. 5 UNID.,"2,49€","0,50€ / UNID.",
Conserva de Salsichas Frankfurt 6 Unid.,IZIDORO,Lata 0.12 KG,"0,83€","6,92€ / KG",
Óleo Intense 6-80 Louro Avelã,SYOSS,,"6,24€",/ Unid.,
Creme Culinário Côco,NAT&VIE,Emb. 0.25 LT,"1,49€","5,96€ / LT",
Galão São Lourenço 3x200 ml,UCAL,Emb. 0.6 LT,"2,28€","3,80€ / LT",
Vinho Regional Douro Tinto,CISTUS,Garrafa 0.75 LT,"5,54€","7,39€ / LT",
Vinho Tinto Titan Douro,TITAN DE DOURO,Emb. 0.75 LT,"12,94€","17,25€ / LT",
Deo Creme Hidra Essencial 0% Álcool,VASELINE,Emb. 0.05 LT,"2,84€","56,80€ / LT",
Chá Verde de Pêssego Branco,LIPTON,Emb. 1 LT,"1,28€","1,28€ / LT",
GLISS REPARAÇÃO PONTAS ESPIGADAS,GLISS,Emb. 0.05 LT,"3,79€","75,80€ / LT",
QUEIJO VACA CURADO 4UN,LES CROISÉS,Emb. 0.2 KG,"2,69€","13,45€ / KG",
BOLACHAS PEQUENO ALMOCO MEL E PEPITAS CHOCO,P'TIT DÉLI,Emb. 0.4 KG,"1,88€","4,70€ / KG",
Vinho Regional Alentejo Tinto,ADEGA DE BORBA,Garrafa 0.75 LT,"2,89€","3,85€ / LT",
Água sem Gás 6x50cl,LUSO,Emb. 3 LT,"2,70€","0,90€ / LT",
RATO PRETO COMPATIVEL PC/MAC,LINKSTER,Emb. 1 UNID.,"6,49€","6,49€ / UNID.",
AMENDOINS S/ SAL TORRADOS,TOKAPI,Emb. 0.2 KG,"0,85€","4,25€ / KG",
Café Cápsulas Saboroso Intensidade 9,PLANTATION,Emb. 16 CAPS.,"2,59€","0,16€ / CAPS.",
Bacalhau Lombo,,Emb. 0.7 KG,"12,99€","18,56€ / KG",
Queijo Amanteigado Fatiado,PAIVA,Emb. 0.18 Kg,"2,73€","15,17€ / Kg",
Massa Espirais Semi-Integrais Biológica,,Emb. 0.5 KG,"1,29€","2,58€ / KG",
"GEL HIGIENE ÍNTIMA FRESH, 250ML",CORINE DE FARME,Emb. 0.25 LT,"2,99€","11,96€ / LT",
Vinho Verde Branco,COMP DO VINHO,Garrafa 0.75 LT,"2,19€","2,92€ / LT",
Luvas para Uso Doméstico Tamanho S,RENOVA LUVAS,Emb. 1 UNID.,"1,09€","1,09€ / UNID.",
Barrinhas Periquito sabor Mel,TOUS MES AMIS,Emb. 0.06 KG,"1,69€","28,17€ / KG",
Fatias Finas Fiambre Peito de Peru Original,NOBRE,Emb. 0.11 KG,"2,14€","19,45€ / KG",
Carvão Vegetal Artesanal,,Emb. 10 KG,"11,99€","1,20€ / KG",
SACOS LIXO C/ ATILHO 30L,ECO+,Emb. 20 UNID.,"0,80€","0,04€ / UNID.",
Chocolate Choco Waffel Leite,MILKA,Emb. 0.18 KG,"2,58€","14,33€ / KG",
Sargo Fresco,,1 Unid. = 0.4 KG (aprox.),"10,99€/kg","4,40€ / Unid.",
Creme de Banho Care,NIVEA,Emb. 0.75 LT,"3,49€","4,65€ / LT",
Atum Posta Caril,BOM PETISCO,Emb. 0.12 KG,"1,56€","13,00€ / KG",
BOUIL.DESHYDRATE,RUSTICA,Emb. 0.12 KG,"0,79€","6,58€ / KG",
ESCOVA DENTES MEDIA,DENTAMYL,Emb. 4 UNID.,"1,29€","0,32€ / UNID.",
Caldo Galinha 6 Cubos,MAGGI,Emb. 0.06 KG,"0,89€","14,83€ / KG",
Tablete Chocolate Branco Culinária,PANTAGRUEL,Emb. 0.2 KG,"2,49€","12,45€ / KG",
Saco Congelação Grande,ELEMBAL,Emb. 25 UNID.,"0,88€","0,04€ / UNID.",
MASCARA REPARADORA 300ML,VITANOVE,Emb. 0.3 LT,"2,39€","7,97€ / LT",
CUSCUZ MEDIO,COMPTOÍR DU GRAIN,Emb. 0.5 KG,"1,09€","2,18€ / KG",
Pimento Verde,,1 Unid. = 0.19 KG (aprox.),"2,29€/kg","0,44€ / Unid.",
Pão de Avó,,1 Unid. = 0.08 KG (aprox.),"2,19€/kg","2,19€ / Unid.",
Bolachas com Recheio Aroma a Framboesa,P'TIT DÉLI,Emb. 0.15 KG,"1,19€","7,93€ / KG",
CHA PRETO CEILAO BIO,,Emb. 20 UNID.,"1,79€","0,09€ / UNID.",
FEIJOCAS FERBAR 580G,FERBAR,Emb. 0.58 KG,"1,56€","2,69€ / KG",
Vinho Tinto,ALANDRA,Garrafa 0.75 LT,"2,87€","3,83€ / LT",
FLOCOS SABAO MARSELHA ECO,UNÍ VERT,,"5,39€",/ Unid.,
Desodorizante Roll-On Narta Invisível 48H,GARNIER,Emb. 0.05 LT,"3,99€","79,80€ / LT",
Batatas Fritas Crocantes Onduladas,POM'LISSE,Emb. 0.15 KG,"1,25€","8,33€ / KG",
Bolo Mármore,,1 Unid. = 0.5 KG  (aprox.),"3,99€","7,98€ / KG",
Alimento Húmido P/ Gato Frango e Cenoura,PURINA FRISKIES,Emb. 0.4 KG,"1,59€","3,98€ / KG",
Fraldas Bebé Extra Absorção Activity Tamanho 5,DODOT,Emb. 48 LT,"13,29€","0,28€ / LT",
Bolachas Original,OREO,Emb. 0.154 KG,"1,33€","8,64€ / KG",
CONJUNTO DE 3 PANOS MICROFIBRAS,ECO+,Emb. 3 UNID.,"1,49€","0,50€ / UNID.",
Iogurte Mix-in Smarties 73% Leite Morango 2 Unid.,NESTLÉ,Emb. 0.256 KG,"2,09€","8,16€ / KG",
Vinho Regional Dão Tinto,DUQUE DE VISEU,Garrafa 0.75 LT,"4,39€","5,85€ / LT",
Whisky J&B 15 Anos,J&B,Emb. 0.7 LT,"25,98€","37,11€ / LT",
Ice tea Manga 2x2lt,LIPTON,Emb. 4 LT,"4,99€","1,25€ / LT",
Pantene Repara & Protege Champô,,Emb. 0.1 LT,"9,99€","99,90€ / LT",
Conserva de Cogumelos Inteiros,,Emb. 0.23 KG,"1,25€","5,43€ / KG",
Snack P/ Cão Pequeno 7-12Kg,PURINA,Emb. 0.115 KG,"2,29€","19,91€ / KG",
Conserva de Feijão Manteiga,NOTRE JARDIN,Lata 0.85 KG,"0,99€","1,16€ / KG",
IOGURTE CREMOSO COCO C/ BASE MANGA MARACUJA,NAT&VIE,,"2,59€",/ Unid.,
Douradinhos 30 Unid. Ultracongelado,CAPITÃO IGLO,Emb. 0.84 KG,"7,49€","8,92€ / KG",
Fiambre à italiana Fatias,TRADILÈGE,Emb. 0.12 KG,"1,99€","16,58€ / KG",
Natas Líquidas Biológicas,,Emb. 0.6 L,"3,85€","6,42€ / L",
Suspiro,,1 Unid. = 0.09 KG,"2,99€","33,22€ / KG",
Pantene Creme de Pentear Sem Enxaguar Caracóis 270ml,PANTENE PV,Emb. 0.27 LT,"4,49€","16,63€ / LT",
Sumo Multifrutos 100% Puro,JAFADEN,Emb. 1 LT,"1,49€","1,49€ / LT",
NUGGETS FRANGO 20UN FAMILIAR,CÔTÉ CROC,Emb. 0.4 KG,"2,99€","7,48€ / KG",
Detergente Manual Loiça Ultra,FAIRY,Emb. 0.48 LT,"2,15€","4,48€ / LT",
TORTAS DE ANIS - 12UN,P'TIT DÉLI,Emb. 0.4 KG,"1,99€","4,98€ / KG",
Dove Go Fresh Gel de Banho Chá Verde,DOVE,Emb. 0.75 LT,"4,19€","5,59€ / LT",
Pensos para calos,HANSAPLAST,Emb. 8 UNID.,"3,59€","0,45€ / UNID.",
Merenda Mista,,1 Unid. = 0.1 KG,"0,79€","7,90€ / KG",
Saqueta Multifrutos com Bolacha,HERO BABY,Emb. 0.1 KG,"0,93€","9,30€ / KG",
BOLOS C/ RECHEIO CHOCOLATE S/ GLUTEN,CHAQUE JOUR SANS GLUTEN,Emb. 0.21 KG,"3,05€","14,52€ / KG",
Elixir 12 Horas Protection,COLGATE,Emb. 0.5 LT,"6,49€","12,98€ / LT",
Couve Flor Congelada,NOTRE JARDIN,Emb. 1 KG,"1,85€","1,85€ / KG",
Rilletes de Mans,TRADILÈGE,Emb. 0.22 KG,"2,25€","10,23€ / KG",
Brandy,1920,Garrafa 0.7 LT,"11,39€","16,27€ / LT",
Amendoim C/ Casca Torrado,MARQUE REPERE,Emb. 1 KG,"3,89€","3,89€ / KG",
Pão de Leite Brioche 8Unid.,BIMBO,Emb. 0.28 KG,"2,18€","7,79€ / KG",
OIKOS PESSEGO 110G X4,OIKOS,Emb. 0.44 KG,"2,39€","5,43€ / KG",
CANELA EM PO SAQUETA,RUSTICA,Emb. 0.08 KG,"0,95€","11,88€ / KG",
Água S/ Gás Mineral Natural,,Garrafão 6 LT,"1,10€","0,18€ / LT",
Nabo sem Rama,,1 Unid. = 0.29 KG (aprox.),"2,29€/kg","0,66€ / Unid.",
Bifidus Actifidus Muesli 4x124g,DÉLISSE,Emb. 0.5 KG,"1,19€","2,38€ / KG",
Água C/ Gás 6x25cl,CASTELLO,Emb. 1.5 LT,"2,68€","1,79€ / LT",
Leite UHT Meio Gordo,AGROS,Emb. 0.6 LT,"1,18€","1,97€ / LT",
Iogurte Grego com Mel 4x150g,DÉLISSE,Emb. 0.6 KG,"1,99€","3,32€ / KG",
Galetes Arroz Cobertas de Chocolate Biológicas,,Emb. 0.09 KG,"1,35€","15,00€ / KG",
Muesli,ALPEN,Emb. 0.55 KG,"4,04€","7,35€ / KG",
DESODORIZANTE SPRAY SEDUCTION MEN 100ML COMPACT,CARRÉ HOMME,Emb. 0.1 LT,"1,15€","11,50€ / LT",
Iogurte Pedaços Frutos Tropicais,MIMOSA,Emb. 0.48 KG,"1,49€","3,10€ / KG",
FEIJOCA EXTRA FINA,NOTRE JARDIN,Emb. 0.4 KG,"0,95€","2,38€ / KG",
Queijo Mozzarella,ECO+,Emb. 0.125 KG,"0,85€","6,80€ / KG",
Bolachas Amanteigadas,P'TIT DÉLI,Emb. 0.2 KG,"1,39€","6,95€ / KG",
Manteiga sem Sal,PRIMOR,Emb. 0.25 KG,"2,20€","8,80€ / KG",
Massa Farfalle,TURINI,Emb. 0.5 KG,"1,04€","2,08€ / KG",
Snacks P/ Cão 12-25Kg Dentalife Medium,PURINA,Emb. 0.345 KG,"6,59€","19,10€ / KG",
Conjunto de 2 Colas Cyano Acrylate,ECO+,Emb. 2 UNID.,"1,49€","0,75€ / UNID.",
Tortilha Batata e Cebola,TABLES DU MONDE,Emb. 0.5 KG,"2,89€","5,78€ / KG",
Barrinhas P/ Canários sabor a Mel,TOUS MES AMIS,Emb. 0.06 KG,"1,69€","28,17€ / KG",
Recarga Sabonete Líquido Leite/Mel,MANAVA,Emb. 0.25 LT,"0,69€","2,76€ / LT",
APERITIVOS SORTIDOS,TOKAPI,Emb. 0.1 KG,"1,19€","11,90€ / KG",
Detergente Manual Loiça Limão,SUPER POP,Emb. 0.7 LT,"1,49€","2,13€ / LT",
Arroz Agulha,CIGALA,Emb. 1 KG,"1,24€","1,24€ / KG",
Bolachas Digestive Go Canela 6 Saquetas,TRIUNFO,Emb. 0.171 KG,"1,59€","9,30€ / KG",
Óleo de Cedro,MISTOLIN,Emb. 0.36 LT,"2,65€","7,36€ / LT",
Dentífrico Anti-Tártaro +Blanqueador,COLGATE,Emb. 0.075 LT,"1,79€","23,87€ / LT",
Bolachas Original Family Format,OREO,Emb. 0.44 KG,"3,83€","8,70€ / KG",
Sobremesa Creme de Baunilha 4X125g,DÉLISSE,Emb. 0.5 KG,"1,49€","2,98€ / KG",
IOGURTE GREGO CAFE 4X150G,DÉLISSE,Emb. 0.6 KG,"1,89€","3,15€ / KG",
Cápsulas Café Cortado Espresso Macchiato Intensidade 8,DOLCE GUSTO,Emb. 16 CAPS.,"5,95€","0,37€ / CAPS.",
Batatas P/ Fritar,,Emb. 3 KG,"2,49€","0,83€ / KG",
MARCADOR PRETO P/QUADRO BRANCO 2UN,ESQUISSE,Emb. 2 UNID.,"0,89€","0,45€ / UNID.",
MOLHO PARA BATATAS FRITAS,RUSTICA,Emb. 0.919 KG,"3,99€","4,34€ / KG",
Elixir Cool Mint,SENSODYNE,Emb. 0.5 LT,"5,99€","11,98€ / LT",
Alho em Pó,RUSTICA,Frasco 0.038 KG,"0,69€","18,16€ / KG",
RECARGA ESFREGONA TIRAS,SILLAGE,Emb. 1 UNID.,"2,19€","2,19€ / UNID.",
Vinho do Porto Especial Reserva,DORRÃO,Emb. 0.75 LT,"7,99€","10,65€ / LT",
CLAFOUTIS- TARTE DE CEREJAS,DÉLISSE,Emb. 0.34 KG,"2,39€","7,03€ / KG",
Tablete de Chocolate Cereais Crocantes 4x100g,ECO+,Emb. 0.4 KG,"2,15€","5,38€ / KG",
Cápsulas Café Cappuccino,DOLCE GUSTO,Emb. 16 CAPS.,"5,89€","0,37€ / CAPS.",
Massa Entrefina,TURINI,Emb. 0.5 KG,"0,89€","1,78€ / KG",
Bolachas com Cobertura de Chocolate de Leite,,Emb. 0.2 KG,"1,79€","8,95€ / KG",
CHOCOLATE CULINARIA PRALINE,TABLETTE D'OR,Emb. 0.2 KG,"1,99€","9,95€ / KG",
Sumo de Laranja e Manga,JOI,Garrafa 1.5 LT,"1,04€","0,69€ / LT",
Champô Total Repair 5,ELVIVE,Emb. 0.25 LT,"3,99€","15,96€ / LT",
Caldo de Galinha 12x10g,ECO+,Emb. 0.12 KG,"0,55€","4,58€ / KG",
Alimento Seco para Gato Carne e Cereais,ECO+,Emb. 2 KG,"3,15€","1,58€ / KG",
Cerveja com Álcool,CRISTAL,Garrafa 1 LT,"1,30€","1,30€ / LT",
Aguardente Velha,CR&F,Emb. 0.7 LT,"17,27€","24,67€ / LT",
Vela fragância de laranja,AIRWICK,Emb. 0.32 KG,"2,84€","8,88€ / KG",
Gel de Banho para Corpo e Cabelo,DOVE,Emb. 0.4 LT,"3,29€","8,23€ / LT",
Abrasivo Sanitário Active Fresh Pinho,HARPIC,Emb. 0.75 LT,"1,94€","2,59€ / LT",
Caramelos de Manteiga e Nata,WERTHER'S,Emb. 0.135 KG,"2,89€","21,41€ / KG",
Café Lote Clássico Grão,SICAL,Emb. 1 KG,"13,89€","13,89€ / KG",
Vinho do Porto Velhotes Tawny,CALEM,Garrafa 0.75 LT,"4,99€","6,65€ / LT",
Cereais Granola de Aveia Mel,NESTLÉ,Emb. 0.3 KG,"2,79€","9,30€ / KG",
Uva Branca,,1 Unid. = 0.25 KG (aprox.),"2,29€/kg","0,57€ / Unid.",
Ambientador Máquina Loiça,FINISH,Emb. 1 UNID.,"3,24€","3,24€ / UNID.",
COMEDOURO DUPLO GRANDE,ECO+,Emb. 1 UNID.,"1,40€","1,40€ / UNID.",
DUREX Lubrificante Play Efeito Calor,DUREX,Emb. 0.05 LT,"6,99€","139,80€ / LT",
Puré Fruta Vários Sabores S/ Adição Açúcares,DOUCEUR DU VERGER,Emb. 1.6 KG,"3,87€","2,42€ / KG",
GEL FIX EXTREME VITANOVE 250ML,VITANOVE,Emb. 0.25 LT,"1,69€","6,76€ / LT",
MINI VASSOURA COCO,SILLAGE,Emb. 1 UNID.,"1,60€","1,60€ / UNID.",
Cuscus Clássica,NACIONAL,Emb. 0.25 KG,"0,63€","2,52€ / KG",
CHAMPO CABELOS GRISALHOS OU BRANCOS,NATEIS,Emb. 0.25 LT,"1,99€","7,96€ / LT",
Amaciador Roupa Concentrado Intense Care Protect,COMFORT,Emb. 60 DOSES,"3,99€","0,07€ / DOSES",
Massa Cotovelinhos,ECO+,Emb. 1 KG,"1,29€","1,29€ / KG",
CORRETOR MNY SS30H 25 BL,MAYBELLINE,Emb. 1 UNID.,"9,99€","9,99€ / UNID.",
"PULVERIZADOR MANUAL 1,5L",BEAUX JOURS,Emb. 1 UNID.,"2,99€","2,99€ / UNID.",
LIMPA VIDROS C/ PISTOLA,CLAIR,Emb. 0.75 LT,"0,79€","1,05€ / LT",
Bebida de Arroz Original,SHOYCE,Emb. 1 LT,"1,78€","1,78€ / LT",
Maçã Pink Lady Cal. 70/75,,1 Unid. = 0.19 KG (aprox.),"2,96€/kg","0,56€ / Unid.",
Vinho Rosé,ECO+,Garrafão 5 LT,"5,69€","1,14€ / LT",
Escova de Dentes Criança Unicórnio Luminoso,PETIT DENTAMYL,Emb. 1 UNID.,"2,49€","2,49€ / UNID.",
OVOS FRESCOS L/M/S BIO,,Emb. 6 UNID.,"2,29€","0,38€ / UNID.",
Argolas do mar,PESCANOVA,Emb. 1 KG,"8,74€","8,74€ / KG",
Chá Cherry Love,LIPTON,Emb. 20 SAQS,"1,94€","0,10€ / SAQS",
Area Absorvente Optimale,TOUS MES AMIS,Emb. 5 LT,"5,99€","1,20€ / LT",
Cereais de Milho S/ Glúten C/ Chocolate Corn Flakes,NESTLÉ,Emb. 0.375 KG,"2,24€","5,97€ / KG",
XAU LIMPA MAQ EXPRESS,XAU,Emb. 0.25 LT,"4,99€","19,96€ / LT",
Cookies Sem Gluten,GULLÓN,Emb. 0.2 KG,"2,59€","12,95€ / KG",
CREME DE MAOS REPARADOR 100ML,INELL,Emb. 0.1 LT,"1,30€","13,00€ / LT",
OIKOS MANGA-PAPAIA,OIKOS,Emb. 0.44 KG,"2,39€","5,43€ / KG",
Feijoada Transmontana,NOBRE,Lata 0.42 KG,"1,76€","4,19€ / KG",
Cerveja sem Álcool 6x33cl,SUPER BOCK,Emb. 1.98 LT,"4,49€","2,27€ / LT",
RACLETTE RECTANGULAR 10P 1200W,ELSAY,,"59,90€",/ Unid.,
Choco Inteiro Congelado,,1 Unid. = 0.2 KG (aprox.),"49,99€/kg","10,00€ / Unid.",
Azeite Virgem Extra Colheita Madura,GALLO,Emb. 0.5 LT,"4,99€","9,98€ / LT",
Água Mineral Natural,PENACOVA,Garrafão 5 LT,"0,95€","0,19€ / LT",
SACOS LIXO ALCAS 30L,ELEMBAL,Emb. 20 UNID.,"1,25€","0,06€ / UNID.",
2 Lombos de Salmão,,Emb. 0.25 KG,"9,99€","39,96€ / KG",
Detergente Máquina Roupa Líquido Lãs e Sedas,WOOLITE,Emb. 25 DOSES,"3,49€","0,14€ / DOSES",
CAPA PLASTICA C/ELASTICO A4 3UN,ESQUISSE,Emb. 3 UNID.,"2,99€","1,00€ / UNID.",
Fiambre da Perna Extra Cuida-T,NOBRE,1 Unid. = 0.12 KG (aprox.),"9,99€/kg","1,20€ / Unid.",
Escova de Bambu Suave,COLGATE,Emb. 1 UNID.,"2,99€","2,99€ / UNID.",
Massa Tagliatelle,TURINI,Emb. 0.5 KG,"1,29€","2,58€ / KG",
TESOURA ROSA C/PROTECAO 13CM,ESQUISSE,Emb. 1 UNID.,"1,59€","1,59€ / UNID.",
Maçã Bravo Esmolfe Cal. 65+,,1 Unid. = 0.2 KG (aprox.),"2,59€/kg","0,52€ / Unid.",
Vinho Regional Dão Seleção Branco,CABRIZ,Garrafa 0.75 LT,"4,89€","6,52€ / LT",
Tenaz Russa 225 Mm,FOXTER,Emb. 1 UNID.,"4,99€","4,99€ / UNID.",
Patê de Sardinha e Cavala,PÊCHE OCÉAN,Emb. 0.088 KG,"1,19€","13,52€ / KG",
Misto de Patés 4x22g,PÊCHE OCÉAN,Emb. 0.088 KG,"1,19€","13,52€ / KG",
BACALHAU A BRAS 300G,CÔTÉ TABLE,Emb. 0.25 KG,"2,29€","9,16€ / KG",
Pastilhas Elásticas Senses Rainforest Mint 3x23g,TRIDENT,Emb. 0.069 KG,"2,49€","36,09€ / KG",
Chá Menta,TETLEY,Emb. 10 SAQ.,"0,86€","0,09€ / SAQ.",
Detergente Máquina Roupa Cápsulas Regular,A+,Emb. 38 DOSES,"8,48€","0,22€ / DOSES",
Gel Garnier Extra Forte 3 Estructurante,FRUCTIS,Emb. 0.2 LT,"5,48€","27,40€ / LT",
Gel Casa de Banho Limpeza Brilhante,CIF,Emb. 0.75 LT,"1,39€","1,85€ / LT",
GUACAMOLE M.REPERE,TABLES DU MONDE,Emb. 0.3,"1,99€","6,63€ /",
Tablete de Chocolate de Leite para Culinária,TABLETTE D'OR,Emb. 0.17 KG,"1,45€","8,53€ / KG",
Sabonete Líquido Leite e Mel Recarga,PALMOLIVE,Emb. 0.3 LT,"2,79€","9,30€ / LT",
Papa Infantil P/ Preparar C/ Leite,CERELAC,Emb. 0.25 KG,"1,49€","5,96€ / KG",
Conjunto de 4 Suportes Adesivos Brancos,ECO+,Emb. 4 UNID.,"0,59€","0,15€ / UNID.",
Atum em Tomate Biológico,BOM PETISCO,Emb. 0.12 KG,"1,67€","13,92€ / KG",
Cillit Bang Casa de Banho 500ML x12,CILLIT BANG,Emb. 0.5 LT,"2,24€","4,48€ / LT",
FITA METRICA 5M FOXTER,FOXTER,Emb. 1 UNID.,"4,99€","4,99€ / UNID.",
Vinho Regional Douro Tinto,PORCA DE MURÇA,Garrafa 0.75 LT,"4,69€","6,25€ / LT",
Tartelettes Cobertas Pessêgo,ECO+,Emb. 0.2 KG,"0,79€","3,95€ / KG",
Chouriço da Beira Baixa,SNR,Emb. 0.2 KG,"2,40€","12,00€ / KG",
Creme de Mãos Óleo de Côco,DOVE,Emb. 0.075 LT,"2,59€","34,53€ / LT",
Nata UHT,MIMOSA,Emb. 0.2 LT,"0,97€","4,85€ / LT",
Iogurte Bifidus Aveia e Nozes 4 Unid.,DANONE,Emb. 0.48 KG,"2,19€","4,56€ / KG",
Queijo de Barrar Alho Ervas Finas 9x20g,LES CROISÉS,Emb. 0.18 KG,"1,29€","7,17€ / KG",
Alimento Húmido para Cão Patê Aves,ECO+,Emb. 0.3 KG,"0,55€","1,83€ / KG",
Conserva de Feijão Frade Cozido,NOTRE JARDIN,Lata 0.85 KG,"0,99€","1,16€ / KG",
Saboneteira Cinza,SILLAGE,Emb. 1 UNID.,"1,40€","1,40€ / UNID.",
PATE DE COELHO C/ MOSTARDA,CÔTÉ TABLE,Emb. 0.18 KG,"1,59€","8,83€ / KG",
Naco de Bacon Extra,PRIMOR,Emb. 0.2 KG,"3,29€","16,45€ / KG",
ATUM EM OLEO GIRASSOL REDONDO,PÊCHE OCÉAN,Emb. 0.085 KG,"0,69€","8,12€ / KG",
TOALHITAS ANTI-DESCOLORACAO 40UN,TEXIL,Emb. 40 UNID.,"1,99€","0,05€ / UNID.",
Queijo de Ovelha Amanteigado Seia,MARTINS & REBELLO,1 Unid. = 0.5 KG (aprox.),"6,99€/kg","8,72€ / Unid.",
Xau Limpa Máquinas Limão 2Packx12,XAU,,"6,99€",/ Unid.,
Ravioli com 3 Queijos Biológico,,Emb. 0.25 KG,"2,99€","11,96€ / KG",
Vinho Regional Alentejo Tinto,ENCOSTA DAS PERDIZES,Garrafa 0.75 LT,"2,29€","3,05€ / LT",
Camarão Selvagem Cal. 40/60 Congelado,,1 Unid. = 0.25 KG (aprox.),"7,99€/kg","2,00€ / Unid.",
Polvilho Doce Brasil,GLOBO,Emb. 0.5 KG,"1,88€","3,76€ / KG",
Leite Bem Especial Crescimento 1 a 3 anos,MIMOSA,Emb. 1 LT,"1,78€","1,78€ / LT",
Caldo de Peixe,KNORR,Emb. 8 CUBOS,"1,39€","0,17€ / CUBOS",
Creme Limpeza Lixívia e Micro-Cristais,CIF,Emb. 0.7 LT,"2,49€","3,56€ / LT",
BLOCO SANITARIO ACTIV EFFECT MARINHO 3UN,SYPHON,Emb. 3 UNID.,"1,29€","0,43€ / UNID.",
Cera Depilatória a base de Açúcar,VEET,Emb. 0.025 LT,"5,94€","237,60€ / LT",
Cerveja com Álcool Mini 30x25cl,SAGRES,Emb. 7.5 LT,"12,69€","1,69€ / LT",
Escova a Pilhas Motion Kids Minion Bateria,COLGATE,Emb. 1 UNID.,"9,49€","9,49€ / UNID.",
Bolachinhas Criança,BLÉDINA,Emb. 0.125 KG,"2,59€","20,72€ / KG",
Cápsulas Café Blonde P/ Nespresso Intensidade 6,STARBUCKS,Emb. 10 CAPS.,"4,39€","0,44€ / CAPS.",
Body Milk Nutritivo Pele Seca,NIVEA,Emb. 0.4 LT,"4,99€","12,48€ / LT",
Pantene Anticaspa Champô,PANTENE PV,Emb. 0.25 LT,"3,99€","15,96€ / LT",
Pensos Higiénicos Salvaslips Fresh em Bolsas,EVAX,Emb. 40 UNID.,"2,39€","0,06€ / UNID.",
Champô Anti-Caspa Men Limpeza Profunda,LINIC,Emb. 0.36 LT,"4,94€","13,72€ / LT",
Shampoo Fortificante Arginina e Proteína,ELVIVE,Emb. 0.25 LT,"3,99€","15,96€ / LT",
Desodorizante Invisible Aqua Woman Desodorizante Spray,REXONA,Emb. 0.15 LT,"2,54€","16,93€ / LT",
SPRAY LIMPEZA OPTICAS,CLAIR,Emb. 0.02 LT,"1,99€","99,50€ / LT",
Iogurte Grego Natural,YAOS,Emb. 0.45 KG,"1,99€","4,42€ / KG",
Preservativo Ultrafeel,CONTROL,Emb. 10 UNID.,"6,99€","0,70€ / UNID.",
Whisky Vat 69,VAT 69,Garrafa 0.7 LT,"12,95€","18,50€ / LT",
FUSILLI A CARBONARA,COTE SNACK,Emb. 0.3 KG,"2,29€","7,63€ / KG",
PAPEL HIGIENICO 2F COMPACTO 4=12 ECO,UNÍ VERT,,"2,99€",/ Unid.,
Doce de Morango Baixo Teor de Açúcar,DOUCEUR DU VERGER,Frasco 0.34 KG,"1,25€","3,68€ / KG",
Vinho Regional Alentejano Tinto,QUINTA DO CARMO,Garrafa 0.75 LT,"13,49€","17,99€ / LT",
Desodorizante Roll-On Cotton Dry 48H,REXONA,Emb. 0.05 LT,"2,69€","53,80€ / LT",
Detergente para a Maquina da Roupa Active Fresh,SKIP,Emb. 1.458 KG,"14,99€","10,28€ / KG",
Alimento Seco P/ Cão Frango,FRISKIES,Emb. 1.5 KG,"4,84€","3,23€ / KG",
Forquilha Mão 3 Dentes,BEAUX JOURS,Emb. 1 UNID.,"3,99€","3,99€ / UNID.",
MINI SUBLINHADORES 4UN,ESQUISSE,Emb. 4 UNID.,"2,29€","0,57€ / UNID.",
Gel Barbear Protect e Care,NIVEA MEN,Emb. 0.2 LT,"4,39€","21,95€ / LT",
Bebida de Soja Baunilha,NAT&VIE,Emb. 1 LT,"1,29€","1,29€ / LT",
Azeite extra virgem bio suave,GALLO,Emb. 0.75,"4,99€","6,65€ /",
MOUSSE AVES E PORCO BIO P/ CAO 400G,PLENIMA,Emb. 0.4 KG,"1,85€","4,63€ / KG",
Cereais Choco Flakes,CUÉTARA,Emb. 0.5 KG,"2,99€","5,98€ / KG",
Cápsulas Café Au Lait Galão,DOLCE GUSTO,Emb. 16 CAPS.,"5,75€","0,36€ / CAPS.",
GRAO DE BICO SACO,NOTRE JARDIN,Emb. 1 KG,"1,89€","1,89€ / KG",
Iogurte Líquido Corpos Piña Colada 4x155g,DANONE,Emb. 0.62 KG,"1,69€","2,73€ / KG",
Dove Silk Glow Gel de Banho,DOVE,Emb. 0.75 LT,"4,19€","5,59€ / LT",
Leite Achocolatado 4x200ml,AGROS,Emb. 0.8 LT,"1,43€","1,79€ / LT",
"LAPISEIRA 0,5MM+12MINAS+2BORRACHAS",ESQUISSE,Emb. 1 UNID.,"1,69€","1,69€ / UNID.",
Iogurte Bifidus Cremoso Cocktail de Frutas 0% 4 Unid.,DANONE,Emb. 0.48 KG,"1,99€","4,15€ / KG",
Tomate Cacho,,1 Unid. = 0.2 KG (aprox.),"2,29€/kg","0,46€ / Unid.",
Bebida Energética,BURN,Emb. 0.5 LT,"1,06€","2,12€ / LT",
Queijo Fatiado Light -50% Gordura,TERRA NOSTRA,Emb. 0.2 KG,"2,28€","11,40€ / KG",
Bebida Energética Energy,MONSTER ENERGY,Emb. 0.5 LT,"1,20€","2,40€ / LT",
Azeite Pet,OLIVEIRA DA SERRA,Emb. 0.75 LT,"3,24€","4,32€ / LT",
VELA NUMERO - 7,ARDENCE,Emb. 1 UNID.,"0,89€","0,89€ / UNID.",
Amaciador Roupa Sunfresh,COMFORT,Emb. 4 LT,"4,49€","1,12€ / LT",
Conserva de Salsichas Aves 5 Unid.,IZIDORO,Frasco 0.25 KG,"1,59€","6,36€ / KG",
Saint-Emilion A.O.C. 2015,CHANTET BLANET,Garrafa 0.75 LT,"8,99€","11,99€ / LT",
Sabonete Sólido Manteiga Karite,MANAVA,Emb. 2 UNID.,"1,00€","0,50€ / UNID.",
Patê de Atum,LA PIARA,Emb. 0.075 KG,"1,23€","16,40€ / KG",
Desodorizante Roll-On Men Dry Fresh,NIVEA MEN,Emb. 0.05 LT,"2,39€","47,80€ / LT",
Farinha P/ Bolos C/ Fermento,NACIONAL,Emb. 1 KG,"1,18€","1,18€ / KG",
Galetes de Milho Biológicas,,Emb. 0.13 KG,"0,99€","7,62€ / KG",
Ganchos Lavanda,RAID,Emb. 2 UNID.,"4,19€","2,10€ / UNID.",
Fiambre Peito de Peru,CAMPO FINO,1 Unid. = 0.1 KG (aprox.),"8,99€/kg","0,90€ / Unid.",
Leite Crescimento Júnior 1+,NESTLÉ,Emb. 1 LT,"2,21€","2,21€ / LT",
Pasta Pot Cogumelos,KNORR,Emb. 0.07 KG,"1,81€","25,86€ / KG",
Sais De Fruta Digestivo Laranja,ENO,Emb. 0.15 KG,"6,89€","45,93€ / KG",
Bolachas Wafer de Chocolate,VIEIRA,Emb. 0.125 KG,"1,14€","9,12€ / KG",
"PORCOES PESCADA ""COLIN ALASCA"" 10UN",ECO+,Emb. 1 KG,"7,99€","7,99€ / KG",
Mistura Solúvel Chicoria,ECO+,Emb. 0.2 KG,"1,89€","9,45€ / KG",
Desodorizante Roll On Açaí Waterlily,DOVE,Emb. 0.05 LT,"2,69€","53,80€ / LT",
Cerveja C/ Álcool,FALSBOURG,Garrafa 1 LT,"1,04€","1,04€ / LT",
Conjunto de 8 Feltros Pregar 24Mm,FOXTER,Emb. 8 UNID.,"1,59€","0,20€ / UNID.",
Água sem Gás,LUSO,Garrafão 5.4 LT,"1,72€","0,32€ / LT",
MORTADELA MINI,CAMPO FINO,Emb. 0.35 KG,"1,99€","5,69€ / KG",
Ervilhas Extra Finas 3x140G,NOTRE JARDIN,Emb. 0.42 KG,"1,79€","4,26€ / KG",
"AQUAFRESH ELIXIR INTENSE CLN,,500ML",AQUAFRESH,,"4,98€",/ Unid.,
Bolachas Cobertas de Chocolate de Leite,P'TIT DÉLI,Emb. 0.2 KG,"1,49€","7,45€ / KG",
DETERGENTE LIQUIDO ALOE VERA 40D,EPSIL,Emb. 40 DOSES,"4,35€","0,11€ / DOSES",
Batatas Finas e Crocantes,POM'LISSE,Emb. 1 KG,"1,89€","1,89€ / KG",
Sumo Delight California,SUNNY DELIGHT,Garrafa 1.25 LT,"1,64€","1,31€ / LT",
DETERGENTE EM PO SABAO MARSELHA P/ROUPA 50D,XÉOR,,"5,09€",/ Unid.,
AFTERSHAVE BALSAMO HIDRATANTE 100ML,CARRÉ HOMME,Emb. 0.1 LT,"1,89€","18,90€ / LT",
Nuggets Peito de Frango e Queijo Ultracongelado,CAPITÃO IGLO,Emb. 0.208 KG,"5,75€","27,64€ / KG",
Gelado Limão Merengue,ESKISS,Emb. 1 LT,"2,49€","2,49€ / LT",
"Carregador Isqueiro 2,4A Preto",LINKSTER,Emb. 1 UNID.,"7,99€","7,99€ / UNID.",
Café Pastilhas 100% Arabica,ECO+,Emb. 48 PAST.,"3,49€","0,07€ / PAST.",
VELA NUMERADA N 9,,Emb. 1 UNID.,"0,59€","0,59€ / UNID.",
PEITO DE FRANGO FATIAS FINAS,CAMPO FINO,Emb. 0.15 KG,"1,29€","8,60€ / KG",
VILEDA SACO LIXO STYLE 30L FF 15UN,VILEDA,Emb. 15 UNID.,"2,15€","0,14€ / UNID.",
Halls Sem Açúcar Eucalipto,HALLS,Emb. 0.032 KG,"0,85€","26,56€ / KG",
BLOCO SANITARIO AGUA AZUL 2UN,ECO+,Emb. 2 UNID.,"0,80€","0,40€ / UNID.",
DETERGENTE LIQUIDO CLASSICO 40D,EPSIL,Emb. 40 DOSES,"4,65€","0,12€ / DOSES",
Johnson's Loção para Bebé Rosto e Corpo Cotton Touch,JOHNSON'S BABY,Emb. 0.5 LT,"3,89€","7,78€ / LT",
Paté de Atum,PÊCHE OCÉAN,Emb. 0.065 KG,"0,69€","10,62€ / KG",
TORTILHA CHOURICO,TABLES DU MONDE,Emb. 0.5 KG,"3,49€","6,98€ / KG",
SALSICHA PORCO -25% TEOR SAL 4UN,TRADILÈGE,Emb. 0.14 KG,"1,39€","9,93€ / KG",
Água com Gás Limão/Chá Verde 4x25 cl TP,PEDRAS SALGADAS,Emb. 1 LT,"2,39€","2,39€ / LT",
Espumante Doce,COMP DO VINHO,Garrafa 0.75 LT,"3,29€","4,39€ / LT",
DENTIFRICO E ELIXIR FRESCURA EXTREMA,DENTAMYL,Emb. 0.075 LT,"0,95€","12,67€ / LT",
Forno de Lenha Fatias Finas Peito de Peru,CAMPOFRIO,Emb. 0.12 KG,"2,61€","21,75€ / KG",
Douradinhos de Filete de Peixe 15 Unid. Ultracongelado,CAPITÃO IGLO,Emb. 0.42 KG,"5,49€","13,07€ / KG",
ESPUMA BARBEAR HIDRATANTE/FRESCO 250ML,CARRÉ HOMME,Emb. 0.25 LT,"1,49€","5,96€ / LT",
Lombo de Atum Descongelado,,1 Unid. = 0.25 KG (aprox.),"5,99€/kg","1,50€ / Unid.",
Vinho Verde Branco,VIA LATINA,Garrafa 0.75 LT,"2,19€","2,92€ / LT",
Arroz Agulha,LOURO,Emb. 1 KG,"1,34€","1,34€ / KG",
Dourada Cal. 700/800,,1 Unid. = 0.75 KG (aprox.),"10,99€/kg","8,24€ / Unid.",
ARROZ PARA SUSHI,TABLES DU MONDE,Emb. 0.5 KG,"1,19€","2,38€ / KG",
MINI COOKIES POCKET,P'TIT DÉLI,Emb. 0.16 KG,"1,95€","12,19€ / KG",
GAUFRES COM MEL BIO,,Emb. 0.175 KG,"2,29€","13,09€ / KG",
TESOURA PODA DE GALHOS JARDIPRO,BEAUX JOURS,Emb. 1 UNID.,"11,99€","11,99€ / UNID.",
Ovos Solo L,SNR,Emb. 12 UNID.,"2,39€","0,20€ / UNID.",
Sabonete Moisture Care 4 unid.,PALMOLIVE,Emb. 0.09 KG,"3,44€","38,22€ / KG",
FAISSELLE,NOS RÉGIONS ONT DU TALENT,Emb. 0.4 KG,"1,80€","4,50€ / KG",
Licor de Ginja,GINJA D' ÓBIDOS,Emb. 0.7 LT,"15,89€","22,70€ / LT",
Hambúrgueres de Frango 4 Unid. Ultracongelado,PESCANOVA,Emb. 0.3 KG,"3,94€","13,13€ / KG",
Feijão Branco Seco,NOTRE JARDIN,Emb. 1 KG,"1,89€","1,89€ / KG",
Garoupa Posta,,1 Unid. = 0.3 KG (aprox.),"9,99€/kg","3,00€ / Unid.",
Cebola Roxa,,Emb. 0.5 KG,"1,79€","3,58€ / KG",
DETERGENTE MANUAL LOICA LIMAO,ECO+,Emb. 1 LT,"0,79€","0,79€ / LT",
BOLACHAS TOSTADAS GULLON 4X200GR,GULLÓN,Emb. 0.2 KG,"2,68€","13,40€ / KG",
Carapau Pequeno,,1 Unid. = 0.12 KG (aprox.),"2,99€/kg","0,36€ / Unid.",
Iogurte Mix-in Kit Kat Morango 2 Unid.,NESTLÉ,Emb. 0.115 KG,"2,09€","18,17€ / KG",
Perca Posta,,1 Unid. = 0.3 KG (aprox.),"7,99€/kg","2,40€ / Unid.",
Mousse de Chocolate Preto 4x60g,DÉLISSE,Emb. 0.48 LT,"1,25€","2,60€ / LT",
BEBIDA SOJA BAUNILHA,ALPRO,Emb. 1 LT,"1,89€","1,89€ / LT",
Pão De Forma Cerealia 100% Integral,PANRICO,Emb. 0.385 KG,"2,20€","5,71€ / KG",
Presunto Aperitivo,DAMATTA,Emb. 0.3 KG,"5,82€","19,40€ / KG",
Cogumelo Shiitake,,1 Unid. = 0.25 KG (aprox.),"2,24€/kg","0,56€ / Unid.",
Café Cápsulas Descafe Intensidade 2,PLANTATION,Emb. 16 CAPS.,"2,44€","0,15€ / CAPS.",
Achocolatado em Pó,ECO+,Emb. 0.4 KG,"1,49€","3,73€ / KG",
Nectar Maçã Bio,,Emb. 1.5 LT,"2,49€","1,66€ / LT",
Vinho Regional Douro Tinto,ESTEVA,Garrafa 0.75 LT,"4,79€","6,39€ / LT",
Alimento Seco P/ Cão Frango com Arroz <10kg,PURINA,Emb. 0.8 KG,"5,49€","6,86€ / KG",
Rissóis de Carne 8 Unid.,SNR,Emb. 0.325 KG,"1,99€","6,12€ / KG",
LASANHA SALMAO,CÔTÉ TABLE,Emb. 1 KG,"4,89€","4,89€ / KG",
Sumo Refrigerado Cidreira Tília Camomila Limão,PLENO TISANAS,Garrafa 1.5 LT,"1,49€","0,99€ / LT",
CREPES DOCE OVOS 6UN,TROFIC,Emb. 0.54 KG,"3,69€","6,83€ / KG",
CERA QUENTE DEPILACAO PROFISSIONAL 400G,SLISS,Emb. 0.4 LT,"5,49€","13,73€ / LT",
Queijo Fundido Fatias Light,A VACA QUE RI,Emb. 0.2 KG,"1,94€","9,70€ / KG",
COOKIES C/PEPITAS 3 CHOCOLATES E BASE CHOCOLATE DE LEITE,P'TIT DÉLI,Emb. 0.2 KG,"1,59€","7,95€ / KG",
Iogurte Sólido Proteíco Limão e Cookies Lindhals,NESTLÉ,Emb. 0.15 KG,"1,09€","7,27€ / KG",
Água S/ Gás Mineral Natural,,Garrafa 0.5 LT,"0,20€","0,40€ / LT",
Amêijoa Branca Congelada,,1 Unid. = 0.38 KG (aprox.),"3,29€/kg","1,25€ / Unid.",
SACO PLATICO P/TABULEIRO P/GATO PM 10UN,P'TIT AMI,Emb. 10 UNID.,"1,89€","0,19€ / UNID.",
Mini Pizza 3 Queijos Ultracongelada 9 Unid.,PICCOLINIS,Emb. 0.27 KG,"3,89€","14,41€ / KG",
Cera Signature,AXE,Emb. 0.075 LT,"3,99€","53,20€ / LT",
Leite com Chocolate UHT 4x200 ml,GRESSO,Emb. 0.8 LT,"1,49€","1,86€ / LT",
TIRAS FINISSIMAS BACON EXTRA FUMADO -25% SAL 2X75G,TRADILÈGE,Emb. 2 UNID.,"1,85€","0,93€ / UNID.",
"CANETA ROLLER GEL RETRATIL PRETA 0,5MM",ESQUISSE,Emb. 1 UNID.,"0,59€","0,59€ / UNID.",
CREME PARA BARRAR CACAU E AVELAS SEM OLEO PALMA BIO,,Emb. 0.35 KG,"3,14€","8,97€ / KG",
Bolachas Cobertas Chocolate,P'TIT DÉLI,Emb. 0.25 KG,"2,29€","9,16€ / KG",
Malagueta Vermelha,,1 Unid. = 0.1 KG  (aprox.),"5,79€/kg","5,79€ / Unid.",
Água S/ Gás,ECO+,Garrafa 0.5 LT,"0,16€","0,32€ / LT",
Alimento Seco Cão Croquete Vaca,LYDOG,Emb. 10 KG,"9,99€","1,00€ / KG",
Sumo de Maçã à Base de Concentrado,JAFADEN,Emb. 2 LT,"1,30€","0,65€ / LT",
Canela em Pau Especiarias,RUSTICA,Emb. 0.03 KG,"0,75€","25,00€ / KG",
Cantaril,,1 Unid. = 0.56 KG (aprox.),"8,99€/kg","5,03€ / Unid.",
Ambientador bougie edition,AIR WICK,Emb. 0.105 LT,"4,99€","47,52€ / LT",
Éclair de Chocolate,,1 Unid. = 0.08 KG,"0,99€","12,38€ / KG",
Rissóis de Pescada,,Emb. 8 UNID.,"1,19€","0,15€ / UNID.",
Champô Cabelos Normais Fructis 2 em 1,GARNIER,Emb. 0.25 LT,"3,99€","15,96€ / LT",
TUBO FLEXIVEL CHUVEIRO INOX 2M,FOXTER,Emb. 1 UNID.,"6,99€","6,99€ / UNID.",
Pastilha Elástica Senses Tropical Mix,TRIDENT,Emb. 0.023 KG,"0,91€","39,57€ / KG",
Café Torrado Moído África e Ásia Intensidade 11,SICAL,Emb. 0.25 LT,"3,39€","13,56€ / LT",
CUBO SABAO DE MARSELHA 300G,UNÍ VERT,,"1,99€",/ Unid.,
Nata para Bater,PARMALAT,Emb. 0.2 KG,"1,10€","5,50€ / KG",
Conserva de Milho Doce,NOTRE JARDIN,Lata 0.285 KG,"0,99€","3,47€ / KG",
Pensos Diários Finos Pocket,DOULYS,Emb. 30 UNID.,"0,95€","0,03€ / UNID.",
Caldo de Legumes 8 Cubos,KNORR,Emb. 0.08 KG,"1,49€","18,63€ / KG",
Toalhitas Clássicas Recarga,MOTS D'ENFANTS,Emb. 72 UNID.,"1,10€","0,02€ / UNID.",
Massa Cotovelinhos Biológica,,Emb. 0.5 KG,"1,19€","2,38€ / KG",
VASSOURA CRUZ LOTUS,,Emb. 1 UNID.,"2,89€","2,89€ / UNID.",
Massa Folhada Pronta Biológica,,Emb. 0.23 KG,"1,59€","6,91€ / KG",
Preparado para Flan com Ovos,TABLIER BLANC,Emb. 0.72 KG,"2,59€","3,60€ / KG",
ELIXIR BOCAL DE MENTA,DENTAMYL,Emb. 0.5 LT,"1,29€","2,58€ / LT",
Salame Palaciego,CAMPOFRIO,1 Unid. = 0.13 KG (aprox.),"18,99€/kg","18,99€ / Unid.",
"BEBIDA SOJA CHOCOLATE, 1L",ALPRO,Emb. 1 LT,"1,89€","1,89€ / LT",
CREPES QUEIJO 6UN,CÔTÉ TABLE,Emb. 6 UNID.,"1,69€","0,28€ / UNID.",
Cereais de Aveia Integral C/ Chocolate Preto,FITNESS,Emb. 0.375 KG,"2,99€","7,97€ / KG",
Crocantes de Frango Original Ultracongelado,IGLO,Emb. 0.18 KG,"3,74€","20,78€ / KG",
BACON FUMADO FATIAS FINAS 2X100G,TRADILÈGE,,"2,99€",/ Unid.,
Sumo Maçã,JAFADEN,Emb. 1.2 LT,"1,49€","1,24€ / LT",
Massa Quebrada com Manteiga,TABLIER BLANC,Emb. 0.23 KG,"1,69€","7,35€ / KG",
Rebentos Feijão Mungo,BONDUELLE,Emb. 0.6 KG,"2,98€","4,97€ / KG",
MOUSSE BOVINO E AVES P/ GATO BIO 200G,PLENIMA,Emb. 0.2 KG,"1,29€","6,45€ / KG",
Tablete de Chocolate de Leite Bubbly Caramel,MILKA,Emb. 0.25 KG,"3,89€","15,56€ / KG",
OIKOS NATURAL 110G X4,OIKOS,Emb. 0.44 KG,"2,39€","5,43€ / KG",
ALIMENTO HUMIDO CARNE/CENOURA P/ CAO 1240G,LYDOG,Emb. 1.24 KG,"2,05€","1,65€ / KG",
Sumo 100% Multifrutis Biológico 6 Unid.,,Emb. 0.12 LT,"2,99€","24,92€ / LT",
CREME ANTI-RUGAS BIO 50ML,BIONAÏA,Emb. 0.05 LT,"4,67€","93,40€ / LT",
DETERGENTE LIQUIDO FRESCURA ATIVOS VEGETAIS 50D,XÉOR,,"4,99€",/ Unid.,
TABLETE CHOCOLATE NEGRO 85% 100G,CEMOI,Emb. 0.1 KG,"0,99€","9,90€ / KG",
Bolachas Recheadas Chocolate,ECO+,Emb. 0.5 KG,"1,39€","2,78€ / KG",
Água com Gás 6x50cl,VIMEIRO,Emb. 3 LT,"3,09€","1,03€ / LT",
Pargo Mulato,,1 Unid. = 0.77 KG (aprox.),"5,99€/kg","4,61€ / Unid.",
Tablete Chocolate Culinária,NESTLÉ,Emb. 0.2 KG,"1,79€","8,95€ / KG",
Bebida de Soja Original 3x200ML,SHOYCE,Emb. 0.6 LT,"1,32€","2,20€ / LT",
Milho Doce 3X85g,BONDUELLE,Emb. 0.255 KG,"1,59€","6,24€ / KG",
LEITE CREME 4X23G TABLIER BLANC,TABLIER BLANC,Emb. 0.092 KG,"0,49€","5,33€ / KG",
Conserva de Tomate em Pedaços,GULOSO,Emb. 0.39 KG,"1,65€","4,23€ / KG",
PILHAS ALCALINAS LR03,FOXTER,Emb. 8 UNID.,"3,59€","0,45€ / UNID.",
Absorvente P/ Roedores,TOUS MES AMIS,Emb. 0.6 LT,"4,99€","8,32€ / LT",
MOLHO BOLONHESA,ECO+,Emb. 0.42 KG,"0,99€","2,36€ / KG",
Tarte Gelada Morango,VIENNETTA,Emb. 0.65 LT,"3,94€","6,06€ / LT",
Bolachas Maria sem Glúten,GULLÓN,Emb. 0.4 KG,"3,69€","9,23€ / KG",
Alimento Húmido para Gato Carne em Molho 24x100g,TOUS MES AMIS,Emb. 24 UNID.,"6,99€","0,29€ / UNID.",
Detergente para a Maquina da Roupa Active Clean,SKIP,Emb. 1.458 LT,"14,99€","10,28€ / LT",
Champô Bebé Bons Sonhos,JOHNSON'S BABY,Emb. 0.5 LT,"5,02€","10,04€ / LT",
SOBREMESA CREME BROWNIE,DÉLISSE,Emb. 0.5 KG,"1,59€","3,18€ / KG",
Conserva de Azeitona Verde Inteira,RUSTICA,Frasco 0.36 KG,"1,19€","3,31€ / KG",
Alho Francês Cortado,,Emb. 0.2 KG,"0,99€","4,95€ / KG",
MOLHO DE COGUMELOS DESIDRATADO,RUSTICA,Emb. 0.027 KG,"0,79€","29,26€ / KG",
ERVILHAS CONGELADAS,NOTRE JARDIN,Emb. 0.4 KG,"0,69€","1,73€ / KG",
Massa Cotovelinho Clássica,NACIONAL,Emb. 0.5 KG,"1,49€","2,98€ / KG",
Bolachas de Água e Sal Integral -40% de Sal,VIEIRA,Emb. 0.186 KG,"3,39€","18,23€ / KG",
Bolo Arroz com Ovos Frescos e Cobertura Caramelo 4x100gr,DÉLISSE,Emb. 0.4 KG,"2,25€","5,63€ / KG",
Queijo Mini Babybel,BABYBEL,Emb. 0.12 KG,"1,94€","16,17€ / KG",
Pinça P/ Depilação Prateada,,Emb. 1 UNID.,"2,19€","2,19€ / UNID.",
Açúcar Mascavado,TÉVA,Emb. 0.75 KG,"1,69€","2,25€ / KG",
Batatas Fritas Onduladas,RUFFLES,Emb. 0.18 KG,"2,24€","12,44€ / KG",
Camarão Aquicultura Cal. 60/80 Congelado,,1 Unid. = 0.25 KG (aprox.),"7,99€/kg","2,00€ / Unid.",
Creme Soft Hidratante Intensivo,NIVEA,Emb. 0.2 LT,"5,69€","28,45€ / LT",
PALETTE 9.7 LOURO ACOBREADO,PALETTE,Emb. 1 UNID.,"4,79€","4,79€ / UNID.",
Safio Posta,,1 Unid. = 0.29 KG (aprox.),"6,99€/kg","2,03€ / Unid.",
Miolo de Amêndoa Laminada,MARQUE REPERE,Emb. 0.15 KG,"1,99€","13,27€ / KG",
Vinho do Porto Fundador Tawny,COMPANHIA VELHA,Emb. 0.75 LT,"6,39€","8,52€ / LT",
Pastis de Marseille,VIVALIS,Garrafa 0.7 LT,"10,49€","14,99€ / LT",
COLA BATON 20G,ESQUISSE,Emb. 1 UNID.,"0,99€","0,99€ / UNID.",
Croissant Tipo Francês,,1 UNID.,"0,69€","0,69€ / UNID.",
Café Cápsulas Vellutato Intensidade 9,PLANTATION,Emb. 10 CAPS.,"1,78€","0,18€ / CAPS.",
Mousse de Chocolate Preto e de Leite 8X60g,DÉLISSE,Emb. 0.96 LT,"2,19€","2,28€ / LT",
Café Cápsulas XL Qalidus Intensidade 10,DELTA Q,Emb. 40 CAPS.,"12,99€","0,32€ / CAPS.",
Wafers com Cobertura Chocolate de Leite,P'TIT DÉLI,Emb. 0.175 KG,"1,69€","9,66€ / KG",
QUEIJO FLAMENGO FATIADO LIGHT,QUEIJO NA TÁBUA,Emb. 0.2 KG,"1,89€","9,45€ / KG",
Anti-Transferência de Cor Ultra Toalhitas,VANISH,Emb. 10 UNID.,"3,49€","0,35€ / UNID.",
Gelado Clássico Pack 6,CORNETTO,Emb. 0.54 LT,"3,99€","7,39€ / LT",
Amendoins no Forno,MATUTANO,Emb. 0.2 KG,"2,19€","10,95€ / KG",
Cápsulas Café House Blend Lungo P/ Nespresso Intensidade 8,STARBUCKS,Emb. 10 CAPS.,"4,39€","0,44€ / CAPS.",
Gel de Banho Naturals Amêndoa e Leite,PALMOLIVE,Emb. 0.5 LT,"2,69€","5,38€ / LT",
Tomate da Horta Concentrado,COMPAL,Emb. 0.14 KG,"0,95€","6,79€ / KG",
Vinho Regional Dão Branco,DUQUE DE VISEU,Garrafa 0.75 LT,"3,31€","4,41€ / LT",
Linguado Cal. 250/300,,1 Unid. = 0.28 KG (aprox.),"19,99€/kg","5,60€ / Unid.",
Leite Reparador Tesouros de Mel,ULTRA SUAVE,Emb. 0.4 LT,"5,99€","14,98€ / LT",
CONCHAS DO MAR 6UN,CÔTÉ TABLE,Emb. 0.66 KG,"4,99€","7,56€ / KG",
Bacalhau em Azeite Virgem Extra e Alho,BOM PETISCO,Emb. 0.12 KG,"2,99€","24,92€ / KG",
Gelatina Alimentar em Folha,TABLIER BLANC,Emb. 9 UNID.,"0,84€","0,09€ / UNID.",
Bolacha Wafer Framboesa,VIEIRA,Emb. 0.15 KG,"1,25€","8,33€ / KG",
QUEIJO PARA BARRAR COM PIMENTA,LES CROISÉS,Emb. 0.15 KG,"1,09€","7,27€ / KG",
CAPA CARTAO C/ELASTICO 3UN,ESQUISSE,Emb. 3 UNID.,"1,68€","0,56€ / UNID.",
Difusor e Recarga Elétrica Lavanda e Camomila,AIR WICK,Emb. 0.019 LT,"5,39€","283,68€ / LT",
Sortidos de Biscoitos,ECO+,Emb. 0.5 KG,"1,99€","3,98€ / KG",
Stick P/ Gato Salmão 3X5G,LYCAT,Emb. 3 UNID.,"0,49€","0,16€ / UNID.",
Sacos Cozedura no Forno Elembal,ELEMBAL,Emb. 5 UNID.,"0,70€","0,14€ / UNID.",
Lenços de Bolso Menta Sensitive 4 Folhas,RENOVA,Emb. 6 UNID.,"0,89€","0,15€ / UNID.",
Champô SOS,AUSSIE,Emb. 0.29 LT,"5,99€","20,66€ / LT",
Snack Chocolate Leite,LION,Emb. 0.042 KG,"0,89€","21,19€ / KG",
"GEL DUCHE ""BAMBU/TORANJA"" CONCENTRADO",NATEIS,,"1,85€",/ Unid.,
Salsichas Peru Forno Lenha,IZIDORO,Emb. 5 UNID.,"2,49€","0,50€ / UNID.",
Conserva de Salsichas Extra Suculentas Aves 7 Unid.,NOBRE,Frasco 0.35 KG,"1,68€","4,80€ / KG",
Dourada Cal. 400/500,,1 Unid. = 0.45 KG (aprox.),"10,99€/kg","4,95€ / Unid.",
Guardanapos 2 Folhas 33x33 cm,RENOVA,Emb. 90 UNID.,"1,39€","0,02€ / UNID.",
Alimento Húmido P/ Gato Diamante Frango,PURINA,Emb. 0.09 KG,"1,39€","15,44€ / KG",
QJ MINI MOZZA 150G,LES CROISÉS,Emb. 0.15 KG,"1,38€","9,20€ / KG",
Saco Cubos Gelos,ELEMBAL,Emb. 15 UNID.,"0,69€","0,05€ / UNID.",
Gillette Venus Swirl Depilatória,VENUS,Emb. 1 UNID.,"10,98€","10,98€ / UNID.",
Alimento Húmido P/ Gato C/ Peixe e Molho Espinafres,GOURMET GOLD,Emb. 0.085 KG,"0,65€","7,65€ / KG",
TAPETE ANTI-DERRAPANTE WC TRANSPARENTE 52X52,SILLAGE,Emb. 1 UNID.,"4,90€","4,90€ / UNID.",
Cevada Solúvel sem Café,DELTA,Frasco 0.2 KG,"1,74€","8,70€ / KG",
Lenços de Bolso Lavanda Sensitive 4 Folhas,RENOVA,Emb. 6 UNID.,"0,99€","0,17€ / UNID.",
Preparado Sopa de Cozido,KNORR,Emb. 0.069 KG,"1,49€","21,59€ / KG",
ALIMENT BEBE: PURE ERVILHAS BIO +4M  2X120G,BIO VILLAGE BEBE,Emb. 0.24 KG,"1,45€","6,04€ / KG",
Noz Moscada C/ Moinho,MARGÃO,Emb. 0.03 KG,"3,94€","131,33€ / KG",
PILHA ALCALINA 6LR61,FOXTER,Emb. 1 UNID.,"3,29€","3,29€ / UNID.",
Desodorizante Roll-On Invisible Care,DOVE,Emb. 0.05 LT,"2,69€","53,80€ / LT",
Crepes com Manteiga,P'TIT DÉLI,Emb. 0.3 KG,"1,99€","6,63€ / KG",
Iogurtes Liquido Yoco Morango Maçã,YOCO,Emb. 0.36 KG,"1,89€","5,25€ / KG",
Barrinhas P/ Canários sabor a Ovo,TOUS MES AMIS,Emb. 0.06 KG,"1,69€","28,17€ / KG",
Amaciador de Roupa Rosa,,Emb. 4 LT,"1,99€","0,50€ / LT",
Toalhitas Limpa Vidros,CLAIR,Emb. 20 UNID.,"0,89€","0,04€ / UNID.",
"V DOURO TELLUS BCO,,75CL",TELLUS,,"4,36€",/ Unid.,
AGUA MICELAR,INELL,Emb. 0.5 LT,"2,59€","5,18€ / LT",
Líquido Sanitário Lixívia Perfumada,NEOBLANC,Emb. 0.7 LT,"2,09€","2,99€ / LT",
Sumo 100% Ananás,JAFADEN,Emb. 1 LT,"1,69€","1,69€ / LT",
Desumidificador + Recarga,FOXTER,Emb. 1 UNID.,"8,99€","8,99€ / UNID.",
Manteiga Tradicional,PRIMOR,Emb. 0.25 KG,"2,28€","9,12€ / KG",
QUEIJO MAROILLES,NOS RÉGIONS ONT DU TALENT,Emb. 0.2 KG,"3,09€","15,45€ / KG",
Azeite Virgem Extra Grande Escolha,GALLO,Emb. 0.5 LT,"4,99€","9,98€ / LT",
Leite meio gordo sem lactose,AGROS,Emb. 1 LT,"1,09€","1,09€ / LT",
Vinho Regional Bairrada Tinto,MARQUES DE MARIALVA,Garrafa 0.75 LT,"4,89€","6,52€ / LT",
Sortido Feltro Adesivos 186 Peças,FOXTER,,"3,15€",/ Unid.,
Sticks P/ Gato C/ Frango,TOUS MES AMIS,Emb. 3 UNID.,"0,49€","0,16€ / UNID.",
Coloração Longa Duração Belle Color 5.3 Castanho Claro Dourado,GARNIER,Emb. 1 UNID.,"5,99€","5,99€ / UNID.",
Champô Cabelos Normais Fructis Anti Caspa 2 em 1,GARNIER,Emb. 0.25 LT,"3,99€","15,96€ / LT",
Pastilha Elástica Senses Rainforest Mint,TRIDENT,Emb. 0.023 KG,"0,91€","39,57€ / KG",
Vinho Tinto,LAGAR DAS PIAS,Bag in Box 5 LT,"7,19€","1,44€ / LT",
MIOLO DE NOZ,TABLIER BLANC,Emb. 0.05 KG,"0,99€","19,80€ / KG",
CAPS CAFE COMP C/ DQ XL MAXIMO - INT10,PLANTATION,40 UNID.,"6,49€","0,16€ / UNID.",
Guardanapos 2 Folhas Tipo Tecido,MARQUE REPERE,Emb. 40 UNID.,"1,49€","0,04€ / UNID.",
FIAMBRE PA EXTRA PARIS 4 FATIAS -25% SAL,TRADILÈGE,Emb. 0.14 KG,"1,99€","14,21€ / KG",
Iogurte Líquido Morango 4x155g,CORPOS DANONE,Emb. 0.62 KG,"1,69€","2,73€ / KG",
Torta de Noz,,1 Unid. = 0.6 KG  (aprox.),"8,49€/kg","5,09€ / Unid.",
Alimento Húmido para Gato Patê Aves,ECO+,Emb. 0.1 KG,"0,27€","2,70€ / KG",
Chá Preto English Breakfast,LIPTON,Emb. 20 SAQS,"1,29€","0,06€ / SAQS",
CONJUNTO 10 CANETAS VARIAS CORES,ECO+,Emb. 10 UNID.,"1,49€","0,15€ / UNID.",
Refrigerante S/ Gás Laranja 0 Açúcares,AQUARIUS,Emb. 1.5 LT,"1,90€","1,27€ / LT",
Sticks Dentários,PLENIMA,Emb. 0.18 G,"1,79€","9,94€ / G",
"""QUENELLES"" DE VITELA C/ MOLHO ""FINANCIERE""",CÔTÉ TABLE,Emb. 0.4 KG,"1,49€","3,73€ / KG",
Refrigerante C/ Gás Zero Açúcar,COCA COLA ZERO,Emb. 1 LT,"1,50€","1,50€ / LT",
SACOS LIXO C/ ATILHO 30L,ELEMBAL,Emb. 25 UNID.,"1,19€","0,05€ / UNID.",
Papaia Aérea,,1 Unid. = 0.514 KG (aprox.),"4,99€/kg","2,56€ / Unid.",
PAPEL VEGETAL 8 MT,ELEMBAL,Emb. 8 MT,"0,95€","0,12€ / MT",
COLORACAO VEGETAL PRETO BIO,BIONAÏA,Emb. 1 UNID.,"5,24€","5,24€ / UNID.",
Pão de Especiarias com Mel Biológico,,Emb. 0.3 KG,"1,99€","6,63€ / KG",
Recarga Sabonete Líquido Lavanda,MANAVA,Emb. 0.25 LT,"0,65€","2,60€ / LT",
Vinho Rosé Frutado,SALVE,Garrafa 0.75 LT,"1,29€","1,72€ / LT",
Bolachas Tosta Rica Oceanix,CUÉTARA,Emb. 0.16 KG,"1,99€","12,44€ / KG",
Paté Cabeça de Porco C/ Salsa.,TRADILÈGE,Emb. 0.18 KG,"2,29€","12,72€ / KG",
Bife do Acém Novilho,,1 Unid. = 0.25 KG (aprox.),"6,99€/kg","1,75€ / Unid.",
Refrigerante C/ Gás Zero Açúcar Pack 4,COCA COLA,Emb. 4 LT,"4,55€","1,14€ / LT",
Máquinas de Barbear Descartáveis Blue II,GILLETTE,Emb. 6 UNID.,"2,99€","0,50€ / UNID.",
Bolachinhas P/ Bebé +6 meses,NESTLÉ,Emb. 0.18 KG,"2,49€","13,83€ / KG",
QUEIJO FLAMENGO FATIADO,ECO+,Emb. 0.2 KG,"1,49€","7,45€ / KG",
Cinta C/ Fivela 5Metros,ECO+,Emb. 2 UNID.,"2,50€","1,25€ / UNID.",
Perna Peru,,1 Unid. = 2.45 KG (aprox.),"6,32€/kg","15,48€ / Unid.",
Conjunto de 3 Recargas Desumidificador Neutra,FOXTER,Emb. 0.5 KG,"3,99€","7,98€ / KG",
Margarina Óleo Girassol 1/2 Sal,NAT&VIE,Emb. 0.5 KG,"1,99€","3,98€ / KG",
ALIMENTO HUMIDO ALMONDEGAS AVE P/ GATO,ECO+,Emb. 0.82 KG,"1,29€","1,57€ / KG",
Iogurte Sólido Magro C/ Cereais e Frutos Secos 4 Unid.,LONGA VIDA,Emb. 0.12 KG,"2,09€","17,42€ / KG",
Elixir Total Care Zero,LISTERINE,Emb. 0.5 LT,"6,49€","12,98€ / LT",
Iogurte Líquido Proteíco Framboesa e Baunilha,NESTLÉ,Emb. 0.33 LT,"1,89€","5,73€ / LT",
Mini Tostas Normais Retangulares,BIMBO,Emb. 0.1 KG,"1,24€","12,40€ / KG",
Pimenta Preta Grãos,RUSTICA,Frasco 0.04 KG,"1,50€","37,50€ / KG",
VELA NUMERO FUN 4,ARDENCE,Emb. 1 UNID.,"0,90€","0,90€ / UNID.",
Pão De Forma Sem Côdea Familiar,PANRICO,Emb. 0.65 KG,"2,94€","4,52€ / KG",
"BL1 LED CAPS G9 2,8-25W",FOXTER,Emb. 1 UNID.,"3,99€","3,99€ / UNID.",
Deo Spray Invisible para Homem,SANEX,Emb. 0.2 LT,"2,39€","11,95€ / LT",
VARINHA MAGICA 600W C/ACESSORIOS,ELSAY,Emb. 1 UNID.,"29,90€","29,90€ / UNID.",
CHOCOLATE PRETO C/ PEPITAS DE CARAMELO E FLOR DE SAL,EQUADOR,Emb. 0.1 KG,"1,19€","11,90€ / KG",
Johnson\'s Loção para Crianças Bons Sonhos,JOHNSON'S BABY,Emb. 0.5 LT,"3,89€","7,78€ / LT",
Ice Tea Limão 2x2lt,LIPTON,Emb. 4 LT,"4,99€","1,25€ / LT",
Molho Vinagrete com Ervas Aromáticas,RUSTICA,Emb. 0.5 LT,"1,26€","2,52€ / LT",
Bolachas Crocantes sem Glúten 2x125g,CHAQUE JOUR SANS GLUTEN,Emb. 0.25 KG,"2,99€","11,96€ / KG",
Champô Repara e Protege com Biotina,TRESEMMÉ,Emb. 0.4 LT,"4,19€","10,48€ / LT",
ARROZ CANTONES PRE COZIDO EXPRESS,COMPTOÍR DU GRAIN,Emb. 0.25 KG,"1,09€","4,36€ / KG",
Xarope de Limão,FRUCCI,Garrafa 0.75 LT,"3,89€","5,19€ / LT",
Kiwi Gold,,1 Unid. = 0.4 KG  (aprox.),"7,59€/kg","3,04€ / Unid.",
Creme 6 Chocolate e 6 Baunilha 12x125 g,ECO+,Emb. 1.5 KG,"2,69€","1,79€ / KG",
Pantene Creme de Pentear Sem Enxaguar Cabelo ondulado 270ml,PANTENE PV,Emb. 0.27 LT,"4,49€","16,63€ / LT",
BLOCO SANITARIO ANTI-TARTARO PINHO 3UN,ECO+,Emb. 3 UNID.,"0,99€","0,33€ / UNID.",
Pá Mão,BEAUX JOURS,Emb. 1 UNID.,"2,99€","2,99€ / UNID.",
CARNE PORCO A PORTUGUESA,CÔTÉ TABLE,Emb. 0.25 KG,"2,99€","11,96€ / KG",
Café Moagem Universal Timor,DELTA,Emb. 0.22 KG,"3,59€","16,32€ / KG",
Compota de Maçã e Pêra Biológica 4x100g,,Emb. 0.4 KG,"1,99€","4,98€ / KG",
KIT DESENHO 4 PECAS INQUEBRAVEL,ESQUISSE,Emb. 1 UNID.,"2,59€","2,59€ / UNID.",
PENSOS INCONTINENCIA U. FINOS NORMAL POCKET,CHORYS,Emb. 16 UNID.,"1,99€","0,12€ / UNID.",
Café Moagem Universal Brasil,DELTA,Emb. 0.22 KG,"3,59€","16,32€ / KG",
Snack P/ Gato Original Maxi Pack,FELIX,Emb. 0.2 KG,"3,83€","19,15€ / KG",
SNACKS PREMIUM CARNE 50G LYCAT,LYCAT,Emb. 0.05 KG,"1,29€","25,80€ / KG",
ARROZ REDONDO ESPECIAL RISOTTO,COMPTOÍR DU GRAIN,Emb. 0.5 KG,"0,99€","1,98€ / KG",
Fiambre da Pá Fatiado,,Emb. 0.2 KG,"1,39€","6,95€ / KG",
Sopa Rabo de Boi 4 Porções,KNORR,Emb. 0.071 KG,"1,49€","20,99€ / KG",
Espuma de Barbear Pele Sensível,GILLETTE,Emb. 0.2 LT,"2,99€","14,95€ / LT",
Cerveja com Álcool 15x20cl,SUPER BOCK,Emb. 3 LT,"6,59€","2,20€ / LT",
Pães de Leite 10Unid.,ECO+,Emb. 0.4 KG,"1,45€","3,63€ / KG",
Tomato Frito,HEINZ,Emb. 0.35 KG,"1,19€","3,40€ / KG",
Manteiga Light,MATINAL,Emb. 0.25 KG,"2,38€","9,52€ / KG",
SYOSS OLEO INT. 4-18 CAST.PRALI,SYOSS,,"6,24€",/ Unid.,
Filetes Primavera Alecrim & Sal Marinho,IGLO,Emb. 0.225 KG,"3,99€","17,73€ / KG",
Conjunto de 4 Recargas P/ Desumidificador Lavanda,FOXTER,Emb. 4 UNID.,"9,89€","2,47€ / UNID.",
Água sem Gás,SERRA DA ESTRELA,Garrafão 6 LT,"1,72€","0,29€ / LT",
Purina ONE Dual Nature Sterilized Vaca,PURINA,Emb. 0.4 KG,"3,94€","9,85€ / KG",
QUEIJO EDAM FATIADO,ECO+,Emb. 0.5 KG,"3,55€","7,10€ / KG",
Ancinho Mão,BEAUX JOURS,Emb. 1 UNID.,"3,49€","3,49€ / UNID.",
Vinho Regional Douro Branco,ADEGA DE VILA REAL,Garrafa 0.75 LT,"2,59€","3,45€ / LT",
IOGURTE LIQUIDO SABOR A MORANGO 8H FORA FRIGORIFICO,DÉLISSE,Emb. 0.8 KG,"1,99€","2,49€ / KG",
IOGURTE BIFIDUS COCO,DÉLISSE,Emb. 0.5 KG,"0,99€","1,98€ / KG",
Maçã Reineta Cal. 70/75,,1 Unid. = 0.2 KG (aprox.),"1,69€/kg","0,34€ / Unid.",
Doce de Morango Biológico,,Emb. 0.37 KG,"2,15€","5,81€ / KG",
Peito de Pato,,1 Unid. = 0.35 KG  (aprox.),"2,89€/kg","1,01€ / Unid.",
Ameixa Seca Descaroçada,MARQUE REPERE,Emb. 0.2 KG,"2,19€","10,95€ / KG",
Creme Hidratante Dupla Ação,CLEAN & CLEAR,Emb. 0.1 LT,"6,99€","69,90€ / LT",
PANNA COTA COM BASE DE FRAMBOESA,EQUADOR,Emb. 0.24 KG,"1,99€","8,29€ / KG",
Cápsulas Café Alumínio Nespresso 100% Arábica,SEGAFREDO,Emb. 10 UN,"4,25€","0,43€ / UN",
SACO CONGELACAO PEQUENO,ELEMBAL,Emb. 50 UNID.,"0,79€","0,02€ / UNID.",
RECARGA P/ MAQUINA SELAR VACUO,ELSAY,Emb. 1 UNID.,"8,99€","8,99€ / UNID.",
QUEIJO FRESCO CLASSICO,QUEIJO NA TÁBUA,Emb. 0.125 KG,"0,79€","6,32€ / KG",
TARTE DE MACA,P'TIT DÉLI,Emb. 0.3 KG,"2,99€","9,97€ / KG",
Vinho D'Alsace Pinot Gris A.O.C. 2014,REBMANN,Garrafa 0.75 LT,"5,99€","7,99€ / LT",
CANETA FELTRO PONTA FINA VARIAS CORES 12UN,ESQUISSE,Emb. 12 UNID.,"4,49€","0,37€ / UNID.",
VINHO DÃO CASA DE SANTAR RESERVA TINTO 75,CASA DE SANTAR,,"14,89€",/ Unid.,
"GEL DUCHE ""CACTO/BANANA"" CONCENTRADO",NATEIS,,"1,85€",/ Unid.,
Filetes de Atum ao Natural,PÊCHE OCÉAN,Emb. 0.19 KG,"3,59€","18,89€ / KG",
Barrinhas P/ Canários sabor a Frutas,TOUS MES AMIS,Emb. 0.06 KG,"1,69€","28,17€ / KG",
Vinho de Mesa Tinto,ECO+,Emb. 2 LT,"2,69€","1,35€ / LT",
Destop Manutenção de Canalizações Perfumado,DESTOP,Emb. 0.75,"5,99€","7,99€ /",
Pantene Grisalho Radiante & Suave Condicionador 160 ml,PANTENE PV,Emb. 0.16 LT,"4,99€","31,19€ / LT",
BOLO DE SEMOLA C/ UVAS,DÉLISSE,Emb. 0.4 KG,"2,25€","5,63€ / KG",
Azeite Maduras,OLIVEIRA DA SERRA,Emb. 0.75 LT,"6,09€","8,12€ / LT",
Dentífrico Maximum Protection Caries,COLGATE,Emb. 0.075 LT,"3,09€","41,20€ / LT",
PILHAS ALCALINAS LR3 TECH+,FOXTER,Emb. 8 UNID.,"3,59€","0,45€ / UNID.",
Água com Gás 6x33cl,CARVALHELHOS,Emb. 1.98 LT,"2,56€","1,29€ / LT",
CABIDE MADEIRA RECTA X6,,Emb. 1 UNID.,"5,99€","5,99€ / UNID.",
BARQUETTES MORANGO BIO,,Emb. 0.12 KG,"1,79€","14,92€ / KG",
DANACOL LÍQUIDO COLESTEROL NOZ,DANACOL,Emb. 6 UNID.,"2,99€","0,50€ / UNID.",
Café Torrado Puro Arabica Moído,,Emb. 0.5 KG,"3,99€","7,98€ / KG",
Leite de Crescimento 1+ Cereais,NESTLÉ,Emb. 1 LT,"2,48€","2,48€ / LT",
EXFOLIANTE FACIAL TODO TIPO PELE 75ML,BIONAÏA,Emb. 0.075 LT,"2,49€","33,20€ / LT",
Pano Microfibra,VILEDA,Emb. 2 UNID.,"3,89€","1,95€ / UNID.",
Recargas Elétricas para Ambientador,AIR WICK,Emb. 0.019 LT,"10,64€","560,00€ / LT",
VINAGRE CRISTAL BRANCO 0.75L,CRISTAL,,"1,29€",/ Unid.,
Fraldas Incontinência com Elásticos Médio,LINDOR,Emb. 20 UNID.,"9,99€","0,50€ / UNID.",
Conserva de Feijocas Verdes Finas,,Lata 0.8 KG,"1,49€","1,86€ / KG",
Pantene Cuidado Clássico Champô,PANTENE PV,Emb. 0.25 LT,"3,99€","15,96€ / LT",
Vinho Regional Alentejano Tinto,DOM MARTINHO,Garrafa 0.75 LT,"5,89€","7,85€ / LT",
SUBLINHADOR AMARELO,ESQUISSE,Emb. 1 UNID.,"0,79€","0,79€ / UNID.",
Chá Preto Immune Support de Gengibre e Cúrcuma,LIPTON,Emb. 20 SAQS,"1,74€","0,09€ / SAQS",
Feijão Frade Seco,NOTRE JARDIN,Emb. 0.5 KG,"0,99€","1,98€ / KG",
Leite de Cabra UHT Meio Gordo,PRÉSIDENT,Emb. 1 LT,"2,42€","2,42€ / LT",
Pastilha Elástica Senses Berry Party,TRIDENT,Emb. 0.023 KG,"0,91€","39,57€ / KG",
SALSICHA CHURRASCO ERVAS AROMATICAS,CAMPO FINO,Emb. 0.2 KG,"1,89€","9,45€ / KG",
Abrilhantador Loiça 0%,FINISH,Emb. 0.4 LT,"5,19€","12,98€ / LT",
Bolacha Energy Chiqui Chocs,ARTIACH,Emb. 0.14 KG,"1,99€","14,21€ / KG",
Creme Limpeza Original Multiusos,CIF,Emb. 0.7 LT,"2,49€","3,56€ / LT",
BL2 LED SPOT 3-35W GU10,FOXTER,Emb. 2 UNID.,"6,99€","3,50€ / UNID.",
LIEGEOIS FRAMBOISE DEL,DÉLISSE,Emb. 0.4 KG,"1,89€","4,73€ / KG",
Chourição Gran Doblon Picante,CAMPOFRIO,1 Unid. = 0.1 KG (aprox.),"100,00€/kg","10,00€ / Unid.",
Iogurte Grego Yaos Morango,YAOS,Emb. 0.44 KG,"2,29€","5,20€ / KG",
Desodorizante Roll-On Invisible 48H,REXONA,Emb. 0.05 LT,"2,39€","47,80€ / LT",
Peito de Peru,,1 Unid. = 0.3 KG (aprox.),"5,99€/kg","1,80€ / Unid.",
Sticks Dentários Cão Pequeno 7 Unid.,PLENIMA,Emb. 0.11 KG,"1,09€","9,91€ / KG",
Sumo 100% Maçã Bio,,Emb. 1 LT,"1,19€","1,19€ / LT",
"Café Solúvel Cevada, Chicória e Centeio",BRASA,Frasco 0.2 KG,"2,68€","13,40€ / KG",
Pão Cachorro Quente 6 Unidades,BIMBO,Emb. 0.33 KG,"1,43€","4,33€ / KG",
AGUA PENTEAR SPRAY,VITANOVE,Emb. 0.15 LT,"1,49€","9,93€ / LT",
"CARREGADOR USB 2,4A + CABO USB/USB C 1,2M PRETO",LINKSTER,Emb. 1 UNID.,"10,99€","10,99€ / UNID.",
Sementes de Girassol,MARQUE REPERE,Emb. 0.2 KG,"0,99€","4,95€ / KG",
Preparado Sopa Regular Legumes,KNORR,Emb. 0.063 KG,"1,49€","23,65€ / KG",
Luvas para Uso Doméstico Tamanho L,MAMISON,Emb. 1 UNID.,"0,69€","0,69€ / UNID.",
Rebuçados Sabor Limão,HALLS,Emb. 0.032 KG,"0,85€","26,56€ / KG",
Caldo Galinha Vitalie 8 Cubos,KNORR,Emb. 0.08 KG,"1,49€","18,63€ / KG",
DETERGENTE LIQUIDO PERFECT PRETO 25D,EPSIL,Emb. 25 DOSES,"1,89€","0,08€ / DOSES",
FRALDA INCONTINENCIA GRANDE,CHORYS,Emb. 20 UNID.,"10,99€","0,55€ / UNID.",
BL1 LED CHAMA 3.2W - 25W E14,FOXTER,Emb. 1 UNID.,"2,49€","2,49€ / UNID.",
Refrigerante C/ Gás Cola Zero,JEAN'S,Garrafa 1.5 LT,"0,59€","0,39€ / LT",
ACETONA,ECO+,Emb. 0.25 LT,"1,09€","4,36€ / LT",
BANDAS DEPILATORIAS CERA FRIA PELE SENSIVEL AXILA/VIRILHA 16UN,SLISS,Emb. 16 UNID.,"1,65€","0,10€ / UNID.",
AZEITONA VERDE S/CAROCO -25% TEOR SAL,RUSTICA,Emb. 0.335 KG,"1,39€","4,15€ / KG",
MANTEIGA D'ISIGNY DOP,NOS RÉGIONS ONT DU TALENT,Emb. 0.25 KG,"2,74€","10,96€ / KG",
Cerveja com Álcool Mini Saca Fácil 10x20cl,SUPER BOCK,Emb. 2 LT,"4,79€","2,40€ / LT",
Caldo Natura de Galinha Pack 4,KNORR,Emb. 0.112 KG,"1,49€","13,30€ / KG",
Uva Red Globe,,1 Unid. = 0.25 KG (aprox.),"2,29€/kg","0,57€ / Unid.",
Gel Studio Line Invisi Fix Fixação Forte 6,L'ORÉAL PARIS,Emb. 0.15 KG,"5,99€","39,93€ / KG",
Néctar de Pera Clássico 3 Unid.,JAFADEN,Emb. 0.6 LT,"0,89€","1,48€ / LT",
Gelatina Light Melancia 4 Unid.,ROYAL,Emb. 0.4 KG,"2,19€","5,48€ / KG",
Tampões com Aplicador Compak Regular,TAMPAX,Emb. 22 UNID.,"3,99€","0,18€ / UNID.",
Aveia Instantânea Natural,PROZIS,Emb. 1.25 KG,"349,00€","279,20€ / KG",
ESCOVA DE DENTES CRIANCA COM LUZ  +3 ANOS,PETIT DENTAMYL,Emb. 1 UNID.,"2,49€","2,49€ / UNID.",
Caldo de Galinha,KNORR,Emb. 0.084 KG,"1,39€","16,55€ / KG",
Pizza Fresca Queijo e Fiambre,TURINI,Emb. 0.45 KG,"2,49€","5,53€ / KG",
Almôndegas,NOBRE,Emb. 0.42 KG,"2,74€","6,52€ / KG",
DENTIFRICO PROTECAO CARIE,DENTAMYL,Emb. 0.075 LT,"0,99€","13,20€ / LT",
Chouriço Corrente 4x100gr,PRIMOR,Emb. 0.4 KG,"2,34€","5,85€ / KG",
LAPIS DE COR 12UN,ECO+,Emb. 12 UNID.,"1,35€","0,11€ / UNID.",
Cotonetes p/ Bebé,JOHNSON'S BABY,Emb. 200 UNID.,"2,99€","0,02€ / UNID.",
Cola Cyano Líquida,FOXTER,Emb. 0.003 KG,"1,59€","530,00€ / KG",
Caldo Culinário 24 Cubos,CALVÉ,Emb. 0.24 KG,"1,94€","8,08€ / KG",
QUEIJO PARMIGIANO REGGIANO DOP 30MESES,TRADIZIONI D'ITALIA,Emb. 0.2 KG,"5,99€","29,95€ / KG",
LUVAS JARDINAGEM L CINZA,BEAUX JOURS,Emb. 1 UNID.,"1,89€","1,89€ / UNID.",
Azeite Virgem Extra Seleção Ouro,OLIVEIRA DA SERRA,Garrafa 0.75 LT,"4,89€","6,52€ / LT",
LAMINAS DUPLO SENTIDO 10UN  10UN CARRE HOMME,CARRÉ HOMME,,"0,90€",/ Unid.,
MUESLI CHOCOLATE E AVELA TEOR ACUCAR REDUZIDO,GRAINEA,Emb. 0.35 KG,"2,69€","7,69€ / KG",
Papel Higiénico Decorado,MARQUE REPERE,Emb. 12 UNID.,"3,99€","0,33€ / UNID.",
GELADO PESSEGO MELBA,YSCO,Emb. 0.9 LT,"2,59€","2,88€ / LT",
COBERTURA TABUA DE ENGOMAR 122x45,ECO+,Emb. 1 UNID.,"4,49€","4,49€ / UNID.",
Azeites Verdes,OLIVEIRA DA SERRA,Garrafa 0.75 LT,"4,26€","5,68€ / LT",
PETALAS DE CAMARAO,TABLES DU MONDE,Emb. 0.05 KG,"0,99€","19,80€ / KG",
FILETES DE PESCADA,ECO+,Emb. 0.8 KG,"5,99€","7,49€ / KG",
Couve Penca,,1 Unid. = 1.05 KG (aprox.),"1,59€/kg","1,67€ / Unid.",
BARRA CEREAIS ALPERCE,GRAINEA,Emb. 0.13 KG,"1,49€","11,46€ / KG",
Ervas de Provence,MARGÃO,Emb. 0.025 KG,"1,74€","69,60€ / KG",
Bolachas Maria Oro,CUÉTARA,Emb. 0.2 KG,"0,94€","4,70€ / KG",
Natas Pasteurizadas,LONGA VIDA,Emb. 0.2 LT,"2,15€","10,75€ / LT",
Alimento Seco P/ Gato Croquetes Salmão e Legumes,LYCAT,Emb. 2 KG,"3,99€","2,00€ / KG",
Café Solúvel Puro Colombia Suave,NESCAFÉ,Emb. 0.1 KG,"6,35€","63,50€ / KG",
ABRASIVO SANITARIO MENTA/EUCALIPTO ECO 750ML,UNÍ VERT,Emb. 0.75 LT,"1,19€","1,59€ / LT",
ESPARGUETE INTEGRAL,TURINI,Emb. 0.5 KG,"1,39€","2,78€ / KG",
Amaciador Cabelos Hidra Caracóis Antifrisado,FRUCTIS,Emb. 0.2 LT,"3,99€","19,95€ / LT",
Detergente Loiça Manual Espuma Ativa,FAIRY,Emb. 0.375 LT,"2,99€","7,97€ / LT",
Creme para o Corpo Gordo para Pele Muito Seca,VASELINE,Emb. 0.25 LT,"4,99€","19,96€ / LT",
LENCOS FACIAIS 2F,ECO+,Emb. 150 UNID.,"0,89€","0,01€ / UNID.",
Massa Linguine C/ Tinta de Choco,MILANEZA,Emb. 0.5 KG,"2,99€","5,98€ / KG",
"PEITO PERU FATIAS FINAS Teor Sal Reduzido,110G",IZIDORO,Emb. 0.11 KG,"2,58€","23,45€ / KG",
Máscara de Pestanas Preto 001,RIMMEL,Emb. 1 UNID.,"9,36€","9,36€ / UNID.",
PREPA PAIN CEREALES,TABLIER BLANC,Emb. 1 KG,"1,98€","1,98€ / KG",
Amaciador Roupa Concentrado Lírios e Frutos Vermelhos,QUANTO,Emb. 84 DOSES,"4,89€","0,06€ / DOSES",
PURE MACA/RUIBARBO BAIXO TEOR ACUCAR,DOUCEUR DU VERGER,Emb. 0.4 KG,"1,59€","3,98€ / KG",
Limpeza Paredes Piscina Desincrustante,BEAUX JOURS,Emb. 5 LT,"13,99€","2,80€ / LT",
Pacotinho de Frutas S/ Glúten,NESTLÉ BEBÉ,Emb. 0.09 KG,"1,01€","11,22€ / KG",
OIKOS MAÇA CANELA 110G X4,OIKOS,Emb. 0.44 KG,"2,39€","5,43€ / KG",
Lombo Salmão Congelado,,1 Unid. = 1 KG  (aprox.),"13,49€/kg","13,49€ / Unid.",
CORNICHON RUSTICA EF,RUSTICA,Emb. 0.37 LT,"1,28€","3,46€ / LT",
DETERGENTE MAQ LOICA PASTILHAS TOTAL+ 45UN,VISIOR,Emb. 45 UNID.,"4,49€","0,10€ / UNID.",
Iogurte Soja Baunilha 4 Unid.,NAT&VIE,Emb. 0.4 KG,"1,34€","3,35€ / KG",
Amaciador Concentrado Frescura 3 Unid.,HYPERDOU,Emb. 0.25 LT,"1,99€","7,96€ / LT",
Milho C/ Sal,MARQUE REPERE,Emb. 0.2 KG,"0,99€","4,95€ / KG",
Flocos de Mel,MOTS D'ENFANTS,Emb. 0.75 KG,"2,99€","3,99€ / KG",
SPRAY LIMPA ESTOFOS 1 L 1L TECH9,TECH9,Emb. 1 LT,"3,19€","3,19€ / LT",
Água sem Gás,VITALIS,Garrafa 0.5 LT,"0,30€","0,60€ / LT",
Queijo Ralado 3 Queijos,LES CROISÉS,Emb. 0.15 KG,"1,69€","11,27€ / KG",
Massa Mac & Cheese,KNORR,Emb. 0.062 KG,"1,81€","29,19€ / KG",
Conserva de Salsichas 8 Unid.,CÔTÉ TABLE,Lata 0.2 KG,"0,79€","3,95€ / KG",
Toalhitas Pele Sensível,MOTS D'ENFANTS,Emb. 63 UNID.,"1,29€","0,02€ / UNID.",
SNACKS PREMIUM PEIXE 50G LYCAT,LYCAT,Emb. 0.05 KG,"1,29€","25,80€ / KG",
Néctar Clássico Tutti Frutti 3x20 cl,COMPAL,Emb. 0.6 LT,"1,43€","2,38€ / LT",
Café Torrado Moído,PLANTATION,Emb. 0.25 KG,"1,69€","6,76€ / KG",
QUEIJO FRESCO ACUCARADO,DÉLISSE,Emb. 0.8 KG,"1,89€","2,36€ / KG",
CREPES DA BRETANHA COM CHOCOLATE PRETO,NOS RÉGIONS ONT DU TALENT,Emb. 0.1 KG,"1,49€","14,90€ / KG",
Tempero Chili com Carne 4 porções,KNORR,Emb. 0.042 KG,"1,20€","28,57€ / KG",
Queijo Curado Vaca,SNR,Emb. 0.22 KG,"2,89€","13,14€ / KG",
Leite UHT Pastagem Magro,TERRA NOSTRA,Emb. 1 LT,"0,92€","0,92€ / LT",
Polpa de Tomate Cebola e Alho,GULOSO,Emb. 0.5 KG,"1,99€","3,98€ / KG",
CHA PRETO PEQUENO-ALMOCO BIO,,Emb. 20 UNID.,"1,31€","0,07€ / UNID.",
SABONETE SOLIDO F. TIARE/ORQUIDEA,MANAVA,Emb. 0.1 KG,"0,59€","5,90€ / KG",
Durex Gel Intense Orgasmic,DUREX,Emb. 0.01 LT,"8,99€","899,00€ / LT",
Iogurte Sólido Proteíco Coco Lindahls,NESTLÉ,Emb. 0.15 KG,"1,09€","7,27€ / KG",
COLORACAO CASTANHO 4.45 S/AMONIACO 1UN VITANOVE,VITANOVE,Emb. 1 UNID.,"2,99€","2,99€ / UNID.",
Refrigerante S/ Gás Laranja,ECO+,Garrafa 2 LT,"0,79€","0,40€ / LT",
Dentrífico Frescura Extrema Doseador,DENTAMYL,Emb. 0.1 LT,"2,15€","21,50€ / LT",
Profiteroles com Molho de Chocolate 4x90g,DÉLISSE,Emb. 0.36 KG,"2,69€","7,47€ / KG",
Tablete Chocolate Preto Culinária,,Emb. 0.1 KG,"0,85€","8,50€ / KG",
FILETE AFIAMBRADO MINI,CAMPO FINO,Emb. 0.35 KG,"1,89€","5,40€ / KG",
Salsichas C/ Feijão,CÔTÉ TABLE,Emb. 0.84 KG,"2,85€","3,39€ / KG",
"GEL DUCHE ""SEDUCAO"" 250ML CARRE HOMME",CARRÉ HOMME,,"0,97€",/ Unid.,
Bolachas Tosta Rica Mini Go,CUÉTARA,Emb. 0.24 KG,"2,59€","10,79€ / KG",
Chipicao Multipack 4x57 g,CHIPICAO,Emb. 0.228 KG,"2,80€","12,28€ / KG",
Leite Creme 4x23 g,EL MANDARIN,Emb. 0.092 KG,"1,39€","15,11€ / KG",
DISCOS P/DESMAQUILHAR INELL 70U,INELL,Emb. 70 UNID.,"0,85€","0,01€ / UNID.",
Óleo de Argão,PANTENE,Emb. 0.1 LT,"9,99€","99,90€ / LT",
GLADE T&F RECARGA LAVANDER,BRISE,Emb. 0.01 LT,"2,09€","209,00€ / LT",
Bolachas com Pepitas de Chocolate,ECO+,Emb. 0.2 KG,"0,89€","4,45€ / KG",
Massa Macarronete Riscado,MILANEZA,Emb. 0.5 KG,"1,19€","2,38€ / KG",
A.O.C. Costieres de Nimes Rose,RIVES ET TERRASSES,Garrafa 0.75 LT,"3,89€","5,19€ / LT",
TIRAS FINISSIMAS BACON EXTRA FUMADO -30% MG 2X75G,TRADILÈGE,Emb. 2 UNID.,"1,99€","1,00€ / UNID.",
ALICATE UNIVERSAL 180MM,FOXTER,Emb. 1 UNID.,"4,99€","4,99€ / UNID.",
Frango do Campo Inteiro,,1 Unid. = 2.8 KG (aprox.),"3,99€/kg","11,17€ / Unid.",
Alimento Lácteo Banana e Pera 0% Açúcar Bio +6 Meses,NESTLÉ,Emb. 0.36 KG,"3,15€","8,75€ / KG",
Feijão Verde Extra Finos Ultracongeladas,NOTRE JARDIN,Emb. 1 KG,"1,95€","1,95€ / KG",
Chá Ervas Noite Tranquila,LIPTON,Emb. 0.03 KG,"1,94€","64,67€ / KG",
Melância Preta,,1 Unid. = 2.85 KG (aprox.),"0,89€/kg","2,54€ / Unid.",
Esparguete Clássica,NACIONAL,Emb. 0.5 KG,"0,78€","1,56€ / KG",
Leite Crescimento Júnior 1+ Bolacha Maria,NESTLÉ,Emb. 1 LT,"2,48€","2,48€ / LT",
Lixívia em Gel Pink,DOMESTOS,Emb. 0.75 LT,"1,79€","2,39€ / LT",
ARDOSIA+FELTRO+ESCOVA,ESQUISSE,Emb. 1 UNID.,"1,99€","1,99€ / UNID.",
Cápsulas Delta Q Café Qharisma 10 Unidades,DELTA Q,Emb. 10 UNID.,"2,99€","0,30€ / UNID.",
Chá Exotic Passion,LIPTON,Emb. 20 SAQS,"1,94€","0,10€ / SAQS",
Queijo de Cabra Curado Pasteurizado,PALHAIS,Emb. 0.18 KG,"3,89€","21,61€ / KG",
Preparado Sopa de Cebola Económica,KNORR,Emb. 0.05 KG,"1,09€","21,80€ / KG",
Toalhitas Sensitive Cuidado Máximo 486 unid.,DODOT,Emb. 9 UNID.,"11,59€","1,29€ / UNID.",
Creme Depilatório Pele Sensível,SILISS,Emb. 0.2 LT,"2,75€","13,75€ / LT",
Chourição Gran Doblon,CAMPOFRIO,1 Unid. = 0.1 KG (aprox.),"18,79€/kg","1,88€ / Unid.",
Massa Concha,MILANEZA,Emb. 0.5 KG,"1,19€","2,38€ / KG",
SUMO NATURAL MULTIFRUTOS,JAFADEN,,"1,69€",/ Unid.,
Azeite virgem extra aroma manjericão,GALLO,Emb. 0.25 LT,"2,39€","9,56€ / LT",
BISCOITOS DE CACAU,P'TIT DÉLI,Emb. 0.4 KG,"1,55€","3,88€ / KG",
Nectar Laranja e Banana,JAFADEN,Emb. 2 LT,"1,99€","1,00€ / LT",
Arroz Tufado Chocolate,P'TIT DÉLI,,"1,38€",/ Unid.,
Lulas Limpas Inteiras,,Emb. 0.5 KG,"6,99€","13,98€ / KG",
Escova Dentes Interdental Médio,AQUAFRESH,Emb. 3 UNID.,"3,19€","1,06€ / UNID.",
Escova de Dentes Max White,COLGATE,Emb. 1 UNID.,"3,99€","3,99€ / UNID.",
FAIRY LIMÃO 340ML,FAIRY,Emb. 0.34 LT,"1,28€","3,76€ / LT",
Pó Compacto Stay Matte,RIMMEL,Emb. 0.014 KG,"7,86€","561,43€ / KG",
Refrigerante S/ Gás Ananás,JAFADEN,Emb. 1.5 L,"0,99€","0,66€ / L",
Café Ricoré,DOLCE GUSTO,Emb. 16 CAPS.,"5,75€","0,36€ / CAPS.",
Madalenas em Concha,P'TIT DÉLI,Emb. 0.5 KG,"2,09€","4,18€ / KG",
Água Pura Micelar Peles Secas e Sensíveis,CORINE DE FARME,Emb. 0.5 LT,"4,69€","9,38€ / LT",
Batatas Fritas Doritos Tex-Mex,DORITOS,Emb. 0.26 KG,"2,84€","10,92€ / KG",
PERA ROCHA 55/60,,Emb. 1.5 KG,"1,80€","1,20€ / KG",
Costeletas de Borrego,,1 Unid. = 0.5 KG (aprox.),"17,98€/kg","8,99€ / Unid.",
Queijo Curado Seia de Ovelha,QUEIJOS LAGOS,1 Unid. = 0.6 KG (aprox.),"7,79€/kg","8,15€ / Unid.",
Conserva de Atum em Óleo Girassol,PÊCHE OCÉAN,Emb. 0.12 KG,"0,99€","8,25€ / KG",
Alimento P/ Cão Médio Controlo de Peso +10 Kg Peru C/ Arroz,PURINA,Emb. 2.5 KG,"13,89€","5,56€ / KG",
"Cuvete de Alumínio 5x1,5L",ELEMBAL,Emb. 5 UNID.,"1,99€","0,40€ / UNID.",
PILHAS ALCALINAS LR6 TECH+,FOXTER,Emb. 4 UNID.,"1,99€","0,50€ / UNID.",
"SPRAY AMBIENTADOR ""FLORAL"" 300ML",BIEN AIR,Emb. 0.3 LT,"0,99€","3,30€ / LT",
PERSIL UNIVERSAL PÓ,PERSIL,Emb. 100 DOSES,"17,19€","0,17€ / DOSES",
Ice Tea Melância Hortelã,LIPTON,Emb. 2 LT,"2,49€","1,25€ / LT",
Champô Anti-Caspa Controlo de Oleosidade de Citrinos,LINIC,Emb. 0.36 LT,"4,94€","13,72€ / LT",
Queijo de Cabra Rústico Saloio,PALHAIS DE PORTUGAL,1 Unid. = 0.25 KG (aprox.),"16,99€/kg","4,25€ / Unid.",
Conserva de Atum Assado à Algarvia,RAMIREZ,Emb. 0.12 KG,"1,49€","12,42€ / KG",
Ravioli com Fiambre,TURINI,Emb. 0.3 KG,"1,79€","5,97€ / KG",
Vinagre de Vinho Branco,ECO+,Garrafa 1 LT,"0,59€","0,59€ / LT",
Café Cápsulas aQtivus Intensidade 8,DELTA,Emb. 10 CAPS.,"2,99€","0,30€ / CAPS.",
Pet Expert Espuma de Limpeza,VANISH,Emb. 1 UNID.,"5,84€","5,84€ / UNID.",
Néctar Vital Frutos Vermelhos 3x20 cl,COMPAL,Emb. 0.6 LT,"1,59€","2,65€ / LT",
Pastilhas de Limpeza para Próteses Dentárias,POLIDENT,Emb. 1 P,"5,55€","5,55€ / P",
Iogurtes sem Pedaços Frutos Amarelos 8x125g,DÉLISSE,Emb. 1 KG,"2,09€","2,09€ / KG",
Vinho Tinto,COMP DO VINHO,Bag in Box 5 LT,"4,69€","0,94€ / LT",
DETERGENTE CAPSULAS 3 EM 1 FRESCURA P/ROUPA,EPSIL,,"4,89€",/ Unid.,
Gel de Banho Lúcia-Lima e Limão,VASELINE,Emb. 0.7 LT,"2,99€","4,27€ / LT",
Cerveja com Álcool,SUPER BOCK,Garrafa 1 LT,"1,79€","1,79€ / LT",
Champô Anti-Caspa Frescura Diária de Menta e Limão para Todos os Tipos de Cabelo,LINIC,Emb. 0.36 LT,"4,94€","13,72€ / LT",
Intensificador Fragrância Comfort Explosão Floral,COMFORT,Emb. 0.76 UNID.,"5,99€","7,88€ / UNID.",
Recarga Ambientador Smooth Satin & Moon Lilly,AIRWICK,Emb. 1 UNID.,"3,59€","3,59€ / UNID.",
Pão de Forma com Códea Especial Torradas,PANRICO,Emb. 0.75 KG,"1,59€","2,12€ / KG",
Conserva de Feijão Frade da Horta,COMPAL,Lata 0.42 KG,"0,99€","2,36€ / KG",
Gelado Stracciatella,CARTE D'OR,Emb. 0.9 LT,"3,29€","3,66€ / LT",
Cápsulas Café Espresso Intenso Intensidade 13,DOLCE GUSTO,Emb. 48 CAPS.,"14,29€","0,30€ / CAPS.",
Água Perfumada para Engomar,COMFORT,Emb. 1 LT,"1,49€","1,49€ / LT",
Pepitas de Chocolate,TABLIER BLANC,Emb. 0.1 KG,"1,99€","19,90€ / KG",
Arroz Carolino,BELMONTE,Emb. 1 KG,"0,99€","0,99€ / KG",
Loção para Corpo Suavizante 48h Pele Seca,NIVEA BODY,Emb. 0.4 LT,"6,68€","16,70€ / LT",
Iogurte Natural 4x125g,DÉLISSE,Emb. 0.5 KG,"0,69€","1,38€ / KG",
Pao De Forma Cerealia 5 Sementes,PANRICO,Emb. 0.435 KG,"1,69€","3,89€ / KG",
Farinha Láctea,MOTS D'ENFANTS,Emb. 1 KG,"4,49€","4,49€ / KG",
AXE Gel de Bnaho Green Mojito 400ml,AXE,Emb. 0.4 LT,"3,29€","8,23€ / LT",
VELA NUMERO FUN 0,ARDENCE,Emb. 1 UNID.,"0,90€","0,90€ / UNID.",
Bife da Pá Novilho,,1 Unid. = 0.25 KG (aprox.),"6,99€/kg","1,75€ / Unid.",
Molho de Nata Carne,MIMOSA,Emb. 0.2 LT,"0,98€","4,90€ / LT",
Infusão Framboesa,LIPTON,Emb. 20 UN,"1,94€","0,10€ / UN",
Salsichão Seco Porco,ECO+,Emb. 0.25 KG,"2,69€","10,76€ / KG",
FORMA DE QUEQUE Nº 04 - PACK 06 UNID.,ECO+,Emb. 1 UNID.,"2,49€","2,49€ / UNID.",
PAIO YORK FATIADO,CAMPO FINO,Emb. 0.15 KG,"1,59€","10,60€ / KG",
Bolinhas com Pepitas,P'TIT DÉLI,Emb. 0.24 KG,"1,29€","5,38€ / KG",
Esparguete,TURINI,Emb. 1 KG,"1,39€","1,39€ / KG",
PAPEL VEGETAL 15 MT,ELEMBAL,Emb. 15 MT,"1,55€","0,10€ / MT",
Cerveja sem Álcool Preta 6x33cl,SUPER BOCK,Emb. 1.98 LT,"4,49€","2,27€ / LT",
Champô,TRESEMMÉ,Emb. 0.4 LT,"4,19€","10,48€ / LT",
Farinha sem Fermento Integral,NACIONAL,Emb. 1 KG,"1,19€","1,19€ / KG",
Bolachas Maria Oro,CUÉTARA,Emb. 0.8 KG,"2,87€","3,59€ / KG",
Bebida Láctea para Gatinhos 3x200ml,LYCAT,Emb. 3 UNID.,"2,38€","0,79€ / UNID.",
Noodles Galinha,KNORR,Emb. 0.07 KG,"0,98€","14,00€ / KG",
MASSA QUEBRADA BIO,,Emb. 0.23 KG,"1,59€","6,91€ / KG",
AURICULARES MAOS LIVRES PRETO,LINKSTER,Emb. 1 UNID.,"6,99€","6,99€ / UNID.",
Papa Infantil Leite e 8 Cereais e Mel,CERELAC,Emb. 0.4 KG,"1,84€","4,60€ / KG",
Iogurte Cremoso de Frutas 16x125g,DÉLISSE,Emb. 2 KG,"3,59€","1,80€ / KG",
Barras de Cereais de Chocolate C/ Leite 6 Unid.,CHOCAPIC,Emb. 0.15 KG,"3,19€","21,27€ / KG",
Escova Esqueleto Grande,,Emb. 1 UNID.,"3,99€","3,99€ / UNID.",
Queijo Gruyère,NOS RÉGIONS ONT DU TALENT,Emb. 0.25 KG,"4,19€","16,76€ / KG",
Cápsulas Café Cappuccino P/ Dolce Gusto,STARBUCKS,Emb. 12 CAPS.,"5,39€","0,45€ / CAPS.",
SAUCE POIVRE VERT,RUSTICA,Emb. 0.03 KG,"0,45€","15,00€ / KG",
Pão de Forma Integral Sem Côdea,BIMBO,Emb. 0.45 KG,"1,69€","3,76€ / KG",
Bolo Floresta Negra,,Emb. 1 KG,"12,99€","12,99€ / KG",
Batatas Fritas Light,LAY'S,Emb. 0.14 KG,"1,81€","12,93€ / KG",
Alimento Húmido para Gato Fígado e Aves,LYCAT,Emb. 0.1 KG,"0,55€","5,50€ / KG",
Caramelos de Leite,COPAÍNS COPINES,Emb. 0.25 KG,"1,19€","4,76€ / KG",
Bebida à Base de Amêndoa,NAT&VIE,Emb. 1 LT,"1,59€","1,59€ / LT",
Refrigerante Mini C/ Gás Zero Cafeína Zero Açúcar Pack 12,COCA COLA ZERO,Emb. 1.8 LT,"5,54€","3,08€ / LT",
GUARDANAPOS RENOVA OLÉ DUPLO 140U,GUARDANAPOS RENOVA,Emb. 140 UNID.,"1,69€","0,01€ / UNID.",
Mistura C/ Goji,MARQUE REPERE,Emb. 0.2 KG,"2,99€","14,95€ / KG",
Conserva de Feijão Preto da Horta,COMPAL,Lata 0.42 KG,"1,18€","2,81€ / KG",
Molho Bechamel Desidratado,RUSTICA,Emb. 0.06 KG,"0,69€","11,50€ / KG",
Snack Batata Frita Sabor Bacon,TOKAPI,Emb. 0.17 KG,"1,95€","11,47€ / KG",
Tablete de Chocolate Negro,NESTLÉ,Emb. 0.125 KG,"1,89€","15,12€ / KG",
Detergente Roupa Máquina Líquido A+ Essência Da Provença,A+,Emb. 100 DOSES,"11,99€","0,12€ / DOSES",
"SALSICHAO SECO ""PUR PORC"" MINI",ST AZAY,Emb. 0.075 KG,"1,39€","18,53€ / KG",
Barrinhas de Pescada Panada Temperada com Limão s/ Glúten,PESCANOVA,Emb. 0.3 KG,"2,25€","7,50€ / KG",
Farinheira Regional,SNR,Emb. 0.23 KG,"1,55€","6,74€ / KG",
Vitelão para Assar,,1 Unid. = 0.87 KG (aprox.),"13,99€/kg","12,17€ / Unid.",
PATE PEIXE P/ GATO 100G ECO+,ECO+,Emb. 0.1 KG,"0,27€","2,70€ / KG",
Tiras P/ Coelhos Legumes,TOUS MES AMIS,Emb. 0.11 KG,"1,75€","15,91€ / KG",
Papa Infantil,CERELAC,Emb. 0.5 KG,"2,88€","5,76€ / KG",
Molhos Tripack,RUSTICA,Emb. 0.75 KG,"3,99€","5,32€ / KG",
Cápsulas Delta Q Café Epic 10 unidades,DELTA Q,Emb. 0.055 KG,"3,39€","61,64€ / KG",
Mini Barras de Chocolate com Recheio de Leite 16Unid.,COPAÍNS COPINES,Emb. 0.2 KG,"1,99€","9,95€ / KG",
Queijo Flamengo Light Fatiado,AGROS,Emb. 0.17 KG,"2,18€","12,82€ / KG",
TAGLIATELLES FRANGO E COGUMELOS,CÔTÉ TABLE,Emb. 0.3 KG,"2,99€","9,97€ / KG",
Brioche Fatiado Familiar,EPI D'OR,Emb. 0.7 KG,"2,79€","3,99€ / KG",
2 PILHAS RECARREGAVEIS R20 3000MAH,FOXTER,Emb. 2 UNID.,"6,99€","3,50€ / UNID.",
Máquinas de Barbear Descartáveis Blue II Plus Mulher,GILLETTE,Emb. 6 UNID.,"2,99€","0,50€ / UNID.",
MEGA CHOCO CHOCOLATE LEITE CROCANTE,P'TIT DÉLI,Emb. 0.15 KG,"1,59€","10,60€ / KG",
Caldo Culinário 16 cubos,KNORR,Emb. 0.16 KG,"1,39€","8,69€ / KG",
Vodka Black,ERISTOFF,Garrafa 0.7 LT,"12,47€","17,81€ / LT",
MINI SPRAY BRISA MARINHA RECARGA 15ML,BIEN AIR,Emb. 0.015 LT,"0,90€","60,00€ / LT",
Licor,SHERIDAN'S,Garrafa 0.5 LT,"17,99€","35,98€ / LT",
Máquina de Depilar Descartável Oceana,GILLETTE,Emb. 4 UNID.,"7,84€","1,96€ / UNID.",
Chantilly Light,DÉLISSE,Emb. 0.25 KG,"1,69€","6,76€ / KG",
Chouriço Porco Preto,SNR,Emb. 0.2 KG,"2,99€","14,95€ / KG",
Champô para Cabelo Pintado,TRESEMMÉ,Emb. 0.4 LT,"4,19€","10,48€ / LT",
Hamburguer de Vaca Ultracongelado,PESCANOVA,Emb. 0.3 KG,"3,94€","13,13€ / KG",
PRATOS CARTAO BRANCOS 22CM,ECO+,Emb. 100 UNID.,"4,90€","0,05€ / UNID.",
Paio York,CHARCUTARIA,1 Unid. = 0.1 KG (aprox.),"9,49€/kg","0,95€ / Unid.",
Bloco Sanitário Poder Activo Lavanda,SONASOL,Emb. 0.05 KG,"1,94€","38,80€ / KG",
Iogurte Actifidus sabor Limão 4x125gr,DÉLISSE,Emb. 0.5 KG,"0,99€","1,98€ / KG",
Queijo Curado 7 meses,SÃO JORGE,Emb. 0.4 KG,"5,99€","14,98€ / KG",
Conserva de Feijão Preto,COMPAL,Lata 0.845 KG,"1,59€","1,88€ / KG",
Bolachas Crackers com Azeite e Rosmaninho,DU BOIS DE LA ROCHE,Emb. 0.2 KG,"2,04€","10,20€ / KG",
Pizza Cozida na Pedra Frango Assado,TURINI,Emb. 0.4 KG,"2,09€","5,23€ / KG",
Alheira da Caca de Trancoso,SNR,Emb. 0.2 KG,"1,89€","9,45€ / KG",
Alimento Seco P/ Cachorro + de 10 Kg Frango C/ Arroz,PURINA,Emb. 2.5 KG,"13,89€","5,56€ / KG",
Lápis para Colorir,ESQUISSE,,"2,29€",/ Unid.,
DISTRIBUIDOR AGUA E CROQUETES,P'TIT AMI,Emb. 1 UNID.,"4,99€","4,99€ / UNID.",
CERA LIQUIDA PRETA 75ML,LA VACHETTE,Emb. 0.075 LT,"2,15€","28,67€ / LT",
"CANETA PRETO 0,7MM",ESQUISSE,Emb. 4 UNID.,"1,29€","0,32€ / UNID.",
Pipe Rigate,TRADIZIONI D'ITALIA,Emb. 0.5 KG,"1,59€","3,18€ / KG",
QUALITA ROSSA CAFE MOIDO,LAVAZZA,Emb. 0.25 KG,"2,62€","10,48€ / KG",
Alga Sushi,MIYATA,Emb. 0.014 KG,"2,04€","145,71€ / KG",
PURE MACA/FRAMBOESA/ARANDO SEM ADICAO ACUCAR BISNAGA,DOUCEUR DU VERGER,Emb. 0.48 KG,"2,79€","5,81€ / KG",
Gel de Banho Naturals Leite e Mel,PALMOLIVE,Emb. 0.5 LT,"2,69€","5,38€ / LT",
Óleo Alimentar,RUSTICA,Garrafão 3 LT,"8,25€","2,75€ / LT",
VELA NUMERO FUN 9,ARDENCE,Emb. 1 UNID.,"0,90€","0,90€ / UNID.",
Máscara de Abacate Ultra Suave,GARNIER,Emb. 0.3 LT,"6,79€","22,63€ / LT",
Iogurte Soja Framboesa 4 Unid.,NAT&VIE,Emb. 0.4 KG,"1,49€","3,73€ / KG",
Vinho Regional Douro Tinto,VINHA GRANDE,Garrafa 0.75 LT,"9,89€","13,19€ / LT",
Snack P/ Cão Sticks C/ Aroma a Javali,PURINA,Emb. 0.09 KG,"1,91€","21,22€ / KG",
Milho Doce Embalado,,1 Unid. = 0.4 KG  (aprox.),"1,86€/kg","1,99€ / Unid.",
FECULA DE MILHO,TABLIER BLANC,Emb. 0.4 KG,"1,29€","3,23€ / KG",
Creme Corporal Pele Seca Refirmante Q10,NIVEA BODY,Emb. 0.25 LT,"4,99€","19,96€ / LT",
Néctar Clássico Ananás,COMPAL,Emb. 1 LT,"1,62€","1,62€ / LT",
Queijo Camembert,PRÉSIDENT,Emb. 0.25 KG,"3,39€","13,56€ / KG",
RECARGA P/ ESCOVA DENTES CABECA RECARRREGAVEL,DENTAMYL,,"1,25€",/ Unid.,
Preparado em Pó P/ Gelatina de Ananás,ROYAL,Emb. 0.114 KG,"1,89€","16,58€ / KG",
BORRACHA BRANCA 1UN,ESQUISSE,Emb. 1 UNID.,"0,79€","0,79€ / UNID.",
Bife Bourguignon com Batatas,CÔTÉ TABLE,Emb. 0.3 KG,"2,49€","8,30€ / KG",
Água com Gás Groselha 4x25 cl,FRIZE,Emb. 1 LT,"2,59€","2,59€ / LT",
Alimento Seco P/ Gato Adulto C/ Digestão Sensível,PURINA ONE,Emb. 0.8 KG,"6,89€","8,61€ / KG",
"SPRAY AMBIENTADOR ""FRUTOS VERMELHOS"" 300ML",BIEN AIR,Emb. 0.3 LT,"0,99€","3,30€ / LT",
Rosegones Biscoitos de Amêndoa,P'TIT DÉLI,Emb. 0.25 KG,"1,69€","6,76€ / KG",
Escova Multiusos,SILLAGE,Emb. 1 UNID.,"1,90€","1,90€ / UNID.",
Cereais de Aveia Integral,FITNESS,Emb. 0.625 KG,"4,19€","6,70€ / KG",
Bechamel,PARMALAT,Emb. 0.5 LT,"2,15€","4,30€ / LT",
AUSONIA ORG COTTON NOITE ABAS,AUSONIA,Emb. 90 UNID.,"2,54€","0,03€ / UNID.",
Lava Tudo Novo Brilho Camomila e Flor de Laranjeira,SONASOL,Emb. 1.3 LT,"2,09€","1,61€ / LT",
Pastilhas 2 em 1 Protege e Limpa,CALGON,Emb. 15 UNID.,"6,99€","0,47€ / UNID.",
Cápsulas Café Ristretto Ardenza,DOLCE GUSTO,Emb. 16 CAPS.,"5,75€","0,36€ / CAPS.",
LEITE DE COCO,TABLES DU MONDE,Emb. 0.4,"1,49€","3,73€ /",
Bolachas Recheadas Mini,OREO,Emb. 0.16 KG,"1,91€","11,94€ / KG",
Leite Meio Gordo S/ Lactose 4x200ML,MIMOSA,Emb. 0.8 LT,"1,98€","2,48€ / LT",
Esponja Ativa,,Emb. 1 UNID.,"0,99€","0,99€ / UNID.",
Batatas Fritas com Sal 6x30 g,LAY'S,Emb. 0.18 KG,"2,19€","12,17€ / KG",
Vinho Regional Alentejo Tinto,MONTE VELHO,Garrafa 0.75 LT,"3,69€","4,92€ / LT",
Bolachas Digestivas,MCVITIES,Emb. 0.4 KG,"2,19€","5,48€ / KG",
Pastilha Elástica Senses Frutos Vermelhos 3x23g,TRIDENT,Emb. 0.069 KG,"2,24€","32,46€ / KG",
Dentífrico Cuidado Diário,PARODONTAX,Emb. 0.075 LT,"5,59€","74,53€ / LT",
Bolachas Crackers Original,TUC,Emb. 0.1 KG,"1,14€","11,40€ / KG",
Whisky Cutty Sark,CUTTY SARK,Garrafa 0.7 LT,"11,49€","16,41€ / LT",
Alimento Seco Cão Croquetes Carne,ECO+,Emb. 4 KG,"4,69€","1,17€ / KG",
"BL1 LED ESFERA 3,2W-25W E14",FOXTER,Emb. 1 UNID.,"2,99€","2,99€ / UNID.",
Ice Tea Pêssego Zero Açúcar,LIPTON,Emb. 0.6 LT,"1,13€","1,88€ / LT",
TARTE MORANGO  NATA,P'TIT DÉLI,Emb. 0.3 KG,"2,99€","9,97€ / KG",
Mortadela com Azeitonas,CHARCUTARIA,1 Unid. = 0.1 KG (aprox.),"4,99€/kg","0,50€ / Unid.",
Recarga Ambientador Elétrica White Bouquet,AIR WICK,Emb. 0.019 LT,"3,59€","188,95€ / LT",
BALDE DE TREMOCOS,RUSTICA,Emb. 3.5 KG,"5,45€","1,56€ / KG",
Duc de Borzac Armagna V.S.O.P,DUC DE BORZAC,Garrafa 0.7 LT,"14,99€","21,41€ / LT",
Detergente Manual em Pó,TIDE,Emb. 0.6 KG,"1,78€","2,97€ / KG",
Sacos Lixo para Casa de Banho 30x10L,ECO+,Emb. 30 UNID.,"0,69€","0,02€ / UNID.",
Tablete de Chocolate Preto Praline com Pepitas de Avelã,EQUADOR,Emb. 0.15 KG,"1,55€","10,33€ / KG",
Natas Líquidas Magra 3x20cl,DÉLISSE,Emb. 0.06 LT,"1,75€","29,17€ / LT",
Toalhitas Íntimas Suaves,CORINE DE FARME,Emb. 10 UNID.,"1,64€","0,16€ / UNID.",
Tortellini de Queijo,KNORR,Emb. 0.25 kg,"3,09€","12,36€ / kg",
Gelado de Yoghurt & Forest Fruit,CARTE D'OR,Emb. 1 LT,"3,29€","3,29€ / LT",
Toucinho Fumado,DAMATTA,Emb. 0.2 KG,"7,99€/kg","1,60€ / Unid.",
FORMA PAO DE LÓ C/ CANO Nº. 26,ECO+,Emb. 1 UNID.,"3,99€","3,99€ / UNID.",
Refrigerante C/ Gás Lima Limão,ECO+,Garrafa 2 LT,"0,79€","0,40€ / LT",
Gel de Banho Purely Pampering,DOVE,Emb. 0.75 LT,"4,79€","6,39€ / LT",
Aguardente Aldeia Velha 70cl,,,"11,99€",/ Unid.,
Água de Nascente S/ Gás,ECO+,Garrafa 1.5 LT,"0,25€","0,17€ / LT",
Iogurte Queijo Fresco Açucarado com Frutos 6x100g,DÉLISSE,Emb. 0.6 KG,"0,99€","1,65€ / KG",
Gelado Tyrolia Frutos Vermelhos,ESKISS,Emb. 0.65 LT,"2,25€","3,46€ / LT",
Conserva de Milho Doce,BONDUELLE,Lata 0.3 KG,"1,58€","5,27€ / KG",
Espumante Bruto,CONTRI,Garrafa 0.75 LT,"2,44€","3,25€ / LT",
Sabonete Liquido Recarga Leite e Mel,PALMOLIVE,Emb. 0.3 LT,"3,19€","10,63€ / LT",
Detergente em Pó p/ Máquina de Roupa,SURF,Emb. 92 DOSES,"12,49€","0,14€ / DOSES",
"Tisana Silhueta de Cavalinha, Erva Príncipe e Gengibre",LIPTON,Emb. 0.028 KG,"1,94€","69,29€ / KG",
Iogurte de Pêssego e Banana 4 Unid.,IOGOLINO,Emb. 0.4 KG,"2,79€","6,98€ / KG",
Alimento Seco P/ Cão Adulto Rica em Borrego C/ Cevada Integral,BEYOND,Emb. 1.4 KG,"6,34€","4,53€ / KG",
Tortellini de Carne,KNORR,Emb. 0.25 KG,"3,14€","12,56€ / KG",
Conserva Macedónia de Legumes,NOTRE JARDIN,Lata 0.53 KG,"1,59€","3,00€ / KG",
Elixir Listerine Menta Suave,LISTERINE,Emb. 0.75 LT,"5,21€","6,95€ / LT",
Fritos Tiras de Milho,MATUTANO,Emb. 0.13 KG,"1,58€","12,15€ / KG",
Melão Branco,,1 Unid. = 3.076 KG (aprox.),"0,89€/kg","2,74€ / Unid.",
Ice Tea de Pêssego Lata 6x25cl,LIPTON,Emb. 1.5 LT,"3,38€","2,25€ / LT",
CANETA MARCADOR FLURESCENTE SORTIDO 4UN,ESQUISSE,Emb. 4 UNID.,"0,56€","0,14€ / UNID.",
Alimento Húmido P/ Gato Gold Carne de Vaca,GOURMET GOLD,Emb. 0.085 KG,"0,72€","8,47€ / KG",
DETERGENTE MANUAL LOICA ULTRA LIMAO 750ML,VISIOR,Emb. 0.75 LT,"1,01€","1,35€ / LT",
"ASPIRADOR C/SACO 500W 3,5L",ELSAY,Emb. 1 UNID.,"59,90€","59,90€ / UNID.",
COOKIES COM MEGA PEPITAS CHOCOLATE,P'TIT DÉLI,Emb. 0.184 KG,"1,49€","8,10€ / KG",
Pizza Casa Di Mama Salame,DR. OETKER,Emb. 0.38 LT,"5,44€","14,32€ / LT",
Pevides de Girassol C/ Casca C/ Sal,MARQUE REPERE,Emb. 0.2 KG,"1,25€","6,25€ / KG",
MARCADORES COLORIR LAVAVEL PONTA MEDIA 36UN,ESQUISSE,Emb. 36 UNID.,"3,31€","0,09€ / UNID.",
COXAS FRANGO ASSADAS C/ MOLHO MEXICANO,ECO+,Emb. 0.25 KG,"2,19€","8,76€ / KG",
Bolachas de Mel,VIEIRA,Emb. 0.3 KG,"2,49€","8,30€ / KG",
Conserva de Tremoço Extra,RUSTICA,Emb. 0.5 KG,"1,99€","3,98€ / KG",
Bife do Pojadouro Vitelão,,1 Unid. = 0.25 KG (aprox.),"11,99€/kg","3,00€ / Unid.",
Creme Hidratante Dia Age Perfect,DERMO EXPERTISE,Emb. 0.05 LT,"15,99€","319,80€ / LT",
Suporte Universal Carro P/ Smartphone,LINKSTER,Emb. 1 UNID.,"5,99€","5,99€ / UNID.",
PALMIERS ESTALADICOS,ECO+,Emb. 0.1 KG,"0,55€","5,50€ / KG",
Bolachas Mini Dinosauros Cereais Saquetas,ARTIACH,Emb. 0.12 KG,"1,79€","14,92€ / KG",
MOLHO FRANCESINHA,RUSTICA,Emb. 0.5 KG,"1,99€","3,98€ / KG",
Iogurte Líquido Baunilha Cookies,DANONE,Emb. 0.3 KG,"1,89€","6,30€ / KG",
Álcool Desnaturado,,Emb. 1 LT,"2,47€","2,47€ / LT",
Farinha Express,MAIZENA,Emb. 0.25 KG,"2,62€","10,48€ / KG",
Vinho Regional Península de Setúbal Branco,ADEGA DE PEGÕES,Garrafa 0.75 LT,"1,59€","2,12€ / LT",
MANTEIGA MEIO SAL BIO,,Emb. 0.25 KG,"2,45€","9,80€ / KG",
Espumante Doce,SALVE,Garrafa 0.75 LT,"2,79€","3,72€ / LT",
SALSICHAO SECO PORCO QS,ST AZAY,Emb. 0.25 KG,"3,99€","15,96€ / KG",
Vinho Regional Alentejo Tinto,REGUENGOS,Garrafa 0.75 LT,"2,39€","3,19€ / LT",
Caderno Espiral Capa Dura Pautado 150p Cores Sortidas,ESQUISSE,,"3,19€",/ Unid.,
CAPA PLASTICA A4 C/ELASTICO 1UN,ESQUISSE,Emb. 1 UNID.,"0,72€","0,72€ / UNID.",
Néctar Clássico Pera Rocha,COMPAL,Emb. 1 LT,"0,99€","0,99€ / LT",
TIRAS FRANGO PANADO,CÔTÉ CROC,Emb. 0.6 KG,"6,86€","11,43€ / KG",
Atum Posta Azeite e Orégãos,BOM PETISCO,Emb. 0.12 KG,"1,56€","13,00€ / KG",
Espumante de Limão,BAR ROYAL,Garrafa 0.75 LT,"3,29€","4,39€ / LT",
Truta Salmonada,,1 Unid. = 0.9 KG (aprox.),"4,49€/kg","4,04€ / Unid.",
Gin Gordon´s,GORDON'S,Garrafa 0.7 LT,"13,19€","18,84€ / LT",
Licor Creme Pastel Nata,35,Garrafa 0.7 LT,"11,99€","17,13€ / LT",
Esfregão Verde Clássico Cuide das suas Mãos,SCOTCH BRITE,Emb. 2 UNID.,"1,94€","0,97€ / UNID.",
SALSICHAO MORTEAU,NOS RÉGIONS ONT DU TALENT,,"6,99€",/ Unid.,
Refrigerante S/ Gás Tropical Cenoura,JAFADEN,Garrafa 1.5 LT,"1,25€","0,83€ / LT",
Salame Fatiado,EL POZO,Emb. 0.8 KG,"1,94€","2,43€ / KG",
Ervilhas Extra Finas,NOTRE JARDIN,Emb. 0.8 KG,"1,39€","1,74€ / KG",
GLADE RECARGA SANDALWOOD & JASMINE 10ML,GLADE,,"2,09€",/ Unid.,
Queijo Fatiado Flamengo 2X200 g,TERRA NOSTRA,Emb. 0.4 KG,"4,48€","11,20€ / KG",
Polpa de Tomate da Horta 3x210ml,COMPAL,Emb. 0.63 LT,"1,59€","2,52€ / LT",
Conserva de Azeitona Verde em Rodelas,RUSTICA,Frasco 0.36 KG,"1,39€","3,86€ / KG",
Perna de Frango Embalada,,1 Unid. = 1 KG (aprox.),"3,99€/kg","3,99€ / Unid.",
GELATINA MANGA LARANJA LIGHT CONDI 2X15G,CONDI,Emb. 0.3 KG,"1,79€","5,97€ / KG",
Iogurte Natural Cremoso 16x125g,DÉLISSE,Emb. 2 KG,"2,89€","1,45€ / KG",
Couve Coração,,1 Unid. = 0.84 KG (aprox.),"0,89€/kg","0,75€ / Unid.",
Chiclets Spearmint 12 Unid.,CHICLETS,Emb. 0.017 KG,"0,95€","55,88€ / KG",
Cillit Bang Tira Gorduras 500ML x12,CILLIT BANG,Emb. 0.5 LT,"2,24€","4,48€ / LT",
"SOBREMESA ""ZEBRA"" CHOCOLATE-LEITE",DÉLISSE,Emb. 0.4 KG,"1,79€","4,48€ / KG",
Sobremesa Creme de Caramelo 4x125g,DÉLISSE,Emb. 0.5 KG,"1,59€","3,18€ / KG",
Créme Dessert Praliné 4x125g,DÉLISSE,Emb. 0.5 KG,"1,59€","3,18€ / KG",
"AGUA NAT PET,CARVALHELHO,4x1.5L",CARVALHELHOS,,"2,28€",/ Unid.,
Máquinas de Depilar Descartáveis Venus 3,GILLETTE,Emb. 6 UNID.,"5,99€","1,00€ / UNID.",
Salsicha de Churrasco de Porco Brasileira Embalada,,Emb. 0.6 KG (aprox.),"2,59€/kg","1,55€ / Unid.",
LONA PLASTICO 4X6M,ECO+,,"12,99€",/ Unid.,
Bolacha,CHIQUILÍN,Emb. 0.175 KG,"1,44€","8,23€ / KG",
ALIMENT BEBE: PURE LEGUMES FRANGO DO CAMPO BIO +8M 2X200G,BIO VILLAGE BEBE,Emb. 0.4 KG,"2,69€","6,73€ / KG",
Creme de Mãos Reparador Repair & Care,BIOTEN,Emb. 0.1 LT,"2,13€","21,30€ / LT",
SACOS LIXO FECHO FACIL 100% RECICLADO 50L,ECO+,Emb. 25 UNID.,"1,99€","0,08€ / UNID.",
Farinha de Mandioca,GLOBO,Emb. 0.5 KG,"1,79€","3,58€ / KG",
Máscara Ultra Suave Azeitona Mítica,GARNIER,Emb. 0.3 LT,"6,03€","20,10€ / LT",
Creme Culinário de Soja,SHOYCE,Emb. 0.2 LT,"1,49€","7,45€ / LT",
Luvas Finas Descartáveis Latex Tam. M,MAMISON,Emb. 100 UNID.,"15,90€","0,16€ / UNID.",
Salada Iceberg,,Emb. 0.25 KG,"0,99€","3,96€ / KG",
MARSHMALLOWS CHOCO,COPAÍNS COPINES,Emb. 0.16 KG,"1,69€","10,56€ / KG",
Café Solúvel Descafeinado,NESCAFÉ,Emb. 0.1 KG,"4,29€","42,90€ / KG",
Chá Verde,TETLEY,Emb. 10 SAQ.,"0,89€","0,09€ / SAQ.",
Snacks Futebolas,CHEETOS,Emb. 0.13 KG,"1,58€","12,15€ / KG",
CAMA EM PLASTICO PARA CAO GRANDE,P'TIT AMI,Emb. 1 UNID.,"11,13€","11,13€ / UNID.",
1000 AGRAFOS N24/6,ESQUISSE,Emb. 1 UNID.,"0,49€","0,49€ / UNID.",
Cápsulas Café Latte Macchiato P/ Dolce Gusto,STARBUCKS,Emb. 12 CAPS.,"5,39€","0,45€ / CAPS.",
Cogumelo Marron,,Emb. 0.3 KG,"1,69€","5,63€ / KG",
"ARROZ MUNDO ORIENTE BASMATI , 1kg",ORIENTE,,"3,16€",/ Unid.,
Paprika Frasco,MARGÃO,Emb. 0.04 KG,"1,94€","48,50€ / KG",
VELA NUMERO FUN 8,ARDENCE,Emb. 1 UNID.,"0,90€","0,90€ / UNID.",
Bolachas Recheadas com Chocolate Biológicas,,Emb. 0.185 KG,"2,59€","14,00€ / KG",
Tomate Triturado 390 g,TURINI,Lata 0.5 KG,"0,49€","0,98€ / KG",
Conserva Ervilhas Cenouras 3x130g,NOTRE JARDIN,Emb. 0.13 KG,"1,95€","15,00€ / KG",
Bolachas Cookies com Pepitas Chocolate e Côco,P'TIT DÉLI,Emb. 0.2 KG,"1,39€","6,95€ / KG",
Detergente Loiça Manual Original Ultra,FAIRY,Emb. 1.5 LT,"5,64€","3,76€ / LT",
IOG.NAT.ACU.DELISSE CANA X16,DÉLISSE,Emb. 16 UNID.,"2,99€","0,19€ / UNID.",
Bolachas Ositos Sabor a Mel,ARTIACH,Emb. 4 UNID.,"1,99€","0,50€ / UNID.",
"BL1 LED STANDARD 9,5W-60W E27",FOXTER,Emb. 1 UNID.,"3,69€","3,69€ / UNID.",
Bolachas Sementes de Sésamo Biológicas,,Emb. 0.23 KG,"2,09€","9,09€ / KG",
"MINAS P/LAPISEIRA HB 0,7MM 2UN",ESQUISSE,Emb. 2 UNID.,"0,99€","0,50€ / UNID.",
Néctar Clássico Laranja,COMPAL,Emb. 1 LT,"1,59€","1,59€ / LT",
OLEO BARBA LONGA 50ML,CARRÉ HOMME,,"2,99€",/ Unid.,
Café Torrado Moído Vietname Moagem Universal Intensidade 10,SICAL,Emb. 0.22 KG,"3,79€","17,23€ / KG",
Conserva de Feijão Encarnado Cozido,NOTRE JARDIN,Lata 0.85 KG,"0,99€","1,16€ / KG",
ICE TEA LIMÃO,LIPTON,Emb. 0.5 LT,"0,79€","1,58€ / LT",
Bolachas Torradas,VIEIRA,Emb. 0.2 KG,"0,82€","4,10€ / KG",
Néctar Clássico Pera Rocha 3x20 cl,COMPAL,Emb. 0.6 LT,"1,43€","2,38€ / LT",
Vinho Tinto,LEZÍRIA,Garrafa 0.75 LT,"1,53€","2,04€ / LT",
Champô Cabelo Ultra Suave Delicadeza de Aveia,GARNIER,Emb. 0.25 LT,"3,59€","14,36€ / LT",
Escova Gengivas e Dentes,PARODONTAX,Emb. 1 UNID.,"3,24€","3,24€ / UNID.",
Café Torrado Moído Portugal Universal,DELTA,Emb. 0.25 KG,"2,29€","9,16€ / KG",
Bebida Energética Absolutely Zero,MONSTER ENERGY,Emb. 0.5 LT,"1,20€","2,40€ / LT",
PURE MACA/MANGA SEM ADICAO ACUCAR BISNAGA BIO,,Emb. 0.36 KG,"2,39€","6,64€ / KG",
Tomates Inteiros Pelados C/ Sumo,ECO+,Emb. 0.449 KG,"0,70€","1,56€ / KG",
Conserva de Feijão Verde Muito Fino,NOTRE JARDIN,Lata 0.8 KG,"1,79€","2,24€ / KG",
ALCOOL ETILICO 70º,PRIMOPLAST,Emb. 0.25 LT,"0,75€","3,00€ / LT",
ASPIRADOR S/SACO ECO+,ECO+,Emb. 1 UNID.,"49,90€","49,90€ / UNID.",
Miolo de Amendoim C/ Sal,MARQUE REPERE,Emb. 0.25 KG,"1,19€","4,76€ / KG",
Café Torrado em Grão,PLANTATION,Emb. 0.25 KG,"1,69€","6,76€ / KG",
Papa Infantil Não Láctea Multicereais,CERELAC,Emb. 0.25 KG,"1,79€","7,16€ / KG",
Alimento Húmido Gato Ave e Legumes,LYCAT,,"1,55€",/ Unid.,
Fósforos de Segurança 100 unid.,SILEX,Emb. 3 UNID.,"0,76€","0,25€ / UNID.",
Cereais Choco Krispies,KELLOGG'S,Emb. 0.375 KG,"2,29€","6,11€ / KG",
Café Torrado Moído Lote Masaka Uganda Intensidade 11,SICAL,Emb. 0.22 KG,"3,85€","17,50€ / KG",
Sumo de Laranja e Cenoura,SANTAL,Garrafa 1.5 LT,"2,05€","1,37€ / LT",
Loção Corporal Cocoa Radiance,VASELINE,Emb. 0.2 LT,"2,14€","10,70€ / LT",
PEPINO FERBAR VINAGRE 345G,FERBAR,Emb. 0.345 KG,"1,56€","4,52€ / KG",
Pão de Forma com Códea Familiar,PANRICO,Emb. 0.75 KG,"1,59€","2,12€ / KG",
Detergente Limpeza Spray Multiusos com Lixívia,CIF,Emb. 0.75 Lt,"2,49€","3,32€ / Lt",
Bolachas de Diet-Fibra sem Açúcar,GULLÓN,Emb. 0.25 KG,"2,39€","9,56€ / KG",
CESTO + 36 MOLAS,HOMESIDE,Emb. 1 UNID.,"3,50€","3,50€ / UNID.",
Néctar Clássico Laranja,COMPAL,Emb. 1 LT,"0,99€","0,99€ / LT",
WC Brisa Marinha,NEO BLANC,Emb. 2 UNID.,"4,49€","2,25€ / UNID.",
Pensos Higiénicos Normal,ECO+,Emb. 20 UNID.,"0,95€","0,05€ / UNID.",
Conserva de Tomate Pelado,TURINI,Lata 0.39 KG,"0,75€","1,92€ / KG",
Pantene Liso & Sedoso Laca 300ml,PANTENE PV,Spray 0.3 LT,"3,74€","12,47€ / LT",
COLORACAO VEGETAL CASTANHO CLARO BIO,BIONAÏA,Emb. 1 UNID.,"5,24€","5,24€ / UNID.",
MOLHO TIKKA MASSALA,TABLES DU MONDE,Emb. 0.35 KG,"1,68€","4,80€ / KG",
Champô Anti-Caspa Men Eficácia Activa,LINIC,Emb. 0.225 LT,"3,34€","14,84€ / LT",
Fiambre de Peito de Frango,CHARCUTARIA,1 Unid. = 0.12 KG (aprox.),"9,99€/kg","1,20€ / Unid.",
Cuecas Incontinência Boutique M,AUSONIA,Emb. 9 UNID.,"11,99€","1,33€ / UNID.",
Cápsulas Cafe Lavazza Expresso Clássico,LAVAZZA,Emb. 0.165 KG,"8,09€","49,03€ / KG",
Esparguete Tricolor,MILANEZA,Emb. 0.5 KG,"1,97€","3,94€ / KG",
Vinho Rosé Lancers,LANCERS,Garrafa 0.75 LT,"3,89€","5,19€ / LT",
MINI MARCADOR FLURESCENTE SORTIDO CORES PASTEL 4UN,ESQUISSE,Emb. 4 UNID.,"2,29€","0,57€ / UNID.",
Figo Pingo de Mel,MARQUE REPERE,Emb. 0.25 KG,"1,59€","6,36€ / KG",
Spray Anti-Odor,SPLENDOR,Emb. 0.15 LT,"2,84€","18,93€ / LT",
PA P/TABULEIRO P/GATO 1UN,P'TIT AMI,Emb. 1 UNID.,"0,89€","0,89€ / UNID.",
Fruta 100% Maçã e Banana 4 Unid.,NESTLÉ,Emb. 0.4 KG,"2,19€","5,48€ / KG",
Bacalhau Seleção Crescido Asa Preta,,1 Unid. = 1.6 KG (aprox.),"12,99€/kg","20,78€ / Unid.",
Mostarda,CALVÉ,Emb. 0.257 KG,"1,49€","5,80€ / KG",
Queijo Mozzarella,LES CROISÉS,Emb. 0.125 KG,"0,95€","7,60€ / KG",
Creme de Brie,PRÉSIDENT,Emb. 0.125 KG,"2,44€","19,52€ / KG",
Mini Pizzas Piccolinis Salame,BUITONI,Emb. 0.27 KG,"3,89€","14,41€ / KG",
Cebola Amarela Org. Esp. cal.50/70,,Emb. 0.5 KG,"1,52€","3,04€ / KG",
Pão Cereais,,1 Unid. = 0.1 KG,"1,79€","17,90€ / KG",
Bombons de Chocolate Negro e Caramelo,LUTTI,Emb. 0.15 KG,"2,44€","16,27€ / KG",
Mini Bolo com Recheio de Creme de Cacau e Avelãs 90 g,BOLLYCAO,Emb. 6 UNID.,"1,00€","0,17€ / UNID.",
AGUARDENTE FIM DE SÉCULO Vínica Velhíssima 25 Anos Cx. Cartão 70CL,,0.07 CL,"39,94€","570,57€ / CL",
BATERIA Nº 14 74/680 74/680 TECH9,TECH9,Emb. 1 UNID.,"77,99€","77,99€ / UNID.",
Queijo Fresco em Forma,NOS RÉGIONS ONT DU TALENT,Emb. 1 KG,"2,90€","2,90€ / KG",
Folhas de Tomilho,RUSTICA,Frasco 0.018 KG,"0,80€","44,44€ / KG",
Creme Fixativo para Próteses Dentárias,POLIDENT,Emb. 0.04 KG,"6,99€","174,75€ / KG",
Água Tónica,SCHWEPPES,Lata 0.25 LT,"0,82€","3,28€ / LT",
Gel de Banho Peony & Rose,DOVE,Emb. 0.75 LT,"4,19€","5,59€ / LT",
Chicória e Café Solúvel,PLANTATION,Emb. 0.1 KG,"1,49€","14,90€ / KG",
Sabonete Líquido Aloe Vera,DETTOL,Emb. 0.25 LT,"2,64€","10,56€ / LT",
Courgette,,1 Unid. = 0.38 KG (aprox.),"2,89€/kg","1,10€ / Unid.",
MASSA COTOVELINHOS C/ BACON E QUEIJO 280G,CÔTÉ TABLE,Emb. 0.28 KG,"2,15€","7,68€ / KG",
Sumo Florida,SUNNY DELIGHT,Emb. 0.5 Lt,"0,89€","1,78€ / Lt",
Néctar Clássico Frutos Vermelhos Uva e Maçã,JAFADEN,Emb. 1 LT,"0,99€","0,99€ / LT",
ARROZ DE PATO,CÔTÉ TABLE,Emb. 0.8 KG,"6,79€","8,49€ / KG",
Recarga Sabonete Líquido Amêndoa,PALMOLIVE,Emb. 0.5 LT,"3,99€","7,98€ / LT",
VELA ANIVERSARIO C/ NUMERO+SUPORTE,ARDENCE,Emb. 1 UNID.,"0,99€","0,99€ / UNID.",
Detergente Roupa Líquido Proteção Escuros,WOOLITE,Emb. 30 DOSES,"6,99€","0,23€ / DOSES",
Facas Madeira Biodegradável,HOMESIDE,Emb. 10 UNID.,"1,09€","0,11€ / UNID.",
COOKIES C/ MEGA PEPITAS DE CHOCOLATE E AVELAS,P'TIT DÉLI,Emb. 0.184 KG,"1,49€","8,10€ / KG",
"SPRAY AMBIENTADOR ""CITRINOS"" ANTI-TABACO 300ML",BIEN AIR,Emb. 0.3 LT,"0,99€","3,30€ / LT",
CREME SOJA P/ CULINARIA BIO,,Emb. 0.25 KG,"1,49€","5,96€ / KG",
Papel Higiénico Triple Confort,SCOTTEX,Emb. 24 UNID.,"8,79€","0,37€ / UNID.",
Manteiga com Grãos de Sal Pasteurizada,PRÉSIDENT,Emb. 0.25 LT,"3,84€","15,36€ / LT",
SPRAY FIXACAO EXTREMA,VITANOVE,Emb. 0.25 LT,"1,65€","6,60€ / LT",
Amendoins Torrados e Salgados 3x120g,TOKAPI,Emb. 0.36 KG,"1,65€","4,58€ / KG",
Queijo Ovale Double Crème,ECO+,Emb. 0.3 KG,"2,99€","9,97€ / KG",
PANO MICROFIBRAS VIDROS 40X40,TECH9,Emb. 1 UNID.,"1,49€","1,49€ / UNID.",
Iogurte Grego Natural,YAOS,Emb. 1 KG,"3,99€","3,99€ / KG",
MASSA PENNE RIGATE INTEGRAL,TURINI,Emb. 0.5 KG,"1,39€","2,78€ / KG",
Penso Incontinência Discreet Extra,AUSONIA,Emb. 10 UNID.,"2,99€","0,30€ / UNID.",
Iogurte Líquido Proteíco Banana e Noz Lindahls,NESTLÉ,Emb. 0.33 LT,"1,89€","5,73€ / LT",
Verniz de Unhas 60 Segundos 203,RIMMEL,Emb. 1 UNID.,"5,59€","5,59€ / UNID.",
Batatas Fritas HOT DOG,RUFFLES,Emb. 0.13 KG,"2,04€","15,69€ / KG",
Afia Lápis de Maquilhagem Dupla,,Emb. 1 UNID.,"2,29€","2,29€ / UNID.",
SALADA PARISIENNE ATUM MR,COTE SNACK,Emb. 0.25 KG,"1,99€","7,96€ / KG",
Wafers de Baunilha,,Emb. 0.17 KG,"1,35€","7,94€ / KG",
Recarga Ambientador Freshmatic Oasis Turquesa,AIR WICK,Emb. 0.25 LT,"3,59€","14,36€ / LT",
Refrigerante C/ Gás Ananás,SPRINK'S,Garrafa 1.5 LT,"0,74€","0,49€ / LT",
"BEBIDA APERITIVA BIANCO 14,4º",GILDO,1 0,"3,19€",inf€ /,
Ambientador Aerossol Automático Apple Winter,AIR WICK,Emb. 0.25 LT,"11,99€","47,96€ / LT",
AGRAFADOR Nº26/6 + 400AGRAFOS,ESQUISSE,Emb. 1 UNID.,"2,69€","2,69€ / UNID.",
Favas Ultracongeladas,,Emb. 0.4 KG,"1,09€","2,73€ / KG",
Achocolatado em Pó,CANDEREL,Emb. 0.25 KG,"3,74€","14,96€ / KG",
Óleo para Todos Tipos de Cabelo,ULTRA SUAVE,Emb. 0.15 LT,"8,99€","59,93€ / LT",
Recargas para Ambientador Cítrico,AIR WICK,Emb. 0.02 LT,"4,79€","239,50€ / LT",
Moscatel do Douro,DORRÃO,Garrafa 0.75 LT,"4,49€","5,99€ / LT",
Creme Limpeza Original,CIF,Emb. 0.5 LT,"1,89€","3,78€ / LT",
Creme de Camembert,PRÉSIDENT,Emb. 0.125 KG,"2,44€","19,52€ / KG",
Tempero de Alho Louro & Pimentão 8 Cubos,KNORR,Emb. 0.072 KG,"1,49€","20,69€ / KG",
Lasanha Bolonhesa Bio,,Emb. 0.6 KG,"3,90€","6,50€ / KG",
Néctar Clássico Tutti Frutti,COMPAL,Emb. 1 LT,"0,99€","0,99€ / LT",
Alimento Húmido P/ Gato Carne Variada 3x400g,TOUS MES AMIS,Emb. 1 KG,"2,69€","2,69€ / KG",
Alimento Seco Gato Atum Legumes,PURINA FRISKIES,Emb. 0.4 KG,"2,09€","5,23€ / KG",
Gel de Barbear Peles Sensíveis,GILLETTE,Emb. 0.2 LT,"3,69€","18,45€ / LT",
Mostarda Dijon,MAILLE,Emb. 0.215 KG,"2,83€","13,16€ / KG",
Bolachas Wafer Chocolate,VIEIRA,Emb. 0.15 KG,"1,25€","8,33€ / KG",
PENSOS INCONTINENCIA MINI,CHORYS,Emb. 20 UNID.,"1,99€","0,10€ / UNID.",
Frango para Churrasco Temperado Embalado,,1 Unid. = 0.9 KG (aprox.),"4,39€/kg","3,95€ / Unid.",
Gelado de Morango,CARTE D'OR,Emb. 0.75 LT,"1,94€","2,59€ / LT",
Banana Frita às Rodelas,MARQUE REPERE,Emb. 0.2 KG,"1,69€","8,45€ / KG",
Vinho Branco do Tejo Arinto/Chardonnay,Quinta da Lagoalva,Emb. 0.75 LT,"9,94€","13,25€ / LT",
Espanador,SILLAGE,Emb. 1 UNID.,"2,00€","2,00€ / UNID.",
SNACK CHIPZ MAÇÃ FRUUT 20G,,Emb. 0.02 KG,"0,75€","37,50€ / KG",
Soro Fisiológico 60ml,HIDRO,Emb. 0.06 LT,"0,64€","10,67€ / LT",
Sobremesa de Soja Limão,NAT&VIE,Emb. 0.4 KG,"1,49€","3,73€ / KG",
Arroz Agulha,SALUDÃES,Emb. 1 KG,"1,18€","1,18€ / KG",
Bretzel,,1 Unid. = 0.09 KG,"0,79€","8,78€ / KG",
Sortido de Biscoitos Salgados,ECO+,Emb. 0.35 KG,"1,49€","4,26€ / KG",
Interruptor 2P+Proteção,ECO+,Emb. 1 UNID.,"3,49€","3,49€ / UNID.",
Fusilli,TRADIZIONI D'ITALIA,Emb. 0.5 KG,"1,59€","3,18€ / KG",
PILHAS ALCALINAS LR14,ECO+,Emb. 8 UNID.,"4,99€","0,62€ / UNID.",
Alimento Húmido P/ Cão Adulto Pequeno C/ Carne de Vaca e Pato,PURINA,Emb. 0.4 KG,"3,09€","7,73€ / KG",
Pantene Liso & Sedoso Champô 3 Em 1,,Emb. 0.3 LT,"4,98€","16,60€ / LT",
4 LAPIS GRAFITE HB C/BORRACHA,ESQUISSE,Emb. 4 UNID.,"0,99€","0,25€ / UNID.",
Eau De Toilette Umbro Action,UMBRO,Emb. 0.03 LT,"6,99€","233,00€ / LT",
SALSICHAO SECO ESPECIALIDADES,ST AZAY,Emb. 0.2 KG,"3,79€","18,95€ / KG",
TARTE DE BRIGADEIRO,P'TIT DÉLI,Emb. 0.3 KG,"2,99€","9,97€ / KG",
Biscoitos Revestidos com Chocolate de Leite,P'TIT DÉLI,Emb. 0.15 KG,"0,79€","5,27€ / KG",
Napolitana de Chocolate,,1 Unid. = 0.12 KG,"0,69€","5,75€ / KG",
Champomy,CHAMPOMY,Garrafa 0.75 LT,"3,89€","5,19€ / LT",
Conserva de Azeitona Preta Descaroçada,RUSTICA,Frasco 0.36 KG,"0,89€","2,47€ / KG",
Leite com Chocolate 6x25 cl,UCAL,Emb. 1.5 LT,"4,32€","2,88€ / LT",
Vinho do Porto Branco,DORRÃO,Garrafa 0.75 LT,"4,29€","5,72€ / LT",
CUSCUZ MEDIO 5X100G,COMPTOÍR DU GRAIN,Emb. 0.5 KG,"1,29€","2,58€ / KG",
GRANOLA NOZES,GRAINEA,Emb. 0.35 KG,"2,99€","8,54€ / KG",
QUEIJO FRESCO LIGHT,QUEIJO NA TÁBUA,Emb. 0.125 KG,"1,19€","9,52€ / KG",
Recarga Ambientador Freshmatic Pure Oasis e Lavanda,AIRWICK,Emb. 3 UNID.,"10,64€","3,55€ / UNID.",
Alimento Seco P/ Gatos Esterilizados Peru e Legumes,PURINA FRISKIES,Emb. 1.5 KG,"6,71€","4,47€ / KG",
Gel Studio Line Indestructible Extremo 9,L'ORÉAL PARIS,Emb. 0.15 LT,"5,99€","39,93€ / LT",
Pantene Repara & Protege Champô,PANTENE PV,Emb. 0.25 LT,"3,99€","15,96€ / LT",
ACHOCOLATADO EM PO 800G ECO+,ECO+,Emb. 0.8 KG,"2,69€","3,36€ / KG",
Chá de Cidreira,TETLEY,Emb. 10 UNID.,"0,86€","0,09€ / UNID.",
Snacks Palitos,CHEETOS,Emb. 0.096 KG,"1,58€","16,46€ / KG",
IOGURTE BATIDO NATURAL,DÉLISSE,Emb. 0.5 KG,"0,79€","1,58€ / KG",
Batatas Fritas Lay\'s Gourmet,LAY'S,Emb. 0.17 KG,"2,45€","14,41€ / KG",
"BOLACHA PEQUENO ALMOCO CHOC, CEREAIS E AVELA BIO",,Emb. 0.2 KG,"1,79€","8,95€ / KG",
Vinho Rosé Emotions,MATEUS,Garrafa 0.75 LT,"4,19€","5,59€ / LT",
Nuggets de Peito de Frango,IGLO,Emb. 0.22 KG,"5,89€","26,77€ / KG",
Ossos Prensados 8/10Cm Flúor,TOUS MES AMIS,Emb. 4 UNID.,"1,79€","0,45€ / UNID.",
AXE GEL DARK TEMTATION,AXE,Emb. 0.4 LT,"3,29€","8,23€ / LT",
Massa Instantânea de Carne Pot,KOALA,Emb. 0.065 KG,"1,20€","18,46€ / KG",
Pizza Margarita na Pedra 3X300G,ECO+,Emb. 0.9 KG,"3,19€","3,54€ / KG",
Gel de Barbear Sensitive,NIVEA MEN,Emb. 0.2 LT,"5,99€","29,95€ / LT",
Mistura de Cogumelos,NOTRE JARDIN,Emb. 0.45 KG,"2,69€","5,98€ / KG",
Alimento Seco P/ Cão Croquetes Multicomponentes,LYDOG,Emb. 10 KG,"12,99€","1,30€ / KG",
DOCE MORANGO 350G,CASA MATEUS,Emb. 0.35 KG,"2,69€","7,69€ / KG",
Conjunto de 4 Recargas Neutras Pastilha,FOXTER,Emb. 0.45 KG,"6,99€","15,53€ / KG",
Bacon em Pedaços 2x100g,ECO+,Emb. 0.2 KG,"1,49€","7,45€ / KG",
"Refrigerante com Gás Laranja Lata 6x0,33L",SUMOL,Emb. 1.98 LT,"4,29€","2,17€ / LT",
Caramelo Líquido,ROYAL,Emb. 0.4 KG,"2,59€","6,48€ / KG",
Café Moagem Universal Lote Chávena Moída 2x250g,DELTA,Emb. 0.5 KG,"4,89€","9,78€ / KG",
Bolos com Pepitas de Chocolate sem Glúten,CHAQUE JOUR SANS GLUTEN,Emb. 0.23 KG,"2,99€","13,00€ / KG",
Vinho Branco A.O.C. Gewurztramin 2014,REBMANN,Garrafa 0.75 LT,"6,49€","8,65€ / LT",
Bolachas Amanteigadas com Tablete de Chocolate Branco 2x6 Unid.,P'TIT DÉLI,Emb. 0.15 KG,"1,19€","7,93€ / KG",
Dourada Cal. 400/600,,1 Unid. = 0.42 KG (aprox.),"7,99€/kg","3,36€ / Unid.",
POSTA PESCADA Nº3 PARA FRITAR,ECO+,Emb. 0.8 KG,"4,59€","5,74€ / KG",
Mini Cookies com Pepitas de Chocolate 0% Açúcar,ARTIACH,Emb. 0.12 KG,"1,99€","16,58€ / KG",
Alimento Seco P/ Gato Esterilizado C/ Salmão e Trigo,PURINA,Emb. 0.8 KG,"6,71€","8,39€ / KG",
Conserva de Feijão Frade Cozido,NOTRE JARDIN,Frasco 0.57 KG,"0,69€","1,21€ / KG",
Harpic Liquído Eucalipto e Menta 750ml x12,HARPIC,Emb. 0.75 LT,"2,24€","2,99€ / LT",
Compota de Maçã 4x100g,,Emb. 0.4 KG,"0,99€","2,48€ / KG",
Alimento Seco P/ Cão -10Kg Frango e Arroz,PURINA,Emb. 3 KG,"15,89€","5,30€ / KG",
Bloco Sanitário Poder Activo Aqua,SONASOL,Emb. 0.05 KG,"1,94€","38,80€ / KG",
Hambúrguer C/ Cebola 10 Unid.,FERIAL,Emb. 1 KG,"8,99€","8,99€ / KG",
Puré Maçã S/ Açúcar 12 Unid.,DOUCEUR DU VERGER,Emb. 1.08 KG,"4,89€","4,53€ / KG",
ESPARGUETE GRAO DE BICO BIO,,Emb. 0.25 KG,"1,79€","7,16€ / KG",
Amendoim C/ Casca Torrado,MARQUE REPERE,Emb. 0.5 KG,"1,99€","3,98€ / KG",
Snack Batata Frita Sabor Queijo,TOKAPI,Emb. 0.17 KG,"1,95€","11,47€ / KG",
Corvina à Posta,,1 Unid. = 0.205 KG (aprox.),"12,99€/kg","2,66€ / Unid.",
Vodka Preta,NOVOTNA,Garrafa 0.7 LT,"6,99€","9,99€ / LT",
FOLHADOS SALMAO 4UN,CÔTÉ TABLE,Emb. 0.4 KG,"3,85€","9,63€ / KG",
TREMOCOS EXTRA EM FRASCO 13/15,RUSTICA,Emb. 0.37,"1,29€","3,49€ /",
TOSTAS INTEGRAIS S/ SAL S/ ACUCARES BIO,,Emb. 0.3 KG,"2,05€","6,83€ / KG",
Amaciador concentrado peónia azul e citrus,SURF,Emb. 90 DOSES,"3,49€","0,04€ / DOSES",
Salteado da Horta,BONDUELLE,Emb. 0.4 KG,"2,19€","5,48€ / KG",
Ervilhas Ultracongeladas,NOTRE JARDIN,Emb. 1 KG,"1,59€","1,59€ / KG",
Queijo Mozzarella Mini,SANTA LUCIA,Emb. 0.15 KG,"1,49€","9,93€ / KG",
Sua Vinha Tetra Pak Branco,SUA VINHA,Emb. 1 LT,"1,35€","1,35€ / LT",
GELADO BAUNILHA / NOZ PECAN,ESKISS,Emb. 1 LT,"2,65€","2,65€ / LT",
Domestos WC Power 5 Romantic Rose 3x55g,DOMESTOS,,"3,59€",/ Unid.,
FEIJAO ENCARNADO 3X200G,NOTRE JARDIN,Emb. 0.6,"1,75€","2,92€ /",
Chá Preto Descafeinado,TETLEY,Emb. 10 UNID.,"0,89€","0,09€ / UNID.",
Espumante Super Reserva Bruto,MURGANHEIRA,Garrafa 0.75 LT,"14,19€","18,92€ / LT",
Detergente para a Máquina da Roupa Sensitive 3 em 1,SKIP,Emb. 1.134,"12,49€","11,01€ /",
SEPARADORES CARTAO A4 12UN,ESQUISSE,Emb. 12 UNID.,"1,25€","0,10€ / UNID.",
Iogurte Líquido Frutos Silvestres 4 Unid.,YOGGI,Emb. 0.64 KG,"2,09€","3,27€ / KG",
Cerveja com Álcool 6x20cl,CRISTAL,Emb. 1.2 LT,"2,29€","1,91€ / LT",
Alimento Húmido P/ Gato Carne de Vaca e Tomate,GOURMET GOLD,Emb. 0.085 KG,"0,65€","7,65€ / KG",
ALIMENTO PÁSSAROS EXOTICOS,ECO+,Emb. 1 KG,"2,39€","2,39€ / KG",
TENTACULOS DE POTA,PÊCHE OCÉAN,Emb. 0.8 KG,"4,99€","6,24€ / KG",
Tiras P/ Coelho Mel,TOUS MES AMIS,Emb. 2 UNID.,"1,75€","0,88€ / UNID.",
Spray Anti Bolores,CIF,Emb. 0.435 LT,"2,49€","5,72€ / LT",
Maionese Heinz Vidro 480 Ml,HEINZ,Emb. 0.48 LT,"3,65€","7,60€ / LT",
Jesuíta,,1 UNID.,"0,89€","0,89€ / UNID.",
Bolacha Diet Nature Recheio Chocolate,GULLÓN,Emb. 0.25 KG,"2,49€","9,96€ / KG",
Azeite Subtil,GALLO,Emb. 0.75 LT,"3,99€","5,32€ / LT",
Vodka Premium 100% Pure,ERISTOFF,Garrafa 0.7 LT,"12,47€","17,81€ / LT",
Conserva de Feijão Frade Cozido com pouco Sal,FERBAR,Emb. 0.42 KG,"0,95€","2,26€ / KG",
VASSOURA RELVA FIXO 20 DENTES,BEAUX JOURS,Emb. 1 UNID.,"12,99€","12,99€ / UNID.",
Massa Macarronete GR,MILANEZA,Emb. 0.5 KG,"1,68€","3,36€ / KG",
Fatias Finas Peito de Frango,NOBRE,Emb. 0.11 KG,"2,14€","19,45€ / KG",
TERRINA VACA/CENOURA P/ CAO 1230G,LYDOG,Emb. 1.23 KG,"2,55€","2,07€ / KG",
Café Cápsulas XL Qharacter Intensidade 9,DELTA Q,Emb. 40 CAPS.,"12,99€","0,32€ / CAPS.",
Chá Preto de Pêssego e Manga,LIPTON,Emb. 0.036 KG,"1,74€","48,33€ / KG",
Gelado com Amêndoas,MAGNUM,Emb. 0.44 LT,"3,89€","8,84€ / LT",
Kit para Pizza,TABLIER BLANC,Emb. 0.6 KG,"2,59€","4,32€ / KG",
VELA NUMERO FUN 7,ARDENCE,Emb. 1 UNID.,"0,60€","0,60€ / UNID.",
Anti Calcário Máquina Roupa Pó 2 em 1,CALGON,Emb. 20 DOSES,"6,99€","0,35€ / DOSES",
MULTICROQUETES CARNE P/GATO,ECO+,,"2,59€",/ Unid.,
Snack de Chocolate Mini,KIT KAT,Emb. 12 UNID.,"2,09€","0,17€ / UNID.",
ENVELOPE SILICONE KRAFT 229X324MM,ESQUISSE,Emb. 25 UNID.,"1,75€","0,07€ / UNID.",
Recarga Sabonete Líquido Hipo-Alergénio,MANAVA,Emb. 0.25 LT,"0,65€","2,60€ / LT",
Bolo de Massa em Espiral,P'TIT DÉLI,Emb. 0.2 KG,"1,39€","6,95€ / KG",
Desodorizante para Pele Sensível Roll-On,SANEX,Emb. 0.05 LT,"2,39€","47,80€ / LT",
Aclarador de Cabelo Gradual Casting Sunkiss Jelly Castanho Claro 1,L'ORÉAL PARIS,Emb. 1 UNID.,"10,63€","10,63€ / UNID.",
Bifidus Líquido Kiwi 4x155g,DANONE,Emb. 0.62 KG,"1,99€","3,21€ / KG",
Chocolate Preto,ECO+,Emb. 0.5 KG,"2,80€","5,60€ / KG",
Conjunto de 3 X-Atos,ECO+,Emb. 3 UNID.,"1,49€","0,50€ / UNID.",
Desumidificador + 1 Recarga Pastilha Neutro,FOXTER,Emb. 0.45 KG,"4,99€","11,09€ / KG",
Vinho Rosé Frutado,CORAÇÃO DA MINHA,Garrafa 0.75 LT,"1,49€","1,99€ / LT",
Cordon Bleu Queijo e Fiambre Ultracongelado,IGLO,Emb. 0.2 KG,"3,99€","19,95€ / KG",
BOLACHAS PETIT BEURRE C/ PEPITAS POCKET,P'TIT DÉLI,Emb. 0.3 KG,"2,69€","8,97€ / KG",
FOIE BACALHAU FUMADO,PÊCHE OCÉAN,,"1,99€",/ Unid.,
Alimento Seco P/ Gato Carne Vaca Frango Legumes,PURINA FRISKIES,Emb. 4 KG,"15,35€","3,84€ / KG",
LAPIS DE COR BICOLOR 12=24UN,ESQUISSE,Emb. 12 UNID.,"2,89€","0,24€ / UNID.",
PAO RALADO,TABLIER BLANC,Emb. 0.25 KG,"0,49€","1,96€ / KG",
Ice Tea de Manga Lata 6x25cl,LIPTON,Emb. 1.5 LT,"3,38€","2,25€ / LT",
Gelatina em Pó Pêssego,TABLIER BLANC,Emb. 0.17 KG,"0,85€","5,00€ / KG",
CHOCOLATE PRETO RECHEIO DE COCO,EQUADOR,Emb. 0.125 KG,"1,89€","15,12€ / KG",
Pensos Higiénicos Cotton Extract Normal,CAREFREE,Emb. 76 UNID.,"4,49€","0,06€ / UNID.",
MULTI USOS,CLAIR,Emb. 0.75 LT,"0,82€","1,09€ / LT",
DETERGENTE LIQUIDO PRIMAVERA 40D,EPSIL,,"4,95€",/ Unid.,
PUDIM +PROTEINA CAFE COLOMBIANO,EHRMANN,Emb. 0.2 KG,"1,79€","8,95€ / KG",
Papa Infantil Leite e Cereais,CERELAC,Emb. 0.4 KG,"1,84€","4,60€ / KG",
LIXIVIA TRADICIONAL,CLAIR,Emb. 4 LT,"1,43€","0,36€ / LT",
Dentão,,1 Unid. = 0.25 KG (aprox.),"6,49€/kg","1,62€ / Unid.",
"Pilhas Alcalinas LR03/AAA 1,5V",FOXTER,Emb. 4 UNID.,"1,69€","0,42€ / UNID.",
Bebida de Soja Baunilha 3x200ML,SHOYCE,Emb. 0.6 LT,"1,78€","2,97€ / LT",
"VELA AROMATICA ""MACA/CANELA"" 30H",BIEN AIR,Emb. 1 UNID.,"1,99€","1,99€ / UNID.",
Alimento P/ Cão Adulto De Salmão e Aveia,BEYOND,Emb. 1.4 KG,"6,34€","4,53€ / KG",
"Iogurte Bebé Banana, Laranja e Bolacha",NESTLÉ,Emb. 0.4 KG,"2,39€","5,98€ / KG",
TAPETE ANTI-DERRAPANTE WC TRANSPARENTE 67X35,SILLAGE,Emb. 1 UNID.,"4,90€","4,90€ / UNID.",
Desodorizante Roll On Invisible Black White 48H,REXONA,Emb. 0.05 LT,"2,39€","47,80€ / LT",
Queijo Amarelo da Beira Baixa Dop,DAMAR,1 Unid. = 0.45 KG (aprox.),"14,99€/kg","6,75€ / Unid.",
Azeite Virgem Extra Reserva,CONDESTÁVEL,Emb. 0.75 LT,"4,19€","5,59€ / LT",
LOURO FOLHAS,RUSTICA,Emb. 0.007 KG,"0,40€","57,14€ / KG",
Molho Piripíri Extraforte,RUSTICA,Emb. 0.21 KG,"0,65€","3,10€ / KG",
Tablete de Chocolate Branco 4x100g,,Emb. 0.4 KG,"2,29€","5,73€ / KG",
Champô Cabelo Anti-caspa Power,NIVEA MEN,Emb. 0.25 LT,"4,39€","17,56€ / LT",
DOCE CASTANHA C/ BAUNILHA,MAMIE DOUCEUR,,"1,89€",/ Unid.,
Iogurte Cremoso de Frutas 8x125g,DÉLISSE,Emb. 1 KG,"2,09€","2,09€ / KG",
Roll On Narta Men InvisiMax,GARNIER,Emb. 0.05 LT,"3,99€","79,80€ / LT",
DETERGENTE MAQ LOICA PASTILHAS TUDO EM 1,VISIOR,Emb. 30 UNID.,"2,09€","0,07€ / UNID.",
SPRAY LUSTRANTES PNEUS 1 L 1L TECH9,TECH9,Emb. 1 LT,"4,49€","4,49€ / LT",
Bolachas Tosta Rica Choco Guay,CUÉTARA,Emb. 0.168 UNID.,"2,01€","11,96€ / UNID.",
Desodorizante Dove Roll-On Invisible Dry Masc,DOVE,Emb. 0.05 LT,"2,69€","53,80€ / LT",
Champô Cabelo Garnier Hidra Caracóis,FRUCTIS,Emb. 0.25 LT,"3,99€","15,96€ / LT",
FEIJAO PRETO SACO MGUIA,NOTRE JARDIN,Emb. 0.5 KG,"0,99€","1,98€ / KG",
Rolo de Cozinha Mega,MARQUE REPERE,Emb. 1 UNID.,"3,39€","3,39€ / UNID.",
Snacks Húmidos P/ Gatos De Casa Peru e Cereais Integrais,PURINA,Emb. 0.8 KG,"6,89€","8,61€ / KG",
Bacon de Peru,PRIMOR,Emb. 0.2 KG,"14,89€","74,45€ / KG",
Yofu Natural c/ Amêndoa 500g,,Emb. 0.5 KG,"2,39€","4,78€ / KG",
Detergente para a Roupa 3 em 1 Active Fresh,SKIP,Emb. 1.134 KG,"12,49€","11,01€ / KG",
Chocolate de Leite 3x,KIT KAT,Emb. 0.125 KG,"1,49€","11,92€ / KG",
FITA ADESIVA 66MX5,ECO+,Emb. 2 UNID.,"1,99€","1,00€ / UNID.",
QUEIJO EMENTAL FATIADO ESPECIAL TOSTA MISTA,LES CROISÉS,Emb. 0.2 KG,"1,79€","8,95€ / KG",
Ração seca para gato digestão sensível c/ truta,ULTIMA,Emb. 1.5 KG,"12,19€","8,13€ / KG",
OIKOS CAFE 110G X4,OIKOS,Emb. 0.44 KG,"2,39€","5,43€ / KG",
Arroz Agulha,CAÇAROLA,Emb. 1 KG,"1,14€","1,14€ / KG",
Coco Ralado,TABLIER BLANC,Emb. 0.2 KG,"1,19€","5,95€ / KG",
SACO CONGELACAO C/ZIP MEDIO,ELEMBAL,Emb. 20 UNID.,"1,29€","0,06€ / UNID.",
Bacon Fumado 2x100g,TRADILÈGE,Emb. 0.2 KG,"2,19€","10,95€ / KG",
Empadas de Galinha,,Emb. 6 UNID.,"1,99€","0,33€ / UNID.",
"MISTURA DE LEGUMES (BROCULOS, COUVE FLOR E CENOURA)",NOTRE JARDIN,Emb. 1 KG,"1,99€","1,99€ / KG",
Batatas Fritas Presunto,RUFFLES,Emb. 0.15 KG,"1,81€","12,07€ / KG",
Pensos Incontinencia Anatómicos Máxima,LINDOR,Emb. 20 UNID.,"12,22€","0,61€ / UNID.",
Abacate,,1 Unid. = 0.2 KG (aprox.),"4,45€/kg","0,89€ / Unid.",
DOCE TOMATE 345G,CASA MATEUS,Emb. 0.345 KG,"2,24€","6,49€ / KG",
Queijo Ricotta,SANTA LUCIA,Emb. 0.25 KG,"2,18€","8,72€ / KG",
QUEIJO FRESCO COTTAGE,MATINAL,Emb. 0.18 KG,"1,83€","10,17€ / KG",
Champô para Cabelo Pintado e Proteção de Cor,GLISS,Emb. 0.25 LT,"2,24€","8,96€ / LT",
Detergente Máquina Loiça Tudo Em Um Limão,FAIRY,Emb. 28 CAPS.,"5,74€","0,21€ / CAPS.",
DOSSIER A4,ECO+,Emb. 1 UNID.,"2,34€","2,34€ / UNID.",
Cerveja com Álcool 24x33cl,SUPER BOCK,Emb. 7.92 LT,"15,79€","1,99€ / LT",
Salsichão com Alho Fumado,,Emb. 0.4 KG,"1,99€","4,98€ / KG",
Café molido crema e gusto,LAVAZZA,Emb. 0.25 KG,"2,39€","9,56€ / KG",
Água Tónica de Extratos Vegetais,SCHWEPPES,Garrafa 1 LT,"1,56€","1,56€ / LT",
Snacks Sabor a Bacon,,Emb. 0.1 KG,"1,19€","11,90€ / KG",
Conserva de Ervilhas com Cenoura Cozidas,,Lata 0.53 KG,"1,59€","3,00€ / KG",
BACON FUMADO NACOS,ECO+,Emb. 0.2 KG,"2,19€","10,95€ / KG",
Pincel de Maquilhagem em Pó de Bolso,,Emb. 1 UNID.,"4,99€","4,99€ / UNID.",
Batatas Fritas Rodela,PÁLA-PÁLA,Emb. 0.3 KG,"2,09€","6,97€ / KG",
Fita Adesiva De Pintor 50Metrosx50Mm,FOXTER,Emb. 1 UNID.,"3,49€","3,49€ / UNID.",
Palmiers de massa Folhada com Manteiga,P'TIT DÉLI,Emb. 0.1 KG,"0,99€","9,90€ / KG",
Conserva Lentilhas com Salsichas,CÔTÉ TABLE,Emb. 0.84 KG,"2,65€","3,15€ / KG",
QUEIJO FRESCO NATURAL VACA,QUEIJO NA TÁBUA,Emb. 0.2 KG,"1,19€","5,95€ / KG",
Papa Infantil Aveia Maçã e Cenoura,CERELAC,Emb. 0.24 KG,"2,49€","10,38€ / KG",
Caldo para Arroz 24 Cubos,KNORR,Emb. 0.24 KG,"2,39€","9,96€ / KG",
REFRIGERANTE S/GAS LARANJA,JAFUN,,"3,49€",/ Unid.,
Pato Inteiro,,1 Unid. = 2.15 KG (aprox.),"7,99€/kg","17,18€ / Unid.",
TAMPAO MINI,DOULYS,Emb. 24 UNID.,"1,35€","0,06€ / UNID.",
TOSTAS CROCANTES COM CEREAIS,EPI D'OR,Emb. 0.25 KG,"1,09€","4,36€ / KG",
IOGURTE BATIDO ALPERCE BIO,,,"1,49€",/ Unid.,
COLA BATON 10G,ESQUISSE,Emb. 2 UNID.,"1,29€","0,65€ / UNID.",
COPOS BIODEGRADAVEIS 25CL 12UN,HOMESIDE,Emb. 12 UNID.,"2,50€","0,21€ / UNID.",
Tablete de Chocolate de Leite,NESTLÉ,Emb. 0.09 KG,"1,09€","12,11€ / KG",
DETERGENTE MANUAL LOICA LIMAO HIPOALERG.ECOLOGICO 750ML,UNÍ VERT,Emb. 0.75 LT,"1,89€","2,52€ / LT",
SMOOTHIE BOOST,JAFADEN,,"2,29€",/ Unid.,
Creme Dessert Baunilha 4x125g,ECO+,Emb. 0.5 KG,"0,94€","1,88€ / KG",
Arroz Agulha,,Emb. 1 KG,"0,99€","0,99€ / KG",
Cápsulas Leite Achocolatado Nesquik,DOLCE GUSTO,Emb. 16 CAPS.,"5,89€","0,37€ / CAPS.",
Vinho Regional Dão Tinto,GRÃO VASCO,Garrafa 0.75 LT,"3,89€","5,19€ / LT",
"ASPIRADOR S/SACO 600W 2,7L",ELSAY,Emb. 1 UNID.,"59,90€","59,90€ / UNID.",
Biscoitos Crocantes para Cão,LYDOG,Emb. 0.5 KG,"1,65€","3,30€ / KG",
Bolacha 0% Açúcar,CHIQUILÍN,Emb. 0.175 KG,"2,04€","11,66€ / KG",
Salva Camas 60x90CM,LINDOR,Emb. 15 UNID.,"10,74€","0,72€ / UNID.",
Sumo de Limão 2X125ml,RUSTICA,Emb. 0.5 LT,"0,99€","1,98€ / LT",
Rebuçados de Fruta,COPAÍNS COPINES,Emb. 0.25 KG,"1,19€","4,76€ / KG",
BLOCO NOTAS ADESIVO 75X75MM 2X100UN,ESQUISSE,Emb. 2 UNID.,"1,29€","0,65€ / UNID.",
Queijo Mystère du Prieuré,LES CROISÉS,Emb. 0.34 KG,"2,79€","8,21€ / KG",
TOSTAS CROCANTES COM CENTEIO,EPI D'OR,Emb. 0.25 KG,"1,09€","4,36€ / KG",
Conjunto de 4 Recargas Desumidificador Neutras,FOXTER,Emb. 1 KG,"9,89€","9,89€ / KG",
Iced Tea Limão,ECO+,Emb. 1.5 LT,"0,84€","0,56€ / LT",
Molho Cocktail Salsa,HEINZ,Emb. 0.22 KG,"2,29€","10,41€ / KG",
Néctar Vital Equilíbrio Laranja Maracujá,COMPAL,Emb. 1 L,"1,59€","1,59€ / L",
TABULEIRO P/AREIA + PA P/GATO,ECO+,Emb. 1 UNID.,"3,99€","3,99€ / UNID.",
Penso Incontinência Discreet Micro,AUSONIA,Emb. 28 UNID.,"2,99€","0,11€ / UNID.",
AGULHA P/BOLA 3UN,WOODSUN,Emb. 3 UNID.,"0,99€","0,33€ / UNID.",
Mini Snack de Chocolate de Leite,LION,Emb. 11 UNID.,"2,69€","0,24€ / UNID.",
Almôndegas proteína,IGLO,Emb. 0.24 KG,"4,69€","19,54€ / KG",
Polpa de Tomate Biológica,,Emb. 0.5 KG,"0,99€","1,98€ / KG",
Barras de Cereais de Chocolate 6 Unid.,FITNESS,Emb. 0.141 KG,"2,33€","16,52€ / KG",
Eau De Toilette Umbro Power,UMBRO,Emb. 0.03 LT,"6,02€","200,67€ / LT",
TIRAS FINISSIMAS BACON FUMADAS (LARDONS) 2X100G,ECO+,Emb. 2 UNID.,"1,99€","1,00€ / UNID.",
Conjunto Borracha Mista,ESQUISSE,,"1,29€",/ Unid.,
Moscatel de Setúbal 20 Anos,ALAMBRE,Emb. 0.75 LT,"27,85€","37,13€ / LT",
Detergente Máquina Loiça Pastilhas All in 1 27 pastilhas,FINISH,Emb. 0.457 KG,"5,99€","13,11€ / KG",
Duvel Cerveja da Bélgica,DUVEL,Emb. 0.33 LT,"2,89€","8,76€ / LT",
Desodorizante Roll-On Coco e Aloe Vera,BIONAÏA,Emb. 0.05 LT,"0,99€","19,80€ / LT",
IOGURTE LIQUIDO MORANGO,DÉLISSE,Emb. 0.72 KG,"1,55€","2,15€ / KG",
"OIKOS STRACCIATELLA 110G ,,440G",OIKOS,Emb. 0.44 KG,"2,39€","5,43€ / KG",
Anti-Mosquitos Elétrico Líquido 30 Noites,RAID,Emb. 0.021 LT,"6,28€","299,05€ / LT",
Iogurte Líquido Natural 6x100g,DANACOL,Emb. 0.6 KG,"2,99€","4,98€ / KG",
BANHA DE PORCO,CAMPO FINO,Emb. 0.22 KG,"0,89€","4,05€ / KG",
PEPITAS DE CHOCOLATE DE LEITE,TABLIER BLANC,Emb. 0.1 KG,"1,99€","19,90€ / KG",
Óleo Intense 6-10 Louro Escuro,SYOSS,,"6,24€",/ Unid.,
Conserva de Pickles em Vinagre,FERBAR,Frasco 0.345 KG,"1,09€","3,16€ / KG",
Chipicao Original,CHIPICAO,Emb. 0.057 KG,"1,02€","17,89€ / KG",
Maionese Verdadeira 416G,HELLMANN'S,Frasco 0.416 KG,"4,21€","10,12€ / KG",
Corta Ramos C/ Cremalheira,BEAUX JOURS,Emb. 1 UNID.,"12,49€","12,49€ / UNID.",
Argolas do Mar Ultracongelado,PESCANOVA,Emb. 0.4 KG,"3,89€","9,73€ / KG",
Néctar Clássico Pêssego,COMPAL,Emb. 1 LT,"0,99€","0,99€ / LT",
Iogurte Líquido Morango Banana 4x155g,DANONE,Emb. 0.62 KG,"1,69€","2,73€ / KG",
BEBIDA SOJA CHOC LIGHT 3x250ML,ALPRO,Emb. 0.75 LT,"2,19€","2,92€ / LT",
Pataniscas 6 Unid.,SNR,Emb. 0.325 KG,"2,99€","9,20€ / KG",
Lenços de bolso Renova Kids,LENÇOS RENOVA,Emb. 10 UNID.,"1,19€","0,12€ / UNID.",
Café Expresso Bar Torrado,DELTA,Emb. 1 KG,"11,51€","11,51€ / KG",
TAPETE RETANGULAR 70CM,P'TIT AMI,Emb. 1 UNID.,"8,49€","8,49€ / UNID.",
Brownie de Chocolate com Pepitas de Chocolate,P'TIT DÉLI,Emb. 0.24 KG,"2,19€","9,13€ / KG",
Vinho Regional Bairrada Tinto,MARQUES DE MARIALVA,Garrafa 0.75 LT,"6,78€","9,04€ / LT",
CAPA PLASTICA C/ELASTICO LOMBADA,ESQUISSE,Emb. 1 UNID.,"1,99€","1,99€ / UNID.",
MINI SNACKS BOUCH POUL FROM 60,TOUS MES AMIS,Emb. 0.06 KG,"0,85€","14,17€ / KG",
Caldo Carne 16 Cubos,MAGGI,Emb. 0.16 KG,"2,09€","13,06€ / KG",
PICKLES EM VINAGRE FERBAR 680G,FERBAR,Emb. 0.68 KG,"1,69€","2,49€ / KG",
Máscara Hidrata Leite de Coco,HERBAL ESSENCES,Emb. 0.25 LT,"3,99€","15,96€ / LT",
Petinga,,1 Unid. = 0.1 KG (aprox.),"2,99€/kg","0,30€ / Unid.",
IOGURTE NATURAL FRASCO,DÉLISSE,Emb. 1 KG,"2,05€","2,05€ / KG",
Xarope de Groselha,FRUCCI,Garrafa 1 LT,"2,49€","2,49€ / LT",
Esparregado,IGLO,Emb. 0.75 KG,"3,99€","5,32€ / KG",
MASSA ESPIRAIS,CAÇAROLA,Emb. 0.5 KG,"1,09€","2,18€ / KG",
YOFU SOJA PESSEGO/EXOTI 4x125G,ALPRO,Emb. 0.5 KG,"2,89€","5,78€ / KG",
Molho Poke Bowl,PALADIN,Emb. 0.25 LT,"2,19€","8,76€ / LT",
Conjunto de 4 Ponteiras de Sobrepor 25Mm,FOXTER,Emb. 4 UNID.,"2,29€","0,57€ / UNID.",
"Iogurte Banana, Laranja e Bolacha 4 Unid.",MIMOSA,Emb. 0.5 KG,"1,59€","3,18€ / KG",
FORMAS DE ALUMINIO 2 L 5UN,ELEMBAL,Emb. 5 UNID.,"3,99€","0,80€ / UNID.",
Gel Depilação P/ Pele Sensível C/ Aloe Vera,GILLETTE,Emb. 0.2 LT,"4,99€","24,95€ / LT",
Fiambre da Perna Extra,NOBRE,1 Unid. = 0.11 KG (aprox.),"9,99€/kg","1,10€ / Unid.",
DETERGENTE LÍQUIDO BABY,SKIP,Emb. 1.1 LT,"4,99€","4,54€ / LT",
Caldo para Arroz,KNORR,Emb. 8 CUBOS,"1,39€","0,17€ / CUBOS",
Óleo Girassol,RUSTICA,Garrafa 1 LT,"2,49€","2,49€ / LT",
Batatas Fritas no Forno,LAY'S,Emb. 0.15 KG,"2,10€","14,00€ / KG",
Tablete Chocolate 40% Cacau Biológica,,Emb. 0.1 KG,"1,49€","14,90€ / KG",
BLOCO NOTAS ADESIVO FANTASIA,ESQUISSE,Emb. 1 UNID.,"2,29€","2,29€ / UNID.",
TAMPAO COMPACTO NORMAL,DOULYS,Emb. 20 UNID.,"2,29€","0,11€ / UNID.",
Leite Condensado Cozinha,NESTLÉ,Emb. 0.397 KG,"1,54€","3,88€ / KG",
Esparguete Carbonara,CÔTÉ TABLE,Emb. 0.33 KG,"2,85€","8,64€ / KG",
Crackers Integrais,EPI D'OR,Emb. 0.5 KG,"1,69€","3,38€ / KG",
Alho C/ Moinho,MARGÃO,Emb. 0.028 KG,"3,89€","138,93€ / KG",
Crackers sem Sal na Superfície,DU BOIS DE LA ROCHE,Emb. 0.5 KG,"3,19€","6,38€ / KG",
Tampões com Aplicador Pearl Regular,TAMPAX,Emb. 24 UNID.,"4,99€","0,21€ / UNID.",
BLEU AUVERGNE AOC,NOS RÉGIONS ONT DU TALENT,Emb. 0.125,"1,69€","13,52€ /",
Rolo de Cozinha Maxi Absorção,RENOVA,Emb. 4 ROLOS,"1,94€","0,49€ / ROLOS",
Drageia de Morango Mix,MENTOS,Emb. 0.037 KG,"0,67€","18,11€ / KG",
Spray Limpa Fornos e Grelhadores,CIF,Emb. 0.435 LT,"2,49€","5,72€ / LT",
Mistura de Ervilhas e Cenouras Extrafinas Ultracongelado,NOTRE JARDIN,Emb. 1 KG,"1,72€","1,72€ / KG",
BOLACHA QUAD. RECHEADA C/ MORANGO X16,P'TIT DÉLI,Emb. 0.295 KG,"0,95€","3,22€ / KG",
Maionese,RUSTICA,Emb. 0.225 LT,"1,19€","5,29€ / LT",
Iogurte Sólido Suissinho Duo Mix Banana Morango,YOCO,Emb. 0.36 KG,"2,29€","6,36€ / KG",
Iogurte Líquido Sabor a Morango 6x180g,DÉLISSE,Emb. 1.08 KG,"1,99€","1,84€ / KG",
Iogurte Grego Coco 4 Unid.,YAOS,Emb. 0.44 KG,"2,29€","5,20€ / KG",
Ficha Tripla 2X10X16A+1X6A,ECO+,Emb. 1 UNID.,"1,79€","1,79€ / UNID.",
Sticks Dentários Vaca Frango Borrego 15 Unid.,TOUS MES AMIS,Emb. 0.125 KG,"1,39€","11,12€ / KG",
Iogurte Líquido DanUp Manga Tangerina 4x155g,DANONE,Emb. 0.62 KG,"1,69€","2,73€ / KG",
CADERNO AGRAFADO PAUTADO C. PP A5 48F,ESQUISSE,Emb. 1 UNID.,"1,34€","1,34€ / UNID.",
Conserva de Feijão Encarnado,COMPAL,Lata 0.845 KG,"1,59€","1,88€ / KG",
Creme Hidratante,NIVEA,Emb. 0.075 LT,"2,49€","33,20€ / LT",
Loção Corporal Advanced Repair,VASELINE,Emb. 0.2 LT,"2,14€","10,70€ / LT",
Sal Máquina Loiça Anti-Calcário,SUN,Emb. 1 KG,"1,49€","1,49€ / KG",
ARROZ BASMATI PRE COZIDO EXPRESS,COMPTOÍR DU GRAIN,Emb. 0.25 KG,"1,09€","4,36€ / KG",
Iogurte Líquido Straciatella 4x155g,DANONE,Emb. 0.62 KG,"1,69€","2,73€ / KG",
Creme Hidratante Caixa Família,NIVEA,Emb. 0.25 LT,"5,59€","22,36€ / LT",
TARTE DE COCO,P'TIT DÉLI,Emb. 0.3 KG,"2,99€","9,97€ / KG",
Iogurte Bifidus Cremoso Coco 4 Unid.,DANONE,Emb. 0.48 KG,"1,99€","4,15€ / KG",
PENSOS HIGIENICOS NORMAL C/ ALAS ECOLOGICOS 14UN,UNÍ VERT,Emb. 14 UNID.,"1,45€","0,10€ / UNID.",
QUICHE LORRAINE COM NATAS,CÔTÉ TABLE,Emb. 0.4 KG,"2,89€","7,23€ / KG",
PILHAS RECARGAVEIS HR03,FOXTER,Emb. 4 UNID.,"4,89€","1,22€ / UNID.",
Coloração 1-4 Preto Azulado,SYOSS,,"4,99€",/ Unid.,
"Gel Duche ""Petalas""",MANAVA,Emb. 0.25 LT,"1,19€","4,76€ / LT",
BOMBA MANUAL P/BOLA + AGULHA,WOODSUN,Emb. 1 UNID.,"2,99€","2,99€ / UNID.",
Bolo de Aniversário,,1 Unid. = 1.2 KG (aprox.),"11,99€/kg","11,99€ / Unid.",
TOALHITAS DESMAQUILHANTES BIO 25UN,BIONAÏA,Emb. 25 UNID.,"1,99€","0,08€ / UNID.",
Esparguete à Carbonara,KNORR,Emb. 0.036 KG,"1,20€","33,33€ / KG",
"Amaciador Concentrado ""Fragância de Provence"" 3 Unid.",HYPERDOU,Emb. 0.25 LT,"1,19€","4,76€ / LT",
BLOCO SANITARIO FRESCURA VERDE ECO 1UN,UNÍ VERT,Emb. 1 UNID,"1,99€","1,99€ / UNID",
Salada de Atum à Catalane,COTE SNACK,Lata 0.25 KG,"1,99€","7,96€ / KG",
Espuma Limpa Carpetes e Estofos Tira Nódoas,VANISH,Emb. 0.6 LT,"5,19€","8,65€ / LT",
TABULEIRO 40*25,ECO+,Emb. 1 UNID.,"6,99€","6,99€ / UNID.",
BALDE DE AZEITONAS MACANILHA MISTAS INTEIRAS,RUSTICA,Emb. 3.5 KG,"5,99€","1,71€ / KG",
Gel de Banho Corpo e Zona Íntima Suave,CORINE DE FARME,Emb. 0.25 LT,"2,49€","9,96€ / LT",
JOGO 4 TAPETES EM ALCATIFA 1UN TECH9,TECH9,Emb. 1 UNID.,"11,99€","11,99€ / UNID.",
Sais de Fruta Digestivo Laranja,ENO,Emb. 10 UNID.,"4,99€","0,50€ / UNID.",
Lasanha à Bolonhesa,,Emb. 1 KG,"3,99€","3,99€ / KG",
Alimento Completo Periquito,VITAKRAFT,Emb. 1 KG,"4,44€","4,44€ / KG",
AGUA PEDRAS TANGERINA 4X25 CL,PEDRAS,,"2,39€",/ Unid.,
Luvas para Uso Doméstico Tamanho M,RENOVA LUVAS,Emb. 1 UNID.,"1,43€","1,43€ / UNID.",
Folhas de Orégãos,RUSTICA,Frasco 0.008 KG,"0,55€","68,75€ / KG",
CABIDE FIO ACO PLASTIFICADO 8UN,SILLAGE,Emb. 8 UNID.,"1,62€","0,20€ / UNID.",
TORTILLAS CHIPS NATURE,ECO+,Emb. 0.3 KG,"1,59€","5,30€ / KG",
Café Mythiq Intensidade 15,DELTA,Emb. 10 UNID.,"2,99€","0,30€ / UNID.",
DETERGENTE LIQUIDO CONCENTRADO ALOE VERA ECOLOGICO RECARGA 30D,UNÍ VERT,,"3,69€",/ Unid.,
Mopa Seca com Cabo Extensível,,Emb. 1 UNID.,"6,49€","6,49€ / UNID.",
PISTACHIOS TORRADO S/SAL,TOKAPI,Emb. 0.125 KG,"2,19€","17,52€ / KG",
Alimento Húmido para Cão Almôndegas de Aves,ECO+,,"1,79€",/ Unid.,
FLOR DE SAL MARINHO DE COZINHA DA ILHA DE RE (FRANCA),NOS RÉGIONS ONT DU TALENT,Emb. 0.125 KG,"2,39€","19,12€ / KG",
Bolachas Sprits,ECO+,Emb. 0.4 KG,"1,79€","4,48€ / KG",
Toalhitas Secas Limpa Chão,CLAIR,Emb. 15 UNID.,"1,99€","0,13€ / UNID.",
Cuecas Menino 3 aos 5 Anos 16-23 kg,HUGGIES,Emb. 16 UN,"8,99€","0,56€ / UN",
Miolo de Avelã,MARQUE REPERE,Emb. 0.15 KG,"2,24€","14,93€ / KG",
Conserva de Milho Doce 3x140g,NOTRE JARDIN,Emb. 0.42 KG,"1,34€","3,19€ / KG",
ESTENDAL HORIZONTAL SEMI-AUTOMATICO 24,HOMESIDE,Emb. 1 UNID.,"25,99€","25,99€ / UNID.",
10 LAPIS GRAFITE HB,ECO+,Emb. 10 UNID.,"0,99€","0,10€ / UNID.",
Tâmara Seca C/ Caroço,MARQUE REPERE,Emb. 0.2 KG,"1,19€","5,95€ / KG",
Iogurte Sólido Suissinhos Duo Morango e Baunilha 4 Unid.,NESTLÉ,Emb. 0.36 KG,"2,29€","6,36€ / KG",
Vinho do Porto Offley Tawny,OFFLEY,Garrafa 0.75 LT,"4,69€","6,25€ / LT",
Alimento Seco para Cão Carne e Cereais Integrais,ECO+,Emb. 4 KG,"4,96€","1,24€ / KG",
WC Explosão Cítrica,NEO BLANC,Emb. 2 UNID.,"4,49€","2,25€ / UNID.",
Dióspiro Persimmon,,1 Unid. = 0.25 KG (aprox.),"2,89€/kg","0,72€ / Unid.",
Chicorée Café com Leite Instantâneo,PLANTATION,Emb. 0.4 KG,"4,45€","11,13€ / KG",
Máquinas de Barbear Descartáveis Blue II,GILLETTE,Emb. 10 UNID.,"5,99€","0,60€ / UNID.",
"CANETA ROLLER GEL AZUL 0,5MM 2UN",ESQUISSE,Emb. 2 UNID.,"1,25€","0,63€ / UNID.",
SOBREMESA TIRAMISU LIMAO,DÉLISSE,,"2,19€",/ Unid.,
Bolachas Maria,CUÉTARA,Emb. 0.8 KG,"2,49€","3,11€ / KG",
Snack Batata Sabor Paprika,TOKAPI,Emb. 0.17 KG,"1,95€","11,47€ / KG",
Vinho de Mesa Branco,LAGAR DAS PIAS,Bag in Box 5 LT,"7,95€","1,59€ / LT",
Barrinhas Periquitos sabor a Ovos,TOUS MES AMIS,Emb. 0.06 KG,"1,69€","28,17€ / KG",
Papa Infantil 5 Frutos,CERELAC,Emb. 0.25 KG,"2,39€","9,56€ / KG",
Alimento Seco P/ Cão Júnior,PURINA FRISKIES,Emb. 3 KG,"11,22€","3,74€ / KG",
Queijo Flamengo Fatiado,NOVA AÇORES,Emb. 0.2 KG,"1,89€","9,45€ / KG",
BISCOITOS DE CANELA,P'TIT DÉLI,Emb. 0.4 KG,"1,55€","3,88€ / KG",
FIAMBRE CORRENTE FATIADO,ECO+,Emb. 0.2 KG,"1,24€","6,20€ / KG",
Leite Proteíco Stay Strong,MINUS L,Emb. 1 LT,"2,19€","2,19€ / LT",
TABUA ENGOMAR,ECO+,Emb. 1 UNID.,"22,99€","22,99€ / UNID.",
Refrigerante C/ Gás Mini Cola 12 Unid.,JEAN'S,Emb. 1.8 LT,"3,99€","2,22€ / LT",
Iogurte Líquido Morango 12 Unid.,ACTIMEL,Emb. 1.2 LT,"4,39€","3,66€ / LT",
Esfregona Estampada,,Emb. 2 UNID.,"2,99€","1,50€ / UNID.",
Pão de Forma Especial Torradas com Côdea,EPI D'OR,Emb. 0.8 KG,"1,74€","2,18€ / KG",
ESTENDAL VERTICAL 45M,HOMESIDE,Emb. 1 UNID.,"49,99€","49,99€ / UNID.",
Massa Folhada Pronta a Desenrolar sem Glúten,CHAQUE JOUR SANS GLUTEN,Emb. 0.28 KG,"2,53€","9,04€ / KG",
PAPEL ALUMINIO 20M,ELEMBAL,Emb. 20 M,"1,99€","0,10€ / M",
SORTIDO MINI PAES/CROISSANTS CHOCOLATE 12UN,EPI D'OR,Emb. 0.372,"3,59€","9,65€ /",
Pinhões,TABLIER BLANC,Emb. 0.05 KG,"3,49€","69,80€ / KG",
BEBIDA DE ARROZ E COCO BIO,,Emb. 1 KG,"1,99€","1,99€ / KG",
Gomas de Ovos,COPAÍNS COPINES,Emb. 0.3 KG,"1,34€","4,47€ / KG",
Alimento Húmido P/ Gato Gold Salmão,GOURMET,Emb. 0.085 KG,"0,72€","8,47€ / KG",
Massa Cuscus,TURINI,Emb. 0.25 KG,"0,55€","2,20€ / KG",
Dourada Cal. 200/300,,1 Unid. = 0.25 KG (aprox.),"7,99€/kg","2,00€ / Unid.",
Patê Terrine Campestre Confit de Figado 3x180 g,,Frasco 0.54 KG,"2,89€","5,35€ / KG",
BATATA NOVA SALTEADA C/ AZEITE E SAL MARINHO,POM'LISSE,Emb. 0.45 KG,"2,55€","5,67€ / KG",
Bolachas Uva,NAT&VIE,Emb. 0.2 KG,"1,69€","8,45€ / KG",
Fraldas Bebé T3 ACTIV+ 4/9 Kg,MOTS D'ENFANTS,Emb. 47 UNID.,"7,89€","0,17€ / UNID.",
MINI PIZZAS QUEIJO E FIAMBRE 9UN,TURINI,Emb. 0.27,"2,39€","8,85€ /",
Molho Francesinha,GULOSO,Frasco 0.5 KG,"4,09€","8,18€ / KG",
Porta Fatos Grande,SILLAGE,Emb. 1 UNID.,"2,49€","2,49€ / UNID.",
Chá de Lúcia-Lima,LIPTON,Emb. 20 SAQ.,"1,20€","0,06€ / SAQ.",
Rigatoni,TRADIZIONI D'ITALIA,Emb. 0.5 KG,"1,59€","3,18€ / KG",
Iogurte Natural de Soja Côco,ALPRO SOYA,Emb. 0.5 KG,"2,89€","5,78€ / KG",
Tarte de Alho Frances,CÔTÉ TABLE,Emb. 0.4 KG,"2,25€","5,63€ / KG",
Bebida Energética Mango Loco Energy Juiced,MONSTER ENERGY,Emb. 0.05 LT,"1,20€","24,00€ / LT",
Vinho Regional Minho Branco,AVELEDA,Garrafa 0.75 LT,"5,89€","7,85€ / LT",
Iogurte Líquido Tutti Frutti 6 Unid.,ACTIMEL,Emb. 0.6 KG,"2,59€","4,32€ / KG",
Desodorizante Roll-On Cool Fresh,DOVE,Emb. 0.05 LT,"2,69€","53,80€ / LT",
Fiambre Peito de peru,,1 Unid. = 0.12 KG (aprox.),"11,99€/kg","1,44€ / Unid.",
Bebida de Arroz 0% 3x200ML,SHOYCE,Emb. 0.6 LT,"1,74€","2,90€ / LT",
Escova Piaçaba,SILLAGE,Emb. 1 UNID.,"1,29€","1,29€ / UNID.",
Bolachas Original,OREO,Emb. 0.22 KG,"1,91€","8,68€ / KG",
Snacks para Gato de Galinha,CATISFACTIONS,Emb. 0.06 KG,"1,79€","29,83€ / KG",
FOSFOROS 3X240,SILEX,Emb. 3 UNID.,"0,99€","0,33€ / UNID.",
FILETES DE BACALHAU PANADOS 4UN,PÊCHE OCÉAN,Emb. 0.5 KG,"6,45€","12,90€ / KG",
Mini Bolos de Mármore de Chocolate,P'TIT DÉLI,Emb. 0.378 KG,"2,95€","7,80€ / KG",
Azeite,CONDESTÁVEL,Garrafa 0.75 LT,"3,69€","4,92€ / LT",
Sangria Branca,D. SIMON,Garrafa 1.5 LT,"2,10€","1,40€ / LT",
AZEITONA VERDE COM PIMENTO,RUSTICA,Emb. 0.8 KG,"2,34€","2,93€ / KG",
Amaciador para Roupa Nature Rosa & Maçã Verde Ultra Concentrado,COMFORT,Emb. 60 DOSES,"3,99€","0,07€ / DOSES",
Alimento Perle Húmido P/ Gato C/ Molho Salmão e Atum 4x85g,PURINA,Emb. 0.34 KG,"3,35€","9,85€ / KG",
Snacks Mixups Favoritos,LAY'S,Emb. 0.14 KG,"2,21€","15,79€ / KG",
Bife do Acém Redondo Novilho,,1 Unid. = 0.25 KG (aprox.),"6,99€/kg","1,75€ / Unid.",
Yofu Natural Sem Açúcar 500g,,Emb. 0.5 KG,"2,39€","4,78€ / KG",
Estrella Damm Cerveja de Espanha Pack 6X25CL,ESTRELLA DAMM,,"3,19€",/ Unid.,
Whisky Bourbon,JOHN DAVON'S,Garrafa 0.7 LT,"10,99€","15,70€ / LT",
Bebida Amêndoa S/ Açúcar,NAT&VIE,Emb. 1 LT,"1,69€","1,69€ / LT",
STICKS FLUOR CALCIO P/ CAO 10UN,P'TIT AMI,Emb. 1 UNID.,"1,25€","1,25€ / UNID.",
Conserva de Bacalhau em Azeite e Alho,PITEU,Emb. 0.12 KG,"2,39€","19,92€ / KG",
Creme Barbear Sensitive,PALMOLIVE,Emb. 0.1 LT,"2,29€","22,90€ / LT",
PATE CAMPESTRE -25% TEOR SAL 150G,TRADILÈGE,,"1,99€",/ Unid.,
Bolachas Cookies XL Pedaços de Choco,MILKA,Emb. 0.184 KG,"2,59€","14,08€ / KG",
Gelatina de Manga,KOALA,Emb. 0.13 KG,"1,04€","8,00€ / KG",
NATAS GORDAS UHT SEMI-ESPESSAS COM 30 % M.G.,DÉLISSE,Emb. 0.6 KG,"2,35€","3,92€ / KG",
Bebida de Soja,NAT&VIE,Emb. 1 LT,"0,99€","0,99€ / LT",
CAPSULAS CAFE COMP C/ DG - SUAVE INT7,PLANTATION,Emb. 16 UNID.,"2,44€","0,15€ / UNID.",
CORN FLAKES NATURE,,,"1,85€",/ Unid.,
Tentáculos de Pota Descongelado,,1 Unid. = 1 KG (aprox.),"5,49€/kg","5,49€ / Unid.",
Ração Para Gato Ultima Esterilizado Bola De Pêlo Com Perú,ULTIMA,Emb. 3 KG,"24,24€","8,08€ / KG",
Palmier,,1 Unid. = 1 UN,"0,99€","0,99€ / UN",
Bolachas Recheadas de Laranja,ECO+,Emb. 0.3 KG,"1,39€","4,63€ / KG",
Creme Hidratante,NIVEA,Emb. 0.03 LT,"1,99€","66,33€ / LT",
RECARGA LIMPA VIDROS ECOLOGICO,UNÍ VERT,Emb. 0.75 LT,"1,49€","1,99€ / LT",
BL1 LED FILA CHAMA 4-40W E14,FOXTER,Emb. 1 UNID.,"3,59€","3,59€ / UNID.",
Leite Hidratante Apaziguante Aveia,ULTRA SUAVE,Emb. 0.4 LT,"5,99€","14,98€ / LT",
Pensos Higiénicos Cottonlike Normal Alas,EVAX,Emb. 1 P,"2,59€","2,59€ / P",
Água Nascente S/ Gás,ECO+,Garrafão 6 LT,"0,75€","0,13€ / LT",
Queijo Bola Flamengo,PAIVA,Emb. 1.4 KG (aprox.),"10,98€/kg","15,37€ / Unid.",
Batatas Fritas Onduladas Sabor a Presunto,POM'LISSE,Emb. 0.185 KG,"1,19€","6,43€ / KG",
DESODORIZANTE SPRAY SEDUCTION MEN 200ML,CARRÉ HOMME,Emb. 0.2 LT,"1,19€","5,95€ / LT",
Flor Duche Cinza,SILLAGE,Emb. 1 UNID.,"1,00€","1,00€ / UNID.",
Açúcar Branco,TÉVA,Emb. 1 KG,"1,49€","1,49€ / KG",
Pacotinho de Frutas Maçã Banana e Aveia +6 meses,NESTLÉ BEBÉ,Emb. 0.09 KG,"0,95€","10,56€ / KG",
Liegeois Chocolate e Café 4x100g,DÉLISSE,Emb. 0.8 KG,"2,75€","3,44€ / KG",
Coloração 5-29 Vermelho Intenso,SYOSS,,"4,99€",/ Unid.,
CREME REVITALIZANTE Q10 MEN 50ML,CARRÉ HOMME,Emb. 0.05 LT,"2,29€","45,80€ / LT",
Alho Seco,,1 Unid. = 0.1 KG (aprox.),"4,99€/kg","0,50€ / Unid.",
Rabanete sem Rama,,1 Unid. = 0.125 KG  (aprox.),"0,79€/kg","0,10€ / Unid.",
Halls Vita C sem Açúcar Cítricos,HALLS,Emb. 0.032 KG,"0,85€","26,56€ / KG",
Alimento Seco P/ Gato de Salmão,PURINA,Emb. 1.5 KG,"11,51€","7,67€ / KG",
Café Solúvel,SICAL,Emb. 0.2 KG,"6,74€","33,70€ / KG",
"Chá Verde com Guaraná, Canela e Cardamono",LIPTON,Emb. 0.032 KG,"1,94€","60,63€ / KG",
Amaciador de Roupa Pure,COMFORT,Emb. 4 LT,"4,49€","1,12€ / LT",
Ambientador Pure Happiness Laranja e Neroli Aromatherapy,GLADE,Emb. 0.08 LT,"8,39€","104,88€ / LT",
Miolo de Amêndoa Torrada com Sal,,Emb. 0.2 KG,"3,99€","19,95€ / KG",
BATATAS FRITAS POM´LISSE,POM'LISSE,Emb. 0.15 KG,"1,09€","7,27€ / KG",
Gel Duche + Champô Boise,MANAVA,Emb. 0.25 LT,"1,29€","5,16€ / LT",
MISTURA EXOTICA,TOKAPI,Emb. 0.12 KG,"1,19€","9,92€ / KG",
Pão com Chouriço,,1 Unid. = 0.13 KG,"0,89€","6,85€ / KG",
Avelã com Casca,,1 Unid. = 0.5 KG (aprox.),"5,54€/kg","2,77€ / Unid.",
Chouriço Corrente 2x100gr,PRIMOR,Emb. 0.2 KG,"1,39€","6,95€ / KG",
Salva Camas 60x75CM,LINDOR,Emb. 15 UNID.,"8,49€","0,57€ / UNID.",
Maionese Verdadeira,HELLMANN'S,Emb. 0.208 KG,"3,16€","15,19€ / KG",
Dentífrico Junior,,Emb. 0.075 LT,"2,59€","34,53€ / LT",
Pacotinho de Frutas Maçã Cenoura e Manga S/ Glúten +6 meses,NESTLÉ BEBÉ,Emb. 0.09 KG,"0,95€","10,56€ / KG",
GEL DEPILATORIO SENHORA PELE SENSIVEL 200ML,SILISS,Emb. 200 ML,"1,99€","0,01€ / ML",
Perna de Borrego,,1 Unid. = 1 KG (aprox.),"11,98€/kg","11,98€ / Unid.",
Vinagre de Vinho Tinto Cabernet Sauvignon,GALLO,Emb. 0.25 LT,"1,99€","7,96€ / LT",
Pão Thins 8 Cereais 6 Unidades,BIMBO,Emb. 0.31 KG,"2,19€","7,06€ / KG",
FEIJOADA À TRANSMONTANA,CÔTÉ TABLE,Emb. 0.25 KG,"2,99€","11,96€ / KG",
Cogumelo Branco Inteiro,,Emb. 0.3 KG,"1,49€","4,97€ / KG",
Sobremesa Láctea Natual Açúcarado +6 Meses,BIO VILLAGE BEBE,Emb. 0.4 KG,"2,29€","5,73€ / KG",
Gomas Bananas,INTERDOCES,Emb. 0.15 KG,"1,34€","8,93€ / KG",
Sobremesa Láctea de Pêra +6 Meses 4 Unid.,BIO VILLAGE BEBE,Emb. 0.4 KG,"2,29€","5,73€ / KG",
SPAGHETTI A BOLONHESA,CÔTÉ TABLE,Emb. 0.3 KG,"2,29€","7,63€ / KG",
Donuts Americano Cacau 2x74 gr,PANRICO,Emb. 0.148 KG,"1,59€","10,74€ / KG",
TAMPAO NORMAL,UNÍ VERT,Emb. 16 UNID.,"1,55€","0,10€ / UNID.",
DENTRIFICO EXPERT ULTRA BRANQUEADOR,DENTAMYL,Emb. 0.075 LT,"0,95€","12,67€ / LT",
Gelatina Ananás 4 Unid.,ROYAL,Emb. 0.4 KG,"1,99€","4,98€ / KG",
Café Solúvel Sélection,PLANTATION,Frasco 0.2 KG,"2,89€","14,45€ / KG",
Iogurte Magro Morango Kiwi Banana E Pêssego 8 Unid.,MIMOSA,Emb. 0.96 KG,"2,49€","2,59€ / KG",
Sabonete Sólido Amêndoa Doce 6 Unid.,MANAVA,Emb. 6 UNID.,"3,29€","0,55€ / UNID.",
Sultana Preta,MARQUE REPERE,Emb. 0.2 KG,"0,79€","3,95€ / KG",
Tablete Excellence 99% Cacau,LINDT,Emb. 0.05 KG,"3,49€","69,80€ / KG",
Cerveja com Álcool 24x20cl,SUPER BOCK,Emb. 4.8 LT,"9,99€","2,08€ / LT",
Iogurte Líquido Frutas Exóticas 6x100g,DANACOL,Emb. 0.6 KG,"2,99€","4,98€ / KG",
Ovas de Peixe Lapa vermelho,RONDE DES MERS,Emb. 0.1 KG,"3,99€","39,90€ / KG",
Robalo Cal. 600/800,,1 Unid. = 0.75 KG (aprox.),"9,99€/kg","7,49€ / Unid.",
FITA COLA DUPLA FACE 25M X 50MM,FOXTER,Emb. 1 UNID.,"4,99€","4,99€ / UNID.",
Ketchup 100% Natural,HELLMANN'S,Emb. 0.486 KG,"3,01€","6,19€ / KG",
Café Solúvel,DELTA,Frasco 0.1 KG,"2,19€","21,90€ / KG",
Tira-Nódoas em Spray,SKIP,Emb. 0.5 LT,"2,99€","5,98€ / LT",
Iogurte Líquido Frutos Variados,YOCO,Emb. 0.54 KG,"2,29€","4,24€ / KG",
Chispalhada S/ Corantes,NOBRE,Lata 0.42 KG,"1,76€","4,19€ / KG",
Marmelada Extra,,Emb. 0.9 KG,"1,99€","2,21€ / KG",
Miolo de Amêndoa C/ Pele,MARQUE REPERE,Emb. 0.225 KG,"2,90€","12,89€ / KG",
MOUSSE MAGRO 0%MG MORANGO / PESSEGO,DÉLISSE,Emb. 0.46 KG,"1,75€","3,80€ / KG",
Toalhitas WC Criança Origem Vegetal,MOTS D'ENFANTS,Emb. 60 UNID.,"1,65€","0,03€ / UNID.",
Robalo Cal. 200/300,,1 Unid. = 0.4 KG (aprox.),"6,99€/kg","2,80€ / Unid.",
Refrigerante C/ Gás Cola,ECO+,Garrafa 2 LT,"0,79€","0,40€ / LT",
Pastilhas de Limpeza para Próteses Dentárias,,Emb. 30 UNID.,"4,05€","0,14€ / UNID.",
Gel Efeito Molhado Extra Forte 3,VITANOVE,Emb. 0.3 L,"2,29€","7,63€ / L",
Presunto sem Osso,PROBAR,1 Unid. = 1 KG (aprox.),"26,99€/kg","26,99€ / Unid.",
Luvas Domésticas Duplex Tamanho M,RENOVA LUVAS,Emb. 1 UNID.,"1,09€","1,09€ / UNID.",
Pimento Vermelho,,1 Unid. = 0.21 KG (aprox.),"2,79€/kg","0,59€ / Unid.",
Alimento P/ Gato Adulto de Frango,PURINA,Emb. 3 KG,"22,89€","7,63€ / KG",
Tirones Verdinhos,,1 Unid. = 0.06 KG (aprox.),"1,99€/kg","0,12€ / Unid.",
MORTADELA ITALIANA C/ PISTACHIOS,ST AZAY,,"1,99€",/ Unid.,
ALHO FRANCÊS RONDELLE,NOTRE JARDIN,Emb. 1 KG,"1,19€","1,19€ / KG",
Cápsulas Café Expresso Peru Intensidade 8 Bio,DOLCE GUSTO,Emb. 12 CAPS.,"5,49€","0,46€ / CAPS.",
Iogurte Grego Natural 4x150g,DÉLISSE,Emb. 0.6 KG,"1,55€","2,58€ / KG",
Heinz Ketchup Squeezable,HEINZ,Emb. 0.342 KG,"2,89€","8,45€ / KG",
Palmiers Biológicos,,Emb. 0.1 KG,"1,09€","10,90€ / KG",
Sobremesa Láctea com Coco e Ovos 4x100g,DÉLISSE,Emb. 0.4 KG,"2,39€","5,98€ / KG",
Limpa Máquinas da Roupa,XAU,Emb. 0.25 LT,"3,99€","15,96€ / LT",
Preparado em Pó Cheesecake,ROYAL,Emb. 0.325 KG,"4,19€","12,89€ / KG",
Óleo Motor 5W30 FAP C4,TECH9,Emb. 5 LT,"29,99€","6,00€ / LT",
Bolachas com Sal Crackers,DU BOIS DE LA ROCHE,Emb. 0.5 KG,"3,19€","6,38€ / KG",
Vinho Tinto Bag in Box,ALMA DE PIAS,Emb. 5 LT,"6,79€","1,36€ / LT",
Camarão Cozido Cal. 60/80,,1 Unid. = 0.28 KG (aprox.),"9,99€/kg","2,80€ / Unid.",
Batatas Fritas Lisas Caseiras,SNR,Emb. 0.4 UNID.,"1,99€","4,98€ / UNID.",
Café Solúvel Black Roast,NESCAFÉ,Emb. 0.2 KG,"4,79€","23,95€ / KG",
Canela Moída,MARGÃO,Emb. 0.039 KG,"2,19€","56,15€ / KG",
IOGURTE C/PEDACOS VARIOS SABORES,DÉLISSE,Emb. 2 KG,"4,19€","2,10€ / KG",
Batata Noisettes,POM'LISSE,Emb. 1 KG,"1,79€","1,79€ / KG",
Beterraba Cozida Embalada,,Emb. 0.45 KG  (aprox.),"100,00€/kg","100,00€ / Unid.",
Bloco Sanitário Limão,SONASOL,Emb. 0.05 KG,"1,94€","38,80€ / KG",
Refrigerante C/ Gás S/ Açúcar Pack 6,COCA COLA,Emb. 1.98 LT,"4,30€","2,17€ / LT",
Morcela Preta com Cebola,TRADILÈGE,Emb. 0.375 KG,"2,99€","7,97€ / KG",
Cola Neoprene Líquida,FOXTER,Emb. 0.055 LT,"1,99€","36,18€ / LT",
Água Tónica,SPRINK'S,Garrafa 1.5 LT,"1,39€","0,93€ / LT",
Pão de Hambúrguer com Sementes de Sésamo 4 Unidades,BIMBO,Emb. 0.22 KG,"1,20€","5,45€ / KG",
Gel Banho Termal SPA,MANAVA,Emb. 0.75 LT,"1,69€","2,25€ / LT",
Azeite Subtil,GALLO,Garrafa 2 LT,"10,39€","5,20€ / LT",
Gentil Lixívia para a Roupa a Cores e Delicada,NEOBLANC,Emb. 2 LT,"5,49€","2,75€ / LT",
MIRTILOS SELVAGENS,DOUCEUR DU VERGER,Emb. 0.65 KG,"4,99€","7,68€ / KG",
Pizza Legumes Queijo,NOBRE VEGALIA,Emb. 0.36 KG,"3,79€","10,53€ / KG",
Cebolas,,Emb. 2 KG,"2,18€","1,09€ / KG",
Costeletas de Lombo Porco,,1 Unid. = 0.3 KG (aprox.),"4,89€/kg","1,47€ / Unid.",
Cerveja com Álcool,SAGRES,Garrafa 1 LT,"1,69€","1,69€ / LT",
CHAMPO CABELOS FRAGEIS E QUEBRADICOS 250ML,NATEIS,Emb. 0.25 LT,"1,69€","6,76€ / LT",
Alimento Seco P/ Cão Active de Frango e Arroz,PURINA,Emb. 0.8 KG,"5,64€","7,05€ / KG",
Pão de Forma sem Codea,EPI D'OR,Emb. 0.45 KG,"1,49€","3,31€ / KG",
Hamburger de Carne de Vaca Ultracongelado,,Emb. 10 UNID.,"8,99€","0,90€ / UNID.",
GLISS ULTIMATE REPAIR CONDICIONADOR,GLISS,Emb. 0.2 LT,"2,24€","11,20€ / LT",
Beringela,,1 Unid. = 0.37 KG (aprox.),"3,99€/kg","1,48€ / Unid.",
Conjunto de 5 Chaves De Fendas,ECO+,Emb. 5 UNID.,"1,99€","0,40€ / UNID.",
Mini Rissóis de Carne 20 Unid.,SNR,Emb. 0.4 KG,"3,30€","8,25€ / KG",
Barra de Cereais com Pepitas de Chocolate Biológica 6 Unid.,,Emb. 0.126 KG,"1,69€","13,41€ / KG",
Néctar Clássico Laranja do Algarve 3x20cl,COMPAL,Emb. 0.6 LT,"1,59€","2,65€ / LT",
BANDAS DEPILATORIAS CERA FRIA PELE SENSIVEL VIAGEM 20UN,SLISS,Emb. 0.2 LT,"1,95€","9,75€ / LT",
TEMPERO BARBECUE PARA CARNE DE PORCO E SACO P/ ASSAR,RUSTICA,Emb. 0.028 KG,"0,75€","26,79€ / KG",
Molho de Nata Peixe,MIMOSA,Emb. 0.2 LT,"0,98€","4,90€ / LT",
Atum em Azeite,BOM PETISCO,Emb. 0.12 KG,"1,39€","11,58€ / KG",
Desodorizante Spray Invisible,MANAVA,Emb. 0.1 LT,"1,29€","12,90€ / LT",
Mortadela,CHARCUTARIA,1 Unid. = 0.2 KG (aprox.),"4,99€/kg","1,00€ / Unid.",
Asia Pot Noodles de Frango,KNORR,Emb. 0.065 KG,"1,81€","27,85€ / KG",
Desentupidor,SILLAGE,Emb. 1 UNID.,"2,50€","2,50€ / UNID.",
Fita Adesiva Embalamento 66Metrosx50Mm,FOXTER,Emb. 1 UNID.,"1,99€","1,99€ / UNID.",
Creme Culinário de Coco,SHOYCE,Emb. 0.2 LT,"1,69€","8,45€ / LT",
Liégeois Baunilha 8x100g,DÉLISSE,Emb. 0.8 KG,"2,75€","3,44€ / KG",
Cápsulas Café Latte Macchiato,DOLCE GUSTO,Emb. 16 CAPS.,"5,95€","0,37€ / CAPS.",
Cubos de Pão Tostado Alho e Ervas Especial Saladas,EPI D'OR,Emb. 0.06 KG,"0,59€","9,83€ / KG",
"DELICIA ""NAPOLITAIN"" 10UN",P'TIT DÉLI,Emb. 0.35 KG,"2,99€","8,54€ / KG",
MOLHO BARBECUE,RUSTICA,Emb. 0.28 KG,"1,19€","4,25€ / KG",
Alimento Seco P/ Gato Júnior Frango Leite,PURINA FRISKIES,Emb. 0.4 KG,"2,09€","5,23€ / KG",
CAPS CAFE COMP C/ NESP XL FORTISSIMO,PLANTATION,40 UNID.,"7,49€","0,19€ / UNID.",
Iogurte Grego Natural 4 Unid.,YAOS,Emb. 0.44 KG,"2,29€","5,20€ / KG",
Maionese com Mostarda de Dijon com Baixo Teor de Gordura,RUSTICA,Emb. 0.45 KG,"1,35€","3,00€ / KG",
Bloco Sanitário power 5 duo pack lime,DOMESTOS,Emb. 0.11 KG,"2,74€","24,91€ / KG",
Caldos Legumes Desidratado Biológico 8x80g,,Emb. 0.08 KG,"1,39€","17,38€ / KG",
Maçã Reineta Cal. 75/80,,1 Unid. = 0.2 KG (aprox.),"1,69€/kg","0,34€ / Unid.",
ENVELOPE SILICONE 110X220MM 100UN,ECO+,Emb. 100 UNID.,"2,19€","0,02€ / UNID.",
CAVALINHA EM ÓLEO VEGETAL,PITEU,Emb. 0.12 KG,"0,96€","8,00€ / KG",
100% Cevada,PENSAL,Frasco 0.2 KG,"2,49€","12,45€ / KG",
Barra Bueno Recheio Leite Avelãs Cobertura Chocolate 2 Unid.,KINDER,Emb. 0.043 KG,"1,00€","23,26€ / KG",
Creme Intensivo Corporal,DOVE,Emb. 0.15 LT,"2,59€","17,27€ / LT",
Cereais de Chocolate,CHOCAPIC,Emb. 0.625 KG,"3,52€","5,63€ / KG",
ROLO DE MASSA FOLHADA 2X230G,TABLIER BLANC,Emb. 0.46 KG,"1,89€","4,11€ / KG",
CHOCOLATE PRETO C/ CASCA DE LARANJA,TABLETTE D'OR,Emb. 0.2 KG,"1,89€","9,45€ / KG",
Mistura de Pimentas 5 Bagas,MARGÃO,Emb. 0.024 KG,"3,89€","162,08€ / KG",
CROQUETES CARNE DE VACA/FIGADO/LEG 400G LYCAT,LYCAT,Emb. 0.4 KG,"1,10€","2,75€ / KG",
Biscoitos com Sal,TOKAPI,0.3 KG,"1,69€","5,63€ / KG",
VASSOURINHA PARA PA LIXIO,,Emb. 1 UNID.,"0,83€","0,83€ / UNID.",
Leite Creme de Café 4X100G,DÉLISSE,Emb. 0.4 KG,"2,39€","5,98€ / KG",
Bolachas Integral Cacau,DIESE,Emb. 0.2 KG,"2,08€","10,40€ / KG",
Espetadas de Peru,,1 Unid. = 0.6 KG (aprox.),"4,99€/kg","2,99€ / Unid.",
"CROQUETES CAO MINI ADULTO 1,5KG 1,5KG LYDOG",PLENIMA,Emb. 1.5 KG,"4,49€","2,99€ / KG",
"AMBIENTADOR MECHA ""FRUTOS VERMELHOS"" 375ML",BIEN AIR,Emb. 0.375 LT,"1,55€","4,13€ / LT",
Rum de Coco,MALIBU,Garrafa 0.7 LT,"16,39€","23,41€ / LT",
Robalo,,1 Unid. = 1.5 KG (aprox.),"6,99€/kg","10,49€ / Unid.",
Bolo com Recheio de Creme de Cacau e Leite 228 g,BOLLYCAO,Emb. 4 UNID.,"1,99€","0,50€ / UNID.",
Champanhe Bruto,POL CARSON,Garrafa 0.375 LT,"9,89€","26,37€ / LT",
CAMA EM PLASTICO PARA CAO PEQ.,P'TIT AMI,Emb. 1 UNID.,"6,74€","6,74€ / UNID.",
Gel Banho 1/4 Creme Hidratante,MANAVA,Emb. 0.75 LT,"1,79€","2,39€ / LT",
DESODORIZANTE SPRAY ATTIRANT MEN 200ML,CARRÉ HOMME,Emb. 0.2 LT,"1,19€","5,95€ / LT",
Pevide de Abóbora C/ Casca C/ Sal,MARQUE REPERE,Emb. 0.2 KG,"1,99€","9,95€ / KG",
SACOS LIXO C/ ATILHO 130L,ELEMBAL,Emb. 10 UNID.,"2,39€","0,24€ / UNID.",
FARINHA DE TRIGO SEMI-INTEGRAL BIO,,Emb. 1 KG,"1,49€","1,49€ / KG",
Vinho Regional Alentejano Tinto,PORTA DA RAVESSA,Garrafa 0.75 LT,"5,89€","7,85€ / LT",
LIMPA MOVEIS C/CERA AEROSSOL,CLAIR,Emb. 0.3 LT,"1,69€","5,63€ / LT",
Laca Elnett Latin Fixação Extra Forte,L'ORÉAL PARIS,Spray 0.3 LT,"6,99€","23,30€ / LT",
ALIMENTO HUMIDO EM GELEIA FRANGO/FIGADO/CENOURA P/ CAO 1230G,LYDOG,Emb. 1 KG,"2,05€","2,05€ / KG",
QUEIJO FLAMENGO RALADO,QUEIJO NA TÁBUA,Emb. 0.15 KG,"1,25€","8,33€ / KG",
Leite Magro em Pó,DÉLISSE,Emb. 0.3 KG,"2,79€","9,30€ / KG",
Piaçaba Escovado Branco,SILLAGE,Emb. 1 UNID.,"4,90€","4,90€ / UNID.",
Pantene Frizz Control & Luminosidade Condicionador 160 ml,,Emb. 0.16 LT,"4,99€","31,19€ / LT",
HAMBURGUER DE PERU 4UN,CHANTEGRIL,Emb. 0.32 KG,"1,99€","6,22€ / KG",
Vinho Regional Alentejo Tinto,LOIOS,Garrafa 0.75 LT,"3,89€","5,19€ / LT",
Pasta Arquivo Lombada Larga Marmoreada,ESQUISSE,Emb. 1 UNID.,"1,69€","1,69€ / UNID.",
Forma Pudim Canelada 16cm,ECO+,Emb. 1 UNID.,"3,99€","3,99€ / UNID.",
FRALDAS BEBE T4 DOUCEUR 7/18 KG 74UN,MOTS D'ENFANTS,Emb. 74 UNID.,"9,46€","0,13€ / UNID.",
Amaciador Cabelo Normais Garnier Força e Brilho,FRUCTIS,Emb. 0.2 LT,"3,99€","19,95€ / LT",
Champô Elvive Total Repair 5,L'ORÉAL PARIS,Emb. 0.4 LT,"5,99€","14,98€ / LT",
MEXEDORES CAFE MADEIRA,HOMESIDE,Emb. 100 UNID.,"2,19€","0,02€ / UNID.",
LUVA AUTO MOPA ANTI-MOSQUITOS,TECH9,Emb. 1 UNID.,"2,59€","2,59€ / UNID.",
Miolo de Noz Metades,MARQUE REPERE,Emb. 0.2 KG,"2,99€","14,95€ / KG",
Iogurte Sólido Proteíco Framboesa Lindahls,NESTLÉ,Emb. 0.15 KG,"1,09€","7,27€ / KG",
TOALHITAS MOVEIS PERFUMADAS,CLAIR,Emb. 24 UNID.,"1,19€","0,05€ / UNID.",
Johnson's Gel de Banho Bons Sonhos,JOHNSON'S BABY,Emb. 0.5,"3,89€","7,78€ /",
Batom Corretivo 103,RIMMEL,Emb. 1 UNID.,"8,49€","8,49€ / UNID.",
Gomas Feijões,COPAÍNS COPINES,Emb. 0.2 KG,"1,49€","7,45€ / KG",
Lasanha Bolonhesa à Ultracongelada,CÔTÉ TABLE,Emb. 0.6 KG,"2,69€","4,48€ / KG",
Champô Cabelos Normais Fructis Anti Caspa,GARNIER,Emb. 0.25 LT,"3,99€","15,96€ / LT",
Croissant Maxi Creme Sabor a Baunilha,CHIPICAO,Emb. 0.08 KG,"1,19€","14,88€ / KG",
Creme Soft Hidratante Intensiva,NIVEA,Emb. 0.05 LT,"1,69€","33,80€ / LT",
Bolachas Cream Cracker,VIEIRA,Emb. 0.18 KG,"1,35€","7,50€ / KG",
Massa Cotovelos,ECO+,Emb. 0.5 KG,"0,65€","1,30€ / KG",
Creme P/ Barrar 59% M.G. Rico Omega 3,NAT&VIE,Emb. 0.5 KG,"1,99€","3,98€ / KG",
VELA NUMERO - 0,ARDENCE,Emb. 1 UNID.,"0,89€","0,89€ / UNID.",
Syoss Oieo Intense 5-54 Castanho Claro Cendré,SYOSS,,"6,24€",/ Unid.,
Desodorizante,REXONA,Emb. 0.05 LT,"2,69€","53,80€ / LT",
Tablete de Chocolate Preto com Raspa de Laranja Biológico,,Emb. 0.1 KG,"1,99€","19,90€ / KG",
Sopa Económica Rabo de Boi,KNORR,Emb. 0.06 KG,"1,09€","18,17€ / KG",
Snack Rodeo Carne de Vaca,PEDIGREE,Emb. 0.07 KG,"1,59€","22,71€ / KG",
Papel Higiénico 4 Folhas Creme,RENOVA,Emb. 12 ROLOS,"4,98€","0,42€ / ROLOS",
Arroz Estufado,CAÇAROLA,Emb. 1 KG,"1,24€","1,24€ / KG",
Gel De Banho Hidra Essencial,VASELINE,Emb. 0.7 LT,"3,59€","5,13€ / LT",
Amaciador Cabelos Secos Elvive,ELVIVE,Emb. 0.2 LT,"3,79€","18,95€ / LT",
Vinho Regional Douro Branco,PAPA FIGOS,Garrafa 0.75 LT,"7,19€","9,59€ / LT",
MASSA P/ PIZZA BIO,,Emb. 0.26 KG,"1,99€","7,65€ / KG",
Escova Extra Interdental,AQUAFRESH,Emb. 2 UNID.,"3,19€","1,60€ / UNID.",
Azeite Virgem Delicado,GALLO,Emb. 0.75 LT,"5,70€","7,60€ / LT",
Vinho Regional Dão Branco,GRÃO VASCO,Garrafa 0.75 LT,"3,89€","5,19€ / LT",
Azeite Virgem,OLIVEIRA DA SERRA,Garrafa 0.75 LT,"3,58€","4,77€ / LT",
Molho Piri Piri Sacana,PALADIN,Emb. 0.5 LT,"2,45€","4,90€ / LT",
Salsichas Cocktail,TRADILÈGE,Emb. 0.4 KG,"3,39€","8,48€ / KG",
Queijo Roquefort Societé,PRÉSIDENT,1 Unid. = 0.25 KG (aprox.),"2,99€/kg","3,34€ / Unid.",
MINI SPRAY FLORAL RECARGA 15ML,BIEN AIR,Emb. 0.015 LT,"0,90€","60,00€ / LT",
Chantilly,PRÉSIDENT,Emb. 0.25 Kg,"2,59€","10,36€ / Kg",
Alimento Húmido P/ Gato Diamante Atum C/ Camarões,PURINA,Emb. 0.09 KG,"1,43€","15,89€ / KG",
Vinho Regional Alentejo Branco,GALITOS,Garrafa 0.75 LT,"1,69€","2,25€ / LT",
Cracker com Sal,PAVESI,Emb. 0.56 KG,"3,89€","6,95€ / KG",
Pizza 4 Queijos,CAMPOFRIO,Emb. 0.365 KG,"3,32€","9,10€ / KG",
Queijo Fresco Meio Gordo Médio,SANTIAGO,Emb. 0.2 KG,"1,75€","8,75€ / KG",
Brócolos Ultracongelados,BONDUELLE,Emb. 0.4 KG,"1,89€","4,73€ / KG",
Eau de Toilette Homem Original Brut,BRUT,Emb. 0.1 LT,"9,74€","97,40€ / LT",
Alho Francês Embalado,,1 Unid. = 0.4 KG  (aprox.),"1,49€/kg","0,60€ / Unid.",
CONDICIONADOR ALISANTE,VITANOVE,Emb. 0.2 LT,"1,24€","6,20€ / LT",
Leite Magro em Pó,DÉLISSE,Emb. 0.75 KG,"6,29€","8,39€ / KG",
Manteiga de Bretagne Doux,LES CROISÉS,Emb. 0.25 KG,"2,25€","9,00€ / KG",
Champô Cabelo Ultra Suave Óleo de Abacate e Manteiga de Carité,GARNIER,Emb. 0.4 LT,"5,59€","13,98€ / LT",
Perninha de Frango,,1 Unid. = 0.5 KG (aprox.),"5,79€/kg","2,90€ / Unid.",
Escovilhão,SILLAGE,Emb. 1 UNID.,"1,25€","1,25€ / UNID.",
Tomate Cherry,,Emb. 0.25 KG,"0,99€","3,96€ / KG",
Cereais Cookie'z Chocolate,NACIONAL,Emb. 0.3 KG,"1,69€","5,63€ / KG",
Espumante Meio Seco,SALVE,Garrafa 0.75 LT,"2,79€","3,72€ / LT",
10 ESPETOS INOX,BEAUX JOURS,Emb. 10 UNID.,"5,99€","0,60€ / UNID.",
Sobremesa Ilha Flutuante 4x100g,DÉLISSE,Emb. 0.4 KG,"2,65€","6,63€ / KG",
ESCOVAS INTERDENTAIS X5,DENTAMYL,Emb. 5 UNID.,"1,24€","0,25€ / UNID.",
Aperitivo,RICARD,Garrafa 0.7 LT,"13,49€","19,27€ / LT",
PANO MICROFIBRAS MULTI-USO PRO,TECH9,Emb. 1 UNID.,"1,09€","1,09€ / UNID.",
Refrigerante C/ Gás Cola,JEAN'S,Garrafa 1.5 LT,"1,05€","0,70€ / LT",
PEITO DE PERU FATIADO,CAMPO FINO,Emb. 0.2 KG,"2,25€","11,25€ / KG",
PRATO FUNDO BIODEGRADAVEL 18CM,HOMESIDE,Emb. 10 UNID.,"1,59€","0,16€ / UNID.",
Desodorizante Roll- On Dry Fresh,NIVEA,Emb. 0.05 LT,"3,99€","79,80€ / LT",
Barra de Cereais Croffee Aveia/Amêndoa e Canela,CROFFEE,Emb. 0.11 KG,"1,99€","18,09€ / KG",
Vinho Regional Alentejano Branco,LOIOS,Garrafa 0.75 LT,"2,70€","3,60€ / LT",
Feijão Catarino Seco,NOTRE JARDIN,Emb. 0.5 KG,"1,09€","2,18€ / KG",
IOGURTE LIQUIDO SABOR MORANGO BANANA,DÉLISSE,Emb. 0.85 KG,"1,25€","1,47€ / KG",
Bolo de Arroz,,1 UNID.,"0,79€","0,79€ / UNID.",
Tirinhas de Bacon ao Natural 2x100g,TRADILÈGE,Emb. 0.2 KG,"2,19€","10,95€ / KG",
Batatas Fritas no Forno Receita Camponesa,LAY'S,Emb. 0.13 KG,"2,10€","16,15€ / KG",
Tablete de Chocolate Avelãs,MILKA,Emb. 0.1 KG,"1,62€","16,20€ / KG",
VELA NUMERADA N 6,,Emb. 1 UNID.,"0,59€","0,59€ / UNID.",
Salsichas Hot Dog 6 unid.,CÔTÉ TABLE,Emb. 0.25 KG,"1,49€","5,96€ / KG",
LEITE AROMA MORANGO 6X200ML DELISSE,DÉLISSE,Emb. 1.2 LT,"1,59€","1,33€ / LT",
Malagueta Verde,,1 Unid. = 0.1 KG  (aprox.),"5,99€/kg","0,60€ / Unid.",
Fraldas Bebé T4+ Doucer 9/20Kg,MOTS D'ENFANTS,Emb. 70 UNID.,"9,55€","0,14€ / UNID.",
Alimento Seco P/ Gato Adulto Salmão,BEYOND,Emb. 0.35 KG,"2,99€","8,54€ / KG",
Mini Quadrados Chocolate Preto,EQUADOR,Emb. 0.2 KG,"2,79€","13,95€ / KG",
Rolo Cozinha 2 Folhas,MARQUE REPERE,Emb. 4 UNID.,"2,49€","0,62€ / UNID.",
PANO MICROFIBRAS COLORS XL 4 UN,VILEDA,Emb. 4 UNID.,"5,59€","1,40€ / UNID.",
AURICULARES PRETO intra-auriculares,LINKSTER,Emb. 1 UNID.,"5,99€","5,99€ / UNID.",
Alimento Seco para Cão Frango e Arroz,ECO+,Emb. 4 KG,"6,49€","1,62€ / KG",
MORTADELA FATIADA,CAMPO FINO,Emb. 0.2 KG,"0,99€","4,95€ / KG",
Snack Húmido P/ Gato Party Mix Cheezy Mix,FELIX,Emb. 0.06 KG,"1,84€","30,67€ / KG",
Favas Ultracongelados,IGLO,Emb. 0.7 KG,"3,89€","5,56€ / KG",
Pão de Forma Integral com Côdea Receita Económica,PANRICO,Emb. 0.52 KG,"1,65€","3,17€ / KG",
Iogurte de Banana 4 Unid.,IOGOLINO,Emb. 0.4 KG,"2,29€","5,73€ / KG",
Iogurte Líquido Morango Banana 4x155g,DANONE,Emb. 0.62 KG,"1,39€","2,24€ / KG",
Fralda Cueca T5 12/18KG Eco,MOTS D'ENFANTS,Emb. 20 UNID.,"6,99€","0,35€ / UNID.",
Atum Inteiro,,1 Unid. = 3 KG (aprox.),"5,99€/kg","17,97€ / Unid.",
Vinagre Balsâmico de Modena,,Garrafa 0.05 LT,"2,39€","47,80€ / LT",
PATE VACA P/ GATO 100G,ECO+,Emb. 0.1 KG,"0,27€","2,70€ / KG",
Azeite Virgem Extra Bio Frutado,GALLO,Emb. 0.75 LT,"4,99€","6,65€ / LT",
Gomas Amoras,COPAÍNS COPINES,Emb. 0.2 KG,"0,99€","4,95€ / KG",
CREME LIMPEZA  750ML,CLAIR,Emb. 0.75 LT,"0,79€","1,05€ / LT",
Creme de Marisco,KNORR,Emb. 0.06 KG,"1,09€","18,17€ / KG",
Vodka Branca,NOVOTNA,Garrafa 0.7 LT,"7,99€","11,41€ / LT",
Super Algicida,BEAUX JOURS,Emb. 2 LT,"8,99€","4,50€ / LT",
CARREGADOR HR6/HR3 + 4 PILHAS RECARREGAVEIS,FOXTER,Emb. 1 UNID.,"21,99€","21,99€ / UNID.",
Cookies Pepitas de Chocolate Nougat,P'TIT DÉLI,Emb. 0.2 KG,"1,45€","7,25€ / KG",
Espátula P/ Gesso 14Cm,FOXTER,Emb. 1 UNID.,"2,49€","2,49€ / UNID.",
Bebida de Amêndoa,ALPRO,Emb. 1 LT,"2,34€","2,34€ / LT",
FAIRY MAO NATURALS LAVANDA 650ML,,Emb. 0.65 LT,"2,54€","3,91€ / LT",
Camarão Cozido Cal. 20/30,,1 Unid. = 0.19 KG (aprox.),"13,99€/kg","2,66€ / Unid.",
Amaciador Roupa Concentrado Elixir Lírios Azuis,QUANTO,Emb. 62 DOSES,"4,49€","0,07€ / DOSES",
Leite de Coco,TABLES DU MONDE,Emb. 0.2 LT,"1,09€","5,45€ / LT",
Fruta 100% Maçã Pêra +4 meses 4 Unid.,NESTLÉ,Emb. 0.4 KG,"2,19€","5,48€ / KG",
Coelho Inteiro,,1 Unid. = 1.5 KG (aprox.),"7,49€/kg","11,24€ / Unid.",
Bebida Energética Energy Drink 4x25cl,RED BULL,Emb. 1 LT,"5,19€","5,19€ / LT",
Preparado Canja de Galinha Económica,KNORR,Emb. 0.061 KG,"1,09€","17,87€ / KG",
Bolos com Recheio de Chocolate 14Unid.,,Emb. 0.42 KG,"2,15€","5,12€ / KG",
BEBIDA SOJA CHOCOLATE 3x250ML,ALPRO,Emb. 0.75 LT,"1,79€","2,39€ / LT",
MINI BOLOS DE CHOCOLATE COM PEPITAS E COBERTURA DE CHOCOLATE,P'TIT DÉLI,Emb. 0.21 KG,"2,29€","10,90€ / KG",
Ketchup Heinz Top Down 220 Ml,HEINZ,Emb. 0.22 LT,"2,19€","9,95€ / LT",
Café Cápsulas Pure Cevada,DELTA,Emb. 10 CAPS.,"2,47€","0,25€ / CAPS.",
MINI PIZZAS 3 QUEIJOS 9UN,TURINI,Emb. 0.27 KG,"2,39€","8,85€ / KG",
GEL EFEITO INVISIVEL C.CREATEUR 300ML,VITANOVE,Emb. 0.3 LT,"2,29€","7,63€ / LT",
Cerveja C/ Álcool 6x25cl,CARLSBERG,Emb. 1.5 LT,"3,59€","2,39€ / LT",
Vinho Regional Península de Setúbal Tinto,PERIQUITA,Garrafa 0.75 LT,"3,59€","4,79€ / LT",
Petit Suisse de Chocolate 6 Unid.,NESTLÉ,Emb. 0.36 KG,"2,59€","7,19€ / KG",
Limpa Móveis Óleo de Cedro,PRONTO,Spray 0.25 LT,"4,78€","19,12€ / LT",
REQUEIJAO NATURAL VACA,QUEIJO NA TÁBUA,Emb. 0.17 KG,"0,95€","5,59€ / KG",
DETERGENTE EM PO ATIVOS VEGETAIS 50D,XÉOR,,"5,09€",/ Unid.,
Ananás dos Açores,,1 Unid. = 1.2 KG (aprox.),"7,99€/kg","9,59€ / Unid.",
Molho Piri-piri Extra Picante,PALADIN,Emb. 0.075 LT,"1,69€","22,53€ / LT",
"CANETA ROLLER GEL RETRATIL AZUL 0,5MM",ESQUISSE,Emb. 1 UNID.,"0,59€","0,59€ / UNID.",
VELAS TEALIGHTS 25UN,ARDENCE,Emb. 25 UNID.,"2,75€","0,11€ / UNID.",
Molho Inglês,RUSTICA,Emb. 0.2 LT,"0,90€","4,50€ / LT",
Pão Rústico,,1 Unid. = 0.4 KG (aprox.),"1,49€/kg","1,49€ / Unid.",
Sardinha Grande,,1 Unid. = 0.15 KG (aprox.),"4,89€/kg","0,73€ / Unid.",
Caldo Natura de Legumes,KNORR,Emb. 0.112 KG,"1,49€","13,30€ / KG",
LIMPA TAPETE E ALCATIFA,CLAIR,Emb. 0.6 LT,"2,39€","3,98€ / LT",
Pizza com Queijo Mozzarella e Tomate Ultracongelado,BUITONI,Emb. 0.35 KG,"2,99€","8,54€ / KG",
Óleo para Bebé,JOHNSON'S BABY,Emb. 0.3 LT,"3,59€","11,97€ / LT",
Café Cápsulas Double,DELTA,Emb. 10 CAPS.,"3,29€","0,33€ / CAPS.",
PORTFOLIO A4 80 BOLSAS,ESQUISSE,Emb. 1 UNID.,"3,99€","3,99€ / UNID.",
Pêra Packam´s Cal. 65/75,,1 Unid. = 0.23 KG (aprox.),"1,79€/kg","0,41€ / Unid.",
MINI PETIT GATEAU CHOCOLATE 8UN,AUTOUR DU DESSERT,Emb. 0.192 KG,"3,99€","20,78€ / KG",
Amaciador Cabelos Total Repair,ELVIVE,Emb. 0.2 LT,"3,99€","19,95€ / LT",
JOGO 4 TAPETES UNIVERSAL 1UN TECH9,TECH9,Emb. 1 UNID.,"15,29€","15,29€ / UNID.",
Conserva Tomates Pelados Biológicos,,Lata 0.4 KG,"0,99€","2,48€ / KG",
Iogurte Mix-in Smarties 80% Leite 2 Unid.,NESTLÉ,Emb. 0.256 KG,"2,09€","8,16€ / KG",
Batatas Fritas York'eso,RUFFLES,Emb. 0.15 KG,"2,04€","13,60€ / KG",
Vinho Branco do Douro,CADÃO,Emb. 0.75 LT,"3,30€","4,40€ / LT",
Bolachas Mini Cookies Tradicionais,NACIONAL,Emb. 0.12 KG,"1,35€","11,25€ / KG",
Chocolate de Leite com Amêndoas 3 Chocolates,REGINA,Emb. 0.072 KG,"1,84€","25,56€ / KG",
DENTIFRICO COCO/ALOE VERA BIO,BIONAÏA,Emb. 0.075 LT,"1,99€","26,53€ / LT",
Aletria,NACIONAL,Emb. 0.5 KG,"1,55€","3,10€ / KG",
Iogurte Bifidus Cremoso Lima/Limão 4 Unid.,DANONE,Emb. 0.48 KG,"1,99€","4,15€ / KG",
Guardanapos 2 Folhas Gold 39x39 cm,RENOVA,Emb. 40 UNID.,"1,49€","0,04€ / UNID.",
Folhas de Salsa,RUSTICA,Frasco 0.012 KG,"0,54€","45,00€ / KG",
Bebida Côco,NAT&VIE,Emb. 1 LT,"1,79€","1,79€ / LT",
Nêspera,,1 Unid. = 0.15 KG (aprox.),"2,99€/kg","0,45€ / Unid.",
Douradinho de Vegetais 10 Unid. Ultracongelados,IGLO,Emb. 0.284 KG,"3,29€","11,58€ / KG",
Papel Higiénico 2 Folhas,RENOVA,Emb. 48 ROLOS,"8,49€","0,18€ / ROLOS",
Vinho Regional Bairrada Branco,MARQUES DE MARIALVA,Garrafa 0.75 LT,"4,89€","6,52€ / LT",
Ice Tea de Limão 3x20 cl,LIPTON,Emb. 0.6 LT,"1,17€","1,95€ / LT",
Iogurte Bifidus Líquido Framboesa e Romã 4 Unid.,ACTIVIA,Emb. 0.62 KG,"1,89€","3,05€ / KG",
IOGURTE NATURAL BIO FRASCO,,Emb. 0.5 KG,"1,79€","3,58€ / KG",
Tostas Briochés Nature,EPI D'OR,Emb. 0.125 KG,"1,25€","10,00€ / KG",
Bife chã de Fora de Novilho,,1 Unid. = 0.5 KG (aprox.),"7,80€/kg","3,90€ / Unid.",
Ambientador Vela Frutos Vermelhos da Montanha,AIRWICK,Emb. 0.32 KG,"2,84€","8,88€ / KG",
Cerveja com Álcool 6x33cl,SUPER BOCK,Emb. 1.98 LT,"4,31€","2,18€ / LT",
Detergente de Lavagem à Mão Antibacteriano Concentrado,CIF,Emb. 0.6 LT,"1,49€","2,48€ / LT",
FEIJAO BRANCO 3X200G,NOTRE JARDIN,Emb. 0.6 KG,"1,75€","2,92€ / KG",
Salsichas de Toulouse com Lentilhas Verdes,NOS RÉGIONS ONT DU TALENT,Emb. 0.3,"2,59€","8,63€ /",
Máscara Repara Azeite de Argão de Marrocos,HERBAL ESSENCES,Emb. 0.25 LT,"3,99€","15,96€ / LT",
Spray Tira-Nódoas Multiuso,KH-7,Emb. 0.75 LT,"4,27€","5,69€ / LT",
Açúcar Branco em Pedaços,,Emb. 1 KG,"1,19€","1,19€ / KG",
Queijo Fresco Meio Gordo,SANTIAGO,Emb. 0.08 KG,"0,73€","9,13€ / KG",
GRAO DE BICO  3X200G,NOTRE JARDIN,Emb. 0.6 KG,"1,69€","2,82€ / KG",
Caixa de Ferramentas 94 Peças,FOXTER,Emb. 1 UNID.,"69,90€","69,90€ / UNID.",
Faneca Média,,1 Unid. = 0.1 KG (aprox.),"5,99€/kg","0,60€ / Unid.",
Pacotinho de Cereais e Bolacha Maria,NESTUM,Emb. 0.08 KG,"0,89€","11,13€ / KG",
Iogurte Sólido Proteíco Stracciatella Lindahls,NESTLÉ,Emb. 0.15 KG,"1,09€","7,27€ / KG",
Chocolate Branco com Coco Torrado,TABLETTE D'OR,Emb. 0.2 KG,"2,19€","10,95€ / KG",
Pérolas de Perfume para Roupa,LENOR,Emb. 0.21 KG,"7,69€","36,62€ / KG",
Salsa em Folhas,MARGÃO,Emb. 0.006 KG,"1,14€","190,00€ / KG",
Sumo de Arando Bio,,Emb. 1 LT,"2,59€","2,59€ / LT",
Deosodorizante Spray Invisible Black & White Fresh,NIVEA MEN,Emb. 0.15 L,"2,79€","18,60€ / L",
COLORAÇÃO BELLADY PERMANENTE Nº 30 CASTANHO ESCURO,BELLADY,Emb. 1 UNID.,"9,99€","9,99€ / UNID.",
Sabonete Sólido Flor Laranjeira,MANAVA,Emb. 0.1 KG,"0,59€","5,90€ / KG",
Vinho Tinto do Douro,DUAS QUINTAS,Emb. 0.75 LT,"12,89€","17,19€ / LT",
Salada Camponesa,,Emb. 0.225 KG,"1,07€","4,76€ / KG",
Conserva de Feijão Manteiga,NOTRE JARDIN,Lata 0.425 KG,"0,75€","1,76€ / KG",
Sardinha em Azeite,BOM PETISCO,Emb. 0.12 KG,"1,08€","9,00€ / KG",
VELA NUMERO - 8,ARDENCE,Emb. 1 UNID.,"0,89€","0,89€ / UNID.",
Bloco Sanitário Power 5 Blue Water Pink,DOMESTOS,Emb. 0.106 LT,"2,74€","25,85€ / LT",
Toalhitas Casa de Banho,CIF,Emb. 36 UNID.,"2,24€","0,06€ / UNID.",
Gelado Strawberry Merengue,CARTE D'OR,Emb. 0.9 LT,"3,29€","3,66€ / LT",
PREPARADO PAO,TABLIER BLANC,Emb. 1 KG,"1,56€","1,56€ / KG",
Cogumelo Portobello,,Emb. 0.2 KG,"1,42€","7,10€ / KG",
Vinho Regional Douro Tinto,QUINTA DA PACHECA,Garrafa 0.75 LT,"6,89€","9,19€ / LT",
QUEIJO FRESCO FRAMBOESA,DÉLISSE,Emb. 0.5 KG,"1,99€","3,98€ / KG",
SACOS LIXO ALTOS FECHO FACIL 50L,ELEMBAL,Emb. 15 UNID.,"1,89€","0,13€ / UNID.",
Conserva de Azeitona Preta Inteira,RUSTICA,Frasco 0.36 KG,"0,89€","2,47€ / KG",
DENTIFRICO ANTI.TARTARO,DENTAMYL,Emb. 0.075 LT,"0,99€","13,20€ / LT",
ASPIRADOR C/SACO ECO+,ECO+,Emb. 1 UNID.,"44,90€","44,90€ / UNID.",
Vinho Regional Douro Tinto,TELLUS,Garrafa 0.75 LT,"4,36€","5,81€ / LT",
Polpa de Maracuja,KOALA,Lata 0.565 LT,"4,09€","7,24€ / LT",
AFTERSHAVE LOCAO SOFT GREEN 100ML,CARRÉ HOMME,Emb. 0.1 LT,"2,29€","22,90€ / LT",
Toalhitas Desmaquilhantes Pele Seca,INELL,Emb. 25 UNID.,"0,75€","0,03€ / UNID.",
Kiwi,,1 Unid. = 0.11 KG (aprox.),"3,19€/kg","0,35€ / Unid.",
Batatas Fritas Receita Camponesa,LAY'S,Emb. 0.25 KG,"2,39€","9,56€ / KG",
GRELHADOR REDONDO ANTIADERENTE 25CM,ECO+,Emb. 1 UNID.,"6,99€","6,99€ / UNID.",
Amaciador Roupa Concentrado Supreme Pleasure,VERNEL,Emb. 52 DOSES,"3,99€","0,08€ / DOSES",
Toalhitas de Bolso Bebé,MOTS D'ENFANTS,Emb. 20 UNID.,"0,75€","0,04€ / UNID.",
Bifanas de Porco Finíssimas,,1 Unid. = 0.2 KG (aprox.),"4,89€/kg","0,98€ / Unid.",
Pipocas Coloridas,TOKAPI,Emb. 0.1 KG,"0,79€","7,90€ / KG",
Alho Picado,MARGÃO,Frasco 0.06 KG,"3,09€","51,50€ / KG",
Rissóis Mistos 8 Unid.,,Emb. 0.35 KG,"2,15€","6,14€ / KG",
Cola Pvc,FOXTER,Emb. 0.125 LT,"2,49€","19,92€ / LT",
Iogurte Líquido S/ Lactose Morango 4 Unid.,YOGGI,Emb. 0.64 KG,"2,19€","3,42€ / KG",
SACOS LIXO FECHO FACIL 50L,ELEMBAL,,"3,99€",/ Unid.,
CALDO DE AVES 8 CUBOS BIO,,Emb. 0.08,"1,39€","17,38€ /",
Chocolate Culinária Preto Biológico,,Emb. 0.2 KG,"2,45€","12,25€ / KG",
Dentífrico Infantil 3+ Anos,ORAL B,Emb. 0.75 LT,"2,59€","3,45€ / LT",
Café Solúvel Cappuccino Intenso,NESCAFÉ,Emb. 0.125 KG,"3,06€","24,48€ / KG",
Alface Iceberg,,1 Unid. = 0.45 KG  (aprox.),"1,99€/kg","0,90€ / Unid.",
BISCOITOS COM PEPITAS CHOCOLATE EM SACOS INDIVIDUAIS 16X25G,P'TIT DÉLI,Emb. 0.4 KG,"1,98€","4,95€ / KG",
ACUCAR DE PALMA DE COCO BIO,,,"2,59€",/ Unid.,
Iogurte Líquido Tutti Frutti 8 Unid.,YOGGI,Emb. 1.28 KG,"3,94€","3,08€ / KG",
B&J Cookie Dough 465ml,,Emb. 0.465 LT,"6,69€","14,39€ / LT",
Vaporizador de Mão,ELSAY,Emb. 1 UNID.,"24,90€","24,90€ / UNID.",
Refrigerante com Gás Laranja,FRISUMO,Garrafa 1.5 LT,"0,99€","0,66€ / LT",
Ambientador Absorve Odores Marinho 2x150gr,BRISE,Emb. 0.3 KG,"2,99€","9,97€ / KG",
Bolacha Redonda Recheio Chocolate,P'TIT DÉLI,Emb. 0.3 KG,"1,49€","4,97€ / KG",
Café Cápsulas Qharater Intensidade 9,DELTA,Emb. 10 CAPS.,"3,39€","0,34€ / CAPS.",
Tablete Chocolate Excellence Dark 85%,LINDT,Emb. 0.1 KG,"2,09€","20,90€ / KG",
"CABO USB/COMPATIVEL LIGHTNING 1,2M BRANCO",LINKSTER,Emb. 1 UNID.,"11,99€","11,99€ / UNID.",
Bolachas Cobertas com Chocolate Branco,OREO,Emb. 0.246 KG,"2,87€","11,67€ / KG",
Vinho Verde Branco,TERRAS DE FELGUEIRAS,Garrafa 0.75 LT,"2,39€","3,19€ / LT",
MÁQUINA BARBEAR 3 LAMINAS DESCARTAVEL,CARRÉ HOMME,Emb. 8 UNID.,"4,99€","0,62€ / UNID.",
Cereais de Chocolate,NESQUIK,Emb. 0.625 KG,"3,44€","5,50€ / KG",
Alimento Seco P/ Gato Vital Coelho e Frango,PURINA FRISKIES,Emb. 0.4 KG,"2,09€","5,23€ / KG",
LEGUMES PRIMAVERA,BONDUELLE,Emb. 0.6 KG,"2,26€","3,77€ / KG",
Vinho Regional Alentejo Branco,MONTE VELHO,Garrafa 0.75 LT,"3,69€","4,92€ / LT",
Líquido Sanitário Desincrustante,NEOBLANC,Emb. 0.7 LT,"2,09€","2,99€ / LT",
Vodka Smirnoff Red,SMIRNOFF,Garrafa 0.7 LT,"11,59€","16,56€ / LT",
Caramelo duro con palo,CHUPA CHUPS,,"2,24€",/ Unid.,
Conserva de Feijão Branco Cozido Da Horta,COMPAL,Emb. 0.42 KG,"0,99€","2,36€ / KG",
Couve Branca,,1 Unid. = 1.28 KG (aprox.),"1,09€/kg","1,40€ / Unid.",
Pão de Forma Familiar,EPI D'OR,Emb. 0.8 KG,"1,29€","1,61€ / KG",
Escova Borracha Vidros,SILLAGE,Emb. 1 UNID.,"1,45€","1,45€ / UNID.",
DECAPANTE FORNO COM SODA CAUSTICA,CLAIR,Emb. 0.5 LT,"1,79€","3,58€ / LT",
Tostas Integrais Biológicas,,Emb. 0.3 KG,"1,79€","5,97€ / KG",
Néctar Clássico Pêssego 3x200 ml,COMPAL,Emb. 0.6 LT,"1,43€","2,38€ / LT",
CORTINA DUCHE 180X200 CINZENTO,SILLAGE,Emb. 1 UNID.,"5,99€","5,99€ / UNID.",
Snacks de Batata Sabor a Cebola,TOKAPI,Emb. 0.17 KG,"1,95€","11,47€ / KG",
Desodorizante Roll-On Cobalt Blue,REXONA,Emb. 0.05 LT,"2,39€","47,80€ / LT",
KIT RECIPIENTES VIAGEM,RIVERSIDE,Emb. 1 UNID.,"4,99€","4,99€ / UNID.",
Costeletas de Novilho,,1 Unid. = 0.2 KG (aprox.),"12,99€/kg","2,60€ / Unid.",
Café Cápsulas Decaffeinato Intensidade 2,PLANTATION,Emb. 10 CAPS.,"2,09€","0,21€ / CAPS.",
Martelo Arranca Pregos,FOXTER,Emb. 1 UNID.,"5,99€","5,99€ / UNID.",
ENVELOPE ALMOFADADO 170X225MM,ESQUISSE,Emb. 5 UNID.,"0,99€","0,20€ / UNID.",
Alho em Pó,MARGÃO,Emb. 0.055 KG,"3,14€","57,09€ / KG",
Iced Tea Framboesa,FRESH TEA,Emb. 1.5 LT,"1,35€","0,90€ / LT",
Snacks Bugles 3D,3D'S BUGLES,Emb. 0.085 KG,"1,58€","18,59€ / KG",
TAPETE MICROFIBRAS WC CINZA 50X80,SILLAGE,Emb. 1 UNID.,"5,90€","5,90€ / UNID.",
Cueca de Banho Tam. S 7/12 Kg,MOTS D'ENFANTS,Emb. 12 UNID.,"4,99€","0,42€ / UNID.",
Bôla de Fiambre,,1 Unid. = 1.6 KG (aprox.),,,
Yofu de Soja e Manga sem Açúcar,ALPRO,Emb. 0.4 KG,"2,39€","5,98€ / KG",
Raia Posta,,1 Unid. = 0.53 KG (aprox.),"6,49€/kg","3,44€ / Unid.",
Miolo de Caju Cru,MARQUE REPERE,Emb. 0.25 KG,"3,55€","14,20€ / KG",
Pão Alentejano,,1 Unid. = 0.8 KG,"2,49€","3,11€ / KG",
Gomas Aromatizadas Planch Acide Fruits,COPAÍNS COPINES,Emb. 0.225 KG,"1,39€","6,18€ / KG",
PILHAS LITIO CR2032,FOXTER,Emb. 5 UNID.,"2,49€","0,50€ / UNID.",
IOGURTE LIQUIDO NATURAL ACUCARADO,DÉLISSE,Emb. 1 KG,"2,19€","2,19€ / KG",
Vinagre Balsâmico de Sidra,GALLO,Emb. 0.25 LT,"1,86€","7,44€ / LT",
Tomate Cal. 67/82,,1 Unid. = 0.2 KG (aprox.),"2,99€/kg","0,60€ / Unid.",
Johnson's Gel de Banho Cotton Touch,JOHNSON'S BABY,Emb. 0.5,"3,89€","7,78€ /",
"BL1 LED FILA ESFERA R 2,1W-25W E14",FOXTER,Emb. 1 UNID.,"2,99€","2,99€ / UNID.",
Tostas Crocantes de Trigo,EPI D'OR,Emb. 0.25 KG,"1,19€","4,76€ / KG",
Sobremesa Láctea com Caramelo 4x100g,DÉLISSE,Emb. 0.4 KG,"1,19€","2,98€ / KG",
"Iogurte Líquido Magro Manga, Maracujá e Goji 4x155g",CORPOS DANONE,Emb. 0.62 Kg,"1,79€","2,89€ / Kg",
Pack 4 Escovas de Dentes Média Triple Action,COLGATE,Emb. 1 UNID.,"3,69€","3,69€ / UNID.",
PEDACOS ATUM/SALMAO LEGUMES P/ GATO  410G,ECO+,Emb. 0.415 KG,"0,65€","1,57€ / KG",
Bolachas de Água e Sal,VIEIRA,Emb. 0.375 KG,"2,54€","6,77€ / KG",
Dentífrico Menta Fresca 24H,AQUAFRESH,Emb. 0.075 LT,"1,79€","23,87€ / LT",
SPRAY LIMPA JANTES 1 L 1L TECH9,TECH9,Emb. 1 LT,"3,99€","3,99€ / LT",
DETERGENTE MANUAL LOICA ULTRA LIMAO 500ML,VISIOR,Emb. 0.5 LT,"0,89€","1,78€ / LT",
Queijo Camembert,LES CROISÉS,Emb. 0.25 KG,"1,79€","7,16€ / KG",
PASTILHA ELASTICA MORANGO BOX x70,NEW'R,Emb. 0.1 KG,"1,80€","18,00€ / KG",
Batido de Cacau S/ Lactose,CACAOLAT,Emb. 1 LT,"1,54€","1,54€ / LT",
Pêssego Paraguaio,,1 Unid. = 0.15 KG (aprox.),"2,54€/kg","0,38€ / Unid.",
Infusão SOS Garganta,LIPTON,Emb. 20 SAQS,"1,49€","0,07€ / SAQS",
Tostas com Baixo teor de Sal 36Unid.,EPI D'OR,Emb. 0.3 KG,"1,39€","4,63€ / KG",
Queijo Regional Vaca Cabra Ovelha Curado,SALOIO,Emb. 0.19 KG,"3,45€","18,16€ / KG",
Cerveja com Álcool 15x33cl,SUPER BOCK,Emb. 4.95 LT,"9,99€","2,02€ / LT",
Sumo de Laranja S/ Polpa 100%,JAFADEN,Emb. 2 LT,"2,75€","1,38€ / LT",
Sobremesa Creme de Café 4x125g,DÉLISSE,Emb. 0.5 KG,"1,59€","3,18€ / KG",
Refrigerante C/ Gás Vidro Pack 4,COCA COLA,Emb. 0.08 LT,"2,82€","35,25€ / LT",
Mistura de Frutos Secos e Uvas-Passas,,Emb. 0.2 KG,"1,99€","9,95€ / KG",
ESCOVA DE DENTES A PILHAS,DENTAMYL,Emb. 1 UNID.,"5,10€","5,10€ / UNID.",
Carregador Universal,FOXTER,Emb. 1 UNID.,"25,99€","25,99€ / UNID.",
Queijo Meio Gordo Pequeno,PAIVA,1 Unid. = 0.55 KG  (aprox.),,,
Mistura de Legumes Ultracongelado c/ Saquetas Tempero,NOTRE JARDIN,Emb. 1 KG,"2,99€","2,99€ / KG",
Massa Couscous Grão Médio,MILANEZA,Emb. 1 KG,"2,79€","2,79€ / KG",
Refrigerante S/ Gás Limão,AQUARIUS,Garrafa 1.5 LT,"1,90€","1,27€ / LT",
Dentífrico Limpeza Refrescante,ORAL B,Emb. 0.075 LT,"1,94€","25,87€ / LT",
Refrigerante com Gás,GUARANÁ BRASIL,Garrafa 1.5 LT,"1,19€","0,79€ / LT",
CHOCOLATE AVELAS E PASSAS,TABLETTE D'OR,Emb. 0.2 KG,"1,79€","8,95€ / KG",
Cevada Solúvel com Cereais,DELTA,Emb. 0.2 KG,"2,84€","14,20€ / KG",
WC Gel Flores de Primavera,NEOBLANC,Emb. 0.7 LT,"2,09€","2,99€ / LT",
Nata para Culinária,PARMALAT,Emb. 0.2 KG,"1,10€","5,50€ / KG",
Pão Tostado Integral,EPI D'OR,Emb. 0.2 KG,"0,99€","4,95€ / KG",
BRIOCHE FATIADO C/CHOCOLATE,EPI D'OR,Emb. 0.5 KG,"2,79€","5,58€ / KG",
Tostas de 6 Cereais,EPI D'OR,Emb. 0.3 KG,"1,45€","4,83€ / KG",
Nata UHT Culinária,MIMOSA,Emb. 0.2 LT,"0,89€","4,45€ / LT",
Ambientador gel ocean adventure,GLADE,Emb. 0.18 LT,"2,99€","16,61€ / LT",
IOGURTE LIQUIDO 3 SABORES 8H FORA FRIGORIFICO,DÉLISSE,Emb. 1.08 KG,"1,99€","1,84€ / KG",
Queijo Chaource DOP,NOS RÉGIONS ONT DU TALENT,Emb. 0.25 KG,"3,19€","12,76€ / KG",
Toalha Branca 25Metros,ECO+,Emb. 1 UNID.,"4,29€","4,29€ / UNID.",
FUSILLI A BOLONHESA,COTE SNACK,Emb. 0.3 KG,"2,29€","7,63€ / KG",
Bloco Sanitário Pinho,SONASOL WC,Emb. 2 UNID.,"2,99€","1,50€ / UNID.",
LOTE DE 3 ALICATES,FOXTER,Emb. 1 UNID.,"15,90€","15,90€ / UNID.",
Caldo para Bifes 8 Cubos,KNORR,Emb. 0.08 KG,"1,39€","17,38€ / KG",
Mini Bolos de Mármore de Chocolate,P'TIT DÉLI,Emb. 0.189 KG  (aprox.),"1,55€","8,20€ / KG",
Pastilhas 60 Minutos Spearmint,TRIDENT,Emb. 0.02 KG,"0,86€","43,00€ / KG",
Alimento Seco P/ Gato C/ Carne de Vaca,PURINA,Emb. 3 KG,"22,07€","7,36€ / KG",
Yofu Framboesa/Amora 4x125g,ALPRO,Emb. 0.5 KG,"2,89€","5,78€ / KG",
Rebuçado Refrescante sem Açúcar,HALLS,Emb. 0.134 KG,"2,89€","21,57€ / KG",
Caldo de Galinha,KNORR,Emb. 0.36 KG,"4,54€","12,61€ / KG",
Pastilhas Café Descafeinado,DELTA,Emb. 16 PAST.,"3,84€","0,24€ / PAST.",
BACALHAU A BRAS,CÔTÉ TABLE,Emb. 0.25 KG,"2,99€","11,96€ / KG",
Creme Alpro Soja Culinária 250ml,ALPRO,,"1,54€",/ Unid.,
TAMPAO NORMAIS,DOULYS,Emb. 24 UNID.,"1,35€","0,06€ / UNID.",
Recarga Mopa 20 Panos,SWIFFER,Emb. 1 P,"3,14€","3,14€ / P",
Snack Fruut Maçã Verde Intenso S/ Açúcar 60g,,Emb. 0.06 KG,"1,89€","31,50€ / KG",
"FRIZE RODELA LIMAO,,4x.25L",FRIZE,,"2,59€",/ Unid.,
LIMPA PÓ C/CABO,SILLAGE,Emb. 1 UNID.,"4,70€","4,70€ / UNID.",
"CANETA ROLLER GEL PRETA 0,5MM",ESQUISSE,Emb. 2 UNID.,"1,25€","0,63€ / UNID.",
RECARGA MOPA ROTACAO,SILLAGE,Emb. 1 UNID.,"2,99€","2,99€ / UNID.",
Refrigerante C/ Gás Pack 4,COCA COLA,Emb. 4 LT,"5,20€","1,30€ / LT",
Cereais de Trigo Integral,FITNESS,Emb. 0.375 KG,"2,69€","7,17€ / KG",
DOSSIER A4 C/ELASTICO+RECARGA 4ARG,ESQUISSE,Emb. 1 UNID.,"3,99€","3,99€ / UNID.",
ACUCAR DE CANA CUBOS BIO,,Emb. 0.5 KG,"1,85€","3,70€ / KG",
Iogurte Líquido Morango 4x155g,DANONE,Emb. 0.62 KG,"1,69€","2,73€ / KG",
Iogurte Líquido Danonino Bebedino Morango 4x100g,DANONE,Emb. 0.4 KG,"1,79€","4,48€ / KG",
LULAS EM CALDEIRADA,PÊCHE OCÉAN,Emb. 120 KG,"1,29€","0,01€ / KG",
Chantilly Light,,Spray 0.25 KG,"1,45€","5,80€ / KG",
BOLACHAS AREADAS CEREAIS C/ BASE CHOC LEITE POCKET,P'TIT DÉLI,Emb. 0.225 KG,"2,19€","9,73€ / KG",
Bife do Lombo de Novilho,,1 Unid. = 0.25 KG (aprox.),"19,99€/kg","5,00€ / Unid.",
Tiras P/ Periquitos Sabor Fruta,TOUS MES AMIS,Emb. 0.06 KG,"1,69€","28,17€ / KG",
Leite Condensado Magro,NESTLÉ,Lata 0.387 KG,"1,49€","3,85€ / KG",
Uva Cardinal,,1 Unid. = 0.25 KG (aprox.),"2,79€/kg","0,70€ / Unid.",
Leite Crescimento Júnior 3+,NESTLÉ,Emb. 1 LT,"2,21€","2,21€ / LT",
WAFFERS EXTRA FINAS MORANGO E MORANGO SILVESTRE,P'TIT DÉLI,Emb. 0.16 KG,"1,79€","11,19€ / KG",
Acendalhas de Madeira Cubos,SILEX,Emb. 28 UNID.,"0,79€","0,03€ / UNID.",
BEBIDA DE ESPELTA BIO,,Emb. 1 LT,"1,79€","1,79€ / LT",
Cereais Aveia e Morango,NESTUM,Emb. 0.25 KG,"2,15€","8,60€ / KG",
Bolachas Digestivas de Maçã,THINS,Emb. 0.174 KG,"2,04€","11,72€ / KG",
ESCOVA DENTES MACIA CABECA RECARREGAVEL,DENTAMYL,,"1,25€",/ Unid.,
SALSICHAS COCKTAIL C/ BACON 300G,TRADILÈGE,Emb. 0.3 KG,"3,59€","11,97€ / KG",
Alimento Seco P/ Gato Sénior +11 Frango,PURINA ONE,Emb. 0.8 KG,"6,89€","8,61€ / KG",
FIO DENTARIO EM ARCO 50UN,DENTAMYL,Emb. 50 UNID.,"1,49€","0,03€ / UNID.",
Cereais Bolacha Maria,NESTUM,Emb. 0.25 KG,"2,09€","8,36€ / KG",
DESODORIZANTE SPRAY ICE BOOST MEN 100ML COMPACT,CARRÉ HOMME,Emb. 0.1 LT,"1,13€","11,30€ / LT",
Molho de Bolonhesa,TURINI,Emb. 0.19 KG,"1,19€","6,26€ / KG",
PASTEIS DE NATA 6UN,CÔTÉ TABLE,Emb. 6 UNID.,"2,36€","0,39€ / UNID.",
WC Frescura Contínua,NEO BLANC,Emb. 1 UNID.,"2,24€","2,24€ / UNID.",
Bacalhau Seleção Especial Noruega Asa Preta,,1 Unid. = 4 KG (aprox.),"14,99€/kg","59,96€ / Unid.",
Queijo Petit St Nectaire DOP,NOS RÉGIONS ONT DU TALENT,Emb. 0.6 KG,"6,99€","11,65€ / KG",
Baguete,,1 Unid. = 0.25 KG,"0,39€","1,56€ / KG",
Detergente Loiça Manual Limão,FAIRY,Emb. 2.38 LT,"6,74€","2,83€ / LT",
Whisky William Lawson\'s,WILLIAM LAWSON'S,Garrafa 1 LT,"19,99€","19,99€ / LT",
Couve Flor em Floretes Ultracongelado,,Emb. 1 KG,"1,29€","1,29€ / KG",
Ice Tea Pêssego,LIPTON,Emb. 1 LT,"1,29€","1,29€ / LT",
Espargos Verdes,,1 Unid. = 0.32 KG (aprox.),"5,99€/kg","5,99€ / Unid.",
Alimento Seco P/  Gato Júnior Frango e Leite,PURINA FRISKIES,Emb. 1.5 KG,"6,89€","4,59€ / KG",
OIKOS NATURAL ACUCARADO 110x4,OIKOS,Emb. 0.44 KG,"2,39€","5,43€ / KG",
Desodorizante Aloe Sensitive Spray,VASELINE,Emb. 0.25 LT,"2,19€","8,76€ / LT",
Maçã Fuji Cal. 70/75,,1 Unid. = 0.18 KG (aprox.),"1,59€/kg","0,29€ / Unid.",
Whisky 12 Anos,CHIVAS REGAL,Garrafa 0.7 LT,"30,89€","44,13€ / LT",
Vinagre Sidra Biológico,,Garrafa 0.75 LT,"2,24€","2,99€ / LT",
FIAMBRE PERNA EXTRA FINISSIMO,CAMPO FINO,Emb. 0.15 KG,"1,29€","8,60€ / KG",
