Nome,Marca,Quantidade,Preço Primário,Preço Por Unidade,Promo
Cápsulas Café Alumínio Nespresso Intenso,SEGAFREDO,Emb. 10 UN,"4,97€","0,50€ / UN",
Alimento Húmido P/ Gato Salmão Atum Legumes,PURINA FRISKIES,Emb. 0.4 KG,"1,18€","2,95€ / KG",
Escova de Dentes,AQUAFRESH,Emb. 1 UNID.,"1,89€","1,89€ / UNID.",
Óleo Intense 5-10 Castanho Claro,SYOSS,,"6,24€",/ Unid.,
Galinha Inteira,,1 Unid. = 1.2 KG (aprox.),"1,99€/kg","2,39€ / Unid.",
Detergente para a Máquina da Roupa Cores 3 em 1,SKIP,Emb. 1.134 KG,"12,49€","11,01€ / KG",
Gel Banho Aveia,MANAVA,Emb. 0.75 LT,"1,79€","2,39€ / LT",
Vinho Frutado Tinto,SALVE,Garrafa 0.75 LT,"1,29€","1,72€ / LT",
Guardanapos 2 Folhas 33x33 cm,RENOVA,Emb. 90 UNID.,"1,45€","0,02€ / UNID.",
Queijo Fresco de Cabra,SANTIAGO,Emb. 0.1 KG,"1,49€","14,90€ / KG",
Compota de Maçã Morango Biológica 4x100g,,Emb. 0.4 KG,"1,99€","4,98€ / KG",
DETERGENTE CAPSULAS 3 EM 1 FLORES P/ROUPA,EPSIL,,"4,99€",/ Unid.,
CHAMPO FORTIFICANTE CABELOS NORMAIS 250ML,CARRÉ HOMME,Emb. 0.25 LT,"1,49€","5,96€ / LT",
CAFE INTENSO 48 PASTILHAS,ECO+,Emb. 0.336 KG,"3,49€","10,39€ / KG",
Perna de Pau Original 6 Unid.,OLÁ,Emb. 0.3 KG,"2,49€","8,30€ / KG",
Loção Íntima Sensitive Dystron,DYSTRON,Emb. 0.2 LT,"4,99€","24,95€ / LT",
Gel De Banho Suave 500 Ml + 250 Ml Grátis,CORINE DE FARME,Emb. 0.75 LT,"4,84€","6,45€ / LT",
Massa Linguine C/ Tinta de Choco,MILANEZA,Emb. 0.5 KG,"2,98€","5,96€ / KG",
Alimento Seco Gatos Croquetes Fígado e Legumes,TOUS MES AMIS,Emb. 4 KG,"5,89€","1,47€ / KG",
MARCADORES P/QUADRO BRANCO 4UN,ESQUISSE,Emb. 1 UNID.,"2,29€","2,29€ / UNID.",
Alimento Seco Cão Vitafit Balance Frango e Legumes,PURINA FRISKIES,Emb. 4 KG,"8,90€","2,23€ / KG",
Alimento Seco P/  Gato Júnior Frango e Leite,PURINA FRISKIES,Emb. 1.5 KG,"6,95€","4,63€ / KG",
Toalhitas para Bebé Natural Care,HUGGIES,Emb. 56 UNID.,"1,29€","0,02€ / UNID.",
Amaciador Concentrado Aromaterapia Dourado,VERNEL,Emb. 57 DOSES,"3,29€","0,06€ / DOSES",
PIZZA MOZZARELLA MERVEILLOSA,TURINI,Emb. 0.335 KG,"1,79€","5,34€ / KG",
Champô Cabelo Ultra Suave Delicadeza de Aveia,GARNIER,Emb. 0.4 LT,"5,59€","13,98€ / LT",
Vinagre Vinho Tinto,GALLO,Garrafa 0.25 LT,"1,09€","4,36€ / LT",
Johnson's Baby Champô Penteia Fácil,JOHNSON'S BABY,Emb. 0.5 LT,"5,98€","11,96€ / LT",
Grelos de Nabo,,1 Unid. = 0.95 KG (aprox.),"2,09€/kg","1,99€ / Unid.",
Creme Hidratante com Água Floral de Rosa,GARNIER,Emb. 0.05 LT,"5,81€","116,20€ / LT",
Verniz de Unhas 60 Segundos 430,RIMMEL,Emb. 1 UNID.,"5,30€","5,30€ / UNID.",
Alimento Seco Cão Active Completo,PURINA FRISKIES,Emb. 4 KG,"12,78€","3,20€ / KG",
Palhinhas Cartão,HOMESIDE,Emb. 25 UNID.,"1,79€","0,07€ / UNID.",
CHOCOLATE PRETO COM FLOR DE SAL,EQUADOR,Emb. 0.1 KG,"1,19€","11,90€ / KG",
PILHAS ALC.LR6X4 CLARTECH,FOXTER,Emb. 4 UNID.,"1,27€","0,32€ / UNID.",
Leite Condensado,NESTLÉ,Lata 0.37 KG,"1,49€","4,03€ / KG",
Cuecas Incontinência Boutique M,AUSONIA,Emb. 9 UNID.,"8,99€","1,00€ / UNID.",
Iogurte Líquido Tutti Frutti 4x155g,DANONE,Emb. 0.62 KG,"1,39€","2,24€ / KG",
Chá de Ervas Digestão Fácil,LIPTON,Emb. 20 SAQ.,"1,94€","0,10€ / SAQ.",
GELADO BAUNILHA / CARAMELO,ESKISS,Emb. 1 LT,"2,49€","2,49€ / LT",
Gliss Reparação Total Condicionador Express em Spray,GLISS,Emb. 0.2 LT,"3,24€","16,20€ / LT",
BACALHAU P/ CALDEIRADA,PÊCHE OCÉAN,Emb. 0.8,"3,99€","4,99€ /",
Cápsula e pastilha de café DGC ESPRESSO CREMOSO 16UN,LAVAZZA,Emb. 16 UNID.,"4,49€","0,28€ / UNID.",
Fraldas Bebé T6 Doucer +16 Kg,MOTS D'ENFANTS,Emb. 58 UNID.,"9,65€","0,17€ / UNID.",
Conserva de Feijão Frade,COMPAL,Lata 0.845 KG,"1,59€","1,88€ / KG",
Gel Banho Bebé Extra Suave 500 ml +250 ml Grátis,CORINE DE FARME,Emb. 0.75 LT,"4,84€","6,45€ / LT",
Queijo Para Barrar Noz,LES CROISÉS,Emb. 0.125 KG,"1,09€","8,72€ / KG",
Bolachas Ositos Sabor a Mel,ARTIACH,Emb. 4 UNID.,"1,89€","0,47€ / UNID.",
Café Moagem Universal Brasil,DELTA,Emb. 0.22 KG,"3,09€","14,05€ / KG",
Vinho Regional Bairrada Branco,MARQUES DE MARIALVA,Garrafa 0.75 LT,"3,99€","5,32€ / LT",
AUSONIA ORG COTTON SUPER ABAS,AUSONIA,Emb. 10 UNID.,"2,54€","0,25€ / UNID.",
Bebida Energética Rehab,MONSTER ENERGY,Lata 0.5 LT,"1,20€","2,40€ / LT",
Paté Campestre Superior 2X50g,TRADILÈGE,Emb. 0.1 Kg,"1,45€","14,50€ / Kg",
Medalhões Pescada,PÊCHE OCÉAN,Emb. 0.4 KG,"3,29€","8,23€ / KG",
IOGURTE MORANGO/PESSEGO BISNAGA 6UN,DÉLISSE,Emb. 0.54,"2,45€","4,54€ /",
Barras de Cereais 6 Unid.,FITNESS,Emb. 0.141 KG,"2,33€","16,52€ / KG",
CRAVINHO GRAO SAQUETA,RUSTICA,Emb. 0.03 KG,"1,15€","38,33€ / KG",
Alimento P/ Cão Adulto Pequeno P/ Controlo do Peso,PURINA,Emb. 0.8 KG,"5,62€","7,03€ / KG",
Feijão Encarnado Seco,NOTRE JARDIN,Emb. 0.5 KG,"0,99€","1,98€ / KG",
Óleo de noite Reparador Bio Cânhamo,GARNIER,Emb. 0.03 LT,"16,11€","537,00€ / LT",
Compota de Frutas Maçã e Pera sem Adição de Açúcares 4x100g,DOUCEUR DU VERGER,Emb. 0.4 KG,"1,49€","3,73€ / KG",
Fraldas Bebé T4+ ACTIV+ 9/20 Kg,MOTS D'ENFANTS,Emb. 37 UNID.,"7,89€","0,21€ / UNID.",
Papa Infantil Bolacha Maria,CERELAC,Emb. 0.25 KG,"1,79€","7,16€ / KG",
DROPS BOLAS DE NEVE M.GUIA,COPAÍNS COPINES,Emb. 0.25 KG,"1,29€","5,16€ / KG",
Gelado de Chocolate Pack 6,CORNETTO,Emb. 0.54 LT,"4,45€","8,24€ / LT",
Espumante Reserva Meio Seco,RAPOSEIRA,Garrafa 0.75 LT,"6,89€","9,19€ / LT",
Barras de Biscoitos Cobertura de Caramelo Chocolate,ECO+,Emb. 0.348 KG,"1,89€","5,43€ / KG",
PAEZINHOS TRIGO TORRADOS BIO,,Emb. 0.225 KG,"1,29€","5,73€ / KG",
Torta de Morango,P'TIT DÉLI,Emb. 0.3 KG,"1,29€","4,30€ / KG",
Espumante Reserva Doce,FITA AZUL,Garrafa 0.75 LT,"5,69€","7,59€ / LT",
Champô 2em1 Leite Amêndoa Extra Suave,MANAVA,Emb. 0.5 LT,"2,29€","4,58€ / LT",
QUEIJO EMMENTAL RALADO 28%MG,LES CROISÉS,Emb. 0.2 KG,"1,69€","8,45€ / KG",
Pão Mistura,,1 Unid. = 0.4 KG,"1,10€","2,75€ / KG",
LONA PLASTICO 4X6M,ECO+,,"13,45€",/ Unid.,
Sabonete Pack 4,DOVE,Emb. 0.4 KG,"4,94€","12,35€ / KG",
Alho Seco,,1 Unid. = 0.1 KG (aprox.),"4,29€/kg","0,43€ / Unid.",
CHAMPO SECO TILIA/MACA 150ML,NATEIS,Emb. 0.15,"2,29€","15,27€ /",
SPRAY LIMPA VIDROS 1 L 1L TECH9,TECH9,Emb. 1 LT,"2,99€","2,99€ / LT",
Conjunto de Pintar 4 Peças,ECO+,Emb. 4 UNID.,"4,90€","1,23€ / UNID.",
Leite Condensado Cozido,DÉLISSE,Emb. 0.397 KG,"1,39€","3,50€ / KG",
Sacos do Lixo 50 Litros,ELEMBAL,Emb. 15 UNID.,"2,19€","0,15€ / UNID.",
Filetes de Sardinha com Tomate e Legumes,PÊCHE OCÉAN,Emb. 0.1 KG,"1,39€","13,90€ / KG",
Champô Anti-Caspa Cool Sport Mentol para Todos os Tipos de Cabelo,LINIC,Emb. 0.36 LT,"4,94€","13,72€ / LT",
Barras Hero Muesly De Cereais Chocolate Negro 6x23g,HERO,Emb. 0.138,"1,79€","12,97€ /",
Bloco Sanitário Power 5 Blue Water Ocean,DOMESTOS,Emb. 0.106 KG,"2,74€","25,85€ / KG",
Mini Pizza 3 Queijos Ultracongelada 9 Unid.,PICCOLINIS,Emb. 0.27 KG,"3,99€","14,78€ / KG",
Creme Depilatório Silk & Fresh,VEET,Emb. 0.2 LT,"6,64€","33,20€ / LT",
Nata para Bater,PARMALAT,Emb. 0.2 KG,"0,99€","4,95€ / KG",
PERSIL HIGIENE E PUREZA GEL,PERSIL,Emb. 65 DOSES,"19,95€","0,31€ / DOSES",
Vinho Regional Alentejo Tinto,TERRAS D'EL REI,Garrafa 0.75 LT,"2,29€","3,05€ / LT",
Pastilha Elástica Senses Sabor Melancia 3x23g,TRIDENT,Emb. 0.069 KG,"2,45€","35,51€ / KG",
Maionese Heinz Vidro 480 Ml,HEINZ,Emb. 0.48 LT,"3,49€","7,27€ / LT",
Tagliatelles à L'ancienne Biológicas,,Emb. 0.25 KG,"1,69€","6,76€ / KG",
RECARGA ESFREGONA ALGODAO,SILLAGE,Emb. 1 UNID.,"2,20€","2,20€ / UNID.",
BLOCO SANITARIO ACTIV EFFECT TROPICAL 2UN,SYPHON,,"1,69€",/ Unid.,
Ambientador Difusor Essential Mist Lavanda,AIR WICK,Emb. 1 UNID.,"13,19€","13,19€ / UNID.",
Pães com Recheio a Chocolate,EPI D'OR,Emb. 1 P,"1,99€","1,99€ / P",
Doce de Morango sem Açúcar,ST. DALFOUR,Frasco 0.284 KG,"3,74€","13,17€ / KG",
Café Torrado África Ásia e Brasil Moagem Grão,SICAL,Emb. 0.25 KG,"2,39€","9,56€ / KG",
Paté para cão de Frango e Carne,TOUS MES AMIS,Emb. 0.3 KG,"0,79€","2,63€ / KG",
Iogurte Líquido de Manga e Papaia 4 Unid.,ACTIVIA,Emb. 0.62 KG,"1,99€","3,21€ / KG",
Coloração Longa Duração Belle Color 4 Castanho,GARNIER,Emb. 1 UNID.,"5,93€","5,93€ / UNID.",
Lixívia Tradicional 4 L,NEOBLANC,Emb. 4 LT,"2,84€","0,71€ / LT",
Bolachas Barquettes com Recheio de Morango,P'TIT DÉLI,Emb. 0.12 KG,"1,08€","9,00€ / KG",
Sobremesa Creme Chocolate Mix 'n Croc,DÉLISSE,Emb. 0.468 KG,"1,95€","4,17€ / KG",
Sumo de Romã 100% Bio,,Emb. 1 LT,"3,99€","3,99€ / LT",
ESPUMA CABELO EFEITO VOLUME 200ML,VITANOVE,Emb. 0.2 LT,"1,09€","5,45€ / LT",
Água de Nascente,CARAMULO,Emb. 6 LT,"1,39€","0,23€ / LT",
LAVA TUDO FLORAL,CLAIR,Emb. 2 UNID.,"0,89€","0,45€ / UNID.",
Vinho Tinto Regional Alentejano,COMP DO VINHO,Emb. 3 LT,"6,49€","2,16€ / LT",
Conserva Cogumelos Laminados,NOTRE JARDIN,Lata 0.185 KG,"0,65€","3,51€ / KG",
PIMENTO VERM./VERDE,NOTRE JARDIN,Emb. 0.6 KG,"1,30€","2,17€ / KG",
CREME VEGETAL P/ CULINARIA,,Emb. 0.25 KG,"0,79€","3,16€ / KG",
Água com Gás Pet 6x33 cl,PEDRAS SALGADAS,Emb. 1.98 LT,"2,77€","1,40€ / LT",
TIRAS FRANGO PANADO,CÔTÉ CROC,Emb. 0.6 KG,"6,99€","11,65€ / KG",
PIRIPIRI VAGEM,RUSTICA,Emb. 0.015 KG,"0,59€","39,33€ / KG",
Néctar Essencial Frutos Vermelhos 3x110ml,COMPAL,Emb. 0.33 LT,"1,79€","5,42€ / LT",
Arroz Agulha,,Emb. 1 KG,"1,09€","1,09€ / KG",
Arroz Carolino,SALUDÃES,Emb. 1 KG,"1,13€","1,13€ / KG",
BACON EXTRA FATIADO,CAMPO FINO,Emb. 0.15 KG,"1,34€","8,93€ / KG",
Tostas de Trigo 36Unid.,EPI D'OR,Emb. 0.3 KG,"1,29€","4,30€ / KG",
Pão Embalado Hot Dog 6 Unid.,PANRICO,Emb. 0.33 KG,"1,78€","5,39€ / KG",
MOLHO CARIL DE LEGUMES C/LEITE COCO,RUSTICA,Emb. 0.4 KG,"1,25€","3,13€ / KG",
Ambientador recarga cool mist zen lavanda,GLADE,Emb. 0.017 LT,"4,79€","281,76€ / LT",
SACOS LIXO ENTULHO 50L 5UN,ELEMBAL,Emb. 5 UNID.,"1,99€","0,40€ / UNID.",
Caldo de Carne,KNORR,Emb. 24 CUBOS,"2,39€","0,10€ / CUBOS",
Vinho Verde Tinto,MONÇÃO,Garrafa 0.75 LT,"1,99€","2,65€ / LT",
Ambientador Gel Lavanda,,Emb. 1 UNID.,"0,79€","0,79€ / UNID.",
Pantene Liso & Sedoso Champô,PANTENE PV,Emb. 0.25 LT,"3,75€","15,00€ / LT",
Néctar Light Laranja e Manga,JAFADEN,Emb. 1 LT,"0,89€","0,89€ / LT",
Escova Borracha Vidros + Ventosa,SILLAGE,Emb. 1 UNID.,"1,50€","1,50€ / UNID.",
Alimento Húmido P/ Gato Gold Mousse Peixe,GOURMET GOLD,,"0,70€",/ Unid.,
Manga Barco,,1 Unid. = 0.5 KG (aprox.),"2,35€/kg","1,18€ / Unid.",
DESODORIZANTE AXE AERO BLACK,AXE,Emb. 0.15 LT,"3,29€","21,93€ / LT",
Manteiga Magra Sal,PRÉSIDENT,Emb. 0.25 KG,"2,35€","9,40€ / KG",
Pernil de Porco,,1 Unid. = 1.1 KG (aprox.),"2,99€/kg","3,29€ / Unid.",
Palitos de Chocolate,P'TIT DÉLI,Emb. 0.15 KG,"1,09€","7,27€ / KG",
Guardanapos Folha Simples Reciclados,MARQUE REPERE,Emb. 100 UNID.,"0,89€","0,01€ / UNID.",
Vinho Regional Alentejo Branco,TERRAS D'EL REI,Garrafa 0.75 LT,"2,76€","3,68€ / LT",
Deo Spray 0% Sensitive 24H,SANEX,Emb. 0.15 LT,"2,69€","17,93€ / LT",
Detergente para a Máquina da Loiça Extra Power,SUN,Emb. 76 PASTILHAS,"9,99€","0,13€ / PASTILHAS",
GELADO BAUNILHA E SORVETE F.VERMELHOS 900ML ESKISS,ESKISS,Emb. 0.9 LT,"2,49€","2,77€ / LT",
Bebida Solúvel Cereais Cevada Chicória e Café,TOFINA,Frasco 0.2 KG,"2,24€","11,20€ / KG",
Batata Branca P/ Assar,,Emb. 1 KG,"1,19€","1,19€ / KG",
Molho César para Salada,HELLMANN'S,Emb. 0.21 LT,"2,58€","12,29€ / LT",
Espuma de Barbear Pele Sensível,GILLETTE,Emb. 0.2 LT,"2,55€","12,75€ / LT",
Ambientador Recarga Portátil Relax Zen Lavanda e Jasmim,GLADE,Emb. 3 UNID.,"10,78€","3,59€ / UNID.",
Coentros em Folhas,MARGÃO,Emb. 0.007 KG,"1,69€","241,43€ / KG",
Mortadela Simples,ELPOZO,1 Unid. = 0.2 KG (aprox.),"5,49€/kg","1,10€ / Unid.",
Cereais Pétalas Chocolate Leite,GRAINEA,Emb. 0.3 KG,"1,49€","4,97€ / KG",
PERSIL LAVANDA GEL,PERSIL,Emb. 80 DOSES,"21,95€","0,27€ / DOSES",
Lentilhas Verdes Secas,NOTRE JARDIN,Emb. 0.5 KG,"1,49€","2,98€ / KG",
Gressinos com Creme de Avelã 3x60g,NUSTIKAO,Emb. 0.18 KG,"2,19€","12,17€ / KG",
Cera Fixadora,AXE,Emb. 0.075 LT,"3,99€","53,20€ / LT",
Barra Cereais Chocolate Preto,GRAINEA,Emb. 0.126 KG,"1,49€","11,83€ / KG",
Bebida de Aveia 0% 3x200ML,SHOYCE,Emb. 0.6 LT,"1,79€","2,98€ / LT",
Bolachas Maria sem Açúcar,GULLÓN,Emb. 0.4 KG,"2,34€","5,85€ / KG",
Seleção de Frutos Secos,MARQUE REPERE,Emb. 0.25 KG,"5,78€","23,12€ / KG",
Manteiga de Amendoim Cremosa,CALVÉ,Emb. 1 KG,"9,99€","9,99€ / KG",
Camarão Cozido Cal. 20/30,,1 Unid. = 0.19 KG (aprox.),"16,99€/kg","3,23€ / Unid.",
Preparado em Pó Chantilly,ROYAL,Emb. 0.072 KG,"1,77€","24,58€ / KG",
Bolo de Cacau,P'TIT DÉLI,Emb. 0.42 KG,"3,19€","7,60€ / KG",
AUSCULTADORES C/MICRO PRETO,LINKSTER,Emb. 1 UNID.,"11,99€","11,99€ / UNID.",
Molho de Tomate à Provençal,,Emb. 0.35 KG,"1,99€","5,69€ / KG",
Refrigerante S/ Gás Maracuja,ECO+,Garrafa 2 LT,"0,79€","0,40€ / LT",
Azeitona Verde Retalhada com Ervas,RUSTICA,Emb. 0.36 KG,"1,79€","4,97€ / KG",
OVOS AR LIVRE CLASSE M,OVOS DA ALDEIA,Emb. 6 UNID.,"1,39€","0,23€ / UNID.",
Polpa de Tomate,ECO+,Frasco 0.5 KG,"0,99€","1,98€ / KG",
Conserva de Atum em Posta em Azeite,PÊCHE OCÉAN,Emb. 0.12 KG,"1,09€","9,08€ / KG",
NUGGETS DE FRANGO 18UN,CÔTÉ CROC,Emb. 0.45 KG,"4,29€","9,53€ / KG",
Iogurte Natural 4x125 g,,Emb. 0.5 KG,"0,65€","1,30€ / KG",
Eau de Toilette Homem Original Brut,BRUT,Emb. 0.1 LT,"13,99€","139,90€ / LT",
LAMINAS DESCARTAVEIS SENHORA 3 LAMINAS 4UN,SLISS,Emb. 4 UNID.,"2,99€","0,75€ / UNID.",
Ambientador Pure Nenuco Frescura Colónia de Bebé,AIR WICK,Spray 0.25 LT,"4,19€","16,76€ / LT",
"GEL DUCHE ""MATCHA/GENGIBRE"" CONCENTRADO",NATEIS,,"1,85€",/ Unid.,
BOLACHA MARIA DOURADA,P'TIT DÉLI,,"1,69€",/ Unid.,
Gomas Trio Brilho,COPAÍNS COPINES,Emb. 0.2 KG,"0,99€","4,95€ / KG",
SNACK BATATA SABOR ESPECIARIAS,TOKAPI,Emb. 0.17 KG,"1,95€","11,47€ / KG",
Queijo de Barrar com Leite Pasteurizado,LES CROISÉS,Emb. 0.15 KG,"0,89€","5,93€ / KG",
Cápsulas Café Grande P/ Dolce Gusto Intensidade 8,STARBUCKS,Emb. 12 CAPS.,"4,78€","0,40€ / CAPS.",
Bolachas Digestivas,MCVITIES,Emb. 0.4 KG,"1,87€","4,68€ / KG",
Bigburger de Peito de Frango 2 Unid.,IGLO,Emb. 0.227 KG,"3,79€","16,70€ / KG",
Alimento Húmido P/ Cão Adulto Pequeno C/ Carne de Vaca e Pato,PURINA,Emb. 0.4 KG,"2,38€","5,95€ / KG",
Champô Volume Toranja Branca e Menta,HERBAL ESSENCES,Emb. 0.4 LT,"3,99€","9,98€ / LT",
CREPES SIMPLES 16UN,TROFIC,Emb. 1 KG,"3,99€","3,99€ / KG",
Sal Marinho Iodado,VATEL,Emb. 1 KG,"0,98€","0,98€ / KG",
BATATA FRITA PALHA FINISSIMA,POM'LISSE,,"1,39€",/ Unid.,
OIKOS CARAMELO 110G X4,OIKOS,Emb. 0.44 KG,"2,39€","5,43€ / KG",
MIOLO DE CAMARAO 80/120,PÊCHE OCÉAN,Emb. 0.25 KG,"3,49€","13,96€ / KG",
COOKIES C/ MEGA PEPITAS DE CHOCOLATE E AVELAS,P'TIT DÉLI,Emb. 0.184 KG,"1,39€","7,55€ / KG",
Escova Borracha Vidros,SILLAGE,Emb. 1 UNID.,"2,90€","2,90€ / UNID.",
Esparguete Cozedura Rápida,TURINI,Emb. 0.5 KG,"1,09€","2,18€ / KG",
Eau De Toilette Homem Dark Temptation,AXE,Emb. 0.05 LT,"9,84€","196,80€ / LT",
PREPARADO P/ ARROZ MARISCO,PÊCHE OCÉAN,Emb. 0.8 KG,"6,50€","8,13€ / KG",
COPPA FATIAS FINISSIMAS,ST AZAY,Emb. 0.1 KG,"2,99€","29,90€ / KG",
Bolachas Wafer de Chocolate,P'TIT DÉLI,Emb. 0.15 KG,"1,35€","9,00€ / KG",
PALITOS COBERTURA CHOCOLATE LEITE S/ GLUTEN,CHAQUE JOUR SANS GLUTEN,Emb. 0.125 KG,"2,55€","20,40€ / KG",
Sabão de Marselha 4x200 g,EPSIL,,"2,89€",/ Unid.,
Macedonia de 4 Legumes,,Emb. 0.4 KG,"0,69€","1,73€ / KG",
Durex Play Lubrificante de Morango,DUREX,Emb. 0.05 LT,"7,49€","149,80€ / LT",
Vinho Tinto,ECO+,Garrafão 5 LT,"5,69€","1,14€ / LT",
FRALDA INCONTINENCIA MEDIA,CHORYS,Emb. 20 UNID.,"8,99€","0,45€ / UNID.",
LOMBO PORCO CURADO FATIAS,ST AZAY,Emb. 0.1 KG,"2,55€","25,50€ / KG",
Queijo Emmental,LES CROISÉS,Emb. 0.25 KG,"1,89€","7,56€ / KG",
Bolachas Alfa,NACIONAL,Emb. 0.18 KG,"0,98€","5,44€ / KG",
SOBREMESA TIRAMISU PISTACIO,EQUADOR,,"2,59€",/ Unid.,
Queijo Ralado Emmental,PRÉSIDENT,Emb. 0.15 KG,"2,45€","16,33€ / KG",
BETERRABA EM VINAGRE 345G,FERBAR,Emb. 0.345 KG,"1,09€","3,16€ / KG",
Pão De Forma Rústico 0% Açúcar,PANRICO,Emb. 0.375 KG,"1,63€","4,35€ / KG",
Café Solúvel de Cereais e Fibra,BOLERO,Emb. 0.2 KG,"2,88€","14,40€ / KG",
Sardinha em Óleo Vegetal,BOM PETISCO,Emb. 0.12 KG,"0,99€","8,25€ / KG",
DETERGENTE LIQUIDO CONCENTRADO ALOE VERA ECOLOGICO 40D,UNÍ VERT,,"4,99€",/ Unid.,
Laca Cabelos Pintados,ELNETT,Emb. 0.3 LT,"6,59€","21,97€ / LT",
Pensos Diários Salva Slip Adapt,EVAX,Emb. 30 UNID.,"1,94€","0,06€ / UNID.",
ALGODAO DUO QUADRADO X50,INELL,Emb. 50 UNID.,"0,79€","0,02€ / UNID.",
Doseador Sabão Líquido Branco,SILLAGE,Emb. 1 UNID.,"3,00€","3,00€ / UNID.",
Pensos Higiénicos Normal Alas,AUSONIA,Emb. 14 UNID.,"1,69€","0,12€ / UNID.",
Conserva de Cogumelos Laminados,NOTRE JARDIN,Lata 0.78 KG,"2,25€","2,88€ / KG",
Alimento Húmido P/ Gato de Atum,LYCAT,Emb. 0.08 G,"0,98€","12,25€ / G",
Caramelo Líquido,TABLIER BLANC,Emb. 0.4 KG,"1,29€","3,23€ / KG",
Whisky J&B 15 Anos,J&B,Emb. 0.7 LT,"24,90€","35,57€ / LT",
Cenourinhas Extra Finas,NOTRE JARDIN,Emb. 0.4 KG,"1,00€","2,50€ / KG",
Patê Bocadelia Recheio Atum,LA PIARA,Emb. 0.18 KG,"2,24€","12,44€ / KG",
CROQUETES P/ GATOS SENSIVEIS E DIFICEIS PREMIUM,PLENIMA,,"1,89€",/ Unid.,
Cereais Muesli Chocolate,GRAINEA,Emb. 0.5 KG,"2,39€","4,78€ / KG",
Alimento Húmido P/ Gato Carne Vaca Gold,GOURMET,Emb. 0.085 KG,"0,74€","8,71€ / KG",
Vinho de Mesa Rosé,ECO+,Emb. 2 LT,"2,69€","1,35€ / LT",
SNACKS BOLAS DE QUEIJO,TOKAPI,Emb. 0.05 KG,"0,65€","13,00€ / KG",
PENSOS INCONTINENCIA MULHER MAXI,CHORYS,Emb. 12 UNID.,"2,59€","0,22€ / UNID.",
Tablete de Chocolate com Recheio Morango,MILKA,Emb. 0.1 KG,"1,49€","14,90€ / KG",
Molho Bifana com Mostarda,CALVÉ,Emb. 0.26 KG,"2,60€","10,00€ / KG",
Luvas Finas Descartáveis Vinil Tam. M,,Emb. 0.45 KG,"6,89€","15,31€ / KG",
Alimento Húmido P/ Gato Gold Salmão e Frango,GOURMET,Emb. 0.085 KG,"0,70€","8,24€ / KG",
KINDER DELICE CACAU T10,KINDER,Emb. 0.39 KG,"3,69€","9,46€ / KG",
Bolachas Original,OREO,Emb. 0.22 KG,"1,92€","8,73€ / KG",
DETERGENTE LIQUIDO PERFECT CORES 25D,EPSIL,Emb. 25 DOSES,"2,79€","0,11€ / DOSES",
Manteiga de Amendoim Cremosa sem Adição de Açúcares,CALVÉ,Emb. 0.35 KG,"3,49€","9,97€ / KG",
Gelatina em Pó Morango 2x85 g,TABLIER BLANC,Emb. 0.17 KG,"0,85€","5,00€ / KG",
Gelado Stracciatella,ESKISS,Emb. 0.9 LT,"2,65€","2,94€ / LT",
Champô Anti-Caspa Cuidado Suave para Todos os Tipos de Cabelo,LINIC,Emb. 0.36 LT,"4,94€","13,72€ / LT",
Iogurte de Pedaços Morango,MIMOSA,Emb. 0.48 KG,"1,35€","2,81€ / KG",
PAPEL ALUMINIO 50M,ELEMBAL,Emb. 50 M,"4,49€","0,09€ / M",
Conserva de Salsichas 7 Unid. Extra Suculentas,NOBRE,Frasco 0.35 KG,"1,68€","4,80€ / KG",
Sopa de Espargos,KNORR,Emb. 0.07 KG,"1,49€","21,29€ / KG",
PENSOS HIGIENICOS U. FINOS NORMAL+ C/ ABAS,DOULYS,Emb. 14 UNID.,"0,99€","0,07€ / UNID.",
Dentes de Alho,,Emb. 0.25 KG,"2,29€","9,16€ / KG",
Bolachas Ovos Dinossauros,ARTIACH,Emb. 0.14 KG,"2,21€","15,79€ / KG",
Delícias com Forma de Lagosta Ultracongelado,PESCANOVA,Emb. 0.255 KG,"2,15€","8,43€ / KG",
Doce de Laranja Biológico,,Emb. 0.375 KG,"2,15€","5,73€ / KG",
Bebida de Amêndoa 0%,SHOYCE,Emb. 1 LT,"1,95€","1,95€ / LT",
Yofu Framboesa/Amora 4x125g,ALPRO,Emb. 0.5 KG,"2,59€","5,18€ / KG",
Dentífrico Herbal White,COLGATE,Emb. 0.075 LT,"2,35€","31,33€ / LT",
Spray Mousse Harmonias Florais,NEOBLANC,Spray 0.7 LT,"2,59€","3,70€ / LT",
Pente Piquio Color,,Emb. 1 UNID.,"1,99€","1,99€ / UNID.",
Iogurte Bifidus Activia Cremoso Frutos Silvestres 4 Unid.,DANONE,Emb. 0.48 KG,"1,99€","4,15€ / KG",
"V DOURO TELLUS BCO,,75CL",TELLUS,,"2,79€",/ Unid.,
Batatas Fritas Rodela,PÁLA-PÁLA,Emb. 0.3 KG,"1,97€","6,57€ / KG",
Chantilly,DÉLISSE,Emb. 0.25 KG,"1,69€","6,76€ / KG",
COPOS DECORATIVOS CAFE 10CL,HOMESIDE,Emb. 25 UNID.,"1,29€","0,05€ / UNID.",
Cerveja C/ Álcool 24x25cl,CARLSBERG,Emb. 6 LT,"12,94€","2,16€ / LT",
Recarga Sabonete Líquido Framboesa/Peonia,MANAVA,Emb. 0.25 LT,"0,65€","2,60€ / LT",
VAGEM DE BAUNILHA BOURBON BIO,,Emb. 1 UNID.,"3,99€","3,99€ / UNID.",
Champô,TRESEMMÉ,Emb. 0.7 LT,"6,59€","9,41€ / LT",
Queijo Mistura Pequeno,ALAVÃO,Emb. 0.6 KG (aprox.),"8,99€/kg","5,39€ / Unid.",
NAPERONS RECTANGULARES 40X50CM,,Emb. 3 UNID.,"0,79€","0,26€ / UNID.",
IOGURTE ACUCARADO C/ ACUCAR MASCAVADO,DÉLISSE,,"2,71€",/ Unid.,
Bolo de Arroz,,1 UNID.,"0,50€","0,50€ / UNID.",
Chouriça do Lavrador,SNR,Emb. 0.18 KG,"2,49€","13,83€ / KG",
AFTERSHAVE LOCAO OCEAN FRESH 100ML,CARRÉ HOMME,Emb. 0.1 LT,"2,29€","22,90€ / LT",
SPRAY PENTEAR DESEMBARACANTE MORANGO E CEREJA PARA CRIANCAS,PETIT MANAVA,Emb. 0.2 LT,"1,49€","7,45€ / LT",
Brioches Redondas com Oepitas Chocolate 12 Unid.,EPI D'OR,Emb. 0.5 KG,"2,89€","5,78€ / KG",
Alimento Seco para Gato Sterilcat Carne Vaca,PURINA ONE,Emb. 1.5 KG,"10,90€","7,27€ / KG",
SALSICHAO SECO PORCO QS,ST AZAY,Emb. 0.25 KG,"3,69€","14,76€ / KG",
Madalenas sem Glúten,CHAQUE JOUR SANS GLUTEN,Emb. 0.18 KG,"2,59€","14,39€ / KG",
Atum em Azeite Biológico,BOM PETISCO,Emb. 0.12 KG,"1,67€","13,92€ / KG",
Alho Picado,MARGÃO,Frasco 0.06 KG,"3,19€","53,17€ / KG",
CREME P/ BARRAR PEDACOS FINOS AVELAS,EQUADOR,,"2,39€",/ Unid.,
Espumante Reserva Bruto,MURGANHEIRA,Garrafa 0.75 LT,"10,99€","14,65€ / LT",
Massa Lasanha,TURINI,Emb. 0.5 KG,"1,34€","2,68€ / KG",
Vinagre Balsâmico de Modena,GALLO,Garrafa 0.25 LT,"1,69€","6,76€ / LT",
Eau De Toilette Umbro Energy,UMBRO,Emb. 0.03 LT,"7,91€","263,67€ / LT",
Esfregão Vegetal,,Emb. 2 UNID.,"0,99€","0,50€ / UNID.",
Chá Verde Pure,LIPTON,Emb. 20 SAQS,"1,39€","0,07€ / SAQS",
Chourição Gran Doblon,CAMPOFRIO,1 Unid. = 0.1 KG (aprox.),"13,98€/kg","1,40€ / Unid.",
Pato Inteiro,,1 Unid. = 2.15 KG (aprox.),"4,99€/kg","10,73€ / Unid.",
Chiclets de Peppermint 12 Unid.,CHICLETS,Emb. 0.017 KG,"0,89€","52,35€ / KG",
Pão Maxi Burguer 4 Unidades,BIMBO,Emb. 0.3 KG,"1,69€","5,63€ / KG",
Pensos Higiénicos Normal Plus Alas,EVAX,Emb. 14 UNID.,"2,59€","0,19€ / UNID.",
Preservativos non stop XT Lines,CONTROL,Emb. 6 UNID.,"6,99€","1,17€ / UNID.",
Tablete de Chocolate Branco com Avelãs Inteiras,TABLETTE D'OR,Emb. 0.2 KG,"2,19€","10,95€ / KG",
Derma SPA Goodness Body Cream,DOVE,Emb. 0.3 LT,"4,99€","16,63€ / LT",
BOLACHAS C/ RECHEIO CHOCOLATE LEITE BREAK,P'TIT DÉLI,Emb. 0.135 KG,"1,59€","11,78€ / KG",
ESTENDAL VARANDA 7M,HOMESIDE,Emb. 1 UNID.,"7,99€","7,99€ / UNID.",
TRANSPORTADORA P/CAO 55CM 1UN P\'TIT AMI,P'TIT AMI,Emb. 1 UNID.,"16,49€","16,49€ / UNID.",
Néctar Vital Equilíbrio Manga Laranja 3x20cl,COMPAL,Emb. 0.6 LT,"1,59€","2,65€ / LT",
Madalenas em Concha com Ovos,P'TIT DÉLI,Emb. 1 KG,"3,89€","3,89€ / KG",
Cereais Chocomax,NACIONAL,Emb. 0.3 KG,"1,69€","5,63€ / KG",
WC PARA GATO,P'TIT AMI,Emb. 1 UNID.,"14,43€","14,43€ / UNID.",
Batatas Fritas Double Crunch BBQ,RUFFLES,Emb. 0.14 KG,"2,34€","16,71€ / KG",
Bolachas Amanteigadas Palet breton 2x125g,P'TIT DÉLI,Emb. 0.25 KG,"1,99€","7,96€ / KG",
Bolachas Cream Cracker,VIEIRA,Emb. 0.18 KG,"1,19€","6,61€ / KG",
Empadão de Pato,NOS RÉGIONS ONT DU TALENT,Emb. 0.3 UNID.,"2,99€","9,97€ / UNID.",
COLORACAO VEGETAL CASTANHO CLARO BIO,BIONAÏA,Emb. 1 UNID.,"6,99€","6,99€ / UNID.",
DESODORIZANTE SPRAY INVISIBLE MEN 100ML COMPACT,CARRÉ HOMME,Emb. 0.1 LT,"1,19€","11,90€ / LT",
FORMA PUDIM CANELADA 18 CM.,ECO+,Emb. 1 UNID.,"5,99€","5,99€ / UNID.",
LENCOS BOLSO 4F MENTOL,CARESSE,Emb. 15 UNID.,"1,59€","0,11€ / UNID.",
Cápsula Lavazza Espresso Maestro Dek Para Máquinas De Café Nespresso,LAVAZZA,Emb. 0.055 KG,"2,99€","54,36€ / KG",
Sortido de Bolachas,CUÉTARA,Emb. 0.42 KG,"4,27€","10,17€ / KG",
Café Capsulas Decaf Intensidade 2,PLANTATION,Emb. 10 CAPS.,"1,79€","0,18€ / CAPS.",
Ambientador 5 em 1 Relax Zen,BRISE,Emb. 0.3 LT,"1,54€","5,13€ / LT",
PAPEL VEGETAL EM FOLHAS 30UN,ELEMBAL,Emb. 30 UNID.,"1,25€","0,04€ / UNID.",
Licor Anis Escarchado,BORLIDO,Garrafa 1 LT,"8,49€","8,49€ / LT",
Café Cápsulas Fortissimo Intensidade 10,PLANTATION,Emb. 10 CAPS.,"1,49€","0,15€ / CAPS.",
Heinz Ketchup Squeezable,HEINZ,Emb. 0.342 KG,"2,49€","7,28€ / KG",
Alimento Seco para Cão Carne de Vaca e Cenoura,TOUS MES AMIS,Emb. 1 KG,"3,59€","3,59€ / KG",
Vinho Tinto,COMP DO VINHO,Emb. 1 LT,"0,85€","0,85€ / LT",
Cápsulas Café Cortado Espresso Macchiato Intensidade 8,DOLCE GUSTO,Emb. 16 CAPS.,"5,57€","0,35€ / CAPS.",
Óleo Cedro Líquido,PRONTO,Emb. 0.25 LT,"2,99€","11,96€ / LT",
DETERGENTE MANUAL LOICA CONCENTRADO LIMA E UVA BRANCA,VISIOR,Emb. 0.5 LT,"1,29€","2,58€ / LT",
Queijo Fundido,VACA QUE RI,Emb. 0.15 KG,"1,74€","11,60€ / KG",
Vinho Branco,COMP DO VINHO,Bag in Box 5 LT,"4,69€","0,94€ / LT",
LEITE CÔCO LIGHT,JERÓNIMOS,Emb. 0.4 LT,"2,06€","5,15€ / LT",
Tomate Triturado da Horta,COMPAL,Emb. 0.5 LT,"1,23€","2,46€ / LT",
Florete de Couve Flor,,Emb. 0.5 KG,"2,35€","4,70€ / KG",
Flor Duche Azul,SILLAGE,Emb. 1 UNID.,"2,00€","2,00€ / UNID.",
CANETA VARIAS CORES 1MM,ESQUISSE,Emb. 10 UNID.,"2,69€","0,27€ / UNID.",
"CARREGADOR USB 2,4A + CABO USB/ COMPATIVEL LIGHTNING 1,2M BRANCO",LINKSTER,Emb. 1 UNID.,"16,49€","16,49€ / UNID.",
Couve Lombarda,,1 Unid. = 1.2 KG (aprox.),"1,09€/kg","1,31€ / Unid.",
BOLACHAS AREADAS C/ CARAMELO,P'TIT DÉLI,Emb. 0.1 KG,"1,49€","14,90€ / KG",
Pantene Repara & Protege Champô 3 Em 1,,Emb. 0.3 LT,"4,99€","16,63€ / LT",
Detergente Liquido para a Máquina da Roupa Concentrado,SKIP,Emb. 80 DOSES,"15,99€","0,20€ / DOSES",
Galão São Lourenço,UCAL,Emb. 1 LT,"1,49€","1,49€ / LT",
Dentífrico com Flúor Fresh Gel,COLGATE,Emb. 0.075 LT,"2,45€","32,67€ / LT",
Ração seca para gato c/ Salmão,ULTIMA,Emb. 0.75 KG,"5,39€","7,19€ / KG",
MASCARA EXTRA COLOR 300ML,VITANOVE,Emb. 0.3 LT,"2,39€","7,97€ / LT",
Alimento Húmido P/ Gato Completo 4x400g,LYCAT,Emb. 4 UNID.,"2,79€","0,70€ / UNID.",
Pastilha Elástica Senses Tropical Mix,TRIDENT,Emb. 0.023 KG,"0,94€","40,87€ / KG",
Vinho Regional Península de Setúbal Tinto,ADEGA DE PEGÕES,Garrafa 0.75 LT,"1,59€","2,12€ / LT",
LENCOS FACIAIS 3F MENTOL,CARESSE,Emb. 80 UNID.,"1,19€","0,01€ / UNID.",
CAPPUCCINO SABOR BAUNILHA,PLANTATION,Emb. 0.31 KG,"2,99€","9,65€ / KG",
Ovos Solo M,SNR,Emb. 12 UNID.,"2,29€","0,19€ / UNID.",
Desodorizante Zero% - Spray Invisível,SANEX,Emb. 0.15 LT,"2,69€","17,93€ / LT",
BOLA FUTEBOL PLASTICO T4,WOODSUN,Emb. 1 UNID.,"2,99€","2,99€ / UNID.",
Miolo de Amendoim C/ Mel e Sal,MARQUE REPERE,Emb. 0.25 KG,"1,69€","6,76€ / KG",
Bolacha Energy Chiqui Chocs,ARTIACH,Emb. 0.14 KG,"1,95€","13,93€ / KG",
TARTE DE MACAS CARAMELIZADAS,AUTOUR DU DESSERT,Emb. 0.6 KG,"4,35€","7,25€ / KG",
Conjunto de 8 Chaves Mistas,FOXTER,Emb. 8 UNID.,"13,99€","1,75€ / UNID.",
Alimento Seco P/ Cão Mini Menu Frango,PURINA FRISKIES,Emb. 1.5 KG,"4,84€","3,23€ / KG",
Alho Francês,,1 Unid. = 0.43 KG (aprox.),"1,99€/kg","0,86€ / Unid.",
Café pur Arabica Amérique Latine em Grão Biológico,,Emb. 0.25 KG,"3,49€","13,96€ / KG",
Aquafresh Branco Intenso 2x75ml,AQUAFRESH,,"3,49€",/ Unid.,
SABONETE LIQUIDO ALPERCE/ALOE VERA BIO,BIONAÏA,Emb. 0.3 LT,"1,85€","6,17€ / LT",
Iogurte de Alperce 4 Unid.,IOGOLINO,Emb. 0.4 KG,"2,28€","5,70€ / KG",
POSTAS DE BACALHAU ULTRACONGELADAS,ECO+,Emb. 0.8 KG,"5,99€","7,49€ / KG",
Champô Bebé Suave 500 Ml+250 ml Grátis,CORINE DE FARME,Emb. 0.75 LT,"4,84€","6,45€ / LT",
Arroz Basmati,CAÇAROLA,Emb. 0.5 KG,"1,25€","2,50€ / KG",
BACALHAU COM NATAS,CÔTÉ TABLE,Emb. 0.25 KG,"2,99€","11,96€ / KG",
Manteiga Pasteurizada com Sal Cuvete,LORETO,Emb. 0.25 KG,"1,99€","7,96€ / KG",
Biscoitos Recheados com Bovino,LYDOG,Emb. 0.5 KG,"1,75€","3,50€ / KG",
Desodorizante Bodyspray Gold Temptation,AXE,Emb. 0.15 LT,"3,29€","21,93€ / LT",
Gelado Phish food,BEN & JERRY'S,Emb. 0.465 LT,"6,79€","14,60€ / LT",
Champô para Homem Anticaspa Cool Sport Mentol,LINIC,Emb. 0.225 LT,"3,34€","14,84€ / LT",
Conserva De Feijão Vermelho em Conserva 425g,NOTRE JARDIN,Lata 0.425 KG,"0,75€","1,76€ / KG",
RANCHO,CÔTÉ TABLE,Emb. 0.25 KG,"2,99€","11,96€ / KG",
Escova Multiusos,SILLAGE,Emb. 1 UNID.,"1,20€","1,20€ / UNID.",
Iogurte Bifidus Cremoso Frutos Silvestres 0% 4 Unid.,DANONE,Emb. 0.48 KG,"1,99€","4,15€ / KG",
Iogurte Cereais e Baunilha 4 Unid.,IOGOLINO,Emb. 0.4 KG,"2,34€","5,85€ / KG",
Néctar Vital Equilíbrio Frutos Vermelhos,COMPAL,Emb. 0.33 LT,"0,79€","2,39€ / LT",
TARTE FRUTOS SECOS,P'TIT DÉLI,Emb. 0.3 KG,"2,99€","9,97€ / KG",
Tomates Inteiros Pelados,ECO+,Lata 0.8 KG,"1,32€","1,65€ / KG",
Gel de Banho Cuidado Intensivo,DOVE,Emb. 0.5 LT,"2,49€","4,98€ / LT",
Cola Multi-Usos S/ Solvente,FOXTER,Emb. 0.055 LT,"2,69€","48,91€ / LT",
Frango Inteiro sem Miúdos,,1 Unid. = 1.2 KG (aprox.),"2,89€/kg","3,47€ / Unid.",
Sumo 100% Laranja Biológico 6 Unid.,,Emb. 0.12 LT,"2,69€","22,42€ / LT",
Ervilhas Extra Finas,NOTRE JARDIN,Emb. 0.4 KG,"1,19€","2,98€ / KG",
Tomate Pelado,GULOSO,Emb. 0.39 KG,"0,99€","2,54€ / KG",
Sabonete Sólido Flores Brancas 4 Unid.,MANAVA,Emb. 0.4 KG,"2,05€","5,13€ / KG",
DESMAQUILHANTE DE OLHOS WATERPROOF BIFASICO,BIONAÏA,Emb. 0.15 LT,"2,59€","17,27€ / LT",
Desodorizante Clean Fresh Scent Stick,REXONA,Emb. 0.045 LT,"4,79€","106,44€ / LT",
Sumo 100% Laranja C/ Polpa,JAFADEN,Emb. 1 LT,"1,49€","1,49€ / LT",
Queijo Emental Francês,PRÉSIDENT,Emb. 0.25 KG,"3,79€","15,16€ / KG",
Fiambre da Perna Extra,CHARCUTARIA,1 Unid. = 0.12 KG (aprox.),"6,99€/kg","0,84€ / Unid.",
Snack P/ Gato Crispies C/ Sabor a Salmão e Truta,FELIX,Emb. 0.45 KG,"1,59€","3,53€ / KG",
Doce de Pêssego Baixo Teor de Açúcar,DOUCEUR DU VERGER,Frasco 0.34 KG,"1,25€","3,68€ / KG",
COGUMELO FERBAR LAMINADO 185G,FERBAR,Emb. 0.185,"0,74€","4,00€ /",
Deo Roll On Hidra Essencial 0% Álcool,VASELINE,Emb. 0.05 LT,"2,09€","41,80€ / LT",
Conserva de Feijão Branco Cozido,NOTRE JARDIN,Frasco 0.57 KG,"0,69€","1,21€ / KG",
LUVA AUTO MICROFIBRA ANTI-MOSQUITOS,TECH9,Emb. 1 UNID.,"1,99€","1,99€ / UNID.",
Bolachas Creme Cebola,TUC,Emb. 0.1 KG,"1,08€","10,80€ / KG",
Creme Protector Muda Fraldas,MOTS D'ENFANTS,Emb. 0.1 LT,"2,49€","24,90€ / LT",
ROLO COZINHA COMPACTO MULTIUSOS ECO,UNÍ VERT,Emb. 1 UNID.,"4,69€","4,69€ / UNID.",
Papa Infantil Bolacha Maria,CERELAC,Emb. 0.4 KG,"1,84€","4,60€ / KG",
CREME HIDRATANTE OLEO AMENDOA DOCE,INELL,Emb. 0.2 LT,"2,29€","11,45€ / LT",
CLIPES COLORIDOS,ESQUISSE,Emb. 100 UNID.,"0,99€","0,01€ / UNID.",
Creme Vegetal Óleo Girassol 60% MG S/ Sal,NAT&VIE,Emb. 0.5 KG,"1,99€","3,98€ / KG",
PURE MACA/MANGA SEM ADICAO ACUCAR,DOUCEUR DU VERGER,Emb. 0.4 KG,"1,39€","3,48€ / KG",
Sortido de Biscoitos Finos,EQUADOR,Emb. 0.2 KG,"1,99€","9,95€ / KG",
Iogurte Líquido Morango/Framboesa,DANONE,Emb. 0.3 KG,"1,89€","6,30€ / KG",
BB CREAM 5EM1 CLARO 50ML,INELL,Emb. 0.05 LT,"3,49€","69,80€ / LT",
IOG.BRAS.C/POL.FRU.DELISSE.X16,DÉLISSE,Emb. 2 KG,"3,39€","1,70€ / KG",
Limpa Máquinas Roupa,SKIP,Emb. 0.36 KG,"6,49€","18,03€ / KG",
Água de Colónia com Glicerina e Chá Branco,HENO DE PRAVIA,Emb. 0.78 LT,"5,54€","7,10€ / LT",
Conserva de Grão de Bico Cozido,NOTRE JARDIN,Lata 0.85 KG,"0,99€","1,16€ / KG",
Batata Branca,,1 Unid. = 1 KG (aprox.),"0,89€/kg","0,89€ / Unid.",
GRANOLA CHOCOLATE PRETO E AMENDOAS,GRAINEA,Emb. 0.35 KG,"2,99€","8,54€ / KG",
Lichias em Calda,DOUCEUR DU VERGER,Emb. 0.565 KG,"2,39€","4,23€ / KG",
Bifanas de Porco,,1 Unid. = 0.15 KG (aprox.),"4,89€/kg","0,73€ / Unid.",
MOLHO AGRIDOCE PICANTE,TABLES DU MONDE,Emb. 0.3 KG,"1,85€","6,17€ / KG",
Amendoins Torrados com Sal,TOKAPI,Emb. 0.5 KG,"1,95€","3,90€ / KG",
Hamburguer Big Burger Iglo Vaca C/ Queijo S/Gluten 200 G,,Emb. 0.2,"3,99€","19,95€ /",
Aditivo Máquina Loiça Sal,CALGON,Emb. 1 KG,"1,98€","1,98€ / KG",
Fiambre Peito de Peru Fatiado,NOBRE,Emb. 0.12 KG,"2,68€","22,33€ / KG",
Iogurte Líquido Morango 4x155g,DANONE,Emb. 0.62 KG,"1,39€","2,24€ / KG",
Queijo de Cabra Curado Pasteurizado,PALHAIS,Emb. 0.18 KG,"3,15€","17,50€ / KG",
Barras Hero De Cereais Muesli Avelã 6x25g,HERO,Emb. 0.15 KG,"1,79€","11,93€ / KG",
Bolos com Recheio de Morango Isento de Glúten,CHAQUE JOUR SANS GLUTEN,Emb. 0.21 KG,"3,05€","14,52€ / KG",
Aditivo Líquido Protege Cores e Delicados,SKIP,Emb. 3 LT,"5,04€","1,68€ / LT",
Cominhos Moídos,MARGÃO,Emb. 0.05 KG,"1,48€","29,60€ / KG",
Salsichão Fatiado,EL POZO,Emb. 0.08 KG,"1,94€","24,25€ / KG",
Recarga Ambientador Delicias Verão,AIRWICK,Emb. 0.25 LT,"3,59€","14,36€ / LT",
QUEIJO EDAM LIGHT FATIADO,QUEIJO NA TÁBUA,Emb. 0.15 KG,"1,69€","11,27€ / KG",
Alimento Seco P/ Gato C/ Carne de Vaca,PURINA,Emb. 3 KG,"18,75€","6,25€ / KG",
Sortido de 9 Folhas De Lixa,FOXTER,Emb. 9 UNID.,"1,49€","0,17€ / UNID.",
Detergente Máquina Loiça Pastilhas Clássicas,VISIOR,Emb. 40 UNID.,"2,49€","0,06€ / UNID.",
Corn Flakes Biológicos,,Emb. 0.375 KG,"1,19€","3,17€ / KG",
FEIJAO VERMELHO SACO,NOTRE JARDIN,Emb. 1 KG,"1,89€","1,89€ / KG",
MOLHO SOJA,TABLES DU MONDE,Emb. 0.125 LT,"0,89€","7,12€ / LT",
PORTFOLIO A4 40 BOLSAS,ESQUISSE,Emb. 1 UNID.,"1,10€","1,10€ / UNID.",
Peito de Frango Fatias Finas,CAMPOFRIO,Emb. 0.12 KG,"2,68€","22,33€ / KG",
Polvilho Azedo,GLOBO,Emb. 0.5 KG,"1,99€","3,98€ / KG",
Chá Menta,LIPTON,Emb. 20 SAQ.,"1,20€","0,06€ / SAQ.",
LIXIVIA TRADICIONAL,CLAIR,Emb. 2 LT,"0,89€","0,45€ / LT",
Tâmara Seca S/ Caroço,MARQUE REPERE,Emb. 0.2 KG,"1,29€","6,45€ / KG",
LIMPA LAREIRA/BARBECUE,SILEX,Emb. 0.75 LT,"2,99€","3,99€ / LT",
Preservativos Senso,CONTROL,Emb. 6 UNID.,"3,49€","0,58€ / UNID.",
Nata Levíssima,PARMALAT,Emb. 0.2 LT,"0,95€","4,75€ / LT",
Pizza Fiambre e Queijo Ultracongelado,TURINI,Emb. 0.4 KG,"1,99€","4,98€ / KG",
Bolachas Plain Frutos Silvestres,BELVITA,Emb. 0.3 KG,"1,97€","6,57€ / KG",
Fraldas Bebé Ultra Conforto T6 +16Kg,MOTS D'ENFANTS,Emb. 33 UNID.,"6,99€","0,21€ / UNID.",
Tablete Chocolate Preto Extrafino 74% Cacau Biológico,,Emb. 0.1 KG,"1,59€","15,90€ / KG",
Massa de Alho,RUSTICA,Frasco 0.2 KG,"0,89€","4,45€ / KG",
BLOCO NOTAS ADESIVO 75X75MM 4X100UN,ESQUISSE,Emb. 4 UNID.,"2,99€","0,75€ / UNID.",
Cereais Muesli Cereais Frutos Secos Biológicos,,Emb. 0.375 KG,"2,89€","7,71€ / KG",
"Croquetes Vaca, Legumes e Figado",LYCAT,Emb. 2 KG,"3,99€","2,00€ / KG",
Deo Roll-On Active Protection E Invisible,REXONA,Emb. 0.05 LT,"2,69€","53,80€ / LT",
Gel de Barbear Sensitive,NIVEA MEN,Emb. 0.2 LT,"4,99€","24,95€ / LT",
Escova de Dentes Slim Soft Suave,COLGATE,Emb. 1 UNID.,"3,45€","3,45€ / UNID.",
Café Solúvel Clássico Creme,NESCAFÉ,Frasco 0.1 KG,"3,89€","38,90€ / KG",
SACO ASPIRADOR ROWENTA PWR,ELSAY,Emb. 1 UNID.,"3,49€","3,49€ / UNID.",
Crepes com Cogumelos,CÔTÉ TABLE,Emb. 6 UNID.,"1,69€","0,28€ / UNID.",
Rolo de Cozinha Maxi XXL,RENOVA,Emb. 2 ROLOS,"2,29€","1,15€ / ROLOS",
Whiskey Bourbon 6 Anos,JOHN DAVON'S,Garrafa 0.75 LT,"12,99€","17,32€ / LT",
Açafrão das Índias,MARGÃO,Emb. 0.037 KG,"2,19€","59,19€ / KG",
Conserva de Pickles em Vinagre,RUSTICA,Frasco 0.36 KG,"0,95€","2,64€ / KG",
Salsichas Frankfurt,IZIDORO,Lata 0.25 KG,"1,03€","4,12€ / KG",
BATERIA Nº 16 80/640 80/640 TECH9,TECH9,Emb. 1 UNID.,"99,99€","99,99€ / UNID.",
"CERVEJA HEINEKEN,PACK,24X25CL",HEINEKEN,Emb. 24 UNID.,"12,99€","0,54€ / UNID.",
Cereais de Chocolate,CRUNCH,Emb. 0.375 KG,"2,53€","6,75€ / KG",
Chá de Camomila e Erva Príncipe,LIPTON,Emb. 20 SAQS,"1,94€","0,10€ / SAQS",
Bebida em Pó Sabor Tropical,TANG,Emb. 0.03 KG,"0,85€","28,33€ / KG",
COOKIES COM MEGA PEPITAS CHOCOLATE E AMENDOAS CARAMELIZADAS,P'TIT DÉLI,Emb. 0.184 KG,"1,49€","8,10€ / KG",
PANNA COTTA FRUITS ROUGE 4X90G,DÉLISSE,Emb. 0.36 KG,"1,99€","5,53€ / KG",
DOSSIER A4 LOMBADA 7CM,ESQUISSE,Emb. 1 UNID.,"1,79€","1,79€ / UNID.",
GALETES DE MILHO C/ COBERTURA DE CHOCOLATE LEITE BIO,,Emb. 0.1 KG,"1,79€","17,90€ / KG",
Bolachas Digestivas Aveia,VIEIRA,Emb. 0.258 KG,"1,69€","6,55€ / KG",
Ervilhas e Cenouras Muito Finas,NOTRE JARDIN,Emb. 0.4 KG,"1,25€","3,13€ / KG",
VINAGRE CRISTAL SIDRA 0.5L,CRISTAL,Emb. 0.5 LT,"1,03€","2,06€ / LT",
Papel Higiénico 2 Folhas Compact,MARQUE REPERE,Emb. 12 UNID.,"4,69€","0,39€ / UNID.",
Recarga Sabonete Líquido Amêndoa,PALMOLIVE,Emb. 0.5 LT,"2,96€","5,92€ / LT",
Snack P/ Gato Sabor do Oceano,FELIX,Emb. 0.2 KG,"3,15€","15,75€ / KG",
Iogurte Magro Déli' light Sabor Baunilha 8x125g,DÉLISSE,Emb. 1 KG,"1,99€","1,99€ / KG",
Refrigerante C/ Gás,COCA COLA,Garrafa 0.5 LT,"1,09€","2,18€ / LT",
Cornetto de Morango 6x90 ml,OLÁ,Emb. 0.54 LT,"3,99€","7,39€ / LT",
Conserva de Azeitona Mista,RUSTICA,Emb. 0.3 KG,"1,89€","6,30€ / KG",
Sumo de Manga,UM BONGO,Emb. 1 LT,"1,38€","1,38€ / LT",
"Néctar Essencial Maça, Banana, Laranja e Ananás 3x110ml",COMPAL,Emb. 0.33 LT,"1,79€","5,42€ / LT",
Café Solúvel C/ Bebida Coco Vegan,NESCAFE GOLD,Emb. 0.09 KG,"3,39€","37,67€ / KG",
SACOS LIXO FECHO FACIL 50L,ELEMBAL,,"4,29€",/ Unid.,
Crackers Salgadas de Sementes Biológicas,,Emb. 0.2 KG,"2,99€","14,95€ / KG",
Croquetes Coelho e Legumes Verdes,TOUS MES AMIS,Emb. 2 KG,"3,99€","2,00€ / KG",
Conserva Cogumelos Laminados,NOTRE JARDIN,Lata 0.355 KG,"1,09€","3,07€ / KG",
Escova Adesivo Têxteis 36 Unid.,MAMISON,Emb. 36 UNID.,"0,99€","0,03€ / UNID.",
PENSOS INCONTINENCIA,CHORYS,Emb. 24 UNID.,"3,68€","0,15€ / UNID.",
COLA GEL 30ML 2UN,ESQUISSE,Emb. 2 UNID.,"2,69€","1,35€ / UNID.",
Chocolate Choco Waffel Leite,MILKA,Emb. 0.18 KG,"2,39€","13,28€ / KG",
Biscoitos Areados e Crocantes de Coco,P'TIT DÉLI,Emb. 0.12 KG,"0,79€","6,58€ / KG",
Bolachas Maria sem Glúten,GULLÓN,Emb. 0.4 KG,"3,59€","8,98€ / KG",
DENIM DEO SPRAY ORIGINAL,DENIM,Emb. 0.15 LT,"2,39€","15,93€ / LT",
Iogurte Natural 8x120g,DANONE,Emb. 0.96 KG,"2,48€","2,58€ / KG",
DUREX Lubrificante Play Efeito Calor,DUREX,Emb. 0.05 LT,"7,49€","149,80€ / LT",
Iogurte Bifidus Líquido Frutos Silvestres 4 Unid.,DANONE,Emb. 0.62 KG,"1,99€","3,21€ / KG",
Barras de Cereais Special Chocolate,KELLOGG'S,Emb. 0.132 KG,"3,45€","26,14€ / KG",
Café Cápsulas Classic,PLANTATION,Emb. 36 CAPS.,"2,79€","0,08€ / CAPS.",
PALETTE 4.6 CASTANHO MARRON,PALETTE,Emb. 1 UNID.,"4,79€","4,79€ / UNID.",
Conserva de Mini Salsichas Cocktail,NOBRE,Lata 0.18 KG,"1,39€","7,72€ / KG",
Conjunto Lápis de Cor,ESQUISSE,,"4,99€",/ Unid.,
Vinho Branco Meio Seco,LEZÍRIA,Garrafa 0.75 LT,"1,59€","2,12€ / LT",
Bolachas Ricanela +100g,CUÉTARA,Emb. 0.4 KG,"1,99€","4,98€ / KG",
Pudim Flan Caramelo 4x100g,ECO+,Emb. 0.4 KG,"0,74€","1,85€ / KG",
Red Fish Médio Congelado,,1 Unid. = 0.3 KG (aprox.),"3,99€/kg","1,20€ / Unid.",
Leite Achocolatado Light 6x250ml,UCAL,Emb. 1.5 LT,"4,45€","2,97€ / LT",
Pantene Perfect Volume Laca 300ml,PANTENE PV,Spray 0.3 LT,"3,74€","12,47€ / LT",
IOGURTE BIFIDUS NATURAL,DÉLISSE,Emb. 1.5 KG,"2,45€","1,63€ / KG",
Hamburguer Ultracongelado 100% de Vaca Ultracongelado,CHANTEGRIL,Emb. 1 KG,"10,29€","10,29€ / KG",
Salpicão de Trancoso,SNR,Emb. 0.275 KG,"4,19€","15,24€ / KG",
Azeite,3 CASTELOS,Garrafa 1 LT,"5,14€","5,14€ / LT",
DETERGENTE EM PO FRESCURA P/ROUPA 10D,EPSIL,,"1,59€",/ Unid.,
Chá de Frutos Silvestres,LIPTON,Emb. 20 SAQ.,"1,74€","0,09€ / SAQ.",
Elixir Frescura Duradoura,ORAL B,Emb. 0.5 LT,"4,19€","8,38€ / LT",
KIT Escova De Dentes+Dentífrico+Copo 2-6 Anos Verde,PETIT DENTAMYL,Emb.1 1 UNID.,"2,99€","2,99€ / UNID.",
Papel Higiénico Cuidado Completo Original 3 em 1,SCOTTEX,Emb. 16 UNID.,"4,49€","0,28€ / UNID.",
Tablete Milka Leite,MILKA,Emb. 0.1 KG,"1,40€","14,00€ / KG",
Recarga Mopa 20 Panos,SWIFFER,Emb. 1 P,"3,95€","3,95€ / P",
Pão de Forma sem Côdea 9 Cereais,PANRICO,Emb. 0.48 KG,"2,37€","4,94€ / KG",
Palmiers Folhados,P'TIT DÉLI,Emb. 0.23 KG,"1,49€","6,48€ / KG",
Amaciador de Roupa Azul,COMFORT,Emb. 4 LT,"4,49€","1,12€ / LT",
BOLA FUTSAL ESPUMA,WOODSUN,Emb. 1 UNID.,"4,99€","4,99€ / UNID.",
Alimento Completo Mistura para Caturras,INTERNUTRI,Emb. 1 KG,"1,60€","1,60€ / KG",
PENSOS DIARIOS U. FINOS 30UN,DOULYS,,"0,89€",/ Unid.,
Tablete Chocolate Culinária,NESTLÉ,Emb. 0.2 KG,"1,39€","6,95€ / KG",
Cápsula e pastilha de café DGC ESPRESSO INTENSO 16UN,LAVAZZA,Emb. 16 UNID.,"4,49€","0,28€ / UNID.",
CREME DE VINAGRE,RUSTICA,Emb. 0.025 CL,"1,59€","63,60€ / CL",
Tablete de Chocolate de Leite Biológica,,Emb. 0.1 KG,"1,49€","14,90€ / KG",
Queijo Fresco Magro 0% Gordura Pack 3,MATINAL,Emb. 0.216 KG,"2,19€","10,14€ / KG",
Vinho Tinto do Douro Reserva,CADÃO,Emb. 0.75 LT,"4,99€","6,65€ / LT",
Bolachas com Pepitas Chocolate sem Açúcar,DIET NATURE,Emb. 0.125 KG,"2,29€","18,32€ / KG",
Cápsulas Café Ristretto Barista Intensidade 9,DOLCE GUSTO,Emb. 16 CAPS.,"4,79€","0,30€ / CAPS.",
Pá Lixo,SILLAGE,Emb. 1 UNID.,"1,50€","1,50€ / UNID.",
Vinho Regional Dão Tinto Seleção,QUINTA DE CABRIZ,Garrafa 0.75 LT,"4,45€","5,93€ / LT",
Pantene Anticaspa Champô,PANTENE PV,Emb. 0.25 LT,"3,75€","15,00€ / LT",
Esparguete,ECO+,Emb. 0.5 KG,"0,79€","1,58€ / KG",
Ervilhas e Cenouras Extra Finas,NOTRE JARDIN,Emb. 0.8 KG,"2,15€","2,69€ / KG",
Abóbora Embalada,,1 Unid. = 0.3 KG (aprox.),"1,15€/kg","0,35€ / Unid.",
Sidra com Álcool de Maça 15x20cl,SOMERSBY,Emb. 3 LT,"9,94€","3,31€ / LT",
QUEIJO FLAMENGO FATIADO,QUEIJO NA TÁBUA,Emb. 0.5 KG,"3,79€","7,58€ / KG",
Pimento Verde,,1 Unid. = 0.19 KG (aprox.),"1,69€/kg","0,32€ / Unid.",
"CANETA PRETO 0,7MM",ESQUISSE,Emb. 4 UNID.,"1,59€","0,40€ / UNID.",
Papel Higiénico 4 Folhas,RENOVA,Emb. 9 ROLOS,"5,29€","0,59€ / ROLOS",
Tortilha Batata e Cebola,TABLES DU MONDE,Emb. 0.5 KG,"2,69€","5,38€ / KG",
Caderno Capa Preta Pautado A4 60p,ESQUISSE,,"0,99€",/ Unid.,
AUSONIA ORG COTTON NORMAL ABAS,AUSONIA,Emb. 12 UNID.,"2,54€","0,21€ / UNID.",
Tomate com Rama,,1 Unid. = 0.2 KG (aprox.),"1,69€/kg","0,34€ / Unid.",
Refrigerante C/ Gás S/ Cafeína Pack 6,COCA COLA,Emb. 1.98 LT,"4,30€","2,17€ / LT",
TOALHITAS P/ADULTOS X64,CHORYS,Emb. 64 UNID.,"2,99€","0,05€ / UNID.",
Queijo Fresco Meio Gordo Médio,SANTIAGO,Emb. 0.2 KG,"1,39€","6,95€ / KG",
Fiambre da Pá,,1 Unid. = 0.12 KG (aprox.),"5,95€/kg","0,71€ / Unid.",
Chocolate Nestlé,AFTER EIGHT,Emb. 0.2 KG,"2,34€","11,70€ / KG",
"ATUM FILETE AZEITE BIO, 120G",TENÓRIO,Emb. 0.12 KG,"2,29€","19,08€ / KG",
Chourição,CHARCUTARIA,1 Unid. = 0.1 KG (aprox.),"7,99€/kg","0,80€ / Unid.",
Queijo Flamengo S/ Lactose Fatias,PAIVA,Emb. 0.15 Kg,"1,65€","11,00€ / Kg",
Pastéis de Bacalhau,,Emb. 12 KG,"1,99€","0,17€ / KG",
LENCOS FACIAIS 3F DECORADO,CARESSE,Emb. 70 UNID.,"1,19€","0,02€ / UNID.",
Penso Incontinência Discreet Extra,AUSONIA,Emb. 20 UNID.,"5,93€","0,30€ / UNID.",
Toalhitas Peles Sensiveis,CHICCO,Emb. 72 UNID.,"1,49€","0,02€ / UNID.",
BB CREAM 5EM1 MEDIO 50ML,INELL,Emb. 0.05,"3,49€","69,80€ /",
FILETE ATUM EM ESCABECHE 120 GR,TENÓRIO,Emb. 0.12 KG,"2,29€","19,08€ / KG",
Salsicha Branca com Porto 3x125g,TRADILÈGE,Emb. 0.375 KG,"3,35€","8,93€ / KG",
Alimento Seco P/ Cão Mini Menu Vaca,PURINA FRISKIES,Emb. 1.5 KG,"4,49€","2,99€ / KG",
Vinho Verde Branco Salvé,SALVE,Garrafa 0.75 LT,"1,79€","2,39€ / LT",
Óleo para Todos Tipos de Cabelo,ULTRA SUAVE,Emb. 0.15 LT,"8,48€","56,53€ / LT",
Cápsulas Café Ristretto Napoli,DOLCE GUSTO,Emb. 16 CAPS.,"4,79€","0,30€ / CAPS.",
PREPARADO PARA PANQUECAS CONDI 400G,CONDI,Emb. 0.4 KG,"1,99€","4,98€ / KG",
Fraldas Bebé T5 ACTIV+ 11/25 Kg,MOTS D'ENFANTS,Emb. 35 UNID.,"6,99€","0,20€ / UNID.",
Queijo Fatiado Flamengo 2X200 g,TERRA NOSTRA,Emb. 0.4 KG,"4,15€","10,38€ / KG",
NATAS FRESCAS ESPESSAS LIGHT,DÉLISSE,Emb. 0.5 LT,"1,79€","3,58€ / LT",
Alimento Seco P/ Gatos Esterilizados Salmão,PURINA FRISKIES,Emb. 1.5 KG,"5,80€","3,87€ / KG",
Champô Cabelos Pintados,ELVIVE,Emb. 0.25 LT,"3,87€","15,48€ / LT",
RODELAS DE PESCADA,ECO+,Emb. 0.8 KG,"5,80€","7,25€ / KG",
Ossos Prensados 21 Cm,TOUS MES AMIS,Emb. 1 UNID.,"2,48€","2,48€ / UNID.",
Conserva de Grão de Bico,NOTRE JARDIN,Frasco 0.57 KG,"0,69€","1,21€ / KG",
Bolacha Maria sem Açúcar 12 Unid.,,Emb. 0.3 KG,"3,59€","11,97€ / KG",
Conserva Grão Cozido com pouco Sal,FERBAR,Lata 0.42 KG,"0,95€","2,26€ / KG",
Bolachas Digestive Avenacol,CUÉTARA,Emb. 0.3 KG,"2,89€","9,63€ / KG",
Alimento Seco Gato Completo Salmão Legumes,LYCAT,Emb. 0.4 KG,"0,99€","2,48€ / KG",
Amoras,,Emb. 0.125 KG,"2,49€","19,92€ / KG",
SOBREMESA TIRAMISU AVELA,EQUADOR,,"2,59€",/ Unid.,
Alimento Húmido Gato Carne de Vaca,TOUS MES AMIS,Emb. 0.1 KG,"0,55€","5,50€ / KG",
Sumo Laranja S/ Adição Açúcar 6 Unid.,JAFADEN,Emb. 1.2 ML,"1,49€","1,24€ / ML",
Sua Vinha Tetra Pak Branco,SUA VINHA,Emb. 1 LT,"0,98€","0,98€ / LT",
Açúcar Branco Cubos,TÉVA,Emb. 1 KG,"1,49€","1,49€ / KG",
IOGURTE NATURAL BIO,,Emb. 0.5 KG,"0,94€","1,88€ / KG",
Alimento Completo Cereais P/ Canários,TOUS MES AMIS,Emb. 1 KG,"3,29€","3,29€ / KG",
Mil Folhas,,1 Unid. = 0.1 KG,"1,40€","14,00€ / KG",
Refrigerante C/ Gás Uva,FANTA,Garrafa 1.5 LT,"1,00€","0,67€ / LT",
COMPASSO 3PECAS,ESQUISSE,Emb. 1 UNID.,"3,59€","3,59€ / UNID.",
ELIXIR BOCAL,DENTAMYL,Emb. 0.5 LT,"1,29€","2,58€ / LT",
BACALHAU COM ESPINAFRES 350G,CÔTÉ TABLE,Emb. 0.35 KG,"3,19€","9,11€ / KG",
Bolachas com Cobertura Chocolate de Leite,P'TIT DÉLI,Emb. 0.2 KG,"1,29€","6,45€ / KG",
SOBREMESA TIRAMISU AMARETTO,EQUADOR,,"2,59€",/ Unid.,
Lápis para Colorir em Caixa de Metal,ESQUISSE,Emb. 18 UNID.,"4,99€","0,28€ / UNID.",
"AGUA FASTIO S/GAS GO, 50CL",FASTIO,,"0,59€",/ Unid.,
Flor Duche Cinza,SILLAGE,Emb. 1 UNID.,"2,15€","2,15€ / UNID.",
Cápsulas Café Latte Macchiato P/ Dolce Gusto,STARBUCKS,Emb. 12 CAPS.,"4,78€","0,40€ / CAPS.",
Sobremesa de Chocolate 6x70g,DÉLISSE,Emb. 0.42 KG,"1,75€","4,17€ / KG",
CARNE DE GALINHA C/ ARROZ E MOLHO DE NATAS,CÔTÉ TABLE,Emb. 0.3 KG,"1,99€","6,63€ / KG",
Molho Samurai,RUSTICA,Emb. 0.252 KG,"1,35€","5,36€ / KG",
GELADO CAFE,ESKISS,Emb. 1 LT,"2,49€","2,49€ / LT",
Gelado Super Maxi,OLÁ,Emb. 0.39 LT,"2,99€","7,67€ / LT",
Sumo 100% Multifrutos Biológico,,Emb. 1 LT,"2,09€","2,09€ / LT",
FORMAS DE ALUMINIO BAIXO 1L 10UN,ELEMBAL,Emb. 10 UNID.,"2,99€","0,30€ / UNID.",
FEIJÃO PRETO,FERBAR,Emb. 0.5 KG,"1,04€","2,08€ / KG",
Detergente Manual Loiça Ultra Limão,FAIRY,Emb. 0.48 LT,"1,99€","4,15€ / LT",
CAÇAROLA FRITADEIRA INOX COM ASA E CESTO INTERIOR 24CM,ECO+,Emb. 1 UNID.,"13,99€","13,99€ / UNID.",
Tablete Chocolate Preto Culinária,TABLETTE D'OR,Emb. 0.2 KG,"1,65€","8,25€ / KG",
Barras Cereias com Pedaços de Morango Biológicas 6 Unid.,,Emb. 0.125 KG,"1,69€","13,52€ / KG",
Alimento Seco P/ Gato Adulto Frango e Cereais,PURINA ONE,Emb. 0.8 KG,"5,85€","7,31€ / KG",
Vinho Regional Alentejo Branco,ADEGA DE BORBA,Garrafa 0.75 LT,"3,29€","4,39€ / LT",
DETERGENTE MANUAL LOICA MACA 1L,ECO+,Emb. 1 LT,"0,79€","0,79€ / LT",
"""QUENELLES"" DE SALMAO C/ MOLHO CAMARAO",CÔTÉ TABLE,Emb. 0.4 KG,"1,79€","4,48€ / KG",
BLOCO 5 TOMADAS C/ INTERRUPTOR,ECO+,Emb. 1 UNID.,"4,99€","4,99€ / UNID.",
GELADO TRIUM PISTACHIO 4UN,TRIUM,Emb. 4 UNID.,"2,45€","0,61€ / UNID.",
Cereais de Chocolate Biológicos,CHOCAPIC,Emb. 0.33 KG,"2,99€","9,06€ / KG",
Condicionador Nourish & Replenish,TRESEMMÉ,Emb. 0.4 LT,"4,79€","11,98€ / LT",
Chá Verde com Sabor a Hortelã e Lima,LIPTON,Emb. 1 LT,"1,28€","1,28€ / LT",
Ovos Solo XL,SNR,Emb. 24 UNID.,"6,59€","0,27€ / UNID.",
Sobremesa Chocolate Mix'n Croc Color Chocolate 4x120g,DÉLISSE,Emb. 0.48 KG,"1,95€","4,06€ / KG",
Ração Seca Light Frango P/ Cão,FRISKIES,Emb. 3 KG,"11,68€","3,89€ / KG",
Champô Nourish & Replenish com Óleo de Coco e Aloe Vera,TRESEMMÉ,Emb. 0.4 LT,"4,79€","11,98€ / LT",
Café Torrado Moído Lote Descafeínado Moagem Universal Intensidade 8,SICAL,Emb. 0.22 KG,"3,24€","14,73€ / KG",
Chocolate Preto C/ Casca de Laranja Cristalizada,EQUADOR,Emb. 0.1 KG,"1,19€","11,90€ / KG",
Ambientador Vela Anti-Tabaco,,Emb. 2 UNID.,"5,69€","2,85€ / UNID.",
Panos Multiusos Microfibra,MAMISON,Emb. 2 UNID.,"1,99€","1,00€ / UNID.",
Massa Espirais,MILANEZA,Emb. 0.5 KG,"1,19€","2,38€ / KG",
Fralda Cueca T6 +16Kg,MOTS D'ENFANTS,Emb. 18 UNID.,"4,11€","0,23€ / UNID.",
Café Solúvel Qualité Filtre,PLANTATION,Frasco 0.2 KG,"3,99€","19,95€ / KG",
AZEITONAS INTEIRAS PRETAS A GREGA,RUSTICA,Emb. 0.25 KG,"1,29€","5,16€ / KG",
"BL1 LED SPOT 8,2-50W GU5.3",FOXTER,Emb. 1 UNID.,"4,99€","4,99€ / UNID.",
VINHO TINTO REGIONAL LISBOA BIB,COMP DO VINHO,,"6,49€",/ Unid.,
Bagas de Goji,MARQUE REPERE,Emb. 0.125 KG,"2,49€","19,92€ / KG",
Esfregão Salva Unhas Classic Comfort,SCOTCH BRITE,Emb. 2 UNID.,"2,99€","1,50€ / UNID.",
Chocolate Culinária Preto Biológico,,Emb. 0.2 KG,"2,79€","13,95€ / KG",
Café Latte Caramel 8 Unid.,NESCAFÉ,Emb. 0.136 KG,"3,19€","23,46€ / KG",
Chá de Menta e Eucalipto,LIPTON,Emb. 20 SAQS,"1,94€","0,10€ / SAQS",
Gel de Duche Nutritivo,DOVE,Emb. 0.75 LT,"4,79€","6,39€ / LT",
Massa Pontinha Clássica,NACIONAL,Emb. 0.25 KG,"0,69€","2,76€ / KG",
Pérolas de Perfume para Roupa Spring,LENOR,Emb. 0.21 KG,"7,69€","36,62€ / KG",
QUEIJO FRESCO 20% MG,DÉLISSE,Emb. 1 KG,"1,99€","1,99€ / KG",
Salsichão C/ Avelãs,ST AZAY,Emb. 0.25 KG,"2,99€","11,96€ / KG",
Arroz Carolino,COMPTOÍR DU GRAIN,Emb. 1 KG,"0,93€","0,93€ / KG",
Bebida Energética Regular,X-TENSE,Emb. 0.25 LT,"0,49€","1,96€ / LT",
DESODORIZANTE ROLL-ON BIO 50ML,BIONAÏA,Emb. 0.05 LT,"0,99€","19,80€ / LT",
Leite meio gordo sem lactose,GRESSO,Emb. 1 LT,"1,04€","1,04€ / LT",
Pao De Forma Cerealia 14 Cereais,PANRICO,Emb. 0.435 KG,"2,29€","5,26€ / KG",
GELEIA MORANGO 345G,CASA MATEUS,Emb. 0.345 KG,"2,47€","7,16€ / KG",
Triguilho Biológico,,Emb. 0.5 KG,"1,49€","2,98€ / KG",
ÁGUA MICELAR C/ ÁGUA DE ROSAS 400ML,GARNIER,,"7,91€",/ Unid.,
Café Colombia P/ Nespresso Intensidade 7,STARBUCKS,Emb. 10 DOSES,"3,95€","0,40€ / DOSES",
Chá Marrocos Mint & Spices,LIPTON,Emb. 20 SAQ.,"1,94€","0,10€ / SAQ.",
Desodorizante Roll-On Biorythm 48H,REXONA,Emb. 0.05 LT,"2,39€","47,80€ / LT",
Fiambre Peito de Frango,CAMPOFRIO,1 Unid. = 0.1 KG (aprox.),"12,99€/kg","1,30€ / Unid.",
Pensos Diários Slip Normal,AUSONIA,Emb. 40 UNID.,"1,49€","0,04€ / UNID.",
Sementes de Sésamo,MARQUE REPERE,Emb. 0.2 KG,"1,19€","5,95€ / KG",
FIAMBRE PERNA EXTRA LABEL ROUGE 4 FATIAS,TRADILÈGE,Emb. 0.16 KG,"3,09€","19,31€ / KG",
Pão de Forma Especial Torradas sem Côdea,BIMBO,Emb. 0.75 KG,"1,74€","2,32€ / KG",
SOBREMESA STRACCIATTELLA,DÉLISSE,Emb. 0.48 KG,"1,75€","3,65€ / KG",
Pensos Higiénicos Super C/ Abas Eco,UNÍ VERT,Emb. 12 UNID.,"1,45€","0,12€ / UNID.",
Recarga Sabonete Líquido Flores Laranjeira,MANAVA,Emb. 0.25 LT,"0,65€","2,60€ / LT",
Ficha Programadora Diária,ECO+,Emb. 1 UNID.,"4,99€","4,99€ / UNID.",
LOMBO SALMAO ATLANTICO C/ PELE SKIN 4UN,PÊCHE OCÉAN,Emb. 0.5 KG,"10,99€","21,98€ / KG",
"COOKIES DE CHOCOLATE BRANCO, PASSAS E MIRTILOS",P'TIT DÉLI,Emb. 0.2 KG,"1,59€","7,95€ / KG",
Chá Limão e Gengibre,LIPTON,Emb. 20 SAQ.,"1,94€","0,10€ / SAQ.",
Leite Reparador Tesouros de Mel,ULTRA SUAVE,Emb. 0.4 LT,"5,45€","13,63€ / LT",
GALETES DE MILHO C/ SEMENTES DE LINHACA BIO,,Emb. 0.15 KG,"1,29€","8,60€ / KG",
Desodorizante Active Fresh Spray,VASELINE,Emb. 0.25 LT,"2,19€","8,76€ / LT",
Miolo de Amendoim C/ Sal,MARQUE REPERE,Emb. 0.5 KG,"2,99€","5,98€ / KG",
Bolachas de Cacau Recheadas C/ Creme Baunilha,P'TIT DÉLI,Emb. 0.176 KG,"0,99€","5,63€ / KG",
Palitos de La Reine Mousse d´Or,DU BOIS DE LA ROCHE,Emb. 0.2 KG,"2,69€","13,45€ / KG",
Vinho Regional Alentejano Tinto,GALITOS,Garrafa 0.75 LT,"1,99€","2,65€ / LT",
Escova Piaçaba,SILLAGE,Emb. 1 UNID.,"1,50€","1,50€ / UNID.",
LEGUMES SALTEADOS WOK INDIANO,NOTRE JARDIN,Emb. 1 KG,"3,25€","3,25€ / KG",
Água sem Gás 4x1.5 L,FASTIO,Garrafa 6 LT,"2,39€","0,40€ / LT",
Cerveja com Álcool,SUPER BOCK,Garrafa 1 LT,"1,99€","1,99€ / LT",
Vinho Regional Alentejano Branco,LOIOS,Garrafa 0.75 LT,"2,99€","3,99€ / LT",
Destop Turbo Gel,DESTOP,Emb. 1   UNID.,"6,74€","6,74€ /   UNID.",
FILETES DE PESCADA,PÊCHE OCÉAN,Emb. 0.4 KG,"3,49€","8,73€ / KG",
Néctar Light Tropical Cenoura,JAFADEN,Emb. 1 LT,"0,89€","0,89€ / LT",
Amaciador Roupa Concentrado Intense Care Sensitive,COMFORT,Emb. 60 DOSES,"3,99€","0,07€ / DOSES",
BEBIDA SOJA BAUNILHA 3x250ML,ALPRO,Emb. 0.75 LT,"1,79€","2,39€ / LT",
Queijo Fundido para Hamburger 10 Fatias,LES CROISÉS,Emb. 0.2 KG,"1,79€","8,95€ / KG",
Café Delta Em Grão Torrado Chávena,DELTA,Emb. 0.25 KG,"2,29€","9,16€ / KG",
Café Torrado Moído Lote Nyeri Kenya Intensidade 8,SICAL,Emb. 0.22 KG,"3,69€","16,77€ / KG",
MENU COMPLETO PARA HAMSTERS 800G,P'TIT AMI,Emb. 0.8 KG,"1,99€","2,49€ / KG",
Vinho Regional Douro Tons Tinto,DUORUM,Garrafa 0.75 LT,"4,39€","5,85€ / LT",
Detergente para a Máquina da Loiça de Limão,SUN,Emb. 90 DOSES,"12,34€","0,14€ / DOSES",
APARADOR MULTIFUNCOES,ELSAY,Emb. 1 UNID.,"16,90€","16,90€ / UNID.",
Dentífrico Menta Fresca 24H,AQUAFRESH,Emb. 0.075 LT,"2,39€","31,87€ / LT",
FIAMBRE PERNA EXTRA C/ COURATO 4 FATIAS,TRADILÈGE,Emb. 0.16 KG,"2,59€","16,19€ / KG",
Conserva de Tomate Triturado,TURINI,Lata 0.78 KG,"0,89€","1,14€ / KG",
Tablete de Chocolate C/ Amendoim,NESTLÉ,Emb. 0.09 KG,"1,09€","12,11€ / KG",
Açúcar em Pó 100 saquetas,TÉVA,Emb. 0.5 KG,"2,45€","4,90€ / KG",
Corn Flakes Açucarados,,Emb. 0.75 KG,"2,45€","3,27€ / KG",
Cerveja sem Álcool 6x33CL,SUPER BOCK,Emb. 1.98 LT,"4,49€","2,27€ / LT",
Champô Anti-Caspa Eficácia Ativa 2 em 1 para Todos os Tipos de Cabelo,LINIC,Emb. 0.36 LT,"4,94€","13,72€ / LT",
"LASANHA A BOLONHESA COM AZEITE VIRGEM EXTRA (1,7%)",CÔTÉ TABLE,Emb. 0.35 KG,"2,19€","6,26€ / KG",
Detergente Manual Roupa,OMO,Emb. 0.54 KG,"1,99€","3,69€ / KG",
Azeite Virgem Extra Reserva,GALLO,Garrafa 0.75 LT,"4,79€","6,39€ / LT",
Barra de Cereais com Chocolate Preto e Amendoim,ECO+,Emb. 6 UNID.,"1,09€","0,18€ / UNID.",
Iogurte Bifidus Líquido Lima Limão 0% 4 Unid.,DANONE,Emb. 0.62 KG,"1,99€","3,21€ / KG",
Cereais Special K Frutos Vermelhos,KELLOGG'S,Emb. 0.3 KG,"2,59€","8,63€ / KG",
Café Cápsulas Qonvictus Intensidade 5,DELTA,Emb. 10 CAPS.,"2,99€","0,30€ / CAPS.",
Tiras Limpiadoras Purificantes,NIVEA,Emb. 6 P,"6,49€","1,08€ / P",
Moscatel,FAVAIOS,Garrafa 0.75 LT,"5,59€","7,45€ / LT",
Barras Cereais Crunchy Caramel 6 Unid.,,Emb. 0.141 KG,"2,33€","16,52€ / KG",
ESCOVA P/LOICA REDONDA C/CABO,SILLAGE,Emb. 1 UNID.,"1,20€","1,20€ / UNID.",
SALSA E ALHO PICADO,RUSTICA,Emb. 0.25 KG,"2,45€","9,80€ / KG",
Vinho Regional Bairrada Tinto,MARQUES DE MARIALVA,Garrafa 0.75 LT,"7,99€","10,65€ / LT",
Batatas Fritas Artesanais,POM'LISSE,Emb. 0.18 KG,"0,99€","5,50€ / KG",
Drageias Chocolate Tubo Tripack,PINTAROLAS,Emb. 0.066 KG,"1,29€","19,55€ / KG",
Sobremesa de Soja Chocolate 4 Unid.,NAT&VIE,Emb. 0.4 KG,"1,49€","3,73€ / KG",
"Mini Gelados de Chocolate Classic, Amêndoa e Branco Pack 10",MAGNUM,Emb. 0.55 LT,"6,79€","12,35€ / LT",
Amêndoa em Pó,TABLIER BLANC,Emb. 0.125 KG,"2,19€","17,52€ / KG",
"BL1 LED FILA ESFERA R 2,1W-25W E27",FOXTER,Emb. 1 UNID.,"2,99€","2,99€ / UNID.",
"AMBIENTADOR MECHA ""LAVANDA"" 375ML",BIEN AIR,Emb. 0.375 LT,"1,55€","4,13€ / LT",
Brioche Pep Choco,EPI D'OR,Emb. 0.5 KG,"2,89€","5,78€ / KG",
CROQUETES GATINHO PREMIUM 450G LYCAT,PLENIMA,Emb. 0.45 KG,"1,59€","3,53€ / KG",
CABO USB/COMPATIVEL LIGHTNING 2M BRANCO nylon,LINKSTER,Emb. 1 UNID.,"16,99€","16,99€ / UNID.",
Queijo Curado Fatiado S/ Lactose,CASTELÕES,Emb. 0.15 KG,"2,79€","18,60€ / KG",
"Bolachas gérmen de Trigo, Soja e Figo",NAT&VIE,Emb. 0.2 KG,"1,69€","8,45€ / KG",
Infusão de Frutos Vermelhos,LIPTON,Emb. 0.032 KG,"0,90€","28,13€ / KG",
Vinho Tinto do Douro Reserva,ALTANO,Emb. 0.75 LT,"15,08€","20,11€ / LT",
Esponjas Vegetais,ECO+,Emb. 2 UNID.,"0,69€","0,35€ / UNID.",
Cereais Chocolate,NESTUM,Emb. 0.25 KG,"1,99€","7,96€ / KG",
Barras de Cereais de Chocolate C/ Leite 6 Unid.,CHOCAPIC,Emb. 0.15 KG,"2,79€","18,60€ / KG",
Halls Vita C sem Açúcar Cítricos,HALLS,Emb. 0.032 KG,"0,79€","24,69€ / KG",
FRESHMATIC COM RECARGA PURE FLOR DE CEREJEIRA,AIRWICK,Emb. 1 UNID.,"7,19€","7,19€ / UNID.",
Miolo de Amêndoa S/ Pele,MARQUE REPERE,Emb. 0.225 KG,"3,59€","15,96€ / KG",
Massa Entrefina,,Emb. 0.5 KG,"0,69€","1,38€ / KG",
Amêndoa Laminada,TABLIER BLANC,Emb. 0.125 KG,"2,39€","19,12€ / KG",
Tenaz Barbecue,BEAUX JOURS,Emb. 1 UNID.,"5,99€","5,99€ / UNID.",
Alimento P/ Húmido Gato Seleção de Mousses,FRISKIES,Emb. 0.68 KG,"5,48€","8,06€ / KG",
Madalenas Longas Recheadas com Chocolate 8 Unidades,P'TIT DÉLI,Emb. 0.24 KG,"2,19€","9,13€ / KG",
PUDIM +PROTEINA CARAMELO,EHRMANN,Emb. 0.2 KG,"1,79€","8,95€ / KG",
PIZZA BOLOGNA TURINI,TURINI,Emb. 0.4 KG,"2,05€","5,13€ / KG",
Alimento Húmido P/ Gato Diamante Frango,PURINA,Emb. 0.09 KG,"0,98€","10,89€ / KG",
PENSOS INCONTINENCIA ANATOMICOS X 20 + 2 CUECAS DE MALHA,CHORYS,Emb. 20 UNID.,"8,49€","0,42€ / UNID.",
Sabonete Líquido Nutritivo Recarga,PALMOLIVE,Emb. 0.3 LT,"2,49€","8,30€ / LT",
Vinho Regional Península de Setúbal Tinto,DONA ERMELINDA,Garrafa 0.75 LT,"8,84€","11,79€ / LT",
Champô Seco Fresh&Clean,TRESEMMÉ,Emb. 0.25 LT,"5,39€","21,56€ / LT",
Difusor Elétrico 3 Volution + Recarga Japan Tatami,AMBIPUR,Emb. 2 UNID.,"6,99€","3,50€ / UNID.",
Massa Espirais Tricolores,MILANEZA,Emb. 0.5 KG,"1,89€","3,78€ / KG",
BOLACHAS C/ PEPITAS CHOC PRETO E QUINOA BIO,,Emb. 0.16 KG,"1,89€","11,81€ / KG",
Cachaço com Osso Porco,,1 Unid. = 0.5 KG (aprox.),"3,99€/kg","2,00€ / Unid.",
Vinagre Vinho Branco,GALLO,Garrafa 0.25 LT,"1,09€","4,36€ / LT",
BEBIDA AMENDOA S/ACUCAR,ALPRO,Emb. 1 LT,"2,19€","2,19€ / LT",
Nuggets Grelhadinhos 8 Unid.,CAPITÃO IGLO,Emb. 0.204 KG,"5,99€","29,36€ / KG",
PALETTE 8.2 LOURO BEGE,PALETTE,Emb. 1 UNID.,"4,79€","4,79€ / UNID.",
Manjericão,RUSTICA,Frasco 0.012 KG,"0,79€","65,83€ / KG",
TERRA SEMENTEIRA E ESTAQUIA BIO 20L,BEAUX JOURS,Emb. 20 LT,"2,99€","0,15€ / LT",
A+ARIEL OPTIMAL LIQ 4X2.8L/56SC/PT,A+,,"8,99€",/ Unid.,
Panaché,FALSBOURG,Lata 2.5 LT,"2,99€","1,20€ / LT",
Snacks Tex-Mex,DORITOS,Emb. 0.12 KG,"1,38€","11,50€ / KG",
Carapau Médio,,1 Unid. = 0.28 KG (aprox.),"2,49€/kg","0,70€ / Unid.",
Doseador Delicious Sweet Taste,CANDEREL,Emb. 1 P,"1,49€","1,49€ / P",
Queijo Amanteigado de Lamego,PAIVA,1 Unid. = 0.7 KG (aprox.),"8,95€/kg","6,27€ / Unid.",
MASCARA CABELOS ARGAO/JASMIM ING.NATURAIS 300ML,NATEIS,Emb. 0.3 LT,"1,34€","4,47€ / LT",
ESTENDAL HORIZONTAL SEMI-AUTOMATICO,HOMESIDE,Emb. 1 UNID.,"35,99€","35,99€ / UNID.",
SABONETE VEGETAL C/LEITE DE BURRA BIO,BIONAÏA,Emb. 0.1 KG,"1,55€","15,50€ / KG",
"CARREGADOR ISQUEIRO 2,4A + CABO USB/USB C 1M BRANCO",LINKSTER,Emb. 1 UNID.,"9,99€","9,99€ / UNID.",
MÁQUINA BARBEAR DESCARTAVEIS 2 LAMINAS,CARRÉ HOMME,Emb. 10 UNID.,"1,95€","0,20€ / UNID.",
Azeite Virgem Extra Dop,ROSMANINHO,Garrafão 5 LT,"24,79€","4,96€ / LT",
GUACAMOLE,PIC'EXPRESS,Emb. 0.2 KG,"2,49€","12,45€ / KG",
LENCOS FACIAIS 3F ECO,UNÍ VERT,Emb. 100 UNID.,"1,49€","0,01€ / UNID.",
Bolachas de Manteiga em Saquetas 12x3Unid.,P'TIT DÉLI,Emb. 0.3 KG,"2,45€","8,17€ / KG",
Sangria,FESTALIE,Emb. 3 LT,"4,99€","1,66€ / LT",
Caldo de Legumes,KNORR,Emb. 0.088 KG,"1,39€","15,80€ / KG",
MOSTARDA A L\'ANCIENNE,RUSTICA,Emb. 0.35 KG,"1,69€","4,83€ / KG",
PURE MACA/ALPERCE SEM ADICAO ACUCAR BIO +4M,,Emb. 0.4 KG,"2,09€","5,23€ / KG",
Nata com 3 Queijos,PARMALAT,Emb. 0.2 LT,"0,99€","4,95€ / LT",
Bolo Cake e Choc,MILKA,Emb. 0.175 KG,"2,35€","13,43€ / KG",
Sobremesa Láctea Natural,IOGOLINO,Emb. 4 UNID.,"2,34€","0,59€ / UNID.",
Paio York,IZIDORO,1 Unid. = 0.1 KG (aprox.),"10,98€/kg","1,10€ / Unid.",
Vinho do Porto Velhotes White,CALEM,Garrafa 0.75 LT,"4,99€","6,65€ / LT",
Espumante Reserva Doce,RAPOSEIRA,Garrafa 0.75 LT,"6,89€","9,19€ / LT",
CONE COCO 6UN,TRIUM,Emb. 6 UNID.,"2,49€","0,42€ / UNID.",
Tablete de Chocolate com Avelãs 3x100g,TABLETTE D'OR,Emb. 0.3 KG,"2,89€","9,63€ / KG",
Absorvente Gato,TOUS MES AMIS,Emb. 10 LT,"4,59€","0,46€ / LT",
Ovos Solo L,SNR,Emb. 24 UNID.,"5,29€","0,22€ / UNID.",
Iogurte Líquido DanUp Melão Melancia 4x155g,DANONE,Emb. 0.62 KG,"1,69€","2,73€ / KG",
Alimento Seco P/ Cão S/ Cereais Frango,BEYOND,Emb. 7 KG,"29,90€","4,27€ / KG",
Muesli C/ Nozes,GRAINEA,Emb. 0.5 KG,"2,89€","5,78€ / KG",
KETCHUP (BAIXO TEOR DE ACUCAR),RUSTICA,Emb. 0.535 KG,"1,08€","2,02€ / KG",
ALIMENT BEBE: ESPARGUETE BOLONHESA BIO 12M,BIO VILLAGE BEBE,Emb. 0.23 KG,"1,99€","8,65€ / KG",
CARVAO VEGETAL 3KG MARCA GUIA,,Emb. 3 KG,"3,79€","1,26€ / KG",
GELADO MENTA C/ PEDACOS CHOCOLATE,ESKISS,Emb. 1 LT,"1,99€","1,99€ / LT",
BALDE PLASTICO REDONDO 12L + ESPREMEDOR,,Emb. 1 UNID.,"3,19€","3,19€ / UNID.",
Pepino,,1 Unid. = 0.37 KG (aprox.),"1,39€/kg","0,51€ / Unid.",
SPRAY IMPERMEABILIZANTE INCOLOR 250ML,LA VACHETTE,Emb. 0.25 LT,"1,99€","7,96€ / LT",
Favas Fritas C/ Sal,MARQUE REPERE,Emb. 0.2 KG,"1,32€","6,60€ / KG",
Rolo Cozinha Compacto,MARQUE REPERE,Emb. 2 UNID.,"1,19€","0,60€ / UNID.",
ALIMENTO HUMIDO COELHO/RIM/BORREGO/PATO/SALMAO 4X85G,LYCAT,Emb. 0.34 KG,"1,99€","5,85€ / KG",
Bife Rabadilha de Novilho,,1 Unid. = 0.25 KG (aprox.),"10,99€/kg","2,75€ / Unid.",
Bombay Dry Gin Original,BOMBAY,Garrafa 0.7 LT,"15,49€","22,13€ / LT",
Desodorizante Vaporizador Heartbeat,B.U.,Emb. 0.15 LT,"3,09€","20,60€ / LT",
TARTE DE CHOCOLATE,P'TIT DÉLI,Emb. 0.3 KG,"2,99€","9,97€ / KG",
Biscoitos Multi Cereais,P'TIT DÉLI,Emb. 0.4 KG,"2,09€","5,23€ / KG",
Espumante Reserva Tinto Bruto,ALIANÇA,Garrafa 0.75 LT,"5,99€","7,99€ / LT",
Queijo de Ovelha Curado,QUEIJO DE NISA,Emb. 0.3 KG,"6,75€","22,50€ / KG",
Massa Laços,MILANEZA,Emb. 0.5 KG,"1,69€","3,38€ / KG",
Lenços de Bolso 18+6 Unid.,RENOVA,Emb. 24 UNID.,"2,98€","0,12€ / UNID.",
CREME SABOR CARAMELO,DÉLISSE,Emb. 0.4 KG,"2,39€","5,98€ / KG",
Desinfectante de Roupa,SKIP,Emb. 1.2 LT,"4,99€","4,16€ / LT",
Creme Alpro Soja Culinária 250ml,ALPRO,,"1,55€",/ Unid.,
CONES DE MILHO,TOKAPI,Emb. 0.085 KG,"0,84€","9,88€ / KG",
BOLA FUTEBOL PREMIUM T5,WOODSUN,Emb. 1 UNID.,"6,90€","6,90€ / UNID.",
Vinho Regional Península de Setúbal Tinto,SERRAS DE AZEITÃO,Garrafa 0.75 LT,"2,64€","3,52€ / LT",
BALDE DE AZEITONAS VERDES,RUSTICA,Emb. 3.5 KG,"6,99€","2,00€ / KG",
Whisky Blended,SHIP CHANDLER,Emb. 0.07 L,"7,99€","114,14€ / L",
Néctar Vital Equilíbrio Manga Laranja,COMPAL,Emb. 0.33 LT,"0,79€","2,39€ / LT",
Salsichão de Cervelas de Porco,TRADILÈGE,Emb. 0.3 KG,"2,49€","8,30€ / KG",
Tostas com Baixo teor de Sal 36Unid.,EPI D'OR,Emb. 0.3 KG,"1,29€","4,30€ / KG",
Antitranspirante Maximum Protection Confidence,REXONA,Emb. 0.045 LT,"4,79€","106,44€ / LT",
Elixir Cool Mint,SENSODYNE,Emb. 0.5 LT,"6,69€","13,38€ / LT",
GOMAS TIJOLOS BRANCOS,COPAÍNS COPINES,Emb. 0.2,"0,99€","4,95€ /",
Desodorizante Deo Invisible,DOVE,Emb. 0.05 LT,"2,69€","53,80€ / LT",
Massa Cotovelinhos,TURINI,Emb. 0.5 KG,"0,89€","1,78€ / KG",
Bolachas com Creme Nocilla e Cereais,CUÉTARA,Emb. 0.175 KG,"2,14€","12,23€ / KG",
Vinho Tinto,M.J.FREITAS,Bag in Box 5 LT,"7,99€","1,60€ / LT",
Esfregão Salva Unhas Comfort,SCOTCH BRITE,Emb. 2 UNID.,"2,15€","1,08€ / UNID.",
Refrigerante C/ Gás Laranja S/ Adição Açúcar,FANTA,Garrafa 1.5 LT,"1,00€","0,67€ / LT",
MINI CANETA CORRETORA 3UN,ESQUISSE,Emb. 3 UNID.,"2,99€","1,00€ / UNID.",
Desodorizante Dove Roll-On Fresh Touch,DOVE,Emb. 0.05 LT,"2,69€","53,80€ / LT",
LUVAS ROSEIRAS L ROSA,BEAUX JOURS,Emb. 1 UNID.,"1,59€","1,59€ / UNID.",
Mirtilo,,Emb. 0.125 KG,"1,99€","15,92€ / KG",
Peixe Espada Preto Posta,,1 Unid. = 0.27 KG (aprox.),"8,59€/kg","2,32€ / Unid.",
MOLHO DE TOMATE PROVENCAL,TURINI,Emb. 0.19 KG,"0,89€","4,68€ / KG",
Creme Fixativo para Próteses Dentárias,POLIDENT,Emb. 0.04 KG,"6,65€","166,25€ / KG",
Croissant Maxi Creme Sabor a Baunilha,CHIPICAO,Emb. 0.08 KG,"2,29€","28,63€ / KG",
Creme de Pentear Hidra Caracóis,FRUCTIS,Emb. 0.2 LT,"4,99€","24,95€ / LT",
Chá de Hortelã Pimenta e Poejo,,Emb. 25 SAQ.,"0,79€","0,03€ / SAQ.",
APERITIVO SABOR A AMENDOIM,TOKAPI,Emb. 0.16 KG,"1,19€","7,44€ / KG",
Bolachas Duplo Creme,OREO,Emb. 0.185 KG,"1,49€","8,05€ / KG",
Vinho Rosé,COMP DO VINHO,Garrafa 0.75 LT,"2,19€","2,92€ / LT",
CREME DE OVOS SABOR CARAMELO,DÉLISSE,Emb. 0.4 KG,"2,19€","5,48€ / KG",
Bolachas Recheadas Creme de Chocolate,,Emb. 0.24 KG,"0,99€","4,13€ / KG",
Alimento Húmido P/ Gato Frango e Cenoura,GOURMET GOLD,Emb. 0.085 KG,"0,74€","8,71€ / KG",
Toalhitas Viagem,MOTS D'ENFANTS,Emb. 24 UNID.,"0,43€","0,02€ / UNID.",
Chave Inglesa 200Mm,FOXTER,Emb. 1 UNID.,"6,99€","6,99€ / UNID.",
GEL ALOE VERA BIO 200ML,BIONAÏA,Emb. 0.2 LT,"2,99€","14,95€ / LT",
Lava Tudo Brilhante Universal,SONASOL,Emb. 1.1 LT,"2,79€","2,54€ / LT",
"MINAS P/LAPISEIRA HB 0,5MM 2UN",ESQUISSE,Emb. 2 UNID.,"0,99€","0,50€ / UNID.",
COLORACAO PRETO 1.0 1UN VITANOVE,VITANOVE,Emb. 1,"3,89€","3,89€ /",
"Gelados Bombons de Chocolate Classic, de Amêndoas e de Branco Pack 12",MAGNUM,Emb. 0.14 LT,"4,99€","35,64€ / LT",
GUARDANAPOS RED LABEL 1F RED,GUARDANAPOS RENOVA,Emb. 70 UNID.,"0,88€","0,01€ / UNID.",
Creme Repara & Cuida Intensivo para Pele Extra Seca,NIVEA BODY,Emb. 0.3 LT,"6,89€","22,97€ / LT",
Café Solúvel C/ Bebida Amêndoa Vegan,NESCAFE GOLD,Emb. 0.096 KG,"3,39€","35,31€ / KG",
Gelado Coco Choco Parfait Les Dessertss,CARTE D'OR,Emb. 0.9 LT,"3,29€","3,66€ / LT",
PENSOS DIARIOS LONGOS,CHORYS,Emb. 24 UNID.,"1,59€","0,07€ / UNID.",
SUN Tabs Classic Limão,,Emb. 32 DOSES,"3,49€","0,11€ / DOSES",
Conserva de Polvo com Alho,PITEU,Emb. 0.12 KG,"1,89€","15,75€ / KG",
Vela Fragrância de Baunilha,AIR WICK,Emb. 0.32 KG,"2,84€","8,88€ / KG",
Salsichas Estrasburgo 10 Unid.,TRADILÈGE,Emb. 0.35 KG,"1,99€","5,69€ / KG",
Refrigerante sem Gás Maçã,JOI,Garrafa 1.5 LT,"1,04€","0,69€ / LT",
CAFE EQUILIBRIO PASTILHAS BIO 18UN,,Emb. 0.125 KG,"1,99€","15,92€ / KG",
Tablete Chocolate 70% Cacau Culinária,PANTAGRUEL,Emb. 0.2 KG,"2,99€","14,95€ / KG",
Café Cápsulas Cioccolato,PLANTATION,Emb. 16 CAPS.,"2,44€","0,15€ / CAPS.",
Pizza 4 Queijos,CAMPOFRIO,Emb. 0.365 KG,"3,39€","9,29€ / KG",
Spray Elimina Odores de Roupa Extra,FEBREZE,Emb. 0.5 LT,"3,99€","7,98€ / LT",
Filetes Harengs Fumés,RONDE DES MERS,Emb. 0.2 KG,"2,49€","12,45€ / KG",
Desodorizante Roll-on Dermacare,VASELINE,Emb. 0.05 LT,"2,09€","41,80€ / LT",
Fraldas Incontinência com Elásticos Médio,LINDOR,Emb. 20 UNID.,"11,98€","0,60€ / UNID.",
Esferográficas de Cores sortidas,ESQUISSE,Emb. 10 UNID.,"2,69€","0,27€ / UNID.",
Licor Bailey´s,BAILEY'S,Garrafa 0.7 LT,"13,59€","19,41€ / LT",
Massa Vinha D\'Alho,RUSTICA,Frasco 0.2 KG,"0,89€","4,45€ / KG",
Queijo de Vaca Light,PAIVA,1 Unid. = 2 KG (aprox.),"8,99€/kg","17,98€ / Unid.",
Perninha de Peru,,1 Unid. = 0.86 KG (aprox.),"2,69€/kg","2,31€ / Unid.",
CONCHAS DE VIEIRA 4UN,CÔTÉ TABLE,Emb. 0.36 KG,"5,15€","14,31€ / KG",
Mousse Caramelo 4 Unid.,DÉLISSE,Emb. 0.24 KG,"1,85€","7,71€ / KG",
Tempero em Pó de Galinha,KNORR,Emb. 0.135 KG,"2,59€","19,19€ / KG",
CERA CREME CASTANHA 75ML,LA VACHETTE,Emb. 0.075 LT,"2,15€","28,67€ / LT",
Cápsulas Café Verona P/ Nespresso,STARBUCKS,Emb. 10 CAPS.,"3,95€","0,40€ / CAPS.",
AMBIENTADOR FRESHMATIC COM RECARGA LIFE SCENTS OÁSIS TURQUESA,AIRWICK,Emb. 1 UNID.,"7,19€","7,19€ / UNID.",
Gel de Banho,DOVE,Emb. 0.5 LT,"2,49€","4,98€ / LT",
Tiras de Bacon Fumados Superior 2x100g,ECO+,Emb. 0.2 KG,"1,49€","7,45€ / KG",
Gomas Trio Açucar,COPAÍNS COPINES,Emb. 0.2 KG,"0,99€","4,95€ / KG",
Massa Cotovelos Fino,MILANEZA,Emb. 0.5 KG,"1,19€","2,38€ / KG",
Ração para cão c/ Frango e Arroz,ULTIMA,Emb. 7.5 KG,"32,90€","4,39€ / KG",
Iogurte Líquido Sabor Framboesa 6x180g,DÉLISSE,Emb. 1.08 KG,"1,99€","1,84€ / KG",
Pantene Caracóis Perfeitos Champô,PANTENE PV,Emb. 0.25 LT,"3,75€","15,00€ / LT",
"APARAFUSADORA SEM FIO 3,6V",FOXTER,Emb. 1 UNID.,"22,90€","22,90€ / UNID.",
Sabonete Líquido Recarga Especial Cozinha,MANAVA,Emb. 0.25 LT,"0,65€","2,60€ / LT",
Ratatoille Cozinhado Ultracongelado,,Emb. 0.6 KG,"3,29€","5,48€ / KG",
Pantene Espuma Cabelo ondulado 200ml,PANTENE PV,Emb. 0.2 LT,"3,74€","18,70€ / LT",
Colheres Madeira Biodegradável,HOMESIDE,Emb. 10 UNID.,"0,84€","0,08€ / UNID.",
Massa Meada Fina,MILANEZA,Emb. 0.5 KG,"1,04€","2,08€ / KG",
Paio do Lombo,CHARCUTARIA,1 Unid. = 0.1 KG (aprox.),"11,79€/kg","1,18€ / Unid.",
GEL BARBEAR FRESCURA,CARRÉ HOMME,Emb. 0.2 LT,"1,89€","9,45€ / LT",
Sardinha em Óleo Picante,BOM PETISCO,Emb. 0.12 KG,"0,99€","8,25€ / KG",
Lixívia Tradicional 2 L,NEOBLANC,Emb. 2 LT,"1,64€","0,82€ / LT",
Queijo de Ovelha Amanteigado Cerrado do Vale,SANTIAGO,1 Unid. = 1.2 KG (aprox.),"19,99€/kg","23,99€ / Unid.",
Lava Tudo Marinho,CIF,Emb. 1.4 LT,"1,99€","1,42€ / LT",
Alimento Seco P/ Gato Júnior Frango Leite,PURINA FRISKIES,Emb. 0.4 KG,"2,19€","5,48€ / KG",
Refrigerante C/ Gás Ananás,ECO+,Emb. 2 LT,"0,79€","0,40€ / LT",
"Pilhas Alcalinas LR20/D 1,5V",FOXTER,Emb. 2 UNID.,"3,84€","1,92€ / UNID.",
Fiambre de Peru Fatias,CAMPOFRIO,Emb. 0.09 KG,"1,30€","14,44€ / KG",
Fermento de Padeiro,VAHINÉ,Emb. 0.018 KG,"1,57€","87,22€ / KG",
Cereais Golden Grahams,NESTLÉ,Emb. 0.375 KG,"2,53€","6,75€ / KG",
Cone Baunilha,TRIUM,Emb. 6 UNID.,"1,99€","0,33€ / UNID.",
Infusão SOS Cabeça,LIPTON,Emb. 20 SAQS,"1,49€","0,07€ / SAQS",
Spray Anti-calcário Perfect,CIF,Emb. 0.435 LT,"2,49€","5,72€ / LT",
Limpa Vidros Anti Embaciamento,AJAX,Spray 0.5 LT,"2,98€","5,96€ / LT",
Pensos Higiénicos Salvaslips em Bolsas,EVAX,Emb. 28 UNID.,"1,34€","0,05€ / UNID.",
ALIMENTO HUMIDO BORREGO/FRANGO/VITELA P/ CAO 3X410G,LYDOG,Emb. 3 UNID.,"2,59€","0,86€ / UNID.",
Café Torrado Moído Intensidade 10,BUONDI,Emb. 0.22 KG,"2,99€","13,59€ / KG",
Recarga Sabonete Líquido Amêndoas,MANAVA,Emb. 0.25 LT,"0,65€","2,60€ / LT",
Hambúrgueres de Frango 4 Unid. Ultracongelado,PESCANOVA,Emb. 0.3 KG,"3,99€","13,30€ / KG",
Manteiga com Sal,TERRA NOSTRA,Emb. 0.25 KG,"2,39€","9,56€ / KG",
Tira Gorduras Misto,MISTOLIN,Emb. 0.545 LT,"2,49€","4,57€ / LT",
Sorvete de Manga,TROFIC,,"1,79€",/ Unid.,
Pantene Purifica & Reconstrói Máscara 160 ml,,Emb. 0.16 LT,"4,89€","30,56€ / LT",
Alimento Húmido P/ Gato Party Mix Picnic,FELIX,Emb. 0.06 KG,"1,75€","29,17€ / KG",
Exfoliante Facial,INELL,Emb. 0.075 LT,"1,19€","15,87€ / LT",
Conserva de Sardinha em Tomate,PÊCHE OCÉAN,Emb. 0.12 KG,"0,99€","8,25€ / KG",
Gelado Feast Pack 4,OLÁ,Emb. 0.36 LT,"2,99€","8,31€ / LT",
Liégeois de Chocolate 4x100g,DÉLISSE,Emb. 0.4 KG,"1,49€","3,73€ / KG",
Maçã Royal Gala Cal. 70/75,,1 Unid. = 0.18 KG (aprox.),"1,29€/kg","0,23€ / Unid.",
Biscoito de Ovos Frescos,ECO+,Emb. 0.4 KG,"1,69€","4,23€ / KG",
LENCOS DE PAPEL BRANCOS KIDS 3 FOLHAS  60UN CARESSE,CARESSE,Emb. 60 UNID.,"1,19€","0,02€ / UNID.",
GEL MAQUINA LOICA CONCENTRADO LIMAO TUDO EM 1 ECOLOGICO 685ML 685ML UNI VERT,UNÍ VERT,Emb. 0.685 LT,"3,86€","5,64€ / LT",
VELA NUMERO FUN 7,ARDENCE,Emb. 1 UNID.,"1,00€","1,00€ / UNID.",
Conserva de Sardinha Molho de Tomate,PÊCHE OCÉAN,Emb. 0.12 KG,"0,99€","8,25€ / KG",
GUARDANAPOS AZUL FOLHA SIMPLES RENOVA,GUARDANAPOS RENOVA,Emb. 70 UNID.,"0,99€","0,01€ / UNID.",
Gelatina Light Sabor a Ananás,TABLIER BLANC,Emb. 0.031 KG,"0,79€","25,48€ / KG",
Vaseline,VASELINE,Emb. 0.05 LT,"1,49€","29,80€ / LT",
Conserva de Filete Cavala,PITEU,Emb. 0.12 KG,"1,69€","14,08€ / KG",
Maionese Top Down,ECO+,Emb. 0.5 LT,"2,19€","4,38€ / LT",
Conserva de Ravioli à Bolonhesa,CÔTÉ TABLE,Lata 0.8 KG,"2,99€","3,74€ / KG",
DESMAQUILHANTE DE OLHOS WATERPROOF BIFASICO,INELL,Emb. 0.15 LT,"1,79€","11,93€ / LT",
"Desodorizante ""Invisible Aqua"" Roll-on",REXONA,Emb. 0.05 LT,"2,39€","47,80€ / LT",
LIMPA MAQUINA LOICA,VISIOR,Emb. 0.25 LT,"1,35€","5,40€ / LT",
Óleo Cabelo Repara e Protege,PANTENE,Emb. 0.1 LT,"8,99€","89,90€ / LT",
Alimento Húmido P/ Gato de Atum e Camarão,TOUS MES AMIS,Emb. 0.08 KG,"0,99€","12,38€ / KG",
Fiambre da Perna Extra Finíssimos,NOBRE,Emb. 0.12 KG,"2,49€","20,75€ / KG",
SNACK BACON,TOKAPI,Emb. 0.065 KG,"0,79€","12,15€ / KG",
Fralda Cueca T5 12/18Kg,MOTS D'ENFANTS,Emb. 20 UNID.,"3,99€","0,20€ / UNID.",
Desodorizante Spray Rexona Men Act Prot+Invisível,REXONA,Emb. 0.2 LT,"2,54€","12,70€ / LT",
CHORIZO FATIAS FINISSIMAS,ST AZAY,Emb. 0.1 KG,"1,99€","19,90€ / KG",
Nuggets de Peito de Frango,IGLO,Emb. 0.22 KG,"5,99€","27,23€ / KG",
Vinho do Porto Lágrima Branco,RAMOS PINTO,Garrafa 0.75 LT,"8,99€","11,99€ / LT",
DESODORIZANTE ROLL-ON INVISIBLE MEN 50ML,CARRÉ HOMME,Emb. 0.05 LT,"0,75€","15,00€ / LT",
Vinho Regional Península de Setúbal Tinto,JP,Garrafa 0.75 LT,"2,19€","2,92€ / LT",
DESODORIZANTE SPRAY ICE BOOST MEN 200ML,CARRÉ HOMME,Emb. 0.2 LT,"1,19€","5,95€ / LT",
Farinheira Regional - PDTO Lamego,SNR,Emb. 0.16 KG,"1,30€","8,13€ / KG",
PELICULA ADER.ELEMBAL 2E1 20M,ELEMBAL,Emb. 0.02 MT,"0,79€","39,50€ / MT",
Massa Pevide,MILANEZA,Emb. 0.25 KG,"0,69€","2,76€ / KG",
Alimento Seco P/ Cão Adulto Frango C/ Arroz,PURINA,Emb. 14 KG,"40,70€","2,91€ / KG",
Café Lote Bocage Moagem Única,NICOLA,Emb. 0.25 KG,"2,98€","11,92€ / KG",
Tablete Chocolate Branco Culinária,TABLETTE D'OR,Emb. 0.18 KG,"1,45€","8,06€ / KG",
Conjunto de 3 Martelos,ECO+,Emb. 3 UNID.,"7,99€","2,66€ / UNID.",
Pequenas Baguetes sem Glúten 2x75g,CHAQUE JOUR,Emb. 0.15 KG,"2,19€","14,60€ / KG",
GEL DE LIMPEZA 3 EM 1 (ROSTO CABELO E BARBA),CARRÉ HOMME,Emb. 0.2 LT,"2,99€","14,95€ / LT",
"OIKOS MARACUJA 110G X4,,440G",OIKOS,Emb. 0.44 KG,"2,39€","5,43€ / KG",
Conserva de Atum com Piri-piri,RAMIREZ,Emb. 0.12 KG,"1,34€","11,17€ / KG",
Snacks Húmidos P/ Gatos De Casa Peru e Cereais Integrais,PURINA,Emb. 0.8 KG,"6,49€","8,11€ / KG",
Aguardente Aldeia Velha 70cl,,,"13,99€",/ Unid.,
ESPARGUETE,ECO+,Emb. 1 KG,"1,29€","1,29€ / KG",
PENSOS INCONTINENCIA U. FINOS C/ ABAS SUPER+ POCKET 14UN CHORYS,CHORYS,Emb. 14 UNID.,"2,25€","0,16€ / UNID.",
IOGURTE GREGO COCO,DÉLISSE,Emb. 0.6 KG,"1,99€","3,32€ / KG",
Ervilhas Ultracongeladas,BONDUELLE,Emb. 0.4 KG,"1,49€","3,73€ / KG",
Condicionador para Cabelo Encaracolado,TRESEMMÉ,Emb. 0.5 LT,"4,19€","8,38€ / LT",
Especiarias Mistura de 5 Pimentas,RUSTICA,Frasco 0.043 KG,"1,69€","39,30€ / KG",
SACO ASPIRADOR S1203,ELSAY,Emb. 1 UNID.,"3,49€","3,49€ / UNID.",
Dodot Fralda T6 Activity Extra,DODOT,Emb. 44 UNID.,"13,29€","0,30€ / UNID.",
Tablete Chocolate Cacau 85%,LACASA,Emb. 0.1 g,"1,64€","16,40€ / g",
Café Torrado em Grão Intensidade 12,BUONDI,Emb. 0.22 KG,"3,29€","14,95€ / KG",
Gelatina Light Mirtilo 4 Unid.,ROYAL,Emb. 0.4 KG,"1,98€","4,95€ / KG",
Óleo Alimentar,FULA,Garrafa 1 LT,"2,69€","2,69€ / LT",
Eau De Toilette Umbro Power,UMBRO,Emb. 0.03 LT,"7,91€","263,67€ / LT",
Brioche Fatiado Clássico,,Emb. 0.5 KG,"1,59€","3,18€ / KG",
Óleo Virgem de Coco Biológico,,Emb. 0.2 LT,"2,89€","14,45€ / LT",
Arroz Perfumado Biológico,,Emb. 0.5 KG,"1,99€","3,98€ / KG",
Lenços de Bolso Pure Sensitive 4 Folhas,RENOVA,Emb. 6 UNID.,"0,98€","0,16€ / UNID.",
Refrigerante com Gás Ananás,FRISUMO,Garrafa 1 LT,"0,99€","0,99€ / LT",
Sobremesa de Soja C/ Caramelo,NAT&VIE,Emb. 0.4 KG,"1,49€","3,73€ / KG",
Bolachas Recheadas Baunilha,P'TIT DÉLI,Emb. 0.154 KG,"0,99€","6,43€ / KG",
Azeite Virgem Extra Suave,GALLO,Garrafa 0.75 LT,"4,49€","5,99€ / LT",
Refrigerante C/ Gás Lima-Limão,SPRINK'S,Garrafa 1 LT,"0,89€","0,89€ / LT",
"Bolachas gérmen de Trigo, Soja e Laranja",NAT&VIE,Emb. 0.2 KG,"1,69€","8,45€ / KG",
Gel de Banho Hidratante Baby Sensitive,BABY DOVE,Emb. 0.2 LT,"1,79€","8,95€ / LT",
Caldo para Massas,KNORR,Emb. 0.08 KG,"1,39€","17,38€ / KG",
Vagens de Baunilha,TABLIER BLANC,Emb. 2 UNID.,"4,99€","2,50€ / UNID.",
Amaciador Cabelos Frágeis,ELVIVE,Emb. 0.2 LT,"3,95€","19,75€ / LT",
Syoss Oieo Intense 5-92 Vermelho Intenso,SYOSS,,"6,24€",/ Unid.,
Pão Thins 8 Cereais 6 Unidades,BIMBO,Emb. 0.31 KG,"2,29€","7,39€ / KG",
Gelado Cheesecake com Caramelo Salgado,CARTE D'OR,Emb. 0.9 LT,"3,29€","3,66€ / LT",
GELADO CREME BRULEE,ESKISS,Emb. 1 LT,"2,65€","2,65€ / LT",
ICE TEA MANGA,LIPTON,Emb. 0.5 LT,"0,79€","1,58€ / LT",
DETERGENTE LIQUIDO LA E SEDA 25D,EPSIL,Emb. 25 DOSES,"2,79€","0,11€ / DOSES",
Leite com Chocolate UHT 4x200 ml,GRESSO,Emb. 0.8 LT,"1,35€","1,69€ / LT",
Infusão Chá Menta Bio,,Emb. 1 LT,"1,49€","1,49€ / LT",
Batatas Pré-Fritas em Cubos,POM'LISSE,Emb. 1 KG,"1,49€","1,49€ / KG",
Salpicão Regional do Lombo - PDTO Lamego,,Emb. 0.28 KG,"5,89€","21,04€ / KG",
Champô Cabelo Ultra Suave Louros Camomila,GARNIER,Emb. 0.25 LT,"3,49€","13,96€ / LT",
IOGURTE CREMOSO CÔCO NATURAL,NAT&VIE,Emb. 4 UNID.,"2,09€","0,52€ / UNID.",
MINI CHAMPO DE VIAGEM TILIA E MACA 100ML,NATEIS,Emb. 0.1 LT,"1,25€","12,50€ / LT",
Tablete de Chocolate Negro,NESTLÉ,Emb. 0.125 KG,"1,79€","14,32€ / KG",
Body Lotion Hidratante Express Minerais Marinhos,NIVEA,Emb. 0.25 LT,"4,35€","17,40€ / LT",
Iogurte Aroma 12x125g,ECO+,Emb. 1.5 KG,"1,79€","1,19€ / KG",
XAU LIMP MAQ DUOPACK,XAU,Emb. 2 DOSES,"6,99€","3,50€ / DOSES",
Porta Fatos Pequeno,SILLAGE,Emb. 1 UNID.,"2,50€","2,50€ / UNID.",
"CAFE MAQUINA C/TEMPORIZADOR 1,4L 800W",ELSAY,Emb. 1 UNID.,"29,90€","29,90€ / UNID.",
Pack 4 Escovas de Dentes Média Triple Action,COLGATE,Emb. 1 UNID.,"3,79€","3,79€ / UNID.",
Johnson's Baby Spray para Cabelo Penteia,JOHNSON'S BABY,Emb. 0.2 LT,"4,29€","21,45€ / LT",
AVELA EM PO,TABLIER BLANC,Emb. 0.125 KG,"2,29€","18,32€ / KG",
SALTEADO DE COGUMELOS,NOTRE JARDIN,Emb. 0.4 KG,"3,99€","9,98€ / KG",
MARISCADA,ECO+,Emb. 0.7 KG,"4,98€","7,11€ / KG",
Delicias do Mar Surimi Sabor a Caranguejo,PÊCHE OCÉAN,Emb. 0.2 Kg,"1,49€","7,45€ / Kg",
LAVA TUDO FRESCURA PURA,CLAIR,Emb. 1.5 LT,"1,89€","1,26€ / LT",
Cerveja com Álcool Stout 6x33cl,SUPER BOCK,Emb. 1.98 LT,"4,49€","2,27€ / LT",
LIXIVIA PERFUMADA FLORES DO CAMPO,CLAIR,Emb. 2 LT,"1,09€","0,55€ / LT",
Pimenta Preta Moída,RUSTICA,Frasco 0.04 KG,"0,99€","24,75€ / KG",
Pantene Caracóis Definidos Laca 300ml,PANTENE PV,Emb. 0.3 LT,"3,74€","12,47€ / LT",
Tablete de Chocolate Preto com Recheio de Menta,EQUADOR,Emb. 0.15 KG,"1,55€","10,33€ / KG",
Snacks Palitos,CHEETOS,Emb. 0.096 KG,"1,38€","14,38€ / KG",
Biscoitos de Cacau com Tablete de Chocolate Preto e Branco,P'TIT DÉLI,Emb. 0.115 KG,"1,25€","10,87€ / KG",
QUEIJO DE OVELHA,LES CROISÉS,Emb. 0.2 KG,"2,29€","11,45€ / KG",
VELA NUMERO FUN 6,ARDENCE,Emb. 1 UNID.,"0,99€","0,99€ / UNID.",
Queijo Flamengo Barra,GRESSO,1 Unid. = 0.15 KG (aprox.),"5,99€/kg","0,90€ / Unid.",
Gelado Solero Red Berries,OLÁ,Emb. 0.27 LT,"3,45€","12,78€ / LT",
Escova de Dentes Média,COLGATE,Emb. 1 UNID.,"3,99€","3,99€ / UNID.",
Doce Framboesa sem Açúcar,ST. DALFOUR,Frasco 0.284 KG,"3,74€","13,17€ / KG",
REBUÇADOS SABOR SEIVA DE PINHEIRO,CONFISÉO,Emb. 0.25 KG,"1,65€","6,60€ / KG",
Espinafres Ultracongelados,BONDUELLE,Emb. 0.4 KG,"1,49€","3,73€ / KG",
Cereais Arroz Tufado Chocolate,,Emb. 0.75 KG,"2,54€","3,39€ / KG",
COCKTAIL AZEITONAS E TREMOCOS,TOKAPI,Emb. 0.2 KG,"1,19€","5,95€ / KG",
Massa Letras,TURINI,Emb. 0.25 KG,"0,55€","2,20€ / KG",
Tartelettes Cobertas Morango,ECO+,Emb. 0.2 KG,"0,79€","3,95€ / KG",
CURGETES RODELAS,NOTRE JARDIN,Emb. 1 KG,"1,69€","1,69€ / KG",
COLORACAO LOURO CLARISSIMO 9.0 S/AMONIACO,VITANOVE,Emb. 1 UNID.,"3,89€","3,89€ / UNID.",
Whisky Vat 69,VAT 69,Garrafa 0.7 LT,"10,99€","15,70€ / LT",
SYOSS OLEO INT. 9-10 LOURO LUMI,SYOSS,,"6,24€",/ Unid.,
Mad Chip Alho e Evas,CALVÉ,Emb. 0.26 KG,"2,09€","8,04€ / KG",
PURE MACA/PERA SEM ADICAO ACUCAR BISNAGA,DOUCEUR DU VERGER,Emb. 0.36 KG,"1,99€","5,53€ / KG",
Coloração Permanente Nutritiva 5.62 Vermelho Ousado,NUTRISSE,Emb. 1 UNID.,"8,85€","8,85€ / UNID.",
GEL-CREME HIDRATANTE 50ML,INELL,Emb. 0.05 LT,"2,99€","59,80€ / LT",
Mala de Chaves 47 Peças,ECO+,Emb. 1 UNID.,"9,99€","9,99€ / UNID.",
VELA NUMERO - 6,ARDENCE,,"0,89€",/ Unid.,
Queijo de Cabra Curado Extra,QUINTA DO OLIVAL,1 Unid. = 0.91 KG (aprox.),"16,98€/kg","15,45€ / Unid.",
Iogurte Bifidus Líquido Frutos Silvestres 0% 4 Unid.,DANONE,Emb. 0.62 KG,"1,99€","3,21€ / KG",
Infusão Chá Branco Maracujá,FRESH TEA,Emb. 1 LT,"1,39€","1,39€ / LT",
Spray Depilatório Aloé Vera e Vitamina E,VEET,Spray 0.15 LT,"6,64€","44,27€ / LT",
"AGUA FRIZE,,75CL",FASTIO,,"0,98€",/ Unid.,
Jesuíta,,1 UNID.,"0,80€","0,80€ / UNID.",
Puré de Batata em Flocos,MAGGI,Emb. 0.25 KG,"1,85€","7,40€ / KG",
Abrilhantador P/ Máquina da Loiça Limão,FINISH,Emb. 0.8 LT,"7,44€","9,30€ / LT",
Batatas Pré-Fritas Congeladas,POM'LISSE,Emb. 2.5 KG,"3,99€","1,60€ / KG",
Concentrado de Manga,SUNQUICK,Garrafa 0.58 LT,"3,95€","6,81€ / LT",
Cachorrinhos 5 Unid.,,Emb. 5 KG,"3,19€","0,64€ / KG",
Iogurte com Frutos 12x125g,ECO+,Emb. 1.5 KG,"2,59€","1,73€ / KG",
ESPARREGADO DE ESPINAFRES,CÔTÉ TABLE,Emb. 0.35 KG,"1,29€","3,69€ / KG",
Old Spice Captain Shower Gel & Shampoo,OLD SPICE,Emb. 0.4 LT,"6,50€","16,25€ / LT",
Snack P/ Gato Original Maxi Pack,FELIX,Emb. 0.2 KG,"3,15€","15,75€ / KG",
Arroz Vaporizado,COZINHA VELHA,Emb. 1 KG,"1,49€","1,49€ / KG",
Pizza Legumes Queijo,NOBRE VEGALIA,Emb. 0.36 KG,"4,80€","13,33€ / KG",
ELIXIR BOCAL EXPERT 8EM1,DENTAMYL,Emb. 0.5 LT,"1,29€","2,58€ / LT",
Cápsulas Café Blonde Espresso P/ Dolce Gusto Intensidade 6,STARBUCKS,Emb. 12 CAPS.,"4,74€","0,40€ / CAPS.",
Cereja Cal. 22/24,,1 Unid. = 0.125 KG (aprox.),"4,35€/kg","0,54€ / Unid.",
Alimento Húmido P/ Gato C/ Carne de Vaca e Legumes,FRISKIES,Emb. 0.4 KG,"1,52€","3,80€ / KG",
LAVA TUDO AMONIACAL,ECO+,Emb. 5 LT,"1,69€","0,34€ / LT",
Papel Higiénico 2 Folhas,MARQUE REPERE,Emb. 24 UNID.,"4,79€","0,20€ / UNID.",
Vinho Verde Branco,AVELEDA,Garrafa 0.75 LT,"3,99€","5,32€ / LT",
Tomate em Pedaços Manjerição e Orégãos,GULOSO,Emb. 0.392 KG,"2,19€","5,59€ / KG",
Massa Fresca em Folhas para Lasanha,TURINI,Emb. 0.35 KG,"1,75€","5,00€ / KG",
Conserva de Ravioli de Vaca com Molho Italiano,CÔTÉ TABLE,Emb. 0.4 KG,"1,49€","3,73€ / KG",
Café Solúvel Seleção Premium Intensidade 6,NESCAFÉ,Frasco 0.1 KG,"5,59€","55,90€ / KG",
Café Solúvel,SICAL,Emb. 0.2 KG,"8,42€","42,10€ / KG",
Vinagre Vinho Branco,CRISTAL,Garrafa 0.5 LT,"0,99€","1,98€ / LT",
Óleo de Corpo Coco Addiction,NATURAL HONEY,Emb. 0.3 LT,"5,19€","17,30€ / LT",
TOALHITAS DESMAQ. PELES SECAS E SENSIVEIS BIO,BIONAÏA,Emb. 25 UNID.,"1,99€","0,08€ / UNID.",
Vinho Rosé Emotions,MATEUS,Garrafa 0.75 LT,"3,98€","5,31€ / LT",
Refrigerante sem Gás Limão,FRUTIS,Emb. 1.5 LT,"1,15€","0,77€ / LT",
Bloco de Foie Gras de Pato,PIERRE DE CHAUMEYRAC,Lata 0.2 KG,"8,99€","44,95€ / KG",
Creme Limpeza Pink Flowers,CIF,Emb. 0.7 LT,"2,49€","3,56€ / LT",
Sorvete Pera C/ Pedaços,ESKISS,Emb. 1 LT,"2,69€","2,69€ / LT",
Puré de Batata 4x125g,POM'LISSE,Emb. 0.5 KG,"1,79€","3,58€ / KG",
Éclair de Chocolate,,1 Unid. = 0.08 KG,"0,95€","11,88€ / KG",
Queijo de Cabra Rústico Saloio,PALHAIS DE PORTUGAL,1 Unid. = 0.25 KG (aprox.),"16,45€/kg","4,11€ / Unid.",
Preparado em Pó para Bebida de Cacau Biológico,,Emb. 0.5 KG,"3,59€","7,18€ / KG",
Batatas Fritas Lisas,ECO+,Emb. 0.2 KG,"1,09€","5,45€ / KG",
Fiambre da Perna Extra Cuida-T,NOBRE,1 Unid. = 0.12 KG (aprox.),"13,98€/kg","1,68€ / Unid.",
IOGURTE BATIDO ACUCARADO BAUNILHA,DÉLISSE,Emb. 1 KG,"2,09€","2,09€ / KG",
Massa Margaridas com Vegetais,MILANEZA,Emb. 0.5 KG,"1,59€","3,18€ / KG",
IOGURTE NATURAL BIO FRASCO,,Emb. 0.5 KG,"1,69€","3,38€ / KG",
MADALENAS CONCHAS CARAMELO,NOS RÉGIONS ONT DU TALENT,Emb. 0.33 KG,"2,89€","8,76€ / KG",
Palmiers Kids,DU BOIS DE LA ROCHE,Emb. 0.1 KG,"0,95€","9,50€ / KG",
Cápsulas Café Ristretto Barista,DOLCE GUSTO,Emb. 30 CAPS.,"11,49€","0,38€ / CAPS.",
VASSOURA,SILLAGE,Emb. 1 UNID.,"2,50€","2,50€ / UNID.",
Aveia C / Proteína Chocolate Avelã,PROZIS,Emb. 0.4 KG,"749,00€","1 872,50€ / KG",
Tremoços,,1 Unid. = 0.1 KG (aprox.),"3,99€/kg","0,40€ / Unid.",
Ice Tea Pêssego 2x2lt,LIPTON,Emb. 4 LT,"4,99€","1,25€ / LT",
Café Solúvel Descafeinado Clássico,NESCAFÉ,Emb. 10 UNID.,"1,79€","0,18€ / UNID.",
Alimento Seco P/ Gato Especial Pele e Pêlo,PURINA,Emb. 0.8 KG,"6,10€","7,63€ / KG",
Vinho Regional Alentejo Tinto,HERDADE DOS GROUS,,"11,49€",/ Unid.,
TRANSPORTADORA P/CAO 48CM 1UN P'TIT AMI,P'TIT AMI,Emb. 1 UNID.,"9,99€","9,99€ / UNID.",
Conserva de Feijão Encarnado,NOTRE JARDIN,Frasco 0.57 KG,"0,69€","1,21€ / KG",
Aerossol Air Brisa Marinha,AMBIPUR,Emb. 0.3 LT,"3,45€","11,50€ / LT",
Água Tónica Zero,SPRINK'S,Garrafa 1.5 LT,"1,39€","0,93€ / LT",
Pão de Forma Oroweat 12 Cereais,BIMBO,Emb. 0.68 KG,"2,48€","3,65€ / KG",
Azeitonas Verdes Descaroçadas,QAMPO,Emb. 0.16 KG,"1,39€","8,69€ / KG",
IOGURTE GREGO CARAMELO SALGADO,DÉLISSE,Emb. 0.6 KG,"1,99€","3,32€ / KG",
Chá Preto Yellow,LIPTON,Emb. 20 SAQ.,"1,09€","0,05€ / SAQ.",
Avelã com Casca,,1 Unid. = 0.5 KG (aprox.),"5,99€/kg","3,00€ / Unid.",
Galetes de Milho com Cobertura de Chocolate Preto Biológicas,,Emb. 0.1 KG,"1,79€","17,90€ / KG",
Creme de Soja P/ Culinária,NAT&VIE,Emb. 0.6 KG,"2,65€","4,42€ / KG",
Água com Gás 6x33cl,CARVALHELHOS,Emb. 1.98 LT,"2,39€","1,21€ / LT",
Néctar Multifruits,ECO+,Emb. 2 LT,"1,39€","0,70€ / LT",
CAMA EM PLASTICO PARA CAO PEQ.,P'TIT AMI,Emb. 1 UNID.,"7,90€","7,90€ / UNID.",
Iogurte de Morango 4 Unid.,IOGOLINO,Emb. 0.4 KG,"2,28€","5,70€ / KG",
BOLACHAS C/TABLETE CHOCO PRETO,ECO+,Emb. 0.15 KG,"1,05€","7,00€ / KG",
ESCOVA DENTES BAMBU MACIA 1UN DENTAMYL,DENTAMYL,,"1,99€",/ Unid.,
Iogurte Natural 12x125g,ECO+,Emb. 1.5 KG,"1,65€","1,10€ / KG",
VELA NUMERO - 5,ARDENCE,Emb. 1 UNID.,"0,89€","0,89€ / UNID.",
ENVELOPE SILICONE KRAFT 229X324MM,ESQUISSE,Emb. 25 UNID.,"2,99€","0,12€ / UNID.",
BEBIDA LACTEA PARA GATOS ESTERILIZADOS,LYCAT,Emb. 3 UNID.,"2,38€","0,79€ / UNID.",
Mini Bolos com Pepitas de Chocolate,P'TIT DÉLI,Emb. 0.15 KG,"1,09€","7,27€ / KG",
Água sem Gás,VITALIS,Garrafa 0.75 LT,"0,53€","0,71€ / LT",
BOLACHAS PARA GELADOS,P'TIT DÉLI,Emb. 0.1 KG,"1,35€","13,50€ / KG",
PIZZA MARGARITA BIO,,Emb. 0.35 KG,"3,75€","10,71€ / KG",
PALMIERS COM RASPA LIMAO,P'TIT DÉLI,Emb. 0.1 KG,"0,99€","9,90€ / KG",
Gelatina em Pó Tutti-Frutti 2x80 g,TABLIER BLANC,Emb. 0.17 KG,"0,85€","5,00€ / KG",
Vinho Verde Branco,VIA LATINA,Garrafa 0.75 LT,"2,95€","3,93€ / LT",
Creme de Banho Pele Suave,NIVEA,Emb. 0.75 LT,"3,49€","4,65€ / LT",
Pantene Frizz Control & Luminosidade Champô 250 ml,PANTENE PV,Emb. 0.25 LT,"4,74€","18,96€ / LT",
COOKIES CHOCOLATE C/PEPITAS CHOCOLATE X12,P'TIT DÉLI,Emb. 0.2 KG,"1,39€","6,95€ / KG",
Bolachas Maria Oro,CUÉTARA,Emb. 0.8 KG,"2,39€","2,99€ / KG",
Brownies de Chocolate de Leite,MILKA,Emb. 0.15 KG,"2,45€","16,33€ / KG",
AMACIADOR CONCENTRADO TALCO 72 DOSES,HYPERDOU,Emb. 2 LT,"1,75€","0,88€ / LT",
Ravioli de Vaca com cebola,TURINI,Emb. 0.3 KG,"1,79€","5,97€ / KG",
REFEICAO NOODLES SABOR CAMARAO,TABLES DU MONDE,Emb. 0.085 KG,"0,59€","6,94€ / KG",
Cone Leite Creme,TRIUM,Emb. 6 UNID.,"2,49€","0,42€ / UNID.",
Sopa de Tomate,KNORR,Emb. 0.085 KG,"1,49€","17,53€ / KG",
Desodorizante Deo Stick White,OLD SPICE,Emb. 0.05 LT,"4,85€","97,00€ / LT",
Chipicao Mini Croissant Baunilha,CHIPICAO,Emb. 0.08 KG,"0,99€","12,38€ / KG",
MORANGOS INTEIROS 650G,DOUCEUR DU VERGER,Emb. 0.65 KG,"2,59€","3,98€ / KG",
Queijo Petit Brie,ECO+,Emb. 0.5 KG,"3,59€","7,18€ / KG",
Desodorizante Roll-On Narta 5 Acções Protection,GARNIER,Emb. 0.05 LT,"3,98€","79,60€ / LT",
Massa Areada,TABLIER BLANC,Emb. 0.23 KG,"1,29€","5,61€ / KG",
Tagliatelles Fresco,TURINI,Emb. 0.35 KG,"1,19€","3,40€ / KG",
Snack P/ Cão Pequeno,FRISKIES,Emb. 0.35 KG,"2,30€","6,57€ / KG",
SPRAY TIRA NODOAS PRE-LAVAGEM 500ML,TEXIL,Emb. 0.5 LT,"1,49€","2,98€ / LT",
Óleo para Bebé,JOHNSON'S BABY,Emb. 0.3 LT,"4,45€","14,83€ / LT",
Ketchup Picante,RUSTICA,Emb. 0.25 KG,"0,99€","3,96€ / KG",
Detergente Omo Máquina Roupa Líquido 40+15 Doses,OMO,Emb. 2.75 LT,"5,99€","2,18€ / LT",
RAVIOLI BOLONHESA 1/2,CÔTÉ TABLE,Emb. 0.4 KG,"1,79€","4,48€ / KG",
LUVAS ULTRA-RESISTENTES- TAMANHO M - 1 PAR,MAMISON,Emb. 1 UNID.,"2,19€","2,19€ / UNID.",
Pudim Ananás,BOCA DOCE,Emb. 0.022 KG,"0,49€","22,27€ / KG",
Cápsulas Café Lungo Intensidade 6,DOLCE GUSTO,Emb. 16 CAPS.,"5,57€","0,35€ / CAPS.",
Bechamel,PARMALAT,Emb. 0.5 LT,"2,05€","4,10€ / LT",
Maçã Fuji Cal. 70/75,,1 Unid. = 0.18 KG (aprox.),"1,39€/kg","0,25€ / Unid.",
Tamarindo,,1 Unid. = 0.1 KG (aprox.),"8,59€/kg","0,86€ / Unid.",
Aguardente Velha,CR&F,Emb. 0.7 LT,"17,99€","25,70€ / LT",
Bolachas Cookies Original Chocolate,CHIPS AHOY,Emb. 0.3 KG,"2,89€","9,63€ / KG",
Rebuçados Sabor Limão,HALLS,Emb. 0.032 KG,"0,79€","24,69€ / KG",
CADEADO C/CHAVE VIAGEM 2UN,RIVERSIDE,Emb. 2 UNID.,"5,90€","2,95€ / UNID.",
PURE MACA/ANANAS/ACEROLA SEM ADICAO ACUCAR BISNAGA,DOUCEUR DU VERGER,Emb. 0.48 KG,"2,79€","5,81€ / KG",
Molho de Soja,BLUE DRAGON,Emb. 0.15 LT,"2,14€","14,27€ / LT",
Noz-Moscada Moída,RUSTICA,Frasco 0.042 KG,"1,99€","47,38€ / KG",
Pães de Leite 10Unid.,ECO+,Emb. 0.4 KG,"1,36€","3,40€ / KG",
MOLHO NAPOLITANO,TURINI,Emb. 0.19 KG,"0,79€","4,16€ / KG",
DETERGENTE MANUAL LOICA FLORAL 500ML,VISIOR,Emb. 0.5,"0,76€","1,52€ /",
VINHO FRIZANTE CACHO FRESCO BRANCO.75L,CACHO FRESCO,Emb. 0.075 LT,"1,69€","22,53€ / LT",
Ovas de Peixe Lapa Preto,RONDE DES MERS,Emb. 0.1 KG,"3,99€","39,90€ / KG",
Gel de Banho Amêndoas Doces,VASELINE,Emb. 0.7 LT,"2,99€","4,27€ / LT",
Queijo Brique Vaca,LES CROISÉS,Emb. 0.2 KG,"1,99€","9,95€ / KG",
Molho de Tomate à Provençale,TURINI,Frasco 0.42 KG,"1,49€","3,55€ / KG",
DETERGENTE LIQUIDO ANTI-TRANSFERENCIA CORES 40D,EPSIL,,"3,69€",/ Unid.,
Lenços Faciais Plenitude Renova,LENÇOS RENOVA,Emb. 80 UNID.,"1,38€","0,02€ / UNID.",
Puré de Batata Nature,POM'LISSE,Emb. 1 KG,"3,19€","3,19€ / KG",
Desodorizante Spray Fresia/Orquídea,MANAVA,Emb. 0.1 LT,"1,29€","12,90€ / LT",
Fraldas de Incontinência Plus Tam. G,LINDOR,Emb. 14 UNID.,"14,99€","1,07€ / UNID.",
LINGUICA PICANTE,CAMPO FINO,Emb. 0.15 KG,"1,29€","8,60€ / KG",
Garnier Fructis Nutri Caracóis Creme Sem Enxaguar,GARNIER FRUCTIS,Emb. 0.4 LT,"10,56€","26,40€ / LT",
Alface Roxa,,1 Unid. = 0.4 KG (aprox.),"1,99€/kg","0,80€ / Unid.",
Ice Tea Limão Zero Açúcar,LIPTON,Emb. 1 LT,"1,16€","1,16€ / LT",
Detergente Loiça Manual Recarga Espuma Ativa,FAIRY,Emb. 0.375 LT,"2,29€","6,11€ / LT",
CEBOLINHO PICADO BIO,,Emb. 0.05 KG,"1,39€","27,80€ / KG",
Lentilhas Verdes,,Emb. 0.5 KG,"2,69€","5,38€ / KG",
Escova Gengivas e Dentes,PARODONTAX,Emb. 1 UNID.,"4,65€","4,65€ / UNID.",
COCO RALADO,TABLIER BLANC,Emb. 0.125 KG,"0,99€","7,92€ / KG",
LAPIS DE COR 18UN,ESQUISSE,Emb. 18 UNID.,"2,59€","0,14€ / UNID.",
Champô Purify & Hidrate,TRESEMMÉ,Emb. 0.4 LT,"4,19€","10,48€ / LT",
Puré de Batata Biológico 2x125g,,Emb. 0.25 KG,"2,99€","11,96€ / KG",
Penso Incontinência Discreet Normal,AUSONIA,Emb. 24 UNID.,"4,39€","0,18€ / UNID.",
Gel Garnier Extra Forte 3 Estructurante,FRUCTIS,Emb. 0.2 LT,"5,29€","26,45€ / LT",
Bolachas Plain Leite,BELVITA,Emb. 0.3 KG,"2,49€","8,30€ / KG",
COOKIES C/ PEPITAS CHOCOLATE E PEDACOS AVELA,P'TIT DÉLI,Emb. 0.2 KG,"1,45€","7,25€ / KG",
Água sem Gás 6x50cl,LUSO,Emb. 3 LT,"2,54€","0,85€ / LT",
PIZZA 3 QUEIJOS BIO,,Emb. 0.38 KG,"4,09€","10,76€ / KG",
SABONETE LIQUIDO PESSEGO 500ML,ECO+,Emb. 0.5 LT,"0,79€","1,58€ / LT",
DETERGENTE LÍQUIDO CÍTRICO,CIF,Emb. 1.1 LT,"1,99€","1,81€ / LT",
Bebida de Aveia,ALPRO SOYA,Emb. 1 LT,"2,27€","2,27€ / LT",
Alimento Seco P/ Cão Frango com Arroz <10kg,PURINA,Emb. 0.8 KG,"4,99€","6,24€ / KG",
Atum em Óleo,ECO+,Emb. 0.12 KG,"0,64€","5,33€ / KG",
Grão de Bico Seco,NOTRE JARDIN,Emb. 0.5 KG,"0,99€","1,98€ / KG",
DENTAMYL PLANTAS,DENTAMYL,Emb. 0.075 LT,"0,85€","11,33€ / LT",
Limpa Máquinas Limão 5x Power Actions,FINISH,Emb. 1 UNID.,"3,89€","3,89€ / UNID.",
FARINHA BRANCA NEVE SUPER FINA,BRANCA DE NEVE,Emb. 1 KG,"1,69€","1,69€ / KG",
Tablete Chocolate Branco Culinária,PANTAGRUEL,Emb. 0.2 KG,"2,40€","12,00€ / KG",
Leite Condensado Açucarado,DÉLISSE,Lata 0.397 KG,"1,09€","2,75€ / KG",
Leite Bem Especial Cálcio Magro,MIMOSA,Emb. 1 LT,"0,98€","0,98€ / LT",
Néctar Light Manga e Laranja,COMPAL,Emb. 1 LT,"1,59€","1,59€ / LT",
PILHAS ALCALINAS LR6,FOXTER,Emb. 8 UNID.,"1,79€","0,22€ / UNID.",
ESPUMA BARBEAR DERMO P.SENSIVEIS 250ML,CARRÉ HOMME,Emb. 0.25 LT,"1,49€","5,96€ / LT",
Vinho Frutado Branco,SALVE,Garrafa 0.75 LT,"1,29€","1,72€ / LT",
Seleção de Frutos Secos,MARQUE REPERE,Emb. 0.2 KG,"5,39€","26,95€ / KG",
PENSOS DIARIOS 30UN,ECO+,Emb. 30 UNID.,"0,79€","0,03€ / UNID.",
Spray Limpeza Ecrãs,LINKSTER,Emb. 0.2 LT,"3,99€","19,95€ / LT",
Vinho do Porto Branco,FERREIRA,Garrafa 0.75 LT,"5,99€","7,99€ / LT",
Vinho Regional Península de Setúbal Branco,DONA ERMELINDA,Garrafa 0.75 LT,"4,59€","6,12€ / LT",
Neoblanc Densa+,NEOBLANC,Emb. 2 LT,"2,58€","1,29€ / LT",
Desodorizante Roll On Men Cool Kick,NIVEA MEN,Emb. 0.05 LT,"2,39€","47,80€ / LT",
Vinho Regional Alentejo Branco,REAL LAVRADOR,Garrafa 0.75 LT,"2,19€","2,92€ / LT",
Sumo de Laranja e Cenoura,SANTAL,Garrafa 1.5 LT,"1,79€","1,19€ / LT",
IOGURTE BAUNILHA FRASCO,DÉLISSE,Emb. 0.5 KG,"1,39€","2,78€ / KG",
GEL BARBEAR DERMO P.SENSIVEIS 200ML,CARRÉ HOMME,Emb. 0.2 LT,"1,95€","9,75€ / LT",
VELA NUMERO - 4,ARDENCE,Emb. 1 UNID.,"1,00€","1,00€ / UNID.",
CHA PRETO PEQUENO-ALMOCO BIO,,Emb. 20 UNID.,"1,49€","0,07€ / UNID.",
Alimento Seco P/ Gato Adulto C/ Digestão Sensível,PURINA ONE,Emb. 0.8 KG,"6,10€","7,63€ / KG",
Amaciador Condicionador,TRESEMMÉ,Emb. 0.5 LT,"4,19€","8,38€ / LT",
Conserva de Salsichas Aves 8 Unid.,NOBRE,Lata 0.2 KG,"1,09€","5,45€ / KG",
Fósforos de Segurança Longos 3x40 unid.,SILEX,Emb. 3 UNID.,"2,36€","0,79€ / UNID.",
Whisky J&B Rare,J&B,Garrafa 0.7 LT,"13,99€","19,99€ / LT",
Johnson's Baby Champô Gotas de Brilho,JOHNSON'S BABY,Emb. 0.5,"5,98€","11,96€ /",
BLOCO SANITARIO ACTIV EFFECT LAVANDA 3UN,SYPHON,Emb. 3 UNID.,"1,29€","0,43€ / UNID.",
Carte D'Or Gelado Limão,CARTE D'OR,Emb. 0.9 LT,"3,29€","3,66€ / LT",
QUEIJO MIMOLETTE 12MESES CURA,NOS RÉGIONS ONT DU TALENT,Emb. 0.2 KG,"2,99€","14,95€ / KG",
Tiras P/ Porcos da Índia Sabor Mel,TOUS MES AMIS,Emb. 0.11 KG,"1,59€","14,45€ / KG",
Pantene Cuidado Clássico Champô 3 Em 1,PANTENE PV,Emb. 0.3 LT,"4,99€","16,63€ / LT",
Rebuçado Refrescante sem Açúcar,HALLS,Emb. 0.134 KG,"2,79€","20,82€ / KG",
Vinagre Vinho Tinto,CRISTAL,Garrafa 0.5 LT,"0,99€","1,98€ / LT",
"ALIMENT BEBE: IOGURTE CREMOSO COCO, MACA, ANANAS E BANANA BIO 8M",BIO VILLAGE BEBE,,"3,99€",/ Unid.,
Sobremesa Gelado Mini Raspberry 6x60ml,MAGNUM,Emb. 0.36 LT,"4,45€","12,36€ / LT",
Bacalhau à Brás Ultracongelado,IGLO,Emb. 0.3 KG,"5,99€","19,97€ / KG",
"Água sem Gás 6x1,5L",VITALIS,Emb. 9 LT,"2,59€","0,29€ / LT",
Azeitonas Pretas Inteiras,RUSTICA,Emb. 0.225 LT,"0,99€","4,40€ / LT",
Bolachas Mini Dinosauros Cereais Saquetas,ARTIACH,Emb. 0.12 KG,"1,77€","14,75€ / KG",
Cloro Dissolução Lenta Pastilhas 250Gr,BEAUX JOURS,Emb. 5 KG,"29,99€","6,00€ / KG",
Linguas de Gato Sabor a Canela,P'TIT DÉLI,Emb. 0.2 KG,"0,69€","3,45€ / KG",
ARROZ SUSHI,CAÇAROLA,Emb. 1 KG,"1,99€","1,99€ / KG",
Amaciador concentrado intense care repair,COMFORT,Emb. 60 DOSES,"3,99€","0,07€ / DOSES",
Pensos Higiénicos Cotton Extract Normal,CAREFREE,Emb. 76 UNID.,"4,45€","0,06€ / UNID.",
Champô Protecção da Cor,TRESEMMÉ,Emb. 0.5 LT,"4,19€","8,38€ / LT",
Sardinha Grande,,1 Unid. = 0.15 KG (aprox.),"3,99€/kg","0,60€ / Unid.",
PENSOS HIGIENICOS MAXI NOITE 10UN,ECO+,Emb. 10 UNID.,"0,95€","0,10€ / UNID.",
Vinho Regional Lisboa Branco,PROVA RÉGIA,Garrafa 0.75 LT,"3,99€","5,32€ / LT",
Caldo de Carne,KNORR,Emb. 16 CUBOS,"2,39€","0,15€ / CUBOS",
Escalopes de Novilho Embalados,,1 Unid. = 0.5 KG (aprox.),"15,99€/kg","8,00€ / Unid.",
Arroz Carolino,,Emb. 1 KG,"0,95€","0,95€ / KG",
Refrigerante S/ Gás Laranja,JAFADEN,Garrafa 1.5 LT,"0,99€","0,66€ / LT",
AirWick  Comp Pure Flor Cerejeira,AIRWICK,Emb. 1 UNID.,"5,39€","5,39€ / UNID.",
BATATAS FRITAS ONDULADAS SABOR A KETCHUP,POM'LISSE,Emb. 0.135 KG,"1,19€","8,81€ / KG",
GUARDANAPOS RENOVA OLÉ DUPLO 140U,GUARDANAPOS RENOVA,Emb. 140 UNID.,"0,99€","0,01€ / UNID.",
LAMPADA STICK 11W E14,FOXTER,Emb. 1 UNID.,"2,99€","2,99€ / UNID.",
BORRACHA + AFIA C/DEPOSITO,ESQUISSE,Emb. 1 UNID.,"0,99€","0,99€ / UNID.",
Bebida à Base de Avelã,NAT&VIE,Emb. 1 LT,"1,79€","1,79€ / LT",
Galetes Arroz Cobertas de Chocolate Biológicas,,Emb. 0.09 KG,"1,29€","14,33€ / KG",
CHAMPO PARA ANIMAIS PERFUMADO,P'TIT AMI,Emb. 0.5 LT,"2,49€","4,98€ / LT",
Lava Tudo Gel Ativo com Lixívia,CIF,Emb. 0.75 LT,"1,39€","1,85€ / LT",
Pipocas Doces,TOKAPI,Emb. 0.1 KG,"0,80€","8,00€ / KG",
MACARONS 12UN,AUTOUR DU DESSERT,Emb. 0.154 KG,"5,79€","37,60€ / KG",
SALMAO C/ MOLHO DE AZEDAS,CÔTÉ TABLE,Emb. 0.3 KG,"3,29€","10,97€ / KG",
Dentífrico Max White One,COLGATE,Emb. 0.075 LT,"3,79€","50,53€ / LT",
Vinho Verde Branco,VIA LATINA,Garrafa 0.75 LT,"2,99€","3,99€ / LT",
Pensos Higiénicos Maxi Normal Pocket,DOULYS,Emb. 18 UNID.,"1,15€","0,06€ / UNID.",
Sultana Dourada,MARQUE REPERE,Emb. 0.2 KG,"1,49€","7,45€ / KG",
Snack P/ Cão Sticks C/ Aroma a Javali,PURINA,Emb. 0.09 KG,"1,29€","14,33€ / KG",
CEREAIS MUESLI 5 FRUTAS,GRAINEA,Emb. 0.5 KG,"2,39€","4,78€ / KG",
Óleo Intense 12-0 Aclarante Extremo,SYOSS,,"6,24€",/ Unid.,
Fettuccini Fresco,TURINI,Emb. 0.35 KG,"1,19€","3,40€ / KG",
Alimento Completo Cereais P/ Porquinhos-da-Índia,TOUS MES AMIS,Emb. 2.5 KG,"5,99€","2,40€ / KG",
MUESLI C/ AVEIA E FRUTOS SECOS BIO E S/GLUTEN,CHAQUE JOUR SANS GLUTEN,Emb. 0.375 KG,"3,39€","9,04€ / KG",
Seleção de Frutos Secos,MARQUE REPERE,Emb. 0.33 KG,"5,38€","16,30€ / KG",
CRACKERS- BOLACHAS SALGADAS CROCANTES,TOKAPI,Emb. 0.1 KG,"0,69€","6,90€ / KG",
Iogurte Líquido Danonino Bebedino Tutti-Frutti 4x100g,DANONE,Emb. 0.4 KG,"1,79€","4,48€ / KG",
Legumes Grelhados Salteados Congelados,NOTRE JARDIN,Emb. 0.75 KG,"2,99€","3,99€ / KG",
Mini Tostas Redondas,BIMBO,Emb. 0.1 KG,"1,24€","12,40€ / KG",
Pacotinho Fruta Hero Baby 3 Frutos 100 G,HERO BABY,Emb. 0.1 KG,"0,98€","9,80€ / KG",
Vinagre Balsâmico Branco,GALLO,Emb. 0.25 LT,"1,69€","6,76€ / LT",
Refrigerante S/ Gás Laranja Maracujá,JAFADEN,Garrafa 1.5 LT,"0,99€","0,66€ / LT",
Farinha Express,MAIZENA,Emb. 0.25 KG,"2,49€","9,96€ / KG",
Manga Aérea,,1 Unid. = 0.5 KG (aprox.),"3,89€/kg","1,95€ / Unid.",
CONDICIONADOR CABELOS FRAGEIS E QUEBRADICOS 250ML,NATEIS,Emb. 0.25 LT,"1,69€","6,76€ / LT",
ELASTICOS COR/TAMANHOS SORTIDOS 50G,ESQUISSE,Emb. 1 UNID.,"0,99€","0,99€ / UNID.",
Champô Liso Asiático para Cabelo Frisado e Rebelde,GLISS,Emb. 0.25 LT,"2,24€","8,96€ / LT",
Marshmallow com Sabor Baunilha,COPAÍNS COPINES,Emb. 0.3 KG,"1,59€","5,30€ / KG",
Caldos Molho Cervejeira 8 Cubos,KNORR,Emb. 0.072 KG,"1,49€","20,69€ / KG",
BOLACHAS AREADAS C/ RECH AVELAS E CACAU MAGRO,P'TIT DÉLI,Emb. 0.125 KG,"1,59€","12,72€ / KG",
Pensos Higiénicos Respirare Normal,CAREFREE,Emb. 44 UNID.,"2,79€","0,06€ / UNID.",
Chouriço Corrente com Colorau,,Emb. 1 KG,"4,49€","4,49€ / KG",
Néctar Clássico Pêssego,COMPAL,Emb. 0.33 LT,"0,72€","2,18€ / LT",
Molho Madeira,RUSTICA,Emb. 0.3 LT,"1,39€","4,63€ / LT",
Whisky Classic Black 5,LABEL 5,Garrafa 0.7 LT,"9,99€","14,27€ / LT",
Néctar Essencial Manga 3x110ml,COMPAL,Emb. 0.33 LT,"1,79€","5,42€ / LT",
ARROZ A CANTONESA,TABLES DU MONDE,Emb. 0.9 KG,"3,29€","3,66€ / KG",
Vinagre Balsâmico de Modène,RUSTICA,Garrafa 0.5 LT,"1,99€","3,98€ / LT",
Nectarina,,1 Unid. = 0.12 KG (aprox.),"2,29€/kg","0,27€ / Unid.",
Conserva de Feijão Manteigado Cozido Da Horta,COMPAL,Emb. 0.42 KG,"1,19€","2,83€ / KG",
Champô Anti-Caspa Men Controlo De Oleosidade,LINIC,Emb. 0.225 LT,"3,34€","14,84€ / LT",
CREME P/ BARRAR CACAU C/ AVELAS 1KG NUSTIKAO,NUSTIKAO,Emb. 1 KG,"3,99€","3,99€ / KG",
Alimento Húmido para Gato com Fígado e Carne de Aves,LYCAT,Emb. 0.81 KG,"1,25€","1,54€ / KG",
"MASSA FRESCA ""RAVIOLI"" BOLONHESA",TURINI,Emb. 0.3 KG,"1,89€","6,30€ / KG",
Canela em Pó,RUSTICA,Frasco 0.035 KG,"0,89€","25,43€ / KG",
CUECA INCONTINENCIA TAM M,CHORYS,Emb. 14 UNID.,"6,74€","0,48€ / UNID.",
Caldo de Carne,KNORR,Emb. 8 CUBOS,"1,39€","0,17€ / CUBOS",
Chá de Maçã e Canela,TISÉA,Emb. 25 SAQ.,"1,24€","0,05€ / SAQ.",
Doce de Abóbora,CASA MATEUS,Frasco 0.345 KG,"2,47€","7,16€ / KG",
Fraldas Bebé T4 Ultra Confort 7/18 Kg,MOTS D'ENFANTS,Emb. 44 UNID.,"7,45€","0,17€ / UNID.",
Azeite,OLIVEIRA DA SERRA,Garrafão 3 LT,"15,67€","5,22€ / LT",
MOLHO TIKKA MASSALA,TABLES DU MONDE,Emb. 0.35 KG,"1,99€","5,69€ / KG",
Sabonete Líquido para as Mãos,DOVE,Emb. 0.25 LT,"2,39€","9,56€ / LT",
Cerveja Aromatizada Rum,DESQUILES,Emb. 0.5 LT,"0,99€","1,98€ / LT",
Cereais Flakes,CUÉTARA,Emb. 0.5 KG,"2,99€","5,98€ / KG",
Cereais Muesli Chocolate e Quinoa Biológico,,Emb. 0.375 KG,"2,99€","7,97€ / KG",
Alimento Completo Cereais P/ Coelhos Anões,TOUS MES AMIS,Emb. 0.8 KG,"1,99€","2,49€ / KG",
BOLACHAS AREADAS C/ RECH MACA E FRAMBOESA,P'TIT DÉLI,Emb. 0.1 KG,"1,49€","14,90€ / KG",
Conserva de Feijão Encarnado Da Horta,COMPAL,Lata 0.42 KG,"0,99€","2,36€ / KG",
Desodorizante Cucumber & Green Tea S/ áçcool e Alumínio,DOVE,Emb. 0.15 LT,"2,84€","18,93€ / LT",
Canela Moída,RUSTICA,Emb. 0.04 KG,"0,50€","12,50€ / KG",
Gel Duche S/ Sabão,MANAVA,Emb. 0.5 ML,"1,99€","3,98€ / ML",
Batatas Fritas Lay\'s Vinagreta,LAY'S,Emb. 0.15 KG,"2,28€","15,20€ / KG",
TORRADEIRA 2 FENDAS,ECO+,Emb. 1 UNID.,"14,90€","14,90€ / UNID.",
SARDINHA OLEO DE GIRASSOL,PÊCHE OCÉAN,Emb. 0.12 KG,"0,99€","8,25€ / KG",
Toucinho Fumado,DAMATTA,Emb. 0.2 KG,"2,99€","14,95€ / KG",
PANOS DE COZINHA ABSORVENTES 5UN,MAMISON,Emb. 5 UNID.,"1,59€","0,32€ / UNID.",
Refeição Arroz de Tomate e frango,BLÉDINA,Emb. 0.2 KG,"1,45€","7,25€ / KG",
CASTANHAS CONGELADAS,,Emb. 1 KG,"9,99€","9,99€ / KG",
"PEROLAS DESODORIZANTES ""PRIMAVERA NO JAPAO"" 110G",BIEN AIR,Emb. 0.11 KG,"1,59€","14,45€ / KG",
SABONETE SOLIDO BEBE BIO CORPO E CABELO,MOTS D'ENFANTS,,"1,45€",/ Unid.,
Rissóis de Leitão 6 Unid.,SNR,Emb. 0.275 KG,"3,45€","12,55€ / KG",
Sardinhas em Tomate Biológico,BOM PETISCO,Emb. 0.12 KG,"1,39€","11,58€ / KG",
Alimento Seco P/ Gatos Interior Frango,PURINA FRISKIES,Emb. 3 KG,"10,39€","3,46€ / KG",
TOSTAS FINAS NATURA,EPI D'OR,Emb. 0.1 KG,"1,19€","11,90€ / KG",
BOLACHAS PETIT BEURRE C/ TABLETE CHOCOLATE LEITE POCKET,P'TIT DÉLI,Emb. 0.268 KG,"2,69€","10,04€ / KG",
Orégãos Folhas,MARGÃO,Emb. 0.008 KG,"0,98€","122,50€ / KG",
CHOUCROUTE,CÔTÉ TABLE,Emb. 0.42 KG,"1,59€","3,79€ / KG",
Balde para Esfregona,,Emb. 1 UNID.,"2,99€","2,99€ / UNID.",
Laca Cabelo Diamond Gloss Care 4,NIVEA,Spray 0.25 LT,"3,89€","15,56€ / LT",
Polpa de Tomate,ECO+,Emb. 0.5 KG,"0,75€","1,50€ / KG",
Loção para Corpo Hidatrante Express 48h Pele Normal a Seca,NIVEA BODY,Emb. 0.4 LT,"5,99€","14,98€ / LT",
IOGURTE GREGO STRACCIATELLA,DÉLISSE,Emb. 0.6 KG,"1,99€","3,32€ / KG",
CUECA INCONTINENCIA TAM L,CHORYS,Emb. 14 UNID.,"6,74€","0,48€ / UNID.",
Pastilhas de Limpeza para Próteses Dentárias,,Emb. 30 UNID.,"3,95€","0,13€ / UNID.",
Batatas Fritas Light,POM'LISSE,Emb. 0.15 KG,"0,95€","6,33€ / KG",
Maionese Magra,HELLMANN'S,Emb. 0.459 KG,"2,84€","6,19€ / KG",
Iogurte Líquido Morango 6x100g,DANACOL,Emb. 0.6 KG,"2,99€","4,98€ / KG",
Néctar Clássico Ananás 3x200 ml,COMPAL,Emb. 0.6 LT,"1,39€","2,32€ / LT",
Marreta,FOXTER,Emb. 1 UNID.,"7,99€","7,99€ / UNID.",
GEL BARBEAR REVITALIZANTE 200ML,CARRÉ HOMME,Emb. 0.2 LT,"1,75€","8,75€ / LT",
Snack P/ Cão Sticks C/ Aroma a Veado,PURINA,Emb. 0.09 KG,"1,29€","14,33€ / KG",
Ervilhas Ultracongelados,IGLO,Emb. 0.375 KG,"2,79€","7,44€ / KG",
Chipicao 6x57 gr,CHIPICAO,Emb. 0.342 KG,"3,79€","11,08€ / KG",
Creme de Brie,PRÉSIDENT,Emb. 0.125 KG,"2,15€","17,20€ / KG",
Leite Bem Essencial C/ Chocolate UHT 4 Unid.,MIMOSA,Emb. 0.8 LT,"1,75€","2,19€ / LT",
CANETA ROLLER APAGAVEL VARIAS CORES 3UN,ESQUISSE,Emb. 3 UNID.,"3,99€","1,33€ / UNID.",
Maionese Top Down,CALVÉ,Emb. 0.24 KG,"1,39€","5,79€ / KG",
Whisky Fin Blen,WILLIAM LAWSON'S,Garrafa 0.7 LT,"13,99€","19,99€ / LT",
Barras Hero De Cereais Muesli Chocolate Leite 6x25g,HERO,Emb. 0.15,"1,79€","11,93€ /",
Sumo 100% Laranja Brasil,JAFADEN,Emb. 1 LT,"1,55€","1,55€ / LT",
Tira Nódoas Gold Power Gel,VANISH,Emb. 0.2 LT,"4,54€","22,70€ / LT",
Bife de Frango,,1 Unid. = 0.35 KG (aprox.),"8,29€/kg","2,90€ / Unid.",
Cacetinho,,1 Unid. = 0.055 KG,"0,33€","6,00€ / KG",
Espumante Meio Seco,COMP DO VINHO,Garrafa 0.75 LT,"3,29€","4,39€ / LT",
QUEIJO FRESCO LIGHT VACA,QUEIJO NA TÁBUA,Emb. 0.08 KG,"0,55€","6,88€ / KG",
Conserva de Lulas Recheadas,PITEU,Emb. 0.12 KG,"2,47€","20,58€ / KG",
Ervas de Provence,RUSTICA,Frasco 0.018 KG,"0,79€","43,89€ / KG",
Cuecas Incontinência Boutique L,AUSONIA,Emb. 8 UNID.,"9,59€","1,20€ / UNID.",
MULTIPACK CALIPPO SUPERMIX 5X105ML,CALIPPO,Emb. 5 UNID.,"2,49€","0,50€ / UNID.",
Detergente Líquido Multisuperficies Rosas e Jasmim,SONASOL,Emb. 1.3 LT,"2,09€","1,61€ / LT",
Bolachas Sortido,PRINCESA,Emb. 0.2 KG,"2,15€","10,75€ / KG",
Lápis para Colorir,ESQUISSE,,"3,69€",/ Unid.,
Massa Laços Tricolores,MILANEZA,Emb. 0.5 KG,"1,49€","2,98€ / KG",
"Iogurte de Banana, Morango e Tutti Frutti 8x120g",DANONE,Emb. 0.96 KG,"1,99€","2,07€ / KG",
Pensos Higiénicos Maxi com Alas,EVAX,Emb. 11 UNID.,"1,97€","0,18€ / UNID.",
CEREAIS PETALAS NATURAL,GRAINEA,Emb. 0.44 KG,"1,49€","3,39€ / KG",
Bolachas com Cobertura de Chocolate Preto,,Emb. 0.2 KG,"1,39€","6,95€ / KG",
GRESSINOS SESAME,TOKAPI,Emb. 0.125 KG,"1,25€","10,00€ / KG",
TOALHITAS PARA MAOS LIMAO,CLAIR,Emb. 24 UNID.,"1,85€","0,08€ / UNID.",
Pão de Forma Integral,BIMBO,Emb. 0.48 KG,"1,69€","3,52€ / KG",
Capucino Chocolate,PLANTATION,Emb. 0.287 KG,"2,69€","9,37€ / KG",
Esparguete Tricolor,MILANEZA,Emb. 0.5 KG,"1,89€","3,78€ / KG",
Leite de Transição 2 +6 meses,NAN,Emb. 0.8 KG,"12,34€","15,43€ / KG",
Queijo Fundido e Palitos Tostados,VACA QUE RI,Emb. 0.035 KG,"0,69€","19,71€ / KG",
Florete de Brócolo,,Emb. 0.6 KG,"2,75€","4,58€ / KG",
Bloco Sanitário Blue Activ,SONASOL WC,Emb. 0.05 KG,"1,94€","38,80€ / KG",
Mini Rissóis de Camarão 20 Unid.,SNR,Emb. 0.333 KG,"3,30€","9,91€ / KG",
Vinho do Porto Special Reserve,PORTO CRUZ,Emb. 0.75 LT,"9,99€","13,32€ / LT",
Bolinhas de Bacalhau 20 Unid.,SNR,Emb. 0.334 KG,"3,75€","11,23€ / KG",
Ambientador Absorve Odores Relax Zen 2x150gr,BRISE,Emb.  0.3 KG,"2,99€","9,97€ / KG",
Bebida de Aveia sem Açúcar,ALPRO SOYA,Emb. 1 LT,"2,25€","2,25€ / LT",
Bebida Gaseificada Aromatizada de Pêssego S/ Álcool,FESTALIE,Garrafa 0.75 LT,"2,89€","3,85€ / LT",
CONE FRUTOS VERMELHOS 6UN,TRIUM,Emb. 6 UNID.,"2,15€","0,36€ / UNID.",
Toalhitas Bebé,ECO+,Emb. 72 UNID.,"0,75€","0,01€ / UNID.",
Miolo de Caju C/ Piripiri,MARQUE REPERE,Emb. 0.25 KG,"4,19€","16,76€ / KG",
Molho Piri-piri Extra Picante,PALADIN,Emb. 0.075 LT,"1,54€","20,53€ / LT",
CONE CHOCOLATE/PISTACHIO 6UN,TRIUM,,"2,49€",/ Unid.,
Air Wick Sticks Perfumados Flor de Cerejeira x5,AIRWICK,Emb. 0.025 LT,"7,19€","287,60€ / LT",
Alimento Húmido P/ Gato C/ Coelho,GOURMET GOLD,Emb. 0.085 KG,"0,74€","8,71€ / KG",
Ice Tea Pêssego,FRESH TEA,Garrafa 1.5 LT,"1,25€","0,83€ / LT",
Lombinhos de Porco Embalados,,Emb. 0.5 KG (aprox.),"6,49€/kg","3,25€ / Unid.",
Massa Cotovelinhos,MILANEZA,Emb. 0.5 KG,"1,19€","2,38€ / KG",
Banana da Madeira,,1 Unid. = 0.18 KG (aprox.),"2,69€/kg","0,48€ / Unid.",
FEIJAO CATARINO SACO,NOTRE JARDIN,Emb. 1 KG,"1,89€","1,89€ / KG",
SACO ASPIRADOR S201,ELSAY,Emb. 1 UNID.,"3,49€","3,49€ / UNID.",
Queijo Mistura,PAIVA,1 Unid. = 1.2 KG (aprox.),"7,99€/kg","9,59€ / Unid.",
COLA GEL 30ML,ESQUISSE,Emb. 1 UNID.,"1,49€","1,49€ / UNID.",
PAO COM CHOCOLATE (NAPOLITANAS) X12 (SAQ INDIVIDUAL),EPI D'OR,Emb. 0.54 KG,"2,99€","5,54€ / KG",
Iogurte Bifidus Magro Líquido Activia Pêssego Maracujá 4 Unid.,ACTIVIA,Emb. 0.62 KG,"1,99€","3,21€ / KG",
Molho Passata Guloso C/Manjericao E Oregãos 210G,GULOSO,Emb. 0.21 KG,"0,69€","3,29€ / KG",
AFIA 2 ENTRADAS METAL,ESQUISSE,Emb. 1 UNID.,"1,39€","1,39€ / UNID.",
Jardineira Mistura de Vegetais Ultracongelados,IGLO,Emb. 0.65 KG,"2,49€","3,83€ / KG",
BRINQUEDO VINYL P/CAO PEQ.,P'TIT AMI,Emb. 1 UNID.,"2,99€","2,99€ / UNID.",
BOLSA CATALOGO A4 50UN,ESQUISSE,Emb. 50 UNID.,"3,99€","0,08€ / UNID.",
IDENTIFICADOR BAGAGEM PLASTICO 2UN,RIVERSIDE,,"2,50€",/ Unid.,
Queijo Curado de Ovelha Amanteigado 500Gr,OURO DO PASTOR,0.5 KG,"14,39€","28,78€ / KG",
Gelatina Light Morango 4 Unid.,ROYAL,Emb. 0.4 KG,"1,98€","4,95€ / KG",
Sidra com Álcool Maça 4x33cl,SOMERSBY,Emb. 1.32 LT,"3,99€","3,02€ / LT",
Espátula P/ Gesso 14Cm,FOXTER,Emb. 1 UNID.,"2,50€","2,50€ / UNID.",
Tempero de Alho & Salsa 8 Cubos,KNORR,Emb. 0.072 KG,"1,49€","20,69€ / KG",
Vinagre de Álcool Cristal,ECO+,Garrafa 1.5 LT,"1,15€","0,77€ / LT",
Elixir Oral Dentes & Gengivas Menta Fresca,LISTERINE,Emb. 1 LT,"7,99€","7,99€ / LT",
AUSONIA AIRDRY SUPER ABAS 30,AUSONIA,Emb. 30 UNID.,"4,19€","0,14€ / UNID.",
Toalhitas Limpa Óculos,CLAIR,Emb. 54 UNID.,"1,29€","0,02€ / UNID.",
Farinha S/ Fermento T65,NACIONAL,Emb. 1 KG,"1,04€","1,04€ / KG",
PILHAS ALCALINAS LR6 TECH+,FOXTER,Emb. 8 UNID.,"3,59€","0,45€ / UNID.",
Pizza Barbecue,CAMPOFRIO,Emb. 0.41 KG,"3,39€","8,27€ / KG",
Rolo de Cozinha Extra XXL,RENOVA,Emb. 1 ROLO,"1,19€","1,19€ / ROLO",
Preparado Creme Leve de Legumes,,Emb. 0.6 KG,"1,99€","3,32€ / KG",
Massa Bago,MILANEZA,Emb. 0.25 KG,"0,64€","2,56€ / KG",
Espumante Asti,MARTINI,Garrafa 0.75 LT,"8,65€","11,53€ / LT",
Bolachas Maria Oro,CUÉTARA,Emb. 0.2 KG,"0,96€","4,80€ / KG",
Cápsulas de Café C/ Leite Intenso,DOLCE GUSTO,Emb. 16 CAPS.,"5,57€","0,35€ / CAPS.",
RECARGA MOPA SECA,,Emb. 1 UNID.,"3,80€","3,80€ / UNID.",
Iogurte Bifidus Líquido Morango e Kiwi 0% 4 Unid.,DANONE,Emb. 0.62 KG,"1,99€","3,21€ / KG",
Bolachas Wafer de Limão,VIEIRA,Emb. 0.125 KG,"1,14€","9,12€ / KG",
VINHO DÃO CASA DE SANTAR RESERVA TINTO 75,CASA DE SANTAR,,"14,98€",/ Unid.,
Penso Incontinência Discreet Normal,AUSONIA,Emb. 12 UNID.,"2,89€","0,24€ / UNID.",
ÓLEO BRONZEADOR CÔCO,AMBRE SOLAIRE,Emb. 0.2 LT,"12,83€","64,15€ / LT",
Biscoitos Tranças com Cobertura de Chocolate de Leite,P'TIT DÉLI,Emb. 0.09 KG,"1,49€","16,56€ / KG",
Vinho Regional Península de Setúbal Branco,SERRAS DE AZEITÃO,Garrafa 0.75 LT,"2,64€","3,52€ / LT",
Batatas Pré-Fritas Finas Forno Óleo Girassol,POM'LISSE,Emb. 0.6,"1,39€","2,32€ /",
Bolachas Cookies Pepitas de Chocolate,CHIPS AHOY,Emb. 0.128 KG,"1,59€","12,42€ / KG",
Adoçante,CANDEREL,Emb. 100 UNID.,"2,39€","0,02€ / UNID.",
OSSOS P/ MASTIGAR RECHEADOS C/ VACA P/ CAO 2UN,TOUS MES AMIS,Emb. 2 UNID.,"1,39€","0,70€ / UNID.",
Queijo Fundido 16 Porções,A VACA QUE RI,Emb. 0.28 KG,"3,79€","13,54€ / KG",
Mini Gelados de Chocolate Branco e de Chocolate Branco com Amêndoas Pack 6,MAGNUM,Emb. 0.33 LT,"3,99€","12,09€ / LT",
Néctar Clássico Manga,JAFADEN,Emb. 1 LT,"0,99€","0,99€ / LT",
Bolachas Digestivas Tradicionais,THINS,Emb. 0.174 KG,"1,39€","7,99€ / KG",
Martini Rosso,MARTINI,Garrafa 1 LT,"10,99€","10,99€ / LT",
Queijo Flamengo Fatias Redondas,PAIVA,,"2,09€",/ Unid.,
CONDICIONADOR EXTRA COR,VITANOVE,Emb. 0.2 LT,"1,24€","6,20€ / LT",
JARRO ELECTRICO INOX 1500W 1L,ELSAY,Emb. 1 UNID.,"22,90€","22,90€ / UNID.",
NOODLES DE FRANGO,TABLES DU MONDE,Emb. 0.061 KG,"0,89€","14,59€ / KG",
Amaciador para a Roupa Pure,COMFORT,Emb. 78 DOSES,"3,99€","0,05€ / DOSES",
MINI AGRAFADOR Nº10 + 400AGRAFOS,ESQUISSE,Emb. 1 UNID.,"3,29€","3,29€ / UNID.",
"Refrigerante com Gás Laranja Lata 6x0,33L",SUMOL,Emb. 1.98 LT,"4,19€","2,12€ / LT",
TESOURA 16CM,ESQUISSE,Emb. 1 UNID.,"2,29€","2,29€ / UNID.",
Pensos Incontinencia Anatómicos Máxima,LINDOR,Emb. 20 UNID.,"10,89€","0,54€ / UNID.",
Alimento Seco P/ Gato Crunchy e Tender Salmão Atum,PURINA FRISKIES,Emb. 1.5 KG,"5,99€","3,99€ / KG",
Cebola Amarela Org. Esp. cal.50/70,,Emb. 0.5 KG,"1,39€","2,78€ / KG",
PILHAS BOTAO LR44,FOXTER,Emb. 5 UNID.,"1,29€","0,26€ / UNID.",
Leite Bem Especial S/ Lactose Infantil Meio Gordo,MIMOSA,Emb. 1 LT,"1,79€","1,79€ / LT",
Néctar Clássico Pêssego 3 Unid.,JAFADEN,Emb. 0.6 LT,"0,89€","1,48€ / LT",
SALSICHA CHURRASCO CLASSICA,CAMPO FINO,Emb. 0.2 KG,"1,49€","7,45€ / KG",
Iogurte de Pedaços Cereais e Avelã,MIMOSA,Emb. 0.48 KG,"1,49€","3,10€ / KG",
CHOURICO ESPANHOL FORTE,ST AZAY,Emb. 0.15 KG,"1,89€","12,60€ / KG",
Esfregão Regular,BRAVO,Emb. 1 P,"0,98€","0,98€ / P",
Creme Hidratante Dupla Ação,CLEAN & CLEAR,Emb. 0.1 LT,"6,90€","69,00€ / LT",
Queijo Brie,PRÉSIDENT,1 Unid. = 0.25 KG (aprox.),"14,99€/kg","3,75€ / Unid.",
Azeite Virgem,RUSTICA,Garrafa 0.75 LT,"3,85€","5,13€ / LT",
BL1 LED STANDARD 8W-75W E27 LUZ AMARELA,FOXTER,Emb. 1 UNID.,"6,59€","6,59€ / UNID.",
FIAMBRE PERNA EXTRA MAGRO -25% TEOR SAL 4F,TRADILÈGE,Emb. 0.16 KG,"2,59€","16,19€ / KG",
Maracujá Roxo,,1 Unid. = 0.1 KG (aprox.),"7,99€/kg","0,80€ / Unid.",
GELADO TRIUM LIMAO MERENGADO COB. CHOCO BRANCO 4UN,TRIUM,Emb. 4 UNID.,"2,25€","0,56€ / UNID.",
REFRIGERANTE S/GAS MULTIFRUTOS,JAFUN,Emb. 10 UNID.,"3,49€","0,35€ / UNID.",
Manteiga Tradicional,PRIMOR,Emb. 0.25 KG,"2,29€","9,16€ / KG",
Mistura de Frutos do Bosque,MARQUE REPERE,Emb. 0.2 KG,"2,99€","14,95€ / KG",
Pudim Chocolate,BOCA DOCE,Emb. 0.022 KG,"0,54€","24,55€ / KG",
"ALIMENT BEBE: PURE FEIJAO VERDE, BATATA BIO +4M  2X120G",BIO VILLAGE BEBE,Emb. 0.24 KG,"1,35€","5,63€ / KG",
Iogurte Grego Natural,DÉLISSE,Emb. 1 KG,"2,25€","2,25€ / KG",
Preparado de Culinária de Soja Biológico 3x200ml,,Emb. 0.6 L,"3,99€","6,65€ / L",
Água Coco 100% Natural,JAFADEN,Emb. 1 LT,"2,39€","2,39€ / LT",
Batatas P/ Fritar,,Emb. 3 KG,"3,39€","1,13€ / KG",
DETERGENTE MANUAL LOICA CONCENTRADO MENTA/EUCALIPTO ECOLOGICO 500ML,UNÍ VERT,Emb. 0.5 LT,"1,49€","2,98€ / LT",
GELATINA FRUTOS TROPICAIS LIGHT CONDI 2X15,CONDI,Emb. 0.3 KG,"1,79€","5,97€ / KG",
Amendoins Torrados C/ Sal,TOKAPI,Emb. 0.25 KG,"1,09€","4,36€ / KG",
Queijo Le Brie,PRÉSIDENT,Emb. 0.2 KG,"3,39€","16,95€ / KG",
Ambientador Recarga Elétrico Lavanda e Aloé Vera,GLADE,Emb. 2 UNID.,"7,18€","3,59€ / UNID.",
Gelatina Light Sabor a Morango,TABLIER BLANC,Emb. 0.031 KG,"0,79€","25,48€ / KG",
SALSICHA FRANCFORT 4UN,TRADILÈGE,,"2,09€",/ Unid.,
Carne de Porco Salgada C/ Lentilhas,CÔTÉ TABLE,Emb. 0.42 KG,"1,79€","4,26€ / KG",
Massa Couscous Grão Médio,MILANEZA,Emb. 1 KG,"2,39€","2,39€ / KG",
Pimento Padrão,,1 Unid. = 0.25 KG  (aprox.),"5,99€/kg","1,50€ / Unid.",
BATOM NUTRITIVO 2UN,INELL,Emb. 2000 UNID.,"1,89€","0,00€ / UNID.",
Conserva de Pickles em Vinagre,RUSTICA,Emb. 0.3 KG,"1,99€","6,63€ / KG",
BEBIDA ARROZ ORIGINAL,ALPRO,Emb. 1 LT,"1,97€","1,97€ / LT",
Neoblanc Gentil Higiene Lixívia,NEO BLANC,Emb. 2 LT,"5,75€","2,88€ / LT",
CHOCOLATE C/ RECHEIO CREME LEITE,TABLETTE D'OR,,"2,15€",/ Unid.,
Ice Tea Limão Zero Açúcar,LIPTON,Emb. 0.6 LT,"1,13€","1,88€ / LT",
Preparado de Carne Bovino Picada,FERIAL,Emb. 1 KG,"9,99€","9,99€ / KG",
TERRA UNIVERSAL BIO 20L,BEAUX JOURS,Emb. 20 LT,"2,50€","0,13€ / LT",
Vinho Alto das Serpas Tinto,ALTO DAS SERPAS,Emb. 5 LT,"6,74€","1,35€ / LT",
IOGURTE DELILIGHT 0% IOG.NATURAL,DÉLISSE,Emb. 1.5,"1,99€","1,33€ /",
Vinho Rosé,FAISÃO,Emb. 1 LT,"1,99€","1,99€ / LT",
Andouillettes 3 Unid.,TRADILÈGE,Emb. 0.42 KG,"3,59€","8,55€ / KG",
Fio Dentário Expansivo Sabor Menta,SENSODYNE,Emb. 1 P,"3,49€","3,49€ / P",
Massa Ondas,MILANEZA,Emb. 0.5 KG,"1,55€","3,10€ / KG",
"Cuvete de Alumínio 5x1,5L",ELEMBAL,Emb. 5 UNID.,"2,49€","0,50€ / UNID.",
Esparguete,MILANEZA,Emb. 0.5 KG,"0,78€","1,56€ / KG",
Conector Mangueira Rápido 19Mm,BEAUX JOURS,Emb. 1 UNID.,"0,99€","0,99€ / UNID.",
Vinho Regional Alentejano Tinto,QUINTA DO CARMO,Garrafa 0.75 LT,"16,82€","22,43€ / LT",
ENROLADOR DOMESTICO 7M FOXTE,FOXTER,Emb. 1 UNID.,"13,99€","13,99€ / UNID.",
Água S/ Gás Mineral,,Garrafa 1.5 LT,"0,40€","0,27€ / LT",
Café Solúvel em Saquetas,NESCAFÉ,Emb. 6 UNID.,"3,19€","0,53€ / UNID.",
ACUCAR AMARELO,TÉVA,1 0,"1,39€",inf€ /,
AXE GEL APOLLO,AXE,Emb. 0.4 LT,"3,29€","8,23€ / LT",
Detergente Roupa Máquina Líquido Sensitive,SKIP,Emb. 80 DOSES,"15,99€","0,20€ / DOSES",
Amaciador Concentrado Aromaterapia Violeta,VERNEL,Emb. 57 DOSES,"3,29€","0,06€ / DOSES",
Sacos de Lixo Casa de Banho com Atilho 20x10L,ELEMBAL,Emb. 20 UNID.,"0,89€","0,04€ / UNID.",
Cerveja com Álcool Green Limão 6x33cl,SUPER BOCK,Emb. 1.98 LT,"4,49€","2,27€ / LT",
Alimento Húmido P/ Gato Completo Geleia Carne 390g,LYCAT,Emb. 4 UNID.,"3,69€","0,92€ / UNID.",
BATATA FRITA LISA S/ SAL,POM'LISSE,Emb. 0.125 KG,"1,45€","11,60€ / KG",
Purina ONE Dual Nature Sterilized Vaca,PURINA,Emb. 0.4 KG,"3,98€","9,95€ / KG",
Sumo 8 Frutos,UM BONGO,Emb. 1 LT,"1,29€","1,29€ / LT",
TERRA MUDANCA VASO BIO 20L,BEAUX JOURS,Emb. 20 LT,"2,50€","0,13€ / LT",
Bife da Vazia Novilho,,1 Unid. = 0.55 KG (aprox.),"15,99€/kg","8,79€ / Unid.",
Gelatina Morango 4 Unid.,ROYAL,Emb. 0.4 KG,"1,69€","4,23€ / KG",
Espuma Barbear Revitalizante,CARRÉ HOMME,Emb. 0.2 LT,"1,49€","7,45€ / LT",
IOGURTE LIQUIDO FRUTOS TROPICAIS,DÉLISSE,Emb. 0.72 KG,"1,55€","2,15€ / KG",
Sangria Don Simon,DON SIMON,Garrafa 1.5 LT,"2,29€","1,53€ / LT",
London Dry Gin,GIBSON'S,Garrafa 0.7 LT,"9,49€","13,56€ / LT",
Creme Limpeza Micro Cristais Limão,CIF,Emb. 0.7 LT,"2,49€","3,56€ / LT",
Creme Autobrilhante Castanho Calçado com Esponja,SPLENDOR,Emb. 0.04 LT,"1,79€","44,75€ / LT",
FRESHMATIC COM RECARGA LIFE SCENTS DELÍCIAS DE VERÃO,AIRWICK,Emb. 1 UNID.,"7,19€","7,19€ / UNID.",
Spray Mousse,NEOBLANC,Spray 0.7 LT,"2,59€","3,70€ / LT",
Papel Higiénico 2 Folhas Original,SCOTTEX,Emb. 32 ROLOS,"6,98€","0,22€ / ROLOS",
VELAS TEALIGHTS 100UN,ECO+,Emb. 100 UNID.,"4,99€","0,05€ / UNID.",
Azeitonas Pretas Descaroçadas,AGRODELTA,Emb. 0.16 KG,"1,49€","9,31€ / KG",
PILHAS ALCALINAS LR06,ECO+,Emb. 8 UNID.,"1,79€","0,22€ / UNID.",
Bolachas de Cacau Recheadas com Creme Baunilha,OREO,Emb. 0.154 KG,"1,29€","8,38€ / KG",
Gel Banho Romã Natural,MANAVA,Emb. 0.75 LT,"1,79€","2,39€ / LT",
Óleo Alimentar 3L,FULA,Garrafão 3 LT,"7,89€","2,63€ / LT",
"Iogurte de Manga, Morango e Pêssego 8x120g",DANONE,Emb. 0.96 KG,"1,99€","2,07€ / KG",
Bolachas com Recheio de Limão Cobertura Chocolate,P'TIT DÉLI,Emb. 0.15 KG,"1,19€","7,93€ / KG",
Pensos Higiénicos Cottonlike Normal Alas,EVAX,Emb. 1 P,"2,69€","2,69€ / P",
Queijo Picante da Beira Baixa Dop,DAMAR,1 Unid. = 0.325 KG (aprox.),"14,99€/kg","4,87€ / Unid.",
Mistura de Pimentas 5 Bagas,MARGÃO,Emb. 0.024 KG,"3,98€","165,83€ / KG",
Chipicao Mini Croissant Pack Creme de Cacau,CHIPICAO,Emb. 0.199 KG,"1,99€","10,00€ / KG",
Miolo de Amêndoa Moído,MARQUE REPERE,Emb. 0.2 KG,"2,98€","14,90€ / KG",
Bolachas Recheadas com Aroma a Chocolate,P'TIT DÉLI,Emb. 0.3 KG,"1,20€","4,00€ / KG",
Gelado de Chocolate,CARTE D'OR,Emb. 0.75 LT,"1,94€","2,59€ / LT",
Fraldas Bebé T3 Doucer 4/9Kg,MOTS D'ENFANTS,Emb. 90 UNID.,"11,49€","0,13€ / UNID.",
Laca Cabelos Oleosos,SUNSILK,Emb. 0.3 LT,"3,89€","12,97€ / LT",
Coloração 4-2 Castanho Avermelhado 16X3,SYOSS,,"4,99€",/ Unid.,
BOLACHA PALET RECEITA MADALENAS X8,P'TIT DÉLI,Emb. 0.125 KG,"0,99€","7,92€ / KG",
PORTFOLIO A4 80 BOLSAS,ESQUISSE,Emb. 1 UNID.,"4,19€","4,19€ / UNID.",
MASSA PIZZA RECTANG.T.BL,TABLIER BLANC,Emb. 0.385 KG,"1,79€","4,65€ / KG",
Pantene Cuidado Clássico Champô,PANTENE PV,Emb. 0.25 LT,"3,75€","15,00€ / LT",
LOTE DE 3 ALICATES,FOXTER,Emb. 1 UNID.,"14,90€","14,90€ / UNID.",
Bebida de Arroz Original,SHOYCE,Emb. 1 LT,"1,25€","1,25€ / LT",
Sumo 8 Frutos 3x20 cl,UM BONGO,Emb. 0.6 LT,"1,38€","2,30€ / LT",
Farinha Extra Fina S/ Fermento T55,NACIONAL,Emb. 1 KG,"1,08€","1,08€ / KG",
Rúcula Selvagem,,Emb. 0.1 KG,"1,05€","10,50€ / KG",
SACOS LIXO C/ ATILHO 20L,ELEMBAL,Emb. 20 UNID.,"0,89€","0,04€ / UNID.",
Vinho Regional Dão Seleção Branco,CABRIZ,Garrafa 0.75 LT,"4,99€","6,65€ / LT",
5 Cereais C/ Cereais Integrais,NESTUM,Emb. 0.25 KG,"1,99€","7,96€ / KG",
Alimento Perle Húmido P/ Gato C/ Molho Salmão e Atum 4x85g,PURINA,Emb. 0.34 KG,"2,99€","8,79€ / KG",
Bolachas Crackers Integral,DU BOIS DE LA ROCHE,Emb. 0.5 KG,"3,09€","6,18€ / KG",
"BEBIDA SOJA C/CALCIO LIGHT ,1L",ALPRO,Emb. 1 LT,"1,89€","1,89€ / LT",
Toalhitas Limpa Pó Electrostáticas,,Emb. 40 UNID.,"1,99€","0,05€ / UNID.",
Chá de Cidreira,LIPTON,Emb. 10 SAQ.,"0,69€","0,07€ / SAQ.",
BOLACHAS VITALDAY CROCANTE CHOCOLATE 280G,GULLÓN,Emb. 0.28 KG,"1,89€","6,75€ / KG",
Interruptor 2P+Proteção,ECO+,Emb. 1 UNID.,"3,20€","3,20€ / UNID.",
Azeite Virgem Extra Clássico,GALLO,Emb. 0.75 LT,"4,49€","5,99€ / LT",
Pão de Forma Grande,BIMBO,Emb. 0.375 KG,"1,59€","4,24€ / KG",
Conserva de Feijocas Verdes Extrafinas,NOTRE JARDIN,Lata 0.53 KG,"1,75€","3,30€ / KG",
PEITO DE FRANGO FATIADO,CAMPO FINO,Emb. 0.2 KG,"1,79€","8,95€ / KG",
Detergente Loiça Manual Concentrado Maça,SUPER POP,Emb. 0.7 LT,"1,49€","2,13€ / LT",
Conserva de Tomate em Pedaços,GULOSO,Emb. 0.39 KG,"1,47€","3,77€ / KG",
Conserva Cogumelos de Paris Laminados Biológicos,,Frasco 0.28 KG,"2,09€","7,46€ / KG",
Polvo Limpo Ultracongelado,,Emb. 0.5 KG,"6,59€","13,18€ / KG",
Bolachas de Água e Sal Integral -40% de Sal,VIEIRA,Emb. 0.186 KG,"2,29€","12,31€ / KG",
Limonada,SPRINK'S,Emb. 1.5 LT,"1,19€","0,79€ / LT",
Vinho Regional Lisboa Tinto,VIDIGAL PORTA 6,Garrafa 0.75 LT,"3,79€","5,05€ / LT",
Bolachas Maria Doces,VIEIRA,Emb. 0.3 KG,"2,29€","7,63€ / KG",
Mistura de Frutos Secos C/ Sal,MARQUE REPERE,Emb. 0.2 KG,"1,69€","8,45€ / KG",
Gomas Tijolos,COPAÍNS COPINES,Emb. 0.2 KG,"0,99€","4,95€ / KG",
Pão Hamburger,EPI D'OR,Emb. 4 UNID.,"0,99€","0,25€ / UNID.",
ENVELOPE SILICONE 114X162MM,ESQUISSE,Emb. 100 UNID.,"2,99€","0,03€ / UNID.",
Couve Nabiça,,1 Unid. = 0.95 KG (aprox.),"1,29€/kg","1,23€ / Unid.",
Lip Therapy Aloe Vera,VASELINE,Emb. 0.017 KG,"2,79€","164,12€ / KG",
Champô Cuidado Clássico,TRESEMMÉ,Emb. 0.9 LT,"6,59€","7,32€ / LT",
Vassoura Espalmada Lisa C/ Cabo,,Emb. 1 UNID.,"1,99€","1,99€ / UNID.",
Leite C/ Chocolate Light 4 Unid.,MIMOSA,Emb. 0.8 LT,"2,09€","2,61€ / LT",
OIKOS AMORA 110G X4,OIKOS,Emb. 0.44 KG,"2,39€","5,43€ / KG",
Tira-Nódoas para Roupa Branca em Gel,SKIP,Emb. 1.6 LT,"6,99€","4,37€ / LT",
"BOLACHAS ""GENOISES"" PERA",P'TIT DÉLI,Emb. 0.15 KG,"0,98€","6,53€ / KG",
Pêssego em Calda,ECO+,Emb. 0.85 KG,"1,99€","2,34€ / KG",
Bolacha Waffer Rollitos,CUÉTARA,Emb. 0.225 KG,"3,65€","16,22€ / KG",
Kiwi Gold,,1 Unid. = 0.4 KG  (aprox.),"6,99€/kg","2,80€ / Unid.",
Refrigerante S/ Gás Laranja,AQUARIUS,Garrafa 1.5 LT,"1,99€","1,33€ / LT",
BOLACHA AMENDOIM,,Emb. 0.26 KG,"2,75€","10,58€ / KG",
Conserva de Milho Doce Grão,ECO+,Emb. 0.3 KG,"0,80€","2,67€ / KG",
Desentupidor em Gel Forza Canos,MR MUSCLE,Emb. 0.1 LT,"4,09€","40,90€ / LT",
Maçã Pink Lady Cal. 70/75,,1 Unid. = 0.19 KG (aprox.),"2,85€/kg","0,54€ / Unid.",
Esparguete,CAÇAROLA,Emb. 0.5 KG,"0,98€","1,96€ / KG",
Sabonete Delicado Care 4 unid.,PALMOLIVE,Emb. 0.09 KG,"3,39€","37,67€ / KG",
Gel de Banho Black XL,AXE,Emb. 0.4 LT,"3,29€","8,23€ / LT",
Café Moagem Universal Timor,DELTA,Emb. 0.22 KG,"2,95€","13,41€ / KG",
Sementes de Abóbora,MARQUE REPERE,Emb. 0.2 KG,"1,89€","9,45€ / KG",
Mousse de Chocolate,TABLIER BLANC,Emb. 0.15 KG,"0,79€","5,27€ / KG",
NECTAR FRUTOS DO POMAR SEM ADICAO DE AÇÚCARES,JAFADEN,Emb. 1 LT,"1,40€","1,40€ / LT",
Espuma de Barbear,,,"1,29€",/ Unid.,
Vinho Verde Branco,CASAL GARCIA,Garrafa 0.75 LT,"3,19€","4,25€ / LT",
Conserva de Cogumelos Laminados Da Horta,COMPAL,Emb. 0.29 KG,"0,99€","3,41€ / KG",
BANDAS DEPILATORIAS CERA FRIA PELE SENSIVEL ROSTO 32UN,SLISS,Emb. 32 UNID.,"1,84€","0,06€ / UNID.",
Fondue de Novilho,,1 Unid. = 0.46 KG  (aprox.),"11,98€/kg","5,51€ / Unid.",
SALSICHA CHURRASCO ERVAS AROMATICAS,CAMPO FINO,Emb. 0.2 KG,"1,49€","7,45€ / KG",
Conserva de Grão da Horta,COMPAL,Lata 0.42 KG,"0,99€","2,36€ / KG",
TOALHITAS DESMAQUILHANTES PELES SENSIVEIS COM AGUA MICELAR 25UN,INELL,Emb. 25 UNID.,"0,99€","0,04€ / UNID.",
DETERGENTE MANUAL LOICA CONCENTRADO HIPOALERG.ECOLOGICO 500ML,UNÍ VERT,Emb. 0.5 LT,"1,49€","2,98€ / LT",
Sobremesa Creme Baunilha com Caramelo 4x125g,DÉLISSE,Emb. 0.5 KG,"1,79€","3,58€ / KG",
Spray de Limpeza Vidros e Superfícies Brilhantes Power&Shine,CIF,Emb. 0.75 LT,"2,49€","3,32€ / LT",
Escova de Dentes Suave Whole Mouth Clean,COLGATE,Emb. 1 UNID.,"3,99€","3,99€ / UNID.",
SACOS LIXO FECHO FACIL 20L,ELEMBAL,Emb. 20 UNID.,"1,05€","0,05€ / UNID.",
CROQUETES P/ GATOS SALMAO E ARROZ PREMIUM,PLENIMA,,"1,69€",/ Unid.,
MÁSCARA VIAGEM,RIVERSIDE,Emb. 1 UNID.,"1,49€","1,49€ / UNID.",
MINI SNACKS HIGIENE DENTARIA P/ GATO,TOUS MES AMIS,,"0,85€",/ Unid.,
LENCOS DE BOLSO 4F ECO,UNÍ VERT,Emb. 15 UNID.,"1,99€","0,13€ / UNID.",
"Bolachas Digestivas Finas de Aveia, Pedaços de Chocolate e Arandos",THINS,Emb. 0.27 KG,"2,19€","8,11€ / KG",
Salsichas Cocktail,TOKAPI,Lata 0.42 KG,"1,89€","4,50€ / KG",
"Gelado ""Tyrolia"" Caramelo",ESKISS,Emb. 0.65 LT,"2,25€","3,46€ / LT",
RECARGA P/ ESCOVA DENTES MACIA CABECA RECARRREGAVEL,DENTAMYL,,"1,25€",/ Unid.,
Miolo de Camarão Ultracongelado,PESCANOVA,Emb. 0.2 KG,"4,79€","23,95€ / KG",
Licor de Ginja,GINJA D' ÓBIDOS,Emb. 0.7 LT,"14,80€","21,14€ / LT",
Faca de Pintor 8Cm,FOXTER,Emb. 1 UNID.,"1,99€","1,99€ / UNID.",
Conserva de Azeitonas Cocktail,RUSTICA,Emb. 0.54 KG,"2,19€","4,06€ / KG",
Desodorizante Deo Spray Bio-Eficácia 48H Narta,GARNIER,Emb. 0.2 LT,"3,65€","18,25€ / LT",
Vinho Regional Douro Branco,TONS DUORUM,Garrafa 0.75 LT,"4,39€","5,85€ / LT",
Detergente Roupa Proteção Cores,WOOLITE,Emb. 30 DOSES,"6,99€","0,23€ / DOSES",
Queijo Pointe de Brie,LES CROISÉS,Emb. 0.2 KG,"1,69€","8,45€ / KG",
Mistura Solúvel Café,PLANTATION,Frasco 0.2 KG,"2,39€","11,95€ / KG",
Leite Condensado Magro,DÉLISSE,Emb. 0.37 KG,"1,09€","2,95€ / KG",
CONE NATA MORANGO 6UN,SMICY,Emb. 0.12 LT,"1,69€","14,08€ / LT",
"AGUARDENTE VINICA VELHA,,70CL",,0.07 CL,"18,87€","269,57€ / CL",
Fralda Cueca T6 +16Kg Eco,MOTS D'ENFANTS,Emb. 18 UNID.,"6,99€","0,39€ / UNID.",
Caldo de Galinha,KNORR,Emb. 0.16 KG,"2,39€","14,94€ / KG",
Atum em Óleo Vegetal,BOM PETISCO,Emb. 0.12 KG,"1,26€","10,50€ / KG",
Refrigerante sem Gás Ananás,FRUTIS,Emb. 1.5 LT,"1,15€","0,77€ / LT",
Arroz Agulha,PATO REAL,Emb. 1 KG,"1,18€","1,18€ / KG",
Arroz Doce com Aroma de Baunilha 4x115g,DÉLISSE,Emb. 0.46 KG,"1,79€","3,89€ / KG",
Barras de Peixe Panadas Pré-Fritas 15x30g Ultracongeladas,ECO+,Emb. 0.45 KG,"2,29€","5,09€ / KG",
Tampões com Aplicador Pearl Regular,TAMPAX,Emb. 24 UNID.,"4,94€","0,21€ / UNID.",
Caldo Galinha 16 Cubos,MAGGI,Emb. 0.16 KG,"2,09€","13,06€ / KG",
Pão de Forma Integral sem Côdea,EPI D'OR,Emb. 0.45 KG,"2,09€","4,64€ / KG",
Cotonetes Stoppers Bebé,MOTS D'ENFANTS,Emb. 50 UNID.,"0,48€","0,01€ / UNID.",
Azeite virgem,GALLO,Emb. 3 LT,"15,89€","5,30€ / LT",
Alimento Seco P/ Gato Vaca e Frango,PURINA FRISKIES,Emb. 2 KG,"6,29€","3,15€ / KG",
Ameixa Seca C/ Caroço,MARQUE REPERE,Emb. 0.25 KG,"1,99€","7,96€ / KG",
Batatas Fritas Lisas Camponesas,POM'LISSE,Emb. 0.2 KG,"1,19€","5,95€ / KG",
Tostas com Germen de Trigo Biológicas,,Emb. 0.3 KG,"1,99€","6,63€ / KG",
Esfregão Fibra Verde Classic XXL,SCOTCH BRITE,Emb. 1 UNID.,"0,99€","0,99€ / UNID.",
Vinagre Balsâmico de Modena Gourmet,GALLO,Emb. 0.25 LT,"2,16€","8,64€ / LT",
Pacotinho de Cereais e Bolacha Maria,NESTUM,Emb. 0.08 KG,"0,95€","11,88€ / KG",
Cracker com Arroz Tufado,DU BOIS DE LA ROCHE,Emb. 0.24 KG,"1,69€","7,04€ / KG",
DOCE EXTRA MIRTILO LIGHT,DOUCEUR DU VERGER,Emb. 0.34 KG,"1,99€","5,85€ / KG",
Desodorizante Roll-On Pepino 0%Alumínio,DOVE,Emb. 0.05 LT,"2,84€","56,80€ / LT",
DETERGENTE LIQUIDO F. LARANJEIRA /ALOE VERA ATIVOS VEGETAIS 50D,XÉOR,,"4,99€",/ Unid.,
Alimento Seco P/ Gato C/ Carne de Vaca,PURINA,Emb. 0.8 KG,"6,10€","7,63€ / KG",
Bloco sanitário power 5 duo pack ocean,DOMESTOS,Emb. 0.11 KG,"2,74€","24,91€ / KG",
Rebuçados de Fruta,COPAÍNS COPINES,Emb. 0.25 KG,"1,29€","5,16€ / KG",
Croissant de Manteiga 8Unid.,EPI D'OR,Emb. 0.32 KG,"2,29€","7,16€ / KG",
Maionese,HELLMANN'S,Emb. 0.763 KG,"4,99€","6,54€ / KG",
Cereais Pétalas Trigo Chocolate,P'TIT DÉLI,Emb. 0.4 KG,"1,34€","3,35€ / KG",
Espumante Reserva Bruto,RAPOSEIRA,Garrafa 0.75 LT,"6,89€","9,19€ / LT",
Vinagre de Vinho Branco,RUSTICA,Garrafa 0.75 LT,"0,65€","0,87€ / LT",
Recarga para Difusor Automático Delicias de Verão,AIRWICK,Emb. 0.019 LT,"3,59€","188,95€ / LT",
Tablete Chocolate 70% Cacau,LA CASA,Emb. 0.1 KG,"1,64€","16,40€ / KG",
VINAGRE BALSAMICO BRANCO,RUSTICA,Emb. 0.025 LT,"1,69€","67,60€ / LT",
CRISTAIS SODA 500G CLAIR,CLAIR,Emb. 0.5 KG,"1,99€","3,98€ / KG",
Molho de Tomate com Azeitonas e Manjericão,TURINI,Emb. 0.42 KG,"1,45€","3,45€ / KG",
Café Original Moído,BUONDI,Emb. 0.22 KG,"2,95€","13,41€ / KG",
CANETA CORRETORA,ESQUISSE,Emb. 1 UNID.,"0,69€","0,69€ / UNID.",
Detergente Manual Loiça Concentrado Original,FAIRY,Emb. 0.78 LT,"2,69€","3,45€ / LT",
Pó Compacto Stay Matte,RIMMEL,Emb. 0.014 KG,"9,89€","706,43€ / KG",
Massa Estrelinhas,TURINI,Emb. 0.25 KG,"0,55€","2,20€ / KG",
Creme Barbear Sensitive,PALMOLIVE,Emb. 0.1 LT,"2,69€","26,90€ / LT",
Barrinhas P/ Porquinhos-da-Índia sabor a Frutas,TOUS MES AMIS,Emb. 0.11 KG,"1,85€","16,82€ / KG",
Leite Bem Essencial C/ Sabor a Cereais,MIMOSA,Emb. 0.8 LT,"1,69€","2,11€ / LT",
Batatas Fritas Light,LAY'S,Emb. 0.14 KG,"1,69€","12,07€ / KG",
Tortellini de Queijo,KNORR,Emb. 0.25 kg,"2,85€","11,40€ / kg",
Pão Torrado Integral Biológico,,Emb. 0.25 KG,"1,95€","7,80€ / KG",
COLORACAO VEGETAL HENA COBRE BIO,BIONAÏA,Emb. 1 UNID.,"5,99€","5,99€ / UNID.",
Tempero de Alho & Coentros 8 Cubos,KNORR,Emb. 0.072 KG,"1,49€","20,69€ / KG",
VASSOURA BORRACHA INTER/EXT,SILLAGE,Emb. 1 UNID.,"2,90€","2,90€ / UNID.",
AE COCKPIT 600 ML 600ML TECH9,TECH9,Emb. 0.6 LT,"3,79€","6,32€ / LT",
COTONETES ALGODAO C/ CAIXA DE TAMPA,INELL,Emb. 16 UNID.,"1,15€","0,07€ / UNID.",
Puré Maçã Ameixa S/ Adição Açúcar 4 Unid.,DOUCEUR DU VERGER,Emb. 0.4 KG,"1,59€","3,98€ / KG",
Bebida Energética Zero,X-TENSE,Garrafa 1 LT,"1,49€","1,49€ / LT",
Pá 29Cm,BEAUX JOURS,Emb. 1 UNID.,"10,99€","10,99€ / UNID.",
Patê Fiambre Sólo Natural,LA PIARA,Emb. 0.077 KG,"1,29€","16,75€ / KG",
Alimento Húmido P/ Gato Fórmula Indoor Atum e Vitela Pack 4,PURINA ONE,4 G,"2,95€","0,74€ / G",
Creme Hidratante Dia Age Perfect,DERMO EXPERTISE,Emb. 0.05 LT,"15,89€","317,80€ / LT",
Sumo Maçã e Pêssego C/ Gás S/ Álcool,GIBUS,Emb. 0.75 LT,"2,49€","3,32€ / LT",
MOLHO PARA BATATAS FRITAS,RUSTICA,Emb. 0.255 KG,"1,39€","5,45€ / KG",
Mistura Gourmet,TOKAPI,Emb. 0.12 KG,"1,79€","14,92€ / KG",
Bola de Berlim,,1 Unid. = 0.1 KG,"0,59€","5,90€ / KG",
"GEL DUCHE ""ROMA/PAEONIA"" CONCENTRADO",NATEIS,,"1,85€",/ Unid.,
Molho Wok,PALADIN,Emb. 0.25 LT,"2,40€","9,60€ / LT",
PATE PEIXE/CENOURA P/ GATO 410G,ECO+,Emb. 0.41 KG,"0,65€","1,59€ / KG",
COUVE DE BRUXELAS CONGELADAS,NOTRE JARDIN,Emb. 1 KG,"1,59€","1,59€ / KG",
Espuma Barbear Extra Hidratante,NIVEA MEN,Emb. 0.2 LT,"3,59€","17,95€ / LT",
Conserva de Salsichas 8 Unid.,IZIDORO,Lata 0.2 KG,"1,24€","6,20€ / KG",
Alimento Seco P/ Gatos Esterilizados Peru e Legumes,PURINA FRISKIES,Emb. 3 KG,"7,79€","2,60€ / KG",
Snack P/ Cão Adulto Biscuit,PURINA,Emb. 0.65 KG,"2,99€","4,60€ / KG",
"GELADO ""TYROLIA"" CREME BRULEE",ESKISS,Emb. 0.65 LT,"2,25€","3,46€ / LT",
Água Tónica,SCHWEPPES,Lata 0.25 LT,"0,79€","3,16€ / LT",
Gelatina Light Limão 4 Unid.,ROYAL,Emb. 0.4 KG,"1,98€","4,95€ / KG",
Alimento Seco para Cães Pequenos Croquetes,LYDOG,Emb. 2 KG,"4,99€","2,50€ / KG",
BOLACHA REDONDA RECHEIO CHOCOLATE (3UN),,Emb. 0.72 KG,"2,97€","4,13€ / KG",
Queijo da Ilha Fatiado,NOVA AÇORES,Emb. 0.15 KG,"1,69€","11,27€ / KG",
LENCOS BOLSO 4F ALOE VERA,CARESSE,Emb. 12 UNID.,"1,89€","0,16€ / UNID.",
Salva Camas 60x90CM,LINDOR,Emb. 15 UNID.,"9,59€","0,64€ / UNID.",
Desodorizante Creme,DOVE,Emb. 0.05 LT,"2,84€","56,80€ / LT",
Camarão Cozido Cal. 60/80,,1 Unid. = 0.28 KG (aprox.),"10,99€/kg","3,08€ / Unid.",
Paio York,CHARCUTARIA,1 Unid. = 0.1 KG (aprox.),"11,79€/kg","1,18€ / Unid.",
Rebuçados de Morango,COPAÍNS COPINES,Emb. 0.25 KG,"1,19€","4,76€ / KG",
MIOLO DE CAMARAO SKIN PACK 100/200,PÊCHE OCÉAN,Emb. 0.16 KG,"2,99€","18,69€ / KG",
Fraldas Activity T4 Extra 9-15 Kg,DODOT,Emb. 52 UNID.,"13,29€","0,26€ / UNID.",
Bolachas Maçã,NAT&VIE,Emb. 0.2 KG,"1,69€","8,45€ / KG",
Escova Colgate 360º Advanced Média,COLGATE,Emb. 1 UNID.,"4,99€","4,99€ / UNID.",
PRATO + NAPERON 32CM,,Emb. 1 UNID.,"0,69€","0,69€ / UNID.",
SPRAY ANTICALCARIO WC ECOLOGICO 750ML,UNÍ VERT,Emb. 0.75 LT,"1,95€","2,60€ / LT",
Halls Sem Açúcar Eucalipto,HALLS,Emb. 0.032 KG,"0,89€","27,81€ / KG",
QUEIJO VACA CURADO 4UN,LES CROISÉS,Emb. 0.2 KG,"2,39€","11,95€ / KG",
Garrafão de Moscatel em Palha,DORRÃO,Emb. 2 L,"12,99€","6,50€ / L",
Salsichão Seco,ST AZAY,Emb. 0.3 KG,"3,99€","13,30€ / KG",
Sidra Normand Brut,LES GOELLERIES,Garrafa 0.75 LT,"2,19€","2,92€ / LT",
Limpa Churrasqueiras e Recuperadores de Calor,MISTOLIN,Emb. 0.5 LT,"4,84€","9,68€ / LT",
TOALHITAS HIGIENE INTIMA,DOULYS,Emb. 20 UNID.,"0,79€","0,04€ / UNID.",
DOVE Sabonete Líquido para as Mãos Recarga,DOVE,Emb. 0.5 LT,"2,99€","5,98€ / LT",
Alimento Húmido P/ Cão Paté Borrego,TOUS MES AMIS,Emb. 0.3 KG,"0,79€","2,63€ / KG",
Dobrada de Feijão Branco,NOBRE,Lata 0.42 KG,"1,76€","4,19€ / KG",
Vinho Verde Branco,AVELEDA,Emb. 0.075 LT,"3,39€","45,20€ / LT",
Laranja Cal. 3/4,,1 Unid. = 0.34 KG (aprox.),"1,19€/kg","0,40€ / Unid.",
SORVETE MULTIFRUTOS TWIST 5UN,SMICY,Emb. 5 UNID.,"2,05€","0,41€ / UNID.",
Pintarolas,EPA,Emb. 0.6 LT,"2,99€","4,98€ / LT",
Molho Poke Bowl,PALADIN,Emb. 0.25 LT,"2,40€","9,60€ / LT",
MAQ.BARBEAR 3 LAMINAS DESCARTAVEL,CARRÉ HOMME,,"3,09€",/ Unid.,
Biscoitos P/ Roedores Ovo e Fruta,TOUS MES AMIS,Emb. 6 UNID.,"1,49€","0,25€ / UNID.",
Porta Fatos Grande,SILLAGE,Emb. 1 UNID.,"2,90€","2,90€ / UNID.",
Vinho Verde Branco,TERRAS DE FELGUEIRAS,Garrafa 0.75 LT,"1,99€","2,65€ / LT",
Gelatina Light Tropical,ROYAL,Emb. 0.031 KG,"1,85€","59,68€ / KG",
Iogurte Líquido Morango Framboesa 4x155g,CORPOS DANONE,Emb. 0.62 KG,"1,69€","2,73€ / KG",
Água S/ Gás 6 Unid.,ECO+,Garrafa 9 LT,"1,50€","0,17€ / LT",
Refrigerante C/ Gás Laranja,ECO+,Garrafa 2 LT,"0,79€","0,40€ / LT",
Douradinhos Ultracongelados de Frango Pré-Fritos,IGLO,Emb. 0.25 KG,"4,99€","19,96€ / KG",
Cápsulas Café House Blend Lungo P/ Nespresso Intensidade 8,STARBUCKS,Emb. 10 CAPS.,"3,95€","0,40€ / CAPS.",
Iogurte Bifidus de Pessego S/ Lactose 0% 4 Unid.,DANONE,Emb. 0.48,"2,19€","4,56€ /",
Chá de Tília,LIPTON,Emb. 20 SAQ.,"1,20€","0,06€ / SAQ.",
Champô Karité Óleo Côco Cabelos Muito Secos,NATEIS,Emb. 0.25 LT,"1,69€","6,76€ / LT",
Queijo Prato Amanteigado Pequeno,PAIVA,Emb. 0.55 KG,"4,99€","9,07€ / KG",
Café Cápsulas Qalidus Intensidade 10,DELTA,Emb. 10 CAPS.,"3,39€","0,34€ / CAPS.",
Conserva de Salsichas 8 Unid.,IZIDORO,Frasco 0.65 KG,"3,14€","4,83€ / KG",
GELEIA MARMELO 345G,CASA MATEUS,Emb. 0.345 KG,"2,47€","7,16€ / KG",
Pensos Higiénicos Normal Alas,EVAX,Emb. 12 UNID.,"2,99€","0,25€ / UNID.",
ALICATE MULTIPLO 250 MM,FOXTER,Emb. 1 UNID.,"7,99€","7,99€ / UNID.",
Escova de Dentes 3-5 anos,ORAL B,Emb. 1 UNID.,"2,24€","2,24€ / UNID.",
Snack de Chocolate,KIT KAT,Emb. 0.041 KG,"0,74€","18,05€ / KG",
SKYR MIRTILO,DÉLISSE,Emb. 0.45 KG,"2,10€","4,67€ / KG",
Leite 0% Lactose,UCAL,Emb. 1 LT,"1,49€","1,49€ / LT",
Bombons de Chocolate Leite Recheio de Marshmallow,COPAÍNS COPINES,Emb. 0.2 KG,"1,49€","7,45€ / KG",
Cereais de Trigo Original,WEETABIX,Emb. 0.43 KG,"3,29€","7,65€ / KG",
Nabiça,,1 Unid. = 0.79 KG (aprox.),"1,29€/kg","1,02€ / Unid.",
Papaia Aérea,,1 Unid. = 0.514 KG (aprox.),"4,79€/kg","2,46€ / Unid.",
Alimento P/ Gato de Salmão C/ Mandioca S/ Glúten,BEYOND,Emb. 1.2 KG,"12,26€","10,22€ / KG",
Iogurte Natural 12x125g,DÉLISSE,Emb. 1.5 KG,"1,99€","1,33€ / KG",
Conjunto Borracha Mista,ESQUISSE,,"0,99€",/ Unid.,
Paté para Cão de Vaca e Coração,TOUS MES AMIS,Emb. 0.3 KG,"0,79€","2,63€ / KG",
DETERGENTE CAPSULAS 3 EM 1 ORIENTE P/ROUPA,EPSIL,,"4,99€",/ Unid.,
Nabo sem Rama,,1 Unid. = 0.29 KG (aprox.),"1,89€/kg","0,55€ / Unid.",
Gelatina Melancia 4 Unid.,ROYAL,Emb. 0.4 KG,"1,59€","3,98€ / KG",
GEL ANTI-CALCARIO 750ML,TEXIL,Emb. 0.75 KG,"2,28€","3,04€ / KG",
MIOLO MEXILHAO SKIN PACK,PÊCHE OCÉAN,Emb. 0.23 KG,"1,65€","7,17€ / KG",
CEREAIS BOLAS DE MEL BIO,,,"1,99€",/ Unid.,
BOLACHA MARIA,P'TIT DÉLI,,"1,49€",/ Unid.,
ESPUMA CABELO ESPECIAL CARACOIS 200ML,VITANOVE,Emb. 0.2 LT,"1,09€","5,45€ / LT",
Escova P/ Fatos,SILLAGE,Emb. 1 UNID.,"2,50€","2,50€ / UNID.",
Yofu Morango 4x125g,ALPRO,Emb. 0.5 KG,"2,59€","5,18€ / KG",
SUMO MACA -30% ACUCAR,JAFADEN,,"1,29€",/ Unid.,
Alimento Húmido P/ Gato Diamante Atum C/ Camarões,PURINA,Emb. 0.09 KG,"1,19€","13,22€ / KG",
Tablete Chocolate Preto para Culinária,TABLETTE D'OR,Emb. 0.2 KG,"1,09€","5,45€ / KG",
Rum de Coco,MALIBU,Garrafa 0.7 LT,"15,98€","22,83€ / LT",
Bolachas Original,OREO,Emb. 0.154 KG,"1,39€","9,03€ / KG",
Cookies de Chocolate com Pepitas Chocolate Biológicas,,Emb. 0.2 KG,"1,89€","9,45€ / KG",
CABIDE PLASTICO CRIANCA ROSA 4UN,SILLAGE,Emb. 4 UNID.,"1,50€","0,38€ / UNID.",
Recarga para Difusor Automático Lavanda e Jasmim,BRISE,Emb. 1 UNID.,"3,59€","3,59€ / UNID.",
Bolachas Digestivas Chocolate,TRIUNFO,Emb. 0.195 KG,"1,93€","9,90€ / KG",
Migas Bacalhau da Noruega,,Emb. 0.4 KG,"5,19€","12,98€ / KG",
Refeição Legumes Com Vitela,BLÉDINA,Frasco 0.2 KG,"1,57€","7,85€ / KG",
Ananás em Calda,FRUÍSTAR,Emb. 0.825 KG,"2,49€","3,02€ / KG",
Gel de Banho Hidratante Baby Rich Moisture,BABY DOVE,Emb. 0.4 LT,"3,29€","8,23€ / LT",
Sabão Marselha Cubo,EPSIL,,"1,59€",/ Unid.,
Alimento Húmido P/ Gato C/ Carne de Vaca e Frango,GOURMET GOLD,Emb. 0.085 KG,"0,74€","8,71€ / KG",
Toucinho Fumado,,1 Unid. = 0.12 KG (aprox.),"11,98€/kg","1,44€ / Unid.",
Bolo de Marmore Chocolate,P'TIT DÉLI,Emb. 0.3 KG,"2,19€","7,30€ / KG",
Água com Gás Levíssima 6x33cl,PEDRAS SALGADAS,Emb. 1.98 LT,"2,77€","1,40€ / LT",
VASSOURA RELVA 21 DENTES,BEAUX JOURS,Emb. 1 UNID.,"9,99€","9,99€ / UNID.",
Pudim Flan Chino,EL MANDARIN,Emb. 0.019 KG,"1,04€","54,74€ / KG",
Cerveja C/ Álcool,CARLSBERG,Lata 0.033 LT,"0,74€","22,42€ / LT",
Cereais de Milho S/ Glúten Corn Flakes,NESTLÉ,Emb. 0.375 KG,"2,24€","5,97€ / KG",
Patê Bocadelia de Caranguejo,LA PIARA,Frasco 0.17 KG,"2,24€","13,18€ / KG",
Tarte Gelada Chocolate,VIENNETTA,Emb. 0.65 LT,"3,99€","6,14€ / LT",
Arroz Pot Frango E Cogumelos,KNORR,Emb. 0.075 KG,"1,65€","22,00€ / KG",
Cápsulas Café Espresso P/ Nespresso Intensidade 11,STARBUCKS,Emb. 10 CAPS.,"3,95€","0,40€ / CAPS.",
Champô Cabelos Normais Fructis Anti Caspa 2 em 1,GARNIER,Emb. 0.25 LT,"3,98€","15,92€ / LT",
Café Cápsulas Selezionato Intensidade 7,PLANTATION,Emb. 10 CAPS.,"2,09€","0,21€ / CAPS.",
Refeição Vegalia Caril de Grão Vegan,NOBRE VEGALIA,Emb. 0.42 KG,"3,34€","7,95€ / KG",
Feijão Verde Muito Fino Ultracongelados,,Emb. 1 KG,"1,29€","1,29€ / KG",
Iogurte Déli Light 4 Sabores 12x125g,DÉLISSE,Emb. 1.5 KG,"2,69€","1,79€ / KG",
Conserva de Feijocas Verdes Finas,,Lata 0.8 KG,"1,39€","1,74€ / KG",
Cola Madeira Rapida Em Tubo,FOXTER,Emb. 0.055 LT,"1,99€","36,18€ / LT",
Compota de Fruta de Maçã sem Adição de Açúcares 4x100g,DOUCEUR DU VERGER,Emb. 0.4 KG,"1,39€","3,48€ / KG",
DOCE TEMPORADA ABÓBORA 350G,CASA MATEUS,Emb. 0.35 KG,"2,69€","7,69€ / KG",
Couve Roxa,,1 Unid. = 1 KG (aprox.),"1,29€/kg","1,29€ / Unid.",
Pao Forma Sem Codea Economico,PANRICO,Emb. 0.45 KG,"1,99€","4,42€ / KG",
Nata com 3 Pimentas,PARMALAT,Emb. 0.2 LT,"0,93€","4,65€ / LT",
ACUCAR BAUNILHA X10 SAQUETAS,TABLIER BLANC,Emb. 0.075 KG,"1,59€","21,20€ / KG",
Refrigerante S/ Gás Tropical Zero,JAFUN,Emb. 2 LT,"1,69€","0,85€ / LT",
BATOM NUTRE E PROTEGE BIO,BIONAÏA,Emb. 1 UNID.,"2,25€","2,25€ / UNID.",
Alimento Seco P/ Gato Controlo Bolas De Pelo,FRISKIES,Emb. 1.5 KG,"5,80€","3,87€ / KG",
Néctar Vital Frutos Vermelhos,COMPAL,Emb. 1 LT,"1,59€","1,59€ / LT",
Bolachas de Água e Sal,VIEIRA,Emb. 0.125 KG,"0,89€","7,12€ / KG",
Guardanapos 2F 40x40,MARQUE REPERE,Emb. 90 UNID.,"2,39€","0,03€ / UNID.",
Pensos Higiénicos Noite Alas,EVAX,Emb. 9,"2,98€","0,33€ /",
ROLO COZINHA 2F COMPACTO 2=4 ECOLOGICO,UNÍ VERT,,"2,99€",/ Unid.,
Alimento Seco P/ Cachorro + de 10 Kg Frango C/ Arroz,PURINA,Emb. 2.5 KG,"12,35€","4,94€ / KG",
Sidra com Álcool de Maça 50cl,SOMERSBY,Emb. 0.5 LT,"1,24€","2,48€ / LT",
PEITO DE PERU FATIAS FINAS,CAMPO FINO,Emb. 0.15 KG,"1,49€","9,93€ / KG",
Bolachas Recheadas Baunilha,ECO+,Emb. 0.5 KG,"1,39€","2,78€ / KG",
Pizza Carbonara,CAMPOFRIO,Emb. 0.36 KG,"3,39€","9,42€ / KG",
Wafers Enroladas Cobertas Chocolate de Leite,P'TIT DÉLI,Emb. 0.125 KG,"1,49€","11,92€ / KG",
Chá de Camomila,,Emb. 25 SAQ.,"0,79€","0,03€ / SAQ.",
Feijão Verde,,1 Unid. = 0.55 KG (aprox.),"2,55€/kg","1,40€ / Unid.",
QUEIJO VACA CURADO,LES CROISÉS,Emb. 0.19 KG,"1,79€","9,42€ / KG",
Rissóis de Camarão 8 Unid.,SNR,Emb. 0.325 KG,"1,99€","6,12€ / KG",
Chouriço Mouro Terras de Xisto,SNR,Emb. 0.25 KG,"2,79€","11,16€ / KG",
Toucinho Fumado,DAMATTA,Emb. 0.2 KG,"9,15€/kg","1,83€ / Unid.",
RECARGA ESFREGONA MICROFIBRAS,SILLAGE,Emb. 1 UNID.,"3,00€","3,00€ / UNID.",
Néctar Vital Equilíbrio Manga Maracujá,COMPAL,Emb. 1 LT,"1,59€","1,59€ / LT",
Bolachas Tostada com Leite 4x200gr,P'TIT DÉLI,Emb. 0.8 KG,"1,59€","1,99€ / KG",
Néctar de Pera Rocha Clássico,COMPAL,Emb. 0.33 LT,"0,79€","2,39€ / LT",
Sumo Maçã,JAFADEN,Emb. 1 LT,"0,69€","0,69€ / LT",
Elixir Triple Action,COLGATE,Emb. 0.5 LT,"4,74€","9,48€ / LT",
Gelatina em Pó Ananás 2x85g,TABLIER BLANC,Emb. 0.17 KG,"0,85€","5,00€ / KG",
Alimento Seco Cão Croquetes Ricos em Carnes,ECO+,Emb. 10 KG,"11,99€","1,20€ / KG",
Macarrão,ECO+,Emb. 1 KG,"1,29€","1,29€ / KG",
Dossier A4 Plástico Lombada 4Cm Argolas,ESQUISSE,Emb. 1 UNID.,"2,59€","2,59€ / UNID.",
Pantene Grisalho Radiante & Suave Condicionador 160 ml,PANTENE PV,Emb. 0.16 LT,"4,89€","30,56€ / LT",
Desodorizante Roll-On Tropical 48H,REXONA,Emb. 0.05 LT,"2,69€","53,80€ / LT",
Bolachinhas de Manteiga sem Glúten,CHAQUE JOUR SANS GLUTEN,Emb. 0.13 KG,"1,89€","14,54€ / KG",
"ATUM EM AZEITE, 120G",TENÓRIO,Emb. 0.12 KG,"2,14€","17,83€ / KG",
Vinho Regional Alentejo Branco,REGUENGOS,Garrafa 0.75 LT,"2,39€","3,19€ / LT",
"SYOSS KERATIN MOUSSE,,250ML",SYOSS,Emb. 0.25 LT,"3,24€","12,96€ / LT",
Espanador Pack,PRONTO,Emb. 1 P,"4,99€","4,99€ / P",
ELIXIR BOCAL EXPERT SENSITIVE,DENTAMYL,Emb. 0.5 LT,"1,29€","2,58€ / LT",
Queijo Emmental,,1 Unid. = 0.2 KG (aprox.),"9,45€/kg","1,89€ / Unid.",
Alimento Seco P/ Gato Vital Coelho e Frango,PURINA FRISKIES,Emb. 0.4 KG,"1,80€","4,50€ / KG",
Recarga Mopa Madeiras,SWIFFER,Emb. 18 UNID.,"3,95€","0,22€ / UNID.",
COGUMELOS FERBAR INTEIRO 290G,FERBAR,Emb. 0.29 KG,"1,33€","4,59€ / KG",
DENTIFRICO CARVAO BIO,BIONAÏA,Emb. 0.075 LT,"1,99€","26,53€ / LT",
MOLHO SALADAS C/ ERVAS FINAS,RUSTICA,Emb. 0.5 LT,"0,84€","1,68€ / LT",
CERA LIQUIDA CASTANHA 75ML,LA VACHETTE,Emb. 0.075 LT,"2,15€","28,67€ / LT",
Cone Baunilha e Chocolate,TRIUM,Emb. 6 UNID.,"1,99€","0,33€ / UNID.",
QUEIJO P/ BARRAR LIGHT,LES CROISÉS,Emb. 0.15 KG,"0,79€","5,27€ / KG",
Ambientador Micado Stick Up Muddle Wine,AIR WICK,Emb. 0.05 LT,"7,19€","143,80€ / LT",
HAMBURGUER DE PORCO 4UN,CHANTEGRIL,Emb. 0.32 KG,"1,79€","5,59€ / KG",
BLOCO SANITARIO C/LIXIVIA 2UN,SYPHON,Emb. 2 UNID.,"1,29€","0,65€ / UNID.",
Madalenas em Conchas com Ovos Frescos,P'TIT DÉLI,Emb. 0.25 KG,"1,29€","5,16€ / KG",
Canela Pau,MARGÃO,Emb. 0.03 KG,"2,59€","86,33€ / KG",
Refrigerante S/ Gás Pêssego/Damasco,JAFUN,Emb. 2 LT,"1,89€","0,95€ / LT",
Gel Sanitário Harpic Liquido Força do Oceano,,Emb. 0.75 LT,"1,94€","2,59€ / LT",
Água Mineral Natural,PENACOVA,Garrafão 5 LT,"0,89€","0,18€ / LT",
ROLO COZINHA COMPACTO MULTIUSOS ECO,UNÍ VERT,Emb. 2 UNID.,"2,59€","1,30€ / UNID.",
CREPES SIMPLES DA BRETANHA,NOS RÉGIONS ONT DU TALENT,Emb. 0.085 KG,"1,99€","23,41€ / KG",
Alimento Húmido Gato Completo Delícias do Mar 3x400 g,TOUS MES AMIS,Emb. 3 KG,"2,69€","0,90€ / KG",
"Água sem Gás 6x1,5 L",LUSO,Emb. 9 LT,"3,09€","0,34€ / LT",
Clementina,,1 Unid. = 0.1 KG (aprox.),"2,19€/kg","0,22€ / Unid.",
Croissants 10Unid.,ECO+,Emb. 0.4 KG,"1,65€","4,13€ / KG",
PERSIL LAVANDA GEL,PERSIL,Emb. 65 DOSES,"19,95€","0,31€ / DOSES",
MORTADELA COM AZEITONA FATIADA,CAMPO FINO,Emb. 0.2 KG,"0,99€","4,95€ / KG",
Cappuccino,PLANTATION,Emb. 16 CAPS.,"2,44€","0,15€ / CAPS.",
Escova Veludo,SILLAGE,Emb. 1 UNID.,"2,00€","2,00€ / UNID.",
Fraldas Bebé T5 Doucer 11/25 Kg,MOTS D'ENFANTS,Emb. 66 UNID.,"9,14€","0,14€ / UNID.",
ABRASIVO SANITARIO MARINHO ACTIV EFFECT 750ML,SYPHON,Emb. 0.75 LT,"0,99€","1,32€ / LT",
Tempero Chili com Carne 4 porções,KNORR,Emb. 0.042 KG,"1,18€","28,10€ / KG",
DETERGENTE MANUAL LOICA ULTRA FRAMBOESA/VINAGRE FRUTOS 500ML,VISIOR,Emb. 0.5 LT,"0,69€","1,38€ / LT",
B&J Cookie Dough 465ml,,Emb. 0.465 LT,"5,99€","12,88€ / LT",
Vinho Regional Alentejano Tinto,PORTA DA RAVESSA,Garrafa 0.75 LT,"4,15€","5,53€ / LT",
AIRWICK AMBIENTADOR RECARGA WHITE BOUQUET,AIRWICK,Emb. 0.02 LT,"4,79€","239,50€ / LT",
LIMPA VIDROS AUTO 1 L 1L TECH9,TECH9,Emb. 1 LT,"1,19€","1,19€ / LT",
Body Lotion Refirmante em 2 Semanas Q10,NIVEA,Emb. 0.25 LT,"4,99€","19,96€ / LT",
Bolachas Cobertas com Chocolate de Leite,OREO,Emb. 0.246 KG,"2,59€","10,53€ / KG",
Rolo de Cozinha Jumbo,SCOTTEX,Rolo 1 P,"3,59€","3,59€ / P",
Café Delta Moido Máquina Lote Chávena,DELTA,Emb. 0.25 KG,"2,29€","9,16€ / KG",
Chá Verde e Limão Light,TISANA,Garrafa 1.5 LT,"1,49€","0,99€ / LT",
FAIRY MAO ULTRA PODER LIMAO 600ML,,Emb. 0.6 LT,"2,04€","3,40€ / LT",
LACOS SECOS,P'TIT DÉLI,Emb. 0.18 KG,"1,59€","8,83€ / KG",
Calamares,ECO+,Emb. 0.5 KG,"2,89€","5,78€ / KG",
CANETA ROLLER GEL CORES SORTIDAS 3UN,ESQUISSE,Emb. 3 UNID.,"1,65€","0,55€ / UNID.",
Água sem Gás Mineral Sport,LUSO,Emb. 0.75 LT,"0,79€","1,05€ / LT",
CADERNO AGRA.CART.3COR.A4 PAUT 60P,ESQUISSE,Emb. 1 UNID.,"1,09€","1,09€ / UNID.",
Champô Bebé Bons Sonhos,JOHNSON'S BABY,Emb. 0.5 LT,"5,98€","11,96€ / LT",
Bebida Energética Energy Drink 4x25cl,RED BULL,Emb. 1 LT,"5,56€","5,56€ / LT",
TARTELETES PURA MANTEIGA C/ RECHEIO CARAMELO E COB CHOCOLATE LEITE,P'TIT DÉLI,Emb. 0.127,"1,39€","10,94€ /",
Pente de Cabelo,,Emb. 1 UNID.,"0,99€","0,99€ / UNID.",
MINI BISCOITOS COM COBERTURA DE CHOCOLATE DE LEITE,P'TIT DÉLI,Emb. 0.16 KG,"1,49€","9,31€ / KG",
Vinho Regional Dão Tinto,DUQUE DE VISEU,Garrafa 0.75 LT,"4,45€","5,93€ / LT",
VINAGRE LIMPEZA LIMAO,CLAIR,Emb. 1 LT,"0,79€","0,79€ / LT",
ALGODAO DESMAQUILHANTE BOLAS,INELL,Emb. 100 UNID.,"0,79€","0,01€ / UNID.",
CREME GORDO 1L,INELL,Emb. 1 LT,"12,99€","12,99€ / LT",
MISTURA DE FRUTOS TROPICAL EM CALDA 4/4,DOUCEUR DU VERGER,Emb. 0.825 KG,"3,19€","3,87€ / KG",
PREPARADO PARA BOLO FOFO PRONTO A COZER,TABLIER BLANC,Emb. 0.5 KG,"2,89€","5,78€ / KG",
Arroz Agulha,COZINHA VELHA,Emb. 1 KG,"1,39€","1,39€ / KG",
Couscous Semi Integrais,,Emb. 0.5 KG,"1,59€","3,18€ / KG",
Linguine,TRADIZIONI D'ITALIA,Emb. 0.5 KG,"1,39€","2,78€ / KG",
5 em 1 Glade Vanilla,BRISE,Spray 0.3 LT,"1,54€","5,13€ / LT",
Maçã Granny Smith Cal. 75/80,,1 Unid. = 0.17 KG (aprox.),"2,19€/kg","0,37€ / Unid.",
Tarte Gelada Morango,VIENNETTA,Emb. 0.65 LT,"3,99€","6,14€ / LT",
ESFREGAO C/ ESPONJA,ECO+,,"1,59€",/ Unid.,
Fermento de Padeiro 6x5g,TABLIER BLANC,Emb. 0.03 KG,"1,29€","43,00€ / KG",
Batatas Fritas Lisas,POM'LISSE,Emb. 0.2 KG,"1,19€","5,95€ / KG",
PILHAS ALCALINAS LR03 TECH+,FOXTER,Emb. 4 UNID.,"1,99€","0,50€ / UNID.",
Néctar Tutti Frutti,JAFADEN,Emb. 1 LT,"0,99€","0,99€ / LT",
FEIJAO BRANCO LATA MGUIA,NOTRE JARDIN,Emb. 0.425 KG,"0,75€","1,76€ / KG",
Sumo de Uva,ECO+,Emb. 1 LT,"0,99€","0,99€ / LT",
Bebida Energética,BURN,Emb. 0.5 LT,"1,19€","2,38€ / LT",
Conserva de Salsichas Hot Dog 4 Unid.,IZIDORO,Frasco 0.25 KG,"2,19€","8,76€ / KG",
Coloração 1-0 PRETO 16X3,SYOSS,,"4,99€",/ Unid.,
Presunto Fatiado 2x75g,DAMATTA,Emb. 0.15 KG,"3,89€","25,93€ / KG",
Bolachas Wafer com Recheio Chocolate,ECO+,Emb. 0.19 KG,"0,79€","4,16€ / KG",
Conserva de Salsichas Bockwurst 5 Unid.,CÔTÉ TABLE,Frasco 0.25 KG,"1,49€","5,96€ / KG",
BOLINHOS IOGURTE C/ BASE CHOCOLATE 7UN POCKET,P'TIT DÉLI,Emb. 0.21 KG,"2,29€","10,90€ / KG",
Tablete de Chocolate Extrafino C/ Avelã,NESTLÉ,Emb. 0.123 KG,"1,95€","15,85€ / KG",
Cereais de Chocolate C/ Pepitas,COOKIE CRISP,Emb. 0.375 KG,"2,92€","7,79€ / KG",
Desodorizante Bergamota e Pimenta Rosa Spray,AXE,Emb. 0.15 LT,"3,29€","21,93€ / LT",
FILETES DE CAVALA COM TOMATE E MANJERICAO,PÊCHE OCÉAN,Emb. 0.16 KG,"1,59€","9,94€ / KG",
Alimento Seco P/ Gato Salmão,PURINA ONE,Emb. 0.8 KG,"6,15€","7,69€ / KG",
Desodorizante Spray Mulher Biorythm,REXONA,Emb. 0.15 LT,"2,39€","15,93€ / LT",
"BOLACHAS C/ CANELA ""SPECULOOS"" POCKET",P'TIT DÉLI,,"0,87€",/ Unid.,
Caldo de Galinha sem Sal Pack 8,KNORR,Emb. 0.072 KG,"1,49€","20,69€ / KG",
Rabanete sem Rama,,1 Unid. = 0.125 KG  (aprox.),"3,99€/kg","0,50€ / Unid.",
Cápsulas de Chá Marrakesh Style Tea,DOLCE GUSTO,Emb. 16 DOSES,"5,77€","0,36€ / DOSES",
Creme Limpeza para Placas de Vitrocerâmica,VITROCLEN,Emb. 0.45 LT,"5,99€","13,31€ / LT",
Refrigerante sem Gás Laranja Maracujá,FRUTIS,Emb. 1.5 LT,"1,15€","0,77€ / LT",
Pão Rústico,BIMBO,Emb. 0.45 KG,"1,79€","3,98€ / KG",
"LAPISEIRA 0,7MM+12MINAS+2BORRACHAS",ESQUISSE,Emb. 1 UNID.,"1,89€","1,89€ / UNID.",
Gelados de Amêndoas,MAGNUM,Emb. 4 UNID.,"4,99€","1,25€ / UNID.",
COLORACAO LOURO DOURADO 7.3 1UN VITANOVE,VITANOVE,Emb. 1 UNID.,"3,89€","3,89€ / UNID.",
PANO MICROFIBRAS COLORS XL 4 UN,VILEDA,Emb. 4 UNID.,"4,59€","1,15€ / UNID.",
Massa Cannelloni,MILANEZA,Emb. 0.25 KG,"1,25€","5,00€ / KG",
Bandas Depilatórias Cera Fria,SILISS,Emb. 40 UNID.,"2,99€","0,07€ / UNID.",
Chocolate de Leite com Amêndoas 3 Chocolates,REGINA,Emb. 0.072 KG,"1,87€","25,97€ / KG",
Laca Elnett Latin Fixação Forte,L'ORÉAL PARIS,Spray 0.3 LT,"6,45€","21,50€ / LT",
CALDEIRADA DE PEIXE,PÊCHE OCÉAN,Emb. 0.9 KG,"4,99€","5,54€ / KG",
Iogurte Bifidus Sólido Natural S/ Lactose,ACTIVIA,Emb. 0.12 KG,"2,19€","18,25€ / KG",
Bebida Energética 6x25cl,X-TENSE,Emb. 1.5 LT,"2,85€","1,90€ / LT",
Luvas para Uso Doméstico Tamanho M,RENOVA LUVAS,Emb. 1 UNID.,"1,67€","1,67€ / UNID.",
SALSA FOLHAS SAQUETA,RUSTICA,Emb. 0.01 KG,"0,53€","53,00€ / KG",
Pensos Higiénicos Noite Maxi Pocket 12 Unid.,DOULYS,Emb. 12 UNID.,"1,29€","0,11€ / UNID.",
Condicionador Protecção do Calor,TRESEMMÉ,Emb. 0.2 LT,"5,39€","26,95€ / LT",
COGUMELO FERBAR INTEIRO 185G,FERBAR,Emb. 0.185 KG,"0,96€","5,19€ / KG",
Arroz Basmati Himalaia,SALUDÃES,Emb. 1 KG,"2,24€","2,24€ / KG",
Sobremesa de Soja Pêssego,NAT&VIE,Emb. 0.4 KG,"1,40€","3,50€ / KG",
BOLO REDONDO CENOURA,,Emb. 0.5 KG,"3,99€","7,98€ / KG",
Vaselina Jelly Baby,VASELINE,Emb. 0.1 LT,"1,49€","14,90€ / LT",
Bolachas Plain Chocolate,BELVITA,Emb. 0.3 KG,"1,93€","6,43€ / KG",
Manteiga Light,MATINAL,Emb. 0.25 KG,"2,99€","11,96€ / KG",
Palitos Salgados,ECO+,Emb. 0.25 KG,"0,79€","3,16€ / KG",
BARRA CEREAIS CHOCO LEITE COCO,GRAINEA,Emb. 0.126 KG,"1,49€","11,83€ / KG",
Iced Tea Manga,ECO+,Emb. 1.5 LT,"0,89€","0,59€ / LT",
BISCOITOS COM PEPITAS CHOCOLATE EM SACOS INDIVIDUAIS 16X25G,P'TIT DÉLI,Emb. 0.4 KG,"2,15€","5,38€ / KG",
Rolo Cozinha Compacto XXL,MARQUE REPERE,Emb. 1 UNID.,"0,99€","0,99€ / UNID.",
Champô Cabelo Ultra Suave Óleo de Abacate e Manteiga de Carité,GARNIER,Emb. 0.4 LT,"5,49€","13,73€ / LT",
Massa Capellini,TURINI,Emb. 0.5 KG,"0,89€","1,78€ / KG",
Axe Collision Gel de Banho Leather & Cookies,AXE,Emb. 0.4 LT,"3,29€","8,23€ / LT",
Leite Bem Especial Cálcio Meio Gordo,MIMOSA,Emb. 1 LT,"0,98€","0,98€ / LT",
Chocolate em pó P/ Leite,NESTLÉ,Emb. 0.39 KG,"3,14€","8,05€ / KG",
Alimento Seco P/ Gato Esterilizado C/ Salmão e Trigo,PURINA,Emb. 0.8 KG,"6,10€","7,63€ / KG",
Alimento Completo Periquito,VITAKRAFT,Emb. 1 KG,"3,99€","3,99€ / KG",
"AGUA FASTIO,6x50CL",FASTIO,,"2,29€",/ Unid.,
PILHAS ALCALINAS LR14 TECH+,FOXTER,Emb. 2 UNID.,"3,59€","1,80€ / UNID.",
Peito Frango Forno Lenha Fatiado,CAMPOFRIO,Emb. 0.12 KG,"2,68€","22,33€ / KG",
Sidra com Álcool Blackberry 4x33cl,SOMERSBY,Emb. 1.32 LT,"3,99€","3,02€ / LT",
CEREAIS BOLINHAS DE CHOCOLATE,ECO+,Emb. 0.75 KG,"2,49€","3,32€ / KG",
Creme de Dia Nutritivo Pele Seca Sensível,NIVEA,Emb. 0.05 LT,"5,93€","118,60€ / LT",
Papel Higiénico,MARQUE REPERE,Emb. 48 UNID.,"8,49€","0,18€ / UNID.",
Alimento Seco P/ Gatos Aves Cenoura Legumes e Leite,LYCAT,Emb. 2 KG,"4,65€","2,33€ / KG",
Barra Bueno Recheio Leite Avelãs Cobertura Chocolate 2 Unid.,KINDER,Emb. 0.043 KG,"0,99€","23,02€ / KG",
BOLOS C/ RECHEIO CHOCOLATE S/ GLUTEN,CHAQUE JOUR SANS GLUTEN,Emb. 0.21 KG,"2,79€","13,29€ / KG",
CARIL DE CAMARAO,CÔTÉ TABLE,Emb. 0.3 KG,"3,59€","11,97€ / KG",
QUEIJO ROQUEFORT DOP,NOS RÉGIONS ONT DU TALENT,Emb. 0.15 KG,"2,69€","17,93€ / KG",
Miolo de Amêndoa Laminada,MARQUE REPERE,Emb. 0.15 KG,"2,68€","17,87€ / KG",
Molho Francesinha,GULOSO,Frasco 0.5 KG,"3,30€","6,60€ / KG",
Rebuçados sem Açúcar Sabor Mel e Limão 4x32g,HALLS,Emb. 0.128 KG,"2,79€","21,80€ / KG",
Atum em Posta Azeite,BOM PETISCO,Emb. 0.385 KG,"4,24€","11,01€ / KG",
VASSOURA SEDA CINZENTA,SILLAGE,Emb. 1 UNID.,"3,90€","3,90€ / UNID.",
Alimento Seco P/ Gato Free Dc Salmão,BEYOND,Emb. 0.325 KG,"3,90€","12,00€ / KG",
DENTIFRICO MENTA BIO,BIONAÏA,Emb. 0 LT,"1,99€",inf€ / LT,
Penne Rigate,TRADIZIONI D'ITALIA,Emb. 0.5 KG,"1,39€","2,78€ / KG",
Cebola,,1 Unid. = 1 KG  (aprox.),"0,99€/kg","0,99€ / Unid.",
Néctar Clássico Tutti Frutti 3x20 cl,COMPAL,Emb. 0.6 LT,"1,39€","2,32€ / LT",
PALMIERS DU BOIS ROCHE 150G,DU BOIS DE LA ROCHE,Emb. 0.15 KG,"1,39€","9,27€ / KG",
Vinho Regional Alentejo Tinto,CONVENTO DA VILA,Garrafa 0.75 LT,"2,35€","3,13€ / LT",
Espumante Bruto,COMP DO VINHO,Garrafa 0.75 LT,"3,29€","4,39€ / LT",
Queijo Flamengo Barra,,1 Unid. = 0.25 KG (aprox.),"8,59€/kg","2,15€ / Unid.",
Molho de Alho com Ervas,HEINZ,Emb. 0.22 LT,"2,19€","9,95€ / LT",
CARTE DOR CHOCOLATE & AVELÃ,CARTE D'OR,Emb. 1 LT,"2,89€","2,89€ / LT",
SAL DE MESA,ECO+,Emb. 0.25 KG,"0,27€","1,08€ / KG",
CARVAO PREMIUM,,Emb. 5 KG,"7,49€","1,50€ / KG",
Chamuças de Carne,,Emb. 4 UNID.,"1,99€","0,50€ / UNID.",
MASSA GIRASOLI C/ PESTO MANJERICÃO E PINHÕES,TURINI,Emb. 0.25 KG,"1,85€","7,40€ / KG",
Pães de Leite com Pepitas Chocolate de Leite 10 Unid.,EPI D'OR,Emb. 0.35 KG,"1,99€","5,69€ / KG",
BL1 LED STANDARD 14W-100W E27 LUZ AMARELA,FOXTER,Emb. 1 UNID.,"8,99€","8,99€ / UNID.",
Alimento Seco P/ Gato Bacalhau,PURINA FRISKIES,Emb. 4 KG,"11,95€","2,99€ / KG",
TRAVESSA + NAPERON N 7L,,Emb. 1 UNID.,"1,09€","1,09€ / UNID.",
Millet Painço Ramo,TOUS MES AMIS,Emb. 0.2 KG,"2,69€","13,45€ / KG",
TESOURA 21CM,ESQUISSE,Emb. 1 UNID.,"1,20€","1,20€ / UNID.",
Lasanha à Bolonhesa Ultracongelado,CÔTÉ TABLE,Emb. 1 KG,"3,59€","3,59€ / KG",
Legumes Salteados Parisiense,BONDUELLE,Emb. 0.4 KG,"2,19€","5,48€ / KG",
Espuma Caracóis Naturais,PANTENE,Emb. 0.2 LT,"3,74€","18,70€ / LT",
Tenaz Carpinteiro 200Mm,FOXTER,Emb. 1 UNID.,"3,90€","3,90€ / UNID.",
PREPARADO PARA LEITE CREME,DÉLISSE,Emb. 0.4 KG,"2,99€","7,48€ / KG",
"Cerveja Tequila 5,9% Vol. 3 Unid.",DESQUILES,Emb. 0.99 LT,"3,39€","3,42€ / LT",
Ovos Solo M,SNR,Emb. 6 UNID.,"1,19€","0,20€ / UNID.",
AIRWICK STICKS DELICIAS V,AIRWICK,Emb. 1 UNID.,"7,19€","7,19€ / UNID.",
Miolo Amêndoa Granulada,MARQUE REPERE,Emb. 0.15 KG,"2,25€","15,00€ / KG",
Pão de Forma sem Códea,BIMBO,Emb. 0.65 KG,"1,64€","2,52€ / KG",
Refrigerante C/ Gás Cola Zero 6 Unid.,JEAN'S,Lata 1.98 LT,"2,10€","1,06€ / LT",
B&J Peanut Butter Cup 465ml,,Emb. 0.465 LT,"6,79€","14,60€ / LT",
Cueca de Banho Tam. S 7/12 Kg,MOTS D'ENFANTS,Emb. 12 UNID.,"5,25€","0,44€ / UNID.",
Feijão Frade,NOTRE JARDIN,Emb. 1 KG,"1,89€","1,89€ / KG",
Airwick Le Comp Aconchego da Lareira,AIR WICK,Emb. 1 UNID.,"6,99€","6,99€ / UNID.",
Doce de Mirtilos Biológico,,Emb. 0.375 KG,"2,65€","7,07€ / KG",
Lápis Carpintaria,ECO+,Emb. 12 UNID.,"1,52€","0,13€ / UNID.",
Garfos Madeira Biodegradável,HOMESIDE,Emb. 10 UNID.,"0,84€","0,08€ / UNID.",
PETIT GATEAU CHOCOLATE 4UN,TROFIC,Emb. 0.5 KG,"2,79€","5,58€ / KG",
Miolo de Caju C/ Sal,MARQUE REPERE,Emb. 0.25 KG,"3,99€","15,96€ / KG",
Jardineira de 3 Legumes,,Emb. 0.4 KG,"0,69€","1,73€ / KG",
Alimento Seco P/ Gato Coelho Frango,PURINA FRISKIES,Emb. 2 KG,"6,90€","3,45€ / KG",
Queijo Emmental Francês Ralado,LES CROISÉS,Emb. 0.1 KG,"1,05€","10,50€ / KG",
Leite Magro com Coco sem Lactose,MIMOSA,Emb. 1 LT,"1,49€","1,49€ / LT",
Sobremesa Láctea de Morango +6Meses,BIO VILLAGE BEBE,Emb. 0.4 KG,"2,29€","5,73€ / KG",
Ketchup Redução de Sal e Açúcar,HEINZ,Emb. 0.55 KG,"3,98€","7,24€ / KG",
Ervilhas Ultracongeladas,IGLO,Emb. 0.7 KG,"5,35€","7,64€ / KG",
Máquinas de Barbear Descartáveis Blue II Plus Mulher,GILLETTE,Emb. 6 UNID.,"2,95€","0,49€ / UNID.",
Arroz Carolino,BOM SUCESSO,Emb. 1 KG,"1,15€","1,15€ / KG",
Máquinas de Barbear Descartáveis Blue II Plus,GILLETTE,Emb. 6 UNID.,"3,39€","0,57€ / UNID.",
ESCORREDOR P/BALDE LIMPEZA,SILLAGE,Emb. 1 UNID.,"1,50€","1,50€ / UNID.",
SORVETE TANGERINA,TROFIC,Emb. 1 LT,"1,79€","1,79€ / LT",
Chá de Frutos Vermelhos,TETLEY,Emb. 10 SAQ.,"1,12€","0,11€ / SAQ.",
Creme para Barrar com Avelãs,NUSTIKAO,Emb. 0.4 KG,"1,99€","4,98€ / KG",
Aerossol Lavanda,BRISE,Emb. 0.3 LT,"1,54€","5,13€ / LT",
Queijo Regional Vaca Cabra Ovelha Curado,SALOIO,Emb. 0.19 KG,"2,85€","15,00€ / KG",
Batatas Pré-Fritas em Steak,POM'LISSE,Emb. 1 KG,"1,99€","1,99€ / KG",
DOSSIER A4,ECO+,Emb. 1 UNID.,"2,10€","2,10€ / UNID.",
Champanhe Bruto,POL CARSON,Garrafa 0.75 LT,"17,29€","23,05€ / LT",
Chá de Camomila,TETLEY,Emb. 10 UNID.,"0,84€","0,08€ / UNID.",
Café Torrado Expresso Moído,PLANTATION,Emb. 0.25 KG,"1,69€","6,76€ / KG",
"AZEITONA OXIDADA,FRC,210G QAMPO",,0.21 KG,"1,39€","6,62€ / KG",
LAVA TUDO AMONIACAL,CLAIR,Emb. 2 LT,"0,69€","0,35€ / LT",
CHAMPO ANTI-CASPA TODO TIPO CABELOS,CARRÉ HOMME,Emb. 0.25 LT,"1,99€","7,96€ / LT",
Sriracha,PALADIN,Emb. 0.25 LT,"2,68€","10,72€ / LT",
Iogurte Magro Pedaços Déli´Light 16x125g,DÉLISSE,Emb. 2 KG,"4,35€","2,18€ / KG",
ENVELOPE SILICONE C/JANELA 110X220MM,ESQUISSE,Emb. 100 UNID.,"3,99€","0,04€ / UNID.",
Peixe Espada Preto,,1 Unid. = 1.7 KG (aprox.),"7,49€/kg","12,73€ / Unid.",
Conserva de Atum Albacore Inteiro 2x200g,PÊCHE OCÉAN,Emb. 0.4 KG,"4,78€","11,95€ / KG",
Bife de Peito de Peru,,1 Unid. = 0.15 KG (aprox.),"7,99€/kg","1,20€ / Unid.",
Desodorizante Roll-On Double Invisible,VASELINE,Emb. 0.05 LT,"2,09€","41,80€ / LT",
SPRAY CASA BANHO,CIF,Emb. 0.75 LT,"2,49€","3,32€ / LT",
CREME PENTEAR P/ CABELO E BARBA 75ML,CARRÉ HOMME,,"2,99€",/ Unid.,
Queijo Fresco Meio Gordo,SANTIAGO,Emb. 0.08 KG,"0,59€","7,38€ / KG",
Pão de Forma Out 10 Cereais e Sementes,PANRICO,Emb. 0.65 KG,"1,99€","3,06€ / KG",
Creme Revitalift Dia,DERMO EXPERTISE,Emb. 0.03 LT,"16,98€","566,00€ / LT",
Ananás em Fatias Inteiras em Calda Leve,,Lata 0.55 KG,"1,69€","3,07€ / KG",
MAIONESE C/ MOSTARDA DE DIJON TOP DOWN,RUSTICA,Emb. 0.415 KG,"1,89€","4,55€ / KG",
Preservativos Finíssimos,CONTROL,Emb. 12 UNID.,"6,99€","0,58€ / UNID.",
FAIRY MAO NATURALS BERGAMOTA 650ML,,Emb. 0.65 LT,"2,04€","3,14€ / LT",
Wafers de Cacau,,Emb. 0.17 KG,"1,35€","7,94€ / KG",
Salada Gourmet,,Emb. 0.15 KG,"1,19€","7,93€ / KG",
Água sem Gás 6x50cl,SERRA DA ESTRELA,Emb. 3 LT  (aprox.),"1,98€","0,66€ / LT",
Atum Posta Azeite,BOM PETISCO,Emb. 0.2 KG,"2,39€","11,95€ / KG",
Molho Picante,TABASCO,Emb. 0.06 L,"2,99€","49,83€ / L",
Nectar Clássico Alperce 3x20cl,COMPAL NECTAR,Emb. 0.08 LT,"1,39€","17,38€ / LT",
Maionese Top Down Verdadeira,HELLMANN'S,Emb. 0.412 KG,"2,84€","6,89€ / KG",
Pensos Diários Slip Maxi,AUSONIA,Emb. 30 UNID.,"1,49€","0,05€ / UNID.",
Alimento Lácteo Banana e Pera 0% Açúcar Bio +6 Meses,NESTLÉ,Emb. 0.36 KG,"2,96€","8,22€ / KG",
Conserva de Salsichas Frankfurt 10 Unid.,NOBRE,Lata 0.25 KG,"1,34€","5,36€ / KG",
BATATA DOCE EM PEDACOS BIO,,Emb. 0.6 KG,"1,99€","3,32€ / KG",
Bolachas de Manteiga com Pepitas de Chocolate,P'TIT DÉLI,Emb. 0.2 KG,"1,49€","7,45€ / KG",
PERSIL COLOR GEL,PERSIL,Emb. 80 DOSES,"21,95€","0,27€ / DOSES",
Bicarbonato,RUSTICA,Emb. 0.05 KG,"0,49€","9,80€ / KG",
Conserva de Feijão Manteiga Cozido,NOTRE JARDIN,Frasco 0.57 KG,"0,69€","1,21€ / KG",
"ALIMENT BEBE: PURE CENOURAS, ARROZ E ABOBORA BIO +6M 2X200G",BIO VILLAGE BEBE,Emb. 0.4 KG,"2,39€","5,98€ / KG",
Cereais Granola de Aveia Chocolate,FITNESS,Emb. 0.3 KG,"2,79€","9,30€ / KG",
SNACK BATATA SALGADA S/ GLUTEN,CHAQUE JOUR SANS GLUTEN,Emb. 0.17 KG,"1,95€","11,47€ / KG",
Ambientador Difusor Essential Mist Citrus,AIR WICK,Emb. 1 UNID.,"13,19€","13,19€ / UNID.",
RECARGA ESFREGONA TIRAS,SILLAGE,Emb. 1 UNID.,"2,90€","2,90€ / UNID.",
Elixir Oral Dentes e Gengivas,LISTERINE,Emb. 0.75 LT,"5,99€","7,99€ / LT",
Leite UHT Meio Gordo,MATINAL,Emb. 1 LT,"1,09€","1,09€ / LT",
Ervilhas e Cenouras Extra Finas,NOTRE JARDIN,Emb. 0.4 KG,"1,29€","3,23€ / KG",
CREME HIDRATANTE 250ML,ECO+,Emb. 0.25 LT,"1,59€","6,36€ / LT",
Tiras de Entrecosto Porco Embalado,,Emb. 0.5 KG (aprox.),"5,49€","10,98€ / KG",
Manteiga sem Sal,PRIMOR,Emb. 0.25 KG,"1,95€","7,80€ / KG",
DOURADINHOS FRANGO 18UN,CÔTÉ CROC,Emb. 0.4 KG,"3,99€","9,98€ / KG",
PIMENTA BRANCA MOIDA SAQUETA,RUSTICA,Emb. 0.1 KG,"1,99€","19,90€ / KG",
FIO DENTARIO COM FLUOR E MENTOL,DENTAMYL,Emb. 50 M,"1,25€","0,03€ / M",
Gelatina Light Tropical 4 Unid.,ROYAL,Emb. 0.4 KG,"1,98€","4,95€ / KG",
Leite UHT Magro,MATINAL,Emb. 1 LT,"0,98€","0,98€ / LT",
Guardanapos Folha Simples,MARQUE REPERE,Emb. 100 UNID.,"0,69€","0,01€ / UNID.",
Aperitivo Krit Krititas,CUÉTARA,Emb. 0.35 KG,"2,19€","6,26€ / KG",
Fraldas Cueca Maxi G,LINDOR,Emb. 14 UNID.,"19,39€","1,39€ / UNID.",
Gomas Bananas,COPAÍNS COPINES,Emb. 0.2 KG,"0,99€","4,95€ / KG",
Bolachas com Cobertura Chocolate Preto,P'TIT DÉLI,Emb. 0.2 KG,"1,29€","6,45€ / KG",
Cápsulas Café Alumínio Nespresso 100% Arábica,SEGAFREDO,Emb. 10 UN,"4,97€","0,50€ / UN",
Conserva de Atum em Posta Natural,PÊCHE OCÉAN,Emb. 0.12 KG,"0,99€","8,25€ / KG",
Tira Gorduras Perfumado,MISTOLIN,Emb. 0.545 LT,"2,69€","4,94€ / LT",
Recheio P/ BOUCHEES A LA REINE,CÔTÉ TABLE,Emb. 4 KG,"1,69€","0,42€ / KG",
Néctar de Tutti Frutti Clássico 3 Unid.,JAFADEN,Emb. 0.6 LT,"0,89€","1,48€ / LT",
Delícias do Mar Sabor a Caranguejo,,Emb. 0.4 KG,"2,25€","5,63€ / KG",
Refrigerante C/ Gás Limão,ECO+,Emb. 2 LT,"0,79€","0,40€ / LT",
Body Milk para Duche Nutritivo Pele Seca,NIVEA,Emb. 0.25 LT,"4,39€","17,56€ / LT",
Cebola Picada Ultracongelada,IGLO,Emb. 0.35 KG,"1,19€","3,40€ / KG",
Red Fish Grande Congelado,,1 Unid. = 0.5 KG (aprox.),"4,99€/kg","2,50€ / Unid.",
MASSA FOLHADA,TABLIER BLANC,Emb. 0.23 KG,"1,19€","5,17€ / KG",
Guardanapos 2 Folhas,MARQUE REPERE,Emb. 100 UNID.,"1,29€","0,01€ / UNID.",
Noz C/ Casca,MARQUE REPERE,Emb. 0.5 KG,"3,19€","6,38€ / KG",
CHUVEIRO CROMADO 5 JATOS STOP+TUBO FLEXIVEL 1.75M,FOXTER,Emb. 1 UNID.,"14,99€","14,99€ / UNID.",
Proteção Contra o Calcário e a Sujidade,CALGON,Emb. 1.5 LT,"11,99€","7,99€ / LT",
BATATA FRITA DOCE,POM'LISSE,,"1,69€",/ Unid.,
Salsichão com Alho Fumado,TRADILÈGE,Emb. 0.3 KG,"2,69€","8,97€ / KG",
Cápsulas de Café Alumínio Nespresso Ristretto,SEGAFREDO,Emb. 10 UN,"4,97€","0,50€ / UN",
Cereais C/ Aveia e Maçã,NESTUM,Emb. 0.25 KG,"1,99€","7,96€ / KG",
Aquafresh Protecção e Caries Branqueadora 2X 75ml,AQUAFRESH,,"3,89€",/ Unid.,
Pantene Superalimento Ampolas Resgate,PANTENE PV,Emb. 0.045 LT,"4,99€","110,89€ / LT",
Pensos Higiénicos Ultra Finos,ECO+,,"0,95€",/ Unid.,
Cerveja com Álcool Abadia 6x33cl,SUPER BOCK,Emb. 1.98 LT,"4,49€","2,27€ / LT",
LAPIS DE COR 18UN,ECO+,Emb. 18 UNID.,"1,59€","0,09€ / UNID.",
Sumo de Laranja 3x20 cl,UM BONGO,Emb. 0.6 LT,"1,38€","2,30€ / LT",
Tirones Verdinhos,,1 Unid. = 0.06 KG (aprox.),"2,99€/kg","0,18€ / Unid.",
Bloco Sanitário 3 em 1 Atlantic,DOMESTOS,Emb. 0.04 KG,"1,19€","29,75€ / KG",
A.O.C. Cotes Provence 2014,TERRES OCREES,Garrafa 0.75 LT,"5,99€","7,99€ / LT",
ARROZ DOCE SABOR BAUNILHA,ECO+,Emb. 0.2 KG,"0,54€","2,70€ / KG",
Ambientador com Recarga White Bouquet,AIRWICK,Emb. 0.25 LT,"7,19€","28,76€ / LT",
Pensos Incontinência Discreet Maxi Night,AUSONIA,Emb. 16 UNID.,"5,99€","0,37€ / UNID.",
Aditivo para Roupa Gel Anti-Calcário 2 em1,CALGON,Emb. 0.75 LT,"6,99€","9,32€ / LT",
Amendoim C/ Casca Torrado,MARQUE REPERE,Emb. 0.2 KG,"0,99€","4,95€ / KG",
B&J Strawb CheeseCake 465ml,,Emb. 0.465 LT,"5,99€","12,88€ / LT",
BARRINHAS KINDER CHOCOLATE T24 300G,KINDER,Emb. 0.3 KG,"3,89€","12,97€ / KG",
"FRIZE LIMA PEPIN GENGIB,,4x.25L",FRIZE,,"2,56€",/ Unid.,
SUMO 100% LARANJA C/POLPA REFRIGERADO,ECO+,Emb. 1 LT,"1,55€","1,55€ / LT",
Lombo de Porco Embalado,,1 Unid. = 1.8 KG (aprox.),"4,99€/kg","8,98€ / Unid.",
Salame Palaciego,CAMPOFRIO,1 Unid. = 0.13 KG (aprox.),"14,98€/kg","1,95€ / Unid.",
Conserva Cassoulet de Porco,CÔTÉ TABLE,Lata 0.84 KG,"2,54€","3,02€ / KG",
Feijão Verde Muito Fino Ultracongelado,NOTRE JARDIN,Emb. 1 KG,"1,59€","1,59€ / KG",
Chá Green Framboesa Romã,LIPTON,Emb. 20 SAQ.,"1,49€","0,07€ / SAQ.",
Arroz Pot Caril,KNORR,Emb. 0.075 KG,"2,15€","28,67€ / KG",
Salsa Fresca,,1 Unid. = 0.05 KG  (aprox.),"3,99€/kg","0,20€ / Unid.",
Lixívia em Gel Original,DOMESTOS,Emb. 0.75 Lt,"1,79€","2,39€ / Lt",
Detergente Loiça Máquina Pastilhas,,Emb. 50 PAST.,"2,69€","0,05€ / PAST.",
Bolachas Maria Dorada,GULLÓN,Emb. 0.6 KG,"2,99€","4,98€ / KG",
Chá de Limão,LIPTON,Emb. 20 SAQ.,"1,74€","0,09€ / SAQ.",
Vinho Tinto,LEZÍRIA,Garrafa 0.75 LT,"1,44€","1,92€ / LT",
PILHAS ALCALINAS LR20,ECO+,Emb. 4 UNID.,"4,99€","1,25€ / UNID.",
Gelado Classic de Baunilha com Pedaços de Chocolate,MAGNUM,Emb. 0.44 LT,"3,89€","8,84€ / LT",
Alheira,TERRAS DO DEMO,Emb. 0.2 KG,"1,24€","6,20€ / KG",
Detergente para a Roupa 3 em 1 Active Clean,SKIP,Emb. 1.134 KG,"12,49€","11,01€ / KG",
Queijo Petit Brie,LES CROISÉS,Emb. 0.5 KG,"4,29€","8,58€ / KG",
Água sem Gás Frutos Vermelhos,LUSO FRUTA,Garrafa 0.5 LT,"0,79€","1,58€ / LT",
Massa Macarronete Riscado,TURINI,Emb. 0.5 KG,"0,95€","1,90€ / KG",
Ambientador Eléctrico Recarga I Love You,GLADE,Emb. 0.02 LT,"3,59€","179,50€ / LT",
Conserva Macedónia de Legumes,NOTRE JARDIN,Lata 0.4 KG,"0,89€","2,23€ / KG",
DETERGENTE EM GEL CONCENTRADO TUDO EM 1 MAQUINA LOICA 45 LAVAGENS,VISIOR,Emb. 0.9 LT,"4,69€","5,21€ / LT",
Café Delta Moido Saco Chavena Torrado,DELTA,Emb. 0.25 KG,"2,29€","9,16€ / KG",
RECARGA ESFREGONA MICROFIBRAS FIO AZUL,,Emb. 1 UNID.,"1,99€","1,99€ / UNID.",
Moscatel de Setúbal,BACALHÔA,Garrafa 0.75 LT,"5,24€","6,99€ / LT",
Farinheira Porco Preto,SNR,Emb. 0.15,"1,68€","11,20€ /",
Fiambre Superior,TRADILÈGE,Emb. 0.08 KG,"1,69€","21,13€ / KG",
CAPS CAFE COMP C/ DG XL INT9,PLANTATION,,"5,99€",/ Unid.,
MOUSSE DE MANGA CONDI 80G,CONDI,Emb. 0.8 KG,"1,34€","1,68€ / KG",
Crocante de Frango Recheio Alho e Ervas,IGLO,Emb. 0.204 KG,"4,99€","24,46€ / KG",
Bolachas com Recheio Cereja Cobertura Chocolate,P'TIT DÉLI,Emb. 0.15 KG,"1,19€","7,93€ / KG",
MIOLO DE AMEIJOA ZEBRA,PÊCHE OCÉAN,Emb. 0.25 KG,"2,75€","11,00€ / KG",
GELADO TRIUM CAFE 4UN,TRIUM,Emb. 4 UNID.,"2,25€","0,56€ / UNID.",
Esparguete Picante,MILANEZA,Emb. 0.5 KG,"2,09€","4,18€ / KG",
Doce Extra de Alperce Biológico,,Emb. 0.37 KG,"2,15€","5,81€ / KG",
Cominhos Moídos,RUSTICA,Frasco 0.035 KG,"0,69€","19,71€ / KG",
Pimenta Preta Moída,RUSTICA,Emb. 0.05 KG,"0,89€","17,80€ / KG",
Cogumelos Laminados,ECO+,Emb. 0.23 KG,"0,86€","3,74€ / KG",
Desodorizante Stick,DOVE,Emb. 0.04 LT,"2,84€","71,00€ / LT",
Kit Roll-on Elétrico Cera Pernas e Corpo,VEET,Emb. 0.05 LT,"6,99€","139,80€ / LT",
IOGURTE C/PEDACOS VARIOS SABORES,DÉLISSE,Emb. 2 KG,"3,59€","1,80€ / KG",
Cassoulet C/ Salsichas de Toulouse,CÔTÉ TABLE,Emb. 0.84 KG,"2,99€","3,56€ / KG",
Feno Roedores,TOUS MES AMIS,Emb. 1 KG,"2,29€","2,29€ / KG",
Ração P/ Gato Trato Urinário C/ Frango,ULTIMA,Emb. 0.75 KG,"5,39€","7,19€ / KG",
Bacalhau Crescido Asa Branca,,1 Unid. = 1.6 KG (aprox.),"12,29€/kg","19,66€ / Unid.",
Café Solúvel Creme,NESCAFÉ,Emb. 0.2 KG,"4,49€","22,45€ / KG",
Vinho Verde Branco,CRUZEIRO,Garrafa 0.75 LT,"1,79€","2,39€ / LT",
Biscoitos com Pepitas de Chocolate Preto Biológico,,Emb. 0.14 KG,"2,09€","14,93€ / KG",
Muesli Morango,GRAINEA,Emb. 0.5 KG,"2,89€","5,78€ / KG",
Vinho Regional Tejo Tinto Reserva,CABEÇA DE TOIRO,Garrafa 0.75 LT,"5,49€","7,32€ / LT",
GELADO BAUNILHA 12UN,SMICY,Emb. 12 UNID.,"2,69€","0,22€ / UNID.",
Pipocas Pop Corn 3x90g,TOKAPI,Emb. 0.27 KG,"1,08€","4,00€ / KG",
AMBIENTADOR GEL MARINHO,BIEN AIR,Emb. 0.15 KG,"0,89€","5,93€ / KG",
GRESSINOS - receita italiana,TRADIZIONI D'ITALIA,Emb. 0.25 KG,"1,69€","6,76€ / KG",
Alimento Húmido Gatinhos de Coelho Vaca Aves 4x400g,LYCAT,Emb. 4 UNID.,"3,99€","1,00€ / UNID.",
CREME DESCOLORANTE ROSTO/CORPO 2UN,SILISS,Emb. 0.1,"3,19€","31,90€ /",
Salsichas de Aves 8 Unidades,IZIDORO,Lata 0.2 KG,"1,19€","5,95€ / KG",
Batatas Fritas 6x30 gr,ECO+,Emb. 0.18 KG,"1,39€","7,72€ / KG",
MOLHO PARA HAMBURGUER,RUSTICA,Emb. 0.255 KG,"1,69€","6,63€ / KG",
Vinho Regional Península de Setúbal Branco Seco,B.S.E,Garrafa 0.75 LT,"2,99€","3,99€ / LT",
Champô Anti-Queda com Ginseng,LINIC,Emb. 0.36 LT,"4,94€","13,72€ / LT",
Caderno Agrafado Quadriculado C. PP A5 48F,ESQUISSE,Emb. 1 UNID.,"1,49€","1,49€ / UNID.",
RATO S/FIO PRETO,LINKSTER,Emb. 1 UNID.,"9,99€","9,99€ / UNID.",
Mini Cookies com Pepitas de Chocolate 0% Açúcar,ARTIACH,Emb. 0.12 KG,"2,48€","20,67€ / KG",
Baguete,,1 Unid. = 0.25 KG,"0,56€","2,24€ / KG",
Salsicha Peru,NOBRE,Emb. 0.16 KG,"1,39€","8,69€ / KG",
Amêndoas e Avelãs Torradas Trituradas e Caramelizadas,TABLIER BLANC,Emb. 0.1 KG,"1,99€","19,90€ / KG",
GELADO CHOCOLATE LIEGEOIS,ESKISS,Emb. 1 LT,"2,65€","2,65€ / LT",
Caldo Verde,,Emb. 0.15 KG,"0,99€","6,60€ / KG",
CREME LIMPEZA LIMAO  750ML,ECO+,Emb. 0.75 LT,"0,95€","1,27€ / LT",
PREPARADO P/ ARROZ MARISCO,PÊCHE OCÉAN,Emb. 0.4 KG,"3,50€","8,75€ / KG",
Massa Macarrão,ECO+,Emb. 0.5 KG,"0,65€","1,30€ / KG",
Ambientador Vela Baunilha,AIRWICK,Emb. 2 UNID.,"5,69€","2,85€ / UNID.",
Fermento em Pó 6Unid.,TABLIER BLANC,Emb. 0.066 KG,"0,79€","11,97€ / KG",
Bolachas Enroladas Cobertas de Chocolate Preto,P'TIT DÉLI,Emb. 0.125 KG,"1,49€","11,92€ / KG",
SALPICAO,CAMPO FINO,Emb. 0.28 KG,"3,29€","11,75€ / KG",
Bolachas Areadas de Manteiga Pura com Coco e Recheadas,P'TIT DÉLI,Emb. 0.1 KG,"1,49€","14,90€ / KG",
Iogurte Natural com Açúcar de Cana 4x125g,DÉLISSE,Emb. 0.5 KG,"0,75€","1,50€ / KG",
Pão de Forma Rústico,EPI D'OR,Emb. 0.6 KG,"1,39€","2,32€ / KG",
CHAMPO SECO CABELOS CASTANHOS 150ML,NATEIS,Emb. 0.15 LT,"2,29€","15,27€ / LT",
Cerveja com Álcool 6x33cl,SUPER BOCK,Emb. 1.98 LT,"4,45€","2,25€ / LT",
Massa Pevides,TURINI,Emb. 0.25 KG,"0,55€","2,20€ / KG",
Bolachas Digestivas sem Açúcar,THINS,Emb. 0.174 KG,"1,49€","8,56€ / KG",
Vinho Branco do Tejo Arinto/Chardonnay,Quinta da Lagoalva,Emb. 0.75 LT,"9,90€","13,20€ / LT",
SAL REGENERADOR,VISIOR,Emb. 2 KG,"0,79€","0,40€ / KG",
Pensos Higiénicos Normal sem Alas,EVAX,Emb. 12 UNID.,"2,99€","0,25€ / UNID.",
Recarga Pure Flor Cerejeira,AIRWICK,Emb. 1 UNID.,"3,59€","3,59€ / UNID.",
Pá do Lixo c/ Espanador,,Emb. 1 UNID.,"2,00€","2,00€ / UNID.",
Bolachas Cobertas Chocolate Leite,P'TIT DÉLI,Emb. 0.15 KG,"1,19€","7,93€ / KG",
Café Torrado Moído África Ásia e Brasil Moagem Fina,SICAL,Emb. 0.25 KG,"2,39€","9,56€ / KG",
Chá Baunilha e Caramelo,LIPTON,Emb. 20 SAQ.,"1,74€","0,09€ / SAQ.",
Old Spice Restart shower gel,OLD SPICE,Emb. 0.4 LT,"6,50€","16,25€ / LT",
Café Solúvel Qualité Filtre,PLANTATION,Frasco 0.1 KG,"1,83€","18,30€ / KG",
Salmão do Atlântico Fumado,ECO+,Emb. 0.2 KG,"5,49€","27,45€ / KG",
Preparado Sopa Creme de Marisco,KNORR,Emb. 0.075 KG,"1,49€","19,87€ / KG",
BOLACHAS VITALDAY CROCANTES ORIGINAIS 265G,GULLÓN,Emb. 0.265 KG,"1,99€","7,51€ / KG",
Alho em Pó,MARGÃO,Emb. 0.055 KG,"2,90€","52,73€ / KG",
PALITOS TORCIDOS C/ COB CHOCOLATE PRETO,P'TIT DÉLI,Emb. 0.09 KG,"1,49€","16,56€ / KG",
Café Torrado Moído Clássico Intensidade 9,SICAL,Emb. 16 UNID.,"3,09€","0,19€ / UNID.",
Mini Tostas,EPI D'OR,Emb. 0.35 KG,"1,99€","5,69€ / KG",
Champô Legend CR7,LINIC,Emb. 0.36 LT,"4,94€","13,72€ / LT",
PAIO LOMBO FATIADO,CAMPO FINO,Emb. 0.15 KG,"2,09€","13,93€ / KG",
Recarga Freshmatic White Bouquet,AIR WICK,Spray 0.26 KG,"3,59€","13,81€ / KG",
Conserva de Feijão Manteiga,COMPAL,Lata 0.845 KG,"1,59€","1,88€ / KG",
PIRI SACANA C/CANNABIS,PALADIN,Emb. 0.075 LT,"3,20€","42,67€ / LT",
Ambientador recarga lavanda,GLADE,Emb. 0.02 LT,"3,59€","179,50€ / LT",
Aromatizante Máquina Loiça Limão,SUN,Emb. 1 UNID.,"2,24€","2,24€ / UNID.",
Água Micelar Revitalift Preenchedora,L'OREAL,Emb. 0.2 LT,"7,25€","36,25€ / LT",
Flocos de Cereais com Fibras,KELLOGG'S,Emb. 0.375 KG,"2,59€","6,91€ / KG",
Roll On Narta Men InvisiMax,GARNIER,Emb. 0.05 LT,"3,85€","77,00€ / LT",
Preparado em Pó P/ Gelatina Tutti Fruti,ROYAL,Emb. 0.114 KG,"1,79€","15,70€ / KG",
ALIMENTO HUMIDO FRANGO / LEGUMES COMPLETO 1200KG,TOUS MES AMIS,Emb. 1 KG,"2,05€","2,05€ / KG",
Conserva de Atum em Óleo Vegetal,GENERAL,Emb. 0.11 KG,"0,99€","9,00€ / KG",
Batatas Fritas Receita Camponesa,LAY'S,Emb. 0.25 KG,"1,99€","7,96€ / KG",
Batom Lasting Finish Drop of Sherry 058,RIMMEL,Emb. 1 UNID.,"7,45€","7,45€ / UNID.",
Café Ricoré,DOLCE GUSTO,Emb. 16 CAPS.,"5,93€","0,37€ / CAPS.",
CEREAIS PETALAS CHOCOLATE PRETO,GRAINEA,Emb. 0.3 KG,"1,69€","5,63€ / KG",
Papa Infantil de Maçã,CERELAC,Emb. 0.25 KG,"2,39€","9,56€ / KG",
Miolo Camarão Grande Cozido 40/60 Ultracongelado,PESCANOVA,Emb. 0.2 KG,"6,99€","34,95€ / KG",
Ganchos Lavanda,RAID,Emb. 2 UNID.,"3,79€","1,90€ / UNID.",
Vinho Rosé Frutado,CORAÇÃO DA MINHA,Garrafa 0.75 LT,"1,30€","1,73€ / LT",
Leite P/ Lactentes 1,NAN,Emb. 0.8 KG,"13,99€","17,49€ / KG",
Iogurte Líquido Corpos Morango Kiwi 4x155g,DANONE,Emb. 0.62 KG,"1,69€","2,73€ / KG",
DENTIFRICO SABOR MORANGO EM GEL JUNIOR 7-13 ANOS,DENTAMYL,Emb. 0.075 LT,"0,99€","13,20€ / LT",
Frango à Provençal C/ Ervas Aromáticas,MAGGI,Emb. 0.028 KG,"0,74€","26,43€ / KG",
AREIA VEGETAL 10L P'TIT AMI,TOUS MES AMIS,Emb. 10 LT,"3,59€","0,36€ / LT",
Café Torrado Grão,PLANTATION,Emb. 1 KG,"5,69€","5,69€ / KG",
OS BOCADINHOS EM MOLHO VACA/MASSA/CENOURA P/ CAO 1230G,LYDOG,Emb. 1 KG,"2,05€","2,05€ / KG",
Cereais Frosties,KELLOGG'S,Emb. 0.375 KG,"2,29€","6,11€ / KG",
Bolachas Mini Cookies Tradicionais,NACIONAL,Emb. 0.12 KG,"1,29€","10,75€ / KG",
Concentrado de Maracujá Miix,SUNQUICK,Emb. 0.58 LT,"4,39€","7,57€ / LT",
Gelado After Dinner,MAGNUM,Emb. 10 UNID.,"4,99€","0,50€ / UNID.",
Sobremesa Creme de Chocolate 4x125g,DÉLISSE,Emb. 0.5 KG,"1,59€","3,18€ / KG",
Filetes de Anchovas em Óleo Vegetal,RAMIREZ,Emb. 0.04 KG,"1,34€","33,50€ / KG",
QUEIJO FLAMENGO FATIADO,QUEIJO NA TÁBUA,Emb. 0.275 KG,"2,20€","8,00€ / KG",
PILHA ALCALINA LR14,FOXTER,Emb. 2 UNID.,"2,99€","1,50€ / UNID.",
DETERGENTE MANUAL LOICA FRUTOS VERMELHOS/FLORES 750ML,VISIOR,Emb. 0.75 LT,"0,97€","1,29€ / LT",
Detergente Roupa Máquina Liquído Active Clean 100 Doses,SKIP,Emb. 100 DOSES,"19,99€","0,20€ / DOSES",
IOGURTE BIFIDUS BAUNILHA 12X125G DELISSE,DÉLISSE,Emb. 1.5 KG,"2,59€","1,73€ / KG",
Conjunto Borracha Mini,ESQUISSE,Emb. 2 UNID.,"0,79€","0,40€ / UNID.",
Toalhitas Bebé Ecológicas,MOTS D'ENFANTS,Emb. 72 UNID.,"1,79€","0,02€ / UNID.",
Cuecas Menina 3 aos 5 Anos,HUGGIES,Emb. 16 UN,"8,99€","0,56€ / UN",
Sabonete Líquido Hipo-Alergénio,MANAVA,Emb. 0.3 LT,"0,89€","2,97€ / LT",
Vinho Regional Tejo Branco,PLEXUS,Garrafa 0.75 LT,"2,19€","2,92€ / LT",
Arroz Carolino,LOURO,Emb. 1 KG,"1,09€","1,09€ / KG",
ACENDALHAS CUBOS 32UN,ECO+,Emb. 32 UNID.,"1,29€","0,04€ / UNID.",
DESODORIZANTE SPRAY ATTIRANT MEN 100ML COMPACT,CARRÉ HOMME,Emb. 0.1 LT,"1,29€","12,90€ / LT",
Limpa Móveis Óleo de Cedro,PRONTO,Spray 0.25 LT,"3,95€","15,80€ / LT",
Alimento Seco para Cão Carne e Cereais Integrais,ECO+,Emb. 4 KG,"4,69€","1,17€ / KG",
Queijo Roquefort Societé,PRÉSIDENT,1 Unid. = 0.25 KG (aprox.),"29,95€/kg","7,49€ / Unid.",
DESODORIZANTE SPRAY ICE BOOST MEN 100ML COMPACT,CARRÉ HOMME,Emb. 0.1 LT,"1,25€","12,50€ / LT",
Chá Lúcia Lima,TETLEY,Emb. 10 SAQ.,"0,86€","0,09€ / SAQ.",
Aipo,,Emb. 0.5 KG,"1,19€","2,38€ / KG",
IOGURTE CREMOSO COCO C/ LIMÃO,NAT&VIE,Emb. 4 UNID.,"2,09€","0,52€ / UNID.",
Pó Sabão Natural,SKIP,Emb. 100 DOSES,"14,99€","0,15€ / DOSES",
ALGODAO MAXI OVAL X 60 BIO,BIONAÏA,Emb. 60 UNID.,"1,59€","0,03€ / UNID.",
TRINCA DE ARROZ,LYDOG,Emb. 5 KG,"3,25€","0,65€ / KG",
Ração seca para gato bolas de pêlo c/ Peru,ULTIMA,Emb. 0.75 LT,"5,39€","7,19€ / LT",
Água Tónica de Extratos Vegetais,SCHWEPPES,Garrafa 1 LT,"1,59€","1,59€ / LT",
Cogumelos de Paris Laminados Ultracongelado,NOTRE JARDIN,Emb. 1 KG,"2,19€","2,19€ / KG",
Mini Pizzas Piccolinis Salame,BUITONI,Emb. 0.27 KG,"3,99€","14,78€ / KG",
Cereais Integrais com Mel Biológicos,CHEERIOS,Emb. 0.33,"2,99€","9,06€ /",
Azeite Virgem Extra Seleção,SERRATA,Garrafa 0.75 LT,"3,99€","5,32€ / LT",
Vinho do Porto Tawny,PORTO CRUZ,Garrafa 0.75 LT,"4,99€","6,65€ / LT",
Cocktail de Soja Vegan sem Lactose e sem Glúten,NOBRE VEGALIA,Emb. 0.19 KG,"2,09€","11,00€ / KG",
Estojo C/ Escova de Dentes e Copo Cor de Rosa 2-6 Anos,PETIT DENTAMYL,Emb. 1 UNID.,"2,99€","2,99€ / UNID.",
CAPS CAFE COMP C/ NESP - EM ALUMINIO - COLOMBIA,PLANTATION,Emb. 10 UNID.,"1,99€","0,20€ / UNID.",
Café Solúvel Cappuccino Descafeinado 10 Saquetas,NESCAFÉ,Emb. 0.125 KG,"3,39€","27,12€ / KG",
Refrigerante C/ Gás Zero Cafeína Zero Açúcar,COCA COLA ZERO,Emb. 1.75 LT,"2,19€","1,25€ / LT",
Croquetes de Carne,,Emb. 8   UNID.,"1,39€","0,17€ /   UNID.",
Queijo de Cabra Sainte Maure,LES CROISÉS,Emb. 0.2 KG,"2,10€","10,50€ / KG",
1ª Papa Láctea Cerelac Multifrutos Sem Glúten,NESTLÉ,Emb. 0.25 KG,"2,79€","11,16€ / KG",
Toalhitas para Cozinha Biodegradável,CIF,Emb. 36 UNID.,"2,24€","0,06€ / UNID.",
Papel Higiénico 4 Folhas Creme,RENOVA,Emb. 12 ROLOS,"7,29€","0,61€ / ROLOS",
Desodorizante Invisible Spray,REXONA,Emb. 0.15 LT,"2,54€","16,93€ / LT",
Pão Saloio,,1 Unid. = 0.4 KG,"1,39€","3,48€ / KG",
Refrigerante S/ Gás Limão,ECO+,Emb. 2 LT,"0,79€","0,40€ / LT",
Vinho do Porto Tawny,DORRÃO,Garrafa 0.75 LT,"4,29€","5,72€ / LT",
Pão Centeio,,1 Unid. = 0.4 KG,"1,00€","2,50€ / KG",
MIOLO AMENDOA C/ PELE C/ SAL,TOKAPI,,"1,95€",/ Unid.,
COGUMELOS DE PARIS LAMINADOS BIO,,Emb. 0.6 KG,"2,55€","4,25€ / KG",
Conserva de Salsichas 8 Unid.,ECO+,Lata 0.2 KG,"0,75€","3,75€ / KG",
Pacotinho de Frutas Maçã Banana e Morango S/ Glúten +8 meses,NESTLÉ BEBÉ,Emb. 0.09 KG,"0,98€","10,89€ / KG",
Café Solúvel Alta Rica Intenso,NESCAFÉ,Emb. 0.1 KG,"5,99€","59,90€ / KG",
Desodorizante Spray Colonia,MANAVA,Emb. 0.1 LT,"1,39€","13,90€ / LT",
Vinho Regional Dão Tinto,QUINTA DOS CARVALHAIS,Garrafa 0.75 LT,"7,99€","10,65€ / LT",
AUSONIA AIRDRY NORMAL ABAS 38,AUSONIA,Emb. 38 UNID.,"4,24€","0,11€ / UNID.",
Desodorizante Spray Pêssego E Limão 0%Alumínio,DOVE,Emb. 0.15 LT,"2,84€","18,93€ / LT",
BATATAS SALTEADAS OLEO GIRASSOL,POM'LISSE,Emb. 1 KG,"2,25€","2,25€ / KG",
Recarga Sabonete Líquido Hidratante Óleo Amêndoas/Karite,MANAVA,Emb. 0.25 LT,"0,65€","2,60€ / LT",
Bacalhau Seleção Especial Noruega Asa Preta,,1 Unid. = 4 KG (aprox.),"15,98€/kg","63,92€ / Unid.",
Chocolate Preto,CRUNCH,Emb. 0.1 KG,"1,39€","13,90€ / KG",
BEBIDA SOJA CRESCIMENTO,ALPRO,Emb. 1 LT,"1,89€","1,89€ / LT",
AURICULARES MAOS LIVRES BRANCO,LINKSTER,Emb. 1 UNID.,"6,99€","6,99€ / UNID.",
Pantene Fixação Flexível Laca 300ml,PANTENE PV,Spray 0.3 LT,"3,74€","12,47€ / LT",
Tablete de Chocolate Bolacha,MILKA,Emb. 0.3 KG,"3,89€","12,97€ / KG",
Vinho Branco,ECO+,Garrafão 5 LT,"5,69€","1,14€ / LT",
Ovo Kinder Surpresa Chocolate,KINDER,Emb. 0.02 KG,"1,29€","64,50€ / KG",
MACEDONIA DE LEGUMES 1/4X3 3X200G,NOTRE JARDIN,Emb. 0.6 KG,"1,79€","2,98€ / KG",
Néctar Vital Equilíbrio Laranja Cenoura Manga,COMPAL,Emb. 1 LT,"1,59€","1,59€ / LT",
Lixívia Densa+ Harmonias Florais,NEOBLANC,Emb. 2 LT,"2,58€","1,29€ / LT",
Coelho Inteiro,,1 Unid. = 1.5 KG (aprox.),"6,99€/kg","10,49€ / Unid.",
Bolachas com Cobertura Chocolate e Avelãs,P'TIT DÉLI,Emb. 0.12 KG,"1,45€","12,08€ / KG",
Maionese Vegan sem Glúten,CALVÉ,Emb. 0.27 KG,"2,79€","10,33€ / KG",
Sais De Fruta Digestivo Laranja,ENO,Emb. 0.15 KG,"5,99€","39,93€ / KG",
Atum Albacore ao Natural,PÊCHE OCÉAN,Lata 0.4 KG,"3,29€","8,23€ / KG",
Vinagre de Vinho Tinto,RUSTICA,Garrafa 0.5 LT,"0,49€","0,98€ / LT",
Pão de Hambúrguer com Sementes de Sésamo 4 Unidades,BIMBO,Emb. 0.22 KG,"1,29€","5,86€ / KG",
CABIDE PLASTICO CRIANCA AZUL,SILLAGE,Emb. 4 UNID.,"1,50€","0,38€ / UNID.",
Café Moagem Universal Angola,DELTA,Emb. 0.22 KG,"3,09€","14,05€ / KG",
Alimento Húmido P/ Gato Sopa Vários Sabores,PURINA,Emb. 0.16 KG,"2,59€","16,19€ / KG",
Caramelos Werther's Original Storck Creme 135g,JERONIMO MARTINS,Emb. 0.135 KG,"1,99€","14,74€ / KG",
Ambientador Pure Flor de Cereja da Ásia,AIRWICK,Emb. 0.25 LT,"4,19€","16,76€ / LT",
Feijocas 3X200G,NOTRE JARDIN,Emb. 0.6 KG,"1,79€","2,98€ / KG",
"AMACIADOR  ROUPA  ESSÊNCIA TALCO  1,5LT",CHICCO,,"5,84€",/ Unid.,
Ice Tea Pêssego Zero Açúcar,LIPTON,Emb. 1 LT,"1,16€","1,16€ / LT",
Stiks Sortido 108g,TOUS MES AMIS,Emb. 0.104 KG,"0,99€","9,52€ / KG",
Queijo Bola Flamengo,PAIVA,Emb. 1.4 KG (aprox.),"6,99€/kg","9,79€ / Unid.",
Marmelada Extra,,Emb. 0.45 KG,"1,09€","2,42€ / KG",
SACOS LIXO FECHO FACIL 100L,ELEMBAL,Emb. 10 UNID.,"1,59€","0,16€ / UNID.",
CREME SABOR BAUNILHA,DÉLISSE,Emb. 0.4,"2,39€","5,98€ /",
Fraldas Bebé T4 ACTIV+ 7/18 Kg,MOTS D'ENFANTS,Emb. 39 UNID.,"7,89€","0,20€ / UNID.",
"Alimento Húmido P/ Cão Adulto em Molho de Vaca, Borrego",FRISKIES,Emb. 0.4 KG,"2,45€","6,13€ / KG",
Chá Verde e Limão,PLENO,Garrafa 1.5 LT,"1,49€","0,99€ / LT",
LINGUICA,CAMPO FINO,Emb. 0.15 KG,"1,29€","8,60€ / KG",
Dentífrico Maximum Protection Caries,COLGATE,Emb. 0.075 LT,"2,95€","39,33€ / LT",
SALSICHAO MORTEAU,NOS RÉGIONS ONT DU TALENT,,"5,49€",/ Unid.,
Café Solúvel Clássico Intenso,NESCAFÉ,Emb. 0.1 KG,"4,82€","48,20€ / KG",
YOFU SOJA PESSEGO/EXOTI 4x125G,ALPRO,Emb. 0.5 KG,"2,75€","5,50€ / KG",
VELA NUMERO - 3,ARDENCE,Emb. 1 UNID.,"0,89€","0,89€ / UNID.",
Lasanha à Bolonhesa,CÔTÉ TABLE,Emb. 0.35 KG,"2,29€","6,54€ / KG",
Cerveja sem Álcool 6X33cl,CHEERS,Emb. 1.98 LT,"3,24€","1,64€ / LT",
Alimento Seco P/ Gato Frango,BEYOND,Emb. 0.35 g,"2,99€","8,54€ / g",
GEL FIXACAO BETAO 250ML,VITANOVE,Emb. 0.25 LT,"1,55€","6,20€ / LT",
Vinho do Porto Ruby,DORRÃO,Garrafa 0.75 LT,"4,29€","5,72€ / LT",
ALIMENT BEBE: PURE CENOURAS BIO +4M 2X120G,BIO VILLAGE BEBE,Emb. 0.24 KG,"1,35€","5,63€ / KG",
ALIMENT BEBE: PURE LEGUMES VERDES MASSA PERU BIO +8M 2X200G,BIO VILLAGE BEBE,Emb. 0.4 KG,"2,69€","6,73€ / KG",
ESPONJA JUMBO,TECH9,Emb. 1 UNID.,"1,99€","1,99€ / UNID.",
Iced Tea Limão,ECO+,Emb. 1.5 LT,"0,89€","0,59€ / LT",
BOLACHAS RECHEADAS C/ CHOCO TIPO KANGO,P'TIT DÉLI,Emb. 0.225 KG,"1,59€","7,07€ / KG",
Pantene Repara & Protege Champô,PANTENE PV,Emb. 0.25 LT,"3,75€","15,00€ / LT",
PATE CAMPESTRE PORCO BRETON IGP,NOS RÉGIONS ONT DU TALENT,Emb. 0.2 KG,"1,95€","9,75€ / KG",
Gel de Banho e Duche Flor Cerejeira/Leite/Aveia,MANAVA,Emb. 0.5 LT,"2,29€","4,58€ / LT",
Azeite Virgem Extra Clássico,GALLO,Garrafa 2 LT,"10,99€","5,50€ / LT",
Sacos Lixo Fecho Fácil 50L,ELEMBAL,Emb. 15 UNID.,"1,69€","0,11€ / UNID.",
Champô para Cabelos Secos e sem Brilho,TRESEMMÉ,Emb. 0.5 LT,"4,19€","8,38€ / LT",
INFUSAO TILIA E LIMAO,TISÉA,Emb. 25 UNID.,"1,59€","0,06€ / UNID.",
Chipicao Multipack 4x57 g,CHIPICAO,Emb. 0.228 KG,"2,89€","12,68€ / KG",
Carregador Universal,FOXTER,Emb. 1 UNID.,"15,90€","15,90€ / UNID.",
Linguicinha Porco Preto,SNR,Emb. 0.2 KG,"2,79€","13,95€ / KG",
4 LAPIS GRAFITE HB,ESQUISSE,Emb. 4 UNID.,"1,29€","0,32€ / UNID.",
PATE CAMPESTRE -25% TEOR SAL 150G,TRADILÈGE,,"1,85€",/ Unid.,
Vinho Regional Douro Tinto,VILA REGIA,Emb. 0.75 LT,"2,89€","3,85€ / LT",
"AXE GB ICE CHILL,,400ML",AXE,Emb. 0.4 LT,"3,29€","8,23€ / LT",
Bolachas Sabor Limão com Amêndoas Biológicas,,Emb. 0.2 KG,"2,59€","12,95€ / KG",
Sortido de Bolachas,CUÉTARA,Emb. 0.21 KG,"2,29€","10,90€ / KG",
Mopa Seca com Cabo Extensível,,Emb. 1 UNID.,"6,50€","6,50€ / UNID.",
Pincel de Maquilhagem em Pó,,Emb. 1 UNID.,"3,99€","3,99€ / UNID.",
Caderno Capa Preta Quadriculado A4 60p,ESQUISSE,Emb. 1 UNID.,"0,99€","0,99€ / UNID.",
Elixir Total Care Zero,LISTERINE,Emb. 0.5 LT,"5,99€","11,98€ / LT",
Iogurte de Frutos Déli´light 8x125g,DÉLISSE,Emb. 1 KG,"2,45€","2,45€ / KG",
RESMA PAPEL A4 500F 90G,ESQUISSE,Emb. 500 FOLHAS,"6,29€","0,01€ / FOLHAS",
Sabonete Líquido Flor Laranjeira,MANAVA,Emb. 0.3 LT,"0,89€","2,97€ / LT",
Gel de Banho Active Clean,NIVEA MEN,Emb. 0.5 LT,"4,99€","9,98€ / LT",
Sabonete Líquido Leite/Mel,MANAVA,Emb. 0.3 LT,"0,69€","2,30€ / LT",
Recarga para Difusor Automático Relex Zen,GLADE,Emb. 2 UNID.,"7,18€","3,59€ / UNID.",
Sumo de Laranja,JOI,Garrafa 1.5 LT,"1,04€","0,69€ / LT",
Açúcar de Baunilha Biológico 6 Saquetas,,Emb. 0.045 KG,"1,99€","44,22€ / KG",
Água com Gás Limão,PEDRAS,Garrafa 1 LT,"1,49€","1,49€ / LT",
RESGUARDO PROTECAO CAMA 80X90CM,CHORYS,Emb. 16 UNID.,"5,59€","0,35€ / UNID.",
Pizza Royale Ultracongelada,TURINI,Emb. 0.4 KG,"1,89€","4,73€ / KG",
Azeite Clássico,OLIVEIRA DA SERRA,Emb. 3 LT,"16,99€","5,66€ / LT",
Drageia Mastigável de Mentos Rainbow,MENTOS,Emb. 0.12 KG,"1,69€","14,08€ / KG",
Batatas Fritas Palha,POM'LISSE,Emb. 0.16 KG,"0,85€","5,31€ / KG",
"SOBREMESA ""FLAN"" C/OVOS",DÉLISSE,Emb. 0.4 KG,"2,45€","6,13€ / KG",
TAPETE ANTI-DERRAPANTE WC TRANSPARENTE 52X52,SILLAGE,Emb. 1 UNID.,"3,90€","3,90€ / UNID.",
Condicionador Liso Queratina Acondicinador,TRESEMMÉ,Emb. 0.7 LT,"6,59€","9,41€ / LT",
Iogurte Côco 4 Unid.,MIMOSA,Emb. 0.48 KG,"1,09€","2,27€ / KG",
Nata para Culinária,PARMALAT,Emb. 0.2 KG,"0,95€","4,75€ / KG",
Ovos Solo XL,SNR,Emb. 12 KG,"2,69€","0,22€ / KG",
Queijo Apimentado de Lamego,PAIVA,1 Unid. = 1.2 KG (aprox.),"8,95€/kg","10,74€ / Unid.",
Chourição,NOBRE,1 Unid. = 0.15 KG (aprox.),"8,99€/kg","1,35€ / Unid.",
Champô Hidratante,BABY DOVE,Emb. 0.4 LT,"3,29€","8,23€ / LT",
Champô Linic Anti-Caspa Fem Sakura,LINIC,Emb. 0.225 LT,"3,34€","14,84€ / LT",
Queijo de Pasta Azul com Leite Pasteurizado,LES CROISÉS,Emb. 0.25,"2,89€","11,56€ /",
Vinho Branco Frutado,FAISÃO,Garrafa 0.75 LT,"2,19€","2,92€ / LT",
Corda P/ Roupa Cinza 20Metros,SILLAGE,Emb. 1 UNID.,"1,00€","1,00€ / UNID.",
TERRA PLANTAS,BEAUX JOURS,Emb. 10 LT,"1,49€","0,15€ / LT",
PRATO + NAPERON 28CM,,Emb. 1 UNID.,"0,59€","0,59€ / UNID.",
Sopa de Cogumelos Selvagens Gourmet,KNORR,Emb. 0.062 KG,"1,79€","28,87€ / KG",
Pimentão Doce Colorau,RUSTICA,Emb. 0.05 KG,"0,48€","9,60€ / KG",
Café Torrado Moagem Grossa,,Emb. 0.25 KG,"1,59€","6,36€ / KG",
Iogurtes Cremosos Açucarados Frutas Vermelhas 8x125g,DÉLISSE,Emb. 1 KG,"2,09€","2,09€ / KG",
Asia Pot Noodles de Frango,KNORR,Emb. 0.065 KG,"1,79€","27,54€ / KG",
Anti-Calcário 3 em 1 para a Máquina da Roupa,CALGON,Emb. 45 DOSES,"13,98€","0,31€ / DOSES",
Chá Verde 25 Saquetas,,Emb. 0.037 KG,"0,89€","24,05€ / KG",
Massa Farfalle,TURINI,Emb. 0.5 KG,"1,09€","2,18€ / KG",
Covete Endivia Branca Org Esp 450G MARCA GUIA,,Emb. 0.45 KG,"2,29€","5,09€ / KG",
Sardinha em Tomate,BOM PETISCO,Emb. 0.12 KG,"0,99€","8,25€ / KG",
Refrigerante com Gás Guarana,ANTARCTICA,Garrafa 1.5 LT,"1,89€","1,26€ / LT",
Iogurte Bifidus Líquido Cereais Integrais 4 Unid.,DANONE,Emb. 0.62 KG,"1,99€","3,21€ / KG",
Papel Higiénico 2 Folhas Compact,MARQUE REPERE,Emb. 6 UNID.,"2,49€","0,42€ / UNID.",
BROWNIE CHOCOLATE C/ PEPITAS EM CAIXA,P'TIT DÉLI,Emb. 0.285 KG,"2,19€","7,68€ / KG",
PAPEL VEGETAL 8 MT,ELEMBAL,Emb. 8 MT,"0,99€","0,12€ / MT",
OSSO PRESUNTO 2UN,TOUS MES AMIS,Emb. 2 UNID.,"2,59€","1,30€ / UNID.",
"ATUM C/FEIJAO FRADE,RAMIREZ,120G",RAMIREZ,,"1,29€",/ Unid.,
DESODORIZANTE P/ MQ.LOICA 2EM1 LIMAO + RECARGA,VISIOR,Emb. 2 UNID.,"1,29€","0,65€ / UNID.",
Óleo Alimentar,FRIGI,Garrafa 1 LT,"2,39€","2,39€ / LT",
Alimento Seco Cão Croquetes Light,TOUS MES AMIS,Emb. 4 KG,"4,99€","1,25€ / KG",
Bloco Sanitário Domestos Power 5 Pinho,DOMESTOS,Emb. 0.11 KG,"2,74€","24,91€ / KG",
Azeite virgem extra lezirias,GALLO,Emb. 0.75 LT,"4,89€","6,52€ / LT",
Bolachas Suecas Flocos de Aveia e Chocolate 150g,P'TIT DÉLI,Emb. 0.15 KG,"2,10€","14,00€ / KG",
Creme Hidratante Bebé Rosto e Corpo,MOTS D'ENFANTS,Emb. 0.1 LT,"1,99€","19,90€ / LT",
Creme de Barbear Original,DENIM,Emb. 0.1 LT,"1,68€","16,80€ / LT",
Tablete Chocolate Excellence Dark 70%,LINDT,Emb. 0.1 KG,"2,09€","20,90€ / KG",
Shampoo Banho Rich Moisture Baby,BABY DOVE,Emb. 0.2 LT,"1,79€","8,95€ / LT",
CREPES FIAMBRE E QUEIJO 20UN,,Emb. 1 KG,"2,99€","2,99€ / KG",
Ambientador Stick Perfumado Amora e Baunilha,AIRWICK,Emb. 0.025 LT,"7,19€","287,60€ / LT",
LENCOS FACIAIS 3F ALOE VERA,CARESSE,Emb. 90 UNID.,"1,19€","0,01€ / UNID.",
Papel Higiénico 2 Folhas,RENOVA,Emb. 48 ROLOS,"9,99€","0,21€ / ROLOS",
Máscara de Pestanas Preto 001,RIMMEL,Emb. 1 UNID.,"10,99€","10,99€ / UNID.",
GELADO STAR FOGUETAO 8UN,SMICY,Emb. 8 UNID.,"1,59€","0,20€ / UNID.",
Red Bull,RED BULL,Lata 0.355 LT,"1,98€","5,58€ / LT",
TESOURA PODA DE GALHOS JARDIPRO,BEAUX JOURS,Emb. 1 UNID.,"11,89€","11,89€ / UNID.",
Iogurte Líquido Sabor Bauninha 4x180g,DÉLISSE,Emb. 1.08 KG,"1,99€","1,84€ / KG",
PIZZA FRESCA 4 ESTACOES,TURINI,Emb. 0.45 KG,"2,59€","5,76€ / KG",
Detergente para a Máquina da Roupa Active Sports Líquido,SKIP,Emb. 66 DOSES,"12,49€","0,19€ / DOSES",
Iogurte Bifidus Líquido Morango 4 Unid.,DANONE,Emb. 0.62 KG,"1,99€","3,21€ / KG",
"ALIMENT BEBE: CENOURA, SEMOLA, BATATA DOCE, LEITE C/ PEDACOS BIO +8M 2X200G",BIO VILLAGE BEBE,Emb. 0.4 KG,"2,69€","6,73€ / KG",
GAUFRES SABOR A CHOCOLATE E AVELAS 8UN,P'TIT DÉLI,Emb. 0.272 KG,"1,99€","7,32€ / KG",
Desodorizante Men Spray Active Fresh 0% Alumínio,REXONA,Emb. 0.15 LT,"2,84€","18,93€ / LT",
Gelado Baunilha E Chocolate,CARTE D'OR,Emb. 1.7 LT,"2,99€","1,76€ / LT",
"AMBIENTADOR MECHA ACTIVA ""FLORAL""375ML",BIEN AIR,375ML 0.375 LT,"1,55€","4,13€ / LT",
PILHAS RECARGAVEIS HR6,FOXTER,Emb. 4 UNID.,"7,49€","1,87€ / UNID.",
After Shave Original,DENIM,Emb. 0.1 LT,"5,19€","51,90€ / LT",
IOGURTE C/ BIFIDUS CEREAIS,DÉLISSE,Emb. 0.5 KG,"1,49€","2,98€ / KG",
"Refrigerante com Gás Ananás Lata 6x0,33L",SUMOL,Emb. 1.98 LT,"4,19€","2,12€ / LT",
Biscoitos com Tablete de Chocolate Biológicos,,Emb. 0.15 KG,"2,09€","13,93€ / KG",
Sobremesa Gelado Vanilla Pecan,CARTE D'OR,Emb. 0.9 LT,"3,29€","3,66€ / LT",
Tablete de Chocolate Leite,NESTLÉ,Emb. 0.125 KG,"1,77€","14,16€ / KG",
Massa Mac & Cheese,KNORR,Emb. 0.062 KG,"1,75€","28,23€ / KG",
GRELOS FOLHAS PORCOES,NOTRE JARDIN,Emb. 0.4 KG,"0,99€","2,48€ / KG",
PUDIM FLAN CHOCOLATE C/ CHOCOLATE 12UN,DÉLISSE,Emb. 1.2 KG,"2,79€","2,33€ / KG",
Azeite Virgem Extra Clássico,GALLO,Garrafa 0.25 LT,"1,91€","7,64€ / LT",
Máscara Capilar para Cabelo com Pontas Espigadas,GLISS,Emb. 0.3 LT,"3,79€","12,63€ / LT",
Banana Importada,,1 Unid. = 0.15 KG (aprox.),"0,95€/kg","0,14€ / Unid.",
Gelado Vegan de Amêndoas Pack 3,MAGNUM,Emb. 0.216 LT,"4,99€","23,10€ / LT",
Salsichas com Lentilhas,CÔTÉ TABLE,Emb. 0.42 KG,"1,49€","3,55€ / KG",
Refrigerante Lima-Limão C/ Gás,SPRITE,Emb. 1 LT,"0,99€","0,99€ / LT",
Lava Tudo Universal Brilhante,SONASOL,Emb. 1.1 LT,"2,79€","2,54€ / LT",
Salsichão Cumbre Real,CAMPOFRIO,1 Unid. = 0.1 KG (aprox.),"15,98€/kg","1,60€ / Unid.",
FEIJAO BRANCO EM TOMATE,NOTRE JARDIN,Emb. 0.8 KG,"1,59€","1,99€ / KG",
PILHA ALCALINA 6LR3146 TECH+,FOXTER,Emb. 1 UNID.,"3,99€","3,99€ / UNID.",
APERITIVOS MILHO DINOSSAUROS SABOR KETCHUP,TOKAPI,Emb. 0.125 KG,"1,15€","9,20€ / KG",
CEBOLINHO PICADO,RUSTICA,Emb. 0.25 KG,"2,39€","9,56€ / KG",
ESCOVA LIMPA VIDROS 450 MM CLASSIC 12,TECH9,Emb. 1 UNID.,"1,59€","1,59€ / UNID.",
LAVA TUDO MARINHO,CLAIR,Emb. 2 LT,"0,89€","0,45€ / LT",
Caldo Marisco,KNORR,Emb. 8 CUBOS,"1,39€","0,17€ / CUBOS",
Cereais de Chocolate e Caramelo,LION,Emb. 0.4 KG,"2,92€","7,30€ / KG",
PETINGAS EM TOMATE PICANTE GENERAL,GENERAL,Emb. 0.09 KG,"0,89€","9,89€ / KG",
Leite Creme 4x23 g,EL MANDARIN,Emb. 0.092 KG,"1,12€","12,17€ / KG",
Salsichão Original,ELPOZO,0.2 KG,"2,69€","13,45€ / KG",
Massa Carbonara,KNORR,Emb. 0.062 KG,"1,73€","27,90€ / KG",
Sabonete Sólido Hidratante,MANAVA,Emb. 0.1 KG,"0,75€","7,50€ / KG",
CERA CREME PRETA 75ML,LA VACHETTE,Emb. 0.075 LT,"2,15€","28,67€ / LT",
Inhame,,1 Unid. = 0.1 KG (aprox.),"5,99€/kg","0,60€ / Unid.",
Sobremesa de Soja C/ Café,NAT&VIE,Emb. 0.4 KG,"1,49€","3,73€ / KG",
Vinho de Mesa Branco,ECO+,Emb. 2 L,"2,69€","1,35€ / L",
Bolachas Digestivas Aveia,TRIUNFO,Emb. 0.171 KG,"1,44€","8,42€ / KG",
Ketchup,CALVÉ,Emb. 0.25 KG,"1,29€","5,16€ / KG",
Pizza Royal Ultracongelado,VOLPONE,Emb. 0.44 KG,"2,75€","6,25€ / KG",
Cereais Aveia e Morango,NESTUM,Emb. 0.25 KG,"1,99€","7,96€ / KG",
DETERGENTE CAPSULA FRESCURA P/ROUPA ATIVOS VEGETAIS 30D,XÉOR,,"4,99€",/ Unid.,
Crocante de Frango Recheio Queijo e Fiambre,IGLO,Emb. 0.204 KG,"4,99€","24,46€ / KG",
Pão Especial Campagnard Fatiado sem Glúten,CHAQUE JOUR SANS GLUTEN,Emb. 0.4 KG,"3,29€","8,23€ / KG",
Fralda Cueca T4 8/15 Kg,MOTS D'ENFANTS,Emb. 22 UNID.,"4,58€","0,21€ / UNID.",
BL1 LED STANDARD 12W-75W E27,FOXTER,Emb. 1 UNID.,"6,29€","6,29€ / UNID.",
MINI VASSOURA VINIL,SILLAGE,Emb. 1 UNID.,"1,50€","1,50€ / UNID.",
Sumo de Legumes 100% BIO,,Emb. 1 CL,"1,95€","1,95€ / CL",
Alimento Seco P/ Gato Adulto Rico em Salmão e Cevada Integral,BEYOND,Emb. 0.85 KG,"6,29€","7,40€ / KG",
Champomy,CHAMPOMY,Garrafa 0.75 LT,"3,92€","5,23€ / LT",
Cereais Chocolate Recheados de Chocolate,DAY BREAK,Emb. 0.75 KG,"2,89€","3,85€ / KG",
Batatas Fritas Onduladas,POM'LISSE,Emb. 0.2 KG,"1,19€","5,95€ / KG",
Queijo Roquefort DOP,LES CROISÉS,Emb. 0.1 KG,"1,69€","16,90€ / KG",
Cajus no Forno,MATUTANO,Emb. 0.17 KG,"4,45€","26,18€ / KG",
Mistura Solúvel Sem Café,PLANTATION,Frasco 0.2 KG,"2,09€","10,45€ / KG",
Farinha de Trigo T55,ECO+,Emb. 1 KG,"0,85€","0,85€ / KG",
Gelado de Menta com Chocolate,CARTE D'OR,Emb. 1 LT,"2,89€","2,89€ / LT",
Verniz de Unhas 60 Segundos 210,RIMMEL,Emb. 1 UNID.,"5,35€","5,35€ / UNID.",
PIZZA 4 FROM TURINI,TURINI,Emb. 0.4 KG,"2,29€","5,73€ / KG",
Fruta 100% 7 Frutos 4 Unid.,NESTLÉ,Emb. 0.4 KG,"2,19€","5,48€ / KG",
QUEIJO MOZZARELLA RALADO,QUEIJO NA TÁBUA,Emb. 0.2 KG,"1,49€","7,45€ / KG",
Mistura de Frutos de Casca Rija,MARQUE REPERE,Emb. 0.2 KG,"2,99€","14,95€ / KG",
Barras de Cereais Aveia e Chocolate sem Glúten 6Unid.,CHAQUE JOUR SANS GLUTEN,Emb. 0.138 KG,"2,25€","16,30€ / KG",
Queijo Apimentado Fonte da Mourisca,LACTO SERRA,1 Unid. = 0.8 KG (aprox.),"7,99€/kg","6,39€ / Unid.",
"Cereais de Trigo, Mel e Aveia",CHEERIOS,Emb. 0.375 KG,"2,92€","7,79€ / KG",
Esparguete,TURINI,Emb. 0.5 KG,"0,85€","1,70€ / KG",
WAFFERS EXTRA FINAS CHOCOLATE E AVELA,P'TIT DÉLI,Emb. 0.16 KG,"1,79€","11,19€ / KG",
Sumo Active Drink Frutos Exóticos / Cenoura,SANTAL,Emb. 1.5 LT,"1,99€","1,33€ / LT",
Refrigerante C/ Gás Gasosa,ECO+,Garrafa 2 LT,"0,65€","0,33€ / LT",
PATE CAMPESTRE C/ COGUMELOS,CÔTÉ TABLE,Emb. 0.18 KG,"1,39€","7,72€ / KG",
Alimento Seco para Cão Carne e Cereais Integrais,ECO+,Emb. 20 KG,"14,99€","0,75€ / KG",
Arroz Agulha,BOM SUCESSO,Emb. 1 KG,"1,14€","1,14€ / KG",
Balde de Pipocas Doces,TOKAPI,Emb. 0.24 KG,"2,99€","12,46€ / KG",
CAFE SOLUVEL EXPRESSO STICKS X25 - 45G 25UN,PLANTATION,Emb. 0.045 KG,"1,59€","35,33€ / KG",
Gelado Cookies & Cream Les Desserts,CARTE D'OR,Emb. 0.9 LT,"3,29€","3,66€ / LT",
PURE DE MALAGUETA,TABLES DU MONDE,Emb. 0.1 KG,"0,99€","9,90€ / KG",
Alperce Seco,MARQUE REPERE,Emb. 0.2 KG,"2,69€","13,45€ / KG",
Preservativo Nature,CONTROL,Emb. 6 UNID.,"3,14€","0,52€ / UNID.",
Vinho Regional Tejo Tinto,BRIDÃO,Garrafa 0.75 LT,"2,99€","3,99€ / LT",
Café Solúvel Frasco,DELTA,Frasco 0.2 KG,"3,89€","19,45€ / KG",
Alimento Completo Cereais P/ Rolas,TOUS MES AMIS,Emb. 1 KG,"2,29€","2,29€ / KG",
Suporte Universal Carro P/ Smartphone 2Em1,LINKSTER,Emb. 1 UNID.,"8,99€","8,99€ / UNID.",
Conserva de Feijão Preto,NOTRE JARDIN,Lata 0.85 KG,"0,99€","1,16€ / KG",
SACOS LIXO C/ ATILHO 30L,ECO+,Emb. 20 UNID.,"0,85€","0,04€ / UNID.",
Ervilhas Muito Finas,NOTRE JARDIN,Emb. 0.4 KG,"0,79€","1,98€ / KG",
DENTIFRICO SABOR A MENTA 7-13 ANOS KIDS,DENTAMYL,Emb. 0.075 LT,"0,89€","11,87€ / LT",
Café Corsé Intensidade 8 Moído,PLANTATION,Emb. 48 PAST.,"3,89€","0,08€ / PAST.",
Sumo 100% de Laranja,JAFADEN,Emb. 1 LT,"1,49€","1,49€ / LT",
Alimento Húmido P/ Gato Frango e Cenoura,PURINA FRISKIES,Emb. 0.4 KG,"1,18€","2,95€ / KG",
DESODORIZANTE SPRAY INVISIBLE MEN 200ML,CARRÉ HOMME,Emb. 0.2 LT,"1,19€","5,95€ / LT",
CHAMPO AUTO 5 L 5L TECH9,TECH9,Emb. 5 LT,"3,39€","0,68€ / LT",
Rebuçados sem Açúcar Sabor Morango 4x32g,HALLS,Emb. 0.128 KG,"2,79€","21,80€ / KG",
Filete Sardinha S/ Espinhas  Molho Tomate,RAMIREZ,Emb. 0.1 KG,"1,34€","13,40€ / KG",
Natas Culinária 0% Lactose,PARMALAT,Emb. 0.2 LT,"1,25€","6,25€ / LT",
Café Solúvel Descafeinado,NESCAFÉ,Emb. 0.1 KG,"3,90€","39,00€ / KG",
Sobremesa Creme de Chocolate 4x100gr,DANONE,Emb. 0.4 KG,"1,99€","4,98€ / KG",
Drageia de Morango Mix,MENTOS,Emb. 0.037 KG,"0,64€","17,30€ / KG",
BAGUETE DE ALHO 2UN,CÔTÉ TABLE,Emb. 0.35 KG,"1,49€","4,26€ / KG",
Detergente Casa de Banho Spray Recarga,CIF,Emb. 0.07 LT,"1,89€","27,00€ / LT",
GUARDANAPOS FOLHA SIMPLES,ECO+,Emb. 200 UNID.,"1,15€","0,01€ / UNID.",
Guardanapos Branco Pequenos Folha Dupla,GUARDANAPOS RENOVA,Emb. 90 UNID.,"1,09€","0,01€ / UNID.",
BACALHAU A BRAS,CÔTÉ TABLE,Emb. 0.8 KG,"8,79€","10,99€ / KG",
LENTILHAS,NOTRE JARDIN,Emb. 0.45 KG,"0,89€","1,98€ / KG",
Flocos de Aveia Biológicos,,Emb. 0.5 L,"1,19€","2,38€ / L",
Vinho do Porto Offley Ruby,OFFLEY,Garrafa 0.75 LT,"4,69€","6,25€ / LT",
Bolachas Pequeno Almoço,ECO+,Emb. 0.35 KG,"1,22€","3,49€ / KG",
Queijo Curado Vaca,SNR,Emb. 0.22 KG,"2,75€","12,50€ / KG",
Chá Verde Springy Mint,LIPTON,Emb. 20 UNID.,"1,49€","0,07€ / UNID.",
Cillit Bang Bolor & Sujidade,CILLIT BANG,Emb. 0.5 LT,"2,24€","4,48€ / LT",
"Mini Gelados de Chocolate Classic, de Amêndoas e de Branco Pack 6",MAGNUM,Emb. 0.33 LT,"3,99€","12,09€ / LT",
Máscara Capilar Reparadora Color Keratina,TRESEMMÉ,Emb. 0.2 LT,"5,39€","26,95€ / LT",
Espetadas de Peru,,1 Unid. = 0.6 KG (aprox.),"6,99€/kg","4,19€ / Unid.",
Cueca de Banho Tam. M 12/18 Kg,MOTS D'ENFANTS,Emb. 11 UNID.,"4,99€","0,45€ / UNID.",
Queijo Bola Flamengo,PRIMOR,Emb. 1.1 KG (aprox.),"5,49€/kg","6,04€ / Unid.",
Chá de Cidreira,,Emb. 25 SAQ.,"0,79€","0,03€ / SAQ.",
Bebida Solúvel de Cereais C/ Café,MOKAMBO,Emb. 0.2 KG,"3,89€","19,45€ / KG",
SALSICHAO SECO C/ QUEIJO FATIAS,ST AZAY,Emb. 0.1 KG,"1,99€","19,90€ / KG",
PERSIL HIGIENE E PUREZA GEL,PERSIL,Emb. 80 DOSES,"21,95€","0,27€ / DOSES",
Sementes de Chia,MARQUE REPERE,Emb. 0.2 KG,"1,99€","9,95€ / KG",
Shampoo Fortificante Arginina e Proteína,ELVIVE,Emb. 0.25 LT,"3,95€","15,80€ / LT",
Bacalhau Especial Islândia,,1 Unid. = 3.5 KG (aprox.),"12,95€/kg","45,33€ / Unid.",
Cappuccino,NESCAFÉ,Emb. 0.25 KG,"5,94€","23,76€ / KG",
Cogumelo Marron,,Emb. 0.3 KG,"2,09€","6,97€ / KG",
Coloração Longa Duração Belle Color 3 Castanho Escuro,GARNIER,Emb. 1 UNID.,"5,75€","5,75€ / UNID.",
Molho Bolonhesa,TURINI,Frasco 0.68 KG,"2,49€","3,66€ / KG",
NECTAR MULTIFRUTOS SEM ADICAO DE AÇÚCARES,JAFADEN,Emb. 1 LT,"1,39€","1,39€ / LT",
Limpeza Cif Cozinha Eco Recarga Spray,CIF,Emb. 0.07 LT,"1,89€","27,00€ / LT",
Queijo Saint Albray,SAINT ALBRAY,1 Unid. = 0.25 KG (aprox.),"16,99€/kg","4,25€ / Unid.",
Queijo Fundido 24 Porções,ECO+,Emb. 0.4 KG,"2,19€","5,48€ / KG",
Puré de Batata em Flocos 4x125g,,Emb. 0.5 UNID.,"1,35€","2,70€ / UNID.",
Fraldas Bebé Ultra Confort Maxi +9/20 Kg,MOTS D'ENFANTS,Emb. 41 UNID.,"6,99€","0,17€ / UNID.",
Máquina de Depilar Descartável Oceana,GILLETTE,Emb. 4 UNID.,"8,79€","2,20€ / UNID.",
Conserva de Atum em Óleo Girassol,PÊCHE OCÉAN,Emb. 0.385 KG,"2,69€","6,99€ / KG",
FEIJAO VERDE M.FINO M.GUIA,NOTRE JARDIN,Emb. 0.22 KG,"0,99€","4,50€ / KG",
Gnocchi Fresco,TURINI,Emb. 0.375 KG,"1,49€","3,97€ / KG",
Arroz Agulha,BELMONTE,Emb. 1 KG,"1,03€","1,03€ / KG",
Pistácio Torrado C/ Sal,MARQUE REPERE,Emb. 0.25 KG,"5,59€","22,36€ / KG",
Queijo Ovelha Merendeira,PASTOR SERRANO,Emb. 0.5 KG,"8,49€","16,98€ / KG",
LIMPA VIDROS AUTO 5 L 5L TECH9,TECH9,Emb. 5 LT,"2,39€","0,48€ / LT",
Filete Cavala em Azeite Virgem,BOM PETISCO,Emb. 0.12 KG,"2,39€","19,92€ / KG",
FIAMBRE PERNA EXTRA FATIADO,CAMPO FINO,Emb. 0.15 KG,"1,29€","8,60€ / KG",
VELA NUMERO FUN 5,ARDENCE,Emb. 1 UNID.,"0,99€","0,99€ / UNID.",
Forma Tarte C/Fundo Solto 28Cm,ECO+,Emb. 1 UNID.,"3,99€","3,99€ / UNID.",
Massa Quebrada com Gordura Vegetal Rolo,,Emb. 0.23 KG,"0,59€","2,57€ / KG",
VELA NUMERADA N 5,,Emb. 1 UNID.,"0,59€","0,59€ / UNID.",
PELICULA ADERENTE 50M,ECO+,Emb. 50 M,"0,90€","0,02€ / M",
Néctar Clássico Pera,JAFADEN,Emb. 1 LT,"0,99€","0,99€ / LT",
Pantene 3 Minute Miracle Repara & Protege,PANTENE PV,Emb. 0.2 LT,"5,45€","27,25€ / LT",
MIX APERO BEM-ESTAR,TOKAPI,Emb. 0.12 KG,"2,29€","19,08€ / KG",
Gelo em Cubos,,Emb. 2 KG,"1,00€","0,50€ / KG",
Café Torrado Moído África e Ásia Intensidade 11,SICAL,Emb. 0.25 LT,"2,99€","11,96€ / LT",
PIMENTA PRETA EM GRAO SAQUETA,RUSTICA,Emb. 0.05 KG,"0,89€","17,80€ / KG",
Iogurte Queijo Fresco Açucarado com Frutos 6x100g,DÉLISSE,Emb. 0.6 KG,"1,95€","3,25€ / KG",
Champô Repara Azeite de Argão de Marrocos,HERBAL ESSENCES,Emb. 0.4 LT,"3,99€","9,98€ / LT",
CALAMARES A ROMANA,PÊCHE OCÉAN,Emb. 0.5 KG,"4,99€","9,98€ / KG",
DOCE FRAMBOESA LIGHT,DOUCEUR DU VERGER,Emb. 0.34 KG,"1,39€","4,09€ / KG",
"SOBREMESA ""GIRAFA"" BAUNILHA-CHOCOLATE",DÉLISSE,Emb. 0.4 KG,"1,79€","4,48€ / KG",
Forno de Lenha Fatias Finas Peito de Peru,CAMPOFRIO,Emb. 0.12 KG,"2,68€","22,33€ / KG",
Mortadela de Peru com Azeitonas,,1 Unid. = 0.16 KG (aprox.),"7,99€/kg","1,28€ / Unid.",
Paloco Desfiado,,Emb. 0.4 KG,"3,99€","9,98€ / KG",
Creme de Legumes,REGAL SOUPE,Emb. 1 LT,"1,59€","1,59€ / LT",
Vinho Tinto Titan Douro,TITAN DE DOURO,Emb. 0.75 LT,"13,71€","18,28€ / LT",
Álcool Canforado HIDRO 250ml,HIDRO,Emb. 0.25 LT,"2,09€","8,36€ / LT",
Alimento Completo Cereais P/ Animais Exóticos,TOUS MES AMIS,Emb. 1 KG,"3,29€","3,29€ / KG",
Tomate Mini Alongado,,Emb. 0.25 KG,"1,19€","4,76€ / KG",
"Alimento Húmido P/Cão Adulto C/ Gelatina de Boi, Frango e Cordeiro",,Emb. 0.4 KG,"2,20€","5,50€ / KG",
Snack Húmido P/ Gato Party Mix Cheezy Mix,FELIX,Emb. 0.06 KG,"1,59€","26,50€ / KG",
Bebida Espirituosa London Gin,BRIGHTON'S,Garrafa 0.7 LT,"6,99€","9,99€ / LT",
AGUA DESMINERALIZADA,,Emb. 5 LT,"0,99€","0,20€ / LT",
CONDICIONADOR REPARADOR,VITANOVE,Emb. 0.2 LT,"1,24€","6,20€ / LT",
Pensos Higiénicos Super Alas,EVAX,Emb. 10 UNID.,"2,89€","0,29€ / UNID.",
Picanha de Novilho,,1 Unid. = 2 KG (aprox.),"11,99€/kg","23,98€ / Unid.",
ANDOUILLETTE COM ERVAS 3UN,TRADILÈGE,Emb. 0.42 KG,"4,35€","10,36€ / KG",
Mini Tostas Minigrill de Trigo,DIATOSTA,Emb. 0.09 KG,"1,19€","13,22€ / KG",
Creme Anti-Rugas Cuidado Noite,DERMO EXPERTISE,Emb. 0.05 LT,"14,84€","296,80€ / LT",
Limpa Madeiras Brilhante Secagem Rápida,SONASOL,Emb. 1.1 LT,"2,79€","2,54€ / LT",
Vinho Regional Alentejano Tinto,CONVENTUAL,Garrafa 0.75 LT,"4,79€","6,39€ / LT",
Aditivo roupa spray roupa branca,VANISH,Emb. 0.75 LT,"5,19€","6,92€ / LT",
Leite Bem Especial 0% de Lactose Meio Gordo,MIMOSA,Emb. 1 LT,"1,39€","1,39€ / LT",
Vinho Regional Dão Branco,GRÃO VASCO,Garrafa 0.75 LT,"3,99€","5,32€ / LT",
Crackers,EPI D'OR,Emb. 0.25 KG,"1,09€","4,36€ / KG",
Papel Higiénico 2 Folhas,MARQUE REPERE,Emb. 12 UNID.,"2,49€","0,21€ / UNID.",
TARTE DE LIMAO,P'TIT DÉLI,Emb. 0.3 KG,"2,99€","9,97€ / KG",
Desodorizante Spray Sport Cool,DOVE,Emb. 0.05 LT,"2,39€","47,80€ / LT",
"AZEITE CLASSICO VIRGEM ≤ 0,7%",RUSTICA,Emb. 0.75 KG,"3,79€","5,05€ / KG",
Massa Estrelinhas,MILANEZA,Emb. 0.25 KG,"0,59€","2,36€ / KG",
Óleo Intense 4-23 Cereja Profundo,SYOSS,,"6,24€",/ Unid.,
Pastilhas Máquina Loiça Platinum Plus,FAIRY,Emb. 20 UNID.,"9,89€","0,49€ / UNID.",
DETERGENTE LIQUIDO CONCENTRADO FRESCURA 28D,EPSIL,,"2,90€",/ Unid.,
Miolo de Amendoim Caramelizado,MARQUE REPERE,Emb. 0.25 KG,"1,89€","7,56€ / KG",
Bolacha,CHIQUILÍN,Emb. 0.175 KG,"1,54€","8,80€ / KG",
Vinho Regional Douro Tinto,PORCA DE MURÇA,Garrafa 0.75 LT,"3,79€","5,05€ / LT",
Toalhitas Proteção Cores,WOOLITE,Emb. 10 UNID.,"3,49€","0,35€ / UNID.",
Alimento Seco P/ Gato Interior Frango,PURINA FRISKIES,Emb. 1.5 KG,"5,69€","3,79€ / KG",
Biscoitos Revestidos com Chocolate Branco,P'TIT DÉLI,Emb. 0.15 KG,"0,79€","5,27€ / KG",
Creme Depilatório Duche Peles Normais,VEET,Emb. 0.15 LT,"6,64€","44,27€ / LT",
Paio do Lombo Fatiado,NOBRE,Emb. 0.1 KG,"2,65€","26,50€ / KG",
"Escova P/ Loiça ""Lola""",,Emb. 1 UNID.,"0,69€","0,69€ / UNID.",
CHAMPO + DUCHE ENERGIZANTE PARA HOMEM,CARRÉ HOMME,Emb. 0.25,"0,95€","3,80€ /",
Sementes de Linhaça,MARQUE REPERE,Emb. 0.2 KG,"0,99€","4,95€ / KG",
Esfregona Estampada,,Emb. 2 UNID.,"3,50€","1,75€ / UNID.",
Conhaque Royal Spirit,MACIEIRA,Garrafa 0.7 LT,"10,99€","15,70€ / LT",
Açúcar Especial Compota,TÉVA,Emb. 1 KG,"1,79€","1,79€ / KG",
DESODORIZANTE AERO DARK TEMPTATION,AXE,Emb. 0.15 LT,"3,29€","21,93€ / LT",
Lixívia Frescura do Campo,NEOBLANC,Emb. 2 LT,"2,14€","1,07€ / LT",
COUVE FLOR,RUSTICA,Emb. 0.36 KG,"1,09€","3,03€ / KG",
Brócolos Ultracongelados,BONDUELLE,Emb. 0.4 KG,"1,69€","4,23€ / KG",
Miolo de Caju C/ Sal,MARQUE REPERE,Emb. 0.15 KG,"2,59€","17,27€ / KG",
Cenoura,,1 Unid. = 0.1 KG (aprox.),"0,69€/kg","0,07€ / Unid.",
MASCARA FACIAL EM TECIDO TONIFICANTE,INELL,Emb. 1 UNID.,"2,29€","2,29€ / UNID.",
Sidra Normand Doce,LES GOELLERIES,Garrafa 0.75 LT,"2,19€","2,92€ / LT",
Presunto 6 Fatias,,Emb. 0.15 KG,"2,09€","13,93€ / KG",
CUECA INCONTINENCIA ABSORCAO PLUS MEDIA,CHORYS,Emb. 12 UNID.,"7,99€","0,67€ / UNID.",
Farinha de Trigo com Fermento,ECO+,Emb. 1 KG,"0,89€","0,89€ / KG",
Conjunto De 2 Mini Cadeados,ECO+,Emb. 2 UNID.,"1,99€","1,00€ / UNID.",
Pão Roll's Bases Redondas 6 Unid.,BIMBO,Emb. 0.24 KG,"2,10€","8,75€ / KG",
Bebida Energética,X-TENSE,Lata 4 UNID.,"3,89€","0,97€ / UNID.",
"ATUM COM GRAO,RAMIREZ,120G",RAMIREZ,,"1,29€",/ Unid.,
Espumante Reserva Doce,MURGANHEIRA,Garrafa 0.75 LT,"10,99€","14,65€ / LT",
Cillit Bang Limpa Vidros 500ML x12,CILLIT BANG,Emb. 0.5 LT,"2,24€","4,48€ / LT",
Champô Cabelo Secos Garnier Maravilhoso,ULTRA SUAVE,Emb. 0.25 LT,"3,89€","15,56€ / LT",
Farinheira Terra de Xisto,SNR,Emb. 0.23 KG,"1,65€","7,17€ / KG",
Bolachas Areadas Cobertas de Chocolate,P'TIT DÉLI,Emb. 0.15 KG,"1,19€","7,93€ / KG",
Donuts Classic 4x50 gr,DONUTS,Emb. 0.2 KG,"3,19€","15,95€ / KG",
Bolacha Diet Nature Recheio Chocolate,GULLÓN,Emb. 0.25 KG,"2,19€","8,76€ / KG",
Iogurte Bifidus Activia Natural 4 Unid.,DANONE,Emb. 0.48 KG,"1,99€","4,15€ / KG",
ACHOCOLATADO GRANULADO,BON CHOCO,0.400 0,"1,99€",inf€ /,
Pantene Fixação Ultra Forte Laca 300ml,PANTENE PV,Emb. 0.3 LT,"3,74€","12,47€ / LT",
Chá de Frutos Vermelhos,TISÉA,Emb. 25 SAQ.,"1,19€","0,05€ / SAQ.",
Tostas Crocantes Integral 30 Fatias,BIMBO,Emb. 0.27 KG,"1,49€","5,52€ / KG",
Conserva de Azeitona Verde Recheada,RUSTICA,Frasco 0.36 KG,"1,15€","3,19€ / KG",
Ice Tea de Pêssego 3x20 cl,LIPTON,Emb. 0.6 LT,"1,17€","1,95€ / LT",
PIMENTAO DOCE SAQUETA,RUSTICA,Emb. 0.1 KG,"0,95€","9,50€ / KG",
Vinagre de Sidra,RUSTICA,Garrafa 0.5 LT,"0,35€","0,70€ / LT",
ANTI NODOAS E ANTI-DESCOLORACAO 2EM1,TEXIL,Emb. 12 UNID.,"2,49€","0,21€ / UNID.",
Conserva De Cogumelos Laminados 800G ECO+,ECO+,Emb. 0.8 KG,"1,79€","2,24€ / KG",
Fraldas Bebé T4 Ultra Confort 7/18 Kg,MOTS D'ENFANTS,Emb. 26 UNID.,"4,45€","0,17€ / UNID.",
AGUA MICELAR BIO,BIONAÏA,Emb. 0.4 LT,"2,95€","7,38€ / LT",
Bebida Gaseificada Aromatizada de Framboesa S/ Álcool,FESTALIE,Emb. 0.75 ML,"2,49€","3,32€ / ML",
Alimento Húmido para Gato Borrego,LYCAT,Emb. 0.1 KG,"0,55€","5,50€ / KG",
Cápsulas Café Cappuccino P/ Dolce Gusto,STARBUCKS,Emb. 12 CAPS.,"4,79€","0,40€ / CAPS.",
Palmier Coberto,,1 UNID.,"0,80€","0,80€ / UNID.",
Maionese com Mostarda de Dijon,,Frasco 0.47 KG,"1,49€","3,17€ / KG",
Spray Desembaraçador,NATEIS,Emb. 0.2 LT,"1,99€","9,95€ / LT",
MASSA TORTELLINI RICOTTA ESPINAFRES,TURINI,Emb. 0.3 KG,"1,59€","5,30€ / KG",
Arroz Vaporizado,COMPTOÍR DU GRAIN,Emb. 1 KG,"1,25€","1,25€ / KG",
TIRA NODOAS PRE-LAVAGEM 400ML,TEXIL,Emb. 0.4 LT,"1,99€","4,98€ / LT",
Mini Gelados Double Gold Caramelo Billionaire Pack 6,MAGNUM,Emb. 0.33 LT,"4,45€","13,48€ / LT",
Creme Depilatório Peles Normais,VEET,Emb. 0.2 LT,"6,64€","33,20€ / LT",
MASSA QUEBRADA S/ GLUTEN,CHAQUE JOUR SANS GLUTEN,Emb. 0.23 KG,"2,53€","11,00€ / KG",
Legumes para Sopa,NOTRE JARDIN,Emb. 1 KG,"1,55€","1,55€ / KG",
Raia Posta,,1 Unid. = 0.53 KG (aprox.),"5,99€/kg","3,17€ / Unid.",
Nata UHT Carbonara,PARMALAT,Emb. 0.2 LT,"1,15€","5,75€ / LT",
Bolachas com Sal Crackers,DU BOIS DE LA ROCHE,Emb. 0.5 KG,"3,09€","6,18€ / KG",
Alface Frisada,,1 Unid. = 0.4 KG (aprox.),"1,89€/kg","0,76€ / Unid.",
MARCADOR FLURESCENTE SORTIDO CORES PASTEL 4UN,ESQUISSE,Emb. 4 UNID.,"2,99€","0,75€ / UNID.",
Creme Anti-Rugas Cuidado Dia,DERMO EXPERTISE,Emb. 1 P,"14,79€","14,79€ / P",
Conserva de Azeitona Mista Galega,RUSTICA,Emb. 0.3 KG,"1,99€","6,63€ / KG",
Rojões de Porco Embalado,,Emb. 0.76 KG (aprox.),"4,99€","6,57€ / KG",
Dourada Cal. 300/400,,1 Unid. = 0.35 KG (aprox.),"8,99€/kg","3,15€ / Unid.",
REDONDITAS CROCANTES tipo belgas,P'TIT DÉLI,Emb. 0.25 KG,"1,99€","7,96€ / KG",
Linguiça,,Emb. 0.2 KG,"1,35€","6,75€ / KG",
Massa Lasanha C/ Ovo,MILANEZA,Emb. 0.5 KG,"2,49€","4,98€ / KG",
Fiambre da Perna Extra Fatiado,NOBRE,Emb. 0.11 KG,"2,14€","19,45€ / KG",
Vinho do Porto Lágrima Branco,DORRÃO,Emb. 0.075 LT,"6,49€","86,53€ / LT",
Limpa Multisuperficies Cif Ultra Limpeza Brilhante,CIF,Emb. 0.5 LT,"1,79€","3,58€ / LT",
MOLHO PARA HAMBURGUER,RUSTICA,Emb. 0.85 KG,"3,99€","4,69€ / KG",
Cerveja C/ Álcool,FALSBOURG,Lata 0.33 LT,"0,38€","1,15€ / LT",
Pistachios Torrados a Seco C/ Sal,TOKAPI,Emb. 0.075 KG,"1,50€","20,00€ / KG",
Champô Cabelos Normais Fructis Força e Brilho,GARNIER,Emb. 0.25 LT,"3,99€","15,96€ / LT",
Fatias Fiambre da Perna Extra,NOBRE,Emb. 0.12 KG,"2,49€","20,75€ / KG",
Sementes de Quinoa,MARQUE REPERE,Emb. 0.2 KG,"1,39€","6,95€ / KG",
Pantene Liso & Sedoso Champô 3 Em 1,,Emb. 0.3 LT,"4,99€","16,63€ / LT",
Queijo Ralado,TERRA NOSTRA,Emb. 0.15 KG,"1,39€","9,27€ / KG",
Gomas Trio Acidas,COPAÍNS COPINES,Emb. 0.2 KG,"0,99€","4,95€ / KG",
SALSICHA CHURRASCO PICANTE,CAMPO FINO,Emb. 0.2 KG,"1,49€","7,45€ / KG",
Conserva de Grão,COMPAL,Lata 0.845 KG,"1,59€","1,88€ / KG",
Mousse de Café 4x60g,DÉLISSE,Emb. 0.24 KG,"1,35€","5,63€ / KG",
Espanador Duster + 5 Panos,SWIFFER,Emb. 1 UNID.,"3,59€","3,59€ / UNID.",
Vinho Regional Dão Tinto Reserva 2013,QUINTA DE CABRIZ,Garrafa 0.75 LT,"7,69€","10,25€ / LT",
Tempero para Frango,RUSTICA,Frasco 0.2 KG,"0,75€","3,75€ / KG",
Coentro Fresco,,1 Unid. = 0.05 KG  (aprox.),"6,99€/kg","0,35€ / Unid.",
Folhados de Frutos do Mar 4x100g,CÔTÉ TABLE,Emb. 4 UNID.,"4,99€","1,25€ / UNID.",
Torta com Cobertura Cacau e Recheio de Leite,DAN CAKE,Emb. 0.3 KG,"2,29€","7,63€ / KG",
10 ESPETOS INOX,BEAUX JOURS,Emb. 10 UNID.,"3,49€","0,35€ / UNID.",
RECARGAS MAQ.BARBEAR 5 LAMINAS 4UN,CARRÉ HOMME,Emb. 4 UNID.,"4,29€","1,07€ / UNID.",
3 Mini Saucisses Sèches,ST AZAY,Emb. 0.15 KG,"2,49€","16,60€ / KG",
MIOLO DE CAMARAO 24/36,PÊCHE OCÉAN,Emb. 0.3 KG,"7,10€","23,67€ / KG",
Esparguete C/ Frango +10 Meses,NESTLÉ,Emb. 0.19 KG,"1,39€","7,32€ / KG",
Cogumelo Branco Laminado,,Emb. 0.3 KG,"1,99€","6,63€ / KG",
Fatias Clássicas de Frango,CAMPOFRIO,Emb. 0.09 KG,"1,30€","14,44€ / KG",
Loção Sensitive,BABY DOVE,Emb. 0.2 LT,"5,39€","26,95€ / LT",
Robalo Cal. 200/300,,1 Unid. = 0.4 KG (aprox.),"7,99€/kg","3,20€ / Unid.",
Pacotinho de Frutas Banana Maçã S/ Glúten +4 meses,NESTLÉ BEBÉ,Emb. 0.09 KG,"0,98€","10,89€ / KG",
"Queijo Fundido Fonte de Vitaminas A, B2, B12",LES CROISÉS,Emb. 0.2 KG,"1,35€","6,75€ / KG",
Difusor e Recarga Freshmatic Lavanda e Camomila,AIR WICK,Emb. 0.61 KG,"7,19€","11,79€ / KG",
Cremant Dalsace Brut,REBMANN,Garrafa 0.75 LT,"7,39€","9,85€ / LT",
Snack Batata Barbecue,TOKAPI,Emb. 0.17 KG,"1,95€","11,47€ / KG",
AFTER SHAVE ORIGINAL,BRUT,Emb. 1 LT,"10,99€","10,99€ / LT",
Cápsulas Café Blonde P/ Nespresso Intensidade 6,STARBUCKS,Emb. 10 CAPS.,"3,95€","0,40€ / CAPS.",
Desodorizante Spray,REXONA,Emb. 0.15 LT,"2,54€","16,93€ / LT",
Café Cápsulas deQafeinatus Intensidade 1,DELTA,Emb. 10 CAPS.,"3,39€","0,34€ / CAPS.",
Ananás dos Açores,,1 Unid. = 1.2 KG (aprox.),"6,99€/kg","8,39€ / Unid.",
Gel Banho Baunilha/Ambre,MANAVA,Emb. 0.5 LT,"2,29€","4,58€ / LT",
Chiclets de Morango 12 Unid.,CHICLETS,Emb. 0.017 KG,"0,89€","52,35€ / KG",
Iogurte Bolacha 4 Unid.,IOGOLINO,Emb. 0.4 KG,"2,34€","5,85€ / KG",
Achocolatado em Pó,BON CHOCO,Emb. 0.45 KG,"1,79€","3,98€ / KG",
Alimento Húmido Gato Pedaços Molho 4 Unid.,LYCAT,Emb. 1.6 KG,"3,59€","2,24€ / KG",
Tomate Chucha,,1 Unid. = 0.2 KG (aprox.),"1,69€/kg","0,34€ / Unid.",
RECARGA P/ ESCOVA DENTES MEDIA CABECA RECARRREGAVEL,DENTAMYL,,"1,25€",/ Unid.,
Massa Linguine,MILANEZA,Emb. 0.5 KG,"1,79€","3,58€ / KG",
Gel de Banho Deeply Nourishing,DOVE,Emb. 0.75 LT,"4,19€","5,59€ / LT",
Muelsi C/ Chocolate Leite,GRAINEA,Emb. 0.5 KG,"2,39€","4,78€ / KG",
Salame Fatiado Tapas,CAMPOFRIO,Emb. 0.08 KG,"1,68€","21,00€ / KG",
Capucino Chocolate Base de Leite Magro em Pó,PLANTATION,Emb. 0.306 KG,"2,99€","9,77€ / KG",
Toldo Proteção P/Pintura Plástico 2X3Metros,ECO+,Emb. 1 UNID.,"3,99€","3,99€ / UNID.",
IOGURTE BAUNILHA BIO FRASCO,,Emb. 0.5 KG,"1,79€","3,58€ / KG",
Tablete de Chocolate de Leite 5x100g,ECO+,Emb. 0.5 KG,"2,75€","5,50€ / KG",
TIRAS DE BACON FUMADOS -25% TEOR SAL (LARDONS) 2X75G,TRADILÈGE,Emb. 0.15,"1,79€","11,93€ /",
Escova de Dentes Complete Média,ORAL B,Emb. 1 UNID.,"1,64€","1,64€ / UNID.",
Papel Higiénico 2 Folhas Estra XXL 18=45,RENOVA,Emb. 18 ROLOS,"9,98€","0,55€ / ROLOS",
MASCARA DETOX BIO 100ML,BIONAÏA,Emb. 0.1 LT,"3,29€","32,90€ / LT",
Acendalha 100% Natural,SILEX,Emb. 40 UNID.,"0,99€","0,02€ / UNID.",
SORVETE LIMAO,TROFIC,Emb. 1 LT,"1,79€","1,79€ / LT",
MOLHO CHALOTA,RUSTICA,Emb. 0.3 LT,"1,39€","4,63€ / LT",
CAPA CARTAO C/ELASTICO 3UN,ESQUISSE,Emb. 3 UNID.,"2,49€","0,83€ / UNID.",
Bolachas Quadradas Recheadas com Sabor a Chocolate,ECO+,Emb. 0.3 KG,"1,09€","3,63€ / KG",
Bolachas Recheadas de Morango,P'TIT DÉLI,Emb. 0.15 KG,"1,69€","11,27€ / KG",
Queijo Curado Meio Gordo Fonte Mouisca,LACTO SERRA,1 Unid. = 0.25 KG (aprox.),"6,35€/kg","1,59€ / Unid.",
Queijo Mini Babybel Light,BABYBEL,Emb. 0.12 KG,"2,04€","17,00€ / KG",
DESODORIZANTE SPRAY SEDUCTION MEN 100ML COMPACT,CARRÉ HOMME,Emb. 0.1 LT,"1,25€","12,50€ / LT",
TOMATES SECOS EM OLEO GIRASSOL E AZEITE,RUSTICA,Emb. 0.28 KG,"2,69€","9,61€ / KG",
Passas de Uva,TABLIER BLANC,Emb. 0.25 KG,"1,39€","5,56€ / KG",
Papa Infantil de Banana Laranja,CERELAC,Emb. 0.25 KG,"2,39€","9,56€ / KG",
Massa Macarronete Riscado,ECO+,Emb. 0.5 KG,"0,65€","1,30€ / KG",
Queijo Mozarella,GALBANI,Emb. 0.25,"2,99€","11,96€ /",
Amaciador Cabelos Color Vive,ELVIVE,Emb. 0.2 LT,"3,87€","19,35€ / LT",
Cápsulas Café Cappuccino,DOLCE GUSTO,Emb. 16 CAPS.,"5,57€","0,35€ / CAPS.",
Dentífrico Natural Extracts Brilho Intenso,COLGATE,Emb. 0.075 LT,"3,24€","43,20€ / LT",
Queijo de Vaca Amanteigado 5 Estrelas,LACTO SERRA,1 Unid. = 1 KG (aprox.),"7,99€/kg","7,99€ / Unid.",
Alimento P/ Gato C/ Espirulina de Frango,PURINA,Emb. 1.4 KG,"4,90€","3,50€ / KG",
Alheira Regional - PDTO Lamego,SNR,Emb. 0.21 KG,"1,49€","7,10€ / KG",
Erva Doce Saqueta,RUSTICA,Emb. 0.05 KG,"0,99€","19,80€ / KG",
Tomate Coração de Boi,,1 Unid. = 0.2 KG (aprox.),"2,29€/kg","0,46€ / Unid.",
TOMATE PELADO,TURINI,Emb. 0.78 KG,"0,99€","1,27€ / KG",
MAQ.BARBEAR 5 LAMINAS + 1 RECARGA,CARRÉ HOMME,Emb. 1 UNID.,"4,95€","4,95€ / UNID.",
Tira Gorduras Recarga,MISTOLIN,Emb. 0.545 LT,"2,69€","4,94€ / LT",
Vinho Regional Douro Reserva 2015,MONTES ERMOS,Garrafa 0.75 L,"4,39€","5,85€ / L",
Cogumelos Inteiros,NOTRE JARDIN,Emb. 0.78 KG,"2,69€","3,45€ / KG",
Deo Creme Derma Care 0% Álcool,VASELINE,Emb. 0.05 LT,"2,84€","56,80€ / LT",
Mini Mousse de Frutos 6x74g,DÉLISSE,Emb. 0.444 KG,"1,89€","4,26€ / KG",
Licor da Nação,SNR,Garrafa 0.7 LT,"7,49€","10,70€ / LT",
CRACKERS MINI PIZZA,TOKAPI,Emb. 0.085 KG,"1,09€","12,82€ / KG",
Vinagre de Sidra Original,GALLO,Emb. 0.25 LT,"1,69€","6,76€ / LT",
Ovos Solo L,SNR,Emb. 6 UNID.,"1,29€","0,22€ / UNID.",
Paté para Cão de Aves e Fígado,LYDOG,Emb. 0.3 KG,"0,79€","2,63€ / KG",
Bebida Gaseificada Aromatizada de Uva S/ Álcool,FESTALIE,Emb. 0.75 LT,"2,49€","3,32€ / LT",
Massa Filo,TABLIER BLANC,Emb. 0.25 KG,"1,99€","7,96€ / KG",
Cabo Universal,,Emb. 1 UNID.,"3,99€","3,99€ / UNID.",
Barras de Cereais Trigo Integral C/ Leite 6 Unid.,GOLDEN GRAHAMS,Emb. 0.15 KG,"2,99€","19,93€ / KG",
Refrigerante sem Gás Maçã Verde,FRUTIS,Garrafa 1.5 LT,"1,15€","0,77€ / LT",
QUEIJO FRESCO PARA BARRAR 24%MG,LES CROISÉS,Emb. 0.15 KG,"0,79€","5,27€ / KG",
Café Lote Clássico Grão,SICAL,Emb. 1 KG,"12,39€","12,39€ / KG",
Deo Spray Tropical,REXONA,Emb. 0.15 LT,"2,54€","16,93€ / LT",
Massa Tomate e Mozzarella,KNORR,Emb. 0.072 KG,"1,89€","26,25€ / KG",
SACOS LIXO FECHO FACIL 100% RECICLADO 50L,ECO+,Emb. 25 UNID.,"2,29€","0,09€ / UNID.",
Gel de Duche Pétalas do Oriente,MANAVA,Emb. 0.25 LT,"1,19€","4,76€ / LT",
Conserva de Azeitona Verde Inteira,RUSTICA,Emb. 0.5 KG,"1,99€","3,98€ / KG",
Alimento Seco P/ Gato Carne Vaca Frango Legumes,PURINA FRISKIES,Emb. 4 KG,"13,50€","3,38€ / KG",
Pão Embalado Burguer 4 Unid.,PANRICO,Emb. 0.3 KG,"1,49€","4,97€ / KG",
Toalhitas Sensitive Máxima Proteção Sem Perfume,DODOT,Emb. 54 UNID.,"1,87€","0,03€ / UNID.",
Recarga Ambientador Flor de Cereja da Ásia,AIRWICK,Emb. 0.25 LT,"3,59€","14,36€ / LT",
Amaciador Cabelo Camomila e Mel de Flores,ULTRA SUAVE,Emb. 0.2 LT,"3,55€","17,75€ / LT",
Pensos Incontinência Anatómicos Plus,LINDOR,Emb. 20 UNID.,"9,89€","0,49€ / UNID.",
Sacos de Congelação Pequeno 18x20cm,ELEMBAL,Emb. 25 SAQ.,"0,99€","0,04€ / SAQ.",
Iogurte Líquido Framboesa,DÉLISSE,Emb. 0.85 LT,"1,25€","1,47€ / LT",
DANACOL LIQUÍDO COLESTEROL AVEIA,DANACOL,Emb. 6 UNID.,"2,99€","0,50€ / UNID.",
SEMOLA C/LEITE SABOR BAUNILHA,DÉLISSE,Emb. 0.46 KG,"1,75€","3,80€ / KG",
Máscara Alonga e Define Extra Super Lash,RIMMEL,Emb. 1 UNID.,"8,45€","8,45€ / UNID.",
ABRASIVO SANITARIO PINHO ACTIV EFFECT 750ML,SYPHON,Emb. 0.75 LT,"0,99€","1,32€ / LT",
Mel de Flores Biológico,,Frasco 0.5 KG,"4,99€","9,98€ / KG",
Polpa de Maracuja,KOALA,Lata 0.565 LT,"3,75€","6,64€ / LT",
Snacks Futebolas,CHEETOS,Emb. 0.13 KG,"1,49€","11,46€ / KG",
Líquido Sanitário Gel Lixívia,,Emb. 0.75 LT,"2,24€","2,99€ / LT",
Conserva de Tomate em Pedaços,TURINI,Emb. 0.39 KG,"0,54€","1,38€ / KG",
Presunto sem Osso,PROBAR,1 Unid. = 1 KG (aprox.),"14,98€/kg","14,98€ / Unid.",
24 VELAS ANIVERSARIO BRANCAS,ARDENCE,Emb. 24 UNID.,"1,39€","0,06€ / UNID.",
Conserva De Feijão Frade 425g,NOTRE JARDIN,Lata 0.425 KG,"0,75€","1,76€ / KG",
Amaciador total repair 5,ELVIVE,Emb. 0.69 LT,"6,67€","9,67€ / LT",
Recarga Freshmatic Pradera Púrpura de Lavanda,AIR WICK,Spray 0.25 LT,"3,59€","14,36€ / LT",
Tampões com Aplicador Pearl Super Plus,TAMPAX,Emb. 24 UNID.,"4,69€","0,20€ / UNID.",
Queijo de Cabra Curado,QUINTA DO OLIVAL,1 Unid. = 1 KG,"16,98€/kg","16,98€ / Unid.",
AZEITONA MACANILHA MISTA INTEIRA,RUSTICA,Emb. 0.37 KG,"0,99€","2,68€ / KG",
Bolachas de Arroz Cobertura de Chocolate Biológicas,,Emb. 0.09 KG,"1,29€","14,33€ / KG",
Penso Incontinência Discreet Extra,AUSONIA,Emb. 10 UNID.,"2,98€","0,30€ / UNID.",
LIXIVIA DELICADA,TEXIL,Emb. 2 LT,"1,19€","0,60€ / LT",
GENGIBRE MOIDO FRASCO,RUSTICA,Emb. 0.027 KG,"0,79€","29,26€ / KG",
Panaché 10x25CL,MÍLLBRAU,Emb. 2.5 LT,"2,65€","1,06€ / LT",
RECARGAS MOPA 40,CLAIR,Emb. 40 UNID.,"2,55€","0,06€ / UNID.",
Leite de Crescimento 1+ Cereais,NESTLÉ,Emb. 1 LT,"2,59€","2,59€ / LT",
Vinho Regional Alentejano Tinto,PORTA DA RAVESSA,Garrafa 0.75 LT,"4,79€","6,39€ / LT",
Água com Gás Limão 4x25 cl,FRIZE,Emb. 1 LT,"2,59€","2,59€ / LT",
TRAVESSA INOX 35CM,ECO+,Emb. 1 UNID.,"5,90€","5,90€ / UNID.",
Cerveja com Álcool,SUPER BOCK,Lata 0.33 LT,"0,59€","1,79€ / LT",
MINI BOLACHAS C/ RECHEIO MORANGO,P'TIT DÉLI,Emb. 0.168 KG,"1,19€","7,08€ / KG",
ADESIVOS PURIFICANTES X6- PELE NORMAL A MISTA,INELL,Emb. 6 UNID.,"3,39€","0,57€ / UNID.",
Café Solúvel Clássico,NESCAFÉ,Emb. 0.2 KG,"6,14€","30,70€ / KG",
Refrigerante C/ Gás Pack 6,SPRITE,,"4,79€",/ Unid.,
BOLACHAS MEGA DUO GULLON 500G,GULLÓN,Emb. 0.5 KG,"2,98€","5,96€ / KG",
Sobremesa de Soja Açucarada C/ Morango,NAT&VIE,Emb. 0.4 KG,"1,40€","3,50€ / KG",
Miolo de Noz Pecan,MARQUE REPERE,Emb. 0.2 KG,"4,99€","24,95€ / KG",
Toalhitas Activity 4x54 Unid.,DODOT,Emb. 216 UNID.,"6,99€","0,03€ / UNID.",
Bolachas Digestivas Aveia Oats Choc,GULLÓN,Emb. 0.425 KG,"2,39€","5,62€ / KG",
Aipo com Rama,,1 Unid. = 0.5 KG (aprox.),"2,79€/kg","1,40€ / Unid.",
DETERGENTE MANUAL LOICA ULTRA SAIS E MINERAIS/FRUTOS EXOTICOS 500ML,VISIOR,Emb. 0.5,"0,77€","1,54€ /",
Rissóis de Carne,,Emb. 8   UNID.,"1,59€","0,20€ /   UNID.",
KIT FAJITAS 505G TABLE DU MON,TABLES DU MONDE,Emb. 0.505 KG,"3,59€","7,11€ / KG",
Brandy,1920,Garrafa 0.7 LT,"10,38€","14,83€ / LT",
"ATUM FILETE NATURAL,120G",TENÓRIO,Emb. 0.12 KG,"2,14€","17,83€ / KG",
Pantene Volume & Brilho Champô 250 ml,,Emb. 0.25 LT,"4,74€","18,96€ / LT",
Elixir Suavidade e Brilho Para Cabelo Muito Estragado,GLISS,Emb. 0.075 LT,"4,99€","66,53€ / LT",
SABONETE VEGETAL ALPERCE BIO,BIONAÏA,Emb. 0.1 LT,"1,55€","15,50€ / LT",
Concentrado Laranja,SUNQUICK,Garrafa 0.7 LT,"4,79€","6,84€ / LT",
"A+ COLOR LIQ 85D,,4.25L",A+,,"11,99€",/ Unid.,
Conserva de Cassoulet de Porco,CÔTÉ TABLE,Lata 0.42 KG,"1,59€","3,79€ / KG",
Legumes C/ Vitela desde os 6 Meses S/ Glúten,NESTLÉ,Emb. 0.19 KG,"1,39€","7,32€ / KG",
Bolachas com Pepitas Chocolate Energy 5 Saquetas,CHIQUILÍN,Emb. 0.2 KG,"2,39€","11,95€ / KG",
Vinho Tinto,MONTES ERMOS,Bag in Box 5 LT,"7,99€","1,60€ / LT",
GELADO EM TUBO TROFI'TUBS 20UN,SMICY,Emb. 20 UNID.,"2,69€","0,13€ / UNID.",
Amaciador Ultra Suave Óleo de Abacate,GARNIER,Emb. 0.2 LT,"3,69€","18,45€ / LT",
LIXIVIA TRADICIONAL,ECO+,Emb. 4 LT,"1,35€","0,34€ / LT",
Desodorizante Spray Invisible,MANAVA,Emb. 0.2 LT,"1,34€","6,70€ / LT",
TRINCA DE ARROZ 1KG,LYDOG,Emb. 1 KG,"0,64€","0,64€ / KG",
DENTIFRICO SABOR PASTILHA ELASTICA 2-6 ANOS KIDS,PETIT DENTAMYL,Emb. 0.05 LT,"0,59€","11,80€ / LT",
Queijo Fourme D'Ambert DOP,NOS RÉGIONS ONT DU TALENT,Emb. 0.25 KG,"2,59€","10,36€ / KG",
Gomas Minhocas,COPAÍNS COPINES,Emb. 0.2 KG,"0,99€","4,95€ / KG",
AMENDOINS TORRADOS E SALGADOS,ECO+,Emb. 0.25 KG,"0,89€","3,56€ / KG",
"MINI SPRAY ""LIRIO DO VALE"" RECARGA 15ML",BIEN AIR,Emb. 0.015 LT,"0,90€","60,00€ / LT",
Azeite virgem extra aroma trufa,GALLO,Emb. 0.25 LT,"2,39€","9,56€ / LT",
COLORACAO VEGETAL PRETO BIO,BIONAÏA,Emb. 1 UNID.,"6,99€","6,99€ / UNID.",
ACAFRAO DAS INDIAS SAQUETA,RUSTICA,Emb. 0.05 KG,"0,60€","12,00€ / KG",
Escova para Cabelo Oval,,Emb. 1 UNID.,"4,49€","4,49€ / UNID.",
Chá Preto,TETLEY,Emb. 10 SAQ.,"0,71€","0,07€ / SAQ.",
SACO ARRUMACAO MALEAVEL,SILLAGE,Emb. 1 UNID.,"3,00€","3,00€ / UNID.",
Nuggets de Aves,ECO+,Emb. 0.5 KG,"2,99€","5,98€ / KG",
Água sem Gás,MONCHIQUE,Emb. 1.5 LT,"2,98€","1,99€ / LT",
PENSOS INCONTINENCIA MEDIA - HOMEM,CHORYS,Emb. 20 UNID.,"3,89€","0,19€ / UNID.",
MARCADOR PERMANENTE VARIAS CORES,ESQUISSE,Emb. 4 UNID.,"0,76€","0,19€ / UNID.",
PILHAS ALCALINAS LR03,ECO+,Emb. 8 UNID.,"1,79€","0,22€ / UNID.",
BACALHAU COM NATAS,CÔTÉ TABLE,Emb. 0.8 KG,"6,99€","8,74€ / KG",
Carvão Vegetal Artesanal,,Emb. 5 KG,"5,19€","1,04€ / KG",
Sumo de Ameixa Obtido por Extração Biológico,,Emb. 1 LT,"3,85€","3,85€ / LT",
Miolo de Camarão Gigante Ultracongelado,PESCANOVA,Emb. 0.25 KG,"6,99€","27,96€ / KG",
ALGODAO DUO MINI OVALE X110,INELL,Emb. 110 UNID.,"0,89€","0,01€ / UNID.",
Pérolas de Perfume para Roupa Dreams,LENOR,Emb. 0.21 KG,"7,69€","36,62€ / KG",
Sacos para Lixo com Atilho 50L,ELEMBAL,,"1,39€",/ Unid.,
Lula Inteira Descongelada,,1 Unid. = 0.1 KG (aprox.),"5,29€/kg","0,53€ / Unid.",
GELADO 6 BAUNILHA 6 MORANGO,SMICY,Emb. 12 UNID.,"2,69€","0,22€ / UNID.",
Limpa Móveis Spray Lavanda,PRONTO,Emb. 0.3 LT,"4,79€","15,97€ / LT",
GELADO TARTUFO,ESKISS,,"2,95€",/ Unid.,
ARRANHADOR EM CARTAO P/GATO,P'TIT AMI,Emb. 1 UNID.,"2,69€","2,69€ / UNID.",
Alimento Seco para Cão Croquetes Júnior Carne de Ave,LYDOG,Emb. 4 KG,"6,99€","1,75€ / KG",
Bolachas de Água e Sal com Azeite e Azeitonas Pack 12,VIEIRA,Emb. 0.192 KG,"2,75€","14,32€ / KG",
Gelado Baunilha Morango,CARTE D'OR,Emb. 1.7 LT,"2,99€","1,76€ / LT",
Bebida de Soja Chocolate,NAT&VIE,Emb. 1 LT,"1,29€","1,29€ / LT",
Mortadela de Peru,CAMPOFRIO,1 Unid. = 0.11 KG (aprox.),"7,99€/kg","0,88€ / Unid.",
Conserva de Cogumelos Laminados,FERBAR,Lata 0.29 KG,"0,95€","3,28€ / KG",
Forquilha Mão 3 Dentes,BEAUX JOURS,Emb. 1 UNID.,"2,90€","2,90€ / UNID.",
VELAS BRANCAS CASTICAL,ECO+,Emb. 10 UNID.,"3,99€","0,40€ / UNID.",
Pensos Higiénicos Ultrafinos Abas,AUSONIA,Emb. 12 UNID.,"1,69€","0,14€ / UNID.",
Bolos Fofos de Cacau Recheio de Leite e Coco,P'TIT DÉLI,Emb. 0.42 KG,"3,19€","7,60€ / KG",
Cuvete de Alumínio 10x1L,ELEMBAL,Emb. 10 UNID.,"2,99€","0,30€ / UNID.",
Pastilhas 60 Minutos Spearmint,TRIDENT,Emb. 0.02 KG,"0,94€","47,00€ / KG",
Champô de Queratina Protetor da Cor,TRESEMMÉ,Emb. 0.7 LT,"6,59€","9,41€ / LT",
Tostas de Trigo,EPI D'OR,Emb. 0.9 KG,"2,89€","3,21€ / KG",
Truta Pequena,,1 Unid. = 0.3 KG (aprox.),"3,99€/kg","1,20€ / Unid.",
GELADO TRIUM MENTA 4UN,TRIUM,Emb. 4 UNID.,"2,05€","0,51€ / UNID.",
Miolo de Pinhão,,Emb. 0.1 KG,"8,49€","84,90€ / KG",
ALIMENT BEBE: PURE DE PERA WILLIAMS BIO +4M 4x100G,BIO VILLAGE BEBE,Emb. 0.4 KG,"2,09€","5,23€ / KG",
Crackers com Sésamo,VIEIRA,Emb. 0.2 KG,"1,29€","6,45€ / KG",
Ananás em Calda Rodelas com Sumo Natural,DOUCEUR DU VERGER,Lata 0.565 KG,"1,79€","3,17€ / KG",
Arroz Carolino,PATO REAL,Emb. 1 KG,"1,17€","1,17€ / KG",
Toalhitas Limpeza P/ Ecrãs,LINKSTER,Emb. 80 UNID.,"3,99€","0,05€ / UNID.",
Pantene Caracóis Perfeitos Champô 3 Em 1,PANTENE,Emb. 0.3 LT,"4,99€","16,63€ / LT",
Preservativo Non Stop,CONTROL,Emb. 12 UNID.,"6,99€","0,58€ / UNID.",
Anti-Mosquitos Elétrico Líquido 30 Noites,RAID,Emb. 0.021 LT,"5,69€","270,95€ / LT",
VELA NUMERO FUN 4,ARDENCE,Emb. 1 UNID.,"1,00€","1,00€ / UNID.",
Sumo 100% Cenoura Biológico,,Emb. 1 LT,"1,99€","1,99€ / LT",
WC Gel Glitter Brisa do Mar,NEO BLANC,Emb. 0.7 LT,"2,09€","2,99€ / LT",
Macarrão,TURINI,Emb. 0.5 KG,"0,95€","1,90€ / KG",
Multifunções 5 Efeitos Pastilhas 250Gr,BEAUX JOURS,Emb. 4 KG,"31,49€","7,87€ / KG",
SACO ASPIRADOR S2000,ELSAY,Emb. 1 UNID.,"3,49€","3,49€ / UNID.",
Néctar de Pêra Pack 3,SANTAL,Emb. 0.6 LT,"1,38€","2,30€ / LT",
Chá de Camomila,LIPTON,Emb. 20 SAQ.,"1,20€","0,06€ / SAQ.",
Alimento Seco para Cão Croquetes Equilíbrio,LYDOG,Emb. 4 KG,"6,99€","1,75€ / KG",
Croissant Recheio Maxi Creme Cacau,CHIPICAO,Emb. 0.08 KG,"0,89€","11,13€ / KG",
QUEIJO BRILLAT SAVARIN,NOS RÉGIONS ONT DU TALENT,Emb. 0.2 KG,"3,19€","15,95€ / KG",
Máquina Descartável Blue II 2 Lâminas,GILLETTE,Emb. 20 UNID.,"7,99€","0,40€ / UNID.",
LIXIVIA C/DETERGENTE,CLAIR,Emb. 2 LT,"1,09€","0,55€ / LT",
Vinho Regional Península de Setúbal Tinto,JOSE MARIA FONSECA,Garrafa 0.75,"1,99€","2,65€ /",
Batatas Fritas Caseiras Rodelas,SNR,Emb. 0.18 KG,"1,15€","6,39€ / KG",
Pacotinho de Frutas Maçã Cenoura e Manga S/ Glúten +6 meses,NESTLÉ BEBÉ,Emb. 0.09 KG,"0,98€","10,89€ / KG",
Tablete de Chocolate com Avelãs,TABLETTE D'OR,Emb. 0.2 KG,"1,59€","7,95€ / KG",
Dove Men +Care Desodorizante Clean Comfort Spray,DOVE,Emb. 0.15 LT,"2,69€","17,93€ / LT",
10 LAPIS GRAFITE HB,ECO+,Emb. 10 UNID.,"1,09€","0,11€ / UNID.",
COLORACAO ACAJU 5.56 S/AMONIACO,VITANOVE,Emb. 1 UNID.,"3,89€","3,89€ / UNID.",
Chouriça de Trancoso,SNR,Emb. 1 UNID.,"2,69€","2,69€ / UNID.",
Sumo Ananás,JAFADEN,Emb. 1 LT,"1,29€","1,29€ / LT",
QUEIJO CHEDDAR RALADO,LES CROISÉS,Emb. 0.2 KG,"1,89€","9,45€ / KG",
MOUSSE DE MARACUJÁ CONDI 80G,CONDI,Emb. 0.8 KG,"1,34€","1,68€ / KG",
Iogurte de Banana 4 Unid.,IOGOLINO,Emb. 0.4 KG,"2,28€","5,70€ / KG",
"Croquetes Frango, Pato e Azeitonas",TOUS MES AMIS,Emb. 2 KG,"3,99€","2,00€ / KG",
Vinho Regional Douro Tinto,QUINTA DA PACHECA,Garrafa 0.75 LT,"5,99€","7,99€ / LT",
Rolo de Cozinha Máxima Absorção 8+4 Unid.,RENOVA,Emb. 1 P,"5,99€","5,99€ / P",
Elixir Listerine Menta Suave,LISTERINE,Emb. 0.75 LT,"5,99€","7,99€ / LT",
ARROZ MEDITERRANIO PRE COZIDO EXPRESS,COMPTOÍR DU GRAIN,Emb. 0.25 KG,"1,09€","4,36€ / KG",
Perfume Pearls Fuchsia Passion,COMFORT,Emb. 0.375 KG,"8,49€","22,64€ / KG",
LANTERNA FRONTAL,FOXTER,Emb. 1 UNID.,"6,59€","6,59€ / UNID.",
CARREGADOR HR6/HR03 + 4 PILHAS RECARREGAVEIS USB,FOXTER,Emb. 1 UNID.,"18,99€","18,99€ / UNID.",
"BEBIDA APERITIVA ROSSO 14,4º",GILDO,1 0,"3,19€",inf€ /,
Champô Purificante Morango Branco e Menta Dulce,HERBAL ESSENCES,Emb. 0.4 LT,"3,99€","9,98€ / LT",
Tablete Chocolate Preto com Menta,TABLETTE D'OR,Emb. 0.1 KG,"1,19€","11,90€ / KG",
Alimento Seco P/ Cão Active de Frango e Arroz,PURINA,Emb. 0.8 KG,"5,35€","6,69€ / KG",
Coloração Longa Duração Belle Color 5.3 Castanho Claro Dourado,GARNIER,Emb. 1 UNID.,"5,79€","5,79€ / UNID.",
Iogurte Morango e Banana 0% Açúcar 4 Unid.,IOGOLINO,Emb. 0.4 KG,"2,89€","7,23€ / KG",
Chá de Ervas Biológico,,Emb. 20 SAQ.,"1,19€","0,06€ / SAQ.",
Balança Cozinha,ELSAY,Emb. 1 UNID.,"10,99€","10,99€ / UNID.",
Bolachas Torradas,VIEIRA,Emb. 0.2 KG,"0,79€","3,95€ / KG",
Doce de Glila,CASA MATEUS,Frasco 0.345 KG,"2,44€","7,07€ / KG",
Snack Fruut Maçã Verde Intenso S/ Açúcar 60g,,Emb. 0.06 KG,"1,99€","33,17€ / KG",
LEITE AROMA MORANGO BIO,,,"1,59€",/ Unid.,
Yofu Baunilha 500g,ALPRO,Emb. 0.5 KG,"2,39€","4,78€ / KG",
Filetes de pescada com alho e salsa,PESCANOVA,Emb. 0.4 KG,"4,39€","10,98€ / KG",
Fita Adesiva Reparação Pvc 20Metrosx50Mm,FOXTER,Emb. 1 UNID.,"3,90€","3,90€ / UNID.",
Bloco Sanitário Lavanda,SONASOL WC,Emb. 2 UNID.,"2,99€","1,50€ / UNID.",
Sumo Active Drink Manga Cenoura,SANTAL,Emb. 1.5 LT,"1,99€","1,33€ / LT",
CUECA INCONTINENCIA ABSORCAO PLUS GRANDE,CHORYS,Emb. 10 UNID.,"5,99€","0,60€ / UNID.",
FRANGO C/ MOLHO DE CARIL,CÔTÉ TABLE,Emb. 0.3 KG,"1,99€","6,63€ / KG",
DROPS MENTA,COPAÍNS COPINES,Emb. 0.25 KG,"1,29€","5,16€ / KG",
Refrigerante C/ Gás Gasosa,SPRINK'S,Garrafa 1.5 LT,"0,59€","0,39€ / LT",
Marcadores de Colorir Laváveis Ponta Média,ESQUISSE,,"1,29€",/ Unid.,
Iogurte Líquido Morango,DÉLISSE,Emb. 0.85 KG,"1,25€","1,47€ / KG",
CROQUETES CAO MEDIO A GRANDE SEM CEREAIS,PLENIMA,Emb. 2 KG,"5,99€","3,00€ / KG",
Cera Depilatória Profissional Natural de Abelha,VEET,Emb. 0.3 KG,"8,04€","26,80€ / KG",
Pensos Diários Ecológicos,UNÍ VERT,Emb. 30 UNID.,"1,45€","0,05€ / UNID.",
BOLACHAS MANTEIGA GALETES BRETONNES,P'TIT DÉLI,Emb. 0.25 KG,"1,75€","7,00€ / KG",
Espinafre em Folhas,NOTRE JARDIN,Emb. 1 KG,"1,29€","1,29€ / KG",
Alimento Seco Gato Croquetes,TOUS MES AMIS,Emb. 2 KG,"5,59€","2,80€ / KG",
Noodles Galinha,KNORR,Emb. 0.07 KG,"1,39€","19,86€ / KG",
Esferográficas de Cores Sortidas Ponta Média,ESQUISSE,Emb. 4 UNID.,"1,29€","0,32€ / UNID.",
Conserva de Feijão Preto Cozido,NOTRE JARDIN,Lata 0.425 KG,"0,75€","1,76€ / KG",
MINI SNACKS CARNE VACA P/ GATO 60G LYCAT,TOUS MES AMIS,Emb. 0.06 KG,"0,85€","14,17€ / KG",
Limpa Máquinas de Loiça Desengordurante & Anti-Calcário,SUN,Emb. 0.12 KG,"3,99€","33,25€ / KG",
Johnson's Champô para Crianças Gotas de Força,JOHNSON'S BABY,Emb. 0.5 LT,"5,59€","11,18€ / LT",
RECARGA MOPA,SILLAGE,Emb. 1 UNID.,"2,90€","2,90€ / UNID.",
"SYOSS OLEO INTEN 1-10 PRET,,1P",SYOSS,,"6,24€",/ Unid.,
Farinha de Trigo Branca,TABLIER BLANC,Emb. 1 KG,"0,89€","0,89€ / KG",
Entrecosto com Alho e Pimentão Doce,MAGGI,Emb. 0.03 KG,"0,74€","24,67€ / KG",
Palmiers com Maçã e Canela 6 Unid.,DU BOIS DE LA ROCHE,Emb. 0.15 KG,"1,28€","8,53€ / KG",
Lâmina Descartável Flex 3,BIC,Emb. 6 UNID.,"5,49€","0,92€ / UNID.",
BATATAS PRE-FRITAS PALITOS CURVOS OLEO GIRASSOL,POM'LISSE,Emb. 0.6 KG,"1,59€","2,65€ / KG",
Batatas Fritas Palha,SNR,Emb. 0.3 KG,"1,65€","5,50€ / KG",
Floculante Líquido,BEAUX JOURS,Emb. 5 LT,"12,99€","2,60€ / LT",
Bollycao Clássico 4x57 g,PANRICO,Emb. 0.228 KG,"1,99€","8,73€ / KG",
IOGURTE CREMOSO COCO,DÉLISSE,Emb. 0.5 KG,"1,69€","3,38€ / KG",
Bolachas Crackers Bacon,TUC,Emb. 0.1 KG,"1,09€","10,90€ / KG",
Conserva de Feijão Encarnado Cozido com pouco Sal,FERBAR,Lata 0.42 KG,"0,95€","2,26€ / KG",
Massa Cotovelos GR,MILANEZA,Emb. 0.5 KG,"1,19€","2,38€ / KG",
Queijo Fresco com Leite Magro,DÉLISSE,Emb. 1 KG,"1,89€","1,89€ / KG",
CAPS CAFE COMP C/ DG XL INTENSO - INT10,PLANTATION,,"5,99€",/ Unid.,
Preparado Sopa Lombardo,,Emb. 0.6 KG,"1,99€","3,32€ / KG",
Chocolate em pó P/ Leite Saco,NESQUIK,Emb. 1 KG,"4,64€","4,64€ / KG",
CHOCOLATE PRETO 99% CACAU,EQUADOR,Emb. 0.08 KG,"1,39€","17,38€ / KG",
Cápsulas Café Colombia P/ Dolce Gusto Intensidade 7,DOLCE GUSTO,Emb. 12 CAPS.,"4,78€","0,40€ / CAPS.",
SACO TERMICO 22L,WOODSUN,Emb. 1 UNID.,"12,90€","12,90€ / UNID.",
SORTIDO GOMAS CAIXA PLASTICA,COPAÍNS COPINES,Emb. 0.75 KG,"3,99€","5,32€ / KG",
Creme de Mãos Nutritivo Nourish & Protect,BIOTEN,Emb. 0.1 LT,"2,13€","21,30€ / LT",
Água com Gás Frutos Vermelhos 4x25cl,PEDRAS,Emb. 1 LT,"2,39€","2,39€ / LT",
BARRA CEREAIS CHOCO BANANA,ECO+,Emb. 0.125 KG,"1,09€","8,72€ / KG",
Amêndoa Caramelizada,,Emb. 0.25 KG,"4,29€","17,16€ / KG",
Vinho Branco do Tejo Chardonnay/Arinto,QUINTA DA ALORNA,Emb. 0.75 LT,"6,39€","8,52€ / LT",
Conserva de Feijão Branco Cozido com pouco Sal,FERBAR,Lata 0.42 KG,"0,95€","2,26€ / KG",
Alimento Húmido P/ Gato Duplo Prazer Pack 12,GOURMET,Emb. 1.02 KG,"7,96€","7,80€ / KG",
Pastilha Elástica Senses Watermelon Sunrise,TRIDENT,Emb. 0.023 KG,"0,94€","40,87€ / KG",
Johnson\'s Baby Condicionador Penteia Fácil,JOHNSON'S BABY,Emb. 0.5 LT,"5,88€","11,76€ / LT",
Sabonete Moisture Care 4 unid.,PALMOLIVE,Emb. 0.09 KG,"3,39€","37,67€ / KG",
Condicionador Reparador Flex,REVLON,Emb. 0.65 LT,"5,99€","9,22€ / LT",
Néctar Light Laranja,JAFADEN,Emb. 1 LT,"0,89€","0,89€ / LT",
Elixir Oral,LISTERINE,Emb. 0.75 LT,"5,99€","7,99€ / LT",
AMBIENTADOR MINI SPRAY LIRIO DOS VALES + RECARGA,BIEN AIR,Emb. 1 UNID.,"2,19€","2,19€ / UNID.",
Mini Snacks P/ Gato Controlo das Bolas de Pelo,TOUS MES AMIS,Emb. 0.06 KG,"0,85€","14,17€ / KG",
Refrigerante de Maça Gaseificado S/ Álcool,GIBUS,Garrafa 0.75 LT,"2,49€","3,32€ / LT",
Whisky The Famous Grouse,FAMOUS GROUSE,Garrafa 0.7 LT,"15,49€","22,13€ / LT",
Batatas Fritas Gourmet,POM'LISSE,Emb. 0.17 KG,"1,29€","7,59€ / KG",
SOPA CAMPESTRE,REGAL SOUPE,Emb. 0.35 KG,"1,49€","4,26€ / KG",
Pão de Forma,EPI D'OR,Emb. 0.5 KG,"1,19€","2,38€ / KG",
Sumo 100% Tomate Biológico,,Emb. 1 LT,"1,49€","1,49€ / LT",
Luvas P/ Uso Doméstico Tam. M,MAMISON,Emb. 1 UNID.,"0,69€","0,69€ / UNID.",
Queijo Amarelo da Beira Baixa Dop,DAMAR,1 Unid. = 0.45 KG (aprox.),"13,99€/kg","6,30€ / Unid.",
Ice Tea Limão,LIPTON,Emb. 1 LT,"1,29€","1,29€ / LT",
ATUM RAMIREZ AZEITE 120G,RAMIREZ,,"1,19€",/ Unid.,
Bolachas com Pepitas Chocolate sem Glúten,CHAQUE JOUR,Emb. 0.15 KG,"2,29€","15,27€ / KG",
Detergente Loiça Manual Concentrado Limão,CIF,Emb. 0.6 LT,"1,49€","2,48€ / LT",
Patê de Figado de Porco,LA PIARA,Emb. 0.08 KG,"0,96€","12,00€ / KG",
Amaciador para Roupa Revive Lavish Blossom Ultra Concentrado,COMFORT,Emb. 60 DOSES,"3,99€","0,07€ / DOSES",
Cera Cabelo,AXE,Emb. 0.13 LT,"4,34€","33,38€ / LT",
Glade Observadores Frescos de Primavera,BRISE,Emb. 0.3 KG,"2,99€","9,97€ / KG",
Coloração Preto Azulado 210 sem Amoníaco,CASTING,Emb. 1 UNID.,"9,89€","9,89€ / UNID.",
Azeitona Galega,,1 Unid. = 0.1 KG (aprox.),"4,19€/kg","0,42€ / Unid.",
TIRAS ADERENTES C/DISPENSADOR 24F 4UN,ESQUISSE,Emb. 4 UNID.,"2,09€","0,52€ / UNID.",
BOLACHA CEREAIS C/ COB DE CHOCOLATE E AVELA,P'TIT DÉLI,Emb. 0.2 KG,"1,99€","9,95€ / KG",
ESCOVA DENTES BAMBU MEDIA,DENTAMYL,Emb. 1 UNID.,"1,90€","1,90€ / UNID.",
Creme Care Hidratação Intensiva,NIVEA,Emb. 0.2 LT,"4,69€","23,45€ / LT",
Vinho Regional Lisboa Branco Leve,MUNDUS,Garrafa 0.75 LT,"1,69€","2,25€ / LT",
PIRIPIRI MOIDO,RUSTICA,Emb. 0.05 KG,"0,65€","13,00€ / KG",
"BOLACHA REDONDA RECHEIO DUO ""CHOCOLATE E LEITE""",P'TIT DÉLI,Emb. 0.3 KG,"1,49€","4,97€ / KG",
Queijo Pointe de Brie,ECO+,Emb. 0.2 KG,"1,45€","7,25€ / KG",
Azeite Virgem Extra Gourmet,GALLO,Emb. 0.75 LT,"3,89€","5,19€ / LT",
Ração Húmida Gato Fantastic Banquete do Mar,FELIX,Emb. 0.34 KG,"2,45€","7,21€ / KG",
Bálsamo Barba Suave King C,GILLETTE,Emb. 0.1 LT,"7,49€","74,90€ / LT",
Papel Higiénico 2 Folhas Super,RENOVA,Emb. 48 ROLOS,"9,99€","0,21€ / ROLOS",
Lenços Bolso,MARQUE REPERE,Emb. 18 UNID.,"2,29€","0,13€ / UNID.",
FIAMBRE PERNA EXTRA S/NITRITO 4 FATIAS,TRADILÈGE,Emb. 0.14 KG,"2,39€","17,07€ / KG",
Alimento Húmido para Cão Patê com Pedaços Carne Vaca,ECO+,,"1,99€",/ Unid.,
BLOCO NOTAS ADESIVO 75X75MM,ESQUISSE,Emb. 500 UNID.,"3,99€","0,01€ / UNID.",
CALCULADORA 8 DIGITOS,ESQUISSE,Emb. 1 UNID.,"3,99€","3,99€ / UNID.",
Gel Banho Aloe Vera,MANAVA,Emb. 0.75 LT,"1,69€","2,25€ / LT",
Vela Duo com Fragrância de Maçã,AIRWICK,Emb. 0.105 KG,"5,69€","54,19€ / KG",
Dentífrico Morango 2+ Kids,PETIT DENTAMYL,Emb. 0.05 LT,"0,59€","11,80€ / LT",
"ALIMENT BEBE: SOBREMESA LACTEA SEMOLA, BAUNILHA +6M 4X100G",BIO VILLAGE BEBE,Emb. 0.4 KG,"2,29€","5,73€ / KG",
Chá de Tília,TETLEY,Emb. 10 UNID.,"0,86€","0,09€ / UNID.",
Vinho Castello DAlba Superior Tinto 2020,CASTELLO D'ALBA,Emb. 0.75 LT,"15,79€","21,05€ / LT",
Ambientador Carro Brisa Marinha,AMBIPUR,Emb. 1 UNID.,"2,99€","2,99€ / UNID.",
Conserva de Azeitonas Verdes com Recheio,RUSTICA,Emb. 0.3 KG,"1,65€","5,50€ / KG",
Café Cápsulas Intenso Intensidade 9,PLANTATION,Emb. 10 CAPS.,"1,69€","0,17€ / CAPS.",
COPPA ITALIANA FATIAS,ST AZAY,,"2,99€",/ Unid.,
Espinafre Picado Congelado,NOTRE JARDIN,Emb. 1 KG,"1,19€","1,19€ / KG",
TERRA P/HORTA BIO 40L,BEAUX JOURS,Emb. 40 LT,"4,09€","0,10€ / LT",
Ovos Solo M,SNR,Emb. 24 UNID.,"4,99€","0,21€ / UNID.",
Mini Cones Chocolate e Baunilha,SMICY,Emb. 10 UNID.,"2,39€","0,24€ / UNID.",
Conserva de Caldeirada,PITEU,Emb. 0.12 KG,"1,89€","15,75€ / KG",
Intensificador Fragrância Onda De Frescura,COMFORT,Emb. 0.76 LT,"5,99€","7,88€ / LT",
Pão de Forma Especial Torradas,BIMBO,Emb. 0.7 KG,"2,29€","3,27€ / KG",
CONE CHOCOLATE/PISTACHIO 8UN,ECO+,Emb. 8 UNID.,"2,15€","0,27€ / UNID.",
PERA WILLIAMS EM CALDA,DOUCEUR DU VERGER,Emb. 0.225 KG,"1,39€","6,18€ / KG",
Iogurte Líquido Baunilha,DÉLISSE,Emb. 0.85 LT,"1,25€","1,47€ / LT",
Escova P/ Cabelo Oval Pequena,,Emb. 1 UNID.,"3,99€","3,99€ / UNID.",
DETERGENTE LIQUIDO CONCENTRADO FLORES ECOLOGICO RECARGA 30D,UNÍ VERT,,"3,69€",/ Unid.,
Saqueta Multifrutos com Bolacha,HERO BABY,Emb. 0.1 KG,"1,09€","10,90€ / KG",
Pipocas Caramelizadas,TOKAPI,Emb. 0.1 KG,"0,79€","7,90€ / KG",
Bolachas de Mel,VIEIRA,Emb. 0.3 KG,"1,99€","6,63€ / KG",
GRESSINOS AZEITE ROSMANINHO,TOKAPI,Emb. 0.125 KG,"1,25€","10,00€ / KG",
Noz Moscada C/ Moinho,MARGÃO,Emb. 0.03 KG,"3,95€","131,67€ / KG",
Máscaras Liso Keratina,TRESEMMÉ,Emb. 0.3 LT,"5,39€","17,97€ / LT",
Cevada Solúvel,PLANTATION,Frasco 0.2 KG,"1,69€","8,45€ / KG",
Carne Porco Salgada C/ Lentilhas,CÔTÉ TABLE,Lata 0.84 KG,"2,99€","3,56€ / KG",
POSTA PESCADA Nº5 COZER,PÊCHE OCÉAN,Emb. 0.8 KG,"5,65€","7,06€ / KG",
Toalhitas Dermo 40,LINDOR,Emb. 40 UNID.,"4,29€","0,11€ / UNID.",
Cápsula e pastilha de café CAPPUCCINO 16UN,LAVAZZA,Emb. 16 UNID.,"4,49€","0,28€ / UNID.",
Alimento Seco P/ Gato de Salmão,PURINA,Emb. 1.5 KG,"9,90€","6,60€ / KG",
Creme Hidratante Caixa Grande,NIVEA,Emb. 0.15 LT,"4,29€","28,60€ / LT",
Sal Refinado Mesa,VATEL,Emb. 0.25 KG,"0,39€","1,56€ / KG",
Alho C/ Moinho,MARGÃO,Emb. 0.028 KG,"3,75€","133,93€ / KG",
Sumo 100% Multifrutas Refrigerado Bio,,Emb. 0.75 LT,"2,25€","3,00€ / LT",
Pensos Higiénicos Noite C/ Abas Eco,UNÍ VERT,Emb. 10 UNID.,"1,45€","0,15€ / UNID.",
Pancetta Fatias,ST AZAY,Emb. 0.1 KG,"2,25€","22,50€ / KG",
Cajú Torrado sem Sal,TOKAPI,Emb. 0.125 KG,"2,69€","21,52€ / KG",
Champanhe Meio Seco,POL CARSON,Garrafa 0.75 LT,"17,29€","23,05€ / LT",
Barrinhas P/ Coelhos Anões Frutas,TOUS MES AMIS,Emb. 0.11 KG,"1,75€","15,91€ / KG",
Pimenta Branca Moída,RUSTICA,Frasco 0.04 KG,"1,49€","37,25€ / KG",
Sobremesa Láctea de Pêra +6 Meses 4 Unid.,BIO VILLAGE BEBE,Emb. 0.4 KG,"2,19€","5,48€ / KG",
Desodorizante Roll-On Narta Invisível 48H,GARNIER,Emb. 0.05 LT,"3,49€","69,80€ / LT",
Soro Fisiológico 60ml,HIDRO,Emb. 0.06 LT,"0,69€","11,50€ / LT",
TAPETE MICROFIBRAS WC BRANCO 50X80,SILLAGE,Emb 1 UNID.,"5,00€","5,00€ / UNID.",
Desodorizante Invisimax Spray Homem,NARTA,Emb. 0.2 LT,"3,65€","18,25€ / LT",
Café Cápsulas Máximo Intensidade 10,PLANTATION,Emb. 10 CAPS.,"1,69€","0,17€ / CAPS.",
Néctar Clássico Manga Magdalena 3x20 cl,COMPAL,Emb. 0.6 LT,"1,49€","2,48€ / LT",
Cereais de Mel,ESTRELITAS,Emb. 0.55 KG,"3,14€","5,71€ / KG",
Chá de Cidreira Mel 20 Saquetas,LIPTON,Emb. 20 SAQ.,"1,94€","0,10€ / SAQ.",
Tablete de Chocolate de Leite Superior com Avelãs Inteiras,TABLETTE D'OR,Emb. 0.2 KG,"1,75€","8,75€ / KG",
Conserva de Azeitona Verde Descaroçada,RUSTICA,Emb. 0.48 KG,"1,60€","3,33€ / KG",
Água com Gás 6x25 cl,PEDRAS SALGADAS,Emb. 1.5 LT,"2,75€","1,83€ / LT",
SORTIDO DE GOMAS EM MINI SAQUETAS,COPAÍNS COPINES,Emb. 0.5 KG,"3,49€","6,98€ / KG",
VASSOURA CANTONEIRO,SILLAGE,Emb. 1 UNID.,"2,90€","2,90€ / UNID.",
Mortadela com Azeitonas,ELPOZO,1 Unid. = 0.1 KG (aprox.),"5,45€/kg","0,55€ / Unid.",
Conserva de Feijão Branco da Horta,COMPAL,Lata 0.845 KG,"1,59€","1,88€ / KG",
Piri Piri Moído,MARGÃO,Emb. 0.038 KG,"2,09€","55,00€ / KG",
Néctar Clássico Pêssego,JAFADEN,Emb. 1 LT,"0,99€","0,99€ / LT",
Bolachas de Gérmen de Trigo C/ Pepitas Chocolate Leite,NAT&VIE,Emb. 0.2 KG,"1,69€","8,45€ / KG",
Gelado Coco,TRIUM,Emb. 4 UNID.,"2,25€","0,56€ / UNID.",
Cereais de Chocolate e Chocolate Branco,CHOCAPIC,Emb. 0.4 KG,"2,92€","7,30€ / KG",
Batata Doce,,1 Unid. = 0.29 KG (aprox.),"1,19€/kg","0,35€ / Unid.",
Pão de Forma Multicereal,EPI D'OR,Emb. 0.45 KG,"1,39€","3,09€ / KG",
MASSA FOLHADA RECTANG. 230G,TABLIER BLANC,Emb. 0.23 KG,"1,29€","5,61€ / KG",
Queijinhos Frescos de Fruta,DÉLISSE,Emb. 0.6 KG,"1,59€","2,65€ / KG",
LAVA TUDO BOSQUE,CLAIR,Emb. 2 LT,"0,89€","0,45€ / LT",
CREME DE CENOURA,REGAL SOUPE,Emb. 0.35 KG,"1,49€","4,26€ / KG",
Maionese,RUSTICA,Frasco 0.47 KG,"1,69€","3,60€ / KG",
MISTURA PARA PASSAROS,ECO+,Emb. 3 KG,"2,99€","1,00€ / KG",
BATERIA Nº 11 44/420 44/420 TECH9,TECH9,Emb. 1 UNID.,"54,99€","54,99€ / UNID.",
Café Clássico,PLANTATION,Emb. 48 PAST.,"4,95€","0,10€ / PAST.",
Alimento P/ Cão Adulto Pequeno Carne de Vaca C/ Arroz,PURINA,Emb. 0.8 KG,"5,35€","6,69€ / KG",
Salmão Posta,,1 Unid. = 0.25 KG (aprox.),"9,99€/kg","2,50€ / Unid.",
Ketchup,ECO+,Emb. 0.58 KG,"1,59€","2,74€ / KG",
CARIL SAQUETA,RUSTICA,Emb. 0.05 KG,"0,59€","11,80€ / KG",
Pizza Casa Di Mama Salame,DR. OETKER,Emb. 0.38 LT,"4,99€","13,13€ / LT",
Bolachas Petit Beurre C/ Chocolate Preto Pocket,P'TIT DÉLI,Emb. 0.25 KG,"2,45€","9,80€ / KG",
Preparado Creme de Cenoura e Abóbora,,Emb. 0.6 KG,"1,99€","3,32€ / KG",
Presunto sem Osso,,1 Unid. = 1 KG (aprox.),"12,99€/kg","12,99€ / Unid.",
SOBREMESA CREME CHOCOLATE BRANCO,DÉLISSE,Emb. 0.5 KG,"1,59€","3,18€ / KG",
Detergente Máquina Roupa Líquido Sensitive,SKIP,Emb. 100 DOSES,"19,99€","0,20€ / DOSES",
Panados de Peru Cordons Bleus 8x100g Ultracongelados,ECO+,Emb. 0.8 KG,"3,99€","4,99€ / KG",
Croissant Tipo Francês,,1 UNID.,"0,49€","0,49€ / UNID.",
Batatas Fritas 6x30g,POM'LISSE,Emb. 0.18 KG,"1,49€","8,28€ / KG",
Mexilhão Médio,,1 KG (aprox.),"2,19€/kg","2,19€ / Unid.",
Barras de Cereais Special K Frutos Vermelhos,KELLOGG'S,Emb. 0.132 KG,"3,39€","25,68€ / KG",
Creme Remodelador Q10 Plus,NIVEA,Emb. 0.3 LT,"9,59€","31,97€ / LT",
DETERGENTE LIQUIDO PARA ROUPA BEBE 25D,EPSIL,Emb. 25 DOSES,"2,79€","0,11€ / DOSES",
Miolo de Amêndoa Palitada,MARQUE REPERE,Emb. 0.15 KG,"1,99€","13,27€ / KG",
Liegeois Café 4x100g,DÉLISSE,Emb. 0.4 KG,"1,49€","3,73€ / KG",
Pimenta Branca Moída,RUSTICA,Emb. 0.05 KG,"0,99€","19,80€ / KG",
Néctar Clássico Pêssego 3x200 ml,COMPAL,Emb. 0.6 LT,"1,39€","2,32€ / LT",
Farinha De Trigo Espiga T55,ESPIGA,Emb. 1 KG,"1,14€","1,14€ / KG",
TABLETE CHOCOLATE NEGRO 72% 100G,CEMOI,Emb. 0.1,"0,99€","9,90€ /",
Pacotinho de Frutas S/ Glúten,NESTLÉ BEBÉ,Emb. 0.09 KG,"0,98€","10,89€ / KG",
Fraldas Incontinência Máxima G,LINDOR,Emb. 46 UNID.,"27,55€","0,60€ / UNID.",
Marcadores para Colorir,ECO+,Emb. 12 UNID.,"1,09€","0,09€ / UNID.",
LEITE DESMAQUILHANTE BIO,BIONAÏA,Emb. 0.25 LT,"2,69€","10,76€ / LT",
PASTILHAS ANTI-CALCARIO MAQ ROUPA 48UN,TEXIL,Emb. 48 UNID.,"3,79€","0,08€ / UNID.",
Mistura de Sementes,MARQUE REPERE,Emb. 0.2 KG,"1,99€","9,95€ / KG",
Gel de Banho Naturals Oliva e Leite,PALMOLIVE,Emb. 0.5 LT,"2,69€","5,38€ / LT",
Sacos do Lixo Ultra Resistentes com Atilhos 100L,ELEMBAL,,"2,59€",/ Unid.,
Condicionador Purify & Hidrate,,Emb. 0.4 LT,"4,19€","10,48€ / LT",
Alimento Seco P/ Cão Adulto,FRISKIES,Emb. 1.5 KG,"4,49€","2,99€ / KG",
RECARGA P/ SABONETE LIQUIDO FLORAL 750ML,ECO+,Emb. 0.75 LT,"1,10€","1,47€ / LT",
Gelatina Sabor Melancia 2x85g,TABLIER BLANC,Emb. 0.17 KG,"0,85€","5,00€ / KG",
Cillit Bang Lixívia & Higiene 500ML x12,CILLIT BANG,Emb. 0.5 LT,"2,24€","4,48€ / LT",
FEIJAO MANTEIGA SACO,NOTRE JARDIN,Emb. 0.5 KG,"1,09€","2,18€ / KG",
Vinho Regional Alentejo Tinto,MONSARAZ,Garrafa 0.75 LT,"2,99€","3,99€ / LT",
Massa Pronta para Pizza sem Glúten,CHAQUE JOUR SANS GLUTEN,Emb. 0.26 KG,"2,49€","9,58€ / KG",
Metades de Pêssego em Calda,DOUCEUR DU VERGER,Lata 0.23 KG,"1,39€","6,04€ / KG",
BICARBONATO DE SODIO,CLAIR AUTHENTIQUE,Emb. 0.5 KG,"1,99€","3,98€ / KG",
"BL1 LED FRIGO 1,7W-15W E14",FOXTER,Emb. 1 UNID.,"2,99€","2,99€ / UNID.",
BOLACHAS RETANGULARES COM RECHEIO DE CHOCOLATE,P'TIT DÉLI,Emb. 0.125 KG,"1,29€","10,32€ / KG",
Pão de Forma com Códea Receita Económica,PANRICO,Emb. 0.475 KG,"1,89€","3,98€ / KG",
Vinho Verde Branco,DEU LA DEU,Garrafa 0.75 LT,"5,99€","7,99€ / LT",
Chá de Tília,,Emb. 25 SAQ.,"0,99€","0,04€ / SAQ.",
Papa Infantil 8 Cereais e Mel,NESTLÉ,Emb. 0.25 KG,"1,79€","7,16€ / KG",
Chá de Camomila,LIPTON,Emb. 10 SAQ.,"0,69€","0,07€ / SAQ.",
Mistura de Frutos Secos Torrados com Sal,TOKAPI,Emb. 0.12 KG,"1,79€","14,92€ / KG",
Polpa de Tomate,ECO+,Frasco 1 KG,"1,49€","1,49€ / KG",
Esfregão Aço Inox,BRAVO,Emb. 1 P,"1,29€","1,29€ / P",
Cereais Granola de Aveia C/ Arandos e Sementes de Abóbora,FITNESS,Emb. 0.3 KG,"2,79€","9,30€ / KG",
Queijo Camembert,PRÉSIDENT,Emb. 0.25 KG,"3,79€","15,16€ / KG",
Aguardente Vínica Velha,DORRÃO,Garrafa 0.7 LT,"11,99€","17,13€ / LT",
Lixívia Perfumada,NEOBLANC,Emb. 4 LT,"3,34€","0,84€ / LT",
FILETES DE CAVALA C/ MOSTARDA DE DIJON,PÊCHE OCÉAN,Emb. 0.169 KG,"1,79€","10,59€ / KG",
SALSICHAS COCKTAIL C/ BACON 300G,TRADILÈGE,Emb. 0.3 KG,"3,39€","11,30€ / KG",
Néctar Clássico Ameixa,COMPAL,Emb. 1 LT,"1,59€","1,59€ / LT",
Creme de Mãos Godness,DOVE,Emb. 0.075 LT,"2,99€","39,87€ / LT",
Vinho Regional Península de Setúbal Branco,FONTANARIO,Garrafa 0.75 LT,"2,99€","3,99€ / LT",
Alimento Húmido para Cão Almôndegas de Carne Vaca,ECO+,Emb. 1 KG,"1,79€","1,79€ / KG",
Gelado Double Chocolate e Morango,MAGNUM,Emb. 0.264 LT,"3,99€","15,11€ / LT",
Ravioli com 3 Queijos Biológico,,Emb. 0.25 KG,"2,49€","9,96€ / KG",
Creme de Camembert,PRÉSIDENT,Emb. 0.125 KG,"2,39€","19,12€ / KG",
ESCOVA DENTES CABECA RECARREGAVEL,DENTAMYL,,"1,25€",/ Unid.,
Papa Infantil Aveia Manga e Banana,CERELAC,Emb. 0.25 KG,"2,49€","9,96€ / KG",
Café Solúvel Liofilizado,ECO+,Emb. 0.2 KG,"3,19€","15,95€ / KG",
Gel de Banho Skin Defense Hidratante,DOVE MEN,Emb. 0.4 LT,"4,59€","11,48€ / LT",
Escova de Dentes Max White,COLGATE,Emb. 1 UNID.,"3,95€","3,95€ / UNID.",
Laca Elnett Latin Fixação Extra Forte,L'ORÉAL PARIS,Spray 0.3 LT,"6,45€","21,50€ / LT",
Xarope de Laranja,FRUCCI,Emb. 0.75 LT,"3,89€","5,19€ / LT",
Couscous,,Emb. 1 KG,"1,50€","1,50€ / KG",
Bolachinhas Criança,BLÉDINA,Emb. 0.125 KG,"2,47€","19,76€ / KG",
CREME PENTEAR CABELOS CARACOIS 200ML,VITANOVE,Emb. 0.2 LT,"2,39€","11,95€ / LT",
PERCABONATO SÓDIO,CLAIR,Emb. 0.5 KG,"2,99€","5,98€ / KG",
Saquetas Iogurte Morango,DANONE,Emb. 0.28 KG,"1,99€","7,11€ / KG",
Iogurte Soja Natural 6 Unid.,NAT&VIE,Emb. 0.6 KG,"1,49€","2,48€ / KG",
Café Moagem Universal Colombia,DELTA,Emb. 0.22 KG,"3,09€","14,05€ / KG",
Pão De Forma Cerealia 100% Integral,PANRICO,Emb. 0.385 KG,"2,19€","5,69€ / KG",
Nuggets Peito de Frango Ultracongelado,CAPITÃO IGLO,Emb. 0.208 KG,"5,99€","28,80€ / KG",
Gelado de Caramelo Salgado e Amêndoas Pack 3,MAGNUM,Emb. 0.27 LT,"4,99€","18,48€ / LT",
Ketchup Familiar XXL,CALVÉ,Emb. 0.55 KG,"3,48€","6,33€ / KG",
Conserva de Salsichas 6 Unid. FrankFurt,CÔTÉ TABLE,Lata 0.12 KG,"0,59€","4,92€ / KG",
DETERGENTE LIQUIDO FRESCURA 40D,EPSIL,,"4,95€",/ Unid.,
Spray Limpeza Seco,LINKSTER,Emb. 0.2 LT,"1,99€","9,95€ / LT",
Recarga Esfregona Rotativa,,Emb. 1 UNID.,"2,59€","2,59€ / UNID.",
Fios de Bacon,PRIMOR,Emb. 0.1,"2,08€","20,80€ /",
Iogurte Líquido Déli´Up Morango 10x100g,DÉLISSE,Emb. 1 KG,"2,19€","2,19€ / KG",
Bollycao Clássico 2x57 g,BOLLYCAO,Emb. 0.114 KG,"1,00€","8,77€ / KG",
Lava Tudo Multisuperficies Lavanda,CIF,Emb. 1.4 LT,"1,99€","1,42€ / LT",
1000 AGRAFOS N24/6,ESQUISSE,Emb. 1 UNID.,"0,55€","0,55€ / UNID.",
TOSTAS DE TRIGO INTEGRAL,EPI D'OR,Emb. 0.5 KG,"1,49€","2,98€ / KG",
ALIMENTO HUMIDO FRANGO/CENOURA P/ CAO 1240G,LYDOG,Emb. 1.4 KG,"2,05€","1,46€ / KG",
Azeitona Mista,,1 Unid. = 0.1 KG (aprox.),"4,19€/kg","0,42€ / Unid.",
Alimento Húmido P/ Gato Gold Carne de Vaca,GOURMET GOLD,Emb. 0.085 KG,"0,75€","8,82€ / KG",
Óleo Alimentar,RUSTICA,Garrafa 1 LT,"2,79€","2,79€ / LT",
Galette des Rois,,1 Unid. = 0.84 KG,"7,15€","8,51€ / KG",
CREME Q10 DIA 50ML,INELL,Emb. 0.05 LT,"2,99€","59,80€ / LT",
Puré de Batata Ultracongelado,POM'LISSE,Emb. 0.75 KG,"1,34€","1,79€ / KG",
Papel Higiénico Super Compact,RENOVA,Emb. 4 ROLOS,"2,49€","0,62€ / ROLOS",
OREGAOS FOLHAS SAQUETA,RUSTICA,Emb. 0.08 KG,"0,28€","3,50€ / KG",
Pensos Higiénicos Salvaslips em Bolsas,EVAX,Emb. 40 UNID.,"1,89€","0,05€ / UNID.",
Whisky Finest,BALLANTINE'S,Emb. 0.7 LT,"14,99€","21,41€ / LT",
B&J ND Cookie Dough 465ml,,Emb. 0.465 LT,"4,99€","10,73€ / LT",
Sumo Refrigerado Morango,SUNNY DELIGHT,Emb. 0.31 Lt,"0,78€","2,52€ / Lt",
Beringela,,1 Unid. = 0.37 KG (aprox.),"2,49€/kg","0,92€ / Unid.",
Cápsulas de Café Alumínio Nespresso Clássico,SEGAFREDO,Emb. 10 UN,"4,97€","0,50€ / UN",
PINCEIS Nº 8/10/12,ESQUISSE,Emb. 3 UNID.,"1,39€","0,46€ / UNID.",
Preparado em Pó P/ Gelatina de Limão,ROYAL,Emb. 0.114 KG,"1,79€","15,70€ / KG",
DESFIADO CARNE PREMIUM P/ GATO ADULTO 4X85G,LYCAT,Emb. 4 UNID.,"1,89€","0,47€ / UNID.",
Espumante de Limão,BAR ROYAL,Garrafa 0.75 LT,"3,45€","4,60€ / LT",
Galão São Lourenço 3x200 ml,UCAL,Emb. 0.6 LT,"1,70€","2,83€ / LT",
Cuscus Aves e Salsichas Merguez,CÔTÉ TABLE,Emb. 0.98 KG,"4,29€","4,38€ / KG",
Filete Primavera com Alho e Ervas Aromáticas 2 Unid.,IGLO,Emb. 0.225 KG,"3,99€","17,73€ / KG",
Café Solúvel C/ Bebida Amêndoa Vegan,NESCAFE GOLD,Emb. 0.096 KG,"3,59€","37,40€ / KG",
IOGURTES DE LEITE GORDO VARIOS AROMAS,DÉLISSE,Emb. 1 KG,"2,65€","2,65€ / KG",
Feijão Branco Seco,NOTRE JARDIN,Emb. 0.5 KG,"0,99€","1,98€ / KG",
RECARGA ESFREGONA UNIVERSAL,VILEDA,,"1,99€",/ Unid.,
Sobremesa Láctea de Alperce +6 Meses,BIO VILLAGE BEBE,Emb.0 0.4 KG,"2,29€","5,73€ / KG",
FUSILLI COM QUEIJOS,COTE SNACK,Emb. 0.3 KG,"2,09€","6,97€ / KG",
Massa de Pimentão,RUSTICA,Frasco 0.2 KG,"0,89€","4,45€ / KG",
Alimento Seco Gato Croquetes Frango e Cereais,ECO+,Emb. 4 KG,"5,79€","1,45€ / KG",
Desodorizante Spray Sport Cool,REXONA,Emb. 0.15 LT,"2,54€","16,93€ / LT",
Miolo Noz Pedaços,MARQUE REPERE,Emb. 0.2 KG,"2,59€","12,95€ / KG",
LIEGEOIS CHOCOLATE,DÉLISSE,Emb. 1.2 KG,"3,99€","3,33€ / KG",
Detergente Líquido Máquina Roupa,GAMA,Emb. 100 DOSES,"9,99€","0,10€ / DOSES",
Lixívia Tradicional,NEOBLANC,Emb. 1 LT,"1,09€","1,09€ / LT",
Farinha Rainha Especial P/ Bolos,NACIONAL,Emb. 1 KG,"1,23€","1,23€ / KG",
"AQUAFRESH INTENSE CLEAN,,2x75ML",AQUAFRESH,,"3,99€",/ Unid.,
"KINDER BUENO CLASSICO, T2X4",KINDER BUENO,Emb. 0.172 KG,"2,44€","14,19€ / KG",
Café Solúvel Clássico Frasco,NESCAFÉ,Frasco 0.1 KG,"3,48€","34,80€ / KG",
CARREGADOR +2 PILHAS R03 AAA850MAH,FOXTER,Emb. 1 UNID.,"11,99€","11,99€ / UNID.",
Champô Leite de Coco,HERBAL ESSENCES,Emb. 0.4 LT,"3,99€","9,98€ / LT",
Miolo de Amêndoa Torrada,MARQUE REPERE,Emb. 0.2 KG,"3,99€","19,95€ / KG",
Pensos Higiénicos Diários Maxi Aloe,CAREFREE,Emb. 48 UNID.,"4,45€","0,09€ / UNID.",
Conserva de Milho Doce 3x140g,NOTRE JARDIN,Emb. 0.42 KG,"1,45€","3,45€ / KG",
Caldo de Galinha,KNORR,Emb. 0.252 KG,"2,39€","9,48€ / KG",
Cerveja Amber Lager 4x33cl,CORUJA,Emb. 1.32 L,"3,29€","2,49€ / L",
Vinagre de Vinho Branco Chardonnay,GALLO,Emb. 0.25 LT,"1,99€","7,96€ / LT",
Cracker Integral,CUÉTARA,Emb. 0.2 KG,"1,19€","5,95€ / KG",
Tablete de Chocolate Preto com Pedaços de Amêndoas Torradas Biológico,,Emb. 0.1 KG,"1,99€","19,90€ / KG",
AMACIADOR ROUPA SUAVE,HYPERDOU,Emb. 4 LT,"2,49€","0,62€ / LT",
Desodorizante Roll On Talc Soft,DOVE,Emb. 0.05 LT,"2,69€","53,80€ / LT",
Alimento Seco P/ Cão Adulto + de 10 Kg Frango C/ Arroz,PURINA,Emb. 2.5 KG,"10,48€","4,19€ / KG",
ENVELOPE SILICONE KRAFT 162X229MM,ESQUISSE,Emb. 25 UNID.,"1,99€","0,08€ / UNID.",
Vinagre de Vinho Branco,RUSTICA,Garrafa 0.5 LT,"0,49€","0,98€ / LT",
Pacotinho de Multifrutas S/ Glúten +6 meses,NESTLÉ BEBÉ,Emb. 0.09 KG,"0,98€","10,89€ / KG",
Iogurte Líquido Natural 0% 6 Unid.,ACTIMEL,Emb. 0.6 KG,"2,59€","4,32€ / KG",
BARRA CEREAIS FIGO,GRAINEA,Emb. 0.126 KG,"1,49€","11,83€ / KG",
ALGODAO DUO OVAL,INELL,Emb. 70 UNID.,"1,09€","0,02€ / UNID.",
Melão Verde,,1 Unid. = 2.8 KG (aprox.),"0,89€/kg","2,49€ / Unid.",
Caldo de Carne 12x10g,ECO+,Emb. 0.12 KG,"0,55€","4,58€ / KG",
FITA COLA TRANSPARENTES 25M 5UN,ECO+,Emb. 5 UNID.,"1,99€","0,40€ / UNID.",
Cereais Zero Flocos de Milho,NACIONAL,Emb. 0.375 KG,"1,74€","4,64€ / KG",
Detergente em Pó BUQUÊ ROXO 120 DOSES,GAMA,Emb. 7.2 KG,"10,99€","1,53€ / KG",
LUVAS ROSEIRAS XL CINZA,BEAUX JOURS,Emb. 1 UNID.,"1,59€","1,59€ / UNID.",
Amaciador concentrado rosa e rosmaninho,SURF,Emb. 90 DOSES,"3,49€","0,04€ / DOSES",
Amaciador Concentrado Flores do Campo,HYPERDOU,Emb. 72 DOSES,"1,75€","0,02€ / DOSES",
MACEDONIA LEGUMES COZIDOS,NOTRE JARDIN,Emb. 1 KG,"1,59€","1,59€ / KG",
Vinho Regional Douro Branco,PLANALTO,Frasco 0.75 LT,"4,99€","6,65€ / LT",
Glade Automatic Spray Recarga Relax Zen,GLADE,Emb. 0.269 LT,"3,59€","13,35€ / LT",
Bebida à Base de Arroz,NAT&VIE,Emb. 1 LT,"1,39€","1,39€ / LT",
Cerveja com Álcool 6x33cl,CRISTAL,Emb. 1.98 LT,"2,89€","1,46€ / LT",
Infusão de Canela e Maça,LIPTON,Emb. 0.044 KG,"1,94€","44,09€ / KG",
Champô Color Revitalizante,TRESEMMÉ,Emb. 0.9 LT,"6,59€","7,32€ / LT",
AUSONIA AIRDRY NOITE ABAS 24,AUSONIA,Emb. 24 UNID.,"4,24€","0,18€ / UNID.",
BEBIDA SOJA FRUTOS VERMELHOS 3x250ML,ALPRO,Emb. 0.75 LT,"1,79€","2,39€ / LT",
"ATUM FILET MANJERICÃO&TOMATE SECO, 120G",TENÓRIO,Emb. 0.12 KG,"2,29€","19,08€ / KG",
Massa Cotovelinhos,ECO+,Emb. 0.5 KG,"0,65€","1,30€ / KG",
BOLACHAS PEQUENO ALMOCO CHOCOLATE,P'TIT DÉLI,Emb. 0.6 KG,"2,98€","4,97€ / KG",
CREME HIDRATANTE PELE SECA/SENSIVEL 50ML,INELL,Emb. 0.05 LT,"2,99€","59,80€ / LT",
Pantene Protect & Style Laca 300ml,PANTENE PV,Emb. 0.3 LT,"3,74€","12,47€ / LT",
Bebida à Base de Aveia,NAT&VIE,Emb. 1 LT,"1,39€","1,39€ / LT",
Gel Sanitário Anti-calcário,HARPIC,Emb. 0.75 LT,"1,94€","2,59€ / LT",
CREME DEPILATORIO PELE SENSIVEL 100ML 100ML SLISS,SLISS,,"1,75€",/ Unid.,
Sacos de Lixo Ultra Resistentes com Atilhos 20x30L,ELEMBAL,Emb. 20 UNID.,"1,89€","0,09€ / UNID.",
Pasta Arquivo Lombada Larga Marmoreada,ESQUISSE,Emb. 1 UNID.,"1,89€","1,89€ / UNID.",
SPRAY LIMPA TABLIER 1 L 1L TECH9,TECH9,Emb. 1 LT,"3,19€","3,19€ / LT",
"Requeijão de Vaca, Cabra e Ovelha",SALOIO,Emb. 0.17 KG,"1,65€","9,71€ / KG",
GRAO DE BICO LATAMGUIA,NOTRE JARDIN,Emb. 0.425 KG,"0,75€","1,76€ / KG",
MISTURA DE CARVAO VEGETAL,ECO+,Emb. 5 KG,"4,39€","0,88€ / KG",
Fiambre Peito de Peru em Forno de Lenha,CAMPOFRIO,1 Unid. = 0.11 KG (aprox.),"14,98€/kg","1,65€ / Unid.",
PAO HAMBURGUER BRIOCHE,EPI D'OR,Emb. 0.3 KG,"1,39€","4,63€ / KG",
Patê de Atum 4x22g,PÊCHE OCÉAN,Emb. 0.088 KG,"1,19€","13,52€ / KG",
Gel Anti-Calcário Hygiene Elimina Bactérias,CALGON,Emb. 1.5 LT,"12,74€","8,49€ / LT",
MOLHO SOJA DOCE,TABLES DU MONDE,Emb. 0.125 LT,"1,09€","8,72€ / LT",
Esparguete à Carbonara,KNORR,Emb. 0.036 KG,"1,19€","33,06€ / KG",
Puré de Tomates Biológico,,Emb. 0.72 LT,"1,95€","2,71€ / LT",
LAPIS DE COR 12UN,ECO+,Emb. 12 UNID.,"1,39€","0,12€ / UNID.",
Bolachas de Chocolate com Pepitas de Chocolate,ECO+,Emb. 0.2 KG,"0,97€","4,85€ / KG",
CREME DE OVOS SABOR COCO,DÉLISSE,Emb. 0.4 KG,"2,45€","6,13€ / KG",
Açúcar de Cana em Pó Biológico,,Emb. 0.5 KG,"1,89€","3,78€ / KG",
Gin Gordon´s,GORDON'S,Garrafa 0.7 LT,"13,96€","19,94€ / LT",
Desodorizante Spray Jasmim Bio,BIONAÏA,Emb. 0.1 LT,"1,83€","18,30€ / LT",
POSTA DE PESCADA Nº3 COZER,PÊCHE OCÉAN,Emb. 0.6 KG,"4,69€","7,82€ / KG",
SOBREMESA PISTACHE,DÉLISSE,Emb. 0.5 KG,"1,59€","3,18€ / KG",
NOZ DA AMAZONIA,TOKAPI,Emb. 0.1 KG,"1,65€","16,50€ / KG",
BL1 LED FILA STANDARD 7W-60W E27 LUZ AMARELA,FOXTER,Emb. 1 UNID.,"4,99€","4,99€ / UNID.",
Conserva Cogumelos Inteiros,NOTRE JARDIN,Emb. 0.355 KG,"1,29€","3,63€ / KG",
Cerveja com Álcool 20x25cl,SUPER BOCK,Emb. 5 LT,"9,49€","1,90€ / LT",
STICKS RICOS BOVINO P / CAO 3UN,TOUS MES AMIS,,"0,79€",/ Unid.,
Bolachas Recheadas Chocolate Biológicas,,Emb. 0.185 KG,"2,59€","14,00€ / KG",
Courgette,,1 Unid. = 0.38 KG (aprox.),"1,99€/kg","0,76€ / Unid.",
TOMATE CONCENTRADO BISNAGA BIO,,Emb. 0.2 KG,"1,49€","7,45€ / KG",
Spray Limpeza Ecrãs + Pano,LINKSTER,Emb. 0.03 LT,"4,99€","166,33€ / LT",
Milho P/ Pipocas,MARQUE REPERE,Emb. 0.25 KG,"0,49€","1,96€ / KG",
Crepes de Chocolate 8x32g,P'TIT DÉLI,Emb. 0.256 KG,"1,99€","7,77€ / KG",
Queijo Fatiado Flamengo,TERRA NOSTRA,Emb. 0.2 KG,"2,19€","10,95€ / KG",
Pastéis de Bacalhau 10 Unid.,SNR,Emb. 0.325 KG,"3,45€","10,62€ / KG",
Alimento P/ Cão de Frango C/ Mandioca S/ Glúten,BEYOND,Emb. 1.2 KG,"9,60€","8,00€ / KG",
Condicionador Express para Pontas Espigadas em Spray,GLISS,Emb. 0.2 LT,"3,24€","16,20€ / LT",
Queijo Barra Flamengo,PRIMOR,1 Unid. = 0.15 KG (aprox.),"6,29€/kg","0,94€ / Unid.",
Desodorizante Spray Baunilha,MANAVA,Emb. 0.1 LT,"1,29€","12,90€ / LT",
POLPA DE TOMATE COM CEBOLA E ALHO,TURINI,Garrafa 0.5 KG,"1,29€","2,58€ / KG",
Presunto Serrano em Fatias,CAMPOFRIO,Emb. 0.08 KG,"2,35€","29,38€ / KG",
Conserva de Feijão Branco Cozido,NOTRE JARDIN,Lata 0.85 KG,"0,99€","1,16€ / KG",
"JARRO ELECTRICO INOX 2000W 1,7L",ELSAY,Emb. 1 UNID.,"26,90€","26,90€ / UNID.",
Salsa Picada,RUSTICA,Emb. 0.25 KG,"2,39€","9,56€ / KG",
Bebida Energética Ultra White Energy Zero Açúcar,MONSTER ENERGY,Emb. 0.05 LT,"1,20€","24,00€ / LT",
ALGODAO,PRIMOPLAST,Emb. 0.1 KG,"0,75€","7,50€ / KG",
Mácara Rosto Filme Purificante Alisante,INELL,Emb. 2 UNID.,"1,39€","0,70€ / UNID.",
PESSEGO EM CALDA,DOUCEUR DU VERGER,Emb. 0.82 KG,"2,39€","2,91€ / KG",
ESPREMEDOR CITRINOS EXPERT,ELSAY,Emb. 1 UNID.,"24,90€","24,90€ / UNID.",
Presunto Fatiado,DAMATTA,Emb. 0.07 KG,"1,98€","28,29€ / KG",
Tomate Cherry,,1 Unid. = 0.25 KG  (aprox.),"4,59€/kg","1,15€ / Unid.",
RAVIOLI CARNE VACA MOLHO ITALIANO,CÔTÉ TABLE,Emb. 0.8 KG,"2,19€","2,74€ / KG",
BATOM HIDRATANTE CLASSICO 2UN,INELL,Emb. 2 UNID.,"1,59€","0,80€ / UNID.",
PALMIERS C/ COBERTURA CHOCOLATE,P'TIT DÉLI,Emb. 0.23 KG,"1,69€","7,35€ / KG",
Batata Vermelha Assar,,Emb. 1 KG,"1,19€","1,19€ / KG",
Sobremesa Gelado Chocolate Brownie,CARTE D'OR,Emb. 0.9 LT,"3,29€","3,66€ / LT",
MISTURA DE LEGUMES A VAPOR,NOTRE JARDIN,Emb. 0.4 KG,"1,59€","3,98€ / KG",
Café Cápsulas Pack Intensidade,DELTA Q,Emb. 40 CAPS.,"12,99€","0,32€ / CAPS.",
RECARGA MICROF.BALDE COM PEDAL,VILEDA,,"7,49€",/ Unid.,
BLOCO NOTAS ADESIVO 75X75MM 2X100UN,ESQUISSE,Emb. 2 UNID.,"1,39€","0,70€ / UNID.",
Óleo Corporal Elixir de Argão,NATURAL HONEY,Emb. 0.3 LT,"5,19€","17,30€ / LT",
Pizza Fresca 3 Queijos,TURINI,Emb. 0.45 KG,"2,59€","5,76€ / KG",
AMACIADOR CONCENTRADO LIRIOS E MORANGOS 72 DOSES,HYPERDOU,Emb. 2 LT,"1,75€","0,88€ / LT",
Pota Inteira Congelado,,1 Unid. = 0.2 KG (aprox.),"4,49€/kg","0,90€ / Unid.",
Cápsulas Café Espresso Intensidade 5,DOLCE GUSTO,Emb. 16 CAPS.,"5,99€","0,37€ / CAPS.",
"""BLANQUETTE"" DE VITELA E ARROZ",CÔTÉ TABLE,Emb. 0.285 KG,"2,49€","8,74€ / KG",
Refrigerante C/ Gás Laranja,FANTA,Garrafa 1.5 LT,"1,00€","0,67€ / LT",
Pudim Flan Caramelo 12x100g,ECO+,Emb. 1.2 KG,"1,69€","1,41€ / KG",
Fio de Linho 90Metros,FOXTER,Emb. 1 UNID.,"1,99€","1,99€ / UNID.",
ESCADOTE 2 DEGRAUS,ECO+,Emb. 1 UNID.,"19,99€","19,99€ / UNID.",
Refrigerante S/ Gás Maçã/Cassis/Framboesa,JAFUN,Emb. 2 LT,"1,89€","0,95€ / LT",
CORANTES ALIMENTARES X3,TABLIER BLANC,Emb. 0.018 LT,"1,95€","108,33€ / LT",
Vinho do Porto Lágrima,RAMOS PINTO,Emb. 0.75 LT,"8,99€","11,99€ / LT",
Sabonete Sólido Limão Manjericão,MANAVA,Emb. 2 UNID.,"1,00€","0,50€ / UNID.",
Conserva de Azeitona Preta em Rodelas,RUSTICA,Frasco 0.36 KG,"0,99€","2,75€ / KG",
"Infusão Time do Relax de Camomila, Lavanda, Tília e Baunilha",LIPTON,Emb. 20 SAQS,"1,94€","0,10€ / SAQS",
Chocolate Negro Sobremesas,ECO+,Emb. 0.2 KG,"0,99€","4,95€ / KG",
REBENTOS DE FEIJAO MUNGO,NOTRE JARDIN,Emb. 0.175 KG,"0,54€","3,09€ / KG",
Rissóis de Camarão,,Emb. 8 UNID.,"1,39€","0,17€ / UNID.",
Ice Tea de Limão Lata 6x25cl,LIPTON,Emb. 1.5 LT,"3,38€","2,25€ / LT",
RESGUARDO PROTECAO CAMA 90X180CM,CHORYS,Emb. 20 UNID.,"10,99€","0,55€ / UNID.",
Bolachas de Manteiga,,Emb. 0.125 KG,"1,25€","10,00€ / KG",
Pistachos Torrados Salgados,ECO+,Emb. 0.2 KG,"2,59€","12,95€ / KG",
Queijo Amanteigado Mistura,ALVELHE,1 Unid. = 1.2 KG (aprox.),"7,99€/kg","9,59€ / Unid.",
Pão de Forma Integral,EPI D'OR,Emb. 0.5 KG,"0,99€","1,98€ / KG",
Sumo 100% Maçã,JAFADEN,Emb. 1 LT,"1,49€","1,49€ / LT",
BOLACHAS DIGESTIVE DIGESTIVE NATURE GULLON 400G,GULLÓN,Emb. 0.4 KG,"2,44€","6,10€ / KG",
ESTRUME DE CAVALO,BEAUX JOURS,Emb. 20 KG,"4,99€","0,25€ / KG",
Gelado de Chocolate Branco e Cookies,MAGNUM,Emb. 0.44 LT,"3,89€","8,84€ / LT",
Arroz Carolino,CAÇAROLA,Emb. 1 KG,"1,05€","1,05€ / KG",
Sobremesa Creme de Baunilha 4x100gr,DANONE,Emb. 0.4 KG,"1,99€","4,98€ / KG",
Palmier,,1 Unid. = 1 UN,"0,80€","0,80€ / UN",
Barras de Cereais de Morango 6 Unid.,FITNESS,Emb. 0.141 KG,"2,29€","16,24€ / KG",
GELATINA CONDI MORANGO 2X85G,CONDI,,"1,79€",/ Unid.,
Alimento Húmido Bovino para Cão,ECO+,Emb. 0.3 KG,"0,55€","1,83€ / KG",
Ice Tea Manga,LIPTON,Emb. 1 LT,"1,29€","1,29€ / LT",
Noodles com Bacon e Tomate,KNORR,Emb. 0.063 KG,"1,15€","18,25€ / KG",
Limpeza Móveis Classic Protege,PRONTO,Spray 0.3 LT,"3,95€","13,17€ / LT",
Gelatina Light Limão,ROYAL,Emb. 0.031 KG,"1,85€","59,68€ / KG",
Bloco Sanitário Desinfectante de Lima,DOMESTOS,Emb. 0.055 KG,"1,79€","32,55€ / KG",
Arroz Branco Longo Biológico,,Emb. 0.5 KG,"1,19€","2,38€ / KG",
Amaciador concentrado rubi,QUANTO,Emb. 76 DOSES,"4,89€","0,06€ / DOSES",
Limonada Zero,SPRINK'S,Emb. 1.5 LT,"0,99€","0,66€ / LT",
COTONETES ALGODAO,ECO+,Emb. 200 UNID.,"0,69€","0,00€ / UNID.",
Couve Chinesa,,1 Unid. = 0.6 KG (aprox.),"1,95€/kg","1,17€ / Unid.",
Gelatina Light Sabor a Frutos Vermelhos,TABLIER BLANC,Emb. 0.031 KG,"0,79€","25,48€ / KG",
Refrigerante S/Gás Arandos Light,JAFADEN,Emb. 1 LT,"1,55€","1,55€ / LT",
DETERGENTE MANUAL LOICA AMENDOAS DOCES/CALENDULA,VISIOR,Emb. 0.75 LT,"0,97€","1,29€ / LT",
Ração seca para gato digestão sensível c/ truta,ULTIMA,Emb. 1.5 KG,"9,99€","6,66€ / KG",
Café Cápsulas Intenso Intensidade 10,PLANTATION,Emb. 16 CAPS.,"2,59€","0,16€ / CAPS.",
"ATUM FILELETE AZEITE C/ ALCAPARRAS, 120G",TENÓRIO,Emb. 0.12 KG,"2,29€","19,08€ / KG",
Tampões com Aplicador Compak Regular,TAMPAX,Emb. 22 UNID.,"3,85€","0,18€ / UNID.",
FRALDAS BEBE T5+ 12/25KG 52UN,ECO+,Emb. 52 UNID.,"6,99€","0,13€ / UNID.",
Gelatina Ananás 4 Unid.,ROYAL,Emb. 0.4 KG,"1,59€","3,98€ / KG",
NOODLES DE VACA,TABLES DU MONDE,Emb. 0.061 KG,"0,99€","16,23€ / KG",
Compota de Banana Maçã 4x100g,ECO+,Emb. 0.4 KG,"0,99€","2,48€ / KG",
CREPES COM CHOCOLATE 6UN,TROFIC,Emb. 0.54 KG,"3,89€","7,20€ / KG",
Cápsulas Café Ristretto Ardenza,DOLCE GUSTO,Emb. 30 CAPS.,"11,49€","0,38€ / CAPS.",
Conserva de Verde Extra Fino,NOTRE JARDIN,Lata 0.44 KG,"1,99€","4,52€ / KG",
Detergente Loiça Manual Concentrado Limão Verde,CIF,Emb. 0.6 LT,"1,49€","2,48€ / LT",
Fita Adesiva Isolação Eletrico 4X5Metrosx15Mm,FOXTER,Emb. 1 UNID.,"1,99€","1,99€ / UNID.",
Gelado de Noz,CARTE D'OR,Emb. 1 LT,"2,89€","2,89€ / LT",
Gelatina Frutos Vermelhos Light 2x15g,CONDI,Emb. 0.03 KG,"1,69€","56,33€ / KG",
ACHOCOLATADO EM PO,P'TIT DÉLI,Emb. 1 KG,"3,89€","3,89€ / KG",
Atum em Óleo,RAMIREZ,Emb. 0.12 KG,"1,09€","9,08€ / KG",
Conserva de Atum ao Natural,RAMIREZ,Emb. 0.12 KG,"1,09€","9,08€ / KG",
Bolo de Especiarias,,Emb. 0.47 KG,"0,99€","2,11€ / KG",
Alimento Seco Completo P/ Cães Pequenos,TOUS MES AMIS,Emb. 1 KG,"2,85€","2,85€ / KG",
PRATO DOURADO C/RENDA 33 CM,,Emb. 1 UNID.,"1,99€","1,99€ / UNID.",
Pensos Diários Salva Slip Normal,EVAX,Emb. 50 UNID.,"3,13€","0,06€ / UNID.",
Desodorizante Spray,AXE,Emb. 0.15 LT,"3,29€","21,93€ / LT",
Batom Corretivo 004,RIMMEL,Emb. 1 UNID.,"6,39€","6,39€ / UNID.",
Conserva de Azeitona Verde Descaroçada,RUSTICA,Frasco 0.36 KG,"0,99€","2,75€ / KG",
Preparado á Base de Polpa e de Concentrado de Tomates,NOTRE JARDIN,Lata 400 KG,"1,19€","0,00€ / KG",
Bife Picanha Novilho,,1 Unid. = 0.2 KG (aprox.),"8,79€/kg","1,76€ / Unid.",
GUYLIAN FRUTOS DO MAR CARTÃO 250g,,,"5,69€",/ Unid.,
Enxada Rebitada,BEAUX JOURS,Emb. 1 UNID.,"7,99€","7,99€ / UNID.",
Ice tea de Manga 3x20 cl,LIPTON,Emb. 0.6 LT,"1,17€","1,95€ / LT",
"PAO TOSTADO ALHO LOTE DE 2 ""CROUTON"" 2X90G",EPI D'OR,Emb. 0.18 KG,"1,59€","8,83€ / KG",
Sumo 100% Laranja C/ Polpa Refrigerado Bio,,Emb. 0.75 LT,"2,15€","2,87€ / LT",
Sardinhas S/Pele e S/Espinhas em Azeite Virgem Extra,BOM PETISCO,Emb. 0.12 KG,"1,99€","16,58€ / KG",
Papel Higiénico 2 Folhas Extra XXL 6=15,RENOVA,Emb. 6 ROLOS,"3,98€","0,66€ / ROLOS",
SORTIDO GELADOS PARTY 10UN,SMICY,Emb. 10 UNID.,"2,99€","0,30€ / UNID.",
Vinho Regional Minho Branco,AVELEDA,Garrafa 0.75 LT,"4,63€","6,17€ / LT",
Iogurte Natural Puro 4x120g,DANONE,Emb. 0.48 KG,"1,18€","2,46€ / KG",
Desentupidor Líquido Canos Soda,SYPHON,Emb. 1 LT,"1,59€","1,59€ / LT",
Douradinhos Espinafres 10 Unid.,CAPITÃO IGLO,Emb. 0.284 KG,"3,19€","11,23€ / KG",
Massa Cotovelos Grosso,MILANEZA,Emb. 0.5 KG,"1,09€","2,18€ / KG",
Ervilhas e Cenouras Muito Finas,NOTRE JARDIN,Emb. 0.8 KG,"1,89€","2,36€ / KG",
Preparado Sopa de Cebola,KNORR,Emb. 0.05 KG,"1,49€/kg","0,07€ / Unid.",
Bolachas Recheadas Mini,OREO,Emb. 0.16 KG,"1,98€","12,38€ / KG",
Aerossol Air Nuvens de Algodão,AMBIPUR,Emb. 0.3 LT,"2,99€","9,97€ / LT",
"BL1 LED GLOBO 9,5-60W E27",FOXTER,Emb. 1 UNID.,"5,99€","5,99€ / UNID.",
Toalhitas Anti-Transferência de cor,VANISH,Emb. 1 UNID.,"4,99€","4,99€ / UNID.",
Iogurte Líquido Morango 0% 6 Unid.,DANONE,Emb. 6 UNID.,"2,59€","0,43€ / UNID.",
Groselha,ALBERGARIA,Garrafa 1 LT,"4,19€","4,19€ / LT",
AROMA DE BAUNILHA,TABLIER BLANC,Emb. 0.2 LT,"2,49€","12,45€ / LT",
Café Torrado Moído Nyeri Kenya Intensidade 8,SICAL,Emb. 16 UNID.,"3,19€","0,20€ / UNID.",
ATUM ALBACORA POSTA NATURAL,PÊCHE OCÉAN,Emb. 0.14 KG,"2,39€","17,07€ / KG",
Cebola Chalota,,Emb. 0.25 KG,"1,09€","4,36€ / KG",
Framboesa,,Emb. 0.125 KG,"1,89€","15,12€ / KG",
Barra de Cereais com Chocolate Preto 6Unid.,BRIN DE JOUR,Emb. 0.126 KG,"1,49€","11,83€ / KG",
Miolo de Amendoim C/ Piri-Piri,MARQUE REPERE,Emb. 0.25 KG,"1,29€","5,16€ / KG",
TARTELETES PURA MANTEIGA C/ COBERTURA MORANGO,P'TIT DÉLI,Emb. 0.127 KG,"1,39€","10,94€ / KG",
Cream Cracker Pimenta Preta,VIEIRA,Emb. 0.2 KG,"0,99€","4,95€ / KG",
CEREAIS RECHEADOS C/LEITE,P'TIT DÉLI,Emb. 0.45 KG,"2,06€","4,58€ / KG",
COLORAÇÃO PERMANENTE CASTANHO VIOLINO 4.6,BELLADY,Emb. 1 UNID.,"7,49€","7,49€ / UNID.",
Cápsulas Leite Achocolatado Nesquik,DOLCE GUSTO,Emb. 16 CAPS.,"5,57€","0,35€ / CAPS.",
Manteiga com Sal,PRIMOR,Emb. 0.25 KG,"2,29€","9,16€ / KG",
Creme Depilatório Pele Normal,SILISS,Emb. 0.2 LT,"2,75€","13,75€ / LT",
VELA NUMERO - 1,ARDENCE,Emb. 1 UNID.,"0,89€","0,89€ / UNID.",
CUSCUZ FINO,COMPTOÍR DU GRAIN,Emb. 0.5 KG,"1,09€","2,18€ / KG",
Snacks Bugles 3D,3D'S BUGLES,Emb. 0.085 KG,"1,45€","17,06€ / KG",
LENCOS BOLSO 3F,ECO+,Emb. 15 UNID.,"1,29€","0,09€ / UNID.",
Pão de Forma Coração de Trigo,PANRICO,Emb. 0.5 KG,"1,95€","3,90€ / KG",
Conserva de Feijão Manteiga Cozido com pouco Sal,FERBAR,Lata 0.42 KG,"0,95€","2,26€ / KG",
Chocolate Granulado Instantâneo,BON CHOCO,Emb. 0.8 KG,"2,99€","3,74€ / KG",
Bolachas de Diet-Fibra sem Açúcar,GULLÓN,Emb. 0.25 KG,"1,98€","7,92€ / KG",
MINI CONE BAUNILHA C/ DRAGEIAS COLORIDAS 8UN,SMICY,Emb. 8 UNID.,"2,79€","0,35€ / UNID.",
Conetor Reparador 19Mm,BEAUX JOURS,Emb. 1 UNID.,"0,99€","0,99€ / UNID.",
Whisky Grant's,GRANT'S,Garrafa 0.7 LT,"11,99€","17,13€ / LT",
Desodorizante Narta Men IceMax Roll On,GARNIER,Emb. 0.05 LT,"3,67€","73,40€ / LT",
QUEIJO RALADO FLAMENGO,CAMPAINHA,Emb. 0.15 KG,"1,35€","9,00€ / KG",
Espumante Super Reserva Bruto,MURGANHEIRA,Garrafa 0.75 LT,"12,99€","17,32€ / LT",
BARRA CEREAL CH.KRISPIES 6X20,KELLOGG'S,Emb. 6 UNID.,"2,27€","0,38€ / UNID.",
Pimentão Doce Colorau,RUSTICA,Frasco 0.038 KG,"0,59€","15,53€ / KG",
Alimento Húmido P/ Gato Gold Salmão,GOURMET,Emb. 0.085 KG,"0,75€","8,82€ / KG",
Cápsulas Café Expresso Peru Intensidade 8 Bio,DOLCE GUSTO,Emb. 12 CAPS.,"4,79€","0,40€ / CAPS.",
Caramelos de Fruta,COPAÍNS COPINES,Emb. 0.25 KG,"1,29€","5,16€ / KG",
Detergente Loiça Manual Espuma Ativa,FAIRY,Emb. 0.375 LT,"2,98€","7,95€ / LT",
Salame de Chocolate,,Emb. 0.45 KG,"3,95€","8,78€ / KG",
Cápsulas Descafeinado Espresso P/ Nespresso Intensidade 11,STARBUCKS,Emb. 10 CAPS.,"3,95€","0,40€ / CAPS.",
Batatas Fritas Tradicional 100% em Azeite,SNR,Emb. 0.15 KG,"1,59€","10,60€ / KG",
QUEIJO FETA DOP BIO,,Emb. 0.18 KG,"3,29€","18,28€ / KG",
GALETES BRETONNES C/PEPITAS DE CHOCOLATE,P'TIT DÉLI,Emb. 0.13 KG,"1,19€","9,15€ / KG",
Cabo Universal,,Emb. 1 UNID.,"1,59€","1,59€ / UNID.",
Vinho Regional Minho Branco,TORRE MENAGEM,Garrafa 0.75 LT,"4,19€","5,59€ / LT",
BOLACHAS RECHEADAS C/ AVELA TIPO KANGO X12,P'TIT DÉLI,Emb. 0.225 KG,"1,59€","7,07€ / KG",
Alimento Completo Cereais P/ Porquinhos-da-Índia,TOUS MES AMIS,Emb. 0.8 kg,"1,99€","2,49€ / kg",
Ambientador Aerossol Automático Apple Winter,AIR WICK,Emb. 0.25 LT,"7,64€","30,56€ / LT",
Ambientador P/ Máquina de Lavar Louça Odor Stop,FINISH,Emb. 1 UNID.,"3,24€","3,24€ / UNID.",
Crocantes de Frango Original Ultracongelado,IGLO,Emb. 0.18 KG,"4,49€","24,94€ / KG",
Queijo de Cabra Rústico de Pimentão Saloio,PALHAIS DE PORTUGAL,1 Unid. = 0.25 KG (aprox.),"17,49€/kg","4,37€ / Unid.",
ENVELOPE SILICONE 110X220MM,ESQUISSE,Emb. 100 UNID.,"2,99€","0,03€ / UNID.",
Snacks P/ Cão 12-25Kg Dentalife Medium,PURINA,Emb. 0.345 KG,"4,90€","14,20€ / KG",
TORRADEIRA 1 FENDA LONGA 900W,ELSAY,Emb. 1 UNID.,"24,90€","24,90€ / UNID.",
Moira Regional - PDTO Lamego,SNR,Emb. 0.17 KG,"1,65€","9,71€ / KG",
Infusão Chá Preto Pêssego,FRESH TEA,Emb. 1 LT,"1,39€","1,39€ / LT",
Fiambre Peito de peru,,1 Unid. = 0.12 KG (aprox.),"12,99€/kg","1,56€ / Unid.",
Creme de Mãos Derma Spa Intensive,DOVE,Emb. 0.075 LT,"5,80€","77,33€ / LT",
LIQUIDO ABRILHANTADOR,VISIOR,Emb. 0.75 LT,"1,19€","1,59€ / LT",
Alimento Seco P/ Cão -10Kg Frango e Arroz,PURINA,Emb. 3 KG,"13,02€","4,34€ / KG",
Crepes de Queijo e Fiambre,CÔTÉ TABLE,Emb. 6 UNID.,"1,69€","0,28€ / UNID.",
Nata UHT,GRESSO,Emb. 0.2 LT,"0,75€","3,75€ / LT",
Chocolate de Caramelo e Avelãs,MILKA,Emb. 0.3 KG,"3,89€","12,97€ / KG",
Bolachas Sticks com Cobertura Chocolate Branco 30Unid.,P'TIT DÉLI,Emb. 0.15 KG,"1,09€","7,27€ / KG",
Blocos Sanitários Power Ocean,DOMESTOS,Emb. 0.275 KG,"5,39€","19,60€ / KG",
Café Pastilhas Platinium,DELTA,Emb. 16 UNID.,"2,85€","0,18€ / UNID.",
MARCADOR PRETO P/QUADRO BRANCO 2UN,ESQUISSE,Emb. 2 UNID.,"1,29€","0,65€ / UNID.",
Infusão Chá Verde Sabor Menta,FRESH TEA,Emb. 1 LT,"1,39€","1,39€ / LT",
Bombocas de Morango,NEGRETTINO,Emb. 0.12 KG,"1,29€","10,75€ / KG",
Antibacteriano Verde,CIF,Emb. 0.75 LT,"2,49€","3,32€ / LT",
Margarina Meio Gorda para Culinária,,Emb. 0.5 KG,"1,55€","3,10€ / KG",
Snack Chocolate Leite,LION,Emb. 3 UNID.,"1,99€","0,66€ / UNID.",
Pensos Higiénicos Ultrafinos Noite,AUSONIA,Emb. 9 UNID.,"1,69€","0,19€ / UNID.",
Refrigerante C/ Gás Ananás S/ Adição Açúcares,FANTA,Garrafa 1.5 LT,"1,00€","0,67€ / LT",
Cillit Bang Calcário & Brilho 500ML x12,CILLIT BANG,Emb. 0.5 LT,"2,24€","4,48€ / LT",
Bacalhau Posta,,Emb. 0.75 KG,"9,99€","13,32€ / KG",
"CAPA CARTAO C/ELASTICO LOMBADA 2,5CM",ESQUISSE,Emb. 1 UNID.,"1,20€","1,20€ / UNID.",
Champô Cabelo Anti-caspa Power,NIVEA MEN,Emb. 0.25 LT,"3,85€","15,40€ / LT",
Pantene Anticaspa Champô 3 Em 1,PANTENE PV,Emb. 0.3 LT,"4,99€","16,63€ / LT",
REFEICAO NOODLES SABOR CARNE,TABLES DU MONDE,Emb. 0.085,"0,59€","6,94€ /",
GEL DUCHE ENERGIZANTE 250ML 250ML CARRE HOMME,CARRÉ HOMME,,"0,97€",/ Unid.,
Caldo de Carne sem Sal Pack 8,KNORR,Emb. 0.072 KG,"1,49€","20,69€ / KG",
Bebida Energética Ripper,MONSTER,Emb. 0.05 LT,"1,20€","24,00€ / LT",
FRANCESINHA,CÔTÉ TABLE,Emb. 0.45 KG,"5,49€","12,20€ / KG",
Pizza 4 Estações,BUITONI,Emb. 0.355 KG,"2,99€","8,42€ / KG",
Cereais de Aveia Integral C/ Chocolate,FITNESS,Emb. 0.375 KG,"2,99€","7,97€ / KG",
Champô para Cabelos Normais a Oleosos,TRESEMMÉ,Emb. 0.5 LT,"4,19€","8,38€ / LT",
CANELONES DE CARNE VACA C/ MOLHO DE TOMATE À NAPOLITANA,CÔTÉ TABLE,Emb. 0.8 KG,"3,69€","4,61€ / KG",
ENVELOPE SILICONE 114X162MM 100UN,ECO+,Emb. 100 UNID.,"2,29€","0,02€ / UNID.",
SACO PLASTICO P/ TABULEIRO P/GATO GM 8UN,P'TIT AMI,Emb. 8 UNID.,"1,79€","0,22€ / UNID.",
Conjunto de 8 Chaves Combinadas,ECO+,Emb. 8 UNID.,"5,99€","0,75€ / UNID.",
Verniz de Unhas 60 Segundos 315,RIMMEL,Emb. 1 UNID.,"5,30€","5,30€ / UNID.",
Pensos Higiénicos Normal Sem Alas Fina e Segura,EVAX,Emb. 24 UNID.,"2,69€","0,11€ / UNID.",
Chocolate de Leite Choco Jelly,MILKA,Emb. 0.25 KG,"3,79€","15,16€ / KG",
Alimento P/ Cão Médio Controlo de Peso +10 Kg Peru C/ Arroz,PURINA,Emb. 2.5 KG,"10,48€","4,19€ / KG",
AFIA C/DEPOSITO,ESQUISSE,Emb. 1 UNID.,"1,29€","1,29€ / UNID.",
Fritos Tiras de Milho,MATUTANO,Emb. 0.13 KG,"1,45€","11,15€ / KG",
Couve Penca,,1 Unid. = 1.05 KG (aprox.),"1,39€/kg","1,46€ / Unid.",
GELADO BAUNILHA,ESKISS,Emb. 1 LT,"1,99€","1,99€ / LT",
BARQUETTES DE CHOCOLATE/AVELA,P'TIT DÉLI,Emb. 0.24 KG,"1,89€","7,88€ / KG",
Sardinhas em Azeite Biológico,BOM PETISCO,Emb. 0.12 KG,"1,39€","11,58€ / KG",
Creme de Cabra,PRÉSIDENT,Emb. 0.125 LT,"2,19€","17,52€ / LT",
Amaciador concentrado flores silvestres,QUANTO,Emb. 76 DOSES,"4,89€","0,06€ / DOSES",
COGUMELOS INTEIROS,NOTRE JARDIN,Emb. 0.185 KG,"0,75€","4,05€ / KG",
"SPRAY AMBIENTADOR ""BAUNILHA"" 2EM1 300ML",BIEN AIR,Emb. 0.3 LT,"0,99€","3,30€ / LT",
Syoss Oieo Intense 4-86 Castanho Gelado,SYOSS,,"6,24€",/ Unid.,
Iogurte Natural Déli´Light 8x125g,DÉLISSE,Emb. 1 KG,"1,59€","1,59€ / KG",
Bolachas Cookies XL Pedaços de Choco,MILKA,Emb. 0.184 KG,"2,55€","13,86€ / KG",
Vinho do Porto Rosê,PORTO CRUZ,Garrafa 0.75 L,"7,49€","9,99€ / L",
Vinho Branco de Alsacia A.O.C. Riesling 2014,REBMANN,Garrafa 0.75 LT,"4,49€","5,99€ / LT",
Vinho do Porto 10 Anos,DORRÃO,Garrafa 0.75 LT,"9,99€","13,32€ / LT",
Faneca Média,,1 Unid. = 0.1 KG (aprox.),"5,49€/kg","0,55€ / Unid.",
Fiambre da Perna Extra,NOBRE,1 Unid. = 0.11 KG (aprox.),"12,99€/kg","1,43€ / Unid.",
SORTIDO BISCOITOS FINOS,EQUADOR,Emb. 0.4 KG,"3,69€","9,23€ / KG",
Gel Studio Line Invisi Fix Fixação Forte 6,L'ORÉAL PARIS,Emb. 0.15 KG,"6,49€","43,27€ / KG",
Cereais com Recheio de Leite,DAY BREAK,Emb. 0.45 KG,"2,06€","4,58€ / KG",
Tablete de Chocolate Negro,NESTLÉ,Emb. 0.09 KG,"1,09€","12,11€ / KG",
Snack P/ Gato Crispies C/ Sabor a Frango e Carne de Vaca,FELIX,Emb. 0.45 KG,"1,59€","3,53€ / KG",
Ambientador Eléctrico Nenuco + Recarga,AIRWICK,Emb. 0.019 LT,"5,39€","283,68€ / LT",
COOKIES C/ PEPITAS CHOCOLATE E QUINOA BIO,,,"2,09€",/ Unid.,
Yofu Polpa 4x125g,,Emb. 0.5 KG,"2,75€","5,50€ / KG",
LENTILHA,NOTRE JARDIN,Emb. 0.8 KG,"1,69€","2,11€ / KG",
Penne Rigate Biológico,,Emb. 0.5 KG,"1,19€","2,38€ / KG",
QUICHE LORRAINE 8UN,CÔTÉ TABLE,Emb. 0.8 KG,"5,29€","6,61€ / KG",
Ambientador Stick Perfumado Flor,AIR WICK,Emb. 0.025 LT,"7,19€","287,60€ / LT",
Algodão Maxi Bebé,MOTS D'ENFANTS,Emb. 80 UNID.,"1,95€","0,02€ / UNID.",
Bebida de Amêndoa,ALPRO,Emb. 1 LT,"2,35€","2,35€ / LT",
Pensos Higiénicos Fina e Segura Normal,EVAX,Emb. 1 P,"1,99€","1,99€ / P",
Conserva de Mexilhão em Escabeche,PITEU,Emb. 0.115 KG,"1,83€","15,91€ / KG",
Anti-Calcário Spray Brilhante,AJAX,Emb. 0.5 LT,"4,31€","8,62€ / LT",
Detergente Loiça Manual Concentrado Limão Verde,CIF,Emb. 1 LT,"1,99€","1,99€ / LT",
Bebida Isotónica Citrus,POWERADE,Emb. 0.05 LT,"1,39€","27,80€ / LT",
Cereais Mel Zero,NESTUM,Emb. 0.25 KG,"1,99€","7,96€ / KG",
Massa Macarrão,MILANEZA,Emb. 0.5 KG,"1,19€","2,38€ / KG",
ABRILHANTADOR P/ MAQUINA LOICA ECO,UNÍ VERT,Emb. 0.75 LT,"1,99€","2,65€ / LT",
Creme de Barbear Protector,NIVEA MEN,Emb. 0.1 LT,"2,35€","23,50€ / LT",
Salsichão Seco de Porco Superior,ST AZAY,Emb. 0.25 KG,"3,45€","13,80€ / KG",
Beterraba Fresca,,1 Unid. = 0.27 KG (aprox.),"1,19€/kg","0,32€ / Unid.",
Pá Metal,SILLAGE,Emb. 1 UNID.,"2,90€","2,90€ / UNID.",
Marcadores de Colorir Laváveis Ponta Média,ESQUISSE,Emb. 24 UNID.,"4,39€","0,18€ / UNID.",
Chá Infusão Lúcia-Lima,TISÉA,Emb. 25 KG,"1,59€","0,06€ / KG",
Sementes de Quinoa Biológicas,,Emb. 0.5 KG,"3,58€","7,16€ / KG",
ALIMENTO PARA PERIQUITOS,ECO+,Emb. 1 KG,"1,59€","1,59€ / KG",
Ambientador Automático Glade Sense & Spray Difusor e Recambio Lavanda & Jazmín,BRISE,Emb. 0.018 LT,"5,39€","299,44€ / LT",
Chá Verde com Hortelã e Pimenta,BRITLEY,Emb. 25 SAQ.,"0,99€","0,04€ / SAQ.",
Vinho Regional Tejo Branco,QUINTA DA ALORNA,Garrafa 0.75 LT,"3,49€","4,65€ / LT",
Sabonete Liquido Recarga Leite e Mel,PALMOLIVE,Emb. 0.3 LT,"2,95€","9,83€ / LT",
Creme de Mãos Óleo de Abacate,DOVE,Emb. 0.075 LT,"2,59€","34,53€ / LT",
Café Torrado Moído Vietname Moagem Universal Intensidade 10,SICAL,Emb. 0.22 KG,"3,29€","14,95€ / KG",
COOKIES COM RECHEIO DE CREME DE AVELAS,P'TIT DÉLI,Emb. 0.2 KG,"1,59€","7,95€ / KG",
Champô 2 Em 1 500 Ml+250 Ml Grátis,CORINE DE FARME,Emb. 0.75 LT,"4,84€","6,45€ / LT",
Gel Limão,FINISH,Emb. 1 LT,"8,99€","8,99€ / LT",
Refrigerante S/ Gás Ananás,ECO+,Garrafa 2 LT,"0,79€","0,40€ / LT",
Molho Whisky Cocktail,CALVÉ,Frasco 0.253 KG,"2,19€","8,66€ / KG",
Alho Seco,,Emb. 0.5 KG,"2,39€","4,78€ / KG",
Snacks Húmidos P/ Gato Adulto 2 de Frango e 2 de Vaca,PURINA,Emb. 0.34 KG,"2,95€","8,68€ / KG",
SACOS LIXO FECHO FACIL 100% RECICLADO 30L,ECO+,Emb. 20 UNID.,"1,29€","0,06€ / UNID.",
Donuts Chocolate 4x47 gr,DONUTS,Emb. 0.188 KG,"3,19€","16,97€ / KG",
Cone Chocolate,TRIUM,Emb. 6 UNID.,"2,49€","0,42€ / UNID.",
QUEIJO EMMENTAL RALADO 28% MG,ECO+,Emb. 0.2 KG,"1,59€","7,95€ / KG",
Iogurtes Cremosos Açucarados Frutas Amarelas 8x125g,DÉLISSE,Emb. 1 KG,"2,09€","2,09€ / KG",
CANUDINHOS,P'TIT DÉLI,Emb. 0.18 KG,"1,19€","6,61€ / KG",
Toalhitas Sensitive Recarga,DODOT,Emb. 216 UNID.,"7,32€","0,03€ / UNID.",
DETERGENTE LIQUIDO SENSITIVE 40D,EPSIL,,"4,79€",/ Unid.,
Carapau Pequeno,,1 Unid. = 0.12 KG (aprox.),"3,99€/kg","0,48€ / Unid.",
Paprika Frasco,MARGÃO,Emb. 0.04 KG,"1,89€","47,25€ / KG",
Vinho Branco,M.J.FREITAS,Bag in Box 5 LT,"7,99€","1,60€ / LT",
Desodorizante Roll On,DOVE,Emb. 0.05 LT,"2,39€","47,80€ / LT",
Pantene Espuma Caracóis 200ml,PANTENE PV,Emb. 0.2 LT,"3,74€","18,70€ / LT",
DETERGENTE LIQUIDO SABAO MARSELHA/ F. PROVENCA ATIVOS VEGETAIS 50D,XÉOR,,"4,99€",/ Unid.,
Queijo Curado Meio Gordo 5 Estrelas,LACTO SERRA,1 Unid. = 1 KG (aprox.),"8,29€/kg","8,29€ / Unid.",
Sardinha Tomate Picante,BOM PETISCO,Emb. 0.12 KG,"0,99€","8,25€ / KG",
Tira-Nódoas para Roupa de Cor,SKIP,Emb. 1 KG,"7,49€","7,49€ / KG",
Amaciador Cabelo Normais Garnier Força e Brilho,FRUCTIS,Emb. 0.2 LT,"3,89€","19,45€ / LT",
CHUVEIRO CROMADO 3 JATOS+TUBO FLEXIVEL 1.75M,FOXTER,Emb. 1 UNID.,"12,99€","12,99€ / UNID.",
Sobremesa Gelado Salted Caramel,CARTE D'OR,Emb. 0.9 LT,"3,29€","3,66€ / LT",
Preservativos Nature Easy Way,CONTROL,Emb. 10 UNID.,"6,99€","0,70€ / UNID.",
Alimento Húmido P/ Gato Vaca Borrego Salmão Legumes,LYCAT,Emb. 3 UNID.,"2,69€","0,90€ / UNID.",
Bolachas Amanteigadas com Tablete de Chocolate Preto,P'TIT DÉLI,Emb. 0.15 KG,"1,19€","7,93€ / KG",
SACOS LIXO FECHO FACIL 30L,ELEMBAL,Emb. 20 UNID.,"1,19€","0,06€ / UNID.",
CHOCOLATE LEITE C/ PEDACOS CARAMELO 3X100G,TABLETTE D'OR,,"2,89€",/ Unid.,
Conjunto de 8 Chaves de Boca,ECO+,Emb. 8 UNID.,"4,59€","0,57€ / UNID.",
ALIMENT BEBE: PURE DE MACA BANANA BIO +4M 4x100G MOTS D\'ENFANTS,BIO VILLAGE BEBE,Emb. 0.4 KG,"2,09€","5,23€ / KG",
BARRA DE BOLACHA C/ COB CHOCOLATE E RECH DE LEITE,P'TIT DÉLI,Emb. 0.13 KG,"1,59€","12,23€ / KG",
AGUA FRIZE TANGERINA 4x25CL,FRIZE,,"2,59€",/ Unid.,
Coloração Permanente Intense 8-05 Louro Gelado,SYOSS,,"6,24€",/ Unid.,
Batatas Fritas York'eso,RUFFLES,Emb. 0.15 KG,"2,28€","15,20€ / KG",
Cuscus Clássica,NACIONAL,Emb. 0.25 KG,"0,69€","2,76€ / KG",
Pensos Incontinência Discreet Maxi Night,AUSONIA,Emb. 12 LT,"5,99€","0,50€ / LT",
Piaçaba,SILLAGE,Emb. 1 UNID.,"4,50€","4,50€ / UNID.",
Galetes Arroz Biológicas,,Emb. 0.13 KG,"1,29€","9,92€ / KG",
"CAFE MOIDO ""CREPUSCULE NOIR"" ARABICA",PLANTATION,Emb. 0.25 KG,"2,49€","9,96€ / KG",
Caldo de Legumes sem Sal Pack 8,KNORR,Emb. 0.072 KG,"1,49€","20,69€ / KG",
Coco Ralado,FERBAR,Emb. 0.2 KG,"1,99€","9,95€ / KG",
Espargos Verdes,,Emb. 0.25 KG,"2,89€","11,56€ / KG",
Conserva Choucroute Garnie,CÔTÉ TABLE,Emb. 0.8 KG,"2,07€","2,59€ / KG",
Fatias Finas Peito de Peru,NOBRE,Emb. 0.11 KG,"2,14€","19,45€ / KG",
Vinho Branco de Mesa,CASAL DA EIRA,Emb. 0.25 LT,"0,59€","2,36€ / LT",
Piri Piri com Azeite,GALLO,Emb. 0.05 LT,"1,86€","37,20€ / LT",
Refrigerante S/ Gás Maçã,ECO+,Garrafa 2 LT,"0,79€","0,40€ / LT",
COLORACAO LOURO ESCURO 6.0,VITANOVE,Emb. 1 UNID.,"3,89€","3,89€ / UNID.",
BRESAOLA,ST AZAY,Emb. 0.07 KG,"2,99€","42,71€ / KG",
Vinho Verde Branco,CAMPELO,Garrafa 1 LT,"1,99€","1,99€ / LT",
Tablete Oreo,MILKA,Emb. 0.3 KG,"3,89€","12,97€ / KG",
Leite Bem Essencial UHT Meio Gordo,MIMOSA,Emb. 1 LT,"0,85€","0,85€ / LT",
MANGA PEDACOS 650G,DOUCEUR DU VERGER,Emb. 0.65 KG,"3,49€","5,37€ / KG",
Pantene Repara & Protege Ampolas Resgate,PANTENE PV,Emb. 3 UNID.,"5,99€","2,00€ / UNID.",
AMACIADOR ROUPA ROSAS,HYPERDOU,Emb. 4 LT,"2,49€","0,62€ / LT",
Toalhitas Desinfetantes,CIF,Emb. 36 UNID.,"2,24€","0,06€ / UNID.",
SNACK MAÇÃ AMENDOIM FRUUT 40G,,Emb. 0.04 KG,"0,92€","23,00€ / KG",
Detergente Líquido para Madeiras Spray,CIF,Emb. 0.435 LT,"2,49€","5,72€ / LT",
Desodorizante Roll-On Original,DOVE,Emb. 0.05 LT,"2,69€","53,80€ / LT",
Cereais de Chocolate,CHOCAPIC,Emb. 0.375 KG,"2,09€","5,57€ / KG",
Vinho Regional Alentejano Branco,QUINTA DO CARMO,Garrafa 0.75 LT,"9,98€","13,31€ / LT",
Vinho do Porto Velhotes Ruby,CALEM,Garrafa 0.75 LT,"4,99€","6,65€ / LT",
TIRAS PARA HAMSTER SABOR LEGUMES,P'TIT AMI,,"1,85€",/ Unid.,
Amaciador Roupa Concentrado Ouro,QUANTO,Emb. 84 DOSES,"4,89€","0,06€ / DOSES",
Ambientador Absorbeolores Glade Lavanda,BRISE,Emb. 2 UNID.,"2,99€","1,50€ / UNID.",
GELADO BAUNILHA / SPECULOS,ESKISS,Emb. 1 LT,"2,65€","2,65€ / LT",
Dentífrico e Elixir Expert Branqueador,DENTAMYL,Emb. 0.075 LT,"0,95€","12,67€ / LT",
MAQ.BARBEAR 3 LAMINAS + 2 RECARGAS,CARRÉ HOMME,Emb. 1 UNID.,"3,19€","3,19€ / UNID.",
TOSTAS SUECAS INTEGRAIS S/ ADICAO ACUCAR,EPI D'OR,,"1,09€",/ Unid.,
"CACAROLA 20, C/ASAS ALU.FUND. E PEANHA ALU.",ECO+,Emb. 1 UNID.,"6,99€","6,99€ / UNID.",
B&J Caramel Chew Chew 465ml,,Emb. 0.465 LT,"5,99€","12,88€ / LT",
Óleo Barba King C,GILLETTE,Emb. 0.03 LT,"7,49€","249,67€ / LT",
Máquina de Depilar Descartável Venus Basic,GILLETTE,Emb. 4 UNID.,"3,29€","0,82€ / UNID.",
Aveia Instantânea Em Pó Bolacha,PROZIS,Emb. 1.25 KG,"719,00€","575,20€ / KG",
Chiclets Spearmint 12 Unid.,CHICLETS,Emb. 0.017 KG,"0,75€","44,12€ / KG",
Tortellini de Ricotta e Espinafres,KNORR,Emb. 0.25 KG,"2,98€","11,92€ / KG",
Amaciador Cabelo Delicados Garnier Delicadeza de Aveia,ULTRA SUAVE,Emb. 0.2 LT,"3,79€","18,95€ / LT",
Bolachas Palitos com Cobertura de Chocolate Biológicas,,Emb. 0.125 KG,"2,09€","16,72€ / KG",
Sabonete Líquido Naturals Pele Sensível,PALMOLIVE,Emb. 0.3 LT,"2,69€","8,97€ / LT",
Atum em Óleo Vegetal,BOM PETISCO,Emb. 0.385 KG,"3,79€","9,84€ / KG",
VASSOURA COCO ZEBRA,SILLAGE,Emb. 1 UNID.,"2,50€","2,50€ / UNID.",
LAVA TUDO PINHO,CLAIR,Emb. 1.5 LT,"1,89€","1,26€ / LT",
Champô Color-Vive Cabelos Pintados,ELVIVE,Emb. 0.4 LT,"5,99€","14,98€ / LT",
RECARGA P/ SABONETE LIQUIDO AMENDOA/MEL 750ML,ECO+,Emb. 0.75,"1,10€","1,47€ /",
PÁ E VASSOURINHA,SILLAGE,Emb. 1 UNID.,"3,10€","3,10€ / UNID.",
Café Pastilhas,PLANTATION,Emb. 36 UNID.,"3,59€","0,10€ / UNID.",
"MAQUINA CREPES L2312,ECO+,1P",ECO+,Emb. 1 UNID.,"24,90€","24,90€ / UNID.",
Tempero Líquido Maggi,NESTLÉ,Emb. 0.125 KG,"2,09€","16,72€ / KG",
Manteiga com Sal,NOVA AÇORES,Emb. 0.25 KG,"2,29€","9,16€ / KG",
Rebuçados Limão e Cidreira,MENTOLIN,Emb. 0.1 KG,"1,39€","13,90€ / KG",
Abrilhantador Brilho e Proteção,FINISH,Emb. 0.4 LT,"4,84€","12,10€ / LT",
Coloração Nº 5-86 Castanho Caramelo,SYOSS,,"6,24€",/ Unid.,
CAPA CARTAO C/ELASTICO LOMBADA 4CM,ESQUISSE,Emb. 1 UNID.,"1,50€","1,50€ / UNID.",
ESCOVA DENTES MEDIA CABECA RECARREGAVEL,DENTAMYL,,"1,25€",/ Unid.,
After Shave WHITEWATER 100 ml,,,"2,00€",/ Unid.,
Cereais Special K Classic,KELLOGG'S,Emb. 0.375 KG,"2,37€","6,32€ / KG",
COLGATE KIT VIAGEM ESCOVA + PASTA DE DENTES,COLGATE,Emb. 1 UNID.,"4,71€","4,71€ / UNID.",
Bolonhesa,NOBRE,Emb. 0.5 KG,"2,74€","5,48€ / KG",
RECARGA ESFREGONA MICROFIBRAS TIRAS,,Emb. 1 UNID.,"2,29€","2,29€ / UNID.",
Forma Aniversário,ECO+,Emb. 1 UNID.,"3,79€","3,79€ / UNID.",
Vinho Branco,COMP DO VINHO,Emb. 1 LT,"0,85€","0,85€ / LT",
Alho Granulado,RUSTICA,Emb. 0.05 KG,"0,65€","13,00€ / KG",
Pantene Liso & Sedoso Champô,,Emb. 0.1 LT,"9,99€","99,90€ / LT",
Madalenas em Concha com Ovos Frescos,,Emb. 0.5 KG,"1,89€","3,78€ / KG",
ALIMENTO PARA ROLAS,ECO+,Emb. 1 UNID.,"1,59€","1,59€ / UNID.",
Queijo Fundido 12 Unid.,LES CROISÉS,Emb. 0.24 KG,"1,99€","8,29€ / KG",
Queijo Curado da Granja,SALOIO,1 Unid. = 0.5 KG (aprox.),"7,99€/kg","4,00€ / Unid.",
GUYLIAN FRUTOS DO MAR CARTÃO 125g,,,"3,74€",/ Unid.,
4 LAPIS GRAFITE HB C/BORRACHA,ESQUISSE,Emb. 4 UNID.,"1,09€","0,27€ / UNID.",
PIZZA ATUM,TURINI,Emb. 0.355 KG,"1,89€","5,32€ / KG",
Tablete Chocolate Branco,TABLETTE D'OR,Emb. 0.2 KG,"1,59€","7,95€ / KG",
"OIKOS MORANGO 110G X4,,440G",OIKOS,Emb. 0.44 KG,"2,39€","5,43€ / KG",
Alimento Húmido P/ Gato Vários Sabores,GOURMET GOLD,Emb. 0.34 KG,"2,99€","8,79€ / KG",
CREME MAOS ANTI MANCHAS,INELL,Emb. 0.08 LT,"2,99€","37,38€ / LT",
Refrigerante C/ Gás Laranja,SPRINK'S,Garrafa 1.5 LT,"0,74€","0,49€ / LT",
Filetes de Atum em Azeite,PÊCHE OCÉAN,Emb. 0.19 KG,"3,59€","18,89€ / KG",
CADERNO CAPA PRETA A4 LISO 60P,ESQUISSE,Emb. 1 UNID.,"0,99€","0,99€ / UNID.",
Chá de Detox Hibisco Folha de Freixo Ulmeira,LIPTON,Emb. 20 SAQ.,"1,94€","0,10€ / SAQ.",
CUIDADO DO ROSTO E BARBA CURTA 50ML,CARRÉ HOMME,Emb. 0.05 LT,"2,99€","59,80€ / LT",
Papel Higiénico Extra XXL 2 Folhas,RENOVA,Emb. 24 ROLOS,"12,99€","0,54€ / ROLOS",
SACOS LIXO FECHO FACIL LAVANDA 30L,ELEMBAL,Emb. 20 UNID.,"1,09€","0,05€ / UNID.",
COMEDOURO DUPLO PEQUENO,ECO+,Emb. 1 UNID.,"0,99€","0,99€ / UNID.",
Alimento P/ Cão Snack Dental Frango,FRISKIES,Emb. 0.2 KG,"2,99€","14,95€ / KG",
Alimento Seco Cão Croquetes Carne e Cereais,ECO+,Emb. 10 KG,"11,99€","1,20€ / KG",
Conserva de Azeitona Verde Gordal,RUSTICA,Emb. 0.5 KG,"2,19€","4,38€ / KG",
PENSOS INCONTINENCIA LIGEIRA - HOMEM,CHORYS,Emb. 20 UNID.,"3,25€","0,16€ / UNID.",
Snack P/ Cão Sabor Bacon e Queijo,FRISKIES,Emb. 0.175 KG,"2,99€","17,09€ / KG",
Refrigerante S/ Gás Laranja 0 Açúcares,AQUARIUS,Emb. 1.5 LT,"1,89€","1,26€ / LT",
ENVELOPE SILICONE 110X220MM,ESQUISSE,Emb. 50 UNID.,"2,29€","0,05€ / UNID.",
BLOCO SANITARIO ACTIV EFFECT PINHO 2UN,SYPHON,2 0,"1,69€",inf€ /,
Cereais Flocos C/ Mel,NESTUM,Emb. 0.3 KG,"1,99€","6,63€ / KG",
Gel Duche Leite de Coco,MANAVA,Emb. 0.25 LT,"1,39€","5,56€ / LT",
Pão Rio Maior,,1 Unid. = 0.45 KG,"1,99€","4,42€ / KG",
Lava Tudo Vinagre,CIF,Emb. 1.4 LT,"1,99€","1,42€ / LT",
Gel de Banho Excite,AXE,Emb. 0.4 LT,"3,29€","8,23€ / LT",
Champo Karpex Manual,VANISH,Emb. 0.95 LT,"5,19€","5,46€ / LT",
100% Cevada,PENSAL,Frasco 0.2 KG,"2,29€","11,45€ / KG",
Destop Gel Express Odor Stop 1Litro x15,DESTOP,Emb. 1 LT,"5,99€","5,99€ / LT",
BATATA FRITA ONDULADA,ECO+,Emb. 0.2 KG,"1,09€","5,45€ / KG",
Óleo Brilho Keratina,TRESEMMÉ,Emb. 0.05 LT,"5,99€","119,80€ / LT",
Sabonetes Solidos Leite e Mel 4 Unid.,PALMOLIVE,Emb. 0.09 KG,"3,39€","37,67€ / KG",
Desentupidor Express Gel,DESTOP,Emb. 1 LT,"5,99€","5,99€ / LT",
ALIMENT BEBE: LEGUMES MASSA E SALMAO BIO 18M,BIO VILLAGE BEBE,Emb. 0.26 KG,"1,99€","7,65€ / KG",
Bolachas com Aveia,TRIUNFO,Emb. 0.19 KG,"1,48€","7,79€ / KG",
Alimento Seco para Gato Multicroquetes Peixe,ECO+,Emb. 2 KG,"2,99€","1,50€ / KG",
Cápsulas Café Alumínio Nespresso Brasil,SEGAFREDO,Emb. 10 UN,"4,97€","0,50€ / UN",
GEL LIMPEZA PURIFICANTE P/ ROSTO,INELL,Emb. 0.15 LT,"1,49€","9,93€ / LT",
Conjunto de 6 Chaves Philips,FOXTER,Emb. 6 UNID.,"10,99€","1,83€ / UNID.",
Pensos Incontinência Discreet Maxi,AUSONIA,Emb. 8 UNID.,"3,74€","0,47€ / UNID.",
PENSOS HIGIENICOS U.FINOS NOITE C/ABAS 10UN X2,DOULYS,Emb. 20 UNID.,"2,09€","0,10€ / UNID.",
Champô Ultimate Repair,GLISS,Emb. 0.25 Lt,"2,24€","8,96€ / Lt",
Pão Cereais,,1 Unid. = 0.1 KG,"0,55€","5,50€ / KG",
EMPADAO CARNE,ECO+,Emb. 1 KG,"3,49€","3,49€ / KG",
Gel de Banho Rosas e Jasmim,VASELINE,Emb. 0.7 LT,"2,99€","4,27€ / LT",
"GELADO ""TYROLIA"" CAPPUCCINO",ESKISS,Emb. 0.65 LT,"1,79€","2,75€ / LT",
Massa Bolonhesa,KNORR,Emb. 0.068 KG,"1,88€","27,65€ / KG",
Orecchiette,TRADIZIONI D'ITALIA,Emb. 0.5 KG,"1,69€","3,38€ / KG",
Batatas fritas natas & cebola,PRINGLES,Emb. 0.175 KG,"1,99€","11,37€ / KG",
Doce de Alperce Baixo Teor de Açúcar,DOUCEUR DU VERGER,Frasco 0.34 KG,"1,39€","4,09€ / KG",
WAFFERS SABOR BAUNILHA,ECO+,Emb. 0.19 KG,"0,79€","4,16€ / KG",
Alimento Húmido P/ Gato de Frango,LYCAT,Emb. 0.08 KG,"0,75€","9,38€ / KG",
Cotonetes p/ Bebé,JOHNSON'S BABY,Emb. 0.1 UNID.,"1,98€","19,80€ / UNID.",
"GEL ÍNTIMO SUAVE, 250ML",CORINE DE FARME,Emb. 0.25 LT,"2,49€","9,96€ / LT",
Alimento Seco P/ Gatos Esterilizados Peru e Legumes,PURINA FRISKIES,Emb. 1.5 KG,"5,99€","3,99€ / KG",
MAQUINA SELAR VACUO,ELSAY,Emb. 1 UNID.,"24,90€","24,90€ / UNID.",
Flor Duche Branco,SILLAGE,Emb. 1 UNID.,"2,15€","2,15€ / UNID.",
Arroz Carolino,CIGALA,Emb. 1 KG,"1,14€","1,14€ / KG",
Chá de Ceilão,BRITLEY,Emb. 25 SAQ.,"0,89€","0,04€ / SAQ.",
Néctar Vital Frutos Vermelhos 3x20 cl,COMPAL,Emb. 0.6 LT,"1,49€","2,48€ / LT",
Pá do Lixo com Cabo Metálico,,Emb. 1 UNID.,"1,59€","1,59€ / UNID.",
Gelatina Light de Mirtilo 2x15g,CONDI,Emb. 0.03 KG,"1,45€","48,33€ / KG",
ICED TEA LIMAO 6X20CL,FRESH TEA,,"1,05€",/ Unid.,
Lombo Salmão Atlântico Bio,,Emb. 0.2 KG,"7,99€","39,95€ / KG",
Sticks Perfumados de Hortelã Marroquina e Toranja Rosa,Air Wick Botanica,Emb. 0.08 LT,"10,19€","127,38€ / LT",
Esfregão Salva Unhas Classic,SCOTCH BRITE,Emb. 2 UNID.,"0,99€","0,50€ / UNID.",
Espumante Bruto Branco,TERRAS DO DEMO,Garrafa 0.75 LT,"7,99€","10,65€ / LT",
Fusilli,TRADIZIONI D'ITALIA,Emb. 0.5 KG,"1,49€","2,98€ / KG",
ALIMENTO PARA ROLAS,ECO+,Emb. 3 KG,"3,99€","1,33€ / KG",
CHAMPO AUTO 1 L 1L TECH9,TECH9,Emb. 1 LT,"1,69€","1,69€ / LT",
Lava Tudo Sabão Natural,CLAIR,Emb. 2 LT,"0,89€","0,45€ / LT",
TARTELETES FRAMBOESA,P'TIT DÉLI,Emb. 0.15 KG,"1,09€","7,27€ / KG",
Café Lote Clássico Moagem Grossa,SICAL,Emb. 0.25 KG,"2,39€","9,56€ / KG",
Molho de Tomate com Legumes e Manjericão,,Emb. 0.35 KG,"1,89€","5,40€ / KG",
Mix de Aperitivos Temperados,TOKAPI,Emb. 0.4 KG,"3,99€","9,98€ / KG",
GELADO TIRAMISU,ESKISS,Emb. 0.9 LT,"2,95€","3,28€ / LT",
TOALHITAS DESMAQ.PELE NORMAL,INELL,Emb. 25 UNID.,"0,75€","0,03€ / UNID.",
Polpa de Tomate,TURINI,Emb. 0.21 KG,"0,35€","1,67€ / KG",
Whisky,LABEL 5,Garrafa 1 LT,"13,49€","13,49€ / LT",
FIAMBRE PERNA EXTRA C/OURATO -25% SAL,TRADILÈGE,,"2,59€",/ Unid.,
Papel Higiénico Branco,MARQUE REPERE,Emb. 12 UNID.,"5,29€","0,44€ / UNID.",
Sumo Florida sem Conservantes,SUNNY DELIGHT,Garrafa 1.25 LT,"1,64€","1,31€ / LT",
Cerveja com Álcool Stout Mini Preta Saca Fácil 6x20cl,SUPER BOCK,Emb. 1.2 LT,"2,99€","2,49€ / LT",
Sobremesa Gelado Morango e Chocolate Branco 4x110ml,MAGNUM,Emb. 0.44 LT,"3,99€","9,07€ / LT",
"CARREGADOR USB 2,4A + CABO USB/MICRO USB 1,2M PRETO",LINKSTER,Emb. 1 UNID.,"13,99€","13,99€ / UNID.",
Pistola Silicone,ECO+,Emb. 1 UNID.,"2,19€","2,19€ / UNID.",
Ovos Solo XL,SNR,Emb. 6 UNID.,"1,89€","0,32€ / UNID.",
CREME HIDRATANTE BIO 50ML BIO,BIONAÏA,Emb. 0.05 LT,"2,89€","57,80€ / LT",
Desodorizante Spray Homem Active Dry,VASELINE,Emb. 0.25 LT,"2,19€","8,76€ / LT",
ACENDALHAS CUBOS SEM ODOR,SILEX,Emb. 40 UNID.,"1,59€","0,04€ / UNID.",
QUEIJO GOUDA FATIADO,ECO+,Emb. 0.2 KG,"1,59€","7,95€ / KG",
Alimento Húmido para Cão Carne Vaca Massa Cenoura,ECO+,,"1,99€",/ Unid.,
Preparado Sopa Canja Galinha,KNORR,Emb. 0.068 KG,"1,49€","21,91€ / KG",
Conserva de Salsichas Frankfurt 8 Unid.,NOBRE,Lata 0.2 KG,"1,09€","5,45€ / KG",
Centrifugadora,ELSAY,Emb. 1 UNID.,"79,90€","79,90€ / UNID.",
VELA NUMERO FUN 2,ARDENCE,Emb. 1 UNID.,"0,99€","0,99€ / UNID.",
TIRAS FINISSIMAS BACON FUMADAS (LARDONS) 2X100G,ECO+,Emb. 2 UNID.,"1,95€","0,98€ / UNID.",
Caramelos Cobertos com Chocolate Pretos,CONFISÉO,Emb. 0.28 KG,"1,99€","7,11€ / KG",
Vinho Regional Lisboa Rosé Leve,MUNDUS,Garrafa 0.75 LT,"1,69€","2,25€ / LT",
Espumante Reserva Meio Seco,MURGANHEIRA,Garrafa 0.75 LT,"10,99€","14,65€ / LT",
Champô Hemp + Hydration,TRESEMMÉ,Emb. 0.4 LT,"4,79€","11,98€ / LT",
Vinagre Balsâmico Rosé,GALLO,Emb. 0.25 LT,"1,86€","7,44€ / LT",
Gel de Banho Laranja e Manga,VASELINE,Emb. 0.7 LT,"2,99€","4,27€ / LT",
Vinho Regional Alentejo Tinto,MARQUÊS DE BORBA,Garrafa 0.75 LT,"5,49€","7,32€ / LT",
ACUCAR CANA CUBOS,TÉVA,Emb. 1 KG,"2,45€","2,45€ / KG",
Limpa Máquinas de Loiça,,Emb. 0.25 LT,"3,89€","15,56€ / LT",
Salteado de Frango C/ Legumes,CÔTÉ TABLE,Emb. 0.9 KG,"4,29€","4,77€ / KG",
"MORCELA FRANCESA ""BOUDIN"" C/ ANTILHAS",TRADILÈGE,Emb. 0.375 KG,"3,35€","8,93€ / KG",
Conserva de Ervilhas da Horta,COMPAL,Emb. 0.42 KG,"0,99€","2,36€ / KG",
Champô Cabelo Garnier Cereja e Amêndoa,ULTRA SUAVE,Emb. 0.25 LT,"3,59€","14,36€ / LT",
TIRA NODOAS EM PO MULTIUSOS ECOLOGICO,UNÍ VERT,Emb. 0.5 KG,"2,99€","5,98€ / KG",
Conserva de Salsichas Frankfurt 6 Unid.,NOBRE,Lata 0.12 KG,"0,89€","7,42€ / KG",
BATATAS FRITAS LISAS,POM'LISSE,Emb. 0.35 KG,"2,09€","5,97€ / KG",
Molho Big Burger,CALVÉ,Emb. 0.25 LT,"2,25€","9,00€ / LT",
Cebola Laminada,NOTRE JARDIN,Emb. 1 KG,"1,45€","1,45€ / KG",
Lima,,1 Unid. = 0.08 KG (aprox.),"2,39€/kg","0,19€ / Unid.",
BOLACHAS \'LES ANIMAUX\' COBERTURA DE CHOCO LEITE,P'TIT DÉLI,Emb. 0.225 KG,"1,99€","8,84€ / KG",
CADERNO AGRAFADO PAUTADO C. PP A5 48F,ESQUISSE,Emb. 1 UNID.,"1,49€","1,49€ / UNID.",
Cápsulas Café Fortíssimo - Intensidade 12,PLANTATION,Emb. 10 UNID.,"1,79€","0,18€ / UNID.",
ALIMENT BEBE: PURE MACA E BOLACHA BIO 6M,BIO VILLAGE BEBE,Emb. 0.4 KG,"2,09€","5,23€ / KG",
Pensos Higiénicos Salvaslip Maxi,EVAX,Emb. 72 UNID.,"4,79€","0,07€ / UNID.",
INFUSAO A FRIO FRUTOS VERMELHOS,TISÉA,,"1,85€",/ Unid.,
Bolacha Cream Crackers Estilo Inglês,CUÉTARA,Emb. 0.2 KG,"0,99€","4,95€ / KG",
PANO SUAVE DUPLO,VILEDA,,"1,89€",/ Unid.,
MOEDAS CHOCOLATE LEITE,COPAÍNS COPINES,Emb. 0.1 KG,"1,25€","12,50€ / KG",
Bolachas Digestivas de Laranja,THINS,Emb. 0.174 KG,"2,54€","14,60€ / KG",
VELA NUMERO FUN 0,ARDENCE,Emb. 1 UNID.,"0,99€","0,99€ / UNID.",
Sumo 100% Laranja Biológico,,Emb. 1 LT,"2,29€","2,29€ / LT",
Bolachas Crackers Original,TUC,Emb. 0.1 KG,"0,95€","9,50€ / KG",
Açúcar Branco 170 Saquetas,TÉVA,Emb. 1 KG,"2,85€","2,85€ / KG",
Toalha Branca 25Metros,ECO+,Emb. 1 UNID.,"4,39€","4,39€ / UNID.",
FITA ADESIVA DE PINTOR 50MX,ECO+,Emb. 2 UNID.,"2,29€","1,15€ / UNID.",
Suspiros,,Emb. 0.09 KG,"2,09€","23,22€ / KG",
Cápsula e pastilha de café DGC LUNGO 16UN,LAVAZZA,Emb. 16 UN,"4,49€","0,28€ / UN",
DETERGENTE GEL EXPRESS - TIRA NODOAS 2EM1,EPSIL,Emb. 0.25 LT,"1,45€","5,80€ / LT",
Mini Gelados de Chocolate 70% Preto Intenso Pack 6,MAGNUM,Emb. 0.33 LT,"3,99€","12,09€ / LT",
Gordura 100% Vegetal,NAT&VIE,Emb. 1 KG,"5,99€","5,99€ / KG",
VELA NUMERO - 2,ARDENCE,Emb. 1 UNID.,"0,89€","0,89€ / UNID.",
Vinho Regional Tejo Tinto,QUINTA ALORNA,Garrafa 0.75 LT,"3,49€","4,65€ / LT",
Bioten Creme para as Mãos Anti-Idade,BIOTEN,Emb. 0.1 LT,"2,13€","21,30€ / LT",
ANDOUILLETTE TROYES 2UN,NOS RÉGIONS ONT DU TALENT,,"4,35€",/ Unid.,
Refrigerante com Gás Laranja,SUMOL,Garrafa 1.25 LT,"1,39€","1,11€ / LT",
Atum ao Natural,BOM PETISCO,Emb. 0.12 KG,"1,39€","11,58€ / KG",
Pizza Hawaii,RISTORANTE,Emb. 0.355 KG,"3,69€","10,39€ / KG",
Douradinhos Peixe S/Gluten,IGLO,Emb. 0.36 KG,"6,66€","18,50€ / KG",
Detergente Manual Loiça Concentrado Limão,FAIRY,Emb. 0.78 LT,"2,69€","3,45€ / LT",
RACLETTE RECTANGULAR 10P 1200W,ELSAY,,"49,90€",/ Unid.,
Palmiers Cobertos com Chocolate de Leite,P'TIT DÉLI,Emb. 0.11 KG,"1,05€","9,55€ / KG",
Infusão Chá Pêssego Bio,,Emb. 1 LT,"1,49€","1,49€ / LT",
Pensos Higiénicos Ultra Finos C/ Abas,DOULYS,Emb. 24 UNID.,"2,05€","0,09€ / UNID.",
Pão de Forma para Canapés,EPI D'OR,Emb. 0.28 KG,"1,29€","4,61€ / KG",
Chupas de Sabores Sortidos,CHUPA CHUPS,Emb. 0.12 KG,"2,59€","21,58€ / KG",
Detergente Líquido Buquê Roxo 110 Doses,GAMA,Emb. 5.28 LT,"11,99€","2,27€ / LT",
Sidra com Álcool de Maça 10x33cl,SOMERSBY,Emb. 3.3 LT,"9,69€","2,94€ / LT",
CACAU EM PO SEM ACUCAR - PARA BEBER OU SOBREMESAS,EQUADOR,Emb. 0.25 KG,"1,89€","7,56€ / KG",
Pão de Leite Brioche 8Unid.,BIMBO,Emb. 0.28 KG,"2,39€","8,54€ / KG",
SEPARADORES CARTAO A4 6UN,ESQUISSE,Emb. 6 UNID.,"0,99€","0,17€ / UNID.",
Paté de Sardinha e Cavala,PÊCHE OCÉAN,Emb. 0.065 KG,"0,69€","10,62€ / KG",
Terrina Campestre Biológica,,Emb. 0.18 KG,"2,49€","13,83€ / KG",
Panela 24Cm,ECO+,Emb. 1 UNID.,"12,99€","12,99€ / UNID.",
Mini Snacks Gato Salmão,TOUS MES AMIS,Emb. 0.06 KG,"0,85€","14,17€ / KG",
Bebida de Soja Fonte de Cálcio,NAT&VIE,Emb. 1 LT,"1,05€","1,05€ / LT",
Cogumelo Branco Inteiro,,1 Unid. = 0.3 KG  (aprox.),"4,29€/kg","1,29€ / Unid.",
Puré de Tomate Duplo Concentrado,TURINI,Emb. 0.2 KG,"1,09€","5,45€ / KG",
ALIMENTO PÁSSAROS EXOTICOS,ECO+,Emb. 1 KG,"1,90€","1,90€ / KG",
Croissant Brioche,,1 UNID.,"0,69€","0,69€ / UNID.",
CHAMPO + DUCHE TONIFICANTE PARA HOMEM,CARRÉ HOMME,Emb. 0.25 LT,"0,95€","3,80€ / LT",
Cloro de Dissolução Rápida,BEAUX JOURS,Emb. 5 KG,"39,90€","7,98€ / KG",
SALAME C/PIMENTA,ST AZAY,Emb. 0.15 KG,"1,86€","12,40€ / KG",
MAIONESE C/ MOSTARDA DE DIJON TOP DOWN,RUSTICA,Emb. 0.235 KG,"1,55€","6,60€ / KG",
ALIMENTO PARA CANARIOS,ECO+,Emb. 1 KG,"1,69€","1,69€ / KG",
MOLAS 24UN,HOMESIDE,Emb. 24 UNID.,"2,50€","0,10€ / UNID.",
REFEICAO NOODLES SABOR CARIL,TABLES DU MONDE,Emb. 0.085 KG,"0,59€","6,94€ / KG",
Tagliatelles sem Glúten,CHAQUE JOUR SANS GLUTEN,Emb. 0.25 KG,"1,79€","7,16€ / KG",
Amaciador Surf Concentrado Jasmim E Maçã Verde 90 Doses,SURF,Emb. 1.8 LT,"3,49€","1,94€ / LT",
Cápsulas Café Latte Macchiato Caramelo,DOLCE GUSTO,Emb. 16 CAPS.,"5,57€","0,35€ / CAPS.",
Asas de Peru,,1 Unid. = 0.7 KG (aprox.),"1,99€/kg","1,39€ / Unid.",
Vinho Branco Frisante,CASTIÇO,Garrafa 0.75 LT,"2,99€","3,99€ / LT",
Champô Elvive Total Repair 5,L'ORÉAL PARIS,Emb. 0.4 LT,"5,93€","14,83€ / LT",
Alimento Húmido Gato Menu Completo em Salsa e Molho 4x100g,LYCAT,Emb. 4 KG,"1,59€","0,40€ / KG",
Pensos Higiénicos Salvaslip Maxi,EVAX,Emb. 36 UNID.,"2,79€","0,08€ / UNID.",
Champô Anti-Caspa Linic Sem Controlo Oleosidade,LINIC,Emb. 0.225 LT,"3,34€","14,84€ / LT",
Pacotinho de Frutas Banana Laranja e Bolacha +6 meses,NATURNES,Emb. 0.09 KG,"0,98€","10,89€ / KG",
GELADO 6 CHOCOLATE / 6 PISTACHIO,SMICY,Emb. 12 UNID.,"2,69€","0,22€ / UNID.",
Bolachas de Germen de Trigo e Pepitas de Chocolate,NAT&VIE,Emb. 0.2 KG,"1,69€","8,45€ / KG",
PEDACINHOS ATUM COM TOMATE 3X80G,PÊCHE OCÉAN,Emb. 0.24 KG,"1,75€","7,29€ / KG",
Cotonetes Algodão C/ Cabo Papel Ziplock,INELL,Emb. 160 UNID.,"0,79€","0,00€ / UNID.",
Iogurte de Aromas Les Zaros 16x125g,DÉLISSE,Emb. 2 KG,"2,69€","1,35€ / KG",
Nutella,NUTELLA,Emb. 0.2 KG,"1,99€","9,95€ / KG",
BISCOITOS DE COCO,P'TIT DÉLI,Emb. 0.4 KG,"1,55€","3,88€ / KG",
Champô Seco Volume,TRESEMMÉ,Emb. 0.25 LT,"5,39€","21,56€ / LT",
Arroz Basmati,,Emb. 1 KG,"1,89€","1,89€ / KG",
Chouriço Damatta De Carne Beirão,DAMATTA,Emb. 0.225 KG,"3,54€","15,73€ / KG",
CADERNO ESP CAP DUR AZ A4 PAU 100P,ESQUISSE,Emb. 1 UNID.,"3,29€","3,29€ / UNID.",
Bolachas Digestivas de Maçã,THINS,Emb. 0.174 KG,"2,54€","14,60€ / KG",
Gelado Mini,TRIUM,Emb. 8 UNID.,"2,49€","0,31€ / UNID.",
STICK ESPIRAIS BOVINO 4UN,TOUS MES AMIS,Emb. 4 UNID.,"0,79€","0,20€ / UNID.",
Maionese Verdadeira,HELLMANN'S,Emb. 0.208 KG,"2,13€","10,24€ / KG",
SYOSS COLOR 4-8 CASTANHO CHOCOLATE 16X3,SYOSS,,"4,99€",/ Unid.,
Ambientador Máquina Loiça Limão,FINISH,Emb. 2 UNID.,"4,99€","2,50€ / UNID.",
DETERGENTE LIQUIDO CONCENTRADO PRIMAVERA 28D,EPSIL,,"2,90€",/ Unid.,
DESENTUPIDOR CANOS GEL 1L,SYPHON,Emb. 1 LT,"1,39€","1,39€ / LT",
Detergente Líquido Multisuperficies Lavanda,SONASOL,Emb. 1.3 LT,"2,09€","1,61€ / LT",
LAVA TUDO SABAO PRETO E FLOR DE LARANJEIRA,CLAIR,Emb. 1.5 LT,"1,89€","1,26€ / LT",
Preparado Canja de Galinha C/ Aletria,MAGGI,Emb. 0.082 KG,"1,12€","13,66€ / KG",
SORTIDO APERITIVOS TUFADOS,TOKAPI,Emb. 0.1 KG,"1,19€","11,90€ / KG",
Chá Verde Wellbeing,LIPTON,Emb. 0.032 KG,"1,94€","60,63€ / KG",
Massa Cotovelinhos Chifferini,MILANEZA,Emb. 0.5 KG,"1,19€","2,38€ / KG",
ENVELOPE SILICONE 110X220MM 100UN,ECO+,Emb. 100 UNID.,"2,29€","0,02€ / UNID.",
Leite de Limpeza Bebé,MOTS D'ENFANTS,Emb. 0.25 UNID.,"1,49€","5,96€ / UNID.",
CREME DE LEGUMES,REGAL SOUPE,Emb. 0.35,"1,49€","4,26€ /",
Vinho A.O.C. Sauternes 2014,CHANTET BLANET,Garrafa 0.75 LT,"14,49€","19,32€ / LT",
Detergente para a Máquina da Loiça,SUN,Emb. 1.575 KG,"12,34€","7,83€ / KG",
GEL BARBEAR ANTI-IRRITACAO 200ML,CARRÉ HOMME,Emb. 0.2 LT,"1,89€","9,45€ / LT",
CREME PROTESES,DENTAMYL,Emb. 0.05 KG,"3,85€","77,00€ / KG",
CERA LIQUIDA INCOLOR 75ML,LA VACHETTE,Emb. 0.075 LT,"2,15€","28,67€ / LT",
Johnson's Baby Pó de Talco,JOHNSON'S BABY,Emb. 0.2 KG,"2,48€","12,40€ / KG",
Cuecas Incontinência Discreet Pants Plus,AUSONIA,Emb. 8 UNID.,"9,69€","1,21€ / UNID.",
Bebida em Pó Morango,TANG,Emb. 0.03 KG,"0,85€","28,33€ / KG",
Conserva de Salsichas Frankfurt 6 Unid.,IZIDORO,Lata 0.12 KG,"0,83€","6,92€ / KG",
Óleo Intense 6-80 Louro Avelã,SYOSS,,"6,24€",/ Unid.,
Creme Culinário Côco,NAT&VIE,Emb. 0.25 LT,"1,49€","5,96€ / LT",
Preparado para Tarte Oreo,ROYAL,Emb. 0.215 KG,"5,56€","25,86€ / KG",
"CIF SPR ULTR HIGI LIXIV,,500ML",CIF,,"1,79€",/ Unid.,
CONE NATA CHOCOLATE 6UN,SMICY,Emb. 0.12 LT,"1,69€","14,08€ / LT",
Deo Creme Hidra Essencial 0% Álcool,VASELINE,Emb. 0.05 LT,"2,84€","56,80€ / LT",
BETERRABAS VERMELHAS X3 3X200G,NOTRE JARDIN,Emb. 0.6 KG,"1,55€","2,58€ / KG",
Chá Verde de Pêssego Branco,LIPTON,Emb. 1 LT,"1,28€","1,28€ / LT",
Queijo de Ovelha Barrado Seia,QUEIJOS LAGOS,1 Unid. = 0.5 KG (aprox.),"13,95€/kg","6,98€ / Unid.",
GLISS REPARAÇÃO PONTAS ESPIGADAS,GLISS,Emb. 0.05 LT,"3,79€","75,80€ / LT",
PIZZA ROYALE MOELLEUSE,TURINI,Emb. 0.6 KG,"2,99€","4,98€ / KG",
BOLACHAS PEQUENO ALMOCO MEL E PEPITAS CHOCO,P'TIT DÉLI,Emb. 0.4 KG,"1,88€","4,70€ / KG",
Strogonoff de Novilho,,1 Unid. = 0.38 KG (aprox.),"11,98€/kg","4,55€ / Unid.",
Café Cápsulas Saboroso Intensidade 9,PLANTATION,Emb. 16 CAPS.,"2,59€","0,16€ / CAPS.",
Pimenta P/ Bifes C/ Moinho,MARGÃO,Emb. 0.035 KG,"3,74€","106,86€ / KG",
Bacalhau Lombo,,Emb. 0.7 KG,"12,99€","18,56€ / KG",
MINI VASSOURA COCO,SILLAGE,Emb. 1 UNID.,"1,90€","1,90€ / UNID.",
Massa Espirais Semi-Integrais Biológica,,Emb. 0.5 KG,"1,29€","2,58€ / KG",
REFRIGERANTE S/GAS TROPICAL,JAFUN,Emb. 10,"3,49€","0,35€ /",
Vinho Verde Branco,COMP DO VINHO,Garrafa 0.75 LT,"2,19€","2,92€ / LT",
Luvas para Uso Doméstico Tamanho S,RENOVA LUVAS,Emb. 1 UNID.,"1,09€","1,09€ / UNID.",
Barrinhas Periquito sabor Mel,TOUS MES AMIS,Emb. 0.06 KG,"1,69€","28,17€ / KG",
Vinho Regional Douro Branco,ADEGA DE VILA REAL,Garrafa 0.75 LT,"3,18€","4,24€ / LT",
Creme Pentear Karité Côco,NATEIS,Emb. 0.3 LT,"2,69€","8,97€ / LT",
Fatias Finas Fiambre Peito de Peru Original,NOBRE,Emb. 0.11 KG,"2,14€","19,45€ / KG",
MINI SUBLINHADORES 4UN,ESQUISSE,Emb. 4 UNID.,"2,59€","0,65€ / UNID.",
Queijo Fundido 10 Fatias,,Emb. 0.2 KG,"1,09€","5,45€ / KG",
Creme de Banho Care,NIVEA,Emb. 0.75 LT,"3,49€","4,65€ / LT",
Atum Posta Caril,BOM PETISCO,Emb. 0.12 KG,"1,56€","13,00€ / KG",
COLORACAO VEGETAL LOURO ESCURO BIO,BIONAÏA,Emb. 1 UNID.,"6,99€","6,99€ / UNID.",
Bolacha Torrada,NACIONAL,Emb. 0.175 KG,"0,94€","5,37€ / KG",
BOUIL.DESHYDRATE,RUSTICA,Emb. 0.12 KG,"0,79€","6,58€ / KG",
Caldo Galinha 6 Cubos,MAGGI,Emb. 0.06 KG,"0,89€","14,83€ / KG",
ESCOVA DENTES MEDIA,DENTAMYL,Emb. 4 UNID.,"1,29€","0,32€ / UNID.",
Saco Congelação Grande,ELEMBAL,Emb. 25 UNID.,"0,88€","0,04€ / UNID.",
Creme Culinária Soja,SHOYCE,Emb. 0.2 L,"0,95€","4,75€ / L",
Brioches com Recheio Chocolate 8Unid.,EPI D'OR,Emb. 0.31 KG,"2,09€","6,74€ / KG",
MASCARA REPARADORA 300ML,VITANOVE,Emb. 0.3 LT,"2,39€","7,97€ / LT",
Bolachas Digestivas Maça,TRIUNFO,Emb. 0.171 KG,"1,48€","8,66€ / KG",
CUSCUZ MEDIO,COMPTOÍR DU GRAIN,Emb. 0.5 KG,"1,09€","2,18€ / KG",
Bolachas com Recheio Aroma a Framboesa,P'TIT DÉLI,Emb. 0.15 KG,"1,19€","7,93€ / KG",
Brandy,CONSTANTINO,Garrafa 0.7 LT,"9,40€","13,43€ / LT",
CHA PRETO CEILAO BIO,,Emb. 20 UNID.,"1,79€","0,09€ / UNID.",
FEIJOCAS FERBAR 580G,FERBAR,Emb. 0.58 KG,"1,56€","2,69€ / KG",
Bebida em Pó Ananás,TANG,Emb. 0.03 KG,"0,79€","26,33€ / KG",
FLOCOS SABAO MARSELHA ECO,UNÍ VERT,,"5,39€",/ Unid.,
RATO S/FIO SILENCIOSO BRANCO,LINKSTER,Emb. 1 UNID.,"12,95€","12,95€ / UNID.",
Batatas Fritas Crocantes Onduladas,POM'LISSE,Emb. 0.15 KG,"1,25€","8,33€ / KG",
Ambientador Recarga Freshmatic White Bouquet,AIR WICK,Emb. 2 UNID.,"7,09€","3,55€ / UNID.",
Maionese com Alho Top Down,CALVÉ,Emb. 0.25 KG,"2,25€","9,00€ / KG",
Ice tea Manga 2x2lt,LIPTON,Emb. 4 LT,"4,99€","1,25€ / LT",
Pantene Repara & Protege Champô,,Emb. 0.1 LT,"9,99€","99,90€ / LT",
Vinho Regional Alentejo Tinto,REAL LAVRADOR,Garrafa 0.75 LT,"2,19€","2,92€ / LT",
Conserva de Cogumelos Inteiros,,Emb. 0.23 KG,"1,25€","5,43€ / KG",
Conserva de Feijão Manteiga,NOTRE JARDIN,Lata 0.85 KG,"0,99€","1,16€ / KG",
COMINHOS MOIDOS SAQUETA,RUSTICA,Emb. 0.05 KG,"0,85€","17,00€ / KG",
Fiambre à italiana Fatias,TRADILÈGE,Emb. 0.12 KG,"1,99€","16,58€ / KG",
Pantene Frizz Control & Luminosidade Máscara 160 ml,PANTENE PV,Emb. 0.16,"4,89€","30,56€ /",
Pantene Creme de Pentear Sem Enxaguar Caracóis 270ml,PANTENE PV,Emb. 0.27 LT,"4,49€","16,63€ / LT",
Sumo Multifrutos 100% Puro,JAFADEN,Emb. 1 LT,"1,49€","1,49€ / LT",
COLORACAO CASTANHO CLARO 5.0 S/AMONIACO,VITANOVE,Emb. 1 UNID.,"3,89€","3,89€ / UNID.",
Escova de Dentes 3D White,ORAL B,Emb. 1 UNID.,"1,97€","1,97€ / UNID.",
TORTAS DE ANIS - 12UN,P'TIT DÉLI,Emb. 0.4 KG,"1,99€","4,98€ / KG",
Dove Go Fresh Gel de Banho Chá Verde,DOVE,Emb. 0.75 LT,"4,19€","5,59€ / LT",
QUEIJO FRESCO CLASSICO,QUEIJO NA TÁBUA,Emb. 0.125 KG,"1,19€","9,52€ / KG",
Vinho Branco de Mesa Elopack,CASAL DA EIRA,Emb. 1 LT,"1,67€","1,67€ / LT",
Perna Peru,,1 Unid. = 2.45 KG (aprox.),"3,69€/kg","9,04€ / Unid.",
Iced Tea Pêssego,ECO+,Emb. 1.5 LT,"0,89€","0,59€ / LT",
Espinafre Baby,,Emb. 0.17 KG,"1,05€","6,18€ / KG",
Elixir 12 Horas Protection,COLGATE,Emb. 0.5 LT,"6,49€","12,98€ / LT",
Couve Flor Congelada,NOTRE JARDIN,Emb. 1 KG,"1,85€","1,85€ / KG",
Rilletes de Mans,TRADILÈGE,Emb. 0.22 KG,"2,25€","10,23€ / KG",
Sabonete líquido para as mãos,DOVE,Emb. 0.5 LT,"2,49€","4,98€ / LT",
Mini Gelados Baunilha C/ Drageias,SMICY,Emb. 6 UNID.,"2,99€","0,50€ / UNID.",
Amendoim C/ Casca Torrado,MARQUE REPERE,Emb. 1 KG,"3,89€","3,89€ / KG",
OIKOS PESSEGO 110G X4,OIKOS,Emb. 0.44 KG,"2,39€","5,43€ / KG",
Batatas P/ Cozer,,Emb. 3 KG,"3,39€","1,13€ / KG",
Bolachas Maria 74% de Cereais,TRIUNFO,Emb. 0.2 KG,"0,99€","4,95€ / KG",
CANELA EM PO SAQUETA,RUSTICA,Emb. 0.08 KG,"0,95€","11,88€ / KG",
Água S/ Gás Mineral Natural,,Garrafão 6 LT,"1,10€","0,18€ / LT",
Bifidus Actifidus Muesli 4x124g,DÉLISSE,Emb. 0.5 KG,"1,19€","2,38€ / KG",
Iogurte Pedaços Frutos Tropicais,MIMOSA,Emb. 0.48 KG,"1,49€","3,10€ / KG",
FEIJOCA EXTRA FINA,NOTRE JARDIN,Emb. 0.4 KG,"0,95€","2,38€ / KG",
Queijo Mozzarella,ECO+,Emb. 0.125 KG,"0,85€","6,80€ / KG",
Bolachas Amanteigadas,P'TIT DÉLI,Emb. 0.2 KG,"1,39€","6,95€ / KG",
FILETES DE CAVALA C/ MOSTARDA A L'ANCIENNE,PÊCHE OCÉAN,Emb. 0.169,"2,18€","12,90€ /",
Conjunto de 2 Colas Cyano Acrylate,ECO+,Emb. 2 UNID.,"1,49€","0,75€ / UNID.",
Barrinhas P/ Canários sabor a Mel,TOUS MES AMIS,Emb. 0.06 KG,"1,69€","28,17€ / KG",
Tablete de Chocolate e Leite C/ Cereais Crocantes,CRUNCH,Emb. 0.1 KG,"2,09€","20,90€ / KG",
APERITIVOS SORTIDOS,TOKAPI,Emb. 0.1 KG,"1,19€","11,90€ / KG",
Detergente Manual Loiça Limão,SUPER POP,Emb. 0.7 LT,"1,49€","2,13€ / LT",
Arroz Agulha,CIGALA,Emb. 1 KG,"1,24€","1,24€ / KG",
Água C/ Gás 6x25cl,CASTELLO,Emb. 1.5 LT,"2,89€","1,93€ / LT",
Sobremesa Creme de Baunilha 4X125g,DÉLISSE,Emb. 0.5 KG,"1,49€","2,98€ / KG",
IOGURTE GREGO CAFE 4X150G,DÉLISSE,Emb. 0.6 KG,"1,89€","3,15€ / KG",
"Iogurte Banana, Laranja e Bolacha 4 Unid.",MIMOSA,Emb. 0.5 KG,"1,49€","2,98€ / KG",
PURE MACA/MIRTILO/BANANA SEM ADICAO ACUCAR BISNAGA,DOUCEUR DU VERGER,Emb. 0.48 KG,"2,79€","5,81€ / KG",
Fraldas Incontinência Super P,LINDOR,Emb. 40 UNID.,"17,55€","0,44€ / UNID.",
Tablete Excellence 99% Cacau,LINDT,Emb. 0.05 KG,"3,46€","69,20€ / KG",
Alho em Pó,RUSTICA,Frasco 0.038 KG,"0,69€","18,16€ / KG",
Gelatina Ananás Light 4 Unid.,ROYAL,Emb. 0.4 KG,"1,98€","4,95€ / KG",
Ração P/ Gato Esterlizado C/ Salmão,ULTIMA,Emb. 0.8 KG,"5,79€","7,24€ / KG",
Vinho do Porto Especial Reserva,DORRÃO,Emb. 0.75 LT,"7,99€","10,65€ / LT",
CLAFOUTIS- TARTE DE CEREJAS,DÉLISSE,Emb. 0.34 KG,"2,39€","7,03€ / KG",
Tablete de Chocolate Cereais Crocantes 4x100g,ECO+,Emb. 0.4 KG,"2,15€","5,38€ / KG",
Massa Entrefina,TURINI,Emb. 0.5 KG,"0,89€","1,78€ / KG",
Bolachas com Cobertura de Chocolate de Leite,,Emb. 0.2 KG,"1,79€","8,95€ / KG",
CHOCOLATE CULINARIA PRALINE,TABLETTE D'OR,Emb. 0.2 KG,"1,99€","9,95€ / KG",
Sumo de Laranja e Manga,JOI,Garrafa 1.5 LT,"1,04€","0,69€ / LT",
"AGUA MICEL OLEO,OLH SENSI,400ML",GARNIER,,"6,98€",/ Unid.,
Caldo de Galinha 12x10g,ECO+,Emb. 0.12 KG,"0,55€","4,58€ / KG",
Chipicao Original,CHIPICAO,Emb. 0.057 KG,"0,99€","17,37€ / KG",
Vela fragância de laranja,AIRWICK,Emb. 0.32 KG,"2,84€","8,88€ / KG",
Pimento Amarelo,,1 Unid. = 0.21 KG (aprox.),"2,29€/kg","0,48€ / Unid.",
Massa Argolinhas Clássica,NACIONAL,Emb. 0.25 KG,"0,69€","2,76€ / KG",
Abrasivo Sanitário Active Fresh Pinho,HARPIC,Emb. 0.75 LT,"1,94€","2,59€ / LT",
VASSOURA+PA C/TAMPA LEIFHEIT,SILLAGE,Emb. 1 UNID.,"10,90€","10,90€ / UNID.",
Vinho do Porto Velhotes Tawny,CALEM,Garrafa 0.75 LT,"4,99€","6,65€ / LT",
Cereais Granola de Aveia Mel,NESTLÉ,Emb. 0.3 KG,"2,79€","9,30€ / KG",
Ambientador Máquina Loiça,FINISH,Emb. 1 UNID.,"3,24€","3,24€ / UNID.",
COMEDOURO DUPLO GRANDE,ECO+,Emb. 1 UNID.,"1,40€","1,40€ / UNID.",
CAPA PLASTICA COLORIDA A4 C/ELASTICO,ESQUISSE,Emb. 1 UNID.,"0,99€","0,99€ / UNID.",
Ice Tea Double Maracujá e Manga,LIPTON,Garrafa 2 LT,"2,49€","1,25€ / LT",
Queijo Amanteigado Fatiado,PAIVA,Emb. 0.18 Kg,"1,99€","11,06€ / Kg",
GEL FIX EXTREME VITANOVE 250ML,VITANOVE,Emb. 0.25 LT,"1,69€","6,76€ / LT",
Lip Therapy Original,VASELINE,Emb. 0.017 KG,"2,85€","167,65€ / KG",
Manteiga com Sal Guerand Dop,NOS RÉGIONS ONT DU TALENT,Emb. 0.25 KG,"2,74€","10,96€ / KG",
Café Pastilhas Lote Chávena,DELTA,Emb. 16 PAST.,"2,95€","0,18€ / PAST.",
CHAMPO CABELOS GRISALHOS OU BRANCOS,NATEIS,Emb. 0.25 LT,"1,99€","7,96€ / LT",
Leite Crescimento Júnior 1+,NESTLÉ,Emb. 1 LT,"1,95€","1,95€ / LT",
Amaciador Roupa Concentrado Intense Care Protect,COMFORT,Emb. 60 DOSES,"3,99€","0,07€ / DOSES",
Massa Cotovelinhos,ECO+,Emb. 1 KG,"1,29€","1,29€ / KG",
"PULVERIZADOR MANUAL 1,5L",BEAUX JOURS,Emb. 1 UNID.,"2,99€","2,99€ / UNID.",
LIMPA VIDROS C/ PISTOLA,CLAIR,Emb. 0.75 LT,"0,79€","1,05€ / LT",
Vinho Rosé,ECO+,Garrafão 5 LT,"5,69€","1,14€ / LT",
Escova de Dentes Criança Unicórnio Luminoso,PETIT DENTAMYL,Emb. 1 UNID.,"2,49€","2,49€ / UNID.",
Maionese Top Down,CALVÉ,Emb. 0.238 KG,"2,13€","8,95€ / KG",
OVOS FRESCOS L/M/S BIO,,Emb. 6 UNID.,"2,29€","0,38€ / UNID.",
Area Absorvente Optimale,TOUS MES AMIS,Emb. 5 LT,"5,99€","1,20€ / LT",
Cereais de Milho S/ Glúten C/ Chocolate Corn Flakes,NESTLÉ,Emb. 0.375 KG,"2,24€","5,97€ / KG",
XAU LIMPA MAQ EXPRESS,XAU,Emb. 0.25 LT,"4,99€","19,96€ / LT",
CREME DE MAOS REPARADOR 100ML,INELL,Emb. 0.1 LT,"1,30€","13,00€ / LT",
Johnson's Baby Óleo de Aloe Vera,JOHNSON'S BABY,Emb. 0.5 LT,"5,98€","11,96€ / LT",
OIKOS MANGA-PAPAIA,OIKOS,Emb. 0.44 KG,"2,39€","5,43€ / KG",
Feijoada Transmontana,NOBRE,Lata 0.42 KG,"1,76€","4,19€ / KG",
Cerveja sem Álcool 6x33cl,SUPER BOCK,Emb. 1.98 LT,"4,49€","2,27€ / LT",
Conserva de Sardinha sem Pele sem Espinha,RAMIREZ,Emb. 0.1 KG,"1,39€","13,90€ / KG",
SACOS LIXO ALCAS 30L,ELEMBAL,Emb. 20 UNID.,"1,25€","0,06€ / UNID.",
Detergente Máquina Roupa Líquido Lãs e Sedas,WOOLITE,Emb. 25 DOSES,"3,49€","0,14€ / DOSES",
Molho Piri Piri Sacana,PALADIN,Emb. 0.5 LT,"2,70€","5,40€ / LT",
Queijo Ralado 4 Queijos,PRÉSIDENT,Emb. 0.15 KG,"2,35€","15,67€ / KG",
Pão Especial Multicereais,EPI D'OR,Emb. 0.5 KG,"1,39€","2,78€ / KG",
Escova de Bambu Suave,COLGATE,Emb. 1 UNID.,"2,99€","2,99€ / UNID.",
Massa Tagliatelle,TURINI,Emb. 0.5 KG,"1,29€","2,58€ / KG",
AMACIADOR CONCENTRADO SPA 72 DOSES,HYPERDOU,Emb. 2 LT,"1,75€","0,88€ / LT",
TESOURA ROSA C/PROTECAO 13CM,ESQUISSE,Emb. 1 UNID.,"1,59€","1,59€ / UNID.",
Refresco em Pó Laranja,TANG,Emb. 0.03 KG,"0,85€","28,33€ / KG",
Patê de Sardinha e Cavala,PÊCHE OCÉAN,Emb. 0.088 KG,"1,19€","13,52€ / KG",
Chicória e Café Solúvel,PLANTATION,Emb. 0.25 KG,"3,36€","13,44€ / KG",
Misto de Patés 4x22g,PÊCHE OCÉAN,Emb. 0.088 KG,"1,19€","13,52€ / KG",
Pensos Higiénicos Protege-Slip Long,CAREFREE,Emb. 40 UNID.,"4,45€","0,11€ / UNID.",
Pizza de Fiambre Queijo,CAMPOFRIO,Emb. 0.36 KG,"3,39€","9,42€ / KG",
SECADOR CABELO 2000W,ELSAY,Emb. 1 UNID.,"12,90€","12,90€ / UNID.",
Chá Menta,TETLEY,Emb. 10 SAQ.,"0,86€","0,09€ / SAQ.",
Detergente Máquina Roupa Cápsulas Regular,A+,Emb. 38 DOSES,"8,48€","0,22€ / DOSES",
Tablete de Chocolate Caramelo,MILKA,Emb. 0.1 KG,"1,44€","14,40€ / KG",
Gel Casa de Banho Limpeza Brilhante,CIF,Emb. 0.75 LT,"1,39€","1,85€ / LT",
GUACAMOLE M.REPERE,TABLES DU MONDE,Emb. 0.3,"1,99€","6,63€ /",
Tablete de Chocolate de Leite para Culinária,TABLETTE D'OR,Emb. 0.17 KG,"1,45€","8,53€ / KG",
Queijo Curado 7 meses,SÃO JORGE,Emb. 0.4 KG,"5,29€","13,23€ / KG",
Papa Infantil P/ Preparar C/ Leite,CERELAC,Emb. 0.25 KG,"1,49€","5,96€ / KG",
FITA METRICA 5M FOXTER,FOXTER,Emb. 1 UNID.,"4,99€","4,99€ / UNID.",
Atum em Tomate Biológico,BOM PETISCO,Emb. 0.12 KG,"1,67€","13,92€ / KG",
Cillit Bang Casa de Banho 500ML x12,CILLIT BANG,Emb. 0.5 LT,"2,24€","4,48€ / LT",
Queijo de Cabra Curado,SALOIO,Emb. 0.2 KG,"3,45€","17,25€ / KG",
"ALTAS QUINTAS 600 TINTO 0,75",ALTAS QUINTAS 600,,"8,99€",/ Unid.,
Tartelettes Cobertas Pessêgo,ECO+,Emb. 0.2 KG,"0,79€","3,95€ / KG",
Chouriço da Beira Baixa,SNR,Emb. 0.2 KG,"2,40€","12,00€ / KG",
Creme de Mãos Óleo de Côco,DOVE,Emb. 0.075 LT,"2,59€","34,53€ / LT",
Iogurte Bifidus Aveia e Nozes 4 Unid.,DANONE,Emb. 0.48 KG,"2,19€","4,56€ / KG",
Bife do Acém Novilho,,1 Unid. = 0.25 KG (aprox.),"8,99€/kg","2,25€ / Unid.",
Chouriço Picante,,Emb. 0.25 KG,"1,95€","7,80€ / KG",
Queijo de Barrar Alho Ervas Finas 9x20g,LES CROISÉS,Emb. 0.18 KG,"1,29€","7,17€ / KG",
Alimento Húmido para Cão Patê Aves,ECO+,Emb. 0.3 KG,"0,55€","1,83€ / KG",
Conserva de Feijão Frade Cozido,NOTRE JARDIN,Lata 0.85 KG,"0,99€","1,16€ / KG",
Gelatina Light Morango,ROYAL,Emb. 0.031 KG,"1,85€","59,68€ / KG",
LAVA TUDO CONCENTRADO ECOLOGICO,UNÍ VERT,Emb. 1 LT,"1,79€","1,79€ / LT",
PATE DE COELHO C/ MOSTARDA,CÔTÉ TABLE,Emb. 0.18 KG,"1,59€","8,83€ / KG",
Queijo Meio Gordo de Lamego,PAIVA,1 Unid. = 1.2 KG (aprox.),"8,95€/kg","10,74€ / Unid.",
Naco de Bacon Extra,PRIMOR,Emb. 0.2 KG,"3,29€","16,45€ / KG",
ATUM EM OLEO GIRASSOL REDONDO,PÊCHE OCÉAN,Emb. 0.085 KG,"0,69€","8,12€ / KG",
Néctar Clássico 100% Laranja,COMPAL,Emb. 1 LT,"1,59€","1,59€ / LT",
Xau Limpa Máquinas Limão 2Packx12,XAU,,"6,99€",/ Unid.,
Vinho Regional Alentejo Tinto,ENCOSTA DAS PERDIZES,Garrafa 0.75 LT,"2,29€","3,05€ / LT",
Polvilho Doce Brasil,GLOBO,Emb. 0.5 KG,"1,88€","3,76€ / KG",
SACO CONGELACAO MEDIO 22X35,ELEMBAL,Emb. 50 UNID.,"1,19€","0,02€ / UNID.",
Caldo de Peixe,KNORR,Emb. 8 CUBOS,"1,39€","0,17€ / CUBOS",
Vinho Branco JP,BACALHÔA,Garrafa 0.75 LT,"2,19€","2,92€ / LT",
Vinho Regional Dão Branco,DUQUE DE VISEU,Garrafa 0.75 LT,"4,45€","5,93€ / LT",
Creme Limpeza Lixívia e Micro-Cristais,CIF,Emb. 0.7 LT,"2,49€","3,56€ / LT",
BLOCO SANITARIO ACTIV EFFECT MARINHO 3UN,SYPHON,Emb. 3 UNID.,"1,29€","0,43€ / UNID.",
Lenços de bolso Renova Kids,LENÇOS RENOVA,Emb. 10 UNID.,"1,28€","0,13€ / UNID.",
Cera Depilatória a base de Açúcar,VEET,Emb. 0.025 LT,"5,94€","237,60€ / LT",
Cerveja com Álcool Mini 30x25cl,SAGRES,Emb. 7.5 LT,"12,69€","1,69€ / LT",
Body Milk Nutritivo Pele Seca,NIVEA,Emb. 0.4 LT,"4,99€","12,48€ / LT",
Champô Anti-Caspa Men Limpeza Profunda,LINIC,Emb. 0.36 LT,"4,94€","13,72€ / LT",
Desodorizante Invisible Aqua Woman Desodorizante Spray,REXONA,Emb. 0.15 LT,"2,54€","16,93€ / LT",
Chupa Single,CHUPA CHUPS,Emb. 0.012 KG,"0,35€","29,17€ / KG",
FIAMBRE CORRENTE FATIADO,ECO+,Emb. 0.2 KG,"1,19€","5,95€ / KG",
SPRAY LIMPEZA OPTICAS,CLAIR,Emb. 0.02 LT,"1,99€","99,50€ / LT",
Bolo de Aniversário,,1 Unid. = 1.2 KG (aprox.),"11,98€/kg","14,38€ / Unid.",
Caprichos do Mar Ultracongelado,PESCANOVA,Emb. 0.4 KG,"2,99€","7,48€ / KG",
Preservativo Ultrafeel,CONTROL,Emb. 10 UNID.,"6,99€","0,70€ / UNID.",
FUSILLI A CARBONARA,COTE SNACK,Emb. 0.3 KG,"2,29€","7,63€ / KG",
GELADO CHOCOLATE,ECO+,Emb. 1 LT,"1,69€","1,69€ / LT",
PAPEL HIGIENICO 2F COMPACTO 4=12 ECO,UNÍ VERT,,"2,99€",/ Unid.,
Desodorizante Roll-On Cotton Dry 48H,REXONA,Emb. 0.05 LT,"2,69€","53,80€ / LT",
Refrigerante com Gás Ginger Ale,SCHWEPPES,Garrafa 1 LT,"1,59€","1,59€ / LT",
Detergente para a Maquina da Roupa Active Fresh,SKIP,Emb. 1.458 KG,"14,99€","10,28€ / KG",
Alimento Seco P/ Cão Frango,FRISKIES,Emb. 1.5 KG,"4,84€","3,23€ / KG",
Strudel de Maçã,,Emb. 0.6 KG,"2,35€","3,92€ / KG",
"Gel de Banho Rosto, Corpo e Cabelo 3 em 1 Pure Game",ADIDAS,Emb. 0.4 LT,"2,49€","6,23€ / LT",
Gel Barbear Protect e Care,NIVEA MEN,Emb. 0.2 LT,"4,39€","21,95€ / LT",
Bebida de Soja Baunilha,NAT&VIE,Emb. 1 LT,"1,29€","1,29€ / LT",
MOUSSE AVES E PORCO BIO P/ CAO 400G,PLENIMA,Emb. 0.4 KG,"1,85€","4,63€ / KG",
Cereais Choco Flakes,CUÉTARA,Emb. 0.5 KG,"2,99€","5,98€ / KG",
Ketchup Heinz Top Down 220 Ml,HEINZ,Emb. 0.22 LT,"1,75€","7,95€ / LT",
ChuChu,,1 Unid. = 0.29 KG (aprox.),"2,29€/kg","0,66€ / Unid.",
GRAO DE BICO SACO,NOTRE JARDIN,Emb. 1 KG,"1,89€","1,89€ / KG",
Iogurte Líquido Corpos Piña Colada 4x155g,DANONE,Emb. 0.62 KG,"1,69€","2,73€ / KG",
Dove Silk Glow Gel de Banho,DOVE,Emb. 0.75 LT,"4,19€","5,59€ / LT",
Leite Achocolatado 4x200ml,AGROS,Emb. 0.8 LT,"1,43€","1,79€ / LT",
Iogurte Bifidus Cremoso Cocktail de Frutas 0% 4 Unid.,DANONE,Emb. 0.48 KG,"1,99€","4,15€ / KG",
"Mini Picadora 1,5L 500W",ELSAY,Emb. 1 UNID.,"24,90€","24,90€ / UNID.",
Bebida Energética Energy,MONSTER ENERGY,Emb. 0.5 LT,"1,20€","2,40€ / LT",
Azeite Pet,OLIVEIRA DA SERRA,Emb. 0.75 LT,"3,24€","4,32€ / LT",
VELA NUMERO - 7,ARDENCE,Emb. 1 UNID.,"0,89€","0,89€ / UNID.",
Alimento P/ Gato Adulto de Salmão,PURINA,Emb. 3 KG,"18,75€","6,25€ / KG",
Amaciador Roupa Sunfresh,COMFORT,Emb. 4 LT,"4,49€","1,12€ / LT",
Conserva de Salsichas Aves 5 Unid.,IZIDORO,Frasco 0.25 KG,"1,59€","6,36€ / KG",
Saint-Emilion A.O.C. 2015,CHANTET BLANET,Garrafa 0.75 LT,"8,99€","11,99€ / LT",
Batatas Fritas no Forno Receita Camponesa,LAY'S,Emb. 0.13 KG,"2,19€","16,85€ / KG",
GOMAS FIOS,COPAÍNS COPINES,Emb. 0.2 KG,"1,35€","6,75€ / KG",
Sabonete Sólido Manteiga Karite,MANAVA,Emb. 2 UNID.,"1,00€","0,50€ / UNID.",
Sumo Multifrutos 6 Unid.,JAFADEN,Emb. 1200 LT,"1,65€","0,00€ / LT",
Patê de Atum,LA PIARA,Emb. 0.075 KG,"1,23€","16,40€ / KG",
Desodorizante Roll-On Men Dry Fresh,NIVEA MEN,Emb. 0.05 LT,"2,39€","47,80€ / LT",
Máscara de Abacate Ultra Suave,GARNIER,Emb. 0.3 LT,"6,49€","21,63€ / LT",
Leite Hidratante Peles Sensíveis 500 Ml+250 Ml Grátis,CORINE DE FARME,Emb. 0.75 LT,"4,84€","6,45€ / LT",
GOMAS ACIDAS COLORIDAS TUB\'S,COPAÍNS COPINES,Emb. 0.2 KG,"1,39€","6,95€ / KG",
Desinfetante Mãos Hidratante,DOVE,Emb. 0.05 LT,"2,27€","45,40€ / LT",
Queijo Fundido Palitos 4x140g,A VACA QUE RI,Emb. 0.14 KG,"2,19€","15,64€ / KG",
Farinha P/ Bolos C/ Fermento,NACIONAL,Emb. 1 KG,"1,18€","1,18€ / KG",
Pimentão Doce Colorau,MARGÃO,Emb. 0.04 KG,"1,49€","37,25€ / KG",
Galetes de Milho Biológicas,,Emb. 0.13 KG,"0,99€","7,62€ / KG",
Bolachas Wafer de Chocolate,VIEIRA,Emb. 0.125 KG,"1,14€","9,12€ / KG",
"PORCOES PESCADA ""COLIN ALASCA"" 10UN",ECO+,Emb. 1 KG,"7,99€","7,99€ / KG",
Vinho Branco Alentejo Doc Reserva,REGUENGOS,Garrafa 0.75 LT,"3,99€","5,32€ / LT",
Mistura Solúvel Chicoria,ECO+,Emb. 0.2 KG,"1,89€","9,45€ / KG",
Desodorizante Roll On Açaí Waterlily,DOVE,Emb. 0.05 LT,"2,69€","53,80€ / LT",
CESTO + 36 MOLAS,HOMESIDE,Emb. 1 UNID.,"2,90€","2,90€ / UNID.",
MOLHO KEBAB,RUSTICA,Emb. 0.252 KG,"1,35€","5,36€ / KG",
ARDOSIA+FELTRO+ESCOVA,ESQUISSE,Emb. 1 UNID.,"2,19€","2,19€ / UNID.",
Água sem Gás Limão,LUSO FRUTA,Garrafa 1 LT,"1,27€","1,27€ / LT",
MORTADELA MINI,CAMPO FINO,Emb. 0.35 KG,"1,99€","5,69€ / KG",
Ervilhas Extra Finas 3x140G,NOTRE JARDIN,Emb. 0.42 KG,"1,79€","4,26€ / KG",
Bolachas Cobertas de Chocolate de Leite,P'TIT DÉLI,Emb. 0.2 KG,"1,49€","7,45€ / KG",
DETERGENTE LIQUIDO ALOE VERA 40D,EPSIL,Emb. 40 DOSES,"4,35€","0,11€ / DOSES",
Batatas Finas e Crocantes,POM'LISSE,Emb. 1 KG,"1,89€","1,89€ / KG",
Sumo Delight California,SUNNY DELIGHT,Garrafa 1.25 LT,"1,64€","1,31€ / LT",
DETERGENTE EM PO SABAO MARSELHA P/ROUPA 50D,XÉOR,,"5,09€",/ Unid.,
VASSOURA SEDA PRETA 1/2,SILLAGE,Emb. 1 UNID.,"6,50€","6,50€ / UNID.",
Romã,,1 Unid. = 0.3 KG (aprox.),"1,99€/kg","0,60€ / Unid.",
AFTERSHAVE BALSAMO HIDRATANTE 100ML,CARRÉ HOMME,Emb. 0.1 LT,"1,89€","18,90€ / LT",
Gelado Limão Merengue,ESKISS,Emb. 1 LT,"2,49€","2,49€ / LT",
"Carregador Isqueiro 2,4A Preto",LINKSTER,Emb. 1 UNID.,"7,99€","7,99€ / UNID.",
Café Pastilhas 100% Arabica,ECO+,Emb. 48 PAST.,"3,49€","0,07€ / PAST.",
Tampões com Aplicador Pearl Compak Regular,TAMPAX,Emb. 36 UNID.,"6,95€","0,19€ / UNID.",
Alimento Húmido P/ Gato Mixed Grill,FELIX,Emb. 0.06 KG,"1,59€","26,50€ / KG",
VELA NUMERADA N 9,,Emb. 1 UNID.,"0,59€","0,59€ / UNID.",
PEITO DE FRANGO FATIAS FINAS,CAMPO FINO,Emb. 0.15 KG,"1,29€","8,60€ / KG",
BLOCO SANITARIO AGUA AZUL 2UN,ECO+,Emb. 2 UNID.,"0,80€","0,40€ / UNID.",
DETERGENTE LIQUIDO CLASSICO 40D,EPSIL,Emb. 40 DOSES,"4,65€","0,12€ / DOSES",
Johnson's Loção para Bebé Rosto e Corpo Cotton Touch,JOHNSON'S BABY,Emb. 0.5 LT,"3,89€","7,78€ / LT",
MINI BOLA FUTSAL ESPUMA,WOODSUN,Emb. 1 UNID.,"2,49€","2,49€ / UNID.",
Paté de Atum,PÊCHE OCÉAN,Emb. 0.065 KG,"0,69€","10,62€ / KG",
TORTILHA CHOURICO,TABLES DU MONDE,Emb. 0.5 KG,"3,49€","6,98€ / KG",
TABULEIRO 30*20,ECO+,Emb. 1 UNID.,"3,99€","3,99€ / UNID.",
Água com Gás Limão/Chá Verde 4x25 cl TP,PEDRAS SALGADAS,Emb. 1 LT,"2,39€","2,39€ / LT",
Espumante Doce,COMP DO VINHO,Garrafa 0.75 LT,"3,29€","4,39€ / LT",
DENTIFRICO E ELIXIR FRESCURA EXTREMA,DENTAMYL,Emb. 0.075 LT,"0,95€","12,67€ / LT",
Creme de Banho Care & Roses,NIVEA,Emb. 0.75 LT,"5,85€","7,80€ / LT",
Snack Queijo de Vaca,PRÉSIDENT,Emb. 0.18 KG,"3,46€","19,22€ / KG",
ESPUMA BARBEAR HIDRATANTE/FRESCO 250ML,CARRÉ HOMME,Emb. 0.25 LT,"1,49€","5,96€ / LT",
SUMO MULTIFRUTOS -30% ACUCAR,JAFADEN,,"2,19€",/ Unid.,
Maionese Verdadeira 416G,HELLMANN'S,Frasco 0.416 KG,"3,29€","7,91€ / KG",
BOLO REDONDO CHOCOLATE,,Emb. 0.5 KG,"3,99€","7,98€ / KG",
ARROZ PARA SUSHI,TABLES DU MONDE,Emb. 0.5 KG,"1,19€","2,38€ / KG",
GAUFRES COM MEL BIO,,Emb. 0.175 KG,"2,29€","13,09€ / KG",
Ovos Solo L,SNR,Emb. 12 UNID.,"2,39€","0,20€ / UNID.",
Azeite Virgem Delicado,GALLO,Emb. 0.75 LT,"4,49€","5,99€ / LT",
Feijão Branco Seco,NOTRE JARDIN,Emb. 1 KG,"1,89€","1,89€ / KG",
Whisky 12 Anos,CHIVAS REGAL,Garrafa 0.7 LT,"30,99€","44,27€ / LT",
Bijou,,1 Unid. = 0.055 KG,"0,12€","2,18€ / KG",
CUBOS DE FIAMBRE 2X75G,TRADILÈGE,Emb. 0.15 KG,"1,98€","13,20€ / KG",
Gel de Banho Hidratante Baby,BABY DOVE,Emb. 0.2 LT,"1,79€","8,95€ / LT",
Cebola Roxa,,Emb. 0.5 KG,"1,79€","3,58€ / KG",
DETERGENTE MANUAL LOICA LIMAO,ECO+,Emb. 1 LT,"0,79€","0,79€ / LT",
SACO VACUO,SILLAGE,Emb. 2 UNID.,"3,90€","1,95€ / UNID.",
Bicabornato de Sódio,MARGÃO,Emb. 0.06 KG,"0,82€","13,67€ / KG",
Perca Posta,,1 Unid. = 0.3 KG (aprox.),"7,99€/kg","2,40€ / Unid.",
Mousse de Chocolate Preto 4x60g,DÉLISSE,Emb. 0.48 LT,"1,25€","2,60€ / LT",
BEBIDA SOJA BAUNILHA,ALPRO,Emb. 1 LT,"1,89€","1,89€ / LT",
Barras Hero Muesly Cereais Linea Choco Branco 6x20g,HERO,Emb. 0.12 KG,"1,79€","14,92€ / KG",
Café Cápsulas Descafe Intensidade 2,PLANTATION,Emb. 16 CAPS.,"2,44€","0,15€ / CAPS.",
Achocolatado em Pó,ECO+,Emb. 0.4 KG,"1,49€","3,73€ / KG",
Dentífrico Cuidado Completo Sensitive Expert,DENTAMYL,Emb. 0.075 LT,"0,80€","10,67€ / LT",
Vinho Regional Douro Tinto,ESTEVA,Garrafa 0.75 LT,"4,79€","6,39€ / LT",
Rissóis de Carne 8 Unid.,SNR,Emb. 0.325 KG,"1,99€","6,12€ / KG",
Sumo Refrigerado Cidreira Tília Camomila Limão,PLENO TISANAS,Garrafa 1.5 LT,"1,49€","0,99€ / LT",
CERA QUENTE DEPILACAO PROFISSIONAL 400G,SLISS,Emb. 0.4 LT,"5,49€","13,73€ / LT",
Chourição Fatiado Tapas,CAMPOFRIO,Emb. 0.08 KG,"1,68€","21,00€ / KG",
Massa Macarronete GR,MILANEZA,Emb. 0.5 KG,"1,59€","3,18€ / KG",
Snacks Húmidos P/ Gato Esterilizado 2 de Frango e 2 de Vaca,PURINA,Emb. 0.34 KG,"2,95€","8,68€ / KG",
COOKIES C/PEPITAS 3 CHOCOLATES E BASE CHOCOLATE DE LEITE,P'TIT DÉLI,Emb. 0.2 KG,"1,59€","7,95€ / KG",
Tarte Gelada Baunilha,VIENNETTA,Emb. 0.65 LT,"2,99€","4,60€ / LT",
"ARROZ MUNDO ORIENTE BASMATI , 1kg",ORIENTE,,"3,19€",/ Unid.,
Água S/ Gás Mineral Natural,,Garrafa 0.5 LT,"0,20€","0,40€ / LT",
SACO PLATICO P/TABULEIRO P/GATO PM 10UN,P'TIT AMI,Emb. 10 UNID.,"1,89€","0,19€ / UNID.",
Cera Signature,AXE,Emb. 0.075 LT,"3,99€","53,20€ / LT",
Tortellini de Carne,KNORR,Emb. 0.25 KG,"2,69€","10,76€ / KG",
TIRAS FINISSIMAS BACON EXTRA FUMADO -25% SAL 2X75G,TRADILÈGE,Emb. 2 UNID.,"1,85€","0,93€ / UNID.",
"CANETA ROLLER GEL RETRATIL PRETA 0,5MM",ESQUISSE,Emb. 1 UNID.,"0,59€","0,59€ / UNID.",
CREME PARA BARRAR CACAU E AVELAS SEM OLEO PALMA BIO,,Emb. 0.35 KG,"3,14€","8,97€ / KG",
Bolachas Cobertas Chocolate,P'TIT DÉLI,Emb. 0.25 KG,"2,29€","9,16€ / KG",
SKYR NATURAL 450G,DÉLISSE,Emb. 0.45 KG,"1,75€","3,89€ / KG",
TAPETE ANTI-DERRAPANTE WC TRANSPARENTE 67X35,SILLAGE,Emb. 1 UNID.,"3,99€","3,99€ / UNID.",
Fiambre Peito de Peru,CAMPO FINO,1 Unid. = 0.1 KG (aprox.),"10,99€/kg","1,10€ / Unid.",
Queijo Bola Flamengo,AGROS,Emb. 1.4 KG (aprox.),"7,99€/kg","11,19€ / Unid.",
Água S/ Gás,ECO+,Garrafa 0.5 LT,"0,16€","0,32€ / LT",
Snack P/ Cão Médio 12-25kg,PURINA,Emb. 0.115 KG,"2,25€","19,57€ / KG",
Canela em Pau Especiarias,RUSTICA,Emb. 0.03 KG,"0,75€","25,00€ / KG",
Ambientador bougie edition,AIR WICK,Emb. 0.105 LT,"3,67€","34,95€ / LT",
Pastilha Elástica Senses Rainforest Mint,TRIDENT,Emb. 0.023 KG,"0,92€","40,00€ / KG",
Batatas Fritas no Forno,LAY'S,Emb. 0.15 KG,"2,19€","14,60€ / KG",
Rissóis de Pescada,,Emb. 8 UNID.,"1,19€","0,15€ / UNID.",
Fraldas Bebé T5 Ultra Confort11/25 Kg,MOTS D'ENFANTS,Emb. 23 UNID.,"4,45€","0,19€ / UNID.",
Champô Cabelos Normais Fructis 2 em 1,GARNIER,Emb. 0.25 LT,"3,99€","15,96€ / LT",
Vinho Regional Douro Tinto,ADEGA DE VILA REAL,Garrafa 0.75 LT,"2,89€","3,85€ / LT",
CUBO SABAO DE MARSELHA 300G,UNÍ VERT,,"1,99€",/ Unid.,
Conserva de Milho Doce,NOTRE JARDIN,Lata 0.285 KG,"0,99€","3,47€ / KG",
Pensos Diários Finos Pocket,DOULYS,Emb. 30 UNID.,"0,95€","0,03€ / UNID.",
Caldo de Legumes 8 Cubos,KNORR,Emb. 0.08 KG,"1,49€","18,63€ / KG",
Massa Cotovelinhos Biológica,,Emb. 0.5 KG,"1,19€","2,38€ / KG",
VASSOURA CRUZ LOTUS,,Emb. 1 UNID.,"2,89€","2,89€ / UNID.",
ELIXIR BOCAL DE MENTA,DENTAMYL,Emb. 0.5 LT,"1,29€","2,58€ / LT",
Café Delta Grão Lote Superior,DELTA,Emb. 1 KG,"14,99€","14,99€ / KG",
"BEBIDA SOJA CHOCOLATE, 1L",ALPRO,Emb. 1 LT,"1,89€","1,89€ / LT",
Queijo Fatiado Castelões Original,CASTELÕES,Emb. 0.2 KG,"2,25€","11,25€ / KG",
Queijo de Vaca Meio Gordo D.Pedro,D. PEDRO,1 Unid. = 1.5 KG (aprox.),"11,99€/kg","17,99€ / Unid.",
Cereais de Aveia Integral C/ Chocolate Preto,FITNESS,Emb. 0.375 KG,"2,99€","7,97€ / KG",
Whisky William Lawson\'s,WILLIAM LAWSON'S,Garrafa 1 LT,"18,99€","18,99€ / LT",
CANETA ROLLER PONTA MEDIA VARIAS CORES,ESQUISSE,Emb. 3 UNID.,"2,50€","0,83€ / UNID.",
Crepes de Chocolate com Cereais Crocantes,P'TIT DÉLI,Emb. 0.256 KG,"1,99€","7,77€ / KG",
Sumo Maçã,JAFADEN,Emb. 1.2 LT,"1,49€","1,24€ / LT",
Rebentos Feijão Mungo,BONDUELLE,Emb. 0.6 KG,"2,98€","4,97€ / KG",
MOUSSE BOVINO E AVES P/ GATO BIO 200G,PLENIMA,Emb. 0.2 KG,"1,29€","6,45€ / KG",
OIKOS NATURAL 110G X4,OIKOS,Emb. 0.44 KG,"2,39€","5,43€ / KG",
ALIMENTO HUMIDO CARNE/CENOURA P/ CAO 1240G,LYDOG,Emb. 1.24 KG,"2,05€","1,65€ / KG",
Sumo 100% Multifrutis Biológico 6 Unid.,,Emb. 0.12 LT,"2,99€","24,92€ / LT",
CREME ANTI-RUGAS BIO 50ML,BIONAÏA,Emb. 0.05 LT,"4,67€","93,40€ / LT",
DETERGENTE LIQUIDO FRESCURA ATIVOS VEGETAIS 50D,XÉOR,,"4,99€",/ Unid.,
Bolachas Recheadas Chocolate,ECO+,Emb. 0.5 KG,"1,39€","2,78€ / KG",
TABLETE CHOCOLATE NEGRO 85% 100G,CEMOI,Emb. 0.1 KG,"0,99€","9,90€ / KG",
Tablete Chocolate Culinária,NESTLÉ,Emb. 0.2 KG,"1,79€","8,95€ / KG",
Milho Doce 3X85g,BONDUELLE,Emb. 0.255 KG,"1,59€","6,24€ / KG",
LEITE CREME 4X23G TABLIER BLANC,TABLIER BLANC,Emb. 0.092 KG,"0,49€","5,33€ / KG",
COUSCOUS C/FRANGO E MERGUEZ 450G,CÔTÉ TABLE,Emb. 0.45 KG,"2,95€","6,56€ / KG",
PILHAS ALCALINAS LR03,FOXTER,Emb. 8 UNID.,"3,59€","0,45€ / UNID.",
Detergente para a Maquina da Roupa Active Clean,SKIP,Emb. 1.458 LT,"14,99€","10,28€ / LT",
Proteção de Dentes e Gengivas Menta,LISTERINE,Emb. 0.25 LT,"3,95€","15,80€ / LT",
Rolo de Cozinha Maxi Absorção,RENOVA,Emb. 4 ROLOS,"2,49€","0,62€ / ROLOS",
SOBREMESA CREME BROWNIE,DÉLISSE,Emb. 0.5 KG,"1,59€","3,18€ / KG",
Conserva de Azeitona Verde Inteira,RUSTICA,Frasco 0.36 KG,"1,19€","3,31€ / KG",
Bolachas Tosta Rica Choco Guay,CUÉTARA,Emb. 0.168 UNID.,"2,76€","16,43€ / UNID.",
MOLHO DE COGUMELOS DESIDRATADO,RUSTICA,Emb. 0.027 KG,"0,79€","29,26€ / KG",
ERVILHAS CONGELADAS,NOTRE JARDIN,Emb. 0.4 KG,"0,69€","1,73€ / KG",
Massa Cotovelinho Clássica,NACIONAL,Emb. 0.5 KG,"1,49€","2,98€ / KG",
Aparas de Madeira Perfumadas Limão Roedores,TOUS MES AMIS,Emb. 15 LT,"2,49€","0,17€ / LT",
Queijo Mini Babybel,BABYBEL,Emb. 0.12 KG,"1,94€","16,17€ / KG",
Pinça P/ Depilação Prateada,,Emb. 1 UNID.,"2,19€","2,19€ / UNID.",
Mini Gelados Double Caramelo Pack 6,MAGNUM,Emb. 0.36 LT,"4,45€","12,36€ / LT",
Açúcar Mascavado,TÉVA,Emb. 0.75 KG,"1,69€","2,25€ / KG",
Água sem Gás Mineral,LUSO,Garrafa 0.33 LT,"0,35€","1,06€ / LT",
Creme Soft Hidratante Intensivo,NIVEA,Emb. 0.2 LT,"5,69€","28,45€ / LT",
Leite Bem Especial Crescimento 1 a 3 anos,MIMOSA,Emb. 1 LT,"1,79€","1,79€ / LT",
"Carregador Usb 2,4A",LINKSTER,Emb. 1 UNID.,"9,90€","9,90€ / UNID.",
PALETTE 9.7 LOURO ACOBREADO,PALETTE,Emb. 1 UNID.,"4,79€","4,79€ / UNID.",
Queijo Bola Flamengo,LIMIANO,1 Unid. = 1.6 KG (aprox.),"7,95€/kg","12,72€ / Unid.",
Vinho Regional Alentejo Branco,PORTA DA RAVESSA,Garrafa 0.75 LT,"2,59€","3,45€ / LT",
Pastis de Marseille,VIVALIS,Garrafa 0.7 LT,"10,49€","14,99€ / LT",
COLA BATON 20G,ESQUISSE,Emb. 1 UNID.,"0,99€","0,99€ / UNID.",
Autobrilhante Creme Calçado com Esponja,BUFALO,Emb. 0.04 LT,"2,96€","74,00€ / LT",
Vinho Tinto,SANTA MARTA,Bag in Box 5 LT,"8,50€","1,70€ / LT",
Café Cápsulas Vellutato Intensidade 9,PLANTATION,Emb. 10 CAPS.,"1,78€","0,18€ / CAPS.",
Barras de Cereais Light Muesly Chocolate 6x20g,HERO,Emb. 0.12 KG,"1,79€","14,92€ / KG",
Noodles Queijo e Ervas,KNORR,Emb. 0.061 KG,"1,19€","19,51€ / KG",
Cereais Bolacha Maria,NESTUM,Emb. 0.25 KG,"1,99€","7,96€ / KG",
Mousse de Chocolate Preto e de Leite 8X60g,DÉLISSE,Emb. 0.96 LT,"2,19€","2,28€ / LT",
Café Cápsulas XL Qalidus Intensidade 10,DELTA Q,Emb. 40 CAPS.,"12,99€","0,32€ / CAPS.",
Wafers com Cobertura Chocolate de Leite,P'TIT DÉLI,Emb. 0.175 KG,"1,69€","9,66€ / KG",
Barras de Cereais de Chocolate C/ Leite 6 Unid.,NESQUIK,Emb. 0.15 KG,"2,99€","19,93€ / KG",
Vinho Regional Alentejano Tinto,DOM MARTINHO,Garrafa 0.75 LT,"5,29€","7,05€ / LT",
Queijo Curado Apimentado Alavão,SALOIO,1 Unid. = 1.492 KG (aprox.),"6,99€/kg","10,43€ / Unid.",
QUEIJO FLAMENGO FATIADO LIGHT,QUEIJO NA TÁBUA,Emb. 0.2 KG,"1,89€","9,45€ / KG",
Anti-Transferência de Cor Ultra Toalhitas,VANISH,Emb. 10 UNID.,"3,49€","0,35€ / UNID.",
Licor Carolans,CAROLANS,Garrafa 0.7 LT,"12,99€","18,56€ / LT",
FOLHADOS FEUILLETINE 135G,DU BOIS DE LA ROCHE,Emb. 0.135 KG,"1,54€","11,41€ / KG",
Gel de Banho Naturals Amêndoa e Leite,PALMOLIVE,Emb. 0.5 LT,"2,69€","5,38€ / LT",
CONCHAS DO MAR 6UN,CÔTÉ TABLE,Emb. 0.66 KG,"4,99€","7,56€ / KG",
Bacalhau em Azeite Virgem Extra e Alho,BOM PETISCO,Emb. 0.12 KG,"2,99€","24,92€ / KG",
Gelatina Alimentar em Folha,TABLIER BLANC,Emb. 9 UNID.,"0,84€","0,09€ / UNID.",
Bolacha Wafer Framboesa,VIEIRA,Emb. 0.15 KG,"1,25€","8,33€ / KG",
Queijo de Vaca Meio Gordo Fonte Mourisca,LACTO SERRA,1 Unid. = 0.25 KG (aprox.),"7,99€/kg","2,00€ / Unid.",
QUEIJO PARA BARRAR COM PIMENTA,LES CROISÉS,Emb. 0.15 KG,"1,09€","7,27€ / KG",
Difusor e Recarga Elétrica Lavanda e Camomila,AIR WICK,Emb. 0.019 LT,"5,39€","283,68€ / LT",
Sortidos de Biscoitos,ECO+,Emb. 0.5 KG,"1,99€","3,98€ / KG",
Stick P/ Gato Salmão 3X5G,LYCAT,Emb. 3 UNID.,"0,49€","0,16€ / UNID.",
Sacos Cozedura no Forno Elembal,ELEMBAL,Emb. 5 UNID.,"0,70€","0,14€ / UNID.",
Bolachas Cream Cracker Nova Receita,VIEIRA,Emb. 0.2 KG,"1,05€","5,25€ / KG",
Lenços de Bolso Menta Sensitive 4 Folhas,RENOVA,Emb. 6 UNID.,"0,89€","0,15€ / UNID.",
Mandioca,,1 Unid. = 0.54 KG (aprox.),"3,49€/kg","1,88€ / Unid.",
Alimento Húmido P/ Gato Carne de Vaca e Tomate,GOURMET GOLD,Emb. 0.085 KG,"0,75€","8,82€ / KG",
Bechamel,PARMALAT,Emb. 0.2 KG,"0,99€","4,95€ / KG",
Champô SOS,AUSSIE,Emb. 0.29 LT,"5,99€","20,66€ / LT",
FILETES DE BACALHAU PANADOS 4UN,PÊCHE OCÉAN,Emb. 0.5 KG,"5,99€","11,98€ / KG",
CROISSANT CONGELADO 6UN,EPI D'OR,Emb. 0.36,"2,59€","7,19€ /",
"GEL DUCHE ""BAMBU/TORANJA"" CONCENTRADO",NATEIS,,"1,85€",/ Unid.,
Salsichas Peru Forno Lenha,IZIDORO,Emb. 5 UNID.,"2,49€","0,50€ / UNID.",
Conserva de Salsichas Extra Suculentas Aves 7 Unid.,NOBRE,Frasco 0.35 KG,"1,68€","4,80€ / KG",
Eau De Toilette Umbro Ice,UMBRO,Emb. 0.03 LT,"7,91€","263,67€ / LT",
PENSOS HIGIENICOS U.FINOS NORMAL 16UN,DOULYS,Emb. 16 UNID.,"1,05€","0,07€ / UNID.",
Mostarda,RUSTICA,Emb. 0.225 KG,"1,19€","5,29€ / KG",
Máquinas de Barbear Descartáves Sensor 3 Comfort,GILLETTE,Emb. 5,"7,39€","1,48€ /",
QJ MINI MOZZA 150G,LES CROISÉS,Emb. 0.15 KG,"1,38€","9,20€ / KG",
Saco Cubos Gelos,ELEMBAL,Emb. 15 UNID.,"0,69€","0,05€ / UNID.",
Vinho Regional Douro Tinto,MONTES ERMOS,Garrafa 0.75 LT,"3,48€","4,64€ / LT",
Cevada Solúvel sem Café,DELTA,Frasco 0.2 KG,"1,74€","8,70€ / KG",
Preparado Sopa de Cozido,KNORR,Emb. 0.069 KG,"1,49€","21,59€ / KG",
ALIMENT BEBE: PURE ERVILHAS BIO +4M  2X120G,BIO VILLAGE BEBE,Emb. 0.24 KG,"1,45€","6,04€ / KG",
PILHA ALCALINA 6LR61,FOXTER,Emb. 1 UNID.,"3,29€","3,29€ / UNID.",
Batatas Fritas Onduladas,RUFFLES,Emb. 0.18 KG,"2,38€","13,22€ / KG",
Desodorizante Roll-On Invisible Care,DOVE,Emb. 0.05 LT,"2,69€","53,80€ / LT",
AGUA MICELAR,INELL,Emb. 0.5 LT,"2,59€","5,18€ / LT",
Crepes com Manteiga,P'TIT DÉLI,Emb. 0.3 KG,"1,99€","6,63€ / KG",
Barrinhas P/ Canários sabor a Ovo,TOUS MES AMIS,Emb. 0.06 KG,"1,69€","28,17€ / KG",
Amaciador de Roupa Rosa,,Emb. 4 LT,"1,99€","0,50€ / LT",
Toalhitas Limpa Vidros,CLAIR,Emb. 20 UNID.,"0,89€","0,04€ / UNID.",
Líquido Sanitário Lixívia Perfumada,NEOBLANC,Emb. 0.7 LT,"2,09€","2,99€ / LT",
VELA NUMERO FUN 3,ARDENCE,Emb. 1 UNID.,"0,99€","0,99€ / UNID.",
Piri-Piri Receita Tradicional,CALVÉ,Emb. 0.05 KG,"1,95€","39,00€ / KG",
Sortido Feltro Adesivos 186 Peças,FOXTER,,"3,15€",/ Unid.,
Sticks P/ Gato C/ Frango,TOUS MES AMIS,Emb. 3 UNID.,"0,49€","0,16€ / UNID.",
Gelado Clássico Pack 6,CORNETTO,Emb. 0.54 LT,"4,45€","8,24€ / LT",
Alimento para peixe lago,TETRA,Emb. 1,"3,98€","3,98€ /",
OSSO PRESUNTO 1UN,TOUS MES AMIS,Emb. 1 UNID.,"2,25€","2,25€ / UNID.",
MIOLO DE NOZ,TABLIER BLANC,Emb. 0.05 KG,"0,99€","19,80€ / KG",
Vodka Premium 100% Pure,ERISTOFF,Garrafa 0.7 LT,"12,98€","18,54€ / LT",
CHOURICAO FATIADO,CAMPO FINO,Emb. 0.15 KG,"1,19€","7,93€ / KG",
CAPS CAFE COMP C/ DQ XL MAXIMO - INT10,PLANTATION,40 UNID.,"6,49€","0,16€ / UNID.",
Guardanapos 2 Folhas Tipo Tecido,MARQUE REPERE,Emb. 40 UNID.,"1,49€","0,04€ / UNID.",
FIAMBRE PA EXTRA PARIS 4 FATIAS -25% SAL,TRADILÈGE,Emb. 0.14 KG,"1,99€","14,21€ / KG",
Iogurte Líquido Morango 4x155g,CORPOS DANONE,Emb. 0.62 KG,"1,69€","2,73€ / KG",
Alimento Húmido para Gato Patê Aves,ECO+,Emb. 0.1 KG,"0,27€","2,70€ / KG",
Chá Preto English Breakfast,LIPTON,Emb. 20 SAQS,"1,29€","0,06€ / SAQS",
CONJUNTO 10 CANETAS VARIAS CORES,ECO+,Emb. 10 UNID.,"1,49€","0,15€ / UNID.",
Sticks Dentários,PLENIMA,Emb. 0.18 G,"1,79€","9,94€ / G",
"""QUENELLES"" DE VITELA C/ MOLHO ""FINANCIERE""",CÔTÉ TABLE,Emb. 0.4 KG,"1,49€","3,73€ / KG",
SACOS LIXO C/ ATILHO 30L,ELEMBAL,Emb. 25 UNID.,"1,19€","0,05€ / UNID.",
BOLACHA MY COOKIES AVEIA,NACIONAL,Emb. 0.15 KG,"1,99€","13,27€ / KG",
Pão de Especiarias com Mel Biológico,,Emb. 0.3 KG,"1,99€","6,63€ / KG",
Recarga Sabonete Líquido Lavanda,MANAVA,Emb. 0.25 LT,"0,65€","2,60€ / LT",
Vinho Rosé Frutado,SALVE,Garrafa 0.75 LT,"1,29€","1,72€ / LT",
Barrinhas de Pescada Panada Temperada com Limão s/ Glúten,PESCANOVA,Emb. 0.3 KG,"2,99€","9,97€ / KG",
Bolachas Tosta Rica Oceanix,CUÉTARA,Emb. 0.16 KG,"1,99€","12,44€ / KG",
Paté Cabeça de Porco C/ Salsa.,TRADILÈGE,Emb. 0.18 KG,"2,29€","12,72€ / KG",
Vinho Regional Douro Tinto,PAPA FIGOS,Garrafa 0.75 LT,"7,49€","9,99€ / LT",
Gelado Romântica Original,CARTE D'OR,Emb. 0.75 LT,"4,84€","6,45€ / LT",
Refrigerante C/ Gás Zero Açúcar Pack 4,COCA COLA,Emb. 4 LT,"4,55€","1,14€ / LT",
Bolachinhas P/ Bebé +6 meses,NESTLÉ,Emb. 0.18 KG,"2,49€","13,83€ / KG",
QUEIJO FLAMENGO FATIADO,ECO+,Emb. 0.2 KG,"1,49€","7,45€ / KG",
TERRA UNIVERSAL,ECO+,Emb. 40 LT,"3,29€","0,08€ / LT",
Bolachas Crackers com Azeite e Rosmaninho,DU BOIS DE LA ROCHE,Emb. 0.2 KG,"1,54€","7,70€ / KG",
Cinta C/ Fivela 5Metros,ECO+,Emb. 2 UNID.,"2,50€","1,25€ / UNID.",
Cevada Especial Torrada Moída,DELTA,Emb. 0.25 KG,"0,88€","3,52€ / KG",
Margarina Óleo Girassol 1/2 Sal,NAT&VIE,Emb. 0.5 KG,"1,99€","3,98€ / KG",
Recarga Máquina de Barbear Sensor Excel,GILLETTE,Emb. 5 UNID.,"9,89€","1,98€ / UNID.",
ALIMENTO HUMIDO ALMONDEGAS AVE P/ GATO,ECO+,Emb. 0.82 KG,"1,29€","1,57€ / KG",
Vinho Regional Douro Tinto,VINHA GRANDE,Garrafa 0.75 LT,"9,98€","13,31€ / LT",
Mini Tostas Normais Retangulares,BIMBO,Emb. 0.1 KG,"1,24€","12,40€ / KG",
Pimenta Preta Grãos,RUSTICA,Frasco 0.04 KG,"1,50€","37,50€ / KG",
Deo Spray Invisible para Homem,SANEX,Emb. 0.2 LT,"2,39€","11,95€ / LT",
VARINHA MAGICA 600W C/ACESSORIOS,ELSAY,Emb. 1 UNID.,"29,90€","29,90€ / UNID.",
CHOCOLATE PRETO C/ PEPITAS DE CARAMELO E FLOR DE SAL,EQUADOR,Emb. 0.1 KG,"1,19€","11,90€ / KG",
Alimento Húmido P/ Gato Gold Mousse C/ Frango,GOURMET,Emb. 0.085 KG,"0,75€","8,82€ / KG",
AMBIENTADOR GEL LIRIO VALE,BIEN AIR,Emb. 0.15 KG,"0,89€","5,93€ / KG",
Ice Tea Limão 2x2lt,LIPTON,Emb. 4 LT,"4,99€","1,25€ / LT",
Bolachas Crocantes sem Glúten 2x125g,CHAQUE JOUR SANS GLUTEN,Emb. 0.25 KG,"2,99€","11,96€ / KG",
Gelatina de Manga,KOALA,Emb. 0.13 KG,"1,09€","8,38€ / KG",
Esfregão Verde Clássico Cuide das suas Mãos,SCOTCH BRITE,Emb. 2 UNID.,"1,77€","0,89€ / UNID.",
ARROZ CANTONES PRE COZIDO EXPRESS,COMPTOÍR DU GRAIN,Emb. 0.25 KG,"1,09€","4,36€ / KG",
Xarope de Limão,FRUCCI,Garrafa 0.75 LT,"3,89€","5,19€ / LT",
Creme 6 Chocolate e 6 Baunilha 12x125 g,ECO+,Emb. 1.5 KG,"2,69€","1,79€ / KG",
Bolachas de Trigo e Sementes de Sésamo,NAT&VIE,Emb. 0.2 KG,"1,69€","8,45€ / KG",
BLOCO SANITARIO ANTI-TARTARO PINHO 3UN,ECO+,Emb. 3 UNID.,"0,99€","0,33€ / UNID.",
Pantene Creme de Pentear Sem Enxaguar Cabelo ondulado 270ml,PANTENE PV,Emb. 0.27 LT,"4,49€","16,63€ / LT",
Pá Mão,BEAUX JOURS,Emb. 1 UNID.,"2,99€","2,99€ / UNID.",
Compota de Maçã e Pêra Biológica 4x100g,,Emb. 0.4 KG,"1,99€","4,98€ / KG",
PENSOS INCONTINENCIA U. FINOS NORMAL POCKET,CHORYS,Emb. 16 UNID.,"1,99€","0,12€ / UNID.",
SNACKS PREMIUM CARNE 50G LYCAT,LYCAT,Emb. 0.05 KG,"1,29€","25,80€ / KG",
MOLHO PIMENTA,RUSTICA,Emb. 0.3 LT,"1,39€","4,63€ / LT",
Sopa Rabo de Boi 4 Porções,KNORR,Emb. 0.071 KG,"1,49€","20,99€ / KG",
Desodorizante Roll- On Dry Fresh,NIVEA,Emb. 0.05 LT,"3,65€","73,00€ / LT",
Cerveja com Álcool 15x20cl,SUPER BOCK,Emb. 3 LT,"6,59€","2,20€ / LT",
Tomato Frito,HEINZ,Emb. 0.35 KG,"1,19€","3,40€ / KG",
SYOSS OLEO INT. 4-18 CAST.PRALI,SYOSS,,"6,24€",/ Unid.,
Filetes Primavera Alecrim & Sal Marinho,IGLO,Emb. 0.225 KG,"3,99€","17,73€ / KG",
Cápsulas Café Au Lait Galão,DOLCE GUSTO,Emb. 16 CAPS.,"5,57€","0,35€ / CAPS.",
QUEIJO EDAM FATIADO,ECO+,Emb. 0.5 KG,"3,55€","7,10€ / KG",
Ancinho Mão,BEAUX JOURS,Emb. 1 UNID.,"3,49€","3,49€ / UNID.",
IOGURTE LIQUIDO SABOR A MORANGO 8H FORA FRIGORIFICO,DÉLISSE,Emb. 0.8 KG,"1,99€","2,49€ / KG",
IOGURTE BIFIDUS COCO,DÉLISSE,Emb. 0.5 KG,"0,99€","1,98€ / KG",
VASSOURA RELVA FIXO ECO+,ECO+,Emb. 1 UNID.,"3,99€","3,99€ / UNID.",
Doce de Morango Biológico,,Emb. 0.37 KG,"2,15€","5,81€ / KG",
Gin London Dry,TANQUERAY,Garrafa 0.7 LT,"18,98€","27,11€ / LT",
Massa Letras Clássica,NACIONAL,Emb. 0.25 KG,"0,59€","2,36€ / KG",
Alimento Húmido P/ Gatinhos C/ Vitela,GOURMET,Emb. 0.085 KG,"0,74€","8,71€ / KG",
Ameixa Seca Descaroçada,MARQUE REPERE,Emb. 0.2 KG,"2,19€","10,95€ / KG",
Pastilhas Elásticas sem Açúcar Sabor Menta Verde 70Unid.,NEW'R,Emb. 0.102 KG,"1,78€","17,45€ / KG",
SACO CONGELACAO PEQUENO,ELEMBAL,Emb. 50 UNID.,"0,79€","0,02€ / UNID.",
TARTE DE MACA,P'TIT DÉLI,Emb. 0.3 KG,"2,99€","9,97€ / KG",
Vinho D'Alsace Pinot Gris A.O.C. 2014,REBMANN,Garrafa 0.75 LT,"5,99€","7,99€ / LT",
Sais de Fruta Digestivo Limão,ENO,Emb. 10 UNID.,"4,28€","0,43€ / UNID.",
CANETA FELTRO PONTA FINA VARIAS CORES 12UN,ESQUISSE,Emb. 12 UNID.,"4,49€","0,37€ / UNID.",
Piano Reserva 2016 Douro Branco,PIANO,Emb. 0.75 LT,"6,99€","9,32€ / LT",
"GEL DUCHE ""CACTO/BANANA"" CONCENTRADO",NATEIS,,"1,85€",/ Unid.,
Filetes de Atum ao Natural,PÊCHE OCÉAN,Emb. 0.19 KG,"3,59€","18,89€ / KG",
Barrinhas P/ Canários sabor a Frutas,TOUS MES AMIS,Emb. 0.06 KG,"1,69€","28,17€ / KG",
ACUCAR DE PALMA DE COCO BIO,,,"3,23€",/ Unid.,
Vinho de Mesa Tinto,ECO+,Emb. 2 LT,"2,69€","1,35€ / LT",
Cebola Roxa,,1 Unid. = 0.5 KG  (aprox.),"1,29€/kg","0,65€ / Unid.",
Queijo Bola Flamengo,TERRA NOSTRA,Emb. 1.4 KG (aprox.),"8,49€/kg","11,89€ / Unid.",
Destop Manutenção de Canalizações Perfumado,DESTOP,Emb. 0.75,"5,99€","7,99€ /",
Salteado do Campo,BONDUELLE,Emb. 0.75 KG,"4,99€","6,65€ / KG",
Refrigerante C/ Gás Laranja Pack 6,FANTA,Emb. 1.98 LT,"3,86€","1,95€ / LT",
BOLO DE SEMOLA C/ UVAS,DÉLISSE,Emb. 0.4 KG,"2,25€","5,63€ / KG",
PILHAS ALCALINAS LR3 TECH+,FOXTER,Emb. 8 UNID.,"3,59€","0,45€ / UNID.",
CABIDE MADEIRA RECTA X6,,Emb. 1 UNID.,"5,99€","5,99€ / UNID.",
BARQUETTES MORANGO BIO,,Emb. 0.12 KG,"1,79€","14,92€ / KG",
DANACOL LÍQUIDO COLESTEROL NOZ,DANACOL,Emb. 6 UNID.,"2,99€","0,50€ / UNID.",
LACA FIXACAO NORMAL STYLING 300ML,VITANOVE,Emb. 0.3 LT,"1,59€","5,30€ / LT",
Café Torrado Puro Arabica Moído,,Emb. 0.5 KG,"3,99€","7,98€ / KG",
EXFOLIANTE FACIAL TODO TIPO PELE 75ML,BIONAÏA,Emb. 0.075 LT,"2,49€","33,20€ / LT",
Pantene Volume & Brilho Máscara 160 ml,PANTENE PV,Emb. 0.16 LT,"4,89€","30,56€ / LT",
Recargas Elétricas para Ambientador,AIR WICK,Emb. 0.019 LT,"10,64€","560,00€ / LT",
VINAGRE CRISTAL BRANCO 0.75L,CRISTAL,,"1,29€",/ Unid.,
Pimento Vermelho,,1 Unid. = 0.21 KG (aprox.),"2,09€/kg","0,44€ / Unid.",
Chá Preto Immune Support de Gengibre e Cúrcuma,LIPTON,Emb. 20 SAQS,"1,74€","0,09€ / SAQS",
Feijão Frade Seco,NOTRE JARDIN,Emb. 0.5 KG,"0,99€","1,98€ / KG",
CASSOULET DE CASTELNAUDARY,NOS RÉGIONS ONT DU TALENT,Emb. 0.84 KG,"5,99€","7,13€ / KG",
Abrilhantador Loiça 0%,FINISH,Emb. 0.4 LT,"5,19€","12,98€ / LT",
Creme Limpeza Original Multiusos,CIF,Emb. 0.7 LT,"2,49€","3,56€ / LT",
BL2 LED SPOT 3-35W GU10,FOXTER,Emb. 2 UNID.,"6,99€","3,50€ / UNID.",
Bebida de Aveia,SHOYCE,Emb. 1 LT,"1,65€","1,65€ / LT",
Desodorizante Roll-On Invisible 48H,REXONA,Emb. 0.05 LT,"2,39€","47,80€ / LT",
Sticks Dentários Cão Pequeno 7 Unid.,PLENIMA,Emb. 0.11 KG,"1,09€","9,91€ / KG",
Bolachas de Água e Sal,VIEIRA,Emb. 0.375 KG,"2,67€","7,12€ / KG",
Sumo 100% Maçã Bio,,Emb. 1 LT,"1,19€","1,19€ / LT",
Maçã Golden Cal. 70/75,,1 Unid. = 0.21 KG (aprox.),"0,99€/kg","0,21€ / Unid.",
Alimento P/ Gato de Frango C/ Mandioca S/ Glúten,BEYOND,Emb. 1.2 KG,"12,26€","10,22€ / KG",
Esfregona Suave com Cabo,VILEDA,Emb. 1 UNID.,"7,49€","7,49€ / UNID.",
AGUA PENTEAR SPRAY,VITANOVE,Emb. 0.15 LT,"1,49€","9,93€ / LT",
Alimento Seco P/ Gato Sénior +11 Frango,PURINA ONE,Emb. 0.8 KG,"6,10€","7,63€ / KG",
Queijo Fatiado 2X200 g,LIMIANO,Emb. 0.4 KG,"4,19€","10,48€ / KG",
"CARREGADOR USB 2,4A + CABO USB/USB C 1,2M PRETO",LINKSTER,Emb. 1 UNID.,"10,99€","10,99€ / UNID.",
Sementes de Girassol,MARQUE REPERE,Emb. 0.2 KG,"0,99€","4,95€ / KG",
Massa Espirais Clássica,NACIONAL,Emb. 0.5 KG,"1,49€","2,98€ / KG",
"CHUPA CHUPS ASSORT S/ACUCA,,66G",,,"2,59€",/ Unid.,
Preparado Sopa Regular Legumes,KNORR,Emb. 0.063 KG,"1,49€","23,65€ / KG",
Luvas para Uso Doméstico Tamanho L,MAMISON,Emb. 1 UNID.,"0,69€","0,69€ / UNID.",
IOGURTES EM TUBO C/FRUTAS X12,DÉLISSE,Emb. 0.48 KG,"2,15€","4,48€ / KG",
DETERGENTE LIQUIDO PERFECT PRETO 25D,EPSIL,Emb. 25 DOSES,"1,89€","0,08€ / DOSES",
FRALDA INCONTINENCIA GRANDE,CHORYS,Emb. 20 UNID.,"10,99€","0,55€ / UNID.",
BL1 LED CHAMA 3.2W - 25W E14,FOXTER,Emb. 1 UNID.,"2,49€","2,49€ / UNID.",
Bolacha 0% Açúcar,CHIQUILÍN,Emb. 0.175 KG,"1,99€","11,37€ / KG",
Esfregona de Algodão,,Emb. 1 UNID.,"0,90€","0,90€ / UNID.",
Refrigerante C/ Gás Cola Zero,JEAN'S,Garrafa 1.5 LT,"0,59€","0,39€ / LT",
Champô Cabelo Criança Alperce e Flor de Algodão,ULTRA SUAVE,Emb. 0.25 LT,"3,98€","15,92€ / LT",
Bolachas Recheadas C/ Frutos do Bosque,MC VITIE'S,Emb. 0.218 KG,"1,95€","8,95€ / KG",
ACETONA,ECO+,Emb. 0.25 LT,"1,09€","4,36€ / LT",
BANDAS DEPILATORIAS CERA FRIA PELE SENSIVEL AXILA/VIRILHA 16UN,SLISS,Emb. 16 UNID.,"1,65€","0,10€ / UNID.",
AZEITONA VERDE S/CAROCO -25% TEOR SAL,RUSTICA,Emb. 0.335 KG,"1,39€","4,15€ / KG",
CADERNO ESPIRAL PAUTADO C. PP A4 120F,ESQUISSE,Emb. 1 UNID.,"3,19€","3,19€ / UNID.",
Rum Carta Blanca,BACARDI,Garrafa 0.7 LT,"16,99€","24,27€ / LT",
Caldo Natura de Galinha Pack 4,KNORR,Emb. 0.112 KG,"1,49€","13,30€ / KG",
Discos Activos Gel WC Marine,PATO,Emb. 0.036 LT,"4,00€","111,11€ / LT",
Sobremesa Gelado Mini Chocolate e Caramelo 6x60ml,MAGNUM,Emb. 0.36 LT,"4,45€","12,36€ / LT",
AUSONIA CUECAS INCONTINÊNCIA DISCREET PANTS NR TM 4X8,AUSONIA,,"5,99€",/ Unid.,
Uva Red Globe,,1 Unid. = 0.25 KG (aprox.),"2,29€/kg","0,57€ / Unid.",
Sais de Fruta Digestivo Original,ENO DIGESTIVO,Emb. 10 UNID.,"3,99€","0,40€ / UNID.",
Néctar de Pera Clássico 3 Unid.,JAFADEN,Emb. 0.6 LT,"0,89€","1,48€ / LT",
Sumo de Toranja Rosa,JAFADEN,Emb. 1 LT,"1,39€","1,39€ / LT",
Aveia Instantânea Natural,PROZIS,Emb. 1.25 KG,"349,00€","279,20€ / KG",
ESCOVA DE DENTES CRIANCA COM LUZ  +3 ANOS,PETIT DENTAMYL,Emb. 1 UNID.,"2,49€","2,49€ / UNID.",
Caldo de Galinha,KNORR,Emb. 0.084 KG,"1,39€","16,55€ / KG",
Little Bites,BIMBO,Emb. 0.188 KG,"1,99€","10,59€ / KG",
Água com Gás Groselha 4x25 cl,FRIZE,Emb. 1 LT,"2,56€","2,56€ / LT",
Chocolate de Leite Confetti,MILKA,Emb. 0.1 KG,"1,57€","15,70€ / KG",
Almôndegas,NOBRE,Emb. 0.42 KG,"2,74€","6,52€ / KG",
Rum Spice Gold,CAPTAIN MORGAN,Garrafa 0.7 LT,"13,99€","19,99€ / LT",
DENTIFRICO PROTECAO CARIE,DENTAMYL,Emb. 0.075 LT,"0,99€","13,20€ / LT",
Chouriço Corrente 4x100gr,PRIMOR,Emb. 0.4 KG,"2,34€","5,85€ / KG",
Queijo Fatiado Flamengo,LIMIANO,Emb. 0.2 KG,"2,29€","11,45€ / KG",
Pantene 3 Minute Miracle Liso & Sedoso,PANTENE PV,Emb. 0.2 LT,"5,25€","26,25€ / LT",
MANJERICAO PICADO,RUSTICA,Emb. 0.05 KG,"0,99€","19,80€ / KG",
Cola Cyano Líquida,FOXTER,Emb. 0.003 KG,"1,59€","530,00€ / KG",
Caldo Culinário 24 Cubos,CALVÉ,Emb. 0.24 KG,"1,94€","8,08€ / KG",
QUEIJO PARMIGIANO REGGIANO DOP 30MESES,TRADIZIONI D'ITALIA,Emb. 0.2 KG,"5,99€","29,95€ / KG",
Azeite Virgem Extra Seleção Ouro,OLIVEIRA DA SERRA,Garrafa 0.75 LT,"4,89€","6,52€ / LT",
Cápsulas Café Ristretto Napoli Style Intensidade 13,DOLCE GUSTO,Emb. 30 CAPS.,"11,49€","0,38€ / CAPS.",
LAMINAS DUPLO SENTIDO 10UN  10UN CARRE HOMME,CARRÉ HOMME,,"0,90€",/ Unid.,
MUESLI CHOCOLATE E AVELA TEOR ACUCAR REDUZIDO,GRAINEA,Emb. 0.35 KG,"2,69€","7,69€ / KG",
Papel Higiénico Decorado,MARQUE REPERE,Emb. 12 UNID.,"3,99€","0,33€ / UNID.",
Iogurte Original Natural Açucarado 2x135G,DANONE,Emb. 0.27 LT,"1,67€","6,19€ / LT",
Spaguetti,TRADIZIONI D'ITALIA,Emb. 0.5 KG,"1,39€","2,78€ / KG",
COBERTURA TABUA DE ENGOMAR 122x45,ECO+,Emb. 1 UNID.,"4,49€","4,49€ / UNID.",
Azeites Verdes,OLIVEIRA DA SERRA,Garrafa 0.75 LT,"4,26€","5,68€ / LT",
Chouriço Terra de Xisto,SNR,Emb. 0.25 KG,"3,65€","14,60€ / KG",
FILETES DE PESCADA,ECO+,Emb. 0.8 KG,"5,99€","7,49€ / KG",
BARRA CEREAIS ALPERCE,GRAINEA,Emb. 0.13 KG,"1,49€","11,46€ / KG",
Alimento Seco P/ Gato Croquetes Salmão e Legumes,LYCAT,Emb. 2 KG,"3,99€","2,00€ / KG",
ESPARGUETE INTEGRAL,TURINI,Emb. 0.5 KG,"1,39€","2,78€ / KG",
LENCOS FACIAIS 2F,ECO+,Emb. 150 UNID.,"0,89€","0,01€ / UNID.",
Amaciador Roupa Concentrado Lírios e Frutos Vermelhos,QUANTO,Emb. 84 DOSES,"4,89€","0,06€ / DOSES",
PURE MACA/RUIBARBO BAIXO TEOR ACUCAR,DOUCEUR DU VERGER,Emb. 0.4 KG,"1,59€","3,98€ / KG",
Leite Bem Essencial C/ Polpa de Morango 4 Unid.,MIMOSA,Emb. 0.8 LT,"1,99€","2,49€ / LT",
Agrião,,Emb. 0.15 KG,"0,99€","6,60€ / KG",
OIKOS MAÇA CANELA 110G X4,OIKOS,Emb. 0.44 KG,"2,39€","5,43€ / KG",
Iogurte Soja Baunilha 4 Unid.,NAT&VIE,Emb. 0.4 KG,"1,34€","3,35€ / KG",
Concentrado de Fruta Tropical,SUNQUICK,Garrafa 0.7 LT,"4,79€","6,84€ / LT",
Amaciador Concentrado Frescura 3 Unid.,HYPERDOU,Emb. 0.25 LT,"1,99€","7,96€ / LT",
PORTFOLIO A4 120 BOLSAS,ESQUISSE,Emb. 120 UNID.,"5,19€","0,04€ / UNID.",
Milho C/ Sal,MARQUE REPERE,Emb. 0.2 KG,"0,99€","4,95€ / KG",
Flocos de Mel,MOTS D'ENFANTS,Emb. 0.75 KG,"2,99€","3,99€ / KG",
CONJUNTO ESFREGONA ROTATIVA,,Emb. 1 UNID.,"19,99€","19,99€ / UNID.",
Ração Para Gato Ultima Esterilizado Bola De Pêlo Com Perú,ULTIMA,Emb. 3 KG,"17,90€","5,97€ / KG",
SPRAY LIMPA ESTOFOS 1 L 1L TECH9,TECH9,Emb. 1 LT,"3,19€","3,19€ / LT",
Água sem Gás,VITALIS,Garrafa 0.5 LT,"0,30€","0,60€ / LT",
Queijo Ralado 3 Queijos,LES CROISÉS,Emb. 0.15 KG,"1,69€","11,27€ / KG",
Conserva de Salsichas 8 Unid.,CÔTÉ TABLE,Lata 0.2 KG,"0,79€","3,95€ / KG",
Toalhitas Pele Sensível,MOTS D'ENFANTS,Emb. 63 UNID.,"1,29€","0,02€ / UNID.",
Vinho Regional Alentejo Tinto,ADEGA DE BORBA,Garrafa 0.75 LT,"3,45€","4,60€ / LT",
SNACKS PREMIUM PEIXE 50G LYCAT,LYCAT,Emb. 0.05 KG,"1,29€","25,80€ / KG",
Café Torrado Moído,PLANTATION,Emb. 0.25 KG,"1,69€","6,76€ / KG",
QUEIJO FRESCO ACUCARADO,DÉLISSE,Emb. 0.8 KG,"1,89€","2,36€ / KG",
CREPES DA BRETANHA COM CHOCOLATE PRETO,NOS RÉGIONS ONT DU TALENT,Emb. 0.1 KG,"1,49€","14,90€ / KG",
MINI RATO WIRELESS PRETO,LINKSTER,Emb. 1 UNID.,"10,95€","10,95€ / UNID.",
Polpa de Tomate Cebola e Alho,GULOSO,Emb. 0.5 KG,"1,99€","3,98€ / KG",
SABONETE SOLIDO F. TIARE/ORQUIDEA,MANAVA,Emb. 0.1 KG,"0,59€","5,90€ / KG",
Mini Snack de Chocolate de Leite,LION,Emb. 11 UNID.,"2,65€","0,24€ / UNID.",
Desodorizante Roll-On Shower Fresh,REXONA,Emb. 0.05 LT,"2,69€","53,80€ / LT",
Refrigerante S/ Gás Laranja,ECO+,Garrafa 2 LT,"0,79€","0,40€ / LT",
Dentrífico Frescura Extrema Doseador,DENTAMYL,Emb. 0.1 LT,"2,15€","21,50€ / LT",
Profiteroles com Molho de Chocolate 4x90g,DÉLISSE,Emb. 0.36 KG,"2,69€","7,47€ / KG",
FOGUETES P/BOLO,,Emb. 10 UNID.,"1,55€","0,16€ / UNID.",
Snack Húmido P/ Gato Party Mix Ocean,FELIX,Emb. 0.06 KG,"1,59€","26,50€ / KG",
Vinho do Porto Dona Antonia,FERREIRA,Emb. 0.75 LT,"10,99€","14,65€ / LT",
Bolachas Cobertas com Chocolate Branco,OREO,Emb. 0.246 KG,"2,59€","10,53€ / KG",
Croissant Recheado de Chocolate,,1 UNID.,"0,45€","0,45€ / UNID.",
Salsichas C/ Feijão,CÔTÉ TABLE,Emb. 0.84 KG,"2,85€","3,39€ / KG",
"GEL DUCHE ""SEDUCAO"" 250ML CARRE HOMME",CARRÉ HOMME,,"0,97€",/ Unid.,
Manhãzitos Planetus 3x35g,PANRICO,Emb. 0.21 KG,"2,79€","13,29€ / KG",
Bolachas Tosta Rica Mini Go,CUÉTARA,Emb. 0.24 KG,"2,59€","10,79€ / KG",
DISCOS P/DESMAQUILHAR INELL 70U,INELL,Emb. 70 UNID.,"0,85€","0,01€ / UNID.",
Pano Multiusos Amarelo,SCOTCH BRITE,Emb. 2 UNID.,"2,15€","1,08€ / UNID.",
GLADE T&F RECARGA LAVANDER,BRISE,Emb. 0.01 LT,"2,09€","209,00€ / LT",
Bolachas com Pepitas de Chocolate,ECO+,Emb. 0.2 KG,"0,89€","4,45€ / KG",
Massa Macarronete Riscado,MILANEZA,Emb. 0.5 KG,"1,19€","2,38€ / KG",
A.O.C. Costieres de Nimes Rose,RIVES ET TERRASSES,Garrafa 0.75 LT,"3,89€","5,19€ / LT",
Refrigerante Mini C/ Gás Pack 12,COCA COLA,Emb. 1.8 LT,"5,92€","3,29€ / LT",
ALICATE UNIVERSAL 180MM,FOXTER,Emb. 1 UNID.,"4,99€","4,99€ / UNID.",
TAMPAO COMPACTO SUPER,DOULYS,,"2,29€",/ Unid.,
Frango do Campo Inteiro,,1 Unid. = 2.8 KG (aprox.),"3,99€/kg","11,17€ / Unid.",
Feijão Verde Extra Finos Ultracongeladas,NOTRE JARDIN,Emb. 1 KG,"1,95€","1,95€ / KG",
Chá Ervas Noite Tranquila,LIPTON,Emb. 0.03 KG,"1,94€","64,67€ / KG",
Esparguete Clássica,NACIONAL,Emb. 0.5 KG,"0,78€","1,56€ / KG",
Lixívia em Gel Pink,DOMESTOS,Emb. 0.75 LT,"1,79€","2,39€ / LT",
Desumidificador + Recarga,FOXTER,Emb. 1 UNID.,"7,98€","7,98€ / UNID.",
Cápsulas Delta Q Café Qharisma 10 Unidades,DELTA Q,Emb. 10 UNID.,"2,99€","0,30€ / UNID.",
Gelado Fizz Limão 6 Unid.,OLÁ,Emb. 0.36 LT,"2,99€","8,31€ / LT",
Caderno Capa Preta Pautado A5 60p,ESQUISSE,,"0,79€",/ Unid.,
MADALENAS CONCHAS,NOS RÉGIONS ONT DU TALENT,Emb. 0.33,"2,59€","7,85€ /",
Barras de Cereais Special K Chocolate de Leite,SPECIAL K,Emb. 0.125 KG,"3,39€","27,12€ / KG",
Creme Depilatório Pele Sensível,SILISS,Emb. 0.2 LT,"2,75€","13,75€ / LT",
Massa Concha,MILANEZA,Emb. 0.5 KG,"1,19€","2,38€ / KG",
COLORACAO VEGETAL CASTANHO ESCURO BIO,BIONAÏA,Emb. 1 UNID.,"6,99€","6,99€ / UNID.",
Miolo de Camarão 80/100 Ultracongelado,PESCANOVA,Emb. 0.35 KG,"7,19€","20,54€ / KG",
Escova P/Loica C/Dispensador Detergente,SILLAGE,Emb. 1 UNID.,"1,50€","1,50€ / UNID.",
Azeite virgem extra aroma manjericão,GALLO,Emb. 0.25 LT,"2,39€","9,56€ / LT",
PATE CARNE DE VACA/CENOURA P/ GATO 410G,ECO+,Emb. 0.41 KG,"0,65€","1,59€ / KG",
Fraldas Incontinência Super M,LINDOR,Emb. 52 UNID.,"28,49€","0,55€ / UNID.",
Cápsulas de Café Alumínio Nespresso Decaffeinato,SEGAFREDO,Emb. 10 UN,"4,97€","0,50€ / UN",
BISCOITOS DE CACAU,P'TIT DÉLI,Emb. 0.4 KG,"1,55€","3,88€ / KG",
Nectar Laranja e Banana,JAFADEN,Emb. 2 LT,"1,99€","1,00€ / LT",
Detergente Loiça Manual Original Ultra,FAIRY,Emb. 1.41 LT,"4,19€","2,97€ / LT",
Arroz Tufado Chocolate,P'TIT DÉLI,,"1,38€",/ Unid.,
Discos Activos Gel WC Lime Zest,PATO,Emb. 0.036 LT,"4,00€","111,11€ / LT",
Lulas Limpas Inteiras,,Emb. 0.5 KG,"6,99€","13,98€ / KG",
FAIRY LIMÃO 340ML,FAIRY,Emb. 0.34 LT,"1,28€","3,76€ / LT",
Spray Limpa Vidros Tripla Ação,AJAX,Emb. 0.5 LT,"2,95€","5,90€ / LT",
GELADO TRIUM NOUGAT 4UN,TRIUM,Emb. 4 UNID.,"2,25€","0,56€ / UNID.",
Refrigerante S/ Gás Ananás,JAFADEN,Emb. 1.5 L,"0,99€","0,66€ / L",
Gengibre moído,MARGÃO,Emb. 0.022 KG,"1,63€","74,09€ / KG",
Álcool Desnaturado,,Emb. 1 LT,"2,99€","2,99€ / LT",
Madalenas em Concha,P'TIT DÉLI,Emb. 0.5 KG,"2,09€","4,18€ / KG",
Água Pura Micelar Peles Secas e Sensíveis,CORINE DE FARME,Emb. 0.5 LT,"4,69€","9,38€ / LT",
PERA ROCHA 55/60,,Emb. 1.5 KG,"1,80€","1,20€ / KG",
Chouriço Extra,DAMATTA,Emb. 0.2 KG,"2,99€","14,95€ / KG",
Alimento Seco P/ Cão Frango C/ Arroz,PURINA,Emb. 1.5 KG,"7,50€","5,00€ / KG",
Conserva de Atum em Óleo Girassol,PÊCHE OCÉAN,Emb. 0.12 KG,"0,99€","8,25€ / KG",
Vinho Tinto,ADEGA DE MURÇA,Garrafa 0.75 LT,"1,49€","1,99€ / LT",
BATATAS FRITAS NO FORNO C/ OLEO GIRASSOL BIO,,Emb. 0.6 KG,"2,19€","3,65€ / KG",
Creme de Chocolate Preto 4x125g,DÉLISSE,Emb. 0.5 KG,"1,59€","3,18€ / KG",
Ketchup 100% Natural,HELLMANN'S,Emb. 0.486 KG,"2,39€","4,92€ / KG",
PILHAS ALCALINAS LR6 TECH+,FOXTER,Emb. 4 UNID.,"1,99€","0,50€ / UNID.",
FILETE AFIAMBRADO MINI,CAMPO FINO,Emb. 0.35 KG,"1,85€","5,29€ / KG",
"SPRAY AMBIENTADOR ""FLORAL"" 300ML",BIEN AIR,Emb. 0.3 LT,"0,99€","3,30€ / LT",
Ice Tea Melância Hortelã,LIPTON,Emb. 2 LT,"2,49€","1,25€ / LT",
Champô Anti-Caspa Controlo de Oleosidade de Citrinos,LINIC,Emb. 0.36 LT,"4,94€","13,72€ / LT",
Alimento P/ Gato Adulto P/Saúde do Trato Urinário,PURINA ONE,Emb. 0.8,"6,10€","7,63€ /",
Penso Incontinência Discreet Mini,AUSONIA,Emb. 20 UNID.,"3,95€","0,20€ / UNID.",
Aguardente Bagaceira Portuguesa Marc Brandy,PORTUGUEZA,Emb. 1 LT,"15,36€","15,36€ / LT",
Conserva de Atum Assado à Algarvia,RAMIREZ,Emb. 0.12 KG,"1,49€","12,42€ / KG",
Ravioli com Fiambre,TURINI,Emb. 0.3 KG,"1,79€","5,97€ / KG",
CONJUNTO CAPA AUTO  MELHOARRA,ECO+,Emb. 1 UNID.,"19,90€","19,90€ / UNID.",
Vinagre de Vinho Branco,ECO+,Garrafa 1 LT,"0,59€","0,59€ / LT",
LIMPA VIDROS ECOLOGICO 750ML UNI VERT,UNÍ VERT,Emb. 0.75 LT,"1,79€","2,39€ / LT",
Café Cápsulas aQtivus Intensidade 8,DELTA,Emb. 10 CAPS.,"2,99€","0,30€ / CAPS.",
Pet Expert Espuma de Limpeza,VANISH,Emb. 1 UNID.,"5,84€","5,84€ / UNID.",
Champô Total Repair 5,ELVIVE,Emb. 0.25 LT,"3,95€","15,80€ / LT",
Creme Hidratante,NIVEA,Emb. 0.03 LT,"1,69€","56,33€ / LT",
CORTINA DUCHE 180X200 BRANCO,SILLAGE,Emb. 1 UNID.,"3,50€","3,50€ / UNID.",
Massa Letras,MILANEZA,Emb. 0.25 KG,"0,69€","2,76€ / KG",
Vinho Tinto,COMP DO VINHO,Bag in Box 5 LT,"4,69€","0,94€ / LT",
DETERGENTE CAPSULAS 3 EM 1 FRESCURA P/ROUPA,EPSIL,,"4,89€",/ Unid.,
Gel de Banho Lúcia-Lima e Limão,VASELINE,Emb. 0.7 LT,"2,99€","4,27€ / LT",
Gelatina Light de Mirtilo,ROYAL,Emb. 0.031 KG,"1,85€","59,68€ / KG",
PAPEL HIGIENICO COMPACTO ECO,UNÍ VERT,Emb. 4 UNID.,"3,19€","0,80€ / UNID.",
Bolachas Digestive Go Canela 6 Saquetas,TRIUNFO,Emb. 0.171 KG,"1,47€","8,60€ / KG",
BOLSA CATALOGO 100UN,ECO+,Emb. 100 UNID.,"1,95€","0,02€ / UNID.",
Caserecce,TRADIZIONI D'ITALIA,Emb. 0.5 KG,"1,59€","3,18€ / KG",
Gengibre,,1 Unid. = 0.3 KG (aprox.),"4,19€/kg","1,26€ / Unid.",
Nuggets Peito de Frango e Queijo Ultracongelado,CAPITÃO IGLO,Emb. 0.208 KG,"5,99€","28,80€ / KG",
Bolacha Sortida Vegan Chocolate Negro Princesa,THINS,Emb. 0.2 KG,"2,26€","11,30€ / KG",
Crackers sem Sal na Superfície,DU BOIS DE LA ROCHE,Emb. 0.5 KG,"3,09€","6,18€ / KG",
Champô Anti-Caspa Frescura Diária de Menta e Limão para Todos os Tipos de Cabelo,LINIC,Emb. 0.36 LT,"4,94€","13,72€ / LT",
Intensificador Fragrância Comfort Explosão Floral,COMFORT,Emb. 0.76 UNID.,"5,99€","7,88€ / UNID.",
Alimento Seco P/ Cão Adulto Borrego,PURINA,Emb. 14 KG,"39,94€","2,85€ / KG",
Alimento Seco para Gato Carne e Cereais,ECO+,Emb. 2 KG,"2,99€","1,50€ / KG",
Champô Cabelo Revitalizante Pelo Frágil,ELVIVE,Emb. 1.2 LT,"4,99€","4,16€ / LT",
Recarga Ambientador Smooth Satin & Moon Lilly,AIRWICK,Emb. 1 UNID.,"3,59€","3,59€ / UNID.",
Pão de Forma com Códea Especial Torradas,PANRICO,Emb. 0.75 KG,"1,59€","2,12€ / KG",
Conserva de Feijão Frade da Horta,COMPAL,Lata 0.42 KG,"0,99€","2,36€ / KG",
Pepitas de Chocolate,TABLIER BLANC,Emb. 0.1 KG,"1,99€","19,90€ / KG",
Arroz Carolino,BELMONTE,Emb. 1 KG,"0,99€","0,99€ / KG",
Espanador,SILLAGE,Emb. 1 UNID.,"2,90€","2,90€ / UNID.",
Iogurte Natural 4x125g,DÉLISSE,Emb. 0.5 KG,"0,69€","1,38€ / KG",
Bebida Energética Energy Drink,RED BULL,Lata 0.25 LT,"1,39€","5,56€ / LT",
Vinho do Porto Tawny,FERREIRA,Emb. 0.75 LT,"5,99€","7,99€ / LT",
Farinha Láctea,MOTS D'ENFANTS,Emb. 1 KG,"4,49€","4,49€ / KG",
AXE Gel de Bnaho Green Mojito 400ml,AXE,Emb. 0.4 LT,"3,29€","8,23€ / LT",
Vinho Verde Branco,GAZELA,Garrafa 0.75 LT,"2,99€","3,99€ / LT",
Azeite Maduras,OLIVEIRA DA SERRA,Emb. 0.75 LT,"4,99€","6,65€ / LT",
Infusão Aromático Biológico,,Emb. 0.03 KG,"0,99€","33,00€ / KG",
Tenaz Russa 225 Mm,FOXTER,Emb. 1 UNID.,"4,49€","4,49€ / UNID.",
FORMA DE QUEQUE Nº 04 - PACK 06 UNID.,ECO+,Emb. 1 UNID.,"2,49€","2,49€ / UNID.",
PAIO YORK FATIADO,CAMPO FINO,Emb. 0.15 KG,"1,59€","10,60€ / KG",
Bolinhas com Pepitas,P'TIT DÉLI,Emb. 0.24 KG,"1,29€","5,38€ / KG",
Areia Higiénica para Gato,ECO+,Emb. 7 LT,"1,35€","0,19€ / LT",
Esparguete,TURINI,Emb. 1 KG,"1,39€","1,39€ / KG",
PAPEL VEGETAL 15 MT,ELEMBAL,Emb. 15 MT,"1,55€","0,10€ / MT",
Cerveja sem Álcool Preta 6x33cl,SUPER BOCK,Emb. 1.98 LT,"4,49€","2,27€ / LT",
Café Delta Em Grão Torrado Chávena,DELTA,Emb. 1 KG,"12,39€","12,39€ / KG",
Farinha sem Fermento Integral,NACIONAL,Emb. 1 KG,"1,19€","1,19€ / KG",
Espirais,ECO+,Emb. 1 KG,"1,29€","1,29€ / KG",
Bacalhau Graúdo Noruega Asa Branca,,1 Unid. = 2.5 KG (aprox.),"12,99€/kg","32,48€ / Unid.",
SUBLINHADOR AMARELO,ESQUISSE,Emb. 1 UNID.,"0,99€","0,99€ / UNID.",
Bebida Láctea para Gatinhos 3x200ml,LYCAT,Emb. 3 UNID.,"2,38€","0,79€ / UNID.",
Cracker com Sal,PAVESI,Emb. 0.56 KG,"3,59€","6,41€ / KG",
AURICULARES MAOS LIVRES PRETO,LINKSTER,Emb. 1 UNID.,"6,99€","6,99€ / UNID.",
Papa Infantil Leite e 8 Cereais e Mel,CERELAC,Emb. 0.4 KG,"1,84€","4,60€ / KG",
Iogurte Cremoso de Frutas 16x125g,DÉLISSE,Emb. 2 KG,"3,59€","1,80€ / KG",
ABRASIVO SANITARIO MENTA/EUCALIPTO ECO 750ML,UNÍ VERT,Emb. 0.75 LT,"1,28€","1,71€ / LT",
Escova Esqueleto Grande,,Emb. 1 UNID.,"3,99€","3,99€ / UNID.",
Mistura de Legumes Ultracongelado c/ Saquetas Tempero,NOTRE JARDIN,Emb. 1 KG,"2,29€","2,29€ / KG",
AGRAFADOR Nº26/6 + 400AGRAFOS,ESQUISSE,Emb. 1 UNID.,"2,89€","2,89€ / UNID.",
Conserva de Feijão Preto da Horta,COMPAL,Lata 0.42 KG,"1,29€","3,07€ / KG",
Alimento Húmido para Gato Fígado e Aves,LYCAT,Emb. 0.1 KG,"0,55€","5,50€ / KG",
Bebida à Base de Amêndoa,NAT&VIE,Emb. 1 LT,"1,59€","1,59€ / LT",
Óleo de Cedro,MISTOLIN,Emb. 0.36 LT,"2,89€","8,03€ / LT",
SACO ARRUMACAO MALEAVEL,SILLAGE,Emb. 1 UNID.,"2,90€","2,90€ / UNID.",
Mistura C/ Goji,MARQUE REPERE,Emb. 0.2 KG,"2,99€","14,95€ / KG",
Molho Bechamel Desidratado,RUSTICA,Emb. 0.06 KG,"0,69€","11,50€ / KG",
Snack Batata Frita Sabor Bacon,TOKAPI,Emb. 0.17 KG,"1,95€","11,47€ / KG",
Detergente Roupa Máquina Líquido A+ Essência Da Provença,A+,Emb. 100 DOSES,"11,99€","0,12€ / DOSES",
"SALSICHAO SECO ""PUR PORC"" MINI",ST AZAY,Emb. 0.075 KG,"1,39€","18,53€ / KG",
Tiras P/ Coelhos Legumes,TOUS MES AMIS,Emb. 0.11 KG,"1,75€","15,91€ / KG",
AGRAFADOR Nº10 + 400AGRAFOS,ESQUISSE,Emb. 1 UNID.,"3,89€","3,89€ / UNID.",
Papa Infantil,CERELAC,Emb. 0.5 KG,"2,88€","5,76€ / KG",
Tablete de Chocolate Daim,MILKA,Emb. 0.1 KG,"1,57€","15,70€ / KG",
Cápsulas Delta Q Café Epic 10 unidades,DELTA Q,Emb. 0.055 KG,"3,39€","61,64€ / KG",
Mini Barras de Chocolate com Recheio de Leite 16Unid.,COPAÍNS COPINES,Emb. 0.2 KG,"1,99€","9,95€ / KG",
Brioche Fatiado Familiar,EPI D'OR,Emb. 0.7 KG,"2,79€","3,99€ / KG",
2 PILHAS RECARREGAVEIS R20 3000MAH,FOXTER,Emb. 2 UNID.,"6,99€","3,50€ / UNID.",
MEGA CHOCO CHOCOLATE LEITE CROCANTE,P'TIT DÉLI,Emb. 0.15 KG,"1,59€","10,60€ / KG",
Tomate Cacho,,1 Unid. = 0.2 KG (aprox.),"1,69€/kg","0,34€ / Unid.",
Fibra Normal Classic,SCOTCH BRITE,Emb. 1 UNID.,"1,09€","1,09€ / UNID.",
MINI SPRAY BRISA MARINHA RECARGA 15ML,BIEN AIR,Emb. 0.015 LT,"0,90€","60,00€ / LT",
Licor,SHERIDAN'S,Garrafa 0.5 LT,"17,99€","35,98€ / LT",
Leite Hidratante Apaziguante Aveia,ULTRA SUAVE,Emb. 0.4 LT,"5,79€","14,48€ / LT",
Fraldas Incontinência Máxima G,LINDOR,Emb. 20 UNID.,"12,96€","0,65€ / UNID.",
Chantilly Light,DÉLISSE,Emb. 0.25 KG,"1,69€","6,76€ / KG",
Gomas Sabor a Frutos,HARIBO,Emb. 0.1 KG,"0,85€","8,50€ / KG",
Hamburgers Peito de Frango Ultracongelado,IGLO,Emb. 0.48 KG,"11,99€","24,98€ / KG",
Amaciador Cabelos Secos Elvive,ELVIVE,Emb. 0.2 LT,"3,95€","19,75€ / LT",
Chouriço Porco Preto,SNR,Emb. 0.2 KG,"2,99€","14,95€ / KG",
Champô para Cabelo Pintado,TRESEMMÉ,Emb. 0.4 LT,"4,19€","10,48€ / LT",
Old Spice Shower Gel Ultra Smooth,OLD SPICE,Emb. 0.4 LT,"6,50€","16,25€ / LT",
Sabonete Líquido para as Mãos de Coco,DOVE,Emb. 0.25 LT,"2,59€","10,36€ / LT",
VELA NUMERO FUN 8,ARDENCE,Emb. 1 UNID.,"0,99€","0,99€ / UNID.",
PRATOS CARTAO BRANCOS 22CM,ECO+,Emb. 100 UNID.,"4,90€","0,05€ / UNID.",
Queijo de Ovelha Amanteigado Seia,MARTINS & REBELLO,1 Unid. = 0.5 KG (aprox.),"15,99€/kg","8,00€ / Unid.",
Bloco Sanitário Poder Activo Lavanda,SONASOL,Emb. 0.05 KG,"1,94€","38,80€ / KG",
Vinho do Porto Ruby,FERREIRA,Garrafa 0.75 LT,"5,99€","7,99€ / LT",
Conserva de Feijão Preto,COMPAL,Lata 0.845 KG,"1,59€","1,88€ / KG",
REMOVEDOR VERNIZ SEM ACETONA,INELL,Emb. 0.15 LT,"1,09€","7,27€ / LT",
Alheira da Caca de Trancoso,SNR,Emb. 0.2 KG,"1,89€","9,45€ / KG",
Ovos Moles,,Emb. 0.25 KG,"5,25€/kg","1,31€ / Unid.",
Água Natural,SERRA DA ESTRELA,Emb. 9 LT,"3,68€","0,41€ / LT",
Costeletas do Cachaço Porco,,1 Unid. = 0.2 KG (aprox.),"3,49€/kg","0,70€ / Unid.",
Bolacha Gullon Vitalday Crocant Fruta 300g,GULLÓN,Emb. 0.3 KG,"1,90€","6,33€ / KG",
DISTRIBUIDOR AGUA E CROQUETES,P'TIT AMI,Emb. 1 UNID.,"4,99€","4,99€ / UNID.",
CERA LIQUIDA PRETA 75ML,LA VACHETTE,Emb. 0.075 LT,"2,15€","28,67€ / LT",
NOODLES DE CARIL,TABLES DU MONDE,Emb. 0.061 KG,"0,99€","16,23€ / KG",
Farinha,MAIZENA,Emb. 0.4 KG,"2,09€","5,23€ / KG",
ALIMENTO HUMIDO BACALHAU/SALMAO/CENOURA P/ CAO 1240G,LYDOG,Emb. 1.24 KG,"1,85€","1,49€ / KG",
PURE MACA/FRAMBOESA/ARANDO SEM ADICAO ACUCAR BISNAGA,DOUCEUR DU VERGER,Emb. 0.48 KG,"2,79€","5,81€ / KG",
Gel de Banho Naturals Leite e Mel,PALMOLIVE,Emb. 0.5 LT,"2,69€","5,38€ / LT",
Óleo Alimentar,RUSTICA,Garrafão 3 LT,"8,25€","2,75€ / LT",
Azeite Virgem,RUSTICA,Garrafão 3 LT,"12,69€","4,23€ / LT",
Água sem Gás,LUSO,Garrafão 5.4 LT,"1,69€","0,31€ / LT",
Alimento Húmido P/ Gato C/ Peixe e Molho Espinafres,GOURMET GOLD,Emb. 0.085 KG,"0,70€","8,24€ / KG",
Creme Corporal Pele Seca Refirmante Q10,NIVEA BODY,Emb. 0.25 LT,"4,99€","19,96€ / LT",
RECARGA P/ ESCOVA DENTES CABECA RECARRREGAVEL,DENTAMYL,,"1,25€",/ Unid.,
BORRACHA BRANCA 1UN,ESQUISSE,Emb. 1 UNID.,"0,79€","0,79€ / UNID.",
Bife Bourguignon com Batatas,CÔTÉ TABLE,Emb. 0.3 KG,"2,49€","8,30€ / KG",
"SPRAY AMBIENTADOR ""FRUTOS VERMELHOS"" 300ML",BIEN AIR,Emb. 0.3 LT,"0,99€","3,30€ / LT",
Rosegones Biscoitos de Amêndoa,P'TIT DÉLI,Emb. 0.25 KG,"1,69€","6,76€ / KG",
Pastilha Elástica Senses Frutos Vermelhos 3x23g,TRIDENT,Emb. 0.069 KG,"2,45€","35,51€ / KG",
Cereais de Aveia Integral,FITNESS,Emb. 0.625 KG,"4,19€","6,70€ / KG",
AUSONIA ORG COTTON NOITE ABAS,AUSONIA,Emb. 90 UNID.,"2,54€","0,03€ / UNID.",
Lava Tudo Novo Brilho Camomila e Flor de Laranjeira,SONASOL,Emb. 1.3 LT,"2,09€","1,61€ / LT",
Pastilhas 2 em 1 Protege e Limpa,CALGON,Emb. 15 UNID.,"6,99€","0,47€ / UNID.",
Leite Meio Gordo S/ Lactose 4x200ML,MIMOSA,Emb. 0.8 LT,"1,99€","2,49€ / LT",
LEITE DE COCO,TABLES DU MONDE,Emb. 0.4,"1,49€","3,73€ /",
Esponja Ativa,,Emb. 1 UNID.,"0,99€","0,99€ / UNID.",
Vinho Regional Alentejo Tinto,MONTE VELHO,Garrafa 0.75 LT,"3,69€","4,92€ / LT",
ESPANADOR MICROFIBRAS C/CABO EXTENSIVEL,SILLAGE,Emb. 1 UNID.,"3,90€","3,90€ / UNID.",
Whisky Cutty Sark,CUTTY SARK,Garrafa 0.7 LT,"11,49€","16,41€ / LT",
Lava Tudo Optimal 7 Multisuperficies com Lixívia,AJAX,Emb. 0.5 LT,"3,45€","6,90€ / LT",
Alimento Seco Cão Croquetes Carne,ECO+,Emb. 4 KG,"4,69€","1,17€ / KG",
Pao De Forma Cerealia 5 Sementes,PANRICO,Emb. 0.435 KG,"2,28€","5,24€ / KG",
"BL1 LED ESFERA 3,2W-25W E14",FOXTER,Emb. 1 UNID.,"2,99€","2,99€ / UNID.",
Queijo Flamengo Barra,NOVA AÇORES,1 Unid. = 0.15 KG (aprox.),"8,25€/kg","1,24€ / Unid.",
Vinho de Mesa Branco,LAGAR DAS PIAS,Bag in Box 5 LT,"6,99€","1,40€ / LT",
TARTE MORANGO  NATA,P'TIT DÉLI,Emb. 0.3 KG,"2,99€","9,97€ / KG",
Mortadela com Azeitonas,CHARCUTARIA,1 Unid. = 0.1 KG (aprox.),"4,99€/kg","0,50€ / Unid.",
Recarga Ambientador Elétrica White Bouquet,AIR WICK,Emb. 0.019 LT,"3,59€","188,95€ / LT",
BALDE DE TREMOCOS,RUSTICA,Emb. 3.5 KG,"5,45€","1,56€ / KG",
Duc de Borzac Armagna V.S.O.P,DUC DE BORZAC,Garrafa 0.7 LT,"14,99€","21,41€ / LT",
Detergente Manual em Pó,TIDE,Emb. 0.6 KG,"1,78€","2,97€ / KG",
Sacos Lixo para Casa de Banho 30x10L,ECO+,Emb. 30 UNID.,"0,69€","0,02€ / UNID.",
Tablete de Chocolate Preto Praline com Pepitas de Avelã,EQUADOR,Emb. 0.15 KG,"1,55€","10,33€ / KG",
Bolachas de Frutos Silvestres,THINS,Emb. 0.174 KG,"1,79€","10,29€ / KG",
Toalhitas Íntimas Suaves,CORINE DE FARME,Emb. 10 UNID.,"1,64€","0,16€ / UNID.",
Cenoura Ripada,,Emb. 0.2 KG,"0,89€","4,45€ / KG",
Refrigerante C/Gás Cola 6 Unid.,JEAN'S,Lata 1.98 ML,"2,89€","1,46€ / ML",
TOALHITAS ANTI-DESCOLORACAO 25UN,TEXIL,Emb. 25 UNID.,"1,85€","0,07€ / UNID.",
Gelado de Yoghurt & Forest Fruit,CARTE D'OR,Emb. 1 LT,"3,29€","3,29€ / LT",
TABUA ENCHIDOS,ST AZAY,,"3,29€",/ Unid.,
Frango para Churrasco Embalado,,Emb. 0.9 KG (aprox.),"2,99€/kg","2,69€ / Unid.",
Pincel de Maquilhagem em Pó de Bolso,,Emb. 1 UNID.,"3,99€","3,99€ / UNID.",
FORMA PAO DE LÓ C/ CANO Nº. 26,ECO+,Emb. 1 UNID.,"3,99€","3,99€ / UNID.",
Vinho Regional Alentejo Branco,GALITOS,Garrafa 0.75 LT,"2,27€","3,03€ / LT",
Maionese Formato XXL,CALVÉ,Emb. 0.753 KG,"4,28€","5,68€ / KG",
Refrigerante C/ Gás Lima Limão,ECO+,Garrafa 2 LT,"0,79€","0,40€ / LT",
Old Spice Shower Gel Deep Sea,OLD SPICE,Emb. 0.4 LT,"6,50€","16,25€ / LT",
Gel de Banho Purely Pampering,DOVE,Emb. 0.75 LT,"4,79€","6,39€ / LT",
Chocolate de Leite Triplo Caramelo,MILKA,Emb. 0.09 KG,"1,59€","17,67€ / KG",
Água de Nascente S/ Gás,ECO+,Garrafa 1.5 LT,"0,25€","0,17€ / LT",
Cream Crackers,JACOB'S,Emb. 0.2 KG,"0,89€","4,45€ / KG",
ERVILHAS CONGELADAS,ECO+,Emb. 1 KG,"1,69€","1,69€ / KG",
Gelado Tyrolia Frutos Vermelhos,ESKISS,Emb. 0.65 LT,"2,25€","3,46€ / LT",
Pensos Higiénicos Aloe Vera,CAREFREE,Emb. 56 UNID.,"4,39€","0,08€ / UNID.",
Conserva de Milho Doce,BONDUELLE,Lata 0.3 KG,"1,58€","5,27€ / KG",
VELA NUMERO FUN 9,ARDENCE,Emb. 1 UNID.,"1,00€","1,00€ / UNID.",
Aletria,NACIONAL,Emb. 0.5 KG,"1,49€","2,98€ / KG",
Detergente em Pó p/ Máquina de Roupa,SURF,Emb. 92 DOSES,"12,49€","0,14€ / DOSES",
Espumante Reserva Meio Seco,FITA AZUL,Garrafa 0.75 LT,"5,69€","7,59€ / LT",
"Tisana Silhueta de Cavalinha, Erva Príncipe e Gengibre",LIPTON,Emb. 0.028 KG,"1,94€","69,29€ / KG",
Alimento Seco P/ Cão Adulto Rica em Borrego C/ Cevada Integral,BEYOND,Emb. 1.4 KG,"6,34€","4,53€ / KG",
Leite UHT Meio Gordo,GRESSO,Emb. 1 LT,"0,84€","0,84€ / LT",
Vinho Tinto,ALANDRA,Garrafa 0.75 LT,"2,29€","3,05€ / LT",
Conserva Macedónia de Legumes,NOTRE JARDIN,Lata 0.53 KG,"1,59€","3,00€ / KG",
Ice Tea de Pêssego Lata 6x25cl,LIPTON,Emb. 1.5 LT,"3,38€","2,25€ / LT",
SACO ASPIRADOR FREE 4X,ELSAY,Emb. 1 UNID.,"3,00€","3,00€ / UNID.",
Whisky,JAMESON,Garrafa 0.7 LT,"19,99€","28,56€ / LT",
DETERGENTE MANUAL LOICA ULTRA LIMAO 750ML,VISIOR,Emb. 0.75 LT,"1,01€","1,35€ / LT",
"ASPIRADOR C/SACO 500W 3,5L",ELSAY,Emb. 1 UNID.,"59,90€","59,90€ / UNID.",
Cone Manga e Maracujá,TRIUM,Emb. 6 UNID.,"2,15€","0,36€ / UNID.",
COOKIES COM MEGA PEPITAS CHOCOLATE,P'TIT DÉLI,Emb. 0.184 KG,"1,49€","8,10€ / KG",
Pevides de Girassol C/ Casca C/ Sal,MARQUE REPERE,Emb. 0.2 KG,"1,25€","6,25€ / KG",
Conserva de Tremoço Extra,RUSTICA,Emb. 0.5 KG,"1,99€","3,98€ / KG",
QUEIJO FRESCO NATURAL VACA,QUEIJO NA TÁBUA,Emb. 0.08 KG,"0,55€","6,88€ / KG",
Mini Magnum de Amêndoa 6x55ml,MAGNUM,Emb. 0.33 LT,"3,99€","12,09€ / LT",
MOLHO FRANCESINHA,RUSTICA,Emb. 0.5 KG,"1,99€","3,98€ / KG",
Iogurte Líquido Baunilha Cookies,DANONE,Emb. 0.3 KG,"1,89€","6,30€ / KG",
Manhãzitos Planetus 9x2 Unid.,BOLLYCAO,Emb. 0.315 KG,"3,69€","11,71€ / KG",
Vinho Regional Península de Setúbal Branco,ADEGA DE PEGÕES,Garrafa 0.75 LT,"1,59€","2,12€ / LT",
Vinho Regional Alentejo Tinto,REGUENGOS,Garrafa 0.75 LT,"2,39€","3,19€ / LT",
Rolo de Cozinha 2 Folhas Multi,RENOVA,Emb. 4 ROLOS,"1,99€","0,50€ / ROLOS",
Néctar Clássico Pera Rocha,COMPAL,Emb. 1 LT,"0,99€","0,99€ / LT",
After Shave Original Lotion,OLD SPICE,Emb. 0.1 LT,"9,89€","98,90€ / LT",
Alimento Perle Húmido P/ Gato C/ Molho Frango e Vaca 4x85g,PURINA,Emb. 0.34 KG,"2,99€","8,79€ / KG",
Licor Creme Pastel Nata,35,Garrafa 0.7 LT,"11,99€","17,13€ / LT",
Refrigerante S/ Gás Tropical Cenoura,JAFADEN,Garrafa 1.5 LT,"1,25€","0,83€ / LT",
Salame Fatiado,EL POZO,Emb. 0.8 KG,"1,94€","2,43€ / KG",
Ervilhas Extra Finas,NOTRE JARDIN,Emb. 0.8 KG,"1,39€","1,74€ / KG",
COLORACAO CASTANHO 4.45 S/AMONIACO 1UN VITANOVE,VITANOVE,Emb. 1 UNID.,"3,89€","3,89€ / UNID.",
Conserva de Azeitona Verde em Rodelas,RUSTICA,Frasco 0.36 KG,"1,39€","3,86€ / KG",
Gin Premium Pink,GORDON'S,Garrafa 0.7 LT,"15,79€","22,56€ / LT",
Cillit Bang Tira Gorduras 500ML x12,CILLIT BANG,Emb. 0.5 LT,"2,24€","4,48€ / LT",
GELATINA MANGA LARANJA LIGHT CONDI 2X15G,CONDI,Emb. 0.3 KG,"1,79€","5,97€ / KG",
Couve Coração,,1 Unid. = 0.84 KG (aprox.),"0,89€/kg","0,75€ / Unid.",
"SOBREMESA ""ZEBRA"" CHOCOLATE-LEITE",DÉLISSE,Emb. 0.4 KG,"1,79€","4,48€ / KG",
Sobremesa Creme de Caramelo 4x125g,DÉLISSE,Emb. 0.5 KG,"1,59€","3,18€ / KG",
Créme Dessert Praliné 4x125g,DÉLISSE,Emb. 0.5 KG,"1,59€","3,18€ / KG",
Bolacha Integral Integralis,VIEIRA,Emb. 0.18 KG,"1,56€","8,67€ / KG",
ALIMENT BEBE: PURE LEGUMES FRANGO DO CAMPO BIO +8M 2X200G,BIO VILLAGE BEBE,Emb. 0.4 KG,"2,69€","6,73€ / KG",
Creme de Mãos Reparador Repair & Care,BIOTEN,Emb. 0.1 LT,"2,13€","21,30€ / LT",
Farinha de Mandioca,GLOBO,Emb. 0.5 KG,"1,79€","3,58€ / KG",
"MAQUINA CAFE FILTRO 1,25L 1000W",ELSAY,Emb. 1 UNID.,"26,90€","26,90€ / UNID.",
Gentil Lixívia para a Roupa a Cores e Delicada,NEOBLANC,Emb. 2 LT,"4,55€","2,28€ / LT",
Ração seca para gato junior c/ Frango,ULTIMA,Emb. 1.5 KG,"9,68€","6,45€ / KG",
Luvas Finas Descartáveis Latex Tam. M,MAMISON,Emb. 100 UNID.,"15,90€","0,16€ / UNID.",
ESCOVA DENTES CRIANCA 2-6 ANOS,PETIT DENTAMYL,Emb. 1 UNID.,"0,78€","0,78€ / UNID.",
MARSHMALLOWS CHOCO,COPAÍNS COPINES,Emb. 0.16 KG,"1,69€","10,56€ / KG",
Chá Verde,TETLEY,Emb. 10 SAQ.,"0,89€","0,09€ / SAQ.",
Pá de Porco com Osso e Courato,,1 Unid. = 1.1 KG (aprox.),"2,99€/kg","3,29€ / Unid.",
Bolachas Recheadas com Chocolate Biológicas,,Emb. 0.185 KG,"2,59€","14,00€ / KG",
Tomate Triturado 390 g,TURINI,Lata 0.5 KG,"0,49€","0,98€ / KG",
Vinho Regional Douro Branco,PAPA FIGOS,Garrafa 0.75 LT,"7,39€","9,85€ / LT",
Escovas Extra Clean Médio,COLGATE,Emb. 2 UNID.,"2,29€","1,15€ / UNID.",
Ketchup 473G,CALVÉ,Emb. 0.473 KG,"3,59€","7,59€ / KG",
Conserva Ervilhas Cenouras 3x130g,NOTRE JARDIN,Emb. 0.13 KG,"1,95€","15,00€ / KG",
Bolachas Cookies com Pepitas Chocolate e Côco,P'TIT DÉLI,Emb. 0.2 KG,"1,39€","6,95€ / KG",
Detergente Loiça Manual Original Ultra,FAIRY,Emb. 1.5 LT,"5,64€","3,76€ / LT",
IOG.NAT.ACU.DELISSE CANA X16,DÉLISSE,Emb. 16 UNID.,"2,99€","0,19€ / UNID.",
Fraldas de Incontinência Plus Tam. M,LINDOR,Emb. 14 UNID.,"13,55€","0,97€ / UNID.",
"BL1 LED STANDARD 9,5W-60W E27",FOXTER,Emb. 1 UNID.,"3,69€","3,69€ / UNID.",
Bolachas Sementes de Sésamo Biológicas,,Emb. 0.23 KG,"2,09€","9,09€ / KG",
Manteiga C/ Sal,MILHAFRE,Emb. 0.25 KG,"2,29€","9,16€ / KG",
"MINAS P/LAPISEIRA HB 0,7MM 2UN",ESQUISSE,Emb. 2 UNID.,"0,99€","0,50€ / UNID.",
SACO TERMICO 31L,WOODSUN,Emb. 1 UNID.,"12,99€","12,99€ / UNID.",
Néctar Clássico Laranja,COMPAL,Emb. 1 LT,"1,59€","1,59€ / LT",
OLEO BARBA LONGA 50ML,CARRÉ HOMME,,"2,99€",/ Unid.,
Queijo Fresco Magro,SANTIAGO,Emb. 0.2 KG,"1,55€","7,75€ / KG",
Conserva de Feijão Encarnado Cozido,NOTRE JARDIN,Lata 0.85 KG,"0,99€","1,16€ / KG",
ICE TEA LIMÃO,LIPTON,Emb. 0.5 LT,"0,79€","1,58€ / LT",
Espumante de Melão,BAR ROYAL,Garrafa 0.75 LT,"3,45€","4,60€ / LT",
COLORACAO CHOCOLATE 5.51 S/AMONIACO,VITANOVE,Emb. 1,"3,89€","3,89€ /",
Champô Citrinos Extra Suave,MANAVA,Emb. 0.5 LT,"2,29€","4,58€ / LT",
COLORACAO LOURO CINZENTO 7.1 S/AMONIACO,VITANOVE,Emb. 1 UNID.,"3,89€","3,89€ / UNID.",
Café Torrado Moído Portugal Universal,DELTA,Emb. 0.25 KG,"2,29€","9,16€ / KG",
Bebida Energética Absolutely Zero,MONSTER ENERGY,Emb. 0.5 LT,"1,20€","2,40€ / LT",
PURE MACA/MANGA SEM ADICAO ACUCAR BISNAGA BIO,,Emb. 0.36 KG,"2,39€","6,64€ / KG",
Tomates Inteiros Pelados C/ Sumo,ECO+,Emb. 0.449 KG,"0,70€","1,56€ / KG",
Conserva de Feijão Verde Muito Fino,NOTRE JARDIN,Lata 0.8 KG,"1,79€","2,24€ / KG",
Snack P/ Cão Sticks C/ Aroma a Búfalo,PURINA,Emb. 0.09 KG,"1,29€","14,33€ / KG",
ALCOOL ETILICO 70º,PRIMOPLAST,Emb. 0.25 LT,"0,75€","3,00€ / LT",
Champô Cabelos Secos,ULTRA SUAVE,Emb. 0.25 LT,"3,55€","14,20€ / LT",
Drageia Menta,MENTOS,Emb. 0.04 KG,"0,63€","15,75€ / KG",
Miolo de Amendoim C/ Sal,MARQUE REPERE,Emb. 0.25 KG,"1,19€","4,76€ / KG",
Café Torrado em Grão,PLANTATION,Emb. 0.25 KG,"1,69€","6,76€ / KG",
Papa Infantil Não Láctea Multicereais,CERELAC,Emb. 0.25 KG,"1,79€","7,16€ / KG",
Alimento Húmido Gato Ave e Legumes,LYCAT,,"1,55€",/ Unid.,
Alimento Seco P/ Gato Sénior +11 Anos de Frango,PURINA,Emb. 1.5 KG,"9,95€","6,63€ / KG",
Fósforos de Segurança 100 unid.,SILEX,Emb. 3 UNID.,"0,76€","0,25€ / UNID.",
Cereais Choco Krispies,KELLOGG'S,Emb. 0.375 KG,"2,29€","6,11€ / KG",
Loção Corporal Cocoa Radiance,VASELINE,Emb. 0.2 LT,"2,14€","10,70€ / LT",
Paio Extra Porco Preto,SNR,Emb. 0.3 KG,"5,99€","19,97€ / KG",
PEPINO FERBAR VINAGRE 345G,FERBAR,Emb. 0.345 KG,"1,56€","4,52€ / KG",
Pão de Forma com Códea Familiar,PANRICO,Emb. 0.75 KG,"1,59€","2,12€ / KG",
Sobremesa Sabor a Baunilha Bolas Chocolate Mix'n Croc 4x117g,DÉLISSE,Emb. 0.468 KG,"1,95€","4,17€ / KG",
Molho Béchamel,RUSTICA,Emb. 0.5 LT,"1,17€","2,34€ / LT",
Detergente Limpeza Spray Multiusos com Lixívia,CIF,Emb. 0.75 Lt,"2,49€","3,32€ / Lt",
Néctar Clássico Laranja,COMPAL,Emb. 1 LT,"0,99€","0,99€ / LT",
Bolacha B-ready 6Unid.,NUTELLA,Emb. 0.132 KG,"2,45€","18,56€ / KG",
WC Brisa Marinha,NEO BLANC,Emb. 2 UNID.,"4,49€","2,25€ / UNID.",
Pensos Higiénicos Normal,ECO+,Emb. 20 UNID.,"0,95€","0,05€ / UNID.",
Conserva de Tomate Pelado,TURINI,Lata 0.39 KG,"0,75€","1,92€ / KG",
Bolachas Choco Minis,MILKA,Emb. 0.185 KG,"2,22€","12,00€ / KG",
Vinho Regional Alentejo Tinto,TRINCA BOLOTAS,Garrafa 0.75 LT,"6,99€","9,32€ / LT",
Água sem Gás Frutos Vermelhos,LUSO FRUTA,Garrafa 1 LT,"1,27€","1,27€ / LT",
Champô Anti-Caspa Men Eficácia Activa,LINIC,Emb. 0.225 LT,"3,34€","14,84€ / LT",
Sabonete Líquido Leite e Mel Recarga,PALMOLIVE,Emb. 0.3 LT,"2,45€","8,17€ / LT",
Fiambre de Peito de Frango,CHARCUTARIA,1 Unid. = 0.12 KG (aprox.),"9,99€/kg","1,20€ / Unid.",
Vinho Regional Alentejo Tinto,REGUENGOS,Garrafa 0.75 LT,"4,99€","6,65€ / LT",
Desumidificador + 1 Recarga Pastilha Neutro,FOXTER,Emb. 0.45 KG,"5,90€","13,11€ / KG",
MACA GALA 65/70 IGP ALCOBACA,,Emb. 1 KG,"1,99€","1,99€ / KG",
Cápsulas Cafe Lavazza Expresso Clássico,LAVAZZA,Emb. 0.165 KG,"8,09€","49,03€ / KG",
MINI MARCADOR FLURESCENTE SORTIDO CORES PASTEL 4UN,ESQUISSE,Emb. 4 UNID.,"2,29€","0,57€ / UNID.",
Cerveja C/ Álcool,FALSBOURG,Garrafa 1 LT,"0,99€","0,99€ / LT",
Spray Anti-Odor,SPLENDOR,Emb. 0.15 LT,"2,84€","18,93€ / LT",
COLORAÇÃO BELLADY PERMANENTE Nº 30 CASTANHO ESCURO,BELLADY,Emb. 1 UNID.,"7,49€","7,49€ / UNID.",
Pastilhas de Limpeza para Próteses Dentárias,POLIDENT,Emb. 1 P,"4,99€","4,99€ / P",
PA P/TABULEIRO P/GATO 1UN,P'TIT AMI,Emb. 1 UNID.,"0,89€","0,89€ / UNID.",
Café Moído Torrado Intensidade 12,BUONDI,Emb. 0.2 KG,"3,19€","15,95€ / KG",
BOLACHAS TOSTADAS GULLON 4X200GR,GULLÓN,Emb. 0.2 KG,"2,79€","13,95€ / KG",
Fruta 100% Maçã e Banana 4 Unid.,NESTLÉ,Emb. 0.4 KG,"2,19€","5,48€ / KG",
Mostarda,CALVÉ,Emb. 0.257 KG,"1,49€","5,80€ / KG",
Queijo Mozzarella,LES CROISÉS,Emb. 0.125 KG,"0,95€","7,60€ / KG",
VELA NUMERO FUN 1,ARDENCE,Emb. 1 UNID.,"0,99€","0,99€ / UNID.",
Óleo de Argão,PANTENE,Emb. 0.1 LT,"8,99€","89,90€ / LT",
Mini Bolo com Recheio de Creme de Cacau e Avelãs 90 g,BOLLYCAO,Emb. 6 UNID.,"1,00€","0,17€ / UNID.",
BATERIA Nº 14 74/680 74/680 TECH9,TECH9,Emb. 1 UNID.,"77,99€","77,99€ / UNID.",
Queijo Fresco em Forma,NOS RÉGIONS ONT DU TALENT,Emb. 1 KG,"2,90€","2,90€ / KG",
Folhas de Tomilho,RUSTICA,Frasco 0.018 KG,"0,80€","44,44€ / KG",
Gel de Banho Peony & Rose,DOVE,Emb. 0.75 LT,"4,19€","5,59€ / LT",
Sabonete Líquido Aloe Vera,DETTOL,Emb. 0.25 LT,"2,64€","10,56€ / LT",
Chicória e Café Solúvel,PLANTATION,Emb. 0.1 KG,"1,49€","14,90€ / KG",
Champô Cabelo Ultra Suave Delicadeza de Aveia,GARNIER,Emb. 0.25 LT,"3,95€","15,80€ / LT",
"Café Solúvel Cevada, Chicória e Centeio",BRASA,Frasco 0.2 KG,"2,79€","13,95€ / KG",
Alface Lisa,,1 Unid. = 0.4 KG (aprox.),"1,99€/kg","0,80€ / Unid.",
Vinho Regional Alentejo Branco,MONSARAZ,Garrafa 0.75 LT,"3,39€","4,52€ / LT",
MASSA COTOVELINHOS C/ BACON E QUEIJO 280G,CÔTÉ TABLE,Emb. 0.28 KG,"2,15€","7,68€ / KG",
Sumo Florida,SUNNY DELIGHT,Emb. 0.5 Lt,"0,89€","1,78€ / Lt",
Néctar Clássico Frutos Vermelhos Uva e Maçã,JAFADEN,Emb. 1 LT,"0,99€","0,99€ / LT",
ARROZ DE PATO,CÔTÉ TABLE,Emb. 0.8 KG,"6,79€","8,49€ / KG",
Queijo de Cabra de Seia,QUEIJOS LAGOS,1 Unid. = 1 KG (aprox.),"15,99€/kg","15,99€ / Unid.",
VELA ANIVERSARIO C/ NUMERO+SUPORTE,ARDENCE,Emb. 1 UNID.,"0,99€","0,99€ / UNID.",
Detergente Roupa Líquido Proteção Escuros,WOOLITE,Emb. 30 DOSES,"6,99€","0,23€ / DOSES",
Facas Madeira Biodegradável,HOMESIDE,Emb. 10 UNID.,"1,09€","0,11€ / UNID.",
"SPRAY AMBIENTADOR ""CITRINOS"" ANTI-TABACO 300ML",BIEN AIR,Emb. 0.3 LT,"0,99€","3,30€ / LT",
CREME SOJA P/ CULINARIA BIO,,Emb. 0.25 KG,"1,49€","5,96€ / KG",
Papel Higiénico Triple Confort,SCOTTEX,Emb. 24 UNID.,"8,79€","0,37€ / UNID.",
Cerveja C/ Álcool 24 Unid.,MÍLLBRAU,Emb. 6 LT,"7,20€","1,20€ / LT",
Condicionador Cabelo Cor Revitalizante,TRESEMMÉ,Emb. 0.9 LT,"6,59€","7,32€ / LT",
Amendoins Torrados e Salgados 3x120g,TOKAPI,Emb. 0.36 KG,"1,65€","4,58€ / KG",
Arroz Semi Integral,,Emb. 0.5 KG,"1,28€","2,56€ / KG",
Couve Brócolo,,1 Unid. = 0.27 KG (aprox.),"2,29€/kg","0,62€ / Unid.",
Néctar Essencial Pêra 3x110ml,COMPAL,Emb. 0.33 LT,"1,79€","5,42€ / LT",
Queijo Ovale Double Crème,ECO+,Emb. 0.3 KG,"2,99€","9,97€ / KG",
MASSA PENNE RIGATE INTEGRAL,TURINI,Emb. 0.5 KG,"1,39€","2,78€ / KG",
Abacaxi Sweet Gold,,1 Unid. = 1.78 KG (aprox.),"1,39€/kg","2,47€ / Unid.",
Nuggets de Frango 18 Unid.,CAPITÃO IGLO,Emb. 0.375 KG,"8,99€","23,97€ / KG",
Pão Cachorro Quente 6 Unidades,BIMBO,Emb. 0.33 KG,"1,48€","4,48€ / KG",
Afia Lápis de Maquilhagem Dupla,,Emb. 1 UNID.,"2,29€","2,29€ / UNID.",
SALADA PARISIENNE ATUM MR,COTE SNACK,Emb. 0.25 KG,"1,99€","7,96€ / KG",
Wafers de Baunilha,,Emb. 0.17 KG,"1,35€","7,94€ / KG",
After Shave Dark Temptation,AXE,Emb. 0.1 LT,"6,92€","69,20€ / LT",
Recarga Ambientador Freshmatic Oasis Turquesa,AIR WICK,Emb. 0.25 LT,"3,59€","14,36€ / LT",
Refrigerante C/ Gás Ananás,SPRINK'S,Garrafa 1.5 LT,"0,74€","0,49€ / LT",
"BEBIDA APERITIVA BIANCO 14,4º",GILDO,1 0,"3,19€",inf€ /,
Favas Ultracongeladas,,Emb. 0.4 KG,"1,09€","2,73€ / KG",
Recargas para Ambientador Cítrico,AIR WICK,Emb. 0.02 LT,"4,79€","239,50€ / LT",
Moscatel do Douro,DORRÃO,Garrafa 0.75 LT,"4,49€","5,99€ / LT",
Creme Limpeza Original,CIF,Emb. 0.5 LT,"1,89€","3,78€ / LT",
Tempero de Alho Louro & Pimentão 8 Cubos,KNORR,Emb. 0.072 KG,"1,49€","20,69€ / KG",
MASSA FRESCA ESPARGUETES,TURINI,Emb. 0.35 KG,"1,19€","3,40€ / KG",
Néctar Clássico Tutti Frutti,COMPAL,Emb. 1 LT,"0,99€","0,99€ / LT",
Alimento Húmido P/ Gato Carne Variada 3x400g,TOUS MES AMIS,Emb. 1 KG,"2,69€","2,69€ / KG",
Queijo Flamengo 1/4 Bola,PRIMOR,Emb. 0.35 KG,"3,59€","10,26€ / KG",
Pastel de Nata,,1 Unid. = 0.048 KG,"0,47€","9,79€ / KG",
Bolachas Wafer Chocolate,VIEIRA,Emb. 0.15 KG,"1,25€","8,33€ / KG",
CONE CAFE 6UN,TRIUM,Emb. 6 UNID.,"2,49€","0,42€ / UNID.",
Gelado de Morango,CARTE D'OR,Emb. 0.75 LT,"1,94€","2,59€ / LT",
Banana Frita às Rodelas,MARQUE REPERE,Emb. 0.2 KG,"1,69€","8,45€ / KG",
Sobremesa de Soja Limão,NAT&VIE,Emb. 0.4 KG,"1,49€","3,73€ / KG",
Arroz Agulha,SALUDÃES,Emb. 1 KG,"1,18€","1,18€ / KG",
Almôndegas proteína,IGLO,Emb. 0.24 KG,"4,99€","20,79€ / KG",
Sortido de Biscoitos Salgados,ECO+,Emb. 0.35 KG,"1,49€","4,26€ / KG",
Kinder Bueno White,KINDER,Emb. 0.043 KG,"0,99€","23,02€ / KG",
PILHAS ALCALINAS LR14,ECO+,Emb. 8 UNID.,"4,99€","0,62€ / UNID.",
Vinho Regional Península de Setúbal Tinto,DONA ERMELINDA,Garrafa 0.75 LT,"4,59€","6,12€ / LT",
Alimento Húmido P/ Cão Adulto Pequeno Frango e Borrego,PURINA,Emb. 0.4 KG,"2,90€","7,25€ / KG",
Massa Fettuccine,MILANEZA,Emb. 0.5 KG,"1,69€","3,38€ / KG",
"SALSICHAO SECO ""LABEL ROUGE""",ST AZAY,Emb. 0.25 KG,"4,29€","17,16€ / KG",
Alimento Seco P/ Cão Adulto com Carne de Vaca e Peixe,FRISKIES,Emb. 3 KG,"9,95€","3,32€ / KG",
Leite Bem Essencial UHT Gordo,MIMOSA,Emb. 1 LT,"1,29€","1,29€ / LT",
TARTE DE BRIGADEIRO,P'TIT DÉLI,Emb. 0.3 KG,"2,99€","9,97€ / KG",
Biscoitos Revestidos com Chocolate de Leite,P'TIT DÉLI,Emb. 0.15 KG,"0,79€","5,27€ / KG",
Vinho do Porto Fundador Tawny,COMPANHIA VELHA,Emb. 0.75 LT,"5,99€","7,99€ / LT",
Sobremesa Láctea com Caramelo 4x100g,DÉLISSE,Emb. 0.4 KG,"1,59€","3,98€ / KG",
Conserva de Azeitona Preta Descaroçada,RUSTICA,Frasco 0.36 KG,"0,89€","2,47€ / KG",
Drageia Mastigável de Mentos Frutas,MENTOS,Emb. 0.12 KG,"1,99€","16,58€ / KG",
Amendoins no Forno,MATUTANO,Emb. 0.2 KG,"1,98€","9,90€ / KG",
Vinho do Porto Branco,DORRÃO,Garrafa 0.75 LT,"4,29€","5,72€ / LT",
CUSCUZ MEDIO 5X100G,COMPTOÍR DU GRAIN,Emb. 0.5 KG,"1,29€","2,58€ / KG",
GRANOLA NOZES,GRAINEA,Emb. 0.35 KG,"2,99€","8,54€ / KG",
QUEIJO FRESCO LIGHT,QUEIJO NA TÁBUA,Emb. 0.125 KG,"1,19€","9,52€ / KG",
Pacotinho de Cereais e Mel,NESTUM,Emb. 0.08 KG,"0,95€","11,88€ / KG",
GELADO DE BAUNILHA DE MADAGASCAR 500G 1L ESKISS,ESKISS,,"2,69€",/ Unid.,
Recarga Ambientador Freshmatic Pure Oasis e Lavanda,AIRWICK,Emb. 3 UNID.,"10,64€","3,55€ / UNID.",
Queijo Fundido Light 8 Porções,A VACA QUE RI,Emb. 0.14 KG,"2,29€","16,36€ / KG",
Marmelada,FERBAR,Emb. 0.4 KG,"1,79€","4,48€ / KG",
Gel Studio Line Indestructible Extremo 9,L'ORÉAL PARIS,Emb. 0.15 LT,"5,99€","39,93€ / LT",
Tomate da Horta Concentrado,COMPAL,Emb. 0.14 KG,"0,89€","6,36€ / KG",
ACHOCOLATADO EM PO 800G ECO+,ECO+,Emb. 0.8 KG,"2,69€","3,36€ / KG",
Ração para Gato Esterilizado Controlo de Peso de Frango,PURINA,Emb. 1.5 KG,"9,95€","6,63€ / KG",
Chá de Cidreira,TETLEY,Emb. 10 UNID.,"0,86€","0,09€ / UNID.",
Pensos Higiénicos Noite Alas,EVAX,Emb. 9 UNID.,"2,59€","0,29€ / UNID.",
IOGURTE BATIDO NATURAL,DÉLISSE,Emb. 0.5 KG,"0,79€","1,58€ / KG",
Escovilhão,SILLAGE,Emb. 1 UNID.,"1,00€","1,00€ / UNID.",
Johnson's Baby Óleo Regular,JOHNSON'S BABY,Emb. 0.5 LT,"5,98€","11,96€ / LT",
Óleo de Girassol Extra Virgem,,Emb. 0.075 LT,"3,29€","43,87€ / LT",
"BOLACHA PEQUENO ALMOCO CHOC, CEREAIS E AVELA BIO",,Emb. 0.2 KG,"1,79€","8,95€ / KG",
Fio Dentário,COLGATE,Emb. 1 UNID.,"3,39€","3,39€ / UNID.",
Ossos Prensados 8/10Cm Flúor,TOUS MES AMIS,Emb. 4 UNID.,"1,79€","0,45€ / UNID.",
AXE GEL DARK TEMTATION,AXE,Emb. 0.4 LT,"3,29€","8,23€ / LT",
Topping Chocolate,MILKA,Emb. 0.3 KG,"4,57€","15,23€ / KG",
Pizza Margarita na Pedra 3X300G,ECO+,Emb. 0.9 KG,"3,19€","3,54€ / KG",
Pães de Leite 10 Unid.,EPI D'OR,Emb. 0.35 KG,"1,89€","5,40€ / KG",
Pastilha Elástica Senses Berry Party,TRIDENT,Emb. 0.023 KG,"0,94€","40,87€ / KG",
Mistura de Cogumelos,NOTRE JARDIN,Emb. 0.45 KG,"2,69€","5,98€ / KG",
Alimento Seco P/ Cão Croquetes Multicomponentes,LYDOG,Emb. 10 KG,"12,99€","1,30€ / KG",
DOCE MORANGO 350G,CASA MATEUS,Emb. 0.35 KG,"2,69€","7,69€ / KG",
Conjunto de 4 Recargas Neutras Pastilha,FOXTER,Emb. 0.45 KG,"6,99€","15,53€ / KG",
Bacon em Pedaços 2x100g,ECO+,Emb. 0.2 KG,"1,49€","7,45€ / KG",
Esparguete Fino Clássica,NACIONAL,Emb. 0.5 KG,"1,39€","2,78€ / KG",
Bolos com Pepitas de Chocolate sem Glúten,CHAQUE JOUR SANS GLUTEN,Emb. 0.23 KG,"2,99€","13,00€ / KG",
Vinho Branco A.O.C. Gewurztramin 2014,REBMANN,Garrafa 0.75 LT,"6,49€","8,65€ / LT",
Água Micelar Tudo em 1,GARNIER,Emb. 0.4 LT,"6,78€","16,95€ / LT",
Bolachas Amanteigadas com Tablete de Chocolate Branco 2x6 Unid.,P'TIT DÉLI,Emb. 0.15 KG,"1,19€","7,93€ / KG",
Crackers sem Sal,EPI D'OR,Emb. 0.5 KG,"1,69€","3,38€ / KG",
Cápsulas Café Expresso Intenso Intensidade 7,DOLCE GUSTO,Emb. 16 CAPS.,"5,57€","0,35€ / CAPS.",
POSTA PESCADA Nº3 PARA FRITAR,ECO+,Emb. 0.8 KG,"4,59€","5,74€ / KG",
Conserva de Feijão Frade Cozido,NOTRE JARDIN,Frasco 0.57 KG,"0,69€","1,21€ / KG",
Harpic Liquído Eucalipto e Menta 750ml x12,HARPIC,Emb. 0.75 LT,"2,24€","2,99€ / LT",
Compota de Maçã 4x100g,,Emb. 0.4 KG,"0,99€","2,48€ / KG",
Hambúrguer C/ Cebola 10 Unid.,FERIAL,Emb. 1 KG,"8,99€","8,99€ / KG",
Bolachas Wafer de Cacau -40% Açúcares,VIEIRA,Emb. 0.1 KG,"1,49€","14,90€ / KG",
NAPOLITANAS CHOCOLATE 10UN,ECO+,Emb. 0.45 KG,"1,95€","4,33€ / KG",
Puré Maçã S/ Açúcar 12 Unid.,DOUCEUR DU VERGER,Emb. 1.08 KG,"4,89€","4,53€ / KG",
Café Mistura Peninsular Moída,DELTA,Emb. 0.25 KG,"1,49€","5,96€ / KG",
ESPARGUETE GRAO DE BICO BIO,,Emb. 0.25 KG,"1,79€","7,16€ / KG",
Amendoim C/ Casca Torrado,MARQUE REPERE,Emb. 0.5 KG,"1,99€","3,98€ / KG",
Snack Batata Frita Sabor Queijo,TOKAPI,Emb. 0.17 KG,"1,95€","11,47€ / KG",
Piaçaba,ECO+,Emb. 1 UNID.,"1,50€","1,50€ / UNID.",
Vodka Preta,NOVOTNA,Garrafa 0.7 LT,"6,99€","9,99€ / LT",
Refrigerante S/ Gás Limão,AQUARIUS,Garrafa 1.5 LT,"1,89€","1,26€ / LT",
IOGURTE NATURAL MAGRO 0% DE MATERIA GORDA BIO,,Emb. 0.5 KG,"0,99€","1,98€ / KG",
TREMOCOS EXTRA EM FRASCO 13/15,RUSTICA,Emb. 0.37,"1,29€","3,49€ /",
TOSTAS INTEGRAIS S/ SAL S/ ACUCARES BIO,,Emb. 0.3 KG,"2,05€","6,83€ / KG",
Amaciador concentrado peónia azul e citrus,SURF,Emb. 90 DOSES,"3,49€","0,04€ / DOSES",
Salteado da Horta,BONDUELLE,Emb. 0.4 KG,"2,19€","5,48€ / KG",
Ervilhas Ultracongeladas,NOTRE JARDIN,Emb. 1 KG,"1,59€","1,59€ / KG",
"LIQUIDIFICADORA 1,5l 600W",ELSAY,Emb. 1 UNID.,"29,90€","29,90€ / UNID.",
GELADO BAUNILHA / NOZ PECAN,ESKISS,Emb. 1 LT,"2,65€","2,65€ / LT",
FEIJAO ENCARNADO 3X200G,NOTRE JARDIN,Emb. 0.6,"1,75€","2,92€ /",
Chá Preto Descafeinado,TETLEY,Emb. 10 UNID.,"0,89€","0,09€ / UNID.",
Detergente para a Máquina da Roupa Sensitive 3 em 1,SKIP,Emb. 1.134,"12,49€","11,01€ /",
Barquette Morango,LULU,Emb. 0.12 KG,"1,87€","15,58€ / KG",
Salsa em Folhas,MARGÃO,Emb. 0.006 KG,"1,09€","181,67€ / KG",
Maionese com Sabor a Iogurte,HELLMANN'S,Emb. 0.433 KG,"3,31€","7,64€ / KG",
Cerveja com Álcool 6x20cl,CRISTAL,Emb. 1.2 LT,"2,29€","1,91€ / LT",
Vinho Tinto,LAGAR DAS PIAS,Bag in Box 5 LT,"6,99€","1,40€ / LT",
CAVACAS,,Emb. 0.09 KG,"2,89€","32,11€ / KG",
Tiras P/ Coelho Mel,TOUS MES AMIS,Emb. 2 UNID.,"1,75€","0,88€ / UNID.",
TESOURA 16CM,ESQUISSE,Emb. 1 UNID.,"1,79€","1,79€ / UNID.",
Spray Anti Bolores,CIF,Emb. 0.435 LT,"2,49€","5,72€ / LT",
Azeite Subtil,GALLO,Emb. 0.75 LT,"3,99€","5,32€ / LT",
Fita Dentária Sabor a Menta Fresca,SENSODYNE,Emb. 50 MT,"3,82€","0,08€ / MT",
Conserva de Feijão Frade Cozido com pouco Sal,FERBAR,Emb. 0.42 KG,"0,95€","2,26€ / KG",
Fatias Finas Peito de Frango,NOBRE,Emb. 0.11 KG,"2,14€","19,45€ / KG",
TERRINA VACA/CENOURA P/ CAO 1230G,LYDOG,Emb. 1.23 KG,"2,55€","2,07€ / KG",
Café Cápsulas XL Qharacter Intensidade 9,DELTA Q,Emb. 40 CAPS.,"12,99€","0,32€ / CAPS.",
Chá Preto de Pêssego e Manga,LIPTON,Emb. 0.036 KG,"1,74€","48,33€ / KG",
Vinho Regional Douro,EVEL,Garrafa 0.75 LT,"4,65€","6,20€ / LT",
Lanche Misto,,1 Unid. = 0.09 KG,"0,82€","9,11€ / KG",
Gelado com Amêndoas,MAGNUM,Emb. 0.44 LT,"3,89€","8,84€ / LT",
Kit para Pizza,TABLIER BLANC,Emb. 0.6 KG,"2,59€","4,32€ / KG",
Lenços Bolso 6+2 Unidades Red Label Pure,LENÇOS RENOVA,Emb. 8 UNID.,"0,99€","0,12€ / UNID.",
Anti Calcário Máquina Roupa Pó 2 em 1,CALGON,Emb. 20 DOSES,"6,99€","0,35€ / DOSES",
MULTICROQUETES CARNE P/GATO,ECO+,,"2,59€",/ Unid.,
Snack de Chocolate Mini,KIT KAT,Emb. 12 UNID.,"2,09€","0,17€ / UNID.",
TIRAS GOMAS ACIDAS FUN COLORZ,COPAÍNS COPINES,Emb. 0.2 KG,"1,39€","6,95€ / KG",
Recarga Sabonete Líquido Hipo-Alergénio,MANAVA,Emb. 0.25 LT,"0,65€","2,60€ / LT",
Néctar Clássico Maracujá,COMPAL,Emb. 1 LT,"1,59€","1,59€ / LT",
Bolo de Massa em Espiral,P'TIT DÉLI,Emb. 0.2 KG,"1,39€","6,95€ / KG",
Desodorizante para Pele Sensível Roll-On,SANEX,Emb. 0.05 LT,"2,39€","47,80€ / LT",
Leite UHT Meio Gordo,AGROS,Emb. 0.6 LT,"1,19€","1,98€ / LT",
Bifidus Líquido Kiwi 4x155g,DANONE,Emb. 0.62 KG,"1,99€","3,21€ / KG",
Chocolate Preto,ECO+,Emb. 0.5 KG,"2,80€","5,60€ / KG",
Conjunto de 3 X-Atos,ECO+,Emb. 3 UNID.,"1,49€","0,50€ / UNID.",
Gelado Magic,SMICY,Emb. 8 UNID.,"1,59€","0,20€ / UNID.",
Sardinha Congelada,,1 Unid. = 0.25 KG (aprox.),"1,85€/kg","0,46€ / Unid.",
Cordon Bleu Queijo e Fiambre Ultracongelado,IGLO,Emb. 0.2 KG,"3,99€","19,95€ / KG",
BOLACHAS PETIT BEURRE C/ PEPITAS POCKET,P'TIT DÉLI,Emb. 0.3 KG,"2,69€","8,97€ / KG",
FOIE BACALHAU FUMADO,PÊCHE OCÉAN,,"1,99€",/ Unid.,
Iogurte de Pêssego e Banana 4 Unid.,IOGOLINO,Emb. 0.4 KG,"2,89€","7,23€ / KG",
Bolachas Mini Tarteletes com Recheio de Leite,P'TIT DÉLI,Emb. 0.225 KG,"1,69€","7,51€ / KG",
Queijo Mistura Grande,ALAVÃO,1 Unid. = 1.825 KG (aprox.),"7,99€/kg","14,58€ / Unid.",
PAO RALADO,TABLIER BLANC,Emb. 0.25 KG,"0,49€","1,96€ / KG",
Aguardente Vínica Velha,SÃO DOMINGOS,Emb. 0.7 LT,"12,95€","18,50€ / LT",
Ice Tea de Manga Lata 6x25cl,LIPTON,Emb. 1.5 LT,"3,38€","2,25€ / LT",
Alimento Húmido Gato P/ Gold,GOURMET,Emb. 0.085 KG,"0,74€","8,71€ / KG",
Gelatina em Pó Pêssego,TABLIER BLANC,Emb. 0.17 KG,"0,85€","5,00€ / KG",
CHOCOLATE PRETO RECHEIO DE COCO,EQUADOR,Emb. 0.125 KG,"1,89€","15,12€ / KG",
Salsichão Fatias Tapas,CAMPOFRIO,Emb. 0.08 KG,"1,68€","21,00€ / KG",
Vinho Verde Branco,MURALHAS,Garrafa 0.75 LT,"3,99€","5,32€ / LT",
Água sem Gás,FASTIO,Garrafa 6 LT,"1,79€","0,30€ / LT",
Maçã Reineta Cal. 75/80,,1 Unid. = 0.2 KG (aprox.),"1,29€/kg","0,26€ / Unid.",
MULTI USOS,CLAIR,Emb. 0.75 LT,"0,82€","1,09€ / LT",
DETERGENTE LIQUIDO PRIMAVERA 40D,EPSIL,,"4,95€",/ Unid.,
PUDIM +PROTEINA CAFE COLOMBIANO,EHRMANN,Emb. 0.2 KG,"1,79€","8,95€ / KG",
Papa Infantil Leite e Cereais,CERELAC,Emb. 0.4 KG,"1,84€","4,60€ / KG",
"Pilhas Alcalinas LR03/AAA 1,5V",FOXTER,Emb. 4 UNID.,"1,69€","0,42€ / UNID.",
Cereais Integrais e Mel,NESTUM,Emb. 0.25 KG,"1,99€","7,96€ / KG",
Alimento P/ Cão Adulto De Salmão e Aveia,BEYOND,Emb. 1.4 KG,"6,34€","4,53€ / KG",
PAES PITA X6,EPI D'OR,Emb. 0.4 KG,"1,45€","3,63€ / KG",
Kinder SchokobonsT.200 White,KINDER,Emb. 0.2 KG,"3,45€","17,25€ / KG",
Desodorizante Roll On Invisible Black White 48H,REXONA,Emb. 0.05 LT,"2,39€","47,80€ / LT",
Azeite Virgem Extra Reserva,CONDESTÁVEL,Emb. 0.75 LT,"4,19€","5,59€ / LT",
LOURO FOLHAS,RUSTICA,Emb. 0.007 KG,"0,40€","57,14€ / KG",
Molho Piripíri Extraforte,RUSTICA,Emb. 0.21 KG,"0,65€","3,10€ / KG",
Batatas Fritas com Sal 6x30 g,LAY'S,Emb. 0.18 KG,"2,45€","13,61€ / KG",
Tablete de Chocolate Branco 4x100g,,Emb. 0.4 KG,"2,29€","5,73€ / KG",
Croissant Recheado de Ovo,,1 UNID.,"0,69€","0,69€ / UNID.",
DOCE CASTANHA C/ BAUNILHA,MAMIE DOUCEUR,,"1,89€",/ Unid.,
Bolachas Amanteigadas Cobertas com Tablete Chocolate Leite e Avelãs,P'TIT DÉLI,Emb. 0.15 KG,"1,25€","8,33€ / KG",
Favas Congeladas,NOTRE JARDIN,Emb. 1 KG,"2,29€","2,29€ / KG",
DETERGENTE MAQ LOICA PASTILHAS TUDO EM 1,VISIOR,Emb. 30 UNID.,"2,09€","0,07€ / UNID.",
SPRAY LUSTRANTES PNEUS 1 L 1L TECH9,TECH9,Emb. 1 LT,"4,49€","4,49€ / LT",
Tablete de Chocolate de Leite Bubbly Caramel,MILKA,Emb. 0.25 KG,"3,95€","15,80€ / KG",
Desodorizante Dove Roll-On Invisible Dry Masc,DOVE,Emb. 0.05 LT,"2,69€","53,80€ / LT",
Champô Cabelo Garnier Hidra Caracóis,FRUCTIS,Emb. 0.25 LT,"3,99€","15,96€ / LT",
VASSOURINHA PARA PA LIXIO,,Emb. 1 UNID.,"0,89€","0,89€ / UNID.",
FEIJAO PRETO SACO MGUIA,NOTRE JARDIN,Emb. 0.5 KG,"0,99€","1,98€ / KG",
Rolo de Cozinha Mega,MARQUE REPERE,Emb. 1 UNID.,"3,39€","3,39€ / UNID.",
MOLHO PIRI-PIRI FERBAR 210G,FERBAR,Emb. 0.21 KG,"1,19€","5,67€ / KG",
Pão sem Côdea Especial Torradas,PANRICO,Emb. 0.51 KG,"2,59€","5,08€ / KG",
Bacon de Peru,PRIMOR,Emb. 0.2 KG,"14,89€","74,45€ / KG",
Yofu Natural c/ Amêndoa 500g,,Emb. 0.5 KG,"2,39€","4,78€ / KG",
PURE FRUTA VARIOS SABORES SEM ADICAO ACUCAR BISNAGA BIO,,Emb. 1.08 KG,"6,99€","6,47€ / KG",
Chocolate de Leite 3x,KIT KAT,Emb. 0.125 KG,"1,49€","11,92€ / KG",
Detergente para a Roupa 3 em 1 Active Fresh,SKIP,Emb. 1.134 KG,"12,49€","11,01€ / KG",
FITA ADESIVA 66MX5,ECO+,Emb. 2 UNID.,"1,99€","1,00€ / UNID.",
QUEIJO EMENTAL FATIADO ESPECIAL TOSTA MISTA,LES CROISÉS,Emb. 0.2 KG,"1,79€","8,95€ / KG",
OIKOS CAFE 110G X4,OIKOS,Emb. 0.44 KG,"2,39€","5,43€ / KG",
Bombons de Chocolate Negro e Caramelo,LUTTI,Emb. 0.15 KG,"2,31€","15,40€ / KG",
Arroz Agulha,CAÇAROLA,Emb. 1 KG,"1,14€","1,14€ / KG",
Coco Ralado,TABLIER BLANC,Emb. 0.2 KG,"1,19€","5,95€ / KG",
SACO CONGELACAO C/ZIP MEDIO,ELEMBAL,Emb. 20 UNID.,"1,29€","0,06€ / UNID.",
Bolachas Areadas de Framboesa,CHAQUE JOUR SANS GLUTEN,Emb. 0.14 KG,"2,69€","19,21€ / KG",
Bacon Fumado 2x100g,TRADILÈGE,Emb. 0.2 KG,"2,19€","10,95€ / KG",
Salada Camponesa,,Emb. 0.225 KG,"1,19€","5,29€ / KG",
Empadas de Galinha,,Emb. 6 UNID.,"1,99€","0,33€ / UNID.",
"MISTURA DE LEGUMES (BROCULOS, COUVE FLOR E CENOURA)",NOTRE JARDIN,Emb. 1 KG,"1,99€","1,99€ / KG",
Presunto Aperitivo,DAMATTA,Emb. 0.3 KG,"4,45€","14,83€ / KG",
Vinho Branco Adamado,FAISÃO,Garrafa 1 LT,"2,19€","2,19€ / LT",
Selecção de Frutos Secos,MARQUE REPERE,Emb. 0.3 KG,"5,98€","19,93€ / KG",
Vinho Regional Douro Branco,PORCA DE MURÇA,Garrafa 0.75 LT,"3,79€","5,05€ / LT",
DOCE TOMATE 345G,CASA MATEUS,Emb. 0.345 KG,"2,24€","6,49€ / KG",
Assar de Novilho,,1 Unid. = 0.87 KG (aprox.),"8,99€/kg","7,82€ / Unid.",
Champô para Cabelo Pintado e Proteção de Cor,GLISS,Emb. 0.25 LT,"2,24€","8,96€ / LT",
Detergente Máquina Loiça Tudo Em Um Limão,FAIRY,Emb. 28 CAPS.,"5,74€","0,21€ / CAPS.",
Pasta Pot Cogumelos,KNORR,Emb. 0.07 KG,"1,60€","22,86€ / KG",
Refrigerante com Gás Ananás,SUMOL,Garrafa 1.25 LT,"1,49€","1,19€ / LT",
Cerveja com Álcool 24x33cl,SUPER BOCK,Emb. 7.92 LT,"15,79€","1,99€ / LT",
Vinho Regional Douro Tinto Reserva,ADEGA DE VILA REAL,Garrafa 0.75 LT,"3,49€","4,65€ / LT",
Salsichão com Alho Fumado,,Emb. 0.4 KG,"1,99€","4,98€ / KG",
Leite Crescimento Júnior 1+ Bolacha Maria,NESTLÉ,Emb. 1 LT,"2,19€","2,19€ / LT",
Snacks Sabor a Bacon,,Emb. 0.1 KG,"1,19€","11,90€ / KG",
FITA COLA INVISIVEL 25M,ESQUISSE,Emb. 1 UNID.,"1,85€","1,85€ / UNID.",
Conserva de Ervilhas com Cenoura Cozidas,,Lata 0.53 KG,"1,59€","3,00€ / KG",
Alimento Seco P/ Gato Bola Pelo/Esteril,PURINA ONE,Emb. 0.8 KG,"6,10€","7,63€ / KG",
BACON FUMADO NACOS,ECO+,Emb. 0.2 KG,"2,19€","10,95€ / KG",
Néctar Clássico Manga,COMPAL,Emb. 1 LT,"1,59€","1,59€ / LT",
Fita Adesiva De Pintor 50Metrosx50Mm,FOXTER,Emb. 1 UNID.,"3,49€","3,49€ / UNID.",
Palmiers de massa Folhada com Manteiga,P'TIT DÉLI,Emb. 0.1 KG,"0,99€","9,90€ / KG",
Ambientador Automático Recarga Berry Pack 3,GLADE,Emb. 0.269 LT,"11,68€","43,42€ / LT",
Papa Infantil Aveia Maçã e Cenoura,CERELAC,Emb. 0.24 KG,"2,49€","10,38€ / KG",
"BL1 LED CAPS G9 2,8-25W",FOXTER,Emb. 1 UNID.,"3,00€","3,00€ / UNID.",
Caldo para Arroz 24 Cubos,KNORR,Emb. 0.24 KG,"2,39€","9,96€ / KG",
REFRIGERANTE S/GAS LARANJA,JAFUN,,"3,49€",/ Unid.,
TAMPAO MINI,DOULYS,Emb. 24 UNID.,"1,35€","0,06€ / UNID.",
TOSTAS CROCANTES COM CEREAIS,EPI D'OR,Emb. 0.25 KG,"1,09€","4,36€ / KG",
Bolachas Tosta Rica,CUÉTARA,Emb. 0.57 KG,"3,19€","5,60€ / KG",
COPOS BIODEGRADAVEIS 25CL 12UN,HOMESIDE,Emb. 12 UNID.,"2,50€","0,21€ / UNID.",
Rolo de Cozinha Green XXL,RENOVA,Emb. 2 ROLOS,"1,98€","0,99€ / ROLOS",
Tablete de Chocolate de Leite,NESTLÉ,Emb. 0.09 KG,"1,09€","12,11€ / KG",
Ketchup Top Down,HEINZ,Emb. 0.46 KG,"2,96€","6,43€ / KG",
DETERGENTE MANUAL LOICA LIMAO HIPOALERG.ECOLOGICO 750ML,UNÍ VERT,Emb. 0.75 LT,"1,89€","2,52€ / LT",
MOPA + RECARGA MICROFIBRAS,SILLAGE,Emb. 1 UNID.,"6,90€","6,90€ / UNID.",
Douradinhos de Filete de Peixe 15 Unid. Ultracongelado,CAPITÃO IGLO,Emb. 0.42 KG,"5,99€","14,26€ / KG",
Arroz Agulha,,Emb. 1 KG,"0,99€","0,99€ / KG",
Puré Maçã Banana S/ Adição Açúcar,DOUCEUR DU VERGER,Emb. 0.36 KG,"1,99€","5,53€ / KG",
Salva Camas 60x75CM,LINDOR,Emb. 15 UNID.,"6,79€","0,45€ / UNID.",
"ASPIRADOR S/SACO 600W 2,7L",ELSAY,Emb. 1 UNID.,"59,90€","59,90€ / UNID.",
Biscoitos Crocantes para Cão,LYDOG,Emb. 0.5 KG,"1,65€","3,30€ / KG",
Leite Bem Essencial UHT Meio Gordo 3 Unid.,MIMOSA,Emb. 0.6 LT,"1,39€","2,32€ / LT",
Sumo de Limão 2X125ml,RUSTICA,Emb. 0.5 LT,"0,99€","1,98€ / LT",
Detergente Manual Loiça Ultra,FAIRY,Emb. 0.48 LT,"2,14€","4,46€ / LT",
Entremeada de Porco,,1 Unid. = 0.4 KG (aprox.),"4,99€/kg","2,00€ / Unid.",
TOSTAS CROCANTES COM CENTEIO,EPI D'OR,Emb. 0.25 KG,"1,09€","4,36€ / KG",
Cogumelo Portobello,,Emb. 0.2 KG,"1,89€","9,45€ / KG",
Molho Cocktail Salsa,HEINZ,Emb. 0.22 KG,"2,29€","10,41€ / KG",
Néctar Vital Equilíbrio Laranja Maracujá,COMPAL,Emb. 1 L,"1,59€","1,59€ / L",
TABULEIRO P/AREIA + PA P/GATO,ECO+,Emb. 1 UNID.,"3,99€","3,99€ / UNID.",
Penso Incontinência Discreet Micro,AUSONIA,Emb. 28 UNID.,"2,99€","0,11€ / UNID.",
AGULHA P/BOLA 3UN,WOODSUN,Emb. 3 UNID.,"0,99€","0,33€ / UNID.",
Café Torrado Moído Brasil Moagem Universal Intensidade 7,SICAL,Emb. 0.22 KG,"3,49€","15,86€ / KG",
Bolachas de Cereais Dinosauros,ARTIACH,Emb. 0.185 KG,"1,89€","10,22€ / KG",
Polpa de Tomate Biológica,,Emb. 0.5 KG,"0,99€","1,98€ / KG",
Barras de Cereais de Chocolate 6 Unid.,FITNESS,Emb. 0.141 KG,"2,33€","16,52€ / KG",
Massa Cotovelos Clássica,NACIONAL,Emb. 0.5 KG,"1,29€","2,58€ / KG",
Lentilhas Amarelas,NOTRE JARDIN,Emb. 0.5 KG,"1,25€","2,50€ / KG",
Bolachas Cobertas com Tablete de Chocolate Preto Biológicas,,Emb. 0.15 KG,"1,99€","13,27€ / KG",
Côco Seco,,1 Unid. = 0.48 KG (aprox.),"2,19€/kg","1,05€ / Unid.",
Duvel Cerveja da Bélgica,DUVEL,Emb. 0.33 LT,"2,89€","8,76€ / LT",
IOGURTE LIQUIDO MORANGO,DÉLISSE,Emb. 0.72 KG,"1,55€","2,15€ / KG",
"OIKOS STRACCIATELLA 110G ,,440G",OIKOS,Emb. 0.44 KG,"2,39€","5,43€ / KG",
Iogurte Líquido Natural 6x100g,DANACOL,Emb. 0.6 KG,"2,99€","4,98€ / KG",
BANHA DE PORCO,CAMPO FINO,Emb. 0.22 KG,"0,89€","4,05€ / KG",
PEPITAS DE CHOCOLATE DE LEITE,TABLIER BLANC,Emb. 0.1 KG,"1,99€","19,90€ / KG",
Óleo Intense 6-10 Louro Escuro,SYOSS,,"6,24€",/ Unid.,
CONE CARAMELO/BAUNILHA/ MANTEIGA SALG 6UN,TRIUM,Emb. 6 UNID.,"2,49€","0,42€ / UNID.",
Corta Ramos C/ Cremalheira,BEAUX JOURS,Emb. 1 UNID.,"12,49€","12,49€ / UNID.",
Snacks Party Mix Original,FELIX,Emb. 0.06 KG,"1,59€","26,50€ / KG",
Néctar Clássico Pêssego,COMPAL,Emb. 1 LT,"0,99€","0,99€ / LT",
Iogurte Líquido Morango Banana 4x155g,DANONE,Emb. 0.62 KG,"1,69€","2,73€ / KG",
MOLAS 24UN,ECO+,Emb. 24 UNID.,"1,50€","0,06€ / UNID.",
CORNETTO MINI CLÁSSICO (8x60ml),CORNETTO,Emb. 8 UNID.,"4,49€","0,56€ / UNID.",
Cerveja com Álcool Lata,SUPER BOCK,Emb. 0.5 LT,"1,39€","2,78€ / LT",
Pataniscas 6 Unid.,SNR,Emb. 0.325 KG,"2,99€","9,20€ / KG",
Rigatoni,TRADIZIONI D'ITALIA,Emb. 0.5 KG,"1,39€","2,78€ / KG",
CREME DEPILATORIO DE DUCHE,SLISS,Emb. 0.25 LT,"3,25€","13,00€ / LT",
Massa Talharim,MILANEZA,Emb. 0.5 KG,"1,69€","3,38€ / KG",
Brownie de Chocolate com Pepitas de Chocolate,P'TIT DÉLI,Emb. 0.24 KG,"2,19€","9,13€ / KG",
LENCOS FACIAIS 3F,CARESSE,Emb. 150 UNID.,"1,49€","0,01€ / UNID.",
PERSIL UNIVERSAL GEL,PERSIL,Emb. 65 DOSES,"19,95€","0,31€ / DOSES",
Biscoitos de Canela,P'TIT DÉLI,Emb. 0.5 KG,"2,08€","4,16€ / KG",
MINI SNACKS BOUCH POUL FROM 60,TOUS MES AMIS,Emb. 0.06 KG,"0,85€","14,17€ / KG",
Caldo Carne 16 Cubos,MAGGI,Emb. 0.16 KG,"2,09€","13,06€ / KG",
"Alimento Húmido P/ Cão Adulto em Molho de Vaca, Borrego",FRISKIES,Emb. 1.2 KG,"6,66€","5,55€ / KG",
Máscara Hidrata Leite de Coco,HERBAL ESSENCES,Emb. 0.25 LT,"3,99€","15,96€ / LT",
Alho Francês Cortado,,Emb. 0.2 KG,"1,39€","6,95€ / KG",
Sais de Fruta Digestivo Laranja,ENO,Emb. 10 UNID.,"3,99€","0,40€ / UNID.",
IOGURTE NATURAL FRASCO,DÉLISSE,Emb. 1 KG,"2,05€","2,05€ / KG",
Xarope de Groselha,FRUCCI,Garrafa 1 LT,"2,49€","2,49€ / LT",
MASSA ESPIRAIS,CAÇAROLA,Emb. 0.5 KG,"1,09€","2,18€ / KG",
PensosHigiénicos Cottonlike Super Plus Alas,EVAX,Emb. 10   UNID.,"2,69€","0,27€ /   UNID.",
Maionese Heinz Cebola E Alho Td 400ml,HEINZ,Emb. 0.4 LT,"3,49€","8,73€ / LT",
Pastilhas Café Descafeinado,DELTA,Emb. 16 PAST.,"3,25€","0,20€ / PAST.",
Conjunto de 4 Ponteiras de Sobrepor 25Mm,FOXTER,Emb. 4 UNID.,"2,29€","0,57€ / UNID.",
Gel de Barbear Peles Sensíveis,GILLETTE,Emb. 0.2 LT,"3,39€","16,95€ / LT",
LUVAS ROSEIRAS S ROSA,BEAUX JOURS,Emb. 1 UNID.,"1,89€","1,89€ / UNID.",
GELADO TRIUM AMENDOIM/CARAMELO COB. CHOCO LEITE 4UN,TRIUM,Emb. 4 UNID.,"1,99€","0,50€ / UNID.",
FORMAS DE ALUMINIO 2 L 5UN,ELEMBAL,Emb. 5 UNID.,"3,99€","0,80€ / UNID.",
DETERGENTE LÍQUIDO BABY,SKIP,Emb. 1.1 LT,"4,99€","4,54€ / LT",
ALCOOL ETILICO 96º,PRIMOPLAST,Emb. 0.25 LT,"0,79€","3,16€ / LT",
Manteiga Magra Baixo Teor Sal,PRÉSIDENT,Emb. 0.25 KG,"2,35€","9,40€ / KG",
Café Solúvel Clássico,NESCAFÉ,Emb. 10 SAQ.,"1,79€","0,18€ / SAQ.",
Caldo para Arroz,KNORR,Emb. 8 CUBOS,"1,39€","0,17€ / CUBOS",
Snack P/ Cão Médio/Grande +10kg,FRISKIES,Emb. 7 UNID.,"2,99€","0,43€ / UNID.",
COLA BATON 10G,ESQUISSE,Emb. 2 UNID.,"0,79€","0,40€ / UNID.",
Tablete Chocolate 40% Cacau Biológica,,Emb. 0.1 KG,"1,49€","14,90€ / KG",
TAMPAO COMPACTO NORMAL,DOULYS,Emb. 20 UNID.,"2,29€","0,11€ / UNID.",
Leite Condensado Cozinha,NESTLÉ,Emb. 0.397 KG,"1,54€","3,88€ / KG",
Tronco de Natal,,1 Unid. = 1 KG (aprox.),"9,98€/kg","9,98€ / Unid.",
Café Descafeinado Seleção Premium Intensidade 7,NESCAFE GOLD,Emb. 0.1 KG,"4,99€","49,90€ / KG",
Esparguete Carbonara,CÔTÉ TABLE,Emb. 0.33 KG,"2,85€","8,64€ / KG",
Crackers Integrais,EPI D'OR,Emb. 0.5 KG,"1,69€","3,38€ / KG",
Vinho Regional Dão Tinto,GRÃO VASCO,Garrafa 0.75 LT,"3,59€","4,79€ / LT",
PERSIL COLOR GEL 100D,PERSIL,Emb. 5.116 KG,"17,24€","3,37€ / KG",
Vinho Verde Branco,LAGOSTA,Garrafa 0.75 LT,"3,98€","5,31€ / LT",
Cotonetes p/ Bebé,JOHNSON'S BABY,Emb. 200 UNID.,"2,95€","0,01€ / UNID.",
BLEU AUVERGNE AOC,NOS RÉGIONS ONT DU TALENT,Emb. 0.125,"1,69€","13,52€ /",
Gelado de Chocolate Branco e Amêndoas Pack 4,MAGNUM,Emb. 0.44 LT,"4,99€","11,34€ / LT",
Spray Limpa Fornos e Grelhadores,CIF,Emb. 0.435 LT,"2,49€","5,72€ / LT",
Mistura de Ervilhas e Cenouras Extrafinas Ultracongelado,NOTRE JARDIN,Emb. 1 KG,"1,72€","1,72€ / KG",
BOLACHA QUAD. RECHEADA C/ MORANGO X16,P'TIT DÉLI,Emb. 0.295 KG,"0,95€","3,22€ / KG",
Maionese,RUSTICA,Emb. 0.225 LT,"1,19€","5,29€ / LT",
Ficha Tripla 2X10X16A+1X6A,ECO+,Emb. 1 UNID.,"1,79€","1,79€ / UNID.",
Sticks Dentários Vaca Frango Borrego 15 Unid.,TOUS MES AMIS,Emb. 0.125 KG,"1,39€","11,12€ / KG",
Iogurte Líquido DanUp Manga Tangerina 4x155g,DANONE,Emb. 0.62 KG,"1,69€","2,73€ / KG",
Conserva de Feijão Encarnado,COMPAL,Lata 0.845 KG,"1,59€","1,88€ / KG",
Loção Corporal Advanced Repair,VASELINE,Emb. 0.2 LT,"2,14€","10,70€ / LT",
Sal Máquina Loiça Anti-Calcário,SUN,Emb. 1 KG,"1,49€","1,49€ / KG",
Polpa de Tomate 100% Português,COMPAL,Frasco 0.5 KG,"0,95€","1,90€ / KG",
Alimento Seco P/ Cão Free Vaca,BEYOND,Emb. 7 KG,"29,90€","4,27€ / KG",
ARROZ BASMATI PRE COZIDO EXPRESS,COMPTOÍR DU GRAIN,Emb. 0.25 KG,"1,09€","4,36€ / KG",
SAUCE POIVRE VERT,RUSTICA,Emb. 0.03 KG,"0,79€","26,33€ / KG",
Iogurte Líquido Straciatella 4x155g,DANONE,Emb. 0.62 KG,"1,69€","2,73€ / KG",
Creme Hidratante Caixa Família,NIVEA,Emb. 0.25 LT,"5,59€","22,36€ / LT",
TARTE DE COCO,P'TIT DÉLI,Emb. 0.3 KG,"2,99€","9,97€ / KG",
Crackers sem Sal na Superfície,GRAN PAVESI,Emb. 0.56 KG,"3,59€","6,41€ / KG",
Recarga Limpa Vidros,AJAX,Emb. 0.5 LT,"2,49€","4,98€ / LT",
Escova a Pilhas Motion Kids Minion Bateria,COLGATE,Emb. 1 UNID.,"8,99€","8,99€ / UNID.",
Iogurte Bifidus Cremoso Coco 4 Unid.,DANONE,Emb. 0.48 KG,"1,99€","4,15€ / KG",
PENSOS HIGIENICOS NORMAL C/ ALAS ECOLOGICOS 14UN,UNÍ VERT,Emb. 14 UNID.,"1,45€","0,10€ / UNID.",
QUICHE LORRAINE COM NATAS,CÔTÉ TABLE,Emb. 0.4 KG,"2,89€","7,23€ / KG",
PILHAS RECARGAVEIS HR03,FOXTER,Emb. 4 UNID.,"4,89€","1,22€ / UNID.",
Vinho Branco Frutado,CORAÇÃO DA MINHA,Garrafa 0.75 LT,"1,09€","1,45€ / LT",
Coloração 1-4 Preto Azulado,SYOSS,,"4,99€",/ Unid.,
Tosta Rica Cacau,CUÉTARA,Emb. 0.57 KG,"3,39€","5,95€ / KG",
"Gel Duche ""Petalas""",MANAVA,Emb. 0.25 LT,"1,19€","4,76€ / LT",
BOMBA MANUAL P/BOLA + AGULHA,WOODSUN,Emb. 1 UNID.,"2,99€","2,99€ / UNID.",
Vinho Regional Douro Tinto,CISTUS,Garrafa 0.75 LT,"5,49€","7,32€ / LT",
Bife chã de Fora de Novilho,,1 Unid. = 0.5 KG (aprox.),"10,99€/kg","5,50€ / Unid.",
TOALHITAS DESMAQUILHANTES BIO 25UN,BIONAÏA,Emb. 25 UNID.,"1,99€","0,08€ / UNID.",
Pensos Higiénicos Salvaslip MaxiPlus,EVAX,Emb. 30 UNID.,"3,19€","0,11€ / UNID.",
Cápsulas Café Macchiato Caramelo P/ Dolce Gusto,STARBUCKS,Emb. 12 CAPS.,"4,74€","0,40€ / CAPS.",
Água Micelar Peles Sensíveis,BIOTEN,Emb. 0.1 LT,"2,28€","22,80€ / LT",
"Amaciador Concentrado ""Fragância de Provence"" 3 Unid.",HYPERDOU,Emb. 0.25 LT,"1,19€","4,76€ / LT",
BLOCO SANITARIO FRESCURA VERDE ECO 1UN,UNÍ VERT,Emb. 1 UNID,"1,99€","1,99€ / UNID",
Salada de Atum à Catalane,COTE SNACK,Lata 0.25 KG,"1,99€","7,96€ / KG",
Espuma Limpa Carpetes e Estofos Tira Nódoas,VANISH,Emb. 0.6 LT,"5,19€","8,65€ / LT",
TABULEIRO 40*25,ECO+,Emb. 1 UNID.,"6,99€","6,99€ / UNID.",
BALDE DE AZEITONAS MACANILHA MISTAS INTEIRAS,RUSTICA,Emb. 3.5 KG,"5,99€","1,71€ / KG",
JOGO 4 TAPETES EM ALCATIFA 1UN TECH9,TECH9,Emb. 1 UNID.,"11,99€","11,99€ / UNID.",
Lasanha à Bolonhesa,,Emb. 1 KG,"3,99€","3,99€ / KG",
Cheetos Rolitos,CHEETOS,Emb. 0.1 KG,"1,39€","13,90€ / KG",
2000 AGRAFOS N°10,ESQUISSE,,"1,09€",/ Unid.,
Bolachas Cobertas ChocoWafer Branco,MILKA,Emb. 0.18 KG,"2,39€","13,28€ / KG",
AGUA PEDRAS TANGERINA 4X25 CL,PEDRAS,,"2,39€",/ Unid.,
Azeite Clássico,OLIVEIRA DA SERRA,Garrafa 0.75 LT,"4,89€","6,52€ / LT",
COLORACAO CASTANHO ESCURO 3.0 S/AMONIACO,VITANOVE,Emb. 1 UNID.,"3,89€","3,89€ / UNID.",
Folhas de Orégãos,RUSTICA,Frasco 0.008 KG,"0,55€","68,75€ / KG",
Pêra Conference Cal. 60+,,1 Unid. = 0.21 KG (aprox.),"1,69€/kg","0,35€ / Unid.",
Café Mythiq Intensidade 15,DELTA,Emb. 10 UNID.,"2,99€","0,30€ / UNID.",
DETERGENTE LIQUIDO CONCENTRADO ALOE VERA ECOLOGICO RECARGA 30D,UNÍ VERT,,"3,69€",/ Unid.,
Rosette de Porco,,Emb. 0.15 KG,"1,69€","11,27€ / KG",
Chipicao Croissant Multipack Creme de Cacau,CHIPICAO,Emb. 0.25 KG,"2,99€","11,96€ / KG",
PISTACHIOS TORRADO S/SAL,TOKAPI,Emb. 0.125 KG,"2,19€","17,52€ / KG",
Arroz Agulha,ORIENTE,Emb. 1 KG,"1,38€","1,38€ / KG",
Alimento Húmido para Cão Almôndegas de Aves,ECO+,,"1,79€",/ Unid.,
FLOR DE SAL MARINHO DE COZINHA DA ILHA DE RE (FRANCA),NOS RÉGIONS ONT DU TALENT,Emb. 0.125 KG,"2,39€","19,12€ / KG",
Bolachas Sprits,ECO+,Emb. 0.4 KG,"1,79€","4,48€ / KG",
Cuecas Menino 3 aos 5 Anos 16-23 kg,HUGGIES,Emb. 16 UN,"8,99€","0,56€ / UN",
Miolo de Avelã,MARQUE REPERE,Emb. 0.15 KG,"2,24€","14,93€ / KG",
Massa Pérolas,MILANEZA,Emb. 0.25 KG,"0,69€","2,76€ / KG",
Massa Pevide Clássica,NACIONAL,Emb. 0.25 KG,"0,69€","2,76€ / KG",
Puré Maçã S/ Adição de Açúcar,DOUCEUR DU VERGER,Emb. 1.6 KG,"3,99€","2,49€ / KG",
Cápsulas Café Ristretto Ardenza Pack x3,DOLCE GUSTO,Emb. 48 CAPS.,"16,99€","0,35€ / CAPS.",
FRICASSE FRANGO C/ARROZ E LEGUMES,CÔTÉ TABLE,Emb. 0.9 KG,"4,75€","5,28€ / KG",
Tâmara Seca C/ Caroço,MARQUE REPERE,Emb. 0.2 KG,"1,19€","5,95€ / KG",
Vinho do Porto Offley Tawny,OFFLEY,Garrafa 0.75 LT,"4,69€","6,25€ / LT",
WC Explosão Cítrica,NEO BLANC,Emb. 2 UNID.,"4,49€","2,25€ / UNID.",
Vinho Regional Douro Tinto,TELLUS,Garrafa 0.75 LT,"2,79€","3,72€ / LT",
Queijo Amanteigado A Queijeira,LACTIMAF,1 Unid. = 1.15 KG (aprox.),"11,99€/kg","13,79€ / Unid.",
Chicorée Café com Leite Instantâneo,PLANTATION,Emb. 0.4 KG,"4,45€","11,13€ / KG",
Pão de Forma Oroweat Sementes Sésamo e Linhaça,BIMBO,Emb. 0.68 KG,"2,48€","3,65€ / KG",
"CANETA ROLLER GEL AZUL 0,5MM 2UN",ESQUISSE,Emb. 2 UNID.,"1,25€","0,63€ / UNID.",
Bolachas Maria,CUÉTARA,Emb. 0.8 KG,"2,49€","3,11€ / KG",
Snack Batata Sabor Paprika,TOKAPI,Emb. 0.17 KG,"1,95€","11,47€ / KG",
Tripas à Moda da Provença,TRADILÈGE,Emb. 0.5 KG,"4,69€","9,38€ / KG",
Barrinhas Periquitos sabor a Ovos,TOUS MES AMIS,Emb. 0.06 KG,"1,69€","28,17€ / KG",
Bolachas Recheadas Bocaditos Limão,CUÉTARA,Emb. 0.15 KG,"1,79€","11,93€ / KG",
Papa Infantil 5 Frutos,CERELAC,Emb. 0.25 KG,"2,39€","9,56€ / KG",
FORMA P/BOLO MEDIA,,Emb. 100 UNID.,"0,99€","0,01€ / UNID.",
Bacalhau Graúdo Noruega Asa Preta,,1 Unid. = 2.5 KG,"12,90€/kg","32,25€ / Unid.",
Queijo Ralado Mozzarella Especial Pizza,PRÉSIDENT,Emb. 0.15 KG,"2,45€","16,33€ / KG",
Queijo Flamengo Fatiado,NOVA AÇORES,Emb. 0.2 KG,"1,89€","9,45€ / KG",
BISCOITOS DE CANELA,P'TIT DÉLI,Emb. 0.4 KG,"1,55€","3,88€ / KG",
Cereais Corn Flakes Original,KELLOGG'S,Emb. 0.5 KG,"2,24€","4,48€ / KG",
Limpa Vidros Cristal Recarga,AJAX,Emb. 0.5 LT,"2,35€","4,70€ / LT",
TABUA ENGOMAR,ECO+,Emb. 1 UNID.,"22,99€","22,99€ / UNID.",
Leite Proteíco Stay Strong,MINUS L,Emb. 1 LT,"2,19€","2,19€ / LT",
Refrigerante C/ Gás Mini Cola 12 Unid.,JEAN'S,Emb. 1.8 LT,"3,99€","2,22€ / LT",
Iogurte Líquido Morango 12 Unid.,ACTIMEL,Emb. 1.2 LT,"4,39€","3,66€ / LT",
Pão de Forma Especial Torradas com Côdea,EPI D'OR,Emb. 0.8 KG,"1,74€","2,18€ / KG",
Massa Folhada Pronta a Desenrolar sem Glúten,CHAQUE JOUR SANS GLUTEN,Emb. 0.28 KG,"2,53€","9,04€ / KG",
PAPEL ALUMINIO 20M,ELEMBAL,Emb. 20 M,"1,99€","0,10€ / M",
SORTIDO MINI PAES/CROISSANTS CHOCOLATE 12UN,EPI D'OR,Emb. 0.372,"3,59€","9,65€ /",
Pinhões,TABLIER BLANC,Emb. 0.05 KG,"3,49€","69,80€ / KG",
Chocolate de Leite,MILKA,Emb. 0.09 KG,"1,57€","17,44€ / KG",
BEBIDA DE ARROZ E COCO BIO,,Emb. 1 KG,"1,99€","1,99€ / KG",
Azeite Clássico Pet,OLIVEIRA DA SERRA,Emb. 0.75 LT,"4,79€","6,39€ / LT",
Gomas de Ovos,COPAÍNS COPINES,Emb. 0.3 KG,"1,34€","4,47€ / KG",
Vinho Branco do Douro,CADÃO,Emb. 0.75 LT,"3,40€","4,53€ / LT",
Massa Cuscus,TURINI,Emb. 0.25 KG,"0,55€","2,20€ / KG",
Patê Terrine Campestre Confit de Figado 3x180 g,,Frasco 0.54 KG,"2,89€","5,35€ / KG",
Farfalle,TRADIZIONI D'ITALIA,Emb. 0.5 KG,"1,49€","2,98€ / KG",
BATATA NOVA SALTEADA C/ AZEITE E SAL MARINHO,POM'LISSE,Emb. 0.45 KG,"2,55€","5,67€ / KG",
Fraldas Bebé T3 ACTIV+ 4/9 Kg,MOTS D'ENFANTS,Emb. 47 UNID.,"7,89€","0,17€ / UNID.",
MINI PIZZAS QUEIJO E FIAMBRE 9UN,TURINI,Emb. 0.27,"2,39€","8,85€ /",
Máquinas de Barbear Descartáveis Blue 3 Smooth,GILLETTE,Emb. 5 UNID.,"4,79€","0,96€ / UNID.",
Polpa de Tomate,GULOSO,Frasco 0.5 LT,"0,79€","1,58€ / LT",
Chá de Lúcia-Lima,LIPTON,Emb. 20 SAQ.,"1,20€","0,06€ / SAQ.",
MOLHO CESAR COM GRANA PADANO E ALHO,RUSTICA,Emb. 0.05 LT,"2,29€","45,80€ / LT",
Tarte de Alho Frances,CÔTÉ TABLE,Emb. 0.4 KG,"2,25€","5,63€ / KG",
Desodorizante Roll-On Cool Fresh,DOVE,Emb. 0.05 LT,"2,69€","53,80€ / LT",
Iogurte Líquido Tutti Frutti 6 Unid.,ACTIMEL,Emb. 0.6 KG,"2,59€","4,32€ / KG",
Bebida Energética Mango Loco Energy Juiced,MONSTER ENERGY,Emb. 0.05 LT,"1,20€","24,00€ / LT",
Máscara Ultra Suave Azeitona Mítica,GARNIER,Emb. 0.3 LT,"6,62€","22,07€ / LT",
Mini Bolos de Mármore de Chocolate,P'TIT DÉLI,Emb. 0.378 KG,"2,95€","7,80€ / KG",
Cuecas Incontinência Discreet L,AUSONIA,Emb. 7 UNID.,"6,49€","0,93€ / UNID.",
B&J Chocolate Fudge Brownie 465ml,,Emb. 0.465 LT,"5,99€","12,88€ / LT",
Batatas Fritas Onduladas,POM'LISSE,Emb. 0.18 KG,"1,79€","9,94€ / KG",
AZEITONA VERDE COM PIMENTO,RUSTICA,Emb. 0.8 KG,"2,34€","2,93€ / KG",
Amaciador para Roupa Nature Rosa & Maçã Verde Ultra Concentrado,COMFORT,Emb. 60 DOSES,"3,99€","0,07€ / DOSES",
CARTE D'OR BAUNILHA 1L,CARTE D'OR,Emb. 1 LT,"2,89€","2,89€ / LT",
LUVAS ROSEIRAS M ROSA,BEAUX JOURS,Emb. 1 UNID.,"1,89€","1,89€ / UNID.",
Yofu Natural Sem Açúcar 500g,,Emb. 0.5 KG,"2,39€","4,78€ / KG",
Estrella Damm Cerveja de Espanha Pack 6X25CL,ESTRELLA DAMM,,"3,19€",/ Unid.,
Whisky Bourbon,JOHN DAVON'S,Garrafa 0.7 LT,"10,99€","15,70€ / LT",
Bebida Amêndoa S/ Açúcar,NAT&VIE,Emb. 1 LT,"1,69€","1,69€ / LT",
STICKS FLUOR CALCIO P/ CAO 10UN,P'TIT AMI,Emb. 1 UNID.,"1,25€","1,25€ / UNID.",
Conserva de Bacalhau em Azeite e Alho,PITEU,Emb. 0.12 KG,"2,39€","19,92€ / KG",
Costeletas do Acém Novilho,,1 Unid. = 0.4 KG (aprox.),"7,99€/kg","3,20€ / Unid.",
Salada Iceberg,,Emb. 0.25 KG,"1,25€","5,00€ / KG",
Bebida de Soja,NAT&VIE,Emb. 1 LT,"0,99€","0,99€ / LT",
CAPSULAS CAFE COMP C/ DG - SUAVE INT7,PLANTATION,Emb. 16 UNID.,"2,44€","0,15€ / UNID.",
CORN FLAKES NATURE,,,"1,85€",/ Unid.,
Alimento Seco P/ Cão Júnior,PURINA FRISKIES,Emb. 3 KG,"9,98€","3,33€ / KG",
Néctar Essencial Pêssego 3x110ml,COMPAL,Emb. 0.33 LT,"1,79€","5,42€ / LT",
Bolachas Recheadas de Laranja,ECO+,Emb. 0.3 KG,"1,39€","4,63€ / KG",
Vinho Tinto do Douro,DUAS QUINTAS,Emb. 0.75 LT,"12,98€","17,31€ / LT",
Pacotinho de Frutas Maçã Banana e Aveia +6 meses,NESTLÉ BEBÉ,Emb. 0.09 KG,"0,98€","10,89€ / KG",
RECARGA LIMPA VIDROS ECOLOGICO,UNÍ VERT,Emb. 0.75 LT,"1,49€","1,99€ / LT",
BL1 LED FILA CHAMA 4-40W E14,FOXTER,Emb. 1 UNID.,"3,59€","3,59€ / UNID.",
Água Nascente S/ Gás,ECO+,Garrafão 6 LT,"0,75€","0,13€ / LT",
Alimento Seco Gato Atum Legumes,PURINA FRISKIES,Emb. 0.4 KG,"1,80€","4,50€ / KG",
Batatas Fritas Onduladas Sabor a Presunto,POM'LISSE,Emb. 0.185 KG,"1,19€","6,43€ / KG",
DESODORIZANTE SPRAY SEDUCTION MEN 200ML,CARRÉ HOMME,Emb. 0.2 LT,"1,19€","5,95€ / LT",
Açúcar Branco,TÉVA,Emb. 1 KG,"1,49€","1,49€ / KG",
Coloração 5-29 Vermelho Intenso,SYOSS,,"4,99€",/ Unid.,
Liegeois Chocolate e Café 4x100g,DÉLISSE,Emb. 0.8 KG,"2,75€","3,44€ / KG",
Folhado de Salsicha,,1 UNID.,"0,79€","0,79€ / UNID.",
MOLAS MADEIRA,HOMESIDE,Emb. 36 UNID.,"1,90€","0,05€ / UNID.",
CREME REVITALIZANTE Q10 MEN 50ML,CARRÉ HOMME,Emb. 0.05 LT,"2,29€","45,80€ / LT",
LUVAS ROSEIRAS XL ROSA,BEAUX JOURS,Emb. 1 UNID.,"1,89€","1,89€ / UNID.",
Creme Sabor a Chocolate,TULICREME,Emb. 0.2 KG,"1,49€","7,45€ / KG",
Amaciador de Roupa Pure,COMFORT,Emb. 4 LT,"4,49€","1,12€ / LT",
Ambientador Pure Happiness Laranja e Neroli Aromatherapy,GLADE,Emb. 0.08 LT,"8,39€","104,88€ / LT",
Miolo de Amêndoa Torrada com Sal,,Emb. 0.2 KG,"3,99€","19,95€ / KG",
BATATAS FRITAS POM´LISSE,POM'LISSE,Emb. 0.15 KG,"1,09€","7,27€ / KG",
Gel Duche + Champô Boise,MANAVA,Emb. 0.25 LT,"1,29€","5,16€ / LT",
MISTURA EXOTICA,TOKAPI,Emb. 0.12 KG,"1,19€","9,92€ / KG",
Pão com Chouriço,,1 Unid. = 0.13 KG,"0,89€","6,85€ / KG",
Tampões com Aplicador Pearl Super,TAMPAX,Emb. 24 UNID.,"4,74€","0,20€ / UNID.",
Salsichão Seco Porco,ECO+,Emb. 0.25 KG,"2,39€","9,56€ / KG",
Chouriço Corrente 2x100gr,PRIMOR,Emb. 0.2 KG,"1,39€","6,95€ / KG",
Queijo Curado Receita Original,CASTELÕES,1 Unid. = 1.25 KG (aprox.),"11,99€/kg","14,99€ / Unid.",
Dentífrico Junior,,Emb. 0.075 LT,"2,59€","34,53€ / LT",
Bolachas Cobertas Chocolate Leite,MILKA,Emb. 0.15 KG,"1,90€","12,67€ / KG",
GEL DEPILATORIO SENHORA PELE SENSIVEL 200ML,SILISS,Emb. 200 ML,"1,99€","0,01€ / ML",
Alimento Seco Cão Croquete Vaca,LYDOG,Emb. 10 KG,"10,49€","1,05€ / KG",
Champo Bebé Extra Suave 500 Ml+250ml Grátis,CORINE DE FARME,Emb. 0.75 LT,"4,84€","6,45€ / LT",
Pensos Higiénicos Maxi/Super Sem Alas Fina e Segura,EVAX,Emb. 13 UNID.,"1,95€","0,15€ / UNID.",
Costeletas de Novilho,,1 Unid. = 0.2 KG (aprox.),"13,99€/kg","2,80€ / Unid.",
Vinagre de Vinho Tinto Cabernet Sauvignon,GALLO,Emb. 0.25 LT,"1,99€","7,96€ / LT",
FEIJOADA À TRANSMONTANA,CÔTÉ TABLE,Emb. 0.25 KG,"2,99€","11,96€ / KG",
Sobremesa Láctea Natual Açúcarado +6 Meses,BIO VILLAGE BEBE,Emb. 0.4 KG,"2,29€","5,73€ / KG",
Presunto Inteiro,PROBAR,1 Unid. = 6 KG (aprox.),"8,99€/kg","53,94€ / Unid.",
SPAGHETTI A BOLONHESA,CÔTÉ TABLE,Emb. 0.3 KG,"2,29€","7,63€ / KG",
TAMPAO NORMAL,UNÍ VERT,Emb. 16 UNID.,"1,55€","0,10€ / UNID.",
DENTRIFICO EXPERT ULTRA BRANQUEADOR,DENTAMYL,Emb. 0.075 LT,"0,95€","12,67€ / LT",
Vinho Regional Bairrada Tinto,MARQUES DE MARIALVA,Garrafa 0.75 LT,"4,29€","5,72€ / LT",
Café Solúvel Sélection,PLANTATION,Frasco 0.2 KG,"2,89€","14,45€ / KG",
Café Solúvel Puro Colombia Suave,NESCAFÉ,Emb. 0.1 KG,"5,99€","59,90€ / KG",
Iogurte Magro Morango Kiwi Banana E Pêssego 8 Unid.,MIMOSA,Emb. 0.96 KG,"2,49€","2,59€ / KG",
Néctar Clássico Ananás,COMPAL,Emb. 1 LT,"1,59€","1,59€ / LT",
Sabonete Sólido Amêndoa Doce 6 Unid.,MANAVA,Emb. 6 UNID.,"3,29€","0,55€ / UNID.",
Sultana Preta,MARQUE REPERE,Emb. 0.2 KG,"0,79€","3,95€ / KG",
Conserva de Tremoço Extra,RUSTICA,Frasco 0.87 KG,"2,75€","3,16€ / KG",
Alimento Seco P/ Cão Salmão C/ Arroz,PURINA,Emb. 0.8 KG,"5,35€","6,69€ / KG",
Cerveja com Álcool 24x20cl,SUPER BOCK,Emb. 4.8 LT,"9,99€","2,08€ / LT",
Fiambre da Pá Bom Proveito,IZIDORO,1 Unid. = 0.12 KG (aprox.),"5,99€/kg","0,72€ / Unid.",
Iogurte Líquido Frutas Exóticas 6x100g,DANACOL,Emb. 0.6 KG,"2,99€","4,98€ / KG",
Ovas de Peixe Lapa vermelho,RONDE DES MERS,Emb. 0.1 KG,"3,99€","39,90€ / KG",
FITA COLA DUPLA FACE 25M X 50MM,FOXTER,Emb. 1 UNID.,"4,99€","4,99€ / UNID.",
Café Solúvel,DELTA,Frasco 0.1 KG,"2,19€","21,90€ / KG",
Tira-Nódoas em Spray,SKIP,Emb. 0.5 LT,"2,99€","5,98€ / LT",
Chispalhada S/ Corantes,NOBRE,Lata 0.42 KG,"1,76€","4,19€ / KG",
Alimento P/ Gato Adulto de Frango,PURINA,Emb. 3 KG,"18,75€","6,25€ / KG",
Cápsulas Café Espresso P/ Dolce Gusto Intensidade 11,STARBUCKS,Emb. 12 CAPS.,"4,79€","0,40€ / CAPS.",
Marmelada Extra,,Emb. 0.9 KG,"1,99€","2,21€ / KG",
Alimento Completo Cereais P/ Coelhos Anões,TOUS MES AMIS,Emb. 2.5 KG,"5,89€","2,36€ / KG",
Cuecas Incontinência Discreet M,AUSONIA,Emb. 9 UNID.,"9,89€","1,10€ / UNID.",
Calippo Morango,OLÁ,Emb. 0.525 LT,"2,49€","4,74€ / LT",
Miolo de Amêndoa C/ Pele,MARQUE REPERE,Emb. 0.225 KG,"2,90€","12,89€ / KG",
Couve Flor,,1 Unid. = 1.1 KG (aprox.),"2,29€/kg","2,52€ / Unid.",
Refrigerante C/ Gás Cola,ECO+,Garrafa 2 LT,"0,79€","0,40€ / LT",
Gel Efeito Molhado Extra Forte 3,VITANOVE,Emb. 0.3 L,"2,29€","7,63€ / L",
Bolo com Recheio de Morango 14 Unid.,,Emb. 0.42 KG,"2,15€","5,12€ / KG",
Doce de Quatro Frutos sem Açúcar,ST. DALFOUR,Frasco 0.284 KG,"3,99€","14,05€ / KG",
Abacate,,1 Unid. = 0.2 KG (aprox.),"3,69€/kg","0,74€ / Unid.",
ALIMENT BEBE: PURE LEGUMES DE PROVENCA BIO +4M 2X120G,BIO VILLAGE BEBE,Emb. 0.4 KG,"1,45€","3,63€ / KG",
Luvas Domésticas Duplex Tamanho M,RENOVA LUVAS,Emb. 1 UNID.,"1,09€","1,09€ / UNID.",
Bolachas Chips de Chocolate Minis,CHIPS AHOY,Emb. 0.16 KG,"1,95€","12,19€ / KG",
Iogurte Grego Natural 4x150g,DÉLISSE,Emb. 0.6 KG,"1,55€","2,58€ / KG",
Palmiers Biológicos,,Emb. 0.1 KG,"1,09€","10,90€ / KG",
Limpa Máquinas da Roupa,XAU,Emb. 0.25 LT,"3,99€","15,96€ / LT",
Molho de Alho,CALVÉ,Frasco 0.25 KG,"2,19€","8,76€ / KG",
Creme Culinário de Coco,SHOYCE,Emb. 0.2 LT,"1,49€","7,45€ / LT",
Óleo Motor 5W30 FAP C4,TECH9,Emb. 5 LT,"29,99€","6,00€ / LT",
Vinho Tinto Bag in Box,ALMA DE PIAS,Emb. 5 LT,"6,79€","1,36€ / LT",
Batatas Fritas Lisas Caseiras,SNR,Emb. 0.4 UNID.,"1,99€","4,98€ / UNID.",
Bebida Solúvel Café e Chicória,RICORÉ,Emb. 0.26 KG,"6,49€","24,96€ / KG",
Café Solúvel Black Roast,NESCAFÉ,Emb. 0.2 KG,"4,79€","23,95€ / KG",
Açúcar Branco 50 Sticks,SIDUL,Emb. 0.25 KG,"1,39€","5,56€ / KG",
Néctar Clássico Pera Rocha 3x20 cl,COMPAL,Emb. 0.6 LT,"1,38€","2,30€ / LT",
Batata Noisettes,POM'LISSE,Emb. 1 KG,"1,79€","1,79€ / KG",
Néctar de Laranja,UM BONGO,Emb. 1 LT,"1,43€","1,43€ / LT",
Bálsamo Lábios Rosy,VASELINE,Emb. 0.017 KG,"2,96€","174,12€ / KG",
Bloco Sanitário Limão,SONASOL,Emb. 0.05 KG,"1,94€","38,80€ / KG",
Refrigerante C/ Gás S/ Açúcar Pack 6,COCA COLA,Emb. 1.98 LT,"4,30€","2,17€ / LT",
Vinho Rosé Lancers,LANCERS,Garrafa 0.75 LT,"3,49€","4,65€ / LT",
Cápsulas Café Espresso Intenso Intensidade 13,DOLCE GUSTO,Emb. 48 CAPS.,"16,99€","0,35€ / CAPS.",
Alecrim,MARGÃO,Emb. 0.015 KG,"1,39€","92,67€ / KG",
Água Tónica,SPRINK'S,Garrafa 1.5 LT,"1,39€","0,93€ / LT",
Cone Menta e Chocolate,TRIUM,Emb. 6 UNID.,"2,15€","0,36€ / UNID.",
Gel Banho Termal SPA,MANAVA,Emb. 0.75 LT,"1,69€","2,25€ / LT",
MIRTILOS SELVAGENS,DOUCEUR DU VERGER,Emb. 0.65 KG,"4,99€","7,68€ / KG",
Alimento Húmido para Cão Mini Adulto,PURINA ONE,Emb. 0.1 KG,"0,68€","6,80€ / KG",
Pastilha Elástica Canela sem Açúcar,CHICLETS,Emb. 0.017 KG,"0,89€","52,35€ / KG",
Cebolas,,Emb. 2 KG,"2,18€","1,09€ / KG",
Cerveja com Álcool,SAGRES,Garrafa 1 LT,"1,69€","1,69€ / LT",
CHAMPO CABELOS FRAGEIS E QUEBRADICOS 250ML,NATEIS,Emb. 0.25 LT,"1,69€","6,76€ / LT",
Pão de Forma sem Codea,EPI D'OR,Emb. 0.45 KG,"1,49€","3,31€ / KG",
TORRADEIRA 2 FENDAS 800W,ELSAY,Emb. 1 UNID.,"22,90€","22,90€ / UNID.",
Hamburger de Carne de Vaca Ultracongelado,,Emb. 10 UNID.,"8,99€","0,90€ / UNID.",
Água sem Gás,SERRA DA ESTRELA,Garrafão 6 LT,"1,69€","0,28€ / LT",
GLISS ULTIMATE REPAIR CONDICIONADOR,GLISS,Emb. 0.2 LT,"2,24€","11,20€ / LT",
Conjunto de 5 Chaves De Fendas,ECO+,Emb. 5 UNID.,"1,99€","0,40€ / UNID.",
Mini Rissóis de Carne 20 Unid.,SNR,Emb. 0.4 KG,"3,30€","8,25€ / KG",
PUDIM FLAN C/ CARAMELO 12UN,DÉLISSE,Emb. 1.2 KG,"2,59€","2,16€ / KG",
Barra de Cereais com Pepitas de Chocolate Biológica 6 Unid.,,Emb. 0.126 KG,"1,69€","13,41€ / KG",
Néctar Clássico Laranja do Algarve 3x20cl,COMPAL,Emb. 0.6 LT,"1,59€","2,65€ / LT",
BANDAS DEPILATORIAS CERA FRIA PELE SENSIVEL VIAGEM 20UN,SLISS,Emb. 0.2 LT,"1,95€","9,75€ / LT",
TEMPERO BARBECUE PARA CARNE DE PORCO E SACO P/ ASSAR,RUSTICA,Emb. 0.028 KG,"0,75€","26,79€ / KG",
Ketchup,CALVÉ,Emb. 0.84 KG,"3,99€","4,75€ / KG",
Atum em Azeite,BOM PETISCO,Emb. 0.12 KG,"1,39€","11,58€ / KG",
Desodorizante Spray Invisible,MANAVA,Emb. 0.1 LT,"1,29€","12,90€ / LT",
Mortadela,CHARCUTARIA,1 Unid. = 0.2 KG (aprox.),"4,99€/kg","1,00€ / Unid.",
Papel Higiénico 4 Folhas,RENOVA,Emb. 12 ROLOS,"6,99€","0,58€ / ROLOS",
Desentupidor,SILLAGE,Emb. 1 UNID.,"2,50€","2,50€ / UNID.",
Bolachas Maria Júnior,MARIA,Emb. 0.276 KG,"2,59€","9,38€ / KG",
Fita Adesiva Embalamento 66Metrosx50Mm,FOXTER,Emb. 1 UNID.,"1,99€","1,99€ / UNID.",
Resguardo 60x90 cm,LINDOR,Emb. 15 UNID.,"8,49€","0,57€ / UNID.",
Liégeois Baunilha 8x100g,DÉLISSE,Emb. 0.8 KG,"2,75€","3,44€ / KG",
Queijo Fatiado Amanteigado de Vaca e Ovelha,LIMIANO,Emb. 0.18 KG,"2,19€","12,17€ / KG",
Cereais de Espelta e Aveia 0% Açúcares,NESTUM,Emb. 0.25 KG,"1,95€","7,80€ / KG",
Bolacha Maria,CUÉTARA,Emb. 0.2 KG,"0,89€","4,45€ / KG",
Cubos de Pão Tostado Alho e Ervas Especial Saladas,EPI D'OR,Emb. 0.06 KG,"0,59€","9,83€ / KG",
Meloa Gália,,1 Unid. = 0.75 KG (aprox.),"2,89€/kg","2,17€ / Unid.",
"DELICIA ""NAPOLITAIN"" 10UN",P'TIT DÉLI,Emb. 0.35 KG,"2,99€","8,54€ / KG",
MOLHO BARBECUE,RUSTICA,Emb. 0.28 KG,"1,19€","4,25€ / KG",
CAPS CAFE COMP C/ NESP XL FORTISSIMO,PLANTATION,40 UNID.,"7,49€","0,19€ / UNID.",
Maionese com Mostarda de Dijon com Baixo Teor de Gordura,RUSTICA,Emb. 0.45 KG,"1,35€","3,00€ / KG",
Caldos Legumes Desidratado Biológico 8x80g,,Emb. 0.08 KG,"1,39€","17,38€ / KG",
"SOBREM. SOJA BAUNILHA,,4x125G",ALPRO,Emb. 0.5 LT,"2,59€","5,18€ / LT",
CAVALINHA EM ÓLEO VEGETAL,PITEU,Emb. 0.12 KG,"0,96€","8,00€ / KG",
Guardanapos 2 Folhas Gold 39x39 cm,RENOVA,Emb. 40 UNID.,"1,69€","0,04€ / UNID.",
Creme Intensivo Corporal,DOVE,Emb. 0.15 LT,"2,59€","17,27€ / LT",
Cereais de Chocolate,CHOCAPIC,Emb. 0.625 KG,"3,52€","5,63€ / KG",
CHOCOLATE PRETO C/ CASCA DE LARANJA,TABLETTE D'OR,Emb. 0.2 KG,"1,89€","9,45€ / KG",
MOLHO COCKTAIL 253ML,CALVÉ,Emb. 0.253,"2,39€","9,45€ /",
CROQUETES CARNE DE VACA/FIGADO/LEG 400G LYCAT,LYCAT,Emb. 0.4 KG,"1,10€","2,75€ / KG",
Alga Sushi,MIYATA,Emb. 0.014 KG,"2,15€","153,57€ / KG",
Gillette Venus Swirl Depilatória,VENUS,Emb. 1 UNID.,"9,99€","9,99€ / UNID.",
Biscoitos com Sal,TOKAPI,0.3 KG,"1,69€","5,63€ / KG",
Leite Creme de Café 4X100G,DÉLISSE,Emb. 0.4 KG,"2,39€","5,98€ / KG",
Máquinas de Barbear Descartáveis Blue II,GILLETTE,Emb. 10 UNID.,"5,49€","0,55€ / UNID.",
Pensos Higiénicos Salvaslips Fresh em Bolsas,EVAX,Emb. 40 UNID.,"2,55€","0,06€ / UNID.",
Elixir Anti-Cáries,LISTERINE,Emb. 0.5 LT,"5,99€","11,98€ / LT",
"CROQUETES CAO MINI ADULTO 1,5KG 1,5KG LYDOG",PLENIMA,Emb. 1.5 KG,"4,49€","2,99€ / KG",
Salteado Rústico,BONDUELLE,Emb. 0.4 KG,"2,56€","6,40€ / KG",
"AMBIENTADOR MECHA ""FRUTOS VERMELHOS"" 375ML",BIEN AIR,Emb. 0.375 LT,"1,55€","4,13€ / LT",
Bolo com Recheio de Creme de Cacau e Leite 228 g,BOLLYCAO,Emb. 4 UNID.,"1,99€","0,50€ / UNID.",
Champanhe Bruto,POL CARSON,Garrafa 0.375 LT,"9,89€","26,37€ / LT",
Gelado de Nata,CARTE D'OR,Emb. 0.75 LT,"1,94€","2,59€ / LT",
Gel Banho 1/4 Creme Hidratante,MANAVA,Emb. 0.75 LT,"1,79€","2,39€ / LT",
Bolachas Original Family Format,OREO,Emb. 0.44 KG,"3,89€","8,84€ / KG",
DESODORIZANTE SPRAY ATTIRANT MEN 200ML,CARRÉ HOMME,Emb. 0.2 LT,"1,19€","5,95€ / LT",
Pevide de Abóbora C/ Casca C/ Sal,MARQUE REPERE,Emb. 0.2 KG,"1,99€","9,95€ / KG",
SACOS LIXO C/ ATILHO 130L,ELEMBAL,Emb. 10 UNID.,"2,39€","0,24€ / UNID.",
VELAS TEALIGHTS 25UN,ARDENCE,Emb. 25 UNID.,"2,99€","0,12€ / UNID.",
FARINHA DE TRIGO SEMI-INTEGRAL BIO,,Emb. 1 KG,"1,49€","1,49€ / KG",
Pensos Higiénicos Cottonlike Super Alas,EVAX,Emb. 12 UNID.,"2,69€","0,22€ / UNID.",
Tomate Cherry,,Emb. 0.25 KG,"1,19€","4,76€ / KG",
LIMPA MOVEIS C/CERA AEROSSOL,CLAIR,Emb. 0.3 LT,"1,69€","5,63€ / LT",
ALIMENTO HUMIDO EM GELEIA FRANGO/FIGADO/CENOURA P/ CAO 1230G,LYDOG,Emb. 1 KG,"2,05€","2,05€ / KG",
Snack de Batatas Finas Natural,TOKAPI,Emb. 0.17 KG,"1,95€","11,47€ / KG",
QUEIJO FLAMENGO RALADO,QUEIJO NA TÁBUA,Emb. 0.15 KG,"1,25€","8,33€ / KG",
Leite Magro em Pó,DÉLISSE,Emb. 0.3 KG,"2,79€","9,30€ / KG",
HAMBURGUER DE PERU 4UN,CHANTEGRIL,Emb. 0.32 KG,"1,99€","6,22€ / KG",
Moinho Pimenta Preta,MARGÃO,Emb. 0.035 KG,"3,98€","113,71€ / KG",
Tempero Esparguete à Bolonhesa,KNORR,Emb. 0.038 KG,"1,29€","33,95€ / KG",
Forma Pudim Canelada 16cm,ECO+,Emb. 1 UNID.,"3,99€","3,99€ / UNID.",
Pão de Ló de Ovar,NOS RÉGIONS ONT DU TALENT,Emb. 0.5 KG,"6,81€","13,62€ / KG",
MEXEDORES CAFE MADEIRA,HOMESIDE,Emb. 100 UNID.,"2,19€","0,02€ / UNID.",
LUVA AUTO MOPA ANTI-MOSQUITOS,TECH9,Emb. 1 UNID.,"2,59€","2,59€ / UNID.",
SACOS LIXO WC C/ATILHO 5L,ELEMBAL,Emb. 40 UNID.,"1,19€","0,03€ / UNID.",
Coloração Longa Duração Belle Color 6 Louro Escuro,GARNIER,Emb. 1 UNID.,"5,79€","5,79€ / UNID.",
Miolo de Noz Metades,MARQUE REPERE,Emb. 0.2 KG,"2,99€","14,95€ / KG",
PORTFOLIO A4 60 BOLSAS ECO+,ECO+,Emb. 1 UNID.,"0,79€","0,79€ / UNID.",
Orégãos Folhas,MARGÃO,Emb. 0.01 KG,"1,69€","169,00€ / KG",
TOALHITAS MOVEIS PERFUMADAS,CLAIR,Emb. 24 UNID.,"1,19€","0,05€ / UNID.",
QUEIJINHOS NATURAL 12UN,DÉLISSE,Emb. 0.72 KG,"1,85€","2,57€ / KG",
Johnson's Gel de Banho Bons Sonhos,JOHNSON'S BABY,Emb. 0.5,"3,89€","7,78€ /",
Gomas Feijões,COPAÍNS COPINES,Emb. 0.2 KG,"1,49€","7,45€ / KG",
Champô Cabelos Normais Fructis Anti Caspa,GARNIER,Emb. 0.25 LT,"3,99€","15,96€ / LT",
Noz Moscada Moída C/ Moinho,MARGÃO,Emb. 0.04 KG,"2,79€","69,75€ / KG",
CEREAIS RECHEADOS C/ CHOCO,P'TIT DÉLI,Emb. 0.65 KG,"2,89€","4,45€ / KG",
Massa Cotovelos,ECO+,Emb. 0.5 KG,"0,65€","1,30€ / KG",
VELA NUMERO - 0,ARDENCE,Emb. 1 UNID.,"0,89€","0,89€ / UNID.",
Syoss Oieo Intense 5-54 Castanho Claro Cendré,SYOSS,,"6,24€",/ Unid.,
Café Solúvel Cappuccino Mocha,NESCAFÉ,Emb. 0.306 KG,"5,94€","19,41€ / KG",
Desodorizante,REXONA,Emb. 0.05 LT,"2,69€","53,80€ / LT",
Tablete de Chocolate Preto com Raspa de Laranja Biológico,,Emb. 0.1 KG,"1,99€","19,90€ / KG",
Água C/ Gás 6 Unid.,SAINT DIERY,Emb. 3 LT,"1,59€","0,53€ / LT",
Sopa Económica Rabo de Boi,KNORR,Emb. 0.06 KG,"1,09€","18,17€ / KG",
Arroz Estufado,CAÇAROLA,Emb. 1 KG,"1,24€","1,24€ / KG",
Alimento P/ Cão de Boi C/ Mandioca S/ Glúten,BEYOND,Emb. 1.2 KG,"8,90€","7,42€ / KG",
Gel De Banho Hidra Essencial,VASELINE,Emb. 0.7 LT,"3,59€","5,13€ / LT",
Escova Extra Interdental,AQUAFRESH,Emb. 2 UNID.,"3,19€","1,60€ / UNID.",
Vinho Regional Douro Branco,ADEGA DE VILA REAL,Garrafa 0.75 LT,"3,79€","5,05€ / LT",
Leite Bem Essencial UHT Magro,MIMOSA,Emb. 1 LT,"0,85€","0,85€ / LT",
Azeite Virgem,OLIVEIRA DA SERRA,Garrafa 0.75 LT,"3,58€","4,77€ / LT",
YOFU SOJA MIRTILO 4x125G,ALPRO,Emb. 0.5 LT,"2,75€","5,50€ / LT",
Salsicha Frankfurt,CAMPOFRIO,Emb. 0.14 KG,"0,65€","4,64€ / KG",
Salsichas Cocktail,TRADILÈGE,Emb. 0.4 KG,"3,39€","8,48€ / KG",
Conserva de Cassoulet,,Lata 0.84 KG,"2,39€","2,85€ / KG",
MINI SPRAY FLORAL RECARGA 15ML,BIEN AIR,Emb. 0.015 LT,"0,90€","60,00€ / LT",
PERSIL UNIVERSAL GEL,PERSIL,Emb. 80 DOSES,"21,95€","0,27€ / DOSES",
Chantilly,PRÉSIDENT,Emb. 0.25 Kg,"2,59€","10,36€ / Kg",
CRACKERS 3X100G,TOKAPI,Emb. 0.3 KG,"2,07€","6,90€ / KG",
CALDO GALINHA M.REPERE,RUSTICA,Emb. 0.12 KG,"0,69€","5,75€ / KG",
CONDICIONADOR ALISANTE,VITANOVE,Emb. 0.2 LT,"1,24€","6,20€ / LT",
Leite Magro em Pó,DÉLISSE,Emb. 0.75 KG,"6,29€","8,39€ / KG",
Manteiga de Bretagne Doux,LES CROISÉS,Emb. 0.25 KG,"2,25€","9,00€ / KG",
Snack P/ Gato de Salmão,DENTALIFE,Emb. 0.04 KG,"1,85€","46,25€ / KG",
Cereais Cookie'z Chocolate,NACIONAL,Emb. 0.3 KG,"1,69€","5,63€ / KG",
"LAPISEIRA 0,5MM+12MINAS+2BORRACHAS",ESQUISSE,Emb. 1 UNID.,"0,50€","0,50€ / UNID.",
Sangria Branca,D. SIMON,Garrafa 1.5 LT,"2,29€","1,53€ / LT",
ESCOVAS INTERDENTAIS X5,DENTAMYL,Emb. 5 UNID.,"1,24€","0,25€ / UNID.",
YOFU SOJA NATURAL 4X125G,ALPRO SOYA,Emb. 0.5 KG,"2,75€","5,50€ / KG",
Aperitivo,RICARD,Garrafa 0.7 LT,"13,49€","19,27€ / LT",
PANO MICROFIBRAS MULTI-USO PRO,TECH9,Emb. 1 UNID.,"1,09€","1,09€ / UNID.",
Refrigerante C/ Gás Cola,JEAN'S,Garrafa 1.5 LT,"1,05€","0,70€ / LT",
PEITO DE PERU FATIADO,CAMPO FINO,Emb. 0.2 KG,"2,25€","11,25€ / KG",
Barra de Cereais Croffee Aveia/Amêndoa e Canela,CROFFEE,Emb. 0.11 KG,"1,99€","18,09€ / KG",
Alimento Seco Cão Júnior,PURINA FRISKIES,Emb. 1.5 KG,"5,75€","3,83€ / KG",
Feijão Catarino Seco,NOTRE JARDIN,Emb. 0.5 KG,"1,09€","2,18€ / KG",
IOGURTE LIQUIDO SABOR MORANGO BANANA,DÉLISSE,Emb. 0.85 KG,"1,25€","1,47€ / KG",
Tirinhas de Bacon ao Natural 2x100g,TRADILÈGE,Emb. 0.2 KG,"2,19€","10,95€ / KG",
Vinho Regional Alentejo Tinto,LOIOS,Garrafa 0.75 LT,"3,59€","4,79€ / LT",
BALDE OVAL,SILLAGE,Emb. 1 UNID.,"3,90€","3,90€ / UNID.",
PERSIL COLOR GEL,PERSIL,Emb. 65 DOSES,"19,95€","0,31€ / DOSES",
VELA NUMERADA N 6,,Emb. 1 UNID.,"0,59€","0,59€ / UNID.",
TIRA NODOAS OXIGENIO ACTIVO EM GEL 750ML,TEXIL,Emb. 0.75 LT,"2,19€","2,92€ / LT",
Salsichas Hot Dog 6 unid.,CÔTÉ TABLE,Emb. 0.25 KG,"1,49€","5,96€ / KG",
FRITADEIRA 2000W 3L,ELSAY,Emb. 1 UNID.,"49,90€","49,90€ / UNID.",
Tablete de Chocolate Avelãs,MILKA,Emb. 0.1 KG,"1,43€","14,30€ / KG",
LEITE AROMA MORANGO 6X200ML DELISSE,DÉLISSE,Emb. 1.2 LT,"1,59€","1,33€ / LT",
Queijo Flamengo Light Fatiado,AGROS,Emb. 0.17 KG,"2,49€","14,65€ / KG",
GRANOLA BAGAS GOJI E GROSELHA PRETA,GRAINEA,Emb. 0.35 KG,"2,99€","8,54€ / KG",
Mel Top Down,NID D'ABEILLE,Emb. 0.5 KG,"3,49€","6,98€ / KG",
Fraldas Bebé T4+ Doucer 9/20Kg,MOTS D'ENFANTS,Emb. 70 UNID.,"9,55€","0,14€ / UNID.",
Alimento Seco P/ Gato Adulto Salmão,BEYOND,Emb. 0.35 KG,"2,99€","8,54€ / KG",
Rolo Cozinha 2 Folhas,MARQUE REPERE,Emb. 4 UNID.,"2,49€","0,62€ / UNID.",
Bebida Energética Orange Burst,POWERADE,Emb. 0.5 LT,"1,39€","2,78€ / LT",
AURICULARES PRETO intra-auriculares,LINKSTER,Emb. 1 UNID.,"5,99€","5,99€ / UNID.",
Alimento Seco para Cão Frango e Arroz,ECO+,Emb. 4 KG,"6,49€","1,62€ / KG",
MORTADELA FATIADA,CAMPO FINO,Emb. 0.2 KG,"0,99€","4,95€ / KG",
Iogurte Natural de Soja Côco,ALPRO SOYA,Emb. 0.5 KG,"2,59€","5,18€ / KG",
Pão de Forma Integral com Côdea Receita Económica,PANRICO,Emb. 0.52 KG,"1,65€","3,17€ / KG",
Absorvente P/ Roedores,TOUS MES AMIS,Emb. 0.6 LT,"4,49€","7,48€ / LT",
LUVAS ULTRA-RESISTENTES- TAMANHO L - 1 PAR,MAMISON,,"1,69€",/ Unid.,
Sabonete Aroma da Natureza 4x90g,FENO,Emb. 0.36 KG,"3,19€","8,86€ / KG",
Iogurte Líquido Morango Banana 4x155g,DANONE,Emb. 0.62 KG,"1,39€","2,24€ / KG",
Fralda Cueca T5 12/18KG Eco,MOTS D'ENFANTS,Emb. 20 UNID.,"6,99€","0,35€ / UNID.",
Vinagre Balsâmico de Modena,,Garrafa 0.05 LT,"2,39€","47,80€ / LT",
PATE VACA P/ GATO 100G,ECO+,Emb. 0.1 KG,"0,27€","2,70€ / KG",
Azeite Virgem Extra Bio Frutado,GALLO,Emb. 0.75 LT,"4,99€","6,65€ / LT",
Gomas Amoras,COPAÍNS COPINES,Emb. 0.2 KG,"0,99€","4,95€ / KG",
Espuma de Barbear Clássica,GILLETTE,Emb. 0.2 LT,"2,75€","13,75€ / LT",
SNACK CHIPZ MAÇÃ FRUUT 20G,,Emb. 0.02 KG,"0,85€","42,50€ / KG",
CREME LIMPEZA  750ML,CLAIR,Emb. 0.75 LT,"0,79€","1,05€ / LT",
Creme de Marisco,KNORR,Emb. 0.06 KG,"1,09€","18,17€ / KG",
Whisky Passport Scotch,PASSPORT,Garrafa 0.7 LT,"10,99€","15,70€ / LT",
Vodka Branca,NOVOTNA,Garrafa 0.7 LT,"7,99€","11,41€ / LT",
Super Algicida,BEAUX JOURS,Emb. 2 LT,"8,99€","4,50€ / LT",
Queijo Fresco Meio Gordo,CAMPAINHA,Emb. 0.2 KG,"1,29€","6,45€ / KG",
CARREGADOR HR6/HR3 + 4 PILHAS RECARREGAVEIS,FOXTER,Emb. 1 UNID.,"21,99€","21,99€ / UNID.",
Cookies Pepitas de Chocolate Nougat,P'TIT DÉLI,Emb. 0.2 KG,"1,45€","7,25€ / KG",
FAIRY MAO NATURALS LAVANDA 650ML,,Emb. 0.65 LT,"2,54€","3,91€ / LT",
Pensos para calos,HANSAPLAST,Emb. 8 UNID.,"2,99€","0,37€ / UNID.",
Amaciador Roupa Concentrado Elixir Lírios Azuis,QUANTO,Emb. 62 DOSES,"4,49€","0,07€ / DOSES",
Leite de Coco,TABLES DU MONDE,Emb. 0.2 LT,"1,09€","5,45€ / LT",
Fruta 100% Maçã Pêra +4 meses 4 Unid.,NESTLÉ,Emb. 0.4 KG,"2,19€","5,48€ / KG",
Preparado Canja de Galinha Económica,KNORR,Emb. 0.061 KG,"1,09€","17,87€ / KG",
BEBIDA SOJA CHOCOLATE 3x250ML,ALPRO,Emb. 0.75 LT,"1,79€","2,39€ / LT",
MINI BOLOS DE CHOCOLATE COM PEPITAS E COBERTURA DE CHOCOLATE,P'TIT DÉLI,Emb. 0.21 KG,"2,29€","10,90€ / KG",
Café Cápsulas Pure Cevada,DELTA,Emb. 10 CAPS.,"2,47€","0,25€ / CAPS.",
MINI PIZZAS 3 QUEIJOS 9UN,TURINI,Emb. 0.27 KG,"2,39€","8,85€ / KG",
GEL EFEITO INVISIVEL C.CREATEUR 300ML,VITANOVE,Emb. 0.3 LT,"2,29€","7,63€ / LT",
Cerveja C/ Álcool 6x25cl,CARLSBERG,Emb. 1.5 LT,"3,59€","2,39€ / LT",
Vinho Regional Península de Setúbal Tinto,PERIQUITA,Garrafa 0.75 LT,"3,59€","4,79€ / LT",
PANO SUAVE ULTRA FRESH 2UN,VILEDA,Emb. 2 UNID.,"2,69€","1,35€ / UNID.",
Caramelos Werther's Original Storck SemAçúcar 90g,JERONIMO MARTINS,Emb. 0.09 KG,"2,45€","27,22€ / KG",
DETERGENTE EM PO ATIVOS VEGETAIS 50D,XÉOR,,"5,09€",/ Unid.,
Pão Bimbo Familiar,BIMBO,Emb. 0.7 KG,"2,09€","2,99€ / KG",
Molho Inglês,RUSTICA,Emb. 0.2 LT,"0,90€","4,50€ / LT",
ALMOFADA INSUFLAVEL VIAGEM,RIVERSIDE,Emb. 1 UNID.,"8,49€","8,49€ / UNID.",
Compota de Fruta Maçã S/ Adição de Açúcar 4 Unid.,DOUCEUR DU VERGER,Emb. 0.36 KG,"1,89€","5,25€ / KG",
Galettes de Arroz com Recheio de Chocolate e Avelã Biológicas,,Emb. 0.12 KG,"2,49€","20,75€ / KG",
LIMPA TAPETE E ALCATIFA,CLAIR,Emb. 0.6 LT,"2,39€","3,98€ / LT",
Café Cápsulas Double,DELTA,Emb. 10 CAPS.,"3,29€","0,33€ / CAPS.",
Entrecosto de Porco,,1 Unid. = 0.5 KG (aprox.),"4,49€/kg","2,25€ / Unid.",
Gelatina Light de Melancia,ROYAL,Emb. 0.031 KG,"1,85€","59,68€ / KG",
MINI PETIT GATEAU CHOCOLATE 8UN,AUTOUR DU DESSERT,Emb. 0.192 KG,"3,99€","20,78€ / KG",
Amaciador Cabelos Total Repair,ELVIVE,Emb. 0.2 LT,"3,99€","19,95€ / LT",
JOGO 4 TAPETES UNIVERSAL 1UN TECH9,TECH9,Emb. 1 UNID.,"15,29€","15,29€ / UNID.",
Concentrado de Menta,FRUCCI,Garrafa 0.75 LT,"3,99€","5,32€ / LT",
Vinho Cotes Du Rhone A.O.C. 2015 Cuvee Prestige Gregoire,GREGOIRE XI,Garrafa 0.75 ML,"3,49€","4,65€ / ML",
Conserva Tomates Pelados Biológicos,,Lata 0.4 KG,"0,99€","2,48€ / KG",
Café Expresso Bar Torrado,DELTA,Emb. 1 KG,"11,48€","11,48€ / KG",
DENTIFRICO COCO/ALOE VERA BIO,BIONAÏA,Emb. 0.075 LT,"1,99€","26,53€ / LT",
Cerveja com Álcool Mini Saca Fácil 10x20cl,SUPER BOCK,Emb. 2 LT,"4,98€","2,49€ / LT",
Iogurte Bifidus Cremoso Lima/Limão 4 Unid.,DANONE,Emb. 0.48 KG,"1,99€","4,15€ / KG",
Folhas de Salsa,RUSTICA,Frasco 0.012 KG,"0,54€","45,00€ / KG",
Bebida Côco,NAT&VIE,Emb. 1 LT,"1,79€","1,79€ / LT",
Douradinho de Vegetais 10 Unid. Ultracongelados,IGLO,Emb. 0.284 KG,"3,29€","11,58€ / KG",
Ice Tea de Limão 3x20 cl,LIPTON,Emb. 0.6 LT,"1,17€","1,95€ / LT",
Iogurte Bifidus Líquido Framboesa e Romã 4 Unid.,ACTIVIA,Emb. 0.62 KG,"1,89€","3,05€ / KG",
Tostas Briochés Nature,EPI D'OR,Emb. 0.125 KG,"1,25€","10,00€ / KG",
Máquinas de Barbear Descartáveis Blue II,GILLETTE,Emb. 6 UNID.,"2,90€","0,48€ / UNID.",
Cola Madeira,FOXTER,Emb. 0.25 LT,"2,49€","9,96€ / LT",
Ambientador Vela Frutos Vermelhos da Montanha,AIRWICK,Emb. 0.32 KG,"2,84€","8,88€ / KG",
Rebuçados Ácidos 4 Frutos,CONFISÉO,Emb. 0.4 KG,"2,09€","5,23€ / KG",
Snack P/ Gato de Frango,DENTALIFE,Emb. 0.04 KG,"1,85€","46,25€ / KG",
Detergente de Lavagem à Mão Antibacteriano Concentrado,CIF,Emb. 0.6 LT,"1,49€","2,48€ / LT",
FEIJAO BRANCO 3X200G,NOTRE JARDIN,Emb. 0.6 KG,"1,75€","2,92€ / KG",
Luva Limpeza Tamanho S,MAMISON,Emb. 1 UNID.,"0,69€","0,69€ / UNID.",
Caramelos de Manteiga e Nata,WERTHER'S,Emb. 0.135 KG,"2,56€","18,96€ / KG",
LIMPA PÓ C/CABO,SILLAGE,Emb. 1 UNID.,"5,50€","5,50€ / UNID.",
Vodka Smirnoff Red,SMIRNOFF,Garrafa 0.7 LT,"10,99€","15,70€ / LT",
Salsichas de Toulouse com Lentilhas Verdes,NOS RÉGIONS ONT DU TALENT,Emb. 0.3,"2,59€","8,63€ /",
Máscara Repara Azeite de Argão de Marrocos,HERBAL ESSENCES,Emb. 0.25 LT,"3,99€","15,96€ / LT",
Açúcar Branco em Pedaços,,Emb. 1 KG,"1,19€","1,19€ / KG",
Donuts Americano Cacau 2x74 gr,PANRICO,Emb. 0.148 KG,"1,79€","12,09€ / KG",
Durex Gel Intense Orgasmic,DUREX,Emb. 0.01 LT,"10,49€","1 049,00€ / LT",
Almôndegas de Carne de Bovino Picada Ultracongelado,ECO+,Emb. 0.9 KG,"7,75€","8,61€ / KG",
BOLA VOLEI PLASTICO,WOODSUN,Emb. 1 UNID.,"2,90€","2,90€ / UNID.",
Toranja Cal. 2/3,,1 Unid. = 0.32 KG (aprox.),"2,99€/kg","0,96€ / Unid.",
GRAO DE BICO  3X200G,NOTRE JARDIN,Emb. 0.6 KG,"1,69€","2,82€ / KG",
Caixa de Ferramentas 94 Peças,FOXTER,Emb. 1 UNID.,"69,90€","69,90€ / UNID.",
Chocolate Milka e Oreo,MILKA,Emb. 0.1 KG,"1,43€","14,30€ / KG",
Queijo Flamengo 1/2 Bola,AGROS,Emb. 0.7 KG,"6,99€","9,99€ / KG",
Polvo Médio,,1 Unid. = 2.5 KG (aprox.),"18,99€/kg","47,48€ / Unid.",
Café Moagem Universal Lote Chávena Moída 2x250g,DELTA,Emb. 0.5 KG,"4,86€","9,72€ / KG",
Chocolate Branco com Coco Torrado,TABLETTE D'OR,Emb. 0.2 KG,"2,19€","10,95€ / KG",
Pérolas de Perfume para Roupa,LENOR,Emb. 0.21 KG,"7,69€","36,62€ / KG",
Sumo de Arando Bio,,Emb. 1 LT,"2,59€","2,59€ / LT",
Alimento Seco P/ Gato C/ Frango Peru,PURINA FRISKIES,Emb. 2 KG,"7,10€","3,55€ / KG",
Deosodorizante Spray Invisible Black & White Fresh,NIVEA MEN,Emb. 0.15 L,"2,79€","18,60€ / L",
CANETA FELTRO PONTA FINA VARIAS CORES 18UN,ESQUISSE,Emb. 18 UNID.,"2,36€","0,13€ / UNID.",
Lasanha à Bolonhesa,CÔTÉ TABLE,Emb. 1 KG,"4,59€","4,59€ / KG",
Papel Higiénico 3 Folhas Acolchoado,SCOTTEX,Emb. 9 ROLOS,"5,79€","0,64€ / ROLOS",
Sabonete Sólido Flor Laranjeira,MANAVA,Emb. 0.1 KG,"0,59€","5,90€ / KG",
Conserva de Feijão Manteiga,NOTRE JARDIN,Lata 0.425 KG,"0,75€","1,76€ / KG",
Sardinha em Azeite,BOM PETISCO,Emb. 0.12 KG,"1,08€","9,00€ / KG",
VELA NUMERO - 8,ARDENCE,Emb. 1 UNID.,"0,89€","0,89€ / UNID.",
BOUIL.POT AU FEU DESH,RUSTICA,Emb. 0.12 KG,"0,69€","5,75€ / KG",
Bloco Sanitário Power 5 Blue Water Pink,DOMESTOS,Emb. 0.106 LT,"2,74€","25,85€ / LT",
Limão Cal. 2/3,,1 Unid. = 0.16 KG (aprox.),"1,75€/kg","0,28€ / Unid.",
Toalhitas Casa de Banho,CIF,Emb. 36 UNID.,"2,24€","0,06€ / UNID.",
Gelado Strawberry Merengue,CARTE D'OR,Emb. 0.9 LT,"3,29€","3,66€ / LT",
COCKTAIL 4 FRUTOS EM CALDA,DOUCEUR DU VERGER,Emb. 0.25 KG,"0,99€","3,96€ / KG",
PREPARADO PAO,TABLIER BLANC,Emb. 1 KG,"1,56€","1,56€ / KG",
QUEIJO FRESCO FRAMBOESA,DÉLISSE,Emb. 0.5 KG,"1,99€","3,98€ / KG",
SACOS LIXO ALTOS FECHO FACIL 50L,ELEMBAL,Emb. 15 UNID.,"1,89€","0,13€ / UNID.",
Conserva de Azeitona Preta Inteira,RUSTICA,Frasco 0.36 KG,"0,89€","2,47€ / KG",
DENTIFRICO ANTI.TARTARO,DENTAMYL,Emb. 0.075 LT,"0,99€","13,20€ / LT",
AFTERSHAVE LOCAO SOFT GREEN 100ML,CARRÉ HOMME,Emb. 0.1 LT,"2,29€","22,90€ / LT",
Toalhitas Desmaquilhantes Pele Seca,INELL,Emb. 25 UNID.,"0,75€","0,03€ / UNID.",
GRELHADOR REDONDO ANTIADERENTE 25CM,ECO+,Emb. 1 UNID.,"6,99€","6,99€ / UNID.",
Toalhitas de Bolso Bebé,MOTS D'ENFANTS,Emb. 20 UNID.,"0,75€","0,04€ / UNID.",
Amendoins Sal e Mel,MATUTANO,Emb. 0.15 KG,"2,25€","15,00€ / KG",
Pipocas Coloridas,TOKAPI,Emb. 0.1 KG,"0,79€","7,90€ / KG",
Asia Pot Noodles de Pato,KNORR,Emb. 0.061 KG,"1,89€","30,98€ / KG",
Chourição Gran Doblon Picante,CAMPOFRIO,1 Unid. = 0.1 KG (aprox.),"13,98€/kg","1,40€ / Unid.",
Tarte Gelada Caramel Biscuit,VIENNETTA,Emb. 0.65 LT,"2,95€","4,54€ / LT",
Rissóis Mistos 8 Unid.,,Emb. 0.35 KG,"2,15€","6,14€ / KG",
Cola Pvc,FOXTER,Emb. 0.125 LT,"2,49€","19,92€ / LT",
Bolachas de Água e Sal,VIEIRA,Emb. 12  UNID.,"1,99€","0,17€ /  UNID.",
Leite Crescimento Júnior 3+,NESTLÉ,Emb. 1 LT,"1,95€","1,95€ / LT",
CALDO DE AVES 8 CUBOS BIO,,Emb. 0.08,"1,39€","17,38€ /",
Fiambre Peito de Frango em Forno de Lenha,CAMPOFRIO,1 Unid. = 0.11 KG (aprox.),"14,98€/kg","1,65€ / Unid.",
Café Solúvel,DELTA,Emb. 0.02 KG,"1,10€","55,00€ / KG",
Dentífrico Infantil 3+ Anos,ORAL B,Emb. 0.75 LT,"2,59€","3,45€ / LT",
Snack de Queijo de Cabra,PRÉSIDENT,Emb. 0.17 Kg,"2,49€","14,65€ / Kg",
Leite de Pastagem Meio Gordo,TERRA NOSTRA,Emb. 1 LT,"0,75€","0,75€ / LT",
Papel Anti-Traças,RAID,Emb. 4 UNID.,"1,69€","0,42€ / UNID.",
Café Solúvel Cappuccino Intenso,NESCAFÉ,Emb. 0.125 KG,"3,19€","25,52€ / KG",
Cavala Cal. 2/3,,1 Unid. = 0.31 KG (aprox.),"3,99€/kg","1,24€ / Unid.",
Vaporizador de Mão,ELSAY,Emb. 1 UNID.,"24,90€","24,90€ / UNID.",
GELADO 6 BAUNILHA / 6 CHOCOLATE,SMICY,Emb. 12 UNID.,"2,69€","0,22€ / UNID.",
Creme Barbear Classic,PALMOLIVE,Emb. 0.1 LT,"2,69€","26,90€ / LT",
Ambientador Absorve Odores Marinho 2x150gr,BRISE,Emb. 0.3 KG,"2,99€","9,97€ / KG",
Café Cápsulas Qharater Intensidade 9,DELTA,Emb. 10 CAPS.,"3,39€","0,34€ / CAPS.",
Tablete Chocolate Excellence Dark 85%,LINDT,Emb. 0.1 KG,"2,09€","20,90€ / KG",
ESPIRAIS,TURINI,Emb. 1 KG,"1,39€","1,39€ / KG",
"CABO USB/COMPATIVEL LIGHTNING 1,2M BRANCO",LINKSTER,Emb. 1 UNID.,"11,99€","11,99€ / UNID.",
MÁQUINA BARBEAR 3 LAMINAS DESCARTAVEL,CARRÉ HOMME,Emb. 8 UNID.,"4,99€","0,62€ / UNID.",
Batom Corretivo 103,RIMMEL,Emb. 1 UNID.,"7,90€","7,90€ / UNID.",
Cereais de Chocolate,NESQUIK,Emb. 0.625 KG,"3,44€","5,50€ / KG",
LEGUMES PRIMAVERA,BONDUELLE,Emb. 0.6 KG,"2,26€","3,77€ / KG",
Panquecas -50% Açúcares 6x2 Unid.,MANHÃZITOS,Emb. 0.21 KG,"2,69€","12,81€ / KG",
Vinho Regional Alentejo Branco,MONTE VELHO,Garrafa 0.75 LT,"3,69€","4,92€ / LT",
Leite C/ Chocolate UHT 4 Unid.,MIMOSA,Emb. 0.8 LT,"1,59€","1,99€ / LT",
Nata UHT Ideal para Bater,AGROS,Emb. 0.2 LT,"0,84€","4,20€ / LT",
Cappuccino Mocha,NESCAFÉ,Emb. 8 SAQ.,"2,99€","0,37€ / SAQ.",
Líquido Sanitário Desincrustante,NEOBLANC,Emb. 0.7 LT,"2,09€","2,99€ / LT",
Batata Vermelha,,1 Unid. = 1 KG   (aprox.),"0,89€/kg","0,89€ / Unid.",
Conserva de Feijão Branco Cozido Da Horta,COMPAL,Emb. 0.42 KG,"0,99€","2,36€ / KG",
Manteiga S/ Sal,MIMOSA,Emb. 0.25 KG,"2,49€","9,96€ / KG",
Couve Branca,,1 Unid. = 1.28 KG (aprox.),"1,09€/kg","1,40€ / Unid.",
Pão de Forma Familiar,EPI D'OR,Emb. 0.8 KG,"1,29€","1,61€ / KG",
DECAPANTE FORNO COM SODA CAUSTICA,CLAIR,Emb. 0.5 LT,"1,79€","3,58€ / LT",
Tostas Integrais Biológicas,,Emb. 0.3 KG,"1,79€","5,97€ / KG",
Snacks de Batata Sabor a Cebola,TOKAPI,Emb. 0.17 KG,"1,95€","11,47€ / KG",
Desodorizante Roll-On Cobalt Blue,REXONA,Emb. 0.05 LT,"2,39€","47,80€ / LT",
Café Cápsulas Decaffeinato Intensidade 2,PLANTATION,Emb. 10 CAPS.,"2,09€","0,21€ / CAPS.",
Martelo Arranca Pregos,FOXTER,Emb. 1 UNID.,"5,99€","5,99€ / UNID.",
Vinho Regional Alentejo Tinto,PORTA DA RAVESSA,Garrafa 0.75 LT,"2,65€","3,53€ / LT",
Cápsulas Café Latte Macchiato,DOLCE GUSTO,Emb. 16 CAPS.,"5,93€","0,37€ / CAPS.",
Snack Fruut Maça Vermelha Doce Sem Açúcar 60g,,Emb. 0.06 KG,"1,99€","33,17€ / KG",
Yofu de Soja e Manga sem Açúcar,ALPRO,Emb. 0.4 KG,"2,39€","5,98€ / KG",
Aguardente Bagaceira,SÃO DOMINGOS,Garrafa 1 LT,"14,99€","14,99€ / LT",
Miolo de Caju Cru,MARQUE REPERE,Emb. 0.25 KG,"3,55€","14,20€ / KG",
Gomas Aromatizadas Planch Acide Fruits,COPAÍNS COPINES,Emb. 0.225 KG,"1,39€","6,18€ / KG",
PILHAS LITIO CR2032,FOXTER,Emb. 5 UNID.,"2,49€","0,50€ / UNID.",
IOGURTE LIQUIDO NATURAL ACUCARADO,DÉLISSE,Emb. 1 KG,"2,19€","2,19€ / KG",
Vinho Regional Tejo Meio Seco Rosé,LEZÍRIA,Garrafa 0.75 LT,"1,45€","1,93€ / LT",
Licor Beirão,BEIRÃO,Garrafa 0.7 LT,"10,99€","15,70€ / LT",
Vinagre Balsâmico de Sidra,GALLO,Emb. 0.25 LT,"1,86€","7,44€ / LT",
Johnson's Gel de Banho Cotton Touch,JOHNSON'S BABY,Emb. 0.5,"3,89€","7,78€ /",
"BL1 LED FILA ESFERA R 2,1W-25W E14",FOXTER,Emb. 1 UNID.,"2,99€","2,99€ / UNID.",
Lápis para Colorir,ESQUISSE,Emb. 12 UNID.,"1,99€","0,17€ / UNID.",
Leite UHT S/ Lactose Magro,MIMOSA,Emb. 1 LT,"1,39€","1,39€ / LT",
Tostas Crocantes de Trigo,EPI D'OR,Emb. 0.25 KG,"1,19€","4,76€ / KG",
Gel Depilação P/ Pele Sensível C/ Aloe Vera,GILLETTE,Emb. 0.2 LT,"4,75€","23,75€ / LT",
"Iogurte Líquido Magro Manga, Maracujá e Goji 4x155g",CORPOS DANONE,Emb. 0.62 Kg,"1,79€","2,89€ / Kg",
Açúcar Mascavado,SORES,Emb. 0.5 KG,"1,79€","3,58€ / KG",
PEDACOS ATUM/SALMAO LEGUMES P/ GATO  410G,ECO+,Emb. 0.415 KG,"0,65€","1,57€ / KG",
SPRAY LIMPA JANTES 1 L 1L TECH9,TECH9,Emb. 1 LT,"3,99€","3,99€ / LT",
DETERGENTE MANUAL LOICA ULTRA LIMAO 500ML,VISIOR,Emb. 0.5 LT,"0,89€","1,78€ / LT",
ALIMENT BEBE: SOBREMESA LACTEA DE FRAMBOESA +6M  4X100G,BIO VILLAGE BEBE,Emb. 0.4 KG,"2,29€","5,73€ / KG",
Queijo Camembert,LES CROISÉS,Emb. 0.25 KG,"1,79€","7,16€ / KG",
Merenda Mista,,1 Unid. = 0.1 KG,"0,69€","6,90€ / KG",
Batido de Cacau S/ Lactose,CACAOLAT,Emb. 1 LT,"1,54€","1,54€ / LT",
Néctar Compal Vital de Ananás e Coco,COMPAL,Emb. 1 LT,"1,59€","1,59€ / LT",
Infusão SOS Garganta,LIPTON,Emb. 20 SAQS,"1,49€","0,07€ / SAQS",
Óleo de Palma,GUINEA'S,Emb. 0.4 LT,"3,98€","9,95€ / LT",
BLOCO NOTAS ADESIVO FANTASIA,ESQUISSE,Emb. 1 UNID.,"2,49€","2,49€ / UNID.",
Sumo de Laranja S/ Polpa 100%,JAFADEN,Emb. 2 LT,"2,75€","1,38€ / LT",
Sobremesa Creme de Café 4x125g,DÉLISSE,Emb. 0.5 KG,"1,59€","3,18€ / KG",
Mistura de Frutos Secos e Uvas-Passas,,Emb. 0.2 KG,"1,99€","9,95€ / KG",
ESCOVA DE DENTES A PILHAS,DENTAMYL,Emb. 1 UNID.,"5,10€","5,10€ / UNID.",
Queijo Meio Gordo Pequeno,PAIVA,1 Unid. = 0.55 KG  (aprox.),,,
Vinho Tinto de Mesa Elopack,CASAL DA EIRA,Emb. 1 LT,"1,67€","1,67€ / LT",
Refrigerante com Gás,GUARANÁ BRASIL,Garrafa 1.5 LT,"1,19€","0,79€ / LT",
CHOCOLATE AVELAS E PASSAS,TABLETTE D'OR,Emb. 0.2 KG,"1,79€","8,95€ / KG",
Costeletas de Lombo Porco,,1 Unid. = 0.3 KG (aprox.),"3,99€/kg","1,20€ / Unid.",
Amaciador Cabelos Hidra Caracóis Antifrisado,FRUCTIS,Emb. 0.2 LT,"3,98€","19,90€ / LT",
Cevada Solúvel com Cereais,DELTA,Emb. 0.2 KG,"2,84€","14,20€ / KG",
WC Gel Flores de Primavera,NEOBLANC,Emb. 0.7 LT,"2,09€","2,99€ / LT",
Pantene Purifica & Reconstrói Champô 250 ml,,Emb. 0.25 LT,"4,74€","18,96€ / LT",
Pão Tostado Integral,EPI D'OR,Emb. 0.2 KG,"0,99€","4,95€ / KG",
BRIOCHE FATIADO C/CHOCOLATE,EPI D'OR,Emb. 0.5 KG,"2,79€","5,58€ / KG",
Tostas de 6 Cereais,EPI D'OR,Emb. 0.3 KG,"1,45€","4,83€ / KG",
AMACIADOR ECOLOGICO,UNÍ VERT,Emb. 0.75 LT,"1,99€","2,65€ / LT",
Cookies Sem Gluten,GULLÓN,Emb. 0.2 KG,"2,39€","11,95€ / KG",
Nata UHT Culinária,MIMOSA,Emb. 0.2 LT,"0,89€","4,45€ / LT",
Ambientador gel ocean adventure,GLADE,Emb. 0.18 LT,"2,99€","16,61€ / LT",
Drageias de Chocolate Leite,SMARTIES,Emb. 0.038 KG,"0,70€","18,42€ / KG",
IOGURTE LIQUIDO 3 SABORES 8H FORA FRIGORIFICO,DÉLISSE,Emb. 1.08 KG,"1,99€","1,84€ / KG",
Queijo Chaource DOP,NOS RÉGIONS ONT DU TALENT,Emb. 0.25 KG,"3,19€","12,76€ / KG",
FUSILLI A BOLONHESA,COTE SNACK,Emb. 0.3 KG,"2,29€","7,63€ / KG",
Bloco Sanitário Pinho,SONASOL WC,Emb. 2 UNID.,"2,99€","1,50€ / UNID.",
Caldo para Bifes 8 Cubos,KNORR,Emb. 0.08 KG,"1,39€","17,38€ / KG",
Mini Bolos de Mármore de Chocolate,P'TIT DÉLI,Emb. 0.189 KG  (aprox.),"1,55€","8,20€ / KG",
RACLETTE REDONDA 8P,ELSAY,Emb. 1 UNID.,"24,90€","24,90€ / UNID.",
ACHOCOLATADO GRANULADO,TABLETTE D'OR,Emb. 0.8 KG,"2,99€","3,74€ / KG",
PAO DE FORMA INTEGRAL S/ ACUCAR ADICIONADO,EPI D'OR,Emb. 0.5 KG,"1,49€","2,98€ / KG",
Caldo de Galinha,KNORR,Emb. 0.36 KG,"4,54€","12,61€ / KG",
Salmão Fumado Noruega,RONDE DES MERS,Emb. 0.14 Kg,"4,54€","32,43€ / Kg",
Sumo de Manga 3x200ml,UM BONGO,Emb. 0.6 LT,"1,38€","2,30€ / LT",
BACALHAU A BRAS,CÔTÉ TABLE,Emb. 0.25 KG,"2,99€","11,96€ / KG",
TAMPAO NORMAIS,DOULYS,Emb. 24 UNID.,"1,35€","0,06€ / UNID.",
CONJUNTO 4 CANETAS AZUL 1MM,ESQUISSE,Emb. 4 UNID.,"1,59€","0,40€ / UNID.",
"FRIZE RODELA LIMAO,,4x.25L",FRIZE,,"2,59€",/ Unid.,
"CANETA ROLLER GEL PRETA 0,5MM",ESQUISSE,Emb. 2 UNID.,"1,25€","0,63€ / UNID.",
Refrigerante C/ Gás Pack 4,COCA COLA,Emb. 4 LT,"5,20€","1,30€ / LT",
Cereais de Trigo Integral,FITNESS,Emb. 0.375 KG,"2,69€","7,17€ / KG",
Cachaça Brasil 51,CACHAÇA 51,Garrafa 0.7 LT,"12,99€","18,56€ / LT",
ACUCAR DE CANA CUBOS BIO,,Emb. 0.5 KG,"1,85€","3,70€ / KG",
Iogurte Líquido Morango 4x155g,DANONE,Emb. 0.62 KG,"1,69€","2,73€ / KG",
Iogurte Líquido Danonino Bebedino Morango 4x100g,DANONE,Emb. 0.4 KG,"1,79€","4,48€ / KG",
Queijo Fundido Light 16 Porções,PRÉSIDENT,Emb. 0.25 KG,"2,39€","9,56€ / KG",
Queijo Brie,,1 Unid. = 0.2 KG (aprox.),"8,29€/kg","1,66€ / Unid.",
LULAS EM CALDEIRADA,PÊCHE OCÉAN,Emb. 120 KG,"1,29€","0,01€ / KG",
Chantilly Light,,Spray 0.25 KG,"1,45€","5,80€ / KG",
BOLACHAS AREADAS CEREAIS C/ BASE CHOC LEITE POCKET,P'TIT DÉLI,Emb. 0.225 KG,"2,19€","9,73€ / KG",
Tiras P/ Periquitos Sabor Fruta,TOUS MES AMIS,Emb. 0.06 KG,"1,69€","28,17€ / KG",
GELATINA MORANGO LIGHT CONDI 2X15G,CONDI,Emb. 0.3 KG,"1,59€","5,30€ / KG",
PURE MACA/PERA SEM ADICAO ACUCAR BISNAGA BIO,,Emb. 0.36 KG,"2,39€","6,64€ / KG",
Leite Condensado Magro,NESTLÉ,Lata 0.387 KG,"1,49€","3,85€ / KG",
Vinho Tinto do Alentejo,MONTE DAS ANFORAS,Emb. 0.75 LT,"5,64€","7,52€ / LT",
WAFFERS EXTRA FINAS MORANGO E MORANGO SILVESTRE,P'TIT DÉLI,Emb. 0.16 KG,"1,79€","11,19€ / KG",
Eau De Toilette Umbro Action,UMBRO,Emb. 0.03 LT,"7,91€","263,67€ / LT",
Acendalhas de Madeira Cubos,SILEX,Emb. 28 UNID.,"0,79€","0,03€ / UNID.",
Snack P/ Cão Pequeno 7-12Kg,PURINA,Emb. 0.115 KG,"1,95€","16,96€ / KG",
Ração para cão c/ Vaca,ULTIMA,Emb. 7.5 KG,"32,90€","4,39€ / KG",
Maçã Reineta Cal. 70/75,,1 Unid. = 0.2 KG (aprox.),"1,59€/kg","0,32€ / Unid.",
ESCOVA DENTES MACIA CABECA RECARREGAVEL,DENTAMYL,,"1,25€",/ Unid.,
Leite UHT Pastagem Magro,TERRA NOSTRA,Emb. 1 LT,"1,09€","1,09€ / LT",
FIO DENTARIO EM ARCO 50UN,DENTAMYL,Emb. 50 UNID.,"1,49€","0,03€ / UNID.",
Molho de Bolonhesa,TURINI,Emb. 0.19 KG,"1,19€","6,26€ / KG",
WC Frescura Contínua,NEO BLANC,Emb. 1 UNID.,"2,24€","2,24€ / UNID.",
RECARGA A4 100GR QUAD 100P,ESQUISSE,Emb. 1 UNID.,"2,19€","2,19€ / UNID.",
Cápsulas Café Espresso Intenso Intensidade 7,DOLCE GUSTO,Emb. 30 CAPS.,"11,49€","0,38€ / CAPS.",
Queijo Petit St Nectaire DOP,NOS RÉGIONS ONT DU TALENT,Emb. 0.6 KG,"6,99€","11,65€ / KG",
Cola Cyano,FOXTER,Emb. 0.01 KG,"2,49€","249,00€ / KG",
Vinho de Mesa Tinto,CASAL DA EIRA,Emb. 0.25 LT,"0,63€","2,52€ / LT",
Couve Flor em Floretes Ultracongelado,,Emb. 1 KG,"1,29€","1,29€ / KG",
Ice Tea Pêssego,LIPTON,Emb. 1 LT,"1,29€","1,29€ / LT",
Paté para Cão de Truta e Salmão,TOUS MES AMIS,Emb. 0.3 KG,"0,79€","2,63€ / KG",
OIKOS NATURAL ACUCARADO 110x4,OIKOS,Emb. 0.44 KG,"2,39€","5,43€ / KG",
Desodorizante Aloe Sensitive Spray,VASELINE,Emb. 0.25 LT,"2,19€","8,76€ / LT",
Vinagre Sidra Biológico,,Garrafa 0.75 LT,"2,24€","2,99€ / LT",
Néctar 100% Maçã,COMPAL,Emb. 1 LT,"2,29€","2,29€ / LT",
FIAMBRE PERNA EXTRA FINISSIMO,CAMPO FINO,Emb. 0.15 KG,"1,29€","8,60€ / KG",
Pantene Grisalho Radiante & Suave Máscara 160 ml,PANTENE PV,Emb. 0.16 LT,"4,89€","30,56€ / LT",
