Nome,Marca,Unidade,Preço Primário,Preço Secundário
Arroz doce especial,Saludaes,Embalagem de 500g,"1,26 €","1,26 €/Kg"
Dentifríco Flúor Gel,Colgate,Embalagem de 75 ml,"2,39 €","31,87 €/L"
Miolo de camarão 80/100,Pescanova,Embalagem de 350g,"8,99 €","25,69 €/Kg"
Bebida Energética Apple,Hell,250 ml,"1,60 €","3,20 €/L"
Dourada Pequena,Peixe do Dia,"Vendido ao peso, de 200 a 600 g","6,49 €/Kg","6,49 €/Kg"
Saqueta de puré de fruta | maçã + banana + morango,PorSi,90 g,"0,74 €","8,22 €/Kg"
Borracha para lápis e tinta,Domédia,1 unidade,"3,19 €","3,19 €/Unidade"
Peito de frango,PorSi,Embalagem de 400 g,"1,05 €","2,99 €/Kg"
Chá verde (cápsulas),Forma+,Embalagem de 16g,"0,89 €","59,33 €/Kg"
Recarga rolo tira pelos,PorSi,1 unidade,"1,09 €","1,09 €/Unidade"
Detergente Líquido p/ Loiça Original,Fairy,"Embalagem de 1,19 l","1,05 €","2,10 €/L"
Lâmpada LED Forma Esférica 3.2W E14 220-240V,Domédia,1 un.,"3,99 €","3,99 €/Unidade"
Vinho tinto,Adega grande,Garrafa de 75 cl,"2,99 €","3,99 €/L"
Pão Regional Rio Maior Inteiro,Pão do Dia,1 unidade= 900 g,"0,19 €","2,38 €/Kg"
Muesli 3 chocolates,PorSi,500 g,"2,24 €","4,48 €/Kg"
Couve Coração,Legumes do Dia,1 un = 1 kg (aprox.),"1,99 €","1,99 €/Kg"
Porto white,Ferreira,Garrafa de 750 ml,"11,99 €","15,99 €/L"
Queijo fatias -50% gordura,Terra Nostra,Embalagem de 400g,"1,96 €","9,80 €/Kg"
Vinho frisante branco,Lapadas,Garrafa de 750 ml,"2,12 €/L","2,12 €/L"
Aguardente velha,Fim de Século,Garrafa de 700 ml,"11,49 €","16,41 €/L"
Semente pevide abóbora,Salutem,Embalagem de 200g,"2,29 €","11,45 €/Kg"
Vassoura cruzeta,PorSi,1 unidade,"2,20 €","2,20 €/Unidade"
Crescido,Bacalhau da Islândia,1 un = 1.5 kg (aprox.),"8,73 €/Kg","8,73 €/Kg"
Iogurte infantil c/ drageias coloridas,PorSi,140 g,"1,05 €","1,86 €/L"
Gel desinfetante casa de banho,Sonasol,Embalagem de 1.25 litros,"2,79 €","3,99 €/L"
Iogurte líquido morango,PorSi,Embalagem de 8x160 ml,"1,31 €","2,05 €/Kg"
Queijo fresco magro,Matinal,Embalagem de 216 g,"1,09 €","5,45 €/Kg"
Feijão manteiga,PorSi,Embalagem de 420g,"2,19 €","2,81 €/Kg"
Vinho tinto regional alentejano,Tapada do Barão,Garrafa de 0.75 l,"2,89 €","3,85 €/L"
Recargas de esfregão com cabo,Fino,embalagem com 3 un.,"0,79 €","0,79 €/Unidade"
Salsichas cocktail,PorSi,Lata com 180 g,"0,75 €","3,75 €/Kg"
Tesoura para esquerdinos com 13 cm,Maped,unidade,"1,29 €","1,29 €/Unidade"
Vinho doc douro tinto,Papa Figos,Garrafa de 0.75 l,"7,49 €","9,99 €/L"
Tablete de chocolate choco jelly,Milka,Embalagem de 250g,"2,29 €","17,62 €/Kg"
Água c/ gás groselha,Frize,pack 4 x 0.25 l,"2,85 €","2,85 €/L"
8 hamburguers s/ glúten frango,Capitão Iglo,Embalagem de 480g,"2,79 €","8,72 €/Kg"
Açaí superelemento (10 saquetas),Cemporcent,Embalagem de 25g,"1,99 €","45,23 €/Kg"
Creme para calçado castanho,Splendor,80 ml,"0,99 €","19,80 €/L"
Limpa vidros recarga tripla ação,Ajax,Embalagem de 500 ml,"3,19 €","6,38 €/L"
Caldo Verde,ELS,Embalagem 350g,"0,47 €","4,69 €/Kg"
Bebida energética green,Monster,Garrafa de 500 ml,"1,60 €","3,20 €/L"
"Iogurte pedaços, frutimax muesli",PorSi,Embalagem de 4 x 125 g,"4,38 €","2,19 €/Kg"
Cebolinho,PorSi,Embalagem de 50g,"0,99 €","19,80 €/Kg"
"Forma papel para bolos, 10. 5cm",PorSi,Embalagem com 60 unidades,"0,54 €","0,54 €/Unidade"
10 nuggets de frango,Capitão Iglo,Embalagem de 210g,"2,79 €","8,72 €/Kg"
Néctar clássico laranja,Compal,Embalagem de 1 l,"0,99 €","0,99 €/L"
Mega bolsa com 60 peças,Mega Bloks,1 unidade,"27,99 €/Unidade","27,99 €/Unidade"
Leite Bem Essencial Chocolate,Mimosa,Embalagem de 4 x 200 ml,"0,26 €","1,30 €/L"
"Luvas multiusos relevo antiderrapante, tamanho médio",PorSi,Embalagem de 1 unidades,"2,40 €","2,40 €/Unidade"
"Coloração permanente, castanho claro cobre nº54",Nutrisse,1 unidade,"9,49 €/Unidade","9,49 €/Unidade"
Guardanapos 2 folhas azul e dourado,PorSi Select,40 unidades,"1,29 €","1,29 €/Unidade"
Framboesa,PorSi,Embalagem com 125g,"2,19 €","17,52 €/Kg"
Manteiga magra baixo teor sal,President,Embalagem de 250g,"1,89 €","7,56 €/Kg"
Pepino,Programa Origens,1 un = 300 gr (aprox.),"0,84 €","2,79 €/Kg"
Óleo de girassol,PorSi,garrafa de 3 litros,"3,39 €","3,39 €/L"
Depilatório homem gel,Veet,Garrafa de 200 ml,"12,99 €","12,99 €/Unidade"
Fralda de Incontinência c/ Elásticos Tamanho Pequeno,Lindor,Embalagem de 40 un.,"18,65 €","18,65 €/Unidade"
Fraldas Activity Extra T5 |13-19 kg,Dodot,48 Unidade,"6,49 €","6,49 €/Unidade"
Salsichas de porco,Nobre,Lata de 200g,"0,75 €","3,75 €/Kg"
Spray tira gorduras eco,PorSi,Garrafa de 750 ml,"0,79 €","0,79 €/L"
Esferográfica Cor Sortida Média,Mab,Embalagem com 4 un.,"2,69 €","2,69 €/Unidade"
Salsichão fuet caseiro,Elpozo,Embalagem de 150g,"0,95 €","9,49 €/Kg"
Ameixa Vermelha,Fruta da Época,1 un = 250 gr  (aprox.),"0,50 €","1,99 €/Kg"
Salsichas frasco hot dog,PorSi,Embalagem 540G,"0,75 €","3,75 €/Kg"
Contentor para água dobrável,Camp Active,Cap.: 10 L,"3,49 €","3,49 €/Unidade"
Marmelada em cubos,Ferbar,Embalagem de 200g,"1,09 €","2,42 €/Kg"
Arroz estufado,Caçarola,Embalagem de 1 kg,"1,26 €","1,26 €/Kg"
Lápis de cera,Giotto,embalagem com 12 unidades,"4,69 €","4,69 €/Unidade"
Limpa Motores,PorSi,Embalagem de 1 l,"3,99 €","0,80 €/L"
Emulsão p/ higiene intima sensitive,Dystron,Embalagem com 200 ml,"7,69 €","19,23 €/L"
Broa de Milho,Pão do Dia,1 unidade= 400 g,"0,19 €","2,38 €/Kg"
Queijo de cabra,Palhais,Embalagem de 200g,"1,89 €","10,50 €/Kg"
Vinho tinto regional peninsula de setúbal,Fonte nico,Garrafa de 750 ml,"2,99 €","3,99 €/L"
Vinho regional lisboa reserva tinto,Mundus,Garrafa de 750 ml,"4,99 €","6,65 €/L"
"Iogurte actimel, morango",Danone,Embalagem de 12 x 100 g,"3,21 €/Kg","3,21 €/Kg"
Manteiga sem sal,Primor,Embalagem de 250g,"1,89 €","7,56 €/Kg"
Batata doce frita,PorSi,Embalagem de 150g,"1,01 €","5,46 €/Kg"
Doce light alperce,PorSi,Embalagem de 340g,"3,59 €","10,26 €/Kg"
Papa infantil láctea maçã +6 meses,Cerelac,Embalagem de 250g,"4,99 €","4,99 €/Kg"
Polpa tomate biológico,Guloso,Embalagem de 500g,"3,65 €","7,30 €/Kg"
Chocolate negro 90% cacau bio,Cemporcent,Embalagem de 100g,"2,89 €","23,12 €/Kg"
Licor Bolota |Figura Cavalo,HS,"Garrafa de 0,35L","7,49 €","10,70 €/L"
"Cueca de incontinência, adulto, pequena",PorSi,Embalagem com 14 unidades,"18,65 €","18,65 €/Unidade"
Linguas de gato,PorSi,Embalagem de 200 g,"0,69 €","3,45 €/Kg"
Atum posta em óleo,General,Embalagem de 110g,"0,89 €","7,42 €/Kg"
"Vinho tinto regional, península de setúbal, bag-in-b...",Dom Campos,Garrafa de 5 l,"9,49 €","1,90 €/L"
Fraldas premium T4 - 9 a 15 kg,PorSi,50 unidades,"6,49 €","6,49 €/Unidade"
Gin dry,Gordons,Garrafa de 700 ml,"19,79 €","19,79 €/L"
Arroz extra longo branco,Oriente,Embalagem de 1kg,"1,26 €","1,26 €/Kg"
Gelado magnum mini double framboesa,Olá,Embalagem de 6 x 60 ml,"5,99 €","16,64 €/L"
Anti-Traça Alimentos,Dum Dum,2 unidades,"4,69 €","4,69 €/Unidade"
Iogurte liquido sem lactose morango e banana,PorSi Viva Bem,Embalagem de 4 x 160 g,"3,21 €/Kg","3,21 €/Kg"
Chá infusão pura equinácea,Cemporcent,Embalagem de 13g,"0,89 €","59,33 €/Kg"
Remove Insectos,PorSi,Embalagem de 1 l,"3,99 €","0,80 €/L"
Dino pescoço grande,Play-Doh,1 Embalagem,"7,99 €","7,99 €/Unidade"
Achocolatado em pó extra chocolate,Nesquik,Embalagem de 390g,"6,64 €/Kg","6,64 €/Kg"
Álcool canforado 85%,PorSi,Embalagem de 250 ml,"0,59 €","1,18 €/L"
Arroz vaporizado,Cigala,Embalagem de 1 kg,"1,26 €","1,26 €/Kg"
Refresco em pó de ananás,PorSi,Embalagem de 40 g,"0,75 €","18,75 €/Kg"
O Meu Primeiro Monopoly,Monopoly,,"23,99 €/Unidade","23,99 €/Unidade"
Lixívia WC Gel Higienizante,Neoblanc,Embalagem de 700ml,"1,74 €","0,35 €/L"
Comida húmida para gato duplo prazer com peixe do oc...,Gourmet Gold,Embalagem de 90g,"3,59 €","2,99 €/Kg"
Bolachas crackers integrais,PorSi,Embalagem de 500g,"0,39 €","3,12 €/Kg"
Vinho tinto,Pias,Garrafa de 5 l,"5,19 €","1,04 €/L"
Comida húmida para gato seleção de carnes,Gourmet mp,Embalagem de 300g,"3,59 €","2,99 €/Kg"
Farinha de trigo sem fermento t65,PorSi,Embalagem de 1 kg,"1,99 €","1,99 €/Kg"
Feijão branco cozido,PorSi,Embalagem de 820g,"2,19 €","2,81 €/Kg"
Havana club-añejo 7 anos,Havana,Garrafa de 700 ml,"20,99 €","29,99 €/L"
Bacalhau a bras,PorSi,Embalagem de 300g,"1,79 €","7,16 €/Kg"
Bolachas cacau com recheio baunilha,PorSi,Embalagem de 176 g,"0,79 €","4,49 €/Kg"
Ovos de Galinhas Criadas ao Ar Livre,PorSi,6 ovos frescos,"1,59 €","1,59 €/Unidade"
Leite infantil confort 1 desde o nascimento,NAN,Embalagem de 800g,"23,99 €","29,99 €/Kg"
Ice tea de pêssego,PorSi,Garrafa de 2 l,"1,14 €","0,76 €/L"
Chá lúcia lima planta,Cemporcent,Embalagem de 50g,"0,89 €","59,33 €/Kg"
Chá verde,Tetley,Embalagem de 20g,"0,99 €","23,02 €/Kg"
Grelo Nabo Programa Origens,PorSi,1 un= 1 kg (aprox.),"0,75 €","2,49 €/Kg"
Bebida de Soja Natural,PorSi Viva Bem,Pack: 3 x 200 ml,"2,49 €","2,49 €/L"
Pipocas doces balde,PorSi,Embalagem de 240g,"1,65 €","12,69 €/Kg"
Boudoirs,Du Bois de la Roche,Embalagem de 200 g,"0,69 €","3,45 €/Kg"
Bolacha tostada diet nature s/ açucares,Gullon,Embalagem de 400g,"1,45 €","11,15 €/Kg"
Preparado de bolo de iogurte,PorSi,500 g,"2,99 €","6,64 €/Kg"
Wafers framboesa barras,Vieira,Embalagem de 150g,"0,98 €","4,67 €/Kg"
Jogo Joker Kids,Clementoni,1 un.,"23,99 €/Unidade","23,99 €/Unidade"
Bolacha dibus sharkies s/ glúten,Gullon,Embalagem de 250g,"1,89 €","15,75 €/Kg"
"Iogurte, sabor a morango",PorSi,Embalagem de 4 x 125 g,"1,87 €","1,25 €/Kg"
Coloração Permanente Preto |1.0,Palette,,"9,49 €/Unidade","9,49 €/Unidade"
Cogumelos inteiros,PorSi,Embalagem de 355 g,"2,19 €","2,81 €/Kg"
Bife da Vazia,Novilho,Vendido ao peso a partir de 800 g,"11,99 €","14,99 €/Kg"
Mousse cabelo caracois,Labell,Embalagem de 200ml,"3,99 €","53,20 €/L"
Folhado de queijo/bacon,Pastelaria do Dia,1 unidade= 105 g,"0,65 €","0,65 €/Unidade"
Azeite Subtil,Gallo,Garrafa de 750 ml,"3,29 €","4,39 €/L"
Limpa fornos normal,Mr.muscle,Embalagem de 300 ml,"1,79 €","2,39 €/L"
Carne p/ Assar,Novilho,Vendido ao peso a partir de 800 g,"11,99 €","14,99 €/Kg"
Spray recarga limpeza da cozinha,Cif,embalagem de 70 ml,"0,79 €","0,79 €/L"
Lenços Bolso 15X10 3f,PorSi,1 Unidade,"0,89 €","0,89 €/Unidade"
Serpentinas,Mercagranel,Embalagem 20 Rolos,"0,59 €","0,59 €/Unidade"
Bala spray,Redex,Embalagem de 400 ml,"3,99 €","0,80 €/L"
Mousse limpeza refresh,Labell,Embalagem com 150ml,"12,48 €/L","12,48 €/L"
"Queijo flamengo, bola metade",Terra Nostra,Embalagem de 700g,"1,96 €","9,80 €/Kg"
Muesli tropical,Cemporcent,Embalagem de 500g,"0,69 €","1,73 €/Kg"
"Chá solúvel adelgass plus (chá verde, fibras e algas...",Cemporcent,Embalagem de 45g,"0,89 €","59,33 €/Kg"
Leite regular 2,Aptamil,Embalagem de 800 g,"23,99 €","29,99 €/Kg"
Chá infusão nº7 renal plus,Cemporcent,Embalagem de 13g,"0,89 €","59,33 €/Kg"
Pensos com Abas de Noite,Ausonia,embalagem com 9 un.,"2,59 €","2,59 €/Unidade"
Bolachas recheadas com morango e cheesecake,Oreo,Embalagem de 150g,"0,79 €","4,49 €/Kg"
Peluche aprende comigo,Panda,1 unidade,"27,99 €/Unidade","27,99 €/Unidade"
Bolachas belgas manteiga,PorSi,Embalagem de 250g,"1,69 €","6,76 €/Kg"
Pasta de amendoim com pedaços,Cemporcent,Embalagem de 200g,"3,99 €","7,98 €/Kg"
Leite condensado,Nestle,Embalagem de 370g,"1,09 €","2,75 €/Kg"
"Mistura de couve flor, brócolos e cenoura",PorSi,Embalagem de 1 kg,"1,98 €","1,98 €/Kg"
Bife do Lombo,Novilho,1 un= 150 gr (aprox.),"11,99 €","14,99 €/Kg"
Folhado de Maçã,*,1 unidade= 100 g,"0,35 €","0,35 €/Unidade"
Fermento padeiro 44g condi,Condi,Embalagem de 40g,"1,89 €","17,18 €/Kg"
Tampões ProComfort Normal,O.B.,1 Embalagem c/32 unidades,"3,99 €","3,99 €/Unidade"
Espumante Bruto,Gancia,"Garrafa de 0,75 l","3,99 €","5,32 €/L"
Sabonete Deoprotect,Dystron,Embalagem de 80 g,"7,69 €","19,23 €/L"
Detergente para loiça plus + limão,Super Pop,Embalagem de 1L,"1,05 €","2,10 €/L"
Recheio de sapateira,*,Embalagem de 250 gr,"3,60 €","11,99 €/Kg"
Azeite virgem extra gourmet,Gallo,Garrafa de 750 ml,"3,29 €","4,39 €/L"
Lasanha à bolonhesa,PorSi,Embalagem de 1 kg,"3,99 €","9,98 €/Kg"
Lata de Brilho Preto,Búfalo,Embalagem de 75 ml,"0,99 €","19,80 €/L"
Snacks para Cão Markies Mini,Pedigree,Embalagem de 500 g,"1,09 €","6,06 €/Kg"
Porta-chaves de atividades,Vtech Baby,1 unidade,"27,99 €/Unidade","27,99 €/Unidade"
Collant opac microfibra preto 60D,PorSi,Tamanho: xl,"1,89 €","1,89 €/Unidade"
Infusão tília,Cemporcent,Embalagem de 10 unidades,"0,89 €","68,46 €/Kg"
Raptor Slash,Nerf,1 unidade,"27,99 €/Unidade","27,99 €/Unidade"
Salsicha fresca merguez,PorSi,Embalagem de 330 g,"0,99 €","7,07 €/Kg"
Xarope morango,Paquito,Garrafa de 750 ml,"3,54 €","3,54 €/L"
Vinagre de vinho branco,Cristal,Garrafa de 750 ml,"0,35 €","0,70 €/L"
Jogo caça ao tesouro,Clementoni,1 unidade,"23,99 €/Unidade","23,99 €/Unidade"
Queijo curado pequeno,Casteloes,Embalagem de 500g,"0,78 €","5,57 €/Kg"
Patê figado de porco,La piara,Embalagem de 80g,"1,19 €","13,52 €/Kg"
Iogurte sólido sem lactose multifrutos,Mimosa,Embalagem de 480g,"1,87 €","1,25 €/Kg"
"Lava tudo, vinagre",Cif,"Garrafa de 1,4 l","0,99 €","0,50 €/L"
Salva os Oceanos,Science4You,1 unidade,"23,99 €/Unidade","23,99 €/Unidade"
Refrigerante c/ gás laranja,Sumol,pack 4 x 1.25 l,"0,40 €/L","0,40 €/L"
Adoçante comprimidos,PorSi,Embalagem de 250 saquetas,"5,99 €","23,96 €/Kg"
Bolachas marinheiras espelta,Cemporcent,Embalagem de 200 g,"1,45 €","11,15 €/Kg"
Peito de frango,PorSi,"Vendido ao peso, fatiado a partir de 150 g","1,99 €","13,27 €/Kg"
"Infusão de romã/framboesa, 20 saquetas",Tetley,Embalagem de 40g,"0,89 €","68,46 €/Kg"
Lâmpada LED Formato Clássico 8W E27 220-240V,Domédia,1 un.,"3,99 €","3,99 €/Unidade"
Chip choco diet nature,Gullon,Embalagem de 130g,"0,79 €","5,27 €/Kg"
Pipocas doces,Orcape,Embalagem de 100g,"1,65 €","12,69 €/Kg"
Chá infusão quebra pedras,Cemporcent,Embalagem de 13g,"0,89 €","59,33 €/Kg"
"Chocolate m&m s, bag amendoim",M&m' s,Embalagem de 100 g,"1,39 €","19,86 €/Kg"
Bifes de soja ao natural,Cemporcent,Embalagem de 250g,"2,09 €","8,36 €/Kg"
Plantanatur slim rapid 30 comprimidos,PLANTANATU,Embalagem de 1 unidades,"7,99 €","133,17 €/Kg"
Choco limpo 10/30,Pescanova,Embalagem de 500g,"5,49 €","6,86 €/Kg"
Sopa de cozido,Knorr,Embalagem de 70g,"0,62 €","10,00 €/Kg"
Iogurte oikos natural,Danone,Embalagem de 4 x 110g,"1,49 €","2,98 €/Kg"
Comida húmida para gato com frango/vaca,Purina One,Embalagem de 340g,"3,59 €","2,99 €/Kg"
Champô maçã,H&S,340 ml,"5,59 €","13,98 €/L"
Bol. chip choco s/gluten 130g,Gullon,Embalagem de 130g,"2,69 €","20,69 €/Kg"
Gelado sandwich nata/chocolate,PorSi,Embalagem de 6x100 ml,"5,99 €","16,64 €/L"
"Patê de sardinha,atum e salmão",PorSi,Embalagem de 4 x 22 g,"1,19 €","13,52 €/Kg"
Reparador de móveis escuro,PorSi,Embalagem de 200 ml,"4,39 €","14,63 €/L"
Gestos,Hasbro,1 un.,"23,99 €/Unidade","23,99 €/Unidade"
Chá infusão hibisco,Cemporcent,Embalagem de 13g,"0,89 €","59,33 €/Kg"
Preparado em pó para pudim flan,El mandari,Embalagem de 19.2 g,"0,59 €","29,50 €/Kg"
Crack.c/sal na superficie 560g,GRAN PAVES,Embalagem de 560g,"0,39 €","3,12 €/Kg"
Farinha de alfarroba bio,PorSi Bio,Embalagem de 200 g,"1,99 €","1,99 €/Kg"
Lambrusco tinto,*,Garrafa de 750 ml,"2,12 €/L","2,12 €/L"
Hambúrguer de soja,Cemporcent,Embalagem de 160g,"3,99 €","10,23 €/Kg"
Chá de infusão salutem nº 06 - prodigest 10 saquetas,Salutem,Embalagem de 15g,"0,89 €","59,33 €/Kg"
Puré de maçã natural,Cemporcent,Embalagem de 350g,"3,99 €","7,98 €/Kg"
Collant mousse muskade 20D,PorSi,Tamanho: l,"1,89 €","1,89 €/Unidade"
Café solúvel c/ cafeína,Delta,Embalagem de 100g,"14,50 €/Kg","14,50 €/Kg"
Aperitivo de anis,Ricard,Garrafa de 700 ml,"4,99 €","7,13 €/L"
Papaia em calda,Globo,Embalagem de 425g,"1,99 €","2,37 €/Kg"
"Cera cabelo, Paste Urban",Axe,Embalagem de 130 ml,"3,99 €","53,20 €/L"
Senses Tropical,Trident,1 un.,"0,68 €","45,33 €/Kg"
Amaciador Concentrado Creations Flor Lótus Lima,Comfort,80 doses,"1,99 €","1,00 €/L"
Queijo curado mistura,PorSi,190 g,"2,89 €","15,21 €/Kg"
Tampões Compak Pearl Super Com Aplicador,Tampax,16 unidades,"3,99 €","3,99 €/Unidade"
Tesoura koopy 13cm,Maped,1 unidade,"2,19 €","109,50 €/L"
Sardinha em tomate,PorSi,Embalagem de 120g,"0,89 €","7,42 €/Kg"
Sumo concentrado de laranja,GUD,Garrafa de 740 ml,"3,54 €","3,54 €/L"
Leite uht gordo,Mimosa,Embalagem de 1 litro,"1,04 €","1,04 €/L"
Salmão Fumado Norueguês,Skandia,Embalagem de 80 g,"5,99 €","74,88 €/Kg"
"Baton, soft rosa",Labello,Embalagem de 5 g,"0,58 €","0,58 €/Unidade"
Cebola Amarela,Nossa seleção,1 un = 500 gr (aprox.),"0,17 €","0,69 €/Kg"
Pão ralado clássico,PorSi,Embalagem de 240 g,"0,72 €","3,00 €/Kg"
10 croquetes de carne,PorSi,Embalagem de 300 g,"1,79 €","7,16 €/Kg"
Lenços de bolso kids,Renova,Embalagem sortida com 8 unidades + 2 grátis,"0,89 €","0,89 €/Unidade"
Babete Maleavel,Tigex,1 unidade,"5,99 €","5,99 €/Unidade"
Lixívia Roupa delicada,PorSi,Embalagem de 2 l,"0,60 €/L","0,60 €/L"
Puzzle Super Hero,Clementoni,2 x 20 peças,"23,99 €/Unidade","23,99 €/Unidade"
Leite creme,El mandari,Embalagem de 90g,"0,79 €","5,27 €/Kg"
Café em grão 5 estrelas,Sical,Embalagem de 250g,"9,16 €/Kg","9,16 €/Kg"
Crackers c/ sal superficie,GRAN PAVES,Embalagem de 250g,"0,39 €","3,12 €/Kg"
Pudim de caramelo,Boca Doce,Embalagem de 20g,"0,59 €","29,50 €/Kg"
8 fantasias do mar,PorSi,Embalagem de 250g,"1,79 €","7,16 €/Kg"
Pilha alcalina classic lr20x2,Domédia,1 unidade,"1,75 €","1,75 €/Unidade"
12 Caldos de carne,PorSi,Embalagem de 127 g,"3,84 €","24,00 €/Kg"
Adoçante liquido,PorSi,Garrafa de 125 ml,"5,99 €","23,96 €/Kg"
Carne p/ Estufar,Novilho,Vendido ao peso a partir de 800 g,"11,99 €","14,99 €/Kg"
Queijo ilha ralado,Valformoso,Embalagem de 150g,"7,45 €/Kg","7,45 €/Kg"
Cogumelos laminados 1/2,PorSi,Embalagem de 355 g,"2,19 €","2,81 €/Kg"
Iogurte mix-in smarties morango,Nestle,Embalagem de 2 x 128 g,"1,05 €","1,86 €/L"
Chá infusão drena & limpa,Cemporcent,Embalagem de 13g,"0,89 €","59,33 €/Kg"
Ketchup,PorSi,Embalagem de 300 g,"0,87 €","2,90 €/Kg"
Fermento químico,Vahine,Embalagem de 108g,"1,89 €","17,18 €/Kg"
Bolacha cookie sensations choco,Milka,Embalagem de 160g,"0,79 €","5,27 €/Kg"
Queijo snack gouda,PorSi,Embalagem de 100g,"1,96 €","9,80 €/Kg"
"Borracha Technic, 600",Maped,embalagem com 2 unidades,"3,19 €","3,19 €/Unidade"
Arroz extra longo integral,Saludaes,Embalagem de 1 kg,"1,26 €","1,26 €/Kg"
Ração para gato adulto de interior,Friskies,Embalagem de 3 kg,"12,99 €","4,33 €/Kg"
Purificador de água,Tetra,Embalagem de 1 l,"7,29 €","7,29 €/L"
Sabonete original,Palmolive,Embalagem de 4x90 g,"1,99 €","12,44 €/Kg"
Creme vegetal culinário,Vaqueiro,Embalagem de 1 kg,"1,99 €","3,98 €/Kg"
Bolacha de manteiga belga original,Saborosa,Embalagem de 220g,"1,69 €","6,76 €/Kg"
As minhas primeiras receitas - refeição esparguete c...,Nestle,Embalagem de 190g,"2,19 €","11,53 €/Kg"
Puzzles Astro Kid / T-Rex,Olivo,60 peças,"5,99 €/Unidade","5,99 €/Unidade"
Dourada,Programa Origens,1 un= 400 grs (aprox.),"6,49 €/Kg","6,49 €/Kg"
Danacol morango,Danone,Embalagem de 6 x 100 g,"4,15 €/Kg","4,15 €/Kg"
Desodorizante roll-on Invisible,Rexona,Embalagem de 50ml,"1,39 €","6,95 €/L"
Adoçante à base de sucralose em pó,PorSi,Embalagem de 90g,"5,99 €","23,96 €/Kg"
"Coloração permanente, castanho dourado, nº43",Nutrisse,1 unidade,"9,49 €/Unidade","9,49 €/Unidade"
Cereais corn flakes s/ glúten chocolate,Nestle,Embalagem de 380g,"2,99 €","7,97 €/Kg"
Mojito,Bacardi,Garrafa de 0.70 l,"20,99 €","29,99 €/L"
Queijo emmental fatias,PorSi,Embalagem de 200 g,"1,96 €","9,80 €/Kg"
Gelatina melancia 10kcal 31g,Royal,Embalagem de 30g,"0,55 €","61,11 €/Kg"
Vinho maduro tinto doc alentejo reserva,Albarrada,Garrafa de 75 cl,"2,89 €","3,85 €/L"
Cem porcento chá mistura 1 - neurocalm,Cemporcent,Embalagem de 80g,"0,89 €","59,33 €/Kg"
Sombrinhas decorativas,PorSi,Embalagem com 25 unidades,"0,59 €","0,59 €/Unidade"
Bolacha vitalday aveia e chocolate,Gullon,Embalagem de 240g,"2,98 €","9,93 €/Kg"
SuperCeys,Ceys,1 unidade,"2,99 €","99,67 €/Kg"
Azeite,PorSi,Garrafa de 1 l,"3,29 €","4,39 €/L"
Sumo 100% pêssego e uva,PorSi,Pack 3 x 200 ml,"1,09 €","0,73 €/L"
Pilha alcalina classic lr03x4,Domédia,1 unidade,"1,75 €","1,75 €/Unidade"
"Esfregona, algodão, completa",PorSi,1 unidade,"0,89 €","0,89 €/Unidade"
Guardanapos,PorSi,,"1,29 €","1,29 €/Unidade"
Requeijão de vaca,PorSi,Embalagem de 200 g,"1,09 €","5,45 €/Kg"
Pilha recarregável 170mAh 9V HR22,Domédia,1 unidade,"1,75 €","1,75 €/Unidade"
Cogumelos laminados,PorSi,Embalagem de 185 g,"2,19 €","2,81 €/Kg"
"Limpa vidros cristal, pistola",PorSi,Embalagem de 1 l,"3,19 €","6,38 €/L"
Pickles em vinagre,PorSi,Embalagem de 200 g,"2,19 €","2,81 €/Kg"
Leite regular 3,Aptamil,Embalagem de 800 g,"23,99 €","29,99 €/Kg"
Queijo flamengo 0% lactose,PorSi Viva Bem,Embalagem de 150 g,"2,59 €","5,40 €/Kg"
Chá infusão lúcia-lima bio,Cemporcent,Embalagem de 13g,"0,89 €","59,33 €/Kg"
"Limpa móveis pistola, multissuperfícies",Pronto,Embalagem de 500 ml,"1,29 €","0,86 €/L"
Creme Depilatório Duche Men Peles Normais,Veet,Embalagem com 150 ml,"10,99 €","73,27 €/L"
Vermute Vibrante sem Álcool,Martini,Garrafa de 750 ml,"11,99 €","11,99 €/L"
Luvas Multilatex M/L,Vileda,Embalagem com 100 un.,"2,40 €","2,40 €/Unidade"
Brandy,Croft,Garrafa de 1 l,"11,99 €","17,13 €/L"
Vinho Verde Loureiro Branco,Aveleda,Garrafa de 0.75 l,"1,99 €","2,65 €/L"
20 saquetas chá noite tranquila,Lipton,Embalagem de 30g,"0,99 €","99,00 €/Kg"
Papa infantil láctea 5 frutos +6 meses,Cerelac,Embalagem de 250g,"4,99 €","4,99 €/Kg"
Pão ralado alho e salsa,PorSi,Embalagem de 240 g,"0,72 €","3,00 €/Kg"
Iogurte liquido proteína yopro baunilha/cookies,Yopro,300 g,"5,97 €/Kg","5,97 €/Kg"
Vinagre de vinho tinto,PorSi,Garrafa de 500 ml,"0,35 €","0,70 €/L"
Salada Ibérica Programa Origens,PorSi,Embalagem de 150 g,"0,99 €","0,99 €/Kg"
Iogurte sólido sem lactose natural açucarado,Mimosa,Embalagem de 480g,"2,59 €","5,40 €/Kg"
Tesoura Essentials,Maped,13 cm,"1,29 €","1,29 €/Unidade"
Barras de cereais de trigo integral com chocolate e ...,Nestle,Embalagem de 135 g,"1,29 €","10,24 €/Kg"
Gel WC Desincustrante,Neoblanc,Embalagem de 700 ml,"2,79 €","3,99 €/L"
Cocktail de marisco,PorSi,Embalagem de 400 g,"2,19 €","8,59 €/Kg"
Bolacha Maria sem lactose,PorSi Viva Bem,Embalagem de 200 g,"2,59 €","5,40 €/Kg"
Toalhitas multiusos limão,PorSi,Embalagem de 80 unidades,"1,79 €","1,79 €/Unidade"
Mega bolsa com 60 peças sortidas,Mega Bloks,1 unidade,"27,99 €/Unidade","27,99 €/Unidade"
Tomate frito,Heinz,Embalagem de 350g,"3,84 €","24,00 €/Kg"
Discos de amamentação,PorSi,30 unidades,"5,99 €","5,99 €/Unidade"
Óleo para travões,Redex,Embalagem de 250 ml,"14,99 €","14,99 €/L"
Gel de banho bio kids,Corine de Farme,300 ml,"4,39 €","21,95 €/L"
Vinho tinto bag-in-box,Capataz,Embalagem de 5 l,"5,19 €","1,04 €/L"
"Vela em número, nº 8",PorSi,1 unidade,"0,60 €","0,60 €/Unidade"
Buondi café em grão,Buondi,Embalagem de 220g,"9,16 €/Kg","9,16 €/Kg"
Vinho do porto special reserve,Velhotes,"garrafa de 0,75 l","9,99 €","13,32 €/L"
Xarope de groselha,Xarão,Garrafa de 1 l,"3,54 €","3,54 €/L"
Queijo Snack Chevre/Cabra,President,,"1,89 €","10,50 €/Kg"
Bolachas starship chocolate,PorSi,Embalagem de 150g,"0,79 €","5,27 €/Kg"
Dettol sabonete líquido Lavanda,Dettol,Garrafa de 250 ml,"2,18 €/L","2,18 €/L"
"Pimenta preta, moída, em frasco",PorSi,Embalagem de 43 g,"0,25 €","0,25 €/Kg"
Refresco pó laranja,PorSi,Embalagem de 40g,"0,75 €","18,75 €/Kg"
Leite condensado cozido,Nestle,Embalagem de 400g,"1,09 €","2,75 €/Kg"
Algodão zig zag pré-cortado,PorSi,Embalagem de 50 g,"0,59 €","1,18 €/L"
Bola de Berlim chocolate,PorSi,85g,"0,35 €","0,35 €/Unidade"
Sementes de linhaça,Cemporcent,Embalagem de 250G,"1,89 €","3,78 €/Kg"
"Bloco sanitário blue activ, eucalio",Sonasol,Embalagem de 50 g,"5,49 €","5,49 €/Unidade"
Espetos de madeira para churrasco 24 cm,PorSi,Embalagem de 20 unidades,"0,65 €","0,65 €/Unidade"
"Queijo em fatias, -50% gordura",Limiano,Embalagem de 200g,"1,96 €","9,80 €/Kg"
Caramelos de fruta,Penha,Embalagem de 100g,"1,19 €","4,76 €/Kg"
Papel vegetal 8m,Vileda,1 unidade,"1,11 €","1,11 €/Unidade"
Peito de peru,Salsicharia Limiana,"Vendido ao peso, fatiado","1,99 €","13,27 €/Kg"
Bebida energética a-zero,Monster,Garrafa de 500 ml,"1,60 €","3,20 €/L"
Vinho regional tejo 3 castas tinto,Fiuza,Garrafa de 750 ml,"4,99 €","6,65 €/L"
Cacetinho de trigo integral,Pão do Dia,90 g,"0,19 €","2,38 €/Kg"
Estojo de maquilhagem Urban Style,Clementoni,1 unidade,"27,99 €/Unidade","27,99 €/Unidade"
Fiambre da pá fatiado,PorSi,200 g,"0,97 €","6,49 €/Kg"
Luvas Multi Sensitive Médio/Grande,Vileda,40 unidade,"2,40 €","2,40 €/Unidade"
Chá flor de laranjeira,Cemporcent,Embalagem de 50g,"0,89 €","59,33 €/Kg"
Jogo Operação,Hasbro,1 unidade,"27,99 €/Unidade","27,99 €/Unidade"
Detergente manual de roupa,Omo,Embalagem de 540g,"1,19 €","2,98 €/Kg"
Rolo de cozinha XXL,PorSi,1 rolo,"4,99 €","4,99 €/Unidade"
Creme calçado preto bisnaga,Búfalo,50 ml,"0,99 €","19,80 €/L"
Garagem,Écoiffier,Andares + camião,"27,99 €/Unidade","27,99 €/Unidade"
Gelatina mirtilo 10kcal 31g,Royal,Embalagem de 30g,"0,55 €","61,11 €/Kg"
Vinho Tinto Regional Península de Setúbal,Selecção de Enófilos,750 ml,"2,99 €","3,99 €/L"
Detergente líquido Ultra Concentrado Loiça Platinium...,PorSi,Embalagem de 500 ml,"1,05 €","2,10 €/L"
Vinagre de sidra,Cristal,Garrafa de 500 ml,"0,35 €","0,70 €/L"
Bolacha vitalday crocante original,Gullon,Embalagem de 270g,"2,98 €","9,93 €/Kg"
Desinfetante p/ Cozinha,Sanytol,Embalagem de 750 ml,"3,99 €","5,32 €/L"
Rolo de cozinha reciclado,PorSi,4 rolos,"4,99 €","4,99 €/Unidade"
Eau de Toilette p/Senhora Nº36,Caravan,1 Frasco 150ml,"11,99 €","79,93 €/L"
Tosta integral,Diatosta,Embalagem de 510 g,"2,19 €","8,76 €/Kg"
Néctar clássico tutti-frutti,Compal,Embalagem de 1 l,"0,99 €","0,99 €/L"
Maracujá Roxo,Fruta da Época,1 un = 250 gr  (aprox.),"1,89 €/Kg","1,89 €/Kg"
Pao ralado classico 200g,ESPIGA,Embalagem de 200g,"0,72 €","3,00 €/Kg"
Whisky heritage blend,Logan,Garrafa de 700 ml,"23,99 €","34,27 €/L"
Porto tawny valadão,Valadao,Garrafa de 750 ml,"24,99 €","33,32 €/L"
Sabonete glicerina natural,Palmolive,Embalagem de 90 g,"1,99 €","12,44 €/Kg"
Super Cola 3 Precisão C/ 50% Grátis,Loctite,7.5 g,"2,99 €","99,67 €/Kg"
Iogurte magro morango,Longa vida,Embalagem de 6 x 120 g,"1,09 €","1,45 €/Kg"
Eau de Toilette p/Senhora Nº26,Caravan,1 Frasco 150ml,"11,99 €","79,93 €/L"
Água com gás,Castello,24 x 25 cl,"2,85 €","2,85 €/L"
Cocktail mix,PorSi,720 g,"1,79 €","7,16 €/Kg"
Loção corporal,Nivea,Embalagem de 400 ml,"12,48 €/L","12,48 €/L"
Vela com número nº 3,PorSi,1 unidade,"0,60 €","0,60 €/Unidade"
Café Nespresso Roast Intensidade 11,STARBUCKS,Embalagem com 10 unidades,"54,36 €/Kg","54,36 €/Kg"
Spaghetti a bolonhesa 350g,Tuttipasta,Embalagem de 350g,"2,16 €","6,17 €/Kg"
Alimento húmido para cão borrego,Pedigree,Embalagem de 300g,"0,75 €","2,50 €/Kg"
Saqueta de puré de fruta | maçã + pêssego + banana +...,PorSi,90 g,"0,74 €","8,22 €/Kg"
Néctar frutos vermelhos,PorSi,Embalagem de 200 ml,"0,99 €","0,99 €/L"
Queijo Ovelha Curado,Meimoa,Vendido ao peso a partir de 250 gr,"4,62 €","18,49 €/Kg"
Arroz integral extra longo,Cemporcent,Embalagem de 1 kg,"1,99 €","3,98 €/Kg"
Folhado de pizza,*,110 g,"0,65 €","0,65 €/Unidade"
10 Hambúrgueres de porco,PorSi,Embalagem de 600g,"2,79 €","8,72 €/Kg"
Manhãzitos® mini,Manhazitos,Embalagem de 84g,"2,05 €","5,13 €/Kg"
Mistura solúvel c/ 20% café pó,PorSi,Embalagem de 200g,"0,79 €","3,16 €/Kg"
Chá barbas milho planta,Cemporcent,Embalagem de 25g,"0,89 €","59,33 €/Kg"
"Spray depilatório, peles sensiveis",Veet,Garrafa de 150 ml,"10,99 €","73,27 €/L"
Ovos | Classe: L,Ovitae,24 unidades,"1,59 €","1,59 €/Unidade"
Fraldas de Incontinência Elásticos Grandes,Lindor,20 Unidades,"18,65 €","18,65 €/Unidade"
Filetes primavera cereais de espelta,Iglo,Embalagem de 250 g,"1,79 €","7,16 €/Kg"
Peito de peru forno a lenha,Primor,"Vendido ao peso, fatiado a partir de 100 gr","1,99 €","13,27 €/Kg"
Bolachas com cobertura de chocolate de leite,Oreo,Embalagem de 250g,"0,79 €","4,49 €/Kg"
Perna com Costa,Frango,1 un. = 300 g (aprox.),"1,05 €","2,99 €/Kg"
Gronola de aveia arandos/sementes,Nestle,Embalagem de 300g,"5,59 €","8,87 €/Kg"
Iogurte sólido sem lactose multifrutos,Mimosa,Embalagem de 480g,"2,59 €","5,40 €/Kg"
Chá infusão anis,Cemporcent,Embalagem de 13g,"0,89 €","59,33 €/Kg"
Gel anti séptico deoprotect,Dystron,Garrafa de 400 ml,"7,69 €","19,23 €/L"
Penso de incontinência boutique normal,Ausonia Discreet,Embalagem de 10 un.,"1,95 €","1,95 €/Unidade"
Vela em número nº4,PorSi,1 unidade,"0,60 €","0,60 €/Unidade"
Cera líquida spray,Arbo,embalagem de 500 ml,"3,99 €","0,80 €/L"
Boneca Gi com Som,Concentra,1 unidade,"27,99 €/Unidade","27,99 €/Unidade"
Queijo de vaca curado light amanteigado,PorSi,+/- 550 g,"25,45 €/Kg","25,45 €/Kg"
Formas de alumínio redondas 55 ml,PorSi,20 unidades,"0,89 €","0,89 €/Unidade"
Néctar light de manga/laranja,Compal,Pack 3 x 200 ml,"0,84 €","2,55 €/L"
Papa infantil não láctea bolacha maria +6 meses,Cerelac,Embalagem de 250g,"4,99 €","4,99 €/Kg"
Refrigerante c/ gás ananás,Sumol,pack 4 x 1.25 l,"0,40 €/L","0,40 €/L"
Quanto íris 52d+4x8,Quanto,Garrafa de 1.12 l,"1,99 €","1,00 €/L"
Sangria tinta,PorSi,Garrafa de 1.5 litros,"2,39 €","1,59 €/L"
Limpa carpetes,PorSi,Embalagem de 1 litro,"1,79 €","2,39 €/L"
Strudel de maçã,PorSi,Embalagem de 550 g,"2,57 €","7,79 €/Kg"
Alho Seco,PorSi,Embalagem: 250 g,"0,17 €","0,69 €/Kg"
Achocolatado energy,Cola cao,Embalagem de 750g,"6,64 €/Kg","6,64 €/Kg"
Creme de Mãos Intensivo,Nivea,Embalagem de 100 ml,"1,03 €","10,30 €/L"
"Chave de Fenda Cabo Bimat, 6.0x150mm",Itools,1 unidade,"5,99 €","5,99 €/Unidade"
Sacos cubos de gelo fecho manual,PorSi,Embalagem com 10 unidades,"1,11 €","1,11 €/Unidade"
Leite uht magro,Mimosa,Embalagem de 200 ml,"0,83 €","0,83 €/L"
Cem porcento chá mistura 6 – regula+,Cemporcent,Embalagem de 80g,"0,89 €","59,33 €/Kg"
Esferográfica Cristal Azul,Bic,Embalagem com 10 un.,"2,69 €","2,69 €/Unidade"
Batata Frita c/ Sal,Ruffles,Embalagem de 160 g,"1,01 €","5,46 €/Kg"
Mistura solúvel mokambo,Nestle,Embalagem de 200g,"0,79 €","3,16 €/Kg"
Cobertura tábua de engomar,PorSi,Dim.: 130 x 47 cm,"4,00 €","4,00 €/Unidade"
Topping de morango,Winsenia,Embalagem de 300g,"1,29 €","3,23 €/Kg"
After shave bálsamo sensitive,Labell Men,Embalagem de 100 ml,"1,16 €","4,64 €/L"
Cama de Bonecas,*,1 conjunto,"27,99 €/Unidade","27,99 €/Unidade"
Spray renova camurça castanha,PorSi,Embalagem de 200 ml,"6,19 €","24,76 €/L"
Cerveja sagres,Sagres,20 x 0.25 l,"1,99 €/L","1,99 €/L"
Carcaça de trigo,Pão do Dia,1 unidade= 55 g,"0,19 €","2,38 €/Kg"
"Jogo ""Emoções Monstro das Cores""",Diset,1 unidade,"23,99 €/Unidade","23,99 €/Unidade"
Lava Tudo Amoniacal,Sonasol,4 litros,"0,99 €","0,50 €/L"
Chá preto,Tetley,Embalagem de 30g,"41,67 €/Kg","41,67 €/Kg"
Bolachas com recheio de chocolate,PorSi,Embalagem de 3 x 250 g,"2,78 €/Kg","2,78 €/Kg"
"Pilha alcalina, hightech lr6X8",Domédia,1 unidade,"1,75 €","1,75 €/Unidade"
Chá eucalipto,Cemporcent,Embalagem de 70g,"0,89 €","59,33 €/Kg"
Amaciador para cabelos pintados,Labell,Embalagem de 200 ml,"1,00 €","5,00 €/L"
"Borracha Technic, 600",Maped,embalagem com 2 unidades,"2,69 €","2,69 €/Unidade"
"Alimento húmido para gato júnior, carne",Whiskas,Embalagem de 400g,"3,59 €","2,99 €/Kg"
Pão Regional Rio Maior Inteiro,Pão do Dia,1 unidade= 450 g,"0,19 €","2,38 €/Kg"
Ice tea limão,Lipton,Embalagem de 1L,"1,14 €","0,76 €/L"
Frango Inteiro,Frango,1 un=2 Kg (aprox.),"1,05 €","2,99 €/Kg"
Chá infusão regulax bio,Cemporcent,Embalagem de 13g,"0,89 €","59,33 €/Kg"
Insecticida Casa e Plantas,Raid,400 ml,"5,49 €","13,73 €/L"
Creme p/ Calçado Castanho,Búfalo,Embalagem de 40 ml,"0,99 €","19,80 €/L"
Mel em frasco de vidro,PorSi,Embalagem de 250g,"4,89 €","9,78 €/Kg"
Fraldas de Incontinência Elásticos Médias,Lindor,20 Unidades,"18,65 €","18,65 €/Unidade"
Halls Mini Mints Menta,Halls,12.5 g,"1,08 €","5,40 €/Kg"
Vinho do Porto Vintage Quinta do Bonfim,Dow's,"Garrafa de 0,75L c/ Caixa de Madeira","24,99 €","33,32 €/L"
Limão,Programa Origens,1 un = 200 gr (aprox.),"0,50 €","1,99 €/Kg"
Gin premium hendricks 0.70l,Hendricks,Garrafa de 700 ml,"19,79 €","19,79 €/L"
Bolws old el paso,OLD EL PAS,Embalagem de 150g,"1,65 €","12,69 €/Kg"
Sobremesa danette baunilha,Danone,Embalagem de 4 x 125 g,"2,39 €","10,48 €/Kg"
Ambientador vela frutos vermelhos,PorSi,1 unidade,"2,53 €","2,53 €/Unidade"
Collant mousse muskade 20D,PorSi,Tamanho: xl,"1,89 €","1,89 €/Unidade"
28 mini bolinhas bacalhau,PorSi,Embalagem de 300 g,"1,79 €","7,16 €/Kg"
Água s/ gás limão,Luso,Garrafa de 1 l,"1,04 €","0,17 €/L"
Massa em espirais,PorSi,Embalagem de 500g,"0,99 €","1,98 €/Kg"
Galettes Cenoura e Abóbora,Bonduelle,Embalagem de 300g,"6,39 €","7,99 €/Kg"
"Escova dentes, slim soft, média",Colgate,1 unidade,"3,49 €","3,49 €/Unidade"
Shampo repelente p/ cão,Repul' 7,Garrafa de 200 ml,"11,98 €","59,90 €/L"
Salsichão Nobreza,Elpozo,vendido ao peso,"0,95 €","9,49 €/Kg"
Maria diet nature,Gullón,Embalagem de 400 g,"1,45 €","11,15 €/Kg"
Tampão Super,O.B.,1 Embalagem c/32 unidades,"3,99 €","3,99 €/Unidade"
Ervilhas primavera 500g,Iglo,Embalagem de 500g,"1,98 €","1,98 €/Kg"
Piaçaba com suporte,PorSi,1 unidade,"6,99 €","27,96 €/Kg"
Serrote com Ferro,Itools,1 unidade,"5,99 €","5,99 €/Unidade"
Spray tira gorduras,PorSi,Embalagem de 750 ml,"1,79 €","2,39 €/L"
Bombons de Chocolate Leite,Merci,Embalagem de 250 g,"29,16 €/Kg","29,16 €/Kg"
Pedras limão,P.salgadas,Garrafa de 1 l,"2,85 €","2,85 €/L"
Bolachas marinheiras chia,Cemporcent,Embalagem de 200g,"1,45 €","11,15 €/Kg"
Dinosaurus chocoleche 340gr.         *12,Artiach,Embalagem de 340g,"2,29 €","17,62 €/Kg"
Gressinos com azeite,PorSi,Embalagem de 250g,"2,39 €","6,83 €/Kg"
Recargas ambientador elétrico relaxing zen,Glade,Embalagem de 2 x 20 ml,"1,79 €","1,79 €/Unidade"
Pensos higiénicos liberty normal sem abas,Evax,Embalagem com 12 un.,"2,59 €","2,59 €/Unidade"
Batata branca mini,Vitacress,Embalagem de 500 g,"0,17 €","0,69 €/Kg"
Cobertura tábua de engomar,PorSi,Dim.: 120 x 42 cm,"4,00 €","4,00 €/Unidade"
Chupeta anatómico +6 meses,Neo Baby,Embalagem com 2 unidades,"5,99 €","5,99 €/Unidade"
Cevada solúvel,PorSi,Embalagem de 200g,"0,79 €","3,16 €/Kg"
"Rolos de cozinha compactos, branco, 2 unidades",PorSi,Uma embalagem,"4,99 €","4,99 €/Unidade"
Pêssego em calda metades,PorSi,Lata com 840 g,"1,99 €","2,37 €/Kg"
"Na-farinha de aveia 400g 3,2kg",Nacional,Embalagem de 400g,"1,99 €","1,99 €/Kg"
"Argolas, brancas, autocolante, 160 unidades, 13 mm",Domédia,1 embalagem,"2,19 €","109,50 €/L"
Detergente líquido máquina roupa sabão natural,PorSi,40 doses,"8,69 €","1,84 €/Kg"
Infusão camomila,Cemporcent,Embalagem de 10 unidades,"0,89 €","68,46 €/Kg"
Máquina Depilatória Descartável Twin Lady,Bic,Embalagem com 10 un.,"5,49 €","5,49 €/Unidade"
Paté Fígado Porco c/ Cogumelos,PorSi,75 g,"0,95 €","4,75 €/Kg"
Lic.amendoa amarga zimbro,Zimbro,Garrafa de 0.70L,"7,49 €","10,70 €/L"
Fidget Toys,Science4You,1 unidade,"7,99 €","7,99 €/Unidade"
Coxinhas de frango,PorSi,Embalagem de 360g,"9,30 €/Kg","9,30 €/Kg"
Cafe rossio m.unica 250g,Nicola,Embalagem de 250g,"9,76 €/Kg","9,76 €/Kg"
Cogumelo Portobello Pequeno,Legumes do Dia,embalagem de 300 g,"1,89 €","6,30 €/Kg"
Dinosaurus chocoleche 340gr.         *12,Artiach,Embalagem de 340g,"1,89 €","15,75 €/Kg"
"Jogo ""Paga e Cala""",Majora,1 unidade,"7,99 €","7,99 €/Unidade"
Alimento seco para gato Júnior,Whiskas,Embalagem de 950 g,"12,99 €","4,33 €/Kg"
Goiabada,PorSi,600 g,"1,09 €","2,42 €/Kg"
Sal Himalaias Grosso,Origens Bio,1 Embalagem 500G,"0,25 €","0,25 €/Kg"
Refrigerante  c/ gás regular,Coca-Cola,pack 4 x 1 l,"0,40 €/L","0,40 €/L"
Gomas brilho,PorSi,Embalagem de 300 g,"1,19 €","3,97 €/Kg"
Queijo para barrar light,PorSi Viva Bem,Embalagem de 200g,"2,39 €","19,92 €/Kg"
Choco Pequeno,Peixe Congelado,1 un= 200 gr (aprox.),"3,99 €/Kg","3,99 €/Kg"
Leite c/ Chocolate Bem Especial 0% lactose,Mimosa,pack 4 x 200 ml,"0,26 €","1,30 €/L"
Fermento de padeiro,Vahine,Embalagem de 20g,"1,89 €","17,18 €/Kg"
6 cheeseburgers,PorSi,Embalagem de 750g,"2,79 €","8,72 €/Kg"
Moscatel de Setúbal Reserva,Selecção de Enófilos,Garrafa de 0.75 l,"5,99 €","7,99 €/L"
Favas ultracongeladas,PorSi,Embalagem de 1 kg,"1,98 €","1,98 €/Kg"
Achocolatado em Pó,Nesquik,Embalagem de 390g,"6,64 €/Kg","6,64 €/Kg"
Bolachas chiquilin ositos de mel,Artiach,Embalagem de 160g,"1,89 €","15,75 €/Kg"
Queijo Meio Gordo,Queijaria das Pousadas,Vendido ao peso a partir de 250 g,"2,42 €","9,69 €/Kg"
Iogurte naturea natural,PorSi,Embalagem de 4 x 125 g,"0,65 €","1,30 €/Kg"
10 nuggets de frango com cereais integrais,Capitão Iglo,Embalagem de 208 g,"2,79 €","8,72 €/Kg"
Framboesas 100% Naturais,PorSi,Embalagem de 750 g,"3,29 €","4,39 €/Kg"
Farinha de milho integral,Cemporcent,Embalagem de 500g,"2,29 €","11,45 €/Kg"
Champô oil nutritive,Gliss,Embalagem de 250 ml,"5,59 €","13,98 €/L"
Leite c/ cacau original,Cacaolat,Garrafa de 1 l,"0,26 €","1,30 €/L"
Biscoitos brownies,PorSi,Embalagem de 230g,"0,79 €","5,27 €/Kg"
Bolachas,Oreo,Embalagem de 220g,"0,79 €","4,49 €/Kg"
Iogurte liquido proteína yopro morango/framboesa,Yopro,300 g,"1,31 €","2,05 €/Kg"
Escova Dentes Suave Limpeza e Frescura,Sensodyne,1 un.,"3,49 €","3,49 €/Unidade"
Queijo mini,Babybel,Embalagem de 6x20 g,"2,49 €","16,60 €/Kg"
Leite seleccionado matinal leve,Matinal,Embalagem de 200 ml,"0,83 €","0,83 €/L"
Sabonete líquido mel,Feno,Embalagem de 300 ml,"2,18 €/L","2,18 €/L"
Milho doce,PorSi,Embalagem de 3 x 140 g,"2,19 €","2,81 €/Kg"
Moscatel de setúbal,Dom Campos,Garrafa de 750 ml,"5,99 €","7,99 €/L"
"Pasta de limpeza com oxigénio activo, 48 unidades",Polident,Uma embalagem,"7,39 €","105,57 €/Kg"
Creme Mãos Hidratante,Labell,Embalagem de 100 ml,"1,03 €","10,30 €/L"
Café solúvel creme,Nescafe,Embalagem de 100g,"14,50 €/Kg","14,50 €/Kg"
Creme abrasivo original,Cif,Garrafa de 700 ml,"4,99 €","7,13 €/L"
Snack para gato anti-hairball,Whiskas,Embalagem de 60g,"0,85 €","14,17 €/Kg"
Esfregona de Microfibras Completa,PorSi,1 unidade,"0,89 €","0,89 €/Unidade"
Grão de bico,Compal,Lata de 850g,"2,19 €","2,81 €/Kg"
"Pandorino cacau, 4 unidades",Dulcesol,Embalagem de 240g,"2,05 €","5,13 €/Kg"
Spray de limpeza multiusos free & clear,Seventh Generation,Embalagem de 500 ml,"1,29 €","0,86 €/L"
Tampão Normal,O.B.,1 Embalagem c/32 unidades,"3,99 €","3,99 €/Unidade"
"Jogo ""Quem é quem?""",Hasbro,1 unidade,"27,99 €/Unidade","27,99 €/Unidade"
Dentifríco p/ Dentes de Leite,Aquafresh,Embalagem de 50 ml,"0,99 €","0,99 €/Unidade"
Guardanapos brancos 30x30 cm,PorSi,Embalagem com 100 unidades,"1,29 €","1,29 €/Unidade"
Entremeada salgada,Prisca,Embalagem de 150g,"0,89 €","8,89 €/Kg"
"Máquina Tripla Matrix, + 5 unidades",Labell Men,Uma embalagem,"1,16 €","4,64 €/L"
Spray limpeza casa de banho,Cillitbang,Embalagem de 500 ml,"1,79 €","2,39 €/L"
Pudim flan zero açúcares adicionados,El mandari,Embalagem de 30g,"0,59 €","29,50 €/Kg"
Aguarelas 30mm x 12,Giotto,1 unidade,"3,19 €","3,19 €/Unidade"
Bloco cartolinas brancas A4,Firmo,25 folhas,"1,19 €","1,19 €/Unidade"
Alimento húmido cão gelatina júnior,Pedigree,Embalagem de 400g,"0,75 €","2,50 €/Kg"
Paté de sardinha,PorSi,Embalagem de 4 x 22 g,"1,19 €","13,52 €/Kg"
"Papel Vegetal, 8mt",Fino,1 unidade,"1,11 €","1,11 €/Unidade"
Powerade ice storm,POWERADE,Garrafa de 500 ml,"1,60 €","3,20 €/L"
Fiambre da perna extra fatias finas cuida-t+,Nobre,Embalagem de 110g,"0,97 €","6,49 €/Kg"
8 rissóis de carne,PorSi,Embalagem de 300g,"1,79 €","7,16 €/Kg"
Bolachinhas,Cerelac,Embalagem de 180g,"1,89 €","15,75 €/Kg"
Óleo alimentar,Fula,Embalagem 1L,"3,39 €","3,39 €/L"
Tiras da Costela/Piano,Porco,1 un = 500 gr (aprox.),"3,99 €","3,99 €/Kg"
Mão de vaca com grão,Nobre,Embalagem de 420 g,"2,35 €","5,60 €/Kg"
Vinho tinto regional alentejano,Galitos,Garrafa de 3 l,"9,49 €","1,90 €/L"
Chá verde,Cemporcent,Embalagem de 50g,"0,89 €","59,33 €/Kg"
Jardineira de novilho,PorSi,Embalagem de 400 g,"11,99 €","14,99 €/Kg"
Sacos do lixo perfumado 30 litros,PorSi,15 unidades,"1,89 €","1,89 €/Unidade"
Ice tea pessêgo,Lipton,pack 6 x 0.25 l,"1,14 €","0,76 €/L"
Chá freixo,Cemporcent,Embalagem de 40g,"0,89 €","59,33 €/Kg"
Tira Nódoas Branqueador,Sanytol,embalagem com 450g,"10,99 €","52,33 €/Kg"
Guardanapos de 1 folha azuis | dim.: 30 x 29 cm,PorSi,Embalagem com 70 unidades,"1,29 €","1,29 €/Unidade"
Azeite virgem extra clássico,Gallo,Garrafa de 750 ml,"3,29 €","4,39 €/L"
Collant licra 15d preto l,PorSi,Embalagem de 1 unidades,"1,89 €","1,89 €/Unidade"
Forma de papel para bolos 6. 8cm,PorSi,Embalagem com 60 unidades,"0,89 €","0,89 €/Unidade"
Vinho rosé,Gatão,Garrafa de 0.75 l,"3,19 €","4,25 €/L"
Espinafres salteado com alho,PorSi,Embalagem de 750g,"1,98 €","1,98 €/Kg"
Whisky golden selection,Dimple,Garrafa de 700 ml,"23,99 €","34,27 €/L"
Saqueta de puré de fruta | maçã + banana,PorSi,90 g,"0,74 €","8,22 €/Kg"
Vinho regional alentejano reserva tinto,Encosta das Perdizes,Garrafa de 0.75 l,"2,89 €","3,85 €/L"
Lixivia perfume fresco,Neoblanc,Embalagem de 2 l,"2,59 €","1,30 €/L"
Pictionary Portugal,Mattel,1 un.,"23,99 €/Unidade","23,99 €/Unidade"
Bacalhau Graúdo,Bacalhau da Noruega,1 un = 2.5 kg (aprox.),"8,73 €/Kg","8,73 €/Kg"
Pão de forma sem côdea especial torradas,Panrico,Embalagem de 510g,"0,99 €","1,65 €/Kg"
Anti calcário máquina roupa 2 em 1,PorSi,17 pastilhas,"8,69 €","1,84 €/Kg"
"Cerveja sem álcool, tara perdida",Super Bock,Pack 6 X 0.33 L,"5,99 €","3,03 €/L"
Matraquilhos,Olivo,1 un.,"27,99 €/Unidade","27,99 €/Unidade"
Chocolate culinário,Pantagruel,Embalagem de 200g,"1,04 €","8,32 €/Kg"
Vinho do porto dona antónia reserva tinto,Ferreira,Garrafa de 0.75 l,"9,99 €","13,32 €/L"
Farinha nao láctea bolacha maria,PorSi,Embalagem de 250g,"4,99 €","4,99 €/Kg"
Mexilhões em escabeche,PorSi,Embalagem de 111g,"0,89 €","7,42 €/Kg"
"Cerveja com álcool, tara perdida",Kings Bräu,pack 24 x 0.25 l,"1,99 €/L","1,99 €/L"
Francesinha,PorSi,Embalagem de 450G,"3,99 €","9,98 €/Kg"
"Azeite extra virgem, azeitonas verdes",Oliveira da Serra,Garrafa de 750 ml,"3,29 €","4,39 €/L"
Escova de dentes max white média,Colgate,1 + 1 unidades,"3,49 €","3,49 €/Unidade"
Uva Branca sem grainha,Fruta do Dia,Embalagem de 500 g,"0,75 €","2,99 €/Kg"
Aguardente bagaceira,S.domingos,Garrafa de 1 l,"11,49 €","16,41 €/L"
Vermute Floreale sem Álcool,Martini,Garrafa de 750 ml,"11,99 €","11,99 €/L"
Couve Roxa,Programa Origens,1 un = 1 kg (aprox.),"1,99 €","1,99 €/Kg"
Sementes de abóbora,Cemporcent,Embalagem de 150g,"2,29 €","11,45 €/Kg"
Deo Spray Black & White Active,Nivea,Embalagem de 150 ml,"4,69 €","31,27 €/L"
Creme Depilatório Peles Normais,Veet,Embalagem de 200 ml,"12,99 €","12,99 €/Unidade"
Tira Nódoas Diárias,Iberia,Embalagem de 200 ml,"10,99 €","52,33 €/Kg"
Marmelada,Ferbar,Embalagem de 400g,"1,09 €","2,42 €/Kg"
Leite seleccionado leve,Matinal,Garrafa de 1 l,"0,83 €","0,83 €/L"
Chá de plantas salutem - sene folhas r,Salutem,Embalagem de 40g,"0,89 €","59,33 €/Kg"
Preparado para arroz de marisco,Brasmar,Embalagem de 450 g,"1,79 €","7,16 €/Kg"
Lichias em calda,Koala,Embalagem de 567g,"1,99 €","2,37 €/Kg"
"Chá preto, sem cafeína, 10 saquetas",Tetley,Embalagem de 20g,"41,67 €/Kg","41,67 €/Kg"
Doce de frutos do bosque com frutose,Salutem,Embalagem de 330g,"3,99 €","7,98 €/Kg"
Apara lápis Galactic BLS,Maped,1 unidade,"2,19 €","109,50 €/L"
Dawnut de chocolate,Pastelaria do Dia,1 unidade = 60 g,"0,35 €","0,35 €/Unidade"
Chá verde e hibisco infusão,Cemporcent,Embalagem de 13g,"0,89 €","59,33 €/Kg"
"Toalhetes intimos sensitive, 15 unidades",Dystron,Uma embalagem,"2,89 €","2,89 €/Unidade"
Queijo mini light,Babybel,Embalagem de 12 x 20 g,"2,39 €","19,92 €/Kg"
Café Qalidus XXL,Delta Q,Embalagem com 60 cápsulas,"54,36 €/Kg","54,36 €/Kg"
Rebuçados mini café,PorSi,Embalagem de 200g,"1,15 €","4,60 €/Kg"
Flocos de batata para puré,PorSi,Embalagem de 500g,"1,98 €","1,98 €/Kg"
Chá boldo,Cemporcent,Embalagem de 40g,"0,89 €","59,33 €/Kg"
"Chave de Fenda Cabo Bimat, 3.0x75mm",Itools,1 unidade,"5,99 €","5,99 €/Unidade"
Peluche George,Peppa Pig,50 cm,"27,99 €/Unidade","27,99 €/Unidade"
Farinheira de Sousel,PorSi,1 un = 120 g (aprox.),"1,49 €","7,45 €/Kg"
Arroz de pato,PorSi,Embalagem de 250 g,"2,35 €","5,60 €/Kg"
Máscara Exfoliante Vermelha,L' Oreal,Embalagem de 50 ml,"0,76 €","0,76 €/Unidade"
Arroz vaporizado,PorSi,Embalagem de 1 kg,"1,26 €","1,26 €/Kg"
Cerveja com álcool,Sagres,Lata de 500ml,"1,99 €/L","1,99 €/L"
"Iogurte actimel, morango",Danone,Embalagem de 12 x 100 g,"4,15 €/Kg","4,15 €/Kg"
"Leite bem essencial, morango",Mimosa,Embalagem de 200 ml,"1,99 €","2,49 €/L"
Eau de Toilette p/Senhora Nº32,Caravan,1 Frasco 150ml,"11,99 €","79,93 €/L"
Alimento lácteo sem açucar com sabor a morango/banan...,Yogolino,Embalagem de 4 x 100 gr,"2,89 €","7,23 €/Kg"
Vinho maduro tinto doc alentejano,P.ravessa,Garrafa de 750 ml,"2,89 €","3,85 €/L"
Amendoim pedaços,Cemporcent,Embalagem de 510g,"3,99 €","7,98 €/Kg"
Café em cápsulas  qonvictus,Delta Q,Embalagem de 55 g,"54,36 €/Kg","54,36 €/Kg"
Nuggets de frango,PorSi,Embalagem de 360 g,"9,30 €/Kg","9,30 €/Kg"
Vinho verde branco,Torre de menagem,"Garrafa de 0,75 l","1,99 €","2,65 €/L"
Recarga Esfregona Premium 2 em 1,Vileda,1 unidade,"0,89 €","0,89 €/Unidade"
Miúdos,Frango,1 un = 250 gr  (aprox.),"0,60 €","5,99 €/Kg"
Café 5 estrelas moído tradição,Sical,Embalagem de 250g,"9,76 €/Kg","9,76 €/Kg"
Bolachas digestive aveia e laranja,Gullon,Embalagem de 430g,"1,19 €","5,95 €/Kg"
Sobremesa danette chocolate,Danone,Embalagem de 4 x 125 g,"2,39 €","10,48 €/Kg"
Whiskey Bourbon Gentleman Jack,Jack Daniel's,"Garrafa de 0,70L c/ Oferta 1 Copo","23,99 €","34,27 €/L"
Chá de infusão salutem nº 19 - rooibos (chá vermelho...,Salutem,Embalagem de 15g,"0,89 €","59,33 €/Kg"
Batata frita camponesa,PorSi,Embalagem de 175 g,"1,18 €","6,38 €/Kg"
Toalhitas de Proteção Cor,K2R,Embalagem de 20 un.,"10,99 €","52,33 €/Kg"
Espumosos tinto bruto attitude,Fita azul,Garrafa 0.75L,"3,99 €","5,32 €/L"
Sumo natural de maçã bio,Cemporcent,Garrafa de 1 l,"1,32 €","2,06 €/L"
Mistura solúvel bolero,Nestle,Embalagem de 200g,"0,79 €","3,16 €/Kg"
Chá de infusão salutem nº 04 - proaçúcar 10 saquetas,Salutem,Embalagem de 15g,"0,89 €","59,33 €/Kg"
Massa folhada margarina,PorSi,Embalagem de 230 g,"0,99 €","4,30 €/Kg"
Massa macarronete riscado,PorSi,Embalagem de 500g,"0,99 €","1,98 €/Kg"
Chá de infusão salutem nº 34 - chá branco 10 saqueta...,Salutem,Embalagem de 15g,"0,89 €","59,33 €/Kg"
Creme de feijão c/ espinafres,Sopas Graciete,Garrafa de 400 ml,"1,25 €","3,13 €/Kg"
Massa de cotovelinhos,PorSi,Embalagem de 500g,"0,99 €","1,98 €/Kg"
Creme vegetal culinário,Vaqueiro,Embalagem de 250 g,"1,99 €","3,98 €/Kg"
Veggie bowls quinoa & abóbora 350g,Iglo green,Embalagem de 350g,"1,89 €","6,30 €/Kg"
10 saquetas infusão de camomila,Lipton,Embalagem de 10g,"0,89 €","68,46 €/Kg"
Cabo de metal com rosca,PorSi,1.35 m,"2,20 €","2,20 €/Unidade"
Tomate Alongado,Programa Origens,1 un = 200 gr (aprox.),"0,46 €","2,29 €/Kg"
Pasta de sardinha,Fides,Embalagem de 90g,"1,19 €","13,52 €/Kg"
Gelatina light de ananás,Condi,Embalagem de 2x15g,"0,55 €","61,11 €/Kg"
Farinheira do Ribatejo,PorSi,Embalagem de 180g,"1,49 €","7,45 €/Kg"
Bebida energética ripper,Monster,Garrafa de 500 ml,"1,60 €","3,20 €/L"
Fruta para bebé multifrutas +4 meses,Nestle,Embalagem de 90g,"0,74 €","8,22 €/Kg"
Champô maçã,H&S,340 ml,"5,99 €","14,98 €/L"
Creme de cenoura,PorSi,Embalagem de 400 g,"1,25 €","3,13 €/Kg"
Eau de Toilette p/Senhora Nº2,Caravan,1 Frasco 150ml,"11,99 €","79,93 €/L"
Desengordurante de Vitrocerâmica/Indução 3 em 1 |Spr...,Vitroclen,Embalagem de 450 ml,"1,79 €","2,39 €/L"
Lava tudo marinho,Cif,"Garrafa de 1,4 l","0,99 €","0,50 €/L"
Bidão,GoldNutrition,Capacidade: 800 ml,"6,99 €","6,99 €/Unidade"
Bolachas chiquilin energy,Artiach,Embalagem de 200g,"1,69 €","6,76 €/Kg"
Liégeois Sobremesa de Café,Páturages,Embalagem de 4x100 g,"0,55 €","2,75 €/Kg"
Fraldas agility T4 de 9 a 15 kg,PorSi,50 unidades,"6,49 €","6,49 €/Unidade"
Pudim de ananás,Boca Doce,Embalagem de 20g,"0,59 €","29,50 €/Kg"
Filetes de pescada,Pescanova,Embalagem de 400g,"3,99 €","9,98 €/Kg"
Snack gato sticks salmao 6x5g,PorSi,Embalagem de 30g,"0,85 €","14,17 €/Kg"
Salva Camas 60 x 60 cm,PorSi,Embalagem com 20 un.,"4,99 €","4,99 €/Unidade"
Barras de cereais golden grahams,Nestle,Embalagem de 150g,"1,29 €","10,24 €/Kg"
Dourada de Viveiro,Peixe do Dia,de 600 a 800g,"6,49 €/Kg","6,49 €/Kg"
Desinfetante em gel c/ lixívia,Cif,Garrafa de 750 ml,"2,79 €","3,99 €/L"
Lip Gloss #330,Rimmel,1 unidade,"1,15 €","4,60 €/L"
Moscatel roxo c/ caixa,Pioneiro,Garrafa de 750 ml,"5,99 €","7,99 €/L"
Refrigerante de cola zero,PorSi,Garrafa de 2 l,"0,40 €/L","0,40 €/L"
Preparado para bolo de laranja,B.neve,Embalagem de 450g,"2,05 €","5,13 €/Kg"
Fermento em po 4x25g,PorSi,Embalagem de 100g,"1,89 €","17,18 €/Kg"
Comida húmida para cão de frango e arroz,PorSi,Lata de 400 g,"0,75 €","2,50 €/Kg"
Tomate  67/82,Legumes do Dia,1 un = 150 gr (aprox.),"0,46 €","2,29 €/Kg"
Alimento húmido para cão vaca,Pedigree,Embalagem de 300g,"0,75 €","2,50 €/Kg"
Bebida amêndoa torrada sem açúcar,Alpro,Embalagem de 1 litro,"2,49 €","2,49 €/L"
Spray Casa Banho Anti Fungos,Pattex,Embalagem 500ML,"1,79 €","2,39 €/L"
Queijo fatias -50% de gordura,Limiano,Embalagem de 400g,"1,96 €","9,80 €/Kg"
Fraldas Bebé Seco T3 | 6-10 Kg,Dodot,Embalagem com 62 un.,"6,49 €","6,49 €/Unidade"
"Cereais crusts, amêndoas e mel",PorSi,Embalagem de 380g,"2,29 €","6,11 €/Kg"
Chá infusão nº1 relaxplus,Cemporcent,Embalagem de 13g,"0,89 €","59,33 €/Kg"
Caldeirada de peixe ultracongelada,Brasmar,Embalagem de 700g,"1,79 €","7,16 €/Kg"
Unicórnio mágico luky,Concentra,1 unidade,"27,99 €/Unidade","27,99 €/Unidade"
Bolacha waffer cacau,Waferland,Embalagem de 175g,"0,98 €","4,67 €/Kg"
Sopa de legumes,PorSi,800 g,"1,25 €","3,13 €/Kg"
Salsichas de soja,Cemporcent,Embalagem de 390g,"3,99 €","10,23 €/Kg"
Farinha para bolos super fina,PorSi,Embalagem de 1 kg,"1,99 €","1,99 €/Kg"
Vinagre balsâmico,PorSi,Embalagem de 250 ml,"0,35 €","0,70 €/L"
Puré de batata,Maggi,Embalagem de 250g,"1,99 €","1,99 €/Kg"
Refrigerante c/ gás,Coca-Cola,pack 2 x 1.75 l,"0,40 €/L","0,40 €/L"
Queijo creme de ervas finas,Philadelph,Embalagem de 150g,"2,05 €","16,40 €/Kg"
Espumante cava meio seco reserva,Freixenet,Garrafa de 750 ml,"8,49 €","11,32 €/L"
"Refrigerante com gás, laranja, lata",Fanta,pack 6 x 0.33 l,"0,40 €/L","0,40 €/L"
"Refresco em pó, manga",PorSi,Embalagem de 40g,"0,75 €","18,75 €/Kg"
Queijo Curado de Cabra,Mourisca,Vendido ao peso a partir de 250 gr,"1,89 €","10,50 €/Kg"
Tesoura koopy 13cm,Maped,1 unidade,"1,29 €","1,29 €/Unidade"
Bolachas com duplo creme,Oreo,Embalagem de 190g,"0,79 €","4,49 €/Kg"
Óleo Performa 10W40,Galp,Embalagem de 1 l,"14,99 €","14,99 €/L"
Mamão,Fruta do Dia,"1 un = 1,5 kg (aprox.)","2,29 €/Kg","2,29 €/Kg"
Queijo Curado kg,Castelões,1 un = 250 gr  (aprox.),"25,45 €/Kg","25,45 €/Kg"
Pêssego Vermelho,Fruta do Dia,1 un = 140 gr (aprox.),"0,50 €","1,99 €/Kg"
Queijo mascarpone,Páturages,Embalagem 250G,"1,69 €","6,76 €/Kg"
Chá erva príncipe planta,Cemporcent,Embalagem de 50g,"0,89 €","59,33 €/Kg"
Molho bechamel,PorSi,Embalagem de 200g,"0,87 €","2,90 €/Kg"
Shampo automóvel laranja,PorSi,Embalagem de 5 l,"3,99 €","0,80 €/L"
Trinca de arroz,PorSi,Embalagem de 1 kg,"1,15 €/Kg","1,15 €/Kg"
Ice tea de limão,PorSi,"Embalagem de 6x0,20 l","1,14 €","0,76 €/L"
Tira nódoas oxy limpa a seco sem deixar manchas,PorSi,Embalagem de 200 ml,"10,99 €","52,33 €/Kg"
Papel Fotocópia A4 |80g,Navigator,,"2,19 €","109,50 €/L"
Chá verde menta,PorSi,Embalagem de 43.7 g,"0,99 €","23,02 €/Kg"
Película aderente,Vileda,embalagem com 50 m,"1,11 €","1,11 €/Unidade"
"Dentífrico Senses Melancia, Pepino e Menta",Aquafresh,75 ml,"2,39 €","31,87 €/L"
Queijo Brie Light Cunhas,President,Embalagem de 200 g,"2,39 €","19,92 €/Kg"
Iogurte com Cereais Activia,Danone,Embalagem 4x115g,"3,21 €/Kg","3,21 €/Kg"
Sumo 100% maçã,PorSi,pack 3 x 200 ml,"1,09 €","0,73 €/L"
6 Salsichas Frescas Chipolatas com Ervas,PorSi,330 g,"0,30 €","5,99 €/Kg"
Chouriço cebola beiras,PorSi,Embalagem de 300g,"1,14 €","5,70 €/Kg"
Batata pré-frita palitos finos,PorSi,Embalagem de 1 kg,"1,39 €","1,39 €/Kg"
Refrigerante c/ gás de laranja zero,Fanta,"Garrafa de 1,5 l","0,40 €/L","0,40 €/L"
Bebida de soja sem acucar 1l,Alpro,Embalagem de 1L,"2,49 €","2,49 €/L"
Choco limpo 20/40,PorSi,Embalagem de 800 g,"5,49 €","6,86 €/Kg"
Amendoim com Casca,PorSi,Embalagem de 500g,"0,79 €","3,95 €/Kg"
Sumo 100% laranja,PorSi,Pack 3 x 200 ml,"1,09 €","0,73 €/L"
Feijao verde redondo,PorSi,Embalagem de 400g,"1,98 €","1,98 €/Kg"
Batido diet iogurte e ananás,Forma+s,Embalagem de 700g,"1,99 €","45,23 €/Kg"
Limpa Moveis Lavanda,Pronto,300 ml,"4,39 €","14,63 €/L"
Azeite virgem extra,Ouro elvas,Garrafa de 750 ml,"3,29 €","4,39 €/L"
Barras cereais chocapic,Nestle,Embalagem de 150g,"1,29 €","10,24 €/Kg"
Pastilhas café lote chávena,Delta,Embalagem de 110g,"54,36 €/Kg","54,36 €/Kg"
After shave gold,Denim,Embalagem de 100 ml,"1,16 €","4,64 €/L"
Fidget Toys,Science4You,1 unidade,"23,99 €/Unidade","23,99 €/Unidade"
Leite de transição Optipro 2 +6 meses,NAN,Embalagem de 800g,"23,99 €","29,99 €/Kg"
Snack chocolate leite,Kit kat,Embalagem de 125g,"0,99 €","9,90 €/Kg"
"Anti-calcário em pó, máquina roupa",PorSi,Embalagem de 800g,"10,99 €","52,33 €/Kg"
Limpa móveis cera abelhas,PorSi,Frasco de 300ml,"4,39 €","14,63 €/L"
"Jogo ""Paga e Cala""",Majora,1 unidade,"23,99 €/Unidade","23,99 €/Unidade"
Azeite virgem extra reserva,Gallo,Garrafa de 750 ml,"3,29 €","4,39 €/L"
C surtido cuetara 420gr.              *8,Cuetara,Embalagem de 420g,"10,29 €/Kg","10,29 €/Kg"
Caldo Verde,Sopas Portuguesas,Embalagem de 400 ml,"1,25 €","3,13 €/Kg"
Queijo fatiado cheddar,PorSi,Embalagem de 150 g,"1,96 €","9,80 €/Kg"
Spray wc anticalcário,PorSi,embalagem de 750 ml,"1,79 €","2,39 €/L"
Pasta dentífrica 1 2 3,Oral B,Embalagem de 75 ml,"2,39 €","31,87 €/L"
Borracha para desenho técnico,Domédia,1 unidade,"4,69 €","4,69 €/Unidade"
Café moagem universal brasil,Delta,Embalagem de 220g,"9,16 €/Kg","9,16 €/Kg"
Farinha de trigo integral,Cemporcent,Embalagem de 500g,"2,29 €","11,45 €/Kg"
Leite seleccionado magro,Matinal,Garrafa de 1 l,"0,83 €","0,83 €/L"
Canela em pau,PorSi,Saqueta de 30 g,"0,25 €","0,25 €/Kg"
Caçarola Alumínio Anti-Aderente 24Cm,PorSi,1 unidade,"9,99 €","9,99 €/Unidade"
Cerveja c/ álcool mini,Super Bock,Pack 15 x 0.20 L,"1,99 €/L","1,99 €/L"
Pastilhas peppermint,CHICLETS,Embalagem de 17 g,"0,68 €","45,33 €/Kg"
"Cotonetes, 100 unidades",Johnson's Baby,1 embalagem,"4,39 €","21,95 €/L"
Gambão 20/30,Marisco Congelado,Vendido a partir de 250 (aprox.),"2,00 €","7,99 €/Kg"
Bacalhau espiritual,PorSi,Embalagem de 300g,"1,79 €","7,16 €/Kg"
Chai original infusão,Cemporcent,Embalagem de 13g,"0,89 €","59,33 €/Kg"
Almofada royal,Bestway,1 un.,"14,99 €","14,99 €/Unidade"
Chá solúvel camomila,Cemporcent,Embalagem de 45g,"0,89 €","59,33 €/Kg"
Iogurtes magros aroma manga,PorSi Viva Bem,Embalagem de 6 x 125 g,"1,09 €","1,45 €/Kg"
Sidra frutos vermelhos,Somersby,pack 4 x 0.33 l,"1,59 €","3,18 €/L"
Queijo curado -30% gordura,Casteloes,500 g,"25,45 €/Kg","25,45 €/Kg"
Queijo de Ovelha Curado Apimentado,PorSi,,"4,62 €","18,49 €/Kg"
Leite com chocolate sem lactose,Ucal,Embalagem de 6 x 250 ml,"0,99 €","0,99 €/L"
Leite uht meio gordo,PorSi,Embalagem com rosca de 1 l,"0,83 €","0,83 €/L"
Pasta de açúcar bege,PorSi,250 g,"1,49 €","1,49 €/Kg"
Crepe simples,PorSi,Embalagem de 630g,"2,57 €","7,79 €/Kg"
Açúcar mascavado,PorSi,Embalagem de 500g,"1,49 €","1,49 €/Kg"
Ambientador arbremagique baunilha,Arbre Magique,1 unidade,"3,49 €","3,49 €/Unidade"
Moscatel de Douro Reserva,Favaios,Garrafa de 0.75 l,"5,99 €","7,99 €/L"
4 hamburguers frango s/ glúten,Capitão Iglo,Embalagem de 240g,"11,44 €/Kg","11,44 €/Kg"
Azeite virgem clássico,PorSi,Garrafa de 750 ml,"3,29 €","4,39 €/L"
Arroz integral,PorSi Viva Bem,Embalagem de 1 kg,"1,99 €","3,98 €/Kg"
"Pensos tecido, resistentes à água, 10 unidades",Hansaplast,1 embalagem,"0,59 €","1,18 €/L"
Miolo de camarão 50/70,H2Gelo,Embalagem de 250  g,"8,99 €","25,69 €/Kg"
Batata pré-frita rodelas para saltear,PorSi,Embalagem de 1 kg,"1,39 €","1,39 €/Kg"
Colchonete em Espuma,Saurium,"Dim.: 180x60x1,2 cm","6,99 €","6,99 €/Unidade"
Feijão vermelho,Caçarola,Embalagem de 500 g,"0,95 €","1,90 €/Kg"
Mirtilo,Fruta Embalada,Embalagem com 125g,"2,19 €","17,52 €/Kg"
Alimento seco p/ cão raça pequena,PorSi Select,Embalagem de 3kg,"1,15 €/Kg","1,15 €/Kg"
Limpa Estofos de Pele,PorSi,Embalagem de 1 l,"3,99 €","0,80 €/L"
"Jogo ""8 em 1""",Clementoni,1 unidade,"27,99 €/Unidade","27,99 €/Unidade"
Pão de forma sem côdea,Panrico,Embalagem de 650g,"0,99 €","1,65 €/Kg"
Whiskey bourbon,J.daniels,Garrafa de 700 ml,"23,99 €","34,27 €/L"
Arroz de pato,PorSi,Embalagem de 400g,"3,99 €","9,98 €/Kg"
Camarão selvagem de Madagáscar 60/80,*,Vendido ao peso,"2,00 €","7,99 €/Kg"
8 salsichas bockwurst,PorSi,1 Frasco 720G,"0,75 €","3,75 €/Kg"
Tablete triple caramelo,Milka,Embalagem de 90g,"5,30 €/Kg","5,30 €/Kg"
Barras de cereais fitness crunchy & caramelo,Nestle,Embalagem de 140g,"1,29 €","10,24 €/Kg"
Chá de infusão salutem nº 24 - hipericão 10 saquetas,Salutem,Embalagem de 15g,"0,89 €","59,33 €/Kg"
Azeite virgem extra seleção,PorSi,Garrafa de 250 ml,"3,29 €","4,39 €/L"
"Papel higiénico super, folha dupla, 24 rolos",Renova,Uma embalagem,"1,99 €","1,99 €/Unidade"
Arroz carolino,PorSi,Embalagem de 1 kg,"1,26 €","1,26 €/Kg"
Chupeta latex suave + 4 meses,Neo Baby,Embalagem com 2 unidades,"5,99 €","5,99 €/Unidade"
Gel ativo com lixívia,PorSi,Embalagem de 1.5 l,"1,29 €","0,86 €/L"
Massa bagos,PorSi,Embalagem de 250g,"0,99 €","1,98 €/Kg"
Massas espirais tricolores,PorSi,Embalagem 500G,"0,99 €","1,98 €/Kg"
Mistura sol sem café granulado,PorSi,Embalagem de 200g,"0,79 €","3,16 €/Kg"
Refrigerante C/ Gás Zero,Coca-Cola,Garrafa de 1 l,"0,40 €/L","0,40 €/L"
Pilhas Alcalinas AAA Optimum,Duracell,Blister 4 Pilhas,"1,75 €","1,75 €/Unidade"
Café solúvel creme,Delta,Embalagem de 80 g,"14,50 €/Kg","14,50 €/Kg"
Batatas fritas lisas originais,Lay's,Embalagem de 282g,"1,01 €","5,46 €/Kg"
Vinho do Porto Dona Antónia 10 Anos,Ferreira,Garrafa de 0.75L c/ Oferta 2 Copos,"9,99 €","13,32 €/L"
Dentifrico Sensitive Multiproteção,Colgate,Embalagem 75 ml,"2,39 €","31,87 €/L"
Iogurte líquido morango,PorSi,Embalagem de 4 x 160 g,"1,31 €","2,05 €/Kg"
Iogurte liquido sem lactose natural açucarado,PorSi Viva Bem,Embalagem de 4 x 160 g,"3,21 €/Kg","3,21 €/Kg"
Marmelada sem conservantes,PorSi,Embalagem de 500g,"1,09 €","2,42 €/Kg"
Soquete licra 15d preto t. único,PorSi,2 unidades,"1,89 €","1,89 €/Unidade"
Rosas de açúcar,Vahine,Embalagem de 2g,"1,29 €","3,23 €/Kg"
Chá hibisco planta,Cemporcent,Embalagem de 50g,"0,89 €","59,33 €/Kg"
"Inseticida, recarga, elétrico, pack 2",Raid,1 embalagem com 2x27ml,"7,69 €","7,69 €/Unidade"
Gelatina light manga e laranja,Condi,Embalagem de 2x15 g,"0,55 €","61,11 €/Kg"
Presunto fatiado,PorSi,Embalagem de 200g,"2,59 €","12,95 €/Kg"
Vinho regional lisboa reserva tinto,Marginal,Garrafa de 0.75 l,"4,99 €","6,65 €/L"
Confetis 80 gr sortido,Mercagranel,Embalagem de 80 gr,"0,54 €","0,54 €/Unidade"
Abacate,Fruta do Dia,1 un. = 300 g (aprox.),"2,29 €/Kg","2,29 €/Kg"
Romã,Programa Origens,1 un = 250 gr  (aprox.),"1,89 €/Kg","1,89 €/Kg"
Chouriço corrente,PorSi,Embalagem de 200 g,"1,14 €","5,70 €/Kg"
Alimento lácteo cereais e bolachas maria +6 meses,Yogolino,Embalagem de 4 x 100 g,"2,89 €","7,23 €/Kg"
Bolachas waffers morango,PorSi,Embalagem de 210g,"0,98 €","4,67 €/Kg"
Gelatina de ananás,Koala,Embalagem de 130g,"0,85 €","2,13 €/Kg"
Tablete chocolate chips ahoy,Milka,Embalagem de 100g,"5,30 €/Kg","5,30 €/Kg"
Semente papoila,Salutem,Embalagem de 125g,"2,29 €","11,45 €/Kg"
Bebida de Amêndoa,PorSi Viva Bem,1 litro,"1,32 €","2,06 €/L"
Carcaça Rústica 70 g,Pão do Dia,,"0,19 €","2,38 €/Kg"
Caldo verde sem batata,PorSi Viva Bem,Embalagem de 400 g,"1,25 €","3,13 €/Kg"
Filetes primavera sementes de quinoa,Iglo,Embalagem de 250 g,"1,79 €","7,16 €/Kg"
Petit gateau morango 4x80g,PorSi,Embalagem de 320g,"2,57 €","7,79 €/Kg"
Miolo de Pinhão,PorSi,Embalagem de 125 g,"1,65 €","12,69 €/Kg"
Atum posta em azeite,PorSi,Embalagem de 120g,"0,89 €","7,42 €/Kg"
Cerveja c/ álcool,Sagres,pack 15 x 0.33 l,"1,99 €/L","1,99 €/L"
"Comida húmida para cão júnior com frango, cenoura em...",Friskies,Embalagem de 100g,"0,75 €","2,50 €/Kg"
Snack maçã verde desidratada,PorSi,Embalagem de 35g,"1,65 €","12,69 €/Kg"
Nuggets de frango grelhadinho,Capitão Iglo,Embalagem de 200g,"9,30 €/Kg","9,30 €/Kg"
Pensos resistentes à água,PorSi,Embalagem com 15 unidades,"0,59 €","1,18 €/L"
Vinho maduro branco,Ala dos namorados,Garrafa de 75 cl,"2,12 €/L","2,12 €/L"
"Jogo ""Quem Sou Eu?""",Concentra,1 unidade,"7,99 €","7,99 €/Unidade"
Manteiga com sal cuvete,LORETO,Embalagem de 250g,"1,89 €","7,56 €/Kg"
Vela em número nª2,PorSi,1 unidade,"0,60 €","0,60 €/Unidade"
Leite desmaquilhante para peles secas,Labell,Embalagem de 250 ml,"1,15 €","4,60 €/L"
Pizza hawai,PorSi,Embalagem de 350g,"2,16 €","6,17 €/Kg"
Chá de frutos vermelhos,Tetley,Embalagem de 30g,"48,33 €/Kg","48,33 €/Kg"
Vmt reg alentejano 0.75l,T.xisto,Garrafa de 750 ml,"2,89 €","3,85 €/L"
Creme proteção de gengivas,Polident,Embalagem de 40 g,"7,39 €","105,57 €/Kg"
Vermute rosso,Martini,Embalagem de 10x6 cl,"4,99 €","7,13 €/L"
"Lixívia para roupa, azul, tradicional",Neoblanc,Embalagem de 1 l,"1,74 €","0,35 €/L"
Café moagem normal: intenso,Buondi,Embalagem de 220g,"9,76 €/Kg","9,76 €/Kg"
Tomate inteiro pelado,PorSi,Embalagem de 390 g,"2,19 €","2,81 €/Kg"
Atum posta em azeite,Bom petisc,Embalagem de 120 g,"0,89 €","7,42 €/Kg"
Grão de bico,Legumes secos,1 un = 100 gr. (aprox.),"0,38 €","3,75 €/Kg"
Iogurte activia líquido cereais,Danone,Embalagem de 4 x 155 g,"3,21 €/Kg","3,21 €/Kg"
Iogurte activia líquido morango,Danone,Embalagem de 4 x 155 g,"3,21 €/Kg","3,21 €/Kg"
Fruta para bebé 4 frutas +4 meses,Nestle,Embalagem de 90g,"0,74 €","8,22 €/Kg"
Limpa máquinas de roupa tripla ação,PorSi,Embalagem de 250 ml,"8,69 €","1,84 €/Kg"
Lava tudo antibacteriano marinho,PorSi,Garrafa de 1.5 l,"0,99 €","0,50 €/L"
Pano Suave C/ Microfibras,Vileda,2 + 1 Un. Grátis,"1,79 €","1,79 €/Unidade"
Café dak lak vietnam moagem universal,Sical,Embalagem de 220g,"9,76 €/Kg","9,76 €/Kg"
Luvas Universal Pequeno/Médio,Vileda,1 unidade,"2,40 €","2,40 €/Unidade"
Bolo Brigadeiro 800 g,Pastelaria do Dia,,"8,99 €","11,24 €/Kg"
Petit gâteau,PorSi,Embalagem de  4 x 80 g,"2,57 €","7,79 €/Kg"
Chá infusão videira vermelha,Cemporcent,Embalagem de 13g,"0,89 €","59,33 €/Kg"
Feijão frade,Compal,Lata de 410 ml,"2,19 €","2,81 €/Kg"
Cerveja 0.0%,Sagres,Lata 0.33 l,"5,99 €","3,03 €/L"
50 nuggets de frango,Capitão Iglo,Embalagem de 1042g,"2,79 €","8,72 €/Kg"
Nestum zero arroz,Nestum,Embalagem de 250 g,"4,99 €","4,99 €/Kg"
Refrigerante com gás de laranja,Sumol,"Garrafa de 1,25 l","0,40 €/L","0,40 €/L"
Esfregão de fibra com cabo depósito com detergente,Fino,embalagem com 5 un. + 1 un.,"0,79 €","0,79 €/Unidade"
Biscottina com alho e salsa,RUSTICA,Embalagem de 100 g,"2,39 €","6,83 €/Kg"
Sacos do lixo wc 5 litros,PorSi,30 sacos,"1,89 €","1,89 €/Unidade"
Máscara Olhos Brow Drama Medium,Maybelline,1 unidade,"1,15 €","4,60 €/L"
Chouriço fatiado,Campofrio,Embalagem de 80g,"0,95 €","9,49 €/Kg"
Bolachas galettes bretonnes,Chabrior,Embalagem de 125 g,"1,69 €","6,76 €/Kg"
Queijo meio gordo fatias,Paiva,Embalagem de 180g,"1,96 €","9,80 €/Kg"
Fralda Cueca Activity Extra Tamanho 5,Dodot,Embalagem com 40 uni.,"8,49 €","8,49 €/Unidade"
Molho de alho,Calve,Embalagem de 260g,"0,87 €","2,90 €/Kg"
Limpa Móveis,PorSi,Embalagem de 300 ml,"4,39 €","14,63 €/L"
Cranberry desidratado,Salutem,Embalagem de 100g,"3,99 €","10,23 €/Kg"
Azeite de moura virgem extra bio,PorSi Bio,Garrafa de 500 ml,"3,29 €","4,39 €/L"
Pão Centeio com Nozes,Garcia & Filhos,1 unidade= 400 g,"0,19 €","2,38 €/Kg"
Pilhas recarregáveis C HR14 2600mAh,Domédia,Embalagem com 2 unidades,"1,75 €","1,75 €/Unidade"
Iogurte liquido infantil morango,PorSi,Embalagem de 6 x 94 ml,"1,31 €","2,05 €/Kg"
Sardinha Congelada,Peixe Congelado,1 un = 250 gr  (aprox.),"3,99 €/Kg","3,99 €/Kg"
Tesoura essencial soft 21 cm,Maped,unidade,"2,19 €","109,50 €/L"
Fruta para bebé maçã banana +4 meses,Nestle,Embalagem de 4 x 100 g,"0,74 €","8,22 €/Kg"
Manteiga magra,PorSi,Embalagem de 250g,"1,89 €","7,56 €/Kg"
Escova dentifrica 360º advanced média,Colgate,1 unidade,"3,49 €","3,49 €/Unidade"
Queijo de vaca curado amanteigado,PorSi,+/- 550 g,"25,45 €/Kg","25,45 €/Kg"
Gel de banho naturals amêndoa e leite,Palmolive,500 ml,"4,49 €","8,98 €/L"
Ultra Picante Tex-Mex,Doritos,Embalagem de 140g,"1,65 €","12,69 €/Kg"
8 salsicha soja,Izidoro,Embalagem de 180g,"2,09 €","8,36 €/Kg"
Miolo de amêndoa sem pele inteira,PorSi,200 g,"0,79 €","3,95 €/Kg"
Fio dentário fluór+menta 50m,Labell,1 unidade,"3,49 €","3,49 €/Unidade"
Gelatina ananás 8 kcal,PorSi,Embalagem de 4 x 100 g,"0,85 €","2,13 €/Kg"
Coloração Permanente Castanho Chocolate |3.65,Palette,,"9,49 €/Unidade","9,49 €/Unidade"
Tablete de chocolate culinário branco,PorSi,Embalagem de 180 g,"0,99 €","9,90 €/Kg"
Maionese magra em frasco,Hellmman's,Embalagem de 460g,"0,87 €","2,90 €/Kg"
Spray bolor e sujidade,Cillitbang,Garrafa de 500 ml,"1,29 €","0,86 €/L"
Iogurte fruta batida pera,Mimosa,Embalagem de 480g,"1,49 €","2,98 €/Kg"
Ovos Frescos Classe M,PorSi,12 unidades,"1,59 €","1,59 €/Unidade"
Camarão cozido 60/95,PorSi,Vendido ao peso a partir de 500 g,"3,60 €","11,99 €/Kg"
Chá pés de cereja,Cemporcent,Embalagem de 45g,"0,89 €","59,33 €/Kg"
Chocolate negro 72% cacau,Cemporcent,Embalagem de 100g,"2,89 €","23,12 €/Kg"
Mistolin advanced lixívia,Mistolin,Garrafa de 500 ml,"1,79 €","2,39 €/L"
Chá zimbro,Cemporcent,Embalagem de 50g,"0,89 €","59,33 €/Kg"
"Briochoco, 4 unidades",Dulcesol,Embalagem de 160g,"2,05 €","5,13 €/Kg"
Puzzle Baby Shark,Clementoni,2 x 20 peças,"5,99 €/Unidade","5,99 €/Unidade"
Lixívia Gel Brisa Marítima,Neoblanc,Embalagem de 700ml,"2,59 €","1,30 €/L"
Lava Tudo Perfumado Herbal,PorSi,Embalagem de 2 l,"0,99 €","0,50 €/L"
Queijinho petit nesquik,Nestle,Embalagem de 6 x 60 g,"1,05 €","1,86 €/L"
Cordon bleu,Iglo,Embalagem de 200g,"4,99 €","24,95 €/Kg"
Alface Roxa,Programa Origens,1 un= 400 g ( aprox.),"1,04 €","2,59 €/Kg"
Lixívia WC Gel Higienizante,Neoblanc,Embalagem de 700ml,"2,59 €","1,30 €/L"
Braçadeiras Unicórnio,Mondo,1 Embalagem,"32,99 €","32,99 €/Unidade"
Massas alimentícias laços,PorSi,Embalagem de 500g,"0,99 €","1,98 €/Kg"
"Croissants com recheio de cacau, 5 unidades",Dulcesol,Embalagem de 230g,"2,05 €","5,13 €/Kg"
Máquina Descartável Depilatória Venus Plus,Gillette,4 un. + 2 grátis,"5,49 €","5,49 €/Unidade"
Saqueta de puré de fruta | maçã + manga + pêssego,PorSi,90 g,"0,74 €","8,22 €/Kg"
Tablete de chocolate culinário 70% negro,PorSi,Embalagem de 200 g,"1,04 €","8,32 €/Kg"
Infusão hipericão,Cemporcent,Embalagem de 10 unidades,"0,89 €","68,46 €/Kg"
Pensos incontinência homem,PorSi,10 unidades,"1,95 €","1,95 €/Unidade"
2 crocantes frango  recheio alho&ervas 204g,Iglo,Embalagem de 200g,"4,99 €","24,95 €/Kg"
"Pasta dentífrica, proteção branqueador",Labell,Embalagem de 75 ml,"2,39 €","31,87 €/L"
Ambientador vela odor cozinha,PorSi,1 unidade,"2,53 €","2,53 €/Unidade"
Vela com número nº 0,PorSi,1 unidade,"0,60 €","0,60 €/Unidade"
Chá solúvel apetite control,Cemporcent,Embalagem de 50g,"0,89 €","59,33 €/Kg"
Limpa Estofos de Tecido,PorSi,Embalagem de 1 l,"3,99 €","0,80 €/L"
Esfregona tiras completa,PorSi,1 unidade,"0,79 €","0,79 €/Unidade"
Pipoca doce para  microondas,PorSi,Embalagem de 300g,"1,65 €","12,69 €/Kg"
Caldo carne 16 cubos,Knorr,Embalagem de 160g,"3,84 €","24,00 €/Kg"
Gel de banho nourishing,Dove,Embalagem de 500 ml,"6,39 €/L","6,39 €/L"
Vinho do porto lágrima branco,R.pinto,Garrafa de 750 ml,"11,99 €","15,99 €/L"
"Iogurte sabor morango, banana e tutti frutti",Danone,Embalagem de 8 x 120 g com 1 grátis,"1,87 €","1,25 €/Kg"
Polaretti magic milk micro esferas solúveis sabor ch...,Dolfin,Embalagem de 30g,"6,64 €/Kg","6,64 €/Kg"
Mistura para carnes,PorSi,Embalagem de 40g,"0,25 €","0,25 €/Kg"
Bloco sanitário de flores/lavanda,Harpic,Embalagem de 38 g,"5,49 €","5,49 €/Unidade"
Ameijoa Branca Vietnamita,Marisco Congelado,Vendido a partir de 250 gr  (aprox.),"2,00 €","7,99 €/Kg"
Ração seca para gatinhos frango e legumes,PorSi,Embalagem de 2 kg,"12,99 €","4,33 €/Kg"
Vinho verde,Via Latina,Garrafa de 750 ml,"1,99 €","2,65 €/L"
"M&m's drageias de amendoim e chocolate de leite,",M&m's,Embalagem de 200g,"1,39 €","19,86 €/Kg"
Feijão preto,Caçarola,Embalagem de 500 g,"0,95 €","1,90 €/Kg"
Vinho tinto regional terras dao bib 5l,Silgueiros,Embalagem de 5L,"7,49 €","9,99 €/L"
Frutose,PorSi,Boião de 410 g,"5,99 €","23,96 €/Kg"
Licor de anis,On Off,"Garrafa de 0,70 l","7,49 €","10,70 €/L"
Pães de leite,s. tomé,Embalagem de 300 g,"7,40 €/Kg","7,40 €/Kg"
Panquecas,Condi,Embalagem de 400g,"2,99 €","6,64 €/Kg"
Chá anis estrelado planta,Cemporcent,Embalagem de 50g,"0,89 €","59,33 €/Kg"
Bacalhau à Brás,PorSi,Embalagem de 1 kg,"1,79 €","7,16 €/Kg"
"Creme revitalizante, noite",L'oreal,Embalagem de 50 ml,"2,99 €","59,80 €/L"
Salada aromática,Vitacress,embalagem de 100 g,"0,99 €","0,99 €/Kg"
Bifes da rabadilha de novilho,PorSi,Embalagem de 400 g,"11,99 €","14,99 €/Kg"
Bebida energética,Red Bull,Pack 4 x 0.25 l,"1,60 €","3,20 €/L"
Batata frita lisa,PorSi,Embalagem de 90g,"1,01 €","5,46 €/Kg"
Drops cream,Heller,Embalagem de 140g,"2,75 €","11,00 €/Kg"
Vinho do Porto 10 anos,Cruz,"Garrafa de 0,75L c/ Caixa de Madeira","9,99 €","13,32 €/L"
Recarga Esfregona de Algodão,PorSi,1 unidade,"0,89 €","0,89 €/Unidade"
Planta cozinha,Planta,Embalagem de 500g,"1,99 €","3,98 €/Kg"
Cola stick,Uhu,Conjunto de 2 x 21 g,"2,19 €","109,50 €/L"
Arroz agulha,Caçarola,Embalagem de 1 kg,"1,26 €","1,26 €/Kg"
Posta pescada-do-cabo nº 5 para cozer,PorSi,Embalagem de 800 g,"3,99 €","9,98 €/Kg"
Comida Húmida para Gatinhos Mousse com Vitela,Gourmet Diamant,Embalagem de 85 g,"3,59 €","2,99 €/Kg"
Aguardente velha reserva,CRF,Garrafa de 700 ml,"11,49 €","16,41 €/L"
Espinafres em folhas,PorSi,Embalagem de 750 g,"1,98 €","1,98 €/Kg"
Escova dentes kids minions bateria,Colgate,1 un.,"0,99 €","0,99 €/Unidade"
Creme barrar nutela 350g,Nutella,Embalagem de 350G,"10,84 €/Kg","10,84 €/Kg"
Ração para gato adulto crunchy & tender com salmão,Friskies,"Embalagem de 1,5 kg","12,99 €","4,33 €/Kg"
Ervilhas com cenoura,PorSi,Embalagem de 750g,"1,98 €","1,98 €/Kg"
Pastilhas limpa próteses,Labell,embalagem com 36 unidades,"7,39 €","105,57 €/Kg"
11 Nuggets de Proteína Vegetal Polme Estilo American...,Iglo green,Embalagem de 220g,"1,89 €","6,30 €/Kg"
Amora,PorSi,Embalagem com 125g,"2,19 €","17,52 €/Kg"
8 hamburguers s/ glúten vaca,Capitão Iglo,Embalagem de 640g,"2,79 €","8,72 €/Kg"
Champô miracle volume + nutrição,Pantene,225 ml,"5,59 €","13,98 €/L"
Spray lixívia e higiene,Cillitbang,Garrafa de 500 ml,"1,29 €","0,86 €/L"
"Fita Castanha, 50mmx66m",Vito,1 unidade,"2,99 €","99,67 €/Kg"
Panda cucu 31 cm,Panda,1 unidade,"27,99 €/Unidade","27,99 €/Unidade"
Cheeseburger Vaca,Snock,Embalagem de 100 g,"1,89 €","18,90 €/Kg"
Vinho tinto regional setúbal,Herdade da comporta,Garrafa de 0.75 l,"2,99 €","3,99 €/L"
Néctar pera,PorSi,Embalagem de 1 l,"0,99 €","0,99 €/L"
Bolachas Recheadas Com Chocolate,PRINCE,Embalagem de 178g,"2,78 €/Kg","2,78 €/Kg"
Tablete de chocolate negro,Nestle,Embalagem de 100 g,"0,99 €","4,95 €/Kg"
Queijo de azeitão dop,PorSi Select,Embalagem de 255 g,"25,45 €/Kg","25,45 €/Kg"
Body Milk in Shower,Labell,Embalagem de 250 ml,"12,48 €/L","12,48 €/L"
Gelatina pronta a comer light 10 kcal mirtilo,Royal,Embalagem de 4 x 100 g,"0,85 €","2,13 €/Kg"
Cerveja com álcool,Corona,"Embalagem de 6x0,355L","1,99 €/L","1,99 €/L"
Vinho rosé,Lancers,Garrafa 0.75L,"3,19 €","4,25 €/L"
Chocolate culinário branco,Pantagruel,Embalagem de 200g,"1,04 €","8,32 €/Kg"
Preparado de bolo de mármore,PorSi,528 g,"2,99 €","6,64 €/Kg"
Macedonia de legumes,PorSi,Embalagem de 1 kg,"1,98 €","1,98 €/Kg"
Super Napolitana de Chocolate,Pastelaria do Dia,1 un = 120 g (aprox.),"0,35 €","0,35 €/Unidade"
Alimento lácteo cereais e baunilha +6 meses,Yogolino,Embalagem de 4 x 100 g,"2,89 €","7,23 €/Kg"
Vinho verde,Felgueiras,Garrafa de 0.75 l,"1,99 €","2,65 €/L"
Leite uht magro,Gresso,Embalagem de 1 litro,"0,83 €","0,83 €/L"
Fralda cueca T6 - 16 a 22 kg,PorSi,18 unidades,"8,49 €","8,49 €/Unidade"
Pescada Pequena da Argentina -500g,Peixe Congelado,Pescado no mar,"3,99 €","9,98 €/Kg"
Vinho do porto dona antónia reserva branco,Ferreira,Garrafa de 0.75 l,"11,99 €","15,99 €/L"
Whisky,Glen crina,Garrafa de 700 ml,"11,49 €","16,41 €/L"
Grão de bico,PorSi,Frasco com 540 g,"2,19 €","2,81 €/Kg"
Desodorizante e desinfetante para calçado,Sanytol,Embalagem de 150 ml,"5,29 €","35,27 €/L"
Queijo Curado Vaca/ Cabra/ Ovelha,PorSi,,"2,89 €","15,21 €/Kg"
Bolachas digestive chocolate,PorSi,Embalagem de 300g,"1,19 €","5,95 €/Kg"
Croissant Brioche Artesanal,Pastelaria do Dia,1 unidade= 90 gr,"0,35 €","0,35 €/Unidade"
Massa macarronete riscado,Milaneza,Embalagem de 500g,"0,99 €","1,98 €/Kg"
Vinho do porto 10 anos,Souza,Garrafa de 750 ml,"24,99 €","33,32 €/L"
Lambrusco bianco,*,Garrafa de 750 ml,"2,12 €/L","2,12 €/L"
Aperitivos rolitos,Cheetos,Embalagem de 100g,"1,65 €","12,69 €/Kg"
Sobremesa Paturette Caramelo,Páturages,Embalagem de 4x115g,"2,39 €","10,48 €/Kg"
Salsicha fresca merguez,PorSi,Embalagem de 330 g,"0,30 €","5,99 €/Kg"
Leite seleccionado leve,Matinal,pack 3 x 200 ml,"0,83 €","0,83 €/L"
Manteiga com sal,Primor,Embalagem de 250g,"1,89 €","7,56 €/Kg"
Refrigerante c/ gás light,Coca-Cola,pack 6 x 0.33 l,"0,40 €/L","0,40 €/L"
Soja fina,Cemporcent,Embalagem de 400g,"2,29 €","11,45 €/Kg"
Spray anti calcário,Cif,Garrafa de 435 ml,"3,19 €","6,38 €/L"
Comida húmida para gato carnes e legumes com molho,PorSi,Embalagem de 1.2 kg,"3,59 €","2,99 €/Kg"
Doce de cereja s/ açúcar adicionado,PorSi,Frasco com 220 g,"2,19 €","9,95 €/Kg"
Pensos Higiénicos Fina e Segura Maxi Super,Evax,Embalagem c/ 13 Unidades,"2,59 €","2,59 €/Unidade"
Massa cuscus,PorSi,Embalagem de 250g,"0,99 €","1,98 €/Kg"
Areia para gatos aglomerante compacta perfumada,PorSi,Embalagem de 4 kg,"1,19 €","0,24 €/Kg"
Bebida aveia sem açúcar,Alpro,Embalagem de 1 l,"1,32 €","2,06 €/L"
Alimento lácteo morango +8 meses,Yogolino,Embalagem de 4 x 100 g,"2,89 €","7,23 €/Kg"
Moscatel de setúbal,Selecção de Enófilos,"Garrafa de 0,75 l","5,99 €","7,99 €/L"
Toalhitas básico,Dodot,embalagem com 54 unidades,"1,09 €/Unidade","1,09 €/Unidade"
Barrita controlo de peso maçã,Ignoramu,Embalagem de 44g,"0,69 €","1,73 €/Kg"
Esfregão esponja ergonómico salva unhas,PorSi,Embalagem de 2 unidades,"0,79 €","0,79 €/Unidade"
Collant licra 15d musk l,PorSi,Embalagem de 1 unidades,"1,89 €","1,89 €/Unidade"
Sabonete líquido para as mãos de coco,Dove,embalagem de 250 ml,"2,18 €/L","2,18 €/L"
Filetes Primavera Linhaça & Girassol,Iglo,Embalagem de 220g,"9,30 €/Kg","9,30 €/Kg"
Spray recarga limpeza da casa de banho,Cif,embalagem de 70 ml,"0,79 €","0,79 €/L"
"Cerveja com álcool, lata",Super Bock,Garrafa de 500 ml,"1,99 €/L","1,99 €/L"
Detergente pastilhas p/ máquina loiça oxyplus,Super Pop,Embalagem de 45 unidades,"1,49 €","5,96 €/L"
Tostas de trigo,Diatosta,Embalagem de 225 g,"2,39 €","6,83 €/Kg"
Cachaça,Pitu,Garrafa de 700 ml,"20,99 €","29,99 €/L"
Manga em calda,It.saveurs,Embalagem de 250g,"1,99 €","2,37 €/Kg"
Creme de dia para pele seca,Labell,Embalagem de 50 ml,"2,99 €","59,80 €/L"
Molas plásticas,PorSi,15 unidades,"0,89 €","0,89 €/Unidade"
Aditivo diesel,Redex,Embalagem de 250 ml,"14,99 €","14,99 €/L"
Cerveja c/ álcool,Super Bock,Pack 15 X 0. 33L,"1,99 €/L","1,99 €/L"
Gelatina pronta a comer ananás,Royal,Embalagem de 4 x 100 g,"0,85 €","2,13 €/Kg"
Anti-traça Alimentos,Raid,2 + 1 unidades,"4,69 €","4,69 €/Unidade"
Leite de coco,PorSi,Embalagem de 400 ml,"3,84 €","24,00 €/Kg"
Cachaço s/ Osso,Porco,Vendido ao peso a partir de 1 kg,"3,99 €","3,99 €/Kg"
12 Preservativos Adapta Finíssimo,Control,,"4,49 €","4,49 €/Unidade"
Patas,Frango,1 un = 250 gr  (aprox.),"0,60 €","5,99 €/Kg"
Bolacha vitalday frutos vermelhos,Gullon,Embalagem de 240g,"2,98 €","9,93 €/Kg"
Toalhitas intimas com aloé vera,Carefree,20 unidades,"2,89 €","2,89 €/Unidade"
Bolachas waffers baunilha,PorSi,Embalagem de 210g,"0,98 €","4,67 €/Kg"
Mel de montanha,PorSi Select,Frasco de 250 g,"4,89 €","9,78 €/Kg"
"Coloração permanente, caramelo avelã, nº 6.41",Excellence,1 unidade,"9,49 €/Unidade","9,49 €/Unidade"
Ambientador vela baunilha,Glade,1 unidade com 129 g,"2,53 €","2,53 €/Unidade"
"Borracha mini softy, pack de 3 unidades",Maped,1 embalagem,"3,19 €","3,19 €/Unidade"
Iogurte morango skyr 0%,PorSi Viva Bem,150 g,"5,97 €/Kg","5,97 €/Kg"
Spray limpeza fornos e grelhas,PorSi,500 ml,"1,79 €","2,39 €/L"
Água de rosas,Hidro,Embalagem de 200 ml,"0,76 €","0,76 €/Unidade"
Puzzles Sereia / Lama,Olivo,60 peças,"5,99 €/Unidade","5,99 €/Unidade"
Atum posta em óleo,Bom petisc,Embalagem de 120 g,"0,89 €","7,42 €/Kg"
6 Salsichas de porco,Nobre,Lata de 120g,"0,75 €","3,75 €/Kg"
Cereais corn flakes s/ glúten,Nestle,Embalagem de 380g,"1,49 €","2,98 €/Kg"
Filetes de pescada,PorSi,Embalagem de 400 g,"3,99 €","9,98 €/Kg"
Água c/ gás original,Frize,pack 6 x 0.25 l,"2,85 €","2,85 €/L"
Água mineral sem gás,Fastio,Pack 4 x 1.5 l,"1,04 €","0,17 €/L"
Chá erva luísa (lúcia lima),Cemporcent,Embalagem de 40g,"0,89 €","59,33 €/Kg"
Pescada panada em forma de filete,Pescanova,Embalagem de 1 Kg,"3,99 €","9,98 €/Kg"
Açúcar em saquetas,PorSi,Embalagem 1K,"1,49 €","1,49 €/Kg"
Jardineira,PorSi,Embalagem de 750 g,"1,98 €","1,98 €/Kg"
Massa fusilli tricolor,Milaneza,Embalagem de 500g,"0,99 €","1,98 €/Kg"
Salsichas extra suculentas,Nobre,Frasco de 650 g,"0,75 €","3,75 €/Kg"
Sacos do lixo lavanda 50 litros,PorSi,15 unidades,"1,89 €","1,89 €/Unidade"
Chicharro Fresco,Peixe do Dia,1 un= 400 g (aprox.),"6,49 €/Kg","6,49 €/Kg"
Grão de bico,PorSi,Embalagem de 820g,"2,19 €","2,81 €/Kg"
Iogurte natural açucarado,PorSi,Embalagem de 4x125g,"0,65 €","1,30 €/Kg"
Pensos higiénicos liberty super abas,Evax,Embalagem com 10 un.,"2,59 €","2,59 €/Unidade"
Ketchup,Calve,Embalagem de 280g,"0,87 €","2,90 €/Kg"
Sacos lixo eco 100 litros,PorSi,10 unidades,"1,89 €","1,89 €/Unidade"
Bolacha maria dourada,PorSi,Embalagem de 800g,"2,11 €/Kg","2,11 €/Kg"
Pasta de Dentes Gengivas Sensíveis,Oral-B,Embalagem de 75 ml,"2,39 €","31,87 €/L"
Cereais fitness,Nestle,Embalagem de 380g,"5,59 €","8,87 €/Kg"
Chocolate Branco Milkybar,Nestle,Embalagem de 100g,"0,99 €","9,90 €/Kg"
"Bebida açucarada  tinto de verão, limão",Sandevid,"Garrafa de 1,5 l","2,39 €","1,59 €/L"
Papa infantil não láctea multicereais +6 meses,Cerelac,Embalagem de 250g,"4,99 €","4,99 €/Kg"
Coco ralado bio,PorSi Bio,Embalagem de 200 g,"1,89 €","3,78 €/Kg"
Inseticida moscas e mosquitos,Dum Dum,Garrafa de 300 ml,"5,09 €","8,48 €/L"
Vinagre de limpeza,PorSi,Embalagem de 1 l,"0,79 €","0,79 €/L"
Feijão encarnado,PorSi,Embalagem 500G,"0,95 €","1,90 €/Kg"
Cone chocolate,PorSi,Embalagem de 6 x 120 ml,"5,99 €","16,64 €/L"
Lápis de cor 18 cm,Domédia,embalagem com 18 unidades,"4,69 €","4,69 €/Unidade"
"Rolo de cozinha design xxl, 3 rolos",Renova,Embalagem de 3 unidades,"4,99 €","4,99 €/Unidade"
Ovas de bacalhau higienizadas congeladas,*,Vendido ao peso a partir de 250 g,"8,73 €/Kg","8,73 €/Kg"
Cerveja,Kings Bräu,Embalagem de 10x25 cl,"1,99 €/L","1,99 €/L"
Cebola picada,PorSi,Embalagem de 400 g,"1,98 €","1,98 €/Kg"
"Jogo ""Pizza Express""",Clementoni,1 unidade,"23,99 €/Unidade","23,99 €/Unidade"
Bolacha diet nature recheio iogurte,Gullon,Embalagem de 220g,"0,79 €","4,49 €/Kg"
"Tablete de chocolate, black-white",Schogetten,Embalagem de 100g,"5,30 €/Kg","5,30 €/Kg"
Baby Fruta,Baby Clementoni,1 unidade,"23,99 €/Unidade","23,99 €/Unidade"
Mirtilo,PorSi,Embalagem com 125g,"2,19 €","17,52 €/Kg"
Água s/ gás,S.estrela,Garrafão de 6L,"1,04 €","0,17 €/L"
Filetes primavera alecrim e sal marinho,Iglo,Embalagem de 230g,"1,79 €","7,16 €/Kg"
"Toalhitas intimas, 20 unidades",Labell,Uma embalagem,"2,89 €","2,89 €/Unidade"
Bolachas de manteiga,Triunfo,Embalagem de 170g,"1,69 €","6,76 €/Kg"
Autobrilhante Incolor,Búfalo,Embalagem de 50 ml,"2,25 €","45,00 €/L"
Canja c/ aletria,Knorr,Embalagem de 70g,"0,62 €","10,00 €/Kg"
Bolacha golden,Oreo,Embalagem de 154 g,"0,79 €","4,49 €/Kg"
Vela com número nº 5,PorSi,1 unidade,"0,60 €","0,60 €/Unidade"
Gronola de aveia chocolate,Nestle,Embalagem de 300g,"5,59 €","8,87 €/Kg"
Nata para culinária ligeira,Mimosa,Embalagem de 200 ml,"0,75 €","3,75 €/L"
Peskitos de pescada panados,Pescanova,Embalagem de 1 Kg,"9,30 €/Kg","9,30 €/Kg"
Toalhitas Activity |Recarga,Dodot,Pack: 4x54 unidades,"1,09 €/Unidade","1,09 €/Unidade"
Chá preto,Tetley,Embalagem de 20g,"41,67 €/Kg","41,67 €/Kg"
"Queijo flamengo, fatias",Paiva,Embalagem de 180 g,"1,96 €","9,80 €/Kg"
Chá earl grey,Lipton,Embalagem de 40g,"48,33 €/Kg","48,33 €/Kg"
"Jogo ""Quem Sou Eu?""",Concentra,1 unidade,"23,99 €/Unidade","23,99 €/Unidade"
Lula limpa,Pescanova,Embalagem de 450g,"5,49 €","6,86 €/Kg"
Batatas fritas Gourmet,Lay's,Embalagem de 235 g,"1,01 €","5,46 €/Kg"
Pescada da Africa do Sul,Peixe Congelado,Pescado no mar,"3,99 €/Kg","3,99 €/Kg"
Molho inglês,Savora,Garrafa de 120 ml,"0,87 €","2,90 €/Kg"
Pêssego em calda metades,PorSi,Lata com 420 g,"1,99 €","2,37 €/Kg"
Leite Uht Proteína Café,Mimosa,Pack 3 x 250 ml,"1,99 €","2,49 €/L"
Feijao branco fidalgo,Caçarola,Embalagem de 500 g,"0,95 €","1,90 €/Kg"
Creme de cassis,P.dabot,Garrafa de 700 ml,"4,99 €","7,13 €/L"
Iogurte activia líquido kiwi,Danone,Embalagem de 4 x 155 g,"3,21 €/Kg","3,21 €/Kg"
Vela com número nº 8,PorSi,1 unidade,"0,60 €","0,60 €/Unidade"
Baby shark com musica,Baby Shark,1 unidade,"27,99 €/Unidade","27,99 €/Unidade"
Trigo integral com mel,Salutem,Embalagem de 250g,"2,29 €","11,45 €/Kg"
"Bebida láctea especial crescimento, 1-3 anos",Mimosa,Garrafa de 1 l,"0,26 €","1,30 €/L"
12 pastéis de bacalhau,PorSi,Embalagem de 300 g,"1,79 €","7,16 €/Kg"
Garagem,Écoiffier,Andares + camião,"9,99 €/Unidade","9,99 €/Unidade"
Ambientador para a máquina da loiça de lima e limão,Finish,embalagem com 2 un.,"9,98 €/Unidade","9,98 €/Unidade"
"Espuma de cabelo, volume xxl",Fru style,Embalagem de 200 ml,"3,99 €","53,20 €/L"
Adoçante c/ doseador,Canderel,Embalagem de 30g,"5,99 €","23,96 €/Kg"
Leite uht gordo com rosca,PorSi,Embalagem de 1 litro,"1,04 €","1,04 €/L"
Pólen de abelhas,PorSi Select,Frasco de 130 g,"4,89 €","9,78 €/Kg"
Sobremesa gelificada de laranja,PorSi,Embalagem de 4x100g,"0,85 €","2,13 €/Kg"
Gel Banho Excite,Axe,Embalagem de 400 ml,"5,99 €","14,98 €/L"
Sumo 100% maçã,Compal,1 litro,"1,09 €","0,73 €/L"
Caldo de galinha 8 cubos,Knorr,Embalagem de 80g,"3,84 €","24,00 €/Kg"
Vinho regional alentejano tinto,Qta.carmo,Garrafa de 0.75 l,"2,89 €","3,85 €/L"
Creme de soja cacau e avelã,Valsoia,Embalagem de 400g,"3,99 €","26,60 €/L"
Bocadelia de caranguejo,La piara,Embalagem de 170g,"1,19 €","13,52 €/Kg"
Água sem gás,Penacova,Garrafa de 1.5 litros,"1,04 €","0,17 €/L"
Batata Pré-Frita Dauphines,PorSi,500 g,"1,39 €","1,39 €/Kg"
Laca Cabelo Criação Brilho,Tresemmé,Embalagem de 300 ml,"3,99 €","53,20 €/L"
Detergente manual roupa,PorSi,Embalagem de 650g,"1,19 €","2,98 €/Kg"
Limpa Tablier,PorSi,Embalagem de 1 l,"3,99 €","0,80 €/L"
Hipo dentuças,Vtech Baby,1 unidade,"27,99 €/Unidade","27,99 €/Unidade"
Gogo SqueeZ Snack Banana,Gogo,Embalagem de 90g,"2,29 €","6,94 €/L"
Cola de Contacto Liquida,Vito,1 unidade,"2,99 €","99,67 €/Kg"
Alimento seco p/ cão sénior,HappyOne,Embalagem de 4 kg,"1,15 €/Kg","1,15 €/Kg"
Spray tira gorduras,Cillitbang,Garrafa de 500 ml,"1,29 €","0,86 €/L"
11 Nuggets de Proteína Vegetal,Iglo green,Embalagem de 250g,"1,89 €","6,30 €/Kg"
Vinho branco,Alandra,Garrafa de 750 ml,"1,59 €","2,12 €/L"
Cápsulas de café delta qualidus,Delta Q,Embalagem de 60g,"54,36 €/Kg","54,36 €/Kg"
Iogurte liquido stracciatella,PorSi,Embalagem de 4 x 160 g,"1,31 €","2,05 €/Kg"
O cacau + cremoso,Cemporcent,Embalagem de 180g,"2,89 €","23,12 €/Kg"
Carcaça de Cereais,Panpor,,"0,19 €","2,38 €/Kg"
Pasta de Moldar Terracota,DAS,Embalagem com 1 kg,"2,19 €","109,50 €/L"
"Adesivo suave, pele sensivel",Hansaplast,1 unidade,"0,59 €","1,18 €/L"
Café torrado 5 estrelas moagem grossa,Sical,Embalagem de 250g,"9,16 €/Kg","9,16 €/Kg"
Leite de coco condensado,Koala,Embalagem de 490 g,"1,09 €","2,75 €/Kg"
Néctar ananás,Compal,pack 3 x 200 ml,"0,99 €","0,99 €/L"
Manteiga c/ sal,Mimosa,Embalagem de 250g,"1,89 €","7,56 €/Kg"
Comida húmida para cão,PorSi,Embalagem de 300 g,"0,75 €","2,50 €/Kg"
Mistura solúvel tofina despertar,Nestle,Embalagem de 200g,"0,79 €","3,16 €/Kg"
Desodorizante Black & White Invisible,Nivea,150 ml,"4,69 €","31,27 €/L"
Fralda Cueca de Banho 7 a 15 kg,Huggies,Embalagem com 12 un.,"8,49 €","8,49 €/Unidade"
Massa fettuccine,PorSi,Embalagem de 500g,"0,99 €","1,98 €/Kg"
Chá infusão equinácea e hibisco,Cemporcent,Embalagem de 13g,"0,89 €","59,33 €/Kg"
Bambolitos brancos,PorSi,Embalagem de 150g,"0,69 €","4,60 €/Kg"
Leite corporal,Nivea,Embalagem de 400 ml,"12,48 €/L","12,48 €/L"
Escova de Camurça,Búfalo,Embalagem de 250 ml,"6,19 €","24,76 €/L"
Sumo s/ gás manga/cenoura,Santal,"Garrafa de 1,5 l","1,14 €","0,76 €/L"
Cereais corn flakes,Kellogg's,Embalagem de 500g,"1,49 €","2,98 €/Kg"
Refrigerante sem gás frutos tropicais,Trina,"Garrafa de 1,5 l","1,14 €","0,76 €/L"
"Esferográfica cristal, 5 Uni",Bic,1 unidade,"2,69 €","2,69 €/Unidade"
Pensos clássicos,PorSi,100 unidades,"0,59 €","1,18 €/L"
Barras fitness com chocolate,Nestle,Embalagem de 140g,"5,59 €","8,87 €/Kg"
Iogurte activia frutos secos cereais,Danone,Embalagem de 4 x 120 g,"3,21 €/Kg","3,21 €/Kg"
Eau de Toilette p/Senhora Nº47,Caravan,1 Frasco 150ml,"11,99 €","79,93 €/L"
Bolachas crackers integral,Du bois,Embalagem de 500g,"0,39 €","3,12 €/Kg"
"Carregador, 6 lâminas, 4 recargas",Labell Men,1 embalagem,"1,16 €","4,64 €/L"
Remov. de Verniz com Esponja,Labell,Embalagem de 75 ml,"1,15 €","4,60 €/L"
Batata frita lisa chips,PorSi,Embalagem de 185 g,"1,01 €","5,46 €/Kg"
Manteiga com sal,Milhafre,Embalagem de 250g,"1,89 €","7,56 €/Kg"
Manteiga de amendoim,Prozis,Embalagem de 1 kg,"10,84 €/Kg","10,84 €/Kg"
Salsicha bockwurst 5 unidades,PorSi,Embalagem de 250g,"0,75 €","3,75 €/Kg"
Infusão nº 6 sem barriga,Cemporcent,Embalagem de 10 unidades,"0,89 €","68,46 €/Kg"
Esparregado de espinafres sem lactose,PorSi Viva Bem,Embalagem de 360 g,"1,89 €","6,30 €/Kg"
Azeite,Oliveira da Serra,Embalagem de 750 ml,"3,29 €","4,39 €/L"
Leite UHT Meio Gordo,Gresso,Embalagem de 1 l,"0,83 €","0,83 €/L"
Queijo mozzarella fatias,PorSi,Embalagem de 200 g,"1,96 €","9,80 €/Kg"
Bledina snacktoon molly maçã,Bledina,Embalagem de 100g,"2,29 €","6,94 €/L"
Gin dry,Master's,"Garrafa 0,70L","19,79 €","19,79 €/L"
Farinha p/ bolos fina,Nacional,Embalagem de 1Kg,"1,99 €","1,99 €/Kg"
Delícia de bolacha,PorSi,Embalagem de 2x135 g,"0,55 €","2,75 €/Kg"
Hambúrguer de cogumelos,Cemporcent,Embalagem de 160g,"3,99 €","10,23 €/Kg"
Bacalhau Especial,Bacalhau da Noruega,1 un = 4 kg (aprox.),"8,73 €/Kg","8,73 €/Kg"
Néctar classico de ananás,Compal,Garrafa de 200 ml,"0,99 €","0,99 €/L"
Lata de Brilho Castanho,Búfalo,Embalagem de 75 ml,"0,99 €","19,80 €/L"
Cem porcento-flocos de aveia grossos,Cemporcent,Embalagem de 400g,"2,99 €","7,97 €/Kg"
Bollycao,Bollycao,Embalagem de 2 unidades,"2,05 €","5,13 €/Kg"
Spray de limpeza casa de banho,Seventh Generation,Embalagem de 500 ml,"1,79 €","2,39 €/L"
Toucinho Fumado,PorSi,fatiado a partir de 100 gr,"0,89 €","8,89 €/Kg"
Lasanha à bolonhesa,PorSi,Embalagem de 500G,"3,99 €","9,98 €/Kg"
Farinha de centeio,Cemporcent,Embalagem de 500g,"2,29 €","11,45 €/Kg"
Banda cera facial peles sensíveis,Veet,Embalagem de 20 unidades,"3,11 €","3,11 €/Unidade"
Diospiro,Fruta da Época,1 un = 250 gr  (aprox.),"1,89 €/Kg","1,89 €/Kg"
Tapioca em granulado,Colmi,Embalagem de 250g,"1,99 €","1,99 €/Kg"
Framboesa mirtilo com xarope de milho,Cemporcent,Embalagem de 230g,"3,99 €","7,98 €/Kg"
Óleo Cedro Spray,PorSi,Embalagem de 250 ml,"4,39 €","14,63 €/L"
Cereais crack star,PorSi,Embalagem de 375 g,"5,07 €/Kg","5,07 €/Kg"
Gelatina de ananás,PorSi,Embalagem de 170g,"0,55 €","61,11 €/Kg"
"Caramelos de fruta, morango single",Sugus,Embalagem de 50g,"1,19 €","4,76 €/Kg"
Chá solúvel alívio respiratório,Cemporcent,Embalagem de 50g,"0,99 €","99,00 €/Kg"
Arroz agulha Europa,PorSi,Embalagem de 1 kg,"1,26 €","1,26 €/Kg"
Pudim Rico em Proteína de Café,Ehrmann,Embalagem de 200g,"2,39 €","10,48 €/Kg"
Snacks crocantes com bacon,PorSi,Embalagem de 60g,"1,65 €","12,69 €/Kg"
Farinha láctea cerelac,Cerelac,Embalagem de 500g,"4,99 €","4,99 €/Kg"
Bolachas waffers chocolate,PorSi,Embalagem de 210g,"0,98 €","4,67 €/Kg"
"Papel higiénico acolchoado, folha tripla, 9 rolos",Scottex,1 embalagem,"1,99 €","1,99 €/Unidade"
Lasanha bolonhesa,Iglo,Embalagem de 300g,"3,99 €","9,98 €/Kg"
Massa de cotovelos grandes riscados,Milaneza,Embalagem de 500g,"0,99 €","1,98 €/Kg"
Hamburguers de bovino,PorSi,Embalagem de 1 kg,"2,79 €","8,72 €/Kg"
Cappuccino Café Solúvel Descafeinado,Nescafe,Embalagem de 125g | 10 Saquetas,"1,59 €","6,36 €/Kg"
Azeite virgem extra bio frutado,Gallo,Garrafa de 750 ml,"3,29 €","4,39 €/L"
Orelhas,Porco,1 un = 250 gr (aprox.),"0,60 €","5,99 €/Kg"
Ted falante,Baby Clementoni,1 unidade,"27,99 €/Unidade","27,99 €/Unidade"
Depilatório homem gel,Veet,Garrafa de 200 ml,"10,99 €","73,27 €/L"
Limpa vidros cristal recarga,Ajax,Embalagem de 500 ml,"3,19 €","6,38 €/L"
"Batata frita caseira, rodela",Pala-pala,Embalagem de 180g,"0,87 €","5,44 €/Kg"
Miolo de ameijoa,PorSi,Embalagem de 250 g,"4,99 €","6,24 €/Kg"
Azeitona preta,PorSi,Embalagem de 560 g,"2,19 €","2,81 €/Kg"
Leite uht c/ chocolate,Ucal,Garrafa de 1 l,"0,26 €","1,30 €/L"
Película Aderente 60M,PorSi,1 unidade,"1,11 €","1,11 €/Unidade"
Preparado p/ arroz de marisco,Pescanova,Embalagem de 500g,"2,19 €","8,59 €/Kg"
Vela com número nº 1,PorSi,1 unidade,"0,60 €","0,60 €/Unidade"
Uva Preta s/ Graínha,Vale da Rosa,Embalagem 500g,"0,75 €","2,99 €/Kg"
"Jogo ""Quem é quem?""",Hasbro,1 unidade,"23,99 €/Unidade","23,99 €/Unidade"
"Rebuçados de fruta, diamante",PorSi,Embalagem de 200 g,"1,08 €","5,40 €/Kg"
"Coloração permanente, castanho tiramissu nº4.15",Nutrisse,1 unidade,"9,49 €/Unidade","9,49 €/Unidade"
Tablete de chocolate de leite,Nestle,Embalagem de 90g,"5,30 €/Kg","5,30 €/Kg"
Puzzle Baby Shark,Clementoni,2 x 20 peças,"23,99 €/Unidade","23,99 €/Unidade"
Recarga para Esfregona Microfibra e Algodão,Vileda,,"0,89 €","0,89 €/Unidade"
Ice tea pêssego,Lipton,Embalagem de 1L,"1,14 €","0,76 €/L"
Bolacha torrada,PorSi,Embalagem de 4 x 200 g,"2,11 €/Kg","2,11 €/Kg"
Chá de infusão salutem nº 47 - funcho 10 saquetas,Salutem,Embalagem de 15g,"0,89 €","59,33 €/Kg"
"Chá de mel, limão e ginseng",Tetley,Embalagem de 20g,"48,33 €/Kg","48,33 €/Kg"
Flocos de aveia,PorSi Viva Bem,Embalagem de 400g,"0,69 €","1,73 €/Kg"
Perninha de frango,PorSi,Embalagem de 400 g,"1,05 €","2,99 €/Kg"
Borracha para lápis e tinta,Domédia,1 unidade,"4,69 €","4,69 €/Unidade"
Iogurte activia cremoso frutos silvestres,Danone,Embalagem de 4 x 120 g,"1,49 €","2,98 €/Kg"
Amaciador jasmim e maçã,Surf,90 doses,"8,99 €","2,25 €/L"
Pate picante 73gr.                ce *24,La piara,Embalagem de 70g,"1,19 €","13,52 €/Kg"
Margarina líquida,Vaqueiro,Embalagem de 500 ml,"2,89 €","2,89 €/Kg"
Amaciador nutri-protec,Labell,Embalagem de 200 ml,"1,00 €","5,00 €/L"
Lixívia Tradicional,PorSi,Embalagem de 5 l,"1,74 €","0,35 €/L"
Gel wc tripla ação c/ lixívia,Harpic,Garrafa de 750 ml,"1,79 €","2,39 €/L"
Porto 10 anos,Velhotes,Garrafa de 0.75 l,"9,99 €","13,32 €/L"
Molho mil ilhas,PorSi,Garrafa de 120 ml,"0,87 €","2,90 €/Kg"
"Jogo ""Da Banho ao Cão""",Concentra,1 unidade,"7,99 €","7,99 €/Unidade"
Máquina de barbear sensor excel universal,Gillette,1 unidade,"1,16 €","4,64 €/L"
Patê de sardinha,PorSi,Embalagem de 65 g,"1,19 €","13,52 €/Kg"
Puzzle Frozen,Clementoni,2 x 20 peças,"5,99 €/Unidade","5,99 €/Unidade"
Vinho maduto tinto,Casal da eira,Embalagem de 1 l,"0,85 €/L","0,85 €/L"
Refrigerante c/ gás,Pepsi,Pack 6 x 0.33 l,"0,40 €/L","0,40 €/L"
Pastilha Elástica Bottle Morango,Trident,Embalagem de 82 g,"0,68 €","45,33 €/Kg"
Néctar light de laranja prisma,PorSi,Embalagem de 1 l,"0,84 €","2,55 €/L"
Lombo assado fatiado,PorSi,150 g,"2,49 €","16,60 €/Kg"
Bacalhau posta asa branca,PorSi,Embalagem de 800G,"6,39 €","7,99 €/Kg"
Vinho DOC Dão,Grão Vasco,"Garrafa de 1,5L","7,49 €","9,99 €/L"
Chocolate signature starbucks,STARBUCKS,Embalagem de 220 ml,"3,19 €","25,52 €/Kg"
Café lote bocage grão,Nicola,Embalagem de 1 kg,"9,16 €/Kg","9,16 €/Kg"
Espelta em grão - cozinha pura,Cemporcent,Embalagem de 500g,"1,99 €","3,98 €/Kg"
Lambrusco bianco,*,Garrafa de 750 ml,"6,89 €","9,19 €/L"
Spray desinfetante elimina odores,Lysol,Embalagem de 400 ml,"1,29 €","0,86 €/L"
Molho piri piri,Macarico,Embalagem de 200g,"0,87 €","2,90 €/Kg"
Infusão cidreira,PorSi,Embalagem de 40g,"0,89 €","68,46 €/Kg"
Sacos do lixo lavanda 30 litros,PorSi,20 sacos,"1,89 €","1,89 €/Unidade"
Matraquilhos,Olivo,1 un.,"23,99 €/Unidade","23,99 €/Unidade"
"Frigideira anti-aderente, 24cm",PorSi,1 unidade,"9,99 €","9,99 €/Unidade"
Red Fish Congelado,Nossa seleção,1 un. 200 a 300 g (aprox.),"3,99 €/Kg","3,99 €/Kg"
Mistura de cogumelos,PorSi,Embalagem de 400g,"1,98 €","1,98 €/Kg"
5 douradinhos rústicos,Capitão Iglo,Embalagem de 300g,"1,79 €","7,16 €/Kg"
Café moagem universal timor,Delta,Embalagem de 220g,"9,16 €/Kg","9,16 €/Kg"
Miolo camarão 40/60,PorSi,Embalagem de 200g,"8,99 €","25,69 €/Kg"
10 douradinhos vegetais,Iglo green,Embalagem de 280g,"9,30 €/Kg","9,30 €/Kg"
Iogurte liquido infantil morango,PorSi,Embalagem de 6 x 94 ml,"1,05 €","1,86 €/L"
Palhinhas de papel,PorSi,25 unidades,"0,60 €","0,60 €/Unidade"
12 nuggets frango polme americano,Capitão Iglo,Embalagem de 220g,"9,30 €/Kg","9,30 €/Kg"
Snack bounty single 57g,BOUNTY,Embalagem de 60g,"16,72 €/Kg","16,72 €/Kg"
Na-esparguete bio 500g 10kg,Nacional,Embalagem de 500g,"0,99 €","1,98 €/Kg"
Salsa,Vitacress,embalagem de 40 g,"0,89 €","17,80 €/Kg"
Cha infusão vermelho,Cemporcent,Embalagem com 10 saquetas,"0,99 €","99,00 €/Kg"
Bolachas marinheiras linhaça,Cemporcent,Embalagem de 200 g,"1,45 €","11,15 €/Kg"
Amaciador concentrado para roupa aloé vera,PorSi,80 doses,"1,99 €","1,00 €/L"
Iogurte grego stracciatella sem lactose,PorSi Viva Bem,Embalagem de 240g,"2,59 €","5,40 €/Kg"
Liégeois Sobremesa de Caramelo,Páturages,Embalagem de 4x100 g,"0,55 €","2,75 €/Kg"
"Recarga Espanador, 10 unidades",Swiffer,Uma embalagem,"0,79 €","0,79 €/Unidade"
"Inseticida recarga, elétrico, 45 noites",Raid,1 unidade,"7,69 €","7,69 €/Unidade"
Guardanapos de papel reciclado,PorSi,100 unidades,"1,29 €","1,29 €/Unidade"
Bases para pizza,PorSi,Embalagem de 3 x 125 g,"1,79 €","4,77 €/Kg"
Creme autobrilhante preto,Splendor,40 ml,"2,25 €","45,00 €/L"
Lambrusco rose,*,Garrafa de 750 ml,"2,12 €/L","2,12 €/L"
Escova de Dentes Júnior,Aquafresh,1 unidade,"3,49 €","3,49 €/Unidade"
Compressas | dim.: 10 x 10 cm,PorSi,Embalagem com 100 unidades,"0,59 €","1,18 €/L"
"Vela em número, nº 7",PorSi,1 unidade,"0,60 €","0,60 €/Unidade"
Couscous comespeciarias 4x125g,PorSi,Embalagem de 500g,"0,99 €","1,98 €/Kg"
5 douradinhos rústicos,Capitão Iglo,Embalagem de 300g,"9,30 €/Kg","9,30 €/Kg"
Collant licra 15d musk M,PorSi,Embalagem de 1 unidades,"1,89 €","1,89 €/Unidade"
Folha de alumínio,PorSi,30 metros,"1,11 €","1,11 €/Unidade"
Chá imuno defesas infusão,Cemporcent,Embalagem de 13g,"0,89 €","59,33 €/Kg"
Cola stick,Uhu,Conjunto de 2 x 8.2 g,"2,19 €","109,50 €/L"
Canja de galinha económica,Knorr,Embalagem de 60g,"0,62 €","10,00 €/Kg"
Sical 5est café moido,Sical,Embalagem de 220g,"9,16 €/Kg","9,16 €/Kg"
Bolo de Arroz 70 g,*,,"0,35 €","0,35 €/Unidade"
Esparguete integral,Salutem,Embalagem de 500g,"1,99 €","3,98 €/Kg"
Trinca de arroz,PorSi,Embalagem de 5 kg,"1,15 €/Kg","1,15 €/Kg"
Iguarias Pota com Alho,Pitéu,Embalagem de 120 g,"0,89 €","7,42 €/Kg"
Spray limpeza casa de banho optimal 7,Ajax,Embalagem de 500 ml,"1,79 €","2,39 €/L"
Jardineira,PorSi,Embalagem de 400 g,"1,98 €","1,98 €/Kg"
Creme fixação para dentaduras,Polident,Embalagem de 70 g,"7,39 €","105,57 €/Kg"
Corn flakes,PorSi,Embalagem de 1 kg,"1,49 €","2,98 €/Kg"
Feijão encarnado,PorSi,Embalagem de 820 g,"2,19 €","2,81 €/Kg"
Iogurte Activia 0% aveia e linhaça,Danone,Embalagem de 4 x 120 g,"3,21 €/Kg","3,21 €/Kg"
Lava Tudo Brilhante Madeira,Sonasol,"embalagem 1,1L","2,49 €","2,49 €/L"
Leite e cereais pijama +6 meses,Cerelac,Garrafa de 400 ml,"4,99 €","4,99 €/Kg"
Água mineral natural alcalina,MONCHIQUE,Garrafão de 5 l,"1,04 €","0,17 €/L"
Café moagem universal angola,Delta,Embalagem de 220g,"9,16 €/Kg","9,16 €/Kg"
Toalhitas,Dodot,4 x 64 un.,"1,09 €/Unidade","1,09 €/Unidade"
Pescada Média Argentina,Peixe Congelado,+ de 500 g,"3,99 €/Kg","3,99 €/Kg"
Nerf Elite 2.0 Volt SD,Nerf,1 un.,"27,99 €/Unidade","27,99 €/Unidade"
"Pensos diários, maxi, 40 unidades",Evax,Uma embalagem,"1,79 €","1,79 €/Unidade"
Descafeinado aroma e leveza,Nicola,12 cápsulas,"1,59 €","6,36 €/Kg"
Croissant de Manteiga,PorSi,50g,"0,35 €","0,35 €/Unidade"
Sabonete,Feno,Embalagem de 4x90 g,"1,99 €","12,44 €/Kg"
Frutos vermelhos,PorSi,Embalagem de 750 g,"3,29 €","4,39 €/Kg"
Leite infantil 3+ anos sem lactose,Mimosa,Garrafa de 1 l,"0,26 €","1,30 €/L"
Aguadente vinica velha,Património,Garrafa de 0.70 l,"11,49 €","16,41 €/L"
Sal Himalaias Grosso,Origens Bio,1 Embalagem 500G,"3,65 €","7,30 €/Kg"
Rolo cozinha compacto 3 folhas,Foxy,1 unidade,"4,99 €","4,99 €/Unidade"
Mini tostas integrais super finas,PorSi,Embalagem de 100 g,"2,39 €","6,83 €/Kg"
"Atum em posta, em azeite",General,Embalagem de 110g,"0,89 €","7,42 €/Kg"
Banha,PorSi,Embalagem de 230 g,"2,89 €","2,89 €/Kg"
Sopa de caldo verde Programa Origens,PorSi,Embalagem de 250g,"0,99 €","0,99 €/Kg"
Coffee Shop 100% Chef,Écoiffier,1 unidade,"27,99 €/Unidade","27,99 €/Unidade"
Vinho verde branco,MIRANDA,"Garrafa de 0,75 l","1,99 €","2,65 €/L"
Bolacha de Manteiga Belga c/ Chocolate Branco,Saborosa,Embalagem de 198 g,"1,69 €","6,76 €/Kg"
Nabiças Programa Origens,PorSi,1 un = 1 kg (aprox.),"0,75 €","2,49 €/Kg"
Nata pasteurizada,PorSi,Embalagem de 450 ml,"0,75 €","3,75 €/L"
Sacos lixo eco com atilho 30 litros,PorSi,20 unidades,"1,89 €","1,89 €/Unidade"
Whisky 12 anos black label,J.WALKER,Garrafa de 700 ml,"23,99 €","34,27 €/L"
Salada de Marisco,Amarras,Embalagem de 700 g,"2,19 €","8,59 €/Kg"
Nerf Elite Commander,Nerf,1 un.,"27,99 €/Unidade","27,99 €/Unidade"
Cerveja com álcool,Sagres,Garrafa de 20 cl,"1,99 €/L","1,99 €/L"
Creme vegetal para culinária,PorSi,Embalagem de 250g,"1,99 €","3,98 €/Kg"
Fita Adesiva Brico Facil Especial Dupla Face,Ceys,1 unidade,"2,99 €","99,67 €/Kg"
Ketchup,PorSi,Embalagem de 560 g,"0,87 €","2,90 €/Kg"
Néctar vital equilibrio frutos vermelhos,Compal,Embalagem de 1 l,"0,99 €","0,99 €/L"
Esparguete,PorSi,Embalagem de 1 kg,"0,99 €","1,98 €/Kg"
Cheerios 375g,Nestle,Embalagem de 380g,"5,07 €/Kg","5,07 €/Kg"
24 etiquetas azuis,Domédia,Uma embalagem,"2,19 €","109,50 €/L"
Perfume p/ senhora Nº46,Caravan,1 Frasco 150ml,"11,99 €","79,93 €/L"
Penso diário normal,PorSi,Embalagem de 64 unidades,"1,79 €","1,79 €/Unidade"
Autobrilhante Preto,Búfalo,Embalagem de 50 ml,"2,25 €","45,00 €/L"
Sopa Creme de Marisco,PorSi,Embalagem de 80 g,"0,62 €","10,00 €/Kg"
Pudim Rico em Proteína de Chocolate,Ehrmann,Embalagem de 200g,"2,39 €","10,48 €/Kg"
Eau de Toilette p/Senhora Nº35,Caravan,1 Frasco 150ml,"11,99 €","79,93 €/L"
Base guarda sol em metal e cimento,Saurium,14 kg,"18,99 €","18,99 €/Unidade"
Salmão posta ao natural,PorSi Select,Lata de 120 g,"0,89 €","7,42 €/Kg"
Desodorizante spray sport 48h,Labell Men,Embalagem de 200 ml,"1,39 €","6,95 €/L"
Tomate pelado,Guloso,Embalagem de 390g,"3,84 €","24,00 €/Kg"
"Pipocas salgadas para microondas, 3 unidades",PorSi,Embalagem de 300g,"1,65 €","12,69 €/Kg"
Bolachas com cobertura de chocolate,PorSi,Embalagem de 150g,"0,69 €","4,60 €/Kg"
Spray óleo protect&bronze f30,Nivea Sun,Embalagem de 200 ml,"16,99 €","84,95 €/L"
Lâmpada LED Forma Esférica 25W E27,Domédia,1 un.,"3,99 €","3,99 €/Unidade"
Batata palha finíssima,PorSi Select,Embalagem de 180 g,"0,87 €","5,44 €/Kg"
20 saquetas chá digestão fácil,Lipton,Embalagem de 30g,"0,99 €","23,02 €/Kg"
Brandy,Macieira,Garrafa de 1 l,"11,99 €","17,13 €/L"
Vinho Vinha da Fonte Setúbal branco,Casa Ermelinda Freitas,Garrafa de 0.75 l,"2,99 €","3,99 €/L"
Farinha p/ bolos extra fina,Nacional,Embalagem de 1 kg,"1,99 €","1,99 €/Kg"
Vinagre de vinho branco,PorSi,Garrafa de 1 l,"0,35 €","0,70 €/L"
"Inseticida elétrico, trio, nigth & day",Raid,1 unidade,"7,69 €","7,69 €/Unidade"
Leite e cereais 8 cereais e mel +6 meses,Cerelac,Garrafa de 400 ml,"4,99 €","4,99 €/Kg"
Sacos lixo eco com atilho 50 litros,PorSi,15 unidades,"1,89 €","1,89 €/Unidade"
Lagartos,PorSi,Embalagem de 300 gr,"0,69 €","3,45 €/Kg"
Bolachas cobertura de chocolate e avelã,PorSi,Embalagem de 150g,"0,69 €","4,60 €/Kg"
Estúdio de tatuagens,Cool Maker,1 unidade,"27,99 €/Unidade","27,99 €/Unidade"
Chá de infusão salutem nº 23 - ginkgo biloba 10 saqu...,Salutem,Embalagem de 15g,"0,89 €","59,33 €/Kg"
"Cera cabelo, paste signature",Axe,Embalagem de 75 ml,"3,99 €","53,20 €/L"
Whisky caskmates,Jameson,Garrafa de 700 ml,"11,49 €","16,41 €/L"
Batata Nova a Granel,Vitacress,1 un = 250 gr  (aprox.),"0,17 €","0,69 €/Kg"
Mini tortitas milho c/ sal,PorSi Viva Bem,Embalagem de 200g,"1,45 €","11,15 €/Kg"
"Creme de rosto de dia revitalift, laser",L'oreal,Embalagem de 50 ml,"2,99 €","59,80 €/L"
Creme de dia para pele normal,Labell,Embalagem de 50 ml,"2,99 €","59,80 €/L"
Set Chá,Minnie,1 conjunto,"27,99 €/Unidade","27,99 €/Unidade"
Vinagre vinho branco,PorSi,Garrafa de 500 ml,"0,35 €","0,70 €/L"
Manteiga la motte sal do mar,President,Embalagem de 250 g,"1,89 €","7,56 €/Kg"
Pensos banda,PorSi,100 x 6 cm,"0,59 €","1,18 €/L"
"Vinho tinto doc dão, reserva",Cabriz,Garrafa de 0.75 l,"7,49 €","9,99 €/L"
Papa infantil para preparar com leite +6 meses,Cerelac,Embalagem de 250g,"4,99 €","4,99 €/Kg"
Roca unicórnio,Baby Clementoni,1 unidade,"27,99 €/Unidade","27,99 €/Unidade"
Grelos,PorSi,Embalagem de 750g,"1,98 €","1,98 €/Kg"
"Hamburguers de frango, 4 x 80 g",PorSi,Embalagem de 320g,"2,79 €","8,72 €/Kg"
Douradinhos s/glúten,Capitão Iglo,Embalagem de 250g,"9,30 €/Kg","9,30 €/Kg"
"Aperitivos, amendoins no forno",Matutano,Embalagem de 200g,"1,65 €","12,69 €/Kg"
"Saquetas de sais de fruto, laranja",Eno,Embalagem de 50g,"0,58 €","0,58 €/Unidade"
Vinagre vinho branco 500ml,Cristal,Garrafa de 500 ml,"0,35 €","0,70 €/L"
Vinho tinto,Alandra,Garrafa de 750 ml,"2,99 €","3,99 €/L"
Adoçante em pó,PorSi,250 saquetas,"5,99 €","23,96 €/Kg"
Vinho regional península de setúbal reserva,Periquita,Garrafa de 0.75 l,"2,99 €","3,99 €/L"
Arroz carolino malandrinho,Malandrinh,Embalagem de 1 kg,"1,26 €","1,26 €/Kg"
Sumo clássico 100% maçã,Compal,Garrafa de 200 ml,"1,09 €","0,73 €/L"
"Cerveja sem Álcool 0,0%",Carlsberg,Pack 6x25 cl,"5,99 €","3,03 €/L"
"Leite uht, magro",Serraleite,Embalagem de 1 l,"0,83 €","0,83 €/L"
Secretos,Porco,1 un = 200 gr (aprox.),"3,99 €","3,99 €/Kg"
Espetadas de Peru,Peru,1 un = 150 gr (aprox.),"1,05 €","2,99 €/Kg"
Cogumelos Granel,Legumes do Dia,1 un = 200 gr (aprox.),"1,89 €","6,30 €/Kg"
Chá urtiga verde,Cemporcent,Embalagem de 40g,"0,89 €","59,33 €/Kg"
Vinho branco monbazillac  2012,Expertclub,Garrafa de 750 ml,"6,89 €","9,19 €/L"
Creme Depilatório Men Peles Sensíveis,Veet,Embalagem de 200 ml,"3,11 €","3,11 €/Unidade"
Choco rice,Cemporcent,Embalagem de 250g,"0,69 €","1,73 €/Kg"
Café moagem universal portugal,Delta,Embalagem de 250g,"9,16 €/Kg","9,16 €/Kg"
Queijo de azeitão dop,Santiago,Embalagem de 240g,"4,62 €","18,49 €/Kg"
Creme abrasivo pink flowers,Cif,Garrafa de 700 ml,"4,99 €","7,13 €/L"
Queijo em fatias,Terra Nostra,Embalagem de 400g,"1,96 €","9,80 €/Kg"
Iogurte aroma varios sabores,PorSi,Embalagem de 12 x 125 g,"1,87 €","1,25 €/Kg"
Crackers s/ Sal Superficie,Gran Pavesi,Embalagem de 250g,"0,39 €","3,12 €/Kg"
Queijo de ovelha cura 12 meses,Serramonte,vendido ao peso,"4,62 €","18,49 €/Kg"
Chá infusão centelha asiática,Cemporcent,Embalagem de 13g,"0,89 €","59,33 €/Kg"
Monopoly Edição Batoteiros,Hasbro,1 unidade,"7,99 €","7,99 €/Unidade"
Descafeinado,Nestlé,Embalagem de 100 g,"1,59 €","6,36 €/Kg"
Detergente líquido máquina de roupa lavanda,PorSi,86 Doses,"8,69 €","1,84 €/Kg"
Massa de macarrão grande estriado,PorSi,Embalagem de 500g,"0,99 €","1,98 €/Kg"
Malha vegetal com Ricotta 110 g,Pastelaria do Dia,,"0,65 €","0,65 €/Unidade"
Óleo alimentar,Fula,Embalagem 3L,"3,39 €","3,39 €/L"
Côco ralado,PorSi,Embalagem de 200g,"1,29 €","3,23 €/Kg"
Renovador de Camurça em Spray Incolor,Búfalo,Embalagem de 250 ml,"6,19 €","24,76 €/L"
Receita caseira de jardineira,Nobre,Embalagem de 420g,"2,35 €","5,60 €/Kg"
Tablete de chocolate leite,Nestle,Embalagem de 130g,"5,30 €/Kg","5,30 €/Kg"
Iogurte líquido infantil morango e banana,PorSi,Pack 6 x 100 g,"1,31 €","2,05 €/Kg"
Guitarra,Panda,1 un.,"13,99 €/Unidade","13,99 €/Unidade"
Nata uht light,Mimosa,Embalagem de 200 ml,"0,75 €","3,75 €/L"
Bebida láctea especial crescimento 1-3 anos,Mimosa,Embalagem de 200 ml,"0,26 €","1,30 €/L"
Bebida coco,Alpro,Embalagem de 1L,"2,49 €","2,49 €/L"
Pá + espanador,PorSi,1 conjunto,"2,20 €","2,20 €/Unidade"
Feijão branco,PorSi,Embalagem de 500g,"0,95 €","1,90 €/Kg"
Ambientador vela odor tabaco,PorSi,1 unidade,"2,53 €","2,53 €/Unidade"
Máquina de barbear c/ 2 recargas de 6 lâminas,Labell Men,,"1,16 €","4,64 €/L"
Espumante bruto,Cabriz,Garrafa de 750 ml,"8,49 €","11,32 €/L"
"Queijo flamengo, ralado",Terra Nostra,Embalagem de 150g,"7,45 €/Kg","7,45 €/Kg"
Cápsulas de café qharisma,Delta Q,Embalagem de 60g,"54,36 €/Kg","54,36 €/Kg"
Rolo cozinha branco 3 folhas,PorSi,3 rolos,"4,99 €","4,99 €/Unidade"
Espumante sem álcool para crianças,Look,Garrafa de 750 ml,"0,40 €/L","0,40 €/L"
Fruta para bebé banana maçã +4 meses,Nestle,Embalagem de 90g,"0,74 €","8,22 €/Kg"
Bolachas brownie tubo,Oreo,Embalagem de 150g,"0,79 €","4,49 €/Kg"
Doritos bbq,Doritos,Embalagem de 140g,"1,65 €","12,69 €/Kg"
Chá sabugueiro flor,Cemporcent,Embalagem de 50g,"0,89 €","59,33 €/Kg"
Massa Fresca Lasanha,PorSi,Embalagem de 250 g,"0,99 €","4,30 €/Kg"
Bicarbonato de sódio,PorSi,Saqueta de 75 g,"1,89 €","17,18 €/Kg"
Vinho doc douro tinto,Tellu's,Garrafa de 750 ml,"7,49 €","9,99 €/L"
Sabonete Líquido Sensitive,Dettol,Embalagem de 250 ml,"2,18 €/L","2,18 €/L"
Leite creme,PorSi,Embalagem de 2x135 g,"0,55 €","2,75 €/Kg"
Sabonete líquido maçãs verdes,Labell,Embalagem de 500 ml,"2,18 €/L","2,18 €/L"
Vela com número nº 9,PorSi,1 unidade,"0,60 €","0,60 €/Unidade"
"Bolacha belvita soft brakes, cereais",Belvita,Embalagem de 250g,"1,19 €","5,95 €/Kg"
Pastilhas ice spearmint,CHICLETS,Embalagem de 17 g,"0,68 €","45,33 €/Kg"
"Tira gorduras, recarga",Agerul,Embalagem de 750 ml,"3,99 €","5,32 €/L"
Esferográfica Preta Média,Mab,Embalagem com 4 un.,"2,69 €","2,69 €/Unidade"
"Néctar pêssego, prisma",PorSi,Embalagem de 1 l,"0,99 €","0,99 €/L"
Feijão manteiga caçarola,Cacarola,Embalagem de 500g,"0,95 €","1,90 €/Kg"
Desentupidor express gel elimina odores,Destop,1 litro,"3,99 €","5,32 €/L"
Sementes de linhaça dourada,PorSi Viva Bem,Embalagem de 250 g,"1,59 €","10,60 €/Kg"
"Detergente manual de loiça, ultra limão",PorSi,Embalagem de 500 ml,"1,05 €","2,10 €/L"
Alimentação Bebé Maçã/Banana/Cenoura,Nestle,Embalagem de 4 x 100 g,"2,19 €","11,53 €/Kg"
Marmelada,PorSi,Embalagem de 900g,"1,09 €","2,42 €/Kg"
Creme vegetal soja,Planta,Embalagem de 250 gr,"1,99 €","3,98 €/Kg"
Pimentão doce saqueta,PorSi,Embalagem de 50 g,"0,25 €","0,25 €/Kg"
Feijão manteiga,Compal,Lata de 410 ml,"2,19 €","2,81 €/Kg"
Spray de lavagem a seco denim,Day 2,200 ml,"1,19 €","2,98 €/Kg"
Pensos para bolhas,PorSi,20 unidades,"0,59 €","1,18 €/L"
Empada de Frango 60 g,Fornada do Dia,,"0,65 €","0,65 €/Unidade"
Óleo 10w40 Semi-Sintectico,PorSi,Embalagem de 1 l,"14,99 €","14,99 €/L"
Coador extensível,PorSi,1 unidade,"0,65 €","0,65 €/Unidade"
"Gel depilatório, peles sensiveis",Labell,Embalagem de 200 ml,"10,99 €","73,27 €/L"
Nestum bolacha maria,Nestum,Embalagem de 250g,"3,29 €","4,39 €/Kg"
Topping caramelo,Branca de neve,Embalagem de 380g,"1,29 €","3,23 €/Kg"
Adoçante à base de sucralose,PorSi Viva Bem,Embalagem de 17g,"5,99 €","23,96 €/Kg"
"Creme para mãos, caixa familiar",Nivea,Embalagem de 250 ml,"1,03 €","10,30 €/L"
Paloco desfiado do pacifico,Peixe Fresco,Embalagem de 400 g,"8,73 €/Kg","8,73 €/Kg"
"M&m's drageias de chocolate de leite,",M&m's,Embalagem de 200g,"1,39 €","19,86 €/Kg"
Licor de anis,Xarao,Garrafa de 700 ml,"7,49 €","10,70 €/L"
Amaciador Roupa lavanda,PorSi,Embalagem de 60 doses,"1,99 €","1,00 €/L"
Chá fresh verde e pêssego,Cemporcent,Embalagem de 18g,"48,33 €/Kg","48,33 €/Kg"
Peito de peru,PorSi,"Vendido ao peso, fatiado a partir de 150 g","1,99 €","13,27 €/Kg"
Palitos redondos,PorSi,200 unidades embalados individualmente,"1,15 €","1,15 €/Unidade"
Pilhas recarregáveis longa duração AA HR3 1.2V 2100m...,Domédia,Embalagem com 4 unidades,"1,75 €","1,75 €/Unidade"
Gel de banho júnior maçã e pera,Labell,Embalagem com 300 ml,"4,39 €","21,95 €/L"
Puré de feijão-verde e curgete,Bonduelle,Embalagem de 420g,"1,89 €","6,30 €/Kg"
Twister,Hasbro,1 un.,"23,99 €/Unidade","23,99 €/Unidade"
Nestum flocos de cereais com mel,Nestum,Embalagem de 300g,"3,29 €","4,39 €/Kg"
Batatas fritas ketchup,Ruffles,Embalagem de 150g,"1,18 €","6,38 €/Kg"
Iogurte mix-in kit kat,Nestle,Embalagem de 2 x 115 g,"1,05 €","1,86 €/L"
Queijo 3 Igrejas Cura 2m Pimentão,Santiago,Vendido ao peso a partir de 250 gr,"25,45 €/Kg","25,45 €/Kg"
Pastilhas de Limpeza Dentífrica Branqueadora,Polident,Embalagem com 30 unidades,"7,39 €","105,57 €/Kg"
"Refrigerante com gás, ananás",Sumol,"Garrafa de 1,25 l","0,40 €/L","0,40 €/L"
Café moído torrado aroma bellissimo,Belissimo,Embalagem de 200g,"9,16 €/Kg","9,16 €/Kg"
Sabonete leite & mel,Palmolive,Embalagem de 4x90 g,"1,99 €","12,44 €/Kg"
"Jogo ""Da Banho ao Cão""",Concentra,1 unidade,"23,99 €/Unidade","23,99 €/Unidade"
Queijo p/ barrar s/ lactose,Philadelph,Embalagem de 150g,"2,05 €","16,40 €/Kg"
Arroz agulha América do Sul,PorSi,Embalagem de 1 kg,"1,26 €","1,26 €/Kg"
Cereais Extra Chocolate e Avelã,Kellogg's,Embalagem de 375 g,"2,29 €","6,11 €/Kg"
Chá de infusão nº 16 - mirtilo 10 saquetas,Salutem,Embalagem de 15g,"0,89 €","59,33 €/Kg"
Crocantes de frango original,Iglo,Embalagem de 180g,"9,30 €/Kg","9,30 €/Kg"
Plumas de porco preto,PorSi Select,250 g,"3,99 €","3,99 €/Kg"
Leite e cereais bolacha maria +6 meses,Cerelac,Garrafa de 400 ml,"4,99 €","4,99 €/Kg"
Balde de Limpeza com Espremedor,PorSi,unidade,"2,50 €","2,50 €/Unidade"
Choco limpo congelado,PorSi,Vendido ao peso a partir de 200 g (aprox.),"2,40 €","11,99 €/Kg"
Camarão cozido 30/40,PorSi,Embalagem de 500 g,"3,60 €","11,99 €/Kg"
Chocolate culinário em pó,Pantagruel,Embalagem de 130g,"1,04 €","8,32 €/Kg"
Refrigerante c/ gás laranja,Fanta,"Garrafa de 1,5 l","0,40 €/L","0,40 €/L"
"Borracha Technic, 600",Maped,embalagem com 2 unidades,"4,69 €","4,69 €/Unidade"
Polvilho doce,Do Brasil,500 g,"1,99 €","1,99 €/Kg"
Tablete de chocolate de leite,PorSi Select,Embalagem de 200g,"5,30 €/Kg","5,30 €/Kg"
Gelado carte d'or tarte limão merengue,Olá,Embalagem de 900 ml,"2,69 €","5,38 €/L"
Colgate pasta de dentes sensation white 12x,Colgate,Garrafa de 75 ml,"3,09 €","41,20 €/L"
Vinho do porto tawny,Cruz,"Garrafa de 0,75 l","24,99 €","33,32 €/L"
Chá infusão mirtilo,Cemporcent,Embalagem de 13g,"0,89 €","59,33 €/Kg"
Sidra de maçã,Somersby,Lata de 500 ml,"1,59 €","3,18 €/L"
Sumo 100% ananás/uva,PorSi,Pack 3 x 200 ml,"1,09 €","0,73 €/L"
Luvas Pequenas /Médias Sensitive,Vileda,40 unidade,"2,40 €","2,40 €/Unidade"
Gelatina pêssego,PorSi,Embalagem de 2x85g,"0,55 €","61,11 €/Kg"
"Vinho doc loureiro, verde",Selecção de Enófilos,Garrafa de 0.75 l,"1,99 €","2,65 €/L"
Iogurte líquido magro frutos vermelhos,PorSi Viva Bem,Embalagem de 4x160 ml,"1,31 €","2,05 €/Kg"
Leite com chocolate,Agros,Embalagem de 200 ml,"0,26 €","1,30 €/L"
Café solúvel sem cafeína,Nescafe,Embalagem de 20g,"14,50 €/Kg","14,50 €/Kg"
Vinh do porto ruby,Cruz,Garrafa de 750 ml,"6,65 €/L","6,65 €/L"
Leite c/ chocolate meio-gordo s/ lactose,Agros,4 x 200 ml,"0,26 €","1,30 €/L"
Fósforos cozinha,Flamefast,Uma embalagem com 4 unidades,"1,15 €","1,15 €/Unidade"
Queijo 3 igrejas cura de 1. 5meses,Saloio,Embalagem de 470g,"2,89 €","15,21 €/Kg"
Amêndoa amarga,Milbar,"Garrafa de 0,70 l","7,49 €","10,70 €/L"
"Alimento para cão adulto bio complex, com frango",HappyOne,Embalagem de 4 kg,"1,15 €/Kg","1,15 €/Kg"
Amido de milho,PorSi,Embalagem de 400g,"1,89 €","17,18 €/Kg"
Dentífrico Complete Elixir e Branqueador,Oral B,Embalagem de 75 ml,"2,39 €","31,87 €/L"
Maionese Top Down,Calvé,Embalagem de 753 g,"0,87 €","2,90 €/Kg"
Braçadeiras Unicórnio,Mondo,1 Embalagem,"2,99 €","2,99 €/Unidade"
Barras fitness com morango,Nestle,Embalagem de 140g,"5,59 €","8,87 €/Kg"
Carne Picada,Porco,1 un= 200 gr (aprox.),"3,99 €","3,99 €/Kg"
Água Tónica Zero,Schweppes,Garrafa de 1 l,"1,60 €","3,20 €/L"
Espremedor,PorSi,1 unidade,"2,50 €","2,50 €/Unidade"
Esferográfica Azul Média,Mab,Embalagem com 4 un.,"2,69 €","2,69 €/Unidade"
Patê de salmão,La piara,Embalagem de 80g,"1,19 €","13,52 €/Kg"
Peito frango fatias finas,PorSi,Embalagem de 150g,"1,99 €","13,27 €/Kg"
Queijo Brie Light Cunhas,President,Embalagem de 200 g,"2,49 €","16,60 €/Kg"
"Vela com número, nº2",PorSi,1 unidade,"0,60 €","0,60 €/Unidade"
Amaciador concentrado para roupa jojoba,PorSi,80 doses,"1,99 €","1,00 €/L"
Farinha para bolos super fina,B.neve,Embalagem de 1 kg,"1,99 €","1,99 €/Kg"
Refresco em pó de morango,PorSi,Embalagem de 40g,"0,75 €","18,75 €/Kg"
Salmão Fumado da Noruega,PorSi,Embalagem de 200 g,"7,99 €","39,95 €/Kg"
Pilha alcalina classic lr6x8,Domédia,1 unidade,"1,75 €","1,75 €/Unidade"
Creme Depilatório Peles Sensíveis,Veet,Embalagem de 200 ml,"12,99 €","12,99 €/Unidade"
Café moagem fina bio,PorSi Bio,Embalagem de 250g,"9,16 €/Kg","9,16 €/Kg"
Whisky 8 anos,Grant's,Garrafa de 0.70 l,"23,99 €","34,27 €/L"
Salsichas de quinoa bio,Cemporcent,Embalagem de 200g,"3,99 €","10,23 €/Kg"
"Combinado Fiambre,Queijo e Carne",Pastelaria do Dia,,"0,65 €","0,65 €/Unidade"
Comida húmida para cão de frango e legumes,PorSi,Lata de 400 g,"0,75 €","2,50 €/Kg"
Leite pasteurizado meio gordo,Vigor,Garrafa de 1 l,"1,09 €","1,09 €/L"
Lenços faciais brancos 2 folhas,PorSi,150 unidades,"0,89 €","0,89 €/Unidade"
8 salsichas frankfurt,Izidoro,Embalagem de 200g,"0,75 €","3,75 €/Kg"
"Escargots recheio de manteiga, salsa e alho",PorSi Select,89 g,"1,89 €","6,30 €/Kg"
Brócolos congelados,PorSi,Embalagem de 1 kg,"1,98 €","1,98 €/Kg"
Spray multiusos lavanda,Bot.origin,Garrafa de 500 ml,"1,29 €","0,86 €/L"
Danacol frutos exóticos,Danone,Embalagem de 6 x 100 g,"4,15 €/Kg","4,15 €/Kg"
Leite uht c/ chocolate,Ucal,Embalagem de 3 x 250 ml,"0,26 €","1,30 €/L"
Leite c/ chocolate,Gresso,Pack 4X200ml,"0,26 €","1,30 €/L"
Bandida do pomar maçã 4x25cl,Bandida,Garrafa de 1 l,"1,59 €","3,18 €/L"
Crepe de ovo,PorSi,Embalagem de 540 g,"2,57 €","7,79 €/Kg"
Gel Play Morango,Durex,Embalagem de 50 ml,"4,49 €","4,49 €/Unidade"
Spray silicone,Arbo,Embalagem de 600 ml,"3,99 €","0,80 €/L"
Nestum aveia e morango,Nestum,Embalagem de 250g,"3,29 €","4,39 €/Kg"
Ambientador vela citronela,PorSi,1 unidade,"2,53 €","2,53 €/Unidade"
Galão enriquecido em cálcio,Ucal,Embalagem de 3 x 200 ml,"0,26 €","1,30 €/L"
Alcahfora plus,Forma+,Garrafa de 500 ml,"1,99 €","45,23 €/Kg"
Bacalhau Postas,Riberalves,1 Embalagem 800G,"6,39 €","7,99 €/Kg"
Toalhitas Sensitive |Recarga,Dodot,Pack: 4 x54 unidades,"1,09 €/Unidade","1,09 €/Unidade"
Esponja limpa camurça,PorSi,1 unidade,"6,19 €","24,76 €/L"
Eau de Toilette p/Senhora Nº27,Caravan,1 Frasco 150ml,"11,99 €","79,93 €/L"
Água com gás,Vimeiro,"Garrafa de 1,5 l","2,85 €","2,85 €/L"
Queijo Curado Amanteigado,Queijaria das Pousadas,Vendido ao peso a partir de 250 g,"2,42 €","9,69 €/Kg"
Flan de ovos,PorSi,Embalagem 4 x 100 g,"0,55 €","2,75 €/Kg"
Bolachas com recheio baunilha,PorSi,Embalagem de 500g,"2,78 €/Kg","2,78 €/Kg"
Tira Nódoas,Sanytol,embalagem com 450g,"10,99 €","52,33 €/Kg"
Caneta correctora  Shake & Squeeze 2+1,Bic,1 unidade,"2,69 €","2,69 €/Unidade"
"Aperitivos, amendoins no forno",Matutano,Embalagem de 200g,"0,79 €","3,95 €/Kg"
"Alimento húmido para gato +1 ano, sabor a aves",Whiskas,Embalagem de 400g,"3,59 €","2,99 €/Kg"
Folhado de Chocolate 60 g,PorSi,,"0,35 €","0,35 €/Unidade"
Tablete de chocolate leite bubbly,Milka,Embalagem de 90g,"5,30 €/Kg","5,30 €/Kg"
20 saquetas infusão camomila,Lipton,Embalagem de 10g,"0,89 €","68,46 €/Kg"
Tapetes educativos p/ cães/gatos 60x60cm,PorSi,20 unidades,"5,99 €","5,99 €/Unidade"
Manteiga com sal,Novacores,Embalagem de 250g,"1,89 €","7,56 €/Kg"
Lava Tudo Flores Montanha,Sonasol,1.3 l,"0,99 €","0,50 €/L"
Polpa tomate tetra,PorSi,Embalagem de 210g,"3,84 €","24,00 €/Kg"
Cappucinno,PorSi,Embalagem de 125 g,"3,19 €","25,52 €/Kg"
Vinagre de limpeza,Dona Pureza,Embalagem de 1 l,"0,79 €","0,79 €/L"
Mistura saborosa,PorSi,Embalagem de 450g,"0,99 €","0,99 €/Kg"
Body Milk Cocoa,Nivea,Embalagem de 250 ml,"12,48 €/L","12,48 €/L"
Eau de Toilette p/Senhora Nº45,Caravan,1 Frasco 150ml,"11,99 €","79,93 €/L"
Gelado magnum menta,Olá,Embalagem de 4 x 100 ml,"5,99 €","16,64 €/L"
"Leite uht, com café, galão alentejano",Serraleite,Embalagem de 1 l,"1,99 €","2,49 €/L"
Alheira Extra Trás os Montes,PorSi,"Vendido ao peso, 1un= 200 gr (aprox.)","1,49 €","7,45 €/Kg"
Queijo em fatias,Limiano,Embalagem de 400g,"1,96 €","9,80 €/Kg"
Vinho do porto lágrima tinto,Ramos Pinto,"Garrafa de 0,75L","24,99 €","33,32 €/L"
"Néctar de alperce, tetra",Compal,pack 3 x 200 ml,"0,99 €","0,99 €/L"
"Alimento seco para gato adulto, galinha",Whiskas,"Embalagem de 1,75 kg","12,99 €","4,33 €/Kg"
Infusão de tília,PorSi,Embalagem de 30g,"0,89 €","68,46 €/Kg"
Tampões Compak Pearl Regular Com Aplicador,Tampax,16 unidades,"3,99 €","3,99 €/Unidade"
Actimel magro natural,Danone,Embalagem de 6 x 100g,"4,15 €/Kg","4,15 €/Kg"
Bolachas chips ahoy,Ca!,Embalagem de 300g,"0,79 €","5,27 €/Kg"
Manteiga sem sal,Mimosa,Embalagem de 250g,"1,89 €","7,56 €/Kg"
Lixívia Spray Mousse Flor,Neoblanc,Embalagem de 700ml,"1,74 €","0,35 €/L"
Pilhas recarregáveis AA HR6 1.2V 1900mAh,Domédia,Embalagem com 4 unidades,"1,75 €","1,75 €/Unidade"
Lixívia Spray Mousse,Neoblanc,Embalagem de 700ml,"1,74 €","0,35 €/L"
Bandida do pomar frutos vermelhos lata 50cl,Bandida,Garrafa de 500 ml,"1,59 €","3,18 €/L"
Queijo flamengo 0% lactose,PorSi Viva Bem,Embalagem de 150 g,"1,96 €","9,80 €/Kg"
Leite natal 1,Nutriben,Embalagem de 800g,"23,99 €","29,99 €/Kg"
Iogurte grego oikos stracciatella,Danone,Embalagem de 4 x 110 g,"1,49 €","2,98 €/Kg"
Bolacha digestiva de aveia/chocolate,Gullon,Embalagem de 430g,"1,19 €","5,95 €/Kg"
Aguardente,Alma pura,Garrafa de 0.70 l,"11,49 €","16,41 €/L"
Cerveja c/ álcool,Sagres,pack 30 x 0.25 L,"1,99 €/L","1,99 €/L"
Barrita controlo de peso chocolate,Ignoramu,Embalagem de 44g,"0,69 €","1,73 €/Kg"
Mistura para aves,Rac.zezere,Embalagem de 5 kg,"4,24 €","0,85 €/Kg"
Azeite Subtil,Gallo,Garrafa de 2 l,"3,29 €","4,39 €/L"
Ananás Açores,Programa Origens,1 un=1 kg aprox.,"2,50 €","1,25 €/Kg"
Massa de espirais,Nacional,Embalagem de 500g,"0,99 €","1,98 €/Kg"
Limpa injetores diesel,PorSi,Embalagem de 250 ml,"14,99 €","14,99 €/L"
Comida húmida para gato seleção de peixes,Gourmet mp,Embalagem de 300g,"3,59 €","2,99 €/Kg"
Ambientador vela baunilha,PorSi,1 unidade,"2,53 €","2,53 €/Unidade"
Champanhe,Moet & chandon,"Garrafa de 0,75 l","40,29 €","53,72 €/L"
Melão Verde,Fruta da Época,Vendido ao peso | 1 un = 4kg (aprox.),"0,75 €","2,99 €/Kg"
"Iogurte, sabor a tutti-fruti",PorSi,Embalagem de 4 x 125 g,"1,87 €","1,25 €/Kg"
Recarga inseticidas elétrico,Raid,Embalagem de 3 x 27 ml,"7,69 €","7,69 €/Unidade"
Manga Barco,Fruta do Dia,1 un = 500 gr (aprox.),"2,29 €/Kg","2,29 €/Kg"
Lombo de bacalhau,PorSi,Vendido ao peso,"8,73 €/Kg","8,73 €/Kg"
Refrigerante c/ gás zero,Coca-Cola,pack 4 x 1 l,"0,40 €/L","0,40 €/L"
Tortitas de arroz chocolate negro,PorSi Viva Bem,130 g,"1,45 €","11,15 €/Kg"
Infusão de menta,Tetley,Embalagem de 10g,"0,89 €","68,46 €/Kg"
Doce de abóbora c/ noz,Quinta de Jugais,Embalagem de 280g,"2,19 €","9,95 €/Kg"
Papel higiénico macio absorvente,PorSi,12 rolos,"1,99 €","1,99 €/Unidade"
"Chocolate, extra single",Twix,Embalagem de 80g,"16,72 €/Kg","16,72 €/Kg"
Café lote normal moagem fina,PorSi,Embalagem de 250 g,"9,76 €/Kg","9,76 €/Kg"
Toranja,Fruta do Dia,1 un = 300 gr  (aprox.),"0,50 €","1,99 €/Kg"
Alimento para cão junior,HappyOne,Embalagem de 10 kg,"1,15 €/Kg","1,15 €/Kg"
Condicionador spray penteia fácil,Johnson's Baby,Embalagem de 200 ml,"4,39 €","21,95 €/L"
Vinho branco,PorSi,embalagem de 1 litro,"0,85 €/L","0,85 €/L"
Gelatina de morango,Royal,Embalagem de 114g,"0,55 €","61,11 €/Kg"
Feuilletine,Du Bois de la Roche,Embalagem de 135 g,"0,39 €","3,12 €/Kg"
"Creme de noite, age perfect",L'oreal,Embalagem de 50 ml,"2,99 €","59,80 €/L"
"Jogo ""Faz Fita""",Majora,1 unidade,"7,99 €","7,99 €/Unidade"
Monopoly Edição Batoteiros,Hasbro,1 unidade,"23,99 €/Unidade","23,99 €/Unidade"
Cabeça sem Osso,Porco,1 un = 1 kg (aprox.),"0,60 €","5,99 €/Kg"
Chá de infusão salutem nº 28 - quebra pedra 10 saque...,Salutem,Embalagem de 15g,"0,89 €","59,33 €/Kg"
"Guardanapos brancos, 33x33cm, 2 folhas",PorSi,Embalagem com 100 unidades,"1,29 €","1,29 €/Unidade"
Rebuçados de mentol,PorSi,Embalagem de 250g,"0,77 €","3,85 €/Kg"
Polvilho doce,PorSi,Embalagem de 500g,"2,25 €","4,50 €/Kg"
Vinagre de sidra,PorSi,500 ml,"0,35 €","0,70 €/L"
"Azeitonas pretas sem caroço, frasco de 165 g",PorSi,Embalagem de 165g,"2,19 €","2,81 €/Kg"
Máquina Depilatória Extra Smooth Sensitive,Gillette,1 unidade,"5,49 €","5,49 €/Unidade"
"Luvas multiusos relevo antiderrapante, tamanho grand...",PorSi,Embalagem de 1 unidades,"2,40 €","2,40 €/Unidade"
Pá do Lixo C/ Cabo,PorSi,1 un.,"2,20 €","2,20 €/Unidade"
Posta de atum ao natural,PorSi,Embalagem de 120g,"0,89 €","7,42 €/Kg"
Ketchup picante,Heinz,460 g,"0,87 €","2,90 €/Kg"
"Elixir bocal, menta",Labell,Embalagem de 500 ml,"5,99 €","11,98 €/L"
Chá infusão nº2 noites tranquilas,Cemporcent,Embalagem de 13g,"0,89 €","59,33 €/Kg"
Banco Monobloco Verde Escuro,Joluce,1 unidade 36X36X46cm,"3,49 €","3,49 €/Unidade"
Leite UHT Morango sem Lactose,Mimosa,Pack 3 x 250 ml,"0,99 €","0,99 €/L"
Alimento lácteo banana +6 meses,Yogolino,Embalagem de 4 x 100 g,"2,89 €","7,23 €/Kg"
"Jogo ""Gira a Garrafa""",Concentra,1 unidade,"23,99 €/Unidade","23,99 €/Unidade"
Gelatina tutti-fruti,PorSi,Embalagem de 170g,"0,55 €","61,11 €/Kg"
20 saquetas chá de pêssego manga,Lipton,Embalagem de 40g,"48,33 €/Kg","48,33 €/Kg"
Manteiga sem sal terra nostra,Terra Nostra,Embalagem de 250g,"1,89 €","7,56 €/Kg"
Gin dry,Gibson's,Garrafa de 700 ml,"19,79 €","19,79 €/L"
Saco de cama para adulto,Saurium,1 unidade,"14,99 €","14,99 €/Unidade"
Nata uht carbonara,Parmalat,Embalagem de 200 ml,"0,75 €","3,75 €/L"
Tablete de chocolate branco,Schogetten,Embalagem de 100g,"0,99 €","9,90 €/Kg"
Lombo s/ Osso,Porco,Vendido ao peso a partir de 1 kg,"3,99 €","3,99 €/Kg"
Sultana Dourada,PorSi,Embalagem de 200g,"0,79 €","3,95 €/Kg"
Bolachas água e sal doces,Vieira,Embalagem de 170g,"1,19 €","5,95 €/Kg"
Vinho doc dão tinto,Santar,Garrafa de 0.75 l,"7,49 €","9,99 €/L"
Papel higiénico compacto 2 folhas,PorSi,18 = 36 Rolos,"1,99 €","1,99 €/Unidade"
Borracha para desenho técnico,Domédia,1 unidade,"3,19 €","3,19 €/Unidade"
Jardineira de novilho,PorSi,Embalagem de 400 g,"4,99 €","12,48 €/Kg"
Gel Styling Casual Black,Axe,Embalagem de 75 ml,"5,99 €","14,98 €/L"
Bloco sanitário power 5 duo blue water ocean,Domestos,Embalagem de 1 unidades,"5,49 €","5,49 €/Unidade"
Super Cola para Madeira,Vito,1 unidade,"2,99 €","99,67 €/Kg"
Chá infusão sene,Cemporcent,Embalagem de 13g,"0,99 €","99,00 €/Kg"
Chocolate para culinária 85% cacau sem glúten,Regina,embalagem de 200 g,"1,04 €","8,32 €/Kg"
Inseticida Aerossol Rapid Moscas e Mosquitos,Raid,1 Embalagem 600ml,"5,09 €","8,48 €/L"
Infusão carqueja,Cemporcent,Embalagem de 10 unidades,"0,89 €","68,46 €/Kg"
Sopa de tomate,Knorr,Embalagem de 90g,"0,62 €","10,00 €/Kg"
Cominhos moídos,PorSi,Embalagem de 35g,"0,25 €","0,25 €/Kg"
Chantilly,Royal,Embalagem de 70g,"1,29 €","3,23 €/Kg"
Molho de nata para carne,Mimosa,Garrafa de 200 ml,"0,87 €","2,90 €/Kg"
Batata pré-frita cubos,PorSi,Embalagem de 1 kg,"1,39 €","1,39 €/Kg"
Esfregão Fibra Verde Grande XXL Gama Classic,Scotch-Brite,Embalagem de 1 unidades,"0,79 €","0,79 €/Unidade"
Folhado de carne,Pastelaria do Dia,1 unidade = 90 g,"0,65 €","0,65 €/Unidade"
Chá infusão funcho bio,Cemporcent,Embalagem de 13g,"0,89 €","59,33 €/Kg"
Cápsulas de café qharacter,Delta Q,Embalagem de 60g,"54,36 €/Kg","54,36 €/Kg"
Leite creme,PorSi,Embalagem de 4x23g,"2,99 €","6,64 €/Kg"
Alimento seco p/ cão actividade intensa,PorSi,Embalagem de 4kg,"1,15 €/Kg","1,15 €/Kg"
Mini salsichas cocktail,Nobre,lata de 180g,"0,75 €","3,75 €/Kg"
Baguete,PorSi,250 g,"0,19 €","2,38 €/Kg"
"12 lápis de cor, 18cm",Domédia,Uma embalagem,"4,69 €","4,69 €/Unidade"
Recargas ambientador elétrico romantic vanilla bloss...,Glade,Embalagem de 2 x 20 ml,"1,79 €","1,79 €/Unidade"
Arroz Carolino,Cigala,Embalagem de 1 kg,"1,26 €","1,26 €/Kg"
Açúcar granulado,Rar,Embalagem de 1kg,"1,49 €","1,49 €/Kg"
Toalhitas Bebé Basic,PorSi,Embalagem de 72 unidades,"1,09 €/Unidade","1,09 €/Unidade"
Flocos de cereais com mel,PorSi,Embalagem de 750g,"3,29 €","4,39 €/Kg"
Legumes verdes para sopa,PorSi,Embalagem de 1 kg,"1,98 €","1,98 €/Kg"
Conjunto de futebol,Dunlop,2 balizas e acessórios,"27,99 €/Unidade","27,99 €/Unidade"
Atum posta em óleo,Noro,Lata com 110 g,"0,89 €","7,42 €/Kg"
Boneca Caty 85 cm,Vicam,1 unidade,"27,99 €/Unidade","27,99 €/Unidade"
Spray power&shine casa de banho,Cif,Garrafa de 750 ml,"0,79 €","0,79 €/L"
Espumoso moscato,Selecção de Enófilos,"Garrafa de 0,75 l","3,99 €","5,32 €/L"
Banana,Fruta do Dia,1 un = 200 gr (aprox.),"0,26 €","1,29 €/Kg"
Chá de infusão salutem naturcurvas 10 saquetas,Salutem,Embalagem de 15g,"0,89 €","59,33 €/Kg"
Contact Ceys,Ceys,1 unidade,"2,99 €","99,67 €/Kg"
Infusão alcachofra e dente de leão,Cemporcent,Embalagem de 10 unidades,"0,89 €","68,46 €/Kg"
Queijo dop cura 12 meses,Sao jorge,Embalagem de 300g,"25,45 €/Kg","25,45 €/Kg"
Creme de Barrar com Sabor a Manteiga,Becel,Embalagem de 400g,"1,99 €","3,98 €/Kg"
Mortadela de peru,PorSi,1 un = 150 gr (aprox.),"0,95 €","4,75 €/Kg"
Café Clássico,PorSi,10 cápsulas,"54,36 €/Kg","54,36 €/Kg"
"Refeição pronta, boião de frango e arroz",Bledina,Embalagem de 200g,"2,19 €","11,53 €/Kg"
Amaciador de roupa peónia azul e citrus,Surf,90 doses,"8,99 €","2,25 €/L"
Farinha,Maizena,Embalagem de 400g,"1,99 €","1,99 €/Kg"
Snack de Chocolate Preto,Kit kat,Embalagem de 3 x 41.5 g,"16,72 €/Kg","16,72 €/Kg"
Esoumante prosecco branco,Gancia,Garrafa de 750 ml,"3,99 €","5,32 €/L"
Spray de lavagem a seco delicado,Day 2,200 ml,"1,19 €","2,98 €/Kg"
Spray power&shine cozinha,Cif,Garrafa de 750 ml,"0,79 €","0,79 €/L"
"Refresco em pó, ananás",Tang,Embalagem de 30g,"0,75 €","18,75 €/Kg"
"Recarga ambientador eléctrico, alfazema",PorSi,Embalagem de 25 ml,"1,79 €","1,79 €/Unidade"
Cafe soluvel c/c 200g,Delta,Embalagem de 200g,"14,50 €/Kg","14,50 €/Kg"
Refresco pó laranja e morango,PorSi,Embalagem de 40g,"0,75 €","18,75 €/Kg"
Nata uht light para culinária,PorSi,embalagem de 200 ml,"0,75 €","3,75 €/L"
Cerveja preta 0.0%,Sagres,Pack 4 x 0.33 l,"5,99 €","3,03 €/L"
Crazy Chic Relógios com Estilo,Clementoni,1 unidade,"27,99 €/Unidade","27,99 €/Unidade"
Peito de frango forno a lenha,Primor,"Vendido ao peso, fatiado a partir de 100 gr","1,99 €","13,27 €/Kg"
Cera liquida amarela,Novycera,Garrafa de 500 ml,"2,49 €","2,49 €/L"
Bolacha Maria,Cuetara,Embalagem de 200g,"2,11 €/Kg","2,11 €/Kg"
Bandas cera depilatórias corpo pele sensível,Labell,40 unidades,"3,11 €","3,11 €/Unidade"
Chá de plantas salutem - rooibos (chá vermelho) r,Salutem,Embalagem de 50g,"0,89 €","59,33 €/Kg"
Pão ralado crocante,ESPIGA,Embalagem de 150g,"0,72 €","3,00 €/Kg"
Creme vegetal soja,Planta,Embalagem de 250 gr,"2,09 €","8,36 €/Kg"
"Comida húmida para cão adulto com frango, vaca e bor...",Friskies,Embalagem de 400g,"0,75 €","2,50 €/Kg"
Bolachas oreo,Oreo,Embalagem de 440g,"0,79 €","4,49 €/Kg"
Compak Regular Tampões Com Aplicador,Tampax,22 unidades,"3,99 €","3,99 €/Unidade"
Perolas perfumadas fresh,PorSi,Embalagem de 275 g,"8,69 €","1,84 €/Kg"
Tapioca granulada,Cemporcent,Embalagem de 250g,"1,99 €","3,98 €/Kg"
"Alimento seco para gato adulto, vaca",Whiskas,"Embalagem de 1,75 kg","12,99 €","4,33 €/Kg"
Vinho tinto,PorSi,embalagem de 5 litros,"5,19 €","1,04 €/L"
Leite Bem Essencial morango,Mimosa,Embalagem de 4 x 200 ml,"1,99 €","2,49 €/L"
Café nespresso descafeinado intensidade 11,STARBUCKS,Embalagem com 10 unidades,"1,59 €","6,36 €/Kg"
Pudim zero pessego-maracuja 22g,Condi,Embalagem de 20g,"0,59 €","29,50 €/Kg"
"Batata frita wavy, ondulada",PorSi,Embalagem de 90g,"1,01 €","5,46 €/Kg"
Pão Bijou Mistura,Pão do Dia,1 unidades = 45 g,"0,19 €","2,38 €/Kg"
Iogurte líquido infantil morango e banana,PorSi,Pack 6 x 100 g,"1,05 €","1,86 €/L"
Café mistura peninsular,Delta,Embalagem de 250g,"0,79 €","3,16 €/Kg"
Nata uht,Agros,Garrafa de 200 ml,"0,75 €","3,75 €/L"
Soja polpa fruta,PorSi Viva Bem,Embalagem de 8 x 100 g,"2,38 €","2,98 €/Kg"
Manteiga amendoim cremosa,PorSi,Embalagem de 340g,"10,84 €/Kg","10,84 €/Kg"
Tapioca hidratada sem adição de açúcares,PorSi Viva Bem,Embalagem de 500 g,"0,69 €","1,73 €/Kg"
Cereais fitness chocolate,Nestle,Embalagem de 380g,"5,59 €","8,87 €/Kg"
Vinho regional península de setúbal branco,J.m.f.,Garrafa de 750 ml,"2,99 €","3,99 €/L"
"Espumante cava bruto, reserva",Freixenet,Garrafa de 750 ml,"8,49 €","11,32 €/L"
Chá de infusão salutem nº 08 - procolesterol 10 saqu...,Salutem,Embalagem de 15g,"0,89 €","59,33 €/Kg"
Alheira Especial de Trás-Os-Montes,PorSi,200 g,"1,49 €","7,45 €/Kg"
Gelatina de frutos tropicais,PorSi,Embalagem 2X85G,"0,55 €","61,11 €/Kg"
Chá príncipe,Cemporcent,Embalagem de 40g,"0,89 €","59,33 €/Kg"
Piri piri,Calve,Garrafa de 50 ml,"0,87 €","2,90 €/Kg"
Detergente liquido loiça clássico,PorSi,Garrafa de 1 litro,"1,05 €","2,10 €/L"
Chá detox matinal infusão,Cemporcent,Embalagem de 13g,"0,89 €","59,33 €/Kg"
"Vinagre virgem branco, spray",Paladin,Garrafa de 250 ml,"0,35 €","0,70 €/L"
Chá de infusão salutem nº 25 - laranjeira flor 10 sa...,Salutem,Embalagem de 15g,"0,89 €","59,33 €/Kg"
Dentífrico júnior 7 a 12 anos,Colgate,Embalagem de 50 ml,"0,99 €","0,99 €/Unidade"
Champô Anti-Caspa,Pantene,360 ml,"5,59 €","13,98 €/L"
Bolachas com recheio de chocolate,PorSi,Embalagem de 500g,"2,78 €/Kg","2,78 €/Kg"
Mistura solúvel c/ 20% café granulado,PorSi,Embalagem de 200g,"0,79 €","3,16 €/Kg"
Super tea boost com vitamina b6,Tetley,Embalagem de 40g,"48,33 €/Kg","48,33 €/Kg"
Feijão verde,PorSi,Embalagem de 750 g,"1,98 €","1,98 €/Kg"
Bolacha vitalday crocante chocolate,Gullon,Embalagem de 280g,"2,98 €","9,93 €/Kg"
Açúcar granulado embalado em papel,Rar,Embalagem de 1 kg,"1,49 €","1,49 €/Kg"
Tablete de chocolate culinário negro,PorSi,Embalagem de 200 g,"1,04 €","8,32 €/Kg"
Papaia Avião,Fruta do Dia,1 un = 500 g (aprox.),"2,29 €/Kg","2,29 €/Kg"
Queijo ovelha curado amanteigado,Seia,Embalagem de 250g,"4,62 €","18,49 €/Kg"
Seitan,Salutem,Embalagem de 300g,"3,99 €","10,23 €/Kg"
Creme abrasivo de limão,PorSi,Embalagem de 750 ml,"4,99 €","7,13 €/L"
Alho-francês,PorSi,Embalagem de 750 g,"1,98 €","1,98 €/Kg"
Caldeirada,Bacalhau,Embalagem de 400 g,"8,73 €/Kg","8,73 €/Kg"
Rojões,Porco,1 un = 250 gr  (aprox.),"3,99 €","3,99 €/Kg"
Soro fisiológico,PorSi,Embalagem de 100 ml,"0,55 €","5,50 €/L"
Apara lápis,Maped,1 unidade,"2,69 €","2,69 €/Unidade"
Café intenso,Buondi,10 cápsulas,"54,36 €/Kg","54,36 €/Kg"
Escova e pente,Neo Baby,1 unidade,"5,99 €","5,99 €/Unidade"
Detergente em pó máquina de lavar roupa lavanda,PorSi,75 doses,"8,69 €","1,84 €/Kg"
Cola Especial Calçado,Pattex,Embalagem de 30 g,"2,99 €","99,67 €/Kg"
Caixa de ferramentas 32 peças,Vicam,1 unidade,"27,99 €/Unidade","27,99 €/Unidade"
Vinho maduro tinto,C.da eira,Garrafa de 250 ml,"0,85 €/L","0,85 €/L"
Liquido brilhante sapato preto,PorSi,75 ml,"2,25 €","45,00 €/L"
Magic coberto chocolate leite,Gullon,Embalagem de 240g,"2,78 €/Kg","2,78 €/Kg"
Pasta dentífrica,Couto,Embalagem de 60 ml,"2,39 €","31,87 €/L"
Agrião Programa Origens,PorSi,embalagem de 170 g,"0,99 €","0,99 €/Kg"
Fralda de Incontinência c/ Elásticos Tamanho Médio,Lindor,Embalagem de 52 un.,"18,65 €","18,65 €/Unidade"
Papel Higiénico Original 2 folhas,Scottex,Embalagem c/ 16 Rolos,"1,99 €","1,99 €/Unidade"
Pano limpa pó de flanela,PorSi,1 unidade,"1,79 €","1,79 €/Unidade"
Pizza de bolonhesa,PorSi,Embalagem de 350g,"2,16 €","6,17 €/Kg"
Creme culinário soja,PorSi Viva Bem,Embalagem de 200 ml,"3,99 €","26,60 €/L"
Vinho regional tejo reserva tinto,Casaleiro,Garrafa de 0.75 l,"4,99 €","6,65 €/L"
Sopa portuguesa programa origens,PorSi,embalagem de 300 g,"0,99 €","0,99 €/Kg"
Molho bechamel,Parmalat,Embalagem de 200 ml,"0,75 €","3,75 €/L"
Vinho tinto península de setúbal,Pioneiro,Garrafa de 0.75 l,"2,99 €","3,99 €/L"
Papa infantil láctea banana laranja +6 meses,Cerelac,Embalagem de 250g,"4,99 €","4,99 €/Kg"
Rebuçados cristais de neve,PorSi,Embalagem de 250g,"1,15 €","4,60 €/Kg"
Chá infusão boldo,Cemporcent,Embalagem de 13g,"0,89 €","59,33 €/Kg"
Chá Aromatizado Pirâmide Oriente/Canela,PorSi,20 x 2 g,"0,99 €","99,00 €/Kg"
Cera Depilatória,Veet,Embalagem de 250 ml,"3,11 €","3,11 €/Unidade"
Arroz Risotto,PorSi,Embalagem de 1 kg,"1,26 €","1,26 €/Kg"
Creme Suavizante Picadas de Insectos,Mercurochrome,Embalagem 50 ml,"0,58 €","0,58 €/Unidade"
Liquido em gel para WC Hibisco Rosa,Ambipur,Embalagem de 750 ml,"2,79 €","3,99 €/L"
Estojo de maquilhagem Fairy Style,Clementoni,1 unidade,"27,99 €/Unidade","27,99 €/Unidade"
Pêssego Vermelho,Programa Origens,1 un = 150 gr (aprox.),"0,50 €","1,99 €/Kg"
Batata frita light,Lay's,Embalagem de 140g,"0,95 €","6,33 €/Kg"
Biscoito para cão strips,Purina One,Embalagem de 90g,"1,09 €","6,06 €/Kg"
Toalhitas bebé natural care,Huggies,3 x 56 unidades,"1,09 €/Unidade","1,09 €/Unidade"
"Jogo ""Números Táteis""",Clementoni,1 unidade,"27,99 €/Unidade","27,99 €/Unidade"
Esparregado de espinafres sem lactose,PorSi Viva Bem,Embalagem de 360 g,"2,59 €","5,40 €/Kg"
Sobremesa de Arroz Doce,PorSi,Embalagem 2X135G,"0,55 €","2,75 €/Kg"
Moscatel de setúbal,Alambre,"Garrafa de 0,75L","5,99 €","7,99 €/L"
Néctar clássico pêssego,Compal,200 ml,"0,99 €","0,99 €/L"
Bolachas cream cracker,PorSi,Embalagem de 200g,"0,39 €","3,12 €/Kg"
Amaciador concentrado spa,PorSi,80 doses,"1,99 €","1,00 €/L"
Polvilho azedo,PorSi,Embalagem de 500g,"2,25 €","4,50 €/Kg"
Millet (milho painço),Cemporcent,Embalagem de 500g,"1,99 €","3,98 €/Kg"
Detergente Manual p/ Lavar Roupa Regular,Gama,Embalagem de 510 g,"1,19 €","2,98 €/Kg"
Gogo SqueeZ Snack Morango,Gogo,Embalagem de 4 x 90g,"2,29 €","6,94 €/L"
Fralda Activity T3 - 6 a 10 kg,Dodot,66 unidades,"6,49 €","6,49 €/Unidade"
Desfiado de Bacalhau,Bacalhau,Embalagem de 400 g,"8,73 €/Kg","8,73 €/Kg"
Salsicha p/Churrasco Aves,Carne Sorraia,1 Embalagem 360G,"0,99 €","7,07 €/Kg"
Vinho Regional de Lisboa Branco,Mundus,"Garrafa de 0,75L","2,12 €/L","2,12 €/L"
"Creme depilatório para duche, peles sensiveis",Veet,Garrafa de 150 ml,"10,99 €","73,27 €/L"
Chá antes refeição infusão,Cemporcent,Embalagem de 13g,"0,89 €","59,33 €/Kg"
Chourição,PorSi,"Vendido ao peso, fatiado a partir de 100 gr","0,95 €","9,49 €/Kg"
Adoçante em pó stevia,PorSi Viva Bem,Embalagem de 17g,"5,99 €","23,96 €/Kg"
Cola universal,Uhu,Embalagem de 20 ml,"2,19 €","109,50 €/L"
Cerveja sem álcool,Cheers,Pack 6 x 0.33 l,"5,99 €","3,03 €/L"
Spray vitrocerâmica/indução,PorSi,Embalagem de 500 ml,"1,79 €","2,39 €/L"
Puzzle Patrulha Pata,Clementoni,2 x 20 peças,"23,99 €/Unidade","23,99 €/Unidade"
Condicionador cabelos loiros,Ultra Suave,Embalagem de 200 ml,"1,00 €","5,00 €/L"
Pensos peles sensíveis sortidos,PorSi,20 unidades,"0,59 €","1,18 €/L"
Gelatina pronta a comer light 10 kcal morango,Royal,Embalagem de 4 x 100 g,"0,85 €","2,13 €/Kg"
Chocolates maltesers,MALTESERS,Embalagem de 90g,"1,39 €","19,86 €/Kg"
Lata Cebo Protexol Incolor,Búfalo,Embalagem de 75 ml,"0,99 €","19,80 €/L"
Massa p/ empada,Pasta dia,Embalagem de 280g,"0,99 €","4,30 €/Kg"
Nutella b-ready t.2,Nutella,Embalagem de 50g,"2,29 €","17,62 €/Kg"
Chá de infusão salutem nº 05 - prolax 10 saquetas,Salutem,Embalagem de 15g,"0,89 €","59,33 €/Kg"
Manteiga magra,Matinal,Embalagem de 250g,"1,89 €","7,56 €/Kg"
Mistura de sementes,PorSi Viva Bem,Embalagem de 200 g,"1,59 €","10,60 €/Kg"
Tosta integral de alfarroba,Cemporcent,Embalagem de 250g,"2,19 €","8,76 €/Kg"
Delta cappuccino 10x14g,Delta,Embalagem de 140g,"3,19 €","25,52 €/Kg"
Nuggets pescada panada,Pescanova,Embalagem de 1Kg,"1,79 €","7,16 €/Kg"
Sopa de Cebola,PorSi,Embalagem de 62 g,"0,62 €","10,00 €/Kg"
Super tea matcha verde,Tetley,Embalagem de 40g,"48,33 €/Kg","48,33 €/Kg"
Água s/ gás,Luso,"Garrafa de 5,4 l","1,04 €","0,17 €/L"
Farinha para bolos fina,Branca de Neve,Embalagem de 1 kg,"1,99 €","1,99 €/Kg"
Borrego Inteiro/Metades,Borrego,"1/2 un = 7 kg,  1 un = 14 kg (aprox.)","69,86 €","9,98 €/Kg"
Tremoço médio,PorSi,Embalagem de 350 g,"2,19 €","2,81 €/Kg"
Gengibre desidratado em cubos,Cemporcent,Embalagem de 100g,"1,99 €","3,98 €/Kg"
As minhas primeiras receitas - refeição legumes com ...,Nestle,Embalagem de 190g,"2,19 €","11,53 €/Kg"
Aguardente vínica velha,Alianca v.,Garrafa de 700 ml,"11,49 €","16,41 €/L"
Queijo Snack Chevre/Cabra,President,,"2,49 €","16,60 €/Kg"
Chá de infusão salutem nº 21 - chá verde com ginseng...,Salutem,Embalagem de 15g,"0,89 €","59,33 €/Kg"
Chá infusão são roberto,Cemporcent,Embalagem de 13g,"0,89 €","59,33 €/Kg"
Centro Cuidados para Gatos,Écoiffier,,"27,99 €/Unidade","27,99 €/Unidade"
Café Solúvel Espresso Intenso,Nescafe,Embalagem de 100g,"14,50 €/Kg","14,50 €/Kg"
Halls Mini Mints Melancia,Halls,12.5 g,"1,08 €","5,40 €/Kg"
Abrasivo sanitário gel citrinos,PorSi,embalagem de 1 litro,"4,99 €","7,13 €/L"
Chourição,Salsicharia Limiana,1 un = 100 gr (aprox.),"0,95 €","9,49 €/Kg"
"Chave de Phillips Cabo Bimat, 3.0x75mm",Itools,1 unidade,"5,99 €","5,99 €/Unidade"
Polvo limpo,PorSi,Embalagem de 800 g,"5,49 €","6,86 €/Kg"
"Gel cabelo, hard cement",Fru style,Embalagem de 200 ml,"3,99 €","53,20 €/L"
Leite com chocolate,PorSi,Embalagem de 200 ml,"0,26 €","1,30 €/L"
Crackers s/ sal superficie,GRAN PAVES,Embalagem de 560g,"0,39 €","3,12 €/Kg"
Farinheira das beiras,PorSi,Embalagem de 260G,"1,49 €","7,45 €/Kg"
Creme descolorante,Veet,Garrafa de 150 ml,"10,99 €","73,27 €/L"
Lixívia Denso-Activa Tradicional p/ Casa e Roupa,Neoblanc,Embalagem de 2 l,"1,74 €","0,35 €/L"
4 Potes,Play-Doh,1 Embalagem,"7,99 €","7,99 €/Unidade"
Carro de Limpeza,Vicam,1 unidade,"27,99 €/Unidade","27,99 €/Unidade"
Barrinhas de  pescada panada,Pescanova,Embalagem de 1.2K,"9,30 €/Kg","9,30 €/Kg"
Batata frita com sal,Ruffles,Embalagem de 90g,"1,01 €","5,46 €/Kg"
Mandioca,Legumes do Dia,1 un=500 gr (aprox.),"0,47 €","4,69 €/Kg"
Mel de néctar multifloral bio,PorSi Bio,Frasco de 250g,"4,89 €","9,78 €/Kg"
Água sem gás,Vitalis,Garrafa de 0.5 l,"1,04 €","0,17 €/L"
Detergente máquina loiça tudo em 1 limão,Sun,70 pastilhas,"1,49 €","5,96 €/L"
Lombo Atum Descongelado,Peixe do Dia,1 unidade = 300 gr (aprox.),"6,49 €/Kg","6,49 €/Kg"
Renovador de Camurça em Spray Castanho,Búfalo,Embalagem de 250 ml,"6,19 €","24,76 €/L"
Café em grão,Delta,Embalagem de 250g,"9,16 €/Kg","9,16 €/Kg"
Pó de talco,PorSi,Embalagem de 250g,"0,55 €","5,50 €/L"
Pilha alcalina heightch lr14x2,Domédia,1 unidade,"1,75 €","1,75 €/Unidade"
Tostas suecas de trigo,PorSi,Embalagem de 225 g,"2,39 €","6,83 €/Kg"
Caramelos de nata,Werthers,Embalagem de 140g,"2,75 €","11,00 €/Kg"
"Azeite clássico, virgem extra",Oliveira da Serra,Garrafa de 2 l,"3,29 €","4,39 €/L"
Chá de infusão salutem nº 15 - cidreira 10 saquetas,Salutem,Embalagem de 15g,"0,89 €","59,33 €/Kg"
Entrecosto,Porco,Vendido ao peso a partir de 1 kg,"3,99 €","3,99 €/Kg"
Guardanapos brancos 22x22cm | folha dupla,Renova,90 unidades,"1,29 €","1,29 €/Unidade"
Chá infusão sene bio,Cemporcent,Embalagem de 13g,"0,89 €","59,33 €/Kg"
Aperitivo pappadum simples,PATAKS,Embalagem de 100g,"1,65 €","12,69 €/Kg"
Prato com naperon 30cm,PorSi,1 unidade,"0,54 €","0,54 €/Unidade"
Tiras de milho crocantes,PorSi,embalagem de 130 g,"1,65 €","12,69 €/Kg"
Tablete de chocolate com avelãs,PorSi,Embalagem de 100 g,"6,50 €/Kg","6,50 €/Kg"
Snack tex-mex,Doritos,Embalagem de 260g,"1,65 €","12,69 €/Kg"
Pipetas repelente para cão,Repul' 7,Embalagem de 1 unidades,"19,99 €","19,99 €/Unidade"
Cogumelos laminados,PorSi,780 g,"2,19 €","2,81 €/Kg"
Licor de coco,On Off,"Garrafa de 0,70 l","7,49 €","10,70 €/L"
Detergente líquido p/ máquina lavar roupa cores escu...,Woolite,"Garrafa de 1,65 l","8,69 €","1,84 €/Kg"
Batata frita caseira,PorSi,Embalagem de 180g,"0,87 €","5,44 €/Kg"
Bolachas com geleia de framboesa,Chabrior,Embalagem de 150 g,"1,77 €","5,53 €/Kg"
Azeite Virgem Extra Clássico,Gallo,Garrafa de 2 l,"3,29 €","4,39 €/L"
Vinho regional de lisboa tinto,Marginal,Garrafa de 750 ml,"4,99 €","6,65 €/L"
Chá tetley supertea sweetdreams 10x20x2g,Tetley,Embalagem de 40g,"0,89 €","59,33 €/Kg"
Sacos do lixo jardim 130 litros,PorSi,10 sacos,"1,89 €","1,89 €/Unidade"
Folhado de salsichas,Pastelaria do Dia,1 unidade = 110 g,"0,65 €","0,65 €/Unidade"
Soja nacos,PorSi Viva Bem,Embalagem de 400 g,"2,09 €","8,36 €/Kg"
Tablete de chocolate culinário branco,PorSi,Embalagem de 180 g,"1,04 €","8,32 €/Kg"
"Palmilha de cortiça com látex, tamanho 36/37",Sonaf,1 unidade,"4,69 €","46,90 €/L"
Cereais fitness chocolate preto,Nestle,Embalagem de 375g,"5,59 €","8,87 €/Kg"
Café moído torrado aroma originale,Belissimo,Embalagem de 200g,"9,16 €/Kg","9,16 €/Kg"
Pão de forma s/ côdea,Bimbo,Embalagem de 650 g,"0,99 €","1,65 €/Kg"
Vinho frisante rosé,Lapadas,Garrafa de 750 ml,"2,12 €/L","2,12 €/L"
Lima-limao zero,PorSi,Garrafa de 1.5 l,"0,40 €/L","0,40 €/L"
Maionese light,PorSi,Frasco de 414 g,"0,87 €","2,90 €/Kg"
Pilha alcalina hightech lr20x2,Domédia,1 unidade,"1,75 €","1,75 €/Unidade"
Lanche Misto,Pastelaria do Dia,1 unidade= 115 g,"0,65 €","0,65 €/Unidade"
Alimento seco para gato steril,HappyOne,Embalagem de 2 kg,"12,99 €","4,33 €/Kg"
Caramelos de leite,Penha,Embalagem de 250g,"2,75 €","11,00 €/Kg"
Mostarda a'lancienne,PorSi Select,190 g,"0,87 €","2,90 €/Kg"
Água com gás natural pet,P.salgadas,pack 6 x 0.33 l,"2,85 €","2,85 €/L"
Desinfetante Têxtil,Sanytol,Embalagem de 500 ml,"10,99 €","52,33 €/Kg"
Néctar ananás,PorSi,Pack 3 x 200 ml,"0,99 €","0,99 €/L"
Vinho do Porto Branco,Velhotes,"Garrafa de 0,75 l","11,99 €","15,99 €/L"
Maçã Royal Gala 70/75,Programa Origens,1 un = 150 gr (aprox.),"0,33 €","2,19 €/Kg"
Sal cristal,PorSi,embalagem de 1 kg,"0,25 €","0,25 €/Kg"
Café solúvel clássico,Nescafe,Embalagem de 200g,"14,50 €/Kg","14,50 €/Kg"
Sidra,Kings Bräu,Pack 6 x 0.33 l,"1,59 €","3,18 €/L"
Nutella,Nutella,Embalagem de 700g,"10,84 €/Kg","10,84 €/Kg"
Barrita controlo de peso chocolate,Ignoramu,Embalagem de 44g,"1,99 €","45,23 €/Kg"
Queijo ralado mix 3 queijos,PorSi,Embalagem de 200 g,"7,45 €/Kg","7,45 €/Kg"
Pilha alcalina hightech lr03x8,Domédia,1 unidade,"1,75 €","1,75 €/Unidade"
Queijo de ovelha curado amanteigado,PorSi Select,250 g,"25,45 €/Kg","25,45 €/Kg"
Iogurte pedaços pêssego/alperce,PorSi,Embalagem de 4x125g,"4,38 €","2,19 €/Kg"
Vinho branco bag-in-box,Capataz,Embalagem de 5 l,"5,19 €","1,04 €/L"
Café em cápsulas aqtivus,Delta Q,Embalagem de 55 g,"54,36 €/Kg","54,36 €/Kg"
Detergente Máquina Roupa Liquido Bebé,Skip,60 doses,"3,55 €","2,37 €/L"
Refresco em pó de laranja,Tang,Embalagem de 30g,"0,75 €","18,75 €/Kg"
Lula limpa 20/40,PorSi,Embalagem de 800 g,"5,49 €","6,86 €/Kg"
Esfregão c/ Esponja Salva Unhas Ergonómico / Confort...,Scotch-Brite,Embalagem de 2 unidades,"0,79 €","0,79 €/Unidade"
Batata roxa,Legumes do Dia,Embalagem de 5 kg,"0,17 €","0,69 €/Kg"
Chá cidreira planta,Cemporcent,Embalagem de 50g,"0,89 €","59,33 €/Kg"
Rebuçados fruta,PorSi,Embalagem de 250g,"1,08 €","5,40 €/Kg"
Pão forma com côdea,PorSi,Embalagem de 600g,"0,99 €","1,65 €/Kg"
Café Torrado em Grão Indonésia,Delta,Embalagem de 220g,"9,16 €/Kg","9,16 €/Kg"
Bolachas crackers s/ sal,Du bois,Embalagem de 500g,"0,39 €","3,12 €/Kg"
Loção Hidratante para Depois do Sol,Nivea Sun,Embalagem de 200 ml,"9,99 €","49,95 €/L"
"Luva Nitrilica, anti-Deslizante, Nr.10",Itools,1 unidade,"5,99 €","5,99 €/Unidade"
Bebida energética tropical edition,Red Bull,Garrafa de 250 ml,"1,60 €","3,20 €/L"
Bebida de coco com arroz,PorSi Viva Bem,1 litro,"1,32 €","2,06 €/L"
Bloco Sanitário Poder Activo Aqua,Sonasol,Embalagem de 50 g,"5,49 €","5,49 €/Unidade"
Codornizes,Aves,1 un. = 150 g (aprox.),"1,05 €","2,99 €/Kg"
Leite condensado magro,Nestle,Embalagem de 390g,"1,09 €","2,75 €/Kg"
Tonic premium indian,Fever-Tree,Garrafa de 500 ml,"1,60 €","3,20 €/L"
Aguardente vínica,P.marante,Garrafa de 700 ml,"11,49 €","16,41 €/L"
Ameijoa Branca 60/80,*,Congelada,"2,00 €","7,99 €/Kg"
Vinho regional lisboa branco,Marginal,Garrafa de 750 ml,"4,99 €","6,65 €/L"
Estendal de roupa com abas resina,PorSi,20 metros,"0,89 €","0,89 €/Unidade"
Queijo grana padano ralado,Galbani,Embalagem de 60 g,"7,45 €/Kg","7,45 €/Kg"
Aperitivos  fritos,Fritos,Embalagem 130G,"1,65 €","12,69 €/Kg"
Manjericão,PorSi,50 g,"0,99 €","19,80 €/Kg"
Gogo SqueeZ Snack Morango,Gogo,Embalagem de 90g,"2,29 €","6,94 €/L"
Caramelo líquido,Royal,Embalagem de 400g,"1,29 €","3,23 €/Kg"
"Frutapura pera, banana e alperce",Bledina,Embalagem de 85g,"2,29 €","6,94 €/L"
Pimenta preta grão,PorSi,Saqueta de 50 g,"0,25 €","0,25 €/Kg"
Ameijoa Castanha Vietnamita,Marisco Congelado,Venda ao Kilo,"2,00 €","7,99 €/Kg"
Lixívia para roupa delicada,Neoblanc,Embalagem de 1 l,"0,60 €/L","0,60 €/L"
Marmelada com frutose,PorSi Viva Bem,Embalagem de 400g,"1,09 €","2,42 €/Kg"
Gelatina de morango,PorSi,Embalagem de 170g,"0,55 €","61,11 €/Kg"
Saco de rede para roupa,PorSi,Dim.: 30 x 25 cm,"2,70 €","2,70 €/Unidade"
Taolhão de banho,PorSi,100 x 150 cm,"12,00 €/Unidade","12,00 €/Unidade"
Fralda Cueca de Banho |Tamanho 3 X/S,Pommette,Embalagem de 12 un.,"8,49 €","8,49 €/Unidade"
Ameixa Amarela,Fruta da Época,1 un = 250 gr  (aprox.),"0,50 €","1,99 €/Kg"
Snack para cão adulto com frango,Friskies,Embalagem de 200g,"1,09 €","6,06 €/Kg"
Chá de infusão salutem nº 22 - sene folhas 10 saquet...,Salutem,Embalagem de 15g,"0,89 €","59,33 €/Kg"
Pensos Higiénicos Fina e Segura Normal,Evax,Embalagem c/ 24 Unidades,"2,59 €","2,59 €/Unidade"
Cueca Incontinência Boutique Plus M,Ausonia Discreet,Embalagem de 9 Un.,"18,65 €","18,65 €/Unidade"
Mortadela mini,PorSi,Embalagem de 350g,"0,95 €","4,75 €/Kg"
Medalhões  de Pescada,Peixe Congelado Higienizado,1 un = 150 gr (aprox.),"3,99 €","9,98 €/Kg"
Aditivo gasolina sem chumbo,Redex,Embalagem de 250 ml,"4,99 €","19,96 €/L"
Açúcar mascavado claro,Rar,Embalagem de 500 g,"1,49 €","1,49 €/Kg"
Pasta dentífrica gel kids,Labell,Embalagem de 50 ml,"0,99 €","0,99 €/Unidade"
Cenoura baby,PorSi,Embalagem de 400 g,"1,98 €","1,98 €/Kg"
"Limpa vidros, azul",PorSi,Embalagem de 5 l,"3,99 €","0,80 €/L"
Palmiers,PorSi,Embalagem de 720 g,"1,69 €","6,76 €/Kg"
Dentífrico infantil frutas naturais 3 aos 5 anos,Colgate,50 ml,"0,99 €","0,99 €/Unidade"
Leite uht sem lactose magro,PorSi Viva Bem,1 litro,"0,99 €","0,99 €/L"
Lava tudo amigo dos animais,Xanpa,Embalagem de 1 l,"2,59 €","1,30 €/L"
"Vinho branco região da península de setúbal, bag in ...",Dom Campos,Garrafa de 5 l,"9,49 €","1,90 €/L"
Piscina familiar,Bestway,Dim.: 262x157x46 cm,"32,99 €","32,99 €/Unidade"
Bolacha recheada mega duo chocolate,Gullon,Embalagem de 500g,"2,78 €/Kg","2,78 €/Kg"
Especialidade soja baunilha,PorSi Viva Bem,Embalagem de 4 x 100 g,"2,38 €","2,98 €/Kg"
Pensos Incontinência Homem Men Diário,Tena,14 un.,"1,95 €","1,95 €/Unidade"
Chá de infusão salutem naturventre 10 saquetas,Salutem,Embalagem de 15g,"0,89 €","59,33 €/Kg"
Chispalhada,PorSi,Embalagem de 420 g,"2,35 €","5,60 €/Kg"
Lasanha,Nacional,Embalagem de 400g,"0,99 €","1,98 €/Kg"
Cadeira Auto Befix Grupo 2/3,Nania,1 unidade,"54,99 €","54,99 €/Unidade"
"Refrigerante sem gás, maracujá e la",Joi,"Garrafa de 1,5 l","1,14 €","0,76 €/L"
Brandy  (36º),Macieira,Garrafa de 700 ml,"11,99 €","17,13 €/L"
Tequila,On Off,Garrafa de 70 cl,"11,99 €","11,99 €/L"
Salada de Marisco,*,Embalagem de 700 g,"4,99 €","6,24 €/Kg"
Vinho rosé,C.mendes,Garrafa de 750 ml,"3,19 €","4,25 €/L"
Saqueta de puré de fruta | maçã + pera,PorSi,90 g,"0,74 €","8,22 €/Kg"
Batata frita rodelas,PorSi,Embalagem de 2x70g,"1,01 €","5,46 €/Kg"
Inseticida Elétrico Citronela,Dum Dum,1 unidade = 45 noites,"7,69 €","7,69 €/Unidade"
Bacalhau com azeite e alho,PorSi Select,Lata de 120 g,"0,89 €","7,42 €/Kg"
Gel de Banho Coconut Milk,Dove,Embalagem de 750 ml,"6,39 €/L","6,39 €/L"
Snack cão dentafresh pequeno,Pedigree,Embalagem de 110 g,"1,09 €","6,06 €/Kg"
Recarga p/ ambientador elétrico flores,Ambipur,3 unidades,"1,79 €","1,79 €/Unidade"
Salsicha Fresca de Aves,Aves,1 un = 100 gr (aprox.),"0,30 €","5,99 €/Kg"
Vinho verde branco,Presidente,Garrafa de 0.75 l,"1,99 €","2,65 €/L"
Entremeada s/ Entrecosto,Porco,Vendido ao peso a partir de 1 kg,"3,99 €","3,99 €/Kg"
Coelho inteiro,PorSi,Vendido ao peso,"1,05 €","2,99 €/Kg"
Café moagem normal: original,Buondi,Embalagem de 220g,"9,76 €/Kg","9,76 €/Kg"
Dragon Slime,Clementoni,1 unidade,"27,99 €/Unidade","27,99 €/Unidade"
Pasta dentífrica menta fresca,Aquafresh,Embalagem de 75 ml,"2,39 €","31,87 €/L"
Creme Mãos Secrets Abacate,Dove,75 ml,"1,03 €","10,30 €/L"
Marmelo,Fruta do Dia,1 un = 250 gr  (aprox.),"1,89 €/Kg","1,89 €/Kg"
Spray Tira Gorduras,Agerul,Embalagem de 750 ml,"1,29 €","0,86 €/L"
Dobrada com feijão,Nobre,Embalagem de 420g,"2,35 €","5,60 €/Kg"
Feijão de soja,Cemporcent,Embalagem de 500g,"1,99 €","3,98 €/Kg"
Rolo papel cozinha branco compacto,PorSi,Embalagem de 4 unidades,"4,99 €","4,99 €/Unidade"
Marcadores para colorir,Domédia,embalagem com 18 unidades,"3,19 €","3,19 €/Unidade"
Creme de corpo exfoliante,Labell,Embalagem de 150 ml,"0,76 €","0,76 €/Unidade"
Refrigerante s/ gás flórida,Sunny d,"Garrafa de 1,25 l","1,14 €","0,76 €/L"
Iogurte activia líquido 0% lima/limão,Danone,Embalagem de 4 x 155 g,"3,21 €/Kg","3,21 €/Kg"
Néctar vital equilibrio manga/laranja,Compal,Embalagem de 1 l,"0,84 €","2,55 €/L"
Arroz de pato,PorSi,Embalagem de 250 g,"2,99 €","11,96 €/Kg"
Iogurtes aroma 4 de morango + 4 de banana,PorSi,Embalagem de 8x125g,"1,87 €","1,25 €/Kg"
Gelado magnum pint amêndoas,Olá,Embalagem de 440 ml,"2,69 €","5,38 €/L"
Chá de infusão salutem nº 42 - carqueja 10 saquetas,Salutem,Embalagem de 15g,"0,89 €","59,33 €/Kg"
Chocolate quente 90 segundos,Lacasa,Embalagem de 350g,"6,64 €/Kg","6,64 €/Kg"
Morcela de Arroz do Fundão,PorSi,"Vendido ao peso, 1 un=200 g (aprox.)","1,49 €","7,45 €/Kg"
Pensos higiénicos liberty normal abas,Evax,Embalagem com 12 un.,"2,59 €","2,59 €/Unidade"
Arroz basmati,PorSi,Embalagem de 1 kg,"1,26 €","1,26 €/Kg"
Drageias de chocolate single,MALTESERS,Embalagem de 40g,"1,39 €","19,86 €/Kg"
Romã,Fruta da Época,1 un = 250 gr  (aprox.),"1,89 €/Kg","1,89 €/Kg"
Queijo flamengo ralado,PorSi,Embalagem de 200G,"1,96 €","9,80 €/Kg"
Arroz Thai Jasmim,PorSi,1 kg,"1,26 €","1,26 €/Kg"
Queijo de ovelha curado amanteigado,Seia,Embalagem de 500g,"4,62 €","18,49 €/Kg"
Lata de Brilho Incolor,Búfalo,Embalagem de 75 ml,"0,99 €","19,80 €/L"
Jogo da Glória,Olivo,1 unidade,"27,99 €/Unidade","27,99 €/Unidade"
Snack gato sticks carne 6x5g porsi,PorSi,Embalagem de 30g,"0,85 €","14,17 €/Kg"
Café torrado classic universal,Delta,Embalagem de 250g,"9,16 €/Kg","9,16 €/Kg"
Iogurte pedaços ananás,PorSi,Embalagem de 4 x 125 g,"4,38 €","2,19 €/Kg"
Muesli original,Alpen,Embalagem de 550g,"2,24 €","4,48 €/Kg"
Iogurte activia líquido 0% morango/kiwi,Danone,Embalagem de 4 x 155 g,"3,21 €/Kg","3,21 €/Kg"
Feijão branco fidalgo,Legumes secos,1 un = 100 gr. (aprox.),"0,38 €","3,75 €/Kg"
Cereais estrelitas,Nestle,Embalagem de 550g,"5,07 €/Kg","5,07 €/Kg"
Café torrado lote chávena saco,Delta,Embalagem de 250g,"9,16 €/Kg","9,16 €/Kg"
Batata frita light,PorSi,Embalagem de 150g,"0,95 €","6,33 €/Kg"
Palmiers,PorSi,Embalagem de 100g,"1,69 €","6,76 €/Kg"
Guardanapos 2 folhas brancos e dourado,PorSi Select,50 unidades,"1,29 €","1,29 €/Unidade"
24 Caldos de carne,PorSi,Embalagem de 255  g,"3,84 €","24,00 €/Kg"
Néctar de pêssego,PorSi,Pack 3 x 200 ml,"0,99 €","0,99 €/L"
Lava tudo brilhante madeiras,PorSi,Embalagem de 1.1 litros,"0,99 €","0,50 €/L"
Tesoura Essentials,Maped,13 cm,"2,19 €","109,50 €/L"
Cereais cruesli fruta,Quaker,Embalagem de 380g,"2,29 €","6,11 €/Kg"
Infusão de frutos vermelhos,Tetley,Embalagem de 20g,"48,33 €/Kg","48,33 €/Kg"
Sobremesa gelatina de ananás,PorSi,Embalagem 4X100G,"0,85 €","2,13 €/Kg"
Chá boas noites infusão,Cemporcent,Embalagem de 13g,"0,89 €","59,33 €/Kg"
Manteiga s/ lactose,Primor,Embalagem de 130g,"1,89 €","7,56 €/Kg"
Coca-cola zero sem cafeína,Coca-Cola,"Garrafa de 1,75 l","0,40 €/L","0,40 €/L"
Barras de cereais com chocolate preto,PorSi,6 x 23 g,"1,29 €","10,24 €/Kg"
Camarão cozido 50/70,PorSi,Vendido ao peso a partir de 300 g,"3,60 €","11,99 €/Kg"
Queijo mozzarella ralado,PorSi,Embalagem de 200 g,"7,45 €/Kg","7,45 €/Kg"
Desodorizante roll-on invisible,Rexona,Embalagem de 50 ml,"4,69 €","31,27 €/L"
Inseticida multi-insectos,Dum Dum,Garrafa de 400 ml,"5,09 €","8,48 €/L"
Detergentes máquina lavar loiça ecológico,PorSi,26 pastilhas,"1,49 €","5,96 €/L"
Conjunto de medição,Maped,4 peças,"1,59 €","1,59 €/Unidade"
Stevia chocolate negro com frutos vermelhos,Cemporcent,Embalagem de 125g,"2,89 €","23,12 €/Kg"
Massa quebrada margarina,PorSi,Embalagem de 230 g,"0,99 €","4,30 €/Kg"
Escudo e Luva Capitão América,Avengers,1 un.,"27,99 €/Unidade","27,99 €/Unidade"
Snack sal marinho,Sunbites,Embalagem de 100g,"1,65 €","12,69 €/Kg"
Sopa rabo de boi económica,Knorr,Embalagem de 60g,"0,62 €","10,00 €/Kg"
Folhado de salsicha,PorSi,Embalagem de 6x60 g,"1,79 €","7,16 €/Kg"
Elixir total proteção placa bacteriana,Colgate,500 ml,"5,99 €","11,98 €/L"
Adoçante com doseador,PorSi,Embalagem 100 comprimidos,"5,99 €","23,96 €/Kg"
"Mini rissóis de carne, 20 unidades",PorSi,Embalagem de 300 g,"1,79 €","7,16 €/Kg"
"Formas de alumínio rectangulares com tampa, 600ml , ...",PorSi,Uma embalagem,"1,11 €","1,11 €/Unidade"
Cereais Forma Natura,PorSi,500 g,"5,59 €","8,87 €/Kg"
"Cla ultra l-carnitina + chá verde, 30caps",PLANTANATU,Embalagem de 1 unidades,"7,99 €","133,17 €/Kg"
Bandas de cera fria facial,Labell,Embalagem com 20 un. + 4 toalhitas de acabamento,"3,11 €","3,11 €/Unidade"
Peluche Unicórnio Interativo,Baby Clementoni,unidade,"8,39 €","8,39 €/Unidade"
10 hamburguers 60% carne de bovino,PorSi,Embalagem de 1 kg,"2,79 €","8,72 €/Kg"
Grão de bico,PorSi,Embalagem de 420g,"2,19 €","2,81 €/Kg"
Carcaça de Cereais 62 g,Pão do Dia,,"0,19 €","2,38 €/Kg"
"Escova de dentes, proteção global média, 2 unidades",Labell,Uma embalagem,"3,49 €","3,49 €/Unidade"
Pão da Beira,PorSi,1 unidade = 83 g,"0,19 €","2,38 €/Kg"
Spray casa de banho brilhante,Sonasol,Embalagem de 500 ml,"0,99 €","0,50 €/L"
Cachaça,Velho do barreiro,Garrafa de 70 cl,"20,99 €","29,99 €/L"
Chocolate de leite com avelãs,Nestle,Embalagem com 195 g,"6,50 €/Kg","6,50 €/Kg"
"Batata frita, receita camponesa",Lay's,Embalagem de 250g,"1,18 €","6,38 €/Kg"
Manteiga com sal,Mimosa,Embalagem de 130g,"1,89 €","7,56 €/Kg"
Canela em pó bio,Cemporcent,Embalagem de 75g,"3,65 €","7,30 €/Kg"
Aperitivo com camarão,PorSi,Embalagem de 75g,"1,65 €","12,69 €/Kg"
Soquete mousse 20d musk t. único,PorSi,3 unidades,"1,89 €","1,89 €/Unidade"
Snacks croc.amendoim,PorSi,Embalagem de 90g,"1,65 €","12,69 €/Kg"
Pescada África do Sul,Peixe Congelado,De 600g a 900g,"3,99 €/Kg","3,99 €/Kg"
Painho de Sousel,PorSi,"Vendido ao peso, fatiado a partir de 100 gr","2,59 €","12,95 €/Kg"
"Queijo médio, metades",Casteloes,Embalagem de 580g,"25,45 €/Kg","25,45 €/Kg"
Guardanapo 100 g,Pastelaria do Dia,,"0,35 €","0,35 €/Unidade"
Papel higiénico reciclado 2 folhas,PorSi,12 rolos,"1,99 €","1,99 €/Unidade"
Chocolate culinário 70% cacau,Pantagruel,Embalagem de 200g,"1,04 €","8,32 €/Kg"
Agarro o Coco,Games,,"27,99 €/Unidade","27,99 €/Unidade"
"Bolachas aperitivas, simples",Tuc,Embalagem de 100g,"2,98 €","9,93 €/Kg"
Arroz carolino vaporizado,Cacarola,Embalagem de 1 kg,"1,26 €","1,26 €/Kg"
Detergente líquido baby,Skip,22 doses,"3,55 €","2,37 €/L"
Marcadores para colorir,Domédia,embalagem com 18 unidades,"4,69 €","4,69 €/Unidade"
Rum carta blanca,Bacardi,Garrafa de 700 ml,"20,99 €","29,99 €/L"
Bebida de Aveia,PorSi Viva Bem,1 l,"1,59 €","1,59 €/L"
Cacau em pó,Pantagruel,Embalagem de 130g,"1,04 €","8,32 €/Kg"
Salada de fruta em calda,PorSi,Lata com 820 g,"1,99 €","2,37 €/Kg"
Na-esparguete bio 500g 10kg,Nacional,Embalagem de 500g,"1,89 €","3,78 €/Kg"
Vela em número nº1,PorSi,1 unidade,"0,60 €","0,60 €/Unidade"
Tarteletes morango doses 192g,Vieira,Embalagem de 190g,"0,69 €","4,60 €/Kg"
Bochechas,Porco,1 un = 150 gr (aprox.),"3,99 €","3,99 €/Kg"
Sortido seleção,Chabrior,Embalagem de 380g,"10,29 €/Kg","10,29 €/Kg"
Receita caseira de bolonhesa,Nobre,Embalagem de 420g,"2,35 €","5,60 €/Kg"
Filetes primavera receita original sem glúten 250g,Iglo,Embalagem de 250g,"9,30 €/Kg","9,30 €/Kg"
Fralda cueca T4 - 8 a 14 kg,PorSi,22 unidades,"8,49 €","8,49 €/Unidade"
Robalo de Viveiro,Programa Origens,1 un= 400 gr (aprox.),"6,49 €/Kg","6,49 €/Kg"
Chá menta e especiarias infusão,Cemporcent,Embalagem de 13g,"0,89 €","59,33 €/Kg"
12 vitaminas e 12 minerais - frasco comprimido,Forma+,Embalagem de 60g,"7,99 €","133,17 €/Kg"
Pensos térmicos alívio da dor muscular 13x10cm,PorSi,Embalagem de 2 unidades,"0,59 €","1,18 €/L"
Penso de incontinência maxi,Ausonia Discreet,Embalagem de 8 un.,"1,95 €","1,95 €/Unidade"
"Hamburgers de porco, 4x80g",PorSi,Embalagem de 320 g,"2,79 €","8,72 €/Kg"
Queijo Brie 60%,Produto selecionado,Vendido ao peso a partir de 250 gr,"2,49 €","16,60 €/Kg"
Palhinhas brancas em biomaterial,PorSi,Embalagem com 25 unidades,"0,60 €","0,60 €/Unidade"
Queijo fresco ligth,PorSi,Embalagem de 4 x 62.5 g,"2,39 €","19,92 €/Kg"
Queijo fatias -50% gordura,Terra Nostra,Embalagem de 400g,"2,39 €","19,92 €/Kg"
Azeite Virgem Extra Suave,Gallo,Garrafa de 750 ml,"3,29 €","4,39 €/L"
Castanhas,PorSi,Embalagem de 500G,"3,29 €","4,39 €/Kg"
Gengibre em pó bio,Cemporcent,Embalagem de 75g,"1,99 €","3,98 €/Kg"
Fruta para bebé maçã cenoura manga +6 meses,Nestle,Embalagem de 90g,"0,74 €","8,22 €/Kg"
Manteiga magra meio sal,President,Embalagem de 250g,"1,89 €","7,56 €/Kg"
Pasta dentífrica herbal,Colgate,Embalagem de 75 ml,"2,39 €","31,87 €/L"
Creme Mãos Secrets Coco,Dove,75 ml,"1,03 €","10,30 €/L"
Penso diário salvaslip multiforma,Evax,embalagem de 34 unidades,"1,79 €","1,79 €/Unidade"
Discos Sanitários Activos Aparelho Marinho,WC Pato,Embalagem de 36 ml,"5,49 €","5,49 €/Unidade"
"Vela com número, nº 7",PorSi,1 unidade,"0,60 €","0,60 €/Unidade"
Tattoo Art,Clementoni,1 unidade,"27,99 €/Unidade","27,99 €/Unidade"
Bebida láctea crescimento c/ bolacha maria,Nestle,Embalagem de 1 litro,"0,26 €","1,30 €/L"
Escorrega para água,Bestway,"Dim.: 4,88 m","32,99 €","32,99 €/Unidade"
20 mini rissóis de camarão,PorSi,Embalagem de 300 g,"1,79 €","7,16 €/Kg"
Rebuçados recheio mel,PorSi,Embalagem de 200g,"0,77 €","3,85 €/Kg"
Eau de Toilette p/Senhora Nº1,Caravan,1 Frasco 150ml,"11,99 €","79,93 €/L"
Salsa Molho Programa Origens,PorSi,Embalagem de 50g,"0,89 €","17,80 €/Kg"
Espumante para crianças,Kidibul,750 ml,"40,29 €","53,72 €/L"
Iogurte sabor pêssego morango e manga,Danone,Embalagem de 8 x 120 g com 1 grátis,"1,87 €","1,25 €/Kg"
Whisky gold heritage,Label 5,"Garrafa de 0,70 l","11,49 €","16,41 €/L"
Açúcar areado amarelo,Rar,Embalagem de 1kg,"1,49 €","1,49 €/Kg"
Polvo limpo,PorSi,Embalagem de 1 kg,"5,49 €","6,86 €/Kg"
Chá infusão verde e mel,Cemporcent,Embalagem de 15g,"0,89 €","59,33 €/Kg"
Pudim Rico em Proteína de Avelã,Ehrmann,Embalagem de 200g,"2,39 €","10,48 €/Kg"
Tomate cherry,*,1 un = 200 gr (aprox.),"0,46 €","2,29 €/Kg"
Figo pingo mel,PorSi,Embalagem de 300 g,"1,89 €/Kg","1,89 €/Kg"
Microfone,Baby Shark,1 unidade,"27,99 €/Unidade","27,99 €/Unidade"
15 douradinhos,Capitão Iglo,Embalagem de 420g,"1,79 €","7,16 €/Kg"
Vinho verde branco,Da Barca,Garrafa de 1 litro (33% grátis),"1,99 €","2,65 €/L"
Shampô azul concentrado,PorSi,Embalagem de 1 l,"3,99 €","0,80 €/L"
Rebuçados peitorais,PorSi,Embalagem de 200g,"0,77 €","3,85 €/Kg"
Farinha de milho 500g,ESPIGA,Embalagem de 500g,"1,99 €","1,99 €/Kg"
Frutose,Cemporcent,Embalagem de 250g,"1,99 €","3,98 €/Kg"
Pasta Dentífrica Menta Suave,Aquafresh,Embalagem de 75 ml,"2,39 €","31,87 €/L"
Chá infusão hortelã-pimenta,Cemporcent,Embalagem de 13g,"0,89 €","59,33 €/Kg"
Ice tea de limão,PorSi,"Embalagem de 1,5 l","1,14 €","0,76 €/L"
Bechamel sem glúten,Parmalat,500 ml,"0,75 €","3,75 €/L"
Chapéu mágico,Mattel,1 unidade,"7,99 €","7,99 €/Unidade"
Salvacamas 60x180,Lindor,Embalagem de 15 unidades,"4,99 €","4,99 €/Unidade"
Topping chocolate belga,Branca de neve,Embalagem de 390g,"1,29 €","3,23 €/Kg"
Ração para gato júnior com frango,Purina One,Embalagem de 800 g,"12,99 €","4,33 €/Kg"
Vinho Vinha da Fonte Setúbal tinto,Casa Ermelinda Freitas,Garrafa de 0.75 l,"2,99 €","3,99 €/L"
Milho doce,PorSi,Embalagem de 400 g,"1,98 €","1,98 €/Kg"
Limpa Máquina Loiça Regular,Finish,,"1,49 €","5,96 €/L"
Batata pré-frita palito,PorSi,Embalagem de 1 kg,"1,39 €","1,39 €/Kg"
"Compal vital laranja, cenoura e manga",Compal,Garrafa de 200 ml,"0,99 €","0,99 €/L"
Lápis de cera,Giotto,embalagem com 12 unidades,"3,19 €","3,19 €/Unidade"
"Pensos, 20 unidades",Hansaplast,1 embalagem,"0,59 €","1,18 €/L"
Bacalhau posta média,PorSi,Embalagem de 800g,"6,39 €","7,99 €/Kg"
Rebuçados peitorais,Dr.bayard,Embalagem de 100g,"0,77 €","3,85 €/Kg"
Barras de cereais forma clássica,PorSi,Embalagem de 126g,"1,29 €","10,24 €/Kg"
Rebucado mentol 250g,Vieira,Embalagem de 250g,"0,77 €","3,85 €/Kg"
Água oxigenada,Labell,Embalagem de 500 ml,"0,59 €","1,18 €/L"
Moscatel favaios,Favaios,Garrafa de 750 ml,"5,99 €","7,99 €/L"
Sobremesa paturette baunilha,Páturages,Embalagem de 4 x 115 g,"2,39 €","10,48 €/Kg"
Lixívia com detergente,PorSi,Embalagem de 2 l,"2,59 €","1,30 €/L"
Não Mais Pregos Forte e Rápido,Pattex,Embalagem de 150 g,"2,99 €","99,67 €/Kg"
Laboratório Mecânica Camião de Mina,Clementoni,1 unidade,"7,99 €","7,99 €/Unidade"
Gelado viennetta morango,Olá,Embalagem de 650 ml,"2,69 €","5,38 €/L"
Almôndegas de bovino,PorSi,Embalagem de 400 g,"3,99 €","9,98 €/Kg"
Nata uht p/ bater 0% lactose,Parmalat,Embalagem de 200 ml,"0,75 €","3,75 €/L"
Metades de pera em calda,PorSi,Lata de 820 g,"1,99 €","2,37 €/Kg"
Cereais recheados com chocolate e avelã,PorSi,Embalagem de 400g,"5,07 €/Kg","5,07 €/Kg"
Bolachas digestive go aveia,Triunfo,Embalagem de 170g,"1,19 €","5,95 €/Kg"
Drenactiv infusão,Cemporcent,Embalagem de 13g,"0,89 €","59,33 €/Kg"
Cueca Incontinência Boutique Plus G,Ausonia Discreet,Embalagem de 8 Un.,"18,65 €","18,65 €/Unidade"
Bolacha Maria Integral,PorSi,Embalagem de 600g,"1,19 €","5,95 €/Kg"
Leite UHT Morango sem Lactose,Mimosa,Pack 3 x 250 ml,"1,99 €","2,49 €/L"
"Lenços de bolso, mentol, 10 unidades",Renova,Uma embalagem de 6x10,"0,89 €","0,89 €/Unidade"
Alimento seco p/ cão croquetes vaca,Pedigree,Embalagem de 3 kg,"1,15 €/Kg","1,15 €/Kg"
"Acendalha branca, 32 cubos",PorSi,Uma embalagem,"0,75 €","0,75 €/Unidade"
Infusão cidreira,Cemporcent,Embalagem de 10 unidades,"0,89 €","68,46 €/Kg"
Cenouras Programa Origens,PorSi,Embalagem de 1 kg,"0,99 €","0,99 €/Kg"
Creme vegetal para barrar de chocolate,Tulicreme,Embalagem de 200g,"10,84 €/Kg","10,84 €/Kg"
Super Napolitana Creme 125 g,Pastelaria do Dia,1 un = 125 g (aprox.),"0,35 €","0,35 €/Unidade"
Leite uht meio gordo,Serraleite,Embalagem de 1 l,"0,83 €","0,83 €/L"
Caramelos de nata,PorSi,Embalagem de 250g,"2,75 €","11,00 €/Kg"
Vinho do porto finest reserve,Dow's,Garrafa de 0.75 l,"9,99 €","13,32 €/L"
Recarga p/ Esfregona |Suave,Vileda,,"0,89 €","0,89 €/Unidade"
Molas plásticas amarelas,PorSi,50 unidades,"0,89 €","0,89 €/Unidade"
Cogumelo portobello grande,Legumes do Dia,vendido ao peso,"1,89 €","6,30 €/Kg"
Chá de infusão salutem naturlinha 10 saquetas,Salutem,Embalagem de 15g,"0,89 €","59,33 €/Kg"
Bloco Sanitário Ativo Lavanda,Sonasol,Embalagem de 50 g,"5,49 €","5,49 €/Unidade"
Creme vegetal para culinária,PorSi,Embalagem de 1 kg,"2,89 €","2,89 €/Kg"
Cereais fitness,Nestle,Embalagem de 630g,"5,59 €","8,87 €/Kg"
Tinta Plástica Branca,Marilina,Embalagem de 15 l,"14,99 €","1,00 €/L"
Cereais cookie crisp,Nestle,Embalagem de 380g,"5,07 €/Kg","5,07 €/Kg"
Palito la reine,PorSi,Embalagem de 400 g,"0,69 €","3,45 €/Kg"
Guardanapos Decorados,Scottex,Embalagem 50 Unidades,"1,29 €","1,29 €/Unidade"
Chocolate Branco e Óreo,Milka,Embalagem de 100g,"0,99 €","9,90 €/Kg"
Rebuçados mentho-lyus sem açúcar,Halls,Embalagem de 31 g,"0,77 €","3,85 €/Kg"
Bolachas starship tradicional,PorSi,Embalagem de 150g,"0,79 €","5,27 €/Kg"
Caixa de médico,Vicam,31 peças,"27,99 €/Unidade","27,99 €/Unidade"
Chá hipericão,Cemporcent,Embalagem de 50g,"0,89 €","59,33 €/Kg"
Baguete de alho,Panike,Embalagem de 350g,"3,40 €/Kg","3,40 €/Kg"
Snack para gato com sabor a camarão Play Tubes,Felix,Embalagem de 50 g,"0,85 €","14,17 €/Kg"
Eau de Toilette p/Senhora Nº3,Caravan,1 Frasco 150ml,"11,99 €","79,93 €/L"
Queijo bola fatias,Paiva,Embalagem de 180g,"1,96 €","9,80 €/Kg"
Conjunto Start,Maped,3 peças,"1,99 €","1,99 €/Unidade"
Iogurte sólido sem lactose natural açucarado,Mimosa,Embalagem de 480g,"0,65 €","1,30 €/Kg"
Aperitivos de amendoins sal e mel,Matutano,Embalagem de 70g,"1,65 €","12,69 €/Kg"
Leite uht magro com rosca,PorSi,1 litro,"0,83 €","0,83 €/L"
Cerveja c/ álcool radler,Sagres,pack 6 x 0.33 l,"1,99 €/L","1,99 €/L"
Pargo Mulato,Peixe do Dia,1un = 800 gr (aprox.),"6,49 €/Kg","6,49 €/Kg"
Vinagre de vinho tinto,Cristal,Garrafa de 500 ml,"0,35 €","0,70 €/L"
"Paezinhos azeite, alho e salsa",PorSi,Embalagem de 160g,"2,39 €","6,83 €/Kg"
Leite condensado cozido,PorSi,Embalagem de 397 g,"1,09 €","2,75 €/Kg"
Geleia de marmelo,Casa de Mateus,345 g,"3,29 €","9,54 €/Kg"
Fio dental gentle suave,Sensodyne,1 unidade,"3,49 €","3,49 €/Unidade"
Cola Universal,Uhu,Embalagem de 2x20ml,"2,19 €","109,50 €/L"
Couve Penca (Portuguesa) Programa Origens,PorSi,1 un = 1 kg (aprox.),"1,99 €","1,99 €/Kg"
Linhaça dourada moída,Cemporcent,Embalagem de 200g,"2,29 €","11,45 €/Kg"
Chá solúvel peso ideal,Cemporcent,Embalagem de 45g,"0,89 €","59,33 €/Kg"
Sopa da pedra,PorSi,Embalagem de 420 g,"2,35 €","5,60 €/Kg"
Termómetro digital,PorSi,1 unidade,"5,24 €","5,24 €/Unidade"
Queijo ilha ralado,PorSi,Embalagem de 200g,"7,45 €/Kg","7,45 €/Kg"
Camisola segunda pelo mousse muskade 30D t. único,PorSi,1 unidade,"1,89 €","1,89 €/Unidade"
Maçã Golden 70/75,Programa Origens,1 un = 180 gr (aprox.),"0,33 €","2,19 €/Kg"
Chá preto infusão bio,Cemporcent,Embalagem de 13g,"0,89 €","59,33 €/Kg"
Bandas de cera fria bikini peles sensíveis,Veet,Embalagem de 16 unidades,"3,11 €","3,11 €/Unidade"
10 Preservativos Easy Way Nature,Control,,"4,49 €","4,49 €/Unidade"
Espetadas,Porco,1 un = 150 gr (aprox.),"3,99 €","3,99 €/Kg"
Café torrado 5 estrelas moagem normal,Sical,Embalagem de 250g,"9,16 €/Kg","9,16 €/Kg"
Galão,PorSi,16 cápsulas,"3,19 €","25,52 €/Kg"
Chá infusão ginkgo biloba,Cemporcent,Embalagem de 13g,"0,89 €","59,33 €/Kg"
Balões latex azul,PorSi,Embalagem com 24 unidades,"0,59 €","0,59 €/Unidade"
Folha de alumínio,Vileda,50 metros,"1,11 €","1,11 €/Unidade"
Guardanapos Red Label 1 Folha |Verde,Renova,Dim: 30x32cm |70 unidades,"1,29 €","1,29 €/Unidade"
Areia para gatos biodegradável vegetal,PorSi,Embalagem de 8 litros,"1,19 €","0,24 €/Kg"
Nectar multivitaminas,Paquito,Embalagem de 2 l,"0,99 €","0,99 €/L"
Carne Cozer s/ Osso,Novilho,1 un = 500 gr (aprox.),"11,99 €","14,99 €/Kg"
Feijão com dobrada,PorSi,Embalagem de 420 g,"2,35 €","5,60 €/Kg"
Leite creme,Royal,Embalagem de 90g,"0,79 €","5,27 €/Kg"
Água Mineral Natural 100% Reciclada,Vitalis,Garrafa de 1.5 l,"1,04 €","0,17 €/L"
Formas de alumínio redondas 650 ml,PorSi,5 unidades,"0,89 €","0,89 €/Unidade"
Batata frita de presunto,PorSi,Embalagem de 185 g,"1,18 €","6,38 €/Kg"
Whisky,Grants,Garrafa de 1 l,"11,49 €","16,41 €/L"
Massa Fresca Tagliatelle,PorSi,Embalagem de 250 g,"0,99 €","4,30 €/Kg"
Vinho tinto Palmela,Dona Ermelinda,Garrafa de 1.5 l,"2,99 €","3,99 €/L"
"Sumo 100%, laranja",PorSi,"Embalagem de 1,5 l","1,09 €","0,73 €/L"
Pantagruel leite caramelo (10x),Pantagruel,Embalagem de 200g,"1,04 €","8,32 €/Kg"
10 salsichas de porco em lata,PorSi,Embalagem de 250G,"0,75 €","3,75 €/Kg"
Fel da terra planta inteira,Cemporcent,Embalagem de 40g,"1,99 €","3,98 €/Kg"
Tesoura essencial soft 21 cm,Maped,unidade,"1,29 €","1,29 €/Unidade"
Tablete de chocolate negro,PorSi Select,200 g,"6,50 €/Kg","6,50 €/Kg"
Chá infusão celulite,Cemporcent,Embalagem de 13g,"0,89 €","59,33 €/Kg"
Beterraba s/ Rama,Programa Origens,1 un = 250 gr  (aprox.),"0,47 €","4,69 €/Kg"
Café solúvel intenso,Delta,Embalagem de 100g,"14,50 €/Kg","14,50 €/Kg"
Detergente para loiça plus + citrinos,Super Pop,Embalagem de 1L,"1,05 €","2,10 €/L"
Puzzle Patrulha Pata,Clementoni,2 x 20 peças,"5,99 €/Unidade","5,99 €/Unidade"
12 douradinhos forníssimo,Capitão Iglo,Embalagem de 300g,"9,30 €/Kg","9,30 €/Kg"
Resguardos de cama,PorSi,20 unidades de 60 x 90 cm,"4,99 €","4,99 €/Unidade"
Espuma de barbear para peles sensíveis,Labell Men,Embalagem de 250 ml,"1,16 €","4,64 €/L"
Mistura vegetais para wok,PorSi,Embalagem de 750g,"1,98 €","1,98 €/Kg"
Chá infusão folha de oliveira,Cemporcent,Embalagem de 13g,"0,89 €","59,33 €/Kg"
"Jogo ""Pinta Narigudo""",Concentra,1 unidade,"7,99 €","7,99 €/Unidade"
Sabonete alfazema de monte,Confianca,Embalagem de 125 g,"1,99 €","12,44 €/Kg"
"Pera em metades, lata",PorSi,Embalagem de 420 g,"1,99 €","2,37 €/Kg"
"Inseticida eléctrico, recarga, night&day",Raid,1 unidade,"7,69 €","7,69 €/Unidade"
Ambientador spray pure flor de cerejeira,PorSi,250 ml,"0,99 €","3,30 €/L"
Pastilhas fire canela,CHICLETS,Embalagem de 16 g,"0,68 €","45,33 €/Kg"
Autobrilhante Castanho,Búfalo,Embalagem de 50 ml,"2,25 €","45,00 €/L"
Bolacha de milho sem sal bio,Cemporcent,Embalagem de 110g,"1,45 €","11,15 €/Kg"
Guardanapos de 1 folha amarelos | dim.: 30 x 29 cm,PorSi,Embalagem com 70 unidades,"1,29 €","1,29 €/Unidade"
Sangria branca,PorSi,Garrafa de 1.5 litros,"2,39 €","1,59 €/L"
Mariscada,PorSi,Embalagem de 800g,"4,99 €","6,24 €/Kg"
Salsichão fuet nobreza,Elpozo,Embalagem de 200 g,"0,95 €","9,49 €/Kg"
Batata frita ondulada wavy,PorSi,Embalagem de 185 g,"1,01 €","5,46 €/Kg"
Uva Red Globe,Fruta do Dia,1 un = 250 gr  (aprox.),"0,75 €","2,99 €/Kg"
Pão da Avó Alongado,Pão do Dia,1 unidade =400 g,"0,19 €","2,38 €/Kg"
Farinha s/ fermento tipo 65,ESPIGA,Embalagem de 1 kg,"1,99 €","1,99 €/Kg"
O Meu Primeiro Monopoly,Monopoly,,"27,99 €/Unidade","27,99 €/Unidade"
Manteiga de amendoim crocante,Prozis,Embalagem de 500g,"3,99 €","7,98 €/Kg"
Bife de atum,PorSi,Embalagem de 400 g,"3,99 €","9,98 €/Kg"
"Gel banho, hidratante",Labell,Embalagem de 750 ml,"6,39 €/L","6,39 €/L"
Ambientador aerossol 5 em 1 flor laranjeira,PorSi,300 ml,"0,99 €","3,30 €/L"
Nuggets frango,PorSi,pack familiar de 1 kg,"2,79 €","8,72 €/Kg"
Sumo natural de cenoura bio,Cemporcent,Garrafa de 200 ml,"1,32 €","2,06 €/L"
Água mineral sem gás,Serra de Fafe,Embalagem de 6x0.5l,"1,04 €","0,17 €/L"
Bolacha infantil dinossaurus mini dino cereais,Artiach,Embalagem de 120g,"1,89 €","15,75 €/Kg"
Queijo Mozzarella Light,Galbani,125 g,"2,39 €","19,92 €/Kg"
Jameson caskmates ipa 70cl,Jameson,Garrafa de 700 ml,"11,49 €","16,41 €/L"
Refrigerante c/ gás laranja,Sumol,Garrafa de 500 ml,"0,40 €/L","0,40 €/L"
Lula recheada com carne,PorSi,Embalagem de 500 g,"1,89 €","6,30 €/Kg"
Proti soja grânulos,Salutem,Embalagem de 400g,"2,09 €","8,36 €/Kg"
Lixívia para roupa tradicional,Neoblanc,Embalagem de 2 l,"0,60 €/L","0,60 €/L"
Pastilhas melão e melancia,Trident,Embalagem de 20g,"0,68 €","45,33 €/Kg"
Vinho regional península de setúbal tinto,J.m.f.,Garrafa de 750 ml,"2,99 €","3,99 €/L"
Eau de Toilette p/Homem Nº16,Caravan,1 Frasco 150ml,"11,99 €","79,93 €/L"
"Aperitivos, cajus tostados no forno",Matutano,Embalagem de 170 g,"1,65 €","12,69 €/Kg"
Iogurte pedaços frutimax frutos variados,PorSi,Embalagem de 8 x 125 g,"4,38 €","2,19 €/Kg"
Chá infusão branco,Cemporcent,Embalagem de 15g,"0,89 €","59,33 €/Kg"
Lava tudo antibacteriano herbal,PorSi,Garrafa de 1.5 l,"0,99 €","0,50 €/L"
Autobrilhante Branco,Búfalo,Embalagem de 50 ml,"2,25 €","45,00 €/L"
Aperfeiçoador BB Cream Médio,Garnier,Embalagem de 50 ml,"2,99 €","59,80 €/L"
Vassoura Simples Pluma,PorSi,unidade,"2,20 €","2,20 €/Unidade"
Adoçante em pó stevia,PorSi Viva Bem,Embalagem de 250 g,"5,99 €","23,96 €/Kg"
Luvas Multi Latex S/M,Vileda,10 unidade,"2,40 €","2,40 €/Unidade"
Farelo de aveia,Salutem,Embalagem de 200g,"2,29 €","11,45 €/Kg"
Chocolate culinário,Nestle,Embalagem de 200g,"1,04 €","8,32 €/Kg"
Cone baunilha,PorSi,embalagem 6 x 120 ml,"5,99 €","16,64 €/L"
Batatas forno ervas,Lay's,Embalagem de 130g,"1,18 €","6,38 €/Kg"
Chupa sortidos s/ açúcar,Chupachups,Embalagem de 70g,"3,40 €","28,33 €/Kg"
20 saquetas infusão de cidreira,Lipton,Embalagem de 20g,"0,89 €","68,46 €/Kg"
Eau de Toilette p/Senhora Nº31,Caravan,1 Frasco 150ml,"11,99 €","79,93 €/L"
"Chave de Fenda Cabo Bimat, 5.0x125mm",Itools,1 unidade,"5,99 €","5,99 €/Unidade"
Bolacha maria oro +33% grátis,Cuetara,Embalagem de 800g,"2,11 €/Kg","2,11 €/Kg"
Atum posta ao natural,Bom petisc,Embalagem de 120 g,"0,89 €","7,42 €/Kg"
Gin dry bombay(40º) 0.70l,Bombay,Garrafa de 700 ml,"19,79 €","19,79 €/L"
Papa infantil não láctea 8 cereais e mel +6 meses,Cerelac,Embalagem de 250g,"4,99 €","4,99 €/Kg"
Bolachas cream cracker,PorSi,Embalagem de 600g,"0,39 €","3,12 €/Kg"
Lustrante Pneus,PorSi,Embalagem de 1 l,"3,99 €","0,80 €/L"
Spray renova camurça preta,PorSi,Embalagem de 200 ml,"6,19 €","24,76 €/L"
Mistura solúvel brasa,Nestle,Embalagem de 200g,"0,79 €","3,16 €/Kg"
Bolacha maria,Cuetara,Embalagem de 3 x 200 g + 33% grátis,"2,11 €/Kg","2,11 €/Kg"
"Vinho rosé, região península de setúbal, bag in box",Dom Campos,Garrafa de 5 l,"9,49 €","1,90 €/L"
Forra livros,Mab,,"1,59 €","1,59 €/Unidade"
Bolachas cereais passas e laranja,PorSi,Embalagem de 300 g,"0,79 €","5,27 €/Kg"
"Creme de rosto de noite revitalift, laser",L'oreal,Embalagem de 50 ml,"2,99 €","59,80 €/L"
Snacks crocantes com queijo,PorSi,Embalagem de 90g,"1,65 €","12,69 €/Kg"
"Queijo light, mini",Babybel,Embalagem de 120g,"2,39 €","19,92 €/Kg"
Gomas tijolos ácidos,PorSi,Embalagem de 300 g,"1,19 €","3,97 €/Kg"
Snack de milho com sabor chilli,Doritos,Embalagem de 140g,"1,65 €","12,69 €/Kg"
Red Fish Grande,Peixe Congelado,1 un = 500 gr (aprox.),"3,99 €/Kg","3,99 €/Kg"
Sopa de cebola económica,Knorr,Embalagem de 50g,"0,62 €","10,00 €/Kg"
Posta de Corvina-Prata Congelada,PorSi,Vendido ao peso a partir de 200 g (aprox.),"2,40 €","11,99 €/Kg"
Adoçante com doseador,PorSi,Embalagem de 66g,"5,99 €","23,96 €/Kg"
Chá sene folículos,Cemporcent,Embalagem de 50g,"0,89 €","59,33 €/Kg"
Chá de infusão salutem nº 13 - prosono 10 saquetas,Salutem,Embalagem de 15g,"0,89 €","59,33 €/Kg"
Alho moído,PorSi,Frasco com 45 g,"0,25 €","0,25 €/Kg"
Halls vita c morango sem açúcar,Halls,Embalagem de 32 g,"0,77 €","3,85 €/Kg"
Elixir Nightly Reset,Listerine,400 ml,"5,99 €","11,98 €/L"
"Inseticída, vaporizador, extra gt",Biokill,Garrafa de 380 ml,"5,09 €","8,48 €/L"
Curgete,Programa Origens,un= 300 gr (aprox.),"0,84 €","2,79 €/Kg"
Chocolate culinário em pó,PorSi,Embalagem de 125 g,"1,04 €","8,32 €/Kg"
Jogo Aqui há festa,Clementoni,1 unidade,"23,99 €/Unidade","23,99 €/Unidade"
Almôndegas bolonhesa,Iglo,Embalagem de 400g,"2,79 €","8,72 €/Kg"
Refrigerante com gás guaraná,Antartica,"Garrafa de 1,5 l","0,40 €/L","0,40 €/L"
"Forma de papel para bolos, 9 cm, 60 unidades",PorSi,Uma embalagem,"0,54 €","0,54 €/Unidade"
Água s/ gás,Fastio,Garrafa de 1 l,"1,04 €","0,17 €/L"
Comida húmida para gato júnior,PorSi,Embalagem de 4 x 100 g,"3,59 €","2,99 €/Kg"
Salsichão fuet caseiro peru,Elpozo,Embalagem de 150g,"0,95 €","9,49 €/Kg"
Iglo Simples P/ 2 Pessoas,Saurium,1 un.,"14,99 €","14,99 €/Unidade"
Perfume p/ senhora Nº50,Caravan,1 Frasco 150ml,"11,99 €","79,93 €/L"
Pilha alcalina classic lr14x2,Domédia,1 unidade,"1,75 €","1,75 €/Unidade"
Lâmpada LED Forma Chama 5.5W E14 220-240V,Domédia,1 un.,"3,99 €","3,99 €/Unidade"
Cenoura,PorSi,1 un = 100 gr  (aprox.),"0,79 €/Kg","0,79 €/Kg"
Aguardente bagaceira,Dinastia,"Garrafa de 0,70 l","11,49 €","16,41 €/L"
Tambor,Panda,1 un.,"13,99 €/Unidade","13,99 €/Unidade"
Fábrica de Partidas TikTok,Science4You,1 unidade,"7,99 €","7,99 €/Unidade"
Chá cherry love,Lipton,20 saquetas,"48,33 €/Kg","48,33 €/Kg"
Chiclets morango 16.8g,CHICLETS,Embalagem de 20g,"0,68 €","45,33 €/Kg"
Bebida energética original,Burn,Garrafa de 500 ml,"1,60 €","3,20 €/L"
Tablete triple chocolate,Milka,Embalagem de 90g,"5,30 €/Kg","5,30 €/Kg"
Peluche dança comigo,Panda,1 unidade,"27,99 €/Unidade","27,99 €/Unidade"
Feijão encarnado,PorSi,Embalagem de 420 g,"2,19 €","2,81 €/Kg"
Verdinhos Grandes,Peixe do Dia,1 un= 100 gr (aprox.),"6,49 €/Kg","6,49 €/Kg"
Preparo para bolo de chocolate,Branca de Neve,Embalagem de 450g,"2,99 €","6,64 €/Kg"
Whisky,F.grouse,Garrafa de 1 litro,"11,49 €","16,41 €/L"
Papel Anti-traça 4 Seasons,Raid,4 unidades,"4,69 €","4,69 €/Unidade"
Agrafador universal +400 agrafos,Maped,1 unidade,"1,29 €","1,29 €/Unidade"
Teclado musical,Panda,1 unidade,"27,99 €/Unidade","27,99 €/Unidade"
"Inseticida max, concentrado sensitive",Dum Dum,Garrafa de 400 ml,"5,09 €","8,48 €/L"
Laboratório Mecânica Camião de Mina,Clementoni,1 unidade,"23,99 €/Unidade","23,99 €/Unidade"
Chá de infusão salutem nº 46 - oliveira 10 saquetas,Salutem,Embalagem de 15g,"0,89 €","59,33 €/Kg"
Alho Seco,Programa Origens,Vendido a partir de 100 gr,"0,17 €","0,69 €/Kg"
Rolo de tofu com ervas,Cemporcent,Embalagem de 200g,"3,99 €","10,23 €/Kg"
Mistolin tira gorduras desinfetante,Mistolin,Garrafa de 550 ml,"1,79 €","2,39 €/L"
X-ato mini,Maped,9 mm,"1,29 €","1,29 €/Unidade"
Mariscada,PorSi,Embalagem de 800g,"2,19 €","8,59 €/Kg"
Chá de plantas salutem - tilia r,Salutem,Embalagem de 20g,"0,89 €","59,33 €/Kg"
Rolo de Cozinha Gigaroll Branco,Renova,1 Rolo,"4,99 €","4,99 €/Unidade"
Salsichas de porco,Nobre,Lata de 250g,"0,75 €","3,75 €/Kg"
Natas uht com cogumelos,Parmalat,Embalagem de 200 ml,"0,75 €","3,75 €/L"
Abobora cubos,PorSi,Embalagem de 500g,"1,98 €","1,98 €/Kg"
Queijo nisa dop,Monforqj,Embalagem de 300g,"2,87 €","15,94 €/Kg"
Néctar light manga/laranja,Compal,330 ml,"0,84 €","2,55 €/L"
Vinagre de sidra pet,Paladin,Garrafa de 500 ml,"0,35 €","0,70 €/L"
Chouriço Extra do Ribatejo,PorSi,200 g,"1,14 €","5,70 €/Kg"
Cerveja branca,E.damm,Pack 6 x 0.25 l,"1,99 €/L","1,99 €/L"
Lava tudo limão verde,Cif,"Garrafa de 1,4 l","0,99 €","0,50 €/L"
Chourico vinho das beiras,PorSi,Embalagem de 280g,"1,14 €","5,70 €/Kg"
Massa para pizza,PorSi,Embalagem de 260 g,"0,99 €","4,30 €/Kg"
Arroz integral,PorSi Viva Bem,Embalagem de 1 kg,"1,26 €","1,26 €/Kg"
5 folhas de gelatina incolor,PorSi,Embalagem de 9 g,"0,55 €","61,11 €/Kg"
Nabo Roxo s/ Rama,Programa Origens,1 un = 200 gr  (aprox.),"1,99 €","1,99 €/Kg"
Bolachas extra pepitas xl,Ca!,Embalagem de 180g,"2,78 €/Kg","2,78 €/Kg"
Caramelos de fruta,PorSi,Embalagem de 250g,"1,19 €","4,76 €/Kg"
Pudim de baunilha,PorSi,Embalagem de 90g,"0,59 €","29,50 €/Kg"
Melão Branco,Fruta do Dia,"Vendido ao peso,1 un= 2.5 kg (aprox.)","0,75 €","2,99 €/Kg"
Pensos Incontinência Mulher Discreet Normal Night,Tena,10 unidades,"1,95 €","1,95 €/Unidade"
Lava tudo lavanda,Cif,"Garrafa de 1,4 l","0,99 €","0,50 €/L"
Óleo Diesel 15w40,PorSi,Embalagem de 5 l,"14,99 €","14,99 €/L"
Agrião de água,Vitacress,Embalagem de 150 g,"0,99 €","0,99 €/Kg"
Pudim baunilha,Boca Doce,Embalagem de 20g,"0,59 €","29,50 €/Kg"
"Bolachas, cobertura com chocolate branco",Oreo,Embalagem de 250g,"0,69 €","4,60 €/Kg"
Leite com chocolate sem lactose,Ucal,Embalagem de 6 x 250 ml,"0,26 €","1,30 €/L"
Macchiato café arábica,PorSi,250 ml,"3,19 €","25,52 €/Kg"
Mel em frasco de vidro,Jorge v.f.,Embalagem de 500g,"4,89 €","9,78 €/Kg"
Xarope grenadine zero,Paquito,Garrafa de 750 ml,"3,54 €","3,54 €/L"
Bebida de soja de amêndoa,Alpro,Embalagem de 1 litro,"2,49 €","2,49 €/L"
Fio dentario 50m,Colgate,1 unidade,"3,49 €","3,49 €/Unidade"
Lixívia perfumada,PorSi,Embalagem de 5 l,"2,59 €","1,30 €/L"
Pringles original,Pringles,Embalagem de 175g,"1,01 €","5,46 €/Kg"
Infusão nº 5 emagrecimento,Cemporcent,Embalagem de 10 unidades,"0,89 €","68,46 €/Kg"
Vinho doc alentejo tinto,T.bolotas,Garrafa de 0.75 l,"2,89 €","3,85 €/L"
Sumo 100% maçã e frutos vermelhos,Compal,1 litro,"1,09 €","0,73 €/L"
Eau de Toilette p/Senhora Nº5,Caravan,1 Frasco 150ml,"11,99 €","79,93 €/L"
Esparguete fino,Nacional,Embalagem de 500g,"0,99 €","1,98 €/Kg"
Feijão preto cozido,PorSi,Embalagem de 420 g,"2,19 €","2,81 €/Kg"
Miolo camarao gig.15/30 250g,Pescanova,Embalagem de 250 g,"8,99 €","25,69 €/Kg"
Profiteroles de nata,PorSi Select,Embalagem de 330 g,"2,57 €","7,79 €/Kg"
Nutripuffs de banana 8 meses s/ açúcar,Cerelac,Embalagem de 7g,"0,74 €","8,22 €/Kg"
Vassoura exterior alta,PorSi,Unidade,"2,20 €","2,20 €/Unidade"
Detergente máquina lavar roupa tira nódoas,Xau+vanish,102 doses,"8,69 €","1,84 €/Kg"
Bolachas tosta rica,Cuetara,Embalagem de 570g,"1,89 €","15,75 €/Kg"
Chá infusão açaí,Cemporcent,Embalagem de 13g,"0,89 €","59,33 €/Kg"
Mimosa bem especial leite e aveia,Mimosa,Embalagem de 1 litro,"0,99 €","0,99 €/L"
Moscatel do Douro,Selecção de Enófilos,"Garrafa de 0,75 l","5,99 €","7,99 €/L"
Iogurte 0% pedaços amora e framboesa,Longa vida,Embalagem de 4 x 120 g,"4,38 €","2,19 €/Kg"
Sangria,Casal Garcia,Garrafa de 750 ml,"2,39 €","1,59 €/L"
Guardanapos Olé Branco 1 Folha,Renova do Bem,Dim.: 30x30cm,"1,29 €","1,29 €/Unidade"
Vinho DOC Dão Tinto,Dharma,"Garrafa de 0,75 L","7,49 €","9,99 €/L"
Desinfetante p/ Roupa,Sanytol,embalagem com 500ml,"10,99 €","52,33 €/Kg"
Café torrado em grão,PorSi,Embalagem de 1 kg,"9,16 €/Kg","9,16 €/Kg"
Batata Branca,Legumes do Dia,1 un = 10 kg (aprox.),"0,17 €","0,69 €/Kg"
Iogurte danacol de morango,Danone,Embalagem de 12 x 100 g,"4,15 €/Kg","4,15 €/Kg"
Água mineral sem gás,Serra de Fafe,"Embalagem de 6x0,33 l","1,04 €","0,17 €/L"
Miolo de mexilhão,PorSi,Embalagem de 250 g,"4,99 €","6,24 €/Kg"
Arroz integral extra longo,Cemporcent,Embalagem de 1 kg,"1,26 €","1,26 €/Kg"
Cubos pão trigo tostado,PorSi,Embalagem de 150g,"2,39 €","6,83 €/Kg"
10 saquetas infusão de cidreira,Lipton,Embalagem de 20g,"0,89 €","68,46 €/Kg"
Aguarelas 30mm x 12,Giotto,1 unidade,"4,69 €","4,69 €/Unidade"
Meloa Canteloupe,Programa Origens,1 un = 800 g (aprox.),"0,75 €","2,99 €/Kg"
Sardinhas em azeite,PorSi,Embalagem de 120g,"0,89 €","7,42 €/Kg"
"Escova dentes, rotativa global, dura, 2 unidades",Labell,1 embalagem,"3,49 €","3,49 €/Unidade"
8 rissóis de camarão,PorSi,Embalagem de 300g,"1,79 €","7,16 €/Kg"
Molho bechamel,PorSi,Embalagem de 500 ml,"0,75 €","3,75 €/L"
Gelado magnum mini double chocolate e caramelo,Olá,Embalagem de 6 x 60 ml,"5,99 €","16,64 €/L"
Spray tira nódoas,Kh 7,Garrafa de 750 ml,"10,99 €","52,33 €/Kg"
Sultana Preta,PorSi,Embalagem de 200g,"0,79 €","3,95 €/Kg"
Leite especial cálcio + vitamina d m/g,Mimosa,Garrafa de 1 l,"1,29 €","1,29 €/L"
Bolachas cookies 0% açúcares,Artiach,Embalagem de 120 g,"0,79 €","5,27 €/Kg"
"Coloração permanente, louro claro, nº80",Nutrisse,1 unidade,"9,49 €/Unidade","9,49 €/Unidade"
Collant opac microfibras preto 60D,PorSi,Tamanho: m,"1,89 €","1,89 €/Unidade"
Callippo super mix,Olá,Embalagem de 5 x 105 ml,"5,99 €","16,64 €/L"
Sortido,Cuetara,Embalagem de 210g,"10,29 €/Kg","10,29 €/Kg"
Zero snack 35 g chocolate duplo,Prozis,Embalagem de 40g,"0,69 €","1,73 €/Kg"
"Anti-calcário, máquina roupa, gel",Calgon,"Garrafa de 1,5 l","8,69 €","1,84 €/Kg"
Cola BricoCeys,Ceys,1 unidade,"2,99 €","99,67 €/Kg"
Torta natas com cobertura de cacau,PorSi,Embalagem de 300g,"2,05 €","5,13 €/Kg"
Gel Intimo Suave,Corine de Farme,250 ml,"0,55 €","5,50 €/L"
Chá verde,PorSi,Embalagem de 37.5 g,"0,99 €","23,02 €/Kg"
Vassoura Especial Lisa,PorSi,unidade,"2,20 €","2,20 €/Unidade"
Recarga Desumidificador Basic,HUMYDRY,embalagem de 3 x 250g,"6,99 €","27,96 €/Kg"
Vermute rosso,Martini,Garrafa de 0.75 l,"4,99 €","7,13 €/L"
Elimina odores spray,Splendor,150 ml,"5,29 €","35,27 €/L"
Gressinos com sésamo,PorSi,Embalagem de 250 g,"2,39 €","6,83 €/Kg"
Snack gato salmao,PorSi,Embalagem de 60g,"0,85 €","14,17 €/Kg"
Alho Francês,Programa Origens,1 un = 300 g (aprox.),"0,75 €","2,49 €/Kg"
Iogurte líquido morango / framboesa corpos danone,Danone,Embalagem de 4 x 155 g,"1,31 €","2,05 €/Kg"
"Fita de Embalar Transparente, 50mmx66m",Vito,1 unidade,"2,99 €","99,67 €/Kg"
Desinfetante p/ WC,Sanytol,Embalagem de 750 ml,"1,79 €","2,39 €/L"
Arroz agulha,Saludães,Embalagem de 1kg,"1,26 €","1,26 €/Kg"
Queijo gouda fatias,PorSi,Embalagem de 200 g,"1,96 €","9,80 €/Kg"
Coleira em nylon p/ cão  repelente 60cm,Repul' 7,Embalagem de 1 unidades,"19,99 €","19,99 €/Unidade"
Lombos de pescada,PorSi,Embalagem de 400 g,"3,99 €","9,98 €/Kg"
Cogumelo branco,*,Embalagem de 300g,"1,89 €","6,30 €/Kg"
"Queijo flamengo, bola quartos",Agros,Embalagem de 350g,"1,96 €","9,80 €/Kg"
Chá solúvel menta,Cemporcent,Embalagem de 45g,"0,89 €","59,33 €/Kg"
Amaciador color-vive,Elvive,Embalagem de 200 ml,"1,00 €","5,00 €/L"
Douradinhos estaladiços,Capitão Iglo,Embalagem de 340g,"9,30 €/Kg","9,30 €/Kg"
Legumes para sopa,PorSi,Embalagem de 1 kg,"1,98 €","1,98 €/Kg"
Piaçaba com suporte popular,Fapil,1 unidade,"2,20 €","2,20 €/Unidade"
Coca-cola zero,Coca-Cola,pack 2 x 1.75 l,"0,40 €/L","0,40 €/L"
Chá carqueja,Cemporcent,Embalagem de 40g,"0,89 €","59,33 €/Kg"
Cogumelos inteiros,PorSi,Embalagem de 185 g,"2,19 €","2,81 €/Kg"
Vinho tinto doc douro,Qta.cotto,Garrafa de 750 ml,"7,49 €","9,99 €/L"
Spray limpeza casa de banho,PorSi,750 ml,"1,79 €","2,39 €/L"
Mortadela de peru fatiada,PorSi,Embalagem de 200g,"0,95 €","4,75 €/Kg"
Pensos diários salvaslip flexi & fresh normal,Evax,28 unidades,"1,79 €","1,79 €/Unidade"
Cone morango/baunilha,PorSi,Embalagem de 6 x 120 ml,"5,99 €","16,64 €/L"
Amaciador rosa e rosmaninho,Surf,90 doses,"8,99 €","2,25 €/L"
"Cerveja com álcool, lata",Super Bock,Garrafa de 330 ml,"1,99 €/L","1,99 €/L"
Arroz agulha,B.sucesso,Embalagem de 1 kg,"1,26 €","1,26 €/Kg"
Anti-traça lavanda,Raid,2 unidades,"4,69 €","4,69 €/Unidade"
Limpa pavimentos flutuantes,PorSi,Embalagem de 1 litro,"1,79 €","2,39 €/L"
Double espresso go chill,Delta,Garrafa de 230 ml,"3,19 €","25,52 €/Kg"
Chá alcachofra,Cemporcent,Embalagem de 40g,"0,89 €","59,33 €/Kg"
Chá infusão cabelo pele e unhas,Cemporcent,Embalagem de 13g,"0,89 €","59,33 €/Kg"
Presunto nacos,PorSi,Embalagem de 250g,"2,59 €","12,95 €/Kg"
Queijo em cubos para saladas,PorSi,Embalagem de 150 g,"7,45 €/Kg","7,45 €/Kg"
Tostas integrais,Bimbo,embalagem de 270 g,"2,39 €","6,83 €/Kg"
Mel de Rosmaninho,PorSi Select,Frasco de 250 g,"4,89 €","9,78 €/Kg"
Canjica branca,Do Brasil,Embalagem de 500 g,"2,25 €","4,50 €/Kg"
"Jogo ""Pinta Narigudo""",Concentra,1 unidade,"23,99 €/Unidade","23,99 €/Unidade"
Refrigerante s/ gás califórnia,Sunny d,"Garrafa de 1,25 l","1,14 €","0,76 €/L"
Miolo de avelã,PorSi,Embalagem de 200 g,"0,79 €","3,95 €/Kg"
Bolachas mini prince recheadas com chocolate,PRINCE,Embalagem de 160 g,"1,89 €","15,75 €/Kg"
Amaciador roupa concentrado lírios e morango,PorSi,60 doses,"1,99 €","1,00 €/L"
Mostarda em frasco,Savora,Embalagem de 190g,"0,87 €","2,90 €/Kg"
Mortadela fatiada,PorSi,Embalagem de 200 g,"0,95 €","4,75 €/Kg"
Marcadores para colorir,Domédia,embalagem com 12 unidades,"4,69 €","4,69 €/Unidade"
Camarão 60/80,Congelado de Aquicultura,1 un = 250 gr  (aprox.),"2,00 €","7,99 €/Kg"
Creme de limpeza com lixívia,PorSi,750 ml,"2,59 €","1,30 €/L"
Grão de bico,Caçarola,Embalagem de 500 g,"0,99 €","1,98 €/Kg"
Argolas do mar,Pescanova,Embalagem de 400g,"5,49 €","6,86 €/Kg"
Chá de infusão salutem nº 41 - boldo 10 saquetas,Salutem,Embalagem de 15g,"0,89 €","59,33 €/Kg"
Alheira tradicional 180g,Prisca,Embalagem de 180g,"1,49 €","7,45 €/Kg"
Bolacha diet nature recheio creme,Gullon,Embalagem de 210g,"0,79 €","4,49 €/Kg"
"Queijo light, 10 fatias",A Vaca Que Ri,Embalagem de 200g,"2,39 €","19,92 €/Kg"
Nestum 5 cereais,Nestum,Embalagem de 250g,"3,29 €","4,39 €/Kg"
Gelatina limão 10kcal,Royal,Embalagem de 30g,"0,55 €","61,11 €/Kg"
Patê sardinha,La piara,Embalagem de 80g,"1,19 €","13,52 €/Kg"
Pedras limão/chá verde,P.salgadas,pack 4 x 0.25 l,"2,85 €","2,85 €/L"
Empadão de carne produto pré-cozinhado ultracongelad...,PorSi,Embalagem de 350g,"3,99 €","9,98 €/Kg"
Creme autobrilha incolor,Splendor,40 ml,"2,25 €","45,00 €/L"
Bolachas rosquilhas,PorSi,Embalagem de 600g,"1,69 €","6,76 €/Kg"
Eau de Toilette p/Senhora Nº40,Caravan,1 Frasco 150ml,"11,99 €","79,93 €/L"
Nata uht,PorSi,Embalagem de 200 ml,"0,75 €","3,75 €/L"
"Frigideira anti-aderente, 28cm",PorSi,1 unidade,"9,99 €","9,99 €/Unidade"
"Alimento seco para gato, atum",Whiskas,"Embalagem de 1,75 kg","12,99 €","4,33 €/Kg"
Iogurte líquido de frutos vermelhos,PorSi,Embalagem de 4 x 160 g,"1,31 €","2,05 €/Kg"
Máscara Olhos Lash Sensational,Maybelline,1 unidade,"1,15 €","4,60 €/L"
Pizza de Atum,PorSi,Embalagem de 350 g,"2,16 €","6,17 €/Kg"
Nectar clássico maracujá,Compal,Garrafa de 1 l,"1,09 €","0,73 €/L"
Butter cookies,PorSi,Embalagem de 450g,"0,79 €","5,27 €/Kg"
Massa para pizza,PorSi,Embalagem de 260 g,"0,99 €","1,98 €/Kg"
"Vinho DOC Bairrada, Branco",Selecção de Enófilos,Garrafa de 0.75 l,"2,92 €/L","2,92 €/L"
Jarro de 1 litro + 4 copos,Codil,1 conjunto,"0,54 €","0,54 €/Unidade"
Salame fat,Campofrio,Embalagem de 80g,"0,95 €","9,49 €/Kg"
Spray desengordurante universal,Neoblanc,Embalagem de 500 ml,"2,59 €","1,30 €/L"
Atum posta em óleo,Ramirez,Embalagem de 120g,"0,89 €","7,42 €/Kg"
Spray desengordurante,Sonasol,Embalagem de 500 ml,"3,99 €","5,32 €/L"
All bran plus,Kellogg's,Embalagem de 500g,"1,49 €","2,98 €/Kg"
Refrigerante c/ gás,Coca-Cola,pack 6 x 0.33 l,"0,40 €/L","0,40 €/L"
Couve Flor,Programa Origens,1 un = 1 kg (aprox.),"1,99 €","1,99 €/Kg"
Aperitivos 3d's cones,3d's,Embalagem de 90g,"1,65 €","12,69 €/Kg"
Gogo SqueeZ Snack Maçã e Manga,Gogo,Embalagem de 4 x 90g,"2,29 €","6,94 €/L"
Actimel morango,Danone,Embalagem de 6 x 100g,"4,15 €/Kg","4,15 €/Kg"
Base de Plástico p/ Guarda Sol,Saurium,,"8,99 €","8,99 €/Unidade"
Néctar light manga/laranja,Compal,Garrafa de 200 ml,"0,99 €","0,99 €/L"
Iogurte líquido yoggi morango,Nestle,Embalagem de 4 x 160 g,"1,31 €","2,05 €/Kg"
Chouriço com feijão,Nobre,Embalagem de 420g,"2,35 €","5,60 €/Kg"
"Vela em número,  nº 0",PorSi,1 unidade,"0,60 €","0,60 €/Unidade"
Batata frita palha,Pala-pala,Embalagem de 500g,"0,87 €","5,44 €/Kg"
Manhãzitos original,Manhazitos,Embalagem 6x2 unidades,"2,05 €","5,13 €/Kg"
Camarão 20/30,Congelado de Aquicultura,1 un = 250 gr  (aprox.),"2,00 €","7,99 €/Kg"
Aguardente Vínica,Mosca,"Garrafa de 0,70L","11,99 €","17,13 €/L"
Bebida solúvel cereais+fibra frasco 200g,Delta,Embalagem de 200g,"14,50 €/Kg","14,50 €/Kg"
Salmão de viveiro à posta,Peixe Fresco,1 un. = 300 g (aprox.),"6,49 €/Kg","6,49 €/Kg"
"Creme anti-rugas revitalizante fps30, dia",L'oreal,Embalagem de 50 ml,"2,99 €","59,80 €/L"
Arroz carolino,Caçarola,Embalagem de 1kg,"1,26 €","1,26 €/Kg"
Queijo Flamengo Bola,Limiano,1 un = 250 gr  (aprox.),"1,96 €","9,80 €/Kg"
Spray Ideal Bronze IP20,Ambre Solaire,Embalagem de 200 ml,"16,49 €","82,45 €/L"
Limpa madeiras com sabão,PorSi,1.5 litros,"4,39 €","14,63 €/L"
Batata chef gourmet,MCCAIN,Embalagem de 500 g,"1,39 €","1,39 €/Kg"
Tomate em pedaços,Guloso,Embalagem de 390g,"3,84 €","24,00 €/Kg"
Cocktail mango,Bar Royal,Garrafa de 750 ml,"8,49 €","11,32 €/L"
Café moagem universal angola,Delta,Embalagem de 220g,"9,76 €/Kg","9,76 €/Kg"
Azeite virgem extra seleção ouro,Oliveira da Serra,Garrafa de 750 ml,"3,29 €","4,39 €/L"
Toucinho do céu,PorSi,Embalagem de 2x100 g,"0,55 €","2,75 €/Kg"
Recarga Ambientador Automático Sparkling Citrus,PorSi,Embalagem de 250 ml,"1,79 €","1,79 €/Unidade"
Ovos Frescos Classe M,PorSi,12 unidades,"2,55 €","2,55 €/Unidade"
"Tira nódoas, spray oxi",PorSi,Embalagem de 1 l,"10,99 €","52,33 €/Kg"
Champô Limão & Argila,Ultra Suave,Embalagem de 400 ml,"5,59 €","13,98 €/L"
"Limpa vidros pistola, tripla acção",Ajax,Embalagem de 500 ml,"3,19 €","6,38 €/L"
Arroz carolino,Louro,Embalagem de 1 kg,"1,26 €","1,26 €/Kg"
"Lixívia para roupa, tradicional verde denso",PorSi,Embalagem de 2L,"1,74 €","0,35 €/L"
Alface Iceberg,Legumes do Dia,1 un= 400 g (aprox.),"1,04 €","2,59 €/Kg"
Pizza 4 estações,PorSi,Embalagem de 350g,"2,16 €","6,17 €/Kg"
Eau de Toilette p/Senhora Nº42,Caravan,1 Frasco 150ml,"11,99 €","79,93 €/L"
Anticalcário,Viakal,Embalagem de 500 ml,"4,99 €","7,13 €/L"
Apara lápis,Maped,1 unidade,"1,59 €","1,59 €/Unidade"
"Batata frita, multipack",Ruffles,Embalagem de 180g,"1,01 €","5,46 €/Kg"
Corn flakes saco,PorSi,Embalagem de 500g,"1,49 €","2,98 €/Kg"
Jogo das escadas,Olivo,1 unidade,"7,99 €","7,99 €/Unidade"
Brandy,ON/OFF,Garrafa de 700 ml,"11,99 €","17,13 €/L"
Água com gás,PorSi,"Garrafa de 1,5 l","2,85 €","2,85 €/L"
Queijo creme de salmão,Philadelph,Embalagem de 150g,"2,05 €","16,40 €/Kg"
Ração seca mix para cão adulto,PorSi,Embalagem de 20 kg,"1,15 €/Kg","1,15 €/Kg"
Formas de alumínio 950 ml,PorSi,5 unidades,"0,89 €","0,89 €/Unidade"
Bolacha tostada,PorSi,Embalagem de 800g,"2,11 €/Kg","2,11 €/Kg"
Tablete de chocolate leite/amêndoa,Nestle,Embalagem de 120g,"6,50 €/Kg","6,50 €/Kg"
Baguette sandwich,Pão do Dia,113 g,"0,19 €","2,38 €/Kg"
"Infusãoo mirtilo/acai, 20 saquetas",Tetley,Embalagem de 40g,"0,89 €","68,46 €/Kg"
Eau de Toilette p/Senhora Nº43,Caravan,1 Frasco 150ml,"11,99 €","79,93 €/L"
Iogurte pedaços morango,PorSi,Embalagem de 4x125g,"4,38 €","2,19 €/Kg"
Bolacha infantil dinossaurus mini dino chocolate,Artiach,Embalagem de 120g,"1,89 €","15,75 €/Kg"
"Sumo 100%, tutti-frutti",PorSi,Embalagem de 3 x 200 ml,"1,09 €","0,73 €/L"
Chá de infusão salutem natursacia 10 saquetas,Salutem,Embalagem de 15g,"0,89 €","59,33 €/Kg"
Inseticida Eléctrico Night & Day,Raid,1 Difusor + 1 Recarga,"7,69 €","7,69 €/Unidade"
"Pasta dentífrica, máxima proteção, fresca",Colgate,Embalagem de 75 ml,"2,39 €","31,87 €/L"
Escova dentífrica infantil bambu,Colgate,1 unidade,"0,99 €","0,99 €/Unidade"
Batata frita forno camponesas,Lay's,Embalagem de 130g,"1,18 €","6,38 €/Kg"
Molho de soja c/ dispensador redução sal,KIKKOMAN,150 ml,"3,99 €","26,60 €/L"
"Bebida láctea crescimento 1-3 anos, cereais",Nestle,Embalagem de 1 litro,"0,26 €","1,30 €/L"
Ganchos Perfumados Lavanda,Raid,2 unidades,"4,69 €","4,69 €/Unidade"
Ervilhas,PorSi,Embalagem de 400 g,"1,98 €","1,98 €/Kg"
Vela em número nº9,PorSi,1 unidade,"0,60 €","0,60 €/Unidade"
Vinho verde branco loureiro,Q.REGAINHO,Garrafa de 0.75 l,"1,59 €","2,12 €/L"
T-Rex e Pteranodon,Clementoni,1 unidade,"27,99 €/Unidade","27,99 €/Unidade"
"Fiambre extra, fatias finas",PorSi,Embalagem de 150 g,"0,97 €","6,49 €/Kg"
Alho moído,PorSi,Saqueta de 50 g,"0,25 €","0,25 €/Kg"
Leite c/ Chocolate,Agros,Embalagem de 4 x 200 ml,"0,26 €","1,30 €/L"
"Vinho branco regional alentejano, bib",Galitos,Garrafa de 3 l,"5,19 €","1,04 €/L"
Pá económica,PorSi,1 unidade,"2,20 €","2,20 €/Unidade"
Sumo 100% tomate,PorSi,Embalagem de 1.5 l,"1,09 €","0,73 €/L"
Néctar light de manga/laranja prism,PorSi,Embalagem de 1 l,"0,84 €","2,55 €/L"
Lambrusco rose,*,Garrafa de 750 ml,"6,89 €","9,19 €/L"
Cuecas Incontinência Homem Active Fit M,Tena,9 unidades,"18,65 €","18,65 €/Unidade"
Toalha de mãos,PorSi,50 x 100 cm,"12,00 €/Unidade","12,00 €/Unidade"
Tesoura kidy pulse,Maped,12 cm,"1,29 €","1,29 €/Unidade"
Salsichas de aves,Nobre,Lata de 200 g,"0,75 €","3,75 €/Kg"
Chá gengibre raiz,Cemporcent,Embalagem de 50g,"0,89 €","59,33 €/Kg"
"Cerveja sem álcool, preta",Super Bock,pack 6 x 0.33 l,"5,99 €","3,03 €/L"
6 salsichas tipo frankfurt original,Campofrio,Embalagem de 140g,"0,99 €","7,07 €/Kg"
Hambúrguer de soja,Cemporcent,Embalagem de 160g,"2,09 €","8,36 €/Kg"
Acetona perfumada com doseador,PorSi,Embalagem de 200 ml,"1,89 €","9,45 €/L"
Barrita controlo de peso maçã,Ignoramu,Embalagem de 44g,"1,99 €","45,23 €/Kg"
Tosta rica mini go,Cuetara,Embalagem de 240g,"1,89 €","15,75 €/Kg"
Corrida de automóveis,Olivo,1 unidade,"23,99 €/Unidade","23,99 €/Unidade"
Açorda de camarão,PorSi Select,Embalagem de 300g,"1,79 €","7,16 €/Kg"
Desodorizante de Pés em Creme,Protex,Embalagem de 100 ml,"4,69 €","46,90 €/L"
Senses Watermelon,Trident,1 un.,"0,68 €","45,33 €/Kg"
Stevia chocolate negro,Cemporcent,Embalagem de 100g,"2,89 €","23,12 €/Kg"
Pão de queijo,*,1 un. = 20 g,"0,19 €","2,38 €/Kg"
Bolachas shortcake,PorSi,Embalagem de 233 g,"1,69 €","6,76 €/Kg"
Queijo flamengo,Novacores,Embalagem de 320g,"1,96 €","9,80 €/Kg"
Cereais cruesli chocolate,Quaker,Embalagem de 380g,"2,29 €","6,11 €/Kg"
Alga kombu bio,Cemporcent,Embalagem de 50g,"3,65 €","7,30 €/Kg"
Líquido wc duraguard pinho da montanha,Harpic,Garrafa de 750 ml,"1,79 €","2,39 €/L"
Bicarbonato de sódio,PorSi,Embalagem de 500 g,"1,79 €","2,39 €/L"
Comida húmida para cão de vaca e frango,PorSi,Lata de 400 g,"0,75 €","2,50 €/Kg"
Puzzles Sereia / Lama,Olivo,60 peças,"23,99 €/Unidade","23,99 €/Unidade"
Lay's sal mpk 6x30g,Lay's,Embalagem de 180g,"1,01 €","5,46 €/Kg"
"Sabonete sólido, oliva",Feno,Embalagem de 4x90g,"1,99 €","12,44 €/Kg"
Milho para pipocas,PorSi,Embalagem de 250g,"1,65 €","12,69 €/Kg"
Sabonete Liquido Gel Antibacteriano,Labell,Embalagem de 300 ml,"2,18 €/L","2,18 €/L"
Bolachas cream cracker doses individuais,Vieira,Embalagem de 180g,"0,39 €","3,12 €/Kg"
Escova para calçado,Sonaf,1 unidade,"5,29 €","35,27 €/L"
Pellets madeira,Nova lenha,Embalagem de 15kg,"10,99 €","0,73 €/Kg"
Caracol com passas,*,90g,"0,35 €","0,35 €/Unidade"
"Sacos para sandes, 100 unidades",PorSi,1 embalagem,"1,11 €","1,11 €/Unidade"
Nestle scm regular tubo 12x pt,Nestle,Embalagem de 450g,"1,09 €","2,75 €/Kg"
Cerveja com álcool,Super Bock,Garrafa de 1 l,"1,99 €/L","1,99 €/L"
Gogo SqueeZ Snack Banana,Gogo,Embalagem de 4 x 90g,"2,29 €","6,94 €/L"
Iogurte sólido sem lactose morango,Mimosa,Embalagem de 480g,"1,87 €","1,25 €/Kg"
Lamina Descartáveis Platina,Labell,Pack 10 unidades,"1,16 €","4,64 €/L"
Chocolate negro 70% cacau bio,Cemporcent,Embalagem de 100g,"2,89 €","23,12 €/Kg"
Queijinho dadoninho petitdino de morango,Danone,Embalagem de 6 x 50 g,"1,05 €","1,86 €/L"
Café moagem universal portugal,Delta,Embalagem de 250g,"9,76 €/Kg","9,76 €/Kg"
Mirtilos 100% Naturais,PorSi,Embalagem de 250 g,"3,29 €","4,39 €/Kg"
Manteiga de amendoim crocante,Prozis,Embalagem de 500g,"10,84 €/Kg","10,84 €/Kg"
Special k choco,Kellogg's,Embalagem de 375g,"1,49 €","2,98 €/Kg"
Nata uht para bater,Parmalat,Embalagem de 200 ml,"0,75 €","3,75 €/L"
50 Jogos Reunidos,Clementoni,1 unidade,"7,99 €","7,99 €/Unidade"
vinho do Porto Ruby,Velhotes,"garrafa de 0,75 l","6,65 €/L","6,65 €/L"
Bolachas chips ahoy,Ca!,Embalagem de 130g,"0,79 €","5,27 €/Kg"
Couve flor,PorSi,Embalagem de 750 kg,"1,98 €","1,98 €/Kg"
Iogurte sólido sem lactose morango,Mimosa,Embalagem de 480g,"2,59 €","5,40 €/Kg"
Frutapura maçã e banana,Bledina,Embalagem de 85g,"2,29 €","6,94 €/L"
Presunto fatias,Damatta,Embalagem de 120 g,"2,59 €","12,95 €/Kg"
Bolacha torrada com canela,PorSi,Embalagem de 2 x 250 g,"2,11 €/Kg","2,11 €/Kg"
Queijo Curado,Ilha Azul,Vendido ao peso a partir de 250 gr,"2,42 €","9,69 €/Kg"
Queijo flamengo barra,PorSi,"Vendido ao peso, fatiado a partir de 100 gr","1,96 €","9,80 €/Kg"
Chá infusão cardo mariano,Cemporcent,Embalagem de 13g,"0,89 €","59,33 €/Kg"
Rebuçado recheio morango,PorSi,Embalagem de 250g,"1,08 €","5,40 €/Kg"
Maçã Pink Lady 70/75,Fruta do Dia,1 un = 150 gr (aprox.),"0,33 €","2,19 €/Kg"
Lixívia Denso-Activa Harmonias Florais p/ Casa e Rou...,Neoblanc,Embalagem de 2 l,"1,74 €","0,35 €/L"
Colheres de Sopa transparentes,Progelcone,1 Embalagem com 20 uni.,"0,89 €","0,89 €/Unidade"
Esferográfica 4 Cores Multi-Function,Bic,1 un.,"2,69 €","2,69 €/Unidade"
Sardinha Pequena,Peixe Congelado,1 un= 250 gr (aprox.),"3,99 €/Kg","3,99 €/Kg"
Iogurte líquido danonino morango,Danone,Embalagem de 4 x 100 g,"1,05 €","1,86 €/L"
40 filtros café número 4,Planteur,Embalagem com 40 filtros,"0,80 €","0,80 €/Unidade"
Maracujá Roxo,Fruta da Época,1 un = 250 gr  (aprox.),"2,29 €/Kg","2,29 €/Kg"
Bastão de Cola,Domédia,10 g,"1,29 €","1,29 €/Unidade"
Flocos de aveia finos integrais,Cemporcent,Embalagem de 400g,"0,69 €","1,73 €/Kg"
Néctar clássico tutti-frutti,Compal,330 ml,"0,99 €","0,99 €/L"
5 gouaches de cores primárias,Domédia,Uma embalagem,"3,19 €","3,19 €/Unidade"
Discos de algodão para bebé,PorSi,60 unidades,"5,99 €","5,99 €/Unidade"
O Meu Primeiro Monopoly,Monopoly,,"7,99 €","7,99 €/Unidade"
"Escova dentes, proteção global suave, 2 unidades",Labell,1 embalagem,"3,49 €","3,49 €/Unidade"
Salmão Fumado da Escócia,PorSi Select,Embalagem de 200 g,"7,99 €","39,95 €/Kg"
Chá de infusão salutem nº 45 - protensão 10 saquetas,Salutem,Embalagem de 15g,"0,89 €","59,33 €/Kg"
Chá infusão valeriana,Cemporcent,Embalagem de 13g,"0,89 €","59,33 €/Kg"
Bolachas shortcake cacau,PorSi,Embalagem de 185 g,"1,69 €","6,76 €/Kg"
Desinfetante Multiusos,Sanytol,Embalagem de 750 ml,"3,99 €","5,32 €/L"
"Bracito trufa de chocolate, 4 unidades",Dulcesol,Embalagem de 240g,"2,05 €","5,13 €/Kg"
Reparador de móveis normal,PorSi,Embalagem de 200 ml,"4,39 €","14,63 €/L"
Tomate triturado,Compal,Embalagem de 500g,"3,84 €","24,00 €/Kg"
Pectina,Condi,Embalagem de 25g,"2,04 €","81,60 €/Kg"
Bolachas Chiquilin 0% Açucar,Artiach,Embalagem de 175 g,"2,98 €","9,93 €/Kg"
Camisola segunda pele 40D preto t. único,PorSi,1 unidade,"6,49 €","6,49 €/Unidade"
Bolachas maria,PorSi,Embalagem de 800g,"2,11 €/Kg","2,11 €/Kg"
Chá Aromatizado Pirâmide Baunilha/Caramelo,PorSi,20 x 2 g,"0,99 €","99,00 €/Kg"
Iogurte morango 000%,PorSi Viva Bem,Embalagem de 4 x 125 g,"1,09 €","1,45 €/Kg"
Limpa fornos,PorSi,500 ml,"1,79 €","2,39 €/L"
Rolo de cozinha mega,PorSi,1 rolo,"4,99 €","4,99 €/Unidade"
"Groselha, Categoria ll",Fruta do Dia,Embalagem de 125 g,"2,19 €","17,52 €/Kg"
Cevada torrada moída,PorSi,Embalagem de 250 g,"0,79 €","3,16 €/Kg"
Toalhita Azul,Dodot,Embalagem c/ Tampa | 64 un.,"1,09 €/Unidade","1,09 €/Unidade"
"Cobertura tipo chantilly, 2x38g",PorSi,Embalagem de 80g,"1,29 €","3,23 €/Kg"
Milho partido,Rac.zezere,Embalagem de 5 kg,"4,24 €","0,85 €/Kg"
Vinho de mesa tinto bag in box,Adega grande,Garrafa de 5 l,"5,19 €","1,04 €/L"
Flakes,Cuetara,Embalagem de 500g,"5,07 €/Kg","5,07 €/Kg"
Trotinete Unicórnio,Baby Clementoni,1 unidade,"27,99 €/Unidade","27,99 €/Unidade"
Caramelo líquido,PorSi,Embalagem de 400g,"1,29 €","3,23 €/Kg"
Orégãos em folha,PorSi,Embalagem de 10g,"0,25 €","0,25 €/Kg"
Bicarbonato de sódio,Globo,Embalagem de 230g,"1,89 €","17,18 €/Kg"
Ração para cão com frango,Friskies,Embalagem de 4kg,"1,15 €/Kg","1,15 €/Kg"
"Refeição pronta, boião de legumes e vitela",Bledina,Embalagem de 200g,"2,19 €","11,53 €/Kg"
Spray limpa inox,Cif,Garrafa de 440 ml,"1,79 €","2,39 €/L"
Infusão de tília,Tetley,Embalagem de 10g,"0,89 €","68,46 €/Kg"
Costeletas do Lombo,Porco,Vendido ao peso a partir de 1 kg,"3,99 €","3,99 €/Kg"
Molho mad chips top down,Calve,Embalagem de 260g,"0,87 €","2,90 €/Kg"
Leite pastagem uht terra nostra inteiro,Terra Nostra,Garrafa de 1 l,"1,09 €","1,09 €/L"
Azeite tradição,Oliveira da Serra,Embalagem 3L,"3,29 €","4,39 €/L"
"Vinho Alentejo, Private Collection, Tinto",Selecção de Enófilos,Garrafa de 0.75 l,"2,99 €","3,99 €/L"
Bebida de Soja Baunilha,PorSi Viva Bem,1 l,"2,49 €","2,49 €/L"
Linhaça castanha moída,Cemporcent,Embalagem de 200g,"2,29 €","11,45 €/Kg"
Rebuçados de café,Villa,Embalagem de 200 g,"1,15 €","4,60 €/Kg"
Moelas congeladas,*,Embalagem de 1 kg,"4,99 €","24,95 €/Kg"
Desinfetante álcool gel,PorSi,100 ml,"5,24 €","5,24 €/Unidade"
Cerveja c/ álcool,Heineken,"Embalagem de 6x0,25 l","1,99 €/L","1,99 €/L"
Feijão Verde,Legumes do Dia,1 un = 250 gr  (aprox.),"1,99 €","1,99 €/Kg"
Muesli nozes,PorSi,500 g,"2,24 €","4,48 €/Kg"
Cereais golden e crispy,PorSi,Embalagem de 375 g,"5,07 €/Kg","5,07 €/Kg"
Topping morango,Branca de neve,Embalagem de 370g,"1,29 €","3,23 €/Kg"
Gogo SqueeZ Snack Maçã e Pera,Gogo,Embalagem de 4 x 90g,"2,29 €","6,94 €/L"
Bicarbonato de sódio,Vatel,Embalagem de 400g,"1,89 €","17,18 €/Kg"
Açorda de camarão,PorSi Select,380 g,"1,79 €","7,16 €/Kg"
Queijo de cabra curado rolo,PorSi,Embalagem de 180 g,"1,89 €","10,50 €/Kg"
Desinfetante em gel p/ wc,Cif,Garrafa de 750 ml,"2,79 €","3,99 €/L"
Lombo curado fatiado,PorSi,100 g,"2,49 €","16,60 €/Kg"
Special k aveia mel,Kellogg's,Embalagem de 420g,"1,49 €","2,98 €/Kg"
Casa mateus temporada - morango   6x350g,Casa de Mateus,Embalagem de 350g,"3,59 €","10,26 €/Kg"
Kiwi amarelo Categoria: II,Fruta do Dia,embalagem de 400 g,"0,26 €","1,29 €/Kg"
Discoveries cappuccino,STARBUCKS,Embalagem de 220 ml,"3,19 €","25,52 €/Kg"
"Vinho Bairrada, Tinto",Selecção de Enófilos,Garrafa de 0.75 l,"2,92 €/L","2,92 €/L"
Lâmpada LED Forma Esférica 5.5W E14 220-240V,Domédia,1 un.,"3,99 €","3,99 €/Unidade"
"Champô, anti-caspa",Labell Men,Embalagem de 300 ml,"5,99 €","14,98 €/L"
Eau de Toilette p/Senhora Nº24,Caravan,1 Frasco 150ml,"11,99 €","79,93 €/L"
Toalhetes Íntimos Suaves,Corine de Farme,Embalagem com 10 un.,"2,89 €","2,89 €/Unidade"
Iogurte líquido pinacolada,PorSi,Embalagem de 4 x 160 g,"1,31 €","2,05 €/Kg"
Néctar de laranja do algarve,Compal,Garrafa de 200 ml,"0,99 €","0,99 €/L"
10 compressas de gaze,PorSi,20 x 20 cm,"0,59 €","1,18 €/L"
Queijo P'tits Fondants 8 Porções,PorSi,Embalagem de 140 g,"0,78 €","5,57 €/Kg"
Linhaça dourada e moída,Cemporcent,Embalagem de 200g,"2,29 €","11,45 €/Kg"
Lâmpada LED Forma Chama 3.2W E14 220-240V,Domédia,1 un.,"3,99 €","3,99 €/Unidade"
Batata frita caseira,PorSi,Embalagem de 500g,"0,87 €","5,44 €/Kg"
Puzzle Super Hero,Clementoni,2 x 20 peças,"5,99 €/Unidade","5,99 €/Unidade"
Cerveja c/ álcool,Super Bock,pack 24 x 0.33 l,"1,99 €/L","1,99 €/L"
Espargos Verdes,Legumes do Dia,embalagem com 250g,"0,47 €","4,69 €/Kg"
Tempero para Frangos Ervas Aromáticas,PorSi,34 g,"3,84 €","24,00 €/Kg"
Pudim Rico em Proteína de Baunilha,Ehrmann,Embalagem de 200g,"2,39 €","10,48 €/Kg"
Chá funcho,Cemporcent,Embalagem de 60g,"0,89 €","59,33 €/Kg"
Aperitivos,PorSi Select,210 g,"1,65 €","12,69 €/Kg"
Café gold colômbia frasco,Nescafe,Embalagem de 100 g,"14,50 €/Kg","14,50 €/Kg"
Bloco cartolinas brancas A3,Firmo,25 folhas,"1,19 €","1,19 €/Unidade"
Adoçante recarga,Canderel,Embalagem de 40g,"5,99 €","23,96 €/Kg"
Tintureira Posta,Peixe Congelado Higienizado,Vendido ao peso,"2,40 €","11,99 €/Kg"
Pisa a Caca,Hasbro,,"27,99 €/Unidade","27,99 €/Unidade"
Queijo flamengo sticks 5x20g,PorSi,Embalagem de 100g,"1,96 €","9,80 €/Kg"
"Sabonete líquido de leite de amêndoas, recarga",Palmolive,Embalagem de 300 ml,"2,18 €/L","2,18 €/L"
Creme Depilatório Men Peles Sensíveis,Veet,400 ml,"10,99 €","73,27 €/L"
Cereais crunch 375g,Nestle,Embalagem de 380g,"5,07 €/Kg","5,07 €/Kg"
"Hamburguers de vaca, 4x80g",PorSi,Embalagem de 320 g,"2,79 €","8,72 €/Kg"
Ananás em rodelas lata,PorSi,Embalagem de 820g,"1,99 €","2,37 €/Kg"
Princesas do mar,PorSi,Embalagem de 255 g,"2,19 €","8,59 €/Kg"
Pensos peles sensíveis sortidos,PorSi,30 unidades,"0,59 €","1,18 €/L"
Creme autobrilhante castanho,Splendor,40 ml,"2,25 €","45,00 €/L"
Máquina Depilatória Descartável 3 Sensitive,Bic,Embalagem com 4+2 unidades,"12,99 €","12,99 €/Unidade"
Salmão Fumado da Noruega,PorSi,Embalagem de 100 g,"7,99 €","39,95 €/Kg"
Rolo de Cozinha Branco Eco Compacto,PorSi,2 = 6 Rolos,"4,99 €","4,99 €/Unidade"
Compota ananás 70% fruta,Cemporcent,Embalagem de 260g,"3,99 €","7,98 €/Kg"
Lava Tudo Brilhante Floral,Sonasol,"embalagem 1,1L","0,99 €","0,50 €/L"
Maçã Granny Smith 75/80,Programa Origens,1 un = 180 gr (aprox.),"0,33 €","2,19 €/Kg"
Máscara tesouros de mel,Garnier,Embalagem de 300 ml,"1,00 €","5,00 €/L"
Balões latex brancos,PorSi,Embalagem com 24 unidades,"0,59 €","0,59 €/Unidade"
Pudim Rico em Proteína de Caramelo,Ehrmann,Embalagem de 200g,"2,39 €","10,48 €/Kg"
Queijo fresco natural,Matinal,Embalagem de 216g,"1,09 €","5,45 €/Kg"
Sublinhador Brite Liner - 3+1,Bic,1 unidade,"2,69 €","2,69 €/Unidade"
Maionese top down,Hellmman's,Embalagem de 238 g,"0,87 €","2,90 €/Kg"
Croissant simples,PorSi,Embalagem de 400g,"2,05 €","5,13 €/Kg"
"Sopa gourmet, cogumelos",Knorr,Embalagem de 60g,"0,62 €","10,00 €/Kg"
Croissant recheado de cacau/avelã,PorSi,Embalagem de 315g,"2,05 €","5,13 €/Kg"
Cerveja c/ álcool radler,Sagres,pack 6 x 0.33 l,"1,59 €","3,18 €/L"
Green mayo,Cemporcent,Embalagem de 300g,"1,32 €","2,06 €/L"
"Escova dentífrica infantil, minions, + 6 anos",Colgate,1 + 1 unidade grátis,"0,99 €","0,99 €/Unidade"
"Papel higiénico compacto, extra xxl, 6 rolos",Renova,Uma embalagem,"1,99 €","1,99 €/Unidade"
"Queijo fresco, grande",PorSi,Embalagem de 250 g,"1,09 €","5,45 €/Kg"
Chá solúvel frutos vermelhos,Cemporcent,Embalagem de 45g,"0,89 €","59,33 €/Kg"
Pastilhas descafeinado,Delta,Embalagem de 110g,"54,36 €/Kg","54,36 €/Kg"
Sabonete Líquido Original,Dove,Embalagem de 250 ml,"2,18 €/L","2,18 €/L"
Chá solúvel dormir bem,Cemporcent,Embalagem de 45g,"0,89 €","59,33 €/Kg"
Peito de frango fatias finas,Nobre,Embalagem de 110g,"1,99 €","13,27 €/Kg"
Carvão,Carbrica,17 dm3,"0,75 €","0,75 €/Unidade"
"Cereais special k, frutos vermelhos",Kellogg's,Embalagem de 300g,"5,59 €","8,87 €/Kg"
Gelatina de laranja,PorSi,Embalagem de 170g,"0,55 €","61,11 €/Kg"
Snack para gato de salmão e queijo,Catisfactions,Embalagem de 60g,"0,85 €","14,17 €/Kg"
Bebida energética ultra white,Monster,Garrafa de 500 ml,"1,60 €","3,20 €/L"
Peito de frango,Salsicharia Limiana,"Vendido ao peso, fatiado","1,99 €","13,27 €/Kg"
Café solúvel gold,PorSi Select,Embalagem 100G,"14,50 €/Kg","14,50 €/Kg"
Queijo são jorge dop,PorSi Select,Embalagem de 400g,"2,42 €","9,69 €/Kg"
Guache,Giotto,6 x 7.5 ml,"3,19 €","3,19 €/Unidade"
Chá infusão passiflora,Cemporcent,Embalagem de 13g,"0,89 €","59,33 €/Kg"
Queijo amanteigado fatias,Paiva,Embalagem de 180 g,"1,96 €","9,80 €/Kg"
Alimento lácteo alperce +6 meses,Yogolino,Embalagem de 4 x 100 g,"2,89 €","7,23 €/Kg"
"Jogo ""Pizza Express""",Clementoni,1 unidade,"7,99 €","7,99 €/Unidade"
Café nyeri quénia moagem universal,Sical,Embalagem de 220g,"9,76 €/Kg","9,76 €/Kg"
Creme para barrar,Nutella,Embalagem de 200 g,"10,84 €/Kg","10,84 €/Kg"
Bandas de Cera Depilatória Facial,Veet,Embalagem de 20 unidades,"3,11 €","3,11 €/Unidade"
Leite de pastagem uht meio gordo,Milhafre,1 litro,"0,83 €","0,83 €/L"
Gel de Banho Shea Butter & Vanilla,Dove,Embalagem de 750 ml,"6,39 €/L","6,39 €/L"
Queijo flamengo fatiado,PorSi,Embalagem de 200G,"1,96 €","9,80 €/Kg"
Anti-embaciante,PorSi,Embalagem de 250 ml,"3,99 €","0,80 €/L"
Açúcar demerara,Rar,Embalagem de 500 g,"1,49 €","1,49 €/Kg"
Tablete de chocolate leite com avelã,PorSi Select,200 g,"6,50 €/Kg","6,50 €/Kg"
Cenouras com peru +6 meses,Bledina,Embalagem de 2 x 200g,"2,19 €","11,53 €/Kg"
Penso júnior,PorSi,20 unidades,"0,59 €","1,18 €/L"
"Sagres preta gfa 0,33l tr",Sagres,Garrafa de 330 ml,"1,99 €/L","1,99 €/L"
Bolachas de manteiga,PorSi,Embalagem de 200 g,"1,69 €","6,76 €/Kg"
Espumante tinto bruto,Alianca,Garrafa de 750 ml,"8,49 €","11,32 €/L"
Coco Seco,Fruta do Dia,1 un= 500 gr (aprox.),"2,29 €/Kg","2,29 €/Kg"
Cabeça de Aipo,Legumes do Dia,1 un = 500 g (aprox.),"0,47 €","4,69 €/Kg"
Batata pré-frita palito,PorSi,"Embalagem de 2,5 kg","1,39 €","1,39 €/Kg"
Pastilhas de Limpeza Aparelho Dentário,Polident,Embalagem com 30 unidades,"7,39 €","105,57 €/Kg"
Bolacha maria,PorSi,Doses Individuais 12 x 25 g,"2,11 €/Kg","2,11 €/Kg"
Jogo das escadas,Olivo,1 unidade,"23,99 €/Unidade","23,99 €/Unidade"
Queijo emmental ralado,PorSi,Embalagem de 200 g,"7,45 €/Kg","7,45 €/Kg"
Pérolas de perfume unstoppables fresh,Lenor,Embalagem de 210g,"10,99 €","52,33 €/Kg"
Queijo roquefort,Páturages,Embalagem de 150 g,"2,49 €","16,60 €/Kg"
Tablete de chocolate extra fina leite/avelã,Nestle,Embalagem de 120g,"6,50 €/Kg","6,50 €/Kg"
Ice tea de limão,PorSi,Embalagem de 2 l,"1,14 €","0,76 €/L"
Bicarbonato sodio fr.250g,Vahine,Embalagem de 250g,"1,89 €","17,18 €/Kg"
Vinagre de vinho branco envelhecido,PorSi,Garrafa 250ML,"0,35 €","0,70 €/L"
Delta chicória + cafe soluvel lata,Delta,Embalagem de 250g,"14,50 €/Kg","14,50 €/Kg"
Sumo 100% ananás e uva,PorSi,1.5 l,"1,09 €","0,73 €/L"
Batata doce para fritar,PorSi,Embalagem de 600g,"1,39 €","1,39 €/Kg"
Gomas ositos de oro,Haribo,Embalagem de 100g,"1,19 €","3,97 €/Kg"
Puzzle Frozen,Clementoni,2 x 20 peças,"23,99 €/Unidade","23,99 €/Unidade"
Bife da Alcatra,Novilho,1 un = 250 gr (aprox.),"11,99 €","14,99 €/Kg"
Infusão nº 10 colestrol,Cemporcent,Embalagem de 10 unidades,"0,89 €","68,46 €/Kg"
Tagliatelle a carbonara 350g,Tuttipasta,Embalagem de 350G,"2,16 €","6,17 €/Kg"
Galão enriquecido com cálcio,Ucal,Embalagem de 600 ml,"1,99 €","2,49 €/L"
Dentífrico herbal naturals,Aquafresh,75 ml,"2,39 €","31,87 €/L"
Batata frita presunto,Ruffles,Embalagem de 150 g,"1,18 €","6,38 €/Kg"
Café em cápsulas dolce gusto ardenza,Nescafe,Embalagem de 110g,"54,36 €/Kg","54,36 €/Kg"
Papel higiénico 2 folhas,PorSi,32 rolos,"1,99 €","1,99 €/Unidade"
Água mineral sem gás,Fastio,"Garrafa de 2,5 l","1,04 €","0,17 €/L"
Esferográfica cristal bl 5 az,Bic,1 unidade,"2,69 €","2,69 €/Unidade"
Cereais fitness,Nestle,Embalagem de 640 g + 320 g grátis,"5,59 €","8,87 €/Kg"
Cereais cruesli frutos secos,Quaker,Embalagem de 380g,"2,29 €","6,11 €/Kg"
Crocantes frango parmesão e ervas,Iglo,Embalagem de 180g,"9,30 €/Kg","9,30 €/Kg"
"Elásticos grandes coloridos, pack de 20 unidades",Domédia,1 embalagem,"2,19 €","109,50 €/L"
Vinho do Porto Tawny,Velhotes,"garrafa de 0,75 l","24,99 €","33,32 €/L"
Vinho branco península de setúbal,Periquita,Garrafa de 0.75 l,"2,99 €","3,99 €/L"
Escova de Dentes Júnior,Aquafresh,1 unidade,"0,99 €","0,99 €/Unidade"
Hortelã,Vitacress,embalagem de 40 g,"0,89 €","17,80 €/Kg"
Cerveja preta 0.0%,Sagres,Lata de 330 ml,"5,99 €","3,03 €/L"
Alimento lácteo pera +6 meses,Yogolino,Embalagem de 4 x 100 g,"2,89 €","7,23 €/Kg"
Azeite virgem extra seleção,PorSi,Garrafa de 750 ml,"3,29 €","4,39 €/L"
Queque,PorSi,1 unidade = 55 g,"0,35 €","0,35 €/Unidade"
8 pães de leite,PorSi,Embalagem de 280 g,"7,40 €/Kg","7,40 €/Kg"
Camisola segunda pele 40D musk t. único,PorSi,1 unidade,"6,49 €","6,49 €/Unidade"
Bebida arroz bio,PorSi Bio,Embalagem de 1 litro,"1,59 €","1,59 €/L"
Carcacinha,*,1 un.,"0,19 €","2,38 €/Kg"
Bolachas digestive muesli,Gullon,Embalagem de 370g,"1,45 €","11,15 €/Kg"
Chá infusão cidreira bio,Cemporcent,Embalagem de 13g,"0,89 €","59,33 €/Kg"
Desentupidor de fole com cabo,PorSi,1 unidade,"2,50 €","2,50 €/Unidade"
Feijão preto,PorSi,Embalagem de 500g,"0,95 €","1,90 €/Kg"
Aguardente Bagaceira Velha,CASAL DE VALLE PRADINHOS,"Garrafa 0,70 L","11,49 €","16,41 €/L"
Flauta plástica moderna,Maped,1 unidade,"1,29 €","1,29 €/Unidade"
Máquina de barbear descartável,Gillette,Embalagem com 4+1 unidades,"1,16 €","4,64 €/L"
Anti-traça Maçã Verde,Dum Dum,2 unidades,"4,69 €","4,69 €/Unidade"
Bolacha cracker integral,Cuetara,Embalagem de 200g,"0,39 €","3,12 €/Kg"
Bolachas de água e sal,PorSi,Embalagem de 125g,"0,39 €","3,12 €/Kg"
Feijão vermelho,Legumes secos,1 un = 100 gr. (aprox.),"0,38 €","3,75 €/Kg"
Queijo ralado 4 queijos,Valformoso,Embalagem de 150g,"7,45 €/Kg","7,45 €/Kg"
Dentifríco splash morango,Aquafresh,Embalagem de 75 ml,"0,99 €","0,99 €/Unidade"
Fatia de salame de chocolate,PorSi,Embalagem 60G,"2,05 €","5,13 €/Kg"
Gressinos com azeitonas pretas,PorSi,Embalagem de 250g,"2,39 €","6,83 €/Kg"
Sabonete líquido Marselha e Azeitona,Labell,Embalagem de 500 ml,"2,18 €/L","2,18 €/L"
Pensos peles sensíveis XL,PorSi,5 unidades,"0,59 €","1,18 €/L"
Ravioli com tomate,Claude Léger,Embalagem 300G,"2,35 €","5,60 €/Kg"
Moscatel de setúbal,Adega de Palmela,Garrafa de 750 ml,"5,99 €","7,99 €/L"
Croutons azeite e alho,PorSi,Embalagem de 150g,"2,39 €","6,83 €/Kg"
Bebida Energética Red Grape,Hell,250 ml,"1,60 €","3,20 €/L"
Palmilha cortiça com latex t 38/39,Sonaf,1 unidade,"4,69 €","46,90 €/L"
Maionese,PorSi,Embalagem de 414 g,"0,87 €","2,90 €/Kg"
Guardanapos brancos folha tripla 33x33 cm,PorSi,70 unidades,"1,29 €","1,29 €/Unidade"
Super Cola,Vito,2 unidade,"2,99 €","99,67 €/Kg"
50 Jogos Reunidos,Clementoni,1 unidade,"23,99 €/Unidade","23,99 €/Unidade"
Mel em frasco com doseador,PorSi,Embalagem de 500g,"4,89 €","9,78 €/Kg"
Aveia instantânea em pó,Prozis,"Embalagem de 1,25 kg","3,99 €","10,23 €/Kg"
Champô 3 em 1 karpex,Vanish,950 ml,"1,79 €","2,39 €/L"
Lula limpa,Pescanova,Embalagem de 450g,"3,99 €","9,98 €/Kg"
Aperitivos futebolas,Cheetos,Embalagem de 130g,"1,65 €","12,69 €/Kg"
Bolachas maria,PorSi,Embalagem de 200g,"2,11 €/Kg","2,11 €/Kg"
Água s/ Gás,Serra de Fafe,Garrafa 6L,"1,04 €","0,17 €/L"
Café solúvel descafeinado,PorSi,Embalagem de 100G,"14,50 €/Kg","14,50 €/Kg"
Pudim morango,Boca Doce,Embalagem de 20g,"0,59 €","29,50 €/Kg"
Leite 0% lactose magro,Mimosa,Garrafa de 1 l,"1,29 €","1,29 €/L"
Bloco Notas A6 Pautado,Domédia,1 un.,"0,49 €","0,49 €/Unidade"
Queijo flamengo fatias light,PorSi,Embalagem de 200g,"1,96 €","9,80 €/Kg"
Refresco em pó de morango,Tang,Embalagem de 30g,"0,75 €","18,75 €/Kg"
Limpa móveis multissuperfícies,PorSi,Frasco de 300ml,"4,39 €","14,63 €/L"
Pota Inteira,Peixe Congelado,1 un= 200 gr (aprox.),"3,99 €/Kg","3,99 €/Kg"
Batata frita lisas originais,Lay's,Embalagem de 160g,"1,01 €","5,46 €/Kg"
Feijão catarino,PorSi,Embalagem 500G,"0,95 €","1,90 €/Kg"
"Recarga ambientador, elétrico, baunilha",Air Wick,Embalagem de 19 ml,"1,79 €","1,79 €/Unidade"
Folhado Misto 90 g,Pastelaria do Dia,,"0,65 €","0,65 €/Unidade"
Fígado,Novilho,1 un = 100 gr (aprox.),"0,60 €","5,99 €/Kg"
Feijoada,PorSi,Embalagem de 420 g,"2,35 €","5,60 €/Kg"
Caldo de galinha,PorSi,24 cubos,"3,84 €","24,00 €/Kg"
Mousse de chocolate preto,Páturages,Embalagem de 4x60 g,"2,39 €","10,48 €/Kg"
Refrigerante c/ gás ananás,Sumol,Garrafa de 500 ml,"0,40 €/L","0,40 €/L"
Paté Fígado Porco c/ Vinho do Porto,PorSi,75 g,"0,95 €","4,75 €/Kg"
Iogurte natural,PorSi,Embalagem 12 x 125 g,"0,65 €","1,30 €/Kg"
Queijo ralado dispensador,PorSi,Embalagem de 80g,"7,45 €/Kg","7,45 €/Kg"
Saqueta puré de fruta e aveia,PorSi,Embalagem de 90g,"0,74 €","8,22 €/Kg"
Vinho regional alentejano bag-in-box tinto,Galitos,Garrafa de 5 l,"5,19 €","1,04 €/L"
Chocolate maxi 6 barritas,Kinder,Embalagem de 130g,"2,29 €","17,62 €/Kg"
"Qeijo flamengo bola, metade",Valformoso,Embalagem de 700G,"1,96 €","9,80 €/Kg"
Sobremesa Paturette Creamy Chocolate,Páturages,Embalagem de 4X115G,"2,39 €","10,48 €/Kg"
Creme Corpo Goodness,Dove,Embalagem de 300 ml,"12,48 €/L","12,48 €/L"
Queijo tres igrejas cura 2 meses,Santiago,Vendido ao peso a partir de 250 gr,"25,45 €/Kg","25,45 €/Kg"
"Bolachas relieve, mel e coco",PorSi,Embalagem de 700g,"2,98 €","9,93 €/Kg"
Creme de avelãs e cacau para barrar sem glúten,Cemporcent,Embalagem de 200g,"11,44 €/Kg","11,44 €/Kg"
5 rissóis de leitão,PorSi,Embalagem de 400g,"1,79 €","7,16 €/Kg"
"As minhas primeiras receitas - refeição batata, abób...",Nestle,Embalagem de 190g,"2,19 €","11,53 €/Kg"
Colheres,Pommette,4 unidades,"5,99 €","5,99 €/Unidade"
Champô cacau&côco,Ultra Suave,Embalagem de 400 ml,"5,59 €","13,98 €/L"
Cereais chocapic,Nestle,Embalagem de 375 g,"5,07 €/Kg","5,07 €/Kg"
Vinagre de fruta,PorSi,Embalagem de 500 ml,"0,35 €","0,70 €/L"
Cerveja 0.0%,Sagres,Pack 4 x 0.33 l,"5,99 €","3,03 €/L"
Queijo flamengo fatias light,PorSi,Embalagem de 200g,"2,39 €","19,92 €/Kg"
Batata pré-frita palitos finos,PorSi,Embalagem de 2.5 kg,"1,39 €","1,39 €/Kg"
Sangria pet,Don Simon,"Garrafa de 1,5 l","2,39 €","1,59 €/L"
Queijo Roquefort Fatias,Société,embalagem de 100 g,"2,49 €","16,60 €/Kg"
Tablete de chocolate de leite com amêndoas,PorSi,100 g,"6,50 €/Kg","6,50 €/Kg"
Tostas de trigo,PorSi,Embalagem 225G,"2,39 €","6,83 €/Kg"
Refrigerante sem gás de maçã,Trina,"Garrafa de 1,5 l","1,14 €","0,76 €/L"
Tarte de Flan,Pastelaria do Dia,embalagem com 650g,"8,99 €","11,24 €/Kg"
Pães de leite redondos,s. tomé,Embalagem de 300 g,"7,40 €/Kg","7,40 €/Kg"
Doritos dippas original,Doritos,Embalagem de 180g,"1,65 €","12,69 €/Kg"
Prepar arroz marisco sem gluten cv 0.8kg,Brasmar,Embalagem de 800g,"1,79 €","7,16 €/Kg"
Alimento para cão adulto alta energia,HappyOne,Embalagem de 10 kg,"1,15 €/Kg","1,15 €/Kg"
Leite de coco bio,PorSi Bio,400 ml,"3,65 €","7,30 €/Kg"
Pringles sour cream & onion,Pringles,Embalagem de 175g,"1,18 €","6,38 €/Kg"
Preparado sobremesa vegan sem lactose,Nestle,Embalagem de 370g,"2,99 €","6,64 €/Kg"
Cápsulas de café com leite cappuccino,Nescafe,Embalagem com 16 cápsulas,"3,19 €","25,52 €/Kg"
20 saquetas chá de frutos silvestres,Lipton,Embalagem de 30g,"48,33 €/Kg","48,33 €/Kg"
T-Rex e Pteranodon,Clementoni,1 unidade,"5,99 €/Unidade","5,99 €/Unidade"
Dentífrico sensibilidade e gengivas,Sensodyne,Embalagem de 75 ml,"2,39 €","31,87 €/L"
Tesoura kidy pulse,Maped,12 cm,"2,19 €","109,50 €/L"
Iogurte activia cremoso coco,Danone,Embalagem de 4 x 120 g,"1,49 €","2,98 €/Kg"
Polpa de manga,Koala,Embalagem de 450g,"4,19 €","7,35 €/Kg"
Bandas de cera fria peles normais,Veet,Embalagem de 20 unidades,"3,11 €","3,11 €/Unidade"
Batata frita forno originais,Lay's,Embalagem de 150g,"0,87 €","5,44 €/Kg"
Cevada solúvel,Delta,Embalagem de 200 g,"14,50 €/Kg","14,50 €/Kg"
Martini Riserva Rubino,Martini,Garrafa de 750 ml,"4,99 €","7,13 €/L"
Tablete chocolate branco,PorSi,Embalagem de 100g,"0,99 €","9,90 €/Kg"
Bebida láctea crescimento 3 anos+,Nestle,Embalagem de 1 litro,"0,26 €","1,30 €/L"
Esponja brilho preto,Búfalo,1 embalagem,"2,25 €","45,00 €/L"
Bebida láctea crescimento 1 a 3 anos,Nestle,Embalagem de 1 litro,"0,26 €","1,30 €/L"
Cubos gengibre (para mastigar),Cemporcent,Embalagem de 100g,"1,99 €","3,98 €/Kg"
Anona,Fruta do Dia,1 un = 250 gr  (aprox.),"2,29 €/Kg","2,29 €/Kg"
Pimento vermelho assado em tiras,*,350 g,"0,75 €","2,99 €/Kg"
"Presunto Metades, 6 meses de cura",PorSi,"Vendido ao peso, fatiado a partir de 100 gr","2,59 €","12,95 €/Kg"
Chocolate culinário 70% cacau,Nestle,Embalagem de 170 g,"1,04 €","8,32 €/Kg"
Chá tília flor,Cemporcent,Embalagem de 40g,"0,89 €","59,33 €/Kg"
"Ambientador automático, fresh matic, oasis turquesa",Air Wick,Embalagem de 1 unidades,"3,74 €","3,74 €/Unidade"
Patê de marisco,Fides,Embalagem de 90g,"1,19 €","13,52 €/Kg"
Leite especial crescimento +3 anos,Mimosa,Garrafa de 1 l,"0,26 €","1,30 €/L"
Jarro graduado,PorSi,Embalagem de 1 unidades,"0,54 €","0,54 €/Unidade"
Toalhitas Refrescantes Rosto e Mãos,PorSi,Embalagem 3 x 10 un.,"1,10 €","1,10 €/Unidade"
"Escova de cabelo, esqueleto",Labell,Embalagem com 1 unidade,"1,99 €","1,99 €/Unidade"
Aveia natural,Quaker,Embalagem de 500g,"2,99 €","7,97 €/Kg"
Puré de batata,Saint Eloi,Embalagem de 500 g,"1,99 €","1,99 €/Kg"
Chá dente de leão,Cemporcent,Embalagem de 50g,"0,89 €","59,33 €/Kg"
8 salsichas aves,PorSi,Embalagem de 200 g,"0,75 €","3,75 €/Kg"
Cocktail pessego,Bar Royal,Garrafa de 750 ml,"11,99 €","11,99 €/L"
Chá hibisco e maçã infusão,Cemporcent,Embalagem de 13g,"0,89 €","59,33 €/Kg"
"Vela em número, nº 3",PorSi,1 unidade,"0,60 €","0,60 €/Unidade"
Moinho 5 pimentas em grão,PorSi,Frasco com 40 g,"0,25 €","0,25 €/Kg"
Palmiers,PorSi,Embalagem de 300 g,"1,69 €","6,76 €/Kg"
Solha Congelada (200/400),Peixe Congelado,Pescado no mar,"3,99 €/Kg","3,99 €/Kg"
Clementinas,Fruta do Dia,1 un = 100 gr (aprox.),"0,50 €","1,99 €/Kg"
10 pães de leite,PorSi,Embalagem de 350g,"7,40 €/Kg","7,40 €/Kg"
"Postas pescada nº3, para fritar",PorSi,Embalagem de 600 g,"3,99 €","9,98 €/Kg"
Molho de soja com dispenser,KIKKOMAN,Garrafa de 150 ml,"3,99 €","26,60 €/L"
Canetas de Feltro Lavavel Kids - 14 +4,Bic,Uma embalagem,"4,69 €","4,69 €/Unidade"
Gengibre,Legumes do Dia,1 un = 100 gr (aprox.),"0,47 €","4,69 €/Kg"
Ambientador automático lavanda,PorSi,250 ml,"0,99 €","3,30 €/L"
Rolo de Cozinha Multi,Renova,4 Rolos,"4,99 €","4,99 €/Unidade"
Moscatel de Setúbal 20 anos,Alambre,Garrafa de 0.50 l,"5,99 €","7,99 €/L"
Bacalhau desfiado,PorSi,Embalagem de 500g,"6,39 €","7,99 €/Kg"
Cebola Embalada,Legumes do Dia,Embalagem 2 kg (aprox.),"0,17 €","0,69 €/Kg"
Vinho maduro branco,Casal da eira,Embalagem de 250 ml,"0,85 €/L","0,85 €/L"
Vinho do porto lbv,Burmester,Garrafa de 750 ml,"9,99 €","13,32 €/L"
Creme marisco,Knorr,Embalagem de 70g,"0,62 €","10,00 €/Kg"
Fósforos compridos para lareira,Quinas,1 unidade,"1,15 €","1,15 €/Unidade"
Lambrusco tinto,*,Garrafa de 750 ml,"6,89 €","9,19 €/L"
"Jogo ""Emoções Monstro das Cores""",Diset,1 unidade,"27,99 €/Unidade","27,99 €/Unidade"
Gel wc anti-calcário,Harpic,Garrafa de 750 ml,"1,79 €","2,39 €/L"
Manjerico em Vaso,*,1 unidade,"8,99 €","8,99 €/Unidade"
Lixivia perfume fresco,Neoblanc,Embalagem de 2 l,"1,74 €","0,35 €/L"
Café lote normal moagem grossa,PorSi,Embalagem de 250 g,"9,76 €/Kg","9,76 €/Kg"
Açucar granulado,PorSi,Embalagem de 1 kg,"1,49 €","1,49 €/Kg"
Farinheira do fundão,PorSi,Embalagem de 250g,"1,49 €","7,45 €/Kg"
Manteiga com sal,Gresso,Embalagem de 250g,"1,89 €","7,56 €/Kg"
Óleo Performa 15W40,Galp,Embalagem de 1 l,"14,99 €","14,99 €/L"
Empadão de carne,PorSi,Embalagem de 1 kg,"3,99 €","9,98 €/Kg"
Chispe da Perna,Porco,1 un = 800 gr (aprox.),"3,99 €","3,99 €/Kg"
Preparado de tarte de flã,PorSi,360 g,"2,99 €","6,64 €/Kg"
Creme Depilatório Peles Normais,Veet,Embalagem de 200 ml,"10,99 €","73,27 €/L"
Esponja limpa camurça,PorSi,1 unidade,"5,29 €","35,27 €/L"
Cacetinho de Trigo,Pão do Dia,80 g,"0,19 €","2,38 €/Kg"
Chá solúvel cidreira,Cemporcent,Embalagem de 60g,"0,89 €","59,33 €/Kg"
Salsichas de porco em lata,PorSi,Embalagem de 200g,"0,75 €","3,75 €/Kg"
Frutapura maçã e pera,Bledina,Embalagem de 85g,"2,29 €","6,94 €/L"
Bacalhau lombos,PorSi,Embalagem de 1.5 kg,"6,39 €","7,99 €/Kg"
Castanhas 80/100,Frutos secos,1 un = 250 gr  (aprox.),"0,95 €","3,79 €/Kg"
Aperitivos tex mex,Doritos,Embalagem de 120g,"1,65 €","12,69 €/Kg"
Fita corretora mini pocket mouse,Tipp-Ex/Bic,embalagem com 2 unid. + 1 unid. grátis,"2,69 €","2,69 €/Unidade"
Cubos de tamboril,Mar Ibérica,Embalagem de 250 g,"3,99 €","9,98 €/Kg"
80 filtros nº4 com saquetas antitártaro,Planteur,Uma embalagem com 80 unidades,"0,80 €","0,80 €/Unidade"
Mistura Asiática,PorSi,400 g,"1,98 €","1,98 €/Kg"
Mistura com 20% café torrada moída,PorSi,Embalagem de 250g,"0,79 €","3,16 €/Kg"
Cafe pastilhas 20x7g,PorSi,Embalagem de 140g,"54,36 €/Kg","54,36 €/Kg"
Gelado cookie dough,PorSi Select,Embalagem de 500ml,"2,69 €","5,38 €/L"
Açúcar branco em saquetas,Rar,Embalagem com 170 saquetas,"1,49 €","1,49 €/Kg"
Chá centelha asiática planta,Cemporcent,Embalagem de 50g,"0,89 €","59,33 €/Kg"
Ambientador vela odor animais,PorSi,1 unidade,"2,53 €","2,53 €/Unidade"
Patafix branco,Uhu,Embalagem com 80 pastilhas adesivas,"2,49 €","2,49 €/Unidade"
Bolacha craker queijo,Tuc,Embalagem de 100g,"1,19 €","5,95 €/Kg"
10 cápsulas café qanela,Delta Q,Embalagem de 60g,"54,36 €/Kg","54,36 €/Kg"
Ovos Galinha Solo XL Categoria A,PorSi,6 unidades,"1,59 €","1,59 €/Unidade"
Pastéis de nata,PorSi,Embalagem de 6x60 g,"2,57 €","7,79 €/Kg"
Uva Branca,Fruta do Dia,1 un = 250 gr  (aprox.),"0,75 €","2,99 €/Kg"
Cebola nova,Programa Origens,1 un = 250 gr  (aprox.),"0,17 €","0,69 €/Kg"
Sangria branca,Don Simon,"Garrafa de 1,5 l","2,39 €","1,59 €/L"
"Pilha alcalina, hightech lr03x4",Domédia,1 unidade,"1,75 €","1,75 €/Unidade"
Sopa de cebola,Knorr,Embalagem de 50g,"0,62 €","10,00 €/Kg"
Chá de infusão salutem nº 27 - pau d'arco 10 saqueta...,Salutem,Embalagem de 15g,"0,89 €","59,33 €/Kg"
Formas de alumínio 600 ml,PorSi,5 unidades,"0,89 €","0,89 €/Unidade"
Limpa madeiras ecológico,PorSi,1.5 litros,"4,39 €","14,63 €/L"
Coador redondo com tampa,PorSi,Capacidade: 4 l,"0,65 €","0,65 €/Unidade"
Leite condensado magro cozido,Nestle,Embalagem de 390g,"1,09 €","2,75 €/Kg"
Nata uht 0% lactose,Parmalat,Embalagem de 200 ml,"0,75 €","3,75 €/L"
Cerveja c/ álcool,Super Bock,pack 24 x 0.20 l,"1,99 €/L","1,99 €/L"
Café Moagem Universal do Brasil,PorSi,Embalagem de 220g,"9,16 €/Kg","9,16 €/Kg"
"Maionese, frasco",Hellmman's,Embalagem de 210g,"0,87 €","2,90 €/Kg"
Mousse chocolate,PorSi,Embalagem de 150g,"0,79 €","5,27 €/Kg"
Caderno Agrafado Capa Preta |A5 Quadriculado,Domédia,1 unidade,"1,19 €","1,19 €/Unidade"
Pescada de África do Sul,Peixe Congelado,"Vendido ao peso, 1 unidade = 400 a 600 g aprox.","3,99 €/Kg","3,99 €/Kg"
Biscoitos sem glúten,Gullon,Embalagem de 200 g,"2,69 €","20,69 €/Kg"
"Queijo curado, amanteigado",Paiva,Embalagem de 550g,"25,45 €/Kg","25,45 €/Kg"
"Escova de dentes macia, 7-13 anos",Labell,1 unidade,"0,99 €","0,99 €/Unidade"
Salsicha Brasileira,Porco,1 un = 50 gr (aprox.),"0,30 €","5,99 €/Kg"
Salada toscana Programa Origens,PorSi,embalagem de 250 g,"0,99 €","0,99 €/Kg"
Óleo de girassol,PorSi,garrafa de 1 litro,"3,39 €","3,39 €/L"
Manteiga c/sal,Terra Nostra,Embalagem de 250g,"1,89 €","7,56 €/Kg"
Chá carqueja planta,Cemporcent,Embalagem de 40g,"0,89 €","59,33 €/Kg"
"Pudim zero flan 14,4g",Condi,Embalagem de 10g,"0,59 €","29,50 €/Kg"
Pilha alcalina classic lr6x4,Domédia,1 unidade,"1,75 €","1,75 €/Unidade"
Glitter lab,Clementoni,1 unidade,"27,99 €/Unidade","27,99 €/Unidade"
Quinoa branca em grão,Cemporcent,Embalagem de 1 kg,"2,29 €","11,45 €/Kg"
Espremedor,PorSi,1 unidade,"0,89 €","0,89 €/Unidade"
Papel higiénico branco folha tripla,PorSi,12 rolos,"1,99 €","1,99 €/Unidade"
Collant licra 15d musk xl,PorSi,Embalagem de 1 unidades,"1,89 €","1,89 €/Unidade"
Toalhitas Bebé Natural,Huggies,Embalagem com 56 unidades,"1,09 €/Unidade","1,09 €/Unidade"
Forma+ forma+ regulax (chá para infusão),Forma+,Embalagem de 13g,"0,89 €","59,33 €/Kg"
Feijão manteiga,PorSi,Frasco com 540 g,"2,19 €","2,81 €/Kg"
Natas uht 3 queijos,Parmalat,Embalagem de 200 ml,"0,75 €","3,75 €/L"
Líquido Sanitário Ação Total Marine,WC Pato,Embalagem de 750 ml,"2,79 €","3,99 €/L"
Hipo estrelinhas,Vtech Baby,1 unidade,"27,99 €/Unidade","27,99 €/Unidade"
Vinho regional tejo,Plexus,Garrafa de 750 ml,"2,12 €/L","2,12 €/L"
Ambientador aerossol 5 em 1 jasmim,PorSi,300 ml,"0,99 €","3,30 €/L"
Creme calçado preto,PorSi,50 ml,"0,99 €","19,80 €/L"
Chouriço Nobreza,Elpozo,Vendido ao peso,"0,95 €","9,49 €/Kg"
Chocolate sombrinhas,Regina,Embalagem de 15 g,"2,29 €","17,62 €/Kg"
Fermento padeiro,Royal,Embalagem de 27g,"1,89 €","17,18 €/Kg"
Melancia Riscada,Fruta da Época,Vendido ao peso | 1 un = 4kg (aprox.),"0,75 €","2,99 €/Kg"
Corrida de automóveis,Olivo,1 unidade,"27,99 €/Unidade","27,99 €/Unidade"
Café torrado intensa,Nicola,Embalagem de 250 g,"9,16 €/Kg","9,16 €/Kg"
"Pães para hamburguer com sésamo, 4 unidades",Bimbo,embalagem de 220 g,"0,99 €","1,65 €/Kg"
Camarão tigre 10/15 congelado,Nossa seleção,Vendido ao peso,"2,00 €","7,99 €/Kg"
Aroma de café,Rayners,Garrafa de 28 ml,"1,89 €","17,18 €/Kg"
Manteiga de amendoim cremosa,Prozis,Embalagem de 500g,"10,84 €/Kg","10,84 €/Kg"
"Lava tudo antibacteriano lavanda 1,5l",PorSi,Garrafa de 1.5 l,"0,99 €","0,50 €/L"
Café solúvel c/ cafeína,PorSi,Embalagem de 100g,"14,50 €/Kg","14,50 €/Kg"
Estendal de roupa com abas alumínio,PorSi,20 metros,"0,89 €","0,89 €/Unidade"
Chá de infusão salutem nº 48 - alcachofra 10 saqueta...,Salutem,Embalagem de 15g,"0,89 €","59,33 €/Kg"
Carapau Médio Fresco,Peixe do Dia,1 un = 150 gr (aprox.),"6,49 €/Kg","6,49 €/Kg"
Quebrado massa folhada,Pasta dia,Embalagem de 300g,"0,99 €","4,30 €/Kg"
"Cera de depilação oriental, pote",Labell,Embalagem de 250 ml,"3,11 €","3,11 €/Unidade"
Peluche,Peppa Pig,50 cm,"27,99 €/Unidade","27,99 €/Unidade"
Esparguete integral,Cemporcent,Embalagem de 500g,"1,99 €","3,98 €/Kg"
Queijo Curado Trad.Pimentão,Alavão,Vendido ao peso a partir de 250 gr,"25,45 €/Kg","25,45 €/Kg"
"Lustrante pneus, em pistola",Arbo,Embalagem de 1 l,"3,99 €","0,80 €/L"
Pensos Higiênicos com Abas Super,Ausonia,embalagem com 12 un.,"2,59 €","2,59 €/Unidade"
Loção hidratante,Baby Dove,Embalagem de 200 ml,"0,55 €","5,50 €/L"
Fortnite Blaster Six Shoote,Nerf,1 unidade,"27,99 €/Unidade","27,99 €/Unidade"
Azeite virgem extra seleção,PorSi,Garrafa de 2 l,"3,29 €","4,39 €/L"
"Café em grão, lote superior",Delta,Embalagem de 1 kg,"9,16 €/Kg","9,16 €/Kg"
"Engoma fácil, pistola",PorSi,Embalagem de 750 ml,"10,99 €","52,33 €/Kg"
Cappuccino café arábica cacau magro em pó,PorSi,250 ml,"3,19 €","25,52 €/Kg"
"Forma papel para bolos, 8. 4cm",PorSi,Embalagem com 60 unidades,"0,54 €","0,54 €/Unidade"
Queijo creme flamengo,President,Embalagem de 125 g,"2,05 €","16,40 €/Kg"
Polpa de tomate,PorSi,Embalagem de 500 g,"3,84 €","24,00 €/Kg"
Acetona,PorSi,Embalagem de 60 ml,"1,89 €","9,45 €/L"
Fralda Cueca Banho Splashers T5,Dodot,1 Embalagem c/10 unidades,"8,49 €","8,49 €/Unidade"
Molho de whisky cocktail,Calve,Garrafa de 250 ml,"0,87 €","2,90 €/Kg"
Papel Fotocópia A4 |80g,Navigator,,"1,59 €","1,59 €/Unidade"
Eau de Toilette p/Senhora Nº37,Caravan,1 Frasco 150ml,"11,99 €","79,93 €/L"
Apara lápis Galactic BLS,Maped,1 unidade,"2,69 €","2,69 €/Unidade"
Café torrado lote chávena máquina,Delta,Embalagem de 250g,"9,16 €/Kg","9,16 €/Kg"
Iogurte fruta batida banana/laranja/bolacha,Mimosa,Embalagem de 480g,"1,49 €","2,98 €/Kg"
Chouriço fatiado,Campofrio,Embalagem de 80g,"1,14 €","5,70 €/Kg"
Iogurte liquido proteína yopro morango/framboesa,Yopro,300 g,"5,97 €/Kg","5,97 €/Kg"
Ambientador tealights canela,PorSi,embalagem com 18 unidades,"2,53 €","2,53 €/Unidade"
Rebuçados mel e limão,PorSi,Embalagem de 200g,"0,77 €","3,85 €/Kg"
Arroz Carolino,Saludães,Embalagem de 1 kg,"1,26 €","1,26 €/Kg"
Leite especial cálcio + vitamina d magro,Mimosa,Garrafa de 1 l,"1,29 €","1,29 €/L"
Fermento em pó,PorSi,Embalagem de 150 g,"1,89 €","17,18 €/Kg"
Doce de morango,Casa de Mateus,Embalagem de 345g,"2,19 €","9,95 €/Kg"
Whisky 15 anos c/caixa,J&B,Garrafa de 700 ml,"23,99 €","34,27 €/L"
Pictionary Portugal,Mattel,1 un.,"7,99 €","7,99 €/Unidade"
"Jogo ""Números Táteis""",Clementoni,1 unidade,"7,99 €","7,99 €/Unidade"
Feijão preto cozido,PorSi,Embalagem de 820g,"2,19 €","2,81 €/Kg"
Buondi extreme cafe moido 12x200g,Buondi,Embalagem de 200g,"9,76 €/Kg","9,76 €/Kg"
"Maionese, frasco",Hellmman's,Embalagem de 420g,"0,87 €","2,90 €/Kg"
Creme de Limpeza Facial com Chá Kombucha,Diadermine,40 g,"0,76 €","0,76 €/Unidade"
Iogurte Líquido Frutos Tropicais,PorSi,1 Embalagem 4X160G,"1,31 €","2,05 €/Kg"
Água com gás natural,Perrier,Embalagem de 750ml,"2,85 €","2,85 €/L"
Lança dardos Iron Man,Avengers,1 un.,"27,99 €/Unidade","27,99 €/Unidade"
Achocolatado em pó,Ovomaltine,Embalagem de 400g,"6,64 €/Kg","6,64 €/Kg"
Collant licra 15d preto xl,PorSi,Embalagem de 1 unidades,"1,89 €","1,89 €/Unidade"
Caramelos de fruta,Penha,Embalagem de 250 g,"1,19 €","4,76 €/Kg"
Polpa de tomate em garrafa,Compal,Embalagem de 500g,"3,84 €","24,00 €/Kg"
Esparguete Clássica,Nacional,Embalagem de 500 g,"0,99 €","1,98 €/Kg"
Licor de amêndoa amarga,Produto selecionado,"Garrafa de 0,70 l","7,49 €","10,70 €/L"
Queijo flamengo em Barra,Ilha Azul,"Vendido ao peso, fatiado a partir de 100 gr","1,96 €","9,80 €/Kg"
Bolachas infantil dinossauros,Artiach,Embalagem de 190g,"1,89 €","15,75 €/Kg"
Costeleta,Novilho,1 un= 400 gr aprox.,"11,99 €","14,99 €/Kg"
Brandy,Constantin,Garrafa de 700 ml,"11,99 €","17,13 €/L"
Limpa máquinas de loiça limão,PorSi,Embalagem de 250 ml,"1,49 €","5,96 €/L"
Renovador Camurça em Spray Preto,Búfalo,Embalagem de 250 ml,"6,19 €","24,76 €/L"
Vinho tinto,PorSi,embalagem de 1 litro,"0,85 €/L","0,85 €/L"
Nata uht para culinária,Parmalat,Embalagem de 200 ml,"0,75 €","3,75 €/L"
Abóbora Butternut,Programa Origens,1 un = 1 kg (aprox.),"0,79 €/Kg","0,79 €/Kg"
Rolos de papel multiusos 2 folhas,PorSi,1 unidade,"4,99 €","4,99 €/Unidade"
Boneca Caty 85 cm,Vicam,1 unidade,"8,39 €","8,39 €/Unidade"
Spray optimal 7 com lixivia,Ajax,Embalagem de 500 ml,"1,79 €","2,39 €/L"
"Linguíca, 4 unidades",PorSi,Embalagem de 180 g,"1,14 €","5,70 €/Kg"
Gomas favoritos açúcar,Haribo,Embalagem de 90g,"1,19 €","3,97 €/Kg"
Meloa Gália,Fruta da Época,1 un = 1 kg (aprox.),"0,75 €","2,99 €/Kg"
Vinho tinto alentejo,ALABASTRO,"Garrafa de 0,75 l","2,89 €","3,85 €/L"
Esponja Autobrilhante Incolor,Búfalo,Unidade,"2,25 €","45,00 €/L"
Sacos cubos de gelo,PorSi,Embalagem com 15 unidades,"1,11 €","1,11 €/Unidade"
"Tesoura de escritório, 17 cm",Domédia,1 unidade,"2,19 €","109,50 €/L"
Snack gato frango/queijo,PorSi,Embalagem de 60g,"0,85 €","14,17 €/Kg"
"Lixívia, perfume fresco",Neoblanc,Embalagem de 4 l,"0,60 €/L","0,60 €/L"
Aperitivos krit krititas,Cuetara,Embalagem de 350g,"1,65 €","12,69 €/Kg"
"Fita Papel, 50mmx50m",Vito,1 unidade,"2,99 €","99,67 €/Kg"
Hambúrgueres de peru,PorSi,Embalagem de 4x80g,"2,79 €","8,72 €/Kg"
Desodorizante roll on dermo invisible,Sanex,Embalagem de 50 ml,"4,69 €","31,27 €/L"
Aroma de morango,Rayners,Garrafa de 28 ml,"1,89 €","17,18 €/Kg"
Polpa de tomate com cebola e alho,Compal,Embalagem de 500g,"3,84 €","24,00 €/Kg"
Snack Cão Prodental,PorSi,Embalagem 180 g,"1,09 €","6,06 €/Kg"
Cachorrinho musical,Vtech Baby,1 unidade,"27,99 €/Unidade","27,99 €/Unidade"
"Crepes queijo/fiambre, 6 unidades",Claude Léger,Embalagem de 300 g,"1,89 €","6,30 €/Kg"
Chá poejos planta,Cemporcent,Embalagem de 50g,"0,89 €","59,33 €/Kg"
Champô cabelos pintados,Labell,Embalagem de 250 ml,"5,59 €","13,98 €/L"
Salsa,PorSi,Embalagem de 50g,"0,99 €","19,80 €/Kg"
Tarteletes com recheio morango,PorSi,Embalagem de 96g,"0,79 €","4,49 €/Kg"
Bolachas digestivas go maçã,Triunfo,Embalagem de 170g,"1,19 €","5,95 €/Kg"
Moscatel de Setúbal,Bacalhoa,Garrafa de 750 ml,"5,99 €","7,99 €/L"
Iogurte líquido magro frutos vermelhos,PorSi Viva Bem,Embalagem de 4x160 ml,"1,32 €","2,06 €/L"
Massa esparguete,Milaneza,Embalagem de 500g,"0,99 €","1,98 €/Kg"
Vinho do Porto Vintage,Kopke,"Garrafa de 0,75L C/ Caixa de Madeira","9,99 €","13,32 €/L"
Café em grão,Delta,Embalagem de 1 kg,"9,16 €/Kg","9,16 €/Kg"
Cachaço c/ Osso,Porco,1 un= 500 gr (aprox.),"3,99 €","3,99 €/Kg"
12 nuggets frango polme americano,Capitão Iglo,Embalagem de 220g,"3,99 €","9,98 €/Kg"
Desodorizante spray energy,Labell Men,Embalagem de 200 ml,"1,39 €","6,95 €/L"
"Limpa vidros pistola, cristal",Ajax,Embalagem de 500 ml,"3,19 €","6,38 €/L"
"Frigideira anti-aderente, 20cm",PorSi,1 unidade,"9,99 €","9,99 €/Unidade"
"Jogo ""Faz Fita""",Majora,1 unidade,"23,99 €/Unidade","23,99 €/Unidade"
Sacos de congelação pequenos,PorSi,"50 unidades, 1 embalagem","1,11 €","1,11 €/Unidade"
Bolacha dibus sharkies s/ glúten,Gullon,Embalagem de 250g,"2,69 €","20,69 €/Kg"
Frutapura Pouch Frutos Variados,Bledina,Embalagem de 85g,"2,29 €","6,94 €/L"
Tablete de chocolate culinário negro,PorSi,Embalagem de 200 g,"0,99 €","4,95 €/Kg"
Dettol sabonete líquido frutos do bosque x 12,Dettol,Garrafa de 250 ml,"2,18 €/L","2,18 €/L"
Infusão principe,Cemporcent,Embalagem de 10 unidades,"0,89 €","68,46 €/Kg"
Abóbora Menina embalada Programa Origens,PorSi,1 un = 750 aprox,"0,79 €/Kg","0,79 €/Kg"
Concentrado manga,Sunquick,Garrafa de 580 ml,"3,54 €","3,54 €/L"
Bolacha vida equilíbrio ameixa e fibra,Cemporcent,Embalagem de 140g,"1,45 €","11,15 €/Kg"
Iogurte líquido morango/cereais,PorSi,Embalagem de 4 x 160 g,"1,31 €","2,05 €/Kg"
Conjunto Sensuelle,Coquette,EAU DE TOILETTE 100 ML + R-ON 10 ML,"10,99 €","10,99 €/Unidade"
Caras de Bacalhau,Peixe Congelado,"Vendido ao peso, 1 un = 500g (aprox.)","6,39 €","7,99 €/Kg"
Kinder chocolate t24,Kinder,Embalagem de 300g,"2,29 €","17,62 €/Kg"
Queijo creme de camembert,Président,embalagem de 125 g,"2,49 €","16,60 €/Kg"
Sumo 100% Fruta Laranja Espremida,Compal,1 litro,"1,09 €","0,73 €/L"
Mortadela fatiada com azeitonas,PorSi,Embalagem de 200 g,"0,95 €","4,75 €/Kg"
Chá infusão barbas de milho,Cemporcent,Embalagem de 13g,"0,89 €","59,33 €/Kg"
Gel de massagem,Durex,Embalagem de 200 ml,"4,49 €","4,49 €/Unidade"
Lixivia perfumada,PorSi,Garrafa de 2 l,"2,59 €","1,30 €/L"
Polpa tomate biológico,Guloso,Embalagem de 500g,"3,84 €","24,00 €/Kg"
Sopa de agrião,PorSi,800 g,"1,25 €","3,13 €/Kg"
Caldo de galinha 24 cubos,Knorr,Embalagem de 240g,"3,84 €","24,00 €/Kg"
Sidra maçã,Bandida,Lata de 500 ml,"1,59 €","3,18 €/L"
"Toalhetes intimos protect, 15 unidades",Dystron,Uma embalagem,"2,89 €","2,89 €/Unidade"
Liquido refrigerante verde 10%,PorSi,Embalagem de 1 l,"3,99 €","0,80 €/L"
Cereais lion chocolate/caramelo,Nestle,Embalagem de 400g,"1,29 €","10,24 €/Kg"
Farinha de aveia integral,Cemporcent,Embalagem de 400g,"2,29 €","11,45 €/Kg"
Vinho doc branco alentejo antão vaz,Vila dos Gamas,Garrafa 0.75L,"2,89 €","3,85 €/L"
Cerveja 0.0%,Heineken,Pack 6 x 0.25 l,"5,99 €","3,03 €/L"
Orégãos em folhas,PorSi,Saqueta com 10 g,"0,25 €","0,25 €/Kg"
Paté de atum,PorSi,Embalagem de 65 g,"1,19 €","13,52 €/Kg"
Atum ao natural,Ramirez,Embalagem de 120g,"0,89 €","7,42 €/Kg"
Adoçante com doseador,PorSi,Embalagem 300 comprimidos,"5,99 €","23,96 €/Kg"
Cocktail de marisco,PorSi,Embalagem de 400 g,"4,99 €","6,24 €/Kg"
Vinho bag-in-box branco,C.alqueva,Garrafa de 5 l,"9,49 €","1,90 €/L"
Chá infusão nº9 circul activ,Cemporcent,Embalagem de 13g,"0,89 €","59,33 €/Kg"
Lixívia tradicional,PorSi,Embalagem de 2 l,"1,74 €","0,35 €/L"
Néctar 8 frutos,Bongo,Pack 3 x 200 ml,"0,99 €","0,99 €/L"
"Pasta dentífrica, dentes/gensivas sensitive",Labell,Embalagem de 75 ml,"2,39 €","31,87 €/L"
Recarga sabonete líquido para as mãos de coco,Dove,500 ml,"2,18 €/L","2,18 €/L"
Lâmpada LED Formato Clássico 10W E27 220-240V,Domédia,1 un.,"3,99 €","3,99 €/Unidade"
Detergente líquido p/ máquina lavar roupa cores,Woolite,"Garrafa de 1,65 l","8,69 €","1,84 €/Kg"
Chá infusão camomila bio,Cemporcent,Embalagem de 13g,"0,89 €","59,33 €/Kg"
Leite C/ Chocolate,Mimosa,Embalagem de 4 x 200 ml,"0,26 €","1,30 €/L"
Queijo Fondue,Páturages,Embalagem de 400g,"2,05 €","16,40 €/Kg"
Bolachas integrais,PorSi,Embalagem de 200g,"1,19 €","5,95 €/Kg"
Leite uht sem lactose magro,PorSi Viva Bem,1 litro,"0,83 €","0,83 €/L"
Lay's gourmet corte fino,Lay's,Embalagem de 150g,"1,01 €","5,46 €/Kg"
"Discos desmaquilhantes, 120 unidades",PorSi,Embalagem de 120 unidades,"0,76 €","0,76 €/Unidade"
Detergente liquido loiça limão,PorSi,Garrafa de 1 litro,"1,05 €","2,10 €/L"
Lambrusco branco,Sorbello,Garrafa de 0.75 l,"6,89 €","9,19 €/L"
Acetona,PorSi,Embalagem de 250 ml,"1,89 €","9,45 €/L"
Vinho maduro branco meio seco,Adega grande,Garrafa de 750 ml,"1,59 €","2,12 €/L"
Molho iogurte,PorSi,Garrafa de 285 ml,"0,87 €","2,90 €/Kg"
Sabonete sensitive,Palmolive,Embalagem de 4x90 g,"1,99 €","12,44 €/Kg"
Intensificador de perfume em gel para a roupa romanc...,Quanto,300 ml,"1,69 €","1,69 €/Unidade"
Rhum com coco,Malibu,Garrafa de 700 ml,"20,99 €","29,99 €/L"
Cotonetes para bebé,PorSi,Embalagem com 60 unidades,"0,58 €","0,58 €/Unidade"
Pilhas recarregáveis longa duração AAA HR03 1.2V 800...,Domédia,Embalagem com 4 unidades,"1,75 €","1,75 €/Unidade"
Snack para gato crispies salmão e truta,Felix,Embalagem de 50g,"0,85 €","14,17 €/Kg"
Queijo mozzarela ralado,Valformoso,Embalagem de 150g,"7,45 €/Kg","7,45 €/Kg"
Chá cidreira,Cemporcent,Embalagem de 50g,"0,89 €","59,33 €/Kg"
Salsichas Frankfurt em lata,Izidoro,Embalagem de 120g,"0,75 €","3,75 €/Kg"
Semente girassol,Salutem,Embalagem de 200g,"2,29 €","11,45 €/Kg"
Ervilhas bio,PorSi Bio,Frasco com 290 g,"2,19 €","2,81 €/Kg"
Bolacha de manteiga belga c/ chocolate,Saborosa,Embalagem de 200g,"1,69 €","6,76 €/Kg"
Batata frita palha,PorSi,Embalagem de 160g,"0,87 €","5,44 €/Kg"
Barras de cereais nesquik,Nestle,Embalagem de 150g,"1,29 €","10,24 €/Kg"
Whisky blended,Label 5,"Garrafa de 0,70 l","11,49 €","16,41 €/L"
Sabonete de leite de burra,Confianca,Embalagem de 75 g,"1,99 €","12,44 €/Kg"
Água sem gás,Penacova,Garrafão de 5 litros,"1,04 €","0,17 €/L"
Grelos,Bonduelle,Embalagem de 400 g,"1,98 €","1,98 €/Kg"
Chá de infusão salutem nº 26 - lúcia lima 10 saqueta...,Salutem,Embalagem de 15g,"0,89 €","59,33 €/Kg"
Salsichas frescas de porco,PorSi,Embalagem de 400 g,"0,99 €","7,07 €/Kg"
Morcela de Sousel,PorSi,1 un = 450 gr (aprox.),"1,49 €","7,45 €/Kg"
Comida húmida para gato seleção de aves,Gourmet mp,Embalagem de 300g,"3,59 €","2,99 €/Kg"
Iogurte tutti fruti,Danone,Embalagem de 12 x 100 g,"4,15 €/Kg","4,15 €/Kg"
Lixívia Spray Mousse Flor,Neoblanc,Embalagem de 700ml,"2,59 €","1,30 €/L"
Lixívia Spray Mousse,Neoblanc,Embalagem de 700ml,"2,59 €","1,30 €/L"
Queijo flamengo ralado,Valformoso,Embalagem de 150g,"7,45 €/Kg","7,45 €/Kg"
Snack para gato original,Felix,Embalagem de 60g,"0,85 €","14,17 €/Kg"
Rúcula Selvagem Programa Origens,PorSi,Embalagem de 100g,"0,99 €","0,99 €/Kg"
Caderno Agrafado Capa Preta |A4 Pautado,Domédia,1 unidade,"0,49 €","0,49 €/Unidade"
Pimento Verde,Legumes do Dia,1 un = 250 gr  (aprox.),"0,75 €","2,99 €/Kg"
Gelatina pronta a comer morango,Royal,Embalagem de 4 x 100 g,"0,85 €","2,13 €/Kg"
Palitos super finos,PorSi,Embalagem de 85 unidades,"1,15 €","1,15 €/Unidade"
Queijo em fatias original,Casteloes,Embalagem de 200g,"1,96 €","9,80 €/Kg"
Abrasivo wc gel ecologico,PorSi,Garrafa de 1 l,"4,99 €","7,13 €/L"
Gelado carte d'or yogurt & forest fruit,Olá,Embalagem de 900 ml,"2,69 €","5,38 €/L"
Ambientador vela maçã e canela,PorSi,1 unidade,"2,53 €","2,53 €/Unidade"
Picatostes-cubos de pão de trigo tostados com azeite...,RIALTO,Embalagem de 75g,"1,65 €","12,69 €/Kg"
Queijo de cabra curado,Seia,Embalagem de 430g,"1,89 €","10,50 €/Kg"
Perfume p/ senhora Nº48,Caravan,1 Frasco 150ml,"11,99 €","79,93 €/L"
Snack de Chocolate Preto,Kit kat,Embalagem de 3 x 41.5 g,"0,99 €","4,95 €/Kg"
Champanhe brut,Pommery,Garrafa de 0.75 l,"40,29 €","53,72 €/L"
Óleo p/ Moto Performa M2T,Galp,Embalagem de 1 l,"14,99 €","14,99 €/L"
Rede com pequeno almoço,Écoiffier,1 unidade,"27,99 €/Unidade","27,99 €/Unidade"
Manteiga magra,Mimosa,Embalagem de 250g,"1,89 €","7,56 €/Kg"
Rum anejo especial,Havana,Garrafa de 700 ml,"20,99 €","29,99 €/L"
Crescido,Bacalhau da Noruega,1 un = 1.5 kg (aprox.),"8,73 €/Kg","8,73 €/Kg"
Amaciador  p/ roupa concentrado Aromaterapia,PorSi,Embalagem com 60 doses,"1,99 €","1,00 €/L"
Espinafres corte Programa Origens,PorSi,"Vendido ao molhe, 1 un= 1 kg aprox.","0,75 €","2,49 €/Kg"
Tamaras,PorSi,Embalagem de 200g,"0,79 €","3,95 €/Kg"
Cerveja com álcool,Kings Bräu,"Embalagem de 0,33 l","1,99 €/L","1,99 €/L"
Feijão encarnado em frasco,PorSi,frasco de 540 g,"2,19 €","2,81 €/Kg"
Caldeirada de bacalhau,PorSi,Embalagem de 1 kg,"6,39 €","7,99 €/Kg"
Creme para calçado incolor,PorSi,50 ml,"0,99 €","19,80 €/L"
Vinho tinto regional península de setúbal,Q.camarate,Garrafa de 0.75 l,"2,99 €","3,99 €/L"
Vassoura pequena,PorSi,unidade,"2,20 €","2,20 €/Unidade"
Leite condensado,PorSi,Lata de 1 kg,"1,09 €","2,75 €/Kg"
"Queijo ralado, 4 queijos",President,Embalagem de 150 g,"7,45 €/Kg","7,45 €/Kg"
Massa de cotovelinhos,Nacional,Embalagem de 500g,"0,99 €","1,98 €/Kg"
Spray optimal 7 cozinha,Ajax,500 ml,"1,79 €","2,39 €/L"
Porto ruby,Ferreira,Garrafa de 750 ml,"6,65 €/L","6,65 €/L"
Laca fixação forte,Elnett,Embalagem de 75 ml,"3,99 €","53,20 €/L"
Batata frita gourmet,PorSi,Embalagem de 150g,"1,01 €","5,46 €/Kg"
Néctar vital equilibrio laranja/cenoura/manga,Compal,Embalagem de 1 l,"0,99 €","0,99 €/L"
Sumo 100% fresh maçã,Compal,Garrafa de 330 ml,"1,09 €","0,73 €/L"
Couve de bruxelas,PorSi,Embalagem de 750 g,"1,98 €","1,98 €/Kg"
Ambientador spray pure colónia de bebé,PorSi,250 ml,"0,99 €","3,30 €/L"
Dawnut Glacé,Pastelaria do Dia,50g,"0,35 €","0,35 €/Unidade"
Detergente Máquina Roupa Liquido Bebé,PorSi,50 doses,"3,55 €","2,37 €/L"
"Sprite lima-limão sem açúcar embalagem 1,5 l.",Sprite,Garrafa de 1.5 l,"0,40 €/L","0,40 €/L"
Kinder delice cacau,Kinder,Embalagem de 400g,"2,05 €","5,13 €/Kg"
Doce de amora com frutose,Salutem,Embalagem de 330g,"3,99 €","7,98 €/Kg"
Elixir Anti-Tartaro,Listerine,500 ml,"5,99 €","11,98 €/L"
Queijo meio gordo,D. Pedro,Vendido ao peso a partir de 250 gr,"2,42 €","9,69 €/Kg"
Sardinha em tomate picante,PorSi,Embalagem de 120g,"0,89 €","7,42 €/Kg"
Whisky Single Malt 10 anos,BENRIACH,Garrafa de 700 ml,"23,99 €","34,27 €/L"
Chá infusão pernas cansadas,Cemporcent,Embalagem de 13g,"0,89 €","59,33 €/Kg"
Tablete de chocolate de culinária - sem açúcar,PorSi Viva Bem,Embalagem de 100 g,"1,04 €","8,32 €/Kg"
Bolachas vitalday recheio avelã,Gullon,Embalagem de 220g,"2,98 €","9,93 €/Kg"
Napolitanas creme cacau,PorSi,Embalagem de 320g,"1,77 €","5,53 €/Kg"
Mini tostas de trigo,Diatosta,Embalagem de 350 g,"2,39 €","6,83 €/Kg"
Bolachas multicereais,PorSi,Embalagem de 400 g,"0,79 €","5,27 €/Kg"
Limpa vidros,Arbo,embalagem de 500 ml,"3,99 €","0,80 €/L"
Sacos higiénicos para animal,Canaillou,4 x 20 unidades,"1,19 €","0,24 €/Kg"
Pastilha Elástica Bottle Frutos Vermelhos,Trident,Embalagem de 82 g,"0,68 €","45,33 €/Kg"
Pão de forma sem côdea 9 cereais,Panrico,Embalagem de 480g,"0,99 €","1,65 €/Kg"
Pasta dentífrica herbal branqueadora,Colgate,Embalagem de 75 ml,"2,39 €","31,87 €/L"
Comida húmida para cão almôndegas,PorSi,Embalagem de 1200 g,"0,75 €","2,50 €/Kg"
Grão de bico,PorSi,embalagem de 500 g,"0,99 €","1,98 €/Kg"
Leite Meio Gordo sem Lactose,Mimosa,Pack 4 x 200 ml,"0,83 €","0,83 €/L"
Bife,Peru,1 un = 900 gr (aprox.),"1,05 €","2,99 €/Kg"
Mini tostas trigo super finas,PorSi,Embalagem de 100 g,"2,39 €","6,83 €/Kg"
Lixívia Gel Brisa Marítima,Neoblanc,Embalagem de 700ml,"1,74 €","0,35 €/L"
Creme abrasivo limão,Cif,Garrafa de 700 ml,"4,99 €","7,13 €/L"
Salame extra allnatural fatiado,Allnatural,Embalagem de 80g,"0,95 €","9,49 €/Kg"
"Papel higiénico, Super Duplo 2 folha, 9=18rolos",Renova,Uma embalagem,"1,99 €","1,99 €/Unidade"
Lixívia densa verde,Neoblanc,Embalagem de 1 l,"1,74 €","0,35 €/L"
Bandas de cera facial peles normais,Veet,Embalagem de 20 unidades,"3,11 €","3,11 €/Unidade"
Jogo Operação,Hasbro,1 unidade,"23,99 €/Unidade","23,99 €/Unidade"
Lombinhos,Porco,1 un=500 gr aprox.,"3,99 €","3,99 €/Kg"
Bolachas choco mini estrelas,Milka,Embalagem de 190g,"2,78 €/Kg","2,78 €/Kg"
Vodka,ON/OFF,Garrafa 0.70L,"19,79 €","19,79 €/L"
Azeitona mista,PorSi,Embalagem de 210g,"1,49 €","7,10 €/Kg"
Cera de depilação profissional,Veet,Garrafa de 300 ml,"3,11 €","3,11 €/Unidade"
Tostas integrais,Diatosta,Embalagem de 225 g,"2,39 €","6,83 €/Kg"
Gelatina pronta a comer light 10 kcal melancia,Royal,Embalagem de 4 x 100 g,"0,85 €","2,13 €/Kg"
Salsichas em lata,PorSi,Embalagem  de 120 g,"0,75 €","3,75 €/Kg"
Feijão frade,PorSi,Embalagem de 540g,"2,19 €","2,81 €/Kg"
Gelatina light de morango,Condi,Embalagem de 2x15g,"0,55 €","61,11 €/Kg"
Vinho branco regional península de setúbal,Joao pires,Garrafa de 0.75 l,"2,99 €","3,99 €/L"
Café Solúvel Black Roast,Nescafe,Embalagem de 200g,"14,50 €/Kg","14,50 €/Kg"
Água s/ gás,Luso,"Garrafa de 0,75 l","1,04 €","0,17 €/L"
"Luvas multiusos relevo antiderrapante, tamanho peque...",PorSi,Embalagem de 1 unidades,"2,40 €","2,40 €/Unidade"
Bolachas chiquilin,Artiach,Embalagem de 180g,"1,69 €","6,76 €/Kg"
Cerveja com álcool,Sagres,Garrafa de 1 l,"1,99 €/L","1,99 €/L"
Lixívia para roupa delicada,Neoblanc,Embalagem de 2 l,"0,60 €/L","0,60 €/L"
Panos Esponja,Fino,3 unidades,"1,79 €","1,79 €/Unidade"
"Líquido refrigerante, verde 10%",PorSi,Embalagem de 5 l,"3,99 €","0,80 €/L"
Frango do Campo Inteiro c/ Miúdos Programa Origens,PorSi Select,Vendido ao peso,"1,05 €","2,99 €/Kg"
Café espresso descafeinado intensidade 6,PorSi,16 cápsulas,"1,59 €","6,36 €/Kg"
Compal da horta concentrado tomate,Compal,Embalagem de 140g,"3,84 €","24,00 €/Kg"
Amaciador roupa citrus,Bot.origin,45 doses,"8,99 €","2,25 €/L"
Fruta para bebé maçã banana morango +8 meses,Nestle,Embalagem de 90g,"0,74 €","8,22 €/Kg"
Aguardente,1920,Garrafa de 700 ml,"11,49 €","16,41 €/L"
Ambientador tealights baunilha,PorSi,embalagem com 18 unidades,"2,53 €","2,53 €/Unidade"
Rolo tira pelos 12 folhas,PorSi,1 unidade,"1,09 €","1,09 €/Unidade"
Vinho maduro tinto,Alto de Pias,Garrafa de 5 l,"5,19 €","1,04 €/L"
Leite com chocolate original,Ucal,Embalagem de 6 x 250 ml,"0,26 €","1,30 €/L"
Loção Sensitive,Baby Dove,Embalagem de 200 ml,"0,55 €","5,50 €/L"
Sopa Canja de Galinha c/ Aletria,PorSi,Embalagem de 75 g,"0,62 €","10,00 €/Kg"
Crepe chocolate,PorSi,Embalagem de 540g,"2,57 €","7,79 €/Kg"
Néctar clássico tutti frutti,Compal,Garrafa de 200 ml,"0,99 €","0,99 €/L"
Sidra maçã,Somersby,pack 4 x 0.33 l,"1,59 €","3,18 €/L"
Balde com pedal branco,PorSi,Capacidade: 7 litros,"2,50 €","2,50 €/Unidade"
Vinho branco,PorSi,Bag-in-box de 5 litros,"0,85 €/L","0,85 €/L"
Chuchu,Legumes do Dia,1 un = 250 gr  (aprox.),"0,47 €","4,69 €/Kg"
Fita dental,Sensodyne,1 unidade,"3,49 €","3,49 €/Unidade"
Danette caramel 125g p4,Danone,Embalagem de 4 x 125 g,"2,39 €","10,48 €/Kg"
Aroma de limão,Vahine,Embalagem de 20g,"1,89 €","17,18 €/Kg"
Lápis evolution nº 2 HB,Bic,1 embalagem,"2,69 €","2,69 €/Unidade"
"Recarga Sabonete líquido, Amêndoas",Palmolive,Embalagem de 500 ml,"2,18 €/L","2,18 €/L"
"Refrigerante com gás cola, mini lata",Coca-Cola,pack 12 x 0.15 l,"0,40 €/L","0,40 €/L"
Iogurte natural 0%,PorSi Viva Bem,Embalagem de 6 x 125 g,"0,65 €","1,30 €/Kg"
Bolachas de chocolate leite,Milka,Embalagem de 150g,"0,69 €","4,60 €/Kg"
Manga Avião,Fruta do Dia,1 un=500 gr (aprox.),"2,29 €/Kg","2,29 €/Kg"
Pizza marguerita,PorSi,Embalagem de 2 x 300 g,"2,16 €","6,17 €/Kg"
Preparo para bolo de chocolate,Branca de Neve,Embalagem de 450g,"0,79 €","5,27 €/Kg"
Salsichas Frankfurt em lata,Izidoro,Embalagem de 250g,"0,75 €","3,75 €/Kg"
Sumo essencial kids,Compal,pack 3 x 0.11 l,"2,09 €","6,33 €/L"
Filetes primavera alho & ervas,Iglo,Embalagem de 230g,"1,79 €","7,16 €/Kg"
Lenços Bolso Colletion,Kleenex,Pack 15 unidades,"0,89 €","0,89 €/Unidade"
"Creme de depilação duche, peles normais",Veet,Garrafa de 150 ml,"10,99 €","73,27 €/L"
Doce de tomate com frutose,Salutem,Embalagem de 340g,"3,99 €","7,98 €/Kg"
Ricore,Nestle,Embalagem de 260g,"0,79 €","3,16 €/Kg"
Gel Lubrificante natural play,Durex,Embalagem de 50 ml,"4,49 €","4,49 €/Unidade"
Pipocas coloridas,Orcape,Embalagem de 100g,"1,65 €","12,69 €/Kg"
Iogurte natural açucarado em frasco de vidro,PorSi,Embalagem de 2 x 125 g,"0,65 €","1,30 €/Kg"
Bolacha chocodiet nature,Gullon,Embalagem de 270g,"0,69 €","4,60 €/Kg"
Mixups favoritos queijo,Matutano,Embalagem de 140g,"1,65 €","12,69 €/Kg"
Mini tosta trigo,Diatosta,Embalagem de 90 g,"2,39 €","6,83 €/Kg"
"Bebida açucarada  tinto de verão, clássico",Sandevid,"Garrafa de 1,5 l","2,39 €","1,59 €/L"
Recarga inseticida eléctrico líquido anti melgas e m...,Raid,60 noites,"7,69 €","7,69 €/Unidade"
Chocolate lion,Lion,Embalagem de 40g,"16,72 €/Kg","16,72 €/Kg"
Miolo berbigão,PorSi,Embalagem de 250g,"4,99 €","6,24 €/Kg"
Mochila Baby Shark,Mitama,1 unidade,"12,99 €","12,99 €/Unidade"
Sopa de agriao,PorSi,Embalagem de 400g,"1,25 €","3,13 €/Kg"
Couve Bróculo,Legumes do Dia,Vendido ao peso,"1,99 €","1,99 €/Kg"
18 hamburguers de frango s/ glúten,Capitão Iglo,Embalagem de 1 kg,"11,44 €/Kg","11,44 €/Kg"
Esparguete integral com aveia,Milaneza,Embalagem de 500g,"0,99 €","1,98 €/Kg"
"Refresco em pó, tropical",Tang,Embalagem de 30g,"0,75 €","18,75 €/Kg"
Queijo curado fatias sem lactose 2x150g,Casteloes,Embalagem de 2x150g,"1,96 €","9,80 €/Kg"
Rebuçados de mentol,Sweet flav,Embalagem de 250 g,"0,77 €","3,85 €/Kg"
Leite uht magro,Mimosa,Embalagem de 1 litro,"0,83 €","0,83 €/L"
Óleo aloé vera,Johnson's Baby,Embalagem de 300 ml,"4,39 €","21,95 €/L"
Casal garcia sweet 750ml/1,Casal Garcia,Garrafa de 750 ml,"1,99 €","2,65 €/L"
Gelatina pronta a comer light 10 kcal ananás,Royal,Embalagem de 4 x 100 g,"0,85 €","2,13 €/Kg"
Medalhões de pescada,PorSi,Embalagem de 400 g,"3,99 €","9,98 €/Kg"
Brócolos e couve-flor cortados,PorSi,500 g,"0,99 €","0,99 €/Kg"
Alimento lácteo sem açucar com sabor a pêssego/banan...,Yogolino,Embalagem de 4 x 100 gr,"2,89 €","7,23 €/Kg"
Mousse chocolate leite,Alsa,Embalagem de 150g,"0,79 €","5,27 €/Kg"
Ervilhas,Iglo,"Embalagem de 1,125 kg","1,98 €","1,98 €/Kg"
Gelatina light de frutos vermelhos,Condi,Embalagem de 2x15g,"0,55 €","61,11 €/Kg"
Chá infusão hibisco bio,Cemporcent,Embalagem de 13g,"0,89 €","59,33 €/Kg"
Bastão de Cola,Domédia,10 g,"2,19 €","109,50 €/L"
Pré-lavagem power gel,Vanish,Garrafa de 200 ml,"8,69 €","1,84 €/Kg"
Iogurte líquido morango/banana,PorSi,Embalagem de 4 x 160 g,"1,31 €","2,05 €/Kg"
Pão Forno Pedra Centeio,Garcia & Filhos,1 un = 400 g (aprox.),"0,19 €","2,38 €/Kg"
Napolitas creme baunilha,PorSi,Embalagem de 320g,"2,05 €","5,13 €/Kg"
Bacalhau Graúdo Asa Branca,Bacalhau da Noruega,"1 un=2,5 kg (aprox.)","8,73 €/Kg","8,73 €/Kg"
Caldo de galinha 16 cubos,Knorr,Embalagem de 160g,"3,84 €","24,00 €/Kg"
Doce de morango,PorSi Select,200 g,"2,19 €","9,95 €/Kg"
Polpa de maracuja,PorSi,Embalagem de 565g,"1,99 €","2,37 €/Kg"
Bolacha dourada dietnature,Gullon,Embalagem de 330g,"2,11 €/Kg","2,11 €/Kg"
Gel Banho Apollo,Axe,Embalagem de 400 ml,"5,99 €","14,98 €/L"
Vinho verde branco,Aveleda,Garrafa de 750 ml,"1,99 €","2,65 €/L"
Cerveja sem álcool,Super Bock,Pack 6 x 20 cl,"5,99 €","3,03 €/L"
Gel de Banho Deeply Nourishing,Dove,Embalagem de 750 ml,"6,39 €/L","6,39 €/L"
Chouriço Extra Allnatural Fatiado,Elpozo,1 Embalagem 80G,"0,95 €","9,49 €/Kg"
Coissant Folhado,*,50g,"0,35 €","0,35 €/Unidade"
Refrigerante sem gás de manga/laran,Joi,"Garrafa de 1,5 l","1,14 €","0,76 €/L"
Nectar vital equilibrio ananás/coco,Compal,Embalagem de 1 l,"0,99 €","0,99 €/L"
Gelatina frutos tropicais  10kcal,Royal,Embalagem de 30g,"0,55 €","61,11 €/Kg"
"Licor de ginja ""mariquinhas"" 0,70l sem fruto",Mariquinha,Garrafa de 700 ml,"7,49 €","10,70 €/L"
Clara de ovo liquida pasteurizada,Dovo,1 kg,"2,55 €","2,55 €/Unidade"
Bagas de goji,Salutem,Embalagem de 100g,"2,29 €","11,45 €/Kg"
"Creme de dia, age perfect",L'oreal,Embalagem de 50 ml,"2,99 €","59,80 €/L"
Pano multiusos felpo,PorSi,1 unidade,"1,79 €","1,79 €/Unidade"
Azeite Virgem,Oliveira da Serra,Embalagem de 750 ml,"3,29 €","4,39 €/L"
Iogurte tipo grego natural açucarado,PorSi,1 kg,"1,49 €","2,98 €/Kg"
Nestum zero espelta/aveia,Nestum,Embalagem de 250 g,"4,99 €","4,99 €/Kg"
Batido de morango,Forma+,Embalagem de 700g,"1,99 €","45,23 €/Kg"
2 Ligaduras elásticas,PorSi,4m x 6 cm,"0,59 €","1,18 €/L"
"Detergente manual de loiça,limão",Fairy,Embalagem de 2x1.19L,"1,05 €","2,10 €/L"
Compota frutos vermelhos 60% fruta,Cemporcent,Embalagem de 280g,"3,99 €","7,98 €/Kg"
Collant mousse muskade 20D,PorSi,Tamanho: m,"1,89 €","1,89 €/Unidade"
Moscatel do douro aperitivo,Favaito,pack: 10 x 55 ml,"5,99 €","7,99 €/L"
Ursinho doces sonhos com luz e som,Vtech Baby,1 unidade,"27,99 €/Unidade","27,99 €/Unidade"
Folhado de salsicha com mostarda,Pastelaria do Dia,110 g,"0,65 €","0,65 €/Unidade"
Paprika,PorSi,Saqueta com 50 g,"0,25 €","0,25 €/Kg"
Bifanas,Porco,Vendido ao peso a partir de 1 kg,"3,99 €","3,99 €/Kg"
Pasta dentífrica branco intenso,Aquafresh,Embalagem de 75 ml,"2,39 €","31,87 €/L"
Pensos proteção calos,PorSi,embalagem com 9 unidades,"0,59 €","1,18 €/L"
Spray Limpeza para aço inoxidável,Induclean,450 ml,"1,79 €","2,39 €/L"
Trotinete Dragão,Baby Clementoni,1 unidade,"27,99 €/Unidade","27,99 €/Unidade"
Vt alecrim dourado 5 l,Alecrim d.,Garrafa de 5 l,"5,19 €","1,04 €/L"
"Bebidas leite, caramelo machiatto",STARBUCKS,Embalagem de 220 ml,"1,99 €","2,49 €/L"
"Shampoo, laranja",PorSi,Embalagem de 1 l,"3,99 €","0,80 €/L"
Fígado,Porco,Vendido ao peso a partir de 1 kg,"0,60 €","5,99 €/Kg"
Bolachas crackers c/ sal,Du bois,Embalagem de 500g,"0,39 €","3,12 €/Kg"
Nata uht,Mimosa,embalagem de 200 ml,"0,75 €","3,75 €/L"
Luvas Universal Média/Grande,Vileda,1 unidade,"2,40 €","2,40 €/Unidade"
Sidra maçãs ácidas,Bandida do Pomar,lata de 0.5 l,"1,59 €","3,18 €/L"
Crepe maçã e canela,PorSi,Embalagem de 540 g,"2,57 €","7,79 €/Kg"
Pack Aguardente Velha,Fim de Século,"Garrafa de 0,70 l + Copo","11,49 €","16,41 €/L"
Iogurtes magros aroma morango,PorSi Viva Bem,Embalagem de 6 x 125 g,"1,09 €","1,45 €/Kg"
Espuma Irresistível Volume,Tresemmé,Embalagem de 200 ml,"3,99 €","53,20 €/L"
Amaciador concentrado para roupa floral,PorSi,80 doses,"1,99 €","1,00 €/L"
Pensos diários respirare,Carefree,embalagem com 20 unidades,"1,79 €","1,79 €/Unidade"
Ervilhas,PorSi,Embalagem de 1 kg,"1,98 €","1,98 €/Kg"
Vinho Regional de Lisboa Rosé,Mundus,"Garrafa de 0,75 l","2,12 €/L","2,12 €/L"
Snack para gato mixed grill,Felix,Embalagem de 60 g,"0,85 €","14,17 €/Kg"
Queijo Curado Amanteigado Médio,Serrinha,Vendido ao peso a partir de 250 gr,"2,42 €","9,69 €/Kg"
10 nuggets peito de frango e queijo,Capitão Iglo,Embalagem de 210g,"2,79 €","8,72 €/Kg"
Fermento de padeiro em pó,Fermipan,Embalagem de 4x11 g,"1,89 €","17,18 €/Kg"
Sabao azul e branco,PorSi,Embalagem de 400g,"1,19 €","2,98 €/Kg"
Batata frita em azeite,PorSi,Embalagem de 150g,"1,18 €","6,38 €/Kg"
Bacalhau em lombos,PorSi,Embalagem de 800g,"6,39 €","7,99 €/Kg"
Ambientador elétrico + recarga alfazema,PorSi,1 unidade,"3,74 €","3,74 €/Unidade"
Chá de infusão salutem nº 20 - chá verde com erva li...,Salutem,Embalagem de 15g,"0,89 €","59,33 €/Kg"
Biscoito para Cão Mini Sticks,Purina One,Embalagem de 90 g,"1,09 €","6,06 €/Kg"
Pão forma familiar normal,Bimbo,embalagem de 700 g,"0,99 €","1,65 €/Kg"
Pensos Higiénicos Cottonlike com Abas Normal Plus,Evax,28 unidades,"2,59 €","2,59 €/Unidade"
Aperfeiçoador BB Cream Oil Free Médio,Garnier,Embalagem de 40 ml,"2,99 €","59,80 €/L"
"Pastilhas fruit, frutos silvestres",Trident,Embalagem de 15 g,"0,68 €","45,33 €/Kg"
Leite uht magro,PorSi,Embalagem de 1 litro,"0,83 €","0,83 €/L"
Infusão lúcia lima,PorSi,Embalagem de 35 g,"0,89 €","68,46 €/Kg"
Chá de menta e eucalipto,Lipton,20 saquetas,"48,33 €/Kg","48,33 €/Kg"
Cappucino go chill com aveia biológica,Delta,Embalagem de 230 ml,"3,19 €","25,52 €/Kg"
Salsa folhas,PorSi,Saqueta de 12 g,"0,25 €","0,25 €/Kg"
Leite s/ lactose meio gordo,Mimosa,Garrafa de 1 l,"1,29 €","1,29 €/L"
Chourico carne das beiras,PorSi,Embalagem de 290g,"1,14 €","5,70 €/Kg"
Snack maçã vermelha desidratada,PorSi,Embalagem de 35g,"1,65 €","12,69 €/Kg"
Cappuccino intenso,Nescafe,Embalagem de 130g,"3,19 €","25,52 €/Kg"
"Gel para o cabelo, wet shine",Fru style,Embalagem de 200 ml,"3,99 €","53,20 €/L"
Drageias de chocolate de leite,PorSi,200 g,"1,39 €","19,86 €/Kg"
Vinho maduro branco,C.da eira,Garrafa de 1 l,"0,85 €/L","0,85 €/L"
Batata pré-frita mediterranean,MCCAIN,Embalagem de 750g,"1,39 €","1,39 €/Kg"
Batata Doce,Legumes do Dia,1 un = 250 gr  (aprox.),"0,17 €","0,69 €/Kg"
Amaciador G. Maravilhosa,Ultra Suave,Embalagem de 400 ml,"1,00 €","5,00 €/L"
Perolas perfumadas floral,PorSi,Embalagem de 275 g,"8,69 €","1,84 €/Kg"
Pasta de atum,Fides,Embalagem de 90g,"1,19 €","13,52 €/Kg"
Gelatina morango 10kcal,Royal,Embalagem de 30g,"0,55 €","61,11 €/Kg"
Detergente liquido maquina roupa frescura primavera,Xau,80 doses,"8,69 €","1,84 €/Kg"
"Amaciador de roupa, pure",Comfort,Garrafa de 4 l,"8,99 €","2,25 €/L"
Café moagem universal timor,Delta,Embalagem de 220g,"9,76 €/Kg","9,76 €/Kg"
Tostas suecas tradicionais,Bimbo,embalagem de 234 g,"2,39 €","6,83 €/Kg"
Sidra maçã,Somersby,"Pack 15x0,20 L","1,59 €","3,18 €/L"
Café solúvel crema,Nescafe,Embalagem de 200g,"14,50 €/Kg","14,50 €/Kg"
Queijo flamengo em fatias,Terra Nostra,Embalagem de 200g,"1,96 €","9,80 €/Kg"
Sal de mesa,PorSi,Embalagem de 250 g,"0,25 €","0,25 €/Kg"
Filete de anchovas estendidas,General,Embalagem de 40g,"0,89 €","7,42 €/Kg"
20 saquetas infusão de lúcia lima,Lipton,Embalagem de 30g,"0,99 €","23,02 €/Kg"
Pão gémeos,*,250 g,"0,19 €","2,38 €/Kg"
Mini tostas integrais,PorSi,Embalagem de 180g,"2,39 €","6,83 €/Kg"
16 mini croquetes de carne,PorSi,Embalagem de 290 g,"1,79 €","7,16 €/Kg"
Arroz brajma,Cigala,Embalagem de 1 kg,"1,26 €","1,26 €/Kg"
Snack dentastix médio,Pedigree,Embalagem de 720 g,"1,09 €","6,06 €/Kg"
Boneco Luccas com Som,Concentra,1 unidade,"27,99 €/Unidade","27,99 €/Unidade"
Chá infusão relax bio,Cemporcent,Embalagem de 13g,"0,89 €","59,33 €/Kg"
Napolitanas creme cacau,PorSi,Embalagem de 320g,"2,05 €","5,13 €/Kg"
Cereais argolas de mel,PorSi,Embalagem de 375 g,"5,07 €/Kg","5,07 €/Kg"
Iogurte tipo grego stracciatella,PorSi,Embalagem de 500g,"1,49 €","2,98 €/Kg"
Moinho pimenta preta em grão,PorSi,Frasco com 45 g,"0,25 €","0,25 €/Kg"
Gelado fizz limão,Olá,Embalagem de 6 x 60 ml,"5,99 €","16,64 €/L"
Creme depilatório para peles normais,Labell,Embalagem de 200 ml,"10,99 €","73,27 €/L"
Lixívia tradicional,PorSi,Embalagem de 1 l,"1,74 €","0,35 €/L"
Bolacha alfa,Nacional,Embalagem de 180g,"2,98 €","9,93 €/Kg"
Pistachios com sal,PorSi,Embalagem de 200g,"0,79 €","3,95 €/Kg"
Iogurte Líquido Yoggi s/ lactose Stracciatela,Nestle,4 x 160 g,"2,59 €","5,40 €/Kg"
Presunto fatiado 6 meses,PorSi,Embalagem de 140 g,"2,59 €","12,95 €/Kg"
Cereais chocapic,Nestle,Embalagem de 630g,"5,07 €/Kg","5,07 €/Kg"
Bolacha de aveia e laranja sem glúten,Gullon,Embalagem de 180 g,"2,69 €","20,69 €/Kg"
Pão forma de Rio Maior,*,500 g,"0,19 €","2,38 €/Kg"
Biscoitos canudinho recheio cacau,PorSi,Embalagem de 300g,"2,98 €","9,93 €/Kg"
Sumo 100% maçã,PorSi,"Embalagem de 1,5 l","1,09 €","0,73 €/L"
Vodka red,Smirnoff,Garrafa de 1 l,"19,79 €","19,79 €/L"
Iogurte aroma 0% tutti fruti/coco,Longa vida,Embalagem de 6 x 120 g,"1,09 €","1,45 €/Kg"
Palito fry n' dip,MCCAIN,Embalagem de 500g,"1,39 €","1,39 €/Kg"
Iogurte Activia Fibras Aveia & Frutos Secos,Danone,Embalagem 4x115g,"3,21 €/Kg","3,21 €/Kg"
Recarga mopa,PorSi,1 unidade,"2,20 €","2,20 €/Unidade"
"Agrafos nº24/6, 2000 unidades",Maped,Uma embalagem,"2,49 €","2,49 €/Unidade"
Papel Higiénico Puríssimo 3 Folhas,Renova,Embalagem c/ 12 rolos,"1,99 €","1,99 €/Unidade"
Preparado de bolo de canela,PorSi,500 g,"2,99 €","6,64 €/Kg"
Muesli Frutas,PorSi,500 g,"2,24 €","4,48 €/Kg"
Whisky 10 anos,Bushmills,Garrafa de 700 ml,"23,99 €","34,27 €/L"
Lombos de salmao vacuo,PorSi,Embalagem de 500g,"3,99 €","9,98 €/Kg"
Água com gás,Vimeiro,pack 6 x 0.25 l,"2,85 €","2,85 €/L"
Gelatina morango 8 kcal,PorSi,Embalagem de 4 x 100 g,"0,85 €","2,13 €/Kg"
Néctar de 8 frutos,Bongo,Garrafa de 1 l,"0,99 €","0,99 €/L"
"Creme protector contra assaduras, para bebé",Johnson's Baby,Embalagem de 100 ml,"0,55 €","5,50 €/L"
Gelatina em pó melancia,PorSi,Embalagem de 2 x 85 g,"0,55 €","61,11 €/Kg"
Malagueta Verde,Legumes do Dia,1 un = 100 gr (aprox.),"0,75 €","2,99 €/Kg"
Proti soja naco,Salutem,Embalagem de 400g,"2,09 €","8,36 €/Kg"
Café solúvel viena,Nescafe,Embalagem de 140g,"14,50 €/Kg","14,50 €/Kg"
Toalhitas limpa moveis,PorSi,Embalagem de 24 unidades,"4,39 €","14,63 €/L"
Chilli sem Carne,Iglo green,Embalagem de 400g,"1,89 €","6,30 €/Kg"
"Fermento em pó, lata",Royal,Embalagem de 110g,"1,89 €","17,18 €/Kg"
Ração seca para gato adulto de peixe,PorSi,Embalagem 2 kg,"12,99 €","4,33 €/Kg"
Vermute rosso,Martini,Garrafa de 1 l,"11,99 €","11,99 €/L"
Salsichão fat,Campofrio,Embalagem de 80g,"0,95 €","9,49 €/Kg"
Chá verde matcha e ginger,Lipton,Embalagem com 20 saquetas,"0,99 €","99,00 €/Kg"
Pão de forma integral,Bimbo,Embalagem de 480 g,"0,99 €","1,65 €/Kg"
Delícias em forma de lagosta,Pescanova,Embalagem de 260g,"2,19 €","8,59 €/Kg"
Sidra de maçã,Somersby,pack 6 x 0.2 l,"1,59 €","3,18 €/L"
Snacks crocantes sabor batata frita,PorSi,Embalagem de 80 g,"1,65 €","12,69 €/Kg"
Bolachas cereais e pepitas de chocolate,PorSi,Embalagem de 400 g,"0,79 €","5,27 €/Kg"
"Pensos para calos, 10 unidades",PorSi,1 embalagem,"0,59 €","1,18 €/L"
Iogurte Pedaços Amoras/Mirtilo,PorSi,Embalagem 2X135 g,"4,38 €","2,19 €/Kg"
Açúcar amarelo,PorSi,Embalagem de 1 kg,"1,49 €","1,49 €/Kg"
Caffe latte go chill,Delta,230 ml,"3,19 €","25,52 €/Kg"
Costeletas do Cachaço,Porco,Vendido ao peso a partir de 1 kg,"3,99 €","3,99 €/Kg"
Néctar vital equilíbrio frutos vermelhos,Compal,Garrafa de 200 ml,"0,99 €","0,99 €/L"
Sopa económica de marisco,Knorr,Embalagem de 60g,"0,62 €","10,00 €/Kg"
1ª papa láctea multifrutos sem glúten +4 meses,Cerelac,Embalagem de 250g,"4,99 €","4,99 €/Kg"
"Luva Nitrilica, anti-Deslizante, Nr.9",Itools,1 unidade,"5,99 €","5,99 €/Unidade"
Iogurte líquido tutti-frutti,Danone,Embalagem de 4 x 155 g,"1,31 €","2,05 €/Kg"
20 saquetas infusão limão gengibre,Lipton,Embalagem de 40g,"48,33 €/Kg","48,33 €/Kg"
Vela em número nº5,PorSi,1 unidade,"0,60 €","0,60 €/Unidade"
Tentáculos pota,PorSi,Embalagem de 800G,"5,49 €","6,86 €/Kg"
Creme de fixação para dentaduras,Labell,Embalagem de 50 g,"7,39 €","105,57 €/Kg"
Chupa original,Chupachups,Embalagem de 120g,"3,40 €","28,33 €/Kg"
"Pensos diários respirare, 44 unidades",Carefree,Uma embalagem,"1,79 €","1,79 €/Unidade"
Óleo Cedro Líquido,PorSi,Embalagem de 200 ml,"4,39 €","14,63 €/L"
Néctar de pera,PorSi,Pack 3 x 200 ml,"0,99 €","0,99 €/L"
Tampões Cotton Protection Regular,Tampax,16 unidades,"3,99 €","3,99 €/Unidade"
Agrafador + 400 agrafos,Domédia,Uma embalagem,"2,19 €","109,50 €/L"
Milho doce,Bonduelle,Embalagem de 150 g,"2,19 €","2,81 €/Kg"
Queijo Brie M.Gorda 60%,President,Vendido ao peso a partir de 250 gr,"2,49 €","16,60 €/Kg"
Ambientador Anti-Tabaco,Ambipur,1 un.,"3,49 €","3,49 €/Unidade"
"Alimento seco para cão, croquetes pro adulto",PorSi Select,Embalagem de 4 Kg,"1,15 €/Kg","1,15 €/Kg"
"Alimento húmido para cão, galinha e cordeiro",Pedigree,Embalagem de 400g,"0,75 €","2,50 €/Kg"
Creme curgete com hortela,PorSi,Embalagem de 400g,"1,25 €","3,13 €/Kg"
Travessa com naperon 45x36cm,PorSi,1 unidade,"0,54 €","0,54 €/Unidade"
Pera Rocha 70/75,Programa Origens,1 un = 150 gr (aprox.),"0,33 €","2,19 €/Kg"
"Paté de sarinha, atum e marisco",Fides,Embalagem de 90g,"1,19 €","13,52 €/Kg"
Churritos,PorSi,Embalagem de 240g,"2,05 €","5,13 €/Kg"
Lambrusco tinto,Sorbello,Garrafa de 0.75 l,"2,12 €/L","2,12 €/L"
Vinho branco,PorSi,embalagem de  3X187 ml,"0,85 €/L","0,85 €/L"
"Leite uht, gordo",Serraleite,Embalagem de 1 l,"1,04 €","1,04 €/L"
Bebida de Soja Chocolate,PorSi Viva Bem,Pack: 3 x 200 ml,"2,49 €","2,49 €/L"
6 empadas de galinha,PorSi,Embalagem de 330g,"1,79 €","7,16 €/Kg"
Limpa carpetes,PorSi,Embalagem de 1 litro,"2,49 €","2,49 €/L"
Baby Fruta,Baby Clementoni,1 unidade,"7,99 €","7,99 €/Unidade"
"Briquetes madeira, 12 unidades",Nova lenha,1 embalagem,"0,75 €","0,75 €/Unidade"
Pizza fresca de fiambre e queijo,PorSi,400 g,"0,99 €","4,30 €/Kg"
Tenaz bolo inox,PorSi,Embalagem de 1 unidades,"0,65 €","0,65 €/Unidade"
Água mineral natural alcalina,MONCHIQUE,"6x1,5l","1,04 €","0,17 €/L"
Chá tília planta,Cemporcent,Embalagem de 25g,"0,89 €","59,33 €/Kg"
Peito de peru fatias,PorSi,Embalagem de 150g,"1,99 €","13,27 €/Kg"
Sopa de legumes,PorSi,Embalagem de 400 g,"1,25 €","3,13 €/Kg"
Chá solúvel tilia,Cemporcent,Embalagem de 45g,"0,89 €","59,33 €/Kg"
Jogo da Glória,Olivo,1 unidade,"23,99 €/Unidade","23,99 €/Unidade"
"Ameijoa japonesa, pescada no mar",Nossa seleção,1 un = 250 gr (aprox.),"12,99 €","12,99 €/Kg"
Feijão manteiga,PorSi,Embalagem de 500g,"0,95 €","1,90 €/Kg"
Preparado de bolo de chocolate,PorSi,500 g,"2,99 €","6,64 €/Kg"
Bolachas maria,Triunfo,Embalagem de 200g,"2,11 €/Kg","2,11 €/Kg"
Concentrado de laranja,Sunquick,Garrafa de 700 ml,"3,54 €","3,54 €/L"
Queijo Curado Meio Gordo,Fonte Mourisca,Vendido ao peso a partir de 250 gr,"2,42 €","9,69 €/Kg"
Esferográfica Sortida Média,Mab,Embalagem com 10 un.,"2,69 €","2,69 €/Unidade"
Desinfetante de frutas e vegetais,Clean Essence,500 ml,"0,47 €","4,69 €/Kg"
Bolachas mini prince recheadas com chocolate,PRINCE,Embalagem de 160 g,"0,69 €","4,60 €/Kg"
Inseticida baratas e formigas,Dum Dum,Embalagem de 400 ml,"5,09 €","8,48 €/L"
Coca-cola light,Coca-Cola,Garrafa de 1 l,"0,40 €/L","0,40 €/L"
Bolachas dinossauros dinoovos,Artiach,Embalagem de 140g,"1,89 €","15,75 €/Kg"
Gelado brownie,PorSi Select,Embalagem de 500ml,"2,69 €","5,38 €/L"
Chocolate em pó 70% cacau,STARBUCKS,Embalagem de 300g,"6,64 €/Kg","6,64 €/Kg"
"Rolos de cozinha compactos, branco, máxima absorção,...",Renova,1 unidade,"4,99 €","4,99 €/Unidade"
Salsichas de quinoa bio,Cemporcent,Embalagem de 200g,"0,99 €","7,07 €/Kg"
Farinha rainha c/ fermento,Nacional,Embalagem de 1000 g,"1,99 €","1,99 €/Kg"
Chá de plantas salutem - quebra pedra r,Salutem,Embalagem de 60g,"0,89 €","59,33 €/Kg"
Beterraba Cozida,*,Embalagem de 450 g,"0,47 €","4,69 €/Kg"
Fraldas agility T5 de 13 a 18 kg,PorSi,44 unidades,"6,49 €","6,49 €/Unidade"
Mini Tostas de Trigo,PorSi,Embalagem de 350 g,"2,39 €","6,83 €/Kg"
Aroma de anis,Vahine,Embalagem de 20g,"1,89 €","17,18 €/Kg"
Espinafre baby leaf Programa Origens,PorSi,embalagem de 170 g,"0,99 €","0,99 €/Kg"
Cogumelos laminados,Ferbar,Embalagem de 290g,"2,19 €","2,81 €/Kg"
Lima,Fruta do Dia,1 un = 200 gr (aprox.),"0,50 €","1,99 €/Kg"
Snack chocolate leite,Kit kat,Embalagem de 125g,"16,72 €/Kg","16,72 €/Kg"
Chá verde e jasmin infusão,Cemporcent,Embalagem de 13g,"0,89 €","59,33 €/Kg"
Lixivia perfumada,PorSi,Garrafa de 2 l,"1,74 €","0,35 €/L"
Set Cozinha,Frozen,1 conjunto,"27,99 €/Unidade","27,99 €/Unidade"
Cones milho bacon e queijo,PorSi,Embalagem 130G,"1,65 €","12,69 €/Kg"
Esparregado de espinafres,PorSi,Embalagem de 350 g,"1,98 €","1,98 €/Kg"
Ração seca para cão croquetes pro júnior,PorSi Select,Embalagem de 3 Kg,"1,15 €/Kg","1,15 €/Kg"
Coxinhas de frango,PorSi,Embalagem de 360g,"3,99 €","9,98 €/Kg"
Massa pevide,Nacional,Embalagem de 250g,"0,99 €","1,98 €/Kg"
Ração para gato indoor,Purina One,Embalagem de 800g,"12,99 €","4,33 €/Kg"
Batata frita ondulada wavy,PorSi,Embalagem de 180g,"1,01 €","5,46 €/Kg"
Couve Roxa,Legumes do Dia,1 un= 1kg (aprox.),"1,99 €","1,99 €/Kg"
Chá verde e matcha infusão,Cemporcent,Embalagem de 13g,"0,89 €","59,33 €/Kg"
Creme vegetal para barrar,PorSi,Embalagem de 500 g,"1,99 €","3,98 €/Kg"
Snack para gato seaside,Felix,Embalagem de 60g,"0,85 €","14,17 €/Kg"
Detergente liquido para máquina de lavar roupa activ...,Skip,Embalagem de 80 doses,"8,69 €","1,84 €/Kg"
Chocolate cereali 4 barritas,Kinder,Embalagem de 940g,"2,29 €","17,62 €/Kg"
Snacktoon rupy frutos variados,Bledina,Embalagem de 100g,"2,29 €","6,94 €/L"
Desentupidor gel turbo com lixívia,Destop,Garrafa de 1 l,"3,99 €","5,32 €/L"
Desinfetante álcool gel com doseador,PorSi,500 ml,"5,24 €","5,24 €/Unidade"
Jesuita,*,1 unidade = 75 g,"0,35 €","0,35 €/Unidade"
Vinho tinto regional tejo reserva,Alorna,Garrafa de 0.75 l,"4,99 €","6,65 €/L"
Fósforos cozinha,Quinas,Embalagem com 4 caixas por unidade,"1,15 €","1,15 €/Unidade"
Laranja Económica,Fruta do Dia,1 un = 250 gr  (aprox.),"0,50 €","1,99 €/Kg"
Fermento,Royal,Embalagem de 230g,"1,89 €","17,18 €/Kg"
Sobremesa tiramisú,Páturages,Embalagem de 4 x 80 g,"0,55 €","2,75 €/Kg"
Iogurte Bifidus Activia Chia Amêndoa 0%,Danone,Embalagem 4x120g,"3,21 €/Kg","3,21 €/Kg"
Courgette Categoria II,Legumes do Dia,,"0,84 €","2,79 €/Kg"
Óleo 15w40,PorSi,Embalagem de 5 l,"14,99 €","14,99 €/L"
Queijo grana padano D.O.P 16 meses de cura,PorSi Select,Embalagem de 180 g,"2,87 €","15,94 €/Kg"
Geleia de morango,Casa de Mateus,Embalagem de 345 g,"3,29 €","9,54 €/Kg"
Chá infusão rooibos sem cafeína,Cemporcent,Embalagem de 15g,"0,89 €","59,33 €/Kg"
Refrigerante sem gás laranja,Trina,"Garrafa de 1,5 l","1,14 €","0,76 €/L"
Collant opac microfibra preto 60D,PorSi,Tamanho: l,"1,89 €","1,89 €/Unidade"
Papel de alumínio,PorSi,50 metros,"1,11 €","1,11 €/Unidade"
Ambientador recarga bouquet,Air Wick,Garrafa de 250 ml,"1,79 €","1,79 €/Unidade"
Cenouras Programa Origens,PorSi,Embalagem de 1 kg,"0,79 €/Kg","0,79 €/Kg"
12 Preservativos Adapta Non Stop,Control,,"4,49 €","4,49 €/Unidade"
Recarga Panos p/ Madeira,Swiffer,18 un.,"1,79 €","1,79 €/Unidade"
Feijão frade,Caçarola,Embalagem de 500 g,"0,95 €","1,90 €/Kg"
Desinfetante de frutas e vegetais,Clean Essence,500 ml,"1,89 €/Kg","1,89 €/Kg"
Batatas fritas onduladas originais,Ruffles,Embalagem de 282g,"1,01 €","5,46 €/Kg"
Sabonete patti,Ach Brito,Embalagem de 160 g,"1,99 €","12,44 €/Kg"
Chá de infusão salutem nº 14 - chá verde 10 saquetas,Salutem,Embalagem de 15g,"0,89 €","59,33 €/Kg"
Spray power&shine vidros,Cif,Garrafa de 750 ml,"0,79 €","0,79 €/L"
Lapiseira Velocity + 12minas,Bic,1 unidade,"2,69 €","2,69 €/Unidade"
Creme vegetal para cozinha,Becel,Embalagem de 450 g,"1,99 €","3,98 €/Kg"
Manteiga amendoim crocant,PorSi,Embalagem de 340g,"10,84 €/Kg","10,84 €/Kg"
Agarro o Coco,Games,,"23,99 €/Unidade","23,99 €/Unidade"
Fiambre da Pá,PorSi,1 un = 150 gr (aprox.),"0,97 €","6,49 €/Kg"
Pudim zero chocolate,Condi,27 g,"0,59 €","29,50 €/Kg"
Leite condensado magro,PorSi,Embalagem de 390 g,"1,09 €","2,75 €/Kg"
8 hamburguers s/ glúten frango,Capitão Iglo,Embalagem de 480g,"11,44 €/Kg","11,44 €/Kg"
Queijo Flamengo em Barra,Terra Nostra,1 un = 150 gr (aprox.),"1,96 €","9,80 €/Kg"
"Agrafos nº24/6, 2000 unidades",Maped,Uma embalagem,"1,59 €","1,59 €/Unidade"
Pão de Forma Cerealia 14 Cereais e Sementes 0% Açúca...,Panrico,Embalagem de 440g,"0,99 €","1,65 €/Kg"
"Alimento húmido para gato 7+, aves",Whiskas,Embalagem de 400g,"3,59 €","2,99 €/Kg"
"Refrigerante sem gás, laranja",Joi,"Garrafa de 1,5 l","1,14 €","0,76 €/L"
Café com cafeina solúvel,Delta,Embalagem de 20g,"14,50 €/Kg","14,50 €/Kg"
Pudim zero mirtilo 22g,Condi,Embalagem de 20g,"0,59 €","29,50 €/Kg"
Infusão cavalinha,Cemporcent,Embalagem de 10 unidades,"0,89 €","68,46 €/Kg"
Beira interior colheita 2014,Beyra,Garrafa de 0.75 l,"2,92 €/L","2,92 €/L"
Fralda cueca T5 - 12 a 18 kg,PorSi,20 unidades,"8,49 €","8,49 €/Unidade"
Filetes de cavala em azeite,PorSi,Embalagem de 120 g,"0,89 €","7,42 €/Kg"
Bolachas bambolitos chocolate e leite,PorSi,Embalagem de 150g,"0,69 €","4,60 €/Kg"
Gelado cookies & cream,PorSi Select,Embalagem de 500ml,"2,69 €","5,38 €/L"
Maionese,PorSi,Embalagem de 260 g,"0,87 €","2,90 €/Kg"
Néctar de laranja e cenoura light,PorSi,Embalagem de 1 litro,"0,84 €","2,55 €/L"
Cebola,Programa Origens,1 un = 250 gr  (aprox.),"0,17 €","0,69 €/Kg"
4 hamburguers vaca s/ glúten,Capitão Iglo,Embalagem de 320g,"2,79 €","8,72 €/Kg"
Prepar arroz marisco sem gluten cv 0.8kg,Brasmar,Embalagem de 800g,"2,19 €","8,59 €/Kg"
Bebida de soja com cálcio,PorSi Viva Bem,Embalagem de 1 litro,"2,49 €","2,49 €/L"
"Pasta dentífrica, tripla ação",Labell,Embalagem de 75 ml,"2,39 €","31,87 €/L"
Pilhas recarregáveis AAA HR03 1.2V 800mAh,Domédia,Embalagem com 4 unidades,"1,75 €","1,75 €/Unidade"
Bife do Pojadouro,Novilho,Vendido ao peso a partir de 800 g,"11,99 €","14,99 €/Kg"
Leite de pastagem meio-gordo,Terra Nostra,Embalagem de 1 litro,"0,83 €","0,83 €/L"
Batatas Pré-fritas Rosti com Cebola,PorSi,Embalagem com 600 g,"1,39 €","1,39 €/Kg"
Saqueta puré de fruta e bolacha,PorSi,Embalagem de 90g,"0,74 €","8,22 €/Kg"
Detergentes máquina lavar loiça next generation,PorSi,30 pastilhas,"1,49 €","5,96 €/L"
Triciclo,Smoby,1 unidade,"27,99 €/Unidade","27,99 €/Unidade"
Preparado em pó para pudim flan,El mandari,Embalagem de 19.2 g,"2,99 €","6,64 €/Kg"
Queijo sandwich 10 fatias,A Vaca Que Ri,Embalagem de 200G,"1,96 €","9,80 €/Kg"
Feijao catarino,Caçarola,Embalagem de 500 g,"0,95 €","1,90 €/Kg"
20 saquetas chá yellow label,Lipton,Embalagem de 30g,"0,99 €","99,00 €/Kg"
Leite Bem Essencial cereais,Mimosa,Embalagem de 4 x 200 ml,"1,99 €","2,49 €/L"
Palmiers,PorSi,Embalagem de 720 g,"0,69 €","3,45 €/Kg"
Chocolate branco sem açúcar,Cemporcent,Embalagem de 100g,"2,89 €","23,12 €/Kg"
Fita adesiva,PorSi,5m x 2.5 cm,"0,59 €","1,18 €/L"
Cerveja super bock,Super Bock,Pack 6 x 200 ml,"1,99 €/L","1,99 €/L"
"Polpa de maracujá, em lata",Koala,Embalagem de 570g,"4,19 €","7,35 €/Kg"
Salsa folhas,PorSi,Embalagem de 10g,"0,25 €","0,25 €/Kg"
Conjunto Fleurs Du Paradis,Coquette,EAU DE TOILETTE 100 ML + R-ON 10 ML,"10,99 €","10,99 €/Unidade"
Pedaços de tamboril,PorSi,Embalagem de 500G,"3,99 €","9,98 €/Kg"
Chá para regular infusão,Cemporcent,Embalagem de 13g,"0,89 €","59,33 €/Kg"
Pipocas doces,PorSi,Embalagem de 150 g,"1,65 €","12,69 €/Kg"
Bebida de cereais e café mokambo intenso,Nestle,Embalagem de 180g,"0,79 €","3,16 €/Kg"
Eletrodomésticos Pequenos 100% Chef,Écoiffier,1 unidade,"27,99 €/Unidade","27,99 €/Unidade"
"Máquina depiladora descartável, Blue II Feminina",Gillette,Embalagem de 5+1 unidades,"12,99 €","12,99 €/Unidade"
Pimento Vermelho,Legumes do Dia,1 un=250 gr (aprox.),"0,75 €","2,99 €/Kg"
Gel de banho bio kids,Corine de Farme,300 ml,"6,39 €/L","6,39 €/L"
Chá infusão tomilho bio,Cemporcent,Embalagem de 13g,"0,89 €","59,33 €/Kg"
Óleo Gasolina 20w40,PorSi,Embalagem de 5 l,"14,99 €","14,99 €/L"
Esponja autobrilhante,PorSi,3 g,"2,25 €","45,00 €/L"
Café lote bocage moagem única,Nicola,Embalagem de 250g,"9,16 €/Kg","9,16 €/Kg"
Papel higiénico branco 2 folhas,PorSi,48 rolos,"1,99 €","1,99 €/Unidade"
Tablete de chocolate culinário 70% negro,PorSi,Embalagem de 200 g,"0,99 €","4,95 €/Kg"
Miolo de camarão 100/200,H2Gelo,Embalagem de 250  g,"8,99 €","25,69 €/Kg"
Reizinhos 100gr,Pastelaria do Dia,,"8,99 €","11,24 €/Kg"
Gel Duche Men Active Clean,Nivea Men,Embalagem de 500 ml,"5,99 €","14,98 €/L"
Nestum chocolate,Nestum,Embalagem de 250g,"3,29 €","4,39 €/Kg"
"Agrafos nº24/6, 2000 unidades",Maped,Uma embalagem,"1,29 €","1,29 €/Unidade"
20 saquetas green framboesa/romã,Lipton,Embalagem de 30g,"48,33 €/Kg","48,33 €/Kg"
Água mineral sem gás,Vitalis,Pack 6 x 1.5 l,"1,04 €","0,17 €/L"
Oreo flavors cookies birthday party rollpack 154 gr,Oreo,Embalagem de 150g,"0,79 €","4,49 €/Kg"
Escova de Dentes 1-2-3 Shiny Clean,Oral B,4 unidades,"3,49 €","3,49 €/Unidade"
Cuecas Incontinência Homem Active Fit L,Tena,8 Unidades,"18,65 €","18,65 €/Unidade"
Cogumelos fatiados,PorSi,Embalagem de 400g,"1,98 €","1,98 €/Kg"
Iogurte pedaços frutos vermelhos,PorSi,Embalagem de 8 x 125 g,"4,38 €","2,19 €/Kg"
Gelado cornetto mini clássico,Olá,Embalagem de 8 x 60 ml,"5,99 €","16,64 €/L"
Bambolitos pretos,PorSi,Embalagem de 150g,"0,69 €","4,60 €/Kg"
"Gel banho, sport marine",Labell Men,Embalagem de 250 ml,"5,99 €","14,98 €/L"
Creme depilatório para peles sensíveis,Labell,Embalagem de 200 ml,"10,99 €","73,27 €/L"
Rum limon,Bacardi,Garrafa de 700 ml,"20,99 €","29,99 €/L"
Bolachas mini,Oreo,Embalagem de 160g,"0,79 €","4,49 €/Kg"
Café descafeinado,PorSi,Embalagem de 250g,"1,59 €","6,36 €/Kg"
Esfregão de Teflon,Fino,1 unidade,"0,79 €","0,79 €/Unidade"
Chapéu mágico,Mattel,1 unidade,"23,99 €/Unidade","23,99 €/Unidade"
Ice tea de manga,PorSi,"Embalagem de 6x0,20 l","1,14 €","0,76 €/L"
Lava tudo antibacteriano floral,PorSi,"Garrafa de 1,5 l","0,99 €","0,50 €/L"
Cillit bang limpa vidros,Cillitbang,Garrafa de 500 ml,"3,19 €","6,38 €/L"
Presunto S/Osso,Pata branca,"Vendido ao peso, fatiado a partir de 200 g","2,59 €","12,95 €/Kg"
Sumo essencial pera,Compal,pack 3 x 0.11 l,"0,99 €","0,99 €/L"
Achocolatado em Pó,Nesquik,Embalagem de 700g,"6,64 €/Kg","6,64 €/Kg"
Peluche Unicórnio Interativo,Baby Clementoni,unidade,"27,99 €/Unidade","27,99 €/Unidade"
Leite Hidratante Óleos Maravilhosos,Ultra Suave,Embalagem de 400 ml,"12,48 €/L","12,48 €/L"
Pack 5 veículos sortidos,Hot Wheels,1 embalagem,"9,99 €/Unidade","9,99 €/Unidade"
Tablete chocolate de leite,PorSi,embalagem de 100 g,"5,30 €/Kg","5,30 €/Kg"
Leite com chocolate light,Ucal,Embalagem de 6 x 250 ml,"0,26 €","1,30 €/L"
30 douradinhos,Capitão Iglo,Embalagem de 840g,"3,99 €","9,98 €/Kg"
Leite seleccionado meio gordo,Matinal,Garrafa de 1 l,"0,83 €","0,83 €/L"
Gestos,Hasbro,1 un.,"7,99 €","7,99 €/Unidade"
Microfone pequeno,Panda,1 unidade,"27,99 €/Unidade","27,99 €/Unidade"
Moscatel Pedro Álvares Cabral,Martha's,Garrafa de 0.75L,"5,99 €","7,99 €/L"
"Jogo ""Mentiroso""",Concentra,1 unidade,"7,99 €","7,99 €/Unidade"
Snack dentastix grande,Pedigree,Embalagem de 270 g,"1,09 €","6,06 €/Kg"
Molho tomate com azeitonas,PorSi,Frasco de 420g,"0,87 €","2,90 €/Kg"
Alho picado,PorSi,Embalagem de 100 g,"3,29 €","4,39 €/Kg"
Inseticida Aerossol Casa&Plantas,Raid,1 Embalagem 600ml,"5,49 €","13,73 €/L"
Descafeinado,Buondi,10 cápsulas,"1,59 €","6,36 €/Kg"
Morcela assar fundao,PorSi,Embalagem de 250g,"1,49 €","7,45 €/Kg"
Leite infantil 3+ anos sem lactose,Mimosa,Garrafa de 1 l,"0,99 €","0,99 €/L"
Smooth Lâminas Para Máquina De Depilação,Venus,4 Unidades,"12,99 €","12,99 €/Unidade"
Vela número 0,Vahine,Embalagem de 1 unidades,"0,60 €","0,60 €/Unidade"
Pensos Incontinência Mulher Lady Super,Tena,30 unidades,"1,95 €","1,95 €/Unidade"
Penso de incontinência normal,Ausonia Discreet,Embalagem de 12 un.,"1,95 €","1,95 €/Unidade"
Doce de morango com frutose,Salutem,Embalagem de 330g,"3,99 €","7,98 €/Kg"
Ervilhas bio,PorSi Bio,Frasco com 290 g,"3,65 €","7,30 €/Kg"
Cola apanha ratos,Neolar,Embalagem de 200 ml,"5,09 €","8,48 €/L"
6 Preservativos Adapta Nature,Control,,"4,49 €","4,49 €/Unidade"
Beringela,Legumes do Dia,1 un=400 gr (aprox.),"0,47 €","4,69 €/Kg"
"Bloco sanitário azul, recarga",WC Pato,Embalagem de 2x40 g,"5,49 €","5,49 €/Unidade"
Pão com Cereais 125 g,Pão do Dia,,"0,19 €","2,38 €/Kg"
Sumo 100% laranja,Compal,1 litro,"1,09 €","0,73 €/L"
Melaço de cana,Cemporcent,Embalagem de 370g,"3,99 €","7,98 €/Kg"
Néctar vital equilibrio manga/maracujá,Compal,Embalagem de 1 l,"0,84 €","2,55 €/L"
Abrasivo sanitário pinho e eucalipto,PorSi,embalagem de 1 litro,"4,99 €","7,13 €/L"
Bolachas marinheiras s/ sal,Cemporcent,Embalagem de 200g,"1,45 €","11,15 €/Kg"
Desinfetante álcool gel spray,PorSi,100 ml,"5,24 €","5,24 €/Unidade"
Big burger frango,Capitão Iglo,Embalagem de 230g,"3,99 €","9,98 €/Kg"
Spray power&shine multiusos c/ lixívia,Cif,Garrafa de 750 ml,"0,79 €","0,79 €/L"
Sumo essencial pera,Compal,pack 3 x 0.11 l,"2,29 €","6,94 €/L"
Almôndegas bolonhesa,Iglo,Embalagem de 400g,"3,99 €","9,98 €/Kg"
Areia para gatos 100% natural,PorSi,Embalagem de 5 kg,"1,19 €","0,24 €/Kg"
Leite condensado,PorSi,Embalagem de 397 g,"1,09 €","2,75 €/Kg"
Rabos,Porco,1 un = 250 gr  (aprox.),"0,60 €","5,99 €/Kg"
"Batata frita, queijo e ervas",PorSi,Embalagem de 190g,"1,18 €","6,38 €/Kg"
Champô anti-caspa,Labell,Embalagem de 400 ml,"5,59 €","13,98 €/L"
Legumes grelhados,PorSi,Embalagem de 750g,"1,98 €","1,98 €/Kg"
Pudim de chocolate,PorSi,Embalagem de 110g,"0,59 €","29,50 €/Kg"
Yopro líquido manga,Danone,Embalagem de 300g,"1,31 €","2,05 €/Kg"
Filetes primavera limão,Iglo,Embalagem de 230g,"1,79 €","7,16 €/Kg"
Tesoura para esquerdinos com 13 cm,Maped,unidade,"2,19 €","109,50 €/L"
Lulas recheadas,Piteu,Embalagem de 120g,"0,89 €","7,42 €/Kg"
Cem porcento-chá infusão sem barriga,Cemporcent,Embalagem de 13g,"0,99 €","99,00 €/Kg"
Farinha para pão integral,Nacional,Embalagem de 1 kg,"1,99 €","1,99 €/Kg"
Cerveja com álcool,Sagres,pack 24 x 0.25 l,"1,99 €/L","1,99 €/L"
Chá infusão gengibre,Cemporcent,Embalagem de 13g,"0,89 €","59,33 €/Kg"
Dispensador com sacos higiénicos para animal,Canaillou,2 x 20 unidades,"1,19 €","0,24 €/Kg"
Balões latex vermelho,PorSi,Embalagem com 24 unidades,"0,59 €","0,59 €/Unidade"
Noodle banzai carne,Cigala,Embalagem de 70g,"0,99 €","1,98 €/Kg"
Máquina Depilatória Descartável Miss Soleil Sensitiv...,Bic,1 + 2 Unidades Grátis,"5,49 €","5,49 €/Unidade"
Vinho regional tejo 3 castas branco,Fiuza,Garrafa de 750 ml,"4,99 €","6,65 €/L"
Recargas ambientador elétrico sensual sandalwood & j...,Glade,Embalagem de 2 x 20 ml,"1,79 €","1,79 €/Unidade"
Ice tea de pêssego,PorSi,"Embalagem de 1,5 l","1,14 €","0,76 €/L"
Leite de pastagem meio gordo,Terra Nostra,Embalagem de 1 l,"0,83 €","0,83 €/L"
Vinho branco frisante,Cacho Fresco,Garrafa de 0.75 l,"2,12 €/L","2,12 €/L"
O cacau puro,Cemporcent,Embalagem de 200g,"2,29 €","11,45 €/Kg"
"Coloração permanente, preto natural, nº3",Excellence,1 unidade,"9,49 €/Unidade","9,49 €/Unidade"
Uva Cardinal,*,Embalagem de 500 g,"0,75 €","2,99 €/Kg"
Ovos galinha solo L,PorSi,12 unidades,"1,59 €","1,59 €/Unidade"
Palitos superfinos,PorSi,Embalagem de 400 unidades,"1,15 €","1,15 €/Unidade"
Creme de coentros sem batata,PorSi,800 g,"1,25 €","3,13 €/Kg"
Ambientador aerossol 5 em 1 frescura água,PorSi,300 ml,"0,99 €","3,30 €/L"
Fralda Cueca Activity Extra Tamanho 4,Dodot,Embalagem com 45 uni.,"8,49 €","8,49 €/Unidade"
Ananás pedaços em calda,PorSi,Embalagem de 565g,"1,99 €","2,37 €/Kg"
Creme bio mãos e unhas,Labell Bio,75 ml,"1,03 €","10,30 €/L"
Pensos de incontinência Maxi,Ausonia,Uma embalagem - 12Unidades,"1,95 €","1,95 €/Unidade"
Uva s/ grainha grimson,Vale Bom,Embalagem de 500 g,"0,75 €","2,99 €/Kg"
"Sabonete sólido, mel",Feno,Embalagem de 360g,"1,99 €","12,44 €/Kg"
Vinagre balsâmico modena,Gallo,Garrafa de 250 ml,"0,35 €","0,70 €/L"
Chá cavalinha planta,Cemporcent,Embalagem de 50g,"0,89 €","59,33 €/Kg"
Pudim caramelo,PorSi,Embalagem de 90g,"0,59 €","29,50 €/Kg"
Porto special reserva,Q.harris,Garrafa de 750 ml,"9,99 €","13,32 €/L"
Leite evaporado,PorSi,Embalagem de 410g,"1,09 €","2,75 €/Kg"
Refrigerante com gás free,Seven-up,"Garrafa de 1,25 l","0,40 €/L","0,40 €/L"
Rum spiced,Bacardi,Garrafa de 700 ml,"20,99 €","29,99 €/L"
Batata pom'duchesse,PorSi,Embalagem de 600g,"1,39 €","1,39 €/Kg"
Limpa vidros azul,PorSi,Embalagem de 1 l,"3,99 €","0,80 €/L"
Centro Médico,Peppa Pig,,"27,99 €/Unidade","27,99 €/Unidade"
Cerveja branca,Super Bock,pack 30 x 0.20 l,"1,99 €/L","1,99 €/L"
Laca volume,Nivea,Embalagem de 250 ml,"3,99 €","53,20 €/L"
Farinha de alfarroba bio,PorSi Bio,Embalagem de 200 g,"1,89 €","3,78 €/Kg"
"Ice tea, pêssego",PorSi,"Embalagem de 6x0,20 l","1,14 €","0,76 €/L"
Sabonete regular,Dove,Embalagem de 400 g,"1,99 €","12,44 €/Kg"
Paté Fígado Porco c/ Pimenta Verde,PorSi,75 g,"0,95 €","4,75 €/Kg"
Jaca em calda,Koala,Embalagem de 570g,"1,99 €","2,37 €/Kg"
Gelado cornetto morango,Olá,Embalagem de 6 x 90 ml,"5,99 €","16,64 €/L"
Molho cervejeira 8 cubos,Knorr,Embalagem de 70g,"3,84 €","24,00 €/Kg"
Pudim flan,El mandari,Embalagem de 10g,"0,59 €","29,50 €/Kg"
5 gouaches de cores primárias,Domédia,Uma embalagem,"4,69 €","4,69 €/Unidade"
Chá de plantas salutem - cha hibisco r,Salutem,Embalagem de 40g,"0,89 €","59,33 €/Kg"
"Bombons de chocolate, praleine",Schogetten,Embalagem de 100g,"5,30 €/Kg","5,30 €/Kg"
Suiss'fruits fruta 12x50g,PorSi,Embalagem de 600g,"1,05 €","1,86 €/L"
Vinho bag-in-box tinto,C.alqueva,Garrafa de 5 l,"9,49 €","1,90 €/L"
Leite uht meio gordo,Mimosa,Embalagem de 1 litro,"0,83 €","0,83 €/L"
Arroz agulha,Cigala,Embalagem de 1 kg,"1,26 €","1,26 €/Kg"
Cogumelo Portobello Laminado,Legumes do Dia,embalagem de 300 g,"1,89 €","6,30 €/Kg"
Farinha láctea menos 40% açúcar,Cerelac,Embalagem de 250g,"4,99 €","4,99 €/Kg"
8 salsichas aves,Izidoro,Embalagem de 200g,"0,75 €","3,75 €/Kg"
Cerveja com álcool,Sagres,"Embalagem de 0,33 l","1,99 €/L","1,99 €/L"
Molas de madeira,PorSi,36 unidades,"0,89 €","0,89 €/Unidade"
Iogurte sabor a coco,PorSi,Embalagem de 4 x 125 g,"1,87 €","1,25 €/Kg"
18 nuggets de frango,Capitão Iglo,Embalagem de 380g,"9,30 €/Kg","9,30 €/Kg"
Batata pré-frita para forno,PorSi,Embalagem de 750 g,"1,39 €","1,39 €/Kg"
Lava tudo brilhante madeiras,PorSi,Embalagem de 1.1 litros,"4,39 €","14,63 €/L"
Maquina depilatório twin lady,Bic,Embalagem de 5 + 1 un.,"5,49 €","5,49 €/Unidade"
Magnum mini white mix,Olá,Embalagem de 6 x 55 ml,"5,99 €","16,64 €/L"
"Fiambre extra, fatiado",PorSi,Embalagem de 200g,"0,97 €","6,49 €/Kg"
Queijo flamengo fatiado light,Paiva,Embalagem de 180g,"1,96 €","9,80 €/Kg"
Spray limpa vidros,Ajax,Embalagem de 500 ml,"3,19 €","6,38 €/L"
Leite UHT Meio Gordo,PorSi,Embalagem de 200 ml,"0,83 €","0,83 €/L"
Tostas suecas integrais,PorSi,Embalagem de 225 g,"2,39 €","6,83 €/Kg"
Chá fresh preto e limão,Cemporcent,Embalagem de 18g,"48,33 €/Kg","48,33 €/Kg"
Iogurte arôma de frutos vermelhos,PorSi,Embalagem de 8x125 g,"1,87 €","1,25 €/Kg"
Bagas de cranberry,Cemporcent,Embalagem de 125 g,"0,79 €","3,95 €/Kg"
Sobremesa gelatina de morango,PorSi,Embalagem 4X100G,"0,85 €","2,13 €/Kg"
Bolachas crackers com sal,PorSi,Embalagem de 500g,"0,39 €","3,12 €/Kg"
Queijo Curado Amanteigado,Torre,1 un = 250 gr  (aprox.),"25,45 €/Kg","25,45 €/Kg"
Ovos | Classe: M,Ovitae,24 unidades,"1,59 €","1,59 €/Unidade"
Vinho doc alentejo tinto,Albarrada,Garrafa de 750 ml,"2,89 €","3,85 €/L"
Gin london dry 40,Bulldog,Embalagem de 0.70L,"19,79 €","19,79 €/L"
Chá de infusão salutem nº 17 - tília 10 saquetas,Salutem,Embalagem de 15g,"0,89 €","59,33 €/Kg"
Patê frango,La piara,Embalagem de 80g,"1,19 €","13,52 €/Kg"
Lava Tudo Perfumado Lavanda,PorSi,Embalagem de 2 l,"0,99 €","0,50 €/L"
Chá folha de oliveira,Cemporcent,Embalagem de 70g,"0,89 €","59,33 €/Kg"
Chá hortelã pimenta,Cemporcent,Embalagem de 40g,"0,89 €","59,33 €/Kg"
Toalha de banho,PorSi,100 x 150 cm,"12,00 €/Unidade","12,00 €/Unidade"
"Borracha mini softy, pack de 3 unidades",Maped,1 embalagem,"4,69 €","4,69 €/Unidade"
Gogo SqueeZ Snack de Maçã,Gogo,Embalagem de 4 x 90g,"2,29 €","6,94 €/L"
Creme vitalift 5,Men expert,Embalagem de 50 ml,"5,99 €","14,98 €/L"
Cola Especial Plásticos,Pattex,Embalagem de 30 g,"2,99 €","99,67 €/Kg"
Palmiers,Pastelaria do Dia,1 unidade= 100 g,"0,35 €","0,35 €/Unidade"
Queijo brie cunhas 60%,President,Embalagem de 200 g,"2,49 €","16,60 €/Kg"
10 saquetas chá frutos vermelhos,Lipton,Embalagem de 10g,"48,33 €/Kg","48,33 €/Kg"
Restaurador de Chão Envenizado Médio/Escuro,Novycera,Embalagem de 500 ml,"2,49 €","2,49 €/L"
Sementes de girassol,PorSi Viva Bem,Embalagem de 200 g,"1,59 €","10,60 €/Kg"
Quiche lorraine,Monique Ranou,Embalagem de 400 g,"1,89 €","6,30 €/Kg"
Esferográfica Cristal Ouro e Prata x2,Bic,1 unidade,"2,69 €","2,69 €/Unidade"
Bolo rei,Pastelaria do Dia,800 g,"8,99 €","11,24 €/Kg"
"Chocolate, tripack",Pintarolas,Embalagem de 70g,"1,39 €","19,86 €/Kg"
Bolachas ricanela,Cuetara,Embalagem de 400g + 100g grátis,"0,39 €","3,12 €/Kg"
Lombos de salmão,PorSi,Embalagem de 300g,"3,99 €","9,98 €/Kg"
Dawnut Açucarado,Pastelaria do Dia,48g,"0,35 €","0,35 €/Unidade"
Néctar de laranja,Bongo,Garrafa de 1 l,"0,99 €","0,99 €/L"
Whisky,Cutty Sark,Garrafa de 700 ml,"11,49 €","16,41 €/L"
Liegeois de chocolate,Milchfrisc,Embalagem de 200g,"0,55 €","2,75 €/Kg"
Dessert topping chocolate,Winsenia,Embalagem de 300g,"1,29 €","3,23 €/Kg"
Azeite virgem delicado,Gallo,Garrafa de 750 ml,"3,29 €","4,39 €/L"
Chá de plantas salutem - pau arco 70,Salutem,Embalagem de 70g,"0,89 €","59,33 €/Kg"
"12 lápis de cor, 18cm",Domédia,Uma embalagem,"3,19 €","3,19 €/Unidade"
Vermute bianco,Martini,Garrafa de 1 l,"11,99 €","11,99 €/L"
Iogurte Pedaços Ananás 0% Matéria Gorda/Açúcares,Danone,4 x 120 g,"3,21 €/Kg","3,21 €/Kg"
Furador com 2 furos,Domédia,1 unidade,"2,19 €","109,50 €/L"
Achocolatado em saco,Nesquik,Embalagem de 1 kg,"6,64 €/Kg","6,64 €/Kg"
Batata pré-frita noisette,PorSi,Embalagem de 1 kg,"1,39 €","1,39 €/Kg"
Lixívia Tradicional,Neoblanc,Embalagem de 4 l,"1,74 €","0,35 €/L"
Polpa de tomate em garrafa,Compal,Embalagem de 1 kg,"3,84 €","24,00 €/Kg"
Polpa de cebola e alho,PorSi,Embalagem de 500 g,"3,84 €","24,00 €/Kg"
Bolachas waffers com recheio de limão,Cuetara,Embalagem de 150 gr,"0,98 €","4,67 €/Kg"
Iogurte líquido pinacolada corpos danone,Danone,Embalagem de 4 x 155 g,"1,31 €","2,05 €/Kg"
Balões latex verde,PorSi,Embalagem com 24 unidades,"0,59 €","0,59 €/Unidade"
Bolachas cacau com cereais e pepitas de chocolate,PorSi,Embalagem de 400 g,"0,79 €","5,27 €/Kg"
Red Fish,Peixe Congelado,300 a 500 g,"3,99 €/Kg","3,99 €/Kg"
Fralda Cueca Banho Splashers T4,Dodot,1 Embalagem c/11 unidades,"8,49 €","8,49 €/Unidade"
Sabao rosa e branco,PorSi,Embalagem de 400g,"1,19 €","2,98 €/Kg"
Aperitivos palitos,Cheetos,Embalagem de 100g,"1,65 €","12,69 €/Kg"
20 saquetas chá verde pure,Lipton,Embalagem de 30g,"0,99 €","23,02 €/Kg"
Pudim flan,PorSi,Embalagem de 4 x 5.6 g,"0,59 €","29,50 €/Kg"
Gomas beijinhos,PorSi,Embalagem de 300 g,"1,19 €","3,97 €/Kg"
Caderno Agrafado Capa Preta |A4 Pautado,Domédia,1 unidade,"1,19 €","1,19 €/Unidade"
Café Torrado em Grão Colômbia,Delta,Embalagem de 220g,"9,16 €/Kg","9,16 €/Kg"
Perna c/ Osso,Peru,1 un = 1 kg (aprox.),"1,05 €","2,99 €/Kg"
Tarteletes com recheio avelã,PorSi,Embalagem de 91g,"2,78 €/Kg","2,78 €/Kg"
Creme Depilatório Peles Sensíveis,Veet,Embalagem de 200 ml,"10,99 €","73,27 €/L"
Sementes de chia,PorSi Viva Bem,Embalagem de 150 g,"1,59 €","10,60 €/Kg"
"Gel barbear, proglide 2em1 Sport",Gillette,Embalagem de 170 ml,"1,16 €","4,64 €/L"
Elixir junior,Aquafresh,Embalagem de 300 ml,"0,99 €","0,99 €/Unidade"
Iogurte grego maçã e canela,Danone,Embalagem de 4 x 110 g,"1,49 €","2,98 €/Kg"
Iogurte oikos pêssego,Danone,Embalagem de 4 x 110g,"1,49 €","2,98 €/Kg"
Lenços de bolso folha tripla,PorSi,9 x 30 unidades,"0,89 €","0,89 €/Unidade"
Anti calcário máquina roupa 2 em 1,PorSi,17 pastilhas,"1,69 €","1,69 €/Unidade"
Cebola Roxa,Programa Origens,1 un = 500 gr (aprox.),"0,17 €","0,69 €/Kg"
Batata Pré-Frita Croquettes,PorSi,Embalagem de 1 kg,"1,39 €","1,39 €/Kg"
Creme p/ Calçado Castanho,Búfalo,Embalagem de 50 ml,"0,99 €","19,80 €/L"
Bife de Frango,Frango,Vendido ao peso a partir de 1 kg,"1,05 €","2,99 €/Kg"
Chocolate em pó Starbucks 42% cacau,STARBUCKS,Embalagem de 330g,"6,64 €/Kg","6,64 €/Kg"
Iogurte morango 000%,PorSi Viva Bem,Embalagem de 4 x 125 g,"4,38 €","2,19 €/Kg"
Argolas Romana,PorSi,Embalagem de 400 g,"1,79 €","7,16 €/Kg"
Gogo SqueeZ Snack Maçã,Gogo,Embalagem de 90g,"2,29 €","6,94 €/L"
"Tiras limpa poros faciais, 6unidades",Labell,1 embalagem,"0,76 €","0,76 €/Unidade"
Queijo azul,PorSi,100 g,"1,89 €","18,90 €/Kg"
Biscoitos canudinho simples,PorSi,Embalagem de 300g,"2,98 €","9,93 €/Kg"
Pensos Higiénicos Cottonlike Super Com Abas,Evax,12 unidades,"2,59 €","2,59 €/Unidade"
Pêssego Vermelho Paraguaio,Fruta da Época,1 un = 150 gr (aprox.),"0,50 €","1,99 €/Kg"
Pensos Higiénicos Ultra Air Dry C/ Abas,Ausonia,embalagem com 14 un.,"2,59 €","2,59 €/Unidade"
Doce de tomate 60% fruta,Cemporcent,Embalagem de 280g,"3,99 €","7,98 €/Kg"
Ambientador gel floral,PorSi,150 g,"9,98 €/Unidade","9,98 €/Unidade"
Lenços de bolso 4 folhas,PorSi,Embalagem de 18 x 10 unidades,"0,89 €","0,89 €/Unidade"
Tira gorduras recarga,Mistolin,Garrafa de 550 ml,"3,99 €","5,32 €/L"
Massa spaghetti tricolore,Milaneza,Embalagem de 500 g,"0,99 €","1,98 €/Kg"
Recarga Esfregona de Microfibras,PorSi,1 unidade,"0,89 €","0,89 €/Unidade"
Carapau Pequeno,Peixe do Dia,1 un = 100 g (aprox.),"6,49 €/Kg","6,49 €/Kg"
Bacalhau com natas,PorSi,Embalagem de 380g,"1,79 €","7,16 €/Kg"
Chá verde infusão bio,Cemporcent,Embalagem de 13g,"0,89 €","59,33 €/Kg"
"Palmilha de cortiça com latex, tamanho 42/43",Sonaf,1 unidade,"4,69 €","46,90 €/L"
Spray renova camurça incolor,PorSi,Embalagem de 200 ml,"6,19 €","24,76 €/L"
Assador Castanhas em Barro,Produto selecionado,Diam.: 17 cm,"4,99 €/Unidade","4,99 €/Unidade"
Oikos morango 110g x4,Danone,Embalagem de 440g,"1,49 €","2,98 €/Kg"
Gel Lubrificante Play Calor,Durex,Embalagem de 50 ml,"4,49 €","4,49 €/Unidade"
"Guardanapos brancos, 33x33cm, 2 folhas, 90 unidades",Renova,Uma embalagem,"1,29 €","1,29 €/Unidade"
Aletria,Milaneza,Embalagem de 500g,"0,99 €","1,98 €/Kg"
"Borracha mini softy, pack de 3 unidades",Maped,1 embalagem,"2,69 €","2,69 €/Unidade"
Choco flakes,Cuetara,Embalagem de 500g,"5,07 €/Kg","5,07 €/Kg"
Champô Hidratante,Baby Dove,Embalagem de 400 ml,"4,39 €","21,95 €/L"
"Espuma de cabelo, volume absoluto",Pantene,Embalagem de 200 ml,"3,99 €","53,20 €/L"
Bebida essencial frutos vermelhos,Compal,Pack 3 x 0.11 l,"2,29 €","6,94 €/L"
Água s/ gás,Luso,Pack 6 x 1.5 l,"1,04 €","0,17 €/L"
Néctar 8 frutos,Bongo,Pack 6 x 200 ml,"0,99 €","0,99 €/L"
"Massa polir, em bisnaga",Redex,Embalagem de 125 ml,"3,99 €","0,80 €/L"
Mortadela de peru com azeitonas,PorSi,1 un = 150 gr (aprox.),"0,95 €","4,75 €/Kg"
"Sumo 100%, tutti-frutti",PorSi,"Embalagem de 1,5 l","1,09 €","0,73 €/L"
Dentifríco anti-tártaro + branqueador,Colgate,Embalagem de 75 ml,"2,39 €","31,87 €/L"
Balões latex rosa,PorSi,Embalagem com 24 unidades,"0,59 €","0,59 €/Unidade"
Pensos Incontinência Mulher Discreet Normal,Tena,Embalagem com 24 unidades,"1,95 €","1,95 €/Unidade"
"Martelo Cabo de Borracha, 18mm",Itools,1 unidade,"5,99 €","5,99 €/Unidade"
Asas de Frango,*,1 un = 100 gr (aprox.),"1,05 €","2,99 €/Kg"
Fiambre da Pá,Salsicharia Limiana,1 un = 150 gr (aprox.),"0,97 €","6,49 €/Kg"
Feijão mung bio,Cemporcent,Embalagem de 250g,"1,99 €","3,98 €/Kg"
Bloco de Notas Aderente Amarelo,Post-It,100 folhas,"2,19 €","109,50 €/L"
Cacau magro em pó,PorSi,Embalagem de 125 g,"1,04 €","8,32 €/Kg"
Delta solúvel intenso,Delta,Embalagem de 200g,"14,50 €/Kg","14,50 €/Kg"
Forma de papel para bolos 6. 8cm,PorSi,Embalagem com 60 unidades,"0,54 €","0,54 €/Unidade"
Vinagre vinho branco 250ml,Cristal,Garrafa de 250 ml,"0,35 €","0,70 €/L"
Água c/ gás limão,Frize,pack 4 x 0.25 l,"2,85 €","2,85 €/L"
Detergente líquido máquina de roupa sabão natural,PorSi,86 Doses,"8,69 €","1,84 €/Kg"
Puzzles Astro Kid / T-Rex,Olivo,60 peças,"23,99 €/Unidade","23,99 €/Unidade"
Arroz agulha,Pato real,Embalagem de 1 kg,"1,26 €","1,26 €/Kg"
Iogurte aroma de banana,PorSi,Embalagem de 4x125g,"1,87 €","1,25 €/Kg"
Liquido abrilhantador castanho,PorSi,75 ml,"2,25 €","45,00 €/L"
Paio das beiras,PorSi,Embalagem de 380g,"2,59 €","12,95 €/Kg"
Sardinhas,PorSi,embalagem com 1 kg,"3,99 €","9,98 €/Kg"
"Alimento para peixe, tetrapond stickslago",Tetra,Embalagem de 1 l,"7,29 €","7,29 €/L"
Bolacha waffer bites cacau,Waferland,Embalagem de 125g,"0,98 €","4,67 €/Kg"
Fábrica de Partidas TikTok,Science4You,1 unidade,"23,99 €/Unidade","23,99 €/Unidade"
Mimosa bem especial leite e amêndoa,Mimosa,Embalagem de 1 litro,"0,99 €","0,99 €/L"
Lentilhas verdes,Cemporcent,Embalagem de 500g,"1,99 €","3,98 €/Kg"
Chá de infusão salutem nº 18 - camomila 10 saquetas,Salutem,Embalagem de 15g,"0,89 €","59,33 €/Kg"
Pimento Vermelho,Programa Origens,1 un=250 gr (aprox.),"0,75 €","2,99 €/Kg"
Folhado Queijo e Oregões,Pastelaria do Dia,1 unidade 90G,"0,65 €","0,65 €/Unidade"
"Jogo ""Mentiroso""",Concentra,1 unidade,"23,99 €/Unidade","23,99 €/Unidade"
Creme vegetal culinário,Vaqueiro,Embalagem de 250 g,"2,89 €","2,89 €/Kg"
Abacaxi,Fruta do Dia,1 un = 2kg ( aprox.),"2,50 €","1,25 €/Kg"
Gel de Banho Silk,Dove,Embalagem de 750 ml,"6,39 €/L","6,39 €/L"
Café em cápsulas deqafeitatus,Delta Q,Embalagem de 55 g,"54,36 €/Kg","54,36 €/Kg"
Couscous,PorSi,Embalagem de 5 x 100 g,"0,99 €","1,98 €/Kg"
Guardanapos Gold 2 folhas,Renova,Dim.: 39x39cm,"1,29 €","1,29 €/Unidade"
Guardanapos | Dim.: 30 x 33 cm,PorSi,Embalagem com 20 unidades,"1,29 €","1,29 €/Unidade"
"Frutapura maçã, banana e frutos do bosque",Bledina,Embalagem de 85g,"2,29 €","6,94 €/L"
Melão Amarelo,Fruta do Dia,Vendido ao peso | 1 un = 2.5 kg (aprox.),"0,75 €","2,99 €/Kg"
Alecrim em folhas,PorSi,Embalagem de 25g,"0,25 €","0,25 €/Kg"
Cookies sem glúten,Gullon,Embalagem de 200 g,"2,69 €","20,69 €/Kg"
Bolacha digestiva go canela,Triunfo,Embalagem de 170g,"1,19 €","5,95 €/Kg"
Balões latex mistos,PorSi,Embalagem com 24 unidades,"0,59 €","0,59 €/Unidade"
Mini meia mousse muskade 20D t. único,PorSi,Tamanho: m,"1,89 €","1,89 €/Unidade"
Manteiga pasteurizada com sal cuvet,Primor,Embalagem de 250g,"1,89 €","7,56 €/Kg"
Semente linhaça amarela,Salutem,Embalagem de 250g,"2,29 €","11,45 €/Kg"
Gelatina ananás 10kcal,Royal,Embalagem de 30g,"0,55 €","61,11 €/Kg"
Azeite virgem extra clássico,Gallo,Garrafa de 250 ml,"3,29 €","4,39 €/L"
Recarga  para esfregona tiras,PorSi,1 unidade,"0,89 €","0,89 €/Unidade"
Salsichão extra allnatural fatiado,Allnatural,Embalagem de 80g,"0,95 €","9,49 €/Kg"
Leite UHT Meio Gordo,PorSi,1 l,"0,83 €","0,83 €/L"
Pudim caseiro de laranja,Royal,Embalagem de 200g,"0,59 €","29,50 €/Kg"
Salada Vega,Florette,1 Embalagem 200G,"1,04 €","2,59 €/Kg"
Salsichas frescas de porco,PorSi,Embalagem de 400 g,"0,30 €","5,99 €/Kg"
Acendalha Querosene,Quinas,Uma embalagem - 32Unidades,"0,75 €","0,75 €/Unidade"
Sopa de rabo de boi,Knorr,Embalagem de 70g,"0,62 €","10,00 €/Kg"
Vinho tinto alentejo,Loios,Garrafa de 750 ml,"2,89 €","3,85 €/L"
Banha,PorSi,Embalagem de 940 g,"2,89 €","2,89 €/Kg"
Feijão branco cozido,PorSi,Embalagem de 420g,"2,19 €","2,81 €/Kg"
Croutons com azeite,PorSi,Embalagem de 150g,"2,39 €","6,83 €/Kg"
Cápsulas de café com leite cappuccino,Nescafe,Embalagem com 16 cápsulas,"54,36 €/Kg","54,36 €/Kg"
Pizza romana,PorSi,Embalagem de 370g,"2,16 €","6,17 €/Kg"
Banheira c/ Acessórios,Vicam,1 unidade,"8,39 €","8,39 €/Unidade"
Marmelada,PorSi,Embalagem de 450g,"1,09 €","2,42 €/Kg"
"Vinho rosé, meio seco",Leziria,Garrafa de 750 ml,"3,19 €","4,25 €/L"
Gel wc anticalcário sem lixívia,PorSi,"Garrafa de 1,5 l","2,79 €","3,99 €/L"
Detergente Multiusos Spray,Ajax,Garrafa de 500 ml,"1,29 €","0,86 €/L"
Couve lombardo Programa Origens,PorSi,,"1,99 €","1,99 €/Kg"
"Esferográfica, 4 cores",Bic,1 unidade,"2,69 €","2,69 €/Unidade"
Azeite virgem extra dop trás-os-montes,PorSi Select,Embalagem 750 ml,"3,29 €","4,39 €/L"
Mousse de chocolate leite,Páturages,Embalagem de 4x60 g,"2,39 €","10,48 €/Kg"
5 manhãzitos choco chips,Manhazitos,Embalagem de 175 g,"7,40 €/Kg","7,40 €/Kg"
Néctar clássico de pera,Compal,Garrafa de 200 ml,"0,99 €","0,99 €/L"
Crepes de legumes,PorSi,Embalagem de 310g,"1,79 €","7,16 €/Kg"
Noodle banzai galinha,Cigala,Embalagem de 70g,"0,99 €","1,98 €/Kg"
"Vela em número, nº 6",PorSi,1 unidade,"0,60 €","0,60 €/Unidade"
Ambientador Difusor Frutos Vermelhos,PorSi,50 ml,"2,53 €","2,53 €/Unidade"
Mirtilos,Salutem,Embalagem de 100g,"2,19 €","17,52 €/Kg"
Tablete de chocolate leite com amêndoas,PorSi Select,200 g,"6,50 €/Kg","6,50 €/Kg"
Moscatel de Setúbal Superior 10 Anos,Bacalhôa,Garrafa de 0.75 l,"5,99 €","7,99 €/L"
Lava Tudo Amoniacal,Sonasol,"Garrafa de 1,3 l","0,99 €","0,50 €/L"
Pastel de Nata,Pastelaria do Dia,60 g,"0,35 €","0,35 €/Unidade"
Vinho regional alentejano bag-in-box branco,Galitos,Garrafa de 5 l,"5,19 €","1,04 €/L"
Lápis de cor 18 cm,Domédia,embalagem com 18 unidades,"3,19 €","3,19 €/Unidade"
Molho de maionese com alho e ervas,PorSi,Garrafa de 120 ml,"0,87 €","2,90 €/Kg"
Tablete de chocolate leite,Schogetten,Embalagem de 100g,"5,30 €/Kg","5,30 €/Kg"
Salmão Fumado da Escócia,PorSi Select,Embalagem de 80 g,"7,99 €","39,95 €/Kg"
Balões latex amarelos,PorSi,Embalagem com 24 unidades,"0,59 €","0,59 €/Unidade"
Pilha alcalina classic lr03x8,Domédia,1 unidade,"1,75 €","1,75 €/Unidade"
Chupas Party Mix,PorSi,150 g,"3,40 €","28,33 €/Kg"
"Pensos diários maxiplus, 30 unidades",Evax,Uma embalagem,"1,79 €","1,79 €/Unidade"
Queijo mozzarella mini bolas,PorSi,Embalagem 125G,"1,69 €","6,76 €/Kg"
Espinafres,Florette,Embalagem de 300 g,"0,99 €","0,99 €/Kg"
Frutapura Pouch Banana Morango,Bledina,Embalagem de 85g,"2,29 €","6,94 €/L"
Fiambre da perna extra,PorSi,Pack Poupança de 2 x 170 g,"0,97 €","6,49 €/Kg"
Tostas integrais,PorSi,Embalagem de 225g,"2,39 €","6,83 €/Kg"
Tira gorduras dia a dia,Mistolin,Garrafa de 750 ml,"1,79 €","2,39 €/L"
"Bacalhau graúdo inteiro salgado, seco",Bacalhau da Islândia,1 un= 2.5kg (aprox.),"8,73 €/Kg","8,73 €/Kg"
Pensos clássicos,PorSi,20 unidades,"0,59 €","1,18 €/L"
Rolo Cozinha Meia Folha Adapt,Colhogar,2 rolos,"4,99 €","4,99 €/Unidade"
Queijo Flamengo Fatias Light,Agros,Embalagem de 170g,"2,39 €","19,92 €/Kg"
Xarope de menta,Paquito,Garrafa de 0.75 lt,"3,54 €","3,54 €/L"
Salsicha Fresca,Porco,1 un = 100 gr (aprox.),"0,30 €","5,99 €/Kg"
Bolacha cream cracker,Cuetara,Embalagem de 200g,"0,39 €","3,12 €/Kg"
Nestum aveia e maçã,Nestum,Embalagem de 250g,"3,29 €","4,39 €/Kg"
"Carteira etiquetas, 24x35",Domédia,1 unidade,"0,49 €","0,49 €/Unidade"
Bebida de soja e chocolate,PorSi Viva Bem,Embalagem de 1 l,"2,49 €","2,49 €/L"
Bastão de cola,Domédia,20 g,"2,19 €","109,50 €/L"
Café Moagem Universal Honduras,PorSi,Embalagem de 220g,"9,16 €/Kg","9,16 €/Kg"
Chá infusão nº3 prostal control,Cemporcent,Embalagem de 13g,"0,99 €","99,00 €/Kg"
Feijoada transmontana,Nobre,Embalagem de 420g,"2,35 €","5,60 €/Kg"
"Amaciador de roupa, azul",Comfort,Garrafa de 4 l,"8,99 €","2,25 €/L"
18 hamburguers s/ glúten vaca,Capitão Iglo,Pack familiar com 1.4 kg,"2,79 €","8,72 €/Kg"
Queijo dop cura 4 meses fatias,Sao jorge,Embalagem de 400g,"2,42 €","9,69 €/Kg"
Morangos 100% Naturais,PorSi,Embalagem de 750 g,"3,29 €","4,39 €/Kg"
Chá funcional regula,F+nutrir,Embalagem de 45g,"0,89 €","59,33 €/Kg"
"Limpa vidros, azul",Arbo,Embalagem de 1 l,"3,19 €","6,38 €/L"
Ambientador gel marinho,PorSi,150 g,"9,98 €/Unidade","9,98 €/Unidade"
Descafeinado em cápsulas Pianíssimo 10x5g,PorSi Select,Embalagem de 50g,"1,59 €","6,36 €/Kg"
Perfect Pen,Loctite,Embalagem com 3 g,"2,99 €","99,67 €/Kg"
Favas ultracongeladas,PorSi,Embalagem de 400g,"1,98 €","1,98 €/Kg"
Beira interior colheita 2013,Beyra,Garrafa de 0.75 l,"2,92 €/L","2,92 €/L"
Toalhitas Bebé Nature,PorSi,64 unidades,"1,09 €/Unidade","1,09 €/Unidade"
Jogo Joker Kids,Clementoni,1 un.,"7,99 €","7,99 €/Unidade"
Batata Roxa,Legumes do Dia,embalada - 10kg,"0,17 €","0,69 €/Kg"
Lula,Peixe Congelado,1 un= 250 gr (aprox.),"3,99 €/Kg","3,99 €/Kg"
Chá solúvel sem gases adulto,Cemporcent,Embalagem de 60g,"0,89 €","59,33 €/Kg"
Nestum flocos de cereais integrais,Nestum,Embalagem de 250g,"3,29 €","4,39 €/Kg"
Actimel natural,Danone,Embalagem de 600g,"4,15 €/Kg","4,15 €/Kg"
Nan 1 optipro leite inf.optipro desde nascim.800g,NAN,Embalagem de 800g,"23,99 €","29,99 €/Kg"
Chá solúvel verde,Cemporcent,Embalagem de 60g,"0,89 €","59,33 €/Kg"
Cereais nesquik,Nestle,Embalagem de 625g,"5,07 €/Kg","5,07 €/Kg"
Bacalhau Especial Asa Branca,Bacalhau da Noruega,1 un= 4 kg (aprox.),"8,73 €/Kg","8,73 €/Kg"
Vela com número 4,PorSi,1 unidade,"0,60 €","0,60 €/Unidade"
Fruta para bebé banana laranja bolacha +6 meses,Nestle,Embalagem de 90g,"0,74 €","8,22 €/Kg"
Forma Pão de Ló Antiaderente 24cm,PorSi,1 unidade,"9,99 €","9,99 €/Unidade"
Iogurte pedaços frutas variadas,PorSi,Embalagem de 16 x 125 g,"4,38 €","2,19 €/Kg"
Azeite virgem extra dop moura,PorSi Select,Embalagem de 0.75L,"3,29 €","4,39 €/L"
Elixir oil,Gliss,Embalagem de 75 ml,"1,00 €","5,00 €/L"
Café moagem universal brasil,Delta,Embalagem de 220g,"9,76 €/Kg","9,76 €/Kg"
"Rebuçados sem açucar vita c, sabor citrinos",Halls,Embalagem de 32G,"0,77 €","3,85 €/Kg"
Pilha alcalina heightech lr6x4,Domédia,1 unidade,"1,75 €","1,75 €/Unidade"
Café torrado em grão,PorSi,250 g,"9,16 €/Kg","9,16 €/Kg"
X-ato mini,Maped,9 mm,"2,19 €","109,50 €/L"
Espumoso grand reale dessert,Gancia,Garrafa de 750 ml,"3,99 €","5,32 €/L"
Iogurte Pedaços Ananás 0% Matéria Gorda/Açúcares,Danone,4 x 120 g,"4,38 €","2,19 €/Kg"
Forra livros,Mab,,"2,19 €","109,50 €/L"
Caramelos de fruta multisabor single,Sugus,Embalagem de 50g,"1,19 €","4,76 €/Kg"
Coentros,Vitacress,embalagem de 40 g,"0,89 €","17,80 €/Kg"
Salada de fruta em calda,PorSi,Embalagem de 3 x 220 g,"1,99 €","2,37 €/Kg"
Queijo Flamengo Fatias,PorSi,Embalagem 500G,"1,96 €","9,80 €/Kg"
Nata uht para bater,Gresso,Garrafa de 200 ml,"0,75 €","3,75 €/L"
Bebida Solúvel Mokambo Chicória e Café,Nestle,Embalagem de 240g,"14,50 €/Kg","14,50 €/Kg"
Alface Frisada,*,1 un= 400 g (aprox.),"1,04 €","2,59 €/Kg"
Refeição caseira almôndegas,Nobre,Embalagem de 420g,"2,35 €","5,60 €/Kg"
"Pasta dentífrica, 7-13 anos",Labell,Embalagem de 75 ml,"0,99 €","0,99 €/Unidade"
Asas,Peru,1 un = 500 gr (aprox.),"1,05 €","2,99 €/Kg"
Queijo flamengo em Barra,Gresso,"Vendido ao peso, fatiado a partir de 100 gr","1,96 €","9,80 €/Kg"
Acetona,PorSi,Embalagem de 200 ml,"1,89 €","9,45 €/L"
Bandas de cera axilas/bikini,Labell,Embalagem com 16 un. + 4 toalhitas de acabamento,"3,11 €","3,11 €/Unidade"
Pó baratas e formigas,Baygon,Embalagem de 250 g,"5,49 €","13,73 €/L"
Bifes da rabadilha de novilho,PorSi,Embalagem de 400 g,"4,99 €","12,48 €/Kg"
Pack de 3 embalagens de polpa de tomate,Compal,Embalagem de 630g,"3,84 €","24,00 €/Kg"
Molho 4 pimentas,PorSi,Embalagem de 120 ml,"0,87 €","2,90 €/Kg"
Massa aletria,PorSi,Embalagem de 500g,"0,99 €","1,98 €/Kg"
Café c/ cafeína intenso,Nescafe,Embalagem de 100g,"14,50 €/Kg","14,50 €/Kg"
Resguardo para bebé,PorSi,Dim.: 60 x 60 cm,"4,99 €/Unidade","4,99 €/Unidade"
Néctar de laranja e cenoura light,PorSi,Embalagem de 3 x 200 ml,"0,84 €","2,55 €/L"
Massa meada,PorSi,Embalagem de 500g,"0,99 €","1,98 €/Kg"
Tomate em pedaços,PorSi,Embalagem de 390g,"2,19 €","2,81 €/Kg"
"Cera cabelo, indestructible",Studio Line,Embalagem de 75 ml,"3,99 €","53,20 €/L"
Escova plástica (cores sortidas),PorSi,1 unidade,"0,89 €","0,89 €/Unidade"
Loção tónica para pele seca,Labell,Embalagem de 250 ml,"0,76 €","0,76 €/Unidade"
Alheira de mirandela,PorSi Select,Embalagem de 200 g,"1,49 €","7,45 €/Kg"
Creme vegetal sabor manteiga,PorSi,Embalagem de 500 g,"1,99 €","3,98 €/Kg"
Óleo alimentar,Vêgê,Embalagem de 1 l,"3,39 €","3,39 €/L"
Cappucino go chill com cacau,Delta,Embalagem de 230 ml,"3,19 €","25,52 €/Kg"
Tablete de chocolate oreo,Milka,Embalagem de 300g,"5,30 €/Kg","5,30 €/Kg"
Snack para gato de galinha e pato,Catisfactions,Embalagem de 60g,"0,85 €","14,17 €/Kg"
Fiambre da Perna Extra,PorSi,1 un = 150 gr (aprox.),"0,97 €","6,49 €/Kg"
Mousse crocante baunilha,A leiteira,Embalagem 4 x 57 g,"2,39 €","10,48 €/Kg"
"Limpa vidros, rosa",Redex,Embalagem de 5 l,"3,99 €","0,80 €/L"
Croissant Brioche com chocolate,Pastelaria do Dia,1 un = 100 g (aprox.),"0,35 €","0,35 €/Unidade"
Vinho branco alentejo,Loios,Garrafa de 750 ml,"2,89 €","3,85 €/L"
Robalo de Viveiro,Peixe Fresco,de 200 a 600 g (aprox.),"6,49 €/Kg","6,49 €/Kg"
Jogo caça ao tesouro,Clementoni,1 unidade,"7,99 €","7,99 €/Unidade"
Arroz basmati,Caçarola,Embalagem de 1 kg,"1,26 €","1,26 €/Kg"
Salva os Oceanos,Science4You,1 unidade,"7,99 €","7,99 €/Unidade"
Bandas de cera depilatória axilas peles sensíveis,Veet,embalagem com 16 unidades,"3,11 €","3,11 €/Unidade"
Cuecas Incontinência Unisexo Pants Super M,Tena,Unidade,"18,65 €","18,65 €/Unidade"
Queijo de Ovelha Meio Gordo,Seia,1 un = 450 g (aprox.),"4,62 €","18,49 €/Kg"
Penso Higiénico Ultrafinos Normal Abas,PorSi,16 unidades,"2,59 €","2,59 €/Unidade"
Bolacha dibus mini angry birds,Gullon,Embalagem de 250g,"1,89 €","15,75 €/Kg"
Pudim de chocolate,Boca Doce,Embalagem de 20g,"0,59 €","29,50 €/Kg"
Rebuçados drops recheio de fruta,PorSi,Embalagem de 250g,"1,08 €","5,40 €/Kg"
Iogurte mix-in smarties baunilha,Nestle,Embalagem de 2 x 128 g,"1,05 €","1,86 €/L"
Bolachas de aveia,Triunfo,Embalagem de 190g,"2,98 €","9,93 €/Kg"
"Jogo ""8 em 1""",Clementoni,1 unidade,"7,99 €","7,99 €/Unidade"
Pensos higiénicos liberty noite abas,Evax,Embalagem com 9 un.,"2,59 €","2,59 €/Unidade"
Pipocas com uma pitada de sal,Popup,Embalagem de 200g,"1,65 €","12,69 €/Kg"
Moscatel de setúbal,Pioneiro,Garrafa de 750 ml,"7,49 €","10,70 €/L"
Jogo Aqui há festa,Clementoni,1 unidade,"7,99 €","7,99 €/Unidade"
Crazy Chic Mala de Maquilhagem,Clementoni,1 unidade,"27,99 €/Unidade","27,99 €/Unidade"
Ambientador aerosol pure flor de cerejeira,Air Wick,Garrafa de 250 ml,"0,99 €","3,30 €/L"
Leite 0% lactose meio gordo,Mimosa,Embalagem de 200 ml,"0,99 €","0,99 €/L"
"Jogo ""Gira a Garrafa""",Concentra,1 unidade,"7,99 €","7,99 €/Unidade"
Multivitaminas de a a z (cápsulas),Forma+,Embalagem de 25g,"7,99 €","133,17 €/Kg"
Farinha para pão vitale,Nacional,Embalagem de 1 kg,"1,99 €","1,99 €/Kg"
2 Toalhas de bidé,PorSi,30 x 50 cm,"12,00 €/Unidade","12,00 €/Unidade"
Queijo curado vaca e ovelha,D. Sebastião,Embalagem de +-550G,"2,89 €","15,21 €/Kg"
Queimador extra forte,Prozis,Embalagem de 1 unidades,"7,99 €","133,17 €/Kg"
Sal marinho grosso,Vatel,Embalagem de 1 kg,"0,25 €","0,25 €/Kg"
Garoupa Legítima Pequena,Peixe do Dia,1 un= 2 kg (aprox.),"6,49 €/Kg","6,49 €/Kg"
Papel Higiénico Compacto Ultra Suave XXL,Colhogar,12 rolos,"1,99 €","1,99 €/Unidade"
Lasanha bolonhesa,Iglo,Embalagem de 300g,"2,16 €","6,17 €/Kg"
Esponja mágica tira manchas e riscos,PorSi,Embalagem com 2 unidades,"0,79 €","0,79 €/Unidade"
Sumo essencial kids,Compal,pack 3 x 0.11 l,"2,29 €","6,94 €/L"
Ambientador aerossol 5 em 1 lavanda,PorSi,300 ml,"0,99 €","3,30 €/L"
Bolacha com aveia,PorSi,Embalagem de 300 g,"1,19 €","5,95 €/Kg"
"Salsa em folhas, pacote",Margao,Embalagem de 10g,"0,25 €","0,25 €/Kg"
Vela com número nº 6,PorSi,1 unidade,"0,60 €","0,60 €/Unidade"
"Manga kent ""avião""",*,Embalagem de 350 g,"2,29 €/Kg","2,29 €/Kg"
Farinha láctea,PorSi,Embalagem de 1 kg,"4,99 €","4,99 €/Kg"
Leite Meio Gordo sem Lactose,Mimosa,Pack 4 x 200 ml,"0,99 €","0,99 €/L"
Puré batata doce,PorSi,Embalagem de 750g,"1,89 €","6,30 €/Kg"
Semente linhaça castanha,Salutem,Embalagem de 250g,"2,29 €","11,45 €/Kg"
Néctar de pera rocha e framboesa do Oeste Algarve,Compal,1 litro,"0,99 €","0,99 €/L"
