Nome,Marca,Unidade,Preço Primário,Preço Secundário
"Lixívia, perfume fresco",Neoblanc,Embalagem de 4 l,"2,19 €","1,10 €/L"
Miolo de camarão 80/100,Pescanova,Embalagem de 350g,"8,99 €","25,69 €/Kg"
"Maionese, frasco",Hellmman's,Embalagem de 210g,"0,70 €","2,33 €/Kg"
Saqueta de puré de fruta | maçã + banana + morango,PorSi,90 g,"0,74 €","8,22 €/Kg"
Cabo de metal com rosca,PorSi,1.20 m,"2,20 €","2,20 €/Unidade"
Azeite,PorSi,Garrafa de 1 l,"3,19 €","4,25 €/L"
Mistura solúvel brasa,Nestle,Embalagem de 200g,"0,99 €","3,96 €/Kg"
Biscoitos integrais sementes de agave,PorSi Viva Bem,Embalagem de 150g,"1,45 €","11,15 €/Kg"
Polvilho doce,PorSi,Embalagem de 500g,"2,29 €","4,58 €/Kg"
Queijo vaca sem lactose,PorSi Viva Bem,250 g,"0,99 €","1,98 €/Kg"
Salsicha Picante,Porco,1 un = 100 gr (aprox.),"0,65 €","6,49 €/Kg"
Cem porcento-lentilhas vermelhas,Cemporcent,Embalagem de 500g,"1,34 €","2,68 €/Kg"
Limpa móveis cera abelhas,PorSi,Frasco de 300ml,"5,49 €","54,90 €/L"
Penso diário normal,PorSi,Embalagem de 64 unidades,"1,79 €/Unidade","1,79 €/Unidade"
Iogurte infantil c/ drageias coloridas,PorSi,140 g,"1,05 €","1,86 €/L"
Papel higiénico compacto,PorSi,24 rolos,"1,99 €","1,99 €/Unidade"
Ovos Frescos de Galinhas Criadas ao Ar Livre Classe:...,PorSi Bio,Embalagem com 6 unidades,"2,19 €","2,19 €/Unidade"
Bebida Energética Red Grape,Hell,250 ml,"5,49 €","5,49 €/L"
O cacau puro,Cemporcent,Embalagem de 200g,"2,49 €","12,45 €/Kg"
Sidra maçã,Somersby,pack 4 x 0.33 l,"1,65 €","3,30 €/L"
Gomas amora,Haribo,Embalagem de 100g,"1,19 €","3,97 €/Kg"
Vinho maduro tinto doc alentejo reserva,Albarrada,Garrafa de 75 cl,"5,99 €","7,99 €/L"
Abafado Branco,Vice Rei,Garrafa de 1L,"8,49 €","11,32 €/L"
Fatias vegetarianas c/ legumes,Nobre,Embalagem de 100g,"7,99 €","39,95 €/Kg"
"Vinho rosé, meio seco",Leziria,Garrafa de 750 ml,"4,29 €","5,72 €/L"
"Luvas multiusos relevo antiderrapante, tamanho grand...",PorSi,Embalagem de 1 unidades,"0,69 €","0,69 €/Unidade"
Empadão de carne produto pré-cozinhado ultracongelad...,PorSi,Embalagem de 350g,"7,99 €","7,99 €/Kg"
Elimina odores para calçado,Kiwi,Embalagem de 100 ml,"1,49 €","1,49 €/Unidade"
Nestum 5 cereais,Nestum,Embalagem de 250g,"2,19 €","8,76 €/Kg"
Queijo cura especial barrado pimentão,Casteloes,500 g,"6,49 €","25,45 €/Kg"
Cebolinho,PorSi,Embalagem de 50g,"0,99 €","19,80 €/Kg"
Sumo essencial de pêssego,Compal,pack 3 x 0.11 l,"0,99 €","0,99 €/L"
10 nuggets de frango,Capitão Iglo,Embalagem de 210g,"2,79 €","8,72 €/Kg"
Ambientador sense e spray lavanda e jasmim,Glade,18 ml,"3,74 €","3,74 €/Unidade"
Néctar clássico laranja,Compal,Embalagem de 1 l,"0,99 €","0,99 €/L"
"Coloração permanente, castanho claro cobre nº54",Nutrisse,1 unidade,"9,49 €/Unidade","9,49 €/Unidade"
Guardanapos 2 folhas azul e dourado,PorSi Select,40 unidades,"1,29 €","1,29 €/Unidade"
Rum Spiced,Captain Morgan,"Garrafa de 0,70L","17,49 €","24,99 €/L"
Salsichas de porco,Nobre,Lata de 200g,"0,75 €","3,75 €/Kg"
Spray tira gorduras eco,PorSi,Garrafa de 750 ml,"0,79 €","0,79 €/L"
"Spray Bronzeado, Pele Molhada F20",Cabana Sun,Embalagem de 200 ml,"12,99 €","64,95 €/L"
Salsichas frasco hot dog,PorSi,Embalagem 540G,"0,75 €","3,75 €/Kg"
Salsichão fuet caseiro peru,Elpozo,Embalagem de 150g,"3,29 €","21,93 €/Kg"
"Máquina depiladora descartável, Blue II Feminina",Gillette,Embalagem de 5+1 unidades,"7,99 €","7,99 €/Unidade"
Pensos Higiénicos Ultra Air Dry C/ Abas,Ausonia,embalagem com 14 un.,"4,99 €","4,99 €/Unidade"
Queijo creme de ervas finas,Philadelph,Embalagem de 150g,"3,68 €","13,14 €/Kg"
Sumo natural de cenoura bio,Cemporcent,Garrafa de 200 ml,"1,19 €","1,86 €/L"
Iogurtes Corpos Danone Pedaços de Coco,Danone,Embalagem de 4 x 115 g,"4,36 €","2,18 €/Kg"
Queijo Creme Piri-Piri,Eru,Embalagem de 100 g,"3,68 €","13,14 €/Kg"
Alimento seco p/ cão croquetes vaca,Pedigree,Embalagem de 3 kg,"15,69 €","3,92 €/Kg"
Queijo de cabra,Palhais,Embalagem de 200g,"1,89 €","10,50 €/Kg"
Goela,Porco,Vendido ao peso,"1,12 €","4,49 €/Kg"
Arroz Carolino,Saludães,Embalagem de 1 kg,"0,99 €","0,99 €/Kg"
Caramelos de fruta,PorSi,Embalagem de 250g,"1,10 €","4,40 €/Kg"
Creme autobrilhante preto,Splendor,40 ml,"0,99 €","330,00 €/Kg"
Linguas de gato,PorSi,Embalagem de 200 g,"0,69 €","3,45 €/Kg"
Limpa vidros cristal recarga,Ajax,Embalagem de 500 ml,"0,89 €","0,89 €/L"
Espargos Verdes,Legumes do Dia,embalagem com 250g,"2,49 €/Kg","2,49 €/Kg"
Pilha alcalina classic lr14x2,Domédia,1 unidade,"1,99 €","1,99 €/Unidade"
Atum posta em óleo,General,Embalagem de 110g,"0,89 €","7,42 €/Kg"
Fraldas premium T4 - 9 a 15 kg,PorSi,50 unidades,"6,49 €","6,49 €/Unidade"
Gin dry,Gordons,Garrafa de 700 ml,"19,79 €","19,79 €/L"
Máquina Depilatória Descartável Venus 3 Plus Pink,Gillette,6 unidades,"7,99 €","7,99 €/Unidade"
Mopa com cabo,PorSi,1 unidade,"0,89 €","0,89 €/Unidade"
Biscoitos brownies,PorSi,Embalagem de 230g,"0,90 €","6,00 €/Kg"
Iogurte Líquido Frutos Tropicais,PorSi,1 Embalagem 4X160G,"1,17 €","1,83 €/Kg"
Queijo crema angulo aperitivos provenzales,B.de arias,Embalagem de 100g,"3,79 €","37,90 €/Kg"
"Refrigerante com gás, ananás",Sumol,"Garrafa de 1,25 l","0,79 €","0,40 €/L"
"Azeitonas pretas sem caroço, frasco de 165 g",PorSi,Embalagem de 165g,"1,79 €","2,29 €/Kg"
Refresco em pó de ananás,PorSi,Embalagem de 40 g,"0,75 €","18,75 €/Kg"
Cera de depilação profissional,Veet,Garrafa de 300 ml,"7,99 €","7,99 €/Unidade"
Comida húmida para gato duplo prazer com peixe do oc...,Gourmet Gold,Embalagem de 90g,"3,59 €","2,99 €/Kg"
Café em cápsulas  qonvictus,Delta Q,Embalagem de 55 g,"2,79 €","19,93 €/Kg"
Bolachas crackers integrais,PorSi,Embalagem de 500g,"0,39 €","3,12 €/Kg"
Comida húmida para gato seleção de carnes,Gourmet mp,Embalagem de 300g,"3,59 €","2,99 €/Kg"
Farinha de trigo sem fermento t65,PorSi,Embalagem de 1 kg,"1,99 €","1,99 €/Kg"
Bacalhau a bras,PorSi,Embalagem de 300g,"1,79 €","7,16 €/Kg"
Vela em número nº5,PorSi,1 unidade,"0,59 €","0,59 €/Unidade"
Bolachas cacau com recheio baunilha,PorSi,Embalagem de 176 g,"0,79 €","4,49 €/Kg"
Ice tea de pêssego,PorSi,Garrafa de 2 l,"1,14 €","0,76 €/L"
Refrigerante c/ gás laranja,Fanta,"Garrafa de 1,5 l","0,79 €","0,40 €/L"
Gelatina zero % pêssego,Koala,Embalagem de 130g,"0,85 €","2,13 €/Kg"
Lixívia para roupa tradicional,Neoblanc,Embalagem de 2 l,"2,19 €","1,10 €/L"
Cola stick,Uhu,Conjunto de 2 x 8.2 g,"2,89 €","180,63 €/Kg"
"Iogurte, sabor a morango",PorSi,Embalagem de 4 x 125 g,"1,87 €","1,25 €/Kg"
"Piscina Prateada, Cap.512L",Bestway,Dim.:152X43cm,"3,99 €","3,99 €/Unidade"
Chouriço Extra do Ribatejo,PorSi,200 g,"1,22 €","6,78 €/Kg"
Mistura solúvel tofina despertar,Nestle,Embalagem de 200g,"0,99 €","3,96 €/Kg"
Desodorizante roll-on invisible,Rexona,Embalagem de 50 ml,"4,99 €","99,80 €/L"
Chourico vinho das beiras,PorSi,Embalagem de 280g,"1,22 €","6,78 €/Kg"
Spray recarga limpeza da cozinha,Cif,embalagem de 70 ml,"0,79 €","0,79 €/L"
Açúcar de coco bio,Origensbio,Embalagem de 250g,"1,57 €","15,70 €/Kg"
Creme marisco,Knorr,Embalagem de 70g,"0,84 €","13,55 €/Kg"
Lenços Bolso 15X10 3f,PorSi,1 Unidade,"0,89 €","0,89 €/Unidade"
Patés,Pate Chef,Pack com 8 unidades,"0,80 €","10,67 €/Kg"
Batata frita presunto,Ruffles,Embalagem de 150 g,"1,19 €","6,43 €/Kg"
Bala spray,Redex,Embalagem de 400 ml,"3,99 €","0,80 €/L"
Mousse limpeza refresh,Labell,Embalagem com 150ml,"12,48 €/L","12,48 €/L"
Lombo assado fatiado,PorSi,150 g,"3,29 €","36,56 €/Kg"
Difusor elétrico sem fio para pastilhas,Ezalo,Embalagem de 1 unidades,"6,39 €","6,39 €/Unidade"
Sacos do lixo wc 5 litros,PorSi,30 sacos,"1,79 €","1,79 €/Unidade"
Limpa Móveis,PorSi,Embalagem de 300 ml,"5,49 €","54,90 €/L"
Lic.amendoa amarga zimbro,Zimbro,Garrafa de 0.70L,"7,99 €","11,41 €/L"
Autobrilhante Preto,Búfalo,Embalagem de 50 ml,"0,99 €","330,00 €/Kg"
Bolachas recheadas com morango e cheesecake,Oreo,Embalagem de 150g,"0,79 €","4,49 €/Kg"
Natas pasteurizadas para bater,Nestle,Embalagem de 200 ml,"0,75 €","3,75 €/L"
Bolachas belgas manteiga,PorSi,Embalagem de 250g,"1,69 €","6,76 €/Kg"
Vinho do porto tawny,Cruz,"Garrafa de 0,75 l","16,99 €","22,65 €/L"
"Bolacha belvita soft brakes, frutos vermelhos",Belvita,Embalagem de 250g,"1,49 €","2,48 €/Kg"
"Gel para o cabelo, pasta remix",Studio Line,Embalagem de 150 ml,"6,99 €","46,60 €/L"
"Queijo médio, metades",Casteloes,Embalagem de 580g,"6,49 €","25,45 €/Kg"
Tampões ProComfort Normal,O.B.,1 Embalagem c/32 unidades,"3,99 €","3,99 €/Unidade"
Lata de Brilho Preto,Búfalo,Embalagem de 75 ml,"0,99 €","19,80 €/L"
"Água com gás, sabor limão",PorSi,"Embalagem de 6x0,25 l","2,85 €","2,85 €/L"
Esparregado de espinafres,PorSi,Embalagem de 350 g,"0,74 €","1,85 €/Kg"
Vinho verde branco alvarinho,Qm,Garrafa de 0.75 l,"1,99 €","2,65 €/L"
Xarope morango,Paquito,Garrafa de 750 ml,"3,54 €","3,54 €/L"
Molho iogurte,PorSi,Garrafa de 285 ml,"0,70 €","2,33 €/Kg"
Couve flor,PorSi,Embalagem de 750 kg,"0,74 €","1,85 €/Kg"
Patê figado de porco,La piara,Embalagem de 80g,"1,19 €","13,52 €/Kg"
"Lava tudo, vinagre",Cif,"Garrafa de 1,4 l","0,99 €","0,50 €/L"
Resguardo de colchão impermeável,PorSi,40 x 80 cm,"4,99 €","4,99 €/Unidade"
Limpa fornos,PorSi,500 ml,"1,29 €","1,72 €/L"
Batata frita palha,Pala-pala,Embalagem de 250g,"0,87 €","5,44 €/Kg"
"Chocolate m&m s, bag amendoim",M&m' s,Embalagem de 100 g,"1,39 €","19,86 €/Kg"
Choco limpo 10/30,Pescanova,Embalagem de 500g,"5,49 €","6,86 €/Kg"
Atum filete azeite biológico,Tenorio,Embalagem de 120g,"0,89 €","7,42 €/Kg"
Iogurte oikos natural,Danone,Embalagem de 4 x 110g,"1,49 €","2,98 €/Kg"
"Toalhitas limpa móveis, 25 unidades",Pronto,1 embalagem,"1,79 €","1,79 €/Unidade"
Creme de amendoim cremoso 340g,Skippy,Embalagem de 340g,"4,19 €","12,32 €/Kg"
"Patê de sardinha,atum e salmão",PorSi,Embalagem de 4 x 22 g,"1,19 €","13,52 €/Kg"
Bebida aveia,Alpro,Embalagem de 1 litro,"2,59 €","2,59 €/L"
Vinho doc alentejo tinto,Albarrada,Garrafa de 750 ml,"5,99 €","7,99 €/L"
Saca-rolhas premium,PorSi,Embalagem de 1 unidades,"5,40 €","5,40 €/Unidade"
"Escargots recheio de manteiga, salsa e alho",PorSi Select,89 g,"3,99 €","11,40 €/Kg"
Sacos do lixo jardim 130 litros,PorSi,10 sacos,"1,79 €","1,79 €/Unidade"
Massa macarronete riscado,PorSi,Embalagem de 500g,"0,89 €","1,78 €/Kg"
Creme de soja cacau e avelã,Valsoia,Embalagem de 400g,"4,99 €","12,48 €/Kg"
Café solúvel c/ cafeína,Delta,Embalagem de 100g,"14,50 €/Kg","14,50 €/Kg"
Manteiga de amendoim cremosa,Prozis,Embalagem de 500g,"4,19 €","12,32 €/Kg"
Óleo alimentar,Vêgê,Embalagem de 1 l,"3,59 €","3,59 €/L"
Papaia em calda,Globo,Embalagem de 425g,"1,99 €","2,37 €/Kg"
Double espresso go chill,Delta,Garrafa de 230 ml,"15,92 €/Kg","15,92 €/Kg"
Favas ultracongeladas,PorSi,Embalagem de 400g,"0,74 €","1,85 €/Kg"
Tampões Compak Pearl Super Com Aplicador,Tampax,16 unidades,"3,99 €","3,99 €/Unidade"
Polvilho azedo,PorSi,Embalagem de 500g,"2,29 €","4,58 €/Kg"
Queijo flamengo em fatias,Terra Nostra,Embalagem de 200g,"1,56 €","7,80 €/Kg"
Chispalhada com feijão,Nobre,Embalagem de 420g,"2,35 €","5,60 €/Kg"
Infusão nº 6 sem barriga,Cemporcent,Embalagem de 10 unidades,"0,99 €","76,15 €/Kg"
Senses Watermelon,Trident,1 un.,"0,89 €","59,33 €/Kg"
Leite uht gordo com rosca,PorSi,Embalagem de 1 litro,"0,94 €","0,94 €/L"
Red Fish Grande,Peixe Congelado,1 un = 500 gr (aprox.),"2,99 €","4,99 €/Kg"
Manteiga c/ sal,Mimosa,Embalagem de 250g,"1,69 €","6,76 €/Kg"
"Baton, soft rosa",Labello,Embalagem de 5 g,"0,58 €","0,58 €/Unidade"
Porto ruby,Ferreira,Garrafa de 750 ml,"6,49 €","8,65 €/L"
10 croquetes de carne,PorSi,Embalagem de 300 g,"1,79 €","7,16 €/Kg"
Pipocas coloridas,Orcape,Embalagem de 100g,"0,89 €","8,90 €/Kg"
Máscara tesouros de mel,Garnier,Embalagem de 300 ml,"1,06 €","5,30 €/L"
Panado de espinafres e queijo vegetariano,Garden Gourmet,Embalagem de 180g,"9,30 €/Kg","9,30 €/Kg"
Pudim de caramelo,Boca Doce,Embalagem de 20g,"0,59 €","29,50 €/Kg"
8 fantasias do mar,PorSi,Embalagem de 250g,"1,79 €","7,16 €/Kg"
Batata frita churrasco,PorSi,Embalagem de 185 g,"1,19 €","6,43 €/Kg"
12 Caldos de carne,PorSi,Embalagem de 127 g,"3,84 €","24,00 €/Kg"
Porto special reserva,Q.harris,Garrafa de 750 ml,"11,49 €","15,32 €/L"
Queijo ovelha curado amanteigado,Seia,Embalagem de 250g,"15,96 €/Kg","15,96 €/Kg"
Elixir bocal dentes e gengivas,Listerine,Embalagem de 1 l,"6,99 €","13,98 €/L"
Limpador,Pronto,Embalagem de 750 ml,"0,94 €","0,94 €/L"
Malga de Barro p/ Caldo Verde,Gratta,,"2,49 €","2,49 €/Unidade"
Iogurte mix-in smarties morango,Nestle,Embalagem de 2 x 128 g,"1,05 €","1,86 €/L"
"Ambientador spray, aerosol, exotic",Glade,Embalagem de 300 ml,"6,99 €","27,96 €/L"
Refrigerante c/ gás zero,Coca-Cola,pack 4 x 1 l,"0,79 €","0,40 €/L"
Manteiga com sal,Milhafre,Embalagem de 250g,"1,69 €","6,76 €/Kg"
Salame fat,Campofrio,Embalagem de 80g,"3,29 €","21,93 €/Kg"
Néctar light de manga/laranja,Compal,Pack 3 x 200 ml,"0,89 €","2,70 €/L"
Bolacha de manteiga belga original,Saborosa,Embalagem de 220g,"1,69 €","6,76 €/Kg"
"Vinagre balsâmico, spray",Paladin,Garrafa de 250 ml,"0,35 €","0,70 €/L"
Bebida de soja e chocolate,PorSi Viva Bem,Embalagem de 1 l,"2,59 €","2,59 €/L"
"Luvas multiusos relevo antiderrapante, tamanho médio",PorSi,Embalagem de 1 unidades,"0,69 €","0,69 €/Unidade"
Danacol morango,Danone,Embalagem de 6 x 100 g,"4,15 €/Kg","4,15 €/Kg"
Bloco Sanitário Sólido Poder Activo Pinho,Sonasol,Embalagem de 2x50 g,"2,99 €","74,75 €/Kg"
"Coloração permanente, castanho dourado, nº43",Nutrisse,1 unidade,"9,49 €/Unidade","9,49 €/Unidade"
Baguete,*,400 g,"0,19 €","2,38 €/Kg"
Cereais corn flakes s/ glúten chocolate,Nestle,Embalagem de 380g,"2,99 €","7,97 €/Kg"
Creme depilatório para peles sensíveis,Labell,Embalagem de 200 ml,"3,99 €","19,95 €/L"
Gelatina melancia 10kcal 31g,Royal,Embalagem de 30g,"0,55 €","61,11 €/Kg"
Abanico de palha com cabo,Larmil,1 unidade,"0,75 €","0,75 €/Unidade"
Azeite Subtil,Gallo,Garrafa de 750 ml,"3,19 €","4,25 €/L"
Sumo 100% pêssego e uva,PorSi,Pack 3 x 200 ml,"1,09 €","0,73 €/L"
"Esfregona, algodão, completa",PorSi,1 unidade,"0,89 €","0,89 €/Unidade"
Requeijão de vaca,PorSi,Embalagem de 200 g,"1,09 €","5,45 €/Kg"
12 Macarons Sortidos,PorSi Select,Embalagem de 144 g,"2,65 €","8,28 €/Kg"
Gelado cornetto mini clássico,Olá,Embalagem de 8 x 60 ml,"5,99 €","17,11 €/L"
Pai Natal de Chocolate,PorSi,Embalagem de 125 g,"1,99 €","2,12 €/Kg"
Soja grossa,Cemporcent,Embalagem de 400g,"2,09 €","8,36 €/Kg"
Sabao rosa e branco,PorSi,Embalagem de 400g,"1,09 €","2,73 €/Kg"
Queijo edam light fatias,PorSi Viva Bem,Embalagem de 150g,"2,49 €","20,75 €/Kg"
Yofu com pedaços de morango,Alpro,Embalagem de 4x125 g,"3,39 €","6,78 €/Kg"
Leite uht sem lactose magro,PorSi Viva Bem,1 litro,"2,19 €","2,19 €/L"
Vinho Verde Loureiro Branco,Aveleda,Garrafa de 0.75 l,"1,99 €","2,65 €/L"
Perolas perfumadas fresh,PorSi,Embalagem de 275 g,"29,99 €","7,06 €/L"
Creme vegetal sabor manteiga,PorSi,Embalagem de 500 g,"1,39 €","6,95 €/L"
Café torrado e moído 16 pastilhas,Sical,Embalagem de 104g,"2,79 €","19,93 €/Kg"
Iogurte liquido proteína yopro baunilha/cookies,Yopro,300 g,"5,97 €/Kg","5,97 €/Kg"
Vinagre de vinho tinto,PorSi,Garrafa de 500 ml,"0,35 €","0,70 €/L"
Aguardente,Alma pura,Garrafa de 0.70 l,"11,99 €","17,13 €/L"
"Queijo prato, metades",Alavao,Embalagem de 500g,"6,99 €","13,98 €/Kg"
Cocktail de marisco,PorSi,Embalagem de 400 g,"2,19 €","8,59 €/Kg"
Toalhitas multiusos limão,PorSi,Embalagem de 80 unidades,"1,79 €","1,79 €/Unidade"
Tomate frito,Heinz,Embalagem de 350g,"3,84 €","24,00 €/Kg"
"Inseticída, vaporizador, extra gt",Biokill,Garrafa de 380 ml,"4,79 €","11,98 €/L"
Queijo ralado mix 3 queijos,PorSi,Embalagem de 200 g,"1,49 €","7,45 €/Kg"
Vinho tinto bag-in-box,Capataz,Embalagem de 5 l,"5,19 €","1,04 €/L"
Arroz carolino malandrinho,Malandrinh,Embalagem de 1 kg,"0,99 €","0,99 €/Kg"
Puzzle Canal Panda,Olivo,60 peças,"11,99 €","11,99 €/Unidade"
Xarope de groselha,Xarão,Garrafa de 1 l,"3,54 €","3,54 €/L"
Queijo curado pequeno,Casteloes,Embalagem de 500g,"0,89 €","25,43 €/Kg"
Fralda cueca T4 - 8 a 14 kg,PorSi,22 unidades,"8,99 €","8,99 €/Unidade"
"Postas pescada nº3, para fritar",PorSi,Embalagem de 600 g,"4,39 €","10,98 €/Kg"
"Pimenta preta, moída, em frasco",PorSi,Embalagem de 43 g,"0,25 €","0,25 €/Kg"
Refresco pó laranja,PorSi,Embalagem de 40g,"0,75 €","18,75 €/Kg"
Leite condensado cozido,Nestle,Embalagem de 400g,"1,09 €","2,75 €/Kg"
Snack dentastix grande,Pedigree,Embalagem de 270 g,"4,39 €","16,26 €/Kg"
2 Ligaduras elásticas,PorSi,4m x 6 cm,"2,99 €","2,99 €/Unidade"
Pães de leite redondos,s. tomé,Embalagem de 300 g,"2,59 €","7,40 €/Kg"
Jardineira,PorSi,Embalagem de 750 g,"0,74 €","1,85 €/Kg"
Gran cruz rosé porto cruz pink,Cruz,Garrafa de 750 ml,"8,49 €","11,32 €/L"
"Inseticida max, concentrado sensitive",Dum Dum,Garrafa de 400 ml,"4,79 €","11,98 €/L"
Peito peru forno lenha fatias finas,Campofrio,Embalagem de 120g,"2,25 €","11,25 €/Kg"
Ambientador auto pinho,PorSi,1 unidade,"1,09 €","1,09 €/Unidade"
Tremoço médio,PorSi,Embalagem de 350 g,"1,79 €","2,29 €/Kg"
Cápsulas de café qharacter,Delta Q,Embalagem de 60g,"2,79 €","19,93 €/Kg"
Gelatina mirtilo 10kcal 31g,Royal,Embalagem de 30g,"0,55 €","61,11 €/Kg"
Queijo flamengo 0% lactose,PorSi Viva Bem,Embalagem de 150 g,"0,99 €","1,98 €/Kg"
Gin London Dry,Gordons,Garrafa de 1 l,"19,79 €","19,79 €/L"
Vinagre de sidra,Cristal,Garrafa de 500 ml,"0,35 €","0,70 €/L"
Macarron Framboesa,Dulcesol,Embalagem de 80G,"2,82 €","9,40 €/Kg"
Creme vitalift 5,Men expert,Embalagem de 50 ml,"14,99 €","299,80 €/L"
"Croissants, 8 unidades,",Pasquier,Embalagem de 320 g,"2,05 €","5,13 €/Kg"
Vinho tinto alentejo,Loios,Garrafa de 750 ml,"5,99 €","7,99 €/L"
Sumo florida,Sunny d,"Embalagem de 0,31 l","3,99 €","3,99 €/L"
Néctar clássico tutti-frutti,Compal,Embalagem de 1 l,"0,99 €","0,99 €/L"
Queijo mozzarella mini bolas,PorSi,Embalagem 125G,"1,79 €","14,32 €/Kg"
Cebola picada,PorSi,Embalagem de 400 g,"0,74 €","1,85 €/Kg"
Água com gás,Castello,24 x 25 cl,"2,85 €","2,85 €/L"
Batata frita lisas originais,Lay's,Embalagem de 160g,"1,06 €","5,73 €/Kg"
Coxinhas de frango,PorSi,Embalagem de 360g,"7,99 €","7,99 €/Kg"
Batatas fritas lisas originais,Lay's,Embalagem de 282g,"1,06 €","5,73 €/Kg"
Mistura para aves,Rac.zezere,Embalagem de 5 kg,"4,19 €","0,84 €/Kg"
Loção corporal,Nivea,Embalagem de 400 ml,"12,48 €/L","12,48 €/L"
Sopa de feijão verde,*,Vendido ao peso,"1,19 €","2,98 €/Kg"
Spaghetti a bolonhesa 350g,Tuttipasta,Embalagem de 350g,"2,16 €","6,17 €/Kg"
Alimento húmido para cão borrego,Pedigree,Embalagem de 300g,"0,75 €","2,50 €/Kg"
Saqueta de puré de fruta | maçã + pêssego + banana +...,PorSi,90 g,"0,74 €","8,22 €/Kg"
Néctar frutos vermelhos,PorSi,Embalagem de 200 ml,"0,99 €","0,99 €/L"
Vinho branco tejo,Alorna,Garrafa de 750 ml,"5,99 €","7,99 €/L"
Costeletas do Cachaço,Porco,Vendido ao peso a partir de 1 kg,"1,12 €","4,49 €/Kg"
Bolachas com cobertura de chocolate,PorSi,Embalagem de 150g,"0,79 €","5,27 €/Kg"
Cevada torrada moída,PorSi,Embalagem de 250 g,"0,99 €","3,96 €/Kg"
Folhado de pizza,*,110 g,"0,65 €","0,65 €/Unidade"
10 Hambúrgueres de porco,PorSi,Embalagem de 600g,"2,79 €","8,72 €/Kg"
Cafe pastilhas 20x7g,PorSi,Embalagem de 140g,"2,79 €","19,93 €/Kg"
Tábua de queijos mistura,Santiago,Embalagem de 270g,"6,49 €","25,45 €/Kg"
Cuecas de incontinência Plus G,Ausonia,Uma embalagem - 8Unidades,"9,99 €","9,99 €/Unidade"
Bolachas com cobertura de chocolate de leite,Oreo,Embalagem de 250g,"0,79 €","4,49 €/Kg"
Porto branco,Valadao,Garrafa de 750 ml,"6,65 €/L","6,65 €/L"
Pera conference categoria: II,*,Vendido ao peso a partir de 300 g,"0,23 €","1,79 €/Kg"
Infusão de camomila,Tetley,Embalagem de 10g,"85,00 €/Kg","85,00 €/Kg"
Limpa carpetes,PorSi,Embalagem de 1 litro,"1,79 €","2,39 €/L"
Reparador de móveis escuro,Pronto,Embalagem de 100 ml,"5,49 €","54,90 €/L"
Sangria tinta,PorSi,Garrafa de 1.5 litros,"2,39 €","1,59 €/L"
Noodle banzai galinha,Cigala,Embalagem de 70g,"0,89 €","1,78 €/Kg"
Arroz agulha América do Sul,PorSi,Embalagem de 1 kg,"0,99 €","0,99 €/Kg"
"Carregador, 6 lâminas, 4 recargas",Labell Men,1 embalagem,"1,49 €","5,96 €/L"
Bolachas mini chips ahoy,Ca!,Embalagem de 160g,"0,90 €","6,00 €/Kg"
Topping de morango,Winsenia,Embalagem de 300g,"1,29 €","3,23 €/Kg"
Cerveja sagres,Sagres,20 x 0.25 l,"1,99 €/L","1,99 €/L"
"Vinho Alentejo, Private Collection, Tinto",Selecção de Enófilos,Garrafa de 0.75 l,"8,59 €","11,45 €/L"
"Alimento húmido para gato júnior, carne",Whiskas,Embalagem de 400g,"3,59 €","2,99 €/Kg"
Granola aveia fitness mel,Nestle,Embalagem de 300g,"3,59 €","27,83 €/Kg"
La Croix Rosé,Peyrassol,0.75 litros,"7,99 €","10,65 €/L"
Ice tea limão,Lipton,Embalagem de 1L,"1,14 €","0,76 €/L"
Pensos Higiénicos Cottonlike Normal Abas,Evax,embalagem de 16 unidades,"4,99 €","4,99 €/Unidade"
Champô para mulher reparação intensiva,Linic,Embalagem de 400 ml,"5,59 €","13,98 €/L"
Mel em frasco de vidro,PorSi,Embalagem de 250g,"4,89 €","9,78 €/Kg"
Ambientador vela frutos vermelhos,PorSi,1 unidade,"2,53 €","2,53 €/Unidade"
Iogurte natural sem açúcares adicionados,Yogolino,Embalagem de 400g,"1,05 €","1,86 €/L"
28 mini bolinhas bacalhau,PorSi,Embalagem de 300 g,"1,79 €","7,16 €/Kg"
Halls Mini Mints Melancia,Halls,12.5 g,"1,00 €","5,00 €/Kg"
Água s/ gás limão,Luso,Garrafa de 1 l,"1,04 €","0,17 €/L"
Creme para calçado castanho,PorSi,50 ml,"0,99 €","19,80 €/L"
Shampo repelente p/ cão,Repul' 7,Garrafa de 200 ml,"11,98 €","59,90 €/L"
Refrigerante C/ Gás Zero,Coca-Cola,Garrafa de 1 l,"0,79 €","0,40 €/L"
Filetes de atum dos Açores em azeite c/ orégãos,PorSi Select,190 g,"0,89 €","7,42 €/Kg"
Papa infantil láctea banana laranja +6 meses,Cerelac,Embalagem de 250g,"4,49 €","4,49 €/Kg"
"Vinho Douro, Private Collection, Tinto",Selecção de Enófilos,Garrafa de 0.75 l,"8,59 €","11,45 €/L"
Iogurte pedaços morango,PorSi,Embalagem de 4x125g,"4,36 €","2,18 €/Kg"
Arroz estufado,Caçarola,Embalagem de 1 kg,"0,99 €","0,99 €/Kg"
Gressinos com azeite,PorSi,Embalagem de 250g,"2,39 €","6,83 €/Kg"
Lençol ajustável 60x120 cm,PorSi,1 unidade,"4,99 €","4,99 €/Unidade"
Ambientador gel marinho,PorSi,150 g,"16,63 €/L","16,63 €/L"
Pêssego em calda metades,PorSi,Lata com 840 g,"1,99 €","2,37 €/Kg"
Queijo ovelha com pimentão,H.da maia,Embalagem de 200g,"15,96 €/Kg","15,96 €/Kg"
Coxinhas de frango,PorSi,Embalagem de 360g,"9,30 €/Kg","9,30 €/Kg"
Vinho doc dão tinto,Santar,Garrafa de 0.75 l,"3,99 €","5,32 €/L"
Goiabada,PorSi,600 g,"1,09 €","2,42 €/Kg"
Vinho branco alentejo,Loios,Garrafa de 750 ml,"5,99 €","7,99 €/L"
Queijo Fondue,Páturages,Embalagem de 400g,"3,68 €","13,14 €/Kg"
Leite c/ Chocolate Bem Especial 0% lactose,Mimosa,pack 4 x 200 ml,"0,26 €","1,30 €/L"
Doce framboesa e romã,ST.DALFOUR,Frasco de 284g,"2,19 €","9,95 €/Kg"
6 cheeseburgers,PorSi,Embalagem de 750g,"2,79 €","8,72 €/Kg"
Fermento de padeiro,Vahine,Embalagem de 20g,"1,89 €","17,18 €/Kg"
Bolachas chiquilin ositos de mel,Artiach,Embalagem de 160g,"1,89 €","15,75 €/Kg"
Macarron Limão,Dulcesol,Embalagem de 80G,"2,82 €","9,40 €/Kg"
Rebuçados mel e limão,Halls,Embalagem de 32 g,"0,77 €","3,85 €/Kg"
Framboesas 100% Naturais,PorSi,Embalagem de 750 g,"3,29 €","4,39 €/Kg"
"Escova dentífrica infantil, minions, + 6 anos",Colgate,1 + 1 unidade grátis,"1,49 €","1,49 €/Unidade"
Vinho tinto cotes du rhone,Expert Club,Garrafa de 75 cl,"7,99 €","10,65 €/L"
Champô oil nutritive,Gliss,Embalagem de 250 ml,"5,59 €","13,98 €/L"
Leite c/ cacau original,Cacaolat,Garrafa de 1 l,"0,26 €","1,30 €/L"
Bolachas,Oreo,Embalagem de 220g,"0,79 €","4,49 €/Kg"
"Vela em número,  nº 0",PorSi,1 unidade,"0,59 €","0,59 €/Unidade"
Nestum zero arroz,Nestum,Embalagem de 250 g,"4,49 €","4,49 €/Kg"
Reparador de móveis escuro,PorSi,Embalagem de 200 ml,"5,49 €","54,90 €/L"
Pasta dentífrica Herbal,Aquafresh,Embalagem de 75ml,"2,39 €","31,87 €/L"
Amaciador Roupa Chá Branco & Peônia,Vernel,76 doses,"3,99 €","3,99 €/Unidade"
Fuet extra,PorSi,170 g,"1,22 €","6,78 €/Kg"
Manga térmica para garrafas,Jomafe,Dim.: 19x13 cm,"5,40 €","5,40 €/Unidade"
Formas de alumínio 950 ml,PorSi,5 unidades,"1,39 €","1,39 €/Unidade"
Creme vegetal p/ barrar reduz colesterol,PorSi Viva Bem,250 g,"1,39 €","6,95 €/L"
Esfregona de Microfibras Completa,PorSi,1 unidade,"0,89 €","0,89 €/Unidade"
Massa cuscus,Nacional,Embalagem de 250g,"0,89 €","1,78 €/Kg"
Canja de galinha económica,Knorr,Embalagem de 60g,"0,84 €","13,55 €/Kg"
"Pandorino cacau, 4 unidades",Dulcesol,Embalagem de 240g,"2,05 €","5,13 €/Kg"
Vinho doc douro tinto,Papa Figos,Garrafa de 0.75 l,"7,99 €","10,65 €/L"
Chalotas,Legumes do Dia,embalagem de 250 g (aprox.),"1,59 €","6,36 €/Kg"
Rolls 6 unidades,Bimbo,Embalagem de 340g,"0,89 €","1,78 €/Kg"
Tampão Normal,O.B.,1 Embalagem c/32 unidades,"3,99 €","3,99 €/Unidade"
Batata frita de presunto,PorSi,Embalagem de 185 g,"1,19 €","6,43 €/Kg"
Batata frita ondulada wavy,PorSi,Embalagem de 185 g,"1,06 €","5,73 €/Kg"
Guardanapos brancos 30x30 cm,PorSi,Embalagem com 100 unidades,"1,29 €","1,29 €/Unidade"
Vinho tinto,Alandra,Garrafa de 750 ml,"1,59 €","2,12 €/L"
Pudim flan zero açúcares adicionados,El mandari,Embalagem de 30g,"0,59 €","29,50 €/Kg"
"Detergente manual de loiça, ultra limão",PorSi,Embalagem de 500 ml,"0,99 €","1,98 €/L"
Rebuçados fruta,PorSi,Embalagem de 250g,"1,00 €","5,00 €/Kg"
Paté de sardinha,PorSi,Embalagem de 4 x 22 g,"1,19 €","13,52 €/Kg"
Arroz agulha,B.sucesso,Embalagem de 1 kg,"0,99 €","0,99 €/Kg"
Almôndegas bolonhesa,Iglo,Embalagem de 400g,"7,99 €","7,99 €/Kg"
Chá verde,PorSi,Embalagem de 37.5 g,"85,00 €/Kg","85,00 €/Kg"
Paloco desfiado,PorSi,Embalagem de 500 g,"4,39 €","10,98 €/Kg"
Massa macarronete riscado,Milaneza,Embalagem de 500g,"0,89 €","1,78 €/Kg"
8 rissóis de carne,PorSi,Embalagem de 300g,"1,79 €","7,16 €/Kg"
Pensos para picadas de insetos,PorSi,10 unidades,"2,99 €","2,99 €/Unidade"
Mão de vaca com grão,Nobre,Embalagem de 420 g,"2,35 €","5,60 €/Kg"
"Azeitona Maçanilha retalhada com azeite, alho e orég...",PorSi,Vendido ao peso a partir de 500 g,"1,32 €","6,29 €/Kg"
Elíxir Mentol,Listerine,Embalagem de 500 ml + 250 ml,"6,99 €","13,98 €/L"
Biscoitos canudinho recheio cacau,PorSi,Embalagem de 300g,"2,82 €","9,40 €/Kg"
Queijo de ovelha curado amanteigado,Seia,Embalagem de 500g,"15,96 €/Kg","15,96 €/Kg"
Ice tea pessêgo,Lipton,pack 6 x 0.25 l,"1,14 €","0,76 €/L"
Guardanapos de 1 folha azuis | dim.: 30 x 29 cm,PorSi,Embalagem com 70 unidades,"1,29 €","1,29 €/Unidade"
Salsicha p/Churrasco Picante,Carne Sorraia,1 Embalagem 360G,"2,09 €","9,95 €/Kg"
Mistura de cogumelos,PorSi,Embalagem de 400g,"0,74 €","1,85 €/Kg"
Saqueta de puré de fruta | maçã + banana,PorSi,90 g,"0,74 €","8,22 €/Kg"
Cocktail de marisco,PorSi,Embalagem de 400 g,"1,79 €","7,16 €/Kg"
Lixivia perfume fresco,Neoblanc,Embalagem de 2 l,"2,59 €","1,30 €/L"
Moscatel de setúbal,Alambre,"Garrafa de 0,75L","6,49 €","8,65 €/L"
"Cerveja sem álcool, tara perdida",Super Bock,Pack 6 X 0.33 L,"5,99 €","3,03 €/L"
Tábua de queijos clássicos,Santiago,Embalagem de 270g,"6,49 €","25,45 €/Kg"
Comida húmida cão -10kg controlo peso peru/cenoura |...,Purina One,4x100 g,"0,75 €","2,50 €/Kg"
Chocolate culinário,Pantagruel,Embalagem de 200g,"1,04 €","8,32 €/Kg"
Rolo tira pelos 12 folhas,PorSi,1 unidade,"1,19 €","1,19 €/Unidade"
"Cerveja com álcool, tara perdida",Kings Bräu,pack 24 x 0.25 l,"1,99 €/L","1,99 €/L"
Infusão camomila,Cemporcent,Embalagem de 10 unidades,"0,99 €","76,15 €/Kg"
Tablete de chocolate de leite,Toblerone,Embalagem de 100g,"5,30 €/Kg","5,30 €/Kg"
Tira nódoas em spray,Skip,Embalagem de 500 ml,"5,99 €","11,98 €/L"
Grão de bico,PorSi,Embalagem de 420g,"1,79 €","2,29 €/Kg"
Pó baratas e formigas,Baygon,Embalagem de 250 g,"4,99 €","19,96 €/Kg"
"Vela em número, nº 6",PorSi,1 unidade,"0,59 €","0,59 €/Unidade"
Adoçante c/ doseador,Canderel,Embalagem de 10g,"6,21 €","6,21 €/Unidade"
Rebuçados mini café,PorSi,Embalagem de 200g,"1,15 €","4,60 €/Kg"
Refrigerante de lima-limão,Seven-up,Pack 4 x 1.25 l,"0,79 €","0,40 €/L"
Mariscada,PorSi,Embalagem de 800g,"1,79 €","7,16 €/Kg"
Arroz de pato,PorSi,Embalagem de 250 g,"2,35 €","5,60 €/Kg"
Molho de alho,Calve,Embalagem de 260g,"0,70 €","2,33 €/Kg"
Vinho tinto,Adega grande,Garrafa de 75 cl,"1,59 €","2,12 €/L"
Inseticida baratas e formigas,Dum Dum,Embalagem de 400 ml,"4,79 €","11,98 €/L"
Cerveja com álcool,Sagres,Lata de 500ml,"1,99 €/L","1,99 €/L"
Chocolate negro 85 % cacau,Cemporcent,Embalagem de 100g,"2,99 €","23,92 €/Kg"
"Leite bem essencial, morango",Mimosa,Embalagem de 200 ml,"1,99 €","2,49 €/L"
Alho picado,Margao,Embalagem de 60g,"0,25 €","0,25 €/Kg"
Nuggets de frango,PorSi,Embalagem de 360 g,"9,30 €/Kg","9,30 €/Kg"
Bolos cake e chococolate,Milka,Embalagem de 180g,"2,15 €","2,87 €/Kg"
Batata pré-frita tradition,MCCAIN,Embalagem de 1 kg,"1,39 €","1,39 €/Kg"
Liquido brilhante sapato preto,PorSi,75 ml,"0,99 €","330,00 €/Kg"
Gomas tropifrutti,Haribo,Embalagem de 100g,"1,19 €","3,97 €/Kg"
Café 5 estrelas moído tradição,Sical,Embalagem de 250g,"9,76 €/Kg","9,76 €/Kg"
Gomas funky mix,Haribo,Embalagem de 100g,"1,19 €","3,97 €/Kg"
"Limpa vidros cristal, pistola",PorSi,Embalagem de 1 l,"0,89 €","0,89 €/L"
Café em cápsulas aqtivus,Delta Q,Embalagem de 55 g,"2,79 €","19,93 €/Kg"
Rebuçados drops recheio de fruta,PorSi,Embalagem de 250g,"1,00 €","5,00 €/Kg"
4 filetes de pescada panados c/ limão,Pescanova,Embalagem de 400g,"9,30 €/Kg","9,30 €/Kg"
Cabo de metal com rosca,PorSi,1.35 m,"2,20 €","2,20 €/Unidade"
Massa folhada margarina,PorSi,Embalagem de 230 g,"0,99 €","4,30 €/Kg"
Tortellini ricotta e espinafres,Rana,Embalagem de 250g,"0,99 €","4,30 €/Kg"
Laca Cabelo Criação Brilho,Tresemmé,Embalagem de 300 ml,"6,99 €","46,60 €/L"
Pasta de sardinha,Fides,Embalagem de 90g,"1,19 €","13,52 €/Kg"
Pedaços de tamboril,PorSi,Embalagem de 500G,"4,39 €","10,98 €/Kg"
Gelatina light de ananás,Condi,Embalagem de 2x15g,"0,55 €","61,11 €/Kg"
Farinheira do Ribatejo,PorSi,Embalagem de 180g,"1,49 €","7,45 €/Kg"
Creme vegetal culinário,Vaqueiro,Embalagem de 1 kg,"1,39 €","6,95 €/L"
Fruta para bebé multifrutas +4 meses,Nestle,Embalagem de 90g,"0,74 €","8,22 €/Kg"
Rolo de Cozinha Branco Eco Compacto,PorSi,2 = 6 Rolos,"3,49 €","3,49 €/Unidade"
Lava tudo marinho,Cif,"Garrafa de 1,4 l","0,99 €","0,50 €/L"
Gelado carte d'or tarte limão merengue,Olá,Embalagem de 900 ml,"3,99 €","6,14 €/L"
Vela com número 4,PorSi,1 unidade,"0,59 €","0,59 €/Unidade"
Bolachas chiquilin energy,Artiach,Embalagem de 200g,"1,69 €","6,76 €/Kg"
Fraldas agility T4 de 9 a 15 kg,PorSi,50 unidades,"6,49 €","6,49 €/Unidade"
Pudim de ananás,Boca Doce,Embalagem de 20g,"0,59 €","29,50 €/Kg"
Maionese,PorSi,Embalagem de 260 g,"0,70 €","2,33 €/Kg"
Bolacha recheada mega duo chocolate,Gullon,Embalagem de 500g,"2,15 €","2,87 €/Kg"
Barras de cereais golden grahams,Nestle,Embalagem de 150g,"1,29 €","10,24 €/Kg"
Fermento em po 4x25g,PorSi,Embalagem de 100g,"1,89 €","17,18 €/Kg"
Máquina de barbear styler 3 em 1,Gillette,1 unidade,"1,49 €","5,96 €/L"
Comida húmida para cão de frango e arroz,PorSi,Lata de 400 g,"0,75 €","2,50 €/Kg"
"Escova dentes, proteção global suave, 2 unidades",Labell,1 embalagem,"4,99 €","4,99 €/Unidade"
Fraldas Bebé Seco T3 | 6-10 Kg,Dodot,Embalagem com 62 un.,"6,49 €","6,49 €/Unidade"
"Cereais crusts, amêndoas e mel",PorSi,Embalagem de 380g,"2,29 €","6,11 €/Kg"
Manteiga com sal,Novacores,Embalagem de 250g,"1,69 €","6,76 €/Kg"
Ovos de Galinhas Criadas ao Ar Livre,PorSi,6 ovos frescos,"1,39 €","1,39 €/Unidade"
Vinagre balsâmico,PorSi,Embalagem de 250 ml,"0,35 €","0,70 €/L"
Farinha para bolos super fina,PorSi,Embalagem de 1 kg,"1,99 €","1,99 €/Kg"
Puré de batata,Maggi,Embalagem de 250g,"1,99 €","1,99 €/Kg"
Sacos lixo com alças 25 litros,PorSi,30 unidades,"1,79 €","1,79 €/Unidade"
Detergente manual roupa,PorSi,Embalagem de 650g,"1,09 €","2,73 €/Kg"
Espumante cava meio seco reserva,Freixenet,Garrafa de 750 ml,"8,49 €","11,32 €/L"
Paté Fígado Porco c/ Cogumelos,PorSi,75 g,"0,80 €","10,67 €/Kg"
Ambientador automático lavanda,PorSi,250 ml,"6,99 €","27,96 €/L"
Bolachas com duplo creme,Oreo,Embalagem de 190g,"0,79 €","4,49 €/Kg"
Vinho branco frisante,Cacho Fresco,Garrafa de 0.75 l,"2,49 €","3,32 €/L"
Whisky,Cutty Sark,Garrafa de 700 ml,"23,99 €","23,99 €/L"
"Batata frita, queijo e ervas",PorSi,Embalagem de 190g,"1,19 €","6,43 €/Kg"
Vinho tinto regional alentejano,Galitos,Garrafa de 750 ml,"5,99 €","7,99 €/L"
Chocolate negro 72% cacau,Cemporcent,Embalagem de 100g,"2,99 €","23,92 €/Kg"
Salsichas de porco tipo estrasburgo,Monique Ranou,Embalagem  de 210G,"2,09 €","9,95 €/Kg"
Ice tea de limão,PorSi,"Embalagem de 6x0,20 l","1,14 €","0,76 €/L"
Leite de pastagem magro,Terra Nostra,Embalagem de 1 litro,"0,81 €","0,81 €/L"
Manteiga sem sal,Mimosa,Embalagem de 250g,"1,69 €","6,76 €/Kg"
"Dentífrico Senses Melancia, Pepino e Menta",Aquafresh,75 ml,"2,39 €","31,87 €/L"
"Tira nódoas, spray oxi",PorSi,Embalagem de 1 l,"1,69 €","1,69 €/L"
Azeite virgem extra clássico,Gallo,Garrafa de 750 ml,"3,19 €","4,25 €/L"
Penso júnior,PorSi,20 unidades,"2,99 €","2,99 €/Unidade"
Detergente para loiça plus + limão,Super Pop,Embalagem de 1L,"0,99 €","1,98 €/L"
Sumo 100% maçã,PorSi,pack 3 x 200 ml,"1,09 €","0,73 €/L"
12 nuggets frango polme americano,Capitão Iglo,Embalagem de 220g,"7,99 €","7,99 €/Kg"
Batata pré-frita palitos finos,PorSi,Embalagem de 1 kg,"1,39 €","1,39 €/Kg"
"Fiambre extra, fatias finas",PorSi,Embalagem de 150 g,"1,39 €","6,95 €/Kg"
"Alimento seco para gato junior, galinha",Whiskas,Embalagem de 350g,"3,99 €","2,00 €/Kg"
Snack para gato crispies salmão e truta,Felix,Embalagem de 50g,"2,19 €","54,75 €/Kg"
Bolachas cacau com cereais e pepitas de chocolate,PorSi,Embalagem de 400 g,"0,90 €","6,00 €/Kg"
Amendoim com Casca,PorSi,Embalagem de 500g,"0,79 €","3,95 €/Kg"
Chuchu,Legumes do Dia,1 un = 250 gr  (aprox.),"2,49 €/Kg","2,49 €/Kg"
"Sopa gourmet, cogumelos",Knorr,Embalagem de 60g,"0,84 €","13,55 €/Kg"
Sumo 100% laranja,PorSi,Pack 3 x 200 ml,"1,09 €","0,73 €/L"
Barras cereais chocapic,Nestle,Embalagem de 150g,"1,29 €","10,24 €/Kg"
Creme abrasivo de limão,PorSi,Embalagem de 750 ml,"0,99 €","1,32 €/L"
Mistura com 20% café torrada moída,PorSi,Embalagem de 250g,"0,99 €","3,96 €/Kg"
Spray wc anticalcário,PorSi,embalagem de 750 ml,"1,79 €","2,39 €/L"
Yofu com polpa de fruta,Alpro,Embalagem de 4x125 g,"3,39 €","6,78 €/Kg"
Canela em pau,PorSi,Saqueta de 30 g,"0,25 €","0,25 €/Kg"
Concentrado maracujá mix,Sunquick,Garrafa de 580 ml,"3,54 €","3,54 €/L"
Cerveja c/ álcool mini,Super Bock,Pack 15 x 0.20 L,"1,99 €/L","1,99 €/L"
Yofu natural com amêndoa,Alpro,Embalagem de 500 gr,"3,39 €","6,78 €/Kg"
Massa de cotovelinhos,Nacional,Embalagem de 500g,"0,89 €","1,78 €/Kg"
Bacalhau espiritual,PorSi,Embalagem de 300g,"1,79 €","7,16 €/Kg"
Ambientador gel floral,PorSi,150 g,"16,63 €/L","16,63 €/L"
10 saquetas infusão de camomila,Lipton,Embalagem de 10g,"0,99 €","76,15 €/Kg"
Miolo berbigão,PorSi,Embalagem de 250g,"1,79 €","7,16 €/Kg"
Azeite virgem extra clássico,Gallo,Garrafa de 250 ml,"3,19 €","4,25 €/L"
Pasta de açúcar bege,PorSi,250 g,"1,49 €","1,49 €/Kg"
Ração migalhas para pintos,Rac.zezere,Embalagem de 5 kg,"4,19 €","0,84 €/Kg"
Açúcar mascavado,PorSi,Embalagem de 500g,"1,49 €","1,49 €/Kg"
Balão Happy New Year,Codipostal,46 cm,"1,99 €","1,99 €/Unidade"
Gengibre,Legumes do Dia,1 un = 100 gr (aprox.),"2,49 €/Kg","2,49 €/Kg"
Queijo fundido palitos,A Vaca Que Ri,Embalagem de 35g,"0,89 €","25,43 €/Kg"
Sabonete Deoprotect,Dystron,Embalagem de 80 g,"5,99 €","23,96 €/L"
Batata pré-frita rodelas para saltear,PorSi,Embalagem de 1 kg,"1,39 €","1,39 €/Kg"
Cereais all bran,Kellogg's,Embalagem de 380g,"3,59 €","27,83 €/Kg"
Trinca de arroz,PorSi,Embalagem de 1 kg,"15,69 €","3,92 €/Kg"
Queijo flamengo ralado,PorSi,Embalagem de 200G,"1,56 €","7,80 €/Kg"
Camarão selvagem de Madagáscar 60/80,*,Vendido ao peso,"2,00 €","7,99 €/Kg"
20 saquetas chá yellow label,Lipton,Embalagem de 30g,"1,09 €","54,50 €/Kg"
Tablete triple caramelo,Milka,Embalagem de 90g,"5,30 €/Kg","5,30 €/Kg"
Snack para gato crispies vaca e frango,Felix,Embalagem de 50g,"2,19 €","54,75 €/Kg"
Queijo mini,Babybel,Embalagem de 6x20 g,"2,61 €","13,05 €/Kg"
Ketchup,Calve,Embalagem de 280g,"0,70 €","2,33 €/Kg"
Azeite virgem extra dop trás-os-montes,PorSi Select,Embalagem 750 ml,"3,19 €","4,25 €/L"
Vinho doc douro tinto,Tellu's,Garrafa de 750 ml,"7,99 €","10,65 €/L"
Bolacha digestive aveia 258g,Vieira,Embalagem de 258 g,"1,49 €","2,48 €/Kg"
Pastilhas elásticas frost watermelon,Trident Max,Embalagem de 60 g,"0,89 €","59,33 €/Kg"
Café solúvel creme,Delta,Embalagem de 80 g,"14,50 €/Kg","14,50 €/Kg"
Marmelada sem conservantes,PorSi,Embalagem de 500g,"1,09 €","2,42 €/Kg"
Bebida de soja de amêndoa,Alpro,Embalagem de 1 litro,"2,59 €","2,59 €/L"
Ervilhas primavera 500g,Iglo,Embalagem de 500g,"0,74 €","1,85 €/Kg"
Bola Fiambre/ Queijo/ Bacon/ Chourição,Nutriva,,"0,65 €","0,65 €/Unidade"
Gelatina light manga e laranja,Condi,Embalagem de 2x15 g,"0,55 €","61,11 €/Kg"
Detergente Líquido Máquina Roupa Lavanda,Xau,Embalagem com 62 doses,"29,99 €","7,06 €/L"
Infusão alcachofra e dente de leão,Cemporcent,Embalagem de 10 unidades,"0,99 €","76,15 €/Kg"
10 Barrinhas salmão panadas sem glúten,Pescanova,300 g,"1,79 €","7,16 €/Kg"
Alimento lácteo cereais e bolachas maria +6 meses,Yogolino,Embalagem de 4 x 100 g,"2,89 €","7,23 €/Kg"
Snack para gato anti-hairball,Whiskas,Embalagem de 60g,"2,19 €","54,75 €/Kg"
Bolachas waffers morango,PorSi,Embalagem de 210g,"0,98 €","4,67 €/Kg"
Chili com carne,Itinéraire des Saveurs,Embalagem 300G,"2,35 €","5,60 €/Kg"
Pensos higiénicos liberty normal sem abas,Evax,Embalagem com 12 un.,"4,99 €","4,99 €/Unidade"
Atum posta em azeite,PorSi,Embalagem de 120g,"0,89 €","7,42 €/Kg"
Cerveja c/ álcool,Sagres,pack 15 x 0.33 l,"1,99 €/L","1,99 €/L"
Toalhita auto bronzeadora,Ambre Solaire,1 unidade,"12,99 €","64,95 €/L"
Nuggets de frango grelhadinho,Capitão Iglo,Embalagem de 200g,"9,30 €/Kg","9,30 €/Kg"
Infusão de frutos vermelhos,Tetley,Embalagem de 20g,"71,88 €/Kg","71,88 €/Kg"
Amaciador concentrado para roupa aloé vera,PorSi,80 doses,"3,99 €","3,99 €/Unidade"
Iogurte morango 000%,PorSi Viva Bem,Embalagem de 4 x 125 g,"4,36 €","2,18 €/Kg"
Pasta de açúcar branco,PorSi,250 g,"1,49 €","1,49 €/Kg"
Rúcula Selvagem Programa Origens,PorSi,Embalagem de 100g,"0,95 €","9,50 €/Kg"
Bolo de chocolate brownie,Milka,Embalagem de 150g,"1,69 €","8,45 €/L"
Spray tira nódoas,A+,Embalagem de 750 ml,"5,99 €","11,98 €/L"
Vinho doc alentejo tinto,T.bolotas,Garrafa de 0.75 l,"5,99 €","7,99 €/L"
Leite Reparador Tesouros de Mel,Ultra Suave,Embalagem de 400 ml,"12,48 €/L","12,48 €/L"
Bambolitos pretos,PorSi,Embalagem de 150g,"0,79 €","5,27 €/Kg"
Leite desmaquilhante para peles secas,Labell,Embalagem de 250 ml,"1,15 €","4,60 €/L"
Piscina morango,Bestway,Dim.: 160 x 38 cm,"3,99 €","3,99 €/Unidade"
Pizza hawai,PorSi,Embalagem de 350g,"2,16 €","6,17 €/Kg"
Aperitivos  fritos,Fritos,Embalagem 130G,"0,89 €","8,90 €/Kg"
Café moagem normal: intenso,Buondi,Embalagem de 220g,"9,76 €/Kg","9,76 €/Kg"
Fruta para bebé 4 frutas +4 meses,Nestle,Embalagem de 90g,"0,74 €","8,22 €/Kg"
Atum posta em azeite,Bom petisc,Embalagem de 120 g,"0,89 €","7,42 €/Kg"
Refeição Bio Puré de Ervilhas c/ batata e frango,Gerber,Embalagem de 190g,"1,89 €","9,95 €/Kg"
Esponja limpa camurça,PorSi,1 unidade,"2,89 €","14,45 €/L"
Favas ultracongeladas,PorSi,Embalagem de 1 kg,"0,74 €","1,85 €/Kg"
Lava tudo antibacteriano marinho,PorSi,Garrafa de 1.5 l,"0,99 €","0,50 €/L"
Máquina de barbear descartável,Gillette,Embalagem com 4+1 unidades,"1,49 €","5,96 €/L"
Abrasivo sanitário gel citrinos,PorSi,embalagem de 1 litro,"0,99 €","1,32 €/L"
Café dak lak vietnam moagem universal,Sical,Embalagem de 220g,"9,76 €/Kg","9,76 €/Kg"
"Queijo light, 8 porções",A Vaca Que Ri,Embalagem de 140 g,"2,49 €","20,75 €/Kg"
Esparregado de espinafres sem lactose,PorSi Viva Bem,Embalagem de 360 g,"3,99 €","11,40 €/Kg"
Cogumelos inteiros,PorSi,Embalagem de 355 g,"1,79 €","2,29 €/Kg"
Cereais fitness e fruits,Nestle,Embalagem de 380g,"3,59 €","27,83 €/Kg"
"Batata frita, multipack",Ruffles,Embalagem de 180g,"1,06 €","5,73 €/Kg"
Cereais fitness,Nestle,Embalagem de 380g,"3,59 €","27,83 €/Kg"
Biscottina com alho e salsa,RUSTICA,Embalagem de 100 g,"2,39 €","6,83 €/Kg"
Caramelos de fruta,Penha,Embalagem de 250 g,"1,10 €","4,40 €/Kg"
Spray lixívia e higiene,Cillitbang,Garrafa de 500 ml,"1,19 €","0,79 €/L"
Fio dentario 50m,Colgate,1 unidade,"3,99 €","3,99 €/Unidade"
Fósforos cozinha,Quinas,Embalagem com 4 caixas por unidade,"1,29 €","1,29 €/Unidade"
Queijo limiano amanteigado vaca e ovelha sem casca o...,Limiano,Embalagem de 450g,"6,49 €","25,45 €/Kg"
Feijão encarnado em frasco,PorSi,frasco de 540 g,"1,79 €","2,29 €/Kg"
Desumidificador e Ambientador Mini,HUMYDRY,embalagem de 75g,"3,19 €","7,09 €/Kg"
Fruta para bebé maçã banana +4 meses,Nestle,Embalagem de 4 x 100 g,"0,74 €","8,22 €/Kg"
Miolo de amêndoa sem pele inteira,PorSi,200 g,"0,79 €","3,95 €/Kg"
Fígado,Porco,Vendido ao peso a partir de 1 kg,"0,50 €","4,99 €/Kg"
Gelatina ananás 8 kcal,PorSi,Embalagem de 4 x 100 g,"0,85 €","2,13 €/Kg"
Vinho do porto white,Cruz,Garrafa de 750 ml,"6,65 €/L","6,65 €/L"
Néctar de laranja e cenoura light,PorSi,Embalagem de 3 x 200 ml,"0,89 €","2,70 €/L"
Refrigerante c/ gás,Coca-Cola,pack 6 x 0.33 l,"0,79 €","0,40 €/L"
Lava Tudo Perfumado Herbal,PorSi,Embalagem de 2 l,"0,99 €","0,50 €/L"
Bebida de soja com cálcio,PorSi Viva Bem,Embalagem de 1 litro,"2,59 €","2,59 €/L"
Queijinho petit nesquik,Nestle,Embalagem de 6 x 60 g,"1,05 €","1,86 €/L"
Bife do Pojadouro,Novilho,Vendido ao peso a partir de 800 g,"4,50 €","29,99 €/Kg"
Presunto fatiado 6 meses,PorSi,Embalagem de 140 g,"2,79 €","13,95 €/Kg"
Paté de cogumelos com carne e fígado de suíno,Mortier,150 g,"0,80 €","10,67 €/Kg"
Cordon bleu,Iglo,Embalagem de 200g,"4,99 €","24,95 €/Kg"
As minhas primeiras receitas - refeição esparguete c...,Nestle,Embalagem de 190g,"1,89 €","9,95 €/Kg"
Pão branco fatias sem glúten,Schar,Embalagem de 250g,"2,99 €","7,97 €/Kg"
"Croissants com recheio de cacau, 5 unidades",Dulcesol,Embalagem de 230g,"2,05 €","5,13 €/Kg"
Néctar vital equilibrio manga/laranja,Compal,Embalagem de 1 l,"0,89 €","2,70 €/L"
Saqueta de puré de fruta | maçã + manga + pêssego,PorSi,90 g,"0,74 €","8,22 €/Kg"
Tablete de chocolate culinário 70% negro,PorSi,Embalagem de 200 g,"1,04 €","8,32 €/Kg"
Cabo de madeira com rosca,PorSi,1.20 m,"2,20 €","2,20 €/Unidade"
Pensos incontinência homem,PorSi,10 unidades,"1,95 €","1,95 €/Unidade"
Ambientador vela odor cozinha,PorSi,1 unidade,"2,53 €","2,53 €/Unidade"
Areia para gato,Catsan,Embalagem com 10 litros,"1,19 €","0,24 €/Kg"
Caldo carne 16 cubos,Knorr,Embalagem de 160g,"3,84 €","24,00 €/Kg"
Leite de pastagem meio-gordo,Terra Nostra,Embalagem de 1 litro,"0,81 €","0,81 €/L"
Espinafres salteado com alho,PorSi,Embalagem de 750g,"0,74 €","1,85 €/Kg"
Arroz brajma,Cigala,Embalagem de 1 kg,"0,99 €","0,99 €/Kg"
Gel de banho nourishing,Dove,Embalagem de 500 ml,"4,99 €","9,98 €/L"
Mistura para carnes,PorSi,Embalagem de 40g,"0,25 €","0,25 €/Kg"
Resguardo de colhão impermeável,PorSi,Dim.: 80 x 120 cm,"4,99 €","4,99 €/Unidade"
Ameijoa Branca Vietnamita,Marisco Congelado,Vendido a partir de 250 gr  (aprox.),"2,00 €","7,99 €/Kg"
Danacol aveia,Danone,Embalagem de 6 x 100 g,"4,15 €/Kg","4,15 €/Kg"
Vinho verde,Via Latina,Garrafa de 750 ml,"1,99 €","2,65 €/L"
Assento topo,Nania,1 unidade,"9,99 €","9,99 €/Unidade"
Tarte de Flan,Pastelaria do Dia,embalagem com 650g,"4,29 €","6,60 €/Kg"
Bacalhau à Brás,PorSi,Embalagem de 1 kg,"1,79 €","7,16 €/Kg"
Lambrusco rose,*,Garrafa de 750 ml,"2,49 €","3,32 €/L"
Gel wc anticalcário sem lixívia,PorSi,"Garrafa de 1,5 l","1,29 €","0,86 €/L"
Recarga Esfregona de Algodão,PorSi,1 unidade,"0,89 €","0,89 €/Unidade"
Água s/ gás frutos vermelhos,Luso,Garrafa de 1 l,"1,04 €","0,17 €/L"
Pastilhas gum strawberry,Bubbaloo,Embalagem de 38g,"0,65 €","17,11 €/Kg"
Comida Húmida para Gatinhos Mousse com Vitela,Gourmet Diamant,Embalagem de 85 g,"3,59 €","2,99 €/Kg"
Sidra de maçã,Somersby,Lata de 500 ml,"1,65 €","3,30 €/L"
Bruschette manjericão,Maretti,Embalagem de 90g,"2,35 €","5,60 €/Kg"
Leite e cereais pijama +6 meses,Cerelac,Garrafa de 400 ml,"4,49 €","4,49 €/Kg"
Iogurte líquido yoggi morango,Nestle,Embalagem de 4 x 160 g,"1,17 €","1,83 €/Kg"
Spray limpeza fornos e grelhas,PorSi,500 ml,"1,29 €","1,72 €/L"
Néctar pera,PorSi,Embalagem de 1 l,"0,99 €","0,99 €/L"
Gelado tiramisu,PorSi,Embalagem de 900 ml,"3,99 €","6,14 €/L"
Moscatel de setúbal,Selecção de Enófilos,"Garrafa de 0,75 l","6,49 €","8,65 €/L"
Bandas de cera depilatória axilas peles sensíveis,Veet,embalagem com 16 unidades,"7,99 €","7,99 €/Unidade"
Massa de macarrão grande estriado,PorSi,Embalagem de 500g,"0,89 €","1,78 €/Kg"
Body Milk in Shower,Labell,Embalagem de 250 ml,"12,48 €/L","12,48 €/L"
Bloco Sanitário Poder Activo Pinho,Sonasol,Embalagem de 50 g,"2,99 €","74,75 €/Kg"
Cerveja com álcool,Corona,"Embalagem de 6x0,355L","1,99 €/L","1,99 €/L"
Chocolate culinário branco,Pantagruel,Embalagem de 200g,"1,04 €","8,32 €/Kg"
Creme para barrar,Nutella,Embalagem de 200 g,"4,19 €","12,32 €/Kg"
Alimento lácteo cereais e baunilha +6 meses,Yogolino,Embalagem de 4 x 100 g,"2,89 €","7,23 €/Kg"
Galão,PorSi,16 cápsulas,"15,92 €/Kg","15,92 €/Kg"
Grelhador oval com asas,PorSi,Dim.: 36 x 23 cm,"26,29 €","26,29 €/Unidade"
"Lenços de bolso sensi, brancos, 10 unidades",Renova,Uma embalagem de 6x10,"0,89 €","0,89 €/Unidade"
Moscatel favaios,Favaios,Garrafa de 750 ml,"6,49 €","8,65 €/L"
Cogumelos laminados 1/2,PorSi,Embalagem de 355 g,"1,79 €","2,29 €/Kg"
Snack para cão adulto com frango,Friskies,Embalagem de 200g,"4,39 €","16,26 €/Kg"
Comida húmida para gato carnes e legumes com molho,PorSi,Embalagem de 1.2 kg,"3,59 €","2,99 €/Kg"
Biscoitos canudinho simples,PorSi,Embalagem de 300g,"2,82 €","9,40 €/Kg"
Iogurte líquido tutti-frutti,Danone,Embalagem de 4 x 155 g,"1,17 €","1,83 €/Kg"
Doce de cereja s/ açúcar adicionado,PorSi,Frasco com 220 g,"2,19 €","9,95 €/Kg"
Areia para gatos aglomerante compacta perfumada,PorSi,Embalagem de 4 kg,"1,19 €","0,24 €/Kg"
Queijo vaca sem lactose,PorSi Viva Bem,250 g,"6,99 €","13,98 €/Kg"
Formas de alumínio 600 ml,PorSi,5 unidades,"1,39 €","1,39 €/Unidade"
15 panadinhos de peixe,PorSi,Embalagem de 450 g,"4,39 €","10,98 €/Kg"
Alimento lácteo morango +8 meses,Yogolino,Embalagem de 4 x 100 g,"2,89 €","7,23 €/Kg"
Molho piri piri,Macarico,Embalagem de 200g,"0,70 €","2,33 €/Kg"
Bandida do pomar maçã 4x25cl,Bandida,Garrafa de 1 l,"1,65 €","3,30 €/L"
Gelado sandwich nata/chocolate,PorSi,Embalagem de 6x100 ml,"5,99 €","17,11 €/L"
Toalhitas básico,Dodot,embalagem com 54 unidades,"1,09 €/Unidade","1,09 €/Unidade"
Feijão preto cozido,PorSi,Embalagem de 420 g,"1,79 €","2,29 €/Kg"
Bebida energética,Red Bull,Garrafa de 360 ml,"5,49 €","5,49 €/L"
"Cerveja com álcool, lata",Super Bock,Garrafa de 500 ml,"1,99 €/L","1,99 €/L"
Manteiga magra,Matinal,Embalagem de 250g,"1,69 €","6,76 €/Kg"
Fuet extra,Campofrio,Embalagem de 170g,"1,22 €","6,78 €/Kg"
Nestum flocos de cereais com mel,Nestum,Embalagem de 300g,"2,19 €","8,76 €/Kg"
Tostas de trigo,Diatosta,Embalagem de 225 g,"2,39 €","6,83 €/Kg"
Manga em calda,It.saveurs,Embalagem de 250g,"1,99 €","2,37 €/Kg"
Molas plásticas,PorSi,15 unidades,"0,89 €","0,89 €/Unidade"
Cerveja c/ álcool,Super Bock,Pack 15 X 0. 33L,"1,99 €/L","1,99 €/L"
Amaciador nutri-protec,Labell,Embalagem de 200 ml,"1,06 €","5,30 €/L"
Sabonete glicerina natural,Palmolive,Embalagem de 90 g,"4,99 €","13,86 €/Kg"
Leite de coco,PorSi,Embalagem de 400 ml,"3,84 €","24,00 €/Kg"
Mix de sementes tradicional,Cemporcent,Embalagem de 250g,"1,34 €","2,68 €/Kg"
Licor Limoncello,Vila Massa,"Embalagem de 0,50 l","7,99 €","11,41 €/L"
Vinho branco península de setúbal,Periquita,Garrafa de 0.75 l,"8,59 €","11,45 €/L"
Bolachas waffers baunilha,PorSi,Embalagem de 210g,"0,98 €","4,67 €/Kg"
Mel de montanha,PorSi Select,Frasco de 250 g,"4,89 €","9,78 €/Kg"
"Coloração permanente, caramelo avelã, nº 6.41",Excellence,1 unidade,"9,49 €/Unidade","9,49 €/Unidade"
Pickles em vinagre,PorSi,Embalagem de 200 g,"1,79 €","2,29 €/Kg"
Paté Fígado Porco c/ Vinho do Porto,PorSi,75 g,"0,80 €","10,67 €/Kg"
Creme de coco,Koala,Garrafa de 165 ml,"1,09 €","2,75 €/Kg"
Húngaros,PorSi,Embalagem de 270G,"0,69 €","3,45 €/Kg"
Atum posta em óleo,Bom petisc,Embalagem de 120 g,"0,89 €","7,42 €/Kg"
6 Salsichas de porco,Nobre,Lata de 120g,"0,75 €","3,75 €/Kg"
Esfregão Esponja Style,Vileda,10 unidade,"2,54 €","2,54 €/Unidade"
Detergente máquina roupa em gel universal,Persil,Embalagem de 42 doses,"29,99 €","7,06 €/L"
Água c/ gás original,Frize,pack 6 x 0.25 l,"2,85 €","2,85 €/L"
Amaciador Roupa lavanda,PorSi,Embalagem de 60 doses,"3,99 €","3,99 €/Unidade"
Presunto fatias,Damatta,Embalagem de 120 g,"2,79 €","13,95 €/Kg"
Água mineral sem gás,Fastio,Pack 4 x 1.5 l,"1,04 €","0,17 €/L"
Açúcar em saquetas,PorSi,Embalagem 1K,"1,49 €","1,49 €/Kg"
"Recarga ambientador, toque&fresh relax zen",Glade,Embalagem de 10 ml,"1,99 €","1,99 €/Unidade"
"Inseticida recarga, elétrico, 45 noites",Raid,1 unidade,"6,39 €","6,39 €/Unidade"
"Vinho DOC Bairrada, Branco",Selecção de Enófilos,Garrafa de 0.75 l,"2,99 €","3,99 €/L"
Iogurte natural açucarado,PorSi,Embalagem de 4x125g,"0,99 €","1,98 €/Kg"
Pão de Ló Tradicional,Pastelaria do Dia,1Kg,"4,29 €","6,60 €/Kg"
Farinha para pão rústico,Nacional,Embalagem de 1 kg,"1,99 €","1,99 €/Kg"
Creme vegetal culinário,Vaqueiro,Embalagem de 250 g,"1,39 €","6,95 €/L"
Moscatel de Setúbal,Bacalhoa,Garrafa de 750 ml,"6,49 €","8,65 €/L"
Legumes verdes para sopa,PorSi,Embalagem de 1 kg,"0,74 €","1,85 €/Kg"
Bolacha maria dourada,PorSi,Embalagem de 800g,"2,11 €/Kg","2,11 €/Kg"
Ovos Frescos Classe M,PorSi,12 unidades,"1,39 €","1,39 €/Unidade"
Arroz Thai Jasmim,PorSi,1 kg,"0,99 €","0,99 €/Kg"
Vinho Regional de Lisboa Rosé,Mundus,"Garrafa de 0,75 l","2,49 €","3,32 €/L"
Vinagre de limpeza,PorSi,Embalagem de 1 l,"0,79 €","0,79 €/L"
Preparado para pão de ló,Branca de Neve,Embalagem de 440g,"1,69 €","8,45 €/L"
Ração seca para gatinhos frango e legumes,PorSi,Embalagem de 2 kg,"3,99 €","2,00 €/Kg"
10 compressas de gaze,PorSi,20 x 20 cm,"2,99 €","2,99 €/Unidade"
Tablete chocolate de iogurte morango,Milka,Embalagem de 100g,"5,30 €/Kg","5,30 €/Kg"
Cerveja,Kings Bräu,Embalagem de 10x25 cl,"1,99 €/L","1,99 €/L"
Queijo flamengo fatias light,PorSi,Embalagem de 200g,"1,56 €","7,80 €/Kg"
Bolacha diet nature recheio iogurte,Gullon,Embalagem de 220g,"0,79 €","4,49 €/Kg"
Queijo p/ barrar s/ lactose,Philadelph,Embalagem de 150g,"3,68 €","13,14 €/Kg"
Dentifríco p/ Dentes de Leite,Aquafresh,Embalagem de 50 ml,"1,49 €","1,49 €/Unidade"
Filetes primavera alecrim e sal marinho,Iglo,Embalagem de 230g,"1,79 €","7,16 €/Kg"
Bolachas de manteiga,Triunfo,Embalagem de 170g,"1,69 €","6,76 €/Kg"
Bolacha golden,Oreo,Embalagem de 154 g,"0,79 €","4,49 €/Kg"
"Espuma de cabelo, volume xxl",Fru style,Embalagem de 200 ml,"6,99 €","46,60 €/L"
Nata para culinária ligeira,Mimosa,Embalagem de 200 ml,"0,75 €","3,75 €/L"
Toalhitas Activity |Recarga,Dodot,Pack: 4x54 unidades,"1,09 €/Unidade","1,09 €/Unidade"
Salame extra allnatural fatiado,Allnatural,Embalagem de 80g,"3,29 €","21,93 €/Kg"
Ketchup,PorSi,Embalagem de 560 g,"0,70 €","2,33 €/Kg"
Feijao verde redondo,PorSi,Embalagem de 400g,"0,74 €","1,85 €/Kg"
Arroz Carolino,Cigala,Embalagem de 1 kg,"0,99 €","0,99 €/Kg"
Mopa com cabo,PorSi,1 unidade,"2,20 €","2,20 €/Unidade"
Pêssego em calda metades,PorSi,Lata com 420 g,"1,99 €","2,37 €/Kg"
Salsichas de soja,Cemporcent,Embalagem de 390g,"0,99 €","0,99 €/Kg"
Amaciador concentrado para roupa jojoba,PorSi,80 doses,"3,99 €","3,99 €/Unidade"
Inseticida para baratas e formigas,Baygon,Embalagem de 400 ml,"4,79 €","11,98 €/L"
Muesli original,Alpen,Embalagem de 550g,"2,39 €","4,78 €/Kg"
Chourico picante beiras,PorSi,Embalagem de 290g,"1,22 €","6,78 €/Kg"
Almôndegas de bovino,PorSi,Embalagem de 400 g,"7,99 €","7,99 €/Kg"
"Bebida láctea especial crescimento, 1-3 anos",Mimosa,Garrafa de 1 l,"0,26 €","1,30 €/L"
Lula recheada com carne,PorSi,Embalagem de 500 g,"3,99 €","11,40 €/Kg"
Iogurtes Corpos Danone Pedaços de Pêssego e Maracujá,Danone,Embalagem de 4 x 115 g,"4,36 €","2,18 €/Kg"
12 pastéis de bacalhau,PorSi,Embalagem de 300 g,"1,79 €","7,16 €/Kg"
Pólen de abelhas,PorSi Select,Frasco de 130 g,"4,89 €","9,78 €/Kg"
Sobremesa gelificada de laranja,PorSi,Embalagem de 4x100g,"0,85 €","2,13 €/Kg"
Queijinhos mini,Babybel,Embalagem de 240g,"0,89 €","25,43 €/Kg"
Sumo 100% maçã,Compal,1 litro,"1,09 €","0,73 €/L"
Caldo de galinha 8 cubos,Knorr,Embalagem de 80g,"3,84 €","24,00 €/Kg"
"Inseticida elétrico, trio, nigth & day",Raid,1 unidade,"6,39 €","6,39 €/Unidade"
Bolachas digestive chocolate,PorSi,Embalagem de 300g,"1,49 €","2,48 €/Kg"
Bocadelia de caranguejo,La piara,Embalagem de 170g,"1,19 €","13,52 €/Kg"
Achocolatado em pó extra chocolate,Nesquik,Embalagem de 390g,"8,59 €/Kg","8,59 €/Kg"
Sumo essencial de pêssego,Compal,pack 3 x 0.11 l,"2,29 €","6,94 €/L"
Carne Picada,Porco,1 un= 200 gr (aprox.),"1,12 €","4,49 €/Kg"
Batata Pré-Frita Dauphines,PorSi,500 g,"1,39 €","1,39 €/Kg"
Emulsão p/ higiene intima sensitive,Dystron,Embalagem com 200 ml,"5,99 €","23,96 €/L"
Limpa Tablier,PorSi,Embalagem de 1 l,"3,99 €","0,80 €/L"
Ricore,Nestle,Embalagem de 260g,"0,99 €","3,96 €/Kg"
"Pastilhas fruit, frutos silvestres",Trident,Embalagem de 15 g,"0,89 €","59,33 €/Kg"
Creme culinário coco,Shoyce,Embalagem de 200 ml,"0,75 €","3,75 €/L"
"Anti-calcário, máquina roupa, gel",Calgon,"Garrafa de 1,5 l","29,99 €","7,06 €/L"
Café torrado 5 estrelas moagem grossa,Sical,Embalagem de 250g,"9,16 €/Kg","9,16 €/Kg"
Néctar ananás,Compal,pack 3 x 200 ml,"0,99 €","0,99 €/L"
"Bolo de profiteroles, 800 g",Pastelaria do Dia,,"4,29 €","6,60 €/Kg"
Comida húmida para cão,PorSi,Embalagem de 300 g,"0,75 €","2,50 €/Kg"
Tira Nódoas Diárias,Iberia,Embalagem de 200 ml,"1,69 €","1,69 €/L"
Leite corporal,Nivea,Embalagem de 400 ml,"12,48 €/L","12,48 €/L"
Sacos do lixo lavanda 50 litros,PorSi,15 unidades,"1,79 €","1,79 €/Unidade"
Sumo s/ gás manga/cenoura,Santal,"Garrafa de 1,5 l","1,14 €","0,76 €/L"
Iogurte líquido pinacolada,PorSi,Embalagem de 4 x 160 g,"1,17 €","1,83 €/Kg"
Cereais corn flakes,Kellogg's,Embalagem de 500g,"1,49 €","2,98 €/Kg"
Batata frita ondulada wavy,PorSi,Embalagem de 180g,"1,06 €","5,73 €/Kg"
Refrigerante sem gás frutos tropicais,Trina,"Garrafa de 1,5 l","1,14 €","0,76 €/L"
Escorrega para água,Bestway,"Dim.: 4,88 m","3,99 €","3,99 €/Unidade"
Jogo da Forca + Jogo do Galo,Clementoni,1 unidade,"19,99 €","19,99 €/Unidade"
Lou Provence Rosé,Peyrassol,0.75 litros,"7,99 €","10,65 €/L"
Bolachas crackers integral,Du bois,Embalagem de 500g,"0,39 €","3,12 €/Kg"
Remov. de Verniz com Esponja,Labell,Embalagem de 75 ml,"1,15 €","4,60 €/L"
Drops cafe,Heller,Embalagem de 140g,"2,75 €","11,00 €/Kg"
Bombom Caja Roja,Nestlé,Embalagem de 100G,"18,76 €/Kg","18,76 €/Kg"
Petit gateau morango 4x80g,PorSi,Embalagem de 320g,"2,65 €","8,28 €/Kg"
Snack para gato seaside,Felix,Embalagem de 60g,"2,19 €","54,75 €/Kg"
Salsicha bockwurst 5 unidades,PorSi,Embalagem de 250g,"0,75 €","3,75 €/Kg"
Alimento seco para cão alta energia,PorSi,Embalagem de 10kg,"15,69 €","3,92 €/Kg"
Creme de fixação para dentaduras,Labell,Embalagem de 50 g,"9,79 €","122,38 €/Kg"
Ração para gato bolas de pelo com frango,Friskies,"Embalagem de 1,5kg","3,99 €","2,00 €/Kg"
Desodorizante roll-on Invisible,Rexona,Embalagem de 50ml,"1,99 €","9,95 €/L"
Iogurte liquido sem lactose natural açucarado,PorSi Viva Bem,Embalagem de 4 x 160 g,"2,79 €","6,07 €/Kg"
Bóia Patrulha Pata 50 cm,Mondo,1 unidade,"3,99 €","3,99 €/Unidade"
Vela com número nº 3,PorSi,1 unidade,"0,59 €","0,59 €/Unidade"
Farinha p/ bolos fina,Nacional,Embalagem de 1Kg,"1,99 €","1,99 €/Kg"
Iogurte grego natural magro,PorSi Viva Bem,Embalagem de 1 kg,"0,99 €","1,98 €/Kg"
Cem porcento-flocos de aveia grossos,Cemporcent,Embalagem de 400g,"2,99 €","7,97 €/Kg"
Açúcar baunilhado,Vahine,Embalagem de 40g,"1,49 €","1,49 €/Kg"
Chá infusão nº3 prostal control,Cemporcent,Embalagem de 13g,"1,09 €","54,50 €/Kg"
Iogurte tipo grego natural,PorSi,Embalagem de 12 x 125 g,"1,49 €","2,98 €/Kg"
Bloco Sanitário Poder Activo Lavanda,Sonasol,Embalagem de 2x50 g,"2,99 €","74,75 €/Kg"
Vinho rosé,Lancers,Garrafa 0.75L,"4,29 €","5,72 €/L"
Queijo de ovelha curado,H.da maia,Embalagem de 200g,"15,96 €/Kg","15,96 €/Kg"
Cereais crack star,PorSi,Embalagem de 375 g,"5,07 €/Kg","5,07 €/Kg"
Gelatina de ananás,PorSi,Embalagem de 170g,"0,55 €","61,11 €/Kg"
Vela em número nº4,PorSi,1 unidade,"0,59 €","0,59 €/Unidade"
Tiras da Costela/Piano,Porco,1 un = 500 gr (aprox.),"1,12 €","4,49 €/Kg"
Bolachas waffers chocolate,PorSi,Embalagem de 210g,"0,98 €","4,67 €/Kg"
Massa de espirais,Nacional,Embalagem de 500g,"0,89 €","1,78 €/Kg"
Hamburguers de bovino,PorSi,Embalagem de 1 kg,"2,79 €","8,72 €/Kg"
Cappuccino Café Solúvel Descafeinado,Nescafe,Embalagem de 125g | 10 Saquetas,"1,59 €","6,36 €/Kg"
Bolachas chips ahoy,Ca!,Embalagem de 300g,"0,90 €","6,00 €/Kg"
Película Aderente 60M,PorSi,1 unidade,"1,11 €","1,11 €/Unidade"
Esfregão Fibra Verde Grande XXL Gama Classic,Scotch-Brite,Embalagem de 1 unidades,"2,54 €","2,54 €/Unidade"
Leite uht c/ chocolate,Ucal,Garrafa de 1 l,"0,26 €","1,30 €/L"
Tablete de chocolate de leite,Nestle,Embalagem de 90g,"5,30 €/Kg","5,30 €/Kg"
Iogurtes magros aroma morango,PorSi Viva Bem,Embalagem de 6 x 125 g,"0,99 €","1,32 €/Kg"
Bolachas Choco Finas,Milka,Embalagem de 126g,"2,15 €","2,87 €/Kg"
Ice tea pêssego,Lipton,Embalagem de 1L,"1,14 €","0,76 €/L"
Flocos de aveia,PorSi Viva Bem,Embalagem de 400g,"0,69 €","1,73 €/Kg"
Iogurte activia cremoso frutos silvestres,Danone,Embalagem de 4 x 120 g,"1,49 €","2,98 €/Kg"
Pasta de dentes max white expert white,Colgate,Embalagem de 75 ml,"2,39 €","31,87 €/L"
Pate picante 73gr.                ce *24,La piara,Embalagem de 70g,"1,19 €","13,52 €/Kg"
Bolachas de aveia,Triunfo,Embalagem de 190g,"2,82 €","9,40 €/Kg"
Margarina líquida,Vaqueiro,Embalagem de 500 ml,"2,89 €","2,89 €/Kg"
Lixívia para roupa delicada,Neoblanc,Embalagem de 2 l,"2,19 €","1,10 €/L"
Lixívia Tradicional,PorSi,Embalagem de 5 l,"1,74 €","0,35 €/L"
Patê de sardinha,PorSi,Embalagem de 65 g,"1,19 €","13,52 €/Kg"
"Vinho Bairrada, Tinto",Selecção de Enófilos,Garrafa de 0.75 l,"2,99 €","3,99 €/L"
Espuma de barbear para peles sensíveis,Labell Men,Embalagem de 250 ml,"1,49 €","5,96 €/L"
Bacalhau posta asa branca,PorSi,Embalagem de 800G,"6,39 €","7,99 €/Kg"
Vinho rosé,C.mendes,Garrafa de 750 ml,"4,29 €","5,72 €/L"
Leite infantil confort 1 desde o nascimento,NAN,Embalagem de 800g,"20,99 €","26,24 €/Kg"
Ovos Frescos Omega 3 de Galinhas Solo,PorSi Viva Bem,Embalagem com 6 unidades,"2,19 €","2,19 €/Unidade"
Creme de Mãos Intensivo,Nivea,Embalagem de 100 ml,"1,99 €","19,90 €/L"
Abrasivo sanitário gel marinho,PorSi,embalagem de 1 litro,"0,99 €","1,32 €/L"
"Fita apanha moscas, com 4 unidades",Neokill,4 unidades,"4,79 €","11,98 €/L"
Açúcar baunilhado,Globo,Embalagem de 70g,"1,49 €","1,49 €/Kg"
Muesli Frutas,PorSi,500 g,"2,39 €","4,78 €/Kg"
Miolo camarão 40/60,PorSi,Embalagem de 200g,"8,99 €","25,69 €/Kg"
10 douradinhos vegetais,Iglo green,Embalagem de 280g,"9,30 €/Kg","9,30 €/Kg"
Iogurte liquido infantil morango,PorSi,Embalagem de 6 x 94 ml,"1,05 €","1,86 €/L"
Bolachas integrais,PorSi,Embalagem de 200g,"1,49 €","2,48 €/Kg"
Autobrilhante Branco,Búfalo,Embalagem de 50 ml,"0,99 €","330,00 €/Kg"
12 nuggets frango polme americano,Capitão Iglo,Embalagem de 220g,"9,30 €/Kg","9,30 €/Kg"
Caderno espiral universal A5 | 80 folhas | liso,Domédia,1 unidade,"1,09 €","1,09 €/Unidade"
Guardanapos de papel reciclado,PorSi,100 unidades,"1,29 €","1,29 €/Unidade"
Adoçante em pó,PorSi,250 saquetas,"6,21 €","6,21 €/Unidade"
Manteiga com sal,Mimosa,Embalagem de 130g,"1,69 €","6,76 €/Kg"
Rolo de cozinha reciclado,PorSi,4 rolos,"3,49 €","3,49 €/Unidade"
Folha de alumínio,PorSi,30 metros,"1,11 €","1,11 €/Unidade"
"Escova dentes, slim soft, média",Colgate,1 unidade,"4,99 €","4,99 €/Unidade"
Quinoa branca,PorSi Viva Bem,Embalagem de 200 g,"1,39 €","6,95 €/Kg"
Conjunto máscaras douradas,Mercagranel,6 unidades,"1,99 €","1,99 €/Unidade"
Iguarias Pota com Alho,Pitéu,Embalagem de 120 g,"0,89 €","7,42 €/Kg"
Chourico carne das beiras,PorSi,Embalagem de 290g,"1,22 €","6,78 €/Kg"
Corn flakes,PorSi,Embalagem de 1 kg,"1,49 €","2,98 €/Kg"
Raia à Posta,Peixe Congelado,Higienizado,"1,50 €","5,99 €/Kg"
Queijo creme de salmão,Philadelph,Embalagem de 150g,"3,68 €","13,14 €/Kg"
Água mineral natural alcalina,MONCHIQUE,Garrafão de 5 l,"1,04 €","0,17 €/L"
Café moagem universal angola,Delta,Embalagem de 220g,"9,16 €/Kg","9,16 €/Kg"
Autobrilhante preto,Splendor,Garrafa de 50 ml,"0,99 €","330,00 €/Kg"
Chocolate negro com coco,Cemporcent,Embalagem de 125g,"2,99 €","23,92 €/Kg"
Nestum chocolate,Nestum,Embalagem de 250g,"2,19 €","8,76 €/Kg"
Mortadela fatiada com azeitonas,PorSi,Embalagem de 200 g,"0,80 €","10,67 €/Kg"
Azeite,Oliveira da Serra,Embalagem de 750 ml,"3,19 €","4,25 €/L"
Frutos vermelhos,PorSi,Embalagem de 750 g,"3,29 €","4,39 €/Kg"
Manteiga magra meio sal,President,Embalagem de 250g,"1,69 €","6,76 €/Kg"
Infusão principe,Cemporcent,Embalagem de 10 unidades,"0,99 €","76,15 €/Kg"
Mini tostas integrais super finas,PorSi,Embalagem de 100 g,"2,39 €","6,83 €/Kg"
Azeitona mista,PorSi,Embalagem de 210g,"1,32 €","6,29 €/Kg"
"Atum em posta, em azeite",General,Embalagem de 110g,"0,89 €","7,42 €/Kg"
Banha,PorSi,Embalagem de 230 g,"2,89 €","2,89 €/Kg"
Ice tea limão,Lipton,pack 6 x 0.25 l,"1,14 €","0,76 €/L"
Vinho verde branco,MIRANDA,"Garrafa de 0,75 l","1,99 €","2,65 €/L"
Bolacha de Manteiga Belga c/ Chocolate Branco,Saborosa,Embalagem de 198 g,"1,69 €","6,76 €/Kg"
Nata pasteurizada,PorSi,Embalagem de 450 ml,"0,75 €","3,75 €/L"
Detergente liquido loiça clássico,PorSi,Garrafa de 1 litro,"0,99 €","1,98 €/L"
Barras fitness com morango,Nestle,Embalagem de 140g,"3,59 €","27,83 €/Kg"
Salada de Marisco,Amarras,Embalagem de 700 g,"2,19 €","8,59 €/Kg"
Chocolate cereali 4 barritas,Kinder,Embalagem de 940g,"1,99 €","2,12 €/Kg"
Cerveja com álcool,Sagres,Garrafa de 20 cl,"1,99 €/L","1,99 €/L"
Salsichão fat,Campofrio,Embalagem de 80g,"3,29 €","21,93 €/Kg"
Queijo emmental ralado,PorSi,Embalagem de 200 g,"1,49 €","7,45 €/Kg"
Queijo para barrar light,PorSi Viva Bem,Embalagem de 200g,"2,49 €","20,75 €/Kg"
Néctar vital equilibrio frutos vermelhos,Compal,Embalagem de 1 l,"0,99 €","0,99 €/L"
"Vinho bairrada, reserva, tinto",Selecção de Enófilos,Garrafa de 0.75 l,"2,99 €","3,99 €/L"
Louro em folhas,PorSi,30 g,"0,25 €","0,25 €/Kg"
Cheerios 375g,Nestle,Embalagem de 380g,"5,07 €/Kg","5,07 €/Kg"
Óleo Performa 10W40,Galp,Embalagem de 5 l,"41,99 €","8,40 €/L"
Rebuçados sortido festa,Villa,Embalagem de 1 kg,"1,15 €","4,60 €/Kg"
Leite pasteurizado magro,Vigor,Garrafa de 1 l,"1,09 €","1,09 €/L"
Salmão posta ao natural,PorSi Select,Lata de 120 g,"0,89 €","7,42 €/Kg"
Arroz agulha,Caçarola,Embalagem de 1 kg,"0,99 €","0,99 €/Kg"
Creme Mãos Hidratante,Labell,Embalagem de 100 ml,"1,99 €","19,90 €/L"
Batata palha finíssima,PorSi Select,Embalagem de 180 g,"0,87 €","5,44 €/Kg"
Achocolatado em Pó,Nesquik,Embalagem de 700g,"8,59 €/Kg","8,59 €/Kg"
Farinha p/ bolos extra fina,Nacional,Embalagem de 1 kg,"1,99 €","1,99 €/Kg"
Vinagre de vinho branco,PorSi,Garrafa de 1 l,"0,35 €","0,70 €/L"
Sacos do lixo lavanda 30 litros,PorSi,20 sacos,"1,79 €","1,79 €/Unidade"
Farelo de trigo,Cemporcent,Embalagem de 250g,"2,49 €","12,45 €/Kg"
Infusão cidreira,PorSi,Embalagem de 40g,"0,99 €","76,15 €/Kg"
Trinca de arroz,PorSi,Embalagem de 5 kg,"15,69 €","3,92 €/Kg"
Infusão cidreira,Cemporcent,Embalagem de 10 unidades,"0,99 €","76,15 €/Kg"
"Ração granulado, frangos (2fase)",Rac.zezere,Embalagem de 5 kg,"4,19 €","0,84 €/Kg"
Lombo curado fatiado,PorSi,100 g,"3,29 €","36,56 €/Kg"
Vinagre vinho branco,PorSi,Garrafa de 500 ml,"0,35 €","0,70 €/L"
Palhais de portugal alho & ervas,Palhais,Embalagem de 200g,"1,89 €","10,50 €/Kg"
Alface Iceberg,Legumes do Dia,1 un= 400 g (aprox.),"1,60 €","3,99 €/Kg"
Pastilha Elástica Bottle Frutos Vermelhos,Trident,Embalagem de 82 g,"0,89 €","59,33 €/Kg"
Licor Jagermeister,JAGERMEIST,Garrafa de 700 ml,"7,99 €","11,41 €/L"
Infusão de camomila,PorSi,Embalagem de 33.7 g,"0,99 €","76,15 €/Kg"
Arroz agulha Europa,PorSi,Embalagem de 1 kg,"0,99 €","0,99 €/Kg"
Bolachas starship chocolate,PorSi,Embalagem de 150g,"0,90 €","6,00 €/Kg"
Elixir total proteção placa bacteriana,Colgate,500 ml,"6,99 €","13,98 €/L"
Sumo clássico 100% maçã,Compal,Garrafa de 200 ml,"1,09 €","0,73 €/L"
"Cerveja sem Álcool 0,0%",Carlsberg,Pack 6x25 cl,"5,99 €","3,03 €/L"
Flocos de batata para puré,PorSi,Embalagem de 500g,"0,74 €","1,85 €/Kg"
Vela em número nº9,PorSi,1 unidade,"0,59 €","0,59 €/Unidade"
Adoçante liquido,PorSi,Garrafa de 125 ml,"6,21 €","6,21 €/Unidade"
Pensos higiénicos liberty super abas,Evax,Embalagem com 10 un.,"4,99 €","4,99 €/Unidade"
Massa bagos,PorSi,Embalagem de 250g,"0,89 €","1,78 €/Kg"
Café moagem universal portugal,Delta,Embalagem de 250g,"9,16 €/Kg","9,16 €/Kg"
Queijinhos Babybel Mix,Babybel,Embalagem de 180g,"0,89 €","25,43 €/Kg"
Iogurte aroma varios sabores,PorSi,Embalagem de 12 x 125 g,"1,87 €","1,25 €/Kg"
Descafeinado,Nestlé,Embalagem de 100 g,"1,59 €","6,36 €/Kg"
Vmt reg alentejano 0.75l,T.xisto,Garrafa de 750 ml,"5,99 €","7,99 €/L"
Pensos higiénicos Cottonlike Super Plus Com Abas,Evax,10 unidades,"4,99 €","4,99 €/Unidade"
Mão,Borrego,1 un = 1 kg (aprox.),"19,49 €","12,99 €/Kg"
Tablete de chocolate leite,Nestle,Embalagem de 130g,"5,30 €/Kg","5,30 €/Kg"
Bolacha Maria sem lactose,PorSi Viva Bem,Embalagem de 200 g,"0,99 €","1,98 €/Kg"
Ambientador vela odor tabaco,PorSi,1 unidade,"2,53 €","2,53 €/Unidade"
Feijão branco,PorSi,Embalagem de 500g,"0,95 €","1,90 €/Kg"
Rojões,Porco,1 un = 250 gr  (aprox.),"1,12 €","4,49 €/Kg"
"Refrigerante com gás cola zero sem cafeína, mini lat...",Coca-Cola,pack 12 x 0.15 l,"0,79 €","0,40 €/L"
Creme culinário de soja,Shoyce,Garrafa de 200 ml,"1,39 €","6,95 €/L"
"Pensos diários respirare, 44 unidades",Carefree,Uma embalagem,"1,79 €/Unidade","1,79 €/Unidade"
Fruta para bebé banana maçã +4 meses,Nestle,Embalagem de 90g,"0,74 €","8,22 €/Kg"
Bolachas brownie tubo,Oreo,Embalagem de 150g,"0,79 €","4,49 €/Kg"
Bicarbonato de sódio,PorSi,Saqueta de 75 g,"1,89 €","17,18 €/Kg"
Queijo ralado dispensador,PorSi,Embalagem de 80g,"1,49 €","7,45 €/Kg"
Sacos lixo eco com atilho 30 litros,PorSi,20 unidades,"1,79 €","1,79 €/Unidade"
Corda de saltar,Umbro,1 unidade,"3,99 €","3,99 €/Unidade"
Livro Hot Wheels,Europrice,,"5,99 €/Unidade","5,99 €/Unidade"
Gelado viennetta morango,Olá,Embalagem de 650 ml,"3,99 €","6,14 €/L"
"Tira gorduras, recarga",Agerul,Embalagem de 750 ml,"3,99 €","5,32 €/L"
Batata frita lisa chips,PorSi,Embalagem de 185 g,"1,06 €","5,73 €/Kg"
"Néctar pêssego, prisma",PorSi,Embalagem de 1 l,"0,99 €","0,99 €/L"
Sementes de linhaça dourada,PorSi Viva Bem,Embalagem de 250 g,"1,59 €","10,60 €/Kg"
Bebida energética green,Monster,Garrafa de 500 ml,"5,49 €","5,49 €/L"
Massa spaghetti tricolore,Milaneza,Embalagem de 500 g,"0,89 €","1,78 €/Kg"
Marmelada,PorSi,Embalagem de 900g,"1,09 €","2,42 €/Kg"
Pimentão doce saqueta,PorSi,Embalagem de 50 g,"0,25 €","0,25 €/Kg"
Iogurte activia líquido kiwi,Danone,Embalagem de 4 x 155 g,"2,79 €","6,07 €/Kg"
Empada de Frango 60 g,Fornada do Dia,,"0,65 €","0,65 €/Unidade"
Sumo de toranja,Andros,Embalagem de 1 l,"1,09 €","0,73 €/L"
Vinh do porto ruby,Cruz,Garrafa de 750 ml,"6,49 €","8,65 €/L"
Ketchup,PorSi,Embalagem de 300 g,"0,70 €","2,33 €/Kg"
Café moído torrado aroma bellissimo,Belissimo,Embalagem de 200g,"9,16 €/Kg","9,16 €/Kg"
Chá solúvel alívio respiratório,Cemporcent,Embalagem de 50g,"1,09 €","54,50 €/Kg"
Jarro de 1 litro + 4 copos,Codil,1 conjunto,"2,99 €","2,99 €/Unidade"
Cereais Extra Chocolate e Avelã,Kellogg's,Embalagem de 375 g,"2,29 €","6,11 €/Kg"
Sumo natural de maçã bio,Cemporcent,Garrafa de 1 l,"1,19 €","1,86 €/L"
Recarga rolo tira pelos,PorSi,1 unidade,"1,19 €","1,19 €/Unidade"
Balde de Limpeza com Espremedor,PorSi,unidade,"2,50 €","2,50 €/Unidade"
Bebida de soja sem acucar 1l,Alpro,Embalagem de 1L,"2,59 €","2,59 €/L"
Chocolate culinário em pó,Pantagruel,Embalagem de 130g,"1,04 €","8,32 €/Kg"
Refrigerante de lima-limão,Seven-up,"Garrafa de 1,25 l","0,79 €","0,40 €/L"
Arroz extra longo integral,Saludaes,Embalagem de 1 kg,"0,99 €","0,99 €/Kg"
Polvilho doce,Do Brasil,500 g,"1,99 €","1,99 €/Kg"
Tablete de chocolate de leite,PorSi Select,Embalagem de 200g,"5,30 €/Kg","5,30 €/Kg"
Esfregão c/ Esponja Salva Unhas Ergonómico / Confort...,Scotch-Brite,Embalagem de 2 unidades,"2,54 €","2,54 €/Unidade"
Sumo 100% ananás/uva,PorSi,Pack 3 x 200 ml,"1,09 €","0,73 €/L"
"Vinho doc loureiro, verde",Selecção de Enófilos,Garrafa de 0.75 l,"1,99 €","2,65 €/L"
"Pensos para calos, 10 unidades",PorSi,1 embalagem,"2,99 €","2,99 €/Unidade"
Leite com chocolate,Agros,Embalagem de 200 ml,"0,26 €","1,30 €/L"
Café solúvel sem cafeína,Nescafe,Embalagem de 20g,"14,50 €/Kg","14,50 €/Kg"
Queijo mozzarella ralado,PorSi,Embalagem de 200 g,"1,49 €","7,45 €/Kg"
Amido de milho,PorSi,Embalagem de 400g,"1,89 €","17,18 €/Kg"
Mini Frutos do Mar,Candycat,Embalagem de 250G,"18,76 €/Kg","18,76 €/Kg"
Inseticida elétrico melgas e mosquitos,Dum Dum,1 unidade = 45 noites,"6,39 €","6,39 €/Unidade"
Espremedor,PorSi,1 unidade,"2,50 €","2,50 €/Unidade"
Spray anti-bolores,Cif,435 ml,"1,79 €","2,39 €/L"
Patê de salmão,La piara,Embalagem de 80g,"1,19 €","13,52 €/Kg"
Caramelos de nata com recheio,Werthers,Embalagem de 140g,"2,75 €","11,00 €/Kg"
Farinha para bolos super fina,B.neve,Embalagem de 1 kg,"1,99 €","1,99 €/Kg"
Aptamil  prosyneo ha 1,Aptamil,Embalagem de 800g,"20,99 €","26,24 €/Kg"
Esfregão esponja ergonómico salva unhas,PorSi,Embalagem de 2 unidades,"2,54 €","2,54 €/Unidade"
Lay's gourmet corte fino,Lay's,Embalagem de 150g,"1,06 €","5,73 €/Kg"
Ambientador elétrico flor de cerejeira,Air Wick,1 unidade,"3,74 €","3,74 €/Unidade"
Iogurte naturea natural,PorSi,Embalagem de 4 x 125 g,"0,99 €","1,98 €/Kg"
Café moagem fina bio,PorSi Bio,Embalagem de 250g,"9,16 €/Kg","9,16 €/Kg"
Café Qalidus XXL,Delta Q,Embalagem com 60 cápsulas,"2,79 €","19,93 €/Kg"
Leite pasteurizado meio gordo,Vigor,Garrafa de 1 l,"1,09 €","1,09 €/L"
Comida húmida para cão de frango e legumes,PorSi,Lata de 400 g,"0,75 €","2,50 €/Kg"
Lenços faciais brancos 2 folhas,PorSi,150 unidades,"0,89 €","0,89 €/Unidade"
8 salsichas frankfurt,Izidoro,Embalagem de 200g,"0,75 €","3,75 €/Kg"
Soja líquido frutos exóticos,PorSi Viva Bem,Embalagem de 4 x 150 ml,"3,39 €","6,78 €/Kg"
Leite c/ chocolate,Gresso,Pack 4X200ml,"0,26 €","1,30 €/L"
Galette de Rois,*,100 g,"4,29 €","6,60 €/Kg"
Sopa económica de marisco,Knorr,Embalagem de 60g,"0,84 €","13,55 €/Kg"
Preparado para crepes,Branca de Neve,Embalagem de 380g,"0,79 €","5,27 €/Kg"
Ambientador vela citronela,PorSi,1 unidade,"2,53 €","2,53 €/Unidade"
Dettol sabonete líquido frutos do bosque x 12,Dettol,Garrafa de 250 ml,"0,99 €","1,98 €/L"
Spray Neve,*,300 ml,"1,89 €/Unidade","1,89 €/Unidade"
"Azeite extra virgem, azeitonas verdes",Oliveira da Serra,Garrafa de 750 ml,"3,19 €","4,25 €/L"
Chantilly,President,Embalagem de 250 g,"0,75 €","3,75 €/L"
Gomas happy cola,Haribo,Embalagem de 100g,"1,19 €","3,97 €/Kg"
Gogo SqueeZ Snack Maçã e Pera,Gogo,Embalagem de 90g,"2,29 €","6,94 €/L"
Flan de ovos,PorSi,Embalagem 4 x 100 g,"0,55 €","2,75 €/Kg"
Resguardos de cama,PorSi,20 unidades de 80 x 180 cm,"6,99 €","6,99 €/Unidade"
Queijo fresco ligth,PorSi,Embalagem de 4 x 62.5 g,"2,49 €","20,75 €/Kg"
"Aperitivos, amendoins no forno",Matutano,Embalagem de 200g,"0,79 €","3,95 €/Kg"
Francesinha,PorSi,Embalagem de 450G,"7,99 €","7,99 €/Kg"
Caramelos de fruta,Penha,Embalagem de 500 g,"1,10 €","4,40 €/Kg"
Polpa tomate tetra,PorSi,Embalagem de 210g,"3,84 €","24,00 €/Kg"
Vinagre de limpeza,Dona Pureza,Embalagem de 1 l,"0,79 €","0,79 €/L"
Massa cuscus,PorSi,Embalagem de 250g,"0,89 €","1,78 €/Kg"
Bolachas digestive go aveia,Triunfo,Embalagem de 170g,"1,49 €","2,48 €/Kg"
Bolacha Maria Integral,PorSi,Embalagem de 600g,"1,49 €","2,48 €/Kg"
Rolo de cozinha mega,PorSi,1 rolo,"3,49 €","3,49 €/Unidade"
Brandy,Constantin,Garrafa de 700 ml,"12,49 €","17,84 €/L"
"Leite uht, com café, galão alentejano",Serraleite,Embalagem de 1 l,"1,99 €","2,49 €/L"
"Escova de dentes macia, 7-13 anos",Labell,1 unidade,"1,49 €","1,49 €/Unidade"
"Néctar de alperce, tetra",Compal,pack 3 x 200 ml,"0,99 €","0,99 €/L"
Tampões Compak Pearl Regular Com Aplicador,Tampax,16 unidades,"3,99 €","3,99 €/Unidade"
Miolo de mexilhão,PorSi,Embalagem de 250 g,"1,79 €","7,16 €/Kg"
Vela em número nª2,PorSi,1 unidade,"0,59 €","0,59 €/Unidade"
Achocolatado em Pó,Suchard,Embalagem de 500g,"8,59 €/Kg","8,59 €/Kg"
Cerveja c/ álcool,Sagres,pack 30 x 0.25 L,"1,99 €/L","1,99 €/L"
Vinho tinto alentejo,ALABASTRO,"Garrafa de 0,75 l","5,99 €","7,99 €/L"
Detergentes máquina lavar loiça ecológico,PorSi,26 pastilhas,"2,99 €","2,99 €/Unidade"
Barrita controlo de peso chocolate,Ignoramu,Embalagem de 44g,"0,69 €","1,73 €/Kg"
Rebuçados peitorais,Villa,Embalagem de 200 g,"0,77 €","3,85 €/Kg"
Espirais s/ glúten,Milaneza,Embalagem de 500g,"2,99 €","7,97 €/Kg"
Creme fresco à base de soja p/bater,Alpro,Garrafa de 250 ml,"0,99 €","0,99 €/Kg"
Massa fusilli tricolor,Milaneza,Embalagem de 500g,"0,89 €","1,78 €/Kg"
Cabeça de Aipo,Legumes do Dia,1 un = 500 g (aprox.),"2,49 €/Kg","2,49 €/Kg"
Infusão nº 5 emagrecimento,Cemporcent,Embalagem de 10 unidades,"0,99 €","76,15 €/Kg"
Ambientador vela baunilha,PorSi,1 unidade,"2,53 €","2,53 €/Unidade"
Tortitas de arroz chocolate negro,PorSi Viva Bem,130 g,"1,45 €","11,15 €/Kg"
Jardineira,PorSi,Embalagem de 400 g,"0,74 €","1,85 €/Kg"
Bombom Caja Roja,Nestlé,Embalagem de 200G,"18,76 €/Kg","18,76 €/Kg"
Doce de abóbora c/ noz,Quinta de Jugais,Embalagem de 280g,"2,19 €","9,95 €/Kg"
Esterilizador 2 em 1 - Frio e Microondas,Neo Baby,1 unidade,"12,99 €","12,99 €/Unidade"
Papel higiénico macio absorvente,PorSi,12 rolos,"1,99 €","1,99 €/Unidade"
Café lote normal moagem fina,PorSi,Embalagem de 250 g,"9,76 €/Kg","9,76 €/Kg"
Gelatina de morango,Royal,Embalagem de 114g,"0,55 €","61,11 €/Kg"
Feuilletine,Du Bois de la Roche,Embalagem de 135 g,"0,39 €","3,12 €/Kg"
Batata frita lisa,PorSi,Embalagem de 90g,"1,06 €","5,73 €/Kg"
Creme fixação para dentaduras,Polident,Embalagem de 70 g,"9,79 €","122,38 €/Kg"
Alimento seco para gatinhos,HappyOne,"Embalagem de 1,5 kg","3,99 €","2,00 €/Kg"
Queijo cabra curado,PorSi,300 g,"1,89 €","10,50 €/Kg"
Bebida de Amêndoa,PorSi Viva Bem,1 litro,"1,19 €","1,86 €/L"
Arroz carolino,Caçarola,Embalagem de 1kg,"0,99 €","0,99 €/Kg"
Iogurte pedaços frutos vermelhos,PorSi,Embalagem de 8 x 125 g,"4,36 €","2,18 €/Kg"
Rebuçados de mentol,PorSi,Embalagem de 250g,"0,77 €","3,85 €/Kg"
Pá do Lixo C/ Cabo,PorSi,1 un.,"2,20 €","2,20 €/Unidade"
Vinagre de sidra,PorSi,500 ml,"0,35 €","0,70 €/L"
"Guardanapos brancos, 33x33cm, 2 folhas",PorSi,Embalagem com 100 unidades,"1,29 €","1,29 €/Unidade"
Café em cápsulas dolce gusto ardenza,Nescafe,Embalagem de 110g,"2,79 €","19,93 €/Kg"
Posta de atum ao natural,PorSi,Embalagem de 120g,"0,89 €","7,42 €/Kg"
Óleo alimentar,Fula,Embalagem 1L,"3,59 €","3,59 €/L"
Creme de feijão c/ espinafres,Sopas Graciete,Garrafa de 400 ml,"1,19 €","2,98 €/Kg"
Rabos,Porco,1 un = 250 gr  (aprox.),"0,50 €","4,99 €/Kg"
Tomate seco,PONTI,Embalagem de 280g,"3,84 €","24,00 €/Kg"
Iogurte activia aveia nozes,Danone,Embalagem de 4 x 120 g,"2,79 €","6,07 €/Kg"
Alimento lácteo banana +6 meses,Yogolino,Embalagem de 4 x 100 g,"2,89 €","7,23 €/Kg"
Creme de cenoura,PorSi,Embalagem de 400 g,"1,19 €","2,98 €/Kg"
Especialidade de soja natural,PorSi Viva Bem,Embalagem de 4 x 100 g,"3,39 €","6,78 €/Kg"
Farinha de aveia integral,Cemporcent,Embalagem de 400g,"2,49 €","12,45 €/Kg"
Gelatina tutti-fruti,PorSi,Embalagem de 170g,"0,55 €","61,11 €/Kg"
Sidra frutos vermelhos,Somersby,pack 4 x 0.33 l,"1,65 €","3,30 €/L"
Nata uht carbonara,Parmalat,Embalagem de 200 ml,"0,75 €","3,75 €/L"
Entremeada s/ Entrecosto,Porco,Vendido ao peso a partir de 1 kg,"1,12 €","4,49 €/Kg"
Creme Depilatório Peles Normais,Veet,Embalagem de 200 ml,"3,99 €","19,95 €/L"
"Escova dentes, rotativa global, dura, 2 unidades",Labell,1 embalagem,"4,99 €","4,99 €/Unidade"
Sultana Dourada,PorSi,Embalagem de 200g,"0,79 €","3,95 €/Kg"
20 saquetas infusão camomila,Lipton,Embalagem de 10g,"0,99 €","76,15 €/Kg"
Sumo essencial manga,Compal,pack 3 x 0.11 l,"0,99 €","0,99 €/L"
Queijo de vaca/ovelha penela,Serqueijos,Embalagem de 250 g,"5,99 €","23,96 €/Kg"
"Sabonete sólido, mel",Feno,Embalagem de 360g,"4,99 €","13,86 €/Kg"
Vela com número nº 0,PorSi,1 unidade,"0,59 €","0,59 €/Unidade"
Rolo de cozinha XXL,PorSi,1 rolo,"3,49 €","3,49 €/Unidade"
Snack bio arroz e trigo c/ banana e framboesa,Gerber,Embalagem de 35g,"1,89 €","9,95 €/Kg"
Gel de banho júnior maçã e pera,Labell,Embalagem com 300 ml,"1,99 €","1,99 €/Unidade"
Queijo mozzarella light ralado,PorSi Viva Bem,Embalagem de 150 g,"2,49 €","20,75 €/Kg"
Pó de talco,PorSi,Embalagem de 250g,"1,24 €","4,96 €/Kg"
Cominhos moídos,PorSi,Embalagem de 35g,"0,25 €","0,25 €/Kg"
Grão de bico,PorSi,Frasco com 540 g,"1,79 €","2,29 €/Kg"
Batata pré-frita cubos,PorSi,Embalagem de 1 kg,"1,39 €","1,39 €/Kg"
Folhado de carne,Pastelaria do Dia,1 unidade = 90 g,"0,65 €","0,65 €/Unidade"
Desinfetante Têxtil,Sanytol,Embalagem de 500 ml,"1,69 €","1,69 €/L"
Sementes de linhaça,Cemporcent,Embalagem de 250G,"1,79 €","8,95 €/Kg"
Toalhetes Íntimos Suaves,Corine de Farme,Embalagem com 10 un.,"2,19 €","2,19 €/Unidade"
Infusão de tília,PorSi,Embalagem de 30g,"0,99 €","76,15 €/Kg"
Vinho tinto doc dão,Cabriz,Garrafa de 0.75 l,"3,99 €","5,32 €/L"
Mini salsichas cocktail,Nobre,lata de 180g,"0,75 €","3,75 €/Kg"
Sumo maçã,Andros,Embalagem de 1 l,"3,99 €","3,99 €/L"
Creme vegetal para culinária,PorSi,Embalagem de 250g,"1,39 €","6,95 €/L"
Gomas favoritos pica,Haribo,Embalagem de 90g,"1,19 €","3,97 €/Kg"
Bucal maça natural,Andros,Embalagem de 750 g,"3,39 €","4,52 €/Kg"
Café moagem grossa bio,PorSi Bio,Embalagem de 250g,"9,16 €/Kg","9,16 €/Kg"
Spray power&shine casa de banho,Cif,Garrafa de 750 ml,"0,79 €","0,79 €/L"
Pilha alcalina hightech lr03x8,Domédia,1 unidade,"1,99 €","1,99 €/Unidade"
"Alimento para cão júnior bio complex, com frango",HappyOne,Embalagem de 4 kg,"15,69 €","3,92 €/Kg"
Pirassununga (38º),Cachaca 51,Garrafa de 700 ml,"17,49 €","24,99 €/L"
Wafers sem glúten de chocolate preto,Schar,Embalagem de 40 g,"2,69 €","17,93 €/Kg"
Infusão de menta,Tetley,Embalagem de 10g,"0,99 €","76,15 €/Kg"
Queijo em fatias,Limiano,Embalagem de 400g,"1,56 €","7,80 €/Kg"
Vinho maduro tinto,C.da eira,Garrafa de 250 ml,"0,69 €","2,76 €/L"
Farinha,Maizena,Embalagem de 400g,"1,99 €","1,99 €/Kg"
Bebida energética a-zero,Monster,Garrafa de 500 ml,"5,49 €","5,49 €/L"
Açucar icing,Rar,Embalagem de 250 g,"1,49 €","1,49 €/Kg"
Ice tea pêssego,Lipton,Garrafa de 2 l,"1,14 €","0,76 €/L"
Aperitivos de amendoim com sal e mel,Matutano,Embalagem de 150g,"0,79 €","3,95 €/Kg"
"Refresco em pó, ananás",Tang,Embalagem de 30g,"0,75 €","18,75 €/Kg"
"Recarga ambientador eléctrico, alfazema",PorSi,Embalagem de 25 ml,"1,79 €","1,79 €/Unidade"
Cafe soluvel c/c 200g,Delta,Embalagem de 200g,"14,50 €/Kg","14,50 €/Kg"
Refresco pó laranja e morango,PorSi,Embalagem de 40g,"0,75 €","18,75 €/Kg"
Nata uht light para culinária,PorSi,embalagem de 200 ml,"0,75 €","3,75 €/L"
Grão de bico,PorSi,Embalagem de 820g,"1,79 €","2,29 €/Kg"
"Bollitos, 8 unidades",Pasquier,Embalagem de 320 g,"2,05 €","5,13 €/Kg"
Cerveja preta 0.0%,Sagres,Pack 4 x 0.33 l,"5,99 €","3,03 €/L"
Bolacha Maria,Cuetara,Embalagem de 200g,"2,11 €/Kg","2,11 €/Kg"
Creme vegetal soja,Planta,Embalagem de 250 gr,"2,09 €","8,36 €/Kg"
Bolachas oreo,Oreo,Embalagem de 440g,"0,79 €","4,49 €/Kg"
Adoçante recarga,Canderel,Embalagem de 40g,"6,21 €","6,21 €/Unidade"
Compak Regular Tampões Com Aplicador,Tampax,22 unidades,"3,99 €","3,99 €/Unidade"
Vinho tinto,PorSi,embalagem de 5 litros,"5,19 €","1,04 €/L"
Ovos Galinha Solo S,PorSi,6 unidades,"1,39 €","1,39 €/Unidade"
Leite Bem Essencial morango,Mimosa,Embalagem de 4 x 200 ml,"1,99 €","2,49 €/L"
Fígado,Novilho,1 un = 100 gr (aprox.),"0,50 €","4,99 €/Kg"
Azeitoneira de barro pintada,Anitex,1 unidade,"2,99 €","2,99 €/Unidade"
"Bolachas, tubo",Oreo,Embalagem de 150g,"0,79 €","4,49 €/Kg"
Bolachas mini alfa,Nacional,Embalagem de 120g,"2,82 €","9,40 €/Kg"
Sabonete líquido maçãs verdes,Labell,Embalagem de 500 ml,"0,99 €","1,98 €/L"
Iogurte líquido infantil morango e banana,PorSi,Pack 6 x 100 g,"1,05 €","1,86 €/L"
Champanhe rose bruto,Delagne & Fils,"Garrafa de 0,75 l","19,99 €","26,65 €/L"
Peito de peru forno a lenha fatias finas,Izidoro,110 g,"2,25 €","11,25 €/Kg"
Bruschette alho torrado,Maretti,Embalagem de 90g,"2,35 €","5,60 €/Kg"
"Espumante cava bruto, reserva",Freixenet,Garrafa de 750 ml,"8,49 €","11,32 €/L"
"Gel depilatório, peles sensiveis",Labell,Embalagem de 200 ml,"3,99 €","19,95 €/L"
Gelatina de frutos tropicais,PorSi,Embalagem 2X85G,"0,55 €","61,11 €/Kg"
Patê atum em escabeche,La piara,Embalagem de 80g,"1,19 €","13,52 €/Kg"
Soja fina,PorSi Viva Bem,Embalagem de 400 g,"2,09 €","8,36 €/Kg"
Infusão carqueja,Cemporcent,Embalagem de 10 unidades,"0,99 €","76,15 €/Kg"
Champô Anti-Caspa,Pantene,360 ml,"5,59 €","13,98 €/L"
Açúcar granulado embalado em papel,Rar,Embalagem de 1 kg,"1,49 €","1,49 €/Kg"
Salsichão extra allnatural fatiado,Allnatural,Embalagem de 80g,"3,29 €","21,93 €/Kg"
Tablete de chocolate culinário negro,PorSi,Embalagem de 200 g,"1,04 €","8,32 €/Kg"
Queijo manchego D.O.P,PorSi Select,Embalagem de 250g,"6,99 €","24,96 €/Kg"
Bebida de coco com arroz,PorSi Viva Bem,1 litro,"1,19 €","1,86 €/L"
Pensos proteção calos,PorSi,embalagem com 9 unidades,"2,99 €","2,99 €/Unidade"
Cuecas Incontinência Maxi Médio,Lindor,Embalagem com 14 un.,"9,99 €","9,99 €/Unidade"
Bebida aveia sem açúcar,Alpro,Embalagem de 1 l,"1,19 €","1,86 €/L"
Vinho tinto doc douro,VILA REAL,Garrafa de 750 ml,"7,99 €","10,65 €/L"
Pasta dentífrica,Couto,Embalagem de 60 ml,"2,39 €","31,87 €/L"
Pizza de bolonhesa,PorSi,Embalagem de 350g,"2,16 €","6,17 €/Kg"
"Pilha alcalina, hightech lr03x4",Domédia,1 unidade,"1,99 €","1,99 €/Unidade"
Aptamil  prosyneo ha 2,Aptamil,Embalagem de 800g,"20,99 €","26,24 €/Kg"
Queijo de ovelha curado amanteigado,PorSi Select,250 g,"6,49 €","25,45 €/Kg"
Orelhas,Porco,1 un = 250 gr (aprox.),"0,50 €","4,99 €/Kg"
Molho bechamel,Parmalat,Embalagem de 200 ml,"0,75 €","3,75 €/L"
Cone chocolate,PorSi,Embalagem de 6 x 120 ml,"5,99 €","17,11 €/L"
Leite creme,PorSi,Embalagem de 4x23g,"1,69 €","8,45 €/L"
Rebuçados cristais de neve,PorSi,Embalagem de 250g,"1,15 €","4,60 €/Kg"
Vela com número nº 5,PorSi,1 unidade,"0,59 €","0,59 €/Unidade"
Iogurte líquido morango/banana,PorSi,Embalagem de 4 x 160 g,"1,17 €","1,83 €/Kg"
Batata frita light,Lay's,Embalagem de 140g,"0,95 €","6,33 €/Kg"
Gomas spaghetti pica morango,Haribo,Embalagem de 80g,"1,19 €","3,97 €/Kg"
Pilha alcalina classic lr6x4,Domédia,1 unidade,"1,99 €","1,99 €/Unidade"
Creme de coentros sem batata,PorSi,Embalagem de 400 g,"1,19 €","2,98 €/Kg"
Iogurte morango 000%,PorSi Viva Bem,Embalagem de 4 x 125 g,"0,99 €","1,32 €/Kg"
Manteiga amendoim crocant,PorSi,Embalagem de 340g,"4,19 €","12,32 €/Kg"
Sobremesa de Arroz Doce,PorSi,Embalagem 2X135G,"0,55 €","2,75 €/Kg"
Bolachas cream cracker,PorSi,Embalagem de 200g,"0,39 €","3,12 €/Kg"
Conjunto piquenique,Codil,Conjunto com 13 peças,"12,99 €","12,99 €/Unidade"
"Tesoura 6""",Time Office,1 unidade,"1,99 €","1,99 €/Unidade"
Crepe de ovo,PorSi,Embalagem de 540 g,"2,65 €","8,28 €/Kg"
Caramelos de fruta multisabor single,Sugus,Embalagem de 50g,"1,10 €","4,40 €/Kg"
Frutose,Cemporcent,Embalagem de 250g,"1,34 €","2,68 €/Kg"
Cerveja sem álcool,Cheers,Pack 6 x 0.33 l,"5,99 €","3,03 €/L"
Bolachas bio de chocolate chips organic,Gullón,250 g,"0,90 €","6,00 €/Kg"
Gelatina pronta a comer light 10 kcal morango,Royal,Embalagem de 4 x 100 g,"0,85 €","2,13 €/Kg"
Azeite virgem extra dop moura,PorSi Select,Embalagem de 0.75L,"3,19 €","4,25 €/L"
Tortitas de arroz c/ iogurte,Bicentury,Embalagem de 130g,"1,45 €","11,15 €/Kg"
Bloco sanitário com suporte azul,WC Pato,Embalagem de 40 g,"2,99 €","74,75 €/Kg"
Mistura de sementes,PorSi Viva Bem,Embalagem de 200 g,"1,59 €","10,60 €/Kg"
Moscatel de setúbal,Pioneiro,Garrafa de 750 ml,"7,99 €","11,41 €/L"
Ambientador elétrico baunilha & magnólia asiática,Air Wick,Difusor + Recarga,"3,74 €","3,74 €/Unidade"
"Salsichas em frasco bockwurst, 5 un",Izidoro,Embalagem de 250g,"0,75 €","3,75 €/Kg"
Vinho verde branco alvarinho,Pbrejoeira,Garrafa de 0.75 l,"1,99 €","2,65 €/L"
Stevia chocolate negro,Cemporcent,Embalagem de 100g,"2,99 €","23,92 €/Kg"
Água s/ gás,Luso,"Garrafa de 5,4 l","1,04 €","0,17 €/L"
Farinha para bolos fina,Branca de Neve,Embalagem de 1 kg,"1,99 €","1,99 €/Kg"
Frutos silvestres lata,Koala,Embalagem de 415 g,"1,99 €","2,37 €/Kg"
"Luvas multiusos relevo antiderrapante, tamanho peque...",PorSi,Embalagem de 1 unidades,"0,69 €","0,69 €/Unidade"
Whisky heritage blend,Logan,Garrafa de 700 ml,"29,99 €","42,84 €/L"
Rolo de Cozinha Multi,Renova,4 Rolos,"3,49 €","3,49 €/Unidade"
Tâmara seca sem caroço,PorSi Bio,Embalagem de 150g,"1,29 €","8,60 €/Kg"
Polvo limpo,PorSi,Embalagem de 800 g,"5,49 €","6,86 €/Kg"
Azeite virgem extra,Ouro elvas,Garrafa de 750 ml,"3,19 €","4,25 €/L"
Molho bechamel,PorSi,Embalagem de 200g,"0,70 €","2,33 €/Kg"
Leite com chocolate,PorSi,Embalagem de 200 ml,"0,26 €","1,30 €/L"
Farinheira das beiras,PorSi,Embalagem de 260G,"1,49 €","7,45 €/Kg"
Lixívia Denso-Activa Tradicional p/ Casa e Roupa,Neoblanc,Embalagem de 2 l,"1,74 €","0,35 €/L"
Pilha alcalina heightech lr6x4,Domédia,1 unidade,"1,99 €","1,99 €/Unidade"
Esparregado de espinafres sem lactose,PorSi Viva Bem,Embalagem de 360 g,"0,99 €","1,98 €/Kg"
Esparguete,PorSi,Embalagem de 1 kg,"0,89 €","1,78 €/Kg"
Azeite virgem extra reserva,Gallo,Garrafa de 750 ml,"3,19 €","4,25 €/L"
Água sem gás,Vitalis,Garrafa de 0.5 l,"1,04 €","0,17 €/L"
Desentupidor canos,Mr.muscle,Embalagem de 1 l,"3,99 €","5,32 €/L"
Café em grão,Delta,Embalagem de 250g,"9,16 €/Kg","9,16 €/Kg"
Tostas suecas de trigo,PorSi,Embalagem de 225 g,"2,39 €","6,83 €/Kg"
Vinho tinto regional setúbal,Herdade da comporta,Garrafa de 0.75 l,"8,59 €","11,45 €/L"
Tablete de chocolate com avelãs,PorSi,Embalagem de 100 g,"6,50 €/Kg","6,50 €/Kg"
Papa infantil não láctea multicereais +6 meses,Cerelac,Embalagem de 250g,"4,49 €","4,49 €/Kg"
Batata frita caseira,PorSi,Embalagem de 180g,"0,87 €","5,44 €/Kg"
Cone morango/baunilha,PorSi,Embalagem de 6 x 120 ml,"5,99 €","17,11 €/L"
Soja nacos,PorSi Viva Bem,Embalagem de 400 g,"2,09 €","8,36 €/Kg"
Tablete de chocolate culinário branco,PorSi,Embalagem de 180 g,"1,04 €","8,32 €/Kg"
Café moído torrado aroma originale,Belissimo,Embalagem de 200g,"9,16 €/Kg","9,16 €/Kg"
Caramelos de leite,Penha,Embalagem de 250g,"2,75 €","11,00 €/Kg"
Vela com número nº 1,PorSi,1 unidade,"0,59 €","0,59 €/Unidade"
Água com gás natural pet,P.salgadas,pack 6 x 0.33 l,"2,85 €","2,85 €/L"
Néctar bio laranja,Paquito,"Embalagem de 1,5 l","1,59 €","1,59 €/L"
Néctar ananás,PorSi,Pack 3 x 200 ml,"0,99 €","0,99 €/L"
Sal cristal,PorSi,embalagem de 1 kg,"0,25 €","0,25 €/Kg"
Barrita controlo de peso chocolate,Ignoramu,Embalagem de 44g,"1,99 €","45,23 €/Kg"
Vinho rosé,Mateus,Garrafa de 750 ml,"4,29 €","5,72 €/L"
Elixir Total Care Zero,Listerine,Embalagem de 500 ml,"6,99 €","13,98 €/L"
Limpa madeiras com sabão,PorSi,1.5 litros,"5,49 €","54,90 €/L"
Refresco em pó de laranja,Tang,Embalagem de 30g,"0,75 €","18,75 €/Kg"
Amaciador  p/ roupa concentrado Aromaterapia,PorSi,Embalagem com 60 doses,"3,99 €","3,99 €/Unidade"
Rhum com coco,Malibu,Garrafa de 700 ml,"17,49 €","24,99 €/L"
Pão forma com côdea,PorSi,Embalagem de 600g,"0,99 €","1,65 €/Kg"
Ganchos Perfumados Lavanda,Raid,2 unidades,"4,19 €","4,19 €/Unidade"
Spray elimina odores do calçado,PorSi,embalagem de 100 ml,"1,49 €","1,49 €/Unidade"
Sangria branca,Casal Garcia,Garrafa de 750 ml,"2,39 €","1,59 €/L"
Tofu biológico,PorSi Bio,Embalagem de 300g,"1,57 €","15,70 €/Kg"
Bolachas crackers s/ sal,Du bois,Embalagem de 500g,"0,39 €","3,12 €/Kg"
Tablete de chocolate culinário branco,PorSi,Embalagem de 180 g,"5,80 €/Kg","5,80 €/Kg"
Lipton limão zero pet,Lipton,Garrafa de 2 l,"1,14 €","0,76 €/L"
Jameson caskmates ipa 70cl,Jameson,Garrafa de 700 ml,"23,99 €","23,99 €/L"
Leite condensado magro,Nestle,Embalagem de 390g,"1,09 €","2,75 €/Kg"
Coca-cola light,Coca-Cola,Garrafa de 1 l,"0,79 €","0,40 €/L"
Arroz carolino,PorSi,Embalagem de 1 kg,"0,99 €","0,99 €/Kg"
Estendal de roupa com abas resina,PorSi,20 metros,"0,89 €","0,89 €/Unidade"
Pescada de África do Sul,Peixe Congelado,"Vendido ao peso, 1 unidade = 400 a 600 g aprox.","2,99 €","4,99 €/Kg"
Manjericão,PorSi,50 g,"0,99 €","19,80 €/Kg"
Feijão encarnado,PorSi,Embalagem de 820 g,"1,79 €","2,29 €/Kg"
Delícia semi-fria cheesecake,Royal,embalagem de 325 g,"1,69 €","8,45 €/L"
Bloco Sanitário Poder Activo Aqua,Sonasol,Embalagem de 50 g,"2,99 €","74,75 €/Kg"
Caramelo líquido,Royal,Embalagem de 400g,"1,29 €","3,23 €/Kg"
Concentrado de frutas tropicais,Sunquick,Garrafa de 700 ml,"3,54 €","3,54 €/L"
Pimenta preta grão,PorSi,Saqueta de 50 g,"0,25 €","0,25 €/Kg"
Ameijoa Castanha Vietnamita,Marisco Congelado,Venda ao Kilo,"2,00 €","7,99 €/Kg"
Marmelada com frutose,PorSi Viva Bem,Embalagem de 400g,"1,09 €","2,42 €/Kg"
Gelatina de morango,PorSi,Embalagem de 170g,"0,55 €","61,11 €/Kg"
Iogurte activia líquido morango,Danone,Embalagem de 4 x 155 g,"2,79 €","6,07 €/Kg"
Liégeois Sobremesa de chocolate,Páturages,Embalagem de 4x100 g,"1,37 €","2,98 €/Kg"
Pensos clássicos,PorSi,20 unidades,"2,99 €","2,99 €/Unidade"
Adoçante com doseador,PorSi,Embalagem 100 comprimidos,"6,21 €","6,21 €/Unidade"
Palhinhas de papel,PorSi,25 unidades,"0,59 €","0,59 €/Unidade"
Fralda cueca T5 - 12 a 18 kg,PorSi,20 unidades,"8,99 €","8,99 €/Unidade"
Costeletas do Lombo,Borrego,1 un = 250 gr  (aprox.),"19,49 €","12,99 €/Kg"
Bolachas com recheio baunilha,PorSi,Embalagem de 500g,"2,15 €","2,87 €/Kg"
Requeijão Ovelha,Saloio,170 g,"1,09 €","5,45 €/Kg"
Açúcar mascavado claro,Rar,Embalagem de 500 g,"1,49 €","1,49 €/Kg"
Bife do Lombo,Novilho,1 un= 150 gr (aprox.),"4,50 €","29,99 €/Kg"
Spray óleo amêndoas doces,Hidro,Embalagem de 100 ml,"2,99 €","2,99 €/Unidade"
Queijo fleur dange,Páturages,Embalagem de 200 g,"2,61 €","13,05 €/Kg"
"Limpa vidros, azul",PorSi,Embalagem de 5 l,"3,99 €","0,80 €/L"
Yofu de soja natural,Alpro,Embalagem de 4x125 g,"3,39 €","6,78 €/Kg"
Gambão Cozido 20/30,Marisco Fresco,,"2,50 €","9,99 €/Kg"
Lava tudo amigo dos animais,Xanpa,Embalagem de 1 l,"2,59 €","1,30 €/L"
"Salsichas aves, frasco com 5 unidad",Izidoro,Embalagem de 250g,"0,75 €","3,75 €/Kg"
Bio miolo amendoa compele,PorSi Bio,Embalagem de 100g,"0,79 €","3,95 €/Kg"
Rum anejo especial,Havana,Garrafa de 700 ml,"17,49 €","24,99 €/L"
"Vela em número, nº 7",PorSi,1 unidade,"0,59 €","0,59 €/Unidade"
Licor de anis,On Off,"Garrafa de 0,70 l","7,99 €","11,41 €/L"
Cápsulas de café delta qualidus,Delta Q,Embalagem de 60g,"2,79 €","19,93 €/Kg"
Chispalhada,PorSi,Embalagem de 420 g,"2,35 €","5,60 €/Kg"
"Refrigerante sem gás, maracujá e la",Joi,"Garrafa de 1,5 l","1,14 €","0,76 €/L"
Tequila,On Off,Garrafa de 70 cl,"11,99 €","11,99 €/L"
Saqueta de puré de fruta | maçã + pera,PorSi,90 g,"0,74 €","8,22 €/Kg"
Pilha alcalina hightech lr20x2,Domédia,1 unidade,"1,99 €","1,99 €/Unidade"
Tira gorduras dia a dia,Mistolin,Garrafa de 750 ml,"1,29 €","1,72 €/L"
Chupas Party Mix,PorSi,150 g,"1,54 €","10,27 €/Kg"
Vinho maduro branco,Casal da eira,Embalagem de 250 ml,"0,69 €","2,76 €/L"
Bacalhau com azeite e alho,PorSi Select,Lata de 120 g,"0,89 €","7,42 €/Kg"
Creme vegetal para barrar,PorSi,Embalagem de 500 g,"1,39 €","6,95 €/L"
Vinho verde branco,Presidente,Garrafa de 0.75 l,"1,99 €","2,65 €/L"
Salsichão fuet caseiro,Elpozo,Embalagem de 150g,"3,29 €","21,93 €/Kg"
Café moagem normal: original,Buondi,Embalagem de 220g,"9,76 €/Kg","9,76 €/Kg"
Pasta dentífrica menta fresca,Aquafresh,Embalagem de 75 ml,"2,39 €","31,87 €/L"
Acetona,PorSi,Embalagem de 60 ml,"0,89 €","14,83 €/L"
Leite UHT Meio Gordo,PorSi,1 l,"0,81 €","0,81 €/L"
Dobrada com feijão,Nobre,Embalagem de 420g,"2,35 €","5,60 €/Kg"
Pensos térmicos alívio da dor muscular 13x10cm,PorSi,Embalagem de 2 unidades,"2,99 €","2,99 €/Unidade"
Empadas soja,PorSi Viva Bem,Embalagem de 260g,"2,09 €","8,36 €/Kg"
Vinho tinto regional peninsula de setúbal,Fonte nico,Garrafa de 750 ml,"8,59 €","11,45 €/L"
Creme de corpo exfoliante,Labell,Embalagem de 150 ml,"0,76 €","0,76 €/Unidade"
Refrigerante s/ gás flórida,Sunny d,"Garrafa de 1,25 l","1,14 €","0,76 €/L"
Whisky,F.grouse,Garrafa de 1 litro,"23,99 €","23,99 €/L"
Tronco de Natal Doce de Ovos,Pastelaria do Dia,800g,"4,29 €","6,60 €/Kg"
Arroz de pato,PorSi,Embalagem de 250 g,"2,99 €","11,96 €/Kg"
Alimento seco para gato Júnior,Whiskas,Embalagem de 950 g,"3,99 €","2,00 €/Kg"
"Pensos Elásticos Mini Pack, 6 unidades",Hansaplast,1 embalagem,"2,99 €","2,99 €/Unidade"
Inseticida Eléctrico Night & Day,Raid,1 Difusor + 1 Recarga,"6,39 €","6,39 €/Unidade"
Detergente manual de roupa,Omo,Embalagem de 540g,"1,09 €","2,73 €/Kg"
Vinho do porto lbv 2004,Cruz,Garrafa de 0.75 l,"11,49 €","15,32 €/L"
Romã,Fruta da Época,1 un = 250 gr  (aprox.),"1,89 €/Kg","1,89 €/Kg"
Queijo azul,PorSi,100 g,"3,79 €","37,90 €/Kg"
Licor triple seco 16%,Olaias,Garrafa de 1 l,"7,99 €","11,41 €/L"
Azeite Virgem Extra Clássico,Gallo,Garrafa de 2 l,"3,19 €","4,25 €/L"
Cogumelos Granel,Legumes do Dia,1 un = 200 gr (aprox.),"1,00 €","4,99 €/Kg"
Papa infantil não láctea 8 cereais e mel +6 meses,Cerelac,Embalagem de 250g,"4,49 €","4,49 €/Kg"
Cachaço curado fatiado,Terras do Demo,Embalagem de 90 g,"3,29 €","36,56 €/Kg"
Cereais estrelitas,Nestle,Embalagem de 550g,"5,07 €/Kg","5,07 €/Kg"
Bolo recheio de chocolate multipack,Chipicao,Embalagem de 230g,"2,05 €","5,13 €/Kg"
Bombons de Chocolate Leite,Merci,Embalagem de 250 g,"18,76 €/Kg","18,76 €/Kg"
Nestum flocos de cereais integrais,Nestum,Embalagem de 250g,"2,19 €","8,76 €/Kg"
Café torrado lote chávena saco,Delta,Embalagem de 250g,"9,16 €/Kg","9,16 €/Kg"
Melaço de cana,Cemporcent,Embalagem de 370g,"3,99 €","7,82 €/Kg"
Batata frita light,PorSi,Embalagem de 150g,"0,95 €","6,33 €/Kg"
Palmiers,PorSi,Embalagem de 100g,"1,69 €","6,76 €/Kg"
Guardanapos 2 folhas brancos e dourado,PorSi Select,50 unidades,"1,29 €","1,29 €/Unidade"
24 Caldos de carne,PorSi,Embalagem de 255  g,"3,84 €","24,00 €/Kg"
Queijo mozzarella fatiado,Top Budget,Embalagem de 225 g,"1,56 €","7,80 €/Kg"
Lava tudo brilhante madeiras,PorSi,Embalagem de 1.1 litros,"0,99 €","0,50 €/L"
Vinho regional de lisboa tinto,Marginal,Garrafa de 750 ml,"5,99 €","7,99 €/L"
Cereais cruesli fruta,Quaker,Embalagem de 380g,"2,29 €","6,11 €/Kg"
Sobremesa gelatina de ananás,PorSi,Embalagem 4X100G,"0,85 €","2,13 €/Kg"
Carne p/ Estufar,Novilho,Vendido ao peso a partir de 800 g,"4,50 €","29,99 €/Kg"
Barras de cereais com chocolate preto,PorSi,6 x 23 g,"1,29 €","10,24 €/Kg"
Tomates Cereja Kumato Biológicos,PorSi Bio,± 200 g,"1,49 €","7,45 €/Kg"
Leite de coco bio,PorSi Bio,400 ml,"1,57 €","15,70 €/Kg"
Massa quebrada margarina,PorSi,Embalagem de 230 g,"0,99 €","4,30 €/Kg"
Máquina Depilatória Descartável Twin Lady,Bic,Embalagem com 10 un.,"4,99 €","4,99 €/Unidade"
"Formas de alumínio rectangulares com tampa, 600ml , ...",PorSi,Uma embalagem,"1,11 €","1,11 €/Unidade"
Folhado de salsicha,PorSi,Embalagem de 6x60 g,"1,79 €","7,16 €/Kg"
Dettol sabonete líquido Lavanda,Dettol,Garrafa de 250 ml,"0,99 €","1,98 €/L"
10 hamburguers 60% carne de bovino,PorSi,Embalagem de 1 kg,"2,79 €","8,72 €/Kg"
Feijão verde,PorSi,Embalagem de 750 g,"0,74 €","1,85 €/Kg"
Chá preto,Tetley,Embalagem de 20g,"1,99 €","49,75 €/Kg"
Alho-francês,PorSi,Embalagem de 750 g,"0,74 €","1,85 €/Kg"
Mignonnettes Leite,Cote D'or,Embalagem de 240 g,"5,30 €/Kg","5,30 €/Kg"
"Inseticida eléctrico, recarga, night&day",Raid,1 unidade,"6,39 €","6,39 €/Unidade"
Chocolate Branco Milkybar,Nestle,Embalagem de 100g,"5,80 €/Kg","5,80 €/Kg"
Feijão branco,Compal,Lata de 410 ml,"1,79 €","2,29 €/Kg"
Gel de Banho Deeply Nourishing,Dove,Embalagem de 750 ml,"4,99 €","9,98 €/L"
Chocolate negro 90% cacau bio,Cemporcent,Embalagem de 100g,"2,99 €","23,92 €/Kg"
"Toalhitas intimas, 20 unidades",Labell,Uma embalagem,"2,19 €","2,19 €/Unidade"
Queijo Comté Le Montarlier,President,Embalagem de 225 g,"2,61 €","13,05 €/Kg"
Papel higiénico reciclado 2 folhas,PorSi,12 rolos,"1,99 €","1,99 €/Unidade"
Ovos Frescos Classe M,PorSi,12 unidades,"2,19 €","2,19 €/Unidade"
Cereais bio chocapic,Nestle,Embalagem de 330g,"1,57 €","15,70 €/Kg"
Bomba de ar de pé,Bestway,1 un.,"12,99 €","12,99 €/Unidade"
Magnum amêndoa,Olá,Embalagem de 6 x 55 ml,"5,99 €","17,11 €/L"
Detergente líquido baby,Skip,22 doses,"3,55 €","2,37 €/L"
Bebida de Aveia,PorSi Viva Bem,1 l,"1,59 €","1,59 €/L"
Cacau em pó,Pantagruel,Embalagem de 130g,"1,04 €","8,32 €/Kg"
Salada de fruta em calda,PorSi,Lata com 820 g,"1,99 €","2,37 €/Kg"
Receita caseira de bolonhesa,Nobre,Embalagem de 420g,"2,35 €","5,60 €/Kg"
"Hamburgers de porco, 4x80g",PorSi,Embalagem de 320 g,"2,79 €","8,72 €/Kg"
"Máquina depilatória descartável, 2beauty, 5 unidades",Wilkinson,1 embalagem,"7,99 €","7,99 €/Unidade"
"Iogurte pedaços, frutimax muesli",PorSi,Embalagem de 4 x 125 g,"4,36 €","2,18 €/Kg"
Creme Depilatório Peles Sensíveis,Veet,Embalagem de 200 ml,"3,99 €","19,95 €/L"
Doce morango 284g,ST.DALFOUR,Frasco de 284g,"2,19 €","9,95 €/Kg"
Pasta dentífrica herbal,Colgate,Embalagem de 75 ml,"2,39 €","31,87 €/L"
Castanhas,PorSi,Embalagem de 500G,"3,29 €","4,39 €/Kg"
Recarga difusor elétrico recarga citronela,Dum Dum,1 unidade,"6,39 €","6,39 €/Unidade"
Ananás rodelas em sumo,PorSi,Embalagem de 3 x 220 g,"1,99 €","2,37 €/Kg"
Fruta para bebé maçã cenoura manga +6 meses,Nestle,Embalagem de 90g,"0,74 €","8,22 €/Kg"
Mix de frutas para smothie,PorSi,Embalagem de 450 g,"3,29 €","4,39 €/Kg"
Bebida láctea crescimento c/ bolacha maria,Nestle,Embalagem de 1 litro,"0,26 €","1,30 €/L"
Leite seleccionado magro,Matinal,Garrafa de 1 l,"0,81 €","0,81 €/L"
20 mini rissóis de camarão,PorSi,Embalagem de 300 g,"1,79 €","7,16 €/Kg"
Discos Sanitários Activos Aparelho Marinho,WC Pato,Embalagem de 36 ml,"2,99 €","74,75 €/Kg"
Amaciador roupa concentrado lírios e morango,PorSi,60 doses,"3,99 €","3,99 €/Unidade"
"Comida húmida para cão vaca, frango e borrego",Friskies,Embalagem de 12 x 100 g,"0,75 €","2,50 €/Kg"
Iogurte sabor pêssego morango e manga,Danone,Embalagem de 8 x 120 g com 1 grátis,"1,87 €","1,25 €/Kg"
Rissóis de Camarão Pré-Fritos,*,,"0,05 €","0,85 €/Kg"
Açúcar areado amarelo,Rar,Embalagem de 1kg,"1,49 €","1,49 €/Kg"
Maçã Golden Premium,*,Calibre: 75/80,"0,23 €","1,79 €/Kg"
15 douradinhos,Capitão Iglo,Embalagem de 420g,"1,79 €","7,16 €/Kg"
Paté de pato com Vinho do Porto,Mortier,150 g,"0,80 €","10,67 €/Kg"
Sumo natural de uva preta bio,Cemporcent,Garrafa de 200 ml,"1,19 €","1,86 €/L"
Shampô azul concentrado,PorSi,Embalagem de 1 l,"3,99 €","0,80 €/L"
Perolas perfumadas floral,PorSi,Embalagem de 275 g,"29,99 €","7,06 €/L"
"Bolachas chiquilin, com 2 chocolates",Artiach,Embalagem de 150g,"2,15 €","2,87 €/Kg"
Preparado sobremesa vegan sem lactose,Nestle,Embalagem de 370g,"1,69 €","8,45 €/L"
Pasta Dentífrica Menta Suave,Aquafresh,Embalagem de 75 ml,"2,39 €","31,87 €/L"
Farinha de milho 500g,ESPIGA,Embalagem de 500g,"1,99 €","1,99 €/Kg"
Iogurte activia líquido cereais,Danone,Embalagem de 4 x 155 g,"2,79 €","6,07 €/Kg"
Ice tea de limão,PorSi,"Embalagem de 1,5 l","1,14 €","0,76 €/L"
Fiambre da perna extra,PorSi,Pack Poupança de 2 x 170 g,"1,39 €","6,95 €/Kg"
Abacaxi Maturado Plump Gold,Fruta do Dia,1 un = 2kg ( aprox.),"5,98 €","2,99 €/Kg"
Pescoço,Borrego,1 un = 500 gr (aprox.),"19,49 €","12,99 €/Kg"
Vinho rosé,Gatão,Garrafa de 0.75 l,"4,29 €","5,72 €/L"
Fiambre da perna extra baixo teor de gordura fatias ...,PorSi Viva Bem,Embalagem de 200 g,"1,39 €","6,95 €/Kg"
Adoçante c/ doseador,Canderel,Embalagem de 30g,"6,21 €","6,21 €/Unidade"
Yopro líquido manga,Danone,Embalagem de 300g,"1,17 €","1,83 €/Kg"
Batata pré-frita palito,PorSi,Embalagem de 1 kg,"1,39 €","1,39 €/Kg"
Bacalhau posta média,PorSi,Embalagem de 800g,"6,39 €","7,99 €/Kg"
Rebuçados peitorais,Dr.bayard,Embalagem de 100g,"0,77 €","3,85 €/Kg"
Barras de cereais forma clássica,PorSi,Embalagem de 126g,"1,29 €","10,24 €/Kg"
Barras fitness natural 141g,Nestle,Embalagem de 140g,"1,29 €","10,24 €/Kg"
Rebucado mentol 250g,Vieira,Embalagem de 250g,"0,77 €","3,85 €/Kg"
Lixívia com detergente,PorSi,Embalagem de 2 l,"2,59 €","1,30 €/L"
Fósforos cozinha,Flamefast,Uma embalagem com 4 unidades,"1,29 €","1,29 €/Unidade"
Bebida de Soja Chocolate,PorSi Viva Bem,Pack: 3 x 200 ml,"2,59 €","2,59 €/L"
Ayam leite de coco,Ayam,Garrafa de 200 ml,"1,69 €","8,45 €/L"
Nata uht p/ bater 0% lactose,Parmalat,Embalagem de 200 ml,"0,75 €","3,75 €/L"
Metades de pera em calda,PorSi,Lata de 820 g,"1,99 €","2,37 €/Kg"
Fralda Cueca Banho Splashers T4,Dodot,1 Embalagem c/11 unidades,"8,99 €","8,99 €/Unidade"
Cereais recheados com chocolate e avelã,PorSi,Embalagem de 400g,"5,07 €/Kg","5,07 €/Kg"
Bolachas com recheio de chocolate,PorSi,Embalagem de 500g,"2,15 €","2,87 €/Kg"
Manteiga magra,PorSi,Embalagem de 250g,"1,69 €","6,76 €/Kg"
Natas para café,President,Embalagem de 10X10G,"0,75 €","3,75 €/L"
Álcool canforado 85%,PorSi,Embalagem de 250 ml,"2,99 €","2,99 €/Unidade"
Chip choco diet nature,Gullon,Embalagem de 130g,"0,90 €","6,00 €/Kg"
Arroz integral,PorSi Viva Bem,Embalagem de 1 kg,"1,34 €","2,68 €/Kg"
Vinho maduro branco meio seco,Adega grande,Garrafa de 750 ml,"1,69 €","2,25 €/L"
"Carregador Máquina Depilatória, Body Men",Gillette,Embalagem com 4 unidade,"7,99 €","7,99 €/Unidade"
"Lenços de bolso, mentol, 10 unidades",Renova,Uma embalagem de 6x10,"0,89 €","0,89 €/Unidade"
"Acendalha branca, 32 cubos",PorSi,Uma embalagem,"0,75 €","0,75 €/Unidade"
Limpa Moveis Lavanda,Pronto,300 ml,"5,49 €","54,90 €/L"
Inseticida moscas e mosquitos,Dum Dum,Garrafa de 300 ml,"4,79 €","11,98 €/L"
Caramelos de nata,PorSi,Embalagem de 250g,"2,75 €","11,00 €/Kg"
Whisky,J&B,Garrafa de 1 l,"23,99 €","23,99 €/L"
Bio miolo amendoa compele,PorSi Bio,Embalagem de 100g,"1,57 €","15,70 €/Kg"
Molas plásticas amarelas,PorSi,50 unidades,"0,89 €","0,89 €/Unidade"
Molho inglês,Savora,Garrafa de 120 ml,"0,70 €","2,33 €/Kg"
Óleo Protector FPS 20,Ambre Solaire,Embalagem de 150 ml,"12,99 €","64,95 €/L"
Queijo de nisa dop,PorSi Select,1 unidade = 280g (aprox.),"6,99 €","24,96 €/Kg"
Desodorizante roll-on sensitive,Lycia,Embalagem de 50 ml,"4,99 €","99,80 €/L"
Creme vegetal para culinária,PorSi,Embalagem de 1 kg,"2,89 €","2,89 €/Kg"
Vinho doc dão tinto,Grao vasco,Garrafa de 750 ml,"3,99 €","5,32 €/L"
Cereais cookie crisp,Nestle,Embalagem de 380g,"5,07 €/Kg","5,07 €/Kg"
Palito la reine,PorSi,Embalagem de 400 g,"0,69 €","3,45 €/Kg"
Toranja,Fruta do Dia,1 un = 300 gr  (aprox.),"0,75 €","2,49 €/Kg"
Chocolate chunky,Kit kat,Embalagem de 160g,"16,40 €/Kg","16,40 €/Kg"
Pilha alcalina classic lr6x8,Domédia,1 unidade,"1,99 €","1,99 €/Unidade"
Rebuçados mentho-lyus sem açúcar,Halls,Embalagem de 31 g,"0,77 €","3,85 €/Kg"
Porto ruby,Valadao,Garrafa de 750 ml,"6,49 €","8,65 €/L"
Chá Aromatizado Pirâmide Baunilha/Caramelo,PorSi,20 x 2 g,"1,09 €","54,50 €/Kg"
Camarão 60/95,PorSi,Vendido a partir de 250 (aprox.),"3,00 €","11,99 €/Kg"
Azeite Virgem,Oliveira da Serra,Embalagem de 750 ml,"3,19 €","4,25 €/L"
Baguete de alho,Panike,Embalagem de 350g,"3,40 €/Kg","3,40 €/Kg"
Sabonete líquido mel,Feno,Embalagem de 300 ml,"0,99 €","1,98 €/L"
Pilha alcalina classic lr03x4,Domédia,1 unidade,"1,99 €","1,99 €/Unidade"
Toalhitas WC Sensitive,Kandoo,Embalagem  2 x 50 un.,"1,09 €/Unidade","1,09 €/Unidade"
Salsicha p/Churrasco Aves,Carne Sorraia,1 Embalagem 360G,"2,09 €","9,95 €/Kg"
Caramelos de fruta,Penha,Embalagem de 100g,"1,10 €","4,40 €/Kg"
Refrigerante c/ gás de laranja zero,Fanta,"Garrafa de 1,5 l","0,79 €","0,40 €/L"
Bebida energética,Red Bull,Pack 4 x 0.25 l,"5,49 €","5,49 €/L"
Cerveja c/ álcool radler,Sagres,pack 6 x 0.33 l,"1,99 €/L","1,99 €/L"
Manteiga c/sal,Terra Nostra,Embalagem de 250g,"1,69 €","6,76 €/Kg"
"Pasta de limpeza com oxigénio activo, 48 unidades",Polident,Uma embalagem,"9,79 €","122,38 €/Kg"
Aperitivos 3d's cones,3d's,Embalagem de 90g,"0,89 €","8,90 €/Kg"
Batata frita rodelas,PorSi,Embalagem de 2x70g,"1,06 €","5,73 €/Kg"
"Paezinhos azeite, alho e salsa",PorSi,Embalagem de 160g,"2,39 €","6,83 €/Kg"
Leite condensado cozido,PorSi,Embalagem de 397 g,"1,09 €","2,75 €/Kg"
Geleia de marmelo,Casa de Mateus,345 g,"3,29 €","9,54 €/Kg"
Spray Óleo Sublime Bronzeador,Corine de Farme,Embalagem de 150 ml,"12,99 €","64,95 €/L"
Sopa da pedra,PorSi,Embalagem de 420 g,"2,35 €","5,60 €/Kg"
Tablete de chocolate leite c/ avelãs,Milka,Embalagem de 270g,"6,50 €/Kg","6,50 €/Kg"
Ambientador aerosol pure flor de cerejeira,Air Wick,Garrafa de 250 ml,"6,99 €","27,96 €/L"
Limpa móveis multissuperfícies,PorSi,Frasco de 300ml,"5,49 €","54,90 €/L"
Adoçante comprimidos,PorSi,Embalagem de 250 saquetas,"6,21 €","6,21 €/Unidade"
Café torrado 5 estrelas moagem normal,Sical,Embalagem de 250g,"9,16 €/Kg","9,16 €/Kg"
Lixívia Roupa delicada,PorSi,Embalagem de 2 l,"2,19 €","1,10 €/L"
Iogurtes magros aroma manga,PorSi Viva Bem,Embalagem de 6 x 125 g,"0,99 €","1,32 €/Kg"
Limpa Madeiras com Sabão,PorSi,Embalagem de 1 L,"0,94 €","0,94 €/L"
Nectar multivitaminas,Paquito,Embalagem de 2 l,"0,99 €","0,99 €/L"
Feijão com dobrada,PorSi,Embalagem de 420 g,"2,35 €","5,60 €/Kg"
Adoçante com doseador,PorSi,Embalagem de 66g,"6,21 €","6,21 €/Unidade"
Manteiga amendoim cremosa,Calvé,Embalagem de 350g,"4,19 €","12,32 €/Kg"
Manteiga com sal,Primor,Embalagem de 250g,"1,69 €","6,76 €/Kg"
Detergente liquido para máquina de lavar roupa activ...,Skip,Embalagem de 80 doses,"29,99 €","7,06 €/L"
"Refeição pronta, boião de frango e arroz",Bledina,Embalagem de 200g,"1,89 €","9,95 €/Kg"
Néctar vital equilibrio manga/maracujá,Compal,Embalagem de 1 l,"0,89 €","2,70 €/L"
"Sumo 100%, laranja",PorSi,"Embalagem de 1,5 l","1,09 €","0,73 €/L"
"Vinho branco, denominação de origem controlada, dour...",VILA REAL,Garrafa de 750 ml,"7,99 €","10,65 €/L"
10 salsichas de porco em lata,PorSi,Embalagem de 250G,"0,75 €","3,75 €/Kg"
Mistura solúvel c/ 20% café pó,PorSi,Embalagem de 200g,"0,99 €","3,96 €/Kg"
Tablete de chocolate negro,PorSi Select,200 g,"6,50 €/Kg","6,50 €/Kg"
Leite e cereais bolacha maria +6 meses,Cerelac,Garrafa de 400 ml,"4,49 €","4,49 €/Kg"
Café solúvel intenso,Delta,Embalagem de 100g,"14,50 €/Kg","14,50 €/Kg"
Bebida doubleshot expresso,STARBUCKS,Embalagem de 200 ml,"15,92 €/Kg","15,92 €/Kg"
Cenoura baby,PorSi,Embalagem de 400 g,"0,74 €","1,85 €/Kg"
Bolacha waffer bites avelã,Waferland,Embalagem de 125g,"0,98 €","4,67 €/Kg"
Brandy,Croft,Garrafa de 700 ml,"12,49 €","17,84 €/L"
12 douradinhos forníssimo,Capitão Iglo,Embalagem de 300g,"9,30 €/Kg","9,30 €/Kg"
Mistolin advanced anticalcário,Mistolin,Garrafa de 500 ml,"1,79 €","2,39 €/L"
Queijo chevre,Palhais,Embalagem de 180g,"1,89 €","10,50 €/Kg"
Guardanapos de 1 folha amarelos | dim.: 30 x 29 cm,PorSi,Embalagem com 70 unidades,"1,29 €","1,29 €/Unidade"
Sangria branca,PorSi,Garrafa de 1.5 litros,"2,39 €","1,59 €/L"
Snack gato sticks carne 6x5g porsi,PorSi,Embalagem de 30g,"2,19 €","54,75 €/Kg"
Aperitivo de amendoins tostados forno,Matutano,Embalagem de 120g,"0,89 €","8,90 €/Kg"
Mistura solúvel mokambo,Nestle,Embalagem de 200g,"0,99 €","3,96 €/Kg"
Resguardos de cama,PorSi,20 unidades de 60 x 90 cm,"6,99 €","6,99 €/Unidade"
Farinha s/ fermento tipo 65,ESPIGA,Embalagem de 1 kg,"1,99 €","1,99 €/Kg"
8 pães de leite,PorSi,Embalagem de 280 g,"2,59 €","7,40 €/Kg"
Milho tenro e doce,Bonduelle,Embalagem de 300 g,"1,79 €","2,29 €/Kg"
Vermute rosso,Martini,Embalagem de 10x6 cl,"8,49 €","11,32 €/L"
Sopa de cozido,Knorr,Embalagem de 70g,"0,84 €","13,55 €/Kg"
Sopa de cebola económica,Knorr,Embalagem de 50g,"0,84 €","13,55 €/Kg"
Nuggets frango,PorSi,pack familiar de 1 kg,"2,79 €","8,72 €/Kg"
Água mineral sem gás,Serra de Fafe,Embalagem de 6x0.5l,"1,04 €","0,17 €/L"
Bebida Energética Apple,Hell,250 ml,"5,49 €","5,49 €/L"
Manteiga fácil de barrar,President,Embalagem de 250g,"1,69 €","6,76 €/Kg"
Presunto fatiado,PorSi,Embalagem de 200g,"2,79 €","13,95 €/Kg"
Conjunto de banho + vela,Tesori D'Oriente,1 unidade,"14,99 €","14,99 €/Unidade"
Água Micelar Vitamina C,Garnier,Embalagem de 400 ml,"0,76 €","0,76 €/Unidade"
Bombons Caixa Dourada c/ Laço,Belgian,Embalagem de 100G,"18,76 €/Kg","18,76 €/Kg"
Sopa de agriao,PorSi,Embalagem de 400g,"1,19 €","2,98 €/Kg"
Creme abrasivo limão,Cif,Garrafa de 700 ml,"0,99 €","1,32 €/L"
"Iogurte líquido yoggi, sem lactose, morango",Nestle,Embalagem de 4 x 160 g,"1,17 €","1,83 €/Kg"
Pensos higiénicos liberty normal abas,Evax,Embalagem com 12 un.,"4,99 €","4,99 €/Unidade"
Cajus tostados no forno,Matutano,Embalagem de 90g,"0,89 €","8,90 €/Kg"
Vinho regional lisboa reserva tinto,Marginal,Garrafa de 0.75 l,"5,99 €","7,99 €/L"
Farinha de trigo integral,Cemporcent,Embalagem de 500g,"2,49 €","12,45 €/Kg"
Lava tudo antibacteriano herbal,PorSi,Garrafa de 1.5 l,"0,99 €","0,50 €/L"
Vassoura Simples Pluma,PorSi,unidade,"2,20 €","2,20 €/Unidade"
Arroz vaporizado,Cigala,Embalagem de 1 kg,"0,99 €","0,99 €/Kg"
6 chamucas de carne,PorSi,Embalagem de 240g,"1,79 €","7,16 €/Kg"
Chocolate culinário,Nestle,Embalagem de 200g,"1,04 €","8,32 €/Kg"
Massa meada,PorSi,Embalagem de 500g,"0,89 €","1,78 €/Kg"
Cevada solúvel,PorSi,Embalagem de 200g,"0,99 €","3,96 €/Kg"
Bolacha maria oro +33% grátis,Cuetara,Embalagem de 800g,"2,11 €/Kg","2,11 €/Kg"
Atum posta ao natural,Bom petisc,Embalagem de 120 g,"0,89 €","7,42 €/Kg"
Gin dry bombay(40º) 0.70l,Bombay,Garrafa de 700 ml,"19,79 €","19,79 €/L"
Bolachas cream cracker,PorSi,Embalagem de 600g,"0,39 €","3,12 €/Kg"
Peito de peru,Salsicharia Limiana,"Vendido ao peso, fatiado","2,25 €","11,25 €/Kg"
Peito,Borrego,1 un = 500 gr (aprox.),"19,49 €","12,99 €/Kg"
Bolacha maria,Cuetara,Embalagem de 3 x 200 g + 33% grátis,"2,11 €/Kg","2,11 €/Kg"
Melão Amarelo,Fruta do Dia,Vendido ao peso | 1 un = 2.5 kg (aprox.),"1,99 €","1,99 €/Kg"
Champanhe meio seco,Delagne & Fils,"Garrafa de 0,75 l","19,99 €","26,65 €/L"
Óleo de cedro,Mistolin,Embalagem de 360 ml,"5,49 €","54,90 €/L"
"Aperitivos, amendoins no forno",Matutano,Embalagem de 200g,"0,89 €","8,90 €/Kg"
Magnum mini 3 chocolates,Olá,Embalagem de 6 x 55 ml,"5,99 €","17,11 €/L"
Topping p/saladas cebola frita,Florette,Embalagem de 70g,"3,84 €","24,00 €/Kg"
Alho moído,PorSi,Frasco com 45 g,"0,25 €","0,25 €/Kg"
Halls vita c morango sem açúcar,Halls,Embalagem de 32 g,"0,77 €","3,85 €/Kg"
Crispy burgers de proteína vegetal,Iglo green,Embalagem de 200g,"3,99 €","11,40 €/Kg"
Chocolate culinário em pó,PorSi,Embalagem de 125 g,"1,04 €","8,32 €/Kg"
Kiwi Económico,Fruta do Dia,1 un = 150 gr (aprox.),"0,30 €","1,99 €/Kg"
Almôndegas bolonhesa,Iglo,Embalagem de 400g,"2,79 €","8,72 €/Kg"
Comida húmida para gato júnior,PorSi,Embalagem de 4 x 100 g,"3,59 €","2,99 €/Kg"
Limpa madeiras ecológico,PorSi,1.5 litros,"5,49 €","54,90 €/L"
Mistura de frutos exóticos,PorSi,Embalagem de 450 g,"3,29 €","4,39 €/Kg"
Sabonete nutri amêndoas doces,Labell,Embalagem de 400 g,"4,99 €","13,86 €/Kg"
Camarão Tigre Selvagem 1/5 do Senegal,*,Vendido ao peso,"2,00 €","7,99 €/Kg"
Tablete triple chocolate,Milka,Embalagem de 90g,"5,30 €/Kg","5,30 €/Kg"
Pastéis de nata,PorSi,Embalagem de 6x60 g,"2,65 €","8,28 €/Kg"
Elixir junior,Aquafresh,Embalagem de 300 ml,"1,49 €","1,49 €/Unidade"
Mandioca,Legumes do Dia,1 un=500 gr (aprox.),"2,49 €/Kg","2,49 €/Kg"
"Barra especial k, chocolate de leite",Kellogg's,Embalagem de 130g,"1,29 €","10,24 €/Kg"
Bandida do pomar frutos vermelhos lata 50cl,Bandida,Garrafa de 500 ml,"1,65 €","3,30 €/L"
Óleo alimentar,Fula,Embalagem 3L,"3,59 €","3,59 €/L"
Salsicha p/Churrasco,Carne Sorraia,1 Embalagem 300G,"2,09 €","9,95 €/Kg"
Chá de frutos vermelhos,Tetley,Embalagem de 30g,"71,88 €/Kg","71,88 €/Kg"
Bolachas choco mini estrelas,Milka,Embalagem de 190g,"2,15 €","2,87 €/Kg"
Queijo de cabra alho e ervas,Monforqueijo,180 g,"1,89 €","10,50 €/Kg"
Mariscada,PorSi,Embalagem de 800g,"2,19 €","8,59 €/Kg"
Mistolin tira gorduras desinfetante,Mistolin,Garrafa de 550 ml,"1,79 €","2,39 €/L"
Crepe maçã e canela,PorSi,Embalagem de 540 g,"2,65 €","8,28 €/Kg"
Salsichas de porco,Nobre,Lata de 250g,"0,75 €","3,75 €/Kg"
Natas uht com cogumelos,Parmalat,Embalagem de 200 ml,"0,75 €","3,75 €/L"
Coleira em nylon p/ cão  repelente 60cm,Repul' 7,Embalagem de 1 unidades,"9,49 €","9,49 €/Unidade"
Vinagre de sidra pet,Paladin,Garrafa de 500 ml,"0,35 €","0,70 €/L"
"Pensos de incontinência, adulto, mini, 20 unidades",Labell,Uma embalagem,"1,95 €","1,95 €/Unidade"
Pastilhas de Limpeza Aparelho Dentário,Polident,Embalagem com 30 unidades,"9,79 €","122,38 €/Kg"
Moscatel do Douro,Selecção de Enófilos,"Garrafa de 0,75 l","6,49 €","8,65 €/L"
20 saquetas chá de pêssego manga,Lipton,Embalagem de 40g,"71,88 €/Kg","71,88 €/Kg"
5 folhas de gelatina incolor,PorSi,Embalagem de 9 g,"0,55 €","61,11 €/Kg"
Pudim de baunilha,PorSi,Embalagem de 90g,"0,59 €","29,50 €/Kg"
Luvas Universal Pequeno/Médio,Vileda,1 unidade,"0,69 €","0,69 €/Unidade"
Queijo fresco magro,Santiago,Embalagem de 200g,"1,09 €","5,45 €/Kg"
Biscoitos de cacau,PorSi,Embalagem de 750g,"0,69 €","3,45 €/Kg"
Pudim baunilha,Boca Doce,Embalagem de 20g,"0,59 €","29,50 €/Kg"
As minhas primeiras receitas - refeição legumes com ...,Nestle,Embalagem de 190g,"1,89 €","9,95 €/Kg"
Mel em frasco de vidro,Jorge v.f.,Embalagem de 500g,"4,89 €","9,78 €/Kg"
Xarope grenadine zero,Paquito,Garrafa de 750 ml,"3,54 €","3,54 €/L"
Champanhe bruto,Delagne & Fils,"Garrafa de 0,75 l","19,99 €","26,65 €/L"
Dentifríco splash morango,Aquafresh,Embalagem de 75 ml,"1,49 €","1,49 €/Unidade"
Cera acrílica para madeira,PorSi,750 ml,"5,49 €","54,90 €/L"
Fruta para bebé maçã banana aveia +6 meses,Nestle,Embalagem de 90g,"0,74 €","8,22 €/Kg"
Sumo 100% maçã e frutos vermelhos,Compal,1 litro,"1,09 €","0,73 €/L"
Bolachas tosta rica,Cuetara,Embalagem de 570g,"1,89 €","15,75 €/Kg"
Porto 10 anos,Valadao,Garrafa de 750 ml,"11,49 €","15,32 €/L"
Bandas de cera fria bikini peles sensíveis,Veet,Embalagem de 16 unidades,"7,99 €","7,99 €/Unidade"
Inseticida multi-insectos,Dum Dum,Garrafa de 400 ml,"4,79 €","11,98 €/L"
Pai Natal de Chocolate,PorSi,Embalagem de 60 g,"1,99 €","2,12 €/Kg"
Panado de frango com alho e ervas,PorSi,240 g,"9,30 €/Kg","9,30 €/Kg"
Manteiga magra,Mimosa,Embalagem de 250g,"1,69 €","6,76 €/Kg"
Queijo feta dop grego,Kolios,Embalagem de 200g,"1,49 €","7,45 €/Kg"
Café torrado em grão,PorSi,Embalagem de 1 kg,"9,16 €/Kg","9,16 €/Kg"
Queijo flamengo 0% lactose,PorSi Viva Bem,Embalagem de 150 g,"1,56 €","7,80 €/Kg"
Dentífrico infantil frutas naturais 3 aos 5 anos,Colgate,50 ml,"1,49 €","1,49 €/Unidade"
Água mineral sem gás,Serra de Fafe,"Embalagem de 6x0,33 l","1,04 €","0,17 €/L"
Minifresh-ambientador multiusos,Abelhinha,1 unidade,"1,99 €","1,99 €/Unidade"
Cubos pão trigo tostado,PorSi,Embalagem de 150g,"2,39 €","6,83 €/Kg"
Bebida de Soja Baunilha,PorSi Viva Bem,1 l,"2,59 €","2,59 €/L"
Porto tawny,Ferreira,Garrafa de 750 ml,"16,99 €","22,65 €/L"
Licor de anis,Xarao,Garrafa de 700 ml,"7,99 €","11,41 €/L"
8 rissóis de camarão,PorSi,Embalagem de 300g,"1,79 €","7,16 €/Kg"
Molho bechamel,PorSi,Embalagem de 500 ml,"0,75 €","3,75 €/L"
Vinho regional lisboa tinto reserva,Critterium,Garrafa de 0.75 l,"5,99 €","7,99 €/L"
Sultana Preta,PorSi,Embalagem de 200g,"0,79 €","3,95 €/Kg"
Leite especial cálcio + vitamina d m/g,Mimosa,Garrafa de 1 l,"1,29 €","1,29 €/L"
"Coloração permanente, louro claro, nº80",Nutrisse,1 unidade,"9,49 €/Unidade","9,49 €/Unidade"
Gengibre desidratado em cubos,Cemporcent,Embalagem de 100g,"1,34 €","2,68 €/Kg"
Liquido abrilhantador castanho,PorSi,75 ml,"0,99 €","330,00 €/Kg"
Lençol ajustável 40x80 cm,PorSi,Embalagem de 1 unidades,"4,99 €","4,99 €/Unidade"
Torta natas com cobertura de cacau,PorSi,Embalagem de 300g,"2,05 €","5,13 €/Kg"
Levedura de cerveja,Cemporcent,Embalagem de 150g,"2,49 €","12,45 €/Kg"
Vassoura Especial Lisa,PorSi,unidade,"2,20 €","2,20 €/Unidade"
Óleo de coco extra virgem,Koala,Garrafa de 180 ml,"3,59 €","3,59 €/L"
Sacos lixo eco 100 litros,PorSi,10 unidades,"1,79 €","1,79 €/Unidade"
Gressinos com sésamo,PorSi,Embalagem de 250 g,"2,39 €","6,83 €/Kg"
Brandy  (36º),Macieira,Garrafa de 700 ml,"12,49 €","17,84 €/L"
Vinho branco monbazillac  2012,Expertclub,Garrafa de 750 ml,"7,99 €","10,65 €/L"
Aperitivo de anis,Ricard,Garrafa de 700 ml,"8,49 €","11,32 €/L"
Molho mad chips top down,Calve,Embalagem de 260g,"0,70 €","2,33 €/Kg"
"Espuma cabelo, wet shine",Fru style,Embalagem de 200 ml,"6,99 €","46,60 €/L"
Douradinhos estaladiços,Capitão Iglo,Embalagem de 340g,"9,30 €/Kg","9,30 €/Kg"
Spray limpeza casa de banho,PorSi,750 ml,"1,79 €","2,39 €/L"
Bebida avelã,Alpro,Embalagem de 1 litro,"2,59 €","2,59 €/L"
Pao ralado classico 200g,ESPIGA,Embalagem de 200g,"0,55 €","2,29 €/Kg"
Folhado de Chocolate 60 g,PorSi,,"0,49 €/Unidade","0,49 €/Unidade"
"Cerveja com álcool, lata",Super Bock,Garrafa de 330 ml,"1,99 €/L","1,99 €/L"
Tortitas de milho sem glúten,Bicentury,Embalagem de 130 g,"2,69 €","17,93 €/Kg"
Champagne bruto c.rouge 0.75l,MUMM,Garrafa de 750 ml,"40,99 €","54,65 €/L"
Jogo Stop,Jogos Concentra,1 unidade,"19,99 €","19,99 €/Unidade"
Filetes de pescada,PorSi,Embalagem de 400 g,"4,39 €","10,98 €/Kg"
Pastilhas peppermint,CHICLETS,Embalagem de 17 g,"0,89 €","59,33 €/Kg"
Creme Depilatório Peles Normais,Veet,Embalagem de 200 ml,"7,99 €","7,99 €/Unidade"
Sobremesa danette chocolate,Danone,Embalagem de 4 x 125 g,"1,37 €","2,98 €/Kg"
Batata doce frita,PorSi,Embalagem de 150g,"1,06 €","5,73 €/Kg"
Mel de Rosmaninho,PorSi Select,Frasco de 250 g,"4,89 €","9,78 €/Kg"
Queijo Raclette Fatias,Páturages,Embalagem de 400 g,"1,56 €","7,80 €/Kg"
Comida húmida para gato esterilizado em molho com sa...,Purina One,4 x 85 g,"3,59 €","2,99 €/Kg"
Refrigerante s/ gás califórnia,Sunny d,"Garrafa de 1,25 l","1,14 €","0,76 €/L"
Inseticida Elétrico Citronela,Dum Dum,1 unidade = 45 noites,"6,39 €","6,39 €/Unidade"
Miolo de avelã,PorSi,Embalagem de 200 g,"0,79 €","3,95 €/Kg"
"Limpa vidros pistola, tripla acção",Ajax,Embalagem de 500 ml,"0,89 €","0,89 €/L"
12 Ovos Frescos Classe S,Campovo,Embalagem c/ 12 Unidades,"1,39 €","1,39 €/Unidade"
Alecrim,Margao,Embalagem de 20g,"0,25 €","0,25 €/Kg"
Camarão 60/80,Congelado de Aquicultura,1 un = 250 gr  (aprox.),"2,00 €","7,99 €/Kg"
Creme de limpeza com lixívia,PorSi,750 ml,"2,59 €","1,30 €/L"
Leite 0% lactose meio gordo,Mimosa,Embalagem de 200 ml,"2,19 €","2,19 €/L"
Argolas do mar,Pescanova,Embalagem de 400g,"5,49 €","6,86 €/Kg"
"Salsichas de frango, 6 unidades",Monique Ranou,Embalagem de 210 g,"2,09 €","9,95 €/Kg"
Bolacha diet nature recheio creme,Gullon,Embalagem de 210g,"0,79 €","4,49 €/Kg"
Biscoitos de Azeite,Bolos Regionais,Embalagem de 350 g,"0,69 €","3,45 €/Kg"
Gelatina limão 10kcal,Royal,Embalagem de 30g,"0,55 €","61,11 €/Kg"
Patê sardinha,La piara,Embalagem de 80g,"1,19 €","13,52 €/Kg"
Pedras limão/chá verde,P.salgadas,pack 4 x 0.25 l,"2,85 €","2,85 €/L"
Creme proteção de gengivas,Polident,Embalagem de 40 g,"9,79 €","122,38 €/Kg"
Cogumelos laminados,PorSi,780 g,"1,79 €","2,29 €/Kg"
Bolachas rosquilhas,PorSi,Embalagem de 600g,"1,69 €","6,76 €/Kg"
Nata uht,PorSi,Embalagem de 200 ml,"0,75 €","3,75 €/L"
Ice tea manga,Lipton,pack 6 x 0.25 l,"1,14 €","0,76 €/L"
"Rebuçados sem açúcar, mel/limão",Halls,Embalagem de 128 g,"0,77 €","3,85 €/Kg"
Bolachas cobertura de chocolate e avelã,PorSi,Embalagem de 150g,"0,79 €","5,27 €/Kg"
After shave bálsamo sensitive,Labell Men,Embalagem de 100 ml,"1,49 €","5,96 €/L"
Pizza de Atum,PorSi,Embalagem de 350 g,"2,16 €","6,17 €/Kg"
Máscara Olhos Lash Sensational,Maybelline,1 unidade,"1,15 €","4,60 €/L"
Nectar clássico maracujá,Compal,Garrafa de 1 l,"1,09 €","0,73 €/L"
10 saquetas infusão de cidreira,Lipton,Embalagem de 20g,"0,99 €","76,15 €/Kg"
Atum posta em óleo,Ramirez,Embalagem de 120g,"0,89 €","7,42 €/Kg"
All bran plus,Kellogg's,Embalagem de 500g,"1,49 €","2,98 €/Kg"
Queijo de cabra com azeite&oregãos,Palhais,Embalagem de 130 g,"1,89 €","10,50 €/Kg"
Anticalcário,Viakal,Embalagem de 500 ml,"0,99 €","1,32 €/L"
Tomate inteiro pelado,PorSi,Embalagem de 390 g,"1,79 €","2,29 €/Kg"
Sabonete líquido Marselha e Azeitona,Labell,Embalagem de 500 ml,"0,99 €","1,98 €/L"
Actimel morango,Danone,Embalagem de 6 x 100g,"4,15 €/Kg","4,15 €/Kg"
Petit gâteau chocolate negro belga,PorSi,Embalagem com 4 unidades,"2,65 €","8,28 €/Kg"
Néctar light manga/laranja,Compal,Garrafa de 200 ml,"0,99 €","0,99 €/L"
Iogurte líquido morango,PorSi,Embalagem de 8x160 ml,"1,17 €","1,83 €/Kg"
Chouriço com feijão,Nobre,Embalagem de 420g,"2,35 €","5,60 €/Kg"
"Chá preto, sem cafeína, 10 saquetas",Tetley,Embalagem de 20g,"1,99 €","49,75 €/Kg"
Camarão 20/30,Congelado de Aquicultura,1 un = 250 gr  (aprox.),"2,00 €","7,99 €/Kg"
Gel Cabelo Styling Creme Cabelo,Nivea,Embalagem de 150 ml,"14,99 €","299,80 €/L"
Pilha alcalina heightch lr14x2,Domédia,1 unidade,"1,99 €","1,99 €/Unidade"
Tomate em pedaços,Guloso,Embalagem de 390g,"3,84 €","24,00 €/Kg"
Café moagem universal angola,Delta,Embalagem de 220g,"9,76 €/Kg","9,76 €/Kg"
Detergente Líquido p/ Loiça Original,Fairy,"Embalagem de 1,19 l","0,99 €","1,98 €/L"
Vermute rosso,Martini,Garrafa de 0.75 l,"8,49 €","11,32 €/L"
Toucinho do céu,PorSi,Embalagem de 2x100 g,"0,55 €","2,75 €/Kg"
Soquete mousse 20d tabac t. único,PorSi,3 unidades,"1,59 €","1,59 €/Unidade"
"Lixívia para roupa, tradicional verde denso",PorSi,Embalagem de 2L,"1,74 €","0,35 €/L"
Panado de espinafres e queijo vegetariano,Garden Gourmet,Embalagem de 180g,"3,99 €","11,40 €/Kg"
Pizza 4 estações,PorSi,Embalagem de 350g,"2,16 €","6,17 €/Kg"
Iogurte liquido sem lactose morango e banana,PorSi Viva Bem,Embalagem de 4 x 160 g,"2,79 €","6,07 €/Kg"
Detergente líquido máquina de roupa sabão natural,PorSi,86 Doses,"29,99 €","7,06 €/L"
Apara lápis,Maped,1 unidade,"1,59 €","1,59 €/Unidade"
Esponja autobrilhante,PorSi,3 g,"0,99 €","330,00 €/Kg"
Corn flakes saco,PorSi,Embalagem de 500g,"1,49 €","2,98 €/Kg"
"Bloco sanitário azul, recarga",WC Pato,Embalagem de 2x40 g,"2,99 €","74,75 €/Kg"
Braçadeiras Patrulha Pata,Mondo,1 Embalagem,"4,99 €","4,99 €/Unidade"
Cereais petalas chocolate,PorSi,Embalagem de 625g,"5,07 €/Kg","5,07 €/Kg"
Bolacha tostada,PorSi,Embalagem de 800g,"2,11 €/Kg","2,11 €/Kg"
Fiambre da pá fatiado,PorSi,200 g,"1,39 €","6,95 €/Kg"
"Anti-calcário em pó, máquina roupa",PorSi,Embalagem de 800g,"1,69 €","1,69 €/L"
Azeite virgem extra seleção,PorSi,Garrafa de 750 ml,"3,19 €","4,25 €/L"
Tablete de chocolate leite/amêndoa,Nestle,Embalagem de 120g,"6,50 €/Kg","6,50 €/Kg"
"Vinho tinto regional, península de setúbal, bag-in-b...",Dom Campos,Garrafa de 5 l,"9,59 €","1,92 €/L"
Perca Inteira,Peixe Congelado,de 1 a 3 Kg,"4,39 €","10,98 €/Kg"
Manteiga la motte sal do mar,President,Embalagem de 250 g,"1,69 €","6,76 €/Kg"
Escova de Dentes Flex Interdental,Aquafresh,2 + 1 unidades,"4,99 €","4,99 €/Unidade"
Bolacha infantil dinossaurus mini dino chocolate,Artiach,Embalagem de 120g,"1,89 €","15,75 €/Kg"
"Sumo 100%, tutti-frutti",PorSi,Embalagem de 3 x 200 ml,"1,09 €","0,73 €/L"
Sumo essencial manga,Compal,pack 3 x 0.11 l,"2,29 €","6,94 €/L"
Batata frita caseira rodela,Pala-pala,Embalagem de 300g,"0,87 €","5,44 €/Kg"
Costeleta mista,Porco,1 un = 150 gr (aprox.),"1,12 €","4,49 €/Kg"
Infusão lúcia lima,PorSi,Embalagem de 35 g,"0,99 €","76,15 €/Kg"
Manteiga amendoim cremosa,PorSi,Embalagem de 340g,"4,19 €","12,32 €/Kg"
Lombos de pescada,PorSi,Embalagem de 400 g,"4,39 €","10,98 €/Kg"
Leite uht gordo,Mimosa,Embalagem de 1 litro,"0,94 €","0,94 €/L"
Tostas mistura sem glúten,PorSi Viva Bem,Embalagem de 140g,"2,69 €","17,93 €/Kg"
"Pasta dentífrica, máxima proteção, fresca",Colgate,Embalagem de 75 ml,"2,39 €","31,87 €/L"
Spray para vidros,PorSi,750 ml,"0,89 €","0,89 €/L"
"Bebida láctea crescimento 1-3 anos, cereais",Nestle,Embalagem de 1 litro,"0,26 €","1,30 €/L"
Chouriço cebola beiras,PorSi,Embalagem de 300g,"1,22 €","6,78 €/Kg"
Limpa Máquina Loiça Regular,Finish,,"2,99 €","2,99 €/Unidade"
Pastilhas limpa próteses,Labell,embalagem com 36 unidades,"9,79 €","122,38 €/Kg"
"Queijo, 16 porções",A Vaca Que Ri,Embalagem de 280g,"3,68 €","13,14 €/Kg"
Mix pimentos 3 cores,Legumes do dia,Embalagem de 500 g,"2,59 €","5,18 €/Kg"
Alho moído,PorSi,Saqueta de 50 g,"0,25 €","0,25 €/Kg"
Leite c/ Chocolate,Agros,Embalagem de 4 x 200 ml,"0,26 €","1,30 €/L"
Sumo 100% tomate,PorSi,Embalagem de 1.5 l,"1,09 €","0,73 €/L"
Lava Tudo Brilhante Madeira,Sonasol,"embalagem 1,1L","0,94 €","0,94 €/L"
Salsicha Merguez,PorSi,1 un = 100 gr (aprox.),"0,65 €","6,49 €/Kg"
Mistura sol sem café granulado,PorSi,Embalagem de 200g,"0,99 €","3,96 €/Kg"
Salsichas de aves,Nobre,Lata de 200 g,"0,75 €","3,75 €/Kg"
Creme autobrilhante castanho,Splendor,40 ml,"0,99 €","330,00 €/Kg"
"Cerveja sem álcool, preta",Super Bock,pack 6 x 0.33 l,"5,99 €","3,03 €/L"
Queijo em fatias,Terra Nostra,Embalagem de 400g,"1,56 €","7,80 €/Kg"
Óleo aloé vera,Johnson's Baby,Embalagem de 300 ml,"1,99 €","1,99 €/Unidade"
Peito de frango forno a lenha fatias finas,Izidoro,110 g,"2,25 €","11,25 €/Kg"
Chispe da Perna,Porco,1 un = 800 gr (aprox.),"1,12 €","4,49 €/Kg"
Pão de queijo,*,1 un. = 20 g,"0,19 €","2,38 €/Kg"
Azeite virgem extra seleção,PorSi,Garrafa de 250 ml,"3,19 €","4,25 €/L"
Bolachas shortcake,PorSi,Embalagem de 233 g,"1,69 €","6,76 €/Kg"
Cereais cruesli chocolate,Quaker,Embalagem de 380g,"2,29 €","6,11 €/Kg"
Tablete chocolate branco,PorSi,Embalagem de 100g,"5,80 €/Kg","5,80 €/Kg"
Líquido wc duraguard pinho da montanha,Harpic,Garrafa de 750 ml,"1,79 €","2,39 €/L"
Bicarbonato de sódio,PorSi,Embalagem de 500 g,"1,79 €","2,39 €/L"
Couve de bruxelas,PorSi,Embalagem de 750 g,"0,74 €","1,85 €/Kg"
"Limpa móveis pistola, multissuperfícies",Pronto,Embalagem de 500 ml,"1,19 €","0,79 €/L"
Comida húmida para cão de vaca e frango,PorSi,Lata de 400 g,"0,75 €","2,50 €/Kg"
Bolachas cream cracker doses individuais,Vieira,Embalagem de 180g,"0,39 €","3,12 €/Kg"
"Sacos para sandes, 100 unidades",PorSi,1 embalagem,"1,11 €","1,11 €/Unidade"
Nestle scm regular tubo 12x pt,Nestle,Embalagem de 450g,"1,09 €","2,75 €/Kg"
Leite Meio Gordo sem Lactose,Mimosa,Pack 4 x 200 ml,"0,81 €","0,81 €/L"
Ração para gato júnior com frango,Purina One,Embalagem de 800 g,"3,99 €","2,00 €/Kg"
Cerveja com álcool,Super Bock,Garrafa de 1 l,"1,99 €/L","1,99 €/L"
Gogo SqueeZ Snack Banana,Gogo,Embalagem de 4 x 90g,"2,29 €","6,94 €/L"
6 Preservativos Adapta Nature,Control,,"5,99 €","5,99 €/Unidade"
Tostas multicereais sem glúten,PorSi Viva Bem,Embalagem de 140g,"2,69 €","17,93 €/Kg"
Azeite Subtil,Gallo,Garrafa de 2 l,"3,19 €","4,25 €/L"
Café moagem universal portugal,Delta,Embalagem de 250g,"9,76 €/Kg","9,76 €/Kg"
Nata uht para bater,Parmalat,Embalagem de 200 ml,"0,75 €","3,75 €/L"
Special k choco,Kellogg's,Embalagem de 375g,"1,49 €","2,98 €/Kg"
Mirtilos 100% Naturais,PorSi,Embalagem de 250 g,"3,29 €","4,39 €/Kg"
Bolacha torrada com canela,PorSi,Embalagem de 2 x 250 g,"2,11 €/Kg","2,11 €/Kg"
Vinho tinto península de setúbal,Pioneiro,Garrafa de 0.75 l,"8,59 €","11,45 €/L"
Miolo de ameijoa,PorSi,Embalagem de 250 g,"1,79 €","7,16 €/Kg"
Bochechas,Porco,1 un = 150 gr (aprox.),"1,12 €","4,49 €/Kg"
Lixívia Denso-Activa Harmonias Florais p/ Casa e Rou...,Neoblanc,Embalagem de 2 l,"1,74 €","0,35 €/L"
Queijo de cabra curado,PorSi,Embalagem de 2x100 g,"1,89 €","10,50 €/Kg"
Yofu com pedaços de mirtilo,Alpro,Embalagem de 4x125 g,"3,39 €","6,78 €/Kg"
Iogurte líquido danonino morango,Danone,Embalagem de 4 x 100 g,"1,05 €","1,86 €/L"
Recarga ambientador elétrico delícias de verão,Air Wick,Embalagem de 1 unidades,"1,79 €","1,79 €/Unidade"
Chocolate signature starbucks,STARBUCKS,Embalagem de 220 ml,"15,92 €/Kg","15,92 €/Kg"
Flocos de aveia finos integrais,Cemporcent,Embalagem de 400g,"0,69 €","1,73 €/Kg"
Néctar clássico tutti-frutti,Compal,330 ml,"0,99 €","0,99 €/L"
Iogurte tipo grego natural,PorSi,Embalagem de 12 x 125 g,"0,99 €","1,98 €/Kg"
Mistura Tomates Cereja Biológicos,PorSi Bio,Emb.: ± 200 g,"1,49 €","7,45 €/Kg"
Gel de banho naturals amêndoa e leite,Palmolive,500 ml,"7,99 €","10,65 €/L"
Queijo em cubos para saladas,PorSi,Embalagem de 150 g,"1,49 €","7,45 €/Kg"
Salmão Fumado da Escócia,PorSi Select,Embalagem de 200 g,"7,99 €","39,95 €/Kg"
Pilhas Alcalinas AAA Optimum,Duracell,Blister 4 Pilhas,"1,99 €","1,99 €/Unidade"
Bolachas shortcake cacau,PorSi,Embalagem de 185 g,"1,69 €","6,76 €/Kg"
Sortido bolacha princesa,Vieira,Embalagem de 400g,"6,83 €/Kg","6,83 €/Kg"
Água s/ gás,S.estrela,"Pack 6 x 0,50 l","1,04 €","0,17 €/L"
"Bracito trufa de chocolate, 4 unidades",Dulcesol,Embalagem de 240g,"2,05 €","5,13 €/Kg"
Tomate triturado,Compal,Embalagem de 500g,"3,84 €","24,00 €/Kg"
Iogurte líquido laranja,Danone,Embalagem de 6 x 100 g,"4,15 €/Kg","4,15 €/Kg"
Resguardo para bebé,PorSi,Dim.: 60 x 60 cm,"4,99 €","4,99 €/Unidade"
Ketchup top down,Calve,Embalagem de 550g,"0,70 €","2,33 €/Kg"
Bola insuflável patrulha pata 50 cm,Mondo,1 un.,"4,99 €","4,99 €/Unidade"
Luvas Universal Média/Grande,Vileda,1 unidade,"0,69 €","0,69 €/Unidade"
Bolachas maria,PorSi,Embalagem de 800g,"2,11 €/Kg","2,11 €/Kg"
Limpa fornos,PorSi,500 ml,"1,79 €","2,39 €/L"
Preparado de bolo de iogurte,PorSi,500 g,"1,69 €","8,45 €/L"
"Cobertura tipo chantilly, 2x38g",PorSi,Embalagem de 80g,"1,29 €","3,23 €/Kg"
Toalhita Azul,Dodot,Embalagem c/ Tampa | 64 un.,"1,09 €/Unidade","1,09 €/Unidade"
Flakes,Cuetara,Embalagem de 500g,"5,07 €/Kg","5,07 €/Kg"
Papel Anti traça,Raid,2 x 12 unidades,"4,19 €","4,19 €/Unidade"
Massa fettuccine,PorSi,Embalagem de 500g,"0,89 €","1,78 €/Kg"
Caramelo líquido,PorSi,Embalagem de 400g,"1,29 €","3,23 €/Kg"
Orégãos em folha,PorSi,Embalagem de 10g,"0,25 €","0,25 €/Kg"
Bicarbonato de sódio,Globo,Embalagem de 230g,"1,89 €","17,18 €/Kg"
Chouriço corrente,PorSi,Embalagem de 200 g,"1,22 €","6,78 €/Kg"
Pastilhas descafeinado,Delta,Embalagem de 110g,"2,79 €","19,93 €/Kg"
Iogurte pedaços frutas variadas,PorSi,Embalagem de 16 x 125 g,"4,36 €","2,18 €/Kg"
Spray limpa inox,Cif,Garrafa de 440 ml,"1,79 €","2,39 €/L"
Vinho frisante branco,Lapadas,Garrafa de 750 ml,"2,49 €","3,32 €/L"
Rebuçados de café,Villa,Embalagem de 200 g,"1,15 €","4,60 €/Kg"
Biscoitos integrais aveia e manteiga de amendoim,PorSi Viva Bem,Embalagem de 150g,"1,45 €","11,15 €/Kg"
Sardinha em azeite,PorSi Select,Lata de 120 g,"0,89 €","7,42 €/Kg"
Cerveja c/ álcool,Heineken,"Embalagem de 6x0,25 l","1,99 €/L","1,99 €/L"
Azeite virgem extra seleção ouro,Oliveira da Serra,Garrafa de 750 ml,"3,19 €","4,25 €/L"
Cerveja c/ álcool branca,Franziskan,Garrafa de 500 ml,"1,99 €/L","1,99 €/L"
Chouriço fatiado,Campofrio,Embalagem de 80g,"3,29 €","21,93 €/Kg"
Cereais golden e crispy,PorSi,Embalagem de 375 g,"5,07 €/Kg","5,07 €/Kg"
Açorda de camarão,PorSi Select,380 g,"1,79 €","7,16 €/Kg"
Queijo de cabra curado rolo,PorSi,Embalagem de 180 g,"1,89 €","10,50 €/Kg"
Esparguete Clássica,Nacional,Embalagem de 500 g,"0,89 €","1,78 €/Kg"
Special k aveia mel,Kellogg's,Embalagem de 420g,"1,49 €","2,98 €/Kg"
Queijo fresco meio gordo,PorSi,200 g,"1,09 €","5,45 €/Kg"
Bocadelia atum,La piara,Embalagem de 180g,"0,89 €","7,42 €/Kg"
Queijo de vaca curado amanteigado,PorSi,+/- 550 g,"6,49 €","25,45 €/Kg"
6 tulipas baunilha,Progelcone,Embalagem de 75 g,"2,65 €","8,28 €/Kg"
Snack dentabits 40g,Whiskas,Embalagem de 40g,"2,19 €","54,75 €/Kg"
Tira Nódoas Spray a Seco,Iberia,Embalagem de 200 ml,"1,69 €","1,69 €/L"
Queijo gouda fatias 0% lactose,PorSi Viva Bem,Embalagem de 150g,"2,49 €","20,75 €/Kg"
Vela com número nº 8,PorSi,1 unidade,"0,59 €","0,59 €/Unidade"
Pilha alcalina classic lr03x8,Domédia,1 unidade,"1,99 €","1,99 €/Unidade"
Batata frita caseira,PorSi,Embalagem de 500g,"0,87 €","5,44 €/Kg"
Cerveja c/ álcool,Super Bock,pack 24 x 0.33 l,"1,99 €/L","1,99 €/L"
Absorvente de odores marine,Brise,Embalagem de 300 ml,"16,63 €/L","16,63 €/L"
Tempero para Frangos Ervas Aromáticas,PorSi,34 g,"3,84 €","24,00 €/Kg"
Água Tónica Zero,Schweppes,Garrafa de 1 l,"5,49 €","5,49 €/L"
Cornflakes sem açúcar,Cemporcent,Embalagem de 250g,"0,69 €","1,73 €/Kg"
Fita adesiva,PorSi,5m x 1.25 cm,"2,99 €","2,99 €/Unidade"
Esparguete integral,Cemporcent,Embalagem de 500g,"1,34 €","2,68 €/Kg"
Sacos lixo eco com atilho 50 litros,PorSi,15 unidades,"1,79 €","1,79 €/Unidade"
Massa esparguete,Milaneza,Embalagem de 500g,"0,89 €","1,78 €/Kg"
Ervilhas,Iglo,"Embalagem de 1,125 kg","0,74 €","1,85 €/Kg"
Abrasivo sanitário pinho e eucalipto,PorSi,embalagem de 1 litro,"0,99 €","1,32 €/L"
Bebida de cereais e café mokambo intenso,Nestle,Embalagem de 180g,"0,99 €","3,96 €/Kg"
Peito de frango,Salsicharia Limiana,"Vendido ao peso, fatiado","2,25 €","11,25 €/Kg"
Yofu natural com coco,Alpro,Embalagem de 500 gr,"3,39 €","6,78 €/Kg"
Snack para gato mixed grill,Felix,Embalagem de 60 g,"2,19 €","54,75 €/Kg"
Café 5 estrelas grão,Sical,Embalagem de 1 kg,"9,16 €/Kg","9,16 €/Kg"
Chá verde,Tetley,Embalagem de 20g,"85,00 €/Kg","85,00 €/Kg"
Detergente liquido loiça limão,PorSi,Garrafa de 1 litro,"0,99 €","1,98 €/L"
Reparador de móveis normal,PorSi,Embalagem de 200 ml,"5,49 €","54,90 €/L"
Queijo brie 60% mg,Páturages,Embalagem de 200 g,"2,61 €","13,05 €/Kg"
Cereais crunch 375g,Nestle,Embalagem de 380g,"5,07 €/Kg","5,07 €/Kg"
"Hamburguers de vaca, 4x80g",PorSi,Embalagem de 320 g,"2,79 €","8,72 €/Kg"
Ananás em rodelas lata,PorSi,Embalagem de 820g,"1,99 €","2,37 €/Kg"
Princesas do mar,PorSi,Embalagem de 255 g,"2,19 €","8,59 €/Kg"
Fiambre da perna extra fatias finas cuida-t+,Nobre,Embalagem de 110g,"1,39 €","6,95 €/Kg"
Creme fixativo sem sabor,Polident,Embalagem de 2 x 40 g,"9,79 €","122,38 €/Kg"
Limpa placa de vitrocerâmica,Kh 7,Embalagem de 750 ml,"1,29 €","1,72 €/L"
Salmão Fumado da Noruega,PorSi,Embalagem de 100 g,"7,99 €","39,95 €/Kg"
Gel intimo calendula,Fres&Clean,Garrafa de 250 ml,"5,99 €","23,96 €/L"
Aguardente Vínica Velha,Curvada de Velha,Garrafa de 70 cl,"11,99 €","17,13 €/L"
Croissant simples,PorSi,Embalagem de 400g,"2,05 €","5,13 €/Kg"
Croissant recheado de cacau/avelã,PorSi,Embalagem de 315g,"2,05 €","5,13 €/Kg"
Posta Tradicional 9 Meses Cura,Riberalves,Embalagem de 550 g,"6,39 €","7,99 €/Kg"
Recarga para ambientador elétrico flor de cerejeira,Air Wick,19 ml,"1,79 €","1,79 €/Unidade"
Infusão cavalinha,Cemporcent,Embalagem de 10 unidades,"0,99 €","76,15 €/Kg"
Queijo curado de cabra,Seia,Embalagem de 250g,"1,89 €","10,50 €/Kg"
Carvão,Carbrica,17 dm3,"0,75 €","0,75 €/Unidade"
Gelatina de laranja,PorSi,Embalagem de 170g,"0,55 €","61,11 €/Kg"
Pimento vermelho assado em tiras,*,350 g,"2,59 €","5,18 €/Kg"
Mistura para periquitos,Canto Alegre,Embalagem de 1K,"4,19 €","0,84 €/Kg"
Café solúvel gold,PorSi Select,Embalagem 100G,"14,50 €/Kg","14,50 €/Kg"
Queijo ilha ralado,PorSi,Embalagem de 200g,"1,49 €","7,45 €/Kg"
"Vinho rosé, região península de setúbal, bag in box",Dom Campos,Garrafa de 5 l,"9,59 €","1,92 €/L"
Alimento lácteo alperce +6 meses,Yogolino,Embalagem de 4 x 100 g,"2,89 €","7,23 €/Kg"
Pão Rústico com Malte,Pão do Dia,1 unidade= 100 g,"0,19 €","2,38 €/Kg"
Café nyeri quénia moagem universal,Sical,Embalagem de 220g,"9,76 €/Kg","9,76 €/Kg"
Queijo mistura de tapadas santo antónio,Herdade da maia,Embalagem de 220 g,"5,99 €","23,96 €/Kg"
Ervilhas,PorSi,Embalagem de 1 kg,"0,74 €","1,85 €/Kg"
"Vela com número, nº 7",PorSi,1 unidade,"0,59 €","0,59 €/Unidade"
Tablete de chocolate leite com avelã,PorSi Select,200 g,"6,50 €/Kg","6,50 €/Kg"
Espumante tinto bruto,Alianca,Garrafa de 750 ml,"8,49 €","11,32 €/L"
Bolachas de manteiga,PorSi,Embalagem de 200 g,"1,69 €","6,76 €/Kg"
Pera Rocha 60/65,Programa Origens,1 un = 130 gr (aprox.),"0,23 €","1,79 €/Kg"
Batata pré-frita palito,PorSi,"Embalagem de 2,5 kg","1,39 €","1,39 €/Kg"
"Engoma fácil, pistola",PorSi,Embalagem de 750 ml,"1,69 €","1,69 €/L"
Tablete de chocolate extra fina leite/avelã,Nestle,Embalagem de 120g,"6,50 €/Kg","6,50 €/Kg"
Ervilhas bio,PorSi Bio,Frasco com 290 g,"1,57 €","15,70 €/Kg"
Ice tea de limão,PorSi,Embalagem de 2 l,"1,14 €","0,76 €/L"
Gel Banho Care&Orange,Nivea,Embalagem de 500 ml,"4,99 €","9,98 €/L"
Iogurte Skyr Morango 0% Matéria Gorda S/ Glúten,Margui,150 g,"5,97 €/Kg","5,97 €/Kg"
Infusão de camomila,Tetley,Embalagem de 10g,"0,99 €","76,15 €/Kg"
Vinagre de vinho branco envelhecido,PorSi,Garrafa 250ML,"0,35 €","0,70 €/L"
Lasanha bolonhesa,Iglo,Embalagem de 300g,"7,99 €","7,99 €/Kg"
Arroz agulha,Cigala,Embalagem de 1 kg,"0,99 €","0,99 €/Kg"
Sumo 100% ananás e uva,PorSi,1.5 l,"1,09 €","0,73 €/L"
Batata doce para fritar,PorSi,Embalagem de 600g,"1,39 €","1,39 €/Kg"
Gomas ositos de oro,Haribo,Embalagem de 100g,"1,19 €","3,97 €/Kg"
Tagliatelle a carbonara 350g,Tuttipasta,Embalagem de 350G,"2,16 €","6,17 €/Kg"
Pensos resistentes à água,PorSi,Embalagem com 15 unidades,"2,99 €","2,99 €/Unidade"
Cappuccino café arábica cacau magro em pó,PorSi,250 ml,"15,92 €/Kg","15,92 €/Kg"
Tablete de chocolate de preto,Nestle,Embalagem de 90g,"0,99 €","4,95 €/Kg"
Brandy,Croft,Garrafa de 1 l,"12,49 €","17,84 €/L"
Cereais cruesli frutos secos,Quaker,Embalagem de 380g,"2,29 €","6,11 €/Kg"
Crocantes frango parmesão e ervas,Iglo,Embalagem de 180g,"9,30 €/Kg","9,30 €/Kg"
Adoçante em pó stevia,PorSi Viva Bem,Embalagem de 17g,"6,21 €","6,21 €/Unidade"
"Desodorizante para pés, creme Sport",Protex,Embalagem de 50 ml,"5,99 €","39,93 €/L"
Limpa Moveis Revitaliza,Pronto,300 ml,"5,49 €","54,90 €/L"
Queijo camembert 45% mg,Páturages,Embalagem de 250 g,"2,61 €","13,05 €/Kg"
Alimento lácteo pera +6 meses,Yogolino,Embalagem de 4 x 100 g,"2,89 €","7,23 €/Kg"
Queijo Flamengo Fatias,PorSi,Embalagem 500G,"1,56 €","7,80 €/Kg"
Bebida arroz bio,PorSi Bio,Embalagem de 1 litro,"1,59 €","1,59 €/L"
Espumante sem álcool para crianças,Look,Garrafa de 750 ml,"0,79 €","0,40 €/L"
Bolachas digestive muesli,Gullon,Embalagem de 370g,"1,45 €","11,15 €/Kg"
Loção hidratante,Baby Dove,Embalagem de 200 ml,"1,24 €","4,96 €/Kg"
Rolo Cozinha Meia Folha Adapt,Colhogar,2 rolos,"3,49 €","3,49 €/Unidade"
Feijão preto,PorSi,Embalagem de 500g,"0,95 €","1,90 €/Kg"
Batata frita camponesa,PorSi,Embalagem de 175 g,"1,19 €","6,43 €/Kg"
Queijo P'tits Fondants 8 Porções,PorSi,Embalagem de 140 g,"0,89 €","25,43 €/Kg"
Molho de whisky cocktail,Calve,Garrafa de 250 ml,"0,70 €","2,33 €/Kg"
Bolacha cracker integral,Cuetara,Embalagem de 200g,"0,39 €","3,12 €/Kg"
Bolachas de água e sal,PorSi,Embalagem de 125g,"0,39 €","3,12 €/Kg"
Néctar bio multifrutos,Paquito,"Embalagem 1,5 l","1,59 €","1,59 €/L"
Milho doce,Bonduelle,Embalagem de 150 g,"1,79 €","2,29 €/Kg"
Bolachas de chocolate leite,Milka,Embalagem de 150g,"0,79 €","5,27 €/Kg"
Pensos Higiénicos Cottonlike Super Com Abas,Evax,12 unidades,"4,99 €","4,99 €/Unidade"
Patê peru,La piara,Embalagem de 80g,"1,19 €","13,52 €/Kg"
Gelado fizz limão,Olá,Embalagem de 6 x 60 ml,"5,99 €","17,11 €/L"
Farinha láctea,PorSi,Embalagem de 1 kg,"4,49 €","4,49 €/Kg"
Gressinos com azeitonas pretas,PorSi,Embalagem de 250g,"2,39 €","6,83 €/Kg"
Gelado carte d'or yogurt & forest fruit,Olá,Embalagem de 900 ml,"3,99 €","6,14 €/L"
Porto tawny valadão,Valadao,Garrafa de 750 ml,"16,99 €","22,65 €/L"
Ravioli com tomate,Claude Léger,Embalagem 300G,"2,35 €","5,60 €/Kg"
Óleo Cedro Líquido,PorSi,Embalagem de 200 ml,"5,49 €","54,90 €/L"
Chouriço fatiado,Campofrio,Embalagem de 80g,"1,22 €","6,78 €/Kg"
Croutons azeite e alho,PorSi,Embalagem de 150g,"2,39 €","6,83 €/Kg"
Tostas multicereais s/ glúten,MUSEU PAO,Embalagem de 140g,"2,69 €","17,93 €/Kg"
Aguardente,1920,Garrafa de 700 ml,"11,99 €","17,13 €/L"
"Pedras salgadas gf 0,33 l",P.salgadas,"Garrafa de 1,98 l","2,85 €","2,85 €/L"
Guardanapos brancos folha tripla 33x33 cm,PorSi,70 unidades,"1,29 €","1,29 €/Unidade"
"Maionese, frasco",Hellmman's,Embalagem de 420g,"0,70 €","2,33 €/Kg"
"Fiambre extra, fatiado",PorSi,Embalagem de 200g,"1,39 €","6,95 €/Kg"
"Elixir bocal, menta",Labell,Embalagem de 500 ml,"6,99 €","13,98 €/L"
Lombos de salmao vacuo,PorSi,Embalagem de 500g,"4,39 €","10,98 €/Kg"
Sabonete original,Palmolive,Embalagem de 4x90 g,"4,99 €","13,86 €/Kg"
Inseticida elétrico,Raid,2 Aparelhos + 2 Recargas de 27 ml | 45 Noites + 45 Noites,"6,39 €","6,39 €/Unidade"
Arroz Risotto,PorSi,Embalagem de 1 kg,"0,99 €","0,99 €/Kg"
Licor de coco,On Off,"Garrafa de 0,70 l","7,99 €","11,41 €/L"
Rolinhos waffletten milk,Bahlsen,Embalagem de 100g,"16,40 €/Kg","16,40 €/Kg"
Bolachas maria,PorSi,Embalagem de 200g,"2,11 €/Kg","2,11 €/Kg"
Água s/ Gás,Serra de Fafe,Garrafa 6L,"1,04 €","0,17 €/L"
Queijo flamengo sticks 5x20g,PorSi,Embalagem de 100g,"1,56 €","7,80 €/Kg"
Café solúvel descafeinado,PorSi,Embalagem de 100G,"14,50 €/Kg","14,50 €/Kg"
Pudim morango,Boca Doce,Embalagem de 20g,"0,59 €","29,50 €/Kg"
Leite 0% lactose magro,Mimosa,Garrafa de 1 l,"1,29 €","1,29 €/L"
Infusão melhores digestões,Cemporcent,Embalagem de 10 unidades,"0,99 €","76,15 €/Kg"
Mousse cabelo caracois,Labell,Embalagem de 200ml,"6,99 €","46,60 €/L"
Feijão catarino,PorSi,Embalagem 500G,"0,95 €","1,90 €/Kg"
Folhado Misto 90 g,Pastelaria do Dia,,"0,65 €","0,65 €/Unidade"
Lay's sal mpk 6x30g,Lay's,Embalagem de 180g,"1,06 €","5,73 €/Kg"
Feijoada,PorSi,Embalagem de 420 g,"2,35 €","5,60 €/Kg"
Caldo verde sem batata,PorSi Viva Bem,Embalagem de 400 g,"1,19 €","2,98 €/Kg"
Farinha de trigo sem fermento t55,PorSi,Embalagem de 1 kg,"1,99 €","1,99 €/Kg"
Queijo emmental ralado,PorSi Select,Embalagem de 200g,"1,49 €","7,45 €/Kg"
Caldo de galinha,PorSi,24 cubos,"3,84 €","24,00 €/Kg"
Espumante cava bruto,Freixenet,pack 3 x 200 ml,"11,99 €","11,99 €/L"
Cogumelos laminados,Ferbar,Embalagem de 290g,"1,79 €","2,29 €/Kg"
Bolachas cereais passas e laranja,PorSi,Embalagem de 300 g,"0,90 €","6,00 €/Kg"
Saqueta puré de fruta e aveia,PorSi,Embalagem de 90g,"0,74 €","8,22 €/Kg"
Bloco sanitário de flores/lavanda,Harpic,Embalagem de 38 g,"2,99 €","74,75 €/Kg"
Aperitivos de amendoim com sal e mel,Matutano,Embalagem de 150g,"0,89 €","8,90 €/Kg"
Creme Corpo Goodness,Dove,Embalagem de 300 ml,"12,48 €/L","12,48 €/L"
Chá verde menta,PorSi,Embalagem de 43.7 g,"85,00 €/Kg","85,00 €/Kg"
Puré batata doce,PorSi,Embalagem de 750g,"3,99 €","11,40 €/Kg"
"Creme de depilação duche, peles normais",Veet,Garrafa de 150 ml,"3,99 €","19,95 €/L"
"Linguíca, 4 unidades",PorSi,Embalagem de 180 g,"1,22 €","6,78 €/Kg"
"Mistura de couve flor, brócolos e cenoura",PorSi,Embalagem de 1 kg,"0,74 €","1,85 €/Kg"
5 rissóis de leitão,PorSi,Embalagem de 400g,"1,79 €","7,16 €/Kg"
Doce amoras,ST.DALFOUR,Frasco de 284g,"2,19 €","9,95 €/Kg"
Cereais chocapic,Nestle,Embalagem de 375 g,"5,07 €/Kg","5,07 €/Kg"
Whisky 15 anos c/caixa,J&B,Garrafa de 700 ml,"29,99 €","42,84 €/L"
Vinagre de fruta,PorSi,Embalagem de 500 ml,"0,35 €","0,70 €/L"
Néctar biológico de maçã,Paquito,"Embalagem de 1,5 l","1,59 €","1,59 €/L"
Infusão nº 10 colestrol,Cemporcent,Embalagem de 10 unidades,"0,99 €","76,15 €/Kg"
Sardinhas,PorSi,embalagem com 1 kg,"4,39 €","10,98 €/Kg"
Champô cacau&côco,Ultra Suave,Embalagem de 400 ml,"5,59 €","13,98 €/L"
Pastilha Elástica Bottle Morango,Trident,Embalagem de 82 g,"0,89 €","59,33 €/Kg"
Água mineral natural alcalina,MONCHIQUE,1.5 l,"1,04 €","0,17 €/L"
Sangria pet,Don Simon,"Garrafa de 1,5 l","2,39 €","1,59 €/L"
Tablete de chocolate de leite com amêndoas,PorSi,100 g,"6,50 €/Kg","6,50 €/Kg"
Tostas de trigo,PorSi,Embalagem 225G,"2,39 €","6,83 €/Kg"
Refrigerante sem gás de maçã,Trina,"Garrafa de 1,5 l","1,14 €","0,76 €/L"
Lixívia para roupa delicada,Neoblanc,Embalagem de 1 l,"2,19 €","1,10 €/L"
Prepar arroz marisco sem gluten cv 0.8kg,Brasmar,Embalagem de 800g,"1,79 €","7,16 €/Kg"
Pescada do Pacífico,Peixe Congelado,"Congelada de 1 a 1,5 kg","2,99 €","4,99 €/Kg"
Ervilhas,PorSi,Embalagem de 400 g,"0,74 €","1,85 €/Kg"
Limpa carpetes,PorSi,Embalagem de 1 litro,"0,94 €","0,94 €/L"
Queijo curado mistura,PorSi,190 g,"5,99 €","23,96 €/Kg"
Atum em azeite,Ramirez,Embalagem de 120g,"0,89 €","7,42 €/Kg"
Iogurte activia cremoso coco,Danone,Embalagem de 4 x 120 g,"1,49 €","2,98 €/Kg"
Polpa de manga,Koala,Embalagem de 450g,"4,19 €","7,35 €/Kg"
Areia para gatos mineral perfumada,PorSi,Embalagem de 5 kg,"1,19 €","0,24 €/Kg"
Batata frita forno originais,Lay's,Embalagem de 150g,"0,87 €","5,44 €/Kg"
"Salsichas hot dog, frasco",Izidoro,Embalagem de 240g,"0,75 €","3,75 €/Kg"
Refrigerante  c/ gás regular,Coca-Cola,pack 4 x 1 l,"0,79 €","0,40 €/L"
Leite uht magro,Mimosa,Embalagem de 200 ml,"0,81 €","0,81 €/L"
Bebida láctea crescimento 3 anos+,Nestle,Embalagem de 1 litro,"0,26 €","1,30 €/L"
Bebida láctea crescimento 1 a 3 anos,Nestle,Embalagem de 1 litro,"0,26 €","1,30 €/L"
"Cotonetes, 100 unidades",Johnson's Baby,1 embalagem,"1,99 €","1,99 €/Unidade"
Leite de cabra uht meio gordo,President,Embalagem 1L,"0,81 €","0,81 €/L"
Fiambre da Perna Extra,PorSi,1 un = 150 gr (aprox.),"1,39 €","6,95 €/Kg"
Açúcar fino,Rar,Embalagem de 1000 g,"1,49 €","1,49 €/Kg"
"Ambientador automático, fresh matic, oasis turquesa",Air Wick,Embalagem de 1 unidades,"3,74 €","3,74 €/Unidade"
Conjunto lata,Nivea,3 peças,"12,49 €","12,49 €/Unidade"
Vinho do porto special reserve,Velhotes,"garrafa de 0,75 l","11,49 €","15,32 €/L"
Arroz agulha,Pato real,Embalagem de 1 kg,"0,99 €","0,99 €/Kg"
Pipoca doce para  microondas,PorSi,Embalagem de 300g,"0,89 €","8,90 €/Kg"
Leite especial crescimento +3 anos,Mimosa,Garrafa de 1 l,"0,26 €","1,30 €/L"
Lambrusco tinto,*,Garrafa de 750 ml,"7,99 €","10,65 €/L"
Sidra maçã,Somersby,"Pack 15x0,20 L","1,65 €","3,30 €/L"
Aveia natural,Quaker,Embalagem de 500g,"2,99 €","7,97 €/Kg"
Puré de batata,Saint Eloi,Embalagem de 500 g,"1,99 €","1,99 €/Kg"
Cocktail pessego,Bar Royal,Garrafa de 750 ml,"11,99 €","11,99 €/L"
Iogurte líquido magro frutos vermelhos,PorSi Viva Bem,Embalagem de 4x160 ml,"1,17 €","1,83 €/Kg"
Dentífrico júnior 7 a 12 anos,Colgate,Embalagem de 50 ml,"1,49 €","1,49 €/Unidade"
Vinho branco regional península de setúbal,Lancers,Garrafa de 750 ml,"8,59 €","11,45 €/L"
Sopa de rabo de boi,Knorr,Embalagem de 70g,"0,84 €","13,55 €/Kg"
Sopa de cebola,Knorr,Embalagem de 50g,"0,84 €","13,55 €/Kg"
Moinho 5 pimentas em grão,PorSi,Frasco com 40 g,"0,25 €","0,25 €/Kg"
Palmiers,PorSi,Embalagem de 300 g,"1,69 €","6,76 €/Kg"
Iogurte líquido magro frutos vermelhos,PorSi Viva Bem,Embalagem de 4x160 ml,"1,19 €","1,86 €/L"
"Vinho tinto doc dão, reserva",Cabriz,Garrafa de 0.75 l,"3,99 €","5,32 €/L"
Tira Nódoas em Gel Cores,Skip,1.6 l,"1,69 €","1,69 €/L"
Máscara snorkel com suporte para câmara,JCN,1 unidade,"3,99 €","3,99 €/Unidade"
Cappucinno,PorSi,Embalagem de 125 g,"15,92 €/Kg","15,92 €/Kg"
Broa de milho doce,Pão do Dia,450 g,"0,19 €","2,38 €/Kg"
Bacalhau desfiado,PorSi,Embalagem de 500g,"6,39 €","7,99 €/Kg"
Mistura vegetais para wok,PorSi,Embalagem de 750g,"0,74 €","1,85 €/Kg"
"Cera cabelo, paste signature",Axe,Embalagem de 75 ml,"6,99 €","46,60 €/L"
After Shave Bálsamo Sensitive Cool,Nivea Men,Embalagem de 100 ml,"1,49 €","5,96 €/L"
Bandas de Cera Depilatória Facial,Veet,Embalagem de 20 unidades,"7,99 €","7,99 €/Unidade"
Lambrusco rose,*,Garrafa de 750 ml,"7,99 €","10,65 €/L"
Gel wc anti-calcário,Harpic,Garrafa de 750 ml,"1,79 €","2,39 €/L"
Bombons Caja Roja,Nestlé,Embalagem 400 g,"18,76 €/Kg","18,76 €/Kg"
Lixivia perfume fresco,Neoblanc,Embalagem de 2 l,"1,74 €","0,35 €/L"
Café lote normal moagem grossa,PorSi,Embalagem de 250 g,"9,76 €/Kg","9,76 €/Kg"
Açucar granulado,PorSi,Embalagem de 1 kg,"1,49 €","1,49 €/Kg"
Farinheira do fundão,PorSi,Embalagem de 250g,"1,49 €","7,45 €/Kg"
Gelatina de manga,Koala,Embalagem de 130g,"0,85 €","2,13 €/Kg"
Bolachas bio de chocolate chips organic,Gullón,250 g,"1,57 €","15,70 €/Kg"
Mostarda a'lancienne,PorSi Select,190 g,"0,70 €","2,33 €/Kg"
Cacetinho de Trigo,Pão do Dia,80 g,"0,19 €","2,38 €/Kg"
Iogurte liquido proteína yopro morango/framboesa,Yopro,300 g,"1,17 €","1,83 €/Kg"
Salsichas de porco em lata,PorSi,Embalagem de 200g,"0,75 €","3,75 €/Kg"
Queijoj parmigiano reggiano cunha,Parmareggio,Embalagem de 150g,"1,79 €","14,32 €/Kg"
Frutapura maçã e pera,Bledina,Embalagem de 85g,"2,29 €","6,94 €/L"
Bacalhau lombos,PorSi,Embalagem de 1.5 kg,"6,39 €","7,99 €/Kg"
Resguardo de colhão impermeável,PorSi,Dim.: 60 x 120 cm,"4,99 €","4,99 €/Unidade"
20 saquetas chá de baunilha c/ caramelo,Lipton,Embalagem de 40g,"1,09 €","54,50 €/Kg"
Chocolate kit kat,Kit kat,Embalagem de 130g,"16,40 €/Kg","16,40 €/Kg"
Rum 3 anos havan club (40º),Havana,Garrafa de 700 ml,"17,49 €","24,99 €/L"
Açúcar branco em saquetas,Rar,Embalagem com 170 saquetas,"1,49 €","1,49 €/Kg"
Sidra de maçã,Somersby,pack 6 x 0.2 l,"1,65 €","3,30 €/L"
Amendoim pedaços,Cemporcent,Embalagem de 510g,"3,99 €","7,82 €/Kg"
Ambientador vela odor animais,PorSi,1 unidade,"2,53 €","2,53 €/Unidade"
Bebida de Arroz,PorSi Viva Bem,1 l,"1,59 €","1,59 €/L"
Nata uht 0% lactose,Parmalat,Embalagem de 200 ml,"0,75 €","3,75 €/L"
Cerveja c/ álcool,Super Bock,pack 24 x 0.20 l,"1,99 €/L","1,99 €/L"
Mistura para coelhos,Rac.zezere,Embalagem de 5 kg,"2,49 €","2,49 €/Kg"
Amaciador concentrado para roupa floral,PorSi,80 doses,"3,99 €","3,99 €/Unidade"
Flocos cereais chocolate,PorSi,Embalagem de 300g,"2,19 €","8,76 €/Kg"
"Salsichas wiennerwurt em frasco, 6 un",Nobre,Embalagem de 250g,"0,75 €","3,75 €/Kg"
Mousse chocolate,PorSi,Embalagem de 150g,"0,79 €","5,27 €/Kg"
Coco ralado bio,PorSi Bio,Embalagem de 200 g,"1,79 €","8,95 €/Kg"
Feijão encarnado,PorSi,Embalagem de 420 g,"1,79 €","2,29 €/Kg"
Espremedor,PorSi,1 unidade,"0,89 €","0,89 €/Unidade"
Iogurte natural sem lactose,PorSi Viva Bem,4 x 125 g,"0,99 €","1,98 €/Kg"
Creme depilatório para peles normais,Labell,Embalagem de 200 ml,"3,99 €","19,95 €/L"
Vinho doc dão branco,Grao vasco,Garrafa de 750 ml,"3,99 €","5,32 €/L"
Vinho do porto lágrima tinto,Ramos Pinto,"Garrafa de 0,75L","16,99 €","22,65 €/L"
Cone baunilha,PorSi,embalagem 6 x 120 ml,"5,99 €","17,11 €/L"
Néctar light de laranja prisma,PorSi,Embalagem de 1 l,"0,89 €","2,70 €/L"
Fermento padeiro,Royal,Embalagem de 27g,"1,89 €","17,18 €/Kg"
Kit de viagem,Colgate,pasta dentífrica + escova,"2,39 €","31,87 €/L"
Martini Riserva Rubino,Martini,Garrafa de 750 ml,"8,49 €","11,32 €/L"
Café torrado intensa,Nicola,Embalagem de 250 g,"9,16 €/Kg","9,16 €/Kg"
"Elixir bocal, dentes e gengivas",Listerine,Embalagem de 250 ml,"6,99 €","13,98 €/L"
Tablete de chocolate negro,PorSi,Embalagem de 100 g,"0,99 €","4,95 €/Kg"
"Pães para hamburguer com sésamo, 4 unidades",Bimbo,embalagem de 220 g,"0,99 €","1,65 €/Kg"
Camarão tigre 10/15 congelado,Nossa seleção,Vendido ao peso,"2,00 €","7,99 €/Kg"
"Lava tudo antibacteriano lavanda 1,5l",PorSi,Garrafa de 1.5 l,"0,99 €","0,50 €/L"
Café solúvel c/ cafeína,PorSi,Embalagem de 100g,"14,50 €/Kg","14,50 €/Kg"
Estendal de roupa com abas alumínio,PorSi,20 metros,"0,89 €","0,89 €/Unidade"
Mel multifloral doseador,PorSi,Embalagem de 250g,"4,89 €","9,78 €/Kg"
"Café em grão, lote superior",Delta,Embalagem de 1 kg,"9,16 €/Kg","9,16 €/Kg"
Queijo roquefort,Páturages,Embalagem de 150 g,"2,61 €","13,05 €/Kg"
Adoçante com doseador,PorSi,Embalagem 300 comprimidos,"6,21 €","6,21 €/Unidade"
Água mineral sem gás,S.estrela,pack 4 x 1.5 l,"1,04 €","0,17 €/L"
Polpa de tomate,PorSi,Embalagem de 500 g,"3,84 €","24,00 €/Kg"
Pensos higiénicos liberty noite abas,Evax,Embalagem com 9 un.,"4,99 €","4,99 €/Unidade"
Mistura para exóticos,Canto Alegre,Embalagem de 1K,"4,19 €","0,84 €/Kg"
Alheira,Terras do Demo,Embalagem com 200 g,"1,49 €","7,45 €/Kg"
Café torrado lote chávena máquina,Delta,Embalagem de 250g,"9,16 €/Kg","9,16 €/Kg"
Esoumante prosecco branco,Gancia,Garrafa de 750 ml,"40,99 €","54,65 €/L"
Vinho do porto malvasia branco,Rcv,Garrafa de 750 ml,"6,65 €/L","6,65 €/L"
Iogurte liquido proteína yopro morango/framboesa,Yopro,300 g,"5,97 €/Kg","5,97 €/Kg"
Canja c/ aletria,Knorr,Embalagem de 70g,"0,84 €","13,55 €/Kg"
Rebuçados mel e limão,PorSi,Embalagem de 200g,"0,77 €","3,85 €/Kg"
Ambientador tealights canela,PorSi,embalagem com 18 unidades,"2,53 €","2,53 €/Unidade"
"Adesivo suave, pele sensivel",Hansaplast,1 unidade,"2,99 €","2,99 €/Unidade"
Ab bran flakes,Kellogg's,Embalagem de 375g,"1,49 €","2,98 €/Kg"
Asas de Frango,*,1 un = 100 gr (aprox.),"0,20 €","1,99 €/Kg"
"Queijo light, mini",Babybel,Embalagem de 120g,"2,49 €","20,75 €/Kg"
Leite especial cálcio + vitamina d magro,Mimosa,Garrafa de 1 l,"1,29 €","1,29 €/L"
Doce de morango,Casa de Mateus,Embalagem de 345g,"2,19 €","9,95 €/Kg"
Inseticida elétrico líquido,Raid,45 noites,"6,39 €","6,39 €/Unidade"
Butter cookies,PorSi,Embalagem de 450g,"0,90 €","6,00 €/Kg"
Abobora cubos,PorSi,Embalagem de 500g,"0,74 €","1,85 €/Kg"
Linhaça castanha moída,Cemporcent,Embalagem de 200g,"2,49 €","12,45 €/Kg"
Pastilhas ice spearmint,CHICLETS,Embalagem de 17 g,"0,89 €","59,33 €/Kg"
Máquina Depilatória Extra Smooth Sensitive,Gillette,1 unidade,"4,99 €","4,99 €/Unidade"
Pilha alcalina classic lr20x2,Domédia,1 unidade,"1,99 €","1,99 €/Unidade"
Almôndegas vegetarianas,Garden Gourmet,Embalagem de 200g,"3,99 €","11,40 €/Kg"
Refrigerante c/ gás zero s/ cafeína,Coca-Cola,pack 6 x 0.33 l,"0,79 €","0,40 €/L"
Desinfetante álcool gel,PorSi,100 ml,"0,99 €","9,90 €/L"
Água com gás natural,Perrier,Embalagem de 750ml,"2,85 €","2,85 €/L"
12 vitaminas e 12 minerais - frasco comprimido,Forma+,Embalagem de 60g,"7,59 €","126,50 €/Kg"
"Detergente líquido, manual loiça, original",Fairy,"Embalagem de 1,5 l","0,99 €","1,98 €/L"
Polpa de tomate em garrafa,Compal,Embalagem de 500g,"3,84 €","24,00 €/Kg"
Pensos clássicos,PorSi,100 unidades,"2,99 €","2,99 €/Unidade"
Almôndegas Vegetais Green Cuisine,Iglo green,Embalagem de 240g,"3,99 €","11,40 €/Kg"
Infusão nº 13 diabet control,Cemporcent,Embalagem de 10 unidades,"0,99 €","76,15 €/Kg"
Bolachas infantil dinossauros,Artiach,Embalagem de 190g,"1,89 €","15,75 €/Kg"
Spray fornos e grelhadores,Cif,435 ml,"1,79 €","2,39 €/L"
"Spray depilatório, peles sensiveis",Veet,Garrafa de 150 ml,"3,99 €","19,95 €/L"
Leite de transição Optipro 2 +6 meses,NAN,Embalagem de 800g,"20,99 €","26,24 €/Kg"
Ambientador eléctrico Relaxing Zen + recarga,Glade,1 unidade,"3,74 €","3,74 €/Unidade"
Nata uht para culinária,Parmalat,Embalagem de 200 ml,"0,75 €","3,75 €/L"
Spray optimal 7 com lixivia,Ajax,Embalagem de 500 ml,"1,79 €","2,39 €/L"
Gomas favoritos açúcar,Haribo,Embalagem de 90g,"1,19 €","3,97 €/Kg"
Manteiga pasteurizada com sal cuvet,Primor,Embalagem de 250g,"1,69 €","6,76 €/Kg"
Discos de algodão para bebé,PorSi,60 unidades,"1,79 €","1,79 €/Unidade"
Porto special reserva,Cruz,"garrafa de 0,75 l","11,49 €","15,32 €/L"
Recarga inseticida eléctrico líquido anti melgas e m...,Raid,60 noites,"6,39 €","6,39 €/Unidade"
Hambúrgueres de peru,PorSi,Embalagem de 4x80g,"2,79 €","8,72 €/Kg"
Cogumelos inteiros,PorSi,Embalagem de 185 g,"1,79 €","2,29 €/Kg"
Polpa de tomate com cebola e alho,Compal,Embalagem de 500g,"3,84 €","24,00 €/Kg"
Champô cabelos pintados,Labell,Embalagem de 250 ml,"5,59 €","13,98 €/L"
"Limpa móveis pistola, aloé vera",Pronto,Embalagem de 500 ml,"1,19 €","0,79 €/L"
Barra s.k frutos vermelhos,Kellogg's,Embalagem de 130g,"1,29 €","10,24 €/Kg"
Papel P/ Fotocópia Students A4 500 Folhas,Navigator,1 un.,"1,59 €","1,59 €/Unidade"
Salsa,PorSi,Embalagem de 50g,"0,99 €","19,80 €/Kg"
Vinho maduro tinto doc alentejano,P.ravessa,Garrafa de 750 ml,"5,99 €","7,99 €/L"
Tarteletes com recheio morango,PorSi,Embalagem de 96g,"0,79 €","4,49 €/Kg"
Café em grão,Delta,Embalagem de 1 kg,"9,16 €/Kg","9,16 €/Kg"
Ovos Galinha Solo XL Categoria A,PorSi,6 unidades,"1,39 €","1,39 €/Unidade"
Frutapura Pouch Frutos Variados,Bledina,Embalagem de 85g,"2,29 €","6,94 €/L"
Tablete de chocolate culinário negro,PorSi,Embalagem de 200 g,"0,99 €","4,95 €/Kg"
Bolachas starship tradicional,PorSi,Embalagem de 150g,"0,90 €","6,00 €/Kg"
Vinho rosé mateus emotion,Mateus,Garrafa de 750 ml,"4,29 €","5,72 €/L"
Casa do Panda em cartão,Panda,1 unidade,"11,99 €","11,99 €/Unidade"
Pastilhas elásticas splash morango e lima,Trident Max,Embalagem de 66 g,"0,89 €","59,33 €/Kg"
Sumo 100% Fruta Laranja Espremida,Compal,1 litro,"1,09 €","0,73 €/L"
Posta de tintureira,PorSi,Embalagem de 500 g,"4,39 €","10,98 €/Kg"
Pensos peles sensíveis XL,PorSi,5 unidades,"2,99 €","2,99 €/Unidade"
Lambrusco branco,Sorbello,Garrafa de 0.75 l,"7,99 €","10,65 €/L"
Feijao frade,PorSi,Embalagem de 500g,"0,95 €","1,90 €/Kg"
20 saquetas infusão de cidreira,Lipton,Embalagem de 20g,"0,99 €","76,15 €/Kg"
Leite UHT Meio Gordo,PorSi,Embalagem de 200 ml,"0,81 €","0,81 €/L"
Caldo de galinha 24 cubos,Knorr,Embalagem de 240g,"3,84 €","24,00 €/Kg"
Gelado cornetto morango,Olá,Embalagem de 6 x 90 ml,"5,99 €","17,11 €/L"
Limpa fornos normal,Mr.muscle,Embalagem de 300 ml,"1,29 €","1,72 €/L"
Lixivia perfumada,PorSi,Garrafa de 2 l,"2,59 €","1,30 €/L"
Callippo super mix,Olá,Embalagem de 5 x 105 ml,"5,99 €","17,11 €/L"
Cereais lion chocolate/caramelo,Nestle,Embalagem de 400g,"1,29 €","10,24 €/Kg"
Cerveja 0.0%,Heineken,Pack 6 x 0.25 l,"5,99 €","3,03 €/L"
Orégãos em folhas,PorSi,Saqueta com 10 g,"0,25 €","0,25 €/Kg"
Vinho regional península de setúbal reserva,Periquita,Garrafa de 0.75 l,"8,59 €","11,45 €/L"
Detergentes máquina lavar loiça next generation,PorSi,30 pastilhas,"2,99 €","2,99 €/Unidade"
Lixívia tradicional,PorSi,Embalagem de 2 l,"1,74 €","0,35 €/L"
"Pensos diários, maxi, 40 unidades",Evax,Uma embalagem,"1,79 €/Unidade","1,79 €/Unidade"
Néctar 8 frutos,Bongo,Pack 3 x 200 ml,"0,99 €","0,99 €/L"
"Pasta dentífrica, dentes/gensivas sensitive",Labell,Embalagem de 75 ml,"2,39 €","31,87 €/L"
Milho doce,PorSi,Embalagem de 3 x 140 g,"1,79 €","2,29 €/Kg"
Massa pevide,Nacional,Embalagem de 250g,"0,89 €","1,78 €/Kg"
Legumes para sopa,PorSi,Embalagem de 1 kg,"0,74 €","1,85 €/Kg"
Queijo de azeitão dop,PorSi Select,Embalagem de 255 g,"6,49 €","25,45 €/Kg"
"Pensos, 20 unidades",Hansaplast,1 embalagem,"2,99 €","2,99 €/Unidade"
Leite C/ Chocolate,Mimosa,Embalagem de 4 x 200 ml,"0,26 €","1,30 €/L"
Leite uht sem lactose magro,PorSi Viva Bem,1 litro,"0,81 €","0,81 €/L"
"Discos desmaquilhantes, 120 unidades",PorSi,Embalagem de 120 unidades,"0,76 €","0,76 €/Unidade"
Whisky,Grants,Garrafa de 1 l,"23,99 €","23,99 €/L"
"Escova de dentes, proteção global média, 2 unidades",Labell,Uma embalagem,"4,99 €","4,99 €/Unidade"
Xarope grenadine,Paquito,Garrafa de 750 ml,"3,54 €","3,54 €/L"
Magnum mini white mix,Olá,Embalagem de 6 x 55 ml,"5,99 €","17,11 €/L"
"Gel barbear, proglide 2em1 Sport",Gillette,Embalagem de 170 ml,"1,49 €","5,96 €/L"
Vinho Regional Lisboa Reserva Branco,Marginal,Garrafa de 0.75 l,"5,99 €","7,99 €/L"
Tonic premium indian,Fever-Tree,Garrafa de 500 ml,"5,49 €","5,49 €/L"
Cotonetes para bebé,PorSi,Embalagem com 60 unidades,"0,58 €","0,58 €/Unidade"
Cerveja com álcool abadia,Super Bock,pack 6 x 0.33 l,"1,99 €/L","1,99 €/L"
1ª papa láctea multifrutos sem glúten +4 meses,Cerelac,Embalagem de 250g,"4,49 €","4,49 €/Kg"
Salsichas Frankfurt em lata,Izidoro,Embalagem de 120g,"0,75 €","3,75 €/Kg"
Espetadas,Porco,1 un = 150 gr (aprox.),"1,12 €","4,49 €/Kg"
Bolacha de manteiga belga c/ chocolate,Saborosa,Embalagem de 200g,"1,69 €","6,76 €/Kg"
Batata frita palha,PorSi,Embalagem de 160g,"0,87 €","5,44 €/Kg"
Barras de cereais nesquik,Nestle,Embalagem de 150g,"1,29 €","10,24 €/Kg"
Halls Mini Mints Menta,Halls,12.5 g,"1,00 €","5,00 €/Kg"
Perna,Borrego,1 un = 1.5 kg (aprox.),"19,49 €","12,99 €/Kg"
Comida húmida para gato seleção de aves,Gourmet mp,Embalagem de 300g,"3,59 €","2,99 €/Kg"
Aperitivos de amendoins sal e mel,Matutano,Embalagem de 70g,"0,89 €","8,90 €/Kg"
Leite UHT Meio Gordo,Gresso,Embalagem de 1 l,"0,81 €","0,81 €/L"
Queijo curado babybel protein rede 5x20g,Babybel,Embalagem de 100g,"0,89 €","25,43 €/Kg"
"Bolachas aperitivas, simples",Tuc,Embalagem de 100g,"2,82 €","9,40 €/Kg"
Spray renova camurça incolor,PorSi,Embalagem de 200 ml,"2,89 €","14,45 €/L"
Compressas | dim.: 10 x 10 cm,PorSi,Embalagem com 100 unidades,"2,99 €","2,99 €/Unidade"
Massas alimentícias laços,PorSi,Embalagem de 500g,"0,89 €","1,78 €/Kg"
Gelatina pronta a comer morango,Royal,Embalagem de 4 x 100 g,"0,85 €","2,13 €/Kg"
Bolacha shortcake,Nacional,Embalagem de 180g,"1,69 €","6,76 €/Kg"
Espinafres em folhas,PorSi,Embalagem de 750 g,"0,74 €","1,85 €/Kg"
Ambientador vela maçã e canela,PorSi,1 unidade,"2,53 €","2,53 €/Unidade"
Elixir bocal de mentol,Listerine,Embalagem de 250 ml,"6,99 €","13,98 €/L"
Queijo de cabra curado,Seia,Embalagem de 430g,"1,89 €","10,50 €/Kg"
Lambrusco tinto,Sorbello,Garrafa de 0.75 l,"2,49 €","3,32 €/L"
Tablete de chocolate de leite com amêndoas - sem açú...,PorSi Viva Bem,Embalagem de 100 g,"6,50 €/Kg","6,50 €/Kg"
Tostas dietéticas,Diatosta,Embalagem de 225 g,"1,34 €","5,96 €/Kg"
Tamaras,PorSi,Embalagem de 200g,"0,79 €","3,95 €/Kg"
Caldeirada de bacalhau,PorSi,Embalagem de 1 kg,"6,39 €","7,99 €/Kg"
"Queijo em fatias, -50% gordura",Limiano,Embalagem de 200g,"1,56 €","7,80 €/Kg"
Creme para calçado incolor,PorSi,50 ml,"0,99 €","19,80 €/L"
Queijo flamengo em Barra,Ilha Azul,"Vendido ao peso, fatiado a partir de 100 gr","1,56 €","7,80 €/Kg"
Leite condensado,PorSi,Lata de 1 kg,"1,09 €","2,75 €/Kg"
Aguardente bagaceira,Dinastia,"Garrafa de 0,70 l","11,99 €","17,13 €/L"
Beira interior colheita 2013,Beyra,Garrafa de 0.75 l,"2,99 €","3,99 €/L"
Bolacha cookie sensations choco,Milka,Embalagem de 160g,"0,90 €","6,00 €/Kg"
Papa infantil não láctea bolacha maria +6 meses,Cerelac,Embalagem de 250g,"4,49 €","4,49 €/Kg"
Néctar vital equilibrio laranja/cenoura/manga,Compal,Embalagem de 1 l,"0,99 €","0,99 €/L"
Sumo 100% fresh maçã,Compal,Garrafa de 330 ml,"1,09 €","0,73 €/L"
Vinho branco,PorSi,Bag-in-box de 5 litros,"0,69 €","2,76 €/L"
Detergente Máquina Roupa Liquido Bebé,PorSi,50 doses,"3,55 €","2,37 €/L"
Biscoitos integrais sementes de agave,PorSi Viva Bem,Embalagem de 150g,"0,69 €","3,45 €/Kg"
Bolachas digestivas go maçã,Triunfo,Embalagem de 170g,"1,49 €","2,48 €/Kg"
Iogurte líquido morango,PorSi,Embalagem de 4 x 160 g,"1,17 €","1,83 €/Kg"
Creme de cenoura,Centralrest,Vendido ao peso a partir de 500 g,"1,19 €","2,98 €/Kg"
Tablete de chocolate de culinária - sem açúcar,PorSi Viva Bem,Embalagem de 100 g,"1,04 €","8,32 €/Kg"
Lixívia densa +,Neoblanc,Embalagem de 1 l,"1,74 €","0,35 €/L"
Napolitanas creme cacau,PorSi,Embalagem de 320g,"1,77 €","5,53 €/Kg"
Mini tostas de trigo,Diatosta,Embalagem de 350 g,"2,39 €","6,83 €/Kg"
Croquetes vegetais,PorSi Viva Bem,Embalagem de 220g,"3,99 €","11,40 €/Kg"
"Pilha alcalina, hightech lr6X8",Domédia,1 unidade,"1,99 €","1,99 €/Unidade"
Sacos higiénicos para animal,Canaillou,4 x 20 unidades,"1,19 €","0,24 €/Kg"
"Creme protector contra assaduras, para bebé",Johnson's Baby,Embalagem de 100 ml,"1,24 €","4,96 €/Kg"
Comida húmida para cão almôndegas,PorSi,Embalagem de 1200 g,"0,75 €","2,50 €/Kg"
Grão de bico,PorSi,embalagem de 500 g,"0,99 €","1,98 €/Kg"
Mini tostas trigo super finas,PorSi,Embalagem de 100 g,"2,39 €","6,83 €/Kg"
Néctar light manga/laranja,Compal,330 ml,"0,89 €","2,70 €/L"
Lixívia densa verde,Neoblanc,Embalagem de 1 l,"1,74 €","0,35 €/L"
Sobremesa Paturette Chocolate,Páturages,Embalagem de 4x115g,"1,37 €","2,98 €/Kg"
Vodka,ON/OFF,Garrafa 0.70L,"19,79 €","19,79 €/L"
Manteiga s/ lactose,Primor,Embalagem de 130g,"1,69 €","6,76 €/Kg"
Rebuçado recheio morango,PorSi,Embalagem de 250g,"1,00 €","5,00 €/Kg"
Big burger frango,Capitão Iglo,Embalagem de 230g,"7,99 €","7,99 €/Kg"
Requeijão Cabra,Saloio,170 g,"1,09 €","5,45 €/Kg"
Tostas integrais,Diatosta,Embalagem de 225 g,"2,39 €","6,83 €/Kg"
Gelatina pronta a comer light 10 kcal melancia,Royal,Embalagem de 4 x 100 g,"0,85 €","2,13 €/Kg"
Salsichas em lata,PorSi,Embalagem  de 120 g,"0,75 €","3,75 €/Kg"
Gelatina light de morango,Condi,Embalagem de 2x15g,"0,55 €","61,11 €/Kg"
Sangria frutos vermelhos,Casal Garcia,Garrafa de 0.75 l,"2,39 €","1,59 €/L"
Creme culinário soja,PorSi Viva Bem,Embalagem de 200 ml,"4,99 €","12,48 €/Kg"
Detergente em gel máquina lavar roupa universal,Persil,85 doses,"29,99 €","7,06 €/L"
Água s/ gás,Luso,"Garrafa de 0,75 l","1,04 €","0,17 €/L"
Bolachas chiquilin,Artiach,Embalagem de 180g,"1,69 €","6,76 €/Kg"
Cerveja com álcool,Sagres,Garrafa de 1 l,"1,99 €/L","1,99 €/L"
Flocos de cereais com mel,PorSi,Embalagem de 750g,"2,19 €","8,76 €/Kg"
"Líquido refrigerante, verde 10%",PorSi,Embalagem de 5 l,"3,99 €","0,80 €/L"
Bolacha digestiva go canela,Triunfo,Embalagem de 170g,"1,49 €","2,48 €/Kg"
Compal da horta concentrado tomate,Compal,Embalagem de 140g,"3,84 €","24,00 €/Kg"
Fruta para bebé maçã banana morango +8 meses,Nestle,Embalagem de 90g,"0,74 €","8,22 €/Kg"
Ambientador tealights baunilha,PorSi,embalagem com 18 unidades,"2,53 €","2,53 €/Unidade"
Ambientador tealights frutos vermelhos,PorSi,embalagem com 18 unidades,"2,53 €","2,53 €/Unidade"
"Escova de cabelo, brushing média",Labell,Uma unidade,"4,99 €","4,99 €/Unidade"
Vinho maduro tinto,Alto de Pias,Garrafa de 5 l,"5,19 €","1,04 €/L"
Leite com chocolate original,Ucal,Embalagem de 6 x 250 ml,"0,26 €","1,30 €/L"
Escova de Dentes Júnior,Aquafresh,1 unidade,"1,49 €","1,49 €/Unidade"
Snack gato sticks salmao 6x5g,PorSi,Embalagem de 30g,"2,19 €","54,75 €/Kg"
Fralda cueca T6 - 16 a 22 kg,PorSi,18 unidades,"8,99 €","8,99 €/Unidade"
Escova de Dentes Júnior,Aquafresh,1 unidade,"4,99 €","4,99 €/Unidade"
Sumo 100% Frutos Tropicais,Paquito,Embalagem de 1 l,"1,09 €","0,73 €/L"
Senses Tropical,Trident,1 un.,"0,89 €","59,33 €/Kg"
Sopa Creme de Marisco,PorSi,Embalagem de 80 g,"0,84 €","13,55 €/Kg"
Iogurte liquido infantil morango,PorSi,Embalagem de 6 x 94 ml,"1,17 €","1,83 €/Kg"
Rum limon,Bacardi,Garrafa de 700 ml,"17,49 €","24,99 €/L"
Pizza marguerita,PorSi,Embalagem de 2 x 300 g,"2,16 €","6,17 €/Kg"
Salsichas Frankfurt em lata,Izidoro,Embalagem de 250g,"0,75 €","3,75 €/Kg"
Tarteletes com recheio avelã,PorSi,Embalagem de 91g,"2,15 €","2,87 €/Kg"
Sumo essencial kids,Compal,pack 3 x 0.11 l,"2,09 €","6,33 €/L"
Filetes primavera alho & ervas,Iglo,Embalagem de 230g,"1,79 €","7,16 €/Kg"
Noodle banzai carne,Cigala,Embalagem de 70g,"0,89 €","1,78 €/Kg"
Adoçante à base de sucralose em pó,PorSi,Embalagem de 90g,"6,21 €","6,21 €/Unidade"
Lima-limao zero,PorSi,Garrafa de 1.5 l,"0,79 €","0,40 €/L"
Coleira repelente para gatos,Repul' 7,Embalagem de 1 unidades,"8,75 €","8,75 €/Unidade"
Creme Depilatório Peles Sensíveis,Veet,Embalagem de 200 ml,"7,99 €","7,99 €/Unidade"
Bolacha vida equilíbrio aveia e canela,Cemporcent,Embalagem de 140g,"1,45 €","11,15 €/Kg"
Plumas de porco preto,PorSi Select,250 g,"1,12 €","4,49 €/Kg"
"Bebida açucarada  tinto de verão, clássico",Sandevid,"Garrafa de 1,5 l","2,39 €","1,59 €/L"
Yofu natural estilo skyr,Alpro,Embalagem de 400g,"3,39 €","6,78 €/Kg"
Elixir intense clean,Aquafresh,Embalagem de 500 ml,"6,99 €","13,98 €/L"
Bolacha digestive s/ gluten,Gullon,Embalagem de 150g,"2,69 €","17,93 €/Kg"
Pão ralado alho e salsa,PorSi,Embalagem de 240 g,"0,55 €","2,29 €/Kg"
Massa alimentícia spaghetti,Barilla,Embalagem de 500g,"1,34 €","2,68 €/Kg"
Bambolitos brancos,PorSi,Embalagem de 150g,"0,79 €","5,27 €/Kg"
Sombrinhas de Natal,Regina,Embalagem de 35 g,"1,99 €","2,12 €/Kg"
Creme Depilatório Peles Sensíveis,Veet,Embalagem de 400 ml,"3,99 €","19,95 €/L"
Rebuçados de mentol,Sweet flav,Embalagem de 250 g,"0,77 €","3,85 €/Kg"
Néctar tutti-fruti,Compal,Pack 3 x 200 ml,"0,99 €","0,99 €/L"
Casal garcia sweet 750ml/1,Casal Garcia,Garrafa de 750 ml,"1,99 €","2,65 €/L"
Queijo em fatias original,Casteloes,Embalagem de 200g,"1,56 €","7,80 €/Kg"
Bife de atum,PorSi,Embalagem de 400 g,"4,39 €","10,98 €/Kg"
Super tea detox com selénio,Tetley,Embalagem de 40g,"71,88 €/Kg","71,88 €/Kg"
Repelente de água,PorSi,Embalagem de 250 ml,"3,99 €","0,80 €/L"
Manteiga magra baixo teor sal,President,Embalagem de 250g,"1,69 €","6,76 €/Kg"
"Cereais special k, frutos vermelhos",Kellogg's,Embalagem de 300g,"3,59 €","27,83 €/Kg"
Snack bio base de milho e aveia c/ amendoim,Gerber,Embalagem de 35g,"1,89 €","9,95 €/Kg"
Moelas,Frango,1 un = 200 gr (aprox.),"0,50 €","4,99 €/Kg"
Planta cozinha,Planta,Embalagem de 500g,"1,39 €","6,95 €/L"
Vinho branco,Alandra,Garrafa de 750 ml,"1,69 €","2,25 €/L"
Napolitas creme baunilha,PorSi,Embalagem de 320g,"2,05 €","5,13 €/Kg"
Caldo de galinha 16 cubos,Knorr,Embalagem de 160g,"3,84 €","24,00 €/Kg"
Detergente Manual p/ Lavar Roupa Regular,Gama,Embalagem de 510 g,"1,09 €","2,73 €/Kg"
Polpa de maracuja,PorSi,Embalagem de 565g,"1,99 €","2,37 €/Kg"
Vinho maduro branco,C.da eira,Garrafa de 1 l,"0,69 €","2,76 €/L"
Pastelinhos de Safara,Bolos Regionais,Embalagem de 400 g,"0,69 €","3,45 €/Kg"
Pensos Higiênicos com Abas Super,Ausonia,embalagem com 12 un.,"4,99 €","4,99 €/Unidade"
Vinho verde branco,Aveleda,Garrafa de 750 ml,"1,99 €","2,65 €/L"
Inseticida vaporizador,Biokill,Embalagem de 375 ml,"4,79 €","11,98 €/L"
Refrigerante sem gás de manga/laran,Joi,"Garrafa de 1,5 l","1,14 €","0,76 €/L"
Nectar vital equilibrio ananás/coco,Compal,Embalagem de 1 l,"0,99 €","0,99 €/L"
Gelatina frutos tropicais  10kcal,Royal,Embalagem de 30g,"0,55 €","61,11 €/Kg"
Manteiga sem sal,Primor,Embalagem de 250g,"1,69 €","6,76 €/Kg"
Bacalhau com broa,PorSi Select,350 g,"1,79 €","7,16 €/Kg"
Espuma Irresistível Volume,Tresemmé,Embalagem de 200 ml,"6,99 €","46,60 €/L"
Pano multiusos felpo,PorSi,1 unidade,"1,79 €","1,79 €/Unidade"
Snack gato frango/queijo,PorSi,Embalagem de 60g,"2,19 €","54,75 €/Kg"
Amaciador para cabelos pintados,Labell,Embalagem de 200 ml,"1,06 €","5,30 €/L"
Folhado de salsicha com mostarda,Pastelaria do Dia,110 g,"0,65 €","0,65 €/Unidade"
Paprika,PorSi,Saqueta com 50 g,"0,25 €","0,25 €/Kg"
Vinho regional lisboa branco,Marginal,Garrafa de 750 ml,"5,99 €","7,99 €/L"
Farinha nao láctea bolacha maria,PorSi,Embalagem de 250g,"4,49 €","4,49 €/Kg"
Pasta dentífrica branco intenso,Aquafresh,Embalagem de 75 ml,"2,39 €","31,87 €/L"
Fio dentário fluór+menta 50m,Labell,1 unidade,"3,99 €","3,99 €/Unidade"
"Bebidas leite, caramelo machiatto",STARBUCKS,Embalagem de 220 ml,"1,99 €","2,49 €/L"
Torresmos soltos,PorSi,Embalagem de 200 g,"0,80 €","10,67 €/Kg"
Cereais fitness,Nestle,Embalagem de 640 g + 320 g grátis,"3,59 €","27,83 €/Kg"
"Shampoo, laranja",PorSi,Embalagem de 1 l,"3,99 €","0,80 €/L"
Bolachas crackers c/ sal,Du bois,Embalagem de 500g,"0,39 €","3,12 €/Kg"
Nata uht,Mimosa,embalagem de 200 ml,"0,75 €","3,75 €/L"
Cola stick,Uhu,Conjunto de 2 x 8.2 g,"1,99 €","1,99 €/Unidade"
M&m's drageias de caramelo salgado e chocolate de le...,M&m's,Embalagem de 160g,"1,39 €","19,86 €/Kg"
Queijo creme de camembert,Président,embalagem de 125 g,"2,61 €","13,05 €/Kg"
Discoveries cappuccino,STARBUCKS,Embalagem de 220 ml,"15,92 €/Kg","15,92 €/Kg"
Vinho do porto 10 anos,Souza,Garrafa de 750 ml,"16,99 €","22,65 €/L"
Gel intimo propolis,Fres&Clean,Embalagem de 250 ml,"5,99 €","23,96 €/L"
"Gel para o cabelo, wet shine",Fru style,Embalagem de 200 ml,"6,99 €","46,60 €/L"
"Rolos de cozinha compactos, branco, 2 unidades",PorSi,Uma embalagem,"3,49 €","3,49 €/Unidade"
10 nuggets peito de frango e queijo,Capitão Iglo,Embalagem de 210g,"2,79 €","8,72 €/Kg"
Fermento de padeiro em pó,Fermipan,Embalagem de 4x11 g,"1,89 €","17,18 €/Kg"
Tortitas de milho sem sal,PorSi Viva Bem,Embalagem de 130g,"0,89 €","8,90 €/Kg"
Máquina de barbear c/ 2 recargas de 6 lâminas,Labell Men,,"1,49 €","5,96 €/L"
Bacalhau em lombos,PorSi,Embalagem de 800g,"6,39 €","7,99 €/Kg"
Ambientador elétrico + recarga alfazema,PorSi,1 unidade,"3,74 €","3,74 €/Unidade"
Saco Pellets Madeira,Pellets Po,Saco de 15kg,"3,99 €","0,27 €/Kg"
"Absorvedores de odores, relax zen",Brise,Embalagem de 2x150g,"16,63 €/L","16,63 €/L"
Leite uht magro,PorSi,Embalagem de 1 litro,"0,81 €","0,81 €/L"
Leite s/ lactose meio gordo,Mimosa,Garrafa de 1 l,"1,29 €","1,29 €/L"
Salsa folhas,PorSi,Saqueta de 12 g,"0,25 €","0,25 €/Kg"
Vinho do porto lágrima branco,R.pinto,Garrafa de 750 ml,"6,65 €/L","6,65 €/L"
Drageias de chocolate de leite,PorSi,200 g,"1,39 €","19,86 €/Kg"
Hambúrguer Vegeta Green Cuisine,Iglo green,Embalagem de 200g,"3,99 €","11,40 €/Kg"
Café em cápsulas deqafeitatus,Delta Q,Embalagem de 55 g,"2,79 €","19,93 €/Kg"
Preparado de bolo de mármore,PorSi,528 g,"1,69 €","8,45 €/L"
Refrigerante com gás free,Seven-up,"Garrafa de 1,25 l","0,79 €","0,40 €/L"
Recarga inseticida elétrico líquido,Raid,45 noites,"6,39 €","6,39 €/Unidade"
Pasta de atum,Fides,Embalagem de 90g,"1,19 €","13,52 €/Kg"
Gelatina morango 10kcal,Royal,Embalagem de 30g,"0,55 €","61,11 €/Kg"
Vinho Regional de Lisboa Branco,Mundus,"Garrafa de 0,75L","2,49 €","3,32 €/L"
Café solúvel crema,Nescafe,Embalagem de 200g,"14,50 €/Kg","14,50 €/Kg"
Penso Higiénico Ultrafinos Normal Abas,PorSi,16 unidades,"4,99 €","4,99 €/Unidade"
Sal de mesa,PorSi,Embalagem de 250 g,"0,25 €","0,25 €/Kg"
Filete de anchovas estendidas,General,Embalagem de 40g,"0,89 €","7,42 €/Kg"
Mini tostas integrais,PorSi,Embalagem de 180g,"2,39 €","6,83 €/Kg"
Pão gémeos,*,250 g,"0,19 €","2,38 €/Kg"
16 mini croquetes de carne,PorSi,Embalagem de 290 g,"1,79 €","7,16 €/Kg"
Spray tira gorduras,PorSi,Embalagem de 750 ml,"1,29 €","1,72 €/L"
Napolitanas creme cacau,PorSi,Embalagem de 320g,"2,05 €","5,13 €/Kg"
Cereais argolas de mel,PorSi,Embalagem de 375 g,"5,07 €/Kg","5,07 €/Kg"
Iogurte tipo grego stracciatella,PorSi,Embalagem de 500g,"1,49 €","2,98 €/Kg"
Moinho pimenta preta em grão,PorSi,Frasco com 45 g,"0,25 €","0,25 €/Kg"
Lixívia tradicional,PorSi,Embalagem de 1 l,"1,74 €","0,35 €/L"
Vinho do Porto Branco,Velhotes,"Garrafa de 0,75 l","6,65 €/L","6,65 €/L"
Cereais chocapic,Nestle,Embalagem de 630g,"5,07 €/Kg","5,07 €/Kg"
Aguardente bagaceira,S.domingos,Garrafa de 1 l,"11,99 €","17,13 €/L"
Cream cracker 200g,JACOB'S,Embalagem de 200g,"0,39 €","3,12 €/Kg"
"Bolacha belvita soft brakes, cereais",Belvita,Embalagem de 250g,"1,49 €","2,48 €/Kg"
Sumo 100% maçã,PorSi,"Embalagem de 1,5 l","1,09 €","0,73 €/L"
Cha infusão verde,Cemporcent,Embalagem com 10 saquetas,"1,09 €","54,50 €/Kg"
Vinho branco tejo sauvignon,Fiuza,Garrafa de 750 ml,"5,99 €","7,99 €/L"
Vodka red,Smirnoff,Garrafa de 1 l,"19,79 €","19,79 €/L"
Strudel de maçã,PorSi,Embalagem de 550 g,"2,65 €","8,28 €/Kg"
Recarga mopa,PorSi,1 unidade,"2,20 €","2,20 €/Unidade"
Massa de pontinha grossa,Nacional,Embalagem de 250g,"0,89 €","1,78 €/Kg"
Iogurte activia natural,Danone,Embalagem de 4 x 120 g,"2,79 €","6,07 €/Kg"
Água com gás,Vimeiro,pack 6 x 0.25 l,"2,85 €","2,85 €/L"
Refrigerante de cola zero,PorSi,Garrafa de 2 l,"0,79 €","0,40 €/L"
Gelatina morango 8 kcal,PorSi,Embalagem de 4 x 100 g,"0,85 €","2,13 €/Kg"
Néctar de 8 frutos,Bongo,Garrafa de 1 l,"0,99 €","0,99 €/L"
Snack para gato original,Felix,Embalagem de 60g,"2,19 €","54,75 €/Kg"
Feijão frade,Compal,Lata de 410 ml,"1,79 €","2,29 €/Kg"
Bolacha cream cracker,Vieira,Embalagem de 200g,"0,39 €","3,12 €/Kg"
Néctar de laranja e cenoura light,PorSi,Embalagem de 1 litro,"0,89 €","2,70 €/L"
Pizza fiambre e queijo,Campofrio,Embalagem de 360g,"0,99 €","4,30 €/Kg"
Arroz basmati,PorSi,Embalagem de 1 kg,"0,99 €","0,99 €/Kg"
Rum carta blanca,Bacardi,Garrafa de 700 ml,"17,49 €","24,99 €/L"
Ovos galinha solo m,PorSi,6 ovos,"1,39 €","1,39 €/Unidade"
Arroz basmati,Caçarola,Embalagem de 1 kg,"0,99 €","0,99 €/Kg"
Empadão de carne,PorSi,Embalagem de 1 kg,"7,99 €","7,99 €/Kg"
Café solúvel viena,Nescafe,Embalagem de 140g,"14,50 €/Kg","14,50 €/Kg"
Medalhões de pescada,PorSi,Embalagem de 400 g,"4,39 €","10,98 €/Kg"
Toucinho fumado extra,PorSi,Embalagem de 200 g,"2,19 €","10,95 €/Kg"
"Vela com número, nº2",PorSi,1 unidade,"0,59 €","0,59 €/Unidade"
Salsicha Fresca,Porco,1 un = 100 gr (aprox.),"0,65 €","6,49 €/Kg"
"Fermento em pó, lata",Royal,Embalagem de 110g,"1,89 €","17,18 €/Kg"
Vermute rosso,Martini,Garrafa de 1 l,"11,99 €","11,99 €/L"
Arroz integral,PorSi Viva Bem,Embalagem de 1 kg,"0,99 €","0,99 €/Kg"
Veggie bowls quinoa & abóbora 350g,Iglo green,Embalagem de 350g,"3,99 €","11,40 €/Kg"
Néctar light de manga/laranja prism,PorSi,Embalagem de 1 l,"0,89 €","2,70 €/L"
Delícias em forma de lagosta,Pescanova,Embalagem de 260g,"2,19 €","8,59 €/Kg"
Vinho da madeira doce,Barbeito,Garrafa de 750 ml,"14,99 €","19,99 €/L"
Café mistura peninsular,Delta,Embalagem de 250g,"0,99 €","3,96 €/Kg"
Caju bio,*,Vendido ao peso a partir de 200 g,"5,06 €","25,29 €/Kg"
Creme curgete com hortela,PorSi,Embalagem de 400g,"1,19 €","2,98 €/Kg"
Bolacha craker queijo,Tuc,Embalagem de 100g,"1,49 €","2,48 €/Kg"
Tentáculos pota,PorSi,Embalagem de 800G,"5,49 €","6,86 €/Kg"
"Rebuçados sem açúcar, mentho-lyus",Halls,Embalagem de 128 g,"0,77 €","3,85 €/Kg"
Queijo são jorge dop,PorSi Select,Embalagem de 400g,"6,99 €","13,98 €/Kg"
Camarão cozido 60/95,PorSi,Vendido ao peso a partir de 500 g,"3,00 €","11,99 €/Kg"
"Alimento húmido para cão, galinha e cordeiro",Pedigree,Embalagem de 400g,"0,75 €","2,50 €/Kg"
Sopa de legumes,PorSi,Embalagem de 400 g,"1,19 €","2,98 €/Kg"
20 saquetas chá noite tranquila,Lipton,Embalagem de 30g,"1,09 €","54,50 €/Kg"
Desodorizante de Pés em Creme,Protex,Embalagem de 100 ml,"5,99 €","39,93 €/L"
Camarão moçambique 60/80,PorSi,800 g,"8,99 €","25,69 €/Kg"
Churritos,PorSi,Embalagem de 240g,"2,05 €","5,13 €/Kg"
Bolacha wafer baunilha,PorSi,Embalagem de 180g,"0,98 €","4,67 €/Kg"
6 empadas de galinha,PorSi,Embalagem de 330g,"1,79 €","7,16 €/Kg"
Qj red cheddar fatias 150g,KERRYGOLD,Embalagem de 150g,"1,56 €","7,80 €/Kg"
Pizza fresca de fiambre e queijo,PorSi,400 g,"0,99 €","4,30 €/Kg"
Millet (milho painço),Cemporcent,Embalagem de 500g,"1,34 €","2,68 €/Kg"
Água mineral natural alcalina,MONCHIQUE,"6x1,5l","1,04 €","0,17 €/L"
Iogurte liquido stracciatella,PorSi,Embalagem de 4 x 160 g,"1,17 €","1,83 €/Kg"
Concentrado de laranja,Sunquick,Garrafa de 700 ml,"3,54 €","3,54 €/L"
Feijão manteiga,PorSi,Embalagem de 500g,"0,95 €","1,90 €/Kg"
Bolachas maria,Triunfo,Embalagem de 200g,"2,11 €/Kg","2,11 €/Kg"
Queijo Coulommiers,Páturages,Embalagem de 350 g,"2,61 €","13,05 €/Kg"
Leite pasteurizado gordo,Vigor,Garrafa de 1 l,"1,09 €","1,09 €/L"
Bolachas dinossauros dinoovos,Artiach,Embalagem de 140g,"1,89 €","15,75 €/Kg"
Farinha rainha c/ fermento,Nacional,Embalagem de 1000 g,"1,99 €","1,99 €/Kg"
Esponja limpa camurça,PorSi,1 unidade,"1,49 €","1,49 €/Unidade"
Ananás em rodelas,PorSi,Embalagem de 565 g,"1,99 €","2,37 €/Kg"
Fraldas agility T5 de 13 a 18 kg,PorSi,44 unidades,"6,49 €","6,49 €/Unidade"
Mini Tostas de Trigo,PorSi,Embalagem de 350 g,"2,39 €","6,83 €/Kg"
Gelado magnum after dinner,Olá,Embalagem de 10 x 35 ml,"5,99 €","17,11 €/L"
Maçã starking 60/65 categoria II Programa Origens,PorSi,Embalagem de 1.5 kg,"0,23 €","1,79 €/Kg"
Pastilhas café lote chávena,Delta,Embalagem de 110g,"2,79 €","19,93 €/Kg"
15 barrinhas pescada,Pescanova,Embalagem de 450g,"9,30 €/Kg","9,30 €/Kg"
Lixivia perfumada,PorSi,Garrafa de 2 l,"1,74 €","0,35 €/L"
Recarga Desumidificador Inodoro,HUMYDRY,embalagem de 450g,"3,19 €","7,09 €/Kg"
Arroz agulha,Saludães,Embalagem de 1kg,"0,99 €","0,99 €/Kg"
Vinho regional alentejano tinto,Qta.carmo,Garrafa de 0.75 l,"5,99 €","7,99 €/L"
Bolachas vitalday recheio iogurte c/ frutos vermelho...,Gullon,Embalagem de 220g,"1,45 €","11,15 €/Kg"
Sabonete líquido para as mãos de coco,Dove,embalagem de 250 ml,"0,99 €","1,98 €/L"
Inseticida aerossol moscas. melgas e mosquitos,Baygon,Embalagem de 400 ml,"4,79 €","11,98 €/L"
Vinho do Porto Tawny,Velhotes,"garrafa de 0,75 l","16,99 €","22,65 €/L"
Massa de argolinhas,Nacional,Embalagem de 250g,"0,89 €","1,78 €/Kg"
Néctar pêssego,Compal,Pack 3 x 200 ml,"0,99 €","0,99 €/L"
Desentupidor gel turbo com lixívia,Destop,Garrafa de 1 l,"3,99 €","5,32 €/L"
Limpa máquinas de loiça limão,PorSi,Embalagem de 250 ml,"2,99 €","2,99 €/Unidade"
"Pasta dentífrica, 7-13 anos",Labell,Embalagem de 75 ml,"1,49 €","1,49 €/Unidade"
Esparguete fino,Nacional,Embalagem de 500g,"0,89 €","1,78 €/Kg"
Bebida de Soja Natural,PorSi Viva Bem,Pack: 3 x 200 ml,"2,59 €","2,59 €/L"
Bolacha maria doces,Vieira,Embalagem de 300g,"2,11 €/Kg","2,11 €/Kg"
Geleia de morango,Casa de Mateus,Embalagem de 345 g,"3,29 €","9,54 €/Kg"
Gel de Duche Creme Care,Nivea,Embalagem de 750 ml,"7,99 €","10,65 €/L"
Refrigerante sem gás laranja,Trina,"Garrafa de 1,5 l","1,14 €","0,76 €/L"
"Alimento seco para cão, croquetes pro adulto",PorSi Select,Embalagem de 4 Kg,"15,69 €","3,92 €/Kg"
Cerveja c/ álcool radler,Sagres,pack 6 x 0.33 l,"1,65 €","3,30 €/L"
Queijo mozzarella fresca,Galbani,Embalagem de 125 g,"1,79 €","14,32 €/Kg"
Mostarda em frasco,Savora,Embalagem de 190g,"0,70 €","2,33 €/Kg"
Bolachas chips ahoy,Ca!,Embalagem de 130g,"0,90 €","6,00 €/Kg"
Leite condensado magro,PorSi,Embalagem de 390 g,"1,09 €","2,75 €/Kg"
"Alimento húmido para gato 7+, aves",Whiskas,Embalagem de 400g,"3,59 €","2,99 €/Kg"
"Refrigerante sem gás, laranja",Joi,"Garrafa de 1,5 l","1,14 €","0,76 €/L"
Café com cafeina solúvel,Delta,Embalagem de 20g,"14,50 €/Kg","14,50 €/Kg"
Ração seca para gato adulto de peixe,PorSi,Embalagem 2 kg,"3,99 €","2,00 €/Kg"
Cereais fitness chocolate,Nestle,Embalagem de 380g,"3,59 €","27,83 €/Kg"
Bolachas Rosquilhas com Canela,Cuetara,Embalagem de 300g,"1,69 €","6,76 €/Kg"
Filetes de cavala em azeite,PorSi,Embalagem de 120 g,"0,89 €","7,42 €/Kg"
"Pasta dentífrica, tripla ação",Labell,Embalagem de 75 ml,"2,39 €","31,87 €/L"
Prepar arroz marisco sem gluten cv 0.8kg,Brasmar,Embalagem de 800g,"2,19 €","8,59 €/Kg"
Iogurte líquido morango/cereais,PorSi,Embalagem de 4 x 160 g,"1,17 €","1,83 €/Kg"
Creme abrasivo original,Cif,Garrafa de 700 ml,"0,99 €","1,32 €/L"
Batatas Pré-fritas Rosti com Cebola,PorSi,Embalagem com 600 g,"1,39 €","1,39 €/Kg"
Iogurte líquido de frutos vermelhos,PorSi,Embalagem de 4 x 160 g,"1,17 €","1,83 €/Kg"
Saqueta puré de fruta e bolacha,PorSi,Embalagem de 90g,"0,74 €","8,22 €/Kg"
Ração seca para cão croquetes pro júnior,PorSi Select,Embalagem de 3 Kg,"15,69 €","3,92 €/Kg"
Batata frita forno camponesas,Lay's,Embalagem de 130g,"1,19 €","6,43 €/Kg"
Cerveja super bock,Super Bock,Pack 6 x 200 ml,"1,99 €/L","1,99 €/L"
Azeite virgem clássico,PorSi,Garrafa de 750 ml,"3,19 €","4,25 €/L"
"Polpa de maracujá, em lata",Koala,Embalagem de 570g,"4,19 €","7,35 €/Kg"
Salsa folhas,PorSi,Embalagem de 10g,"0,25 €","0,25 €/Kg"
Fatias vegetarianas c/ ervas mediterrâneas,Nobre,Embalagem de 100g,"7,99 €","39,95 €/Kg"
Sopa de tomate,Knorr,Embalagem de 90g,"0,84 €","13,55 €/Kg"
Sopa Canja de Galinha c/ Aletria,PorSi,Embalagem de 75 g,"0,84 €","13,55 €/Kg"
Cabeça c/ Osso,Porco,1 un = 1.5 kg (aprox.),"0,50 €","4,99 €/Kg"
Refrigerante com gás de laranja,Sumol,"Garrafa de 1,25 l","0,79 €","0,40 €/L"
Café lote bocage moagem única,Nicola,Embalagem de 250g,"9,16 €/Kg","9,16 €/Kg"
Costeletas do Lombo,Porco,Vendido ao peso a partir de 1 kg,"1,12 €","4,49 €/Kg"
Papel higiénico branco 2 folhas,PorSi,48 rolos,"1,99 €","1,99 €/Unidade"
Tablete de chocolate culinário 70% negro,PorSi,Embalagem de 200 g,"0,99 €","4,95 €/Kg"
Água mineral sem gás,Vitalis,Pack 6 x 1.5 l,"1,04 €","0,17 €/L"
Oreo flavors cookies birthday party rollpack 154 gr,Oreo,Embalagem de 150g,"0,79 €","4,49 €/Kg"
Sal marinho integral,Cemporcent,Embalagem de 1 kg,"0,99 €","0,99 €/Kg"
Iogurte de morango sem lactose,PorSi Viva Bem,4 x 125 g,"1,87 €","1,25 €/Kg"
Queijo flamengo fatias light,PorSi,Embalagem de 200g,"2,49 €","20,75 €/Kg"
Iogurte líquido yoggi morango/banana,Nestle,Embalagem de 4 x 160 g,"1,17 €","1,83 €/Kg"
Massa de cotovelos grandes riscados,Milaneza,Embalagem de 500g,"0,89 €","1,78 €/Kg"
Queijo flamengo fatiado,PorSi,Embalagem de 200G,"1,56 €","7,80 €/Kg"
Desodorizante de pés em spray,Protex,Embalagem de 150 ml,"5,99 €","39,93 €/L"
Arroz carolino,Louro,Embalagem de 1 kg,"0,99 €","0,99 €/Kg"
Manteiga amendoim cremosa,Calve,Embalagem de 350g,"4,19 €","12,32 €/Kg"
Bolachas mini,Oreo,Embalagem de 160g,"0,79 €","4,49 €/Kg"
Café descafeinado,PorSi,Embalagem de 250g,"1,59 €","6,36 €/Kg"
Preparado de bolo de chocolate,PorSi,500 g,"1,69 €","8,45 €/L"
Coca-cola zero sem cafeína,Coca-Cola,"Garrafa de 1,75 l","0,79 €","0,40 €/L"
Ice tea de manga,PorSi,"Embalagem de 6x0,20 l","1,14 €","0,76 €/L"
"Gelatina pronto a comer, 10kcal limão",Royal,Embalagem de 4 x 100 g,"0,85 €","2,13 €/Kg"
Lava tudo antibacteriano floral,PorSi,"Garrafa de 1,5 l","0,99 €","0,50 €/L"
Puré de maçã sem adição açúcar,PorSi,700 g,"0,74 €","8,22 €/Kg"
Tablete chocolate de leite,PorSi,embalagem de 100 g,"5,30 €/Kg","5,30 €/Kg"
Esparguete com legumes,Cemporcent,Embalagem de 250g,"1,34 €","2,68 €/Kg"
Pepsi max,Pepsi,Garrafa de 1.75 l,"0,79 €","0,40 €/L"
Leite com chocolate light,Ucal,Embalagem de 6 x 250 ml,"0,26 €","1,30 €/L"
Feijão manteiga,PorSi,Frasco com 540 g,"1,79 €","2,29 €/Kg"
Leite seleccionado meio gordo,Matinal,Garrafa de 1 l,"0,81 €","0,81 €/L"
Alho picado,PorSi,Embalagem de 100 g,"3,29 €","4,39 €/Kg"
Osso Buco,Novilho,1un=150 gr aprox.,"4,50 €","29,99 €/Kg"
Sabonete líquido desinfetante nutritivo,Sanytol,Embalagem de 250 ml,"0,99 €","1,98 €/L"
Pensos banda,PorSi,100 x 6 cm,"2,99 €","2,99 €/Unidade"
Morcela assar fundao,PorSi,Embalagem de 250g,"1,49 €","7,45 €/Kg"
"Bolo com recheio de chocolate, multipack",Chipicao,Embalagem de 340g,"2,05 €","5,13 €/Kg"
Queijo fresco de cabra,Santiago,Embalagem de 130g,"1,09 €","5,45 €/Kg"
Mousse de chocolate leite,Páturages,Embalagem de 4x60 g,"1,37 €","2,98 €/Kg"
Sumo 100% laranja,Compal,1 litro,"1,09 €","0,73 €/L"
Discos Sanitários Activos Aparelho Lavanda,WC Pato,Embalagem de 36 ml,"2,99 €","74,75 €/Kg"
Vela em número nº1,PorSi,1 unidade,"0,59 €","0,59 €/Unidade"
Areia para gatos 100% natural,PorSi,Embalagem de 5 kg,"1,19 €","0,24 €/Kg"
Leite condensado,PorSi,Embalagem de 397 g,"1,09 €","2,75 €/Kg"
Cogumelos laminados,PorSi,Embalagem de 185 g,"1,79 €","2,29 €/Kg"
Actimel tutti-frutti,Danone,Embalagem de 6 x 100g,"4,15 €/Kg","4,15 €/Kg"
Champô anti-caspa,Labell,Embalagem de 400 ml,"5,59 €","13,98 €/L"
Sumo de laranja,Andros,Embalagem de 1 l,"1,09 €","0,73 €/L"
Pudim de chocolate,PorSi,Embalagem de 110g,"0,59 €","29,50 €/Kg"
Filetes primavera limão,Iglo,Embalagem de 230g,"1,79 €","7,16 €/Kg"
Lulas recheadas,Piteu,Embalagem de 120g,"0,89 €","7,42 €/Kg"
Arroz vaporizado,PorSi,Embalagem de 1 kg,"0,99 €","0,99 €/Kg"
Farinha para pão integral,Nacional,Embalagem de 1 kg,"1,99 €","1,99 €/Kg"
Bolachas cracker sem sal,PorSi,Embalagem de 500g,"0,39 €","3,12 €/Kg"
Cerveja com álcool,Sagres,pack 24 x 0.25 l,"1,99 €/L","1,99 €/L"
Whisky,J&B,Garrafa de 700 ml,"23,99 €","23,99 €/L"
Gomas starmix,Haribo,Embalagem de 90g,"1,19 €","3,97 €/Kg"
10 pães de leite,PorSi,Embalagem de 350g,"2,59 €","7,40 €/Kg"
Ice tea de pêssego,PorSi,"Embalagem de 1,5 l","1,14 €","0,76 €/L"
"Coloração permanente, preto natural, nº3",Excellence,1 unidade,"9,49 €/Unidade","9,49 €/Unidade"
Atum posta em óleo vegetal,PorSi,Embalagem de 385g,"0,89 €","7,42 €/Kg"
vinho do Porto Ruby,Velhotes,"garrafa de 0,75 l","6,49 €","8,65 €/L"
Licor de amêndoa amarga,Produto selecionado,"Garrafa de 0,70 l","7,99 €","11,41 €/L"
Leite uht magro,Mimosa,Embalagem de 1 litro,"0,81 €","0,81 €/L"
Molho de maionese com alho e ervas,PorSi,Garrafa de 120 ml,"0,70 €","2,33 €/Kg"
Ananás pedaços em calda,PorSi,Embalagem de 565g,"1,99 €","2,37 €/Kg"
Massa em espirais,PorSi,Embalagem de 500g,"0,89 €","1,78 €/Kg"
Spray renova camurça preta,PorSi,Embalagem de 200 ml,"2,89 €","14,45 €/L"
Condicionador spray penteia fácil,Johnson's Baby,Embalagem de 200 ml,"1,99 €","1,99 €/Unidade"
Cordon bleu,PorSi,Embalagem de 1 kg,"7,99 €","7,99 €/Kg"
Whisky 12 anos,Grant's,Garrafa de 0.70 l,"29,99 €","42,84 €/L"
Pensos Higiénicos Cottonlike com Abas Normal Plus,Evax,28 unidades,"4,99 €","4,99 €/Unidade"
Cachaça,Pitu,Garrafa de 700 ml,"17,49 €","24,99 €/L"
Pudim caramelo,PorSi,Embalagem de 90g,"0,59 €","29,50 €/Kg"
Leite evaporado,PorSi,Embalagem de 410g,"1,09 €","2,75 €/Kg"
Batata pom'duchesse,PorSi,Embalagem de 600g,"1,39 €","1,39 €/Kg"
Limpa vidros azul,PorSi,Embalagem de 1 l,"3,99 €","0,80 €/L"
Linhaça dourada moída,Cemporcent,Embalagem de 200g,"2,49 €","12,45 €/Kg"
Porto 10 anos,Velhotes,Garrafa de 0.75 l,"11,49 €","15,32 €/L"
Leite pasteurizado m/g sem lactose,Vigor,Garrafa de 1 l,"1,09 €","1,09 €/L"
"Ice tea, pêssego",PorSi,"Embalagem de 6x0,20 l","1,14 €","0,76 €/L"
"Bloco sanitário 3 em 1, ocean",Domestos,Embalagem de 40g,"2,99 €","74,75 €/Kg"
Açafrão das Índias,PorSi,Embalagem de 50g,"0,25 €","0,25 €/Kg"
Chocolate pastilhas,Pantagruel,Embalagem de 200g,"1,04 €","8,32 €/Kg"
Molho cervejeira 8 cubos,Knorr,Embalagem de 70g,"3,84 €","24,00 €/Kg"
Pudim flan,El mandari,Embalagem de 10g,"0,59 €","29,50 €/Kg"
Queijo de mistura curado,Seia,Embalagem de 250g,"5,99 €","23,96 €/Kg"
Foie gras de pato fatias,LABEYRIE,Embalagem de 80 g,"0,80 €","10,67 €/Kg"
Leite uht meio gordo,Mimosa,Embalagem de 1 litro,"0,81 €","0,81 €/L"
Pensos para bolhas,PorSi,20 unidades,"2,99 €","2,99 €/Unidade"
Brandy,Macieira,Garrafa de 1 l,"12,49 €","17,84 €/L"
Sabonete Líquido Sensitive,Dettol,Embalagem de 250 ml,"0,99 €","1,98 €/L"
8 salsichas aves,Izidoro,Embalagem de 200g,"0,75 €","3,75 €/Kg"
Cerveja com álcool,Sagres,"Embalagem de 0,33 l","1,99 €/L","1,99 €/L"
Molas de madeira,PorSi,36 unidades,"0,89 €","0,89 €/Unidade"
Pensos peles sensíveis sortidos,PorSi,20 unidades,"2,99 €","2,99 €/Unidade"
Soquete licra 15d preto t. único,PorSi,2 unidades,"1,59 €","1,59 €/Unidade"
Batata pré-frita para forno,PorSi,Embalagem de 750 g,"1,39 €","1,39 €/Kg"
Creme de amendoim chunk 340g,Skippy,Embalagem de 340g,"4,19 €","12,32 €/Kg"
Aguardente velha reserva,CRF,Garrafa de 700 ml,"11,99 €","17,13 €/L"
Tostas suecas integrais,PorSi,Embalagem de 225 g,"2,39 €","6,83 €/Kg"
Massa de macarrão riscado,Nacional,Embalagem de 500g,"0,89 €","1,78 €/Kg"
Sobremesa gelatina de morango,PorSi,Embalagem 4X100G,"0,85 €","2,13 €/Kg"
Bagas de cranberry,Cemporcent,Embalagem de 125 g,"0,79 €","3,95 €/Kg"
Crepe simples,PorSi,Embalagem de 630g,"2,65 €","8,28 €/Kg"
Azeitona preta,PorSi,Embalagem de 560 g,"1,79 €","2,29 €/Kg"
Bolachas crackers com sal,PorSi,Embalagem de 500g,"0,39 €","3,12 €/Kg"
Patê frango,La piara,Embalagem de 80g,"1,19 €","13,52 €/Kg"
Mignonnettes Moir de Noir,Cote D'or,Embalagem de 240 g,"0,99 €","4,95 €/Kg"
Iogurte Activia Fibras Aveia & Frutos Secos,Danone,Embalagem 4x115g,"2,79 €","6,07 €/Kg"
Ambientador elétrico pure clean linen + recarga,Glade,1 unidade,"3,74 €","3,74 €/Unidade"
Lava Tudo Perfumado Lavanda,PorSi,Embalagem de 2 l,"0,99 €","0,50 €/L"
Queijo Mazzarela Búfala,Galbani,Embalagem de 125 g,"1,79 €","14,32 €/Kg"
"Toalhitas Higiénicas Adulto, 64unidades",Labell,Uma embalagem,"0,76 €","0,76 €/Unidade"
Iogurte líquido infantil morango e banana,PorSi,Pack 6 x 100 g,"1,17 €","1,83 €/Kg"
Refrigerante com gás guaraná,Antartica,"Garrafa de 1,5 l","0,79 €","0,40 €/L"
Sementes de girassol,PorSi Viva Bem,Embalagem de 200 g,"1,59 €","10,60 €/Kg"
Escova para lavar,PorSi,1 unidade,"2,20 €","2,20 €/Unidade"
Bóia Patrulha Pata 50 cm,Mondo,1 unidade,"4,99 €","4,99 €/Unidade"
"Chocolate, tripack",Pintarolas,Embalagem de 70g,"1,39 €","19,86 €/Kg"
Bolachas ricanela,Cuetara,Embalagem de 400g + 100g grátis,"0,39 €","3,12 €/Kg"
Néctar de laranja,Bongo,Garrafa de 1 l,"0,99 €","0,99 €/L"
Liegeois de chocolate,Milchfrisc,Embalagem de 200g,"0,55 €","2,75 €/Kg"
Corantes alimentares ducros,Vahine,Garrafa de 20 ml,"1,89 €","17,18 €/Kg"
"Queijo regional de vaca, cabra e ovelha curado",Qj.saloio,Embalagem de 190g,"5,99 €","23,96 €/Kg"
Dessert topping chocolate,Winsenia,Embalagem de 300g,"1,29 €","3,23 €/Kg"
Vermute bianco,Martini,Garrafa de 1 l,"11,99 €","11,99 €/L"
Creme vegetal soja,Planta,Embalagem de 250 gr,"1,39 €","6,95 €/L"
Batata pré-frita noisette,PorSi,Embalagem de 1 kg,"1,39 €","1,39 €/Kg"
Lixívia Tradicional,Neoblanc,Embalagem de 4 l,"1,74 €","0,35 €/L"
Areia para gato aglomerante,PorSi,Embalagem de 5 litros,"1,19 €","0,24 €/Kg"
Iogurte natural,PorSi,Embalagem 12 x 125 g,"0,99 €","1,98 €/Kg"
Polpa de cebola e alho,PorSi,Embalagem de 500 g,"3,84 €","24,00 €/Kg"
Bolachas waffers com recheio de limão,Cuetara,Embalagem de 150 gr,"0,98 €","4,67 €/Kg"
Chá preto frutos vermelhos,PorSi,Embalagem de 40g,"1,99 €","49,75 €/Kg"
Cordon bleu,PorSi,Embalagem de 1 kg,"2,79 €","8,72 €/Kg"
Espresso café arábica,PorSi,250 ml,"15,92 €/Kg","15,92 €/Kg"
Sopa de Cebola,PorSi,Embalagem de 62 g,"0,84 €","13,55 €/Kg"
Pudim flan,PorSi,Embalagem de 4 x 5.6 g,"0,59 €","29,50 €/Kg"
Gomas beijinhos,PorSi,Embalagem de 300 g,"1,19 €","3,97 €/Kg"
Muesli nozes,PorSi,500 g,"2,39 €","4,78 €/Kg"
Sementes de chia,PorSi Viva Bem,Embalagem de 150 g,"1,59 €","10,60 €/Kg"
Macchiato café arábica,PorSi,250 ml,"15,92 €/Kg","15,92 €/Kg"
Lasanha à bolonhesa,PorSi,Embalagem de 1 kg,"7,99 €","7,99 €/Kg"
Vinho rosé frisante,Cacho Fresco,Garrafa de 0.75 l,"2,49 €","3,32 €/L"
"Espuma de cabelo, volume absoluto",Pantene,Embalagem de 200 ml,"6,99 €","46,60 €/L"
Iogurte pedaços pêssego/alperce,PorSi,Embalagem de 4x125g,"4,36 €","2,18 €/Kg"
Lenços de bolso folha tripla,PorSi,9 x 30 unidades,"0,89 €","0,89 €/Unidade"
Batata Pré-Frita Croquettes,PorSi,Embalagem de 1 kg,"1,39 €","1,39 €/Kg"
Leite Meio Gordo sem Lactose,Mimosa,Pack 4 x 200 ml,"2,19 €","2,19 €/L"
Cerveja preta,Sagres,pack de 6 x 25 cl,"1,99 €/L","1,99 €/L"
Creme p/ Calçado Castanho,Búfalo,Embalagem de 50 ml,"0,99 €","19,80 €/L"
Ervilhas bio,PorSi Bio,Frasco com 290 g,"1,79 €","2,29 €/Kg"
Argolas Romana,PorSi,Embalagem de 400 g,"1,79 €","7,16 €/Kg"
Baton blackberry shine,Labello,1 un.,"0,58 €","0,58 €/Unidade"
Lombinhos,Porco,1 un=500 gr aprox.,"1,12 €","4,49 €/Kg"
"Tiras limpa poros faciais, 6unidades",Labell,1 embalagem,"0,76 €","0,76 €/Unidade"
Fita dental,Sensodyne,1 unidade,"3,99 €","3,99 €/Unidade"
Água Micelar c/doseador,Labell,Embalagem de 500ml,"0,76 €","0,76 €/Unidade"
Lenços de bolso 4 folhas,PorSi,Embalagem de 18 x 10 unidades,"0,89 €","0,89 €/Unidade"
Tira gorduras recarga,Mistolin,Garrafa de 550 ml,"3,99 €","5,32 €/L"
Aroma baunilha,Vahine,Embalagem de 20g,"1,89 €","17,18 €/Kg"
Cocktail limão,Bar Royal,Garrafa de 750 ml,"8,49 €","11,32 €/L"
Recarga Esfregona de Microfibras,PorSi,1 unidade,"0,89 €","0,89 €/Unidade"
Bacalhau com natas,PorSi,Embalagem de 380g,"1,79 €","7,16 €/Kg"
Termo drena rapid,PLANTANATU,Garrafa de 500 ml,"7,59 €","126,50 €/Kg"
Petit gâteau,PorSi,Embalagem de  4 x 80 g,"2,65 €","8,28 €/Kg"
Vinho regional tejo reserva tinto,Casaleiro,Garrafa de 0.75 l,"5,99 €","7,99 €/L"
Lava tudo brilhante madeiras,PorSi,Embalagem de 1.1 litros,"5,49 €","54,90 €/L"
"Gel cabelo, hard cement",Fru style,Embalagem de 200 ml,"6,99 €","46,60 €/L"
Oikos morango 110g x4,Danone,Embalagem de 440g,"1,49 €","2,98 €/Kg"
Ovos galinha solo L,PorSi,12 unidades,"1,39 €","1,39 €/Unidade"
Activia topper muesli & arando,Danone,Embalagem de 170g,"2,79 €","6,07 €/Kg"
Doce pessego 284g,ST.DALFOUR,Frasco de 284g,"2,19 €","9,95 €/Kg"
"Guardanapos brancos, 33x33cm, 2 folhas, 90 unidades",Renova,Uma embalagem,"1,29 €","1,29 €/Unidade"
Choco flakes,Cuetara,Embalagem de 500g,"5,07 €/Kg","5,07 €/Kg"
"Coloração permanente, vermelho ousado nº5.62",Nutrisse,1 unidade,"9,49 €/Unidade","9,49 €/Unidade"
Bebida essencial frutos vermelhos,Compal,Pack 3 x 0.11 l,"2,29 €","6,94 €/L"
Água s/ gás,Luso,Pack 6 x 1.5 l,"1,04 €","0,17 €/L"
"Rebuçados de fruta, diamante",PorSi,Embalagem de 200 g,"1,00 €","5,00 €/Kg"
Esparguete integral com aveia,Milaneza,Embalagem de 500g,"0,89 €","1,78 €/Kg"
Biscoitos integrais aveia e manteiga de amendoim,PorSi Viva Bem,Embalagem de 150g,"0,69 €","3,45 €/Kg"
Dentifríco anti-tártaro + branqueador,Colgate,Embalagem de 75 ml,"2,39 €","31,87 €/L"
"Sumo 100%, tutti-frutti",PorSi,"Embalagem de 1,5 l","1,09 €","0,73 €/L"
Pensos Incontinência Mulher Discreet Normal,Tena,Embalagem com 24 unidades,"1,95 €","1,95 €/Unidade"
Bolachas bambolitos chocolate e leite,PorSi,Embalagem de 150g,"0,79 €","5,27 €/Kg"
6 Taças de gelado,Crisal,Cap: 250 cc,"6,99 €","6,99 €/Unidade"
Cerveja 0.0%,Heineken,Lata de 0.33 l,"5,99 €","3,03 €/L"
Cacau magro em pó,PorSi,Embalagem de 125 g,"1,04 €","8,32 €/Kg"
Mistura para coelhos anões,Canto Alegre,Embalagem de 1K,"2,49 €","2,49 €/Kg"
Água c/ gás limão,Frize,pack 4 x 0.25 l,"2,85 €","2,85 €/L"
Iogurte aroma de banana,PorSi,Embalagem de 4x125g,"1,87 €","1,25 €/Kg"
Bolacha tosta rica choco guay,Cuetara,Embalagem de 170g,"1,89 €","15,75 €/Kg"
Detergente líquido p/ máquina lavar roupa cores,Woolite,"Garrafa de 1,65 l","29,99 €","7,06 €/L"
Bolacha waffer bites cacau,Waferland,Embalagem de 125g,"0,98 €","4,67 €/Kg"
"Inseticida líquido, elétrico, apa",Raid,Embalagem de 21 ml,"6,39 €","6,39 €/Unidade"
Granola + classica,Cemporcent,Embalagem de 375g,"1,34 €","2,68 €/Kg"
Spray Bruma Autobronzeadora,Ambre Solaire,Embalagem de 150 ml,"12,99 €","64,95 €/L"
Creme vegetal culinário,Vaqueiro,Embalagem de 250 g,"2,89 €","2,89 €/Kg"
Sumo natural de maçã bio,Cemporcent,Garrafa de 200 ml,"1,19 €","1,86 €/L"
Manteiga c/ sal gourmet,Novacores,Embalagem de 250g,"1,69 €","6,76 €/Kg"
Quiche lorraine,Monique Ranou,Embalagem de 400 g,"3,99 €","11,40 €/Kg"
Stevia chocolate negro com frutos vermelhos,Cemporcent,Embalagem de 125g,"2,99 €","23,92 €/Kg"
Alecrim em folhas,PorSi,Embalagem de 25g,"0,25 €","0,25 €/Kg"
Frutose,PorSi,Boião de 410 g,"6,21 €","6,21 €/Unidade"
Iogurte de morango sem lactose,PorSi Viva Bem,4 x 125 g,"0,99 €","1,98 €/Kg"
Coca-cola zero,Coca-Cola,pack 2 x 1.75 l,"0,79 €","0,40 €/L"
Esparguete s/ glúten,Milaneza,Embalagem de 500g,"2,99 €","7,97 €/Kg"
20 saquetas chá verde pure,Lipton,Embalagem de 30g,"85,00 €/Kg","85,00 €/Kg"
Sabonete líquido desinfetante hidratante,Sanytol,Embalagem de 250 ml,"0,99 €","1,98 €/L"
Infusão funcho,Cemporcent,Embalagem de 10 unidades,"0,99 €","76,15 €/Kg"
Gelatina ananás 10kcal,Royal,Embalagem de 30g,"0,55 €","61,11 €/Kg"
Recarga  para esfregona tiras,PorSi,1 unidade,"0,89 €","0,89 €/Unidade"
Tablete de chocolate choco jelly,Milka,Embalagem de 250g,"1,99 €","2,12 €/Kg"
Ambientador gel lavanda,PorSi,150 g,"16,63 €/L","16,63 €/L"
Pudim caseiro de laranja,Royal,Embalagem de 200g,"0,59 €","29,50 €/Kg"
Tablete de chocolate meio amargo,Toblerone,Embalagem de 100g,"0,99 €","4,95 €/Kg"
Azeite virgem extra seleção,PorSi,Garrafa de 2 l,"3,19 €","4,25 €/L"
Acendalha Querosene,Quinas,Uma embalagem - 32Unidades,"0,75 €","0,75 €/Unidade"
Ração para gato adulto com bacalhau e legumes,Friskies,Embalagem de 4 kg,"3,99 €","2,00 €/Kg"
Desodorizante spray energy,Labell Men,Embalagem de 200 ml,"1,99 €","9,95 €/L"
Farinha láctea cerelac,Cerelac,Embalagem de 500g,"4,49 €","4,49 €/Kg"
Braçadeiras Patrulha Pata,Mondo,1 Embalagem,"3,99 €","3,99 €/Unidade"
Lombos de salmão,PorSi,Embalagem de 300g,"4,39 €","10,98 €/Kg"
Banha,PorSi,Embalagem de 940 g,"2,89 €","2,89 €/Kg"
Croutons com azeite,PorSi,Embalagem de 150g,"2,39 €","6,83 €/Kg"
Creme vegetal para cozinha,Becel,Embalagem de 450 g,"1,39 €","6,95 €/L"
Marmelada,PorSi,Embalagem de 450g,"1,09 €","2,42 €/Kg"
Crepes de legumes,PorSi,Embalagem de 310g,"1,79 €","7,16 €/Kg"
Azeite virgem delicado,Gallo,Garrafa de 750 ml,"3,19 €","4,25 €/L"
Moscatel Roxo Setúbal,Alambre,Garrafa de 750 ml,"6,49 €","8,65 €/L"
Iogurte pedaços ananás,PorSi,Embalagem de 4 x 125 g,"4,36 €","2,18 €/Kg"
Máscara fibrology,Elvive,Embalagem de 300 ml,"1,06 €","5,30 €/L"
Ambientador Difusor Frutos Vermelhos,PorSi,50 ml,"2,53 €","2,53 €/Unidade"
Lava Tudo Amoniacal,Sonasol,"Garrafa de 1,3 l","0,99 €","0,50 €/L"
Tablete de chocolate leite com amêndoas,PorSi Select,200 g,"6,50 €/Kg","6,50 €/Kg"
Peito de peru fatiado,PorSi,Embalagem de 200g,"2,25 €","11,25 €/Kg"
Sabonete leite & mel,Palmolive,Embalagem de 4x90 g,"4,99 €","13,86 €/Kg"
Barras fitness com chocolate,Nestle,Embalagem de 140g,"3,59 €","27,83 €/Kg"
Maionese,PorSi,Embalagem de 414 g,"0,70 €","2,33 €/Kg"
Salmão Fumado da Escócia,PorSi Select,Embalagem de 80 g,"7,99 €","39,95 €/Kg"
Pastilhas fire canela,CHICLETS,Embalagem de 16 g,"0,89 €","59,33 €/Kg"
Queijo de azeitão dop,Santiago,Embalagem de 240g,"15,96 €/Kg","15,96 €/Kg"
Sabao azul e branco,PorSi,Embalagem de 400g,"1,09 €","2,73 €/Kg"
Tostas integrais,PorSi,Embalagem de 225g,"2,39 €","6,83 €/Kg"
Sacos do lixo perfumado 30 litros,PorSi,15 unidades,"1,79 €","1,79 €/Unidade"
Sidra maçã,Bandida,Lata de 500 ml,"1,65 €","3,30 €/L"
Xarope de menta,Paquito,Garrafa de 0.75 lt,"3,54 €","3,54 €/L"
Cogumelos fatiados,PorSi,Embalagem de 400g,"0,74 €","1,85 €/Kg"
Bolacha cream cracker,Cuetara,Embalagem de 200g,"0,39 €","3,12 €/Kg"
Cem porcento-chá infusão sem barriga,Cemporcent,Embalagem de 13g,"1,09 €","54,50 €/Kg"
Café Moagem Universal Honduras,PorSi,Embalagem de 220g,"9,16 €/Kg","9,16 €/Kg"
Régua 50 cm,Mab,1 un.,"1,99 €","1,99 €/Unidade"
Xarope de limão sem corantes,Paquito,Garrafa de 750 ml,"3,54 €","3,54 €/L"
Refrigerante c/ gás,Pepsi,Pack 6 x 0.33 l,"0,79 €","0,40 €/L"
Queijo fatiado cheddar,PorSi,Embalagem de 150 g,"1,56 €","7,80 €/Kg"
Pao brioche fatiado,PorSi,Embalagem 500G,"0,99 €","1,65 €/Kg"
Feijoada transmontana,Nobre,Embalagem de 420g,"2,35 €","5,60 €/Kg"
"Amaciador de roupa, azul",Comfort,Garrafa de 4 l,"8,99 €","2,25 €/L"
Morangos 100% Naturais,PorSi,Embalagem de 750 g,"3,29 €","4,39 €/Kg"
Aperitivos tex mex,Doritos,Embalagem de 120g,"0,89 €","8,90 €/Kg"
Descafeinado em cápsulas Pianíssimo 10x5g,PorSi Select,Embalagem de 50g,"1,59 €","6,36 €/Kg"
Toalhitas Bebé Nature,PorSi,64 unidades,"1,09 €/Unidade","1,09 €/Unidade"
Lambrusco tinto,*,Garrafa de 750 ml,"2,49 €","3,32 €/L"
Bolachas com recheio de chocolate,PorSi,Embalagem de 3 x 250 g,"2,15 €","2,87 €/Kg"
Pastilhas melão e melancia,Trident,Embalagem de 20g,"0,89 €","59,33 €/Kg"
Pensos Higiénicos Fina e Segura Maxi Super,Evax,Embalagem c/ 13 Unidades,"4,99 €","4,99 €/Unidade"
Tomate Azul | categoria: II,*,Vendido ao peso,"1,49 €","7,45 €/Kg"
Cereais nesquik,Nestle,Embalagem de 625g,"5,07 €/Kg","5,07 €/Kg"
Fruta para bebé banana laranja bolacha +6 meses,Nestle,Embalagem de 90g,"0,74 €","8,22 €/Kg"
Bebida coco,Alpro,Embalagem de 1L,"2,59 €","2,59 €/L"
Gel pure 3 em 1,Garnier,Embalagem de 150 ml,"14,99 €","299,80 €/L"
Gel ativo com lixívia,PorSi,Embalagem de 1.5 l,"1,19 €","0,79 €/L"
Ovos galinha solo l,PorSi,6 ovos,"1,39 €","1,39 €/Unidade"
Detergente líquido Ultra Concentrado Loiça Platinium...,PorSi,Embalagem de 500 ml,"0,99 €","1,98 €/L"
"Rebuçados sem açucar vita c, sabor citrinos",Halls,Embalagem de 32G,"0,77 €","3,85 €/Kg"
Pão ralado clássico,PorSi,Embalagem de 240 g,"0,55 €","2,29 €/Kg"
Salada de fruta em calda,PorSi,Embalagem de 3 x 220 g,"1,99 €","2,37 €/Kg"
Bebida Solúvel Mokambo Chicória e Café,Nestle,Embalagem de 240g,"14,50 €/Kg","14,50 €/Kg"
Óleo de girassol,PorSi,garrafa de 1 litro,"3,59 €","3,59 €/L"
"Caixa com saquetas de  pau de canela, 30 unidades",PorSi,Embalagem 90G,"0,25 €","0,25 €/Kg"
"Batata frita wavy, ondulada",PorSi,Embalagem de 90g,"1,06 €","5,73 €/Kg"
Refeição caseira almôndegas,Nobre,Embalagem de 420g,"2,35 €","5,60 €/Kg"
"Cueca de incontinência, adulto, pequena",PorSi,Embalagem com 14 unidades,"9,99 €","9,99 €/Unidade"
Pack de 3 embalagens de polpa de tomate,Compal,Embalagem de 630g,"3,84 €","24,00 €/Kg"
Inseticida controller baratas,Raid,12 unidades,"6,39 €","6,39 €/Unidade"
Legumes grelhados,PorSi,Embalagem de 750g,"0,74 €","1,85 €/Kg"
Caneca Maravilhas de Portugal,Do Art,1 unidade,"6,99 €","6,99 €/Unidade"
Escova plástica (cores sortidas),PorSi,1 unidade,"0,89 €","0,89 €/Unidade"
Loção tónica para pele seca,Labell,Embalagem de 250 ml,"0,76 €","0,76 €/Unidade"
Alheira de mirandela,PorSi Select,Embalagem de 200 g,"1,49 €","7,45 €/Kg"
Tablete de chocolate oreo,Milka,Embalagem de 300g,"5,30 €/Kg","5,30 €/Kg"
Piripiri grão,PorSi,Saqueta de 20 g,"0,25 €","0,25 €/Kg"
Sopa rabo de boi económica,Knorr,Embalagem de 60g,"0,84 €","13,55 €/Kg"
"Bolachas relieve, mel e coco",PorSi,Embalagem de 700g,"2,82 €","9,40 €/Kg"
Pescada panada em forma de filete,Pescanova,Embalagem de 1 Kg,"4,39 €","10,98 €/Kg"
Ambientador spray pure flor de cerejeira,PorSi,250 ml,"6,99 €","27,96 €/L"
Detergente líquido máquina de roupa lavanda,PorSi,86 Doses,"29,99 €","7,06 €/L"
Queijo brie cunhas 60%,President,Embalagem de 200 g,"2,61 €","13,05 €/Kg"
Ração para Gato Esterilizado com Vaca,Purina One,"Embalagem de 1,5 kg","3,99 €","2,00 €/Kg"
Manteiga com sal cuvete,LORETO,Embalagem de 250g,"1,69 €","6,76 €/Kg"
Insecticida recarga,Biokill,Embalagem de 375 ml,"4,79 €","11,98 €/L"
Vinho do Porto 10 Anos,Ramos Pinto,Garrafa de 0.75 l,"11,49 €","15,32 €/L"
Chiclets morango 16.8g,CHICLETS,Embalagem de 20g,"0,89 €","59,33 €/Kg"
Cubos de tamboril,Mar Ibérica,Embalagem de 250 g,"4,39 €","10,98 €/Kg"
Kit de viagem,Colgate,pasta dentífrica + escova,"4,99 €","4,99 €/Unidade"
Bolachas cereais e pepitas de chocolate,PorSi,Embalagem de 400 g,"0,90 €","6,00 €/Kg"
Barra s.k chocolate 6x21.5g,Kellogg's,Embalagem de 6X21.5G,"3,59 €","27,83 €/Kg"
Bolacha dibus mini angry birds,Gullon,Embalagem de 250g,"1,89 €","15,75 €/Kg"
Hambúrgueres,Novilho,1 un = 100 gr (aprox.),"4,50 €","29,99 €/Kg"
Pudim de chocolate,Boca Doce,Embalagem de 20g,"0,59 €","29,50 €/Kg"
Folhas Vertedoras Drop Stop,Jomafe,2 unidades,"5,40 €","5,40 €/Unidade"
Iogurte mix-in smarties baunilha,Nestle,Embalagem de 2 x 128 g,"1,05 €","1,86 €/L"
Champô Hidratante,Baby Dove,Embalagem de 400 ml,"1,99 €","1,99 €/Unidade"
Papa infantil láctea 5 frutos +6 meses,Cerelac,Embalagem de 250g,"4,49 €","4,49 €/Kg"
Bolachas água e sal doces,Vieira,Embalagem de 170g,"1,49 €","2,48 €/Kg"
Cereais fitness,Nestle,Embalagem de 630g,"3,59 €","27,83 €/Kg"
"Cera acrílica, madeira",PorSi,Embalagem de 750 ml,"0,94 €","0,94 €/L"
"Manga kent ""avião""",*,Embalagem de 350 g,"14,26 €/Kg","14,26 €/Kg"
Queijo dop cura 4 meses fatias,Sao jorge,Embalagem de 400g,"6,99 €","13,98 €/Kg"
Gamba Rosa Moçambique,PorSi,Embalagem de 800 g,"8,99 €","25,69 €/Kg"
"Creme revitalizante, noite",L'oreal,Embalagem de 50 ml,"14,99 €","299,80 €/L"
Adoçante em pó,Canderel,Embalagem de 90g,"6,21 €","6,21 €/Unidade"
Sal marinho grosso,Vatel,Embalagem de 1 kg,"0,25 €","0,25 €/Kg"
Nutella,Nutella,Embalagem de 700g,"4,19 €","12,32 €/Kg"
"Vela em número, nº 8",PorSi,1 unidade,"0,59 €","0,59 €/Unidade"
Lasanha bolonhesa,Iglo,Embalagem de 300g,"2,16 €","6,17 €/Kg"
Sumo essencial kids,Compal,pack 3 x 0.11 l,"2,29 €","6,94 €/L"
Salsichão fuet nobreza,Elpozo,Embalagem de 200 g,"3,29 €","21,93 €/Kg"
Cebola picada em pacote,PorSi,Embalagem de 40 g,"0,25 €","0,25 €/Kg"
Bebida arroz,Alpro,Embalagem de 1 l,"2,19 €","2,19 €/L"
Néctar de pera rocha e framboesa do Oeste Algarve,Compal,1 litro,"0,99 €","0,99 €/L"
