Nome,Marca,Unidade,Preço Primário,Preço Secundário
Super tea detox com selénio,Tetley,Embalagem de 40g,"1,19 €","59,50 €/Kg"
"Lixívia, perfume fresco",Neoblanc,Embalagem de 4 l,"2,19 €","1,10 €/L"
Miolo de camarão 80/100,Pescanova,Embalagem de 350g,"8,99 €","25,69 €/Kg"
"Maionese, frasco",Hellmman's,Embalagem de 210g,"0,70 €","2,33 €/Kg"
Saqueta de puré de fruta | maçã + banana + morango,PorSi,90 g,"0,74 €","8,22 €/Kg"
Ambientador arbremagique pinho,Arbre Magique,1 unidade,"1,99 €","1,99 €/Unidade"
Spray tira gorduras,Cillitbang,Garrafa de 500 ml,"1,19 €","0,79 €/L"
Maxi folhado queijo/fiambre,Pastelaria do Dia,1 unidade = 125 g,"0,65 €","0,65 €/Unidade"
Azeite,PorSi,Garrafa de 1 l,"3,19 €","4,25 €/L"
Porto white,Ferreira,Garrafa de 750 ml,"11,99 €","15,99 €/L"
Vinho regional península de setúbal tinto,J.m.f.,Garrafa de 750 ml,"8,59 €","11,45 €/L"
Biscoitos integrais sementes de agave,PorSi Viva Bem,Embalagem de 150g,"1,45 €","11,15 €/Kg"
Surprise remix pets,LOL,1 unidade,"14,99 €/Unidade","14,99 €/Unidade"
"Borracha mini softy, pack de 3 unidades",Maped,1 embalagem,"3,29 €","3,29 €/Unidade"
Areia para Gato Absorvente 100% Natural,Friskies,Embalagem de 5 l,"1,19 €","0,24 €/Kg"
Bebida energética ultra white,Monster,Garrafa de 500 ml,"5,39 €","5,39 €/L"
Sabonete sensitive,Palmolive,Embalagem de 4x90 g,"4,49 €","12,47 €/Kg"
Água Tónica Zero,Schweppes,Garrafa de 1 l,"5,39 €","5,39 €/L"
Gel desinfetante casa de banho,Sonasol,Embalagem de 1.25 litros,"2,79 €","3,99 €/L"
Ração para gato esterilizado com peru,Friskies,Embalagem de 3 kg,"12,99 €","4,33 €/Kg"
Vinho tinto regional alentejano,Tapada do Barão,Garrafa de 0.75 l,"2,89 €","3,85 €/L"
Gressinos com azeitonas pretas,PorSi,Embalagem de 250g,"0,69 €","3,07 €/Kg"
Pêssego Vermelho A,Programa Origens,1 un = 150 gr (aprox.),"2,47 €","16,49 €/Kg"
Vinho doc douro tinto,Papa Figos,Garrafa de 0.75 l,"7,49 €","9,99 €/L"
"Vinho rosé, meio seco",Leziria,Garrafa de 750 ml,"4,29 €","5,72 €/L"
Água c/ gás groselha,Frize,pack 4 x 0.25 l,"2,85 €","2,85 €/L"
Pacote maçã e pêssego,Nestle,Embalagem de 90 g,"0,74 €","8,22 €/Kg"
Queijo tres igrejas cura 2 meses,Santiago,Vendido ao peso a partir de 250 gr,"3,35 €","13,39 €/Kg"
Limpa vidros recarga tripla ação,Ajax,Embalagem de 500 ml,"3,19 €","6,38 €/L"
Sumo essencial de pêssego,Compal,pack 3 x 0.11 l,"0,99 €","0,99 €/L"
Gel de banho bio kids,Corine de Farme,300 ml,"6,49 €","8,65 €/L"
Bailarina,Vicam,1 unidade,"14,99 €/Unidade","14,99 €/Unidade"
Néctar clássico laranja,Compal,Embalagem de 1 l,"0,99 €","0,99 €/L"
Leite Bem Essencial Chocolate,Mimosa,Embalagem de 4 x 200 ml,"0,26 €","1,30 €/L"
"Coloração permanente, castanho claro cobre nº54",Nutrisse,1 unidade,"9,49 €/Unidade","9,49 €/Unidade"
Guardanapos 2 folhas azul e dourado,PorSi Select,40 unidades,"1,29 €","1,29 €/Unidade"
Gelado magnum after dinner,Olá,Embalagem de 10 x 35 ml,"5,99 €","16,64 €/L"
"Forma de papel para bolos, 9 cm, 60 unidades",PorSi,Uma embalagem,"0,99 €","0,99 €/Unidade"
Mortadela de peru com azeitonas,PorSi,1 un = 150 gr (aprox.),"1,05 €","6,99 €/Kg"
Óleo de girassol,PorSi,garrafa de 3 litros,"3,39 €","3,39 €/L"
Fraldas Activity Extra T5 |13-19 kg,Dodot,48 Unidade,"6,49 €","6,49 €/Unidade"
Salsichas de porco,Nobre,Lata de 200g,"0,75 €","3,75 €/Kg"
Sabonete Líquido Original,Dove,Embalagem de 250 ml,"1,19 €","3,97 €/L"
Salsichas frasco hot dog,PorSi,Embalagem 540G,"0,75 €","3,75 €/Kg"
Carro de Limpeza,Vicam,1 unidade,"10,99 €/Unidade","10,99 €/Unidade"
Ambientador carro difusor aqua,Ambipur,1 unidade,"1,99 €","1,99 €/Unidade"
Estendal King Aço/Alumínio 20 m,Vileda,1 un.,"0,99 €","0,99 €/Unidade"
Vinho branco regional península de setúbal,Joao pires,Garrafa de 0.75 l,"8,59 €","11,45 €/L"
Spray Limpa Placa Indução,Induclean,450 ml,"4,49 €","5,99 €/L"
Vinho regional lisboa reserva tinto,Mundus,Garrafa de 750 ml,"4,99 €","6,65 €/L"
Bolo Rei c/ Castanhas,Pastelaria do Dia,1 un. = 600 g,"0,30 €/Unidade","0,30 €/Unidade"
Granola + classica,Cemporcent,Embalagem de 375g,"1,54 €","3,08 €/Kg"
Arroz Carolino,Saludães,Embalagem de 1 kg,"0,99 €","0,99 €/Kg"
Caramelos de fruta,PorSi,Embalagem de 250g,"1,10 €","4,40 €/Kg"
Protein milk 330 ml chocolate,Prozis,Garrafa de 330 ml,"14,99 €","37,48 €/Kg"
Linguas de gato,PorSi,Embalagem de 200 g,"0,69 €","3,45 €/Kg"
Bebida de cereais e café mokambo intenso,Nestle,Embalagem de 180g,"2,29 €","11,45 €/Kg"
"Máquina depiladora descartável, Blue II Feminina",Gillette,Embalagem de 5+1 unidades,"3,29 €","3,29 €/Unidade"
Rolo de Cozinha Multi,Renova,4 Rolos,"1,19 €","1,19 €/Unidade"
Pilha alcalina classic lr14x2,Domédia,1 unidade,"1,99 €","1,99 €/Unidade"
Compasso Origin 3 peças,Maped,Uma embalagem,"4,29 €","4,29 €/Unidade"
Gelado magnum mini double framboesa,Olá,Embalagem de 6 x 60 ml,"5,99 €","16,64 €/L"
Anti-Traça Alimentos,Dum Dum,2 unidades,"4,69 €","4,69 €/Unidade"
Biscoitos brownies,PorSi,Embalagem de 230g,"0,90 €","6,00 €/Kg"
Iogurte Líquido Frutos Tropicais,PorSi,1 Embalagem 4X160G,"1,17 €","1,83 €/Kg"
Sangria,Casal Garcia,Garrafa de 750 ml,"2,19 €","1,46 €/L"
Limpador,Pronto,Embalagem de 750 ml,"2,29 €","2,29 €/L"
"Azeitonas pretas sem caroço, frasco de 165 g",PorSi,Embalagem de 165g,"1,79 €","2,29 €/Kg"
Refresco em pó de ananás,PorSi,Embalagem de 40 g,"0,75 €","18,75 €/Kg"
Grelha Quadrada Nº4 Zincada,Jomafe,"32x23 cm, 1 unidade","0,75 €","0,75 €/Unidade"
Lixívia WC Gel Higienizante,Neoblanc,Embalagem de 700ml,"1,74 €","0,35 €/L"
Fita Adesiva Brico Facil Especial Dupla Face,Ceys,1 unidade,"3,19 €","3,19 €/Unidade"
Vinho tinto cotes du rhone,Expert Club,Garrafa de 75 cl,"6,89 €","9,19 €/L"
Bolachas crackers integrais,PorSi,Embalagem de 500g,"0,39 €","3,12 €/Kg"
Bolachas cacau com recheio baunilha,PorSi,Embalagem de 176 g,"0,79 €","4,49 €/Kg"
Champanhe tradicional bruto,Delagne&fi,Garrafa de 750 ml,"34,99 €","46,65 €/L"
Bacalhau à Brás,PorSi,Embalagem de 1 kg,"1,91 €","4,78 €/Kg"
Bola de Berlim chocolate,PorSi,85g,"0,30 €/Unidade","0,30 €/Unidade"
Grelo Nabo Programa Origens,PorSi,1 un= 1 kg (aprox.),"0,75 €","2,49 €/Kg"
Lixívia para roupa tradicional,Neoblanc,Embalagem de 2 l,"2,19 €","1,10 €/L"
Vinho maduto tinto,Casal da eira,Embalagem de 1 l,"0,69 €","2,76 €/L"
"Óleo Spray Cenoura, SPF0",Cabana Sun,Embalagem de 200 ml,"14,99 €","299,80 €/L"
Faca para Churrasco 11 cm Inox,PorSi,1 unidade,"7,39 €","7,39 €/Unidade"
Mestre panda,Chicco,1 unidade,"14,99 €/Unidade","14,99 €/Unidade"
Creme marisco,Knorr,Embalagem de 70g,"0,84 €","13,55 €/Kg"
Leite uht sem lactose magro,PorSi Viva Bem,1 litro,"0,78 €","0,78 €/L"
Serpentinas,Mercagranel,Embalagem 20 Rolos,"0,59 €","0,59 €/Unidade"
Pescada África do Sul,Peixe Congelado,De 600g a 900g,"1,40 €","6,98 €/Kg"
80 filtros nº4 com saquetas antitártaro,Planteur,Uma embalagem com 80 unidades,"0,89 €","0,89 €/Unidade"
Spray de lavagem a seco,Day 2,200 ml,"8,99 €","44,95 €/L"
Muesli tropical,Cemporcent,Embalagem de 500g,"0,69 €","1,73 €/Kg"
Sacos do lixo wc 5 litros,PorSi,30 sacos,"1,79 €","1,79 €/Unidade"
Difusor elétrico sem fio para pastilhas,Ezalo,Embalagem de 1 unidades,"6,39 €","6,39 €/Unidade"
Nestum aveia e maçã,Nestum,Embalagem de 250g,"2,99 €","3,99 €/Kg"
Óleo extra virgem de coco,Origensbio,Garrafa de 500 ml,"3,39 €","3,39 €/L"
Leite de crescimento 4 de 1 a 3 anos,NAN,Embalagem de 800g,"22,39 €","27,99 €/Kg"
Vinho branco doc beira interior,Entreserra,Garrafa de 750 ml,"2,49 €","3,32 €/L"
Caneca Vidro Bill 24Cl,Cristal,1 unidade,"2,99 €","2,99 €/Unidade"
Robalo de Viveiro,Peixe Fresco,de 200 a 600 g (aprox.),"2,95 €/Kg","2,95 €/Kg"
Bolachas recheadas com morango e cheesecake,Oreo,Embalagem de 150g,"0,79 €","4,49 €/Kg"
Detergente liquido para máquina de lavar roupa activ...,Skip,Embalagem de 80 doses,"13,99 €","3,29 €/L"
Bolachas belgas manteiga,PorSi,Embalagem de 250g,"1,69 €","6,76 €/Kg"
Leite condensado,Nestle,Embalagem de 370g,"1,09 €","2,75 €/Kg"
Bolos cake e chococolate,Milka,Embalagem de 180g,"2,78 €/Kg","2,78 €/Kg"
Espumante Bruto,Gancia,"Garrafa de 0,75 l","3,99 €","5,32 €/L"
"Água com gás, sabor limão",PorSi,"Embalagem de 6x0,25 l","2,85 €","2,85 €/L"
Doce de abóbora c/ noz,Quinta de Jugais,Embalagem de 280g,"4,39 €","15,46 €/Kg"
Ambientador elétrico sensual sandalwood & jasmine + ...,Glade,1 unidade,"8,99 €","8,99 €/Unidade"
"Alimento para peixe, tetrapond stickslago",Tetra,Embalagem de 1 l,"4,99 €","19,96 €/L"
Spray optimal 7 com lixivia,Ajax,Embalagem de 500 ml,"3,99 €","7,98 €/L"
Molho iogurte,PorSi,Garrafa de 285 ml,"0,70 €","2,33 €/Kg"
Vinagre de vinho branco,Cristal,Garrafa de 750 ml,"0,35 €","0,70 €/L"
Patê figado de porco,La piara,Embalagem de 80g,"1,19 €","13,52 €/Kg"
"Lava tudo, vinagre",Cif,"Garrafa de 1,4 l","0,99 €","0,50 €/L"
"Agrafos nº24/6, 2000 unidades",Maped,Uma embalagem,"1,35 €","1,35 €/Unidade"
Refrigerante c/ gás laranja,Sumol,pack 4 x 1.25 l,"0,40 €/L","0,40 €/L"
Porto ruby,Valadao,Garrafa de 750 ml,"5,99 €","7,99 €/L"
Licor triple seco 16%,Olaias,Garrafa de 1 l,"16,99 €","24,27 €/L"
Vinagre balsâmico de modena gourmet,Gallo,Garrafa de 250 ml,"0,35 €","0,70 €/L"
Buondi extreme cafe moido 12x200g,Buondi,Embalagem de 200g,"3,49 €","13,96 €/Kg"
Choco limpo 10/30,Pescanova,Embalagem de 500g,"5,49 €","6,86 €/Kg"
"Patê de sardinha,atum e salmão",PorSi,Embalagem de 4 x 22 g,"1,19 €","13,52 €/Kg"
"Loção Solar Spray, SPF15",Cabana Sun,Embalagem de 200 ml,"14,99 €","299,80 €/L"
Resguardos de cama,PorSi,20 unidades de 80 x 180 cm,"10,99 €","10,99 €/Unidade"
Puzzle Gigante Panda,Olivo,24 peças,"9,99 €/Unidade","9,99 €/Unidade"
Crack.c/sal na superficie 560g,GRAN PAVES,Embalagem de 560g,"0,39 €","3,12 €/Kg"
Queijo Curado Trad.Pimentão,Alavão,Vendido ao peso a partir de 250 gr,"3,35 €","13,39 €/Kg"
Sacos do lixo jardim 130 litros,PorSi,10 sacos,"1,79 €","1,79 €/Unidade"
Massa macarronete riscado,PorSi,Embalagem de 500g,"0,89 €","1,78 €/Kg"
Ervilhas,PorSi,Embalagem de 400 g,"1,89 €","1,89 €/Kg"
Limpa Estofos de Pele,PorSi,Embalagem de 1 l,"1,99 €","1,99 €/L"
Big burger frango,Capitão Iglo,Embalagem de 230g,"3,53 €","8,83 €/Kg"
Bacalhau com natas,PorSi,Embalagem de 250 g,"3,99 €","3,99 €/Kg"
Crazy Chic Panda Bailarina,Clementoni,1 unidade,"18,99 €","18,99 €/Unidade"
Chá sene,PLANTANATU,Embalagem Com 10 saquetas,"1,25 €","96,15 €/Kg"
Mistura solúvel bolero,Nestle,Embalagem de 200g,"2,29 €","11,45 €/Kg"
Tampões Compak Pearl Super Com Aplicador,Tampax,16 unidades,"3,99 €","3,99 €/Unidade"
Confetis 80 gr sortido,Mercagranel,Embalagem de 80 gr,"0,99 €","0,99 €/Unidade"
Bolachas soft bakes recheio chocolate,Belvita,Embalagem de 250g,"2,78 €/Kg","2,78 €/Kg"
Tostas integrais,PorSi,Embalagem de 225g,"0,69 €","3,07 €/Kg"
Senses Watermelon,Trident,1 un.,"0,89 €","59,33 €/Kg"
Snack de milho com queijo,Cheetos,Embalagem de 75 g,"0,79 €","7,90 €/Kg"
Espumante cava bruto,Freixenet,pack 3 x 200 ml,"8,99 €","14,98 €/L"
Beringela,Programa Origens,1 un = 400 gr (aprox.),"0,75 €","2,99 €/Kg"
Palmiers de maçã e canela,Du bois,Embalagem de 150g,"0,69 €","3,45 €/Kg"
Babete Maleavel,Tigex,1 unidade,"5,99 €","5,99 €/Unidade"
Esparguete integral,Cemporcent,Embalagem de 500g,"1,54 €","3,08 €/Kg"
Leite creme,El mandari,Embalagem de 90g,"0,79 €","5,27 €/Kg"
Flocos cereais chocolate,PorSi,Embalagem de 300g,"2,99 €","3,99 €/Kg"
Café em grão 5 estrelas,Sical,Embalagem de 250g,"9,16 €/Kg","9,16 €/Kg"
Crackers c/ sal superficie,GRAN PAVES,Embalagem de 250g,"0,39 €","3,12 €/Kg"
Pudim de caramelo,Boca Doce,Embalagem de 20g,"0,59 €","29,50 €/Kg"
Copos empilháveis,Chicco,1 unidade,"14,99 €/Unidade","14,99 €/Unidade"
"Queijo light, 10 fatias",A Vaca Que Ri,Embalagem de 200g,"0,79 €","11,29 €/Kg"
Couve branca,Legumes do Dia,1 un= 1 kg aprox,"1,19 €","1,19 €/Kg"
Spray tira nódoas,A+,Embalagem de 750 ml,"9,99 €","36,33 €/Kg"
Receita caseira de jardineira,Nobre,Embalagem de 420g,"2,19 €","5,21 €/Kg"
Atum posta em óleo,Noro,Lata com 110 g,"9,08 €/Kg","9,08 €/Kg"
"Vinho branco regional alentejano, bib",Galitos,Garrafa de 3 l,"8,59 €","1,72 €/L"
Leite com sabor a baunilha proteína,Yopro,Garrafa de 330 ml,"1,29 €","1,29 €/L"
Gogo SqueeZ Snack Pêssego,Gogo,Embalagem de 90g,"2,29 €","6,94 €/L"
Porto ruby,Ferreira,Garrafa de 750 ml,"5,99 €","7,99 €/L"
Jogo caça ao tesouro,Clementoni,1 unidade,"9,99 €/Unidade","9,99 €/Unidade"
Bolacha de manteiga belga original,Saborosa,Embalagem de 220g,"1,69 €","6,76 €/Kg"
"Vinagre balsâmico, spray",Paladin,Garrafa de 250 ml,"0,35 €","0,70 €/L"
Bloco Sanitário Sólido Poder Activo Pinho,Sonasol,Embalagem de 2x50 g,"2,99 €","74,75 €/Kg"
"Coloração permanente, castanho dourado, nº43",Nutrisse,1 unidade,"9,49 €/Unidade","9,49 €/Unidade"
Cereais corn flakes s/ glúten chocolate,Nestle,Embalagem de 380g,"2,99 €","7,97 €/Kg"
Caderno Agrafado Capa Preta |A4 Pautado,Domédia,1 unidade,"0,99 €","0,99 €/Unidade"
Gelatina melancia 10kcal 31g,Royal,Embalagem de 30g,"0,55 €","61,11 €/Kg"
Sombrinhas decorativas,PorSi,Embalagem com 25 unidades,"0,59 €","0,59 €/Unidade"
Cubos de bacon,Porminho,Embalagem de 2x75 g,"1,45 €","18,13 €/Kg"
Azeite Subtil,Gallo,Garrafa de 750 ml,"3,19 €","4,25 €/L"
Sumo 100% pêssego e uva,PorSi,Pack 3 x 200 ml,"1,09 €","0,73 €/L"
Abrasivo sanitário gel marinho,PorSi,embalagem de 1 litro,"0,99 €","0,99 €/L"
Gin premium hendricks 0.70l,Hendricks,Garrafa de 700 ml,"51,70 €/L","51,70 €/L"
Guardanapos,PorSi,,"1,29 €","1,29 €/Unidade"
"Limpa vidros cristal, pistola",PorSi,Embalagem de 1 l,"3,19 €","6,38 €/L"
Papel higiénico 2 folhas,PorSi,32 rolos,"5,89 €","5,89 €/Unidade"
Creme Depilatório Duche Men Peles Normais,Veet,Embalagem com 150 ml,"10,99 €","73,27 €/L"
Leite uht sem lactose magro,PorSi Viva Bem,1 litro,"2,19 €","2,19 €/L"
Nata uht para culinária,Parmalat,Embalagem de 200 ml,"1,12 €","5,60 €/L"
Sardinhas em azeite,PorSi,Embalagem de 120g,"9,08 €/Kg","9,08 €/Kg"
Ice tea pessêgo,Lipton,pack 6 x 0.25 l,"1,90 €","1,27 €/L"
Creme vegetal sabor manteiga,PorSi,Embalagem de 500 g,"1,39 €","6,95 €/L"
Detergente líquido baby,Skip,22 doses,"9,99 €","9,08 €/L"
Preparado Carne Picada de Bovino,Campicarn,Embalagem de 400 g,"11,99 €","14,99 €/Kg"
Vinagre de vinho tinto,PorSi,Garrafa de 500 ml,"0,35 €","0,70 €/L"
Pastilhas de morango,Smint,Embalagem de 35 g,"0,89 €","59,33 €/Kg"
Gel WC Desincustrante,Neoblanc,Embalagem de 700 ml,"2,79 €","3,99 €/L"
Laboratório Mecânica Camião de Mina,Clementoni,1 unidade,"9,99 €/Unidade","9,99 €/Unidade"
Cocktail de marisco,PorSi,Embalagem de 400 g,"2,19 €","8,59 €/Kg"
Amendoas em po saq.125g,Vahine,Embalagem de 130g,"1,29 €","3,23 €/Kg"
Tomate frito,Heinz,Embalagem de 350g,"3,84 €","24,00 €/Kg"
Arroz carolino malandrinho,Malandrinh,Embalagem de 1 kg,"0,99 €","0,99 €/Kg"
"Vela em número, nº 8",PorSi,1 unidade,"0,60 €","0,60 €/Unidade"
"Postas pescada nº3, para fritar",PorSi,Embalagem de 600 g,"4,39 €","10,98 €/Kg"
Refresco pó laranja,PorSi,Embalagem de 40g,"0,75 €","18,75 €/Kg"
Leite condensado cozido,Nestle,Embalagem de 400g,"1,09 €","2,75 €/Kg"
Óleo Multigasolina 20W40,Galp,Embalagem de 5 l,"41,99 €","8,40 €/L"
Bolachas integrais,PorSi,Embalagem de 200g,"0,98 €","3,27 €/Kg"
Dobrada de novilho,PorSi,Embalagem de 400 g,"4,69 €","11,73 €/Kg"
Bolacha de água e sal júnior,Vieira,Embalagem de 160g,"3,49 €","19,39 €/Kg"
Lixívia para roupa delicada,Vanish,Garrafa de 3 l,"2,19 €","1,10 €/L"
Spray desinfetante cozinha,Lysol,Embalagem de 500 ml,"3,99 €","5,32 €/L"
Papel vegetal 8m,Vileda,1 unidade,"1,11 €","1,11 €/Unidade"
Gel Intimo Suave,Corine de Farme,250 ml,"0,59 €","5,90 €/L"
Vinho regional tejo 3 castas tinto,Fiuza,Garrafa de 750 ml,"4,99 €","6,65 €/L"
Limpa Estofos de Tecido,PorSi,Embalagem de 1 l,"1,99 €","1,99 €/L"
Fatias vegetarianas c/ ervas mediterrâneas,Nobre,Embalagem de 100g,"3,35 €","22,33 €/Kg"
Tremoço médio,PorSi,Embalagem de 350 g,"1,79 €","2,29 €/Kg"
Remove Insectos,PorSi,Embalagem de 1 l,"1,99 €","1,99 €/L"
Knorr sopa gourmet b.doce e abobora 49gr,Knorr,Embalagem de 70g,"0,84 €","13,55 €/Kg"
Gelatina mirtilo 10kcal 31g,Royal,Embalagem de 30g,"0,55 €","61,11 €/Kg"
Vinagre de sidra,Cristal,Garrafa de 500 ml,"0,35 €","0,70 €/L"
Tortitas de milho sem sal,PorSi Viva Bem,Embalagem de 130g,"0,79 €","7,90 €/Kg"
Tira Nódoas Brancos em Pó,Skip,1 kg,"10,99 €","52,33 €/Kg"
"Croissants, 8 unidades,",Pasquier,Embalagem de 320 g,"2,05 €","5,13 €/Kg"
"Ambientador spray, aerosol, lavanda",Glade,Embalagem de 300 ml,"2,99 €","12,46 €/L"
Champô para cabelos pintados,Labell,Embalagem de 750 ml,"5,59 €","13,98 €/L"
Néctar clássico tutti-frutti,Compal,Embalagem de 1 l,"0,99 €","0,99 €/L"
Gel de Duche Creme Care,Nivea,Embalagem de 750 ml,"6,99 €","9,32 €/L"
Espresso café arábica,PorSi,250 ml,"3,19 €","25,52 €/Kg"
"Rolos de cozinha compactos, branco, 2 unidades",PorSi,Uma embalagem,"1,19 €","1,19 €/Unidade"
Snack para gato chezzy,Felix,Embalagem de 60g,"1,89 €","31,50 €/Kg"
Salada mesclum,Vitacress,embalagem de 100 g,"1,58 €","9,29 €/Kg"
Cuecas Incontinência Maxi Grande,Lindor,Embalagem com 14 un.,"21,24 €/Unidade","21,24 €/Unidade"
Massa filo,JR,Embalagem de 250g,"3,49 €","13,96 €/Kg"
Vela com número nº 3,PorSi,1 unidade,"0,60 €","0,60 €/Unidade"
Refrigerante sem gás de manga/laran,Joi,"Garrafa de 1,5 l","1,90 €","1,27 €/L"
Molas de madeira,PorSi,36 unidades,"0,99 €","0,99 €/Unidade"
Alimento húmido para cão borrego,Pedigree,Embalagem de 300g,"0,75 €","2,50 €/Kg"
Saqueta de puré de fruta | maçã + pêssego + banana +...,PorSi,90 g,"0,74 €","8,22 €/Kg"
Queijo Ovelha Curado,Meimoa,Vendido ao peso a partir de 250 gr,"4,62 €","18,49 €/Kg"
Linhaça dourada e moída,Cemporcent,Embalagem de 200g,"3,99 €","26,60 €/Kg"
"Spray depilatório, peles sensiveis",Veet,Garrafa de 150 ml,"10,99 €","73,27 €/L"
Tablete de chocolate leite com avelã,PorSi Select,200 g,"4,09 €","14,82 €/Kg"
Snack dentastix médio,Pedigree,Embalagem de 720 g,"5,58 €/Kg","5,58 €/Kg"
Gel anti séptico deoprotect,Dystron,Garrafa de 400 ml,"7,69 €","19,23 €/L"
Vinho tinto regional alentejo,Rocim,Garrafa de 0.75 l,"2,89 €","3,85 €/L"
Vela em número nº4,PorSi,1 unidade,"0,60 €","0,60 €/Unidade"
Tablete de chocolate extra fina leite/avelã,Nestle,Embalagem de 120g,"4,09 €","14,82 €/Kg"
Néctar light de manga/laranja,Compal,Pack 3 x 200 ml,"0,84 €","2,55 €/L"
Refrigerante c/ gás ananás,Sumol,pack 4 x 1.25 l,"0,40 €/L","0,40 €/L"
Amaciador p/ Roupa Elixir Herbal Frescura e Suavidad...,Quanto,52 doses,"8,99 €","2,25 €/L"
Escova dentifrica 360º advanced média,Colgate,1 unidade,"3,54 €","3,54 €/Unidade"
Fralda Cueca de Banho 12 a 18 kg,Huggies,Embalagem com 11 un.,"8,49 €","8,49 €/Unidade"
Arroz agulha América do Sul,PorSi,Embalagem de 1 kg,"0,99 €","0,99 €/Kg"
Chouriço corrente,PorSi,Embalagem de 200 g,"1,00 €","5,00 €/Kg"
Água com gás sabor a tangerina,Frize,"Pack 4x 0,25l","2,85 €","2,85 €/L"
Coissant Folhado,*,50g,"0,30 €/Unidade","0,30 €/Unidade"
Bolachas mini chips ahoy,Ca!,Embalagem de 160g,"0,90 €","6,00 €/Kg"
Nêspera,Fruta da Época,1 un = 250 gr  (aprox.),"0,57 €","2,29 €/Kg"
Topping de morango,Winsenia,Embalagem de 300g,"1,29 €","3,23 €/Kg"
After shave bálsamo sensitive,Labell Men,Embalagem de 100 ml,"1,16 €","4,64 €/L"
"Vinho Alentejo, Private Collection, Tinto",Selecção de Enófilos,Garrafa de 0.75 l,"8,59 €","11,45 €/L"
Hipopótamo bailarina,Clementoni,1 unidade,"18,99 €","18,99 €/Unidade"
Queijo Curado Amanteigado Médio,Serrinha,Vendido ao peso a partir de 250 gr,"3,84 €","15,35 €/Kg"
Mão de vaca com grão,Nobre,Embalagem de 420 g,"2,19 €","5,21 €/Kg"
Iogurte danacol de morango,Danone,Embalagem de 12 x 100 g,"3,99 €","6,65 €/Kg"
Amaciador para cabelos pintados,Labell,Embalagem de 200 ml,"1,00 €","5,00 €/L"
Bandas de cera axilas/bikini,Labell,Embalagem com 16 un. + 4 toalhitas de acabamento,"3,51 €","3,51 €/Unidade"
Pensos Higiénicos Cottonlike Normal Abas,Evax,embalagem de 16 unidades,"4,99 €","4,99 €/Unidade"
Insecticida Casa e Plantas,Raid,400 ml,"5,49 €","13,73 €/L"
Mel em frasco de vidro,PorSi,Embalagem de 250g,"4,89 €","9,78 €/Kg"
Água s/ gás limão,Luso,Garrafa de 1 l,"1,04 €","0,17 €/L"
Maria diet nature,Gullón,Embalagem de 400 g,"1,45 €","11,15 €/Kg"
Snack para gato de salmão e queijo,Catisfactions,Embalagem de 60g,"1,89 €","31,50 €/Kg"
Iogurte natural açucarado em frasco de vidro,PorSi,Embalagem de 2 x 125 g,"1,94 €","1,29 €/Kg"
Palitos redondos,PorSi,200 unidades embalados individualmente,"2,59 €","2,59 €/Unidade"
Papa infantil láctea banana laranja +6 meses,Cerelac,Embalagem de 250g,"4,49 €","4,49 €/Kg"
Pedras limão,P.salgadas,Garrafa de 1 l,"2,85 €","2,85 €/L"
"Vinho Douro, Private Collection, Tinto",Selecção de Enófilos,Garrafa de 0.75 l,"8,59 €","11,45 €/L"
Dettol sabonete líquido frutos do bosque x 12,Dettol,Garrafa de 250 ml,"1,19 €","3,97 €/L"
Arroz estufado,Caçarola,Embalagem de 1 kg,"0,99 €","0,99 €/Kg"
Recargas ambientador elétrico relaxing zen,Glade,Embalagem de 2 x 20 ml,"1,79 €","1,79 €/Unidade"
Pêssego em calda metades,PorSi,Lata com 840 g,"1,99 €","2,37 €/Kg"
"Na-farinha de aveia 400g 3,2kg",Nacional,Embalagem de 400g,"1,99 €","1,99 €/Kg"
Gin dry,Gibson's,Garrafa de 700 ml,"51,70 €/L","51,70 €/L"
Ambientador spray aerosol white bouquet,Air Wick,Garrafa de 240 ml,"2,99 €","12,46 €/L"
Desinfetante p/ WC,Sanytol,Embalagem de 750 ml,"3,99 €","7,98 €/L"
Vinho doc dão tinto,Santar,Garrafa de 0.75 l,"3,99 €","5,32 €/L"
Barras cereais chocapic,Nestle,Embalagem de 150g,"3,45 €","26,54 €/Kg"
Refrigerante  c/ gás regular,Coca-Cola,pack 4 x 1 l,"0,40 €/L","0,40 €/L"
Bolachas infantil dinossauros,Artiach,Embalagem de 190g,"3,49 €","19,39 €/Kg"
Queijo Fondue,Páturages,Embalagem de 400g,"3,68 €","13,14 €/Kg"
Tostas integrais,Diatosta,Embalagem de 225 g,"0,69 €","3,07 €/Kg"
Leite c/ Chocolate Bem Especial 0% lactose,Mimosa,pack 4 x 200 ml,"0,26 €","1,30 €/L"
6 cheeseburgers,PorSi,Embalagem de 750g,"2,79 €","8,72 €/Kg"
Cortador de Castanhas,Snips,1 unidade,"3,99 €","3,99 €/Unidade"
Fermento de padeiro,Vahine,Embalagem de 20g,"1,89 €","17,18 €/Kg"
Achocolatado em pó extra chocolate,Nesquik,Embalagem de 390g,"5,59 €","6,99 €/Kg"
Moscatel de Setúbal Reserva,Selecção de Enófilos,Garrafa de 0.75 l,"5,99 €","7,99 €/L"
Macarron Limão,Dulcesol,Embalagem de 80G,"2,82 €","9,40 €/Kg"
Rebuçados mel e limão,Halls,Embalagem de 32 g,"0,77 €","3,85 €/Kg"
Champô oil nutritive,Gliss,Embalagem de 250 ml,"5,59 €","13,98 €/L"
Bebida de Aveia,PorSi Viva Bem,1 l,"1,39 €","1,39 €/L"
Leite c/ cacau original,Cacaolat,Garrafa de 1 l,"0,26 €","1,30 €/L"
Bolachas,Oreo,Embalagem de 220g,"0,79 €","4,49 €/Kg"
Requeijão Cabra,Saloio,170 g,"1,79 €","8,95 €/Kg"
Nestum zero arroz,Nestum,Embalagem de 250 g,"4,49 €","4,49 €/Kg"
Moscatel de setúbal,Dom Campos,Garrafa de 750 ml,"5,99 €","7,99 €/L"
Amaciador Roupa Chá Branco & Peônia,Vernel,76 doses,"3,99 €","3,99 €/Unidade"
Garfos Brancos,Progelcone,1 Embalagem com 25 uni.,"0,90 €","0,90 €/Unidade"
Vinho do porto finest reserve,Dow's,Garrafa de 0.75 l,"10,99 €","14,65 €/L"
"Pasta de limpeza com oxigénio activo, 48 unidades",Polident,Uma embalagem,"7,39 €","105,57 €/Kg"
Creme Mãos Hidratante,Labell,Embalagem de 100 ml,"1,03 €","10,30 €/L"
Vinho do porto malvasia branco,Rcv,Garrafa de 750 ml,"11,99 €","15,99 €/L"
Detergente líquido máquina de roupa sabão natural,PorSi,86 Doses,"13,99 €","3,29 €/L"
Café solúvel creme,Nescafe,Embalagem de 100g,"14,50 €/Kg","14,50 €/Kg"
Doce de framboesa,ST.DALFOUR,Frasco de 284g,"4,39 €","15,46 €/Kg"
Bloco Sanitário Sólido Aqua,Sonasol,Embalagem de 2x50 g,"2,99 €","74,75 €/Kg"
Esfregona de Microfibras Completa,PorSi,1 unidade,"0,89 €","0,89 €/Unidade"
Massa cuscus,Nacional,Embalagem de 250g,"0,89 €","1,78 €/Kg"
Canja de galinha económica,Knorr,Embalagem de 60g,"0,84 €","13,55 €/Kg"
"Pandorino cacau, 4 unidades",Dulcesol,Embalagem de 240g,"2,05 €","5,13 €/Kg"
"Jogo ""Da Banho ao Cão""",Concentra,1 unidade,"9,99 €/Unidade","9,99 €/Unidade"
Sementes de chia,Cemporcent,Embalagem de 150G,"1,39 €","9,27 €/Kg"
Rolls 6 unidades,Bimbo,Embalagem de 340g,"0,89 €","1,78 €/Kg"
Batata frita de presunto,PorSi,Embalagem de 185 g,"1,19 €","6,43 €/Kg"
Batata frita ondulada wavy,PorSi,Embalagem de 185 g,"1,06 €","5,73 €/Kg"
Dentifríco p/ Dentes de Leite,Aquafresh,Embalagem de 50 ml,"0,99 €","0,99 €/Unidade"
Cocktail de marisco,PorSi,Embalagem de 400 g,"3,99 €","9,98 €/Kg"
"Detergente manual de loiça, ultra limão",PorSi,Embalagem de 500 ml,"0,99 €","1,98 €/L"
Rebuçados fruta,PorSi,Embalagem de 250g,"1,00 €","5,00 €/Kg"
Paté de sardinha,PorSi,Embalagem de 4 x 22 g,"1,19 €","13,52 €/Kg"
"Papel Vegetal, 8mt",Fino,1 unidade,"1,11 €","1,11 €/Unidade"
Chá preto frutos vermelhos,PorSi,Embalagem de 40g,"1,69 €","56,33 €/Kg"
Massa macarronete riscado,Milaneza,Embalagem de 500g,"0,89 €","1,78 €/Kg"
Óleo alimentar,Fula,Embalagem 1L,"3,39 €","3,39 €/L"
Aguardente velha reserva,CRF,Garrafa de 700 ml,"12,79 €","18,27 €/L"
Vinho tinto regional alentejano,Galitos,Garrafa de 3 l,"9,49 €","1,90 €/L"
Bolacha alfa,Nacional,Embalagem de 180g,"2,82 €","9,40 €/Kg"
"Leite em fórmula nº1, confort, para bebé",Aptamil,Embalagem de 800g,"22,39 €","27,99 €/Kg"
Meloa Gália,Fruta da Época,1 un = 1 kg (aprox.),"2,99 €","2,99 €/Kg"
Biscoitos canudinho recheio cacau,PorSi,Embalagem de 300g,"2,82 €","9,40 €/Kg"
Yofu natural estilo skyr,Alpro,Embalagem de 400g,"3,09 €","6,18 €/Kg"
10 Preservativos Ultrafeel,Control,,"4,49 €","4,49 €/Unidade"
Bolacha Maria sem lactose,PorSi Viva Bem,Embalagem de 200 g,"2,09 €","5,81 €/Kg"
Fósforos cozinha,Quinas,Embalagem com 4 caixas por unidade,"2,59 €","2,59 €/Unidade"
Guardanapos de 1 folha azuis | dim.: 30 x 29 cm,PorSi,Embalagem com 70 unidades,"1,29 €","1,29 €/Unidade"
Manteiga de amendoim crocante,Prozis,Embalagem de 500g,"5,99 €","19,97 €/Kg"
Salsicha p/Churrasco Picante,Carne Sorraia,1 Embalagem 360G,"2,09 €","9,95 €/Kg"
Saqueta de puré de fruta | maçã + banana,PorSi,90 g,"0,74 €","8,22 €/Kg"
Vinho regional alentejano reserva tinto,Encosta das Perdizes,Garrafa de 0.75 l,"2,89 €","3,85 €/L"
Nata pasteurizada,PorSi,Embalagem de 450 ml,"1,12 €","5,60 €/L"
Lixivia perfume fresco,Neoblanc,Embalagem de 2 l,"2,59 €","1,30 €/L"
Bacalhau Graúdo,Bacalhau da Noruega,1 un = 2.5 kg (aprox.),"8,73 €/Kg","8,73 €/Kg"
Lata de Brilho Incolor,Búfalo,Embalagem de 75 ml,"2,75 €","36,67 €/L"
"Cerveja sem álcool, tara perdida",Super Bock,Pack 6 X 0.33 L,"5,99 €","3,03 €/L"
Sobremesa Paturette Chocolate,Páturages,Embalagem de 4x115g,"1,19 €","2,59 €/Kg"
Queijo Curado Meio Gordo,Fonte Mourisca,Vendido ao peso a partir de 250 gr,"3,84 €","15,35 €/Kg"
Chocolate culinário,Pantagruel,Embalagem de 200g,"1,04 €","8,32 €/Kg"
Rolo tira pelos 12 folhas,PorSi,1 unidade,"1,19 €","1,19 €/Unidade"
"Cerveja com álcool, tara perdida",Kings Bräu,pack 24 x 0.25 l,"1,99 €/L","1,99 €/L"
Tablete de chocolate de leite,Toblerone,Embalagem de 100g,"5,30 €/Kg","5,30 €/Kg"
Gomas favoritos pica,Haribo,Embalagem de 90g,"1,09 €","10,90 €/Kg"
Marmelada,Ferbar,Embalagem de 400g,"1,09 €","2,42 €/Kg"
Marcadores para colorir,Domédia,embalagem com 12 unidades,"4,29 €","4,29 €/Unidade"
Lichias em calda,Koala,Embalagem de 567g,"1,99 €","2,37 €/Kg"
"Elixir bocal, dentes e gengivas",Listerine,Embalagem de 250 ml,"5,99 €","11,98 €/L"
Nestum flocos de cereais integrais,Nestum,Embalagem de 250g,"2,99 €","3,99 €/Kg"
Adoçante c/ doseador,Canderel,Embalagem de 10g,"6,21 €","6,21 €/Unidade"
"Escova de cabelo, brushing média",Labell,Uma unidade,"3,99 €","3,99 €/Unidade"
Palmiers,Du bois,Embalagem de 150g,"0,69 €","3,45 €/Kg"
Snack chocolate leite,Kit kat,Embalagem de 125g,"1,09 €","10,90 €/Kg"
Coleira em nylon p/ cão  repelente 75cm,Repul' 7,Embalagem de 1 unidades,"19,99 €","19,99 €/Unidade"
Super tea matcha verde,Tetley,Embalagem de 40g,"1,19 €","59,50 €/Kg"
Molho de alho,Calve,Embalagem de 260g,"0,70 €","2,33 €/Kg"
Nata uht,Mimosa,embalagem de 200 ml,"1,12 €","5,60 €/L"
Sangria frutos vermelhos,Casal Garcia,Garrafa de 0.75 l,"2,19 €","1,46 €/L"
100% whey prime baunilha,Prozis,Embalagem de 400g,"14,99 €","37,48 €/Kg"
Cerveja com álcool,Sagres,Lata de 500ml,"1,99 €/L","1,99 €/L"
Chocolate negro 85 % cacau,Cemporcent,Embalagem de 100g,"2,99 €","23,92 €/Kg"
Elixir bocal para crianças,Listerine,Embalagem de 500 ml,"5,99 €","11,98 €/L"
Alimento lácteo sem açucar com sabor a morango/banan...,Yogolino,Embalagem de 4 x 100 gr,"2,89 €","7,23 €/Kg"
Leite de pastagem meio-gordo,Terra Nostra,Embalagem de 1 litro,"0,78 €","0,78 €/L"
Arroz de pato,PorSi,Embalagem de 400g,"3,53 €","8,83 €/Kg"
Petit gâteau chocolate negro belga,PorSi,Embalagem com 4 unidades,"2,99 €","5,54 €/Kg"
Caracol com passas,*,90g,"0,30 €/Unidade","0,30 €/Unidade"
Rebuçados drops recheio de fruta,PorSi,Embalagem de 250g,"1,00 €","5,00 €/Kg"
Espumosos tinto bruto attitude,Fita azul,Garrafa 0.75L,"3,99 €","5,32 €/L"
4 filetes de pescada panados c/ limão,Pescanova,Embalagem de 400g,"9,30 €/Kg","9,30 €/Kg"
"Refrigerante sem gás, laranja",Joi,"Garrafa de 1,5 l","1,90 €","1,27 €/L"
Queijo de cabra curado,PorSi,Embalagem de 2x100 g,"4,75 €","18,99 €/Kg"
Pasta de sardinha,Fides,Embalagem de 90g,"1,19 €","13,52 €/Kg"
Farinheira do Ribatejo,PorSi,Embalagem de 180g,"1,49 €","7,45 €/Kg"
Fruta para bebé multifrutas +4 meses,Nestle,Embalagem de 90g,"0,74 €","8,22 €/Kg"
Lava tudo marinho,Cif,"Garrafa de 1,4 l","0,99 €","0,50 €/L"
Livro Pop-Ups - Oceanos,Europrice,1 unidade,"5,99 €/Unidade","5,99 €/Unidade"
Conjunto de 3 pinceis nº 4/8/12,Domédia,Uma embalagem,"4,29 €","4,29 €/Unidade"
Bolachas chiquilin energy,Artiach,Embalagem de 200g,"1,69 €","6,76 €/Kg"
Fraldas agility T4 de 9 a 15 kg,PorSi,50 unidades,"6,49 €","6,49 €/Unidade"
Chourição,PorSi,"Vendido ao peso, fatiado a partir de 100 gr","1,35 €","16,88 €/Kg"
Pudim de ananás,Boca Doce,Embalagem de 20g,"0,59 €","29,50 €/Kg"
Carro de Limpeza,Vicam,1 unidade,"18,99 €","18,99 €/Unidade"
Maionese,PorSi,Embalagem de 260 g,"0,70 €","2,33 €/Kg"
Bolachas digestive go aveia,Triunfo,Embalagem de 170g,"0,98 €","3,27 €/Kg"
Manteiga de amendoim cremosa,Prozis,Embalagem de 500g,"4,24 €","12,47 €/Kg"
Moscatel roxo c/ caixa,Pioneiro,Garrafa de 750 ml,"5,99 €","7,99 €/L"
Refrigerante de cola zero,PorSi,Garrafa de 2 l,"0,40 €/L","0,40 €/L"
Limpa móveis cera abelhas,PorSi,Frasco de 300ml,"1,39 €","1,26 €/L"
Pastilhas café platium,Delta,Embalagem de 110g,"14,89 €","43,79 €/Kg"
Preparado para bolo de laranja,B.neve,Embalagem de 450g,"2,05 €","5,13 €/Kg"
Comida húmida para cão de frango e arroz,PorSi,Lata de 400 g,"0,75 €","2,50 €/Kg"
Alimento húmido para cão vaca,Pedigree,Embalagem de 300g,"0,75 €","2,50 €/Kg"
Vela mágica pack de 10 unidades,PorSi,Uma embalagem,"0,60 €","0,60 €/Unidade"
"Rolos cozinha absorção Ultra, Maxi, 2 rolos",Foxy,1 embalagem,"1,19 €","1,19 €/Unidade"
Escova plástica (cores sortidas),PorSi,1 unidade,"0,99 €","0,99 €/Unidade"
"Cereais crusts, amêndoas e mel",PorSi,Embalagem de 380g,"2,29 €","6,11 €/Kg"
"Pensos diários respirare, 44 unidades",Carefree,Uma embalagem,"2,99 €","2,99 €/Unidade"
Ambientador para a máquina da loiça de lima e limão,Finish,embalagem com 2 un.,"16,63 €/L","16,63 €/L"
Iogurte grego maçã e canela,Danone,Embalagem de 4 x 110 g,"2,99 €","6,80 €/Kg"
Ovos de Galinhas Criadas ao Ar Livre,PorSi,6 ovos frescos,"1,39 €","1,39 €/Unidade"
Vinagre balsâmico,PorSi,Embalagem de 250 ml,"0,35 €","0,70 €/L"
Puré de batata,Maggi,Embalagem de 250g,"1,99 €","1,99 €/Kg"
Spray de lavagem a seco denim,Day 2,200 ml,"8,99 €","44,95 €/L"
Espumante cava meio seco reserva,Freixenet,Garrafa de 750 ml,"8,49 €","11,32 €/L"
"Refrigerante com gás, laranja, lata",Fanta,pack 6 x 0.33 l,"0,40 €/L","0,40 €/L"
"Refresco em pó, manga",PorSi,Embalagem de 40g,"0,75 €","18,75 €/Kg"
Bolachas com duplo creme,Oreo,Embalagem de 190g,"0,79 €","4,49 €/Kg"
"Batata frita, queijo e ervas",PorSi,Embalagem de 190g,"1,19 €","6,43 €/Kg"
6 empadas de galinha,PorSi,Embalagem de 330g,"2,99 €","9,97 €/Kg"
Iogurte activia cremoso coco,Danone,Embalagem de 4 x 120 g,"2,99 €","6,80 €/Kg"
Salsichas de porco tipo estrasburgo,Monique Ranou,Embalagem  de 210G,"2,09 €","9,95 €/Kg"
Quinoa branca,PorSi Viva Bem,Embalagem de 200 g,"1,19 €","2,38 €/Kg"
Yofu natural com amêndoa,Alpro,Embalagem de 500 gr,"3,09 €","6,18 €/Kg"
Chili com carne,Itinéraire des Saveurs,Embalagem 300G,"2,19 €","5,21 €/Kg"
Trinca de arroz,PorSi,Embalagem de 1 kg,"1,15 €/Kg","1,15 €/Kg"
Papel Fotocópia A4 |80g,Navigator,,"2,19 €","109,50 €/L"
Oikos morango 110g x4,Danone,Embalagem de 440g,"2,99 €","6,80 €/Kg"
Abrasivo sanitário gel pinho,PorSi,embalagem de 1 litro,"0,99 €","0,99 €/L"
Pepperoni Rodelas,Porminho,Embalagem 2 x 75 g,"3,35 €","22,33 €/Kg"
Azeite virgem extra clássico,Gallo,Garrafa de 750 ml,"3,19 €","4,25 €/L"
Arbre magique black pine,Arbre Magique,1 unidade,"1,99 €","1,99 €/Unidade"
Bebida de Arroz,PorSi Viva Bem,1 l,"1,39 €","1,39 €/L"
Detergente para loiça plus + limão,Super Pop,Embalagem de 1L,"0,99 €","1,98 €/L"
Tostas suecas integrais,PorSi,Embalagem de 225 g,"0,69 €","3,07 €/Kg"
Leite Hidratante Delicadeza de Aveia,Ultra Suave,Embalagem de 400 ml,"11,23 €/L","11,23 €/L"
Refrigerante c/ gás de laranja zero,Fanta,"Garrafa de 1,5 l","0,40 €/L","0,40 €/L"
Bebida de soja sem acucar 1l,Alpro,Embalagem de 1L,"2,49 €","2,49 €/L"
Detergente manual de roupa,Omo,Embalagem de 540g,"8,99 €","44,95 €/L"
Ambientador vela maçã e canela,PorSi,1 unidade,"9,49 €","45,19 €/Kg"
Amendoim com Casca,PorSi,Embalagem de 500g,"0,79 €","3,95 €/Kg"
"Sopa gourmet, cogumelos",Knorr,Embalagem de 60g,"0,84 €","13,55 €/Kg"
Sumo 100% laranja,PorSi,Pack 3 x 200 ml,"1,09 €","0,73 €/L"
Sublinhador Brite Liner - 3+1,Bic,1 unidade,"3,29 €","3,29 €/Unidade"
Moinho 5 pimentas em grão,PorSi,Frasco com 40 g,"2,29 €","30,53 €/Kg"
Vinho Regional de Lisboa Branco,Mundus,"Garrafa de 0,75L","2,29 €","3,05 €/L"
Mega bolsa com 60 peças sortidas,Mega Bloks,1 unidade,"10,99 €/Unidade","10,99 €/Unidade"
"Anti-calcário em pó, máquina roupa",PorSi,Embalagem de 800g,"10,99 €","52,33 €/Kg"
Tequila especial rosado,J.CUERVO,Garrafa de 700 ml,"17,49 €","24,99 €/L"
Rocher t8 100g,Ferrero Rocher,Embalagem de 100g,"1,84 €","36,80 €/Kg"
Croissant Brioche com chocolate,Pastelaria do Dia,1 un = 100 g (aprox.),"0,30 €/Unidade","0,30 €/Unidade"
Pasta dentífrica 1 2 3,Oral B,Embalagem de 75 ml,"2,39 €","31,87 €/L"
Café moagem universal brasil,Delta,Embalagem de 220g,"9,16 €/Kg","9,16 €/Kg"
Cerveja c/ álcool mini,Super Bock,Pack 15 x 0.20 L,"1,99 €/L","1,99 €/L"
3 Pipetas de Repelente p/ Gato,Repul'7,1 unidade,"1,19 €","0,24 €/Kg"
Massa de cotovelinhos,Nacional,Embalagem de 500g,"0,89 €","1,78 €/Kg"
Queijo Cabra Curado Rústico com pimentão,Palhais,Vendido ao peso a partir de 250 gr,"4,75 €","18,99 €/Kg"
Gambão 20/30,Marisco Congelado,Vendido a partir de 250 (aprox.),"2,00 €","7,99 €/Kg"
Detergente Líquido Máquina Roupa Lavanda,Xau,Embalagem com 62 doses,"13,99 €","3,29 €/L"
10 saquetas infusão de camomila,Lipton,Embalagem de 10g,"0,99 €","76,15 €/Kg"
Farinha láctea 5 frutos,PorSi,Embalagem de 500g,"4,49 €","4,49 €/Kg"
Sidra frutos vermelhos,Somersby,pack 4 x 0.33 l,"1,59 €","3,18 €/L"
Azeite virgem extra clássico,Gallo,Garrafa de 250 ml,"3,19 €","4,25 €/L"
Estojo de maquilhagem Urban Style,Clementoni,1 unidade,"10,99 €/Unidade","10,99 €/Unidade"
Danette caramel 125g p4,Danone,Embalagem de 4 x 125 g,"1,19 €","2,59 €/Kg"
Açúcar mascavado,PorSi,Embalagem de 500g,"1,49 €","1,49 €/Kg"
Moscatel de Douro Reserva,Favaios,Garrafa de 0.75 l,"5,99 €","7,99 €/L"
"Frigideira anti-aderente, 20cm",PorSi,1 unidade,"12,99 €","12,99 €/Unidade"
Tubo de Confetis 30cm,*,1 un.,"0,59 €","0,59 €/Unidade"
Alimento seco p/ cão raça pequena,PorSi Select,Embalagem de 3kg,"1,15 €/Kg","1,15 €/Kg"
Café Qalidus XXL,Delta Q,Embalagem com 60 cápsulas,"14,89 €","43,79 €/Kg"
Tablete triple caramelo,Milka,Embalagem de 90g,"5,30 €/Kg","5,30 €/Kg"
Ketchup,Calve,Embalagem de 280g,"0,70 €","2,33 €/Kg"
Azeite virgem extra dop trás-os-montes,PorSi Select,Embalagem 750 ml,"3,19 €","4,25 €/L"
Soft 3 Funções,Nenuco,1 unidade,"18,99 €","18,99 €/Unidade"
"Ração para gato adulto com vaca, frango",Friskies,Embalagem de 4kg,"12,99 €","4,33 €/Kg"
Café solúvel creme,Delta,Embalagem de 80 g,"14,50 €/Kg","14,50 €/Kg"
Mortadela de peru,PorSi,1 un = 150 gr (aprox.),"1,05 €","6,99 €/Kg"
Bebida energética a-zero,Monster,Garrafa de 500 ml,"5,39 €","5,39 €/L"
Spray bolor e sujidade,Cillitbang,Garrafa de 500 ml,"1,19 €","0,79 €/L"
"Tiras limpa poros faciais, 6unidades",Labell,1 embalagem,"6,84 €","34,20 €/L"
Infusão de tília,Tetley,Embalagem de 10g,"0,99 €","76,15 €/Kg"
Painho de Sousel,PorSi,"Vendido ao peso, fatiado a partir de 100 gr","2,79 €","13,95 €/Kg"
Estojo de maquilhagem Fairy Style,Clementoni,1 unidade,"10,99 €/Unidade","10,99 €/Unidade"
Vinho regional lisboa reserva tinto,Marginal,Garrafa de 0.75 l,"4,99 €","6,65 €/L"
Infusão alcachofra e dente de leão,Cemporcent,Embalagem de 10 unidades,"0,99 €","76,15 €/Kg"
Alimento lácteo cereais e bolachas maria +6 meses,Yogolino,Embalagem de 4 x 100 g,"2,89 €","7,23 €/Kg"
Pimento Vermelho,Legumes do Dia,1 un=250 gr (aprox.),"0,87 €","3,49 €/Kg"
Bolachas waffers morango,PorSi,Embalagem de 210g,"0,98 €","4,67 €/Kg"
Tablete chocolate chips ahoy,Milka,Embalagem de 100g,"5,30 €/Kg","5,30 €/Kg"
Mistura solúvel mokambo,Nestle,Embalagem de 200g,"2,29 €","11,45 €/Kg"
Piccolinis frankfurt,Buitoni,Embalagem de 270g,"2,16 €","6,17 €/Kg"
Super Napolitana Creme 125 g,Pastelaria do Dia,1 un = 125 g (aprox.),"0,30 €/Unidade","0,30 €/Unidade"
Filetes primavera sementes de quinoa,Iglo,Embalagem de 250 g,"1,91 €","4,78 €/Kg"
Pensos higiénicos liberty normal sem abas,Evax,Embalagem com 12 un.,"4,99 €","4,99 €/Unidade"
Sobremesa tiramisú,Páturages,Embalagem de 4 x 80 g,"2,70 €","8,44 €/Kg"
Nuggets de frango grelhadinho,Capitão Iglo,Embalagem de 200g,"9,30 €/Kg","9,30 €/Kg"
Amaciador concentrado para roupa aloé vera,PorSi,80 doses,"3,99 €","3,99 €/Unidade"
Barra s.k frutos vermelhos,Kellogg's,Embalagem de 130g,"3,45 €","26,54 €/Kg"
Bolo de chocolate brownie,Milka,Embalagem de 150g,"1,69 €","8,45 €/L"
Filetes primavera cereais de espelta,Iglo,Embalagem de 250 g,"1,91 €","4,78 €/Kg"
Bambolitos pretos,PorSi,Embalagem de 150g,"0,79 €","5,27 €/Kg"
"Cera acrílica, madeira",PorSi,Embalagem de 750 ml,"2,29 €","2,29 €/L"
Farinha de trigo integral,Cemporcent,Embalagem de 500g,"3,99 €","26,60 €/Kg"
Pizza hawai,PorSi,Embalagem de 350g,"2,16 €","6,17 €/Kg"
Salmão Fumado da Noruega,PorSi,Embalagem de 100 g,"3,35 €","22,33 €/Kg"
Vmt reg alentejano 0.75l,T.xisto,Garrafa de 750 ml,"2,89 €","3,85 €/L"
Creme proteção de gengivas,Polident,Embalagem de 40 g,"7,39 €","105,57 €/Kg"
"Lixívia para roupa, azul, tradicional",Neoblanc,Embalagem de 1 l,"1,74 €","0,35 €/L"
Fruta para bebé 4 frutas +4 meses,Nestle,Embalagem de 90g,"0,74 €","8,22 €/Kg"
Vinho branco,Enc.bairro,Bag-in-box de 5L,"8,59 €","1,72 €/L"
Atum posta em azeite,Bom petisc,Embalagem de 120 g,"9,08 €/Kg","9,08 €/Kg"
Esponja limpa camurça,PorSi,1 unidade,"2,89 €","14,45 €/L"
Óleo de cedro,Mistolin,Embalagem de 360 ml,"1,39 €","1,26 €/L"
Lava tudo antibacteriano marinho,PorSi,Garrafa de 1.5 l,"0,99 €","0,50 €/L"
Boneca Pediatra,Steffi Love,1 unidade,"14,99 €/Unidade","14,99 €/Unidade"
Luvas Universal Pequeno/Médio,Vileda,1 unidade,"2,40 €","2,40 €/Unidade"
Esparregado de espinafres sem lactose,PorSi Viva Bem,Embalagem de 360 g,"3,99 €","11,40 €/Kg"
Cogumelos inteiros,PorSi,Embalagem de 355 g,"1,79 €","2,29 €/Kg"
Gressinos com azeite,PorSi,Embalagem de 250g,"0,69 €","3,07 €/Kg"
Chá preto,Tetley,Embalagem de 20g,"1,69 €","56,33 €/Kg"
Cerveja 0.0%,Sagres,Lata 0.33 l,"5,99 €","3,03 €/L"
50 nuggets de frango,Capitão Iglo,Embalagem de 1042g,"2,79 €","8,72 €/Kg"
Queque,PorSi,1 unidade = 55 g,"0,30 €/Unidade","0,30 €/Unidade"
Refrigerante com gás de laranja,Sumol,"Garrafa de 1,25 l","0,40 €/L","0,40 €/L"
Salada Vega,Florette,1 Embalagem 200G,"1,80 €","4,49 €/Kg"
Hortelã,Vitacress,embalagem de 40 g,"1,09 €","36,33 €/Kg"
"Sacos para gelo, fecho facil",Fino,1 embalagem de 240 unidades,"1,11 €","1,11 €/Unidade"
Bolachas galettes bretonnes,Chabrior,Embalagem de 125 g,"1,69 €","6,76 €/Kg"
Maçã Granny Smith 75/80,Programa Origens,1 un = 180 gr (aprox.),"0,36 €","1,99 €/Kg"
Caramelos de fruta,Penha,Embalagem de 250 g,"1,10 €","4,40 €/Kg"
Porto tawny,Ferreira,Garrafa de 750 ml,"6,29 €","8,39 €/L"
Spray lixívia e higiene,Cillitbang,Garrafa de 500 ml,"1,19 €","0,79 €/L"
Doce arando e mirtilo,ST.DALFOUR,Frasco de 284g,"4,39 €","15,46 €/Kg"
Toping chocolate milka,Royal,Embalagem de 300g,"1,29 €","3,23 €/Kg"
Feijão encarnado em frasco,PorSi,frasco de 540 g,"1,79 €","2,29 €/Kg"
Sumo s/ gás manga/cenoura,Santal,"Garrafa de 1,5 l","1,90 €","1,27 €/L"
Formas de alumínio redondas 55 ml,PorSi,20 unidades,"0,90 €","0,90 €/Unidade"
Concentrado de frutas tropicais,Sunquick,Garrafa de 700 ml,"4,89 €","6,61 €/L"
"Óleo Spray Seco, SPF30",Cabana Sun,Embalagem de 200 ml,"14,99 €","299,80 €/L"
Detergente em gel máquina lavar roupa universal,Persil,85 doses,"13,99 €","3,29 €/L"
Miolo de amêndoa sem pele inteira,PorSi,200 g,"0,79 €","3,95 €/Kg"
Fio dentário fluór+menta 50m,Labell,1 unidade,"3,49 €","3,49 €/Unidade"
"Caramelos de fruta, morango single",Sugus,Embalagem de 50g,"1,10 €","4,40 €/Kg"
"Atum em posta, em azeite",General,Embalagem de 110g,"9,08 €/Kg","9,08 €/Kg"
Toucinho fumado extra,PorSi,Embalagem de 200 g,"1,45 €","18,13 €/Kg"
Aperitivos 3d's cones,3d's,Embalagem de 90g,"0,79 €","7,90 €/Kg"
Esfregona premium 2 em 1 completa,Vileda,1 un.,"0,89 €","0,89 €/Unidade"
Folhado de salsicha,PorSi,Embalagem de 6x60 g,"2,99 €","9,97 €/Kg"
Lava Tudo Perfumado Herbal,PorSi,Embalagem de 2 l,"0,99 €","0,50 €/L"
As minhas primeiras receitas - refeição esparguete c...,Nestle,Embalagem de 190g,"1,89 €","9,95 €/Kg"
Gelado carte d'or tarte limão merengue,Olá,Embalagem de 900 ml,"5,49 €","6,10 €/L"
Pão branco fatias sem glúten,Schar,Embalagem de 250g,"2,99 €","7,97 €/Kg"
Lixívia WC Gel Higienizante,Neoblanc,Embalagem de 700ml,"2,59 €","1,30 €/L"
Snack para gato crispies salmão e truta,Felix,Embalagem de 50g,"1,89 €","31,50 €/Kg"
"Croissants com recheio de cacau, 5 unidades",Dulcesol,Embalagem de 230g,"2,05 €","5,13 €/Kg"
Robô Snakebot,Clementoni,1 un.,"9,99 €/Unidade","9,99 €/Unidade"
Saqueta de puré de fruta | maçã + manga + pêssego,PorSi,90 g,"0,74 €","8,22 €/Kg"
Chocolates maltesers,MALTESERS,Embalagem de 90g,"1,05 €","21,00 €/Kg"
Tablete de chocolate culinário 70% negro,PorSi,Embalagem de 200 g,"1,04 €","8,32 €/Kg"
Cabo de madeira com rosca,PorSi,1.20 m,"2,20 €","2,20 €/Unidade"
Areia para gato,Catsan,Embalagem com 10 litros,"1,19 €","0,24 €/Kg"
Chispalhada,PorSi,Embalagem de 420 g,"2,19 €","5,21 €/Kg"
"Pasta dentífrica, proteção branqueador",Labell,Embalagem de 75 ml,"2,39 €","31,87 €/L"
Vela com número nº 0,PorSi,1 unidade,"0,60 €","0,60 €/Unidade"
Inseticida vaporizador,Biokill,Embalagem de 375 ml,"5,09 €","8,48 €/L"
Esfregona tiras completa,PorSi,1 unidade,"0,79 €","0,79 €/Unidade"
Caldo carne 16 cubos,Knorr,Embalagem de 160g,"3,84 €","24,00 €/Kg"
Arroz brajma,Cigala,Embalagem de 1 kg,"0,99 €","0,99 €/Kg"
Vinho do porto lágrima branco,R.pinto,Garrafa de 750 ml,"11,99 €","15,99 €/L"
Aguadente vinica velha,Património,Garrafa de 0.70 l,"12,79 €","18,27 €/L"
Digestivo limão,Eno,Embalagem de 10 unidades,"14,99 €","37,48 €/Kg"
Ração seca para gatinhos frango e legumes,PorSi,Embalagem de 2 kg,"12,99 €","4,33 €/Kg"
Nata uht carbonara,Parmalat,Embalagem de 200 ml,"1,12 €","5,60 €/L"
Café grão bio,PorSi Bio,Embalagem de 250g,"9,16 €/Kg","9,16 €/Kg"
"Creme revitalizante, noite",L'oreal,Embalagem de 50 ml,"2,99 €","59,80 €/L"
Dobrada com feijão,Nobre,Embalagem de 420g,"2,19 €","5,21 €/Kg"
Snack para gato original,Felix,Embalagem de 60g,"1,89 €","31,50 €/Kg"
Recarga Esfregona de Algodão,PorSi,1 unidade,"0,89 €","0,89 €/Unidade"
Água s/ gás frutos vermelhos,Luso,Garrafa de 1 l,"1,04 €","0,17 €/L"
Abóbora Menina embalada Programa Origens,PorSi,1 un = 750 aprox,"0,13 €","1,27 €/Kg"
Contact Ceys,Ceys,1 unidade,"3,19 €","3,19 €/Unidade"
Chá de menta e eucalipto,Lipton,20 saquetas,"1,19 €","59,50 €/Kg"
Ração para gato adulto crunchy & tender com salmão,Friskies,"Embalagem de 1,5 kg","12,99 €","4,33 €/Kg"
Leite e cereais pijama +6 meses,Cerelac,Garrafa de 400 ml,"4,49 €","4,49 €/Kg"
8 hamburguers s/ glúten vaca,Capitão Iglo,Embalagem de 640g,"2,79 €","8,72 €/Kg"
Queijo fundido palitos,A Vaca Que Ri,Embalagem de 35g,"0,82 €","23,43 €/Kg"
Peito peru forno lenha fatias finas,Campofrio,Embalagem de 120g,"1,44 €","9,59 €/Kg"
Cheeseburger Vaca,Snock,Embalagem de 100 g,"1,89 €","18,90 €/Kg"
Vinho Verde Loureiro Branco,Aveleda,Garrafa de 0.75 l,"3,09 €","3,09 €/L"
Néctar pera,PorSi,Embalagem de 1 l,"0,99 €","0,99 €/L"
Whisky heritage blend,Logan,Garrafa de 700 ml,"90,99 €","129,99 €/L"
Tablete de chocolate negro,Nestle,Embalagem de 100 g,"0,99 €","4,95 €/Kg"
Pilhas recarregáveis C HR14 2600mAh,Domédia,Embalagem com 2 unidades,"1,99 €","1,99 €/Unidade"
Super Napolitana de Chocolate,Pastelaria do Dia,1 un = 120 g (aprox.),"0,30 €/Unidade","0,30 €/Unidade"
Bloco Sanitário Poder Activo Pinho,Sonasol,Embalagem de 50 g,"2,99 €","74,75 €/Kg"
Massa de macarrão grande estriado,PorSi,Embalagem de 500g,"0,89 €","1,78 €/Kg"
Cerveja com álcool,Corona,"Embalagem de 6x0,355L","1,99 €/L","1,99 €/L"
Chocolate culinário branco,Pantagruel,Embalagem de 200g,"1,04 €","8,32 €/Kg"
Alimento lácteo cereais e baunilha +6 meses,Yogolino,Embalagem de 4 x 100 g,"2,89 €","7,23 €/Kg"
Fralda cueca T6 - 16 a 22 kg,PorSi,18 unidades,"8,49 €","8,49 €/Unidade"
Vinho do porto dona antónia reserva branco,Ferreira,Garrafa de 0.75 l,"11,99 €","15,99 €/L"
Folhado de Maçã,*,1 unidade= 100 g,"0,30 €/Unidade","0,30 €/Unidade"
Clementina,Programa Origens,,"0,70 €","6,99 €/Kg"
Papa infantil láctea maçã +6 meses,Cerelac,Embalagem de 250g,"4,49 €","4,49 €/Kg"
Desodorizante e desinfetante para calçado,Sanytol,Embalagem de 150 ml,"5,29 €","35,27 €/L"
Gelatina pronta a comer light 10 kcal melancia,Royal,Embalagem de 4 x 100 g,"1,14 €","8,77 €/Kg"
Cogumelos laminados 1/2,PorSi,Embalagem de 355 g,"1,79 €","2,29 €/Kg"
Detergente líquido máquina de lavar roupa cores escu...,Woolite,56 doses,"13,99 €","3,29 €/L"
Sobremesa danette duo baunilha e chocolate,Danone,Embalagem de 4 x 125 ml,"1,19 €","2,59 €/Kg"
Biscoitos canudinho simples,PorSi,Embalagem de 300g,"2,82 €","9,40 €/Kg"
Costeleta do lombo de porco,PorSi,Embalagem de 1 kg,"2,49 €","12,45 €/Kg"
Refrigerante c/ gás light,Coca-Cola,pack 6 x 0.33 l,"0,40 €/L","0,40 €/L"
Iogurte líquido tutti-frutti,Danone,Embalagem de 4 x 155 g,"1,17 €","1,83 €/Kg"
Bolachas dinossauros dinoovos,Artiach,Embalagem de 140g,"3,49 €","19,39 €/Kg"
Areia para gatos aglomerante compacta perfumada,PorSi,Embalagem de 4 kg,"1,19 €","0,24 €/Kg"
Alimento lácteo morango +8 meses,Yogolino,Embalagem de 4 x 100 g,"2,89 €","7,23 €/Kg"
Molho piri piri,Macarico,Embalagem de 200g,"0,70 €","2,33 €/Kg"
Moscatel de setúbal,Selecção de Enófilos,"Garrafa de 0,75 l","5,99 €","7,99 €/L"
Esfregão esponja ergonómico salva unhas,PorSi,Embalagem de 2 unidades,"0,79 €","0,79 €/Unidade"
Bolachas cream cracker sesamo,Vieira,Embalagem de 186 g,"0,39 €","3,12 €/Kg"
Árvore de Natal,*,Dim.: 150cm,"24,99 €/Unidade","24,99 €/Unidade"
"Cerveja com álcool, lata",Super Bock,Garrafa de 500 ml,"1,99 €/L","1,99 €/L"
Aperitivos tex mex,Doritos,Embalagem de 120g,"0,79 €","7,90 €/Kg"
Detergente pastilhas p/ máquina loiça oxyplus,Super Pop,Embalagem de 45 unidades,"1,49 €","5,96 €/L"
Creme de dia para pele seca,Labell,Embalagem de 50 ml,"2,99 €","59,80 €/L"
Manga em calda,It.saveurs,Embalagem de 250g,"1,99 €","2,37 €/Kg"
Cerveja c/ álcool,Super Bock,Pack 15 X 0. 33L,"1,99 €/L","1,99 €/L"
Leite de coco,PorSi,Embalagem de 400 ml,"3,84 €","24,00 €/Kg"
12 Preservativos Adapta Finíssimo,Control,,"4,49 €","4,49 €/Unidade"
Vinho branco península de setúbal,Periquita,Garrafa de 0.75 l,"8,59 €","11,45 €/L"
Bolachas waffers baunilha,PorSi,Embalagem de 210g,"0,98 €","4,67 €/Kg"
"Coloração permanente, caramelo avelã, nº 6.41",Excellence,1 unidade,"9,49 €/Unidade","9,49 €/Unidade"
Pickles em vinagre,PorSi,Embalagem de 200 g,"1,79 €","2,29 €/Kg"
"Escova dentes, slim soft, média",Colgate,1 unidade,"3,54 €","3,54 €/Unidade"
Queijo Curado Amanteigado,Quinta do Convento,Vendido ao peso a partir de 250 g,"3,35 €","13,39 €/Kg"
Creme de coco,Koala,Garrafa de 165 ml,"1,09 €","2,75 €/Kg"
Húngaros,PorSi,Embalagem de 270G,"0,69 €","3,45 €/Kg"
Filetes primavera limão,Iglo,Embalagem de 230g,"1,91 €","4,78 €/Kg"
6 Salsichas de porco,Nobre,Lata de 120g,"0,75 €","3,75 €/Kg"
Amaciador Roupa lavanda,PorSi,Embalagem de 60 doses,"3,99 €","3,99 €/Unidade"
"Sumo natural, mix frutos vermelhos",SONATURAL,Garrafa de 250 ml,"1,09 €","0,73 €/L"
Biscoitos integrais aveia e cacau,PorSi Viva Bem,Embalagem de 150g,"1,45 €","11,15 €/Kg"
Pano Suave C/ Microfibras,Vileda,2 + 1 Un. Grátis,"1,64 €","1,64 €/Unidade"
Gronola de aveia arandos/sementes,Nestle,Embalagem de 300g,"3,45 €","26,74 €/Kg"
Açúcar em saquetas,PorSi,Embalagem 1K,"1,49 €","1,49 €/Kg"
"Inseticida recarga, elétrico, 45 noites",Raid,1 unidade,"6,39 €","6,39 €/Unidade"
Leite de limpeza age perfect,L'oreal,Embalagem de 200 ml,"6,84 €","34,20 €/L"
Farinha para pão rústico,Nacional,Embalagem de 1 kg,"1,99 €","1,99 €/Kg"
Bule | cap.: 53 cl,Servotel,1 un.,"11,90 €","11,90 €/Unidade"
Forma de papel para bolos 6. 8cm,PorSi,Embalagem com 60 unidades,"0,90 €","0,90 €/Unidade"
Refeição caseira almôndegas,Nobre,Embalagem de 420g,"2,19 €","5,21 €/Kg"
Receita caseira de bolonhesa,Nobre,Embalagem de 420g,"2,19 €","5,21 €/Kg"
Bolacha maria dourada,PorSi,Embalagem de 800g,"2,11 €/Kg","2,11 €/Kg"
Inseticida moscas e mosquitos,Dum Dum,Garrafa de 300 ml,"5,09 €","8,48 €/L"
"Fraldas Dry Fit, 2-5kg - Tamanho 1",Chicco,Embalagem de 27 unidades,"6,49 €","6,49 €/Unidade"
Arroz Thai Jasmim,PorSi,1 kg,"0,99 €","0,99 €/Kg"
12 nuggets frango polme americano,Capitão Iglo,Embalagem de 220g,"3,53 €","8,83 €/Kg"
Gomas ositos de oro,Haribo,Embalagem de 100g,"1,09 €","10,90 €/Kg"
Preparado para pão de ló,Branca de Neve,Embalagem de 440g,"1,69 €","8,45 €/L"
Argolas Romana,PorSi,Embalagem de 400 g,"2,99 €","9,97 €/Kg"
Chourição Extra Fatiado,Porminho,Embalagem de 80g,"1,35 €","16,88 €/Kg"
Tablete chocolate de iogurte morango,Milka,Embalagem de 100g,"5,30 €/Kg","5,30 €/Kg"
Cerveja,Kings Bräu,Embalagem de 10x25 cl,"1,99 €/L","1,99 €/L"
Guardanapos com riscas rosa | Dim.: 33 x 33 cm,PorSi,Embalagem com 20 unidades,"1,29 €","1,29 €/Unidade"
Queijo p/ barrar s/ lactose,Philadelph,Embalagem de 150g,"3,68 €","13,14 €/Kg"
"Tablete de chocolate, black-white",Schogetten,Embalagem de 100g,"5,30 €/Kg","5,30 €/Kg"
Aroma baunilha fr.plast.200ml,Vahine,Garrafa de 200 ml,"1,89 €","17,18 €/Kg"
Máscara fibrology,Elvive,Embalagem de 300 ml,"1,00 €","5,00 €/L"
Hambúrguer de Frango,Lusiaves,embalagem de 460 g,"3,39 €","7,37 €/Kg"
Reparador de móveis escuro,Pronto,Embalagem de 100 ml,"1,39 €","1,26 €/L"
Bolachas de manteiga,Triunfo,Embalagem de 170g,"1,69 €","6,76 €/Kg"
Bolacha golden,Oreo,Embalagem de 154 g,"0,79 €","4,49 €/Kg"
Vinho regional tejo,Plexus,Garrafa de 750 ml,"2,29 €","3,05 €/L"
Vela com número nº 5,PorSi,1 unidade,"0,60 €","0,60 €/Unidade"
Toalhitas Activity |Recarga,Dodot,Pack: 4x54 unidades,"1,09 €/Unidade","1,09 €/Unidade"
Licor de amêndoa amarga,Produto selecionado,"Garrafa de 0,70 l","16,99 €","24,27 €/L"
Alimento seco para cão alta energia,PorSi,Embalagem de 10kg,"1,15 €/Kg","1,15 €/Kg"
Ketchup,PorSi,Embalagem de 560 g,"0,70 €","2,33 €/Kg"
Crazy Chic Panda Bailarina,Clementoni,1 unidade,"10,99 €/Unidade","10,99 €/Unidade"
Creme de amendoim cremoso 340g,Skippy,Embalagem de 340g,"4,24 €","12,47 €/Kg"
Vinho do porto dona antónia reserva tinto,Ferreira,Garrafa de 0.75 l,"10,99 €","14,65 €/L"
Arroz Carolino,Cigala,Embalagem de 1 kg,"0,99 €","0,99 €/Kg"
Amaciador concentrado para roupa jojoba,PorSi,80 doses,"3,99 €","3,99 €/Unidade"
Pêssego em calda metades,PorSi,Lata com 420 g,"1,99 €","2,37 €/Kg"
Posta pescada-do-cabo nº 5 para cozer,PorSi,Embalagem de 800 g,"4,39 €","10,98 €/Kg"
Vela com número nº 8,PorSi,1 unidade,"0,60 €","0,60 €/Unidade"
Alho moído,PorSi,Frasco com 45 g,"2,29 €","30,53 €/Kg"
Ambientador vela duo exotic baunilha,Air Wick,Embalagem de 210g,"9,49 €","45,19 €/Kg"
Muslitos do mar,Pescanova,Embalagem de 250 g,"2,19 €","8,59 €/Kg"
"Bebida láctea especial crescimento, 1-3 anos",Mimosa,Garrafa de 1 l,"0,26 €","1,30 €/L"
Chouriço Extra do Ribatejo,PorSi,200 g,"1,00 €","5,00 €/Kg"
Mel milflores,Cemporcent,Embalagem de 300g,"5,99 €","19,97 €/Kg"
Chourico vinho das beiras,PorSi,Embalagem de 280g,"1,00 €","5,00 €/Kg"
Gel Banho Excite,Axe,Embalagem de 400 ml,"5,99 €","14,98 €/L"
Capa para tábua metálica,Vileda,1 un.,"16,50 €","16,50 €/Unidade"
Spray power&shine multiusos c/ lixívia,Cif,Garrafa de 750 ml,"3,99 €","5,32 €/L"
Sumo 100% maçã,Compal,1 litro,"1,09 €","0,73 €/L"
Caldo de galinha 8 cubos,Knorr,Embalagem de 80g,"3,84 €","24,00 €/Kg"
Vinho regional alentejano tinto,Qta.carmo,Garrafa de 0.75 l,"2,89 €","3,85 €/L"
Sumo essencial de pêssego,Compal,pack 3 x 0.11 l,"2,29 €","6,94 €/L"
Óleo Cedro Spray,PorSi,Embalagem de 250 ml,"1,39 €","1,26 €/L"
Leite uht magro,Gresso,Embalagem de 1 litro,"0,78 €","0,78 €/L"
Gogo SqueeZ Snack Banana,Gogo,Embalagem de 90g,"2,29 €","6,94 €/L"
Cheeseburger de frango,Snock,Embalagem de 100 g,"1,89 €","18,90 €/Kg"
Alimento seco p/ cão sénior,HappyOne,Embalagem de 4 kg,"1,15 €/Kg","1,15 €/Kg"
"Pastilhas fruit, frutos silvestres",Trident,Embalagem de 15 g,"0,89 €","59,33 €/Kg"
Café torrado 5 estrelas moagem grossa,Sical,Embalagem de 250g,"9,16 €/Kg","9,16 €/Kg"
Leite de coco condensado,Koala,Embalagem de 490 g,"1,09 €","2,75 €/Kg"
Néctar ananás,Compal,pack 3 x 200 ml,"0,99 €","0,99 €/L"
Comida húmida para cão,PorSi,Embalagem de 300 g,"0,75 €","2,50 €/Kg"
Colchão Insuflável p/ 1 Pessoa,Bestway,1 un.,"9,99 €","9,99 €/Unidade"
30 douradinhos,Capitão Iglo,Embalagem de 840g,"4,39 €","10,98 €/Kg"
Lava tudo amoniacal,Sonasol,"Garrafa de 3,5 l","0,99 €","0,50 €/L"
Sacos do lixo lavanda 50 litros,PorSi,15 unidades,"1,79 €","1,79 €/Unidade"
Iogurte líquido pinacolada,PorSi,Embalagem de 4 x 160 g,"1,17 €","1,83 €/Kg"
"Óleo Spray Seco, SPF6",Cabana Sun,Embalagem de 200 ml,"14,99 €","299,80 €/L"
Cereais corn flakes,Kellogg's,Embalagem de 500g,"1,49 €","2,98 €/Kg"
Régua 20 cm,Mab,1 un.,"4,49 €","4,49 €/Unidade"
Chocolate em pó Starbucks 42% cacau,STARBUCKS,Embalagem de 330g,"5,59 €","6,99 €/Kg"
Chouriço cebola beiras,PorSi,Embalagem de 300g,"1,00 €","5,00 €/Kg"
Bolachas crackers integral,Du bois,Embalagem de 500g,"0,39 €","3,12 €/Kg"
Café dak lak vietnam moagem universal,Sical,Embalagem de 220g,"3,49 €","13,96 €/Kg"
Gomas spaghetti pica morango,Haribo,Embalagem de 80g,"1,09 €","10,90 €/Kg"
Salsicha bockwurst 5 unidades,PorSi,Embalagem de 250g,"0,75 €","3,75 €/Kg"
Snack para gato mixed grill,Felix,Embalagem de 60 g,"1,89 €","31,50 €/Kg"
Bolacha digestiva go canela,Triunfo,Embalagem de 170g,"0,98 €","3,27 €/Kg"
"Vinho DOC Bairrada, Branco",Selecção de Enófilos,Garrafa de 0.75 l,"2,49 €","3,32 €/L"
Uno cartas,Mattel,1 unidade,"9,99 €/Unidade","9,99 €/Unidade"
Farinha p/ bolos fina,Nacional,Embalagem de 1Kg,"1,99 €","1,99 €/Kg"
Reparador de móveis escuro,PorSi,Embalagem de 200 ml,"1,39 €","1,26 €/L"
100% clara de ovo líquida albumina,Prozis,Embalagem de 500g,"2,99 €","5,98 €/Kg"
Bacalhau Especial,Bacalhau da Noruega,1 un = 4 kg (aprox.),"8,73 €/Kg","8,73 €/Kg"
Mousse cabelo caracois,Labell,Embalagem de 200ml,"5,99 €","79,87 €/L"
Ambientador aerosol pure nenuco,Air Wick,Garrafa de 250 ml,"2,99 €","12,46 €/L"
Cem porcento-flocos de aveia grossos,Cemporcent,Embalagem de 400g,"2,99 €","7,97 €/Kg"
Açúcar baunilhado,Vahine,Embalagem de 40g,"1,49 €","1,49 €/Kg"
Penso de incontinência maxi,Ausonia Discreet,Embalagem de 8 un.,"5,29 €","5,29 €/Unidade"
Bloco Sanitário Poder Activo Lavanda,Sonasol,Embalagem de 2x50 g,"2,99 €","74,75 €/Kg"
Vinho rosé,Lancers,Garrafa 0.75L,"4,29 €","5,72 €/L"
Cereais crack star,PorSi,Embalagem de 375 g,"5,07 €/Kg","5,07 €/Kg"
Gelatina de ananás,PorSi,Embalagem de 170g,"0,55 €","61,11 €/Kg"
Queijo Curado Apimentado,Fonte Mourisca,Vendido ao peso a partir de 250 gr,"3,35 €","13,39 €/Kg"
Bolachas waffers chocolate,PorSi,Embalagem de 210g,"0,98 €","4,67 €/Kg"
"Pensos diários maxiplus, 30 unidades",Evax,Uma embalagem,"2,99 €","2,99 €/Unidade"
Shampo repelente p/ cão,Repul' 7,Garrafa de 200 ml,"12,03 €","60,15 €/L"
Ovos de galinha ao ar livre | Classe: M/L,Matinados,6 unidades,"2,28 €","2,28 €/Unidade"
Massa de espirais,Nacional,Embalagem de 500g,"0,89 €","1,78 €/Kg"
Hamburguers de bovino,PorSi,Embalagem de 1 kg,"2,79 €","8,72 €/Kg"
Régua 50 cm,Mab,1 un.,"4,49 €","4,49 €/Unidade"
Hamburguer de bovino,Campicarn,Embalagem de 400 g,"4,69 €","11,73 €/Kg"
Tablete de chocolate culinário branco,PorSi,Embalagem de 180 g,"1,09 €","10,90 €/Kg"
Bolachas chips ahoy,Ca!,Embalagem de 300g,"0,90 €","6,00 €/Kg"
Depilatório homem gel,Veet,Garrafa de 200 ml,"10,99 €","73,27 €/L"
Limpa vidros cristal recarga,Ajax,Embalagem de 500 ml,"3,19 €","6,38 €/L"
"Batata frita caseira, rodela",Pala-pala,Embalagem de 180g,"0,87 €","5,44 €/Kg"
Película Aderente 60M,PorSi,1 unidade,"1,11 €","1,11 €/Unidade"
Leite uht c/ chocolate,Ucal,Garrafa de 1 l,"0,26 €","1,30 €/L"
Pizza barbecue,Campofrio,Embalagem de 410g,"3,49 €","13,96 €/Kg"
Preparado p/ arroz de marisco,Pescanova,Embalagem de 500g,"2,19 €","8,59 €/Kg"
Vela com número nº 1,PorSi,1 unidade,"0,60 €","0,60 €/Unidade"
Sopa da pedra,PorSi,Embalagem de 420 g,"2,19 €","5,21 €/Kg"
Tablete de chocolate de leite,Nestle,Embalagem de 90g,"5,30 €/Kg","5,30 €/Kg"
"Coloração permanente, castanho tiramissu nº4.15",Nutrisse,1 unidade,"9,49 €/Unidade","9,49 €/Unidade"
Bolacha maria junior doces,Vieira,Embalagem de 280g,"3,49 €","19,39 €/Kg"
Martini fiero,Martini,Garrafa de 750 ml,"8,99 €","14,98 €/L"
Queijo Barra Inteiro,Alavão,"Vendido Inteiro, un=1k(aprox)","3,84 €","15,35 €/Kg"
"Borracha mini softy, pack de 3 unidades",Maped,1 embalagem,"4,29 €","4,29 €/Unidade"
Flocos de aveia,PorSi Viva Bem,Embalagem de 400g,"0,69 €","1,73 €/Kg"
Lixívia para roupa delicada,Neoblanc,Embalagem de 2 l,"2,19 €","1,10 €/L"
Pate picante 73gr.                ce *24,La piara,Embalagem de 70g,"1,19 €","13,52 €/Kg"
Bolachas de aveia,Triunfo,Embalagem de 190g,"2,82 €","9,40 €/Kg"
Lixívia Tradicional,PorSi,Embalagem de 5 l,"1,74 €","0,35 €/L"
Aguardente,Alma pura,Garrafa de 0.70 l,"12,79 €","18,27 €/L"
Patê de sardinha,PorSi,Embalagem de 65 g,"1,19 €","13,52 €/Kg"
"Espuma cabelo, hidra caracóis",Fru style,Embalagem de 200 ml,"5,99 €","79,87 €/L"
Tablete de chocolate caramel peanut,Milka,Embalagem de 280g,"4,09 €","14,82 €/Kg"
Refrigerante c/ gás,Pepsi,Pack 6 x 0.33 l,"0,40 €/L","0,40 €/L"
8 salsicha soja,Izidoro,Embalagem de 180g,"1,49 €","3,73 €/Kg"
Atum posta em óleo,Ramirez,Embalagem de 120g,"9,08 €/Kg","9,08 €/Kg"
Néctar light de laranja prisma,PorSi,Embalagem de 1 l,"0,84 €","2,55 €/L"
Café lote bocage grão,Nicola,Embalagem de 1 kg,"9,16 €/Kg","9,16 €/Kg"
Vinho rosé,C.mendes,Garrafa de 750 ml,"4,29 €","5,72 €/L"
Lambrusco bianco,*,Garrafa de 750 ml,"6,89 €","9,19 €/L"
Ambientador elétrico flor de cerejeira,Air Wick,1 unidade,"8,99 €","8,99 €/Unidade"
"Toalhitas intimas, 20 unidades",Labell,Uma embalagem,"2,99 €","2,99 €/Unidade"
Digestivo,Eno,Embalagem de 10 unidades,"14,99 €","37,48 €/Kg"
Açúcar baunilhado,Globo,Embalagem de 70g,"1,49 €","1,49 €/Kg"
Salpicão de Ponte de Lima,PorSi,Vendido ao peso a partir de 750 g,"1,35 €","16,88 €/Kg"
Café moagem universal timor,Delta,Embalagem de 220g,"9,16 €/Kg","9,16 €/Kg"
Palhinhas de papel,PorSi,25 unidades,"0,60 €","0,60 €/Unidade"
12 nuggets frango polme americano,Capitão Iglo,Embalagem de 220g,"9,30 €/Kg","9,30 €/Kg"
Guardanapos de papel reciclado,PorSi,100 unidades,"1,29 €","1,29 €/Unidade"
Iogurte natural 0%,PorSi Viva Bem,Embalagem de 6 x 125 g,"1,94 €","1,29 €/Kg"
Adoçante em pó,PorSi,250 saquetas,"6,21 €","6,21 €/Unidade"
Gin dry bombay(40º) 0.70l,Bombay,Garrafa de 700 ml,"51,70 €/L","51,70 €/L"
Amendoas trituradas 125g,Vahine,Embalagem de 130g,"1,29 €","3,23 €/Kg"
"Vela em número, nº 7",PorSi,1 unidade,"0,60 €","0,60 €/Unidade"
"Coloração, tom sobre tom, ameixa, nº316",Casting,1 unidade,"9,49 €/Unidade","9,49 €/Unidade"
Bolo de Arroz 70 g,*,,"0,30 €/Unidade","0,30 €/Unidade"
20 saquetas infusão de lúcia lima,Lipton,Embalagem de 30g,"0,99 €","26,76 €/Kg"
Rebuçados cristais de neve,PorSi,Embalagem de 250g,"1,59 €","6,36 €/Kg"
Aguardente velha vsop,Antiqua,Garrafa de 700 ml,"12,79 €","18,27 €/L"
Presunto nacos,PorSi,Embalagem de 250g,"2,79 €","13,95 €/Kg"
Trinca de arroz,PorSi,Embalagem de 5 kg,"1,15 €/Kg","1,15 €/Kg"
Esparregado de espinafres sem lactose,PorSi Viva Bem,Embalagem de 360 g,"2,09 €","5,81 €/Kg"
Torta cacau com sabor a natas,PorSi,Embalagem de 300g,"2,05 €","5,13 €/Kg"
Creme fixação para dentaduras,Polident,Embalagem de 70 g,"7,39 €","105,57 €/Kg"
Corn flakes,PorSi,Embalagem de 1 kg,"1,49 €","2,98 €/Kg"
Robô Snakebot,Clementoni,1 un.,"14,99 €/Unidade","14,99 €/Unidade"
Bandas de cera depilatória axilas peles sensíveis,Veet,embalagem com 16 unidades,"3,51 €","3,51 €/Unidade"
Lulas recheadas,Piteu,Embalagem de 120g,"9,08 €/Kg","9,08 €/Kg"
Iogurte tutti fruti,Danone,Embalagem de 12 x 100 g,"3,99 €","6,65 €/Kg"
Carrinho com boneco,Vicam,1 unidade,"18,99 €","18,99 €/Unidade"
"Queijo fresco original, 1 unidade de 200 g",Santiago,Embalagem de 200g,"1,79 €","8,95 €/Kg"
Croissant de Manteiga,PorSi,50g,"0,30 €/Unidade","0,30 €/Unidade"
Bebida de soja,Shoyce,Embalagem de 1 litro,"2,49 €","2,49 €/L"
Reparador de móveis normal,PorSi,Embalagem de 200 ml,"1,39 €","1,26 €/L"
Azeite,Oliveira da Serra,Embalagem de 750 ml,"3,19 €","4,25 €/L"
Infusão principe,Cemporcent,Embalagem de 10 unidades,"0,99 €","76,15 €/Kg"
Mix de sementes tradicional,Cemporcent,Embalagem de 250g,"1,54 €","3,08 €/Kg"
Esfregão Power Inox,Vileda,2 unidades,"0,79 €","0,79 €/Unidade"
Borracha para lápis e tinta,Domédia,1 unidade,"4,29 €","4,29 €/Unidade"
Detergente liquido loiça clássico,PorSi,Garrafa de 1 litro,"0,99 €","1,98 €/L"
Nabiças Programa Origens,PorSi,1 un = 1 kg (aprox.),"0,75 €","2,49 €/Kg"
Bebida de soja-arroz,Shoyce,Garrafa de 1 l,"1,49 €","1,49 €/L"
Limpa fornos,PorSi,500 ml,"4,49 €","5,99 €/L"
Cerveja com álcool,Sagres,Garrafa de 20 cl,"1,99 €/L","1,99 €/L"
Snack para gato seaside,Felix,Embalagem de 60g,"1,89 €","31,50 €/Kg"
Néctar vital equilibrio frutos vermelhos,Compal,Embalagem de 1 l,"0,99 €","0,99 €/L"
Gelado bomboniera,Olá,Embalagem de 140ML,"5,99 €","16,64 €/L"
Cheerios 375g,Nestle,Embalagem de 380g,"5,07 €/Kg","5,07 €/Kg"
Tonic premium indian,Fever-Tree,Garrafa de 500 ml,"5,39 €","5,39 €/L"
Óleo Performa 10W40,Galp,Embalagem de 5 l,"41,99 €","8,40 €/L"
Leite pasteurizado magro,Vigor,Garrafa de 1 l,"1,09 €","1,09 €/L"
Arroz agulha,Caçarola,Embalagem de 1 kg,"0,99 €","0,99 €/Kg"
Sangria pet,Don Simon,"Garrafa de 1,5 l","2,19 €","1,46 €/L"
Queijo Flamengo Bola,Quinta do Convento,,"3,35 €","13,39 €/Kg"
Ambientador vela duo maçã,Air Wick,Embalagem de 210g,"9,49 €","45,19 €/Kg"
Bol agua s. dose integral 186g,Vieira,Embalagem de 180g,"0,98 €","3,27 €/Kg"
Batata palha finíssima,PorSi Select,Embalagem de 180 g,"0,87 €","5,44 €/Kg"
Massa p/ pizza,Pasta dia,Embalagem de 230g,"3,49 €","13,96 €/Kg"
Brandy,Macieira,Garrafa de 1 l,"11,99 €","17,13 €/L"
Farinha p/ bolos extra fina,Nacional,Embalagem de 1 kg,"1,99 €","1,99 €/Kg"
Vinagre de vinho branco,PorSi,Garrafa de 1 l,"0,35 €","0,70 €/L"
Queijo flamengo barra,PorSi,"Vendido ao peso, fatiado a partir de 100 gr","2,62 €","10,49 €/Kg"
10 saquetas chá frutos vermelhos,Lipton,Embalagem de 10g,"1,19 €","59,50 €/Kg"
Infusão cidreira,PorSi,Embalagem de 40g,"0,99 €","76,15 €/Kg"
Lambrusco tinto,*,Garrafa de 750 ml,"2,29 €","3,05 €/L"
Sacos do lixo lavanda 30 litros,PorSi,20 sacos,"1,79 €","1,79 €/Unidade"
Bolacha com aveia,PorSi,Embalagem de 300 g,"0,98 €","3,27 €/Kg"
Conjunto Descoberta Fóssil,Jurassic World,1 un.,"9,99 €/Unidade","9,99 €/Unidade"
Infusão cidreira,Cemporcent,Embalagem de 10 unidades,"0,99 €","76,15 €/Kg"
Mini tortitas milho c/ sal,PorSi Viva Bem,Embalagem de 200g,"1,45 €","11,15 €/Kg"
Sabonete Liquido Gel Antibacteriano,Labell,Embalagem de 300 ml,"1,19 €","3,97 €/L"
"Creme de rosto de dia revitalift, laser",L'oreal,Embalagem de 50 ml,"2,99 €","59,80 €/L"
Creme de dia para pele normal,Labell,Embalagem de 50 ml,"2,99 €","59,80 €/L"
Espinafres em folhas,PorSi,Embalagem de 750 g,"1,89 €","1,89 €/Kg"
Vinagre vinho branco,PorSi,Garrafa de 500 ml,"0,35 €","0,70 €/L"
Sacos Slide & Lock,Fino,"1 embalagem 15,L x15un","1,11 €","1,11 €/Unidade"
Spray elimina odores do calçado,PorSi,embalagem de 100 ml,"5,29 €","35,27 €/L"
28 mini bolinhas bacalhau,PorSi,Embalagem de 300 g,"2,99 €","9,97 €/Kg"
Pastilha Elástica Bottle Frutos Vermelhos,Trident,Embalagem de 82 g,"0,89 €","59,33 €/Kg"
Infusão de camomila,PorSi,Embalagem de 33.7 g,"0,99 €","76,15 €/Kg"
"Hamburguers de frango, 4 x 80 g",PorSi,Embalagem de 320g,"2,79 €","8,72 €/Kg"
Arroz agulha Europa,PorSi,Embalagem de 1 kg,"0,99 €","0,99 €/Kg"
Queijo de cabra alho e ervas,Monforqueijo,180 g,"4,75 €","18,99 €/Kg"
Pão Centeio com Nozes,Garcia & Filhos,1 unidade= 400 g,"0,19 €","2,71 €/Kg"
Spray fornos e grelhadores,Cif,435 ml,"4,99 €","11,47 €/L"
Vinagre vinho branco 500ml,Cristal,Garrafa de 500 ml,"0,35 €","0,70 €/L"
Vinho tinto,Alandra,Garrafa de 750 ml,"2,99 €","3,99 €/L"
Chaleira Vidro/Inox C/ Filtro,Gratta,Cap.: 1250 ml,"7,49 €/Unidade","7,49 €/Unidade"
Bolachas starship chocolate,PorSi,Embalagem de 150g,"0,90 €","6,00 €/Kg"
Magnum amêndoa,Olá,Embalagem de 6 x 55 ml,"5,99 €","16,64 €/L"
Bebida de soja-arroz,Shoyce,Garrafa de 1 l,"2,49 €","2,49 €/L"
Cogumelos fatiados,PorSi,Embalagem de 400g,"1,89 €","1,89 €/Kg"
Salsa,Vitacress,embalagem de 40 g,"1,09 €","36,33 €/Kg"
Paio das beiras,PorSi,Embalagem de 380g,"2,79 €","13,95 €/Kg"
Vinho branco monbazillac  2012,Expertclub,Garrafa de 750 ml,"6,89 €","9,19 €/L"
Creme anti-rugas reafirmante,Diadermine,Embalagem de 50 ml,"2,99 €","59,80 €/L"
Massa bagos,PorSi,Embalagem de 250g,"0,89 €","1,78 €/Kg"
Café moagem universal portugal,Delta,Embalagem de 250g,"9,16 €/Kg","9,16 €/Kg"
Tostas de trigo,Diatosta,Embalagem de 225 g,"0,69 €","3,07 €/Kg"
Queijo de azeitão dop,Santiago,Embalagem de 240g,"4,62 €","18,49 €/Kg"
Pensos higiénicos liberty super abas,Evax,Embalagem com 10 un.,"4,99 €","4,99 €/Unidade"
Malha vegetal com Ricotta 110 g,Pastelaria do Dia,,"0,65 €","0,65 €/Unidade"
Óleo alimentar,Fula,Embalagem 3L,"3,39 €","3,39 €/L"
Comida húmida para gato esterilizado em molho com sa...,Purina One,4 x 85 g,"3,49 €","10,26 €/Kg"
"Chá preto, sem cafeína, 10 saquetas",Tetley,Embalagem de 20g,"1,69 €","56,33 €/Kg"
Côco ralado,PorSi,Embalagem de 200g,"1,29 €","3,23 €/Kg"
Tablete de chocolate leite,Nestle,Embalagem de 130g,"5,30 €/Kg","5,30 €/Kg"
Estojo de maquilhagem Fairy Style,Clementoni,1 unidade,"18,99 €","18,99 €/Unidade"
Pilhas recarregáveis D HR20 2600mAh,Domédia,Embalagem com 2 unidades,"1,99 €","1,99 €/Unidade"
Bebida láctea especial crescimento 1-3 anos,Mimosa,Embalagem de 200 ml,"0,26 €","1,30 €/L"
Bebida coco,Alpro,Embalagem de 1L,"2,49 €","2,49 €/L"
Pá + espanador,PorSi,1 conjunto,"2,20 €","2,20 €/Unidade"
Espumante bruto,Cabriz,Garrafa de 750 ml,"8,49 €","11,32 €/L"
Copo Galão,Cristal,1 unidade,"2,99 €","2,99 €/Unidade"
Creme culinário de soja,Shoyce,Garrafa de 200 ml,"1,39 €","6,95 €/L"
Espumante sem álcool para crianças,Look,Garrafa de 750 ml,"0,40 €/L","0,40 €/L"
Fruta para bebé banana maçã +4 meses,Nestle,Embalagem de 90g,"0,74 €","8,22 €/Kg"
Bolachas brownie tubo,Oreo,Embalagem de 150g,"0,79 €","4,49 €/Kg"
Veg bowls trigo sarraceno&brócolos 350g,Iglo green,Embalagem de 350g,"3,99 €","11,40 €/Kg"
Cocktail pessego,Bar Royal,Garrafa de 750 ml,"8,99 €","14,98 €/L"
Filete de anchovas estendidas,General,Embalagem de 40g,"9,08 €/Kg","9,08 €/Kg"
Vinho doc douro tinto,Tellu's,Garrafa de 750 ml,"7,49 €","9,99 €/L"
Livro Hot Wheels,Europrice,,"5,99 €/Unidade","5,99 €/Unidade"
"Cereais special k, frutos vermelhos",Kellogg's,Embalagem de 300g,"3,45 €","26,74 €/Kg"
Pão ralado crocante,ESPIGA,Embalagem de 150g,"0,55 €","2,29 €/Kg"
Vela com número nº 9,PorSi,1 unidade,"0,60 €","0,60 €/Unidade"
Folha de Alumínio,Fino,30 metros,"1,11 €","1,11 €/Unidade"
Tweens Lexi Gurl,LOL,1 unidade,"18,99 €","18,99 €/Unidade"
Batata frita lisa chips,PorSi,Embalagem de 185 g,"1,06 €","5,73 €/Kg"
16 mini croquetes de carne,PorSi,Embalagem de 290 g,"2,99 €","9,97 €/Kg"
"Néctar pêssego, prisma",PorSi,Embalagem de 1 l,"0,99 €","0,99 €/L"
Melão Amarelo,Fruta do Dia,Vendido ao peso | 1 un = 2.5 kg (aprox.),"2,99 €","2,99 €/Kg"
Sementes de linhaça dourada,PorSi Viva Bem,Embalagem de 250 g,"1,59 €","10,60 €/Kg"
Sangria branca,Don Simon,"Garrafa de 1,5 l","2,19 €","1,46 €/L"
Massa spaghetti tricolore,Milaneza,Embalagem de 500 g,"0,89 €","1,78 €/Kg"
Marmelada,PorSi,Embalagem de 900g,"1,09 €","2,42 €/Kg"
Empada de Frango 60 g,Fornada do Dia,,"0,65 €","0,65 €/Unidade"
Bailarina,Vicam,1 unidade,"18,99 €","18,99 €/Unidade"
"Gel depilatório, peles sensiveis",Labell,Embalagem de 200 ml,"10,99 €","73,27 €/L"
Jardineira,PorSi,Embalagem de 750 g,"1,89 €","1,89 €/Kg"
Paloco desfiado do pacifico,Peixe Fresco,Embalagem de 400 g,"8,73 €/Kg","8,73 €/Kg"
Sementes de linhaça,Cemporcent,Embalagem de 250G,"1,39 €","9,27 €/Kg"
Spray multiusos lavanda,Bot.origin,Garrafa de 500 ml,"1,19 €","0,79 €/L"
"Vinho bairrada, reserva, tinto",Selecção de Enófilos,Garrafa de 0.75 l,"2,49 €","3,32 €/L"
Vinho branco,Alandra,Garrafa de 750 ml,"5,54 €","7,39 €/L"
Biscoitos de canela,PorSi,Embalagem de 750g,"0,69 €","3,45 €/Kg"
Palitos redondos,PorSi,Embalagem de 250 unidades,"2,59 €","2,59 €/Unidade"
Pastéis de nata,PorSi,Embalagem de 6x60 g,"2,99 €","5,54 €/Kg"
Pastilhas de Limpeza Dentífrica Branqueadora,Polident,Embalagem com 30 unidades,"7,39 €","105,57 €/Kg"
Ketchup,PorSi,Embalagem de 300 g,"0,70 €","2,33 €/Kg"
Mistolin advanced anticalcário,Mistolin,Garrafa de 500 ml,"4,99 €","11,47 €/L"
Detergente para loiça plus + citrinos,Super Pop,Embalagem de 1L,"0,99 €","1,98 €/L"
Recarga rolo tira pelos,PorSi,1 unidade,"1,19 €","1,19 €/Unidade"
Crocantes de frango original,Iglo,Embalagem de 180g,"9,30 €/Kg","9,30 €/Kg"
Balde de Limpeza com Espremedor,PorSi,unidade,"2,50 €","2,50 €/Unidade"
Surprise 707 OMG Swag,LOL,1 unidade,"18,99 €","18,99 €/Unidade"
Cebola picada,PorSi,Embalagem de 400 g,"1,89 €","1,89 €/Kg"
Chocolate culinário em pó,Pantagruel,Embalagem de 130g,"1,04 €","8,32 €/Kg"
Refrigerante c/ gás laranja,Fanta,"Garrafa de 1,5 l","0,40 €/L","0,40 €/L"
Pilhas recarregáveis AAA HR03 1.2V 800mAh,Domédia,Embalagem com 4 unidades,"1,99 €","1,99 €/Unidade"
Arroz extra longo integral,Saludaes,Embalagem de 1 kg,"0,99 €","0,99 €/Kg"
Polvilho doce,Do Brasil,500 g,"1,99 €","1,99 €/Kg"
Sabonete leite & mel,Palmolive,Embalagem de 4x90 g,"4,49 €","12,47 €/Kg"
Tablete de chocolate de leite,PorSi Select,Embalagem de 200g,"5,30 €/Kg","5,30 €/Kg"
Soja nacos,PorSi Viva Bem,Embalagem de 400 g,"1,49 €","3,73 €/Kg"
Óleo spray seco intensificador de bronzeado SPF50,Cabana Sun,Embalagem de 200 ml,"7,09 €","35,45 €/L"
Vinho Regional de Lisboa Rosé,Mundus,"Garrafa de 0,75 l","2,29 €","3,05 €/L"
Sidra de maçã,Somersby,Lata de 500 ml,"1,59 €","3,18 €/L"
Sumo 100% ananás/uva,PorSi,Pack 3 x 200 ml,"1,09 €","0,73 €/L"
Abrasivo sanitário anti-calcário,PorSi,embalagem de 1 litro,"0,99 €","0,99 €/L"
Filetes primavera alecrim e sal marinho,Iglo,Embalagem de 230g,"1,91 €","4,78 €/Kg"
Leite com chocolate,Agros,Embalagem de 200 ml,"0,26 €","1,30 €/L"
Café solúvel sem cafeína,Nescafe,Embalagem de 20g,"14,50 €/Kg","14,50 €/Kg"
"Alimento para cão adulto bio complex, com frango",HappyOne,Embalagem de 4 kg,"1,15 €/Kg","1,15 €/Kg"
Iogurte sabor a coco,PorSi,Embalagem de 4 x 125 g,"0,69 €","1,38 €/Kg"
Patê de salmão,La piara,Embalagem de 80g,"1,19 €","13,52 €/Kg"
20 saquetas chá yellow label,Lipton,Embalagem de 30g,"1,14 €","114,00 €/Kg"
Bebida de Amêndoa,PorSi Viva Bem,1 litro,"1,49 €","1,49 €/L"
"Vela com número, nº2",PorSi,1 unidade,"0,60 €","0,60 €/Unidade"
Alimento seco para gatinhos,HappyOne,"Embalagem de 1,5 kg","12,99 €","4,33 €/Kg"
Iogurte arôma de frutos vermelhos,PorSi,Embalagem de 8x125 g,"0,69 €","1,38 €/Kg"
Biscoitos integrais aveia e cacau,PorSi Viva Bem,Embalagem de 150g,"0,69 €","3,45 €/Kg"
Água c/ gás: limão/pepino/gengibre,Frize,pack 4 x 0.25 l,"2,85 €","2,85 €/L"
Vinho do porto lágrima tinto,Ramos Pinto,"Garrafa de 0,75L","6,29 €","8,39 €/L"
Biscoito para cão strips,Purina One,Embalagem de 90g,"5,58 €/Kg","5,58 €/Kg"
Refresco em pó de morango,PorSi,Embalagem de 40g,"0,75 €","18,75 €/Kg"
Alho Francês,Legumes do Dia,1 un=300 gr (aprox.),"0,75 €","2,49 €/Kg"
Lay's gourmet corte fino,Lay's,Embalagem de 150g,"1,06 €","5,73 €/Kg"
Café moagem fina bio,PorSi Bio,Embalagem de 250g,"9,16 €/Kg","9,16 €/Kg"
20 saquetas chá noite tranquila,Lipton,Embalagem de 30g,"1,14 €","114,00 €/Kg"
Super tea immune com vitamina c,Tetley,Embalagem de 40g,"1,19 €","59,50 €/Kg"
Tortellini ricotta e espinafres,Rana,Embalagem de 250g,"3,49 €","13,96 €/Kg"
Gaspacho,PorSi,1 litro,"0,84 €","13,55 €/Kg"
Leite pasteurizado meio gordo,Vigor,Garrafa de 1 l,"1,09 €","1,09 €/L"
Comida húmida para cão de frango e legumes,PorSi,Lata de 400 g,"0,75 €","2,50 €/Kg"
Lenços faciais brancos 2 folhas,PorSi,150 unidades,"0,89 €","0,89 €/Unidade"
Que Horas São?,Clementoni,1 un.,"9,99 €/Unidade","9,99 €/Unidade"
Guardanapos com riscas azuis | Dim.: 33 x 33 cm,PorSi,Embalagem com 20 unidades,"1,29 €","1,29 €/Unidade"
8 salsichas frankfurt,Izidoro,Embalagem de 200g,"0,75 €","3,75 €/Kg"
Leite uht c/ chocolate,Ucal,Embalagem de 3 x 250 ml,"0,26 €","1,30 €/L"
Leite c/ chocolate,Gresso,Pack 4X200ml,"0,26 €","1,30 €/L"
Calculadora de Bolso HL4,Casio,1 un.,"4,49 €","4,49 €/Unidade"
"Película Aderente, 60Mt",Fino,1 unidade,"1,11 €","1,11 €/Unidade"
Sopa económica de marisco,Knorr,Embalagem de 60g,"0,84 €","13,55 €/Kg"
Preparado para crepes,Branca de Neve,Embalagem de 380g,"0,79 €","5,27 €/Kg"
Galão enriquecido em cálcio,Ucal,Embalagem de 3 x 200 ml,"0,26 €","1,30 €/L"
Maruca,Peixe Congelado,de 600g a 1kg,"1,40 €","6,98 €/Kg"
Bolacha dibus mini angry birds,Gullon,Embalagem de 250g,"3,49 €","19,39 €/Kg"
"Azeite extra virgem, azeitonas verdes",Oliveira da Serra,Garrafa de 750 ml,"3,19 €","4,25 €/L"
Toalhitas Sensitive |Recarga,Dodot,Pack: 4 x54 unidades,"1,09 €/Unidade","1,09 €/Unidade"
Folhado de Chocolate 60 g,PorSi,,"0,30 €/Unidade","0,30 €/Unidade"
Água com gás,Vimeiro,"Garrafa de 1,5 l","2,85 €","2,85 €/L"
Vinho verde branco,3 marias,Garrafa de 1 l,"3,09 €","3,09 €/L"
Tira Nódoas,Sanytol,embalagem com 450g,"10,99 €","52,33 €/Kg"
Bolachas com recheio baunilha,PorSi,Embalagem de 500g,"2,78 €/Kg","2,78 €/Kg"
Iogurte ananás 000%,PorSi Viva Bem,Embalagem de 4 x 125 g,"1,44 €","2,88 €/Kg"
Bacalhau a bras,PorSi,Embalagem de 300g,"1,91 €","4,78 €/Kg"
"Aperitivos, amendoins no forno",Matutano,Embalagem de 200g,"0,79 €","3,95 €/Kg"
Óleo Spray Bronzeado Profundo F6,Cabana Sun,Embalagem de 200 ml,"7,09 €","35,45 €/L"
Tablete de chocolate leite bubbly,Milka,Embalagem de 90g,"5,30 €/Kg","5,30 €/Kg"
"As minhas primeiras receitas - refeição batata, abób...",Nestle,Embalagem de 190g,"1,89 €","9,95 €/Kg"
Caramelos de fruta,Penha,Embalagem de 500 g,"1,10 €","4,40 €/Kg"
Lava Tudo Flores Montanha,Sonasol,1.3 l,"0,99 €","0,50 €/L"
Cappucinno,PorSi,Embalagem de 125 g,"3,19 €","25,52 €/Kg"
Escova de dentes max white média,Colgate,1 + 1 unidades,"3,54 €","3,54 €/Unidade"
Tablete chocolate creme de cacau,Milka,Embalagem de 100g,"5,30 €/Kg","5,30 €/Kg"
Massa cuscus,PorSi,Embalagem de 250g,"0,89 €","1,78 €/Kg"
Harmonique,Mermaidz,1 unidade,"14,99 €/Unidade","14,99 €/Unidade"
Mousse limpeza refresh,Labell,Embalagem com 150ml,"11,23 €/L","11,23 €/L"
Champanhe rose bruto,Delagne & Fils,"Garrafa de 0,75 l","34,99 €","46,65 €/L"
Queijo fundido original,Président,Embalagem de 250 g,"3,68 €","13,14 €/Kg"
Iogurte bio 5 sementes e mel,Páturages,Embalagem de 4 x 125 g,"1,39 €","9,59 €/Kg"
Ambientador vela odor cozinha,PorSi,1 unidade,"9,49 €","45,19 €/Kg"
"Néctar de alperce, tetra",Compal,pack 3 x 200 ml,"0,99 €","0,99 €/L"
Autocaravana de férias,Lego,1 unidade,"10,99 €/Unidade","10,99 €/Unidade"
Chocolate em pó,Canderel,Embalagem de 250g,"5,59 €","6,99 €/Kg"
Tampões Compak Pearl Regular Com Aplicador,Tampax,16 unidades,"3,99 €","3,99 €/Unidade"
Lixívia Spray Mousse Flor,Neoblanc,Embalagem de 700ml,"1,74 €","0,35 €/L"
Lixívia Spray Mousse,Neoblanc,Embalagem de 700ml,"1,74 €","0,35 €/L"
Framboesa mirtilo com xarope de milho,Cemporcent,Embalagem de 230g,"5,99 €","19,97 €/Kg"
Bolacha vitalday crocante chocolate,Gullon,Embalagem de 280g,"2,82 €","9,40 €/Kg"
Preparo para bolo de chocolate,Branca de Neve,Embalagem de 450g,"1,69 €","8,45 €/L"
Lasanha,Nacional,Embalagem de 400g,"0,89 €","1,78 €/Kg"
Cerveja c/ álcool,Sagres,pack 30 x 0.25 L,"1,99 €/L","1,99 €/L"
Rebuçados peitorais,Villa,Embalagem de 200 g,"0,77 €","3,85 €/Kg"
Loção After sun,Cabana Sun,Embalagem de 200 ml,"7,49 €","37,45 €/L"
Massa fusilli tricolor,Milaneza,Embalagem de 500g,"0,89 €","1,78 €/Kg"
Mistura para aves,Rac.zezere,Embalagem de 5 kg,"4,24 €","0,85 €/Kg"
Aguardente velha,S.domingos,Garrafa de 700 ml,"12,79 €","18,27 €/L"
"Chocolate m&m s, amendoim",M&m' s,Embalagem de 45 g,"1,05 €","21,00 €/Kg"
Infusão nº 5 emagrecimento,Cemporcent,Embalagem de 10 unidades,"0,99 €","76,15 €/Kg"
Tablete de chocolate leite/amêndoa,Nestle,Embalagem de 120g,"4,09 €","14,82 €/Kg"
Palitos super finos,PorSi,Embalagem de 85 unidades,"2,59 €","2,59 €/Unidade"
Baby Pipi Comiditas,Vicam,1 unidade,"14,99 €/Unidade","14,99 €/Unidade"
Gel de banho naturals amêndoa e leite,Palmolive,500 ml,"6,99 €","9,32 €/L"
Tortitas de arroz chocolate negro,PorSi Viva Bem,130 g,"1,45 €","11,15 €/Kg"
Refrigerante c/ gás zero,Coca-Cola,pack 4 x 1 l,"0,40 €/L","0,40 €/L"
Pano multiusos felpo,PorSi,1 unidade,"1,64 €","1,64 €/Unidade"
Gelatina de morango,Royal,Embalagem de 114g,"0,55 €","61,11 €/Kg"
"Creme de noite, age perfect",L'oreal,Embalagem de 50 ml,"2,99 €","59,80 €/L"
Batata frita lisa,PorSi,Embalagem de 90g,"1,06 €","5,73 €/Kg"
Arroz carolino,Caçarola,Embalagem de 1kg,"0,99 €","0,99 €/Kg"
"Guardanapos brancos, 33x33cm, 2 folhas",PorSi,Embalagem com 100 unidades,"1,29 €","1,29 €/Unidade"
Rebuçados de mentol,PorSi,Embalagem de 250g,"0,77 €","3,85 €/Kg"
Vinho verde branco loureiro,Q.REGAINHO,Garrafa de 0.75 l,"5,54 €","7,39 €/L"
Vinagre de sidra,PorSi,500 ml,"0,35 €","0,70 €/L"
Pá do Lixo C/ Cabo,PorSi,1 un.,"2,20 €","2,20 €/Unidade"
"Elixir bocal, menta",Labell,Embalagem de 500 ml,"5,99 €","11,98 €/L"
Cereais bio chocapic,Nestle,Embalagem de 330g,"2,99 €","5,98 €/Kg"
"Alimento para cão júnior bio complex, com frango",HappyOne,Embalagem de 4 kg,"1,15 €/Kg","1,15 €/Kg"
Cereais fitness,Nestle,Embalagem de 380g,"3,45 €","26,74 €/Kg"
Iogurte activia aveia nozes,Danone,Embalagem de 4 x 120 g,"2,79 €","6,07 €/Kg"
Alimento lácteo banana +6 meses,Yogolino,Embalagem de 4 x 100 g,"2,89 €","7,23 €/Kg"
Natas uht 3 queijos,Parmalat,Embalagem de 200 ml,"1,12 €","5,60 €/L"
Doce pessego 284g,ST.DALFOUR,Frasco de 284g,"4,39 €","15,46 €/Kg"
Mistura de cogumelos,PorSi,Embalagem de 400g,"1,89 €","1,89 €/Kg"
C surtido cuetara 420gr.              *8,Cuetara,Embalagem de 420g,"3,74 €","9,35 €/Kg"
Sacos do lixo 18 litros,PorSi,15 sacos,"1,79 €","1,79 €/Unidade"
Sultana Dourada,PorSi,Embalagem de 200g,"0,79 €","3,95 €/Kg"
20 saquetas infusão camomila,Lipton,Embalagem de 10g,"0,99 €","76,15 €/Kg"
Boneca Elsa,Frozen,1 unidade,"14,99 €/Unidade","14,99 €/Unidade"
Iogurte vidro pedaços morango,PorSi,Embalagem de 2 x 135 g,"2,99 €","6,80 €/Kg"
Tablete de chocolate leite com amêndoas,PorSi Select,200 g,"4,09 €","14,82 €/Kg"
Manteiga de amendoim crocante,Prozis,Embalagem de 500g,"4,24 €","12,47 €/Kg"
Sumo essencial manga,Compal,pack 3 x 0.11 l,"0,99 €","0,99 €/L"
Gel Styling Casual Black,Axe,Embalagem de 75 ml,"5,99 €","14,98 €/L"
Crazy Chic Atelier Unhas,Clementoni,unidade,"14,99 €/Unidade","14,99 €/Unidade"
Sumo natural de ananás bio,Cemporcent,Garrafa de 200 ml,"1,49 €","1,49 €/L"
Inseticida Aerossol Rapid Moscas e Mosquitos,Raid,1 Embalagem 600ml,"5,09 €","8,48 €/L"
Grelos,Bonduelle,Embalagem de 400 g,"1,89 €","1,89 €/Kg"
"Baton, soft rosa",Labello,Embalagem de 5 g,"2,29 €","458,00 €/Kg"
Manteiga c/ sal gourmet,Novacores,Embalagem de 250g,"2,49 €","9,96 €/Kg"
Pipoca doce para  microondas,PorSi,Embalagem de 300g,"0,79 €","7,90 €/Kg"
20 saquetas chá verde pure,Lipton,Embalagem de 30g,"0,99 €","26,76 €/Kg"
Esfregão Fibra Verde Grande XXL Gama Classic,Scotch-Brite,Embalagem de 1 unidades,"0,79 €","0,79 €/Unidade"
Caras de Bacalhau +500 gr,Bacalhau,1 un = 500 gr (aprox.),"8,73 €/Kg","8,73 €/Kg"
Mini tostas integrais super finas,PorSi,Embalagem de 100 g,"0,69 €","3,07 €/Kg"
Infusão de tília,PorSi,Embalagem de 30g,"0,99 €","76,15 €/Kg"
Vinho tinto doc dão,Cabriz,Garrafa de 0.75 l,"3,99 €","5,32 €/L"
Alimento seco p/ cão actividade intensa,PorSi,Embalagem de 4kg,"1,15 €/Kg","1,15 €/Kg"
Compota de mirtilo sem açúcar bio,Pur Natur,Embalagem de 250g,"5,99 €","19,97 €/Kg"
Mini salsichas cocktail,Nobre,lata de 180g,"0,75 €","3,75 €/Kg"
Sopa tailandesa,Knorr,embalagem com 69 g,"0,84 €","13,55 €/Kg"
Banda cera facial peles sensíveis,Veet,Embalagem de 20 unidades,"3,51 €","3,51 €/Unidade"
Cereais fitness chocolate,Nestle,Embalagem de 380g,"3,45 €","26,74 €/Kg"
Açúcar granulado,Rar,Embalagem de 1kg,"1,49 €","1,49 €/Kg"
Limpa pavimentos flutuantes,PorSi,Embalagem de 1 litro,"4,99 €","11,47 €/L"
Bucal maça natural,Andros,Embalagem de 750 g,"3,39 €","4,52 €/Kg"
Café moagem grossa bio,PorSi Bio,Embalagem de 250g,"9,16 €/Kg","9,16 €/Kg"
Lion barra cereais  25g,Nestle,Embalagem de 150g,"3,45 €","26,54 €/Kg"
Nerf Elite 2.0 Volt SD,Nerf,1 un.,"10,99 €/Unidade","10,99 €/Unidade"
Ambientador carro recarga aqua,Ambipur,1 unidade,"1,99 €","1,99 €/Unidade"
Espumoso moscato,Selecção de Enófilos,"Garrafa de 0,75 l","3,99 €","5,32 €/L"
Massa alimentícia spaghetti,Barilla,Embalagem de 500g,"1,54 €","3,08 €/Kg"
Desentupidor canos,Mr.muscle,Embalagem de 1 l,"4,49 €","5,99 €/L"
Veggie bowls bulgur & courgette 350g,Iglo green,Embalagem de 350g,"3,99 €","11,40 €/Kg"
Bolacha dibus sharkies s/ glúten,Gullon,Embalagem de 250g,"3,49 €","19,39 €/Kg"
Pilha alcalina hightech lr03x8,Domédia,1 unidade,"1,99 €","1,99 €/Unidade"
Wafers sem glúten de chocolate preto,Schar,Embalagem de 40 g,"2,69 €","17,93 €/Kg"
Infusão de menta,Tetley,Embalagem de 10g,"0,99 €","76,15 €/Kg"
Iogurte líquido dan'up milkshake straciatella,Danone,Embalagem de 4 x 155 g,"1,17 €","1,83 €/Kg"
Vinho maduro tinto,C.da eira,Garrafa de 250 ml,"0,69 €","2,76 €/L"
Farinha,Maizena,Embalagem de 400g,"1,99 €","1,99 €/Kg"
Carapau Médio Fresco,Peixe do Dia,1 un = 150 gr (aprox.),"2,95 €/Kg","2,95 €/Kg"
Açucar icing,Rar,Embalagem de 250 g,"1,49 €","1,49 €/Kg"
Lipton limão zero pet,Lipton,Garrafa de 2 l,"1,90 €","1,27 €/L"
Esoumante prosecco branco,Gancia,Garrafa de 750 ml,"3,99 €","5,32 €/L"
Aperitivos de amendoim com sal e mel,Matutano,Embalagem de 150g,"0,79 €","3,95 €/Kg"
"Refresco em pó, ananás",Tang,Embalagem de 30g,"0,75 €","18,75 €/Kg"
"Recarga ambientador eléctrico, alfazema",PorSi,Embalagem de 25 ml,"1,79 €","1,79 €/Unidade"
Queijo Curado Apimentado,Montanha,Vendido ao peso a partir de 250 gr,"3,84 €","15,35 €/Kg"
Cafe soluvel c/c 200g,Delta,Embalagem de 200g,"14,50 €/Kg","14,50 €/Kg"
Refresco pó laranja e morango,PorSi,Embalagem de 40g,"0,75 €","18,75 €/Kg"
Grão de bico,PorSi,Embalagem de 820g,"1,79 €","2,29 €/Kg"
"Bolachas chiquilin, com 2 chocolates",Artiach,Embalagem de 150g,"2,78 €/Kg","2,78 €/Kg"
"Bollitos, 8 unidades",Pasquier,Embalagem de 320 g,"2,05 €","5,13 €/Kg"
"Comida húmida para cão adulto com frango, vaca e bor...",Friskies,Embalagem de 400g,"0,75 €","2,50 €/Kg"
Bolachas oreo,Oreo,Embalagem de 440g,"0,79 €","4,49 €/Kg"
Molas plásticas,PorSi,15 unidades,"0,99 €","0,99 €/Unidade"
Pai Natal de Chocolate,PorSi,Embalagem de 60 g,"2,29 €","17,62 €/Kg"
Adoçante recarga,Canderel,Embalagem de 40g,"6,21 €","6,21 €/Unidade"
"Alimento seco para gato adulto, vaca",Whiskas,"Embalagem de 1,75 kg","12,99 €","4,33 €/Kg"
Champô nutri proteção,Labell,Embalagem de 250 ml,"5,59 €","13,98 €/L"
Papel Fotocópia A4 |80g,Navigator,,"5,99 €","5,99 €/Unidade"
"Bolachas, tubo",Oreo,Embalagem de 150g,"0,79 €","4,49 €/Kg"
Bolachas mini alfa,Nacional,Embalagem de 120g,"2,82 €","9,40 €/Kg"
Vinho Regional Lisboa Reserva Branco,Marginal,Garrafa de 0.75 l,"4,99 €","6,65 €/L"
Set Chá,Minnie,1 conjunto,"10,99 €/Unidade","10,99 €/Unidade"
Chocolate branco com recheio de avelã,Kinder,Embalagem de 160g,"2,29 €","17,62 €/Kg"
"Espumante cava bruto, reserva",Freixenet,Garrafa de 750 ml,"8,49 €","11,32 €/L"
Queijo de vaca curado light amanteigado,PorSi,+/- 550 g,"3,35 €","13,39 €/Kg"
Chá verde matcha e ginger,Lipton,Embalagem com 20 saquetas,"1,14 €","114,00 €/Kg"
Gelatina de frutos tropicais,PorSi,Embalagem 2X85G,"0,55 €","61,11 €/Kg"
Queijo em fatias,Terra Nostra,Embalagem de 400g,"5,09 €","12,73 €/Kg"
Patê atum em escabeche,La piara,Embalagem de 80g,"1,19 €","13,52 €/Kg"
"Vinagre virgem branco, spray",Paladin,Garrafa de 250 ml,"0,35 €","0,70 €/L"
"Ambientador spray, aerosol, relax zen",Glade,Embalagem de 300 ml,"2,99 €","12,46 €/L"
Infusão carqueja,Cemporcent,Embalagem de 10 unidades,"0,99 €","76,15 €/Kg"
Champô Anti-Caspa,Pantene,360 ml,"5,59 €","13,98 €/L"
Gel de Banho Silk,Dove,Embalagem de 750 ml,"6,49 €","8,65 €/L"
Corn flakes sem glúten,Schar,Embalagem de 250g,"2,29 €","6,11 €/Kg"
Açúcar granulado embalado em papel,Rar,Embalagem de 1 kg,"1,49 €","1,49 €/Kg"
Tablete de chocolate culinário negro,PorSi,Embalagem de 200 g,"1,04 €","8,32 €/Kg"
Levedura de cerveja,Cemporcent,Embalagem de 150g,"3,99 €","26,60 €/Kg"
"Papel higiénico, seda, folha tripla, 4+2 rolos",Foxy,1 embalagem,"5,89 €","5,89 €/Unidade"
Caldeirada,Bacalhau,Embalagem de 400 g,"8,73 €/Kg","8,73 €/Kg"
Iogurte sabor pêssego morango e manga,Danone,Embalagem de 8 x 120 g com 1 grátis,"0,69 €","1,38 €/Kg"
Crepe chocolate,PorSi,Embalagem de 540g,"2,99 €","5,54 €/Kg"
Escova e pente,Neo Baby,1 unidade,"5,99 €","5,99 €/Unidade"
Leite e cereais 8 cereais e mel +6 meses,Cerelac,Garrafa de 400 ml,"4,49 €","4,49 €/Kg"
Mistura solúvel c/ 20% café pó,PorSi,Embalagem de 200g,"2,29 €","11,45 €/Kg"
Vinho tinto bag-in-box,Capataz,Embalagem de 5 l,"8,59 €","1,72 €/L"
Pasta dentífrica,Couto,Embalagem de 60 ml,"2,39 €","31,87 €/L"
Algodão zig zag pré-cortado,PorSi,Embalagem de 50 g,"1,69 €","1,69 €/Unidade"
Bolachas mini prince recheadas com chocolate,PRINCE,Embalagem de 160 g,"0,79 €","5,27 €/Kg"
Pizza de bolonhesa,PorSi,Embalagem de 350g,"2,16 €","6,17 €/Kg"
"Pilha alcalina, hightech lr03x4",Domédia,1 unidade,"1,99 €","1,99 €/Unidade"
"Pensos diários, maxi, 40 unidades",Evax,Uma embalagem,"2,99 €","2,99 €/Unidade"
Molho bechamel,PorSi,Embalagem de 500 ml,"1,12 €","5,60 €/L"
Vinho regional tejo reserva tinto,Casaleiro,Garrafa de 0.75 l,"4,99 €","6,65 €/L"
Escova de Dentes Júnior,Aquafresh,1 unidade,"3,54 €","3,54 €/Unidade"
Óleo para fondue lapalisse,Lapalisse,Garrafa de 1 l,"3,39 €","3,39 €/L"
Leite creme,PorSi,Embalagem de 4x23g,"1,69 €","8,45 €/L"
Batata frita light,Lay's,Embalagem de 140g,"0,95 €","6,33 €/Kg"
Pilha alcalina classic lr6x4,Domédia,1 unidade,"1,99 €","1,99 €/Unidade"
Leite bem essencial chocolate,Mimosa,Embalagem de 200 ml,"0,26 €","1,30 €/L"
Bifinhos finíssimos picanha de porco,Izidoro,Embalagem de 200 g,"2,49 €","12,45 €/Kg"
Moscatel de setúbal,Alambre,"Garrafa de 0,75L","5,99 €","7,99 €/L"
Bolachas cream cracker,PorSi,Embalagem de 200g,"0,39 €","3,12 €/Kg"
Lasanha à bolonhesa,PorSi,Embalagem de 1 kg,"3,53 €","8,83 €/Kg"
Que Horas São?,Clementoni,1 un.,"4,99 €","4,99 €/Unidade"
Veiculo Hot wheels,Hot Wheels,1 unidade,"2,29 €","2,29 €/Unidade"
Caderno Agrafado Capa Preta |A5 Pautado,Domédia,1 unidade,"0,99 €","0,99 €/Unidade"
Gogo SqueeZ Snack Morango,Gogo,Embalagem de 4 x 90g,"2,29 €","6,94 €/L"
Creme Rosto Dia Pele Mista Antirrugas Q10 Plus,Nivea,Embalagem de 50 ml,"2,99 €","59,80 €/L"
Bicarbonato de sódio,PorSi,Embalagem de 500 g,"4,99 €","11,47 €/L"
"Creme depilatório para duche, peles sensiveis",Veet,Garrafa de 150 ml,"10,99 €","73,27 €/L"
Caramelos de fruta multisabor single,Sugus,Embalagem de 50g,"1,10 €","4,40 €/Kg"
Cola universal,Uhu,Embalagem de 20 ml,"2,19 €","109,50 €/L"
Cerveja sem álcool,Cheers,Pack 6 x 0.33 l,"5,99 €","3,03 €/L"
Condicionador cabelos loiros,Ultra Suave,Embalagem de 200 ml,"1,00 €","5,00 €/L"
Barras de cereais golden grahams,Nestle,Embalagem de 150g,"3,45 €","26,54 €/Kg"
Azeite virgem extra dop moura,PorSi Select,Embalagem de 0.75L,"3,19 €","4,25 €/L"
Nutella b-ready t.2,Nutella,Embalagem de 50g,"2,29 €","17,62 €/Kg"
"Anti-calcário, máquina roupa, gel",Calgon,"Garrafa de 1,5 l","13,99 €","3,29 €/L"
"Snack de chocolate, pack de unidade",Snickers,Embalagem de 250g,"3,59 €","14,36 €/Kg"
Dobrada de novilho,PorSi,Embalagem de 400 g,"11,99 €","14,99 €/Kg"
Bloco sanitário com suporte azul,WC Pato,Embalagem de 40 g,"2,99 €","74,75 €/Kg"
Mistura de sementes,PorSi Viva Bem,Embalagem de 200 g,"1,59 €","10,60 €/Kg"
20 saquetas chá digestão fácil,Lipton,Embalagem de 30g,"0,99 €","26,76 €/Kg"
Stevia chocolate negro,Cemporcent,Embalagem de 100g,"2,99 €","23,92 €/Kg"
Rolinhos waffletten milk,Bahlsen,Embalagem de 100g,"3,59 €","14,36 €/Kg"
Chá infusão nº3 prostal control,Cemporcent,Embalagem de 13g,"1,14 €","114,00 €/Kg"
Água s/ gás,Luso,"Garrafa de 5,4 l","1,04 €","0,17 €/L"
Farinha para bolos fina,Branca de Neve,Embalagem de 1 kg,"1,99 €","1,99 €/Kg"
"Alimento para peixe, tetra gammarus",Tetra,Embalagem de 250 ml,"4,99 €","19,96 €/L"
Frutos silvestres lata,Koala,Embalagem de 415 g,"1,99 €","2,37 €/Kg"
Mortadela mini,PorSi,Embalagem de 350g,"1,05 €","6,99 €/Kg"
Ravioli com tomate,Claude Léger,Embalagem 300G,"2,19 €","5,21 €/Kg"
Aptamil  prosyneo ha 1,Aptamil,Embalagem de 800g,"22,39 €","27,99 €/Kg"
Chá cherry love,Lipton,20 saquetas,"1,19 €","59,50 €/Kg"
Vinagre balsâmico branco,Gallo,Garrafa de 250 ml,"0,35 €","0,70 €/L"
Polvo limpo,PorSi,Embalagem de 800 g,"5,49 €","6,86 €/Kg"
Azeite virgem extra,Ouro elvas,Garrafa de 750 ml,"3,19 €","4,25 €/L"
Molho bechamel,PorSi,Embalagem de 200g,"0,70 €","2,33 €/Kg"
Crackers s/ sal superficie,GRAN PAVES,Embalagem de 560g,"0,39 €","3,12 €/Kg"
Farinheira das beiras,PorSi,Embalagem de 260G,"1,49 €","7,45 €/Kg"
Leite com chocolate,PorSi,Embalagem de 200 ml,"0,26 €","1,30 €/L"
Tónico de limpeza age perfect,L'oreal,Embalagem de 200 ml,"6,84 €","34,20 €/L"
Creme descolorante,Veet,Garrafa de 150 ml,"10,99 €","73,27 €/L"
Lixívia Denso-Activa Tradicional p/ Casa e Roupa,Neoblanc,Embalagem de 2 l,"1,74 €","0,35 €/L"
Barrinhas de  pescada panada,Pescanova,Embalagem de 1.2K,"9,30 €/Kg","9,30 €/Kg"
Pilha alcalina heightech lr6x4,Domédia,1 unidade,"1,99 €","1,99 €/Unidade"
"Alimento para cão adulto bio complex mix, com frango",HappyOne,Embalagem de 4 kg,"1,15 €/Kg","1,15 €/Kg"
Esparguete,PorSi,Embalagem de 1 kg,"0,89 €","1,78 €/Kg"
Azeite virgem extra reserva,Gallo,Garrafa de 750 ml,"3,19 €","4,25 €/L"
Gelado magnum pint amêndoas,Olá,Embalagem de 440 ml,"5,49 €","6,10 €/L"
Limpa fornos,PorSi,500 ml,"4,99 €","11,47 €/L"
"Vinho DOC Bairrada, Tinto",Selecção de Enófilos,"Garrafa de 1,5 L","2,49 €","3,32 €/L"
Café em grão,Delta,Embalagem de 250g,"9,16 €/Kg","9,16 €/Kg"
Caramelos de nata,Werthers,Embalagem de 140g,"2,75 €","11,00 €/Kg"
Vinho tinto regional setúbal,Herdade da comporta,Garrafa de 0.75 l,"8,59 €","11,45 €/L"
Gelatina zero % morango,Koala,Embalagem de 130g,"1,14 €","8,77 €/Kg"
Cachorrinho musical,Vtech Baby,1 unidade,"14,99 €/Unidade","14,99 €/Unidade"
Feijoada,PorSi,Embalagem de 420 g,"2,19 €","5,21 €/Kg"
Aditivo em pó máquina roupa branca,Vanish,Embalagem de 1.2 kg,"9,99 €","36,33 €/Kg"
Spray limpa inox,Cif,Garrafa de 440 ml,"4,99 €","11,47 €/L"
Pipetas repelente para cão,Repul' 7,Embalagem de 1 unidades,"19,99 €","19,99 €/Unidade"
Leite uht meio gordo,PorSi,Embalagem com rosca de 1 l,"0,78 €","0,78 €/L"
Papa infantil não láctea multicereais +6 meses,Cerelac,Embalagem de 250g,"4,49 €","4,49 €/Kg"
Descafeinado,Buondi,10 cápsulas,"4,39 €","43,90 €/Kg"
Tosta integral,Diatosta,Embalagem de 510 g,"1,34 €","5,96 €/Kg"
"Óleo Spray Seco, SPF20",Cabana Sun,Embalagem de 200 ml,"14,99 €","299,80 €/L"
Nectarina,Fruta do Dia,1 un = 150 gr (aprox.),"2,47 €","16,49 €/Kg"
Leite com chocolate original,Ucal,Embalagem de 18 x 250 ml,"0,26 €","1,30 €/L"
Bolacha digestiva de aveia/chocolate,Gullon,Embalagem de 430g,"0,98 €","3,27 €/Kg"
Folhado de salsichas,Pastelaria do Dia,1 unidade = 110 g,"0,65 €","0,65 €/Unidade"
Chá de maçã e canela,Tetley,Embalagem de 20g,"1,19 €","59,50 €/Kg"
Vinho do porto special reserve,Velhotes,"garrafa de 0,75 l","10,99 €","14,65 €/L"
Abrasivo sanitário pinho e eucalipto,PorSi,embalagem de 1 litro,"0,99 €","0,99 €/L"
"Cera cabelo, paste signature",Axe,Embalagem de 75 ml,"5,99 €","79,87 €/L"
Tablete de chocolate culinário branco,PorSi,Embalagem de 180 g,"1,04 €","8,32 €/Kg"
Brócolos congelados,PorSi,Embalagem de 1 kg,"1,89 €","1,89 €/Kg"
Crescido Asa Branca,Bacalhau da Noruega,1 un=1.5 Kg (aprox.),"8,73 €/Kg","8,73 €/Kg"
Lanche Misto,Pastelaria do Dia,1 unidade= 115 g,"0,65 €","0,65 €/Unidade"
Ambientador Difusor Frutos Vermelhos,PorSi,50 ml,"9,49 €","45,19 €/Kg"
Caramelos de leite,Penha,Embalagem de 250g,"2,75 €","11,00 €/Kg"
Atum filete manjericão + tomate,Tenorio,Embalagem de 120g,"9,08 €/Kg","9,08 €/Kg"
Vinho verde branco,MIRANDA,"Garrafa de 0,75 l","3,09 €","3,09 €/L"
Água com gás natural pet,P.salgadas,pack 6 x 0.33 l,"2,85 €","2,85 €/L"
Desinfetante Têxtil,Sanytol,Embalagem de 500 ml,"10,99 €","52,33 €/Kg"
Néctar ananás,PorSi,Pack 3 x 200 ml,"0,99 €","0,99 €/L"
Vinho do Porto Branco,Velhotes,"Garrafa de 0,75 l","11,99 €","15,99 €/L"
Café solúvel clássico,Nescafe,Embalagem de 200g,"14,50 €/Kg","14,50 €/Kg"
Croutons azeite e alho,PorSi,Embalagem de 150g,"0,69 €","3,07 €/Kg"
Espargos Verde,Legumes do Dia,1 un = 250 g  (aprox.),"0,75 €","2,99 €/Kg"
Refrigerante de lima-limão,Seven-up,Pack 4 x 1.25 l,"0,40 €/L","0,40 €/L"
Sidra,Kings Bräu,Pack 6 x 0.33 l,"1,59 €","3,18 €/L"
Tablete de chocolate branco,Schogetten,Embalagem de 100g,"1,09 €","10,90 €/Kg"
Vinho rosé,Mateus,Garrafa de 750 ml,"4,29 €","5,72 €/L"
Chavena c/ Asa 10Cl,Dume,1 unidade,"2,99 €","2,99 €/Unidade"
Ice tea pêssego,Lipton,Embalagem de 1L,"1,90 €","1,27 €/L"
Chuchu,Legumes do Dia,1 un = 250 gr  (aprox.),"0,75 €","2,99 €/Kg"
Queijo parmigiano 12 meses de cura,Parmareggio,150 g,"6,49 €","43,27 €/Kg"
Spray renova camurça castanha,PorSi,Embalagem de 200 ml,"2,89 €","14,45 €/L"
5 gouaches de cores primárias,Domédia,Uma embalagem,"4,29 €","4,29 €/Unidade"
Refresco em pó de laranja,Tang,Embalagem de 30g,"0,75 €","18,75 €/Kg"
Lula limpa 20/40,PorSi,Embalagem de 800 g,"5,49 €","6,86 €/Kg"
Gel Cabelo Styling Creme Cabelo,Nivea,Embalagem de 150 ml,"5,99 €","14,98 €/L"
Amaciador  p/ roupa concentrado Aromaterapia,PorSi,Embalagem com 60 doses,"3,99 €","3,99 €/Unidade"
Rhum com coco,Malibu,Garrafa de 700 ml,"17,49 €","24,99 €/L"
Maionese top down,Hellmman's,Embalagem de 238 g,"0,70 €","2,33 €/Kg"
Bolachas crackers s/ sal,Du bois,Embalagem de 500g,"0,39 €","3,12 €/Kg"
Queijo de vaca/ovelha penela,Serqueijos,Embalagem de 250 g,"3,99 €","15,96 €/Kg"
Leite condensado magro,Nestle,Embalagem de 390g,"1,09 €","2,75 €/Kg"
Ambientador eléctrico Relaxing Zen + recarga,Glade,1 unidade,"8,99 €","8,99 €/Unidade"
Arroz carolino,PorSi,Embalagem de 1 kg,"0,99 €","0,99 €/Kg"
Leite desmaquilhante para peles secas,Labell,Embalagem de 250 ml,"7,49 €","7,49 €/Unidade"
Feijão encarnado,PorSi,Embalagem de 820 g,"1,79 €","2,29 €/Kg"
Flocos de cereais com mel,PorSi,Embalagem de 750g,"2,99 €","3,99 €/Kg"
Gogo SqueeZ Snack Morango,Gogo,Embalagem de 90g,"2,29 €","6,94 €/L"
Caramelo líquido,Royal,Embalagem de 400g,"1,29 €","3,23 €/Kg"
Bloco Sanitário Poder Activo Aqua,Sonasol,Embalagem de 50 g,"2,99 €","74,75 €/Kg"
Ameijoa Castanha Vietnamita,Marisco Congelado,Venda ao Kilo,"2,00 €","7,99 €/Kg"
Gin Ten Premium,Tanqueray,Garrafa de 0.70L,"51,70 €/L","51,70 €/L"
Farelo de trigo,Cemporcent,Embalagem de 250g,"3,99 €","26,60 €/Kg"
Iogurte activia líquido morango,Danone,Embalagem de 4 x 155 g,"2,79 €","6,07 €/Kg"
Gelatina de morango,PorSi,Embalagem de 170g,"0,55 €","61,11 €/Kg"
Saco de rede para roupa,PorSi,Dim.: 30 x 25 cm,"2,70 €","2,70 €/Unidade"
Gengibre,Legumes do Dia,1 un = 100 gr (aprox.),"0,75 €","2,99 €/Kg"
Tisana de chá verde/limão light,Pleno,"Garrafa de 1,5 l","1,90 €","1,27 €/L"
Feijoada transmontana,Nobre,Embalagem de 420g,"2,19 €","5,21 €/Kg"
Adoçante com doseador,PorSi,Embalagem 100 comprimidos,"6,21 €","6,21 €/Unidade"
Leite uht magro,Mimosa,Embalagem de 200 ml,"0,78 €","0,78 €/L"
Chocolate kit kat,Kit kat,Embalagem de 130g,"3,59 €","14,36 €/Kg"
Halls Vitamina C Melancia,Halls,Embalagem de 33g,"0,77 €","3,85 €/Kg"
Açúcar mascavado claro,Rar,Embalagem de 500 g,"1,49 €","1,49 €/Kg"
Pasta dentífrica gel kids,Labell,Embalagem de 50 ml,"0,99 €","0,99 €/Unidade"
The famous grouse ruby cask 700ml/1,F.grouse,Garrafa de 700 ml,"23,49 €","23,49 €/L"
Máscara Olhos Brow Drama Medium,Maybelline,1 unidade,"7,49 €","7,49 €/Unidade"
Cem porcento-chá infusão sem barriga,Cemporcent,Embalagem de 13g,"1,14 €","114,00 €/Kg"
Palmiers,PorSi,Embalagem de 720 g,"1,69 €","6,76 €/Kg"
"Mistura de couve flor, brócolos e cenoura",PorSi,Embalagem de 1 kg,"1,89 €","1,89 €/Kg"
Dentífrico infantil frutas naturais 3 aos 5 anos,Colgate,50 ml,"0,99 €","0,99 €/Unidade"
Lava tudo amigo dos animais,Xanpa,Embalagem de 1 l,"2,59 €","1,30 €/L"
Lata de Brilho Preto,Búfalo,Embalagem de 75 ml,"2,75 €","36,67 €/L"
"Vinho branco região da península de setúbal, bag in ...",Dom Campos,Garrafa de 5 l,"9,49 €","1,90 €/L"
Bio miolo amendoa compele,PorSi Bio,Embalagem de 100g,"0,79 €","3,95 €/Kg"
"Esferográfica, 4 cores",Bic,1 unidade,"3,29 €","3,29 €/Unidade"
Bolacha recheada mega duo chocolate,Gullon,Embalagem de 500g,"2,78 €/Kg","2,78 €/Kg"
Rum anejo especial,Havana,Garrafa de 700 ml,"17,49 €","24,99 €/L"
Elixir bocal de mentol,Listerine,Embalagem de 250 ml,"5,99 €","11,98 €/L"
Sabonete líquido mel,Feno,Embalagem de 300 ml,"1,19 €","3,97 €/L"
Brandy  (36º),Macieira,Garrafa de 700 ml,"11,99 €","17,13 €/L"
Saqueta de puré de fruta | maçã + pera,PorSi,90 g,"0,74 €","8,22 €/Kg"
Vinho branco região do Dão,Dharma,Garrafa de 0.75 l,"3,99 €","5,32 €/L"
Preparado para arroz de marisco,Brasmar,Embalagem de 450 g,"1,91 €","4,78 €/Kg"
Pilha alcalina hightech lr20x2,Domédia,1 unidade,"1,99 €","1,99 €/Unidade"
Em passeio,Steffi Love,1 unidade,"18,99 €","18,99 €/Unidade"
Peito de frango fatias finas,Nobre,Embalagem de 110g,"1,44 €","9,59 €/Kg"
Nata uht para bater,Parmalat,Embalagem de 200 ml,"1,12 €","5,60 €/L"
Chourico picante beiras,PorSi,Embalagem de 290g,"1,00 €","5,00 €/Kg"
Vinho maduro branco,Casal da eira,Embalagem de 250 ml,"0,69 €","2,76 €/L"
Multi prz,Prozis,Embalagem de 1 unidades,"14,99 €","37,48 €/Kg"
Creme vegetal para barrar,PorSi,Embalagem de 500 g,"1,39 €","6,95 €/L"
Pasta dentífrica menta fresca,Aquafresh,Embalagem de 75 ml,"2,39 €","31,87 €/L"
Creme Mãos Secrets Abacate,Dove,75 ml,"1,03 €","10,30 €/L"
Leite uht gordo,Mimosa,Embalagem de 1 litro,"1,14 €","1,14 €/L"
Lambrusco rosé,Sorbello,Garrafa de 0.75 l,"2,29 €","3,05 €/L"
Vinho tinto regional peninsula de setúbal,Fonte nico,Garrafa de 750 ml,"8,59 €","11,45 €/L"
4 hamburguers frango s/ glúten,Capitão Iglo,Embalagem de 240g,"5,99 €","24,96 €/Kg"
Sumo natural de uva preta bio,Cemporcent,Garrafa de 200 ml,"1,49 €","1,49 €/L"
Gelatina pronta a comer light 10 kcal ananás,Royal,Embalagem de 4 x 100 g,"1,14 €","8,77 €/Kg"
Néctar vital equilibrio manga/laranja,Compal,Embalagem de 1 l,"0,84 €","2,55 €/L"
Batata pom'duchesse,PorSi,Embalagem de 600g,"2,39 €","3,98 €/Kg"
"Chocolate, tripack",Pintarolas,Embalagem de 70g,"1,05 €","21,00 €/Kg"
Morcela de Arroz do Fundão,PorSi,"Vendido ao peso, 1 un=200 g (aprox.)","1,49 €","7,45 €/Kg"
Chocolate single 38g,Toff.crisp,Embalagem de 40g,"3,59 €","14,36 €/Kg"
Toucinho Fumado,PorSi,fatiado a partir de 100 gr,"1,45 €","18,13 €/Kg"
Vinho branco tejo sauvignon,Fiuza,Garrafa de 750 ml,"4,99 €","6,65 €/L"
Esferográfica Cristal Ouro e Prata x2,Bic,1 unidade,"3,29 €","3,29 €/Unidade"
Soja fina,Cemporcent,Embalagem de 400g,"3,99 €","26,60 €/Kg"
Champanhe brut,Pommery,Garrafa de 0.75 l,"34,99 €","46,65 €/L"
Maionese magra em frasco,Hellmman's,Embalagem de 460g,"0,70 €","2,33 €/Kg"
Gelado viennetta morango,Olá,Embalagem de 650 ml,"5,49 €","6,10 €/L"
Azeite Virgem Extra Clássico,Gallo,Garrafa de 2 l,"3,19 €","4,25 €/L"
Queijo de ovelha curado amanteigado,Seia,Embalagem de 500g,"4,62 €","18,49 €/Kg"
Cogumelos Granel,Legumes do Dia,1 un = 200 gr (aprox.),"1,00 €","4,99 €/Kg"
Queijo fresco magro,Santiago,Embalagem de 70g,"0,79 €","11,29 €/Kg"
Papa infantil não láctea 8 cereais e mel +6 meses,Cerelac,Embalagem de 250g,"4,49 €","4,49 €/Kg"
Bolachas chiquilin ositos de mel,Artiach,Embalagem de 160g,"3,49 €","19,39 €/Kg"
Cereais estrelitas,Nestle,Embalagem de 550g,"5,07 €/Kg","5,07 €/Kg"
Bolo recheio de chocolate multipack,Chipicao,Embalagem de 230g,"2,05 €","5,13 €/Kg"
Camarão 40/60,Congelado de Aquicultura,1 un = 250 gr  (aprox.),"2,00 €","7,99 €/Kg"
Café torrado lote chávena saco,Delta,Embalagem de 250g,"9,16 €/Kg","9,16 €/Kg"
"Escova dentes, rotativa global, dura, 2 unidades",Labell,1 embalagem,"3,54 €","3,54 €/Unidade"
Batata frita light,PorSi,Embalagem de 150g,"0,95 €","6,33 €/Kg"
Guardanapos 2 folhas brancos e dourado,PorSi Select,50 unidades,"1,29 €","1,29 €/Unidade"
Lava tudo brilhante madeiras,PorSi,Embalagem de 1.1 litros,"0,99 €","0,50 €/L"
Néctar de pêssego,PorSi,Pack 3 x 200 ml,"0,99 €","0,99 €/L"
Cereais cruesli fruta,Quaker,Embalagem de 380g,"2,29 €","6,11 €/Kg"
Chá verde,Tetley,Embalagem de 20g,"0,99 €","26,76 €/Kg"
Melaço de cana,Cemporcent,Embalagem de 370g,"5,99 €","19,97 €/Kg"
Matraquilhos,Olivo,1 un.,"10,99 €/Unidade","10,99 €/Unidade"
Inseticida multi-insectos,Dum Dum,Garrafa de 400 ml,"5,09 €","8,48 €/L"
Bebida energética ripper,Monster,Garrafa de 500 ml,"5,39 €","5,39 €/L"
Elixir total proteção placa bacteriana,Colgate,500 ml,"5,99 €","11,98 €/L"
Aperitivo de anis,Ricard,Garrafa de 700 ml,"3,99 €","5,70 €/L"
"Formas de alumínio rectangulares com tampa, 600ml , ...",PorSi,Uma embalagem,"1,11 €","1,11 €/Unidade"
Champô 3 em 1 karpex,Vanish,950 ml,"4,99 €","11,47 €/L"
10 hamburguers 60% carne de bovino,PorSi,Embalagem de 1 kg,"2,79 €","8,72 €/Kg"
Gin pink,Big Boss,Garrafa de 700 ml,"51,70 €/L","51,70 €/L"
"Vinho doc loureiro, verde",Selecção de Enófilos,Garrafa de 0.75 l,"3,09 €","3,09 €/L"
Spray casa de banho brilhante,Sonasol,Embalagem de 500 ml,"0,99 €","0,50 €/L"
"Inseticida eléctrico, recarga, night&day",Raid,1 unidade,"6,39 €","6,39 €/Unidade"
Feijão branco,Compal,Lata de 410 ml,"1,79 €","2,29 €/Kg"
Chocolate negro 90% cacau bio,Cemporcent,Embalagem de 100g,"2,99 €","23,92 €/Kg"
Chocolate culinário 70% cacau,Pantagruel,Embalagem de 200g,"1,04 €","8,32 €/Kg"
Robô beats,Ycoo,1 unidade,"18,99 €","18,99 €/Unidade"
Vinho Tinto Douro Reserva,Duas Quintas,Garrafa de 750 ml,"3,09 €","3,09 €/L"
Cacau em pó,Pantagruel,Embalagem de 130g,"1,04 €","8,32 €/Kg"
Queijo Flamengo Bola,Terra Nostra,1 un = 250 gr  (aprox.),"2,62 €","10,49 €/Kg"
Salada de fruta em calda,PorSi,Lata com 820 g,"1,99 €","2,37 €/Kg"
Coentros,Vitacress,embalagem de 40 g,"1,09 €","36,33 €/Kg"
Filetes primavera receita original sem glúten 250g,Iglo,Embalagem de 250g,"9,30 €/Kg","9,30 €/Kg"
Fralda cueca T4 - 8 a 14 kg,PorSi,22 unidades,"8,49 €","8,49 €/Unidade"
Cola BricoCeys,Ceys,1 unidade,"3,19 €","3,19 €/Unidade"
"Hamburgers de porco, 4x80g",PorSi,Embalagem de 320 g,"2,79 €","8,72 €/Kg"
Palhinhas brancas em biomaterial,PorSi,Embalagem com 25 unidades,"0,60 €","0,60 €/Unidade"
Pão Alentejano,Pão do Dia,1 unidade = 400 g,"0,19 €","2,71 €/Kg"
Pasta dentífrica herbal,Colgate,Embalagem de 75 ml,"2,39 €","31,87 €/L"
Castanhas,PorSi,Embalagem de 500G,"3,29 €","4,39 €/Kg"
Creme Mãos Secrets Coco,Dove,75 ml,"1,03 €","10,30 €/L"
Fruta para bebé maçã cenoura manga +6 meses,Nestle,Embalagem de 90g,"0,74 €","8,22 €/Kg"
"Vela com número, nº 7",PorSi,1 unidade,"0,60 €","0,60 €/Unidade"
Gomas favoritos açúcar,Haribo,Embalagem de 90g,"1,09 €","10,90 €/Kg"
Bebida láctea crescimento c/ bolacha maria,Nestle,Embalagem de 1 litro,"0,26 €","1,30 €/L"
Aguardente 6 Anos,Adega Velha,"Garrafa 0,50 L","12,79 €","18,27 €/L"
Discos Sanitários Activos Aparelho Marinho,WC Pato,Embalagem de 36 ml,"2,99 €","74,75 €/Kg"
"Comida húmida para cão vaca, frango e borrego",Friskies,Embalagem de 12 x 100 g,"0,75 €","2,50 €/Kg"
Bolacha recheada mega duo cacau,Gullon,Embalagem de 500g,"2,78 €/Kg","2,78 €/Kg"
Amaciador roupa concentrado lírios e morango,PorSi,60 doses,"3,99 €","3,99 €/Unidade"
Queijo de Cabra Curado Rústico,Palhais,Vendido ao peso a partir de 250 gr,"4,75 €","18,99 €/Kg"
Polvo limpo,PorSi,Embalagem de 1 kg,"5,49 €","6,86 €/Kg"
Bacalhau espiritual,PorSi,Embalagem de 300g,"1,91 €","4,78 €/Kg"
Agrião Programa Origens,PorSi,embalagem de 170 g,"1,58 €","9,29 €/Kg"
Mistura sol sem café granulado,PorSi,Embalagem de 200g,"2,29 €","11,45 €/Kg"
20 saquetas green framboesa/romã,Lipton,Embalagem de 30g,"1,19 €","59,50 €/Kg"
Cenoura,PorSi,1 un = 100 gr  (aprox.),"0,13 €","1,27 €/Kg"
Feijão verde,PorSi,Embalagem de 750 g,"1,89 €","1,89 €/Kg"
Preparado sobremesa vegan sem lactose,Nestle,Embalagem de 370g,"1,69 €","8,45 €/L"
Fita adesiva,PorSi,5m x 1.25 cm,"1,69 €","1,69 €/Unidade"
Farinha de milho 500g,ESPIGA,Embalagem de 500g,"1,99 €","1,99 €/Kg"
Alho-francês,PorSi,Embalagem de 750 g,"1,89 €","1,89 €/Kg"
Paes de leite 10unid 350g,H.delicia,Embalagem de 350 g,"7,40 €/Kg","7,40 €/Kg"
Topping chocolate belga,Branca de neve,Embalagem de 390g,"1,29 €","3,23 €/Kg"
Mistolin tira-nódoas,Mistolin,Garrafa de 500 ml,"4,99 €","11,47 €/L"
Ração para gato júnior com frango,Purina One,Embalagem de 800 g,"12,99 €","4,33 €/Kg"
Wrap frango,Snock,Embalagem de 170g,"0,65 €","0,65 €/Unidade"
Atum posta em óleo,General,Embalagem de 110g,"9,08 €/Kg","9,08 €/Kg"
Vermute rosso,Martini,Garrafa de 0.75 l,"3,99 €","5,70 €/L"
Limpa Máquina Loiça Regular,Finish,,"1,49 €","5,96 €/L"
Nestum zero espelta/aveia,Nestum,Embalagem de 250 g,"4,49 €","4,49 €/Kg"
Pilhas recarregáveis longa duração AA HR3 1.2V 2100m...,Domédia,Embalagem com 4 unidades,"1,99 €","1,99 €/Unidade"
Feijão com dobrada,PorSi,Embalagem de 420 g,"2,19 €","5,21 €/Kg"
"Compal vital laranja, cenoura e manga",Compal,Garrafa de 200 ml,"0,99 €","0,99 €/L"
Iogurte natural,PorSi,Embalagem 12 x 125 g,"1,94 €","1,29 €/Kg"
Boneca Pediatra,Steffi Love,1 unidade,"18,99 €","18,99 €/Unidade"
Porto special reserva,Q.harris,Garrafa de 750 ml,"10,99 €","14,65 €/L"
Fósforos longos,Quinas,Embalagem com 3 unidades,"2,59 €","2,59 €/Unidade"
Rebuçados peitorais,Dr.bayard,Embalagem de 100g,"0,77 €","3,85 €/Kg"
Rebucado mentol 250g,Vieira,Embalagem de 250g,"0,77 €","3,85 €/Kg"
Moscatel favaios,Favaios,Garrafa de 750 ml,"5,99 €","7,99 €/L"
Óleo Gasolina 20w40,PorSi,Embalagem de 5 l,"41,99 €","8,40 €/L"
Lixívia com detergente,PorSi,Embalagem de 2 l,"2,59 €","1,30 €/L"
Ayam leite de coco,Ayam,Garrafa de 200 ml,"1,69 €","8,45 €/L"
Metades de pera em calda,PorSi,Lata de 820 g,"1,99 €","2,37 €/Kg"
Cereais recheados com chocolate e avelã,PorSi,Embalagem de 400g,"5,07 €/Kg","5,07 €/Kg"
Xarope grenadine,Paquito,Garrafa de 750 ml,"4,89 €","6,61 €/L"
Nestum aveia e morango,Nestum,Embalagem de 250g,"2,99 €","3,99 €/Kg"
Champanhe meio seco,Delagne & Fils,"Garrafa de 0,75 l","34,99 €","46,65 €/L"
Marcadores para colorir,Domédia,embalagem com 18 unidades,"4,29 €","4,29 €/Unidade"
"Lenços de bolso, mentol, 10 unidades",Renova,Uma embalagem de 6x10,"0,89 €","0,89 €/Unidade"
Hambúrguer mediterrânico,Cemporcent,Embalagem de 160g,"4,49 €","11,51 €/Kg"
"Acendalha branca, 32 cubos",PorSi,Uma embalagem,"0,75 €","0,75 €/Unidade"
Descafeinado em cápsulas Pianíssimo 10x5g,PorSi Select,Embalagem de 50g,"4,39 €","43,90 €/Kg"
Amendoins mix original,Matutano,Embalagem de 130g,"0,79 €","7,90 €/Kg"
"Cera acrílica, verniz",Novycera,Garrafa de 500 ml,"2,29 €","2,29 €/L"
"Pensos, 20 unidades",Hansaplast,1 embalagem,"1,69 €","1,69 €/Unidade"
Caramelos de nata,PorSi,Embalagem de 250g,"2,75 €","11,00 €/Kg"
"Tesoura de escritório, 21cm",Domédia,1 unidade,"2,19 €","109,50 €/L"
Massa folhada,Pasta dia,Embalagem de 230g,"3,49 €","13,96 €/Kg"
"Limpa vidros, azul",PorSi,Embalagem de 5 l,"1,99 €","1,99 €/L"
Farinha de centeio,Cemporcent,Embalagem de 500g,"3,99 €","26,60 €/Kg"
Rebuçados floco de neve,Vieira,Embalagem de 250g,"1,59 €","6,36 €/Kg"
Molho inglês,Savora,Garrafa de 120 ml,"0,70 €","2,33 €/Kg"
Dettol sabonete líquido Lavanda,Dettol,Garrafa de 250 ml,"1,19 €","3,97 €/L"
Creme vegetal para culinária,PorSi,Embalagem de 1 kg,"2,89 €","2,89 €/Kg"
Vinho doc dão tinto,Grao vasco,Garrafa de 750 ml,"3,99 €","5,32 €/L"
Tira nódoas em spray,Skip,Embalagem de 500 ml,"9,99 €","36,33 €/Kg"
Cereais cookie crisp,Nestle,Embalagem de 380g,"5,07 €/Kg","5,07 €/Kg"
"Toalhetes intimos protect, 15 unidades",Dystron,Uma embalagem,"2,99 €","2,99 €/Unidade"
Borracha para desenho técnico,Domédia,1 unidade,"4,29 €","4,29 €/Unidade"
Queijo de cabra curado,Seia,Embalagem de 430g,"4,75 €","18,99 €/Kg"
Pilha alcalina classic lr6x8,Domédia,1 unidade,"1,99 €","1,99 €/Unidade"
Rebuçados mentho-lyus sem açúcar,Halls,Embalagem de 31 g,"0,77 €","3,85 €/Kg"
Ambientador vela baunilha,PorSi,1 unidade,"9,49 €","45,19 €/Kg"
Azeite Virgem,Oliveira da Serra,Embalagem de 750 ml,"3,19 €","4,25 €/L"
Baguete de alho,Panike,Embalagem de 350g,"3,40 €/Kg","3,40 €/Kg"
Pilha alcalina classic lr03x4,Domédia,1 unidade,"1,99 €","1,99 €/Unidade"
Bolacha dibus sharkies s/ glúten,Gullon,Embalagem de 250g,"2,69 €","17,93 €/Kg"
Salsicha p/Churrasco Aves,Carne Sorraia,1 Embalagem 360G,"2,09 €","9,95 €/Kg"
3 Pipetas de Repelente p/ Gato,Repul'7,1 unidade,"19,99 €","19,99 €/Unidade"
Caramelos de fruta,Penha,Embalagem de 100g,"1,10 €","4,40 €/Kg"
"Tetina Silicone G. Largo, 0/6 Meses",Pommette,Embalagem de 2 unidades,"5,99 €","5,99 €/Unidade"
Iogurte bio aroma baunilha,Páturages,Embalagem de 4 x 125 g,"1,39 €","9,59 €/Kg"
Aguardente vínica velha,Alianca v.,Garrafa de 700 ml,"12,79 €","18,27 €/L"
Ambientador elétrico pure clean linen + recarga,Glade,1 unidade,"8,99 €","8,99 €/Unidade"
Vinagre de vinho tinto,Cristal,Garrafa de 500 ml,"0,35 €","0,70 €/L"
Ervilhas primavera 500g,Iglo,Embalagem de 500g,"1,89 €","1,89 €/Kg"
Batata frita rodelas,PorSi,Embalagem de 2x70g,"1,06 €","5,73 €/Kg"
Leite condensado cozido,PorSi,Embalagem de 397 g,"1,09 €","2,75 €/Kg"
Refrigerante sem gás frutos tropicais,Trina,"Garrafa de 1,5 l","1,90 €","1,27 €/L"
"Pimenta preta, moída, em frasco",PorSi,Embalagem de 43 g,"2,29 €","30,53 €/Kg"
10 Preservativos Easy Way Nature,Control,,"4,49 €","4,49 €/Unidade"
Leite seleccionado magro,Matinal,Garrafa de 1 l,"0,78 €","0,78 €/L"
Beira interior colheita 2014,Beyra,Garrafa de 0.75 l,"2,49 €","3,32 €/L"
Café torrado 5 estrelas moagem normal,Sical,Embalagem de 250g,"9,16 €/Kg","9,16 €/Kg"
Folha de alumínio,Vileda,50 metros,"1,11 €","1,11 €/Unidade"
Atum filete azeite biológico,Tenorio,Embalagem de 120g,"9,08 €/Kg","9,08 €/Kg"
Lixívia Roupa delicada,PorSi,Embalagem de 2 l,"2,19 €","1,10 €/L"
Iogurte natural açucarado,PorSi,Embalagem de 4x125g,"1,94 €","1,29 €/Kg"
Caldeirada de bacalhau,PorSi,Embalagem de 1 kg,"4,99 €","9,98 €/Kg"
Nectar multivitaminas,Paquito,Embalagem de 2 l,"0,99 €","0,99 €/L"
Leite creme,Royal,Embalagem de 90g,"0,79 €","5,27 €/Kg"
Vinho Tinto Regional Península de Setúbal,Selecção de Enófilos,750 ml,"8,59 €","11,45 €/L"
Vinho doc palmela tinto,Selecção de Enófilos,Garrafa de 0.75 l,"8,59 €","11,45 €/L"
Chá preto,Tetley,Embalagem de 30g,"1,69 €","56,33 €/Kg"
"Refeição pronta, boião de frango e arroz",Bledina,Embalagem de 200g,"1,89 €","9,95 €/Kg"
"Sumo 100%, laranja",PorSi,"Embalagem de 1,5 l","1,09 €","0,73 €/L"
Mon cheri t5 53g,Mon cheri,Embalagem de 50g,"1,84 €","36,80 €/Kg"
10 salsichas de porco em lata,PorSi,Embalagem de 250G,"0,75 €","3,75 €/Kg"
Grelo de Couve Programa Origens,PorSi,1 un = 1 kg (aprox.),"0,75 €","2,49 €/Kg"
Leite e cereais bolacha maria +6 meses,Cerelac,Garrafa de 400 ml,"4,49 €","4,49 €/Kg"
Café solúvel intenso,Delta,Embalagem de 100g,"14,50 €/Kg","14,50 €/Kg"
"Leite em fórmula nº2, confort, para bebé",Aptamil,Embalagem de 800g,"22,39 €","27,99 €/Kg"
Set Chá,Minnie,1 conjunto,"18,99 €","18,99 €/Unidade"
Queijo ralado mix 3 queijos,PorSi,Embalagem de 200 g,"2,15 €","14,33 €/Kg"
12 douradinhos forníssimo,Capitão Iglo,Embalagem de 300g,"9,30 €/Kg","9,30 €/Kg"
Espuma de barbear para peles sensíveis,Labell Men,Embalagem de 250 ml,"1,16 €","4,64 €/L"
Néctar bio multifrutos,Paquito,"Embalagem 1,5 l","1,39 €","1,39 €/L"
Bolacha de milho sem sal bio,Cemporcent,Embalagem de 110g,"1,45 €","11,15 €/Kg"
Guardanapos de 1 folha amarelos | dim.: 30 x 29 cm,PorSi,Embalagem com 70 unidades,"1,29 €","1,29 €/Unidade"
Ambientador aerosol pure flor de cerejeira,Air Wick,Garrafa de 250 ml,"2,99 €","12,46 €/L"
Chouriço Extra Allnatural Fatiado,Elpozo,1 Embalagem 80G,"1,35 €","16,88 €/Kg"
Queijo Flamengo em Barra,Terra Nostra,1 un = 150 gr (aprox.),"2,62 €","10,49 €/Kg"
Alimento seco p/ cão alta energia c/ frango,HappyOne,Embalagem de 4 kg,"1,15 €/Kg","1,15 €/Kg"
Farinha s/ fermento tipo 65,ESPIGA,Embalagem de 1 kg,"1,99 €","1,99 €/Kg"
Licor de coco,On Off,"Garrafa de 0,70 l","16,99 €","24,27 €/L"
Body Milk in Shower,Labell,Embalagem de 250 ml,"11,23 €/L","11,23 €/L"
Pedras empilháveis,Chicco,1 unidade,"14,99 €/Unidade","14,99 €/Unidade"
Aperitivo de amendoins tostados forno,Matutano,Embalagem de 120g,"0,79 €","7,90 €/Kg"
Whisky,J&B,Garrafa de 1 l,"23,49 €","23,49 €/L"
Milho tenro e doce,Bonduelle,Embalagem de 300 g,"1,79 €","2,29 €/Kg"
Vinho regional lisboa tinto reserva,Critterium,Garrafa de 0.75 l,"4,99 €","6,65 €/L"
Sumo natural de cenoura bio,Cemporcent,Garrafa de 200 ml,"1,49 €","1,49 €/L"
Sopa de cozido,Knorr,Embalagem de 70g,"0,84 €","13,55 €/Kg"
Sopa de cebola económica,Knorr,Embalagem de 50g,"0,84 €","13,55 €/Kg"
Bolacha craker queijo,Tuc,Embalagem de 100g,"0,98 €","3,27 €/Kg"
Água mineral sem gás,Serra de Fafe,Embalagem de 6x0.5l,"1,04 €","0,17 €/L"
Mistura solúvel brasa,Nestle,Embalagem de 200g,"2,29 €","11,45 €/Kg"
Mini tostas trigo super finas,PorSi,Embalagem de 100 g,"0,69 €","3,07 €/Kg"
Presunto fatiado,PorSi,Embalagem de 200g,"2,79 €","13,95 €/Kg"
Whisky black bush,Bushmills,Garrafa de 700 ml,"23,49 €","23,49 €/L"
Crazy Chic Cabelo c/ Estilo,Clementoni,unidade,"14,99 €/Unidade","14,99 €/Unidade"
Mostarda de Dijon,PorSi Select,190 g,"0,70 €","2,33 €/Kg"
Pipocas doces,Orcape,Embalagem de 100g,"0,79 €","7,90 €/Kg"
Mortadela fatiada com azeitonas,PorSi,Embalagem de 200 g,"1,05 €","6,99 €/Kg"
Hipopótamo bailarina,Clementoni,1 unidade,"14,99 €/Unidade","14,99 €/Unidade"
"Iogurte líquido yoggi, sem lactose, morango",Nestle,Embalagem de 4 x 160 g,"1,17 €","1,83 €/Kg"
Gelado carte d'or chocolate brownie,Olá,Embalagem de 900 ml,"5,49 €","6,10 €/L"
Pensos higiénicos liberty normal abas,Evax,Embalagem com 12 un.,"4,99 €","4,99 €/Unidade"
Bolachas digestive aveia e laranja,Gullon,Embalagem de 430g,"0,98 €","3,27 €/Kg"
Vinho verde,Felgueiras,Garrafa de 0.75 l,"3,09 €","3,09 €/L"
Lambrusco tinto,Sorbello,Garrafa de 0.75 l,"2,29 €","3,05 €/L"
"Gel para o cabelo, wet shine",Fru style,Embalagem de 200 ml,"5,99 €","79,87 €/L"
Aperfeiçoador BB Cream Médio,Garnier,Embalagem de 50 ml,"2,99 €","59,80 €/L"
Vassoura Simples Pluma,PorSi,unidade,"2,20 €","2,20 €/Unidade"
Arroz vaporizado,Cigala,Embalagem de 1 kg,"0,99 €","0,99 €/Kg"
Escova de dentes infantil 3 a 6 anos,Labell,1 un.,"2,34 €","2,34 €/Unidade"
Chocolate culinário,Nestle,Embalagem de 200g,"1,04 €","8,32 €/Kg"
Massa meada,PorSi,Embalagem de 500g,"0,89 €","1,78 €/Kg"
Queijo fleur dange,Páturages,Embalagem de 200 g,"2,60 €","13,00 €/Kg"
Doce amoras,ST.DALFOUR,Frasco de 284g,"4,39 €","15,46 €/Kg"
Matraquilhos,Olivo,1 un.,"9,99 €/Unidade","9,99 €/Unidade"
Atum posta ao natural,Bom petisc,Embalagem de 120 g,"9,08 €/Kg","9,08 €/Kg"
Cenoura baby,PorSi,Embalagem de 400 g,"1,89 €","1,89 €/Kg"
Ração para Cão Delicate rico em Salmão,Purina One,Embalagem de 800g,"1,15 €/Kg","1,15 €/Kg"
Bolachas cream cracker,PorSi,Embalagem de 600g,"0,39 €","3,12 €/Kg"
Vinho branco bag-in-box,Capataz,Embalagem de 5 l,"8,59 €","1,72 €/L"
Bolacha maria,Cuetara,Embalagem de 3 x 200 g + 33% grátis,"2,11 €/Kg","2,11 €/Kg"
"Vinho rosé, região península de setúbal, bag in box",Dom Campos,Garrafa de 5 l,"9,49 €","1,90 €/L"
"Creme de rosto de noite revitalift, laser",L'oreal,Embalagem de 50 ml,"2,99 €","59,80 €/L"
Nata uht 0% lactose,Parmalat,Embalagem de 200 ml,"1,12 €","5,60 €/L"
"Loção Tropical Spray, SPF30",Cabana Sun,Embalagem de 150 ml,"14,99 €","299,80 €/L"
Vinho maduro branco,Alorna,Garrafa de 0.75 l,"5,54 €","7,39 €/L"
Dentifríco 2 em 1 original,Theramed,Embalagem de 75 ml,"3,39 €","45,20 €/L"
Leite uht magro com rosca,PorSi,1 litro,"0,78 €","0,78 €/L"
Bacalhau Graúdo Boa Pesca,PorSi,"Vendido ao peso, 1 un= 2.5 kg (aprox.)","8,73 €/Kg","8,73 €/Kg"
Halls vita c morango sem açúcar,Halls,Embalagem de 32 g,"0,77 €","3,85 €/Kg"
Bolacha água e sal com azeite e azeitona doses,Vieira,Embalagem de 190g,"0,39 €","3,12 €/Kg"
Elixir Nightly Reset,Listerine,400 ml,"5,99 €","11,98 €/L"
Fit me concealer 20,Maybelline,1 unidade,"7,49 €","7,49 €/Unidade"
"Inseticída, vaporizador, extra gt",Biokill,Garrafa de 380 ml,"5,09 €","8,48 €/L"
Chocolate culinário em pó,PorSi,Embalagem de 125 g,"1,04 €","8,32 €/Kg"
Ambientador arbre magique côco,Arbre Magique,1 unidade,"1,99 €","1,99 €/Unidade"
20 saquetas infusão limão gengibre,Lipton,Embalagem de 40g,"1,19 €","59,50 €/Kg"
Refrigerante com gás guaraná,Antartica,"Garrafa de 1,5 l","0,40 €/L","0,40 €/L"
Bastão de Cola,Domédia,10 g,"1,35 €","1,35 €/Unidade"
Marmelada,Quinta de Jugais,Embalagem de 500g,"1,09 €","2,42 €/Kg"
Mistura de frutos exóticos,PorSi,Embalagem de 450 g,"3,29 €","4,39 €/Kg"
Vinho de mesa tinto bag in box,Adega grande,Garrafa de 5 l,"8,59 €","1,72 €/L"
Mini tosta trigo,Diatosta,Embalagem de 90 g,"0,69 €","3,07 €/Kg"
Tablete triple chocolate,Milka,Embalagem de 90g,"5,30 €/Kg","5,30 €/Kg"
"Spray bronzeador, pele molhada, SPF30",Cabana Sun,Embalagem de 200 ml,"7,09 €","35,45 €/L"
Sangria branca,Casal Garcia,Garrafa de 750 ml,"2,19 €","1,46 €/L"
Alecrim,Margao,Embalagem de 20g,"2,29 €","30,53 €/Kg"
Pão caseiro sem glúten,Schar,Embalagem de 240g,"2,99 €","7,97 €/Kg"
Mortandela de peru fatias,Campofrio,Embalagem de 140g,"1,05 €","6,99 €/Kg"
"Papel higiénico super, folha dupla, 24 rolos",Renova,Uma embalagem,"5,89 €","5,89 €/Unidade"
Salsicha p/Churrasco,Carne Sorraia,1 Embalagem 300G,"2,09 €","9,95 €/Kg"
Queijo manchego D.O.P,PorSi Select,Embalagem de 250g,"3,99 €","15,96 €/Kg"
Salsichas de porco,Nobre,Lata de 250g,"0,75 €","3,75 €/Kg"
Néctar light manga/laranja,Compal,330 ml,"0,84 €","2,55 €/L"
Vinagre de sidra pet,Paladin,Garrafa de 500 ml,"0,35 €","0,70 €/L"
Perolas perfumadas fresh,PorSi,Embalagem de 275 g,"13,99 €","3,29 €/L"
Lava tudo limão verde,Cif,"Garrafa de 1,4 l","0,99 €","0,50 €/L"
Desodorizante roll-on Invisible,Rexona,Embalagem de 50ml,"4,49 €","89,80 €/L"
5 folhas de gelatina incolor,PorSi,Embalagem de 9 g,"0,55 €","61,11 €/Kg"
Vodka,ON/OFF,Garrafa 0.70L,"51,70 €/L","51,70 €/L"
Faca Chefe 15 cm Inox,PorSi,1 unidade,"7,39 €","7,39 €/Unidade"
Demaquilhante Dupla Ação,Nivea,1 embalagem de 125g,"6,84 €","34,20 €/L"
Pudim de baunilha,PorSi,Embalagem de 90g,"0,59 €","29,50 €/Kg"
Creme abrasivo activo c/ lixívia,Cif,Garrafa de 500 ml,"2,59 €","1,30 €/L"
Lava tudo lavanda,Cif,"Garrafa de 1,4 l","0,99 €","0,50 €/L"
"Loção Solar, SPF50",Cabana Sun,Embalagem de 150 ml,"14,99 €","299,80 €/L"
Biscoitos de cacau,PorSi,Embalagem de 750g,"0,69 €","3,45 €/Kg"
Pudim baunilha,Boca Doce,Embalagem de 20g,"0,59 €","29,50 €/Kg"
As minhas primeiras receitas - refeição legumes com ...,Nestle,Embalagem de 190g,"1,89 €","9,95 €/Kg"
Molho de soja com dispenser,KIKKOMAN,Garrafa de 150 ml,"4,04 €","26,93 €/L"
Lava tudo brilhante madeiras,PorSi,Embalagem de 1.1 litros,"1,39 €","1,26 €/L"
Mel em frasco de vidro,Jorge v.f.,Embalagem de 500g,"4,89 €","9,78 €/Kg"
Sumo 100% fresco ananás,Paquito,Embalagem de 1 l,"1,09 €","0,73 €/L"
Fio dentario 50m,Colgate,1 unidade,"3,49 €","3,49 €/Unidade"
Gelatina de coco origem vegetal,Koala,Embalagem de 130g,"1,14 €","8,77 €/Kg"
20 saquetas chá de pêssego manga,Lipton,Embalagem de 40g,"1,19 €","59,50 €/Kg"
Vinho doc alentejo tinto,T.bolotas,Garrafa de 0.75 l,"2,89 €","3,85 €/L"
Nata uht p/ bater 0% lactose,Parmalat,Embalagem de 200 ml,"1,12 €","5,60 €/L"
Fruta para bebé maçã banana aveia +6 meses,Nestle,Embalagem de 90g,"0,74 €","8,22 €/Kg"
Lixívia perfumada,PorSi,Embalagem de 5 l,"2,59 €","1,30 €/L"
Vassoura exterior alta,PorSi,Unidade,"2,20 €","2,20 €/Unidade"
Miolo camarao gig.15/30 250g,Pescanova,Embalagem de 250 g,"8,99 €","25,69 €/Kg"
Hambúrguer de Peru,Lusiaves,embalagem de 460 g,"3,39 €","7,37 €/Kg"
Champanhe,Moet & chandon,"Garrafa de 0,75 l","34,99 €","46,65 €/L"
Batatas forno ervas,Lay's,Embalagem de 130g,"1,19 €","6,43 €/Kg"
Compota de mirtilo sem açúcar bio,Pur Natur,Embalagem de 250g,"4,89 €","19,56 €/Kg"
Moscatel Roxo Setúbal,Alambre,Garrafa de 750 ml,"5,99 €","7,99 €/L"
Moscatel do Douro,Selecção de Enófilos,"Garrafa de 0,75 l","5,99 €","7,99 €/L"
Bolachas digestivas go maçã,Triunfo,Embalagem de 170g,"0,98 €","3,27 €/Kg"
Robalo de Viveiro + 700g,Programa Origens,Peixe do mar inteiro,"2,95 €/Kg","2,95 €/Kg"
Favas ultracongeladas,PorSi,Embalagem de 400g,"1,89 €","1,89 €/Kg"
Desinfetante p/ Roupa,Sanytol,embalagem com 500ml,"10,99 €","52,33 €/Kg"
Água mineral sem gás,Serra de Fafe,"Embalagem de 6x0,33 l","1,04 €","0,17 €/L"
Arroz integral,PorSi Viva Bem,Embalagem de 1 kg,"1,54 €","3,08 €/Kg"
Gelado magnum pint clássico,Olá,Embalagem de 440 ml,"5,49 €","6,10 €/L"
Gelado magnum mini double chocolate e caramelo,Olá,Embalagem de 6 x 60 ml,"5,99 €","16,64 €/L"
Sultana Preta,PorSi,Embalagem de 200g,"0,79 €","3,95 €/Kg"
Leite especial cálcio + vitamina d m/g,Mimosa,Garrafa de 1 l,"1,29 €","1,29 €/L"
"Coloração permanente, louro claro, nº80",Nutrisse,1 unidade,"9,49 €/Unidade","9,49 €/Unidade"
Callippo super mix,Olá,Embalagem de 5 x 105 ml,"5,99 €","16,64 €/L"
Gomas happy cola,Haribo,Embalagem de 100g,"1,09 €","10,90 €/Kg"
Presunto S/Osso,Pata branca,"Vendido ao peso, fatiado a partir de 200 g","2,79 €","13,95 €/Kg"
Inseticida aerossol moscas. melgas e mosquitos,Baygon,Embalagem de 400 ml,"5,09 €","8,48 €/L"
Chouriço com feijão,Nobre,Embalagem de 420g,"2,19 €","5,21 €/Kg"
Torta natas com cobertura de cacau,PorSi,Embalagem de 300g,"2,05 €","5,13 €/Kg"
Iogurte grego oikos stracciatella,Danone,Embalagem de 4 x 110 g,"2,99 €","6,80 €/Kg"
Vassoura Especial Lisa,PorSi,unidade,"2,20 €","2,20 €/Unidade"
Ambientador vela frutos vermelhos,PorSi,1 unidade,"9,49 €","45,19 €/Kg"
Ração para cão mini adulto nutri soft com frango,Friskies,"Embalagem de 1,4 kg","1,15 €/Kg","1,15 €/Kg"
Red Fish Grande,Peixe Congelado,1 un = 500 gr (aprox.),"1,40 €","6,98 €/Kg"
Creme Sensitive Advanced FPS 50+ |Rosto,Ambre Solaire,Embalagem de 50 ml,"14,99 €","299,80 €/L"
"Alimento húmido para gato júnior, carne",Whiskas,Embalagem de 400g,"3,49 €","10,26 €/Kg"
Tequila,On Off,Garrafa de 70 cl,"8,99 €","14,98 €/L"
Coleira em nylon p/ cão  repelente 60cm,Repul' 7,Embalagem de 1 unidades,"19,99 €","19,99 €/Unidade"
Molho mad chips top down,Calve,Embalagem de 260g,"0,70 €","2,33 €/Kg"
Amaciador color-vive,Elvive,Embalagem de 200 ml,"1,00 €","5,00 €/L"
Douradinhos estaladiços,Capitão Iglo,Embalagem de 340g,"9,30 €/Kg","9,30 €/Kg"
Feijao verde redondo,PorSi,Embalagem de 400g,"1,89 €","1,89 €/Kg"
Coca-cola zero,Coca-Cola,pack 2 x 1.75 l,"0,40 €/L","0,40 €/L"
Vinho tinto doc douro,Qta.cotto,Garrafa de 750 ml,"7,49 €","9,99 €/L"
"Chocolate m&m s, bag amendoim",M&m' s,Embalagem de 100 g,"1,05 €","21,00 €/Kg"
Pao ralado classico 200g,ESPIGA,Embalagem de 200g,"0,55 €","2,29 €/Kg"
"Cerveja com álcool, lata",Super Bock,Garrafa de 330 ml,"1,99 €/L","1,99 €/L"
Bacon Extra Nacos,Porminho,200 g,"1,45 €","18,13 €/Kg"
Filetes de pescada,PorSi,Embalagem de 400 g,"4,39 €","10,98 €/Kg"
Pastilhas peppermint,CHICLETS,Embalagem de 17 g,"0,89 €","59,33 €/Kg"
Anti-traça lavanda,Raid,2 unidades,"4,69 €","4,69 €/Unidade"
Desinfetante Multiusos,Sanytol,Embalagem de 750 ml,"4,49 €","5,99 €/L"
Batata doce frita,PorSi,Embalagem de 150g,"1,06 €","5,73 €/Kg"
Mel de Rosmaninho,PorSi Select,Frasco de 250 g,"4,89 €","9,78 €/Kg"
Gel after sun refrescante,Cabana Sun,Embalagem de 200 ml,"7,49 €","37,45 €/L"
Óleo de sésamo youwok,Youwok,Garrafa de 145 ml,"3,39 €","3,39 €/L"
Ração para gato adulto com bacalhau e legumes,Friskies,Embalagem de 4 kg,"12,99 €","4,33 €/Kg"
Miolo de avelã,PorSi,Embalagem de 200 g,"0,79 €","3,95 €/Kg"
Pão Forno Pedra Centeio,Garcia & Filhos,1 un = 400 g (aprox.),"0,19 €","2,71 €/Kg"
Faneca,Peixe do Dia,"Vendido ao peso, 1 un = 500 g (aprox.)","2,95 €/Kg","2,95 €/Kg"
Carcaça de Cereais 62 g,Pão do Dia,,"0,19 €","2,71 €/Kg"
Creme Depilatório Peles Normais,Veet,Embalagem de 200 ml,"3,29 €","3,29 €/Unidade"
Camarão 60/80,Congelado de Aquicultura,1 un = 250 gr  (aprox.),"2,00 €","7,99 €/Kg"
Argolas do mar,Pescanova,Embalagem de 400g,"5,49 €","6,86 €/Kg"
Alheira tradicional 180g,Prisca,Embalagem de 180g,"1,49 €","7,45 €/Kg"
"Salsichas de frango, 6 unidades",Monique Ranou,Embalagem de 210 g,"2,09 €","9,95 €/Kg"
Kit de viagem,Colgate,pasta dentífrica + escova,"3,54 €","3,54 €/Unidade"
Gelatina limão 10kcal,Royal,Embalagem de 30g,"0,55 €","61,11 €/Kg"
Patê sardinha,La piara,Embalagem de 80g,"1,19 €","13,52 €/Kg"
Pedras limão/chá verde,P.salgadas,pack 4 x 0.25 l,"2,85 €","2,85 €/L"
Crazy Chic Atelier Pulseira,Clementoni,unidade,"14,99 €/Unidade","14,99 €/Unidade"
Cogumelos laminados,PorSi,780 g,"1,79 €","2,29 €/Kg"
Bolacha vitalday crocante original,Gullon,Embalagem de 270g,"2,82 €","9,40 €/Kg"
Bolachas rosquilhas,PorSi,Embalagem de 600g,"1,69 €","6,76 €/Kg"
Concentrado de laranja,Sunquick,Garrafa de 700 ml,"4,89 €","6,61 €/L"
Milho doce,PorSi,Embalagem de 400 g,"1,89 €","1,89 €/Kg"
"Alimento seco para gato, atum",Whiskas,"Embalagem de 1,75 kg","12,99 €","4,33 €/Kg"
Vinho verde branco alvarinho,Qm,Garrafa de 0.75 l,"3,09 €","3,09 €/L"
Nectar clássico maracujá,Compal,Garrafa de 1 l,"1,09 €","0,73 €/L"
10 saquetas infusão de cidreira,Lipton,Embalagem de 20g,"0,99 €","76,15 €/Kg"
Bolacha de aveia e laranja sem glúten,Gullon,Embalagem de 180 g,"2,69 €","17,93 €/Kg"
"Rolos de cozinha compactos, branco, máxima absorção,...",Renova,1 unidade,"1,19 €","1,19 €/Unidade"
Leite magro em pó,Páturages,Embalagem de 300 g,"2,79 €","9,30 €/Kg"
Almofada antialérgica,PorSi,45 x 60 cm,"10,99 €","10,99 €/Unidade"
Spray desengordurante universal,Neoblanc,Embalagem de 500 ml,"2,59 €","1,30 €/L"
Café em Cápsulas Dolce Gusto Sical,Nescafé,Embalagem de 3x16 cápsulas,"14,89 €","43,79 €/Kg"
Refrigerante c/ gás,Coca-Cola,pack 6 x 0.33 l,"0,40 €/L","0,40 €/L"
Tomate inteiro pelado,PorSi,Embalagem de 390 g,"1,79 €","2,29 €/Kg"
Néctar light manga/laranja,Compal,Garrafa de 200 ml,"0,99 €","0,99 €/L"
Barras de cereais fitness crunchy & caramelo,Nestle,Embalagem de 140g,"3,45 €","26,54 €/Kg"
Gel de banho bio kids,Corine de Farme,300 ml,"1,99 €","1,99 €/Unidade"
Gin Premium |Blue Magic,Sharish,"Embalagem de 0,50L + Oferta 1 Copo","51,70 €/L","51,70 €/L"
Champô para cabelos compridos/frágil,Labell,Embalagem de 750 ml,"5,59 €","13,98 €/L"
Granola aveia fitness mel,Nestle,Embalagem de 300g,"3,45 €","26,74 €/Kg"
"Alimento seco para gato adulto, bio complex, frango ...",HappyOne,Embalagem de 2 kg,"12,99 €","4,33 €/Kg"
Manhãzitos original,Manhazitos,Embalagem 6x2 unidades,"2,05 €","5,13 €/Kg"
Camarão 20/30,Congelado de Aquicultura,1 un = 250 gr  (aprox.),"2,00 €","7,99 €/Kg"
Bebida solúvel cereais+fibra frasco 200g,Delta,Embalagem de 200g,"14,50 €/Kg","14,50 €/Kg"
"Creme anti-rugas revitalizante fps30, dia",L'oreal,Embalagem de 50 ml,"2,99 €","59,80 €/L"
Chicharro Fresco,Peixe do Dia,1 un= 400 g (aprox.),"2,95 €/Kg","2,95 €/Kg"
Pilha alcalina heightch lr14x2,Domédia,1 unidade,"1,99 €","1,99 €/Unidade"
Cocktail mango,Bar Royal,Garrafa de 750 ml,"8,49 €","11,32 €/L"
Orégãos em folha,PorSi,Embalagem de 10g,"2,29 €","30,53 €/Kg"
Maionese Top Down,Calvé,Embalagem de 753 g,"0,70 €","2,33 €/Kg"
Detergente Líquido p/ Loiça Original,Fairy,"Embalagem de 1,19 l","0,99 €","1,98 €/L"
"Tira nódoas, spray oxi",PorSi,Embalagem de 1 l,"10,99 €","52,33 €/Kg"
Chá verde menta,PorSi,Embalagem de 43.7 g,"0,99 €","26,76 €/Kg"
Couscous mediterrâneo com vegetais desidratados,Trevijano,Embalagem de 300g,"3,49 €","12,46 €/Kg"
Champô Limão & Argila,Ultra Suave,Embalagem de 400 ml,"5,59 €","13,98 €/L"
"Lixívia para roupa, tradicional verde denso",PorSi,Embalagem de 2L,"1,74 €","0,35 €/L"
Pizza 4 estações,PorSi,Embalagem de 350g,"2,16 €","6,17 €/Kg"
Gronola de aveia chocolate,Nestle,Embalagem de 300g,"3,45 €","26,74 €/Kg"
Queijo de ovelha curado,H.da maia,Embalagem de 200g,"4,62 €","18,49 €/Kg"
Salsichão fuet caseiro peru,Elpozo,Embalagem de 150g,"1,35 €","16,88 €/Kg"
Vinh do porto ruby,Cruz,Garrafa de 750 ml,"5,99 €","7,99 €/L"
Corn flakes saco,PorSi,Embalagem de 500g,"1,49 €","2,98 €/Kg"
Ice tea de limão,PorSi,Embalagem de 2 l,"1,90 €","1,27 €/L"
Camarão moçambique 30/40,PorSi,800 g,"8,99 €","25,69 €/Kg"
Brandy,ON/OFF,Garrafa de 700 ml,"11,99 €","17,13 €/L"
Luvas Multi Latex M/L,Vileda,10 unidade,"2,40 €","2,40 €/Unidade"
Cereais petalas chocolate,PorSi,Embalagem de 625g,"5,07 €/Kg","5,07 €/Kg"
Creme Depilatório Men Peles Sensíveis,Veet,Embalagem de 200 ml,"3,51 €","3,51 €/Unidade"
Ração seca mix para cão adulto,PorSi,Embalagem de 20 kg,"1,15 €/Kg","1,15 €/Kg"
Bolacha tostada,PorSi,Embalagem de 800g,"2,11 €/Kg","2,11 €/Kg"
Manteiga amendoim crocant,PorSi,Embalagem de 340g,"4,24 €","12,47 €/Kg"
Azeite virgem extra seleção,PorSi,Garrafa de 750 ml,"3,19 €","4,25 €/L"
Iogurte corpos danone + proteína ananás,Danone,Embalagem de 150g,"1,39 €","9,59 €/Kg"
Rolo de cozinha mega,PorSi,1 rolo,"1,19 €","1,19 €/Unidade"
Iogurtes Corpos Danone Pedaços de Coco,Danone,Embalagem de 4 x 115 g,"1,44 €","2,88 €/Kg"
Café em cápsulas  qonvictus,Delta Q,Embalagem de 55 g,"14,89 €","43,79 €/Kg"
Sumo essencial manga,Compal,pack 3 x 0.11 l,"2,29 €","6,94 €/L"
Batata frita caseira rodela,Pala-pala,Embalagem de 300g,"0,87 €","5,44 €/Kg"
Infusão lúcia lima,PorSi,Embalagem de 35 g,"0,99 €","76,15 €/Kg"
Risott mediterrâneo,Trevijano,Embalagem de 280g,"3,49 €","12,46 €/Kg"
Queijo flamengo em Barra,Nova Açores,"Vendido ao peso, fatiado a partir de 100 gr","2,62 €","10,49 €/Kg"
"Bebida láctea crescimento 1-3 anos, cereais",Nestle,Embalagem de 1 litro,"0,26 €","1,30 €/L"
Compressas | dim.: 10 x 10 cm,PorSi,Embalagem com 100 unidades,"1,69 €","1,69 €/Unidade"
Creme anti-rugas de dia revitalift,L'oreal,Embalagem de 50 ml,"2,99 €","59,80 €/L"
"Queijo, 16 porções",A Vaca Que Ri,Embalagem de 280g,"3,68 €","13,14 €/Kg"
Leite c/ Chocolate,Agros,Embalagem de 4 x 200 ml,"0,26 €","1,30 €/L"
Pá económica,PorSi,1 unidade,"2,20 €","2,20 €/Unidade"
Sumo 100% tomate,PorSi,Embalagem de 1.5 l,"1,09 €","0,73 €/L"
Néctar light de manga/laranja prism,PorSi,Embalagem de 1 l,"0,84 €","2,55 €/L"
Lambrusco rose,*,Garrafa de 750 ml,"6,89 €","9,19 €/L"
Martini Riserva Rubino,Martini,Garrafa de 750 ml,"3,99 €","5,70 €/L"
Couscous marroquino com vegetais desidratados,Trevijano,Embalagem de 300g,"3,49 €","12,46 €/Kg"
Salsichas de aves,Nobre,Lata de 200 g,"0,75 €","3,75 €/Kg"
Beira interior colheita 2013,Beyra,Garrafa de 0.75 l,"2,49 €","3,32 €/L"
"Cerveja sem álcool, preta",Super Bock,pack 6 x 0.33 l,"5,99 €","3,03 €/L"
Desodorizante de Pés em Creme,Protex,Embalagem de 100 ml,"4,69 €","46,90 €/L"
Azeite virgem extra seleção,PorSi,Garrafa de 250 ml,"3,19 €","4,25 €/L"
"Refrigerante com gás cola zero sem cafeína, mini lat...",Coca-Cola,pack 12 x 0.15 l,"0,40 €/L","0,40 €/L"
Vinho frutado branco,Flor do Campo,Garrafa 0.75L,"5,54 €","7,39 €/L"
Porto tawny valadão,Valadao,Garrafa de 750 ml,"6,29 €","8,39 €/L"
Cereais cruesli chocolate,Quaker,Embalagem de 380g,"2,29 €","6,11 €/Kg"
10 Preservativos Easy Way Finissímos,Control,,"4,49 €","4,49 €/Unidade"
Comida húmida para cão de vaca e frango,PorSi,Lata de 400 g,"0,75 €","2,50 €/Kg"
Aperitivos  fritos,Fritos,Embalagem 130G,"0,79 €","7,90 €/Kg"
Creme barrar nutela 350g,Nutella,Embalagem de 350G,"4,24 €","12,47 €/Kg"
"Limpa móveis pistola, multissuperfícies",Pronto,Embalagem de 500 ml,"1,19 €","0,79 €/L"
Bolachas cream cracker doses individuais,Vieira,Embalagem de 180g,"0,39 €","3,12 €/Kg"
"Sacos para sandes, 100 unidades",PorSi,1 embalagem,"1,11 €","1,11 €/Unidade"
"Bolacha belvita soft brakes, cereais",Belvita,Embalagem de 250g,"0,98 €","3,27 €/Kg"
Bacalhau com broa,PorSi Select,350 g,"1,91 €","4,78 €/Kg"
"Agrafos nº24/6, 2000 unidades",Maped,Uma embalagem,"5,99 €","5,99 €/Unidade"
Cerveja com álcool,Super Bock,Garrafa de 1 l,"1,99 €/L","1,99 €/L"
Gogo SqueeZ Snack Banana,Gogo,Embalagem de 4 x 90g,"2,29 €","6,94 €/L"
Natas uht com cogumelos,Parmalat,Embalagem de 200 ml,"1,12 €","5,60 €/L"
Azeite Subtil,Gallo,Garrafa de 2 l,"3,19 €","4,25 €/L"
Mirtilos 100% Naturais,PorSi,Embalagem de 250 g,"3,29 €","4,39 €/Kg"
Iogurte fruta batida banana/laranja/bolacha,Mimosa,Embalagem de 480g,"2,99 €","6,80 €/Kg"
Danacol frutos exóticos,Danone,Embalagem de 6 x 100 g,"3,99 €","6,65 €/Kg"
Vinho tinto península de setúbal,Pioneiro,Garrafa de 0.75 l,"8,59 €","11,45 €/L"
"Vinho Bairrada, Tinto",Selecção de Enófilos,Garrafa de 0.75 l,"2,49 €","3,32 €/L"
Nata uht light,Mimosa,Embalagem de 200 ml,"1,12 €","5,60 €/L"
Lambrusco bianco,*,Garrafa de 750 ml,"2,29 €","3,05 €/L"
Máscara Olhos Lash Sensational,Maybelline,1 unidade,"7,49 €","7,49 €/Unidade"
Flocos de aveia finos integrais,Cemporcent,Embalagem de 400g,"0,69 €","1,73 €/Kg"
Néctar clássico tutti-frutti,Compal,330 ml,"0,99 €","0,99 €/L"
"Refrigerante sem gás, maracujá e la",Joi,"Garrafa de 1,5 l","1,90 €","1,27 €/L"
Doce quatro frutos,ST.DALFOUR,Frasco de 284g,"4,39 €","15,46 €/Kg"
"Bracito trufa de chocolate, 4 unidades",Dulcesol,Embalagem de 240g,"2,05 €","5,13 €/Kg"
Tomate triturado,Compal,Embalagem de 500g,"3,84 €","24,00 €/Kg"
Resguardo para bebé,PorSi,Dim.: 60 x 60 cm,"4,99 €","4,99 €/Unidade"
Ketchup top down,Calve,Embalagem de 550g,"0,70 €","2,33 €/Kg"
"Leite uht, com café, galão alentejano",Serraleite,Embalagem de 1 l,"1,29 €","1,29 €/L"
Rolo de cozinha XXL,PorSi,1 rolo,"1,19 €","1,19 €/Unidade"
Bolachas maria,PorSi,Embalagem de 800g,"2,11 €/Kg","2,11 €/Kg"
Concentrado laranja e pêssego,Sunquick,Garrafa de 580 ml,"4,89 €","6,61 €/L"
Sopa 100% de cogumelos,Knorr,embalagem com 57 g,"0,84 €","13,55 €/Kg"
Queijo Curado Amanteigado,Fonte Mourisca,1 un = 250 gr  (aprox.),"3,84 €","15,35 €/Kg"
Milho partido,Rac.zezere,Embalagem de 5 kg,"4,24 €","0,85 €/Kg"
Toalhita Azul,Dodot,Embalagem c/ Tampa | 64 un.,"1,09 €/Unidade","1,09 €/Unidade"
"Cobertura tipo chantilly, 2x38g",PorSi,Embalagem de 80g,"1,29 €","3,23 €/Kg"
Ken fashionista,Barbie,1 unidade,"14,99 €/Unidade","14,99 €/Unidade"
Massa fettuccine,PorSi,Embalagem de 500g,"0,89 €","1,78 €/Kg"
"Infusãoo mirtilo/acai, 20 saquetas",Tetley,Embalagem de 40g,"0,99 €","76,15 €/Kg"
Caramelo líquido,PorSi,Embalagem de 400g,"1,29 €","3,23 €/Kg"
Bicarbonato de sódio,Globo,Embalagem de 230g,"1,89 €","17,18 €/Kg"
Porto 10 anos,Velhotes,Garrafa de 0.75 l,"10,99 €","14,65 €/L"
Queijinho petit nesquik,Nestle,Embalagem de 6 x 60 g,"1,45 €","4,03 €/Kg"
Refrigerante sem gás de maçã,Trina,"Garrafa de 1,5 l","1,90 €","1,27 €/L"
Refrigerante de lima-limão,Seven-up,"Garrafa de 1,25 l","0,40 €/L","0,40 €/L"
Leite pastagem uht terra nostra inteiro,Terra Nostra,Garrafa de 1 l,"1,09 €","1,09 €/L"
Bebida de Soja Baunilha,PorSi Viva Bem,1 l,"2,49 €","2,49 €/L"
"Espuma cabelo, wet shine",Fru style,Embalagem de 200 ml,"5,99 €","79,87 €/L"
"Loção Solar Spray, SPF20",Cabana Sun,Embalagem de 200 ml,"14,99 €","299,80 €/L"
Biscoitos integrais aveia e manteiga de amendoim,PorSi Viva Bem,Embalagem de 150g,"1,45 €","11,15 €/Kg"
Sumo concentrado de laranja/maracujá,GUD,Garrafa de 740 ml,"4,89 €","6,61 €/L"
Cerveja c/ álcool,Heineken,"Embalagem de 6x0,25 l","1,99 €/L","1,99 €/L"
Cerveja c/ álcool branca,Franziskan,Garrafa de 500 ml,"1,99 €/L","1,99 €/L"
Azeite virgem extra seleção ouro,Oliveira da Serra,Garrafa de 750 ml,"3,19 €","4,25 €/L"
Ketchup picante,Heinz,460 g,"0,70 €","2,33 €/Kg"
Carrinho com boneco,Vicam,1 unidade,"14,99 €/Unidade","14,99 €/Unidade"
Bolachas waffers nice baunilha,Dailidoce,Embalagem de 250g,"0,98 €","4,67 €/Kg"
Detergente Liquido Loiça Ultra Poder Limão,Fairy,Embalagem de 600 ml,"0,99 €","1,98 €/L"
Dawnut de chocolate,Pastelaria do Dia,1 unidade = 60 g,"0,30 €/Unidade","0,30 €/Unidade"
Cereais golden e crispy,PorSi,Embalagem de 375 g,"5,07 €/Kg","5,07 €/Kg"
Gomas starmix,Haribo,Embalagem de 90g,"1,09 €","10,90 €/Kg"
Vinho do porto tawny,Cruz,"Garrafa de 0,75 l","6,29 €","8,39 €/L"
Tablete de chocolate amêndoa e caramelo,Milka,Embalagem de 300g,"4,09 €","14,82 €/Kg"
Desinfetante em gel p/ wc,Cif,Garrafa de 750 ml,"2,79 €","3,99 €/L"
Bolacha diet nature 5 cereais,Gullon,Embalagem de 220g,"2,82 €","9,40 €/Kg"
Esparguete Clássica,Nacional,Embalagem de 500 g,"0,89 €","1,78 €/Kg"
Ambientador Anti-Tabaco,Ambipur,1 un.,"1,99 €","1,99 €/Unidade"
Néctar de laranja do algarve,Compal,Garrafa de 200 ml,"0,99 €","0,99 €/L"
Lula cortada da patagónia,Pescanova,Embalagem de 400g,"5,49 €","6,86 €/Kg"
Pilha alcalina classic lr03x8,Domédia,1 unidade,"1,99 €","1,99 €/Unidade"
Leite de transição 3 +10 meses,NAN,Embalagem de 800g,"22,39 €","27,99 €/Kg"
Cerveja c/ álcool,Super Bock,pack 24 x 0.33 l,"1,99 €/L","1,99 €/L"
Absorvente de odores marine,Brise,Embalagem de 300 ml,"16,63 €/L","16,63 €/L"
"Inseticida elétrico, moscas e mosquitos, 45 noites",Dum Dum,Uma unidade,"6,39 €","6,39 €/Unidade"
"Chá de mel, limão e ginseng",Tetley,Embalagem de 20g,"1,19 €","59,50 €/Kg"
Café gold colômbia frasco,Nescafe,Embalagem de 100 g,"14,50 €/Kg","14,50 €/Kg"
"Loção Solar Spray, SPF30",Cabana Sun,Embalagem de 200 ml,"14,99 €","299,80 €/L"
Cornflakes sem açúcar,Cemporcent,Embalagem de 250g,"0,69 €","1,73 €/Kg"
Esferográfica Azul Média,Mab,Embalagem com 4 un.,"3,29 €","3,29 €/Unidade"
Massa esparguete,Milaneza,Embalagem de 500g,"0,89 €","1,78 €/Kg"
Aguardente bagaceira,Dinastia,"Garrafa de 0,70 l","12,79 €","18,27 €/L"
Batata chef gourmet,MCCAIN,Embalagem de 500 g,"2,39 €","3,98 €/Kg"
Spray desengordurante,Sonasol,Embalagem de 500 ml,"4,49 €","5,99 €/L"
Café 5 estrelas grão,Sical,Embalagem de 1 kg,"9,16 €/Kg","9,16 €/Kg"
Mozzarella soloitália,Soloitalia,Embalagem de 125g,"6,49 €","43,27 €/Kg"
Detergente liquido loiça limão,PorSi,Garrafa de 1 litro,"0,99 €","1,98 €/L"
Ambientador vela gota frutos vermelhos,Air Wick,Embalagem de 1 unidades,"9,49 €","45,19 €/Kg"
Café em cápsulas deqafeitatus,Delta Q,Embalagem de 55 g,"14,89 €","43,79 €/Kg"
Cereais crunch 375g,Nestle,Embalagem de 380g,"5,07 €/Kg","5,07 €/Kg"
Vinho do Porto Special Reserve,Rozès,Garrafa de 0.75 l,"10,99 €","14,65 €/L"
"Hamburguers de vaca, 4x80g",PorSi,Embalagem de 320 g,"2,79 €","8,72 €/Kg"
Ananás em rodelas lata,PorSi,Embalagem de 820g,"1,99 €","2,37 €/Kg"
Princesas do mar,PorSi,Embalagem de 255 g,"2,19 €","8,59 €/Kg"
"Recarga Sabonete líquido, Amêndoas",Palmolive,Embalagem de 500 ml,"1,19 €","3,97 €/L"
Máscara tesouros de mel,Garnier,Embalagem de 300 ml,"1,00 €","5,00 €/L"
Barras fitness chocolate de leite,Nestle,Embalagem de 135 g,"3,45 €","26,54 €/Kg"
Pastel de Nata,PorSi,60G,"0,30 €/Unidade","0,30 €/Unidade"
Croissant simples,PorSi,Embalagem de 400g,"2,05 €","5,13 €/Kg"
Croissant recheado de cacau/avelã,PorSi,Embalagem de 315g,"2,05 €","5,13 €/Kg"
"Escova dentífrica infantil, minions, + 6 anos",Colgate,1 + 1 unidade grátis,"0,99 €","0,99 €/Unidade"
Nestum 5 cereais,Nestum,Embalagem de 250g,"2,99 €","3,99 €/Kg"
"Gel cabelo, hard cement",Fru style,Embalagem de 200 ml,"5,99 €","79,87 €/L"
Infusão cavalinha,Cemporcent,Embalagem de 10 unidades,"0,99 €","76,15 €/Kg"
Lasanha à bolonhesa,PorSi,Embalagem de 1 kg,"3,99 €","3,99 €/Kg"
Cubos pão trigo tostado,PorSi,Embalagem de 150g,"0,69 €","3,07 €/Kg"
Gelatina de laranja,PorSi,Embalagem de 170g,"0,55 €","61,11 €/Kg"
Romã,Fruta da Época,1 un = 250 gr  (aprox.),"0,57 €","2,29 €/Kg"
Sabonete Líquido Sensitive,Dettol,Embalagem de 250 ml,"1,19 €","3,97 €/L"
Café solúvel gold,PorSi Select,Embalagem 100G,"14,50 €/Kg","14,50 €/Kg"
Alimento lácteo alperce +6 meses,Yogolino,Embalagem de 4 x 100 g,"2,89 €","7,23 €/Kg"
Creme Noite Lift + Serum Preenchedor,Diadermine,Embalagem de 50 ml,"2,99 €","59,80 €/L"
Posta Tradicional 9 Meses Cura,Riberalves,Embalagem de 550 g,"4,99 €","9,98 €/Kg"
Bolachas de manteiga,PorSi,Embalagem de 200 g,"1,69 €","6,76 €/Kg"
Harmonique,Mermaidz,1 unidade,"18,99 €","18,99 €/Unidade"
Gressinos com sésamo,PorSi,Embalagem de 250 g,"0,69 €","3,07 €/Kg"
Pérolas de perfume unstoppables fresh,Lenor,Embalagem de 210g,"10,99 €","52,33 €/Kg"
Perolas perfumadas floral,PorSi,Embalagem de 275 g,"13,99 €","3,29 €/L"
Bicarbonato sodio fr.250g,Vahine,Embalagem de 250g,"1,89 €","17,18 €/Kg"
Vinagre de vinho branco envelhecido,PorSi,Garrafa 250ML,"0,35 €","0,70 €/L"
20 saquetas chá de limão,Lipton,Embalagem de 40g,"1,19 €","59,50 €/Kg"
"Bloco sanitário power 5, ocean",Domestos,Embalagem de 1 unidades,"2,99 €","74,75 €/Kg"
Sumo 100% ananás e uva,PorSi,1.5 l,"1,09 €","0,73 €/L"
Arroz agulha,Cigala,Embalagem de 1 kg,"0,99 €","0,99 €/Kg"
Maçã Breaburn 70/75,Nossa seleção,1 un= 150 gr (aprox.),"0,36 €","1,99 €/Kg"
Delta chicória + cafe soluvel lata,Delta,Embalagem de 250g,"14,50 €/Kg","14,50 €/Kg"
Gomas favoritos classic,Haribo,Embalagem de 90g,"1,09 €","10,90 €/Kg"
Tagliatelle a carbonara 350g,Tuttipasta,Embalagem de 350G,"2,16 €","6,17 €/Kg"
Tomate pedaços biológico,Guloso,Embalagem de 390g,"3,84 €","24,00 €/Kg"
Tablete de chocolate de preto,Nestle,Embalagem de 90g,"0,99 €","4,95 €/Kg"
Piri piri,Calve,Garrafa de 50 ml,"0,70 €","2,33 €/Kg"
Comida húmida para gato indoor em molho com atum,Purina One,Embalagem de 340g,"3,49 €","10,26 €/Kg"
Cereais cruesli frutos secos,Quaker,Embalagem de 380g,"2,29 €","6,11 €/Kg"
Spray nature cozinha,Cif,embalagem de 750 ml,"3,99 €","5,32 €/L"
Palitos superfinos,PorSi,Embalagem de 400 unidades,"2,59 €","2,59 €/Unidade"
Escova de Dentes Júnior,Aquafresh,1 unidade,"0,99 €","0,99 €/Unidade"
Leite de pastagem magro,Terra Nostra,Embalagem de 1 litro,"0,78 €","0,78 €/L"
Alimento lácteo pera +6 meses,Yogolino,Embalagem de 4 x 100 g,"2,89 €","7,23 €/Kg"
Concentrado maracujá mix,Sunquick,Garrafa de 580 ml,"4,89 €","6,61 €/L"
Bolachas digestive muesli,Gullon,Embalagem de 370g,"1,45 €","11,15 €/Kg"
Desentupidor de fole com cabo,PorSi,1 unidade,"2,50 €","2,50 €/Unidade"
Batata frita camponesa,PorSi,Embalagem de 175 g,"1,19 €","6,43 €/Kg"
Tablete de chocolate de leite com amêndoas - sem açú...,PorSi Viva Bem,Embalagem de 100 g,"4,09 €","14,82 €/Kg"
Molho de whisky cocktail,Calve,Garrafa de 250 ml,"0,70 €","2,33 €/Kg"
Body Milk Cocoa,Nivea,Embalagem de 250 ml,"11,23 €/L","11,23 €/L"
Bacalhau Postas,Riberalves,1 Embalagem 800G,"4,99 €","9,98 €/Kg"
Anti-traça Maçã Verde,Dum Dum,2 unidades,"4,69 €","4,69 €/Unidade"
Bolachas de água e sal,PorSi,Embalagem de 125g,"0,39 €","3,12 €/Kg"
Milho doce,Bonduelle,Embalagem de 150 g,"1,79 €","2,29 €/Kg"
Bolachas de chocolate leite,Milka,Embalagem de 150g,"0,79 €","5,27 €/Kg"
Posta de bacalhau do atlântico,Pescanova,Embalagem de 700 g,"4,99 €","9,98 €/Kg"
Pensos Higiénicos Cottonlike Super Com Abas,Evax,12 unidades,"4,99 €","4,99 €/Unidade"
Farinha láctea,PorSi,Embalagem de 1 kg,"4,49 €","4,49 €/Kg"
"Pães para hamburguer com sésamo, 4 unidades",Bimbo,embalagem de 220 g,"1,59 €","7,23 €/Kg"
Fatia de salame de chocolate,PorSi,Embalagem 60G,"2,05 €","5,13 €/Kg"
Cereais all bran,Kellogg's,Embalagem de 380g,"3,45 €","26,74 €/Kg"
Ervilhas,PorSi,Embalagem de 1 kg,"1,89 €","1,89 €/Kg"
Moscatel de setúbal,Adega de Palmela,Garrafa de 750 ml,"5,99 €","7,99 €/L"
Peito de peru,PorSi,"Vendido ao peso, fatiado a partir de 150 g","1,44 €","9,59 €/Kg"
Fiambre da Perna Extra,Nobre,1 un = 150 gr (aprox.),"0,97 €","6,49 €/Kg"
Gel de Banho Coconut Milk,Dove,Embalagem de 750 ml,"6,49 €","8,65 €/L"
Toranja,Fruta do Dia,1 un = 300 gr  (aprox.),"0,70 €","6,99 €/Kg"
"Maionese, frasco",Hellmman's,Embalagem de 420g,"0,70 €","2,33 €/Kg"
Chocolate lion,Lion,Embalagem de 40g,"3,59 €","14,36 €/Kg"
Molas plásticas amarelas,PorSi,50 unidades,"0,99 €","0,99 €/Unidade"
Mel em frasco com doseador,PorSi,Embalagem de 500g,"4,89 €","9,78 €/Kg"
Dawnut Açucarado,Pastelaria do Dia,48g,"0,30 €/Unidade","0,30 €/Unidade"
Toalhetes Íntimos Suaves,Corine de Farme,Embalagem com 10 un.,"2,99 €","2,99 €/Unidade"
Inseticida elétrico,Raid,2 Aparelhos + 2 Recargas de 27 ml | 45 Noites + 45 Noites,"6,39 €","6,39 €/Unidade"
Arroz Risotto,PorSi,Embalagem de 1 kg,"0,99 €","0,99 €/Kg"
Pastilhas café lote chávena,Delta,Embalagem de 110g,"14,89 €","43,79 €/Kg"
Tostas de trigo,PorSi,Embalagem 225G,"0,69 €","3,07 €/Kg"
Vinho do porto lbv 2004,Cruz,Garrafa de 0.75 l,"10,99 €","14,65 €/L"
Água s/ Gás,Serra de Fafe,Garrafa 6L,"1,04 €","0,17 €/L"
Pêssego Vermelho,Programa Origens,1 un = 150 gr (aprox.),"2,47 €","16,49 €/Kg"
Café solúvel descafeinado,PorSi,Embalagem de 100G,"14,50 €/Kg","14,50 €/Kg"
Pudim morango,Boca Doce,Embalagem de 20g,"0,59 €","29,50 €/Kg"
Leite 0% lactose magro,Mimosa,Garrafa de 1 l,"1,29 €","1,29 €/L"
Infusão melhores digestões,Cemporcent,Embalagem de 10 unidades,"0,99 €","76,15 €/Kg"
Refresco em pó de morango,Tang,Embalagem de 30g,"0,75 €","18,75 €/Kg"
"Recarga ambientador, elétrico, baunilha",Air Wick,Embalagem de 19 ml,"1,79 €","1,79 €/Unidade"
Feijão catarino,PorSi,Embalagem 500G,"0,95 €","1,90 €/Kg"
Folhado Misto 90 g,Pastelaria do Dia,,"0,65 €","0,65 €/Unidade"
"Loção Solar Spray Criança, SPF30",Cabana Sun,Embalagem de 200 ml,"14,99 €","299,80 €/L"
Néctar de romã,Cemporcent,Garrafa de 200 ml,"1,49 €","1,49 €/L"
"Shampoo, laranja",PorSi,Embalagem de 1 l,"1,99 €","1,99 €/L"
Caldo de galinha,PorSi,24 cubos,"3,84 €","24,00 €/Kg"
Boneca Elsa,Frozen,1 unidade,"18,99 €","18,99 €/Unidade"
Cogumelos laminados,Ferbar,Embalagem de 290g,"1,79 €","2,29 €/Kg"
Chocolate maxi 6 barritas,Kinder,Embalagem de 130g,"2,29 €","17,62 €/Kg"
Chá de camomila e erva príncipe,Lipton,20 saquetas,"0,99 €","26,76 €/Kg"
Gin london dry 40,Bulldog,Embalagem de 0.70L,"51,70 €/L","51,70 €/L"
Cereais chocapic,Nestle,Embalagem de 375 g,"5,07 €/Kg","5,07 €/Kg"
Bolachas marítimas clássicas,PorSi Viva Bem,Embalagem de 200g,"2,82 €","9,40 €/Kg"
Vinagre de fruta,PorSi,Embalagem de 500 ml,"0,35 €","0,70 €/L"
Cerveja 0.0%,Sagres,Pack 4 x 0.33 l,"5,99 €","3,03 €/L"
Infusão nº 10 colestrol,Cemporcent,Embalagem de 10 unidades,"0,99 €","76,15 €/Kg"
Champô cacau&côco,Ultra Suave,Embalagem de 400 ml,"5,59 €","13,98 €/L"
"Cera cabelo, indestructible",Studio Line,Embalagem de 75 ml,"5,99 €","79,87 €/L"
Comida Húmida para Gatinhos Mousse com Vitela,Gourmet Diamant,Embalagem de 85 g,"3,49 €","10,26 €/Kg"
Loção Solar Bronzeadora Cenoura FP6,Nivea Sun,Embalagem de 200 ml,"7,09 €","35,45 €/L"
Água mineral natural alcalina,MONCHIQUE,1.5 l,"1,04 €","0,17 €/L"
Lixívia para roupa delicada,Neoblanc,Embalagem de 1 l,"2,19 €","1,10 €/L"
Tomate pelado,Guloso,Embalagem de 800g,"3,84 €","24,00 €/Kg"
Iogurte mix-in chocapic,Nestle,Embalagem de 2 x 118 g,"1,45 €","4,03 €/Kg"
Batata pré-frita tradition,MCCAIN,Embalagem de 1 kg,"2,39 €","3,98 €/Kg"
Licor de anis,On Off,"Garrafa de 0,70 l","16,99 €","24,27 €/L"
Cereais fitness e fruits,Nestle,Embalagem de 380g,"3,45 €","26,74 €/Kg"
Strudel de maçã,PorSi,Embalagem de 550 g,"2,99 €","5,54 €/Kg"
Gomas tropifrutti,Haribo,Embalagem de 100g,"1,09 €","10,90 €/Kg"
Gel pure 3 em 1,Garnier,Embalagem de 150 ml,"2,99 €","59,80 €/L"
Gelatina de morango,Koala,Embalagem de 130g,"1,14 €","8,77 €/Kg"
Batata frita forno originais,Lay's,Embalagem de 150g,"0,87 €","5,44 €/Kg"
Cevada solúvel,Delta,Embalagem de 200 g,"14,50 €/Kg","14,50 €/Kg"
Insecticida recarga,Biokill,Embalagem de 375 ml,"5,09 €","8,48 €/L"
Bolacha integral doce,Vieira,Embalagem de 180g,"0,98 €","3,27 €/Kg"
Ambientador vela odor tabaco,PorSi,1 unidade,"9,49 €","45,19 €/Kg"
Bebida láctea crescimento 3 anos+,Nestle,Embalagem de 1 litro,"0,26 €","1,30 €/L"
Bebida láctea crescimento 1 a 3 anos,Nestle,Embalagem de 1 litro,"0,26 €","1,30 €/L"
"Cotonetes, 100 unidades",Johnson's Baby,1 embalagem,"1,99 €","1,99 €/Unidade"
Cereais lion chocolate/caramelo,Nestle,Embalagem de 400g,"3,45 €","26,54 €/Kg"
Chocolate culinário 70% cacau,Nestle,Embalagem de 170 g,"1,04 €","8,32 €/Kg"
Leite Autobronzeador,Ambre Solaire,Embalagem de 150 ml,"7,09 €","35,45 €/L"
Leite especial crescimento +3 anos,Mimosa,Garrafa de 1 l,"0,26 €","1,30 €/L"
Magnum mini 3 chocolates,Olá,Embalagem de 6 x 55 ml,"5,99 €","16,64 €/L"
Aveia natural,Quaker,Embalagem de 500g,"2,99 €","7,97 €/Kg"
Puré de batata,Saint Eloi,Embalagem de 500 g,"1,99 €","1,99 €/Kg"
"Vela em número, nº 3",PorSi,1 unidade,"0,60 €","0,60 €/Unidade"
Chá verde,PorSi,Embalagem de 37.5 g,"0,99 €","26,76 €/Kg"
Vinho branco regional península de setúbal,Lancers,Garrafa de 750 ml,"8,59 €","11,45 €/L"
Sopa de rabo de boi,Knorr,Embalagem de 70g,"0,84 €","13,55 €/Kg"
Sopa de cebola,Knorr,Embalagem de 50g,"0,84 €","13,55 €/Kg"
Snack para cão adulto com frango,Friskies,Embalagem de 200g,"5,58 €/Kg","5,58 €/Kg"
"Vinho tinto doc dão, reserva",Cabriz,Garrafa de 0.75 l,"3,99 €","5,32 €/L"
Xarope de limão sem corantes,Paquito,Garrafa de 750 ml,"4,89 €","6,61 €/L"
10 pães de leite,PorSi,Embalagem de 350g,"7,40 €/Kg","7,40 €/Kg"
12 ovos codorniz,PorSi,Embalagem de 1 unidades,"2,28 €","2,28 €/Unidade"
Dourada de Viveiro,Peixe do Dia,de 600 a 800g,"2,95 €/Kg","2,95 €/Kg"
Preparado pato desfiado,PorSi,Embalagem de 400g,"3,99 €","3,99 €/Kg"
Aguardente bagaceira,S.domingos,Garrafa de 1 l,"12,79 €","18,27 €/L"
Lambrusco tinto,*,Garrafa de 750 ml,"6,89 €","9,19 €/L"
Croutons com azeite,PorSi,Embalagem de 150g,"0,69 €","3,07 €/Kg"
Achocolatado em pó,Nesquik,Embalagem de 800g,"5,59 €","6,99 €/Kg"
Lixivia perfume fresco,Neoblanc,Embalagem de 2 l,"1,74 €","0,35 €/L"
Barras de cereais nesquik,Nestle,Embalagem de 150g,"3,45 €","26,54 €/Kg"
Açucar granulado,PorSi,Embalagem de 1 kg,"1,49 €","1,49 €/Kg"
Farinheira do fundão,PorSi,Embalagem de 250g,"1,49 €","7,45 €/Kg"
Creme Depilatório Peles Normais,Veet,Embalagem de 200 ml,"10,99 €","73,27 €/L"
Esponja limpa camurça,PorSi,1 unidade,"5,29 €","35,27 €/L"
Fatias vegetarianas c/ legumes,Nobre,Embalagem de 100g,"3,35 €","22,33 €/Kg"
Mostarda a'lancienne,PorSi Select,190 g,"0,70 €","2,33 €/Kg"
Amaciador Concentrado Creations Flor Lótus Lima,Comfort,80 doses,"3,99 €","3,99 €/Unidade"
Salsichas de porco em lata,PorSi,Embalagem de 200g,"0,75 €","3,75 €/Kg"
Nata uht,Agros,Garrafa de 200 ml,"1,12 €","5,60 €/L"
Vinho branco tejo,Alorna,Garrafa de 750 ml,"4,99 €","6,65 €/L"
Rum 3 anos havan club (40º),Havana,Garrafa de 700 ml,"17,49 €","24,99 €/L"
Agrafador universal +400 agrafos,Maped,1 unidade,"1,35 €","1,35 €/Unidade"
Batata doce para fritar,PorSi,Embalagem de 600g,"2,39 €","3,98 €/Kg"
Estendal de roupa com abas resina,PorSi,20 metros,"0,99 €","0,99 €/Unidade"
Abafado Tinto,Vice Rei,Garrafa de 1L,"3,99 €","5,70 €/L"
Leite condensado magro cozido,Nestle,Embalagem de 390g,"1,09 €","2,75 €/Kg"
Cerveja c/ álcool,Super Bock,pack 24 x 0.20 l,"1,99 €/L","1,99 €/L"
Café Moagem Universal do Brasil,PorSi,Embalagem de 220g,"9,16 €/Kg","9,16 €/Kg"
Amaciador concentrado para roupa floral,PorSi,80 doses,"3,99 €","3,99 €/Unidade"
Mousse chocolate,PorSi,Embalagem de 150g,"0,79 €","5,27 €/Kg"
"Salsichas wiennerwurt em frasco, 6 un",Nobre,Embalagem de 250g,"0,75 €","3,75 €/Kg"
Vinho Vinha da Fonte Setúbal tinto,Casa Ermelinda Freitas,Garrafa de 0.75 l,"8,59 €","11,45 €/L"
Salsichas de soja,Cemporcent,Embalagem de 390g,"4,49 €","11,51 €/Kg"
"Escova de dentes macia, 7-13 anos",Labell,1 unidade,"0,99 €","0,99 €/Unidade"
Risott de cogumelos,Trevijano,Embalagem de 280g,"3,49 €","12,46 €/Kg"
Danacol aveia,Danone,Embalagem de 6 x 100 g,"3,99 €","6,65 €/Kg"
Óleo de girassol,PorSi,garrafa de 1 litro,"3,39 €","3,39 €/L"
Mistura solúvel c/ 20% café granulado,PorSi,Embalagem de 200g,"2,29 €","11,45 €/Kg"
"Fraldas Dry Fit, 3-6kg - Tamanho 2",Chicco,Embalagem de 50 unidades,"6,49 €","6,49 €/Unidade"
Barras fitness com chocolate,Nestle,Embalagem de 140g,"3,45 €","26,74 €/Kg"
Ovos Frescos de Galinhas Criadas ao Ar Livre Classe:...,PorSi Bio,Embalagem com 6 unidades,"2,28 €","2,28 €/Unidade"
Rolos de papel multiusos 2 folhas,PorSi,1 unidade,"1,19 €","1,19 €/Unidade"
Feijão encarnado,PorSi,Embalagem de 420 g,"1,79 €","2,29 €/Kg"
Bandas de cera fria peles normais,Veet,Embalagem de 20 unidades,"3,51 €","3,51 €/Unidade"
Whisky,F.grouse,Garrafa de 1 litro,"23,49 €","23,49 €/L"
Vinho doc dão branco,Grao vasco,Garrafa de 750 ml,"3,99 €","5,32 €/L"
Bolacha de água e sal júnior,Vieira,Embalagem de 160g,"0,98 €","3,27 €/Kg"
Kit de viagem,Colgate,pasta dentífrica + escova,"2,39 €","31,87 €/L"
Fermento padeiro,Royal,Embalagem de 27g,"1,89 €","17,18 €/Kg"
Café torrado intensa,Nicola,Embalagem de 250 g,"9,16 €/Kg","9,16 €/Kg"
Detergente máquina roupa em gel universal,Persil,Embalagem de 42 doses,"13,99 €","3,29 €/L"
Esfregona super completa,Vileda,1 unidade,"0,89 €","0,89 €/Unidade"
Livro Pop-Ups - Quinta,Europrice,1 unidade,"5,99 €/Unidade","5,99 €/Unidade"
Linhaça dourada moída,Cemporcent,Embalagem de 200g,"3,99 €","26,60 €/Kg"
"Lava tudo antibacteriano lavanda 1,5l",PorSi,Garrafa de 1.5 l,"0,99 €","0,50 €/L"
Café solúvel c/ cafeína,PorSi,Embalagem de 100g,"14,50 €/Kg","14,50 €/Kg"
Mel multifloral doseador,PorSi,Embalagem de 250g,"4,89 €","9,78 €/Kg"
"Café em grão, lote superior",Delta,Embalagem de 1 kg,"9,16 €/Kg","9,16 €/Kg"
"Engoma fácil, pistola",PorSi,Embalagem de 750 ml,"10,99 €","52,33 €/Kg"
12 pastéis de bacalhau,PorSi,Embalagem de 300 g,"2,99 €","9,97 €/Kg"
"12 lápis de cor, 18cm",Domédia,Uma embalagem,"4,29 €","4,29 €/Unidade"
Adoçante com doseador,PorSi,Embalagem 300 comprimidos,"6,21 €","6,21 €/Unidade"
Água mineral sem gás,S.estrela,pack 4 x 1.5 l,"1,04 €","0,17 €/L"
Acetona,PorSi,Embalagem de 60 ml,"1,89 €","9,45 €/L"
Pensos higiénicos liberty noite abas,Evax,Embalagem com 9 un.,"4,99 €","4,99 €/Unidade"
Barras de cereais frosties,Kellogg's,Embalagem de 150g,"3,45 €","26,54 €/Kg"
Fralda Cueca Banho Splashers T5,Dodot,1 Embalagem c/10 unidades,"8,49 €","8,49 €/Unidade"
Inseticida líquido elétrico recarga,Raid,Pack 3 x 27 ml,"6,39 €","6,39 €/Unidade"
Salsichão fuet caseiro,Elpozo,Embalagem de 150g,"1,35 €","16,88 €/Kg"
Café torrado lote chávena máquina,Delta,Embalagem de 250g,"9,16 €/Kg","9,16 €/Kg"
Sobremesa Paturette Creamy Chocolate,Páturages,Embalagem de 4X115G,"1,19 €","2,59 €/Kg"
Desodorizante roll on dermo invisible,Sanex,Embalagem de 50 ml,"50,80 €/L","50,80 €/L"
Chourico carne das beiras,PorSi,Embalagem de 290g,"1,00 €","5,00 €/Kg"
Achocolatado em pó,Ovomaltine,Embalagem de 400g,"5,59 €","6,99 €/Kg"
Gelado carte d'or yogurt & forest fruit,Olá,Embalagem de 900 ml,"5,49 €","6,10 €/L"
Creme autobrilha incolor,Splendor,40 ml,"2,59 €","64,75 €/L"
Vinho tinto,Enc.bairro,Bag-in-box de 5L,"8,59 €","1,72 €/L"
Loção corporal,Nivea,Embalagem de 400 ml,"11,23 €/L","11,23 €/L"
Colheres de Sopa transparentes,Progelcone,1 Embalagem com 20 uni.,"0,90 €","0,90 €/Unidade"
Canja c/ aletria,Knorr,Embalagem de 70g,"0,84 €","13,55 €/Kg"
Café em cápsulas aqtivus,Delta Q,Embalagem de 55 g,"14,89 €","43,79 €/Kg"
Rebuçados mel e limão,PorSi,Embalagem de 200g,"0,77 €","3,85 €/Kg"
Leite especial cálcio + vitamina d magro,Mimosa,Garrafa de 1 l,"1,29 €","1,29 €/L"
Fermento em pó,PorSi,Embalagem de 150 g,"1,89 €","17,18 €/Kg"
Whisky Swing,Johnnie Walker,"Garrafa de 0,70 l","90,99 €","129,99 €/L"
Butter cookies,PorSi,Embalagem de 450g,"0,90 €","6,00 €/Kg"
Spray madeiras,Cif,435 ml,"1,39 €","1,26 €/L"
Pastilhas ice spearmint,CHICLETS,Embalagem de 17 g,"0,89 €","59,33 €/Kg"
Açorda de camarão,PorSi Select,380 g,"1,91 €","4,78 €/Kg"
Vinho frisante branco,Lapadas,Garrafa de 750 ml,"2,29 €","3,05 €/L"
Pilha alcalina classic lr20x2,Domédia,1 unidade,"1,99 €","1,99 €/Unidade"
Água com gás natural,Perrier,Embalagem de 750ml,"2,85 €","2,85 €/L"
Grão de bico,Caçarola,Embalagem de 500 g,"2,18 €/Kg","2,18 €/Kg"
"Detergente líquido, manual loiça, original",Fairy,"Embalagem de 1,5 l","0,99 €","1,98 €/L"
Polpa de tomate em garrafa,Compal,Embalagem de 500g,"3,84 €","24,00 €/Kg"
Infusão nº 13 diabet control,Cemporcent,Embalagem de 10 unidades,"0,99 €","76,15 €/Kg"
Brandy,Constantin,Garrafa de 700 ml,"11,99 €","17,13 €/L"
Limpa máquinas de loiça limão,PorSi,Embalagem de 250 ml,"1,49 €","5,96 €/L"
Argolas Romana,PorSi,Embalagem de 400 g,"1,91 €","4,78 €/Kg"
Queijo Curado kg,Castelões,1 un = 250 gr  (aprox.),"3,35 €","13,39 €/Kg"
Bandas cera depilatórias corpo pele sensível,Labell,40 unidades,"3,51 €","3,51 €/Unidade"
Ambientador vela fresh berries,Glade,1 unidade com 129 g,"9,49 €","45,19 €/Kg"
Vinho tinto alentejo,ALABASTRO,"Garrafa de 0,75 l","2,89 €","3,85 €/L"
"Tesoura de escritório, 17 cm",Domédia,1 unidade,"2,19 €","109,50 €/L"
Pepinex,Legumes do Dia,1 un=400 g (aprox.),"0,75 €","2,99 €/Kg"
Recarga inseticida eléctrico líquido anti melgas e m...,Raid,60 noites,"6,39 €","6,39 €/Unidade"
Hambúrgueres de peru,PorSi,Embalagem de 4x80g,"2,79 €","8,72 €/Kg"
Polpa de tomate com cebola e alho,Compal,Embalagem de 500g,"3,84 €","24,00 €/Kg"
Queijo brie 60% mg,Páturages,Embalagem de 200 g,"2,60 €","13,00 €/Kg"
Champô cabelos pintados,Labell,Embalagem de 250 ml,"5,59 €","13,98 €/L"
Tostas suecas de trigo,PorSi,Embalagem de 225 g,"0,69 €","3,07 €/Kg"
Bio fermento de padeiro,Vahine,Embalagem de 18g,"3,19 €","177,22 €/Kg"
Tarteletes com recheio morango,PorSi,Embalagem de 96g,"0,79 €","4,49 €/Kg"
"Limpa vidros pistola, cristal",Ajax,Embalagem de 500 ml,"3,19 €","6,38 €/L"
Moscatel de Setúbal,Bacalhoa,Garrafa de 750 ml,"5,99 €","7,99 €/L"
Pilha recarregável 170mAh 9V HR22,Domédia,1 unidade,"1,99 €","1,99 €/Unidade"
Café em grão,Delta,Embalagem de 1 kg,"9,16 €/Kg","9,16 €/Kg"
Intensificador de fragrância máquina lavar roupa pér...,Comfort,Embalagem de 275 g,"9,99 €","36,33 €/Kg"
2 crocantes frango recheio queijo&fiambre 204g,Iglo,Embalagem de 200g,"4,99 €","24,46 €/Kg"
Concentrado manga,Sunquick,Garrafa de 580 ml,"4,89 €","6,61 €/L"
"Sumo natural, beterraba",SONATURAL,Garrafa de 250 ml,"1,09 €","0,73 €/L"
Tablete de chocolate culinário negro,PorSi,Embalagem de 200 g,"0,99 €","4,95 €/Kg"
Bebida energética,Red Bull,Garrafa de 360 ml,"5,39 €","5,39 €/L"
Whisky 8 anos,Grant's,Garrafa de 0.70 l,"90,99 €","129,99 €/L"
"Cera de depilação oriental, pote",Labell,Embalagem de 250 ml,"3,51 €","3,51 €/Unidade"
Bolachas starship tradicional,PorSi,Embalagem de 150g,"0,90 €","6,00 €/Kg"
Vinho rosé mateus emotion,Mateus,Garrafa de 750 ml,"4,29 €","5,72 €/L"
Bolacha vida equilíbrio ameixa e fibra,Cemporcent,Embalagem de 140g,"1,45 €","11,15 €/Kg"
Iogurte Pedaços Pêssego,PorSi,Embalagem de 2x135 g,"0,69 €","1,38 €/Kg"
Vinho regional península de setúbal,Dom Campos,Garrafa de 0.75 l,"8,59 €","11,45 €/L"
Creme culinário soja,PorSi Viva Bem,Embalagem de 200 ml,"4,04 €","26,93 €/L"
Kinder chocolate t24,Kinder,Embalagem de 300g,"2,29 €","17,62 €/Kg"
Óleo Spray Bronzeado Profundo F2,Cabana Sun,Embalagem de 200 ml,"7,09 €","35,45 €/L"
Marmelada com noz,Quinta de Jugais,Embalagem de 500g,"1,09 €","2,42 €/Kg"
Gel de massagem,Durex,Embalagem de 200 ml,"4,49 €","4,49 €/Unidade"
20 saquetas infusão de cidreira,Lipton,Embalagem de 20g,"0,99 €","76,15 €/Kg"
Polpa tomate biológico,Guloso,Embalagem de 500g,"3,84 €","24,00 €/Kg"
Caldo de galinha 24 cubos,Knorr,Embalagem de 240g,"3,84 €","24,00 €/Kg"
Sidra maçã,Bandida,Lata de 500 ml,"1,59 €","3,18 €/L"
Descafeinado,Nestlé,Embalagem de 100 g,"4,39 €","43,90 €/Kg"
Vinho doc branco alentejo antão vaz,Vila dos Gamas,Garrafa 0.75L,"2,89 €","3,85 €/L"
Paté de atum,PorSi,Embalagem de 65 g,"1,19 €","13,52 €/Kg"
Vinho regional península de setúbal reserva,Periquita,Garrafa de 0.75 l,"8,59 €","11,45 €/L"
Atum ao natural,Ramirez,Embalagem de 120g,"9,08 €/Kg","9,08 €/Kg"
Lixívia tradicional,PorSi,Embalagem de 2 l,"1,74 €","0,35 €/L"
Vinho bag-in-box branco,C.alqueva,Garrafa de 5 l,"9,49 €","1,90 €/L"
Néctar 8 frutos,Bongo,Pack 3 x 200 ml,"0,99 €","0,99 €/L"
"Pasta dentífrica, dentes/gensivas sensitive",Labell,Embalagem de 75 ml,"2,39 €","31,87 €/L"
Milho doce,PorSi,Embalagem de 3 x 140 g,"1,79 €","2,29 €/Kg"
Anti-Traça Gel Lavanda,Dum Dum,2 unidades,"4,69 €","4,69 €/Unidade"
"Escova dentes, proteção global suave, 2 unidades",Labell,1 embalagem,"3,54 €","3,54 €/Unidade"
Massa pevide,Nacional,Embalagem de 250g,"0,89 €","1,78 €/Kg"
Café moagem normal: original,Buondi,Embalagem de 220g,"3,49 €","13,96 €/Kg"
Leite C/ Chocolate,Mimosa,Embalagem de 4 x 200 ml,"0,26 €","1,30 €/L"
Lambrusco branco,Sorbello,Garrafa de 0.75 l,"6,89 €","9,19 €/L"
Acetona,PorSi,Embalagem de 250 ml,"1,89 €","9,45 €/L"
Limpa Moveis Multi Superfícies,Pronto,300 ml,"1,39 €","1,26 €/L"
Papel higiénico compacto 2 folhas,PorSi,18 = 36 Rolos,"5,89 €","5,89 €/Unidade"
Cerveja com álcool abadia,Super Bock,pack 6 x 0.33 l,"1,99 €/L","1,99 €/L"
"Cera cabelo, Paste Urban",Axe,Embalagem de 130 ml,"5,99 €","79,87 €/L"
"Iogurte pedaços, frutimax muesli",PorSi,Embalagem de 4 x 125 g,"1,44 €","2,88 €/Kg"
Protetor de cantos,Pommette,embalagem com 4 unidades,"2,19 €","2,19 €/Unidade"
1ª papa láctea multifrutos sem glúten +4 meses,Cerelac,Embalagem de 250g,"4,49 €","4,49 €/Kg"
Lentilhas vemelhas,PorSi Viva Bem,Embalagem de 500 g,"1,19 €","2,38 €/Kg"
Salsichas Frankfurt em lata,Izidoro,Embalagem de 120g,"0,75 €","3,75 €/Kg"
Bolacha de manteiga belga c/ chocolate,Saborosa,Embalagem de 200g,"1,69 €","6,76 €/Kg"
Batata frita palha,PorSi,Embalagem de 160g,"0,87 €","5,44 €/Kg"
Sobremesa danette duplo baunilha e caramelo,Danone,Embalagem de 4 x 125 g,"1,19 €","2,59 €/Kg"
Eclair de Chocolate 75 g,Pastelaria do Dia,,"0,30 €/Unidade","0,30 €/Unidade"
Bacon Extra fatiado,Porminho,Embalagem 80g,"1,45 €","18,13 €/Kg"
Tira Nódoas em Gel Cores,Skip,1.6 l,"10,99 €","52,33 €/Kg"
Iogurte tipo grego maracujá,PorSi,Embalagem de 4 x 125 g,"2,99 €","6,80 €/Kg"
Sortido bolacha princesa,Vieira,Embalagem de 400g,"3,74 €","9,35 €/Kg"
Lixívia Spray Mousse Flor,Neoblanc,Embalagem de 700ml,"2,59 €","1,30 €/L"
Tweens Lexi Gurl,LOL,1 unidade,"14,99 €/Unidade","14,99 €/Unidade"
Lixívia Spray Mousse,Neoblanc,Embalagem de 700ml,"2,59 €","1,30 €/L"
"Sabonete líquido de leite de amêndoas, recarga",Palmolive,Embalagem de 300 ml,"1,19 €","3,97 €/L"
Aveia instantânea em pó,Prozis,"Embalagem de 1,25 kg","4,49 €","11,51 €/Kg"
"Lapis para olhos, com show, 100ult, black",Maybelline,1 unidade,"7,49 €","7,49 €/Unidade"
"Bolachas aperitivas, simples",Tuc,Embalagem de 100g,"2,82 €","9,40 €/Kg"
Iguarias Pota com Alho,Pitéu,Embalagem de 120 g,"9,08 €/Kg","9,08 €/Kg"
Spray renova camurça incolor,PorSi,Embalagem de 200 ml,"2,89 €","14,45 €/L"
Massas alimentícias laços,PorSi,Embalagem de 500g,"0,89 €","1,78 €/Kg"
Rebuçados mini café,PorSi,Embalagem de 200g,"1,59 €","6,36 €/Kg"
Bolacha shortcake,Nacional,Embalagem de 180g,"1,69 €","6,76 €/Kg"
Cápsulas de café delta qualidus,Delta Q,Embalagem de 60g,"14,89 €","43,79 €/Kg"
Chocolate negro com avelã e caramelo,Nestle,Embalagem com 115 g,"4,09 €","14,82 €/Kg"
Oatibix aveia,Weetabix,Embalagem de 500g,"3,99 €","26,60 €/Kg"
Caramelos de leite,Penha,Embalagem de 100g,"2,75 €","11,00 €/Kg"
Tostas dietéticas,Diatosta,Embalagem de 225 g,"1,34 €","5,96 €/Kg"
Tamaras,PorSi,Embalagem de 200g,"0,79 €","3,95 €/Kg"
Cerveja com álcool,Kings Bräu,"Embalagem de 0,33 l","1,99 €/L","1,99 €/L"
Vassoura pequena,PorSi,unidade,"2,20 €","2,20 €/Unidade"
Doce framboesa e romã,ST.DALFOUR,Frasco de 284g,"4,39 €","15,46 €/Kg"
Spray calcário e sujidade,Cillitbang,Garrafa de 500 ml,"1,19 €","0,79 €/L"
Bolacha cookie sensations choco,Milka,Embalagem de 160g,"0,90 €","6,00 €/Kg"
Papa infantil não láctea bolacha maria +6 meses,Cerelac,Embalagem de 250g,"4,49 €","4,49 €/Kg"
Néctar vital equilibrio laranja/cenoura/manga,Compal,Embalagem de 1 l,"0,99 €","0,99 €/L"
Barras fitness natural 141g,Nestle,Embalagem de 140g,"3,45 €","26,54 €/Kg"
Crepe simples,PorSi,Embalagem de 630g,"2,99 €","5,54 €/Kg"
Wrap misto,Snock,Embalagem de 190g,"0,65 €","0,65 €/Unidade"
Bolachas água e sal doces,Vieira,Embalagem de 170g,"0,98 €","3,27 €/Kg"
Kinder delice cacau,Kinder,Embalagem de 400g,"2,05 €","5,13 €/Kg"
Biscoitos integrais sementes de agave,PorSi Viva Bem,Embalagem de 150g,"0,69 €","3,45 €/Kg"
Batata Nova a Granel,Vitacress,1 un = 250 gr  (aprox.),"0,67 €","2,69 €/Kg"
Vinagre balsâmico modena,Gallo,Garrafa de 500 ml,"0,35 €","0,70 €/L"
Surprise 707 OMG Swag,LOL,1 unidade,"14,99 €/Unidade","14,99 €/Unidade"
Assador Castanhas em Barro,Gratta,Diam.: 20 cm,"7,49 €/Unidade","7,49 €/Unidade"
Surprise remix doll,LOL,1 unidade,"14,99 €/Unidade","14,99 €/Unidade"
Iogurte líquido morango,PorSi,Embalagem de 4 x 160 g,"1,17 €","1,83 €/Kg"
Bolacha maria junior doces,Vieira,Embalagem de 280g,"2,11 €/Kg","2,11 €/Kg"
"Refeição pronta, boião de legumes e vitela",Bledina,Embalagem de 200g,"1,89 €","9,95 €/Kg"
SuperCeys,Ceys,1 unidade,"3,19 €","3,19 €/Unidade"
Tablete de chocolate de culinária - sem açúcar,PorSi Viva Bem,Embalagem de 100 g,"1,04 €","8,32 €/Kg"
Spray wc anticalcário,PorSi,embalagem de 750 ml,"3,99 €","7,98 €/L"
Napolitanas creme cacau,PorSi,Embalagem de 320g,"1,77 €","5,53 €/Kg"
Café moagem universal brasil,Delta,Embalagem de 220g,"3,49 €","13,96 €/Kg"
Néctar bio laranja,Paquito,"Embalagem de 1,5 l","1,39 €","1,39 €/L"
Ice tea limão,Lipton,Embalagem de 1L,"1,90 €","1,27 €/L"
Super tea boost com vitamina b6,Tetley,Embalagem de 40g,"1,19 €","59,50 €/Kg"
"Pilha alcalina, hightech lr6X8",Domédia,1 unidade,"1,99 €","1,99 €/Unidade"
Sacos higiénicos para animal,Canaillou,4 x 20 unidades,"1,19 €","0,24 €/Kg"
Pasta dentífrica herbal branqueadora,Colgate,Embalagem de 75 ml,"2,39 €","31,87 €/L"
Entrecosto de porco fatiado,PorSi,Embalagem de 1 kg,"2,49 €","12,45 €/Kg"
Vinho branco tejo chardonnay,Fiuza,Garrafa de 750 ml,"4,99 €","6,65 €/L"
Pai Natal de Chocolate,PorSi,Embalagem de 125 g,"2,29 €","17,62 €/Kg"
Batata frita palha,PorSi,Embalagem de 500g,"0,87 €","5,44 €/Kg"
Bolachas choco mini estrelas,Milka,Embalagem de 190g,"2,78 €/Kg","2,78 €/Kg"
Redfish Médio (200/500),Peixe Congelado,de 200 a 500g,"1,40 €","6,98 €/Kg"
Óleo para wok youwok,Youwok,Garrafa de 250 ml,"3,39 €","3,39 €/L"
Iogurte morango 000%,PorSi Viva Bem,Embalagem de 4 x 125 g,"1,44 €","2,88 €/Kg"
Café solúvel em saquetas,Nescafe,Embalagem de 45 g,"14,50 €/Kg","14,50 €/Kg"
Rebuçado recheio morango,PorSi,Embalagem de 250g,"1,00 €","5,00 €/Kg"
Salsichas em lata,PorSi,Embalagem  de 120 g,"0,75 €","3,75 €/Kg"
Queijo Flamengo Bola,Limiano,1 un = 250 gr  (aprox.),"2,62 €","10,49 €/Kg"
Chispalhada com feijão,Nobre,Embalagem de 420g,"2,19 €","5,21 €/Kg"
Petit gateau morango 4x80g,PorSi,Embalagem de 320g,"2,99 €","5,54 €/Kg"
Porto 10 anos,Valadao,Garrafa de 750 ml,"10,99 €","14,65 €/L"
Sumo concentrado de laranja,GUD,Garrafa de 740 ml,"4,89 €","6,61 €/L"
Água s/ gás,Luso,"Garrafa de 0,75 l","1,04 €","0,17 €/L"
Bolachas chiquilin,Artiach,Embalagem de 180g,"1,69 €","6,76 €/Kg"
Cerveja com álcool,Sagres,Garrafa de 1 l,"1,99 €/L","1,99 €/L"
Cenoura kids,Vitacress,Embalagem de 130g,"0,13 €","1,27 €/Kg"
Compal da horta concentrado tomate,Compal,Embalagem de 140g,"3,84 €","24,00 €/Kg"
Gel de Banho Shea Butter & Vanilla,Dove,Embalagem de 750 ml,"6,49 €","8,65 €/L"
Lambrusco rose,*,Garrafa de 750 ml,"2,29 €","3,05 €/L"
Fruta para bebé maçã banana morango +8 meses,Nestle,Embalagem de 90g,"0,74 €","8,22 €/Kg"
Amaciador roupa citrus,Bot.origin,45 doses,"8,99 €","2,25 €/L"
Gel wc tripla ação c/ lixívia,Harpic,Garrafa de 750 ml,"3,99 €","7,98 €/L"
Vinho verde branco,Presidente,Garrafa de 0.75 l,"3,09 €","3,09 €/L"
Pera conference categoria: II,*,Vendido ao peso a partir de 300 g,"0,36 €","1,99 €/Kg"
Leite com chocolate original,Ucal,Embalagem de 6 x 250 ml,"0,26 €","1,30 €/L"
Máquina Depilatória Descartável 3 Sensitive,Bic,Embalagem com 4+2 unidades,"3,29 €","3,29 €/Unidade"
Néctar clássico tutti frutti,Compal,Garrafa de 200 ml,"0,99 €","0,99 €/L"
Sidra maçã,Somersby,pack 4 x 0.33 l,"1,59 €","3,18 €/L"
Balde com pedal branco,PorSi,Capacidade: 7 litros,"2,50 €","2,50 €/Unidade"
"Inseticida, recarga, elétrico, pack 2",Raid,1 embalagem com 2x27ml,"6,39 €","6,39 €/Unidade"
Spray desinfetante cozinha,Lysol,Embalagem de 500 ml,"4,49 €","5,99 €/L"
Aroma de limão,Vahine,Embalagem de 20g,"1,89 €","17,18 €/Kg"
20 mini rissóis de camarão,PorSi,Embalagem de 300 g,"2,99 €","9,97 €/Kg"
Cartucho com gás CP-206,Campingaz,1 unidade,"9,99 €","9,99 €/Unidade"
Senses Tropical,Trident,1 un.,"0,89 €","59,33 €/Kg"
Petit gâteau,PorSi,Embalagem de  4 x 80 g,"2,99 €","5,54 €/Kg"
Smint 2H intense mint,Smint,Embalagem de 35g,"1,00 €","5,00 €/Kg"
Sopa Creme de Marisco,PorSi,Embalagem de 80 g,"0,84 €","13,55 €/Kg"
"Refrigerante com gás cola, mini lata",Coca-Cola,pack 12 x 0.15 l,"0,40 €/L","0,40 €/L"
Spray desinfetante casa de banho,Lysol,Embalagem de 500 ml,"3,99 €","7,98 €/L"
Aipo com Rama,Programa Origens,1 un = 1 kg (aprox.),"0,75 €","2,99 €/Kg"
Pizza marguerita,PorSi,Embalagem de 2 x 300 g,"2,16 €","6,17 €/Kg"
Sal de mesa,PorSi,Embalagem de 250 g,"2,29 €","30,53 €/Kg"
Vinho verde branco,Torre de menagem,"Garrafa de 0,75 l","3,09 €","3,09 €/L"
Preparo para bolo de chocolate,Branca de Neve,Embalagem de 450g,"0,79 €","5,27 €/Kg"
Salsichas Frankfurt em lata,Izidoro,Embalagem de 250g,"0,75 €","3,75 €/Kg"
Carcaça Forno de Pedra,Pão do Dia,1 un = 60 gr (aprox.),"0,19 €","2,71 €/Kg"
Sumo essencial kids,Compal,pack 3 x 0.11 l,"2,09 €","6,33 €/L"
Noodle banzai carne,Cigala,Embalagem de 70g,"0,89 €","1,78 €/Kg"
"Creme de depilação duche, peles normais",Veet,Garrafa de 150 ml,"10,99 €","73,27 €/L"
Gel Lubrificante natural play,Durex,Embalagem de 50 ml,"4,49 €","4,49 €/Unidade"
Coleira repelente para gatos,Repul' 7,Embalagem de 1 unidades,"8,75 €","8,75 €/Unidade"
Bolacha vida equilíbrio aveia e canela,Cemporcent,Embalagem de 140g,"1,45 €","11,15 €/Kg"
Desinfetante p/ Cozinha,Sanytol,Embalagem de 750 ml,"4,49 €","5,99 €/L"
Cajus tostados no forno,Matutano,Embalagem de 90g,"0,79 €","7,90 €/Kg"
Leite UHT Meio Gordo,Gresso,Embalagem de 1 l,"0,78 €","0,78 €/L"
Bolacha digestive s/ gluten,Gullon,Embalagem de 150g,"2,69 €","17,93 €/Kg"
Pão ralado alho e salsa,PorSi,Embalagem de 240 g,"0,55 €","2,29 €/Kg"
"Refresco em pó, tropical",Tang,Embalagem de 30g,"0,75 €","18,75 €/Kg"
Vinho do porto white,Cruz,Garrafa de 750 ml,"11,99 €","15,99 €/L"
Bambolitos brancos,PorSi,Embalagem de 150g,"0,79 €","5,27 €/Kg"
Barras fitness com morango,Nestle,Embalagem de 140g,"3,45 €","26,74 €/Kg"
Nata uht para bater,Gresso,Garrafa de 200 ml,"1,12 €","5,60 €/L"
Néctar tutti-fruti,Compal,Pack 3 x 200 ml,"0,99 €","0,99 €/L"
Néctar biológico de maçã,Paquito,"Embalagem de 1,5 l","1,39 €","1,39 €/L"
Bife de atum,PorSi,Embalagem de 400 g,"4,39 €","10,98 €/Kg"
Alimento lácteo sem açucar com sabor a pêssego/banan...,Yogolino,Embalagem de 4 x 100 gr,"2,89 €","7,23 €/Kg"
Refrigerante sem gás laranja,Trina,"Garrafa de 1,5 l","1,90 €","1,27 €/L"
Bastão de Cola,Domédia,10 g,"2,19 €","109,50 €/L"
Napolitas creme baunilha,PorSi,Embalagem de 320g,"2,05 €","5,13 €/Kg"
Caldo de galinha 16 cubos,Knorr,Embalagem de 160g,"3,84 €","24,00 €/Kg"
Forma de papel para bolos 6. 8cm,PorSi,Embalagem com 60 unidades,"0,99 €","0,99 €/Unidade"
Canelones à bolonhesa,PorSi,Embalagem de 1 kg,"3,99 €","3,99 €/Kg"
Polpa de maracuja,PorSi,Embalagem de 565g,"1,99 €","2,37 €/Kg"
Vinho maduro branco,C.da eira,Garrafa de 1 l,"0,69 €","2,76 €/L"
"Aperitivos, amendoins no forno",Matutano,Embalagem de 200g,"0,79 €","7,90 €/Kg"
Bolachinhas,Cerelac,Embalagem de 180g,"3,49 €","19,39 €/Kg"
Bandas de cera facial peles normais,Veet,Embalagem de 20 unidades,"3,51 €","3,51 €/Unidade"
Bolacha dourada dietnature,Gullon,Embalagem de 330g,"2,11 €/Kg","2,11 €/Kg"
Gel Banho Apollo,Axe,Embalagem de 400 ml,"5,99 €","14,98 €/L"
Sumo natural de maçã bio,Cemporcent,Garrafa de 1 l,"1,49 €","1,49 €/L"
Pensos Higiênicos com Abas Super,Ausonia,embalagem com 12 un.,"4,99 €","4,99 €/Unidade"
Cereais fitness chocolate preto,Nestle,Embalagem de 375g,"3,45 €","26,74 €/Kg"
Cerveja sem álcool,Super Bock,Pack 6 x 20 cl,"5,99 €","3,03 €/L"
Nectar vital equilibrio ananás/coco,Compal,Embalagem de 1 l,"0,99 €","0,99 €/L"
Gelatina frutos tropicais  10kcal,Royal,Embalagem de 30g,"0,55 €","61,11 €/Kg"
"Creme de dia, age perfect",L'oreal,Embalagem de 50 ml,"2,99 €","59,80 €/L"
Azeite virgem extra bio frutado,Gallo,Garrafa de 750 ml,"3,19 €","4,25 €/L"
Carro de Corrida de Rua,Lego,1 unidade,"10,99 €/Unidade","10,99 €/Unidade"
Snack dentastix grande,Pedigree,Embalagem de 270 g,"5,58 €/Kg","5,58 €/Kg"
Manteiga amendoim cremosa,PorSi,Embalagem de 340g,"4,24 €","12,47 €/Kg"
Pasta dentífrica branco intenso,Aquafresh,Embalagem de 75 ml,"2,39 €","31,87 €/L"
Bolacha Maria Integral,PorSi,Embalagem de 600g,"0,98 €","3,27 €/Kg"
"Vinho regional península de setúbal, colheita seleci...",Adega de Pegões,Garrafa de 0.75 l,"8,59 €","11,45 €/L"
Luvas Universal Média/Grande,Vileda,1 unidade,"2,40 €","2,40 €/Unidade"
Bolachas crackers c/ sal,Du bois,Embalagem de 500g,"0,39 €","3,12 €/Kg"
Sidra maçãs ácidas,Bandida do Pomar,lata de 0.5 l,"1,59 €","3,18 €/L"
Licor de anis,Xarao,Garrafa de 700 ml,"16,99 €","24,27 €/L"
Bolachas de aveia e trigo integral,PorSi Viva Bem,Embalagem de 240g,"2,82 €","9,40 €/Kg"
Rum spiced,Bacardi,Garrafa de 700 ml,"17,49 €","24,99 €/L"
Fermento de padeiro em pó,Fermipan,Embalagem de 4x11 g,"1,89 €","17,18 €/Kg"
Bebida energética,Red Bull,Pack 4 x 0.25 l,"5,39 €","5,39 €/L"
Spray limpeza casa de banho,Cillitbang,Embalagem de 500 ml,"3,99 €","7,98 €/L"
"Queijo flamengo, ralado",Terra Nostra,Embalagem de 150g,"2,15 €","14,33 €/Kg"
"Bolacha belvita soft brakes, frutos vermelhos",Belvita,Embalagem de 250g,"0,98 €","3,27 €/Kg"
Aperfeiçoador BB Cream Oil Free Médio,Garnier,Embalagem de 40 ml,"2,99 €","59,80 €/L"
"Absorvedores de odores, relax zen",Brise,Embalagem de 2x150g,"16,63 €/L","16,63 €/L"
Natas para café,President,Embalagem de 10X10G,"1,12 €","5,60 €/L"
Maçã Golden 70/75,Programa Origens,1 un = 180 gr (aprox.),"0,36 €","1,99 €/Kg"
Leite s/ lactose meio gordo,Mimosa,Garrafa de 1 l,"1,29 €","1,29 €/L"
Escova de Dentes 1-2-3 Shiny Clean,Oral B,4 unidades,"3,54 €","3,54 €/Unidade"
Puré de maçã em frasco,Andros,Embalagem de 730g,"5,99 €","19,97 €/Kg"
Cappuccino intenso,Nescafe,Embalagem de 130g,"3,19 €","25,52 €/Kg"
Barras de cereais de trigo integral com chocolate e ...,Nestle,Embalagem de 135 g,"3,45 €","26,54 €/Kg"
Amaciador G. Maravilhosa,Ultra Suave,Embalagem de 400 ml,"1,00 €","5,00 €/L"
"Amaciador de roupa, pure",Comfort,Garrafa de 4 l,"8,99 €","2,25 €/L"
Pasta de atum,Fides,Embalagem de 90g,"1,19 €","13,52 €/Kg"
Gelatina morango 10kcal,Royal,Embalagem de 30g,"0,55 €","61,11 €/Kg"
Óleo Bronzeador Coco,Ambre Solaire,Embalagem de 200 ml,"7,09 €","35,45 €/L"
Óleo Cedro Líquido,PorSi,Embalagem de 200 ml,"1,39 €","1,26 €/L"
Bandas de cera fria facial,Labell,Embalagem com 20 un. + 4 toalhitas de acabamento,"3,51 €","3,51 €/Unidade"
Napolitanas creme cacau,PorSi,Embalagem de 320g,"2,05 €","5,13 €/Kg"
Cereais argolas de mel,PorSi,Embalagem de 375 g,"5,07 €/Kg","5,07 €/Kg"
Creme depilatório para peles normais,Labell,Embalagem de 200 ml,"10,99 €","73,27 €/L"
Lixívia tradicional,PorSi,Embalagem de 1 l,"1,74 €","0,35 €/L"
Gelado fizz limão,Olá,Embalagem de 6 x 60 ml,"5,99 €","16,64 €/L"
Spray power&shine casa de banho,Cif,Garrafa de 750 ml,"3,99 €","5,32 €/L"
Vinho branco,PorSi,embalagem de  3X187 ml,"0,69 €","2,76 €/L"
Leite de transição Optipro 2 +6 meses,NAN,Embalagem de 800g,"22,39 €","27,99 €/Kg"
Casa mateus temporada - morango   6x350g,Casa de Mateus,Embalagem de 350g,"4,89 €","19,56 €/Kg"
Cereais chocapic,Nestle,Embalagem de 630g,"5,07 €/Kg","5,07 €/Kg"
Massa de pontinha grossa,Nacional,Embalagem de 250g,"0,89 €","1,78 €/Kg"
Peito de frango,PorSi,"Vendido ao peso, fatiado a partir de 150 g","1,44 €","9,59 €/Kg"
Iogurte activia natural,Danone,Embalagem de 4 x 120 g,"2,79 €","6,07 €/Kg"
"Barra especial k, chocolate de leite",Kellogg's,Embalagem de 130g,"3,45 €","26,54 €/Kg"
Água com gás,Vimeiro,pack 6 x 0.25 l,"2,85 €","2,85 €/L"
Chá infusão sene,Cemporcent,Embalagem de 13g,"1,14 €","114,00 €/Kg"
Néctar de 8 frutos,Bongo,Garrafa de 1 l,"0,99 €","0,99 €/L"
Leite uht magro,Mimosa,Embalagem de 1 litro,"0,78 €","0,78 €/L"
Cha infusão vermelho,Cemporcent,Embalagem com 10 saquetas,"1,14 €","114,00 €/Kg"
Feijão frade,Compal,Lata de 410 ml,"1,79 €","2,29 €/Kg"
"Alimento húmido para gato +1 ano, sabor a aves",Whiskas,Embalagem de 400g,"3,49 €","10,26 €/Kg"
Leite Reparador Tesouros de Mel,Ultra Suave,Embalagem de 400 ml,"11,23 €/L","11,23 €/L"
Rum carta blanca,Bacardi,Garrafa de 700 ml,"17,49 €","24,99 €/L"
Arroz basmati,PorSi,Embalagem de 1 kg,"0,99 €","0,99 €/Kg"
"Chocolate de leite com passas, avelãs e amêndoas",Nestle,Embalagem com 195 g,"4,09 €","14,82 €/Kg"
Ovos galinha solo m,PorSi,6 ovos,"1,39 €","1,39 €/Unidade"
Francesinha,PorSi,Embalagem de 450G,"3,53 €","8,83 €/Kg"
Café solúvel viena,Nescafe,Embalagem de 140g,"14,50 €/Kg","14,50 €/Kg"
Mexilhão Médio Fresco,Marisco Fresco,Vendido ao peso,"0,90 €","2,99 €/Kg"
Gelatina de ananás,Koala,Embalagem de 130g,"1,14 €","8,77 €/Kg"
Bolacha chocomax mini,Nacional,Embalagem de 120 g,"0,90 €","6,00 €/Kg"
"Gel After sun, Aloé Vera",Cabana Sun,Embalagem de 200 ml,"7,49 €","37,45 €/L"
"Fermento em pó, lata",Royal,Embalagem de 110g,"1,89 €","17,18 €/Kg"
Circuito fechado rosa -5º,Redex,Embalagem de 5 l,"41,99 €","8,40 €/L"
Arroz integral,PorSi Viva Bem,Embalagem de 1 kg,"0,99 €","0,99 €/Kg"
Batata frita gourmet,PorSi,Embalagem de 150g,"1,06 €","5,73 €/Kg"
Baguete,*,400 g,"0,19 €","2,71 €/Kg"
Delícias em forma de lagosta,Pescanova,Embalagem de 260g,"2,19 €","8,59 €/Kg"
"Limpa vidros pistola, tripla acção",Ajax,Embalagem de 500 ml,"3,19 €","6,38 €/L"
Vinho verde branco,Irreversível,Garrafa 0.75L,"3,09 €","3,09 €/L"
Gel de Banho Corpo e Cabelo Hidratante,Baby Dove,Embalagem de 400 ml,"1,99 €","1,99 €/Unidade"
Bombons Caixa Dourada c/ Laço,Belgian,Embalagem de 100G,"1,84 €","36,80 €/Kg"
Açúcar amarelo,PorSi,Embalagem de 1 kg,"1,49 €","1,49 €/Kg"
Caffe latte go chill,Delta,230 ml,"3,19 €","25,52 €/Kg"
Néctar vital equilíbrio frutos vermelhos,Compal,Garrafa de 200 ml,"0,99 €","0,99 €/L"
Whisky gold heritage,Label 5,"Garrafa de 0,70 l","23,49 €","23,49 €/L"
Mandioca,Legumes do Dia,1 un=500 gr (aprox.),"0,75 €","2,99 €/Kg"
Óleo de coco extra virgem,Koala,Garrafa de 180 ml,"3,39 €","3,39 €/L"
Doce de tomate 60% fruta,Cemporcent,Embalagem de 280g,"5,99 €","19,97 €/Kg"
Leite uht meio gordo,Mimosa,Embalagem de 1 litro,"0,78 €","0,78 €/L"
Tentáculos pota,PorSi,Embalagem de 800G,"5,49 €","6,86 €/Kg"
Creme de fixação para dentaduras,Labell,Embalagem de 50 g,"7,39 €","105,57 €/Kg"
Chupa original,Chupachups,Embalagem de 120g,"3,40 €","28,33 €/Kg"
Iogurte bio natural,Páturages,Embalagem de 4 x 125 g,"1,39 €","9,59 €/Kg"
Ice tea pêssego,Lipton,Garrafa de 2 l,"1,90 €","1,27 €/L"
Néctar de pera,PorSi,Pack 3 x 200 ml,"0,99 €","0,99 €/L"
Agrafador + 400 agrafos,Domédia,Uma embalagem,"2,19 €","109,50 €/L"
Cocktail melão,Bar Royal,Garrafa de 750 ml,"8,99 €","14,98 €/L"
"Alimento seco para cão, croquetes pro adulto",PorSi Select,Embalagem de 4 Kg,"1,15 €/Kg","1,15 €/Kg"
Iogurtes Corpos Danone Pedaços de Pêssego e Maracujá,Danone,Embalagem de 4 x 115 g,"1,44 €","2,88 €/Kg"
Sumo natural de uva preta bio,Cemporcent,Garrafa de 1 l,"1,49 €","1,49 €/L"
"Ice tea, pêssego",PorSi,"Embalagem de 6x0,20 l","1,90 €","1,27 €/L"
Chocolate em pó 70% cacau,STARBUCKS,Embalagem de 300g,"5,59 €","6,99 €/Kg"
"Paté de sarinha, atum e marisco",Fides,Embalagem de 90g,"1,19 €","13,52 €/Kg"
Churritos,PorSi,Embalagem de 240g,"2,05 €","5,13 €/Kg"
Queijo de cabra,Palhais,Embalagem de 200g,"4,75 €","18,99 €/Kg"
Aperitivos de amendoim com sal e mel,Matutano,Embalagem de 150g,"0,79 €","7,90 €/Kg"
Collagen + magnesium frutos do bosque,Prozis,Embalagem de 300g,"14,99 €","37,48 €/Kg"
Edredão polar padrões sortidos | Dim.: 240 x 220 cm,VZT,Saiba mais nas informações deste produto,"10,99 €","10,99 €/Unidade"
Bebida energética green,Monster,Garrafa de 500 ml,"5,39 €","5,39 €/L"
Iogurte liquido stracciatella,PorSi,Embalagem de 4 x 160 g,"1,17 €","1,83 €/Kg"
Bolachas maria,Triunfo,Embalagem de 200g,"2,11 €/Kg","2,11 €/Kg"
Inseticida baratas e formigas,Dum Dum,Embalagem de 400 ml,"5,09 €","8,48 €/L"
Coca-cola light,Coca-Cola,Garrafa de 1 l,"0,40 €/L","0,40 €/L"
Leite pasteurizado gordo,Vigor,Garrafa de 1 l,"1,09 €","1,09 €/L"
Crispies de arroz +,Cemporcent,Embalagem de 250g,"1,54 €","3,08 €/Kg"
Gelatina ananás 8 kcal,PorSi,Embalagem de 4 x 100 g,"1,14 €","8,77 €/Kg"
Farinha rainha c/ fermento,Nacional,Embalagem de 1000 g,"1,99 €","1,99 €/Kg"
Infusão de frutos vermelhos,Tetley,Embalagem de 20g,"1,19 €","59,50 €/Kg"
Gin London Dry,Gordons,Garrafa de 1 l,"51,70 €/L","51,70 €/L"
Fraldas agility T5 de 13 a 18 kg,PorSi,44 unidades,"6,49 €","6,49 €/Unidade"
Sombrinhas de Natal,Regina,Embalagem de 35 g,"2,29 €","17,62 €/Kg"
15 barrinhas pescada,Pescanova,Embalagem de 450g,"9,30 €/Kg","9,30 €/Kg"
"Escova de cabelo, esqueleto",Labell,Embalagem com 1 unidade,"3,99 €","3,99 €/Unidade"
Vinho verde branco alvarinho,Contacto,Garrafa de 0.75 l,"3,09 €","3,09 €/L"
Leite uht magro,PorSi,Embalagem de 1 litro,"0,78 €","0,78 €/L"
Leite regular 2,Aptamil,Embalagem de 800 g,"22,39 €","27,99 €/Kg"
Arroz agulha,Saludães,Embalagem de 1kg,"0,99 €","0,99 €/Kg"
Queijo de cabra atabafado,Monforqueijo,180 g,"4,75 €","18,99 €/Kg"
Ração para gato indoor,Purina One,Embalagem de 800g,"12,99 €","4,33 €/Kg"
Soft 3 Funções,Nenuco,1 unidade,"14,99 €/Unidade","14,99 €/Unidade"
Azeite tradição,Oliveira da Serra,Embalagem 3L,"3,19 €","4,25 €/L"
Ambientador recarga lavanda,Air Wick,Garrafa de 250 ml,"1,79 €","1,79 €/Unidade"
Bolachas vitalday recheio iogurte c/ frutos vermelho...,Gullon,Embalagem de 220g,"1,45 €","11,15 €/Kg"
Massa de argolinhas,Nacional,Embalagem de 250g,"0,89 €","1,78 €/Kg"
Chocolate cereali 4 barritas,Kinder,Embalagem de 940g,"2,29 €","17,62 €/Kg"
Néctar pêssego,Compal,Pack 3 x 200 ml,"0,99 €","0,99 €/L"
Queijo fundido light,Président,Embalagem de 250 g,"3,68 €","13,14 €/Kg"
Massa esparguete,PorSi,Embalagem de 500g,"0,89 €","1,78 €/Kg"
Esparguete fino,Nacional,Embalagem de 500g,"0,89 €","1,78 €/Kg"
Natas pasteurizadas para bater,Nestle,Embalagem de 200 ml,"1,12 €","5,60 €/L"
Vinho tinto regional tejo reserva,Alorna,Garrafa de 0.75 l,"4,99 €","6,65 €/L"
Fermento,Royal,Embalagem de 230g,"1,89 €","17,18 €/Kg"
Tubo de Confetis 50 cm,Mercagranel,1 un.,"0,59 €","0,59 €/Unidade"
Ambientador recarga bouquet,Air Wick,Garrafa de 250 ml,"1,79 €","1,79 €/Unidade"
12 Preservativos Adapta Non Stop,Control,,"4,49 €","4,49 €/Unidade"
"Óleo Spray Seco, SPF15",Cabana Sun,Embalagem de 200 ml,"14,99 €","299,80 €/L"
Mostarda em frasco,Savora,Embalagem de 190g,"0,70 €","2,33 €/Kg"
Queijo camembert 45% mg,Páturages,Embalagem de 250 g,"2,60 €","13,00 €/Kg"
Bolachas chips ahoy,Ca!,Embalagem de 130g,"0,90 €","6,00 €/Kg"
Salmão Fumado da Noruega,PorSi,Embalagem de 200 g,"3,35 €","22,33 €/Kg"
Wrap atum,Snock,Embalagem de 170g,"0,65 €","0,65 €/Unidade"
Spray multiusos citrus,Bot.origin,Garrafa de 500 ml,"1,19 €","0,79 €/L"
Melancia Riscada,Fruta da Época,Vendido ao peso | 1 un = 4kg (aprox.),"2,99 €","2,99 €/Kg"
Fiambre da Pá,PorSi,1 un = 150 gr (aprox.),"0,97 €","6,49 €/Kg"
Leite condensado magro,PorSi,Embalagem de 390 g,"1,09 €","2,75 €/Kg"
Queijo sandwich 10 fatias,A Vaca Que Ri,Embalagem de 200G,"5,09 €","12,73 €/Kg"
Ice tea manga,Lipton,pack 6 x 0.25 l,"1,90 €","1,27 €/L"
Café com cafeina solúvel,Delta,Embalagem de 20g,"14,50 €/Kg","14,50 €/Kg"
Bacalhau desfiado,Pescanova,Embalagem de 400 g,"4,99 €","9,98 €/Kg"
Comida húmida de vaca para cão,Friskies,Embalagem de 4 x 100 g,"0,75 €","2,50 €/Kg"
Bolachas marítimas clássicas,PorSi Viva Bem,Embalagem de 200g,"1,45 €","11,15 €/Kg"
Fralda cueca T5 - 12 a 18 kg,PorSi,20 unidades,"8,49 €","8,49 €/Unidade"
Filetes de cavala em azeite,PorSi,Embalagem de 120 g,"9,08 €/Kg","9,08 €/Kg"
Bebida de soja com cálcio,PorSi Viva Bem,Embalagem de 1 litro,"2,49 €","2,49 €/L"
Anti-Traça Cedro,Dum Dum,2 unidades,"4,69 €","4,69 €/Unidade"
Barra choco krispies 120g,Kellogg's,Embalagem de 380g,"3,45 €","26,54 €/Kg"
Néctar de laranja e cenoura light,PorSi,Embalagem de 1 litro,"0,84 €","2,55 €/L"
4 hamburguers vaca s/ glúten,Capitão Iglo,Embalagem de 320g,"2,79 €","8,72 €/Kg"
"Pasta dentífrica, tripla ação",Labell,Embalagem de 75 ml,"2,39 €","31,87 €/L"
Ovo Escavação c/ 5 Surpresas,Jurassic World,1 un.,"9,99 €/Unidade","9,99 €/Unidade"
Iogurte líquido morango/cereais,PorSi,Embalagem de 4 x 160 g,"1,17 €","1,83 €/Kg"
Camarão vannamei 24/40,Pescanova,Embalagem de 800g,"8,99 €","25,69 €/Kg"
Ambientador vela odor animais,PorSi,1 unidade,"9,49 €","45,19 €/Kg"
Iogurte líquido de frutos vermelhos,PorSi,Embalagem de 4 x 160 g,"1,17 €","1,83 €/Kg"
Batata pré-frita mediterranean,MCCAIN,Embalagem de 750g,"2,39 €","3,98 €/Kg"
Búzio Cozido Pescado no Mar,Marisco Fresco,1 un = 250 gr (aprox.),"2,25 €","8,99 €/Kg"
Palmiers,PorSi,Embalagem de 720 g,"0,69 €","3,45 €/Kg"
Batata frita forno camponesas,Lay's,Embalagem de 130g,"1,19 €","6,43 €/Kg"
Cerveja super bock,Super Bock,Pack 6 x 200 ml,"1,99 €/L","1,99 €/L"
Azeite virgem clássico,PorSi,Garrafa de 750 ml,"3,19 €","4,25 €/L"
"Polpa de maracujá, em lata",Koala,Embalagem de 570g,"4,19 €","7,35 €/Kg"
Papel higiénico perfumado bouquet folha tripla,Foxy,4 + 2 rolos,"5,89 €","5,89 €/Unidade"
Whisky,Grants,Garrafa de 1 l,"23,49 €","23,49 €/L"
Sopa de tomate,Knorr,Embalagem de 90g,"0,84 €","13,55 €/Kg"
Café lote bocage moagem única,Nicola,Embalagem de 250g,"9,16 €/Kg","9,16 €/Kg"
Leite hidratante aloe vera after sun,Ambre Solaire,Embalagem de 400 ml,"7,49 €","37,45 €/L"
Tablete de chocolate culinário 70% negro,PorSi,Embalagem de 200 g,"0,99 €","4,95 €/Kg"
20 saquetas chá de baunilha c/ caramelo,Lipton,Embalagem de 40g,"1,14 €","114,00 €/Kg"
Gel Duche Men Active Clean,Nivea Men,Embalagem de 500 ml,"5,99 €","14,98 €/L"
Limpa carpetes,PorSi,Embalagem de 1 litro,"4,99 €","11,47 €/L"
Água mineral sem gás,Vitalis,Pack 6 x 1.5 l,"1,04 €","0,17 €/L"
Oreo flavors cookies birthday party rollpack 154 gr,Oreo,Embalagem de 150g,"0,79 €","4,49 €/Kg"
"Presunto Metades, 6 meses de cura",PorSi,"Vendido ao peso, fatiado a partir de 100 gr","2,79 €","13,95 €/Kg"
Gelado cornetto mini clássico,Olá,Embalagem de 8 x 60 ml,"5,99 €","16,64 €/L"
Massa de cotovelos grandes riscados,Milaneza,Embalagem de 500g,"0,89 €","1,78 €/Kg"
Creme depilatório para peles sensíveis,Labell,Embalagem de 200 ml,"10,99 €","73,27 €/L"
Esfregão de Teflon,Fino,1 unidade,"0,79 €","0,79 €/Unidade"
Limpa Motores,PorSi,Embalagem de 1 l,"1,99 €","1,99 €/L"
Bolachas mini,Oreo,Embalagem de 160g,"0,79 €","4,49 €/Kg"
Bio miolo amendoa compele,PorSi Bio,Embalagem de 100g,"2,99 €","5,98 €/Kg"
Gomas funky mix,Haribo,Embalagem de 100g,"1,09 €","10,90 €/Kg"
Cillit bang limpa vidros,Cillitbang,Garrafa de 500 ml,"3,19 €","6,38 €/L"
Sumo essencial pera,Compal,pack 3 x 0.11 l,"0,99 €","0,99 €/L"
Tablete chocolate de leite,PorSi,embalagem de 100 g,"5,30 €/Kg","5,30 €/Kg"
Leite com chocolate light,Ucal,Embalagem de 6 x 250 ml,"0,26 €","1,30 €/L"
Feijão manteiga,PorSi,Frasco com 540 g,"1,79 €","2,29 €/Kg"
Moscatel Pedro Álvares Cabral,Martha's,Garrafa de 0.75L,"5,99 €","7,99 €/L"
Aguardente,1920,Garrafa de 700 ml,"12,79 €","18,27 €/L"
Inseticida Aerossol Casa&Plantas,Raid,1 Embalagem 600ml,"5,49 €","13,73 €/L"
Morcela assar fundao,PorSi,Embalagem de 250g,"1,49 €","7,45 €/Kg"
Depilatório homem gel,Veet,Garrafa de 200 ml,"3,29 €","3,29 €/Unidade"
"Bolo com recheio de chocolate, multipack",Chipicao,Embalagem de 340g,"2,05 €","5,13 €/Kg"
"Agrafos nº24/6, 2000 unidades",Maped,Uma embalagem,"4,49 €","4,49 €/Unidade"
Cola apanha ratos,Neolar,Embalagem de 200 ml,"5,09 €","8,48 €/L"
6 Preservativos Adapta Nature,Control,,"4,49 €","4,49 €/Unidade"
Jameson caskmates ipa 70cl,Jameson,Garrafa de 700 ml,"23,49 €","23,49 €/L"
Sumo 100% laranja,Compal,1 litro,"1,09 €","0,73 €/L"
Néctar vital equilibrio manga/maracujá,Compal,Embalagem de 1 l,"0,84 €","2,55 €/L"
Ambientador tealights canela,PorSi,embalagem com 18 unidades,"9,49 €","45,19 €/Kg"
Discos Sanitários Activos Aparelho Lavanda,WC Pato,Embalagem de 36 ml,"2,99 €","74,75 €/Kg"
Café torrado e moído 16 pastilhas,Sical,Embalagem de 104g,"14,89 €","43,79 €/Kg"
Jardineira,PorSi,Embalagem de 400 g,"1,89 €","1,89 €/Kg"
Limpa carpetes,PorSi,Embalagem de 1 litro,"2,29 €","2,29 €/L"
Sumo essencial pera,Compal,pack 3 x 0.11 l,"2,29 €","6,94 €/L"
Aguardente velhíssima,São Domingos,Garrafa de 0.70 l,"12,79 €","18,27 €/L"
Areia para gatos 100% natural,PorSi,Embalagem de 5 kg,"1,19 €","0,24 €/Kg"
Leite condensado,PorSi,Embalagem de 397 g,"1,09 €","2,75 €/Kg"
Cogumelos laminados,PorSi,Embalagem de 185 g,"1,79 €","2,29 €/Kg"
Café moagem universal timor,Delta,Embalagem de 220g,"3,49 €","13,96 €/Kg"
Sabonete líquido para as mãos de coco,Dove,embalagem de 250 ml,"1,19 €","3,97 €/L"
Champô anti-caspa,Labell,Embalagem de 400 ml,"5,59 €","13,98 €/L"
Filetes primavera alho & ervas,Iglo,Embalagem de 230g,"1,91 €","4,78 €/Kg"
Pudim de chocolate,PorSi,Embalagem de 110g,"0,59 €","29,50 €/Kg"
Spray anti-bolores,Cif,435 ml,"4,99 €","11,47 €/L"
Farinha para pão integral,Nacional,Embalagem de 1 kg,"1,99 €","1,99 €/Kg"
Bolachas cracker sem sal,PorSi,Embalagem de 500g,"0,39 €","3,12 €/Kg"
Ovos de galinha ao ar livre | Classe: M/L,Matinados,6 unidades,"1,39 €","1,39 €/Unidade"
Soro fisiológico,PorSi,Embalagem de 100 ml,"0,59 €","5,90 €/L"
Inseticida ajustável eléctrico líquido anti melgas e...,Raid,60 noites,"6,39 €","6,39 €/Unidade"
Creme para barrar,Nutella,Embalagem de 200 g,"4,24 €","12,47 €/Kg"
Iogurte natural,Danone,Embalagem de 8x120g com 1 unidade grátis,"1,94 €","1,29 €/Kg"
Vinho regional tejo 3 castas branco,Fiuza,Garrafa de 750 ml,"4,99 €","6,65 €/L"
Cocktail mix,PorSi,720 g,"2,99 €","9,97 €/Kg"
Recargas ambientador elétrico sensual sandalwood & j...,Glade,Embalagem de 2 x 20 ml,"1,79 €","1,79 €/Unidade"
Snack para gato de galinha e pato,Catisfactions,Embalagem de 60g,"1,89 €","31,50 €/Kg"
"Coloração permanente, preto natural, nº3",Excellence,1 unidade,"9,49 €/Unidade","9,49 €/Unidade"
Vinho maduro tinto,Alto de Pias,Garrafa de 5 l,"8,59 €","1,72 €/L"
Chocolate de leite com avelãs,Nestle,Embalagem com 195 g,"4,09 €","14,82 €/Kg"
Estendal de roupa com abas alumínio,PorSi,20 metros,"0,99 €","0,99 €/Unidade"
Ervilhas,Iglo,"Embalagem de 1,125 kg","1,89 €","1,89 €/Kg"
Spray Solar Cenoura FP6,Nivea Sun,1 Embalagem 200ml,"7,09 €","35,45 €/L"
Ovos Frescos Omega 3 de Galinhas Solo,PorSi Viva Bem,Embalagem com 6 unidades,"2,28 €","2,28 €/Unidade"
Molho de maionese com alho e ervas,PorSi,Garrafa de 120 ml,"0,70 €","2,33 €/Kg"
Massa em espirais,PorSi,Embalagem de 500g,"0,89 €","1,78 €/Kg"
Spray renova camurça preta,PorSi,Embalagem de 200 ml,"2,89 €","14,45 €/L"
Condicionador spray penteia fácil,Johnson's Baby,Embalagem de 200 ml,"1,99 €","1,99 €/Unidade"
Vinho do Porto 10 anos,Cruz,"Garrafa de 0,75L c/ Caixa de Madeira","10,99 €","14,65 €/L"
Bolacha shortcake chocolate,Nacional,Embalagem de 180g,"1,69 €","6,76 €/Kg"
Pensos Higiénicos Cottonlike com Abas Normal Plus,Evax,28 unidades,"4,99 €","4,99 €/Unidade"
Vinagre balsâmico modena,Gallo,Garrafa de 250 ml,"0,35 €","0,70 €/L"
Mel rosmaninho 500g,SERRAMEL,Embalagem de 500G,"4,89 €","9,78 €/Kg"
Pudim caramelo,PorSi,Embalagem de 90g,"0,59 €","29,50 €/Kg"
Slime Kit,Science4You,1 unidade,"9,99 €/Unidade","9,99 €/Unidade"
Refrigerante com gás free,Seven-up,"Garrafa de 1,25 l","0,40 €/L","0,40 €/L"
Cápsulas de café qharacter,Delta Q,Embalagem de 60g,"14,89 €","43,79 €/Kg"
Corn flakes sem glúten,Schar,Embalagem de 250g,"2,99 €","7,97 €/Kg"
Leite pasteurizado m/g sem lactose,Vigor,Garrafa de 1 l,"1,09 €","1,09 €/L"
Gelado cornetto morango,Olá,Embalagem de 6 x 90 ml,"5,99 €","16,64 €/L"
Molho cervejeira 8 cubos,Knorr,Embalagem de 70g,"3,84 €","24,00 €/Kg"
vinho do Porto Ruby,Velhotes,"garrafa de 0,75 l","5,99 €","7,99 €/L"
"Bombons de chocolate, praleine",Schogetten,Embalagem de 100g,"5,30 €/Kg","5,30 €/Kg"
Cera de depilação profissional,Veet,Garrafa de 300 ml,"3,51 €","3,51 €/Unidade"
Vinho bag-in-box tinto,C.alqueva,Garrafa de 5 l,"9,49 €","1,90 €/L"
"Bloco sanitário power 5, lime",Domestos,Embalagem de 1 unidades,"2,99 €","74,75 €/Kg"
Spray limpeza casa de banho,Cillitbang,Embalagem de 500 ml,"4,99 €","11,47 €/L"
Polpa tomate biológico,Guloso,Embalagem de 500g,"2,99 €","5,98 €/Kg"
8 salsichas aves,Izidoro,Embalagem de 200g,"0,75 €","3,75 €/Kg"
Cerveja com álcool,Sagres,"Embalagem de 0,33 l","1,99 €/L","1,99 €/L"
Em passeio,Steffi Love,1 unidade,"14,99 €/Unidade","14,99 €/Unidade"
Baby Pipi Comiditas,Vicam,1 unidade,"18,99 €","18,99 €/Unidade"
Magnum mini white mix,Olá,Embalagem de 6 x 55 ml,"5,99 €","16,64 €/L"
Massa de macarrão riscado,Nacional,Embalagem de 500g,"0,89 €","1,78 €/Kg"
Azeitona preta,PorSi,Embalagem de 560 g,"1,79 €","2,29 €/Kg"
Bolachas crackers com sal,PorSi,Embalagem de 500g,"0,39 €","3,12 €/Kg"
Limpa fornos normal,Mr.muscle,Embalagem de 300 ml,"4,49 €","5,99 €/L"
Patê frango,La piara,Embalagem de 80g,"1,19 €","13,52 €/Kg"
Iogurte Activia Fibras Aveia & Frutos Secos,Danone,Embalagem 4x115g,"2,79 €","6,07 €/Kg"
Lava Tudo Perfumado Lavanda,PorSi,Embalagem de 2 l,"0,99 €","0,50 €/L"
Tablete de chocolate preto,Nestle,Embalagem de 130g,"0,99 €","4,95 €/Kg"
Creme vitalift 5,Men expert,Embalagem de 50 ml,"5,99 €","14,98 €/L"
Mini tostas integrais,PorSi,Embalagem de 180g,"0,69 €","3,07 €/Kg"
Sementes de girassol,PorSi Viva Bem,Embalagem de 200 g,"1,59 €","10,60 €/Kg"
Salsicha p/Churrasco XL,Carne Sorraia,1 Embalagem 360G,"2,09 €","9,95 €/Kg"
Cafe rossio m.unica 250g,Nicola,Embalagem de 250g,"3,49 €","13,96 €/Kg"
Escova para lavar,PorSi,1 unidade,"2,20 €","2,20 €/Unidade"
Bolachas ricanela,Cuetara,Embalagem de 400g + 100g grátis,"0,39 €","3,12 €/Kg"
Néctar de laranja,Bongo,Garrafa de 1 l,"0,99 €","0,99 €/L"
Millet (milho painço),Cemporcent,Embalagem de 500g,"1,54 €","3,08 €/Kg"
Corantes alimentares ducros,Vahine,Garrafa de 20 ml,"1,89 €","17,18 €/Kg"
Salsicha vegetal,Veg In,Embalagem de 1 kg,"2,09 €","9,95 €/Kg"
Leite seleccionado meio gordo,Matinal,Garrafa de 1 l,"0,78 €","0,78 €/L"
Protetor Tomadas,Neo Baby,1 Embalagem c/10 unidades,"2,19 €","2,19 €/Unidade"
Furador com 2 furos,Domédia,1 unidade,"2,19 €","109,50 €/L"
Lixívia Tradicional,Neoblanc,Embalagem de 4 l,"1,74 €","0,35 €/L"
Areia para gato aglomerante,PorSi,Embalagem de 5 litros,"1,19 €","0,24 €/Kg"
Polpa de tomate em garrafa,Compal,Embalagem de 1 kg,"3,84 €","24,00 €/Kg"
Cereais aveia e cacau,Nesquik,Embalagem de 315 g,"2,99 €","3,99 €/Kg"
Queijo roquefort,Páturages,Embalagem de 150 g,"2,60 €","13,00 €/Kg"
Pó de talco,PorSi,Embalagem de 250g,"0,59 €","5,90 €/L"
Bolacha de caramelo,Snapy,Embalagem de 250g,"2,11 €/Kg","2,11 €/Kg"
Fralda Cueca Banho Splashers T4,Dodot,1 Embalagem c/11 unidades,"8,49 €","8,49 €/Unidade"
Sopa de Cebola,PorSi,Embalagem de 62 g,"0,84 €","13,55 €/Kg"
Pudim flan,PorSi,Embalagem de 4 x 5.6 g,"0,59 €","29,50 €/Kg"
Vinho maduro branco,Ala dos namorados,Garrafa de 75 cl,"2,29 €","3,05 €/L"
Fígado de novilho,PorSi,Embalagem de 400 g,"4,69 €","11,73 €/Kg"
Tarteletes com recheio avelã,PorSi,Embalagem de 91g,"2,78 €/Kg","2,78 €/Kg"
Sementes de chia,PorSi Viva Bem,Embalagem de 150 g,"1,59 €","10,60 €/Kg"
Vinho do porto special reserve,V.alegre,Garrafa de 750 ml,"10,99 €","14,65 €/L"
Café moagem universal portugal,Delta,Embalagem de 250g,"3,49 €","13,96 €/Kg"
Recargas ambientador elétrico pure clean linen,Glade,Embalagem de 2 x 20 ml,"1,79 €","1,79 €/Unidade"
Aguarelas 30mm x 12,Giotto,1 unidade,"4,29 €","4,29 €/Unidade"
Couve Roxa,Legumes do Dia,1 un= 1kg (aprox.),"1,19 €","1,19 €/Kg"
Queijo de cabra com azeite&oregãos,Palhais,Embalagem de 130 g,"4,75 €","18,99 €/Kg"
Sobremesa danette chocolate,Danone,Embalagem de 4 x 125 g,"1,19 €","2,59 €/Kg"
Aperitivos de amendoins sal e mel,Matutano,Embalagem de 70g,"0,79 €","7,90 €/Kg"
Gogo SqueeZ Snack Maçã,Gogo,Embalagem de 90g,"2,29 €","6,94 €/L"
"Toalhitas Higiénicas Adulto, 64unidades",Labell,Uma embalagem,"6,84 €","34,20 €/L"
Detergente líquido p/ máquina lavar roupa cores,Woolite,"Garrafa de 1,65 l","13,99 €","3,29 €/L"
Licor frutos tropicais,Safari,Garrafa de 700 ml,"16,99 €","24,27 €/L"
Aroma baunilha,Vahine,Embalagem de 20g,"1,89 €","17,18 €/Kg"
Cocktail limão,Bar Royal,Garrafa de 750 ml,"8,49 €","11,32 €/L"
Bebida de coco com arroz,PorSi Viva Bem,1 litro,"1,49 €","1,49 €/L"
Recarga Esfregona de Microfibras,PorSi,1 unidade,"0,89 €","0,89 €/Unidade"
Faca Pão 20 cm Inox,PorSi,1 unidade,"7,39 €","7,39 €/Unidade"
Havana club-añejo 7 anos,Havana,Garrafa de 700 ml,"17,49 €","24,99 €/L"
"Iogurte, sabor a morango",PorSi,Embalagem de 4 x 125 g,"0,69 €","1,38 €/Kg"
Gel Lubrificante Play Calor,Durex,Embalagem de 50 ml,"4,49 €","4,49 €/Unidade"
"Coloração permanente, vermelho ousado nº5.62",Nutrisse,1 unidade,"9,49 €/Unidade","9,49 €/Unidade"
Água s/ gás,Luso,Pack 6 x 1.5 l,"1,04 €","0,17 €/L"
Néctar 8 frutos,Bongo,Pack 6 x 200 ml,"0,99 €","0,99 €/L"
Lustrante Pneus,PorSi,Embalagem de 1 l,"1,99 €","1,99 €/L"
"Rebuçados de fruta, diamante",PorSi,Embalagem de 200 g,"1,00 €","5,00 €/Kg"
Robô beats,Ycoo,1 unidade,"14,99 €/Unidade","14,99 €/Unidade"
Biscoitos integrais aveia e manteiga de amendoim,PorSi Viva Bem,Embalagem de 150g,"0,69 €","3,45 €/Kg"
Dentifríco anti-tártaro + branqueador,Colgate,Embalagem de 75 ml,"2,39 €","31,87 €/L"
"Sumo 100%, tutti-frutti",PorSi,"Embalagem de 1,5 l","1,09 €","0,73 €/L"
Gel de Banho Deeply Nourishing,Dove,Embalagem de 750 ml,"6,49 €","8,65 €/L"
Bolachas bambolitos chocolate e leite,PorSi,Embalagem de 150g,"0,79 €","5,27 €/Kg"
"Loção Tropical Spray, SPF15",Cabana Sun,Embalagem de 150 ml,"14,99 €","299,80 €/L"
Fiambre da Pá,Salsicharia Limiana,1 un = 150 gr (aprox.),"0,97 €","6,49 €/Kg"
"Detergente manual de loiça,limão",Fairy,Embalagem de 2x1.19L,"0,99 €","1,98 €/L"
Café nespresso descafeinado intensidade 11,STARBUCKS,Embalagem com 10 unidades,"4,39 €","43,90 €/Kg"
Cacau magro em pó,PorSi,Embalagem de 125 g,"1,04 €","8,32 €/Kg"
Spray depilação para peles normais,Veet,Garrafa de 150 ml,"10,99 €","73,27 €/L"
Tira Nódoas em Pó Cores,Skip,1 kg,"10,99 €","52,33 €/Kg"
Delta solúvel intenso,Delta,Embalagem de 200g,"14,50 €/Kg","14,50 €/Kg"
Vinagre vinho branco 250ml,Cristal,Garrafa de 250 ml,"0,35 €","0,70 €/L"
Espinafres folhas natur+ 400g,Bonduelle,Embalagem de 400G,"1,89 €","1,89 €/Kg"
Elixir Total Care Zero,Listerine,Embalagem de 500 ml,"5,99 €","11,98 €/L"
Champanhe bruto,Delagne & Fils,"Garrafa de 0,75 l","34,99 €","46,65 €/L"
Óleo Beleza N110,Diadermine,Embalagem de 100 ml,"11,23 €/L","11,23 €/L"
Água c/ gás limão,Frize,pack 4 x 0.25 l,"2,85 €","2,85 €/L"
Spray desinfetante multiusos,Lysol,Embalagem de 500 ml,"1,19 €","0,79 €/L"
"Caixa com saquetas de  pau de canela, 30 unidades",PorSi,Embalagem 90G,"2,29 €","30,53 €/Kg"
40 filtros café número 4,Planteur,Embalagem com 40 filtros,"0,89 €","0,89 €/Unidade"
Mini Tostas de Trigo,PorSi,Embalagem de 350 g,"0,69 €","3,07 €/Kg"
Tablete de chocolate leite c/ avelãs,Milka,Embalagem de 270g,"4,09 €","14,82 €/Kg"
"Inseticida líquido, elétrico, apa",Raid,Embalagem de 21 ml,"6,39 €","6,39 €/Unidade"
Atum posta em óleo,Bom petisc,Embalagem de 120 g,"9,08 €/Kg","9,08 €/Kg"
Alface Iceberg,Legumes do Dia,1 un= 400 g (aprox.),"1,80 €","4,49 €/Kg"
Vinho rosé regional península de Setúbal,Selecção de Enófilos,Garrafa de 0.75 l,"8,59 €","11,45 €/L"
Água Micelar c/doseador,Labell,Embalagem de 500ml,"6,84 €","34,20 €/L"
Guardanapos | Dim.: 30 x 33 cm,PorSi,Embalagem com 20 unidades,"1,29 €","1,29 €/Unidade"
Quiche lorraine,Monique Ranou,Embalagem de 400 g,"3,99 €","11,40 €/Kg"
Stevia chocolate negro com frutos vermelhos,Cemporcent,Embalagem de 125g,"2,99 €","23,92 €/Kg"
Tira gorduras dia a dia,Mistolin,Garrafa de 750 ml,"4,49 €","5,99 €/L"
Leite UHT Meio Gordo,PorSi,Embalagem de 200 ml,"0,78 €","0,78 €/L"
Creme abrasivo de limão,PorSi,Embalagem de 750 ml,"0,99 €","0,99 €/L"
Óleo 10w40 Semi-Sintectico,PorSi,Embalagem de 1 l,"41,99 €","8,40 €/L"
Bacalhau desfiado,PorSi,Embalagem de 500g,"4,99 €","9,98 €/Kg"
Fígado de novilho,PorSi,Embalagem de 400 g,"11,99 €","14,99 €/Kg"
Esparguete s/ glúten,Milaneza,Embalagem de 500g,"2,99 €","7,97 €/Kg"
"Picanha, novilho",Nossa seleção,Vendido ao peso,"11,99 €","14,99 €/Kg"
Infusão funcho,Cemporcent,Embalagem de 10 unidades,"0,99 €","76,15 €/Kg"
Queijo fresco petits suisses  40% mg,Páturages,Embalagem 6X60G,"1,45 €","4,03 €/Kg"
Gelatina ananás 10kcal,Royal,Embalagem de 30g,"0,55 €","61,11 €/Kg"
Ambientador tealights baunilha,PorSi,embalagem com 18 unidades,"9,49 €","45,19 €/Kg"
Desodorizante roll-on invisible,Rexona,Embalagem de 50 ml,"50,80 €/L","50,80 €/L"
Porto branco,Valadao,Garrafa de 750 ml,"11,99 €","15,99 €/L"
Azeite virgem extra seleção,PorSi,Garrafa de 2 l,"3,19 €","4,25 €/L"
Tablete de chocolate negro,PorSi Select,200 g,"4,09 €","14,82 €/Kg"
Café 5 estrelas moído tradição,Sical,Embalagem de 250g,"3,49 €","13,96 €/Kg"
Farinha láctea cerelac,Cerelac,Embalagem de 500g,"4,49 €","4,49 €/Kg"
Figura + Acessórios Bombeiro,Pinypon,unidade,"2,29 €","2,29 €/Unidade"
Vinho tinto alentejo,Loios,Garrafa de 750 ml,"2,89 €","3,85 €/L"
Crepe de ovo,PorSi,Embalagem de 540 g,"2,99 €","5,54 €/Kg"
Galão enriquecido com cálcio,Ucal,Embalagem de 600 ml,"1,29 €","1,29 €/L"
Pizza romana,PorSi,Embalagem de 370g,"2,16 €","6,17 €/Kg"
Marmelada,PorSi,Embalagem de 450g,"1,09 €","2,42 €/Kg"
Bacalhau lombos,PorSi,Embalagem de 1.5 kg,"4,99 €","9,98 €/Kg"
Gel wc anticalcário sem lixívia,PorSi,"Garrafa de 1,5 l","2,79 €","3,99 €/L"
Bolachas mini prince recheadas com chocolate,PRINCE,Embalagem de 160 g,"3,49 €","19,39 €/Kg"
Ken fashionista,Barbie,1 unidade,"18,99 €","18,99 €/Unidade"
Pastilhas descafeinado,Delta,Embalagem de 110g,"14,89 €","43,79 €/Kg"
"Vela em número, nº 6",PorSi,1 unidade,"0,60 €","0,60 €/Unidade"
5 manhãzitos choco chips,Manhazitos,Embalagem de 175 g,"7,40 €/Kg","7,40 €/Kg"
Azeite virgem delicado,Gallo,Garrafa de 750 ml,"3,19 €","4,25 €/L"
Néctar clássico de pera,Compal,Garrafa de 200 ml,"0,99 €","0,99 €/L"
Moscatel de Setúbal Superior 10 Anos,Bacalhôa,Garrafa de 0.75 l,"5,99 €","7,99 €/L"
Maionese,PorSi,Embalagem de 414 g,"0,70 €","2,33 €/Kg"
Sal marinho grosso,Vatel,Embalagem de 1 kg,"2,29 €","30,53 €/Kg"
Tablete de chocolate leite,Schogetten,Embalagem de 100g,"5,30 €/Kg","5,30 €/Kg"
Pastilhas fire canela,CHICLETS,Embalagem de 16 g,"0,89 €","59,33 €/Kg"
Snacks para Cão Markies Mini,Pedigree,Embalagem de 500 g,"5,58 €/Kg","5,58 €/Kg"
Inseticida para baratas e formigas,Baygon,Embalagem de 400 ml,"5,09 €","8,48 €/L"
Fiambre da perna extra,PorSi,Pack Poupança de 2 x 170 g,"0,97 €","6,49 €/Kg"
Sacos do lixo perfumado 30 litros,PorSi,15 unidades,"1,79 €","1,79 €/Unidade"
Cebola picada em pacote,PorSi,Embalagem de 40 g,"2,29 €","30,53 €/Kg"
Assento Topo Eco Grupo 2/3,Nania,,"7,99 €","7,99 €/Unidade"
Bebida de soja e chocolate,PorSi Viva Bem,Embalagem de 1 l,"2,49 €","2,49 €/L"
Kit escovas de dentes,Tigex,1 conjunto,"2,34 €","2,34 €/Unidade"
Bastão de cola,Domédia,20 g,"2,19 €","109,50 €/L"
Café Moagem Universal Honduras,PorSi,Embalagem de 220g,"9,16 €/Kg","9,16 €/Kg"
Ice tea de pêssego,PorSi,Garrafa de 2 l,"1,90 €","1,27 €/L"
"Amaciador de roupa, azul",Comfort,Garrafa de 4 l,"8,99 €","2,25 €/L"
Carcaça Rústica 70 g,Pão do Dia,,"0,19 €","2,71 €/Kg"
Café nyeri quénia moagem universal,Sical,Embalagem de 220g,"3,49 €","13,96 €/Kg"
18 hamburguers s/ glúten vaca,Capitão Iglo,Pack familiar com 1.4 kg,"2,79 €","8,72 €/Kg"
Morangos 100% Naturais,PorSi,Embalagem de 750 g,"3,29 €","4,39 €/Kg"
Molho de soja c/ dispensador redução sal,KIKKOMAN,150 ml,"4,04 €","26,93 €/L"
Soja fina,PorSi Viva Bem,Embalagem de 400 g,"1,49 €","3,73 €/Kg"
Café em cápsulas dolce gusto ardenza,Nescafe,Embalagem de 110g,"14,89 €","43,79 €/Kg"
Porto special reserva,Cruz,"garrafa de 0,75 l","10,99 €","14,65 €/L"
Detergente líquido máquina de roupa lavanda,PorSi,86 Doses,"13,99 €","3,29 €/L"
Pastilhas melão e melancia,Trident,Embalagem de 20g,"0,89 €","59,33 €/Kg"
Bolacha digestive aveia 258g,Vieira,Embalagem de 258 g,"0,98 €","3,27 €/Kg"
Copo Country 22Cl,Cristal,1 unidade,"2,99 €","2,99 €/Unidade"
Cereais nesquik,Nestle,Embalagem de 625g,"5,07 €/Kg","5,07 €/Kg"
Vela com número 4,PorSi,1 unidade,"0,60 €","0,60 €/Unidade"
Pensos clássicos,PorSi,20 unidades,"1,69 €","1,69 €/Unidade"
Fruta para bebé banana laranja bolacha +6 meses,Nestle,Embalagem de 90g,"0,74 €","8,22 €/Kg"
Gel ativo com lixívia,PorSi,Embalagem de 1.5 l,"1,19 €","0,79 €/L"
Elixir oil,Gliss,Embalagem de 75 ml,"1,00 €","5,00 €/L"
Ovos galinha solo l,PorSi,6 ovos,"1,39 €","1,39 €/Unidade"
Detergente líquido Ultra Concentrado Loiça Platinium...,PorSi,Embalagem de 500 ml,"0,99 €","1,98 €/L"
Espumoso grand reale dessert,Gancia,Garrafa de 750 ml,"3,99 €","5,32 €/L"
Abrasivo sanitário gel citrinos,PorSi,embalagem de 1 litro,"0,99 €","0,99 €/L"
After Shave Bálsamo Sensitive Cool,Nivea Men,Embalagem de 100 ml,"1,16 €","4,64 €/L"
Pão ralado clássico,PorSi,Embalagem de 240 g,"0,55 €","2,29 €/Kg"
Salada de fruta em calda,PorSi,Embalagem de 3 x 220 g,"1,99 €","2,37 €/Kg"
Chocolate quente 90 segundos,Lacasa,Embalagem de 350g,"5,59 €","6,99 €/Kg"
"Batata frita wavy, ondulada",PorSi,Embalagem de 90g,"1,06 €","5,73 €/Kg"
"Pasta dentífrica, 7-13 anos",Labell,Embalagem de 75 ml,"0,99 €","0,99 €/Unidade"
Acetona,PorSi,Embalagem de 200 ml,"1,89 €","9,45 €/L"
Pó baratas e formigas,Baygon,Embalagem de 250 g,"5,49 €","13,73 €/L"
Pack de 3 embalagens de polpa de tomate,Compal,Embalagem de 630g,"3,84 €","24,00 €/Kg"
Café c/ cafeína intenso,Nescafe,Embalagem de 100g,"14,50 €/Kg","14,50 €/Kg"
Estojo de maquilhagem Urban Style,Clementoni,1 unidade,"18,99 €","18,99 €/Unidade"
Inseticida controller baratas,Raid,12 unidades,"6,39 €","6,39 €/Unidade"
Néctar de laranja e cenoura light,PorSi,Embalagem de 3 x 200 ml,"0,84 €","2,55 €/L"
Yofu morango estilo skyr,Alpro,Embalagem de 400g,"3,09 €","6,18 €/Kg"
Alheira de mirandela,PorSi Select,Embalagem de 200 g,"1,49 €","7,45 €/Kg"
Óleo alimentar,Vêgê,Embalagem de 1 l,"3,39 €","3,39 €/L"
Tablete de chocolate oreo,Milka,Embalagem de 300g,"5,30 €/Kg","5,30 €/Kg"
Peito de peru fatias,PorSi,Embalagem de 150g,"1,44 €","9,59 €/Kg"
Sopa rabo de boi económica,Knorr,Embalagem de 60g,"0,84 €","13,55 €/Kg"
Sementes de girassol,Cemporcent,Embalagem de 150 G,"1,39 €","9,27 €/Kg"
"Bolachas relieve, mel e coco",PorSi,Embalagem de 700g,"2,82 €","9,40 €/Kg"
Pescada panada em forma de filete,Pescanova,Embalagem de 1 Kg,"4,39 €","10,98 €/Kg"
"Escova de cabelo, pneumática javali",Labell,Uma unidade,"3,99 €","3,99 €/Unidade"
Fiambre da Perna Extra,PorSi,1 un = 150 gr (aprox.),"0,97 €","6,49 €/Kg"
Barra s.k chocolate 6x21.5g,Kellogg's,Embalagem de 6X21.5G,"3,45 €","26,74 €/Kg"
Vinho branco alentejo,Loios,Garrafa de 750 ml,"2,89 €","3,85 €/L"
"Alimento para peixe, animin goldfish food",Tetra,Garrafa de 250 ml,"4,99 €","19,96 €/L"
Iogurte oikos natural,Danone,Embalagem de 4 x 110g,"2,99 €","6,80 €/Kg"
Leite UHT Meio Gordo,PorSi,1 l,"0,78 €","0,78 €/L"
Chiclets morango 16.8g,CHICLETS,Embalagem de 20g,"0,89 €","59,33 €/Kg"
Queijo de Ovelha Meio Gordo,Seia,1 un = 450 g (aprox.),"4,62 €","18,49 €/Kg"
Cubos de tamboril,Mar Ibérica,Embalagem de 250 g,"4,39 €","10,98 €/Kg"
Aptamil  prosyneo ha 2,Aptamil,Embalagem de 800g,"22,39 €","27,99 €/Kg"
Bolachas cream cracker sesamo,Vieira,Embalagem de 200g,"0,39 €","3,12 €/Kg"
Pudim de chocolate,Boca Doce,Embalagem de 20g,"0,59 €","29,50 €/Kg"
"Abs odores lavanda, pack 2x150g",Glade,Embalagem de 2x150 g,"16,63 €/L","16,63 €/L"
Cereais fitness,Nestle,Embalagem de 630g,"3,45 €","26,74 €/Kg"
20 saquetas chá de frutos silvestres,Lipton,Embalagem de 30g,"1,19 €","59,50 €/Kg"
Champô Hidratante,Baby Dove,Embalagem de 400 ml,"1,99 €","1,99 €/Unidade"
Papa infantil láctea 5 frutos +6 meses,Cerelac,Embalagem de 250g,"4,49 €","4,49 €/Kg"
Danacol natural,Danone,Embalagem de 6 x 100 g,"3,99 €","6,65 €/Kg"
Farinha para pão vitale,Nacional,Embalagem de 1 kg,"1,99 €","1,99 €/Kg"
Vinho do Porto Tawny,Velhotes,"garrafa de 0,75 l","6,29 €","8,39 €/L"
Caixa de ferramentas 32 peças,Vicam,1 unidade,"10,99 €/Unidade","10,99 €/Unidade"
Café gold alta rica frasco,Nescafe,Embalagem de 100 g,"14,50 €/Kg","14,50 €/Kg"
Adoçante em pó,Canderel,Embalagem de 90g,"6,21 €","6,21 €/Unidade"
Abobora cubos,PorSi,Embalagem de 500g,"1,89 €","1,89 €/Kg"
Mistolin advanced lixívia,Mistolin,Garrafa de 500 ml,"4,99 €","11,47 €/L"
Sumo essencial kids,Compal,pack 3 x 0.11 l,"2,29 €","6,94 €/L"
Legumes grelhados,PorSi,Embalagem de 750g,"1,89 €","1,89 €/Kg"
Vela com número nº 6,PorSi,1 unidade,"0,60 €","0,60 €/Unidade"
Paio do Lombo,PorSi,"Vendido ao peso, a partir de 100g","2,79 €","13,95 €/Kg"
Massa quebrada,Pasta dia,Embalagem de 230g,"3,49 €","13,96 €/Kg"
Abafado Branco,Vice Rei,Garrafa de 1L,"3,99 €","5,70 €/L"
Bebida arroz,Alpro,Embalagem de 1 l,"2,19 €","2,19 €/L"
Moscatel de setúbal,Pioneiro,Garrafa de 750 ml,"16,99 €","24,27 €/L"
Pensos Incontinência Mulher Discreet Normal,Tena,Embalagem com 24 unidades,"5,29 €","5,29 €/Unidade"
Néctar de pera rocha e framboesa do Oeste Algarve,Compal,1 litro,"0,99 €","0,99 €/L"
