Nome,Marca,Unidade,Preço Primário,Preço Secundário
Tablete de chocolate amêndoa e caramelo,Milka,Embalagem de 300g,"6,50 €/Kg","6,50 €/Kg"
Miolo de camarão 80/100,Pescanova,Embalagem de 350g,"8,99 €","25,69 €/Kg"
Castanhas,PorSi,Embalagem de 500G,"4,99 €","9,98 €/Kg"
Saqueta de puré de fruta | maçã + banana + morango,PorSi,90 g,"0,74 €","8,22 €/Kg"
Spray optimal 7 cozinha,Ajax,500 ml,"1,29 €","1,72 €/L"
Cabo de metal com rosca,PorSi,1.20 m,"2,20 €","2,20 €/Unidade"
Leite de pastagem uht meio gordo,Milhafre,1 litro,"0,81 €","0,81 €/L"
Spray tira gorduras,Cillitbang,Garrafa de 500 ml,"1,19 €","0,79 €/L"
"Fita apanha moscas, com 4 unidades",Neokill,4 unidades,"5,09 €","8,48 €/L"
"Lava tudo antibacteriano lavanda 1,5l",PorSi,Garrafa de 1.5 l,"1,89 €","1,26 €/L"
Vinho tinto regional península de setúbal,Q.camarate,Garrafa de 0.75 l,"8,59 €","11,45 €/L"
Azeite,PorSi,Garrafa de 1 l,"3,19 €","4,25 €/L"
Porto white,Ferreira,Garrafa de 750 ml,"11,99 €","15,99 €/L"
Semente pevide abóbora,Salutem,Embalagem de 200g,"2,29 €","11,45 €/Kg"
Vinho regional península de setúbal tinto,J.m.f.,Garrafa de 750 ml,"8,59 €","11,45 €/L"
Biscoitos integrais sementes de agave,PorSi Viva Bem,Embalagem de 150g,"1,45 €","11,15 €/Kg"
Areia para Gato Absorvente 100% Natural,Friskies,Embalagem de 5 l,"1,19 €","0,24 €/Kg"
Vassoura cruzeta,PorSi,1 unidade,"2,20 €","2,20 €/Unidade"
Polvilho doce,PorSi,Embalagem de 500g,"2,29 €","4,58 €/Kg"
Chocolate kit kat,Kit kat,Embalagem de 130g,"11,93 €/Kg","11,93 €/Kg"
Cem porcento-lentilhas vermelhas,Cemporcent,Embalagem de 500g,"1,34 €","2,68 €/Kg"
Papel higiénico compacto,PorSi,24 rolos,"1,99 €","1,99 €/Unidade"
Iogurte Pedaços Amoras/Mirtilo,PorSi,Embalagem 2X135 g,"4,36 €","2,18 €/Kg"
Tostas suecas integrais,Bimbo,embalagem de 234 g,"0,69 €","3,07 €/Kg"
Ração para gato esterilizado com peru,Friskies,Embalagem de 3 kg,"12,99 €","4,33 €/Kg"
"Queijo light, 8 porções",A Vaca Que Ri,Embalagem de 140 g,"2,39 €","19,92 €/Kg"
Sobremesa banana/laranja/bolacha,Nestle,Embalagem de 4 x 100 g,"2,89 €","7,23 €/Kg"
Pão de forma sem côdea 9 cereais,Panrico,Embalagem de 480g,"2,59 €","5,18 €/Kg"
Vinho tinto regional alentejano,Tapada do Barão,Garrafa de 0.75 l,"2,89 €","3,85 €/L"
Gressinos com azeitonas pretas,PorSi,Embalagem de 250g,"0,69 €","3,07 €/Kg"
Framboesas 100% Naturais,PorSi,Embalagem de 750 g,"4,99 €","9,98 €/Kg"
Papel higiénico perfumado bouquet folha tripla,Foxy,4 + 2 rolos,"1,99 €","1,99 €/Unidade"
Vinho doc douro tinto,Papa Figos,Garrafa de 0.75 l,"7,49 €","9,99 €/L"
Tablete de chocolate choco jelly,Milka,Embalagem de 250g,"2,29 €","17,62 €/Kg"
Aromáticas vivas em vaso,Aroma viva,Embalagem de 1 unidades,"0,89 €","17,80 €/Kg"
Água c/ gás groselha,Frize,pack 4 x 0.25 l,"2,85 €","2,85 €/L"
"Vinho rosé, meio seco",Leziria,Garrafa de 750 ml,"4,29 €","5,72 €/L"
Pensos clássicos,PorSi,20 unidades,"2,86 €","2,86 €/Unidade"
8 hamburguers s/ glúten frango,Capitão Iglo,Embalagem de 480g,"2,79 €","8,72 €/Kg"
Conjunto de medição,Maped,4 peças,"3,29 €","3,29 €/Unidade"
Gelatina zero % morango,Koala,Embalagem de 130g,"0,85 €","2,13 €/Kg"
Nestum 5 cereais,Nestum,Embalagem de 250g,"2,19 €","8,76 €/Kg"
Creme para calçado castanho,Splendor,80 ml,"0,99 €","19,80 €/L"
Tofu biológico,PorSi Bio,Embalagem de 300g,"2,99 €","5,98 €/Kg"
Limpa vidros recarga tripla ação,Ajax,Embalagem de 500 ml,"3,19 €","6,38 €/L"
Palitos superfinos,PorSi,Embalagem de 400 unidades,"1,50 €","1,50 €/Unidade"
Gin dry beefeater,Beefeater,Garrafa de 700 ml,"26,99 €","38,56 €/L"
"Forma papel para bolos, 10. 5cm",PorSi,Embalagem com 60 unidades,"0,54 €","0,54 €/Unidade"
10 nuggets de frango,Capitão Iglo,Embalagem de 210g,"2,79 €","8,72 €/Kg"
Ambientador sense e spray lavanda e jasmim,Glade,18 ml,"3,74 €","3,74 €/Unidade"
Néctar clássico laranja,Compal,Embalagem de 1 l,"0,99 €","0,99 €/L"
Desinfetante p/ Cozinha,Sanytol,Embalagem de 750 ml,"4,89 €","6,52 €/L"
"Coloração permanente, castanho claro cobre nº54",Nutrisse,1 unidade,"9,49 €/Unidade","9,49 €/Unidade"
Posso ser,Barbie,1 unidade,"13,99 €/Unidade","13,99 €/Unidade"
Esfregona Microfibras Eco,Vileda,1 un.,"0,89 €","0,89 €/Unidade"
Guardanapos 2 folhas azul e dourado,PorSi Select,40 unidades,"1,29 €","1,29 €/Unidade"
Gelado magnum after dinner,Olá,Embalagem de 10 x 35 ml,"5,99 €","16,64 €/L"
Framboesa,PorSi,Embalagem com 125g,"2,19 €","17,52 €/Kg"
Mortadela de peru com azeitonas,PorSi,1 un = 150 gr (aprox.),"1,05 €","6,99 €/Kg"
Óleo de girassol,PorSi,garrafa de 3 litros,"3,39 €","3,39 €/L"
Fraldas Activity Extra T5 |13-19 kg,Dodot,48 Unidade,"6,49 €","6,49 €/Unidade"
Salsichas de porco,Nobre,Lata de 200g,"0,75 €","3,75 €/Kg"
Esferográfica Cor Sortida Média,Mab,Embalagem com 4 un.,"2,69 €","2,69 €/Unidade"
Queijo de Ovelha S/ Lactose,Seia,1 un = 450 g (aprox.),"4,50 €","17,99 €/Kg"
Sabonete Líquido Original,Dove,Embalagem de 250 ml,"1,19 €","3,97 €/L"
Salsichas frasco hot dog,PorSi,Embalagem 540G,"0,75 €","3,75 €/Kg"
Princesa,Barbie,1 unidade,"22,99 €","22,99 €/Unidade"
Queijo de nisa dop,PorSi Select,1 unidade = 280g (aprox.),"2,87 €","15,94 €/Kg"
Plantanatur gorduras dia e noite refeições,PLANTANATU,Embalagem de 1 unidades,"7,59 €","126,50 €/Kg"
Liquido em gel para WC Hibisco Rosa,Ambipur,Embalagem de 750 ml,"3,19 €","4,25 €/L"
Marmelada em cubos,Ferbar,Embalagem de 200g,"1,09 €","2,42 €/Kg"
Vinho branco regional península de setúbal,Joao pires,Garrafa de 0.75 l,"8,59 €","11,45 €/L"
Pensos Higiénicos Ultra Air Dry C/ Abas,Ausonia,embalagem com 14 un.,"4,99 €","4,99 €/Unidade"
Limpa Motores,PorSi,Embalagem de 1 l,"3,99 €","0,80 €/L"
Cera liquida amarela,Novycera,Garrafa de 500 ml,"9,19 €","18,38 €/L"
Chocolate single 38g,Toff.crisp,Embalagem de 40g,"11,93 €/Kg","11,93 €/Kg"
Emulsão p/ higiene intima sensitive,Dystron,Embalagem com 200 ml,"7,69 €","19,23 €/L"
Queijo de cabra,Palhais,Embalagem de 200g,"1,89 €","10,50 €/Kg"
Pão de forma sem côdea especial torradas,Panrico,Embalagem de 510g,"2,59 €","5,18 €/Kg"
Vinho regional lisboa tinto reserva,Critterium,Garrafa de 0.75 l,"3,99 €","5,32 €/L"
Doce light alperce,PorSi,Embalagem de 340g,"3,59 €","10,26 €/Kg"
Caramelos de fruta,PorSi,Embalagem de 250g,"1,10 €","4,40 €/Kg"
Linguas de gato,PorSi,Embalagem de 200 g,"0,69 €","3,45 €/Kg"
"Papel higiénico, seda, folha tripla, 4+2 rolos",Foxy,1 embalagem,"1,99 €","1,99 €/Unidade"
Gin dry,Gibson's,Garrafa de 700 ml,"26,99 €","38,56 €/L"
Bolachas mini alfa,Nacional,Embalagem de 120g,"3,09 €","10,30 €/Kg"
Atum posta em óleo,General,Embalagem de 110g,"0,89 €","7,42 €/Kg"
"Vinho tinto regional, península de setúbal, bag-in-b...",Dom Campos,Garrafa de 5 l,"9,49 €","1,90 €/L"
Fraldas premium T4 - 9 a 15 kg,PorSi,50 unidades,"6,49 €","6,49 €/Unidade"
Cebolinho vaso aromáticas vivas,Aroma viva,Embalagem de 1 unidades,"0,89 €","17,80 €/Kg"
Bife da Vazia,Novilho,Vendido ao peso a partir de 800 g,"6,39 €","7,99 €/Kg"
Mopa com cabo,PorSi,1 unidade,"0,89 €","0,89 €/Unidade"
Maçã starking 60/65 categoria II Programa Origens,PorSi,Embalagem de 1.5 kg,"0,32 €","1,79 €/Kg"
Remove Insectos,PorSi,Embalagem de 1 l,"3,99 €","0,80 €/L"
Biscoitos brownies,PorSi,Embalagem de 230g,"0,90 €","6,00 €/Kg"
Iogurte Líquido Frutos Tropicais,PorSi,1 Embalagem 4X160G,"1,17 €","1,83 €/Kg"
Chá de gengibre,PLANTANATU,Embalagem de 20g,"1,19 €","1,19 €/Unidade"
Fita Adesiva Brico Facil Especial Dupla Face,Ceys,1 unidade,"3,19 €","3,19 €/Unidade"
"Azeitonas pretas sem caroço, frasco de 165 g",PorSi,Embalagem de 165g,"1,79 €","2,29 €/Kg"
Refresco em pó de ananás,PorSi,Embalagem de 40 g,"0,75 €","18,75 €/Kg"
Vinho tinto cotes du rhone,Expert Club,Garrafa de 75 cl,"6,89 €","9,19 €/L"
Bolachas crackers integrais,PorSi,Embalagem de 500g,"0,39 €","3,12 €/Kg"
Farinha de trigo sem fermento t65,PorSi,Embalagem de 1 kg,"1,99 €","1,99 €/Kg"
Cerveja Inedit,Estrella Damm,Garrafa de 0.75Lt,"1,99 €/L","1,99 €/L"
Gel Íntimo Fresh,Corine de Farme,Embalagem de 250 ml,"7,69 €","19,23 €/L"
Reparador de móveis escuro,Pronto,Embalagem de 100 ml,"4,39 €","14,63 €/L"
Bolachas cacau com recheio baunilha,PorSi,Embalagem de 176 g,"0,79 €","4,49 €/Kg"
Abacate categoria II,Fruta do Dia,Embalagem de 300 g,"2,35 €","4,69 €/Kg"
"Creme Hidratante de Dia, pele normal",Bioten,Embalagem de 50 ml,"2,99 €","59,80 €/L"
4 Potes,Play-Doh,1 Embalagem,"6,99 €","6,99 €/Unidade"
Bacalhau à Brás,PorSi,Embalagem de 1 kg,"1,91 €","4,78 €/Kg"
Grelo Nabo Programa Origens,PorSi,1 un= 1 kg (aprox.),"0,75 €","2,49 €/Kg"
Gelatina zero % pêssego,Koala,Embalagem de 130g,"0,85 €","2,13 €/Kg"
Bebida de Soja Natural,PorSi Viva Bem,Pack: 3 x 200 ml,"2,49 €","2,49 €/L"
Lixívia para roupa tradicional,Neoblanc,Embalagem de 2 l,"2,19 €","1,10 €/L"
Boudoirs,Du Bois de la Roche,Embalagem de 200 g,"0,69 €","3,45 €/Kg"
"Óleo de girassol, 3 a's",Fula,Embalagem 1L,"3,39 €","3,39 €/L"
Plumas de porco preto,PorSi Select,250 g,"4,89 €","4,89 €/Kg"
Preparado de bolo de iogurte,PorSi,500 g,"2,99 €","6,64 €/Kg"
Bolacha tostada diet nature s/ açucares,Gullon,Embalagem de 400g,"1,45 €","11,15 €/Kg"
Bolacha dibus sharkies s/ glúten,Gullon,Embalagem de 250g,"1,89 €","15,75 €/Kg"
"Iogurte, sabor a morango",PorSi,Embalagem de 4 x 125 g,"1,87 €","1,25 €/Kg"
Coloração Permanente Preto |1.0,Palette,,"9,49 €/Unidade","9,49 €/Unidade"
Chouriço Extra do Ribatejo,PorSi,200 g,"1,22 €","6,78 €/Kg"
Mousse cabelo caracois,Labell,Embalagem de 200ml,"3,99 €","53,20 €/L"
Chourico vinho das beiras,PorSi,Embalagem de 280g,"1,22 €","6,78 €/Kg"
Creme marisco,Knorr,Embalagem de 70g,"0,84 €","13,55 €/Kg"
Lenços Bolso 15X10 3f,PorSi,1 Unidade,"0,89 €","0,89 €/Unidade"
Prepar arroz marisco sem gluten cv 0.8kg,Brasmar,Embalagem de 800g,"1,91 €","4,78 €/Kg"
Iogurte grego natural magro,PorSi Viva Bem,Embalagem de 1 kg,"0,65 €","1,30 €/Kg"
Bala spray,Redex,Embalagem de 400 ml,"3,99 €","0,80 €/L"
Mousse limpeza refresh,Labell,Embalagem com 150ml,"12,48 €/L","12,48 €/L"
Detergente Líquido p/ Loiça Original,Fairy,"Embalagem de 1,19 l","0,89 €","0,89 €/L"
Cobertura de tartes,Vahine,Embalagem de 20g,"1,89 €","17,18 €/Kg"
Cereais all bran,Kellogg's,Embalagem de 380g,"5,59 €","8,87 €/Kg"
Queijo 3 igrejas cura de 1. 5meses,Saloio,Embalagem de 470g,"7,99 €","17,76 €/Kg"
Muesli tropical,Cemporcent,Embalagem de 500g,"0,69 €","1,73 €/Kg"
Sacos do lixo wc 5 litros,PorSi,30 sacos,"1,79 €","1,79 €/Unidade"
Óleo extra virgem de coco,Origensbio,Garrafa de 500 ml,"3,39 €","3,39 €/L"
Taolhão de banho,PorSi,100 x 150 cm,"20,99 €","20,99 €/Unidade"
"Fraldas Dry Fit, 12-25kg - Tamanho 5",Chicco,Embalagem de 34 unidades,"6,49 €","6,49 €/Unidade"
Snack para cão biscuit original,Friskies,Embalagem de 650 g,"3,39 €","18,83 €/Kg"
Iogurte fruta batida morango,Mimosa,Embalagem de 480g,"1,49 €","2,98 €/Kg"
Bolachas recheadas com morango e cheesecake,Oreo,Embalagem de 150g,"0,79 €","4,49 €/Kg"
Iogurte pedaços frutimax frutos variados,PorSi,Embalagem de 8 x 125 g,"4,36 €","2,18 €/Kg"
Bolachas belgas manteiga,PorSi,Embalagem de 250g,"1,69 €","6,76 €/Kg"
Detergente liquido para máquina de lavar roupa activ...,Skip,Embalagem de 80 doses,"13,99 €","3,29 €/L"
Leite condensado,Nestle,Embalagem de 370g,"1,09 €","2,75 €/Kg"
"Chocolate kit kat, single",Kit kat,Embalagem de 40g,"11,93 €/Kg","11,93 €/Kg"
Fermento padeiro 44g condi,Condi,Embalagem de 40g,"1,89 €","17,18 €/Kg"
Vinho regional tejo 3 castas tinto,Fiuza,Garrafa de 750 ml,"3,99 €","5,32 €/L"
Sabonete Deoprotect,Dystron,Embalagem de 80 g,"7,69 €","19,23 €/L"
"Água com gás, sabor limão",PorSi,"Embalagem de 6x0,25 l","2,85 €","2,85 €/L"
Collant opac microfibra preto 60D,PorSi,Tamanho: xl,"1,89 €","1,89 €/Unidade"
Gelado tiramisu,PorSi,Embalagem de 900 ml,"5,49 €","6,10 €/L"
Chá fresh verde e pêssego,Cemporcent,Embalagem de 18g,"44,50 €/Kg","44,50 €/Kg"
Comida húmida para gato carnes e legumes com molho,PorSi,Embalagem de 1.2 kg,"3,49 €","10,26 €/Kg"
Farinha integral,ESPIGA,Embalagem de 500g,"1,99 €","1,99 €/Kg"
Leite creme,Royal,Embalagem de 90g,"2,99 €","6,64 €/Kg"
Snacks para cão rodeo vaca,Pedigree,Embalagem de 123 g,"3,39 €","18,83 €/Kg"
Fada,Barbie,1 unidade,"13,99 €/Unidade","13,99 €/Unidade"
Vinagre de vinho branco,Cristal,Garrafa de 750 ml,"0,35 €","0,70 €/L"
Esfregona suave completa,Vileda,1 unidade,"0,89 €","0,89 €/Unidade"
Patê figado de porco,La piara,Embalagem de 80g,"1,19 €","13,52 €/Kg"
Iogurte sólido sem lactose multifrutos,Mimosa,Embalagem de 480g,"1,87 €","1,25 €/Kg"
"Agrafos nº24/6, 2000 unidades",Maped,Uma embalagem,"1,35 €","1,35 €/Unidade"
Adoçante comprimidos,PorSi,Embalagem de 250 saquetas,"5,99 €","23,96 €/Kg"
Limpa fornos,PorSi,500 ml,"1,29 €","1,72 €/L"
Bolachas digestive chocolate,PorSi,Embalagem de 300g,"0,98 €","3,27 €/Kg"
Vinho regional tejo reserva tinto,Casaleiro,Garrafa de 0.75 l,"3,99 €","5,32 €/L"
Vinagre balsâmico de modena gourmet,Gallo,Garrafa de 250 ml,"0,35 €","0,70 €/L"
Batata frita palha,Pala-pala,Embalagem de 250g,"0,87 €","5,44 €/Kg"
Licor triple seco 16%,Olaias,Garrafa de 1 l,"16,99 €","24,27 €/L"
Iogurte mix-in smarties baunilha,Nestle,Embalagem de 2 x 128 g,"4,23 €/Kg","4,23 €/Kg"
Salsicha para cão frango e porco,PorSi,1 kg,"3,39 €","18,83 €/Kg"
Bife,Peru,1 un = 900 gr (aprox.),"6,29 €","6,99 €/Kg"
Atum filete azeite biológico,Tenorio,Embalagem de 120g,"0,89 €","7,42 €/Kg"
Iogurte oikos natural,Danone,Embalagem de 4 x 110g,"1,49 €","2,98 €/Kg"
Gelatina de morango,Koala,Embalagem de 130g,"0,85 €","2,13 €/Kg"
Couve flor,PorSi,Embalagem de 750 kg,"1,39 €","1,85 €/Kg"
Tarteletes morango doses 192g,Vieira,Embalagem de 190g,"0,79 €","5,27 €/Kg"
Creme de amendoim cremoso 340g,Skippy,Embalagem de 340g,"4,19 €","12,32 €/Kg"
Gelado sandwich nata/chocolate,PorSi,Embalagem de 6x100 ml,"5,99 €","16,64 €/L"
"Patê de sardinha,atum e salmão",PorSi,Embalagem de 4 x 22 g,"1,19 €","13,52 €/Kg"
Champô Purificante,Pantene,640ml,"5,59 €","13,98 €/L"
Reparador de móveis escuro,PorSi,Embalagem de 200 ml,"4,39 €","14,63 €/L"
Preparado em pó para pudim flan,El mandari,Embalagem de 19.2 g,"0,59 €","29,50 €/Kg"
Crack.c/sal na superficie 560g,GRAN PAVES,Embalagem de 560g,"0,39 €","3,12 €/Kg"
Cookies sem glúten,Gullon,Embalagem de 200 g,"2,69 €","17,93 €/Kg"
Ervilhas bio,PorSi Bio,Frasco com 290 g,"2,99 €","5,98 €/Kg"
Puzzle Gigante Panda,Olivo,24 peças,"9,99 €/Unidade","9,99 €/Unidade"
Chocolate em pó 70% cacau,STARBUCKS,Embalagem de 300g,"5,39 €","7,19 €/Kg"
Sacos do lixo jardim 130 litros,PorSi,10 sacos,"1,79 €","1,79 €/Unidade"
Massa macarronete riscado,PorSi,Embalagem de 500g,"0,89 €","1,78 €/Kg"
Collant mousse muskade 20D,PorSi,Tamanho: l,"1,89 €","1,89 €/Unidade"
Café solúvel c/ cafeína,Delta,Embalagem de 100g,"14,50 €/Kg","14,50 €/Kg"
Manteiga de amendoim cremosa,Prozis,Embalagem de 500g,"4,19 €","12,32 €/Kg"
Almôndegas Vegetais Green Cuisine,Iglo green,Embalagem de 240g,"1,89 €","6,30 €/Kg"
Pastilha Elástica Bottle Frutos Vermelhos,Trident,Embalagem de 82 g,"0,99 €","58,24 €/Kg"
Papaia em calda,Globo,Embalagem de 425g,"1,99 €","2,37 €/Kg"
Massa folhada retangular,Pasta dia,Embalagem de 250g,"0,89 €","1,78 €/Kg"
"Cera cabelo, Paste Urban",Axe,Embalagem de 130 ml,"3,99 €","53,20 €/L"
Mortadela de peru fatiada,PorSi,Embalagem de 200g,"1,05 €","6,99 €/Kg"
Cabide anti humidade roupa limpa,HUMYDRY,embalagem de 250 g,"2,99 €","6,64 €/Kg"
Polvilho azedo,PorSi,Embalagem de 500g,"2,29 €","4,58 €/Kg"
Queijo flamengo em fatias,Terra Nostra,Embalagem de 200g,"1,56 €","7,80 €/Kg"
Chispalhada com feijão,Nobre,Embalagem de 420g,"2,35 €","5,60 €/Kg"
Infusão nº 6 sem barriga,Cemporcent,Embalagem de 10 unidades,"0,99 €","76,15 €/Kg"
Refrigerante s/ gás califórnia,Sunny d,"Garrafa de 1,25 l","1,90 €","1,27 €/L"
Tostas integrais,PorSi,Embalagem de 225g,"0,69 €","3,07 €/Kg"
Uva s/ grainha grimson,Vale Bom,Embalagem de 500 g,"3,96 €","0,99 €/Kg"
Espumante cava bruto,Freixenet,pack 3 x 200 ml,"8,99 €","14,98 €/L"
Leite uht gordo com rosca,PorSi,Embalagem de 1 litro,"0,94 €","0,94 €/L"
Favas ultracongeladas,PorSi,Embalagem de 400g,"1,39 €","1,85 €/Kg"
Manteiga c/ sal,Mimosa,Embalagem de 250g,"1,69 €","6,76 €/Kg"
"Baton, soft rosa",Labello,Embalagem de 5 g,"0,58 €","0,58 €/Unidade"
Lenços de bolso kids,Renova,Embalagem sortida com 8 unidades + 2 grátis,"0,89 €","0,89 €/Unidade"
Bastão de Cola,Domédia,10 g,"5,99 €","5,99 €/Unidade"
Tomate  67/82,Legumes do Dia,1 un = 150 gr (aprox.),"0,30 €","1,99 €/Kg"
"Engoma fácil, pistola",PorSi,Embalagem de 750 ml,"3,99 €","5,70 €/L"
Leite creme,El mandari,Embalagem de 90g,"0,79 €","5,27 €/Kg"
Anti-Traça Cedro,Dum Dum,2 unidades,"1,99 €","1,99 €/Unidade"
Farinha de fubá de milho,Nacional,Embalagem de 1 kg,"1,99 €","1,99 €/Kg"
2 Toalhas de bidé,PorSi,30 x 50 cm,"20,99 €","20,99 €/Unidade"
Café em grão 5 estrelas,Sical,Embalagem de 250g,"9,16 €/Kg","9,16 €/Kg"
Refrigerante c/ gás zero s/ cafeína,Coca-Cola,pack 6 x 0.33 l,"0,40 €/L","0,40 €/L"
Crackers c/ sal superficie,GRAN PAVES,Embalagem de 250g,"0,39 €","3,12 €/Kg"
Pudim de caramelo,Boca Doce,Embalagem de 20g,"0,59 €","29,50 €/Kg"
Batata frita churrasco,PorSi,Embalagem de 185 g,"1,19 €","6,43 €/Kg"
12 Caldos de carne,PorSi,Embalagem de 127 g,"3,84 €","24,00 €/Kg"
Bebida de amêndoa - 0% açúcar,Shoyce,Embalagem de 1 litro,"2,19 €","2,19 €/L"
Adoçante liquido,PorSi,Garrafa de 125 ml,"5,99 €","23,96 €/Kg"
Balões latex azul,PorSi,Embalagem com 24 unidades,"1,69 €","1,69 €/Unidade"
Pringles sour cream & onion,Pringles,Embalagem de 175g,"1,19 €","6,43 €/Kg"
Fermento químico,Vahine,Embalagem de 108g,"1,89 €","17,18 €/Kg"
Manteiga com sal,Milhafre,Embalagem de 250g,"1,69 €","6,76 €/Kg"
Iogurte infantil c/ drageias coloridas,PorSi,140 g,"4,23 €/Kg","4,23 €/Kg"
Kiwi Amarelo,Fruta do Dia,Embalagem de 400 g,"0,22 €","1,09 €/Kg"
Ração para gato adulto de interior,Friskies,Embalagem de 3 kg,"12,99 €","4,33 €/Kg"
"Vinho branco regional alentejano, bib",Galitos,Garrafa de 3 l,"8,59 €","1,72 €/L"
Purificador de água,Tetra,Embalagem de 1 l,"7,29 €","7,29 €/L"
Gogo SqueeZ Snack Pêssego,Gogo,Embalagem de 90g,"2,29 €","6,94 €/L"
Sabonete original,Palmolive,Embalagem de 4x90 g,"1,99 €","12,44 €/Kg"
Vegalia especialidade vegetariana de soja,Nobre,Lata com 8 unidades,"2,09 €","8,36 €/Kg"
Bolacha de manteiga belga original,Saborosa,Embalagem de 220g,"1,69 €","6,76 €/Kg"
"Vinagre balsâmico, spray",Paladin,Garrafa de 250 ml,"0,35 €","0,70 €/L"
Danacol morango,Danone,Embalagem de 6 x 100 g,"4,15 €/Kg","4,15 €/Kg"
Desodorizante roll-on Invisible,Rexona,Embalagem de 50ml,"1,39 €","6,95 €/L"
Adoçante à base de sucralose em pó,PorSi,Embalagem de 90g,"5,99 €","23,96 €/Kg"
"Coloração permanente, castanho dourado, nº43",Nutrisse,1 unidade,"9,49 €/Unidade","9,49 €/Unidade"
Baguete,*,400 g,"0,19 €","2,38 €/Kg"
Infusão tília,Cemporcent,Embalagem de 10 unidades,"0,99 €","76,15 €/Kg"
Creme vegetal para barrar de chocolate,Tulicreme,Embalagem de 200g,"4,19 €","12,32 €/Kg"
Gelatina melancia 10kcal 31g,Royal,Embalagem de 30g,"0,55 €","61,11 €/Kg"
Vinho maduro tinto doc alentejo reserva,Albarrada,Garrafa de 75 cl,"2,89 €","3,85 €/L"
Cereais corn flakes s/ glúten chocolate,Nestle,Embalagem de 380g,"2,99 €","7,97 €/Kg"
Farinha coco bio,Origensbio,Embalagem de 250g,"1,89 €","3,78 €/Kg"
Álcool canforado 85%,PorSi,Embalagem de 250 ml,"2,86 €","2,86 €/Unidade"
Pão de forma sem côdea,Panrico,Embalagem de 650g,"2,59 €","5,18 €/Kg"
Azeite Subtil,Gallo,Garrafa de 750 ml,"3,19 €","4,25 €/L"
Sumo 100% pêssego e uva,PorSi,Pack 3 x 200 ml,"1,09 €","0,73 €/L"
Robalo de Viveiro,Peixe Fresco,de 200 a 600 g (aprox.),"3,89 €","6,49 €/Kg"
Sabao azul e branco,PorSi,Embalagem de 400g,"2,38 €","4,67 €/Kg"
"Esfregona, algodão, completa",PorSi,1 unidade,"0,89 €","0,89 €/Unidade"
Guardanapos,PorSi,,"1,29 €","1,29 €/Unidade"
"Limpa vidros cristal, pistola",PorSi,Embalagem de 1 l,"3,19 €","6,38 €/L"
Sobremesa paturette baunilha,Páturages,Embalagem de 4 x 115 g,"1,19 €","2,59 €/Kg"
Queijo flamengo 0% lactose,PorSi Viva Bem,Embalagem de 150 g,"2,59 €","5,40 €/Kg"
Soja grossa,Cemporcent,Embalagem de 400g,"2,09 €","8,36 €/Kg"
Leite uht sem lactose magro,PorSi Viva Bem,1 litro,"2,19 €","2,19 €/L"
Brandy,Croft,Garrafa de 1 l,"11,99 €","17,13 €/L"
Queijo emmental ralado,PorSi Select,Embalagem de 200g,"7,45 €/Kg","7,45 €/Kg"
Ice tea pessêgo,Lipton,pack 6 x 0.25 l,"1,90 €","1,27 €/L"
Caderno Agrafado Capa Preta |A5 Liso,Domédia,1 unidade,"3,69 €","3,69 €/Unidade"
Tomate Cereja Redondo Biológico,PorSi Bio,Emb.: ± 250 g,"0,30 €","1,99 €/Kg"
Creme vegetal sabor manteiga,PorSi,Embalagem de 500 g,"1,39 €","6,95 €/L"
Tira gorduras pistola,Mistolin,Garrafa de 550 ml,"4,89 €","6,52 €/L"
Vinagre de vinho tinto,PorSi,Garrafa de 500 ml,"0,35 €","0,70 €/L"
Yaos magro natural,Nestle,Embalagem de 4x110g,"7,66 €/Kg","7,66 €/Kg"
Bomba de ar de pé,Bestway,1 un.,"9,99 €","9,99 €/Unidade"
Barras de cereais de trigo integral com chocolate e ...,Nestle,Embalagem de 135 g,"1,29 €","10,24 €/Kg"
Bolacha Maria sem lactose,PorSi Viva Bem,Embalagem de 200 g,"2,59 €","5,40 €/Kg"
Toalhitas multiusos limão,PorSi,Embalagem de 80 unidades,"1,79 €","1,79 €/Unidade"
Lombo s/ Osso,Porco,Vendido ao peso a partir de 1 kg,"4,89 €","4,89 €/Kg"
Tomate frito,Heinz,Embalagem de 350g,"3,84 €","24,00 €/Kg"
Cobertura de tartes,Vahine,Embalagem de 20g,"1,29 €","3,23 €/Kg"
Milho partido,Rac.zezere,Embalagem de 5 kg,"4,09 €","0,82 €/Kg"
Bebida aveia-amêndoa,Alpro,Embalagem de 1 litro,"2,19 €","2,19 €/L"
Gelo picado,PorSi,Embalagem de 2 kg,"1,00 €","0,50 €/Kg"
Creme abrasivo pink flowers,Cif,Garrafa de 700 ml,"0,99 €","1,32 €/L"
"Vela em número, nº 8",PorSi,1 unidade,"0,60 €","0,60 €/Unidade"
Arroz agulha,Cigala,Embalagem de 1 kg,"0,99 €/Kg","0,99 €/Kg"
Buondi café em grão,Buondi,Embalagem de 220g,"9,16 €/Kg","9,16 €/Kg"
"Postas pescada nº3, para fritar",PorSi,Embalagem de 600 g,"4,39 €","10,98 €/Kg"
Refresco pó laranja,PorSi,Embalagem de 40g,"0,75 €","18,75 €/Kg"
Leite condensado cozido,Nestle,Embalagem de 400g,"1,09 €","2,75 €/Kg"
Bolachas integrais,PorSi,Embalagem de 200g,"0,98 €","3,27 €/Kg"
Sementes de linhaça,Cemporcent,Embalagem de 250G,"1,89 €","3,78 €/Kg"
Liégeois Sobremesa de chocolate,Páturages,Embalagem de 4x100 g,"1,19 €","2,59 €/Kg"
Milho inteiro,Rac.zezere,Embalagem de 5 kg,"4,09 €","0,82 €/Kg"
Papel vegetal 8m,Vileda,1 unidade,"1,11 €","1,11 €/Unidade"
Gel Intimo Suave,Corine de Farme,250 ml,"0,59 €","5,90 €/L"
Fiambre da pá fatiado,PorSi,200 g,"0,97 €","6,49 €/Kg"
"Rolos cozinha absorção Ultra, Maxi, 2 rolos",Foxy,1 embalagem,"4,99 €","4,99 €/Unidade"
Tremoço médio,PorSi,Embalagem de 350 g,"1,79 €","2,29 €/Kg"
"Desodorizante para pés, creme Sport",Protex,Embalagem de 50 ml,"5,59 €","37,27 €/L"
Café torrado e moído 16 pastilhas,Sical,Embalagem de 104g,"59,82 €/Kg","59,82 €/Kg"
Rolo de cozinha XXL,PorSi,1 rolo,"4,99 €","4,99 €/Unidade"
Gelatina mirtilo 10kcal 31g,Royal,Embalagem de 30g,"0,55 €","61,11 €/Kg"
"Pasta dentífrica, dentes/gensivas sensitive",Labell,Embalagem de 75 ml,"2,29 €","38,17 €/L"
Vinagre de sidra,Cristal,Garrafa de 500 ml,"0,35 €","0,70 €/L"
Queijo ovelha curado amanteigado,Seia,Embalagem de 250g,"4,50 €","17,99 €/Kg"
Tortitas de milho sem sal,PorSi Viva Bem,Embalagem de 130g,"0,79 €","7,90 €/Kg"
Rolo de cozinha reciclado,PorSi,4 rolos,"4,99 €","4,99 €/Unidade"
Longa vida morango tu banana coco 8x120,Longa vida,Embalagem de 960g,"1,87 €","1,25 €/Kg"
Nabo Roxo sem Rama,Legumes do Dia,1 un = 200 gr (aprox.),"1,60 €","3,99 €/Kg"
Re-New Branca,Pattex,Embalagem de 100 ml,"3,19 €","3,19 €/Unidade"
Sumo florida,Sunny d,"Embalagem de 0,31 l","3,99 €","3,99 €/L"
Néctar clássico tutti-frutti,Compal,Embalagem de 1 l,"0,99 €","0,99 €/L"
Sabonete glicerina natural,Palmolive,Embalagem de 90 g,"1,99 €","12,44 €/Kg"
Whisky heritage blend,Logan,Garrafa de 700 ml,"23,99 €","34,27 €/L"
Gel de Duche Creme Care,Nivea,Embalagem de 750 ml,"6,99 €","9,32 €/L"
Mousse chocolate leite,Alsa,Embalagem de 150g,"2,99 €","6,64 €/Kg"
Iogurte batido magro com mirtilos sem lactose,Mimosa,4 x 120 g,"2,59 €","5,40 €/Kg"
Robalo de Viveiro,Programa Origens,1 un= 400 gr (aprox.),"3,89 €","6,49 €/Kg"
Batatas fritas lisas originais,Lay's,Embalagem de 282g,"1,06 €","5,73 €/Kg"
Loção corporal,Nivea,Embalagem de 400 ml,"12,48 €/L","12,48 €/L"
Recarga para balde com pedal 2 em 1,Vileda,1 unidade,"0,89 €","0,89 €/Unidade"
Vela com número nº 3,PorSi,1 unidade,"0,60 €","0,60 €/Unidade"
Refrigerante sem gás de manga/laran,Joi,"Garrafa de 1,5 l","1,90 €","1,27 €/L"
Grelha Quadrada Nº4 Zincada,Jomafe,"32x23 cm, 1 unidade","4,79 €","4,79 €/Unidade"
Alimento húmido para cão borrego,Pedigree,Embalagem de 300g,"0,75 €","2,50 €/Kg"
Saqueta de puré de fruta | maçã + pêssego + banana +...,PorSi,90 g,"0,74 €","8,22 €/Kg"
Bolachas com cobertura de chocolate,PorSi,Embalagem de 150g,"0,79 €","5,27 €/Kg"
Cevada torrada moída,PorSi,Embalagem de 250 g,"0,99 €","3,96 €/Kg"
Chá Aromatizado Pirâmide Mel/Limão/Ginseng,PorSi,20 x 2 g,"44,50 €/Kg","44,50 €/Kg"
Cebola picada,PorSi,Embalagem de 400 g,"1,39 €","1,85 €/Kg"
Creme Depilatório Peles Sensíveis,Veet,Embalagem de 200 ml,"2,99 €","14,95 €/L"
Arroz Risotto,PorSi,Embalagem de 1 kg,"0,99 €/Kg","0,99 €/Kg"
Creme para barrar,Nutella,Embalagem de 600g,"4,19 €","12,32 €/Kg"
Abóbora Butternut,Legumes do Dia,1 un= 1 kg (aprox.),"0,99 €","0,99 €/Kg"
Cuecas de incontinência Plus G,Ausonia,Uma embalagem - 8Unidades,"9,99 €","9,99 €/Unidade"
Gronola de aveia arandos/sementes,Nestle,Embalagem de 300g,"5,59 €","8,87 €/Kg"
Bolachas com cobertura de chocolate de leite,Oreo,Embalagem de 250g,"0,79 €","4,49 €/Kg"
Gel anti séptico deoprotect,Dystron,Garrafa de 400 ml,"7,69 €","19,23 €/L"
Iogurte sólido sem lactose multifrutos,Mimosa,Embalagem de 480g,"2,59 €","5,40 €/Kg"
Creme depilatório para peles normais,Labell,Embalagem de 200 ml,"2,99 €","14,95 €/L"
Vela em número nº4,PorSi,1 unidade,"0,60 €","0,60 €/Unidade"
Gelatina de mirtilo,Koala,Embalagem de 130 gr,"0,85 €","2,13 €/Kg"
Queijo snack gouda,PorSi,Embalagem de 100g,"1,56 €","7,80 €/Kg"
Ketchup top down,Calve,Embalagem de 550g,"2,14 €","7,64 €/Kg"
Queijo de vaca curado light amanteigado,PorSi,+/- 550 g,"25,45 €/Kg","25,45 €/Kg"
Formas de alumínio redondas 55 ml,PorSi,20 unidades,"0,89 €","0,89 €/Unidade"
Néctar light de manga/laranja,Compal,Pack 3 x 200 ml,"0,84 €","2,55 €/L"
Esfregão Salva Unhas Fibra verde Plus,Vileda,Embalagem com 1+1 grátis,"0,79 €","0,79 €/Unidade"
Infusão de camomila,Tetley,Embalagem de 10g,"85,00 €/Kg","85,00 €/Kg"
Gel de Banho Orquídea & Cashmere Extract,Nivea,Embalagem de 750 ml,"6,49 €","8,65 €/L"
Sangria tinta,PorSi,Garrafa de 1.5 litros,"2,39 €","1,59 €/L"
Bolacha maria junior doces,Vieira,Embalagem de 280g,"1,89 €","15,75 €/Kg"
Fralda Cueca de Banho 12 a 18 kg,Huggies,Embalagem com 11 un.,"8,49 €","8,49 €/Unidade"
Creme de Mãos Intensivo,Nivea,Embalagem de 100 ml,"1,03 €","10,30 €/L"
Sacos cubos de gelo fecho manual,PorSi,Embalagem com 10 unidades,"1,11 €","1,11 €/Unidade"
Água com gás sabor a tangerina,Frize,"Pack 4x 0,25l","2,85 €","2,85 €/L"
Sacos do Lixo Style 30 L,Vileda,1 embalagem,"1,79 €","1,79 €/Unidade"
Bolachas mini chips ahoy,Ca!,Embalagem de 160g,"0,90 €","6,00 €/Kg"
Esferográfica Cristal Azul,Bic,Embalagem com 10 un.,"2,69 €","2,69 €/Unidade"
Topping de morango,Winsenia,Embalagem de 300g,"1,29 €","3,23 €/Kg"
After shave bálsamo sensitive,Labell Men,Embalagem de 100 ml,"1,16 €","4,64 €/L"
Camarão cozido 30/50,PorSi,vendido ao peso a partir de 350 g,"4,25 €","16,98 €/Kg"
Spray renova camurça castanha,PorSi,Embalagem de 200 ml,"6,19 €","24,76 €/L"
Cerveja sagres,Sagres,20 x 0.25 l,"1,99 €/L","1,99 €/L"
"Vinho Alentejo, Private Collection, Tinto",Selecção de Enófilos,Garrafa de 0.75 l,"8,59 €","11,45 €/L"
Spray boost multiusos,Ajax,500 ml,"1,19 €","0,79 €/L"
Chá preto,Tetley,Embalagem de 30g,"41,67 €/Kg","41,67 €/Kg"
Snack Cão Prodental Raças Pequenas,PorSi,Embalagem 110 g,"3,39 €","18,83 €/Kg"
Amaciador para cabelos pintados,Labell,Embalagem de 200 ml,"1,00 €","5,00 €/L"
"Borracha Technic, 600",Maped,embalagem com 2 unidades,"2,69 €","2,69 €/Unidade"
Pão Regional Rio Maior Inteiro,Pão do Dia,1 unidade= 450 g,"0,19 €","2,38 €/Kg"
Sementes de chia,Cemporcent,Embalagem de 150G,"1,89 €","3,78 €/Kg"
Pensos Higiénicos Cottonlike Normal Abas,Evax,embalagem de 16 unidades,"4,99 €","4,99 €/Unidade"
20 saquetas chá yellow label,Lipton,Embalagem de 30g,"58,44 €/Kg","58,44 €/Kg"
Insecticida Casa e Plantas,Raid,400 ml,"5,49 €","13,73 €/L"
Cafe pastilhas 20x7g,PorSi,Embalagem de 140g,"59,82 €/Kg","59,82 €/Kg"
Mel em frasco de vidro,PorSi,Embalagem de 250g,"4,89 €","9,78 €/Kg"
Bife da Pá,Novilho,Vendido ao peso a partir de 800 g,"6,39 €","7,99 €/Kg"
Empadão de carne,PorSi,Embalagem de 1 kg,"3,53 €","8,83 €/Kg"
Braçadeiras Patrulha Pata,Mondo,1 Embalagem,"2,99 €","2,99 €/Unidade"
Creme para calçado castanho,PorSi,50 ml,"0,99 €","19,80 €/L"
Ice tea de limão,PorSi,"Embalagem de 6x0,20 l","1,90 €","1,27 €/L"
Água s/ gás limão,Luso,Garrafa de 1 l,"1,04 €","0,17 €/L"
"Escova dentes, slim soft, média",Colgate,1 unidade,"3,49 €","3,49 €/Unidade"
Shampo repelente p/ cão,Repul' 7,Garrafa de 200 ml,"11,98 €","59,90 €/L"
"Fraldas Dry Fit, 8-18kg - Tamanho 4",Chicco,Embalagem de 38 unidades,"6,49 €","6,49 €/Unidade"
Maria diet nature,Gullón,Embalagem de 400 g,"1,45 €","11,15 €/Kg"
Papa infantil láctea banana laranja +6 meses,Cerelac,Embalagem de 250g,"4,49 €","4,49 €/Kg"
Pedras limão,P.salgadas,Garrafa de 1 l,"2,85 €","2,85 €/L"
Bolachas marinheiras chia,Cemporcent,Embalagem de 200g,"1,45 €","11,15 €/Kg"
Dinosaurus chocoleche 340gr.         *12,Artiach,Embalagem de 340g,"2,29 €","17,62 €/Kg"
Dettol sabonete líquido frutos do bosque x 12,Dettol,Garrafa de 250 ml,"1,19 €","3,97 €/L"
Iogurte pedaços morango,PorSi,Embalagem de 4x125g,"4,36 €","2,18 €/Kg"
Pasta dentífrica herbal branqueadora,Colgate,Embalagem de 75 ml,"2,29 €","38,17 €/L"
Arroz agulha,Pato real,Embalagem de 1 kg,"0,99 €/Kg","0,99 €/Kg"
Água Tónica Zero,Schweppes,Garrafa de 1 l,"1,39 €","5,56 €/L"
Protetor de cantos,Pommette,embalagem com 4 unidades,"1,99 €","1,99 €/Unidade"
Pêssego em calda metades,PorSi,Lata com 840 g,"1,99 €","2,37 €/Kg"
"Rolos de cozinha compactos, branco, 2 unidades",PorSi,Uma embalagem,"4,99 €","4,99 €/Unidade"
Veg bowls trigo sarraceno&brócolos 350g,Iglo green,Embalagem de 350g,"1,89 €","6,30 €/Kg"
"Na-farinha de aveia 400g 3,2kg",Nacional,Embalagem de 400g,"1,99 €","1,99 €/Kg"
Bebida aveia,Alpro,Embalagem de 1 litro,"2,49 €","2,49 €/L"
Coxinhas de frango,PorSi,Embalagem de 360g,"9,30 €/Kg","9,30 €/Kg"
Noz com casca 28/30,Frutos secos,1 un = 200 gr (aprox.),"4,99 €/Kg","4,99 €/Kg"
Cafe rossio m.unica 250g,Nicola,Embalagem de 250g,"9,76 €/Kg","9,76 €/Kg"
Colgate smiles escova de dente manual kids,Colgate,Embalagem de 2 unidades,"0,99 €","0,99 €/Unidade"
Dinosaurus chocoleche 340gr.         *12,Artiach,Embalagem de 340g,"1,89 €","15,75 €/Kg"
The famous grouse ruby cask 700ml/1,F.grouse,Garrafa de 700 ml,"11,49 €","16,41 €/L"
Alimento seco para gato Júnior,Whiskas,Embalagem de 950 g,"12,99 €","4,33 €/Kg"
Goiabada,PorSi,600 g,"1,09 €","2,42 €/Kg"
Refrigerante  c/ gás regular,Coca-Cola,pack 4 x 1 l,"0,40 €/L","0,40 €/L"
Esfregão Esponja Style,Vileda,10 unidade,"0,79 €","0,79 €/Unidade"
Tostas integrais,Diatosta,Embalagem de 225 g,"0,69 €","3,07 €/Kg"
Gomas brilho,PorSi,Embalagem de 300 g,"1,19 €","3,97 €/Kg"
Queijo para barrar light,PorSi Viva Bem,Embalagem de 200g,"2,39 €","19,92 €/Kg"
Doce framboesa e romã,ST.DALFOUR,Frasco de 284g,"2,19 €","9,95 €/Kg"
Removedor Pêlos 56 Folhas + 33%,Scotch-Brite,1 un.,"3,99 €","5,70 €/L"
Fermento de padeiro,Vahine,Embalagem de 20g,"1,89 €","17,18 €/Kg"
Moscatel de Setúbal Reserva,Selecção de Enófilos,Garrafa de 0.75 l,"5,99 €","7,99 €/L"
Farinha de milho integral,Cemporcent,Embalagem de 500g,"2,29 €","11,45 €/Kg"
"Cerveja sem Álcool 0,0%",Super Bock,lata 33 cl,"5,99 €","3,03 €/L"
Bolachas chiquilin ositos de mel,Artiach,Embalagem de 160g,"1,89 €","15,75 €/Kg"
Queijo curado pequeno,Casteloes,Embalagem de 500g,"0,82 €","23,43 €/Kg"
Iogurte naturea natural,PorSi,Embalagem de 4 x 125 g,"0,65 €","1,30 €/Kg"
10 nuggets de frango com cereais integrais,Capitão Iglo,Embalagem de 208 g,"2,79 €","8,72 €/Kg"
Champô oil nutritive,Gliss,Embalagem de 250 ml,"5,59 €","13,98 €/L"
Ambientador vela odor tabaco,PorSi,1 unidade,"11,99 €","11,99 €/Unidade"
Achocolatado em saco,Nesquik,Embalagem de 1 kg,"5,39 €","7,19 €/Kg"
Bolachas,Oreo,Embalagem de 220g,"0,79 €","4,49 €/Kg"
Nestum zero arroz,Nestum,Embalagem de 250 g,"4,49 €","4,49 €/Kg"
Bombons praliné avelã,PorSi Select,100 g,"4,99 €","31,19 €/Kg"
Escova Dentes Suave Limpeza e Frescura,Sensodyne,1 un.,"3,49 €","3,49 €/Unidade"
Vinho tinto doc douro,VILA REAL,Garrafa de 750 ml,"7,49 €","9,99 €/L"
Moscatel de setúbal,Dom Campos,Garrafa de 750 ml,"5,99 €","7,99 €/L"
Amaciador Roupa Chá Branco & Peônia,Vernel,76 doses,"3,99 €","3,99 €/Unidade"
Vinho doc dão tinto,Grao vasco,Garrafa de 750 ml,"7,49 €","9,99 €/L"
Queijo Coulommiers,Páturages,Embalagem de 350 g,"1,45 €","7,25 €/Kg"
Vinho do porto finest reserve,Dow's,Garrafa de 0.75 l,"10,99 €","14,65 €/L"
"Pasta de limpeza com oxigénio activo, 48 unidades",Polident,Uma embalagem,"7,39 €","105,57 €/Kg"
Creme Mãos Hidratante,Labell,Embalagem de 100 ml,"1,03 €","10,30 €/L"
Creme de Mãos Hyaluronic,Bioten,Embalagem de 50ML,"1,03 €","10,30 €/L"
Vinho do porto malvasia branco,Rcv,Garrafa de 750 ml,"11,99 €","15,99 €/L"
Café solúvel creme,Nescafe,Embalagem de 100g,"14,50 €/Kg","14,50 €/Kg"
Batido de morango,Forma+,Embalagem de 700g,"13,90 €","19,86 €/Kg"
Esfregona de Microfibras Completa,PorSi,1 unidade,"0,89 €","0,89 €/Unidade"
Beira interior colheita 2014,Beyra,Garrafa de 0.75 l,"6,49 €","8,65 €/L"
Massa cuscus,Nacional,Embalagem de 250g,"0,89 €","1,78 €/Kg"
Canja de galinha económica,Knorr,Embalagem de 60g,"0,84 €","13,55 €/Kg"
Batata frita de presunto,PorSi,Embalagem de 185 g,"1,19 €","6,43 €/Kg"
Batata frita ondulada wavy,PorSi,Embalagem de 185 g,"1,06 €","5,73 €/Kg"
Guardanapos brancos 30x30 cm,PorSi,Embalagem com 100 unidades,"1,29 €","1,29 €/Unidade"
Vinho tinto,Alandra,Garrafa de 750 ml,"1,59 €","2,12 €/L"
"Máquina Tripla Matrix, + 5 unidades",Labell Men,Uma embalagem,"1,16 €","4,64 €/L"
Spray limpeza casa de banho,Cillitbang,Embalagem de 500 ml,"1,79 €","2,39 €/L"
Pudim flan zero açúcares adicionados,El mandari,Embalagem de 30g,"0,59 €","29,50 €/Kg"
"Pensos para calos, 10 unidades",PorSi,1 embalagem,"2,86 €","2,86 €/Unidade"
Rebuçados fruta,PorSi,Embalagem de 250g,"1,00 €","5,00 €/Kg"
Paté de sardinha,PorSi,Embalagem de 4 x 22 g,"1,19 €","13,52 €/Kg"
Chocolate em pó Starbucks 42% cacau,STARBUCKS,Embalagem de 330g,"5,39 €","7,19 €/Kg"
Banda térmica alivio dor muscular 29x9cm,PorSi,Embalagem de 2 unidades,"2,86 €","2,86 €/Unidade"
Cem porcento-chá infusão sem barriga,Cemporcent,Embalagem de 13g,"58,44 €/Kg","58,44 €/Kg"
Chá verde,PorSi,Embalagem de 37.5 g,"85,00 €/Kg","85,00 €/Kg"
Paloco desfiado,PorSi,Embalagem de 500 g,"4,39 €","10,98 €/Kg"
Massa macarronete riscado,Milaneza,Embalagem de 500g,"0,89 €","1,78 €/Kg"
Bolachinhas,Cerelac,Embalagem de 180g,"1,89 €","15,75 €/Kg"
Óleo alimentar,Fula,Embalagem 1L,"3,39 €","3,39 €/L"
"Pasta dentífrica, máxima proteção, fresca",Colgate,Embalagem de 75 ml,"2,29 €","38,17 €/L"
Mão de vaca com grão,Nobre,Embalagem de 420 g,"2,35 €","5,60 €/Kg"
Aguardente velha reserva,CRF,Garrafa de 700 ml,"12,79 €","18,27 €/L"
Vinho tinto regional alentejano,Galitos,Garrafa de 3 l,"9,49 €","1,90 €/L"
Iogurte magro morango sem lactose,Mimosa,Embalagem de 4x 120 g,"2,59 €","5,40 €/Kg"
Iogurte magro natural,Longa vida,Embalagem de 6 x 120 g,"7,66 €/Kg","7,66 €/Kg"
Bacalhau posta asa branca,PorSi,Embalagem de 800G,"4,99 €","9,98 €/Kg"
Guardanapos de 1 folha azuis | dim.: 30 x 29 cm,PorSi,Embalagem com 70 unidades,"1,29 €","1,29 €/Unidade"
Gin Beefeater Light,Beefeater,"Garrafa de 0,70 l","26,99 €","38,56 €/L"
Collant licra 15d preto l,PorSi,Embalagem de 1 unidades,"1,89 €","1,89 €/Unidade"
Forma de papel para bolos 6. 8cm,PorSi,Embalagem com 60 unidades,"0,89 €","0,89 €/Unidade"
Iogurte líquido yoggi banana,Nestle,Embalagem de 4 x 160 g,"1,17 €","1,83 €/Kg"
Saqueta de puré de fruta | maçã + banana,PorSi,90 g,"0,74 €","8,22 €/Kg"
Vinho regional alentejano reserva tinto,Encosta das Perdizes,Garrafa de 0.75 l,"2,89 €","3,85 €/L"
Iogurte líquido magro frutos vermelhos,PorSi Viva Bem,Embalagem de 4x160 ml,"2,19 €","2,19 €/L"
Lixivia perfume fresco,Neoblanc,Embalagem de 2 l,"2,59 €","1,30 €/L"
Piri piri,Calve,Garrafa de 50 ml,"2,14 €","7,64 €/Kg"
"Cerveja sem álcool, tara perdida",Super Bock,Pack 6 X 0.33 L,"5,99 €","3,03 €/L"
Sobremesa Paturette Chocolate,Páturages,Embalagem de 4x115g,"1,19 €","2,59 €/Kg"
Chocolate culinário,Pantagruel,Embalagem de 200g,"1,04 €","8,32 €/Kg"
Vinho regional alentejano bag-in-box tinto,Galitos,Garrafa de 5 l,"8,59 €","1,72 €/L"
Escova de dentes max white média,Colgate,1 + 1 unidades,"3,49 €","3,49 €/Unidade"
"Cerveja com álcool, tara perdida",Kings Bräu,pack 24 x 0.25 l,"1,99 €/L","1,99 €/L"
Hambúrguer Vegeta Green Cuisine,Iglo green,Embalagem de 200g,"1,89 €","6,30 €/Kg"
Deo Spray Black & White Active,Nivea,Embalagem de 150 ml,"4,69 €","31,27 €/L"
Sementes de abóbora,Cemporcent,Embalagem de 150g,"2,29 €","11,45 €/Kg"
Infusão camomila,Cemporcent,Embalagem de 10 unidades,"0,99 €","76,15 €/Kg"
Tablete de chocolate de leite,Toblerone,Embalagem de 100g,"5,30 €/Kg","5,30 €/Kg"
Lava Tudo Amoniacal,Sonasol,4 litros,"1,89 €","1,26 €/L"
Marmelada,Ferbar,Embalagem de 400g,"1,09 €","2,42 €/Kg"
Grão de bico,PorSi,Embalagem de 420g,"1,79 €","2,29 €/Kg"
"Elixir bocal, dentes e gengivas",Listerine,Embalagem de 250 ml,"5,99 €","11,98 €/L"
"Chá preto, sem cafeína, 10 saquetas",Tetley,Embalagem de 20g,"41,67 €/Kg","41,67 €/Kg"
"Toalhetes intimos sensitive, 15 unidades",Dystron,Uma embalagem,"2,89 €","2,89 €/Unidade"
Arroz doce alsa,Alsa,Embalagem de 125g,"2,99 €","6,64 €/Kg"
Luvas Descartáveis Super Grip P/M,Vileda,,"4,29 €","4,29 €/Unidade"
Palmiers,Du bois,Embalagem de 150g,"0,69 €","3,45 €/Kg"
Coleira em nylon p/ cão  repelente 75cm,Repul' 7,Embalagem de 1 unidades,"19,99 €","19,99 €/Unidade"
Mariscada,PorSi,Embalagem de 800g,"1,79 €","7,16 €/Kg"
Farinheira de Sousel,PorSi,1 un = 120 g (aprox.),"1,49 €","7,45 €/Kg"
Arroz de pato,PorSi,Embalagem de 250 g,"2,35 €","5,60 €/Kg"
20 saquetas infusão de lúcia lima,Lipton,Embalagem de 30g,"85,00 €/Kg","85,00 €/Kg"
Vinho tinto,Adega grande,Garrafa de 75 cl,"1,59 €","2,12 €/L"
Espargos Verdes,Legumes do Dia,embalagem com 250g,"0,65 €","2,59 €/Kg"
Cerveja com álcool,Sagres,Lata de 500ml,"1,99 €/L","1,99 €/L"
Elixir bocal para crianças,Listerine,Embalagem de 500 ml,"5,99 €","11,98 €/L"
"Azeite clássico, virgem extra",Oliveira da Serra,Garrafa de 2 l,"3,19 €","4,25 €/L"
Alho picado,Margao,Embalagem de 60g,"0,25 €","0,25 €/Kg"
Pastilhas descafeinado,Delta,Embalagem de 110g,"59,82 €/Kg","59,82 €/Kg"
Vinho maduro tinto doc alentejano,P.ravessa,Garrafa de 750 ml,"2,89 €","3,85 €/L"
"Maionese, frasco",Hellmman's,Embalagem de 420g,"2,14 €","7,64 €/Kg"
Nuggets de frango,PorSi,Embalagem de 360 g,"9,30 €/Kg","9,30 €/Kg"
Bolos cake e chococolate,Milka,Embalagem de 180g,"2,15 €","2,87 €/Kg"
Batata pré-frita tradition,MCCAIN,Embalagem de 1 kg,"1,39 €","1,39 €/Kg"
Arroz de pato,PorSi,Embalagem de 400g,"3,53 €","8,83 €/Kg"
Tomate em pedaços,PorSi,Embalagem de 390g,"1,79 €","2,29 €/Kg"
Gomas tropifrutti,Haribo,Embalagem de 100g,"1,19 €","3,97 €/Kg"
Café 5 estrelas moído tradição,Sical,Embalagem de 250g,"9,76 €/Kg","9,76 €/Kg"
Gomas funky mix,Haribo,Embalagem de 100g,"1,19 €","3,97 €/Kg"
Creme depilatório para peles sensíveis,Labell,Embalagem de 200 ml,"2,99 €","14,95 €/L"
Arroz basmati,PorSi,Embalagem de 1 kg,"0,99 €/Kg","0,99 €/Kg"
Arroz basmati,Caçarola,Embalagem de 1 kg,"0,99 €/Kg","0,99 €/Kg"
Rebuçados drops recheio de fruta,PorSi,Embalagem de 250g,"1,00 €","5,00 €/Kg"
4 filetes de pescada panados c/ limão,Pescanova,Embalagem de 400g,"9,30 €/Kg","9,30 €/Kg"
Mousse d´or,Du Bois de la Roche,Embalagem de 200 g,"0,69 €","3,45 €/Kg"
"Refrigerante sem gás, laranja",Joi,"Garrafa de 1,5 l","1,90 €","1,27 €/L"
Massa folhada margarina,PorSi,Embalagem de 230 g,"0,99 €","4,30 €/Kg"
Cabo de metal com rosca,PorSi,1.35 m,"2,20 €","2,20 €/Unidade"
"M&m's drageias de chocolate de leite,",M&m's,Embalagem de 200g,"11,98 €/Kg","11,98 €/Kg"
Detergente Manual p/ Lavar Roupa Regular,Gama,Embalagem de 510 g,"2,38 €","4,67 €/Kg"
Lay's mediterrâneas originais,Lay's,Embalagem de 220g,"1,06 €","5,73 €/Kg"
Codornizes,Aves,1 un. = 150 g (aprox.),"6,29 €","6,99 €/Kg"
Veggie bowls quinoa & abóbora 350g,Iglo green,Embalagem de 350g,"1,89 €","6,30 €/Kg"
Pasta de sardinha,Fides,Embalagem de 90g,"1,19 €","13,52 €/Kg"
Pedaços de tamboril,PorSi,Embalagem de 500G,"4,39 €","10,98 €/Kg"
Farinheira do Ribatejo,PorSi,Embalagem de 180g,"1,49 €","7,45 €/Kg"
Yaos magro natural,Nestle,Embalagem de 4x110g,"1,49 €","2,98 €/Kg"
Creme vegetal culinário,Vaqueiro,Embalagem de 1 kg,"1,39 €","6,95 €/L"
Fruta para bebé multifrutas +4 meses,Nestle,Embalagem de 90g,"0,74 €","8,22 €/Kg"
Bolachas chiquilin energy,Artiach,Embalagem de 200g,"1,69 €","6,76 €/Kg"
Liégeois Sobremesa de Café,Páturages,Embalagem de 4x100 g,"0,55 €","2,75 €/Kg"
"Luvas multiusos relevo antiderrapante, tamanho grand...",PorSi,Embalagem de 1 unidades,"4,29 €","4,29 €/Unidade"
Limpa ferros,Petex,1 unidade,"0,89 €","0,89 €/Unidade"
Pudim de ananás,Boca Doce,Embalagem de 20g,"0,59 €","29,50 €/Kg"
Doce cereja 284g,ST.DALFOUR,Frasco de 284g,"2,19 €","9,95 €/Kg"
Bolacha recheada mega duo chocolate,Gullon,Embalagem de 500g,"2,15 €","2,87 €/Kg"
Bolachas digestive go aveia,Triunfo,Embalagem de 170g,"0,98 €","3,27 €/Kg"
Salva Camas 60 x 60 cm,PorSi,Embalagem com 20 un.,"4,99 €","4,99 €/Unidade"
Barras de cereais golden grahams,Nestle,Embalagem de 150g,"1,29 €","10,24 €/Kg"
Moscatel roxo c/ caixa,Pioneiro,Garrafa de 750 ml,"5,99 €","7,99 €/L"
Refrigerante de cola zero,PorSi,Garrafa de 2 l,"0,40 €/L","0,40 €/L"
Recarga removedor de pelos - 56 folhas,Scotch bri,Embalagem de 1 unidades,"8,75 €","8,75 €/Unidade"
Fermento em po 4x25g,PorSi,Embalagem de 100g,"1,89 €","17,18 €/Kg"
Comida húmida para cão de frango e arroz,PorSi,Lata de 400 g,"0,75 €","2,50 €/Kg"
Alimento húmido para cão vaca,Pedigree,Embalagem de 300g,"0,75 €","2,50 €/Kg"
Bebida amêndoa torrada sem açúcar,Alpro,Embalagem de 1 litro,"2,49 €","2,49 €/L"
Café em cápsulas dolce gusto ardenza,Nescafe,Embalagem de 110g,"59,82 €/Kg","59,82 €/Kg"
Banda cera fria peles sensíveis p/corpo,Veet,Embalagem de 20 unidades,"6,99 €","6,99 €/Unidade"
Vela mágica pack de 10 unidades,PorSi,Uma embalagem,"0,60 €","0,60 €/Unidade"
"Cla ultra l-carnitina + chá verde, 30caps",PLANTANATU,Embalagem de 1 unidades,"7,59 €","126,50 €/Kg"
Manteiga com sal,Novacores,Embalagem de 250g,"1,69 €","6,76 €/Kg"
"Alimento para peixe, tetra gammarus",Tetra,Embalagem de 250 ml,"7,29 €","7,29 €/L"
Snack Cão Prodental,PorSi,Embalagem 180 g,"3,39 €","18,83 €/Kg"
Bolacha waffer cacau,Waferland,Embalagem de 175g,"0,98 €","4,67 €/Kg"
"Anti-calcário em pó, máquina roupa",PorSi,Embalagem de 800g,"3,99 €","5,70 €/L"
Farinha para bolos super fina,PorSi,Embalagem de 1 kg,"1,99 €","1,99 €/Kg"
Pera conference categoria: II,*,Vendido ao peso a partir de 300 g,"0,32 €","1,79 €/Kg"
Puré de batata,Maggi,Embalagem de 250g,"1,99 €","1,99 €/Kg"
Vinagre balsâmico,PorSi,Embalagem de 250 ml,"0,35 €","0,70 €/L"
Lombinhos,Porco,1 un=500 gr aprox.,"4,89 €","4,89 €/Kg"
Queijo creme de ervas finas,Philadelph,Embalagem de 150g,"2,05 €","16,40 €/Kg"
8 rissóis de carne,PorSi,Embalagem de 300g,"1,71 €","5,70 €/Kg"
Alho Seco Granel,Legumes do Dia,1 un = 100 gr (aprox.),"1,29 €/Kg","1,29 €/Kg"
"Refresco em pó, manga",PorSi,Embalagem de 40g,"0,75 €","18,75 €/Kg"
Bolachas soft bakes recheio chocolate,Belvita,Embalagem de 250g,"2,15 €","2,87 €/Kg"
Bolachas com duplo creme,Oreo,Embalagem de 190g,"0,79 €","4,49 €/Kg"
Forma Pão de Ló Antiaderente 28cm,PorSi,1 unidade,"9,99 €","9,99 €/Unidade"
Snack de higiene oral diária para cão médio,Purina One,Embalagem de 115 g,"3,39 €","18,83 €/Kg"
Queijo Curado kg,Castelões,1 un = 250 gr  (aprox.),"25,45 €/Kg","25,45 €/Kg"
"Batata frita, queijo e ervas",PorSi,Embalagem de 190g,"1,19 €","6,43 €/Kg"
Shampo automóvel laranja,PorSi,Embalagem de 5 l,"3,99 €","0,80 €/L"
Trinca de arroz,PorSi,Embalagem de 1 kg,"1,15 €/Kg","1,15 €/Kg"
Detergente manual roupa,PorSi,Embalagem de 650g,"2,38 €","4,67 €/Kg"
Super tea immune com vitamina c,Tetley,Embalagem de 40g,"44,50 €/Kg","44,50 €/Kg"
Vermute Floreale sem Álcool,Martini,Garrafa de 750 ml,"8,99 €","14,98 €/L"
Leite de pastagem magro,Terra Nostra,Embalagem de 1 litro,"0,81 €","0,81 €/L"
Manteiga sem sal,Mimosa,Embalagem de 250g,"1,69 €","6,76 €/Kg"
Ervilhas,PorSi,Embalagem de 1 kg,"1,39 €","1,85 €/Kg"
"Loção Tropical Spray, SPF30",Cabana Sun,Embalagem de 150 ml,"8,55 €","57,00 €/L"
Forma Pudim Antiaderente 18cm,PorSi,1 unidade,"9,99 €","9,99 €/Unidade"
Queijo curado mistura,PorSi,190 g,"7,99 €","17,76 €/Kg"
Pepperoni Rodelas,Porminho,Embalagem 2 x 75 g,"3,35 €","22,33 €/Kg"
Azeite virgem extra clássico,Gallo,Garrafa de 750 ml,"3,19 €","4,25 €/L"
Dentifríco anti-tártaro + branqueador,Colgate,Embalagem de 75 ml,"2,29 €","38,17 €/L"
Sumo 100% maçã,PorSi,pack 3 x 200 ml,"1,09 €","0,73 €/L"
Tostas suecas integrais,PorSi,Embalagem de 225 g,"0,69 €","3,07 €/Kg"
Batata pré-frita palitos finos,PorSi,Embalagem de 1 kg,"1,39 €","1,39 €/Kg"
Resguardos de cama,PorSi,20 unidades de 80 x 180 cm,"4,99 €","4,99 €/Unidade"
Refrigerante c/ gás de laranja zero,Fanta,"Garrafa de 1,5 l","0,40 €/L","0,40 €/L"
"Vinagre de sidra, spray",Paladin,Garrafa de 250 ml,"0,35 €","0,70 €/L"
Bebida de soja sem acucar 1l,Alpro,Embalagem de 1L,"2,49 €","2,49 €/L"
Bolachas cacau com cereais e pepitas de chocolate,PorSi,Embalagem de 400 g,"0,90 €","6,00 €/Kg"
Amendoim com Casca,PorSi,Embalagem de 500g,"0,79 €","3,95 €/Kg"
"Sopa gourmet, cogumelos",Knorr,Embalagem de 60g,"0,84 €","13,55 €/Kg"
Choco limpo 20/40,PorSi,Embalagem de 800 g,"5,49 €","6,86 €/Kg"
Limpa Moveis Lavanda,Pronto,300 ml,"4,39 €","14,63 €/L"
Barras cereais chocapic,Nestle,Embalagem de 150g,"1,29 €","10,24 €/Kg"
After shave gold,Denim,Embalagem de 100 ml,"1,16 €","4,64 €/L"
Vinho Regional de Lisboa Branco,Mundus,"Garrafa de 0,75L","2,29 €","3,05 €/L"
Limpa móveis cera abelhas,PorSi,Frasco de 300ml,"4,39 €","14,63 €/L"
Champanhe tradicional bruto,Delagne&fi,Garrafa de 750 ml,"19,99 €","26,65 €/L"
Creme abrasivo de limão,PorSi,Embalagem de 750 ml,"0,99 €","1,32 €/L"
Mistura com 20% café torrada moída,PorSi,Embalagem de 250g,"0,99 €","3,96 €/Kg"
Bebida avelã,Alpro,Embalagem de 1 litro,"2,49 €","2,49 €/L"
Spray wc anticalcário,PorSi,embalagem de 750 ml,"1,79 €","2,39 €/L"
Café moagem universal brasil,Delta,Embalagem de 220g,"9,16 €/Kg","9,16 €/Kg"
Canela em pau,PorSi,Saqueta de 30 g,"0,25 €","0,25 €/Kg"
Bandas de cera fria bikini peles sensíveis,Veet,Embalagem de 16 unidades,"6,99 €","6,99 €/Unidade"
Cerveja c/ álcool mini,Super Bock,Pack 15 x 0.20 L,"1,99 €/L","1,99 €/L"
3 Pipetas de Repelente p/ Gato,Repul'7,1 unidade,"1,19 €","0,24 €/Kg"
Massa de cotovelinhos,Nacional,Embalagem de 500g,"0,89 €","1,78 €/Kg"
Gambão 20/30,Marisco Congelado,Vendido a partir de 250 (aprox.),"2,00 €","7,99 €/Kg"
10 saquetas infusão de camomila,Lipton,Embalagem de 10g,"0,99 €","76,15 €/Kg"
Farinha láctea 5 frutos,PorSi,Embalagem de 500g,"4,49 €","4,49 €/Kg"
Miolo berbigão,PorSi,Embalagem de 250g,"1,79 €","7,16 €/Kg"
Sidra frutos vermelhos,Somersby,pack 4 x 0.33 l,"1,59 €","3,18 €/L"
Azeite virgem extra clássico,Gallo,Garrafa de 250 ml,"3,19 €","4,25 €/L"
Queijo curado -30% gordura,Casteloes,500 g,"25,45 €/Kg","25,45 €/Kg"
Leite uht meio gordo,PorSi,Embalagem com rosca de 1 l,"0,81 €","0,81 €/L"
Pasta de açúcar bege,PorSi,250 g,"1,49 €","1,49 €/Kg"
Gel de banho júnior maçã e pera,Labell,Embalagem com 300 ml,"5,59 €","18,63 €/L"
Açúcar mascavado,PorSi,Embalagem de 500g,"1,49 €","1,49 €/Kg"
Arroz selvagem,Caçarola,Embalagem de 500 g,"0,99 €/Kg","0,99 €/Kg"
4 hamburguers frango s/ glúten,Capitão Iglo,Embalagem de 240g,"11,44 €/Kg","11,44 €/Kg"
Manteiga de amendoim crocante,Prozis,Embalagem de 500g,"3,44 €","4,71 €/Kg"
Miolo de camarão 50/70,H2Gelo,Embalagem de 250  g,"8,99 €","25,69 €/Kg"
Batata pré-frita rodelas para saltear,PorSi,Embalagem de 1 kg,"1,39 €","1,39 €/Kg"
Colchonete em Espuma,Saurium,"Dim.: 180x60x1,2 cm","6,99 €","6,99 €/Unidade"
Limpa Estofos de Pele,PorSi,Embalagem de 1 l,"3,99 €","0,80 €/L"
Iogurte magro morango sem lactose,Mimosa,Embalagem de 4x 120 g,"7,66 €/Kg","7,66 €/Kg"
Whiskey bourbon,J.daniels,Garrafa de 700 ml,"23,99 €","34,27 €/L"
Queijo flamengo ralado,PorSi,Embalagem de 200G,"1,56 €","7,80 €/Kg"
Bolacha torrada 800g 33% grátis,Vieira,Embalagem de 800g,"2,11 €/Kg","2,11 €/Kg"
8 salsichas bockwurst,PorSi,1 Frasco 720G,"0,75 €","3,75 €/Kg"
Tablete triple caramelo,Milka,Embalagem de 90g,"5,30 €/Kg","5,30 €/Kg"
Barras de cereais fitness crunchy & caramelo,Nestle,Embalagem de 140g,"1,29 €","10,24 €/Kg"
Schär pão rústico fatiado sem glúten,Schar,Embalagem de 250g,"2,99 €","7,97 €/Kg"
Caderno Espiral Capa Dura A4 Quadriculado,Domédia,1 un.,"3,69 €","3,69 €/Unidade"
Mortadela de peru,PorSi,1 un = 150 gr (aprox.),"1,05 €","6,99 €/Kg"
Arroz extra longo branco,Oriente,Embalagem de 1kg,"0,99 €/Kg","0,99 €/Kg"
Spray bolor e sujidade,Cillitbang,Garrafa de 500 ml,"1,19 €","0,79 €/L"
Marmelada sem conservantes,PorSi,Embalagem de 500g,"1,09 €","2,42 €/Kg"
Infusão de tília,Tetley,Embalagem de 10g,"0,99 €","76,15 €/Kg"
Doce de tomate com frutose,Salutem,Embalagem de 340g,"3,44 €","4,71 €/Kg"
Soquete licra 15d preto t. único,PorSi,2 unidades,"1,89 €","1,89 €/Unidade"
Arroz vaporizado,Cigala,Embalagem de 1 kg,"0,99 €/Kg","0,99 €/Kg"
Doce light framboesa,PorSi,Embalagem de 340g,"3,59 €","10,26 €/Kg"
"Inseticida, recarga, elétrico, pack 2",Raid,1 embalagem com 2x27ml,"7,69 €","7,69 €/Unidade"
Gelatina light manga e laranja,Condi,Embalagem de 2x15 g,"0,55 €","61,11 €/Kg"
Infusão alcachofra e dente de leão,Cemporcent,Embalagem de 10 unidades,"0,99 €","76,15 €/Kg"
Alimento lácteo cereais e bolachas maria +6 meses,Yogolino,Embalagem de 4 x 100 g,"2,89 €","7,23 €/Kg"
Bolachas waffers morango,PorSi,Embalagem de 210g,"0,98 €","4,67 €/Kg"
Gelatina de ananás,Koala,Embalagem de 130g,"0,85 €","2,13 €/Kg"
Tablete chocolate chips ahoy,Milka,Embalagem de 100g,"5,30 €/Kg","5,30 €/Kg"
Luvas Multi Sensitive Médio/Grande,Vileda,40 unidade,"4,29 €","4,29 €/Unidade"
Carcaça Rústica 70 g,Pão do Dia,,"0,19 €","2,38 €/Kg"
Mimosa bem especial leite e aveia,Mimosa,Embalagem de 1 litro,"2,19 €","2,19 €/L"
Pensos higiénicos liberty normal sem abas,Evax,Embalagem com 12 un.,"4,99 €","4,99 €/Unidade"
"Comida húmida para cão júnior com frango, cenoura em...",Friskies,Embalagem de 100g,"0,75 €","2,50 €/Kg"
Na-esparguete bio 500g 10kg,Nacional,Embalagem de 500g,"0,89 €","1,78 €/Kg"
Atum posta em azeite,PorSi,Embalagem de 120g,"0,89 €","7,42 €/Kg"
Cerveja c/ álcool,Sagres,pack 15 x 0.33 l,"1,99 €/L","1,99 €/L"
Nuggets de frango grelhadinho,Capitão Iglo,Embalagem de 200g,"9,30 €/Kg","9,30 €/Kg"
Maçã Golden 70/75,Programa Origens,1 un = 180 gr (aprox.),"0,32 €","1,79 €/Kg"
Amaciador concentrado para roupa aloé vera,PorSi,80 doses,"3,99 €","3,99 €/Unidade"
Iogurte morango 000%,PorSi Viva Bem,Embalagem de 4 x 125 g,"4,36 €","2,18 €/Kg"
Pasta de açúcar branco,PorSi,250 g,"1,49 €","1,49 €/Kg"
Vela em número nª2,PorSi,1 unidade,"0,60 €","0,60 €/Unidade"
Dentes de alho Categoria: II,PorSi,Embalagem de 150 g,"1,29 €/Kg","1,29 €/Kg"
Bambolitos pretos,PorSi,Embalagem de 150g,"0,79 €","5,27 €/Kg"
Balões latex brancos,PorSi,Embalagem com 24 unidades,"1,69 €","1,69 €/Unidade"
Leite desmaquilhante para peles secas,Labell,Embalagem de 250 ml,"1,15 €","4,60 €/L"
Pizza hawai,PorSi,Embalagem de 350g,"2,16 €","6,17 €/Kg"
Bife de Frango,Frango,Vendido ao peso a partir de 1 kg,"6,29 €","6,99 €/Kg"
Salmão Fumado da Noruega,PorSi,Embalagem de 100 g,"3,35 €","22,33 €/Kg"
Vmt reg alentejano 0.75l,T.xisto,Garrafa de 750 ml,"2,89 €","3,85 €/L"
Creme proteção de gengivas,Polident,Embalagem de 40 g,"7,39 €","105,57 €/Kg"
Recarga mopa 1.2 spray max,Vileda,1 unidade,"0,89 €","0,89 €/Unidade"
Vermute rosso,Martini,Embalagem de 10x6 cl,"4,99 €","7,13 €/L"
"Lixívia para roupa, azul, tradicional",Neoblanc,Embalagem de 1 l,"1,74 €","0,35 €/L"
Café moagem normal: intenso,Buondi,Embalagem de 220g,"9,76 €/Kg","9,76 €/Kg"
Fruta para bebé 4 frutas +4 meses,Nestle,Embalagem de 90g,"0,74 €","8,22 €/Kg"
Atum posta em azeite,Bom petisc,Embalagem de 120 g,"0,89 €","7,42 €/Kg"
Vinho branco,Enc.bairro,Bag-in-box de 5L,"8,59 €","1,72 €/L"
Refeição Bio Puré de Ervilhas c/ batata e frango,Gerber,Embalagem de 190g,"1,89 €","9,95 €/Kg"
Ice tea de limão,PorSi,"Embalagem de 1,5 l","1,90 €","1,27 €/L"
Café dak lak vietnam moagem universal,Sical,Embalagem de 220g,"9,76 €/Kg","9,76 €/Kg"
Trufas de Cacau,PorSi Select,200 g,"4,99 €","31,19 €/Kg"
Cogumelos inteiros,PorSi,Embalagem de 355 g,"1,79 €","2,29 €/Kg"
Hamburger cogumelos,Veg In,Embalagem de 160g,"3,39 €","21,19 €/Kg"
Gressinos com azeite,PorSi,Embalagem de 250g,"0,69 €","3,07 €/Kg"
Chá peso dia,PLANTANATU,Embalagem de 10 unidades,"1,19 €","1,19 €/Unidade"
Cerveja 0.0%,Sagres,Lata 0.33 l,"5,99 €","3,03 €/L"
50 nuggets de frango,Capitão Iglo,Embalagem de 1042g,"2,79 €","8,72 €/Kg"
Refrigerante com gás de laranja,Sumol,"Garrafa de 1,25 l","0,40 €/L","0,40 €/L"
"Batata frita, multipack",Ruffles,Embalagem de 180g,"1,06 €","5,73 €/Kg"
Faca para bife 11 cm preta,PorSi,1 unidade,"5,90 €","5,90 €/Unidade"
Snack gato sticks salmao 6x5g,PorSi,Embalagem de 30g,"0,99 €","16,50 €/Kg"
Proteção de colchão impermeável | frente: 80% algodã...,VZT,Dim.: 180 x 200 cm,"20,99 €","20,99 €/Unidade"
Batido de chocolate,Forma+,Embalagem de 700g,"13,90 €","19,86 €/Kg"
Chouriço fatiado,Campofrio,Embalagem de 80g,"0,95 €","9,49 €/Kg"
Bolachas galettes bretonnes,Chabrior,Embalagem de 125 g,"1,69 €","6,76 €/Kg"
Caramelos de fruta,Penha,Embalagem de 250 g,"1,10 €","4,40 €/Kg"
Spray lixívia e higiene,Cillitbang,Garrafa de 500 ml,"1,19 €","0,79 €/L"
Fralda Cueca Activity Extra Tamanho 5,Dodot,Embalagem com 40 uni.,"8,49 €","8,49 €/Unidade"
Compota frutos vermelhos 60% fruta,Cemporcent,Embalagem de 280g,"3,44 €","4,71 €/Kg"
Limpa Móveis,PorSi,Embalagem de 300 ml,"4,39 €","14,63 €/L"
Gin dry bombay(40º) 0.70l,Bombay,Garrafa de 700 ml,"26,99 €","38,56 €/L"
Esfregão Esponja Antibacteriano,Fino,1 unidade,"0,79 €","0,79 €/Unidade"
Guardanapos Red Label 1 folha |Vermelho,Renova,Dim: 30x32cm |70 unidades,"1,29 €","1,29 €/Unidade"
Feijão encarnado em frasco,PorSi,frasco de 540 g,"1,79 €","2,29 €/Kg"
Sardinha Congelada,Peixe Congelado,1 un = 250 gr  (aprox.),"3,99 €/Kg","3,99 €/Kg"
Fruta para bebé maçã banana +4 meses,Nestle,Embalagem de 4 x 100 g,"0,74 €","8,22 €/Kg"
Sumo s/ gás manga/cenoura,Santal,"Garrafa de 1,5 l","1,90 €","1,27 €/L"
Escova dentifrica 360º advanced média,Colgate,1 unidade,"3,49 €","3,49 €/Unidade"
Cebola Amarela,Nossa seleção,1 un = 500 gr (aprox.),"1,29 €/Kg","1,29 €/Kg"
Snack bounty single 57g,BOUNTY,Embalagem de 60g,"11,93 €/Kg","11,93 €/Kg"
Concentrado de frutas tropicais,Sunquick,Garrafa de 700 ml,"4,89 €","6,61 €/L"
Queijo de vaca curado amanteigado,PorSi,+/- 550 g,"25,45 €/Kg","25,45 €/Kg"
Detergente em gel máquina lavar roupa universal,Persil,85 doses,"13,99 €","3,29 €/L"
Whisky black bush,Bushmills,Garrafa de 700 ml,"11,49 €","16,41 €/L"
Miolo de amêndoa sem pele inteira,PorSi,200 g,"0,79 €","3,95 €/Kg"
8 salsicha soja,Izidoro,Embalagem de 180g,"2,09 €","8,36 €/Kg"
Gelatina ananás 8 kcal,PorSi,Embalagem de 4 x 100 g,"0,85 €","2,13 €/Kg"
Luvas Universal Pequeno/Médio,Vileda,1 unidade,"4,29 €","4,29 €/Unidade"
"Caramelos de fruta, morango single",Sugus,Embalagem de 50g,"1,10 €","4,40 €/Kg"
Tablete de chocolate culinário branco,PorSi,Embalagem de 180 g,"0,99 €","9,90 €/Kg"
Aperitivos 3d's cones,3d's,Embalagem de 90g,"0,79 €","7,90 €/Kg"
Plantanatur slim rapid 30 comprimidos,PLANTANATU,Embalagem de 1 unidades,"7,59 €","126,50 €/Kg"
Azeite Virgem Extra Suave,Gallo,Garrafa de 750 ml,"3,19 €","4,25 €/L"
Esfregona premium 2 em 1 completa,Vileda,1 un.,"0,89 €","0,89 €/Unidade"
Copos para pic nic 145 ml rosa,PorSi,Embalagem com 4 unidades,"9,99 €","9,99 €/Unidade"
Mistolin advanced lixívia,Mistolin,Garrafa de 500 ml,"1,79 €","2,39 €/L"
Cordon bleu,Iglo,Embalagem de 200g,"4,99 €","24,95 €/Kg"
Toalha de mãos,PorSi,50 x 100 cm,"20,99 €","20,99 €/Unidade"
As minhas primeiras receitas - refeição esparguete c...,Nestle,Embalagem de 190g,"1,89 €","9,95 €/Kg"
Gelado carte d'or tarte limão merengue,Olá,Embalagem de 900 ml,"5,49 €","6,10 €/L"
Pão branco fatias sem glúten,Schar,Embalagem de 250g,"2,99 €","7,97 €/Kg"
Levedura de cerveja,Cemporcent,Embalagem de 150g,"2,29 €","11,45 €/Kg"
Farelo de trigo,Cemporcent,Embalagem de 250g,"2,29 €","11,45 €/Kg"
Mistura vegetais para wok,PorSi,Embalagem de 750g,"1,39 €","1,85 €/Kg"
Pilha alcalina hightech lr03x8,Domédia,1 unidade,"1,49 €","1,49 €/Unidade"
Saqueta de puré de fruta | maçã + manga + pêssego,PorSi,90 g,"0,74 €","8,22 €/Kg"
Cabo de madeira com rosca,PorSi,1.20 m,"2,20 €","2,20 €/Unidade"
Tablete de chocolate culinário 70% negro,PorSi,Embalagem de 200 g,"1,04 €","8,32 €/Kg"
Areia para gato,Catsan,Embalagem com 10 litros,"1,19 €","0,24 €/Kg"
Pensos incontinência homem,PorSi,10 unidades,"1,95 €","1,95 €/Unidade"
2 crocantes frango  recheio alho&ervas 204g,Iglo,Embalagem de 200g,"4,99 €","24,95 €/Kg"
Vela com número nº 0,PorSi,1 unidade,"0,60 €","0,60 €/Unidade"
Inseticida vaporizador,Biokill,Embalagem de 375 ml,"5,09 €","8,48 €/L"
Limpa Estofos de Tecido,PorSi,Embalagem de 1 l,"3,99 €","0,80 €/L"
Dentífrico sensibilidade e gengivas,Sensodyne,Embalagem de 75 ml,"2,29 €","38,17 €/L"
Esfregona tiras completa,PorSi,1 unidade,"0,79 €","0,79 €/Unidade"
Caldo carne 16 cubos,Knorr,Embalagem de 160g,"3,84 €","24,00 €/Kg"
Leite de pastagem meio-gordo,Terra Nostra,Embalagem de 1 litro,"0,81 €","0,81 €/L"
Vinho do porto lágrima branco,R.pinto,Garrafa de 750 ml,"11,99 €","15,99 €/L"
"Iogurte sabor morango, banana e tutti frutti",Danone,Embalagem de 8 x 120 g com 1 grátis,"1,87 €","1,25 €/Kg"
Aguadente vinica velha,Património,Garrafa de 0.70 l,"12,79 €","18,27 €/L"
Pensos Higiénicos Fina e Segura Normal,Evax,Embalagem c/ 24 Unidades,"4,99 €","4,99 €/Unidade"
Mistura para carnes,PorSi,Embalagem de 40g,"0,25 €","0,25 €/Kg"
Ameijoa Branca Vietnamita,Marisco Congelado,Vendido a partir de 250 gr  (aprox.),"2,00 €","7,99 €/Kg"
Recarga sabonete líquido para as mãos de coco,Dove,500 ml,"1,19 €","3,97 €/L"
Abrasivo wc gel ecologico,PorSi,Garrafa de 1 l,"0,99 €","1,32 €/L"
Ração seca para gatinhos frango e legumes,PorSi,Embalagem de 2 kg,"12,99 €","4,33 €/Kg"
Tarte de Flan,Pastelaria do Dia,embalagem com 650g,"4,29 €","6,60 €/Kg"
Feijão preto,Caçarola,Embalagem de 500 g,"0,95 €","1,90 €/Kg"
Frutose,PorSi,Boião de 410 g,"5,99 €","23,96 €/Kg"
Tablete de chocolate de leite com passas e avelãs,PorSi Select,Embalagem de 200g,"6,50 €/Kg","6,50 €/Kg"
Vinho tinto regional terras dao bib 5l,Silgueiros,Embalagem de 5L,"7,49 €","9,99 €/L"
Queijo edam light fatias,PorSi Viva Bem,Embalagem de 150g,"2,39 €","19,92 €/Kg"
Rolo de Cozinha Megarollo,Scottex,Uma embalagem c/ 8 rolos,"4,99 €","4,99 €/Unidade"
Pães de leite,s. tomé,Embalagem de 300 g,"7,40 €/Kg","7,40 €/Kg"
Vinho tinto regional península de setúbal,Dom Campos,Garrafa de 10 l,"8,59 €","1,72 €/L"
"Creme revitalizante, noite",L'oreal,Embalagem de 50 ml,"2,99 €","59,80 €/L"
Recarga Esfregona de Algodão,PorSi,1 unidade,"0,89 €","0,89 €/Unidade"
Drops cream,Heller,Embalagem de 140g,"2,75 €","11,00 €/Kg"
Contact Ceys,Ceys,1 unidade,"3,19 €","3,19 €/Unidade"
"Tira gorduras, pistola",Kh 7,Garrafa de 750 ml,"4,89 €","6,52 €/L"
"Tira nódoas, spray oxi",PorSi,Embalagem de 1 l,"3,99 €","5,70 €/L"
Anti-Traças Papel 4 Seasons Floral,Raid,1 Embalagem c/12 unidades,"1,99 €","1,99 €/Unidade"
Água sem gás,PorSi,Garrafão de 5 l,"1,04 €","0,17 €/L"
Costeletas do Cachaço,Porco,Vendido ao peso a partir de 1 kg,"4,89 €","4,89 €/Kg"
Ração para gato adulto crunchy & tender com salmão,Friskies,"Embalagem de 1,5 kg","12,99 €","4,33 €/Kg"
Marcadores para colorir,Domédia,embalagem com 18 unidades,"3,09 €","3,09 €/Unidade"
Leite e cereais pijama +6 meses,Cerelac,Garrafa de 400 ml,"4,49 €","4,49 €/Kg"
Beira interior colheita 2013,Beyra,Garrafa de 0.75 l,"6,49 €","8,65 €/L"
11 Nuggets de Proteína Vegetal Polme Estilo American...,Iglo green,Embalagem de 220g,"1,89 €","6,30 €/Kg"
Pastilhas limpa próteses,Labell,embalagem com 36 unidades,"7,39 €","105,57 €/Kg"
8 hamburguers s/ glúten vaca,Capitão Iglo,Embalagem de 640g,"2,79 €","8,72 €/Kg"
Queijo fundido palitos,A Vaca Que Ri,Embalagem de 35g,"0,82 €","23,43 €/Kg"
Champô miracle volume + nutrição,Pantene,225 ml,"5,59 €","13,98 €/L"
Spray limpeza fornos e grelhas,PorSi,500 ml,"1,29 €","1,72 €/L"
Pensos peles sensíveis XL,PorSi,5 unidades,"2,86 €","2,86 €/Unidade"
Lima,Fruta do Dia,1 un = 200 gr (aprox.),"0,40 €","1,59 €/Kg"
Vinho Verde Loureiro Branco,Aveleda,Garrafa de 0.75 l,"3,09 €","3,09 €/L"
Néctar pera,PorSi,Embalagem de 1 l,"0,99 €","0,99 €/L"
Vinho tinto regional alentejano,Galitos,Garrafa de 750 ml,"2,89 €","3,85 €/L"
"Agrafos nº24/6, 2000 unidades",Maped,Uma embalagem,"3,29 €","3,29 €/Unidade"
Tablete de chocolate negro,Nestle,Embalagem de 100 g,"0,99 €","4,95 €/Kg"
Bloco Sanitário Poder Activo Pinho,Sonasol,Embalagem de 50 g,"2,99 €","74,75 €/Kg"
Massa de macarrão grande estriado,PorSi,Embalagem de 500g,"0,89 €","1,78 €/Kg"
Queijo de azeitão dop,PorSi Select,Embalagem de 255 g,"25,45 €/Kg","25,45 €/Kg"
Body Milk in Shower,Labell,Embalagem de 250 ml,"12,48 €/L","12,48 €/L"
Gelatina pronta a comer light 10 kcal mirtilo,Royal,Embalagem de 4 x 100 g,"0,85 €","2,13 €/Kg"
Cerveja com álcool,Corona,"Embalagem de 6x0,355L","1,99 €/L","1,99 €/L"
Chocolate culinário branco,Pantagruel,Embalagem de 200g,"1,04 €","8,32 €/Kg"
Preparado de bolo de mármore,PorSi,528 g,"2,99 €","6,64 €/Kg"
Alimento lácteo cereais e baunilha +6 meses,Yogolino,Embalagem de 4 x 100 g,"2,89 €","7,23 €/Kg"
Fralda cueca T6 - 16 a 22 kg,PorSi,18 unidades,"8,49 €","8,49 €/Unidade"
Collant mousse muskade 20D,PorSi,Tamanho: xl,"1,89 €","1,89 €/Unidade"
Vinho do porto dona antónia reserva branco,Ferreira,Garrafa de 0.75 l,"11,99 €","15,99 €/L"
Bolacha vitalday crocante original,Gullon,Embalagem de 270g,"3,09 €","10,30 €/Kg"
Whisky,Glen crina,Garrafa de 700 ml,"11,49 €","16,41 €/L"
"Maionese, frasco",Hellmman's,Embalagem de 210g,"2,14 €","7,64 €/Kg"
Bolacha maria de chocolate,Cuetara,Embalagem de 265g,"2,11 €/Kg","2,11 €/Kg"
Folhado de Maçã,*,1 unidade= 100 g,"0,30 €/Unidade","0,30 €/Unidade"
"Lenços de bolso sensi, brancos, 10 unidades",Renova,Uma embalagem de 6x10,"0,89 €","0,89 €/Unidade"
Papa infantil láctea maçã +6 meses,Cerelac,Embalagem de 250g,"4,49 €","4,49 €/Kg"
Desodorizante e desinfetante para calçado,Sanytol,Embalagem de 150 ml,"5,29 €","35,27 €/L"
Borracha para desenho técnico,Domédia,1 unidade,"3,09 €","3,09 €/Unidade"
Óleo Performa 5W40 Sintetico,Galp,Embalagem de 5 l com oferta limpa vidros Ecauto 5L,"41,99 €","8,40 €/L"
Muesli nozes,PorSi,500 g,"3,79 €","10,83 €/Kg"
Cogumelos laminados 1/2,PorSi,Embalagem de 355 g,"1,79 €","2,29 €/Kg"
Soja fina,Cemporcent,Embalagem de 400g,"2,29 €","11,45 €/Kg"
Spray anti calcário,Cif,Garrafa de 435 ml,"3,19 €","6,38 €/L"
Refrigerante c/ gás light,Coca-Cola,pack 6 x 0.33 l,"0,40 €/L","0,40 €/L"
Iogurte líquido tutti-frutti,Danone,Embalagem de 4 x 155 g,"1,17 €","1,83 €/Kg"
Doce de cereja s/ açúcar adicionado,PorSi,Frasco com 220 g,"2,19 €","9,95 €/Kg"
Areia para gatos aglomerante compacta perfumada,PorSi,Embalagem de 4 kg,"1,19 €","0,24 €/Kg"
15 panadinhos de peixe,PorSi,Embalagem de 450 g,"4,39 €","10,98 €/Kg"
Alimento lácteo morango +8 meses,Yogolino,Embalagem de 4 x 100 g,"2,89 €","7,23 €/Kg"
Toalhitas básico,Dodot,embalagem com 54 unidades,"1,09 €/Unidade","1,09 €/Unidade"
Esfregão esponja ergonómico salva unhas,PorSi,Embalagem de 2 unidades,"0,79 €","0,79 €/Unidade"
Feijão preto cozido,PorSi,Embalagem de 420 g,"1,79 €","2,29 €/Kg"
Molho inglês,Savora,Garrafa de 120 ml,"2,14 €","7,64 €/Kg"
Bolachas cream cracker sesamo,Vieira,Embalagem de 186 g,"0,39 €","3,12 €/Kg"
"Cerveja com álcool, lata",Super Bock,Garrafa de 500 ml,"1,99 €/L","1,99 €/L"
Manteiga magra,Matinal,Embalagem de 250g,"1,69 €","6,76 €/Kg"
Detergente Máquina Loiça Pastilhas All in 1 Extra Po...,Sun,76 pastilhas,"2,99 €","2,99 €/Unidade"
Aperitivos tex mex,Doritos,Embalagem de 120g,"0,79 €","7,90 €/Kg"
Lava tudo antibacteriano marinho,PorSi,Garrafa de 1.5 l,"1,89 €","1,26 €/L"
Creme de dia para pele seca,Labell,Embalagem de 50 ml,"2,99 €","59,80 €/L"
Molas plásticas,PorSi,15 unidades,"0,89 €","0,89 €/Unidade"
"Chocolate, tripack",Pintarolas,Embalagem de 70g,"11,98 €/Kg","11,98 €/Kg"
Cerveja c/ álcool,Super Bock,Pack 15 X 0. 33L,"1,99 €/L","1,99 €/L"
Gelatina pronta a comer ananás,Royal,Embalagem de 4 x 100 g,"0,85 €","2,13 €/Kg"
Gel de Banho Secrets Oil Avocato,Dove,Embalagem de 500 ml,"6,49 €","8,65 €/L"
Pensos resistentes à água,PorSi,Embalagem com 15 unidades,"2,86 €","2,86 €/Unidade"
Mix de sementes tradicional,Cemporcent,Embalagem de 250g,"1,34 €","2,68 €/Kg"
12 Preservativos Adapta Finíssimo,Control,,"4,49 €","4,49 €/Unidade"
Vinho branco península de setúbal,Periquita,Garrafa de 0.75 l,"8,59 €","11,45 €/L"
Alheira vegan,Veg In,Embalagem de 200g,"2,09 €","8,36 €/Kg"
Bolachas waffers baunilha,PorSi,Embalagem de 210g,"0,98 €","4,67 €/Kg"
Mel de montanha,PorSi Select,Frasco de 250 g,"4,89 €","9,78 €/Kg"
Cuecas Incontinência Unisexo Pants Super M,Tena,Unidade,"9,99 €","9,99 €/Unidade"
Loção hidratante,Baby Dove,Embalagem de 200 ml,"0,59 €","5,90 €/L"
Ração para gato adulto com frango,Purina One,Embalagem de 3 kg,"12,99 €","4,33 €/Kg"
Pickles em vinagre,PorSi,Embalagem de 200 g,"1,79 €","2,29 €/Kg"
Iogurte morango skyr 0%,PorSi Viva Bem,150 g,"5,97 €/Kg","5,97 €/Kg"
Creme de coco,Koala,Garrafa de 165 ml,"1,09 €","2,75 €/Kg"
Luvas Multi Latex S/M,Vileda,10 unidade,"4,29 €","4,29 €/Unidade"
Filetes primavera limão,Iglo,Embalagem de 230g,"1,91 €","4,78 €/Kg"
Atum posta em óleo,Bom petisc,Embalagem de 120 g,"0,89 €","7,42 €/Kg"
6 Salsichas de porco,Nobre,Lata de 120g,"0,75 €","3,75 €/Kg"
Cereais corn flakes s/ glúten,Nestle,Embalagem de 380g,"1,49 €","2,98 €/Kg"
Lava tudo marinho,Cif,"Garrafa de 1,4 l","1,89 €","1,26 €/L"
Água c/ gás original,Frize,pack 6 x 0.25 l,"2,85 €","2,85 €/L"
Água mineral sem gás,Fastio,Pack 4 x 1.5 l,"1,04 €","0,17 €/L"
Queijo manchego D.O.P,PorSi Select,Embalagem de 250g,"2,87 €","15,94 €/Kg"
Açúcar em saquetas,PorSi,Embalagem 1K,"1,49 €","1,49 €/Kg"
"Recarga ambientador, toque&fresh relax zen",Glade,Embalagem de 10 ml,"1,99 €","1,99 €/Unidade"
Whisky 12 anos,Ballantin.,Garrafa de 700 ml,"23,99 €","34,27 €/L"
Molho de whisky cocktail,Calve,Garrafa de 250 ml,"2,14 €","7,64 €/Kg"
Iogurte natural açucarado,PorSi,Embalagem de 4x125g,"0,65 €","1,30 €/Kg"
Creme vegetal culinário,Vaqueiro,Embalagem de 250 g,"1,39 €","6,95 €/L"
Porto tawny,Ferreira,Garrafa de 750 ml,"15,99 €","21,32 €/L"
Banda cera facial peles sensíveis,Veet,Embalagem de 20 unidades,"6,99 €","6,99 €/Unidade"
Hamburger azeitona preta,Veg In,Embalagem de 160g,"3,39 €","21,19 €/Kg"
"Tetina Silicone G. Largo, 0/6 Meses",Pommette,Embalagem de 2 unidades,"2,89 €","2,89 €/Unidade"
Snack Cão Guloseima Fumada,PorSi,Embalagem 110 g,"3,39 €","18,83 €/Kg"
Bolacha maria dourada,PorSi,Embalagem de 800g,"2,11 €/Kg","2,11 €/Kg"
Chocolate lion,Lion,Embalagem de 40g,"11,93 €/Kg","11,93 €/Kg"
Cereais fitness,Nestle,Embalagem de 380g,"5,59 €","8,87 €/Kg"
Chocolate Branco Milkybar,Nestle,Embalagem de 100g,"0,99 €","9,90 €/Kg"
"Bebida açucarada  tinto de verão, limão",Sandevid,"Garrafa de 1,5 l","2,39 €","1,59 €/L"
Coco ralado bio,PorSi Bio,Embalagem de 200 g,"1,89 €","3,78 €/Kg"
Inseticida moscas e mosquitos,Dum Dum,Garrafa de 300 ml,"5,09 €","8,48 €/L"
12 nuggets frango polme americano,Capitão Iglo,Embalagem de 220g,"3,53 €","8,83 €/Kg"
"Toalhitas para bebé bio, 64 unidades",Pommette,1 embalagem,"1,09 €/Unidade","1,09 €/Unidade"
Arroz integral salutem,Salutem,Embalagem de 1 kg,"1,34 €","2,68 €/Kg"
Manteiga amendoim com pedaços,Calve,Embalagem de 350g,"4,19 €","12,32 €/Kg"
Cone chocolate,PorSi,Embalagem de 6 x 120 ml,"5,99 €","16,64 €/L"
Termo ultra dreno-volume,PLANTANATU,Garrafa de 500 ml,"7,59 €","126,50 €/Kg"
Cocktail limão,Bar Royal,Garrafa de 750 ml,"6,99 €","9,32 €/L"
Tapetes educativos p/ cães/gatos 60x60cm,PorSi,20 unidades,"8,75 €","8,75 €/Unidade"
"Rolo de cozinha design xxl, 3 rolos",Renova,Embalagem de 3 unidades,"4,99 €","4,99 €/Unidade"
Tablete chocolate de iogurte morango,Milka,Embalagem de 100g,"5,30 €/Kg","5,30 €/Kg"
Cerveja,Kings Bräu,Embalagem de 10x25 cl,"1,99 €/L","1,99 €/L"
Queijo flamengo fatias light,PorSi,Embalagem de 200g,"1,56 €","7,80 €/Kg"
Bolacha diet nature recheio iogurte,Gullon,Embalagem de 220g,"0,79 €","4,49 €/Kg"
Seitan,Salutem,Embalagem de 300g,"0,79 €","0,79 €/Kg"
Capa Premium 2 em 1,Vileda,1 unidade,"15,85 €","15,85 €/Unidade"
"Tablete de chocolate, black-white",Schogetten,Embalagem de 100g,"5,30 €/Kg","5,30 €/Kg"
Bomba de mão de insuflar,Bestway,1 unidade,"9,99 €","9,99 €/Unidade"
Aroma baunilha fr.plast.200ml,Vahine,Garrafa de 200 ml,"1,89 €","17,18 €/Kg"
Água s/ gás,S.estrela,Garrafão de 6L,"1,04 €","0,17 €/L"
Figados de Frango,Lusiaves,embalagem de 350 g (aprox.),"1,84 €","5,25 €/Kg"
Caderno Agrafado Capa Preta |A4 Liso,Domédia,1 unidade,"3,69 €","3,69 €/Unidade"
"Toalhitas intimas, 20 unidades",Labell,Uma embalagem,"2,89 €","2,89 €/Unidade"
Bolachas de manteiga,Triunfo,Embalagem de 170g,"1,69 €","6,76 €/Kg"
Mix de Batata Doce,*,1 kg,"1,29 €/Kg","1,29 €/Kg"
Bolacha golden,Oreo,Embalagem de 154 g,"0,79 €","4,49 €/Kg"
C surtido cuetara 420gr.              *8,Cuetara,Embalagem de 420g,"6,83 €/Kg","6,83 €/Kg"
Vinho regional tejo,Plexus,Garrafa de 750 ml,"2,29 €","3,05 €/L"
Gronola de aveia chocolate,Nestle,Embalagem de 300g,"5,59 €","8,87 €/Kg"
Nata para culinária ligeira,Mimosa,Embalagem de 200 ml,"0,75 €","3,75 €/L"
Peskitos de pescada panados,Pescanova,Embalagem de 1 Kg,"9,30 €/Kg","9,30 €/Kg"
Autobrilhante Incolor,Búfalo,Embalagem de 50 ml,"2,25 €","45,00 €/L"
Queijo brie cunhas 60%,President,Embalagem de 200 g,"1,45 €","7,25 €/Kg"
Toalhitas Activity |Recarga,Dodot,Pack: 4x54 unidades,"1,09 €/Unidade","1,09 €/Unidade"
Vela com número nº 5,PorSi,1 unidade,"0,60 €","0,60 €/Unidade"
Chá preto,Tetley,Embalagem de 20g,"41,67 €/Kg","41,67 €/Kg"
Licor de amêndoa amarga,Produto selecionado,"Garrafa de 0,70 l","16,99 €","24,27 €/L"
Balões latex vermelho,PorSi,Embalagem com 24 unidades,"1,69 €","1,69 €/Unidade"
Nuggets pescada panada,Pescanova,Embalagem de 1Kg,"1,91 €","4,78 €/Kg"
Alimento seco para cão alta energia,PorSi,Embalagem de 10kg,"1,15 €/Kg","1,15 €/Kg"
Arroz integral,PorSi Viva Bem,Embalagem de 1 kg,"0,99 €/Kg","0,99 €/Kg"
Mopa com cabo,PorSi,1 unidade,"2,20 €","2,20 €/Unidade"
Amaciador concentrado para roupa jojoba,PorSi,80 doses,"3,99 €","3,99 €/Unidade"
Pêssego em calda metades,PorSi,Lata com 420 g,"1,99 €","2,37 €/Kg"
Recarga Sabonete Liquido Lavanda,Dettol,250 ml,"1,19 €","3,97 €/L"
Feijao branco fidalgo,Caçarola,Embalagem de 500 g,"0,95 €","1,90 €/Kg"
Creme de cassis,P.dabot,Garrafa de 700 ml,"4,99 €","7,13 €/L"
Chourico picante beiras,PorSi,Embalagem de 290g,"1,22 €","6,78 €/Kg"
Leite de coco light biológico,Origensbio,Garrafa de 400 ml,"1,59 €","1,59 €/L"
Vela com número nº 8,PorSi,1 unidade,"0,60 €","0,60 €/Unidade"
Mistura pombos domésticos,Rac.zezere,Embalagem de 5 kg,"4,09 €","0,82 €/Kg"
O cacau + cremoso,Cemporcent,Embalagem de 180g,"1,79 €","17,90 €/Kg"
Trigo integral com mel,Salutem,Embalagem de 250g,"2,29 €","11,45 €/Kg"
Desinfetante em gel p/ wc,Cif,Garrafa de 750 ml,"3,19 €","4,25 €/L"
Muslitos do mar,Pescanova,Embalagem de 250 g,"2,19 €","8,59 €/Kg"
Doce mirtilos e framboesa 0% açúcar,C.mateus,Embalagem de 280g,"3,59 €","10,26 €/Kg"
"Bebida láctea especial crescimento, 1-3 anos",Mimosa,Garrafa de 1 l,"0,26 €","1,30 €/L"
Caderno Espiral Capa Dura A4 Quadriculado,Domédia,1 un.,"2,29 €","2,29 €/Unidade"
Cápsulas de café com leite cappuccino,Nescafe,Embalagem com 16 cápsulas,"59,82 €/Kg","59,82 €/Kg"
"Espuma de cabelo, volume xxl",Fru style,Embalagem de 200 ml,"3,99 €","53,20 €/L"
Adoçante c/ doseador,Canderel,Embalagem de 30g,"5,99 €","23,96 €/Kg"
Gel Banho Excite,Axe,Embalagem de 400 ml,"5,99 €","14,98 €/L"
Pólen de abelhas,PorSi Select,Frasco de 130 g,"4,89 €","9,78 €/Kg"
Sobremesa gelificada de laranja,PorSi,Embalagem de 4x100g,"0,85 €","2,13 €/Kg"
Vinho regional alentejano tinto,Qta.carmo,Garrafa de 0.75 l,"2,89 €","3,85 €/L"
Caldo de galinha 8 cubos,Knorr,Embalagem de 80g,"3,84 €","24,00 €/Kg"
Pimento Verde,Legumes do Dia,1 un = 250 gr  (aprox.),"2,59 €","5,18 €/Kg"
Bocadelia de caranguejo,La piara,Embalagem de 170g,"1,19 €","13,52 €/Kg"
Água sem gás,Penacova,Garrafa de 1.5 litros,"1,04 €","0,17 €/L"
Porto ruby,Valadao,Garrafa de 750 ml,"6,65 €/L","6,65 €/L"
Batata Pré-Frita Dauphines,PorSi,500 g,"1,39 €","1,39 €/Kg"
Limpa Tablier,PorSi,Embalagem de 1 l,"3,99 €","0,80 €/L"
Gogo SqueeZ Snack Banana,Gogo,Embalagem de 90g,"2,29 €","6,94 €/L"
Ricore,Nestle,Embalagem de 260g,"0,99 €","3,96 €/Kg"
Alimento seco p/ cão sénior,HappyOne,Embalagem de 4 kg,"1,15 €/Kg","1,15 €/Kg"
"Infusão de romã/framboesa, 20 saquetas",Tetley,Embalagem de 40g,"0,99 €","76,15 €/Kg"
Pensos térmicos alívio da dor muscular 13x10cm,PorSi,Embalagem de 2 unidades,"2,86 €","2,86 €/Unidade"
Vinho branco,Alandra,Garrafa de 750 ml,"1,59 €","2,12 €/L"
"Coloração permanente, louro claro nº8",Palette,1 unidade,"9,49 €/Unidade","9,49 €/Unidade"
Café torrado 5 estrelas moagem grossa,Sical,Embalagem de 250g,"9,16 €/Kg","9,16 €/Kg"
Leite de coco condensado,Koala,Embalagem de 490 g,"1,09 €","2,75 €/Kg"
Pastilhas ice spearmint,CHICLETS,Embalagem de 17 g,"0,99 €","58,24 €/Kg"
Bebida espirituosa,1920,Garrafa de 1 l,"11,99 €","17,13 €/L"
Desodorizante Black & White Invisible,Nivea,150 ml,"4,69 €","31,27 €/L"
Comida húmida para cão,PorSi,Embalagem de 300 g,"0,75 €","2,50 €/Kg"
Colchão Insuflável p/ 1 Pessoa,Bestway,1 un.,"9,99 €","9,99 €/Unidade"
Fralda Cueca de Banho 7 a 15 kg,Huggies,Embalagem com 12 un.,"8,49 €","8,49 €/Unidade"
Aditivo em pó oxi elimina odores,Vanish,Embalagem de 420 g,"7,99 €","19,02 €/Kg"
Legumes para sopa,PorSi,Embalagem de 1 kg,"1,39 €","1,85 €/Kg"
Leite corporal,Nivea,Embalagem de 400 ml,"12,48 €/L","12,48 €/L"
Sacos do lixo lavanda 50 litros,PorSi,15 unidades,"1,79 €","1,79 €/Unidade"
Chá de maçã e canela,Tetley,Embalagem de 20g,"44,50 €/Kg","44,50 €/Kg"
Escova de Camurça,Búfalo,Embalagem de 250 ml,"6,19 €","24,76 €/L"
Iogurte líquido pinacolada,PorSi,Embalagem de 4 x 160 g,"1,17 €","1,83 €/Kg"
Batata Frita c/ Sal,Ruffles,Embalagem de 160 g,"1,06 €","5,73 €/Kg"
Cereais corn flakes,Kellogg's,Embalagem de 500g,"1,49 €","2,98 €/Kg"
Gin dry,Big Boss,Garrafa de 700 ml,"26,99 €","38,56 €/L"
Piccolinis salame,Buitoni,Embalagem de 270 g,"2,16 €","6,17 €/Kg"
"Esferográfica cristal, 5 Uni",Bic,1 unidade,"2,69 €","2,69 €/Unidade"
Barras fitness com chocolate,Nestle,Embalagem de 140g,"5,59 €","8,87 €/Kg"
"M&m's drageias de chocolate de leite,",M&m's,Embalagem de 45g,"11,98 €/Kg","11,98 €/Kg"
Bolachas crackers integral,Du bois,Embalagem de 500g,"0,39 €","3,12 €/Kg"
"Carregador, 6 lâminas, 4 recargas",Labell Men,1 embalagem,"1,16 €","4,64 €/L"
Recargas ambientador elétrico relaxing zen,Glade,Embalagem de 2 x 20 ml,"11,89 €","11,89 €/Unidade"
Drops cafe,Heller,Embalagem de 140g,"2,75 €","11,00 €/Kg"
Bolacha maria ruca doses,Vieira,Embalagem de 300g,"2,11 €/Kg","2,11 €/Kg"
Petit gateau morango 4x80g,PorSi,Embalagem de 320g,"2,65 €","8,28 €/Kg"
Multi vitaminas mulher,PLANTANATU,Embalagem de 30 Cápsulas,"7,59 €","126,50 €/Kg"
Salsicha bockwurst 5 unidades,PorSi,Embalagem de 250g,"0,75 €","3,75 €/Kg"
Plasticina Kids Cores Sortidas,Bic,Caixa c/ 6 un.,"5,99 €","5,99 €/Unidade"
Bolacha digestiva go canela,Triunfo,Embalagem de 170g,"0,98 €","3,27 €/Kg"
Arroz agulha,Saludães,Embalagem de 1kg,"0,99 €/Kg","0,99 €/Kg"
Molho iogurte,PorSi,Garrafa de 285 ml,"2,14 €","7,64 €/Kg"
Uno cartas,Mattel,1 unidade,"9,99 €/Unidade","9,99 €/Unidade"
Farinha p/ bolos fina,Nacional,Embalagem de 1Kg,"1,99 €","1,99 €/Kg"
Delícia de bolacha,PorSi,Embalagem de 2x135 g,"0,55 €","2,75 €/Kg"
100% clara de ovo líquida albumina,Prozis,Embalagem de 500g,"2,99 €","5,98 €/Kg"
Bacalhau Especial,Bacalhau da Noruega,1 un = 4 kg (aprox.),"8,73 €/Kg","8,73 €/Kg"
Lata de Brilho Castanho,Búfalo,Embalagem de 75 ml,"0,99 €","19,80 €/L"
Spray de limpeza casa de banho,Seventh Generation,Embalagem de 500 ml,"1,79 €","2,39 €/L"
Açúcar baunilhado,Vahine,Embalagem de 40g,"1,49 €","1,49 €/Kg"
Loção para bebé pink,Johnson's Baby,500 ml,"0,59 €","5,90 €/L"
Farinha de centeio,Cemporcent,Embalagem de 500g,"2,29 €","11,45 €/Kg"
Vinho rosé,Lancers,Garrafa 0.75L,"4,29 €","5,72 €/L"
Óleo Cedro Spray,PorSi,Embalagem de 250 ml,"4,39 €","14,63 €/L"
Papel Fotocópia A4 |80g,Navigator,,"3,29 €","3,29 €/Unidade"
Cereais crack star,PorSi,Embalagem de 375 g,"5,07 €/Kg","5,07 €/Kg"
Gelatina de ananás,PorSi,Embalagem de 170g,"0,55 €","61,11 €/Kg"
"Papel higiénico acolchoado, folha tripla, 9 rolos",Scottex,1 embalagem,"1,99 €","1,99 €/Unidade"
Bolachas waffers chocolate,PorSi,Embalagem de 210g,"0,98 €","4,67 €/Kg"
"Recarga ambientador eléctrico, alfazema",PorSi,Embalagem de 25 ml,"11,89 €","11,89 €/Unidade"
Piscina familiar,Bestway,Dim.: 262x157x46 cm,"2,99 €","2,99 €/Unidade"
Massa de espirais,Nacional,Embalagem de 500g,"0,89 €","1,78 €/Kg"
Hamburguers de bovino,PorSi,Embalagem de 1 kg,"2,79 €","8,72 €/Kg"
Cappuccino Café Solúvel Descafeinado,Nescafe,Embalagem de 125g | 10 Saquetas,"1,59 €","6,36 €/Kg"
Balões latex verde,PorSi,Embalagem com 24 unidades,"1,69 €","1,69 €/Unidade"
Limpa vidros cristal recarga,Ajax,Embalagem de 500 ml,"3,19 €","6,38 €/L"
"Batata frita caseira, rodela",Pala-pala,Embalagem de 180g,"0,87 €","5,44 €/Kg"
Película Aderente 60M,PorSi,1 unidade,"1,11 €","1,11 €/Unidade"
Leite uht c/ chocolate,Ucal,Garrafa de 1 l,"0,26 €","1,30 €/L"
Desinfetante multissuperfícies,Xanpa,1 litro,"1,19 €","0,79 €/L"
Vela com número nº 1,PorSi,1 unidade,"0,60 €","0,60 €/Unidade"
"Coloração permanente, castanho tiramissu nº4.15",Nutrisse,1 unidade,"9,49 €/Unidade","9,49 €/Unidade"
Tablete de chocolate de leite,Nestle,Embalagem de 90g,"5,30 €/Kg","5,30 €/Kg"
Camarão cozido 30/40,PorSi,Embalagem de 500 g,"4,25 €","16,98 €/Kg"
Recarga para Esfregona Microfibra e Algodão,Vileda,,"0,89 €","0,89 €/Unidade"
Bolacha torrada,PorSi,Embalagem de 4 x 200 g,"2,11 €/Kg","2,11 €/Kg"
Flocos de aveia,PorSi Viva Bem,Embalagem de 400g,"0,69 €","1,73 €/Kg"
Creme barrar nutela 350g,Nutella,Embalagem de 350G,"4,19 €","12,32 €/Kg"
Amaciador jasmim e maçã,Surf,90 doses,"8,99 €","2,25 €/L"
Lixívia para roupa delicada,Neoblanc,Embalagem de 2 l,"2,19 €","1,10 €/L"
Pate picante 73gr.                ce *24,La piara,Embalagem de 70g,"1,19 €","13,52 €/Kg"
Choco flakes duo,Cuetara,Embalagem de 450g,"5,07 €/Kg","5,07 €/Kg"
Margarina líquida,Vaqueiro,Embalagem de 500 ml,"2,89 €","2,89 €/Kg"
Amaciador nutri-protec,Labell,Embalagem de 200 ml,"1,00 €","5,00 €/L"
Lixívia Tradicional,PorSi,Embalagem de 5 l,"1,74 €","0,35 €/L"
Aguardente,Alma pura,Garrafa de 0.70 l,"12,79 €","18,27 €/L"
Queijo cura especial barrado pimentão,Casteloes,500 g,"25,45 €/Kg","25,45 €/Kg"
Cha infusão verde,Cemporcent,Embalagem com 10 saquetas,"58,44 €/Kg","58,44 €/Kg"
Gel wc tripla ação c/ lixívia,Harpic,Garrafa de 750 ml,"1,79 €","2,39 €/L"
Creme curgete com hortela,PorSi,Embalagem de 400g,"1,29 €","3,23 €/Kg"
Máquina de barbear sensor excel universal,Gillette,1 unidade,"1,16 €","4,64 €/L"
Recarga ambientador elétrico delícias de verão,Air Wick,Embalagem de 1 unidades,"11,89 €","11,89 €/Unidade"
Patê de sardinha,PorSi,Embalagem de 65 g,"1,19 €","13,52 €/Kg"
Saco do Lixo Ecobag 20 litros,Vileda,20 Sacos,"1,79 €","1,79 €/Unidade"
Refrigerante c/ gás,Pepsi,Pack 6 x 0.33 l,"0,40 €/L","0,40 €/L"
Néctar light de laranja prisma,PorSi,Embalagem de 1 l,"0,84 €","2,55 €/L"
Lombo assado fatiado,PorSi,150 g,"2,49 €","16,60 €/Kg"
Bebida amêndoa,Shoyce,Embalagem de 1 litro,"2,19 €","2,19 €/L"
Sopa de legumes,PorSi,Embalagem de 400 g,"1,29 €","3,23 €/Kg"
Café lote bocage grão,Nicola,Embalagem de 1 kg,"9,16 €/Kg","9,16 €/Kg"
Vinho rosé,C.mendes,Garrafa de 750 ml,"4,29 €","5,72 €/L"
Lambrusco bianco,*,Garrafa de 750 ml,"6,89 €","9,19 €/L"
Leite infantil confort 1 desde o nascimento,NAN,Embalagem de 800g,"20,99 €","26,24 €/Kg"
Queijo dop 7 meses,Sao jorge,Embalagem de 400g,"2,87 €","15,94 €/Kg"
Detergente líquido p/ máquina lavar roupa cores escu...,Woolite,"Garrafa de 1,65 l","13,99 €","3,29 €/L"
Spray desinfetante casa de banho,Lysol,Embalagem de 500 ml,"1,79 €","2,39 €/L"
"Frigideira anti-aderente, 24cm",PorSi,1 unidade,"9,99 €","9,99 €/Unidade"
Açúcar baunilhado,Globo,Embalagem de 70g,"1,49 €","1,49 €/Kg"
Café moagem universal timor,Delta,Embalagem de 220g,"9,16 €/Kg","9,16 €/Kg"
Miolo camarão 40/60,PorSi,Embalagem de 200g,"8,99 €","25,69 €/Kg"
10 douradinhos vegetais,Iglo green,Embalagem de 280g,"9,30 €/Kg","9,30 €/Kg"
Achocolatado energy,Cola cao,Embalagem de 750g,"5,39 €","7,19 €/Kg"
Palhinhas de papel,PorSi,25 unidades,"0,60 €","0,60 €/Unidade"
Vermute bianco,Martini,Garrafa de 1 l,"8,99 €","14,98 €/L"
Painho de Sousel,PorSi,"Vendido ao peso, fatiado a partir de 100 gr","1,27 €","12,69 €/Kg"
"Aditivo líquido para máquina  de lavar roupa, oxy5",X-TRA,"Embalagem de 1,2 l","13,99 €","3,29 €/L"
12 nuggets frango polme americano,Capitão Iglo,Embalagem de 220g,"9,30 €/Kg","9,30 €/Kg"
Inseticida Elétrico Night&Day Pack Duplo,Raid,Embalagem de 2x300 mg,"7,69 €","7,69 €/Unidade"
Frutos vermelhos,PorSi,Embalagem de 750 g,"4,99 €","9,98 €/Kg"
Iogurte grego stracciatella sem lactose,PorSi Viva Bem,Embalagem de 240g,"2,59 €","5,40 €/Kg"
Liégeois Sobremesa de Caramelo,Páturages,Embalagem de 4x100 g,"0,55 €","2,75 €/Kg"
Ambientador vela odor animais,PorSi,1 unidade,"11,99 €","11,99 €/Unidade"
"Inseticida recarga, elétrico, 45 noites",Raid,1 unidade,"7,69 €","7,69 €/Unidade"
Guardanapos de papel reciclado,PorSi,100 unidades,"1,29 €","1,29 €/Unidade"
Bases para pizza,PorSi,Embalagem de 3 x 125 g,"1,79 €","4,77 €/Kg"
Piscina com armação em ferro,Bestway,Dim.: 152 x 38 cm,"2,99 €","2,99 €/Unidade"
"M&m's drageias de chocolate de leite,",M&m's,Embalagem de 400g,"11,98 €/Kg","11,98 €/Kg"
Escova de Dentes Júnior,Aquafresh,1 unidade,"3,49 €","3,49 €/Unidade"
Manteiga com sal,Mimosa,Embalagem de 130g,"1,69 €","6,76 €/Kg"
Recarga mopa Descartável,Vileda,Pack 24 + 6 Grátis,"2,20 €","2,20 €/Unidade"
Arroz carolino,Louro,Embalagem de 1 kg,"0,99 €/Kg","0,99 €/Kg"
"Vela em número, nº 7",PorSi,1 unidade,"0,60 €","0,60 €/Unidade"
Collant licra 15d musk M,PorSi,Embalagem de 1 unidades,"1,89 €","1,89 €/Unidade"
Rebuçados cristais de neve,PorSi,Embalagem de 250g,"1,59 €","6,36 €/Kg"
Chocolate chunky,Kit kat,Embalagem de 160g,"11,93 €/Kg","11,93 €/Kg"
Aguardente velha vsop,Antiqua,Garrafa de 700 ml,"12,79 €","18,27 €/L"
Folha de alumínio,PorSi,30 metros,"1,11 €","1,11 €/Unidade"
20 saquetas chá noite tranquila,Lipton,Embalagem de 30g,"58,44 €/Kg","58,44 €/Kg"
Quinoa branca,PorSi Viva Bem,Embalagem de 200 g,"1,39 €","6,95 €/Kg"
Iguarias Pota com Alho,Pitéu,Embalagem de 120 g,"0,89 €","7,42 €/Kg"
Torta cacau com sabor a natas,PorSi,Embalagem de 300g,"2,05 €","5,13 €/Kg"
Spray limpeza casa de banho optimal 7,Ajax,Embalagem de 500 ml,"1,79 €","2,39 €/L"
Drageias de chocolate single,MALTESERS,Embalagem de 40g,"11,98 €/Kg","11,98 €/Kg"
Creme fixação para dentaduras,Polident,Embalagem de 70 g,"7,39 €","105,57 €/Kg"
Chourico carne das beiras,PorSi,Embalagem de 290g,"1,22 €","6,78 €/Kg"
Corn flakes,PorSi,Embalagem de 1 kg,"1,49 €","2,98 €/Kg"
Bolachas Chiquilin 0% Açucar,Artiach,Embalagem de 175 g,"3,09 €","10,30 €/Kg"
Croissant Brioche 85 g,Pastelaria do Dia,,"0,30 €/Unidade","0,30 €/Unidade"
Água mineral natural alcalina,MONCHIQUE,Garrafão de 5 l,"1,04 €","0,17 €/L"
Café moagem universal angola,Delta,Embalagem de 220g,"9,16 €/Kg","9,16 €/Kg"
"Queijo flamengo, bola quartos",Agros,Embalagem de 350g,"1,56 €","7,80 €/Kg"
Uno cartas,Mattel,1 unidade,"6,99 €","6,99 €/Unidade"
Toalhitas,Dodot,4 x 64 un.,"1,09 €/Unidade","1,09 €/Unidade"
Croissant de Manteiga,PorSi,50g,"0,30 €/Unidade","0,30 €/Unidade"
"Pensos diários, maxi, 40 unidades",Evax,Uma embalagem,"1,79 €","1,79 €/Unidade"
Descafeinado aroma e leveza,Nicola,12 cápsulas,"1,59 €","6,36 €/Kg"
Nestum chocolate,Nestum,Embalagem de 250g,"2,19 €","8,76 €/Kg"
Sabonete,Feno,Embalagem de 4x90 g,"1,99 €","12,44 €/Kg"
Ambientador aerosol pure nenuco,Air Wick,Garrafa de 250 ml,"0,99 €","3,30 €/L"
Azeite,Oliveira da Serra,Embalagem de 750 ml,"3,19 €","4,25 €/L"
Pilhas Alcalinas AA Optimum,Duracell,Blister 4 Pilhas,"1,49 €","1,49 €/Unidade"
Choco com Tinta Pequeno,Peixe do Dia,1 un= 200 gr (aprox.),"3,89 €","6,49 €/Kg"
Iogurte líquido dan'up morango e banana,Danone,Embalagem de 4 x 155 g,"1,17 €","1,83 €/Kg"
Manteiga magra meio sal,President,Embalagem de 250g,"1,69 €","6,76 €/Kg"
Falafel Grão de Bico e Especiarias Green Cuisine,Iglo green,Embalagem de 450g,"1,89 €","6,30 €/Kg"
Infusão principe,Cemporcent,Embalagem de 10 unidades,"0,99 €","76,15 €/Kg"
Azeitona mista,PorSi,Embalagem de 210g,"1,32 €","6,29 €/Kg"
"Atum em posta, em azeite",General,Embalagem de 110g,"0,89 €","7,42 €/Kg"
Sopa de caldo verde Programa Origens,PorSi,Embalagem de 250g,"0,99 €","0,99 €/Kg"
Banha,PorSi,Embalagem de 230 g,"2,89 €","2,89 €/Kg"
Batido de café,Forma+,Embalagem de 700g,"13,90 €","19,86 €/Kg"
Nata pasteurizada,PorSi,Embalagem de 450 ml,"0,75 €","3,75 €/L"
Bolacha de Manteiga Belga c/ Chocolate Branco,Saborosa,Embalagem de 198 g,"1,69 €","6,76 €/Kg"
20 mini rissóis de camarão,PorSi,Embalagem de 300 g,"1,71 €","5,70 €/Kg"
Arroz vaporizado,PorSi,Embalagem de 1 kg,"0,99 €/Kg","0,99 €/Kg"
Néctar vital equilibrio frutos vermelhos,Compal,Embalagem de 1 l,"0,99 €","0,99 €/L"
Whisky Blended,Label 5,Garrafa de 1L,"11,49 €","16,41 €/L"
Iogurte líquido pinacolada corpos danone,Danone,Embalagem de 4 x 155 g,"1,17 €","1,83 €/Kg"
Gelado bomboniera,Olá,Embalagem de 140ML,"5,99 €","16,64 €/L"
Cheerios 375g,Nestle,Embalagem de 380g,"5,07 €/Kg","5,07 €/Kg"
Penso diário normal,PorSi,Embalagem de 64 unidades,"1,79 €","1,79 €/Unidade"
Autobrilhante Preto,Búfalo,Embalagem de 50 ml,"2,25 €","45,00 €/L"
Óleo Performa 10W40,Galp,Embalagem de 5 l,"41,99 €","8,40 €/L"
Pão clássico sem glúten,Schar,Embalagem de 300g,"2,59 €","5,18 €/Kg"
Desodorizante spray sport 48h,Labell Men,Embalagem de 200 ml,"1,39 €","6,95 €/L"
15 douradinhos,Capitão Iglo,Embalagem de 420g,"1,71 €","5,70 €/Kg"
Bol agua s. dose integral 186g,Vieira,Embalagem de 180g,"0,98 €","3,27 €/Kg"
Batata palha finíssima,PorSi Select,Embalagem de 180 g,"0,87 €","5,44 €/Kg"
Brandy,Macieira,Garrafa de 1 l,"11,99 €","17,13 €/L"
Farinha p/ bolos extra fina,Nacional,Embalagem de 1 kg,"1,99 €","1,99 €/Kg"
Vinagre de vinho branco,PorSi,Garrafa de 1 l,"0,35 €","0,70 €/L"
Sacos do lixo lavanda 30 litros,PorSi,20 sacos,"1,79 €","1,79 €/Unidade"
Infusão cidreira,PorSi,Embalagem de 40g,"0,99 €","76,15 €/Kg"
Lambrusco tinto,*,Garrafa de 750 ml,"2,29 €","3,05 €/L"
Lagartos,PorSi,Embalagem de 300 gr,"0,69 €","3,45 €/Kg"
Barra de bolacha com cobertura de chocolate branco e...,Kit kat,Embalagem de 3 x 41.5 g,"0,99 €","9,90 €/Kg"
Ambientador tealights canela,PorSi,embalagem com 18 unidades,"11,99 €","11,99 €/Unidade"
Bolacha com aveia,PorSi,Embalagem de 300 g,"0,98 €","3,27 €/Kg"
Recarga Desumidificador Inodoro,HUMYDRY,embalagem de 450g,"2,99 €","6,64 €/Kg"
Bastão de cola,Domédia,20 g,"5,99 €","5,99 €/Unidade"
"Cera cabelo, paste signature",Axe,Embalagem de 75 ml,"3,99 €","53,20 €/L"
Infusão cidreira,Cemporcent,Embalagem de 10 unidades,"0,99 €","76,15 €/Kg"
Mini tortitas milho c/ sal,PorSi Viva Bem,Embalagem de 200g,"1,45 €","11,15 €/Kg"
Sabonete Liquido Gel Antibacteriano,Labell,Embalagem de 300 ml,"1,19 €","3,97 €/L"
Batata Doce,Legumes do Dia,1 un = 250 gr  (aprox.),"1,29 €/Kg","1,29 €/Kg"
Desinfetante de frutas e vegetais,Clean Essence,500 ml,"2,00 €","7,99 €/Kg"
Creme de dia para pele normal,Labell,Embalagem de 50 ml,"2,99 €","59,80 €/L"
16 mini croquetes de carne,PorSi,Embalagem de 290 g,"1,71 €","5,70 €/Kg"
Vinagre vinho branco,PorSi,Garrafa de 500 ml,"0,35 €","0,70 €/L"
"Esquadro, 21 cm 60.",Domédia,1 unidade,"3,09 €","3,09 €/Unidade"
Palhais de portugal alho & ervas,Palhais,Embalagem de 200g,"1,89 €","10,50 €/Kg"
"Vinho tinto doc dão, reserva",Cabriz,Garrafa de 0.75 l,"7,49 €","9,99 €/L"
Spray elimina odores do calçado,PorSi,embalagem de 100 ml,"5,29 €","35,27 €/L"
Infusão de camomila,PorSi,Embalagem de 33.7 g,"0,99 €","76,15 €/Kg"
"Lava tudo, vinagre",Cif,"Garrafa de 1,4 l","1,89 €","1,26 €/L"
"Saquetas de sais de fruto, laranja",Eno,Embalagem de 50g,"0,58 €","0,58 €/Unidade"
Vinagre vinho branco 500ml,Cristal,Garrafa de 500 ml,"0,35 €","0,70 €/L"
Líquido wc active clean mint & jasmin,Ambipur,750 ml,"1,79 €","2,39 €/L"
Bolachas starship chocolate,PorSi,Embalagem de 150g,"0,90 €","6,00 €/Kg"
Bolacha vitalday crocante chocolate,Gullon,Embalagem de 280g,"3,09 €","10,30 €/Kg"
Adoçante em pó,PorSi,250 saquetas,"5,99 €","23,96 €/Kg"
Dourada Pequena,Peixe do Dia,"Vendido ao peso, de 200 a 600 g","3,89 €","6,49 €/Kg"
Magnum amêndoa,Olá,Embalagem de 6 x 55 ml,"5,99 €","16,64 €/L"
"Cerveja sem Álcool 0,0%",Carlsberg,Pack 6x25 cl,"5,99 €","3,03 €/L"
Detergente liquido loiça limão,PorSi,Garrafa de 1 litro,"0,89 €","0,89 €/L"
Chicharro Fresco,Peixe do Dia,1 un= 400 g (aprox.),"3,89 €","6,49 €/Kg"
Pensos higiénicos liberty super abas,Evax,Embalagem com 10 un.,"4,99 €","4,99 €/Unidade"
Vinho branco monbazillac  2012,Expertclub,Garrafa de 750 ml,"6,89 €","9,19 €/L"
Massa bagos,PorSi,Embalagem de 250g,"0,89 €","1,78 €/Kg"
Café moagem universal portugal,Delta,Embalagem de 250g,"9,16 €/Kg","9,16 €/Kg"
Tostas de trigo,Diatosta,Embalagem de 225 g,"0,69 €","3,07 €/Kg"
Choco rice,Cemporcent,Embalagem de 250g,"0,69 €","1,73 €/Kg"
Iogurte aroma varios sabores,PorSi,Embalagem de 12 x 125 g,"1,87 €","1,25 €/Kg"
Crackers s/ Sal Superficie,Gran Pavesi,Embalagem de 250g,"0,39 €","3,12 €/Kg"
Farinha soja,Salutem,Embalagem de 400g,"2,29 €","11,45 €/Kg"
Melancia Riscada,Fruta da Época,Vendido ao peso | 1 un = 4kg (aprox.),"3,96 €","0,99 €/Kg"
Queijo Camembert,President,Embalagem de 250 g,"1,45 €","7,25 €/Kg"
Descafeinado,Nestlé,Embalagem de 100 g,"1,59 €","6,36 €/Kg"
Leite uht magro,Gresso,Embalagem de 1 litro,"0,81 €","0,81 €/L"
Óleo alimentar,Fula,Embalagem 3L,"3,39 €","3,39 €/L"
Salsichão vegetal,Veg In,Embalagem de 200g,"4,19 €","20,95 €/Kg"
Côco ralado,PorSi,Embalagem de 200g,"1,29 €","3,23 €/Kg"
Renovador de Camurça em Spray Incolor,Búfalo,Embalagem de 250 ml,"6,19 €","24,76 €/L"
Receita caseira de jardineira,Nobre,Embalagem de 420g,"2,35 €","5,60 €/Kg"
Xarope grenadine zero,Paquito,Garrafa de 750 ml,"4,89 €","6,61 €/L"
Bolachas marítimas clássicas,PorSi Viva Bem,Embalagem de 200g,"3,09 €","10,30 €/Kg"
Nata uht light,Mimosa,Embalagem de 200 ml,"0,75 €","3,75 €/L"
Bebida coco,Alpro,Embalagem de 1L,"2,49 €","2,49 €/L"
Pá + espanador,PorSi,1 conjunto,"2,20 €","2,20 €/Unidade"
Feijão branco,PorSi,Embalagem de 500g,"0,95 €","1,90 €/Kg"
Snack cão tasty bites chewy,Pedigree,Embalagem de 130 g,"3,39 €","18,83 €/Kg"
Máquina de barbear c/ 2 recargas de 6 lâminas,Labell Men,,"1,16 €","4,64 €/L"
Iogurte tipo grego maracujá,PorSi,Embalagem de 4 x 125 g,"1,49 €","2,98 €/Kg"
Vinho verde branco,Da Barca,Garrafa de 1 litro (33% grátis),"3,09 €","3,09 €/L"
Creme culinário de soja,Shoyce,Garrafa de 200 ml,"1,39 €","6,95 €/L"
Espumante Super Reserva Bruto,Raposeira,Garrafa de 0.75 l,"6,99 €","9,32 €/L"
Rolo cozinha branco 3 folhas,PorSi,3 rolos,"4,99 €","4,99 €/Unidade"
Espumante sem álcool para crianças,Look,Garrafa de 750 ml,"0,40 €/L","0,40 €/L"
Fruta para bebé banana maçã +4 meses,Nestle,Embalagem de 90g,"0,74 €","8,22 €/Kg"
Bolachas brownie tubo,Oreo,Embalagem de 150g,"0,79 €","4,49 €/Kg"
Leite regular 3,Aptamil,Embalagem de 800 g,"20,99 €","26,24 €/Kg"
Cocktail pessego,Bar Royal,Garrafa de 750 ml,"8,99 €","14,98 €/L"
Snack Dentastix,Pedigree,Embalagem de 180 g,"3,39 €","18,83 €/Kg"
Bicarbonato de sódio,PorSi,Saqueta de 75 g,"1,89 €","17,18 €/Kg"
Vinho doc douro tinto,Tellu's,Garrafa de 750 ml,"7,49 €","9,99 €/L"
Sacos lixo eco com atilho 30 litros,PorSi,20 unidades,"1,79 €","1,79 €/Unidade"
Leite creme,PorSi,Embalagem de 2x135 g,"0,55 €","2,75 €/Kg"
Pão ralado crocante,ESPIGA,Embalagem de 150g,"0,55 €","2,29 €/Kg"
Vela com número nº 9,PorSi,1 unidade,"0,60 €","0,60 €/Unidade"
Esferográfica Preta Média,Mab,Embalagem com 4 un.,"2,69 €","2,69 €/Unidade"
Batata frita lisa chips,PorSi,Embalagem de 185 g,"1,06 €","5,73 €/Kg"
"Néctar pêssego, prisma",PorSi,Embalagem de 1 l,"0,99 €","0,99 €/L"
Feijão manteiga caçarola,Cacarola,Embalagem de 500g,"0,95 €","1,90 €/Kg"
Sementes de linhaça dourada,PorSi Viva Bem,Embalagem de 250 g,"1,59 €","10,60 €/Kg"
Na-far pão caseiro 6kg,Nacional,Embalagem de 1 kg,"1,99 €","1,99 €/Kg"
Lava Tudo Amoniacal,Sonasol,"Garrafa de 1,3 l","1,89 €","1,26 €/L"
Massa spaghetti tricolore,Milaneza,Embalagem de 500 g,"0,89 €","1,78 €/Kg"
Marmelada,PorSi,Embalagem de 900g,"1,09 €","2,42 €/Kg"
Pimentão doce saqueta,PorSi,Embalagem de 50 g,"0,25 €","0,25 €/Kg"
Iogurte activia líquido kiwi,Danone,Embalagem de 4 x 155 g,"2,79 €","6,07 €/Kg"
Queijo azul,PorSi,100 g,"1,99 €","9,95 €/Kg"
Skinny latte sem açúcar e sem lactose,STARBUCKS,embalagem de 220 ml,"2,19 €","2,19 €/L"
Sumo de toranja,Andros,Embalagem de 1 l,"1,09 €","0,73 €/L"
Pasta dentífrica herbal,Colgate,Embalagem de 75 ml,"2,29 €","38,17 €/L"
Topping caramelo,Branca de neve,Embalagem de 380g,"1,29 €","3,23 €/Kg"
Adoçante à base de sucralose,PorSi Viva Bem,Embalagem de 17g,"5,99 €","23,96 €/Kg"
"Creme para mãos, caixa familiar",Nivea,Embalagem de 250 ml,"1,03 €","10,30 €/L"
Paloco desfiado do pacifico,Peixe Fresco,Embalagem de 400 g,"8,73 €/Kg","8,73 €/Kg"
Carapau Médio Fresco,Peixe do Dia,1 un = 150 gr (aprox.),"3,89 €","6,49 €/Kg"
Spray multiusos lavanda,Bot.origin,Garrafa de 500 ml,"1,19 €","0,79 €/L"
Chocolate quente 90 segundos,Lacasa,Embalagem de 350g,"5,39 €","7,19 €/Kg"
Biscoitos de canela,PorSi,Embalagem de 750g,"0,69 €","3,45 €/Kg"
"Gel banho, nutritivo",Lactovit,Embalagem de 650 ml,"6,49 €","8,65 €/L"
"Inseticida líquido, elétrico, apa",Raid,Embalagem de 21 ml,"7,69 €","7,69 €/Unidade"
Queijo fresco meio gordo,PorSi,200 g,"2,35 €","10,88 €/Kg"
Pastilhas de Limpeza Dentífrica Branqueadora,Polident,Embalagem com 30 unidades,"7,39 €","105,57 €/Kg"
"Refrigerante com gás, ananás",Sumol,"Garrafa de 1,25 l","0,40 €/L","0,40 €/L"
Sabonete leite & mel,Palmolive,Embalagem de 4x90 g,"1,99 €","12,44 €/Kg"
Queijo p/ barrar s/ lactose,Philadelph,Embalagem de 150g,"2,05 €","16,40 €/Kg"
Sortido seleção,Chabrior,Embalagem de 380g,"6,83 €/Kg","6,83 €/Kg"
Pastilhas café platium,Delta,Embalagem de 110g,"59,82 €/Kg","59,82 €/Kg"
"Recarga ambientador, elétrico, baunilha",Air Wick,Embalagem de 19 ml,"11,89 €","11,89 €/Unidade"
Balde de Limpeza com Espremedor,PorSi,unidade,"2,50 €","2,50 €/Unidade"
Resguardo para mesa,PorSi,Dim.: 140 x 300 cm,"20,99 €","20,99 €/Unidade"
Chocolate culinário em pó,Pantagruel,Embalagem de 130g,"1,04 €","8,32 €/Kg"
Refrigerante c/ gás laranja,Fanta,"Garrafa de 1,5 l","0,40 €/L","0,40 €/L"
Polvilho doce,Do Brasil,500 g,"1,99 €","1,99 €/Kg"
Ambientador elétrico sensual sandalwood & jasmine + ...,Glade,1 unidade,"3,74 €","3,74 €/Unidade"
Ovos de galinha ao ar livre | Classe: M/L,Matinados,12 unidades,"4,10 €","4,10 €/Unidade"
Vinho Regional de Lisboa Rosé,Mundus,"Garrafa de 0,75 l","2,29 €","3,05 €/L"
Salsicha Fresca,Porco,1 un = 100 gr (aprox.),"0,55 €","5,49 €/Kg"
Sidra de maçã,Somersby,Lata de 500 ml,"1,59 €","3,18 €/L"
Sumo 100% ananás/uva,PorSi,Pack 3 x 200 ml,"1,09 €","0,73 €/L"
Recarga p/ ambientador elétrico flores,Ambipur,3 unidades,"11,89 €","11,89 €/Unidade"
Leite c/ chocolate meio-gordo s/ lactose,Agros,4 x 200 ml,"0,26 €","1,30 €/L"
Leite com chocolate,Agros,Embalagem de 200 ml,"0,26 €","1,30 €/L"
Café solúvel sem cafeína,Nescafe,Embalagem de 20g,"14,50 €/Kg","14,50 €/Kg"
Vinh do porto ruby,Cruz,Garrafa de 750 ml,"6,65 €/L","6,65 €/L"
Costeletas do Lombo,Porco,Vendido ao peso a partir de 1 kg,"4,89 €","4,89 €/Kg"
Filetes primavera alecrim e sal marinho,Iglo,Embalagem de 230g,"1,91 €","4,78 €/Kg"
"Alimento para cão adulto bio complex, com frango",HappyOne,Embalagem de 4 kg,"1,15 €/Kg","1,15 €/Kg"
Bife da Alcatra,Novilho,1 un = 250 gr (aprox.),"6,39 €","7,99 €/Kg"
Amido de milho,PorSi,Embalagem de 400g,"1,89 €","17,18 €/Kg"
Braçadeiras Unicórnio,Mondo,1 Embalagem,"2,99 €","2,99 €/Unidade"
Barras fitness com morango,Nestle,Embalagem de 140g,"5,59 €","8,87 €/Kg"
Porto tawny valadão,Valadao,Garrafa de 750 ml,"15,99 €","21,32 €/L"
Snack para gato crispies vaca e frango,Felix,Embalagem de 50g,"0,99 €","16,50 €/Kg"
Espremedor,PorSi,1 unidade,"2,50 €","2,50 €/Unidade"
Esferográfica Azul Média,Mab,Embalagem com 4 un.,"2,69 €","2,69 €/Unidade"
Spray anti-bolores,Cif,435 ml,"1,79 €","2,39 €/L"
Patê de salmão,La piara,Embalagem de 80g,"1,19 €","13,52 €/Kg"
Caramelos de nata com recheio,Werthers,Embalagem de 140g,"2,75 €","11,00 €/Kg"
"Vela com número, nº2",PorSi,1 unidade,"0,60 €","0,60 €/Unidade"
Snack para Cão Júnior Dentastix Galinha,Pedigree,Embalagem de 125g,"3,39 €","18,83 €/Kg"
Detergente líquido manual loiça lavanda e alecrim,Fairy,Embalagem de 650 ml,"0,89 €","0,89 €/L"
Vinho branco península de setúbal,Pioneiro,Garrafa de 0.75 l,"8,59 €","11,45 €/L"
Alimento seco para gatinhos,HappyOne,"Embalagem de 1,5 kg","12,99 €","4,33 €/Kg"
Limpador,Pronto,Embalagem de 750 ml,"9,19 €","18,38 €/L"
Água c/ gás: limão/pepino/gengibre,Frize,pack 4 x 0.25 l,"2,85 €","2,85 €/L"
Farinha para bolos super fina,B.neve,Embalagem de 1 kg,"1,99 €","1,99 €/Kg"
Coxinhas de frango,PorSi,Embalagem de 360g,"3,53 €","8,83 €/Kg"
Rabanetes,Legumes do dia,Embalagem 125g,"0,65 €","2,59 €/Kg"
Fraldas de Incontinência Elásticos Médias,Lindor,20 Unidades,"9,99 €","9,99 €/Unidade"
Rolo tira pelos 12 folhas,PorSi,1 unidade,"6,99 €","6,99 €/Unidade"
Snack para cão adulto com frango,Friskies,Embalagem de 200g,"3,39 €","18,83 €/Kg"
Refresco em pó de morango,PorSi,Embalagem de 40g,"0,75 €","18,75 €/Kg"
Alho Francês,Legumes do Dia,1 un=300 gr (aprox.),"0,75 €","2,49 €/Kg"
Ambientador elétrico flor de cerejeira,Air Wick,1 unidade,"3,74 €","3,74 €/Unidade"
Queijo fresco natural,Matinal,Embalagem de 216g,"2,35 €","10,88 €/Kg"
Creme Depilatório Peles Sensíveis,Veet,Embalagem de 200 ml,"12,99 €","12,99 €/Unidade"
"Spray depilatório, peles sensiveis",Veet,Garrafa de 150 ml,"2,99 €","14,95 €/L"
Café moagem fina bio,PorSi Bio,Embalagem de 250g,"9,16 €/Kg","9,16 €/Kg"
Luvas Pequenas /Médias Sensitive,Vileda,40 unidade,"4,29 €","4,29 €/Unidade"
Whisky 8 anos,Grant's,Garrafa de 0.70 l,"23,99 €","34,27 €/L"
Gaspacho,PorSi,1 litro,"0,84 €","13,55 €/Kg"
Amêndoa amarga,Milbar,"Garrafa de 0,70 l","16,99 €","24,27 €/L"
Leite pasteurizado meio gordo,Vigor,Garrafa de 1 l,"1,09 €","1,09 €/L"
Lenços faciais brancos 2 folhas,PorSi,150 unidades,"0,89 €","0,89 €/Unidade"
"Ambientador spray, aerosol, lavanda",Glade,Embalagem de 300 ml,"0,99 €","3,30 €/L"
Comida húmida para cão de frango e legumes,PorSi,Lata de 400 g,"0,75 €","2,50 €/Kg"
Chá de alcachofra e dente-de-leão,PLANTANATU,Embalagem de 20g,"1,19 €","1,19 €/Unidade"
8 salsichas frankfurt,Izidoro,Embalagem de 200g,"0,75 €","3,75 €/Kg"
"Escargots recheio de manteiga, salsa e alho",PorSi Select,89 g,"1,89 €","6,30 €/Kg"
Leite uht c/ chocolate,Ucal,Embalagem de 3 x 250 ml,"0,26 €","1,30 €/L"
Gel Play Morango,Durex,Embalagem de 50 ml,"4,49 €","4,49 €/Unidade"
Bandida do pomar maçã 4x25cl,Bandida,Garrafa de 1 l,"1,59 €","3,18 €/L"
Lápis de cera,Giotto,embalagem com 12 unidades,"3,09 €","3,09 €/Unidade"
Sopa económica de marisco,Knorr,Embalagem de 60g,"0,84 €","13,55 €/Kg"
Preparado para crepes,Branca de Neve,Embalagem de 380g,"0,79 €","5,27 €/Kg"
Galão enriquecido em cálcio,Ucal,Embalagem de 3 x 200 ml,"0,26 €","1,30 €/L"
"Azeite extra virgem, azeitonas verdes",Oliveira da Serra,Garrafa de 750 ml,"3,19 €","4,25 €/L"
Doce de ameixa com frutose,Salutem,Embalagem de 330g,"3,44 €","4,71 €/Kg"
Gomas happy cola,Haribo,Embalagem de 100g,"1,19 €","3,97 €/Kg"
Gogo SqueeZ Snack Maçã e Pera,Gogo,Embalagem de 90g,"2,29 €","6,94 €/L"
Toalhitas Sensitive |Recarga,Dodot,Pack: 4 x54 unidades,"1,09 €/Unidade","1,09 €/Unidade"
Esponja limpa camurça,PorSi,1 unidade,"6,19 €","24,76 €/L"
Nectarina,Programa Origens,Vendido ao peso,"0,43 €","2,89 €/Kg"
Folhado de Chocolate 60 g,PorSi,,"0,30 €/Unidade","0,30 €/Unidade"
Água com gás,Vimeiro,"Garrafa de 1,5 l","2,85 €","2,85 €/L"
Vinho verde branco,3 marias,Garrafa de 1 l,"3,09 €","3,09 €/L"
Flan de ovos,PorSi,Embalagem 4 x 100 g,"0,55 €","2,75 €/Kg"
Caneta correctora  Shake & Squeeze 2+1,Bic,1 unidade,"2,69 €","2,69 €/Unidade"
Tostas integrais,Bimbo,embalagem de 270 g,"0,69 €","3,07 €/Kg"
Bacalhau a bras,PorSi,Embalagem de 300g,"1,91 €","4,78 €/Kg"
"Aperitivos, amendoins no forno",Matutano,Embalagem de 200g,"0,79 €","3,95 €/Kg"
Tablete de chocolate leite bubbly,Milka,Embalagem de 90g,"5,30 €/Kg","5,30 €/Kg"
Caramelos de fruta,Penha,Embalagem de 500 g,"1,10 €","4,40 €/Kg"
Frango Inteiro,Frango,1 un=2 Kg (aprox.),"6,29 €","6,99 €/Kg"
Hambúrguer de goji 2x80g,Veg In,Embalagem de 160g,"2,09 €","8,36 €/Kg"
Cappucinno,PorSi,Embalagem de 125 g,"3,19 €","25,52 €/Kg"
Tablete chocolate creme de cacau,Milka,Embalagem de 100g,"5,30 €/Kg","5,30 €/Kg"
Cenoura baby,PorSi,Embalagem de 400 g,"1,39 €","1,85 €/Kg"
Milho doce,PorSi,Embalagem de 400 g,"1,39 €","1,85 €/Kg"
Body Milk Cocoa,Nivea,Embalagem de 250 ml,"12,48 €/L","12,48 €/L"
Gelado magnum menta,Olá,Embalagem de 4 x 100 ml,"5,99 €","16,64 €/L"
Alheira Extra Trás os Montes,PorSi,"Vendido ao peso, 1un= 200 gr (aprox.)","1,49 €","7,45 €/Kg"
"Néctar de alperce, tetra",Compal,pack 3 x 200 ml,"0,99 €","0,99 €/L"
Ambientador tealights baunilha,PorSi,embalagem com 18 unidades,"11,99 €","11,99 €/Unidade"
Cesto para o lixo bancada,PorSi,1 unidade,"2,50 €","2,50 €/Unidade"
Lixívia Spray Mousse Flor,Neoblanc,Embalagem de 700ml,"1,74 €","0,35 €/L"
Lixívia Spray Mousse,Neoblanc,Embalagem de 700ml,"1,74 €","0,35 €/L"
Miolo de mexilhão,PorSi,Embalagem de 250 g,"1,79 €","7,16 €/Kg"
Bandida do pomar frutos vermelhos lata 50cl,Bandida,Garrafa de 500 ml,"1,59 €","3,18 €/L"
"Alimento húmido para gato 7+, aves",Whiskas,Embalagem de 400g,"3,49 €","10,26 €/Kg"
Iogurte grego oikos stracciatella,Danone,Embalagem de 4 x 110 g,"1,49 €","2,98 €/Kg"
Bebida doubleshot expresso,STARBUCKS,Embalagem de 200 ml,"3,19 €","25,52 €/Kg"
Lasanha,Nacional,Embalagem de 400g,"0,89 €","1,78 €/Kg"
Cerveja c/ álcool,Sagres,pack 30 x 0.25 L,"1,99 €/L","1,99 €/L"
Detergentes máquina lavar loiça ecológico,PorSi,26 pastilhas,"2,99 €","2,99 €/Unidade"
Rebuçados peitorais,Villa,Embalagem de 200 g,"0,77 €","3,85 €/Kg"
Iogurtes magros aroma morango,PorSi Viva Bem,Embalagem de 6 x 125 g,"7,66 €/Kg","7,66 €/Kg"
Espirais s/ glúten,Milaneza,Embalagem de 500g,"2,99 €","7,97 €/Kg"
Ovos galinha solo L,PorSi,12 unidades,"4,10 €","4,10 €/Unidade"
Massa fusilli tricolor,Milaneza,Embalagem de 500g,"0,89 €","1,78 €/Kg"
Bandas cera depilatórias corpo pele sensível,Labell,40 unidades,"6,99 €","6,99 €/Unidade"
Aguardente velha,S.domingos,Garrafa de 700 ml,"12,79 €","18,27 €/L"
Infusão nº 5 emagrecimento,Cemporcent,Embalagem de 10 unidades,"0,99 €","76,15 €/Kg"
Nutrição Infantil Bio Cenoura e Tomate c/ Peru,Naturnes,Boião de 190g,"1,89 €","9,95 €/Kg"
Couve Flor,Legumes do Dia,Vendido ao peso,"1,60 €","3,99 €/Kg"
Gel de banho naturals amêndoa e leite,Palmolive,500 ml,"6,99 €","9,32 €/L"
Pensos para bolhas,PorSi,20 unidades,"2,86 €","2,86 €/Unidade"
Recarga inseticidas elétrico,Raid,Embalagem de 3 x 27 ml,"7,69 €","7,69 €/Unidade"
Tortitas de arroz chocolate negro,PorSi Viva Bem,130 g,"1,45 €","11,15 €/Kg"
Refrigerante c/ gás zero,Coca-Cola,pack 4 x 1 l,"0,40 €/L","0,40 €/L"
"Tesoura de escritório, 21cm",Domédia,1 unidade,"5,99 €","5,99 €/Unidade"
Doce de abóbora c/ noz,Quinta de Jugais,Embalagem de 280g,"2,19 €","9,95 €/Kg"
Papel higiénico macio absorvente,PorSi,12 rolos,"1,99 €","1,99 €/Unidade"
Café lote normal moagem fina,PorSi,Embalagem de 250 g,"9,76 €/Kg","9,76 €/Kg"
Maionese,PorSi,Embalagem de 260 g,"2,14 €","7,64 €/Kg"
Alimento para cão junior,HappyOne,Embalagem de 10 kg,"1,15 €/Kg","1,15 €/Kg"
Gelatina de morango,Royal,Embalagem de 114g,"0,55 €","61,11 €/Kg"
Feuilletine,Du Bois de la Roche,Embalagem de 135 g,"0,39 €","3,12 €/Kg"
Batata frita lisa,PorSi,Embalagem de 90g,"1,06 €","5,73 €/Kg"
Jardineira,PorSi,Embalagem de 400 g,"1,39 €","1,85 €/Kg"
Iogurte Activia 0% aveia e linhaça,Danone,Embalagem de 4 x 120 g,"2,79 €","6,07 €/Kg"
Queijo cabra curado,PorSi,300 g,"1,89 €","10,50 €/Kg"
Tablete de chocolate caramel peanut,Milka,Embalagem de 280g,"6,50 €/Kg","6,50 €/Kg"
"Guardanapos brancos, 33x33cm, 2 folhas",PorSi,Embalagem com 100 unidades,"1,29 €","1,29 €/Unidade"
Iogurte pedaços frutos vermelhos,PorSi,Embalagem de 8 x 125 g,"4,36 €","2,18 €/Kg"
Chá infusão nº3 prostal control,Cemporcent,Embalagem de 13g,"58,44 €/Kg","58,44 €/Kg"
Rebuçados de mentol,PorSi,Embalagem de 250g,"0,77 €","3,85 €/Kg"
Vinagre de sidra,PorSi,500 ml,"0,35 €","0,70 €/L"
Pá do Lixo C/ Cabo,PorSi,1 un.,"2,20 €","2,20 €/Unidade"
Posta de atum ao natural,PorSi,Embalagem de 120g,"0,89 €","7,42 €/Kg"
"Elixir bocal, menta",Labell,Embalagem de 500 ml,"5,99 €","11,98 €/L"
Spray power&shine vidros,Cif,Garrafa de 750 ml,"4,09 €","5,45 €/L"
Cereais bio chocapic,Nestle,Embalagem de 330g,"2,99 €","5,98 €/Kg"
20 saquetas infusão limão gengibre,Lipton,Embalagem de 40g,"44,50 €/Kg","44,50 €/Kg"
Sementes de sésamo,PorSi Viva Bem,Embalagem de 200 g,"1,59 €","10,60 €/Kg"
"Alimento para cão júnior bio complex, com frango",HappyOne,Embalagem de 4 kg,"1,15 €/Kg","1,15 €/Kg"
Tomate seco,PONTI,Embalagem de 280g,"3,84 €","24,00 €/Kg"
Crocantes de frango piri piri 180g,Iglo,Embalagem de 180g,"4,99 €","24,95 €/Kg"
Kit de viagem,Colgate,pasta dentífrica + escova,"3,49 €","3,49 €/Unidade"
Limpa vidros boost,Ajax,Embalagem de 500 ml,"3,19 €","6,38 €/L"
Alimento lácteo banana +6 meses,Yogolino,Embalagem de 4 x 100 g,"2,89 €","7,23 €/Kg"
Isqueiros J25 Lisos,Bic,3 unidades,"15,99 €","15,99 €/Unidade"
"Absorvedores de odores, relax zen",Brise,Embalagem de 2x150g,"0,79 €","5,27 €/Kg"
Gin london dry 40,Bulldog,Embalagem de 0.70L,"26,99 €","38,56 €/L"
Nata uht carbonara,Parmalat,Embalagem de 200 ml,"0,75 €","3,75 €/L"
Tablete de chocolate branco,Schogetten,Embalagem de 100g,"0,99 €","9,90 €/Kg"
Sultana Dourada,PorSi,Embalagem de 200g,"0,79 €","3,95 €/Kg"
20 saquetas infusão camomila,Lipton,Embalagem de 10g,"0,99 €","76,15 €/Kg"
Vinho doc dão tinto,Santar,Garrafa de 0.75 l,"7,49 €","9,99 €/L"
Papel higiénico compacto 2 folhas,PorSi,18 = 36 Rolos,"1,99 €","1,99 €/Unidade"
Ervilhas,Iglo,"Embalagem de 1,125 kg","1,39 €","1,85 €/Kg"
Sumo essencial manga,Compal,pack 3 x 0.11 l,"0,99 €","0,99 €/L"
Gel Styling Casual Black,Axe,Embalagem de 75 ml,"5,99 €","14,98 €/L"
Whisky,J&B,Garrafa de 1 l,"11,49 €","16,41 €/L"
Fio alimentar,PorSi,1 unidade,"15,99 €","15,99 €/Unidade"
Inseticida Aerossol Rapid Moscas e Mosquitos,Raid,1 Embalagem 600ml,"5,09 €","8,48 €/L"
Chocolate para culinária 85% cacau sem glúten,Regina,embalagem de 200 g,"1,04 €","8,32 €/Kg"
Iogurte aroma 0% tutti fruti/coco,Longa vida,Embalagem de 6 x 120 g,"7,66 €/Kg","7,66 €/Kg"
Snack bio arroz e trigo c/ banana e framboesa,Gerber,Embalagem de 35g,"1,89 €","9,95 €/Kg"
Pipoca doce para  microondas,PorSi,Embalagem de 300g,"0,79 €","7,90 €/Kg"
Queijo de ovelha curado amanteigado,Seia,Embalagem de 500g,"4,50 €","17,99 €/Kg"
Bloco sanitário power 5 duo blue water ocean,Domestos,Embalagem de 1 unidades,"2,99 €","74,75 €/Kg"
Cominhos moídos,PorSi,Embalagem de 35g,"0,25 €","0,25 €/Kg"
Grão de bico,PorSi,Frasco com 540 g,"1,79 €","2,29 €/Kg"
Chantilly,Royal,Embalagem de 70g,"1,29 €","3,23 €/Kg"
Batata pré-frita cubos,PorSi,Embalagem de 1 kg,"1,39 €","1,39 €/Kg"
"Coloração permanente, óleo intenso, castanho praliné...",Syoss,1 unidade,"9,49 €/Unidade","9,49 €/Unidade"
Snack para cão dentastix grande,Pedigree,"Embalagem de 1,17 kg","3,39 €","18,83 €/Kg"
Mini tostas integrais super finas,PorSi,Embalagem de 100 g,"0,69 €","3,07 €/Kg"
Leite creme,PorSi,Embalagem de 4x23g,"2,99 €","6,64 €/Kg"
Couve Bróculo,Legumes do Dia,Vendido ao peso,"1,60 €","3,99 €/Kg"
Bolacha vitalday aveia e chocolate,Gullon,Embalagem de 240g,"3,09 €","10,30 €/Kg"
Infusão de tília,PorSi,Embalagem de 30g,"0,99 €","76,15 €/Kg"
Bagas de goji,Cemporcent,Embalagem de 125 g,"0,79 €","3,95 €/Kg"
Alimento seco p/ cão actividade intensa,PorSi,Embalagem de 4kg,"1,15 €/Kg","1,15 €/Kg"
Chá de frutos vermelhos,Tetley,Embalagem de 30g,"44,50 €/Kg","44,50 €/Kg"
Mini salsichas cocktail,Nobre,lata de 180g,"0,75 €","3,75 €/Kg"
Sumo maçã,Andros,Embalagem de 1 l,"3,99 €","3,99 €/L"
Baguete,PorSi,250 g,"0,19 €","2,38 €/Kg"
Creme vegetal para culinária,PorSi,Embalagem de 250g,"1,39 €","6,95 €/L"
Sopa tailandesa,Knorr,embalagem com 69 g,"0,84 €","13,55 €/Kg"
Farinha s/ glúten p/ pão,Schar,Embalagem de 1 kg,"1,99 €","1,99 €/Kg"
Açúcar granulado,Rar,Embalagem de 1kg,"1,49 €","1,49 €/Kg"
Iogurte mix-in kit kat,Nestle,Embalagem de 2 x 115 g,"4,23 €/Kg","4,23 €/Kg"
Biscoito para Cão Mini Sticks,Purina One,Embalagem de 90 g,"3,39 €","18,83 €/Kg"
Toalhitas Bebé Basic,PorSi,Embalagem de 72 unidades,"1,09 €/Unidade","1,09 €/Unidade"
Gomas favoritos pica,Haribo,Embalagem de 90g,"1,19 €","3,97 €/Kg"
Molho tomate com azeitonas,PorSi,Frasco de 420g,"2,14 €","7,64 €/Kg"
Atum posta em óleo,Noro,Lata com 110 g,"0,89 €","7,42 €/Kg"
Café moagem grossa bio,PorSi Bio,Embalagem de 250g,"9,16 €/Kg","9,16 €/Kg"
Presunto nacos,PorSi,Embalagem de 250g,"1,27 €","12,69 €/Kg"
Le cassoulet,Claude leg,Embalagem de 840g,"2,35 €","5,60 €/Kg"
Espumoso moscato,Selecção de Enófilos,"Garrafa de 0,75 l","3,99 €","5,32 €/L"
Fraldas Menina Happyjama 4-7 Anos 17-29 kg,Dodot,17 unidades,"6,49 €","6,49 €/Unidade"
Bebida de arroz,Shoyce,Embalagem de 3 x 200 ml,"1,59 €","1,59 €/L"
Chocolate de leite e amêndoas,Milka,Embalagem de 125g,"6,50 €/Kg","6,50 €/Kg"
Pirassununga (38º),Cachaca 51,Garrafa de 700 ml,"17,49 €","24,99 €/L"
Queijo dop cura 12 meses,Sao jorge,Embalagem de 300g,"25,45 €/Kg","25,45 €/Kg"
Infusão de menta,Tetley,Embalagem de 10g,"0,99 €","76,15 €/Kg"
Queijo em fatias,Limiano,Embalagem de 400g,"1,56 €","7,80 €/Kg"
Amaciador de roupa peónia azul e citrus,Surf,90 doses,"8,99 €","2,25 €/L"
Farinha,Maizena,Embalagem de 400g,"1,99 €","1,99 €/Kg"
"Bolachas aperitivas, simples",Tuc,Embalagem de 100g,"3,09 €","10,30 €/Kg"
Adoçante c/ doseador,Canderel,Embalagem de 10g,"5,99 €","23,96 €/Kg"
Bacalhau em lombos,PorSi,Embalagem de 800g,"4,99 €","9,98 €/Kg"
Açucar icing,Rar,Embalagem de 250 g,"1,49 €","1,49 €/Kg"
Gin pink,Big Boss,Garrafa de 700 ml,"26,99 €","38,56 €/L"
Esoumante prosecco branco,Gancia,Garrafa de 750 ml,"3,99 €","5,32 €/L"
Aperitivos de amendoim com sal e mel,Matutano,Embalagem de 150g,"0,79 €","3,95 €/Kg"
Cafe soluvel c/c 200g,Delta,Embalagem de 200g,"14,50 €/Kg","14,50 €/Kg"
Refresco pó laranja e morango,PorSi,Embalagem de 40g,"0,75 €","18,75 €/Kg"
Nata uht light para culinária,PorSi,embalagem de 200 ml,"0,75 €","3,75 €/L"
Grão de bico,PorSi,Embalagem de 820g,"1,79 €","2,29 €/Kg"
Cerveja preta 0.0%,Sagres,Pack 4 x 0.33 l,"5,99 €","3,03 €/L"
Bolacha Maria,Cuetara,Embalagem de 200g,"2,11 €/Kg","2,11 €/Kg"
Creme vegetal soja,Planta,Embalagem de 250 gr,"2,09 €","8,36 €/Kg"
Ketchup,Calve,Embalagem de 280g,"2,14 €","7,64 €/Kg"
"Comida húmida para cão adulto com frango, vaca e bor...",Friskies,Embalagem de 400g,"0,75 €","2,50 €/Kg"
Bolachas oreo,Oreo,Embalagem de 440g,"0,79 €","4,49 €/Kg"
Vinho regional de lisboa tinto,Marginal,Garrafa de 750 ml,"3,99 €","5,32 €/L"
Cachaça,Velho do barreiro,Garrafa de 70 cl,"17,49 €","24,99 €/L"
"Borracha de lápis b20, 2 unidades",Rotring,Uma embalagem,"3,09 €","3,09 €/Unidade"
Café nespresso descafeinado intensidade 11,STARBUCKS,Embalagem com 10 unidades,"1,59 €","6,36 €/Kg"
Massa filo,JR,Embalagem de 250g,"0,99 €","4,30 €/Kg"
Papel Fotocópia A4 |80g,Navigator,,"5,99 €","5,99 €/Unidade"
"Bolachas, tubo",Oreo,Embalagem de 150g,"0,79 €","4,49 €/Kg"
Tapa fugas,Redex,Embalagem de 250 ml,"41,99 €","8,40 €/L"
Ovos galinha solo l,PorSi,6 ovos,"4,10 €","4,10 €/Unidade"
"Vinho bairrada, reserva, tinto",Selecção de Enófilos,Garrafa de 0.75 l,"6,49 €","8,65 €/L"
Tapioca hidratada sem adição de açúcares,PorSi Viva Bem,Embalagem de 500 g,"0,69 €","1,73 €/Kg"
Cereais fitness chocolate,Nestle,Embalagem de 380g,"5,59 €","8,87 €/Kg"
Bebida energética tropical edition,Red Bull,Garrafa de 250 ml,"1,39 €","5,56 €/L"
Creme Depilatório Peles Sensíveis,Veet,Embalagem de 400 ml,"2,99 €","14,95 €/L"
Alheira Especial de Trás-Os-Montes,PorSi,200 g,"1,49 €","7,45 €/Kg"
Gelatina de frutos tropicais,PorSi,Embalagem 2X85G,"0,55 €","61,11 €/Kg"
Iogurte magro morango sem lactose,Mimosa,Embalagem de 4x 120 g,"1,87 €","1,25 €/Kg"
Tonic premium indian,Fever-Tree,Garrafa de 500 ml,"1,39 €","5,56 €/L"
Patê atum em escabeche,La piara,Embalagem de 80g,"1,19 €","13,52 €/Kg"
"Vinagre virgem branco, spray",Paladin,Garrafa de 250 ml,"0,35 €","0,70 €/L"
Soja fina,PorSi Viva Bem,Embalagem de 400 g,"2,09 €","8,36 €/Kg"
Infusão carqueja,Cemporcent,Embalagem de 10 unidades,"0,99 €","76,15 €/Kg"
Escova de dentes infantil 3 a 6 anos,Labell,1 un.,"2,29 €","2,29 €/Unidade"
Sumo natural de uva preta bio,Cemporcent,Garrafa de 200 ml,"2,19 €","2,19 €/L"
Dentífrico júnior 7 a 12 anos,Colgate,Embalagem de 50 ml,"0,99 €","0,99 €/Unidade"
Gel de Banho Silk,Dove,Embalagem de 750 ml,"6,49 €","8,65 €/L"
Champô Anti-Caspa,Pantene,360 ml,"5,59 €","13,98 €/L"
Hambúrguer sementes 2x80g,Veg In,Embalagem de 160g,"2,09 €","8,36 €/Kg"
Tablete de chocolate culinário negro,PorSi,Embalagem de 200 g,"1,04 €","8,32 €/Kg"
Açúcar granulado embalado em papel,Rar,Embalagem de 1 kg,"1,49 €","1,49 €/Kg"
12 Preservativos Adapta Touch & Feel,Control,,"4,49 €","4,49 €/Unidade"
"Fraldas Dry Fit, 4-9kg - Tamanho 3",Chicco,Embalagem de 42 unidades,"6,49 €","6,49 €/Unidade"
Ambientador carro recarga aqua,Ambipur,1 unidade,"3,49 €","3,49 €/Unidade"
Manteiga sem sal terra nostra,Terra Nostra,Embalagem de 250g,"1,69 €","6,76 €/Kg"
Escova e pente,Neo Baby,1 unidade,"5,99 €","5,99 €/Unidade"
Snack bio de arroz e trigo c/ banana,Gerber,Embalagem de 35g,"1,89 €","9,95 €/Kg"
Maçã Starking 70/75,Programa Origens,1 un = 150 gr (aprox.),"0,32 €","1,79 €/Kg"
Agrafador pocket universal nº10,Maped,1 unidade,"1,35 €","1,35 €/Unidade"
Cuecas Incontinência Maxi Médio,Lindor,Embalagem com 14 un.,"9,99 €","9,99 €/Unidade"
Leite e cereais 8 cereais e mel +6 meses,Cerelac,Garrafa de 400 ml,"4,49 €","4,49 €/Kg"
Paté Fígado Porco c/ Cogumelos,PorSi,75 g,"1,05 €","6,99 €/Kg"
Alface Lisa,Legumes do Dia,1 un= 400 g (aprox.),"0,88 €","2,19 €/Kg"
Liquido brilhante sapato preto,PorSi,75 ml,"2,25 €","45,00 €/L"
Vinho tinto bag-in-box,Capataz,Embalagem de 5 l,"8,59 €","1,72 €/L"
Papel Higiénico Original 2 folhas,Scottex,Embalagem c/ 16 Rolos,"1,99 €","1,99 €/Unidade"
Agrião Programa Origens,PorSi,embalagem de 170 g,"0,99 €","0,99 €/Kg"
20 saquetas green framboesa/romã,Lipton,Embalagem de 30g,"44,50 €/Kg","44,50 €/Kg"
Refrigerante s/ gás flórida,Sunny d,"Garrafa de 1,25 l","1,90 €","1,27 €/L"
Queijo meio gordo fatias,Paiva,Embalagem de 180g,"1,56 €","7,80 €/Kg"
Pano limpa pó de flanela,PorSi,1 unidade,"1,79 €","1,79 €/Unidade"
Pizza de bolonhesa,PorSi,Embalagem de 350g,"2,16 €","6,17 €/Kg"
Creme culinário soja,PorSi Viva Bem,Embalagem de 200 ml,"3,99 €","26,60 €/L"
Spray tira nódoas,A+,Embalagem de 750 ml,"7,99 €","19,02 €/Kg"
Spray tira nódoas,Kh 7,Garrafa de 750 ml,"3,99 €","5,70 €/L"
2 crocantes frango recheio queijo&fiambre 204g,Iglo,Embalagem de 200g,"4,99 €","24,95 €/Kg"
Molho bechamel,Parmalat,Embalagem de 200 ml,"0,75 €","3,75 €/L"
Maionese,PorSi,Embalagem de 414 g,"2,14 €","7,64 €/Kg"
Arroz Carolino,Saludães,Embalagem de 1 kg,"0,99 €/Kg","0,99 €/Kg"
Batata frita light,Lay's,Embalagem de 140g,"0,95 €","6,33 €/Kg"
Gomas spaghetti pica morango,Haribo,Embalagem de 80g,"1,19 €","3,97 €/Kg"
Luvas Descartáveis Colors 50 P/M,Vileda,,"4,29 €","4,29 €/Unidade"
Lasanha bolonhesa,Iglo,Embalagem de 300g,"3,53 €","8,83 €/Kg"
Manteiga amendoim crocant,PorSi,Embalagem de 340g,"4,19 €","12,32 €/Kg"
Moscatel de setúbal,Alambre,"Garrafa de 0,75L","5,99 €","7,99 €/L"
Néctar clássico pêssego,Compal,200 ml,"0,99 €","0,99 €/L"
Espinafres folhas natur+ 400g,Bonduelle,Embalagem de 400G,"1,39 €","1,85 €/Kg"
Bolachas cream cracker,PorSi,Embalagem de 200g,"0,39 €","3,12 €/Kg"
Vinho do Porto Tawny,Velhotes,"garrafa de 0,75 l","15,99 €","21,32 €/L"
Lasanha à bolonhesa,PorSi,Embalagem de 1 kg,"3,53 €","8,83 €/Kg"
Gogo SqueeZ Snack Morango,Gogo,Embalagem de 4 x 90g,"2,29 €","6,94 €/L"
Fralda Activity T3 - 6 a 10 kg,Dodot,66 unidades,"6,49 €","6,49 €/Unidade"
Tampão Normal,O.B.,1 Embalagem c/32 unidades,"4,89 €","4,89 €/Unidade"
Sumo natural de maçã bio,Cemporcent,Garrafa de 1 l,"2,19 €","2,19 €/L"
Snack gato sticks carne 6x5g porsi,PorSi,Embalagem de 30g,"0,99 €","16,50 €/Kg"
Crepe de ovo,PorSi,Embalagem de 540 g,"2,65 €","8,28 €/Kg"
Chourição,PorSi,"Vendido ao peso, fatiado a partir de 100 gr","0,95 €","9,49 €/Kg"
Adoçante em pó stevia,PorSi Viva Bem,Embalagem de 17g,"5,99 €","23,96 €/Kg"
Caramelos de fruta multisabor single,Sugus,Embalagem de 50g,"1,10 €","4,40 €/Kg"
Ambientador gel marinho,PorSi,150 g,"0,79 €","5,27 €/Kg"
Máquina depilatória Miss Soleil,Bic,3 + 1 unidades,"12,99 €","12,99 €/Unidade"
"Vinho branco, denominação de origem controlada, dour...",VILA REAL,Garrafa de 750 ml,"7,49 €","9,99 €/L"
Spray vitrocerâmica/indução,PorSi,Embalagem de 500 ml,"1,79 €","2,39 €/L"
Condicionador cabelos loiros,Ultra Suave,Embalagem de 200 ml,"1,00 €","5,00 €/L"
Cobertura tábua de engomar,PorSi,Dim.: 130 x 47 cm,"15,85 €","15,85 €/Unidade"
Gelatina pronta a comer light 10 kcal morango,Royal,Embalagem de 4 x 100 g,"0,85 €","2,13 €/Kg"
Lata Cebo Protexol Incolor,Búfalo,Embalagem de 75 ml,"0,99 €","19,80 €/L"
Azeite virgem extra dop moura,PorSi Select,Embalagem de 0.75L,"3,19 €","4,25 €/L"
Sortido,Cuetara,Embalagem de 210g,"6,83 €/Kg","6,83 €/Kg"
Nutella b-ready t.2,Nutella,Embalagem de 50g,"2,29 €","17,62 €/Kg"
Iogurte para bebé frutas variadas,Nestle,Embalagem de 4 x 100 g,"2,89 €","7,23 €/Kg"
"Anti-calcário, máquina roupa, gel",Calgon,"Garrafa de 1,5 l","13,99 €","3,29 €/L"
Bloco sanitário com suporte azul,WC Pato,Embalagem de 40 g,"2,99 €","74,75 €/Kg"
Mistura de sementes,PorSi Viva Bem,Embalagem de 200 g,"1,59 €","10,60 €/Kg"
Ambientador elétrico baunilha & magnólia asiática,Air Wick,Difusor + Recarga,"3,74 €","3,74 €/Unidade"
Cuecas Incontinência Unisexo Pants Super L,Tena,12 unidades,"9,99 €","9,99 €/Unidade"
Mousse Caramelo,A leiteira,Embalagem de 4 x 60 g,"1,19 €","2,59 €/Kg"
"Salsichas em frasco bockwurst, 5 un",Izidoro,Embalagem de 250g,"0,75 €","3,75 €/Kg"
Água s/ gás,Luso,"Garrafa de 5,4 l","1,04 €","0,17 €/L"
Collant mousse preta 20D,PorSi,Tamanho: l,"1,89 €","1,89 €/Unidade"
Presunto fatias,Damatta,Embalagem de 120 g,"1,27 €","12,69 €/Kg"
Farinha para bolos fina,Branca de Neve,Embalagem de 1 kg,"1,99 €","1,99 €/Kg"
Frutos silvestres lata,Koala,Embalagem de 415 g,"1,99 €","2,37 €/Kg"
Mortadela mini,PorSi,Embalagem de 350g,"1,05 €","6,99 €/Kg"
Pastilhas peppermint,CHICLETS,Embalagem de 17 g,"0,99 €","58,24 €/Kg"
Granola,Salutem,Embalagem de 500g,"2,29 €","11,45 €/Kg"
Cabide anti humidade,HUMYDRY,embalagem de 250 g,"2,99 €","6,64 €/Kg"
Chourição,Salsicharia Limiana,1 un = 100 gr (aprox.),"0,95 €","9,49 €/Kg"
Queijo limiano amanteigado vaca e ovelha sem casca m...,Limiano,Embalagem de 450g,"25,45 €/Kg","25,45 €/Kg"
Vinagre balsâmico branco,Gallo,Garrafa de 250 ml,"0,35 €","0,70 €/L"
Azeite virgem extra,Ouro elvas,Garrafa de 750 ml,"3,19 €","4,25 €/L"
Leite com chocolate,PorSi,Embalagem de 200 ml,"0,26 €","1,30 €/L"
Crackers s/ sal superficie,GRAN PAVES,Embalagem de 560g,"0,39 €","3,12 €/Kg"
"Gel cabelo, hard cement",Fru style,Embalagem de 200 ml,"3,99 €","53,20 €/L"
Chocolate negro 85 % cacau,Cemporcent,Embalagem de 100g,"1,79 €","17,90 €/Kg"
Lixívia Denso-Activa Tradicional p/ Casa e Roupa,Neoblanc,Embalagem de 2 l,"1,74 €","0,35 €/L"
4 Potes,Play-Doh,1 Embalagem,"7,99 €","7,99 €/Unidade"
"Alimento para cão adulto bio complex mix, com frango",HappyOne,Embalagem de 4 kg,"1,15 €/Kg","1,15 €/Kg"
Barrinhas de  pescada panada,Pescanova,Embalagem de 1.2K,"9,30 €/Kg","9,30 €/Kg"
Palitos redondos,PorSi,200 unidades embalados individualmente,"1,50 €","1,50 €/Unidade"
Esparguete,PorSi,Embalagem de 1 kg,"0,89 €","1,78 €/Kg"
Azeite virgem extra reserva,Gallo,Garrafa de 750 ml,"3,19 €","4,25 €/L"
Mel de néctar multifloral bio,PorSi Bio,Frasco de 250g,"4,89 €","9,78 €/Kg"
Queijinho yoco suissi maxi de morango e banana,Nestle,Embalagem de 4 x 90 g,"4,23 €/Kg","4,23 €/Kg"
Água sem gás,Vitalis,Garrafa de 0.5 l,"1,04 €","0,17 €/L"
"Briquetes madeira, 12 unidades",Nova lenha,1 embalagem,"4,79 €","4,79 €/Unidade"
Renovador de Camurça em Spray Castanho,Búfalo,Embalagem de 250 ml,"6,19 €","24,76 €/L"
Café em grão,Delta,Embalagem de 250g,"9,16 €/Kg","9,16 €/Kg"
Caramelos de nata,Werthers,Embalagem de 140g,"2,75 €","11,00 €/Kg"
Vinho tinto regional setúbal,Herdade da comporta,Garrafa de 0.75 l,"8,59 €","11,45 €/L"
Guardanapos brancos 22x22cm | folha dupla,Renova,90 unidades,"1,29 €","1,29 €/Unidade"
Prato com naperon 30cm,PorSi,1 unidade,"0,54 €","0,54 €/Unidade"
Ecobag 30 L Perfumado,Vileda,1 embalagem,"1,79 €","1,79 €/Unidade"
Tablete de chocolate com avelãs,PorSi,Embalagem de 100 g,"6,50 €/Kg","6,50 €/Kg"
Sabonete líquido maçãs verdes,Labell,Embalagem de 500 ml,"1,19 €","3,97 €/L"
"12 lápis de cor, 18cm",Domédia,Uma embalagem,"3,09 €","3,09 €/Unidade"
Pipetas repelente para cão,Repul' 7,Embalagem de 1 unidades,"19,99 €","19,99 €/Unidade"
Papa infantil não láctea multicereais +6 meses,Cerelac,Embalagem de 250g,"4,49 €","4,49 €/Kg"
Vinho branco arinto bucelas,P.regia,Garrafa de 750 ml,"3,99 €","5,32 €/L"
Tosta integral,Diatosta,Embalagem de 510 g,"1,34 €","5,96 €/Kg"
Batata frita caseira,PorSi,Embalagem de 180g,"0,87 €","5,44 €/Kg"
Fita adesiva,PorSi,5m x 1.25 cm,"2,86 €","2,86 €/Unidade"
Detergente pastilhas p/ máquina loiça oxyplus,Super Pop,Embalagem de 45 unidades,"2,99 €","2,99 €/Unidade"
Espadim Fumado,PorSi Select,Embalagem de 110 g,"3,35 €","22,33 €/Kg"
Yaos iogurte grego natural,Nestle,Embalagem de 4x110g,"0,65 €","1,30 €/Kg"
Spray de lavagem a seco,Day 2,200 ml,"2,38 €","4,67 €/Kg"
Creme para calçado preto,Splendor,80 ml,"0,99 €","19,80 €/L"
Leite com chocolate original,Ucal,Embalagem de 18 x 250 ml,"0,26 €","1,30 €/L"
Bolacha digestiva de aveia/chocolate,Gullon,Embalagem de 430g,"0,98 €","3,27 €/Kg"
Folhado de salsichas,Pastelaria do Dia,1 unidade = 110 g,"0,65 €","0,65 €/Unidade"
Bolachas de aveia e trigo integral,PorSi Viva Bem,Embalagem de 240g,"3,09 €","10,30 €/Kg"
Soja nacos,PorSi Viva Bem,Embalagem de 400 g,"2,09 €","8,36 €/Kg"
Tablete de chocolate culinário branco,PorSi,Embalagem de 180 g,"1,04 €","8,32 €/Kg"
Chocolate negro 70% cacau bio,Cemporcent,Embalagem de 100g,"1,79 €","17,90 €/Kg"
Dettol sabonete líquido aloe vera x 12,Dettol,Garrafa de 250 ml,"1,19 €","3,97 €/L"
Cereais fitness chocolate preto,Nestle,Embalagem de 375g,"5,59 €","8,87 €/Kg"
Farinha s/ glúten p/ pão,Schar,Embalagem de 1 kg,"2,99 €","7,97 €/Kg"
Snacks crocantes com bacon,PorSi,Embalagem de 60g,"0,79 €","7,90 €/Kg"
Açorda de camarão,PorSi Select,Embalagem de 300g,"1,91 €","4,78 €/Kg"
Lion barra cereais  25g,Nestle,Embalagem de 150g,"1,29 €","10,24 €/Kg"
Lima-limao zero,PorSi,Garrafa de 1.5 l,"0,40 €/L","0,40 €/L"
Chá fresh preto e limão,Cemporcent,Embalagem de 18g,"44,50 €/Kg","44,50 €/Kg"
Lombo de Bacalhau Higienizado,PorSi,"Vendido ao peso, 1 un  = 300 gr (aprox.)","4,20 €","13,99 €/Kg"
Cebola Programa Origens,PorSi,Embalagem de 1 kg,"1,29 €/Kg","1,29 €/Kg"
Molho piri piri,Macarico,Embalagem de 200g,"2,14 €","7,64 €/Kg"
Alimento seco para gato steril,HappyOne,Embalagem de 2 kg,"12,99 €","4,33 €/Kg"
Tira Nódoas Branqueador,Sanytol,embalagem com 450g,"3,99 €","5,70 €/L"
Caramelos de leite,Penha,Embalagem de 250g,"2,75 €","11,00 €/Kg"
Vinho verde branco,MIRANDA,"Garrafa de 0,75 l","3,09 €","3,09 €/L"
Algodão zig zag pré-cortado,PorSi,Embalagem de 50 g,"2,86 €","2,86 €/Unidade"
Néctar ananás,PorSi,Pack 3 x 200 ml,"0,99 €","0,99 €/L"
Vinho do Porto Branco,Velhotes,"Garrafa de 0,75 l","11,99 €","15,99 €/L"
Farinheira vegetal,Veg In,Embalagem de 200g,"1,49 €","7,45 €/Kg"
Sal cristal,PorSi,embalagem de 1 kg,"0,25 €","0,25 €/Kg"
Croutons azeite e alho,PorSi,Embalagem de 150g,"0,69 €","3,07 €/Kg"
Sidra,Kings Bräu,Pack 6 x 0.33 l,"1,59 €","3,18 €/L"
Vinho rosé,Mateus,Garrafa de 750 ml,"4,29 €","5,72 €/L"
Régua duplo decimetro,CA1,1 unidade,"1,35 €","1,35 €/Unidade"
Queijo ralado mix 3 queijos,PorSi,Embalagem de 200 g,"7,45 €/Kg","7,45 €/Kg"
Camisola segunda pele 40D preto t. único,PorSi,1 unidade,"4,69 €","4,69 €/Unidade"
Ice tea pêssego,Lipton,Embalagem de 1L,"1,90 €","1,27 €/L"
Tira Nódoas em Pó Cores,Skip,1 kg,"3,99 €","5,70 €/L"
Vinho branco tejo,Alorna,Garrafa de 750 ml,"3,99 €","5,32 €/L"
Queijo de ovelha curado amanteigado,PorSi Select,250 g,"25,45 €/Kg","25,45 €/Kg"
Refresco em pó de laranja,Tang,Embalagem de 30g,"0,75 €","18,75 €/Kg"
Lula limpa 20/40,PorSi,Embalagem de 800 g,"5,49 €","6,86 €/Kg"
Gel Cabelo Styling Creme Cabelo,Nivea,Embalagem de 150 ml,"5,99 €","14,98 €/L"
Tampões Compak Pearl Super Com Aplicador,Tampax,16 unidades,"4,89 €","4,89 €/Unidade"
Rhum com coco,Malibu,Garrafa de 700 ml,"17,49 €","24,99 €/L"
Café Torrado em Grão Indonésia,Delta,Embalagem de 220g,"9,16 €/Kg","9,16 €/Kg"
Bandas de cera fria facial,Labell,Embalagem com 20 un. + 4 toalhitas de acabamento,"6,99 €","6,99 €/Unidade"
Cereais muesli goji e mirtilos,Quaker,Embalagem de 350g,"3,79 €","10,83 €/Kg"
Sangria branca,Casal Garcia,Garrafa de 750 ml,"2,39 €","1,59 €/L"
Bolachas crackers s/ sal,Du bois,Embalagem de 500g,"0,39 €","3,12 €/Kg"
Laranja Económica,Fruta do Dia,1 un = 250 gr  (aprox.),"0,40 €","1,59 €/Kg"
Leite condensado magro,Nestle,Embalagem de 390g,"1,09 €","2,75 €/Kg"
Chá preto frutos vermelhos,PorSi,Embalagem de 40g,"41,67 €/Kg","41,67 €/Kg"
Estendal de roupa com abas resina,PorSi,20 metros,"0,89 €","0,89 €/Unidade"
Feijão encarnado,PorSi,Embalagem de 820 g,"1,79 €","2,29 €/Kg"
Gogo SqueeZ Snack Morango,Gogo,Embalagem de 90g,"2,29 €","6,94 €/L"
Caramelo líquido,Royal,Embalagem de 400g,"1,29 €","3,23 €/Kg"
Bloco Sanitário Poder Activo Aqua,Sonasol,Embalagem de 50 g,"2,99 €","74,75 €/Kg"
"Frutapura pera, banana e alperce",Bledina,Embalagem de 85g,"2,29 €","6,94 €/L"
Pimenta preta grão,PorSi,Saqueta de 50 g,"0,25 €","0,25 €/Kg"
Ovos galinha solo m,PorSi,6 ovos,"4,10 €","4,10 €/Unidade"
Morcela vegetal,Veg In,Embalagem de 200g,"1,49 €","7,45 €/Kg"
Gel anti séptico sensitive,Dystron,Embalagem de 400 ml,"7,69 €","19,23 €/L"
Marmelada com frutose,PorSi Viva Bem,Embalagem de 400g,"1,09 €","2,42 €/Kg"
Gelatina de morango,PorSi,Embalagem de 170g,"0,55 €","61,11 €/Kg"
Iogurte activia líquido morango,Danone,Embalagem de 4 x 155 g,"2,79 €","6,07 €/Kg"
Molho de maionese com alho e ervas,PorSi,Garrafa de 120 ml,"2,14 €","7,64 €/Kg"
Vinho maduro tinto,C.da eira,Garrafa de 250 ml,"1,23 €","2,19 €/L"
"Palmilha de cortiça com látex, tamanho 36/37",Sonaf,1 unidade,"5,59 €","37,27 €/L"
Carne picada com 15% matéria gorda,PorSi Select,embalagem de 400 g,"15,73 €/Kg","15,73 €/Kg"
Bolachas com recheio baunilha,PorSi,Embalagem de 500g,"2,15 €","2,87 €/Kg"
Mousse de chocolate,PorSi,Embalagem de 110 g,"1,19 €","2,59 €/Kg"
Açúcar mascavado claro,Rar,Embalagem de 500 g,"1,49 €","1,49 €/Kg"
Pasta dentífrica gel kids,Labell,Embalagem de 50 ml,"0,99 €","0,99 €/Unidade"
Iogurte líquido danonino morango,Danone,Embalagem de 4 x 100 g,"4,23 €/Kg","4,23 €/Kg"
"Limpa vidros, azul",PorSi,Embalagem de 5 l,"3,99 €","0,80 €/L"
Leite de crescimento 4 de 1 a 3 anos,NAN,Embalagem de 800g,"20,99 €","26,24 €/Kg"
Dentífrico infantil frutas naturais 3 aos 5 anos,Colgate,50 ml,"0,99 €","0,99 €/Unidade"
Lava tudo amigo dos animais,Xanpa,Embalagem de 1 l,"2,59 €","1,30 €/L"
"Salsichas aves, frasco com 5 unidad",Izidoro,Embalagem de 250g,"0,75 €","3,75 €/Kg"
"Vinho branco região da península de setúbal, bag in ...",Dom Campos,Garrafa de 5 l,"9,49 €","1,90 €/L"
Rum anejo especial,Havana,Garrafa de 700 ml,"17,49 €","24,99 €/L"
Lixívia para roupa delicada,Vanish,Garrafa de 2 l,"2,19 €","1,10 €/L"
Elixir bocal de mentol,Listerine,Embalagem de 250 ml,"5,99 €","11,98 €/L"
Sabonete líquido mel,Feno,Embalagem de 300 ml,"1,19 €","3,97 €/L"
Snack para cão dentastix fresh medio,Pedigree,Embalagem de 180 g,"3,39 €","18,83 €/Kg"
Chispalhada,PorSi,Embalagem de 420 g,"2,35 €","5,60 €/Kg"
Brandy  (36º),Macieira,Garrafa de 700 ml,"11,99 €","17,13 €/L"
Saqueta de puré de fruta | maçã + pera,PorSi,90 g,"0,74 €","8,22 €/Kg"
Preparado para arroz de marisco,Brasmar,Embalagem de 450 g,"1,91 €","4,78 €/Kg"
Tira gorduras dia a dia,Mistolin,Garrafa de 750 ml,"1,29 €","1,72 €/L"
Desentupidor gel turbo com lixívia,Destop,Garrafa de 1 l,"4,89 €","6,52 €/L"
Peito de frango fatias finas,Nobre,Embalagem de 110g,"1,44 €","9,59 €/Kg"
Inseticida Elétrico Citronela,Dum Dum,1 unidade = 45 noites,"7,69 €","7,69 €/Unidade"
Bacalhau com azeite e alho,PorSi Select,Lata de 120 g,"0,89 €","7,42 €/Kg"
Creme Depilatório Men Peles Sensíveis,Veet,Embalagem de 200 ml,"6,99 €","6,99 €/Unidade"
Kit de viagem,Colgate,pasta dentífrica + escova,"2,29 €","38,17 €/L"
Whisky 12 anos,Grant's,Garrafa de 0.70 l,"23,99 €","34,27 €/L"
Snack dentastix small,Pedigree,Embalagem de 440 g,"3,39 €","18,83 €/Kg"
Café moagem normal: original,Buondi,Embalagem de 220g,"9,76 €/Kg","9,76 €/Kg"
Bifanas,Porco,Vendido ao peso a partir de 1 kg,"4,89 €","4,89 €/Kg"
Creme Mãos Secrets Abacate,Dove,75 ml,"1,03 €","10,30 €/L"
Leite UHT Meio Gordo,PorSi,1 l,"0,81 €","0,81 €/L"
Balões latex rosa,PorSi,Embalagem com 24 unidades,"1,69 €","1,69 €/Unidade"
Lambrusco rosé,Sorbello,Garrafa de 0.75 l,"2,29 €","3,05 €/L"
Dobrada com feijão,Nobre,Embalagem de 420g,"2,35 €","5,60 €/Kg"
Pré-lavagem power gel,Vanish,Garrafa de 200 ml,"13,99 €","3,29 €/L"
Empadas soja,PorSi Viva Bem,Embalagem de 260g,"2,09 €","8,36 €/Kg"
Vinho tinto regional peninsula de setúbal,Fonte nico,Garrafa de 750 ml,"8,59 €","11,45 €/L"
Licor Limoncello,Vila Massa,"Embalagem de 0,50 l","16,99 €","24,27 €/L"
Legumes grelhados,PorSi,Embalagem de 750g,"1,39 €","1,85 €/Kg"
Néctar vital equilibrio manga/laranja,Compal,Embalagem de 1 l,"0,84 €","2,55 €/L"
Arroz de pato,PorSi,Embalagem de 250 g,"2,99 €","11,96 €/Kg"
Cabide Anti-Humidade,HUMYDRY,450 g,"6,99 €","6,99 €/Unidade"
Casal garcia sweet 750ml/1,Casal Garcia,Garrafa de 750 ml,"3,09 €","3,09 €/L"
Arroz carolino malandrinho,Malandrinh,Embalagem de 1 kg,"0,99 €/Kg","0,99 €/Kg"
"Vinho tinto, bag in box",Capela Pias,Garrafa de 5 l,"9,49 €","1,90 €/L"
Queijinhos mini,Babybel,Embalagem de 240g,"0,82 €","23,43 €/Kg"
Gelado viennetta morango,Olá,Embalagem de 650 ml,"5,49 €","6,10 €/L"
Azeite Virgem Extra Clássico,Gallo,Garrafa de 2 l,"3,19 €","4,25 €/L"
Lata de Brilho Incolor,Búfalo,Embalagem de 75 ml,"0,99 €","19,80 €/L"
Gelatina mirtilos,Alsa,Embalagem de 180g,"0,55 €","61,11 €/Kg"
Vinho do porto 10 anos,Souza,Garrafa de 750 ml,"15,99 €","21,32 €/L"
Papa infantil não láctea 8 cereais e mel +6 meses,Cerelac,Embalagem de 250g,"4,49 €","4,49 €/Kg"
Hamburger espinafres,Veg In,Embalagem de 160g,"3,39 €","21,19 €/Kg"
Vinho verde branco,Aveleda,Garrafa de 750 ml,"3,09 €","3,09 €/L"
Desumidificador Basic,HUMYDRY,embalagem de 250g,"2,99 €","6,64 €/Kg"
Balões latex mistos,PorSi,Embalagem com 24 unidades,"1,69 €","1,69 €/Unidade"
Cereais estrelitas,Nestle,Embalagem de 550g,"5,07 €/Kg","5,07 €/Kg"
Ovos | Classe: M,Ovitae,24 unidades,"4,10 €","4,10 €/Unidade"
Toalhitas para bebé melão,PorSi,Embalagem de 60 unidades,"1,09 €/Unidade","1,09 €/Unidade"
Nestum flocos de cereais integrais,Nestum,Embalagem de 250g,"2,19 €","8,76 €/Kg"
Café torrado lote chávena saco,Delta,Embalagem de 250g,"9,16 €/Kg","9,16 €/Kg"
"Salsichas bockwurst em frasco, 8 unidades",Izidoro,Embalagem de 400g,"0,75 €","3,75 €/Kg"
Batata frita light,PorSi,Embalagem de 150g,"0,95 €","6,33 €/Kg"
Palmiers,PorSi,Embalagem de 100g,"1,69 €","6,76 €/Kg"
Guardanapos 2 folhas brancos e dourado,PorSi Select,50 unidades,"1,29 €","1,29 €/Unidade"
24 Caldos de carne,PorSi,Embalagem de 255  g,"3,84 €","24,00 €/Kg"
Néctar de pêssego,PorSi,Pack 3 x 200 ml,"0,99 €","0,99 €/L"
Gin dry,Gordons,Garrafa de 700 ml,"26,99 €","38,56 €/L"
"Alimento para peixe, animin goldfish food",Tetra,Garrafa de 250 ml,"7,29 €","7,29 €/L"
Sobremesa gelatina de ananás,PorSi,Embalagem 4X100G,"0,85 €","2,13 €/Kg"
Caixa de arrumação reciclada,PorSi,20 litros,"5,24 €","5,24 €/Unidade"
Faca Pão 20 cm Preta,PorSi,1 unidade,"5,90 €","5,90 €/Unidade"
Barras de cereais com chocolate preto,PorSi,6 x 23 g,"1,29 €","10,24 €/Kg"
Queijo mozzarella ralado,PorSi,Embalagem de 200 g,"7,45 €/Kg","7,45 €/Kg"
Desodorizante roll-on invisible,Rexona,Embalagem de 50 ml,"4,69 €","31,27 €/L"
Massa quebrada margarina,PorSi,Embalagem de 230 g,"0,99 €","4,30 €/Kg"
Leite de pastagem biológico meio gordo,Milhafre,1 litro,"0,81 €","0,81 €/L"
Elixir total proteção placa bacteriana,Colgate,500 ml,"5,99 €","11,98 €/L"
"Formas de alumínio rectangulares com tampa, 600ml , ...",PorSi,Uma embalagem,"1,11 €","1,11 €/Unidade"
Dinos cookienss 185g                 *10,Artiach,Embalagem de 190g,"1,89 €","15,75 €/Kg"
Adoçante com doseador,PorSi,Embalagem 100 comprimidos,"5,99 €","23,96 €/Kg"
Actimel morango-banana,Danone,Embalagem de 6 x 100 g,"4,15 €/Kg","4,15 €/Kg"
Cereais Forma Natura,PorSi,500 g,"5,59 €","8,87 €/Kg"
Desentupidor express gel elimina odores,Destop,1 litro,"4,89 €","6,52 €/L"
Caldeirada de peixe ultracongelada,Brasmar,Embalagem de 700g,"1,91 €","4,78 €/Kg"
Nestum Mel,Nestlé,Embalagem de 3x300g,"4,49 €","4,49 €/Kg"
10 hamburguers 60% carne de bovino,PorSi,Embalagem de 1 kg,"2,79 €","8,72 €/Kg"
Recarga Ambientador Automático Sparkling Citrus,PorSi,Embalagem de 250 ml,"11,89 €","11,89 €/Unidade"
"Escova de dentes, proteção global média, 2 unidades",Labell,Uma embalagem,"3,49 €","3,49 €/Unidade"
Leite de pastagem biológico meio gordo,Milhafre,1 litro,"2,99 €","5,98 €/Kg"
Chocolate de leite com avelãs,Nestle,Embalagem com 195 g,"6,50 €/Kg","6,50 €/Kg"
Feijão branco,Compal,Lata de 410 ml,"1,79 €","2,29 €/Kg"
Soquete mousse 20d musk t. único,PorSi,3 unidades,"1,89 €","1,89 €/Unidade"
Papel higiénico reciclado 2 folhas,PorSi,12 rolos,"1,99 €","1,99 €/Unidade"
Pescada África do Sul,Peixe Congelado,De 600g a 900g,"3,99 €/Kg","3,99 €/Kg"
Tiras da Costela/Piano,Porco,1 un = 500 gr (aprox.),"4,89 €","4,89 €/Kg"
Feijão verde,PorSi,Embalagem de 750 g,"1,39 €","1,85 €/Kg"
Chocolate culinário 70% cacau,Pantagruel,Embalagem de 200g,"1,04 €","8,32 €/Kg"
Coelho inteiro,PorSi,Vendido ao peso,"6,29 €","6,99 €/Kg"
20 saquetas chá de limão,Lipton,Embalagem de 40g,"44,50 €/Kg","44,50 €/Kg"
Snack para gato original,Felix,Embalagem de 60g,"0,99 €","16,50 €/Kg"
Bebida de Aveia,PorSi Viva Bem,1 l,"1,59 €","1,59 €/L"
Cacau em pó,Pantagruel,Embalagem de 130g,"1,04 €","8,32 €/Kg"
Bolachas cookies 0% açúcares,Artiach,Embalagem de 120 g,"0,90 €","6,00 €/Kg"
Salada de fruta em calda,PorSi,Lata com 820 g,"1,99 €","2,37 €/Kg"
Queijo P'tits Fondants 8 Porções,PorSi,Embalagem de 140 g,"0,82 €","23,43 €/Kg"
Na-esparguete bio 500g 10kg,Nacional,Embalagem de 500g,"1,89 €","3,78 €/Kg"
Vela em número nº1,PorSi,1 unidade,"0,60 €","0,60 €/Unidade"
Óleo 15w40,PorSi,Embalagem de 5 l,"41,99 €","8,40 €/L"
Receita caseira de bolonhesa,Nobre,Embalagem de 420g,"2,35 €","5,60 €/Kg"
Filetes primavera receita original sem glúten 250g,Iglo,Embalagem de 250g,"9,30 €/Kg","9,30 €/Kg"
Fralda cueca T4 - 8 a 14 kg,PorSi,22 unidades,"8,49 €","8,49 €/Unidade"
Cola BricoCeys,Ceys,1 unidade,"3,19 €","3,19 €/Unidade"
Arroz agulha América do Sul,PorSi,Embalagem de 1 kg,"0,99 €/Kg","0,99 €/Kg"
Biscoitos sem glúten,Gullon,Embalagem de 200 g,"2,69 €","17,93 €/Kg"
"Hamburgers de porco, 4x80g",PorSi,Embalagem de 320 g,"2,79 €","8,72 €/Kg"
"Iogurte pedaços, frutimax muesli",PorSi,Embalagem de 4 x 125 g,"4,36 €","2,18 €/Kg"
Comida húmida para gato seleção de aves,Gourmet mp,Embalagem de 300g,"3,49 €","10,26 €/Kg"
Doce morango 284g,ST.DALFOUR,Frasco de 284g,"2,19 €","9,95 €/Kg"
Farinha de trigo sem fermento t55,PorSi,Embalagem de 5 kg,"1,99 €","1,99 €/Kg"
Queijo fresco ligth,PorSi,Embalagem de 4 x 62.5 g,"2,39 €","19,92 €/Kg"
Penso diário salvaslip multiforma,Evax,embalagem de 34 unidades,"1,79 €","1,79 €/Unidade"
"Vela com número, nº 7",PorSi,1 unidade,"0,60 €","0,60 €/Unidade"
Fruta para bebé maçã cenoura manga +6 meses,Nestle,Embalagem de 90g,"0,74 €","8,22 €/Kg"
Bebida láctea crescimento c/ bolacha maria,Nestle,Embalagem de 1 litro,"0,26 €","1,30 €/L"
Leite seleccionado magro,Matinal,Garrafa de 1 l,"0,81 €","0,81 €/L"
Tira nódoas em spray cores,Neoblanc,Embalagem de 700 ml,"3,99 €","5,70 €/L"
Discos Sanitários Activos Aparelho Marinho,WC Pato,Embalagem de 36 ml,"2,99 €","74,75 €/Kg"
Especialidade de soja chocolate,PorSi Viva Bem,Embalagem de 4 x 100 g,"0,99 €","2,48 €/Kg"
Amaciador roupa concentrado lírios e morango,PorSi,60 doses,"3,99 €","3,99 €/Unidade"
Rebuçados recheio mel,PorSi,Embalagem de 200g,"0,77 €","3,85 €/Kg"
Borracha branca gigante,Domédia,1 unidade,"5,99 €","5,99 €/Unidade"
Salsa Molho Programa Origens,PorSi,Embalagem de 50g,"0,89 €","17,80 €/Kg"
Iogurte sabor pêssego morango e manga,Danone,Embalagem de 8 x 120 g com 1 grátis,"1,87 €","1,25 €/Kg"
Bacalhau espiritual,PorSi,Embalagem de 300g,"1,91 €","4,78 €/Kg"
Polvo limpo,PorSi,Embalagem de 1 kg,"5,49 €","6,86 €/Kg"
Açúcar areado amarelo,Rar,Embalagem de 1kg,"1,49 €","1,49 €/Kg"
Creme p/ Calçado Azul,Búfalo,Embalagem de 40 ml,"0,99 €","19,80 €/L"
Shampô azul concentrado,PorSi,Embalagem de 1 l,"3,99 €","0,80 €/L"
8 nuggets ervilha - green cuisine,Iglo green,Embalagem de 250g,"1,89 €","6,30 €/Kg"
"Bolachas chiquilin, com 2 chocolates",Artiach,Embalagem de 150g,"2,15 €","2,87 €/Kg"
"Presunto Metades, 6 meses de cura",PorSi,"Vendido ao peso, fatiado a partir de 100 gr","1,27 €","12,69 €/Kg"
Farinha de milho 500g,ESPIGA,Embalagem de 500g,"1,99 €","1,99 €/Kg"
Balde ecologic,Vileda,1 unidade,"2,50 €","2,50 €/Unidade"
Iogurte activia líquido cereais,Danone,Embalagem de 4 x 155 g,"2,79 €","6,07 €/Kg"
Bechamel sem glúten,Parmalat,500 ml,"0,75 €","3,75 €/L"
Arroz estufado,Caçarola,Embalagem de 1 kg,"0,99 €/Kg","0,99 €/Kg"
Topping chocolate belga,Branca de neve,Embalagem de 390g,"1,29 €","3,23 €/Kg"
Snack dentastix pequeno,Pedigree,Embalagem de 110 g,"3,39 €","18,83 €/Kg"
Cha infusão vermelho,Cemporcent,Embalagem com 10 saquetas,"58,44 €/Kg","58,44 €/Kg"
Vinho rosé,Gatão,Garrafa de 0.75 l,"4,29 €","5,72 €/L"
Ração para gato júnior com frango,Purina One,Embalagem de 800 g,"12,99 €","4,33 €/Kg"
20 saquetas chá detox,Lipton,Embalagem de 30g,"58,44 €/Kg","58,44 €/Kg"
Nestum zero espelta/aveia,Nestum,Embalagem de 250 g,"4,49 €","4,49 €/Kg"
Batata pré-frita palito,PorSi,Embalagem de 1 kg,"1,39 €","1,39 €/Kg"
Snacks para cão rodeo galinha,Pedigree,Embalagem de 123 g,"3,39 €","18,83 €/Kg"
Arroz brajma,Cigala,Embalagem de 1 kg,"0,99 €/Kg","0,99 €/Kg"
Barras de cereais forma clássica,PorSi,Embalagem de 126g,"1,29 €","10,24 €/Kg"
Barras fitness natural 141g,Nestle,Embalagem de 140g,"1,29 €","10,24 €/Kg"
Rebuçados peitorais,Dr.bayard,Embalagem de 100g,"0,77 €","3,85 €/Kg"
Moscatel favaios,Favaios,Garrafa de 750 ml,"5,99 €","7,99 €/L"
Ambientador recarga bouquet,Air Wick,Garrafa de 250 ml,"11,89 €","11,89 €/Unidade"
Lixívia com detergente,PorSi,Embalagem de 2 l,"2,59 €","1,30 €/L"
Óleo Gasolina 20w40,PorSi,Embalagem de 5 l,"41,99 €","8,40 €/L"
Achocolatado intenso 40% cacau,Nestle,Embalagem de 330g,"5,39 €","7,19 €/Kg"
Tomate Cacho,Legumes do Dia,1 un = 200 gr (aprox.),"0,30 €","1,99 €/Kg"
Nata uht p/ bater 0% lactose,Parmalat,Embalagem de 200 ml,"0,75 €","3,75 €/L"
Metades de pera em calda,PorSi,Lata de 820 g,"1,99 €","2,37 €/Kg"
Cereais recheados com chocolate e avelã,PorSi,Embalagem de 400g,"5,07 €/Kg","5,07 €/Kg"
Bolachas com recheio de chocolate,PorSi,Embalagem de 500g,"2,15 €","2,87 €/Kg"
Manteiga magra,PorSi,Embalagem de 250g,"1,69 €","6,76 €/Kg"
Natas para café,President,Embalagem de 10X10G,"0,75 €","3,75 €/L"
Xarope grenadine,Paquito,Garrafa de 750 ml,"4,89 €","6,61 €/L"
Iogurte morango 000%,PorSi Viva Bem,Embalagem de 4 x 125 g,"7,66 €/Kg","7,66 €/Kg"
Luvas descartáveis extra long m/g,Vileda,10 unidade,"4,29 €","4,29 €/Unidade"
"Batata frita, receita camponesa",Lay's,Embalagem de 250g,"1,19 €","6,43 €/Kg"
Chip choco diet nature,Gullon,Embalagem de 130g,"0,90 €","6,00 €/Kg"
10 Barrinhas salmão panadas sem glúten,Pescanova,300 g,"1,91 €","4,78 €/Kg"
"M&m's drageias de amendoim e chocolate de leite,",M&m's,Embalagem de 200g,"11,98 €/Kg","11,98 €/Kg"
Arroz integral,PorSi Viva Bem,Embalagem de 1 kg,"1,34 €","2,68 €/Kg"
2 filetes de robalo,Iglo,Embalagem de 200g,"1,91 €","4,78 €/Kg"
"Lenços de bolso, mentol, 10 unidades",Renova,Uma embalagem de 6x10,"0,89 €","0,89 €/Unidade"
Alimento seco p/ cão croquetes vaca,Pedigree,Embalagem de 3 kg,"1,15 €/Kg","1,15 €/Kg"
Ervilhas primavera 500g,Iglo,Embalagem de 500g,"1,39 €","1,85 €/Kg"
Cenouras Programa Origens,PorSi,Embalagem de 1 kg,"0,99 €","0,99 €/Kg"
Leite uht meio gordo,Serraleite,Embalagem de 1 l,"0,81 €","0,81 €/L"
Caramelos de nata,PorSi,Embalagem de 250g,"2,75 €","11,00 €/Kg"
Spray tira gorduras eco,PorSi,Garrafa de 750 ml,"4,09 €","5,45 €/L"
Bebida energética a-zero,Monster,Garrafa de 500 ml,"1,39 €","5,56 €/L"
Manteiga com sal,Gresso,Embalagem de 250g,"1,69 €","6,76 €/Kg"
Recarga p/ Esfregona |Suave,Vileda,,"0,89 €","0,89 €/Unidade"
Molas plásticas amarelas,PorSi,50 unidades,"0,89 €","0,89 €/Unidade"
Rebuçados floco de neve,Vieira,Embalagem de 250g,"1,59 €","6,36 €/Kg"
"Paezinhos azeite, alho e salsa",PorSi,Embalagem de 160g,"0,69 €","3,07 €/Kg"
Dettol sabonete líquido Lavanda,Dettol,Garrafa de 250 ml,"1,19 €","3,97 €/L"
Creme vegetal para culinária,PorSi,Embalagem de 1 kg,"2,89 €","2,89 €/Kg"
Tira Nódoas Spray a Seco,Iberia,Embalagem de 200 ml,"3,99 €","5,70 €/L"
Cereais fitness,Nestle,Embalagem de 630g,"5,59 €","8,87 €/Kg"
Vinho rosé frisante,Cacho Fresco,Garrafa de 0.75 l,"2,29 €","3,05 €/L"
Cereais cookie crisp,Nestle,Embalagem de 380g,"5,07 €/Kg","5,07 €/Kg"
Palito la reine,PorSi,Embalagem de 400 g,"0,69 €","3,45 €/Kg"
"Espumante Danúbio, Meio Seco",Danúbio,Garrafa de 75 cl,"6,99 €","9,32 €/L"
Guardanapos Decorados,Scottex,Embalagem 50 Unidades,"1,29 €","1,29 €/Unidade"
Bloco Sanitário Ativo Lavanda,Sonasol,Embalagem de 50 g,"2,99 €","74,75 €/Kg"
Chocolate Branco e Óreo,Milka,Embalagem de 100g,"0,99 €","9,90 €/Kg"
Rebuçados mentho-lyus sem açúcar,Halls,Embalagem de 31 g,"0,77 €","3,85 €/Kg"
Maracujá Roxo,Fruta da Época,1 un = 250 gr  (aprox.),"2,00 €","7,99 €/Kg"
Ervilhas,PorSi,Embalagem de 400 g,"1,39 €","1,85 €/Kg"
Azeite Virgem,Oliveira da Serra,Embalagem de 750 ml,"3,19 €","4,25 €/L"
Baguete de alho,Panike,Embalagem de 350g,"3,40 €/Kg","3,40 €/Kg"
Queijo mozzarella light ralado,PorSi Viva Bem,Embalagem de 150 g,"2,39 €","19,92 €/Kg"
Vinho Vinha da Fonte Setúbal branco,Casa Ermelinda Freitas,Garrafa de 0.75 l,"8,59 €","11,45 €/L"
"Coloração permanente, preto nº10",Nutrisse,1 unidade,"9,49 €/Unidade","9,49 €/Unidade"
Bolacha dibus sharkies s/ glúten,Gullon,Embalagem de 250g,"2,69 €","17,93 €/Kg"
3 Pipetas de Repelente p/ Gato,Repul'7,1 unidade,"19,99 €","19,99 €/Unidade"
Caramelos de fruta,Penha,Embalagem de 100g,"1,10 €","4,40 €/Kg"
Cerveja c/ álcool radler,Sagres,pack 6 x 0.33 l,"1,99 €/L","1,99 €/L"
Manteiga c/sal,Terra Nostra,Embalagem de 250g,"1,69 €","6,76 €/Kg"
"Adesivo suave, pele sensivel",Hansaplast,1 unidade,"2,86 €","2,86 €/Unidade"
Aguardente vínica velha,Alianca v.,Garrafa de 700 ml,"12,79 €","18,27 €/L"
Vinagre de vinho tinto,Cristal,Garrafa de 500 ml,"0,35 €","0,70 €/L"
10 cápsulas café qanela,Delta Q,Embalagem de 60g,"59,82 €/Kg","59,82 €/Kg"
Oatibix aveia,Weetabix,Embalagem de 500g,"2,29 €","11,45 €/Kg"
Rhum negrita white,Negrita,Garrafa de 700 ml,"17,49 €","24,99 €/L"
Batata frita rodelas,PorSi,Embalagem de 2x70g,"1,06 €","5,73 €/Kg"
Leite condensado cozido,PorSi,Embalagem de 397 g,"1,09 €","2,75 €/Kg"
Geleia de marmelo,Casa de Mateus,345 g,"3,29 €","9,54 €/Kg"
Melaço de cana,Cemporcent,Embalagem de 370g,"3,44 €","4,71 €/Kg"
Linhaça dourada moída,Cemporcent,Embalagem de 200g,"2,29 €","11,45 €/Kg"
Sopa da pedra,PorSi,Embalagem de 420 g,"2,35 €","5,60 €/Kg"
Termómetro digital,PorSi,1 unidade,"5,24 €","5,24 €/Unidade"
Queijo ilha ralado,PorSi,Embalagem de 200g,"7,45 €/Kg","7,45 €/Kg"
Camisola segunda pelo mousse muskade 30D t. único,PorSi,1 unidade,"1,89 €","1,89 €/Unidade"
Tablete de chocolate leite c/ avelãs,Milka,Embalagem de 270g,"6,50 €/Kg","6,50 €/Kg"
Faneca,Peixe do Dia,"Vendido ao peso, 1 un = 500 g (aprox.)","3,89 €","6,49 €/Kg"
10 Preservativos Easy Way Nature,Control,,"4,49 €","4,49 €/Unidade"
Café torrado 5 estrelas moagem normal,Sical,Embalagem de 250g,"9,16 €/Kg","9,16 €/Kg"
Galão,PorSi,16 cápsulas,"3,19 €","25,52 €/Kg"
Pensos clássicos,PorSi,100 unidades,"2,86 €","2,86 €/Unidade"
Folha de alumínio,Vileda,50 metros,"1,11 €","1,11 €/Unidade"
Beterraba Cozida,*,Embalagem de 450 g,"0,65 €","2,59 €/Kg"
Guardanapos Red Label 1 Folha |Verde,Renova,Dim: 30x32cm |70 unidades,"1,29 €","1,29 €/Unidade"
Caldeirada de bacalhau,PorSi,Embalagem de 1 kg,"4,99 €","9,98 €/Kg"
Feijão com dobrada,PorSi,Embalagem de 420 g,"2,35 €","5,60 €/Kg"
Alimento seco para cão raças pequenas,HappyOne,Embalagem de 2 kg,"1,15 €/Kg","1,15 €/Kg"
Leite creme,Royal,Embalagem de 90g,"0,79 €","5,27 €/Kg"
Água Mineral Natural 100% Reciclada,Vitalis,Garrafa de 1.5 l,"1,04 €","0,17 €/L"
Vinho Tinto Regional Península de Setúbal,Selecção de Enófilos,750 ml,"8,59 €","11,45 €/L"
Formas de alumínio redondas 650 ml,PorSi,5 unidades,"0,89 €","0,89 €/Unidade"
Whisky,Grants,Garrafa de 1 l,"11,49 €","16,41 €/L"
Manteiga com sal,Primor,Embalagem de 250g,"1,69 €","6,76 €/Kg"
Spray desengordurante,Sonasol,Embalagem de 500 ml,"4,89 €","6,52 €/L"
"Refeição pronta, boião de frango e arroz",Bledina,Embalagem de 200g,"1,89 €","9,95 €/Kg"
"Sumo 100%, laranja",PorSi,"Embalagem de 1,5 l","1,09 €","0,73 €/L"
Pantagruel leite caramelo (10x),Pantagruel,Embalagem de 200g,"1,04 €","8,32 €/Kg"
Muesli original,Alpen,Embalagem de 550g,"3,79 €","10,83 €/Kg"
10 salsichas de porco em lata,PorSi,Embalagem de 250G,"0,75 €","3,75 €/Kg"
Mistura solúvel c/ 20% café pó,PorSi,Embalagem de 200g,"0,99 €","3,96 €/Kg"
Tablete de chocolate negro,PorSi Select,200 g,"6,50 €/Kg","6,50 €/Kg"
Dettol sabonete líquido aloe vera,Dettol,Garrafa de 250 ml,"1,19 €","3,97 €/L"
Leite e cereais bolacha maria +6 meses,Cerelac,Garrafa de 400 ml,"4,49 €","4,49 €/Kg"
Café solúvel intenso,Delta,Embalagem de 100g,"14,50 €/Kg","14,50 €/Kg"
Bolacha waffer bites avelã,Waferland,Embalagem de 125g,"0,98 €","4,67 €/Kg"
12 douradinhos forníssimo,Capitão Iglo,Embalagem de 300g,"9,30 €/Kg","9,30 €/Kg"
Resguardos de cama,PorSi,20 unidades de 60 x 90 cm,"4,99 €","4,99 €/Unidade"
Espuma de barbear para peles sensíveis,Labell Men,Embalagem de 250 ml,"1,16 €","4,64 €/L"
Toranja,Fruta do Dia,1 un = 300 gr  (aprox.),"0,40 €","1,59 €/Kg"
Mistolin advanced anticalcário,Mistolin,Garrafa de 500 ml,"1,79 €","2,39 €/L"
Clara liquida pasteurizado,Dovo,Embalagem de 320 ml,"2,28 €","2,28 €/Unidade"
Recargas ambientador elétrico romantic vanilla bloss...,Glade,Embalagem de 2 x 20 ml,"11,89 €","11,89 €/Unidade"
Snack para gato mixed grill,Felix,Embalagem de 60 g,"0,99 €","16,50 €/Kg"
Aguardente Vínica Velha,Curvada de Velha,Garrafa de 70 cl,"12,79 €","18,27 €/L"
Bife do Pojadouro,Novilho,Vendido ao peso a partir de 800 g,"6,39 €","7,99 €/Kg"
"Pera em metades, lata",PorSi,Embalagem de 420 g,"1,99 €","2,37 €/Kg"
Ambientador spray pure flor de cerejeira,PorSi,250 ml,"0,99 €","3,30 €/L"
"Inseticida eléctrico, recarga, night&day",Raid,1 unidade,"7,69 €","7,69 €/Unidade"
Restaurador de Chão Envenizado Médio/Escuro,Novycera,Embalagem de 500 ml,"9,19 €","18,38 €/L"
Recarga ambientador elétrico oasis turquesa duo,Air Wick,Embalagem de 2 unidades,"11,89 €","11,89 €/Unidade"
Autobrilhante Castanho,Búfalo,Embalagem de 50 ml,"2,25 €","45,00 €/L"
Bolacha de milho sem sal bio,Cemporcent,Embalagem de 110g,"1,45 €","11,15 €/Kg"
Guardanapos de 1 folha amarelos | dim.: 30 x 29 cm,PorSi,Embalagem com 70 unidades,"1,29 €","1,29 €/Unidade"
Sangria branca,PorSi,Garrafa de 1.5 litros,"2,39 €","1,59 €/L"
Mousse crocante baunilha,A leiteira,Embalagem 4 x 57 g,"1,19 €","2,59 €/Kg"
Senses Tropical,Trident,1 un.,"0,99 €","58,24 €/Kg"
Alface Frisada,*,1 un= 400 g (aprox.),"0,88 €","2,19 €/Kg"
Salsichão fuet nobreza,Elpozo,Embalagem de 200 g,"0,95 €","9,49 €/Kg"
"Alimento húmido para cão, molho",César,Embalagem de 4x100 g,"0,75 €","2,50 €/Kg"
Alimento seco p/ cão alta energia c/ frango,HappyOne,Embalagem de 4 kg,"1,15 €/Kg","1,15 €/Kg"
Farinha s/ fermento tipo 65,ESPIGA,Embalagem de 1 kg,"1,99 €","1,99 €/Kg"
Licor de coco,On Off,"Garrafa de 0,70 l","16,99 €","24,27 €/L"
Aperitivo de amendoins tostados forno,Matutano,Embalagem de 120g,"0,79 €","7,90 €/Kg"
Spray para vidros,PorSi,750 ml,"3,19 €","6,38 €/L"
Milho tenro e doce,Bonduelle,Embalagem de 300 g,"1,79 €","2,29 €/Kg"
Recarga rolo tira pelos,PorSi,1 unidade,"6,99 €","6,99 €/Unidade"
Ambientador aerossol 5 em 1 flor laranjeira,PorSi,300 ml,"0,99 €","3,30 €/L"
Sopa de cozido,Knorr,Embalagem de 70g,"0,84 €","13,55 €/Kg"
Sopa de cebola económica,Knorr,Embalagem de 50g,"0,84 €","13,55 €/Kg"
Bolacha craker queijo,Tuc,Embalagem de 100g,"0,98 €","3,27 €/Kg"
Arroz Carolino,Cigala,Embalagem de 1 kg,"0,99 €/Kg","0,99 €/Kg"
Snack para cão pequeno chewy chunks,Pedigree,68 g,"3,39 €","18,83 €/Kg"
Nuggets frango,PorSi,pack familiar de 1 kg,"2,79 €","8,72 €/Kg"
Água mineral sem gás,Serra de Fafe,Embalagem de 6x0.5l,"1,04 €","0,17 €/L"
Toalha em rolo papel bordeau,PorSi,1 Unidade,"3,59 €","3,59 €/Unidade"
Bolacha infantil dinossaurus mini dino cereais,Artiach,Embalagem de 120g,"1,89 €","15,75 €/Kg"
Mini tostas trigo super finas,PorSi,Embalagem de 100 g,"0,69 €","3,07 €/Kg"
Refrigerante c/ gás laranja,Sumol,Garrafa de 500 ml,"0,40 €/L","0,40 €/L"
Proti soja grânulos,Salutem,Embalagem de 400g,"2,09 €","8,36 €/Kg"
Pipocas doces,Orcape,Embalagem de 100g,"0,79 €","7,90 €/Kg"
Mortadela fatiada com azeitonas,PorSi,Embalagem de 200 g,"1,05 €","6,99 €/Kg"
Capa confort plus,Vileda,1 unidade,"15,85 €","15,85 €/Unidade"
Creme abrasivo limão,Cif,Garrafa de 700 ml,"0,99 €","1,32 €/L"
Snack salmão de higiene oral diária para cão,Purina One,Embalagem de 40 g,"3,39 €","18,83 €/Kg"
Gelado carte d'or chocolate brownie,Olá,Embalagem de 900 ml,"5,49 €","6,10 €/L"
Pensos higiénicos liberty normal abas,Evax,Embalagem com 12 un.,"4,99 €","4,99 €/Unidade"
Bolachas digestive aveia e laranja,Gullon,Embalagem de 430g,"0,98 €","3,27 €/Kg"
Iogurte activia líquido 0% lima/limão,Danone,Embalagem de 4 x 155 g,"2,79 €","6,07 €/Kg"
Lambrusco tinto,Sorbello,Garrafa de 0.75 l,"2,29 €","3,05 €/L"
Tablete de chocolate amendoim,Nestle,Embalagem de 90 g,"6,50 €/Kg","6,50 €/Kg"
Gengibre desidratado,Salutem,Embalagem de 100g,"0,79 €","0,79 €/Kg"
Vassoura Simples Pluma,PorSi,unidade,"2,20 €","2,20 €/Unidade"
Adoçante em pó stevia,PorSi Viva Bem,Embalagem de 250 g,"5,99 €","23,96 €/Kg"
Detergente máquina loiça tudo em 1 limão,Sun,70 pastilhas,"2,99 €","2,99 €/Unidade"
Farelo de aveia,Salutem,Embalagem de 200g,"2,29 €","11,45 €/Kg"
Chocolate culinário,Nestle,Embalagem de 200g,"1,04 €","8,32 €/Kg"
Drageias de chocolate de leite,PorSi,200 g,"11,98 €/Kg","11,98 €/Kg"
Massa meada,PorSi,Embalagem de 500g,"0,89 €","1,78 €/Kg"
Chupa sortidos s/ açúcar,Chupachups,Embalagem de 70g,"3,40 €","28,33 €/Kg"
Cone baunilha,PorSi,embalagem 6 x 120 ml,"5,99 €","16,64 €/L"
Super Cola 3 Mini Trio Power Flex,Loctite,Embalagem de 3x1 g,"3,19 €","3,19 €/Unidade"
Pepitas choc maxi,Vahine,Embalagem de 100g,"2,99 €","6,64 €/Kg"
Cevada solúvel,PorSi,Embalagem de 200g,"0,99 €","3,96 €/Kg"
Bolacha maria oro +33% grátis,Cuetara,Embalagem de 800g,"2,11 €/Kg","2,11 €/Kg"
Atum posta ao natural,Bom petisc,Embalagem de 120 g,"0,89 €","7,42 €/Kg"
Ração para Cão Delicate rico em Salmão,Purina One,Embalagem de 800g,"1,15 €/Kg","1,15 €/Kg"
Bolachas cream cracker,PorSi,Embalagem de 600g,"0,39 €","3,12 €/Kg"
Vinho branco bag-in-box,Capataz,Embalagem de 5 l,"8,59 €","1,72 €/L"
Creme Depilatório Duche Men Peles Normais,Veet,Embalagem com 150 ml,"2,99 €","14,95 €/L"
Lustrante Pneus,PorSi,Embalagem de 1 l,"3,99 €","0,80 €/L"
Spray renova camurça preta,PorSi,Embalagem de 200 ml,"6,19 €","24,76 €/L"
Bolacha maria,Cuetara,Embalagem de 3 x 200 g + 33% grátis,"2,11 €/Kg","2,11 €/Kg"
"Vinho rosé, região península de setúbal, bag in box",Dom Campos,Garrafa de 5 l,"9,49 €","1,90 €/L"
Bombons Luxo Belga,PorSi Select,Embalagem de 200 g,"4,99 €","31,19 €/Kg"
Molho bechamel,PorSi,Embalagem de 200g,"2,14 €","7,64 €/Kg"
"Creme de rosto de noite revitalift, laser",L'oreal,Embalagem de 50 ml,"2,99 €","59,80 €/L"
Gel wc anticalcário sem lixívia,PorSi,"Garrafa de 1,5 l","3,19 €","4,25 €/L"
"Queijo light, mini",Babybel,Embalagem de 120g,"2,39 €","19,92 €/Kg"
Gomas tijolos ácidos,PorSi,Embalagem de 300 g,"1,19 €","3,97 €/Kg"
Mimosa bem especial leite e amêndoa,Mimosa,Embalagem de 1 litro,"2,19 €","2,19 €/L"
Champanhe meio seco,Delagne & Fils,"Garrafa de 0,75 l","19,99 €","26,65 €/L"
Red Fish Grande,Peixe Congelado,1 un = 500 gr (aprox.),"3,99 €/Kg","3,99 €/Kg"
Adoçante com doseador,PorSi,Embalagem de 66g,"5,99 €","23,96 €/Kg"
Topping p/saladas cebola frita,Florette,Embalagem de 70g,"3,84 €","24,00 €/Kg"
Alho moído,PorSi,Frasco com 45 g,"0,25 €","0,25 €/Kg"
Halls vita c morango sem açúcar,Halls,Embalagem de 32 g,"0,77 €","3,85 €/Kg"
Elixir Nightly Reset,Listerine,400 ml,"5,99 €","11,98 €/L"
"Inseticída, vaporizador, extra gt",Biokill,Garrafa de 380 ml,"5,09 €","8,48 €/L"
Compressas | dim.: 10 x 10 cm,PorSi,Embalagem com 100 unidades,"2,86 €","2,86 €/Unidade"
Bastão de Cola,Domédia,10 g,"1,35 €","1,35 €/Unidade"
Refrigerante com gás guaraná,Antartica,"Garrafa de 1,5 l","0,40 €/L","0,40 €/L"
Marmelada,Quinta de Jugais,Embalagem de 500g,"1,09 €","2,42 €/Kg"
Água s/ gás,Fastio,Garrafa de 1 l,"1,04 €","0,17 €/L"
Salsichão fuet caseiro peru,Elpozo,Embalagem de 150g,"0,95 €","9,49 €/Kg"
Smarties mini chocolate,SMARTIES,Embalagem de 187g,"11,98 €/Kg","11,98 €/Kg"
Leite creme,El mandari,Embalagem de 90g,"2,99 €","6,64 €/Kg"
Tablete de chocolate com avelãs inteiras sem glúten,Regina,Embalagem de 100 g,"6,50 €/Kg","6,50 €/Kg"
Vinho tinto,PorSi,embalagem de 1 litro,"1,23 €","2,19 €/L"
Spray de lavagem a seco denim,Day 2,200 ml,"2,38 €","4,67 €/Kg"
Mini tosta trigo,Diatosta,Embalagem de 90 g,"0,69 €","3,07 €/Kg"
Tablete triple chocolate,Milka,Embalagem de 90g,"5,30 €/Kg","5,30 €/Kg"
Pastéis de nata,PorSi,Embalagem de 6x60 g,"2,65 €","8,28 €/Kg"
"Pasta de arquivo, lombada estreita, azul",Domédia,1 unidade,"2,29 €","2,29 €/Unidade"
Preparo para bolo de chocolate,Branca de Neve,Embalagem de 450g,"2,99 €","6,64 €/Kg"
Detergentes máquina lavar loiça next generation,PorSi,30 pastilhas,"2,99 €","2,99 €/Unidade"
Whisky,F.grouse,Garrafa de 1 litro,"11,49 €","16,41 €/L"
"Bloco sanitário blue activ, eucalio",Sonasol,Embalagem de 50 g,"2,99 €","74,75 €/Kg"
"Inseticida max, concentrado sensitive",Dum Dum,Garrafa de 400 ml,"5,09 €","8,48 €/L"
Leite de transição 3 +10 meses,NAN,Embalagem de 800g,"20,99 €","26,24 €/Kg"
Queijo de Ovelha Curado Apimentado,PorSi,,"4,50 €","17,99 €/Kg"
Bebida de soja comcálcio,Frias,Garrafa de 1 l,"2,19 €","2,19 €/L"
Bolacha maria ruca doses,Vieira,Embalagem de 300g,"1,89 €","15,75 €/Kg"
Bolachas choco mini estrelas,Milka,Embalagem de 190g,"2,15 €","2,87 €/Kg"
Queijo fresco petits suisses  40% mg,Páturages,Embalagem 6X60G,"4,23 €/Kg","4,23 €/Kg"
Massas espirais tricolores,PorSi,Embalagem 500G,"0,89 €","1,78 €/Kg"
Mariscada,PorSi,Embalagem de 800g,"2,19 €","8,59 €/Kg"
Mistolin tira gorduras desinfetante,Mistolin,Garrafa de 550 ml,"1,79 €","2,39 €/L"
Crepe maçã e canela,PorSi,Embalagem de 540 g,"2,65 €","8,28 €/Kg"
Cera Depilatória,Veet,Embalagem de 250 ml,"6,99 €","6,99 €/Unidade"
Ice tea limão,Lipton,pack 6 x 0.25 l,"1,90 €","1,27 €/L"
Desinfetante p/ Roupa,Sanytol,embalagem com 500ml,"3,99 €","5,70 €/L"
Salsichas de porco,Nobre,Lata de 250g,"0,75 €","3,75 €/Kg"
Natas uht com cogumelos,Parmalat,Embalagem de 200 ml,"0,75 €","3,75 €/L"
Rolo de Cozinha Gigaroll Branco,Renova,1 Rolo,"4,99 €","4,99 €/Unidade"
Queijo nisa dop,Monforqj,Embalagem de 300g,"2,87 €","15,94 €/Kg"
Néctar light manga/laranja,Compal,330 ml,"0,84 €","2,55 €/L"
Vinagre de sidra pet,Paladin,Garrafa de 500 ml,"0,35 €","0,70 €/L"
Cerveja branca,E.damm,Pack 6 x 0.25 l,"1,99 €/L","1,99 €/L"
Perolas perfumadas fresh,PorSi,Embalagem de 275 g,"13,99 €","3,29 €/L"
Creme de cenoura,PorSi,Embalagem de 400 g,"1,29 €","3,23 €/Kg"
5 folhas de gelatina incolor,PorSi,Embalagem de 9 g,"0,55 €","61,11 €/Kg"
Creme de Mãos Xpress Absorv,Bioten,Embalagem de 100ML,"1,03 €","10,30 €/L"
Muesli Frutas,PorSi,500 g,"3,79 €","10,83 €/Kg"
Pudim de baunilha,PorSi,Embalagem de 90g,"0,59 €","29,50 €/Kg"
"Luvas multiusos relevo antiderrapante, tamanho peque...",PorSi,Embalagem de 1 unidades,"4,29 €","4,29 €/Unidade"
"Borracha Technic, 600",Maped,embalagem com 2 unidades,"3,09 €","3,09 €/Unidade"
Luvas descartáveis extra long p/m,Vileda,10 unidade,"4,29 €","4,29 €/Unidade"
Biscoitos de cacau,PorSi,Embalagem de 750g,"0,69 €","3,45 €/Kg"
Ambientador vela maçã e canela,PorSi,1 unidade,"11,99 €","11,99 €/Unidade"
Macchiato café arábica,PorSi,250 ml,"3,19 €","25,52 €/Kg"
Mel em frasco de vidro,Jorge v.f.,Embalagem de 500g,"4,89 €","9,78 €/Kg"
Sumo 100% fresco ananás,Paquito,Embalagem de 1 l,"1,09 €","0,73 €/L"
Champanhe bruto,Delagne & Fils,"Garrafa de 0,75 l","19,99 €","26,65 €/L"
Bebida de soja de amêndoa,Alpro,Embalagem de 1 litro,"2,49 €","2,49 €/L"
Lixívia perfumada,PorSi,Embalagem de 5 l,"2,59 €","1,30 €/L"
Fruta para bebé maçã banana aveia +6 meses,Nestle,Embalagem de 90g,"0,74 €","8,22 €/Kg"
Sumo 100% maçã e frutos vermelhos,Compal,1 litro,"1,09 €","0,73 €/L"
Muesli 3 chocolates,PorSi,500 g,"3,79 €","10,83 €/Kg"
Vassoura exterior alta,PorSi,Unidade,"2,20 €","2,20 €/Unidade"
Queijo mozzarella fatias,PorSi,Embalagem de 200 g,"1,56 €","7,80 €/Kg"
Snack cão tasty bites cheesy,Pedigree,Embalagem com 140 g,"3,39 €","18,83 €/Kg"
Nutripuffs de banana 8 meses s/ açúcar,Cerelac,Embalagem de 7g,"0,74 €","8,22 €/Kg"
Bolachas tosta rica,Cuetara,Embalagem de 570g,"1,89 €","15,75 €/Kg"
Sopa de legumes,PorSi,800 g,"1,29 €","3,23 €/Kg"
Moscatel Roxo Setúbal,Alambre,Garrafa de 750 ml,"5,99 €","7,99 €/L"
Moscatel do Douro,Selecção de Enófilos,"Garrafa de 0,75 l","5,99 €","7,99 €/L"
Bolachas digestivas go maçã,Triunfo,Embalagem de 170g,"0,98 €","3,27 €/Kg"
Sangria,Casal Garcia,Garrafa de 750 ml,"2,39 €","1,59 €/L"
Manteiga magra,Mimosa,Embalagem de 250g,"1,69 €","6,76 €/Kg"
Fio dentário fluór+menta 50m,Labell,1 unidade,"0,85 €","0,85 €/Unidade"
Queijo flamengo 0% lactose,PorSi Viva Bem,Embalagem de 150 g,"1,56 €","7,80 €/Kg"
Água mineral sem gás,Serra de Fafe,"Embalagem de 6x0,33 l","1,04 €","0,17 €/L"
Minifresh-ambientador multiusos,Abelhinha,1 unidade,"1,99 €","1,99 €/Unidade"
Pudim de ovos alsa,Alsa,Embalagem de 220g,"0,59 €","29,50 €/Kg"
Tinta plástica basic interior branca,Domédia,12 litros,"11,99 €","1,00 €/L"
Gelado magnum pint clássico,Olá,Embalagem de 440 ml,"5,49 €","6,10 €/L"
Sardinhas em azeite,PorSi,Embalagem de 120g,"0,89 €","7,42 €/Kg"
"Escova dentes, rotativa global, dura, 2 unidades",Labell,1 embalagem,"3,49 €","3,49 €/Unidade"
Gelado magnum mini double chocolate e caramelo,Olá,Embalagem de 6 x 60 ml,"5,99 €","16,64 €/L"
Sultana Preta,PorSi,Embalagem de 200g,"0,79 €","3,95 €/Kg"
Leite especial cálcio + vitamina d m/g,Mimosa,Garrafa de 1 l,"1,29 €","1,29 €/L"
Madalenas de Laranja,Brioxa,12 Unidades - Embalagem de 500 g,"2,05 €","5,13 €/Kg"
Gengibre desidratado em cubos,Cemporcent,Embalagem de 100g,"1,34 €","2,68 €/Kg"
"Coloração permanente, louro claro, nº80",Nutrisse,1 unidade,"9,49 €/Unidade","9,49 €/Unidade"
Callippo super mix,Olá,Embalagem de 5 x 105 ml,"5,99 €","16,64 €/L"
Collant opac microfibras preto 60D,PorSi,Tamanho: m,"1,89 €","1,89 €/Unidade"
Inseticida aerossol moscas. melgas e mosquitos,Baygon,Embalagem de 400 ml,"5,09 €","8,48 €/L"
Cogumelos laminados,*,Embalagem de 250g,"1,89 €","6,30 €/Kg"
Torta natas com cobertura de cacau,PorSi,Embalagem de 300g,"2,05 €","5,13 €/Kg"
Creme Muda Fralda,Baby Dove,Embalagem de 45 g,"0,59 €","5,90 €/L"
6 chamucas de carne,PorSi,Embalagem de 240g,"1,71 €","5,70 €/Kg"
Bebida energética ripper,Monster,Garrafa de 500 ml,"1,39 €","5,56 €/L"
Vassoura Especial Lisa,PorSi,unidade,"2,20 €","2,20 €/Unidade"
Lava tudo antibacteriano herbal,PorSi,Garrafa de 1.5 l,"1,89 €","1,26 €/L"
Ração para cão mini adulto nutri soft com frango,Friskies,"Embalagem de 1,4 kg","1,15 €/Kg","1,15 €/Kg"
Vermute rosso,Martini,Garrafa de 0.75 l,"4,99 €","7,13 €/L"
Sacos lixo eco 100 litros,PorSi,10 unidades,"1,79 €","1,79 €/Unidade"
Elimina odores spray,Splendor,150 ml,"5,29 €","35,27 €/L"
Maçã Fuji 70/75,Programa Origens,1 un = 150 gr (aprox.),"0,32 €","1,79 €/Kg"
"Alimento húmido para gato júnior, carne",Whiskas,Embalagem de 400g,"3,49 €","10,26 €/Kg"
Tequila,On Off,Garrafa de 70 cl,"8,99 €","14,98 €/L"
Coleira em nylon p/ cão  repelente 60cm,Repul' 7,Embalagem de 1 unidades,"19,99 €","19,99 €/Unidade"
Cogumelo branco,*,Embalagem de 300g,"1,89 €","6,30 €/Kg"
Abóbora adoçada com xarope de milho,Cemporcent,Embalagem de 240g,"3,44 €","4,71 €/Kg"
Douradinhos estaladiços,Capitão Iglo,Embalagem de 340g,"9,30 €/Kg","9,30 €/Kg"
Coca-cola zero,Coca-Cola,pack 2 x 1.75 l,"0,40 €/L","0,40 €/L"
Caras de Bacalhau,Peixe Congelado,"Vendido ao peso, 1 un = 500g (aprox.)","4,99 €","9,98 €/Kg"
Vinho tinto doc douro,Qta.cotto,Garrafa de 750 ml,"7,49 €","9,99 €/L"
Vinho do porto tawny,Cruz,"Garrafa de 0,75 l","15,99 €","21,32 €/L"
Spray limpeza casa de banho,PorSi,750 ml,"1,79 €","2,39 €/L"
Pensos diários salvaslip flexi & fresh normal,Evax,28 unidades,"1,79 €","1,79 €/Unidade"
Agrião,PorSi,Vendido ao peso,"0,75 €","2,49 €/Kg"
Café em cápsulas dolce gusto galão,Nescafe,Embalagem de 16 cápsulas,"59,82 €/Kg","59,82 €/Kg"
Pao ralado classico 200g,ESPIGA,Embalagem de 200g,"0,55 €","2,29 €/Kg"
Cone morango/baunilha,PorSi,Embalagem de 6 x 120 ml,"5,99 €","16,64 €/L"
"Cerveja com álcool, lata",Super Bock,Garrafa de 330 ml,"1,99 €/L","1,99 €/L"
Filetes de pescada,PorSi,Embalagem de 400 g,"4,39 €","10,98 €/Kg"
Iogurte grego natural açucarado sem lactose,PorSi Viva Bem,Embalagem de 240g,"0,65 €","1,30 €/Kg"
Snack Gato Anti Bolas de Pelo,PorSi,Embalagem 60 g,"0,99 €","16,50 €/Kg"
Desentupidor canos,Mr.muscle,Embalagem de 1 l,"4,89 €","6,52 €/L"
Double espresso go chill,Delta,Garrafa de 230 ml,"3,19 €","25,52 €/Kg"
Batata doce frita,PorSi,Embalagem de 150g,"1,06 €","5,73 €/Kg"
Saco de cama criança,Saurium,1 un.,"10,99 €","10,99 €/Unidade"
Mel de Rosmaninho,PorSi Select,Frasco de 250 g,"4,89 €","9,78 €/Kg"
Queijo Raclette Fatias,Páturages,Embalagem de 400 g,"1,56 €","7,80 €/Kg"
Pastilhas elásticas splash morango e lima,Trident Max,Embalagem de 66 g,"0,99 €","58,24 €/Kg"
Miolo de avelã,PorSi,Embalagem de 200 g,"0,79 €","3,95 €/Kg"
Snack para gato chezzy,Felix,Embalagem de 60g,"0,99 €","16,50 €/Kg"
Iogurte magro + gelatina framboesa,Mimosa,Embalagem de 4 x 120 g,"7,66 €/Kg","7,66 €/Kg"
Comida húmida para cão em saquetas de frango/borrego,Purina One,Embalagem de 400g,"0,75 €","2,50 €/Kg"
Camarão 60/80,Congelado de Aquicultura,1 un = 250 gr  (aprox.),"2,00 €","7,99 €/Kg"
Luvas Universal Média/Grande,Vileda,1 unidade,"4,29 €","4,29 €/Unidade"
Creme de limpeza com lixívia,PorSi,750 ml,"2,59 €","1,30 €/L"
Grão de bico,Caçarola,Embalagem de 500 g,"0,99 €","1,98 €/Kg"
Bolacha diet nature recheio creme,Gullon,Embalagem de 210g,"0,79 €","4,49 €/Kg"
Entremeada s/ Entrecosto,Porco,Vendido ao peso a partir de 1 kg,"4,89 €","4,89 €/Kg"
Aipo,Nossa seleção,Vendido ao peso,"0,89 €","17,80 €/Kg"
Gelatina limão 10kcal,Royal,Embalagem de 30g,"0,55 €","61,11 €/Kg"
Patê sardinha,La piara,Embalagem de 80g,"1,19 €","13,52 €/Kg"
Cereais cruesli chocolate,Quaker,Embalagem de 380g,"4,09 €","10,91 €/Kg"
Pedras limão/chá verde,P.salgadas,pack 4 x 0.25 l,"2,85 €","2,85 €/L"
Creme autobrilha incolor,Splendor,40 ml,"2,25 €","45,00 €/L"
Cogumelos laminados,PorSi,780 g,"1,79 €","2,29 €/Kg"
Bolachas rosquilhas,PorSi,Embalagem de 600g,"1,69 €","6,76 €/Kg"
Gel desinfetante casa de banho,Sonasol,Embalagem de 1.25 litros,"3,19 €","4,25 €/L"
"Bolachas relieve, mel e coco",PorSi,Embalagem de 700g,"3,09 €","10,30 €/Kg"
Concentrado de laranja,Sunquick,Garrafa de 700 ml,"4,89 €","6,61 €/L"
Iogurte líquido de morango,Longa vida,Embalagem de 4 x 160 g,"1,17 €","1,83 €/Kg"
Nata uht,PorSi,Embalagem de 200 ml,"0,75 €","3,75 €/L"
"Frigideira anti-aderente, 28cm",PorSi,1 unidade,"9,99 €","9,99 €/Unidade"
Escova de dentes expert white media 360º,Colgate,1 unidade,"3,49 €","3,49 €/Unidade"
Vinho verde branco alvarinho,Qm,Garrafa de 0.75 l,"3,09 €","3,09 €/L"
"Rebuçados sem açúcar, mel/limão",Halls,Embalagem de 128 g,"0,77 €","3,85 €/Kg"
Bolachas cobertura de chocolate e avelã,PorSi,Embalagem de 150g,"0,79 €","5,27 €/Kg"
Lic.amendoa amarga zimbro,Zimbro,Garrafa de 0.70L,"16,99 €","24,27 €/L"
Pizza de Atum,PorSi,Embalagem de 350 g,"2,16 €","6,17 €/Kg"
Ovos de galinha ao ar livre | Classe: M/L,Matinados,12 unidades,"2,28 €","2,28 €/Unidade"
Nectar clássico maracujá,Compal,Garrafa de 1 l,"1,09 €","0,73 €/L"
10 saquetas infusão de cidreira,Lipton,Embalagem de 20g,"0,99 €","76,15 €/Kg"
Coentro Molho Programa Origens,PorSi,Embalagem de 50g,"0,89 €","17,80 €/Kg"
Lava tudo limão verde,Cif,"Garrafa de 1,4 l","1,89 €","1,26 €/L"
Caderno Agrafado Capa Preta |A5 Pautado,Domédia,1 unidade,"3,69 €","3,69 €/Unidade"
Leite magro em pó,Páturages,Embalagem de 300 g,"2,79 €","9,30 €/Kg"
Atum posta em óleo,Ramirez,Embalagem de 120g,"0,89 €","7,42 €/Kg"
All bran plus,Kellogg's,Embalagem de 500g,"1,49 €","2,98 €/Kg"
Queijo de cabra com azeite&oregãos,Palhais,Embalagem de 130 g,"1,89 €","10,50 €/Kg"
Refrigerante c/ gás,Coca-Cola,pack 6 x 0.33 l,"0,40 €/L","0,40 €/L"
Anticalcário,Viakal,Embalagem de 500 ml,"0,99 €","1,32 €/L"
Gogo SqueeZ Snack Maçã e Manga,Gogo,Embalagem de 4 x 90g,"2,29 €","6,94 €/L"
Actimel morango,Danone,Embalagem de 6 x 100g,"4,15 €/Kg","4,15 €/Kg"
Petit gâteau chocolate negro belga,PorSi,Embalagem com 4 unidades,"2,65 €","8,28 €/Kg"
Néctar light manga/laranja,Compal,Garrafa de 200 ml,"0,99 €","0,99 €/L"
Iogurte líquido morango,PorSi,Embalagem de 8x160 ml,"1,17 €","1,83 €/Kg"
Chouriço com feijão,Nobre,Embalagem de 420g,"2,35 €","5,60 €/Kg"
"Leite uht, gordo",Serraleite,Embalagem de 1 l,"0,94 €","0,94 €/L"
"Vela em número,  nº 0",PorSi,1 unidade,"0,60 €","0,60 €/Unidade"
"Alimento seco para gato adulto, bio complex, frango ...",HappyOne,Embalagem de 2 kg,"12,99 €","4,33 €/Kg"
"Pasta dentífrica, tripla ação",Labell,Embalagem de 75 ml,"2,29 €","38,17 €/L"
Limpa madeiras com sabão,PorSi,1.5 litros,"4,39 €","14,63 €/L"
Bebida solúvel cereais+fibra frasco 200g,Delta,Embalagem de 200g,"14,50 €/Kg","14,50 €/Kg"
30 cápsulas super rendimento,PLANTANATU,Embalagem de 1 unidades,"7,59 €","126,50 €/Kg"
Batata chef gourmet,MCCAIN,Embalagem de 500 g,"1,39 €","1,39 €/Kg"
Tomate em pedaços,Guloso,Embalagem de 390g,"3,84 €","24,00 €/Kg"
Café moagem universal angola,Delta,Embalagem de 220g,"9,76 €/Kg","9,76 €/Kg"
Alimento seco para gato de salmão,HappyOne,Embalagem de 2 kg,"12,99 €","4,33 €/Kg"
Whisky Swing,Johnnie Walker,"Garrafa de 0,70 l","23,99 €","34,27 €/L"
Toucinho do céu,PorSi,Embalagem de 2x100 g,"0,55 €","2,75 €/Kg"
Chá preto com aroma natural e vitamina C,Lipton,Embalagem de 40g,"41,67 €/Kg","41,67 €/Kg"
Champô Limão & Argila,Ultra Suave,Embalagem de 400 ml,"5,59 €","13,98 €/L"
Vinho branco,PorSi,Bag-in-box de 5 litros,"1,23 €","2,19 €/L"
Pizza 4 estações,PorSi,Embalagem de 350g,"2,16 €","6,17 €/Kg"
Vinho do porto lágrima tinto,Ramos Pinto,"Garrafa de 0,75L","15,99 €","21,32 €/L"
Iogurte liquido sem lactose morango e banana,PorSi Viva Bem,Embalagem de 4 x 160 g,"2,79 €","6,07 €/Kg"
8 rissóis de camarão,PorSi,Embalagem de 300g,"1,71 €","5,70 €/Kg"
Corn flakes saco,PorSi,Embalagem de 500g,"1,49 €","2,98 €/Kg"
Ice tea de limão,PorSi,Embalagem de 2 l,"1,90 €","1,27 €/L"
Brandy,ON/OFF,Garrafa de 700 ml,"11,99 €","17,13 €/L"
Recarga mopa,PorSi,1 unidade,"0,89 €","0,89 €/Unidade"
"Bloco sanitário azul, recarga",WC Pato,Embalagem de 2x40 g,"2,99 €","74,75 €/Kg"
Ração seca mix para cão adulto,PorSi,Embalagem de 20 kg,"1,15 €/Kg","1,15 €/Kg"
Cereais petalas chocolate,PorSi,Embalagem de 625g,"5,07 €/Kg","5,07 €/Kg"
Formas de alumínio 950 ml,PorSi,5 unidades,"0,89 €","0,89 €/Unidade"
Caixa de arrumação reciclada,PorSi,40 litros,"5,24 €","5,24 €/Unidade"
Bolacha tostada,PorSi,Embalagem de 800g,"2,11 €/Kg","2,11 €/Kg"
Azeite virgem extra seleção,PorSi,Garrafa de 750 ml,"3,19 €","4,25 €/L"
Tablete de chocolate leite/amêndoa,Nestle,Embalagem de 120g,"6,50 €/Kg","6,50 €/Kg"
Spray Limpa Cockpit,Redex,Embalagem de 600 ml + oferta pano micro-fibra,"3,99 €","0,80 €/L"
Mopa attractive plus completa,Vileda,Embalagem de 1 unidades,"2,20 €","2,20 €/Unidade"
Manteiga la motte sal do mar,President,Embalagem de 250 g,"1,69 €","6,76 €/Kg"
Bolacha infantil dinossaurus mini dino chocolate,Artiach,Embalagem de 120g,"1,89 €","15,75 €/Kg"
"Sumo 100%, tutti-frutti",PorSi,Embalagem de 3 x 200 ml,"1,09 €","0,73 €/L"
Inseticida Eléctrico Night & Day,Raid,1 Difusor + 1 Recarga,"7,69 €","7,69 €/Unidade"
Sumo essencial manga,Compal,pack 3 x 0.11 l,"2,29 €","6,94 €/L"
Manteiga amendoim cremosa,PorSi,Embalagem de 340g,"4,19 €","12,32 €/Kg"
Infusão lúcia lima,PorSi,Embalagem de 35 g,"0,99 €","76,15 €/Kg"
Café solúvel + cereais,Delta,Embalagem de 200 g,"14,50 €/Kg","14,50 €/Kg"
Lombos de pescada,PorSi,Embalagem de 400 g,"4,39 €","10,98 €/Kg"
Escova dentífrica infantil bambu,Colgate,1 unidade,"0,99 €","0,99 €/Unidade"
Leite uht gordo,Mimosa,Embalagem de 1 litro,"0,94 €","0,94 €/L"
Lava Tudo Flores Montanha,Sonasol,1.3 l,"1,89 €","1,26 €/L"
Posso ser,Barbie,1 unidade,"22,99 €","22,99 €/Unidade"
Mirtilos 100% Naturais,PorSi,Embalagem de 250 g,"4,99 €","9,98 €/Kg"
Molho de soja c/ dispensador redução sal,KIKKOMAN,150 ml,"3,99 €","26,60 €/L"
"Bebida láctea crescimento 1-3 anos, cereais",Nestle,Embalagem de 1 litro,"0,26 €","1,30 €/L"
Chouriço cebola beiras,PorSi,Embalagem de 300g,"1,22 €","6,78 €/Kg"
Vela em número nº9,PorSi,1 unidade,"0,60 €","0,60 €/Unidade"
Creme anti-rugas de dia revitalift,L'oreal,Embalagem de 50 ml,"2,99 €","59,80 €/L"
Preparado para crepes,Branca de Neve,Embalagem de 380g,"2,99 €","6,64 €/Kg"
Vinho verde branco loureiro,Q.REGAINHO,Garrafa de 0.75 l,"1,59 €","2,12 €/L"
"Fiambre extra, fatias finas",PorSi,Embalagem de 150 g,"0,97 €","6,49 €/Kg"
Mix pimentos 3 cores,Legumes do dia,Embalagem de 500 g,"2,59 €","5,18 €/Kg"
Alho moído,PorSi,Saqueta de 50 g,"0,25 €","0,25 €/Kg"
Leite c/ Chocolate,Agros,Embalagem de 4 x 200 ml,"0,26 €","1,30 €/L"
Pá económica,PorSi,1 unidade,"2,20 €","2,20 €/Unidade"
Sumo 100% tomate,PorSi,Embalagem de 1.5 l,"1,09 €","0,73 €/L"
Néctar light de manga/laranja prism,PorSi,Embalagem de 1 l,"0,84 €","2,55 €/L"
Lambrusco rose,*,Garrafa de 750 ml,"6,89 €","9,19 €/L"
Salsichas de aves,Nobre,Lata de 200 g,"0,75 €","3,75 €/Kg"
"Cerveja sem álcool, preta",Super Bock,pack 6 x 0.33 l,"5,99 €","3,03 €/L"
Acetona perfumada com doseador,PorSi,Embalagem de 200 ml,"1,89 €","9,45 €/L"
Detergente líquido Ultra Concentrado Loiça Platinium...,PorSi,Embalagem de 500 ml,"0,89 €","0,89 €/L"
Anti-humidade + 3 recargas,HUMYDRY,1 embalagem,"6,99 €","6,99 €/Unidade"
Lâmina depilatória descartável lady com cabeça oscil...,Labell,1 embalagem - 6 unidades,"12,99 €","12,99 €/Unidade"
Tosta rica mini go,Cuetara,Embalagem de 240g,"1,89 €","15,75 €/Kg"
Cubos gengibre (para mastigar),Cemporcent,Embalagem de 100g,"1,34 €","2,68 €/Kg"
Queijo em fatias,Terra Nostra,Embalagem de 400g,"1,56 €","7,80 €/Kg"
Azeite virgem extra seleção,PorSi,Garrafa de 250 ml,"3,19 €","4,25 €/L"
Bolachas shortcake,PorSi,Embalagem de 233 g,"1,69 €","6,76 €/Kg"
"Refrigerante com gás cola zero sem cafeína, mini lat...",Coca-Cola,pack 12 x 0.15 l,"0,40 €/L","0,40 €/L"
Alho picado,PorSi,Embalagem de 100 g,"4,99 €","9,98 €/Kg"
Líquido wc duraguard pinho da montanha,Harpic,Garrafa de 750 ml,"1,79 €","2,39 €/L"
Bicarbonato de sódio,PorSi,Embalagem de 500 g,"1,79 €","2,39 €/L"
Comida húmida para cão de vaca e frango,PorSi,Lata de 400 g,"0,75 €","2,50 €/Kg"
Aperitivos  fritos,Fritos,Embalagem 130G,"0,79 €","7,90 €/Kg"
Vinho regional tejo 3 castas branco,Fiuza,Garrafa de 750 ml,"3,99 €","5,32 €/L"
"Limpa móveis pistola, multissuperfícies",Pronto,Embalagem de 500 ml,"1,19 €","0,79 €/L"
"Abacaxi ""Avião""",Fruta da Época,"Vendido ao peso, 1 un=1.5 kg aprox.","1,88 €","1,25 €/Kg"
Snack gato salmao,PorSi,Embalagem de 60g,"0,99 €","16,50 €/Kg"
Bolachas cream cracker doses individuais,Vieira,Embalagem de 180g,"0,39 €","3,12 €/Kg"
Escova para calçado,Sonaf,1 unidade,"5,29 €","35,27 €/L"
Pellets madeira,Nova lenha,Embalagem de 15kg,"10,99 €","0,73 €/Kg"
"Sacos para sandes, 100 unidades",PorSi,1 embalagem,"1,11 €","1,11 €/Unidade"
"Bolacha belvita soft brakes, cereais",Belvita,Embalagem de 250g,"0,98 €","3,27 €/Kg"
Nestle scm regular tubo 12x pt,Nestle,Embalagem de 450g,"1,09 €","2,75 €/Kg"
Bacalhau com broa,PorSi Select,350 g,"1,91 €","4,78 €/Kg"
Pasta dentífrica,Couto,Embalagem de 60 ml,"2,29 €","38,17 €/L"
Cerveja com álcool,Super Bock,Garrafa de 1 l,"1,99 €/L","1,99 €/L"
Gogo SqueeZ Snack Banana,Gogo,Embalagem de 4 x 90g,"2,29 €","6,94 €/L"
Multi-usos,Wd40,Embalagem de 250 ml + 40 ml grátis,"41,99 €","8,40 €/L"
Lamina Descartáveis Platina,Labell,Pack 10 unidades,"1,16 €","4,64 €/L"
Azeite Subtil,Gallo,Garrafa de 2 l,"3,19 €","4,25 €/L"
Café moagem universal portugal,Delta,Embalagem de 250g,"9,76 €/Kg","9,76 €/Kg"
Nata uht para bater,Parmalat,Embalagem de 200 ml,"0,75 €","3,75 €/L"
Grelhador liso anti-aderente 26 cm,PorSi,Unidade 1,"15,99 €","15,99 €/Unidade"
Arroz Thai Jasmim,PorSi,1 kg,"0,99 €/Kg","0,99 €/Kg"
vinho do Porto Ruby,Velhotes,"garrafa de 0,75 l","6,65 €/L","6,65 €/L"
Frutapura maçã e banana,Bledina,Embalagem de 85g,"2,29 €","6,94 €/L"
Bolacha torrada com canela,PorSi,Embalagem de 2 x 250 g,"2,11 €/Kg","2,11 €/Kg"
Queijo Curado,Ilha Azul,Vendido ao peso a partir de 250 gr,"2,42 €","9,69 €/Kg"
Vinho tinto península de setúbal,Pioneiro,Garrafa de 0.75 l,"8,59 €","11,45 €/L"
"Sangria tinta, bag in the box",Leziria,Garrafa de 5 l,"2,39 €","1,59 €/L"
Lixívia Denso-Activa Harmonias Florais p/ Casa e Rou...,Neoblanc,Embalagem de 2 l,"1,74 €","0,35 €/L"
Galão enriquecido com cálcio,Ucal,Embalagem de 600 ml,"2,15 €","9,77 €/L"
Colheres de Sopa transparentes,Progelcone,1 Embalagem com 20 uni.,"0,89 €","0,89 €/Unidade"
Esferográfica 4 Cores Multi-Function,Bic,1 un.,"2,69 €","2,69 €/Unidade"
Queijo de cabra curado,PorSi,Embalagem de 2x100 g,"1,89 €","10,50 €/Kg"
Lambrusco bianco,*,Garrafa de 750 ml,"2,29 €","3,05 €/L"
40 filtros café número 4,Planteur,Embalagem com 40 filtros,"0,80 €","0,80 €/Unidade"
Chá Aromatizado Pirâmide Oriente/Canela,PorSi,20 x 2 g,"58,44 €/Kg","58,44 €/Kg"
Néctar clássico tutti-frutti,Compal,330 ml,"0,99 €","0,99 €/L"
Flocos de aveia finos integrais,Cemporcent,Embalagem de 400g,"0,69 €","1,73 €/Kg"
Discos de algodão para bebé,PorSi,60 unidades,"5,99 €","5,99 €/Unidade"
"Refrigerante sem gás, maracujá e la",Joi,"Garrafa de 1,5 l","1,90 €","1,27 €/L"
"Escova dentes, proteção global suave, 2 unidades",Labell,1 embalagem,"3,49 €","3,49 €/Unidade"
Bandas de Cera Depilatória Facial,Veet,Embalagem de 20 unidades,"6,99 €","6,99 €/Unidade"
Pringles original,Pringles,Embalagem de 175g,"1,06 €","5,73 €/Kg"
Bolachas shortcake cacau,PorSi,Embalagem de 185 g,"1,69 €","6,76 €/Kg"
Sortido bolacha princesa,Vieira,Embalagem de 400g,"6,83 €/Kg","6,83 €/Kg"
Água s/ gás,S.estrela,"Pack 6 x 0,50 l","1,04 €","0,17 €/L"
Piaçaba com suporte,PorSi,1 unidade,"2,99 €","6,64 €/Kg"
Reparador de móveis normal,PorSi,Embalagem de 200 ml,"4,39 €","14,63 €/L"
Tomate triturado,Compal,Embalagem de 500g,"3,84 €","24,00 €/Kg"
Iogurte líquido laranja,Danone,Embalagem de 6 x 100 g,"4,15 €/Kg","4,15 €/Kg"
Pectina,Condi,Embalagem de 25g,"2,04 €","81,60 €/Kg"
Bolachas maria,PorSi,Embalagem de 800g,"2,11 €/Kg","2,11 €/Kg"
Limpa fornos,PorSi,500 ml,"1,79 €","2,39 €/L"
Snack de higiene oral diária para cão pequeno,Purina One,Embalagem de 115 g,"3,39 €","18,83 €/Kg"
Concentrado laranja e pêssego,Sunquick,Garrafa de 580 ml,"4,89 €","6,61 €/L"
Vinho Regional Lisboa Reserva Branco,Marginal,Garrafa de 0.75 l,"3,99 €","5,32 €/L"
Rolo de cozinha mega,PorSi,1 rolo,"4,99 €","4,99 €/Unidade"
Sacos para congelar zip & go 1 litro,Vileda,15 unidades,"1,11 €","1,11 €/Unidade"
Toalhita Azul,Dodot,Embalagem c/ Tampa | 64 un.,"1,09 €/Unidade","1,09 €/Unidade"
"Cobertura tipo chantilly, 2x38g",PorSi,Embalagem de 80g,"1,29 €","3,23 €/Kg"
Óleo Performa C3 5W40 Sintético,Galp,Embalagem de 1 l,"41,99 €","8,40 €/L"
Salsicha para cão de frango e fígado de vaca,PorSi,1 kg,"3,39 €","18,83 €/Kg"
Flakes,Cuetara,Embalagem de 500g,"5,07 €/Kg","5,07 €/Kg"
Massa fettuccine,PorSi,Embalagem de 500g,"0,89 €","1,78 €/Kg"
"Jogo de Viagem, Batalha Naval",Hasbro,,"6,99 €","6,99 €/Unidade"
"Infusãoo mirtilo/acai, 20 saquetas",Tetley,Embalagem de 40g,"0,99 €","76,15 €/Kg"
Orégãos em folha,PorSi,Embalagem de 10g,"0,25 €","0,25 €/Kg"
Caramelo líquido,PorSi,Embalagem de 400g,"1,29 €","3,23 €/Kg"
Chouriço corrente,PorSi,Embalagem de 200 g,"1,22 €","6,78 €/Kg"
Bicarbonato de sódio,Globo,Embalagem de 230g,"1,89 €","17,18 €/Kg"
Porto 10 anos,Velhotes,Garrafa de 0.75 l,"10,99 €","14,65 €/L"
Iogurte pedaços frutas variadas,PorSi,Embalagem de 16 x 125 g,"4,36 €","2,18 €/Kg"
Spray limpa inox,Cif,Garrafa de 440 ml,"1,79 €","2,39 €/L"
Ração para cão com frango,Friskies,Embalagem de 4kg,"1,15 €/Kg","1,15 €/Kg"
Refrigerante de lima-limão,Seven-up,"Garrafa de 1,25 l","0,40 €/L","0,40 €/L"
Leite pastagem uht terra nostra inteiro,Terra Nostra,Garrafa de 1 l,"1,09 €","1,09 €/L"
Bebida de Soja Baunilha,PorSi Viva Bem,1 l,"2,49 €","2,49 €/L"
Vinho maduro branco,C.da eira,Garrafa de 1 l,"1,23 €","2,19 €/L"
Biscoitos integrais aveia e manteiga de amendoim,PorSi Viva Bem,Embalagem de 150g,"1,45 €","11,15 €/Kg"
Desinfetante álcool gel,PorSi,100 ml,"5,24 €","5,24 €/Unidade"
Iogurte mix-in chocapic,Nestle,Embalagem de 2 x 118 g,"4,23 €/Kg","4,23 €/Kg"
Bolacha vitalday frutos vermelhos,Gullon,Embalagem de 240g,"3,09 €","10,30 €/Kg"
Sumo concentrado de laranja/maracujá,GUD,Garrafa de 740 ml,"4,89 €","6,61 €/L"
Sardinha em azeite,PorSi Select,Lata de 120 g,"0,89 €","7,42 €/Kg"
Cerveja c/ álcool,Heineken,"Embalagem de 6x0,25 l","1,99 €/L","1,99 €/L"
Azeite virgem extra seleção ouro,Oliveira da Serra,Garrafa de 750 ml,"3,19 €","4,25 €/L"
Cerveja c/ álcool branca,Franziskan,Garrafa de 500 ml,"1,99 €/L","1,99 €/L"
Recarga mopa Descartável,Vileda,Pack 24 + 6 Grátis,"0,89 €","0,89 €/Unidade"
Bolachas waffers nice baunilha,Dailidoce,Embalagem de 250g,"0,98 €","4,67 €/Kg"
Jogo de Viagem Conecta 4,Hasbro,,"6,99 €","6,99 €/Unidade"
Queijo limiano amanteigado vaca e ovelha sem casca o...,Limiano,Embalagem de 450g,"25,45 €/Kg","25,45 €/Kg"
Cereais golden e crispy,PorSi,Embalagem de 375 g,"5,07 €/Kg","5,07 €/Kg"
Cuecas Incontinência Maxi Grande,Lindor,Embalagem com 14 un.,"9,99 €","9,99 €/Unidade"
Gogo SqueeZ Snack Maçã e Pera,Gogo,Embalagem de 4 x 90g,"2,29 €","6,94 €/L"
Azeite Virgem Extra Planícies do Sul,Gallo,Garrafa de 0.75 l,"3,19 €","4,25 €/L"
Alcahfora plus,Forma+,Garrafa de 500 ml,"13,90 €","19,86 €/Kg"
Queijo de cabra curado rolo,PorSi,Embalagem de 180 g,"1,89 €","10,50 €/Kg"
Arroz carolino vaporizado,Cacarola,Embalagem de 1 kg,"0,99 €/Kg","0,99 €/Kg"
Esparguete Clássica,Nacional,Embalagem de 500 g,"0,89 €","1,78 €/Kg"
Batido diet iogurte e ananás,Forma+s,Embalagem de 700g,"13,90 €","19,86 €/Kg"
Casa mateus temporada - morango   6x350g,Casa de Mateus,Embalagem de 350g,"3,59 €","10,26 €/Kg"
Alface Roxa,Legumes do Dia,1 un= 400 g (aprox.),"0,88 €","2,19 €/Kg"
Discoveries cappuccino,STARBUCKS,Embalagem de 220 ml,"3,19 €","25,52 €/Kg"
Bocadelia atum,La piara,Embalagem de 180g,"0,89 €","7,42 €/Kg"
Toalhetes Íntimos Suaves,Corine de Farme,Embalagem com 10 un.,"2,89 €","2,89 €/Unidade"
Nata uht ligeira,Páturages,Embalagem de 2X250ML,"0,75 €","3,75 €/L"
Milho para pipocas,Globo,Embalagem de 400g,"0,79 €","7,90 €/Kg"
Néctar de laranja do algarve,Compal,Garrafa de 200 ml,"0,99 €","0,99 €/L"
Linhaça dourada e moída,Cemporcent,Embalagem de 200g,"2,29 €","11,45 €/Kg"
Batata frita caseira,PorSi,Embalagem de 500g,"0,87 €","5,44 €/Kg"
Cerveja c/ álcool,Super Bock,pack 24 x 0.33 l,"1,99 €/L","1,99 €/L"
Tempero para Frangos Ervas Aromáticas,PorSi,34 g,"3,84 €","24,00 €/Kg"
Bombons praliné amêndoa,PorSi Select,100 g,"4,99 €","31,19 €/Kg"
Camisola segunda pele 30D branco t. único,PorSi,1 unidade,"4,69 €","4,69 €/Unidade"
Café gold colômbia frasco,Nescafe,Embalagem de 100 g,"14,50 €/Kg","14,50 €/Kg"
Vinho regional lisboa reserva tinto,Marginal,Garrafa de 0.75 l,"3,99 €","5,32 €/L"
Cornflakes sem açúcar,Cemporcent,Embalagem de 250g,"0,69 €","1,73 €/Kg"
Esparguete integral,Cemporcent,Embalagem de 500g,"1,34 €","2,68 €/Kg"
Sacos lixo eco com atilho 50 litros,PorSi,15 unidades,"1,79 €","1,79 €/Unidade"
Batata Roxa Nova Granel,Legumes do Dia,1 un = 250 gr  (aprox.),"1,29 €/Kg","1,29 €/Kg"
Adoçante recarga,Canderel,Embalagem de 40g,"5,99 €","23,96 €/Kg"
Massa esparguete,Milaneza,Embalagem de 500g,"0,89 €","1,78 €/Kg"
Abrasivo sanitário pinho e eucalipto,PorSi,embalagem de 1 litro,"0,99 €","1,32 €/L"
Bebida de cereais e café mokambo intenso,Nestle,Embalagem de 180g,"0,99 €","3,96 €/Kg"
Café em cápsulas deqafeitatus,Delta Q,Embalagem de 55 g,"59,82 €/Kg","59,82 €/Kg"
Aguardente bagaceira,Dinastia,"Garrafa de 0,70 l","12,79 €","18,27 €/L"
Café 5 estrelas grão,Sical,Embalagem de 1 kg,"9,16 €/Kg","9,16 €/Kg"
Chá verde,Tetley,Embalagem de 20g,"85,00 €/Kg","85,00 €/Kg"
Iogurte com Cereais Activia,Danone,Embalagem 4x115g,"2,79 €","6,07 €/Kg"
Palitos redondos,PorSi,Embalagem de 250 unidades,"1,50 €","1,50 €/Unidade"
Cereais crunch 375g,Nestle,Embalagem de 380g,"5,07 €/Kg","5,07 €/Kg"
"Hamburguers de vaca, 4x80g",PorSi,Embalagem de 320 g,"2,79 €","8,72 €/Kg"
Ananás em rodelas lata,PorSi,Embalagem de 820g,"1,99 €","2,37 €/Kg"
Princesas do mar,PorSi,Embalagem de 255 g,"2,19 €","8,59 €/Kg"
Creme autobrilhante castanho,Splendor,40 ml,"2,25 €","45,00 €/L"
Máquina Depilatória Descartável 3 Sensitive,Bic,Embalagem com 4+2 unidades,"12,99 €","12,99 €/Unidade"
Rolo de Cozinha Branco Eco Compacto,PorSi,2 = 6 Rolos,"4,99 €","4,99 €/Unidade"
Máscara tesouros de mel,Garnier,Embalagem de 300 ml,"1,00 €","5,00 €/L"
Pastel de Nata,PorSi,60G,"0,30 €/Unidade","0,30 €/Unidade"
Croissant simples,PorSi,Embalagem de 400g,"2,05 €","5,13 €/Kg"
Snack para cão deli mix,Friskies,Embalagem de 500g,"3,39 €","18,83 €/Kg"
Cerveja c/ álcool radler,Sagres,pack 6 x 0.33 l,"1,59 €","3,18 €/L"
"Escova dentífrica infantil, minions, + 6 anos",Colgate,1 + 1 unidade grátis,"0,99 €","0,99 €/Unidade"
Prince biscuit-sandwich chocolate chocolate r,PRINCE,Embalagem de 300g,"2,15 €","2,87 €/Kg"
Ambientador auto pinho,PorSi,1 unidade,"3,49 €","3,49 €/Unidade"
Infusão cavalinha,Cemporcent,Embalagem de 10 unidades,"0,99 €","76,15 €/Kg"
Queijo curado de cabra,Seia,Embalagem de 250g,"1,89 €","10,50 €/Kg"
Queijo flamengo barra,PorSi,"Vendido ao peso, fatiado a partir de 100 gr","1,56 €","7,80 €/Kg"
"Cereais special k, frutos vermelhos",Kellogg's,Embalagem de 300g,"5,59 €","8,87 €/Kg"
Cubos pão trigo tostado,PorSi,Embalagem de 150g,"0,69 €","3,07 €/Kg"
Gelatina de laranja,PorSi,Embalagem de 170g,"0,55 €","61,11 €/Kg"
Whisky,J&B,Garrafa de 700 ml,"11,49 €","16,41 €/L"
"Ambientador spray, aerosol, relax zen",Glade,Embalagem de 300 ml,"0,99 €","3,30 €/L"
Sabonete Líquido Sensitive,Dettol,Embalagem de 250 ml,"1,19 €","3,97 €/L"
Café solúvel gold,PorSi Select,Embalagem 100G,"14,50 €/Kg","14,50 €/Kg"
Queijo são jorge dop,PorSi Select,Embalagem de 400g,"2,42 €","9,69 €/Kg"
Doce de frutos do bosque com frutose,Salutem,Embalagem de 330g,"3,44 €","4,71 €/Kg"
Colchão Insuflável p/2 Pessoas,Bestway,1 un.,"9,99 €","9,99 €/Unidade"
Alimento lácteo alperce +6 meses,Yogolino,Embalagem de 4 x 100 g,"2,89 €","7,23 €/Kg"
Café nyeri quénia moagem universal,Sical,Embalagem de 220g,"9,76 €/Kg","9,76 €/Kg"
Tablete de chocolate leite com avelã,PorSi Select,200 g,"6,50 €/Kg","6,50 €/Kg"
Posta Tradicional 9 Meses Cura,Riberalves,Embalagem de 550 g,"4,99 €","9,98 €/Kg"
Chá solúvel alívio respiratório,Cemporcent,Embalagem de 50g,"58,44 €/Kg","58,44 €/Kg"
Bolachas de manteiga,PorSi,Embalagem de 200 g,"1,69 €","6,76 €/Kg"
"Sagres preta gfa 0,33l tr",Sagres,Garrafa de 330 ml,"1,99 €/L","1,99 €/L"
Spray wc active clean citrus & waterlilly,Ambipur,750 ml,"1,79 €","2,39 €/L"
Batata pré-frita palito,PorSi,"Embalagem de 2,5 kg","1,39 €","1,39 €/Kg"
Pastilhas de Limpeza Aparelho Dentário,Polident,Embalagem com 30 unidades,"7,39 €","105,57 €/Kg"
Gressinos com sésamo,PorSi,Embalagem de 250 g,"0,69 €","3,07 €/Kg"
Whisky Malt c/ Tubo,Glen Crinan,Garrafa de 0.70 l,"11,49 €","16,41 €/L"
Queijo emmental ralado,PorSi,Embalagem de 200 g,"7,45 €/Kg","7,45 €/Kg"
Perolas perfumadas floral,PorSi,Embalagem de 275 g,"13,99 €","3,29 €/L"
Tablete de chocolate extra fina leite/avelã,Nestle,Embalagem de 120g,"6,50 €/Kg","6,50 €/Kg"
Queijo Flamengo em Barra,Terra Nostra,1 un = 150 gr (aprox.),"1,56 €","7,80 €/Kg"
Bicarbonato sodio fr.250g,Vahine,Embalagem de 250g,"1,89 €","17,18 €/Kg"
Batatas mediterrâneas originais,Lay's,Embalagem de 150g,"1,06 €","5,73 €/Kg"
Infusão de camomila,Tetley,Embalagem de 10g,"0,99 €","76,15 €/Kg"
Vinagre de vinho branco envelhecido,PorSi,Garrafa 250ML,"0,35 €","0,70 €/L"
Infusão de frutos vermelhos,Tetley,Embalagem de 20g,"44,50 €/Kg","44,50 €/Kg"
Fusion Cola,Faisão,Garrafa de 0.75 l,"2,39 €","1,59 €/L"
Delta chicória + cafe soluvel lata,Delta,Embalagem de 250g,"14,50 €/Kg","14,50 €/Kg"
Sumo 100% ananás e uva,PorSi,1.5 l,"1,09 €","0,73 €/L"
Batata doce para fritar,PorSi,Embalagem de 600g,"1,39 €","1,39 €/Kg"
Gomas ositos de oro,Haribo,Embalagem de 100g,"1,19 €","3,97 €/Kg"
Tomate pedaços biológico,Guloso,Embalagem de 390g,"3,84 €","24,00 €/Kg"
Tablete de chocolate de preto,Nestle,Embalagem de 90g,"0,99 €","4,95 €/Kg"
Sal marinho integral,Cemporcent,Embalagem de 1 kg,"0,79 €","0,79 €/Kg"
Papel higiénico 2 folhas,PorSi,32 rolos,"1,99 €","1,99 €/Unidade"
Pensos banda,PorSi,100 x 6 cm,"2,86 €","2,86 €/Unidade"
Comida húmida para gato indoor em molho com atum,Purina One,Embalagem de 340g,"3,49 €","10,26 €/Kg"
Esferográfica cristal bl 5 az,Bic,1 unidade,"2,69 €","2,69 €/Unidade"
Limpa injetores gasolina,PorSi,Embalagem de 250 ml,"41,99 €","8,40 €/L"
Cereais fitness,Nestle,Embalagem de 640 g + 320 g grátis,"5,59 €","8,87 €/Kg"
"Argolas, brancas, autocolante, 160 unidades, 13 mm",Domédia,1 embalagem,"5,99 €","5,99 €/Unidade"
Crocantes frango parmesão e ervas,Iglo,Embalagem de 180g,"9,30 €/Kg","9,30 €/Kg"
Vermute Vibrante sem Álcool,Martini,Garrafa de 750 ml,"8,99 €","14,98 €/L"
Escova de Dentes Júnior,Aquafresh,1 unidade,"0,99 €","0,99 €/Unidade"
Cerveja preta 0.0%,Sagres,Lata de 330 ml,"5,99 €","3,03 €/L"
Doce de framboesa,ST.DALFOUR,Frasco de 284g,"2,19 €","9,95 €/Kg"
Alimento lácteo pera +6 meses,Yogolino,Embalagem de 4 x 100 g,"2,89 €","7,23 €/Kg"
Queijo Flamengo Fatias,PorSi,Embalagem 500G,"1,56 €","7,80 €/Kg"
Concentrado maracujá mix,Sunquick,Garrafa de 580 ml,"4,89 €","6,61 €/L"
Bebida arroz bio,PorSi Bio,Embalagem de 1 litro,"1,59 €","1,59 €/L"
Bolachas digestive muesli,Gullon,Embalagem de 370g,"1,45 €","11,15 €/Kg"
Naperon redondo 35 cm,PorSi,Embalagem com 6 unidades,"0,89 €","0,89 €/Unidade"
Feijão preto,PorSi,Embalagem de 500g,"0,95 €","1,90 €/Kg"
Batata frita camponesa,PorSi,Embalagem de 175 g,"1,19 €","6,43 €/Kg"
Máquina de barbear descartável,Gillette,Embalagem com 4+1 unidades,"1,16 €","4,64 €/L"
Bacalhau Postas,Riberalves,1 Embalagem 800G,"4,99 €","9,98 €/Kg"
Presunto S/Osso,Pata branca,"Vendido ao peso, fatiado a partir de 200 g","1,27 €","12,69 €/Kg"
Cebola Embalada,Nossa seleção,Embalagem de 1Kg (aprox.),"1,29 €/Kg","1,29 €/Kg"
Bolacha cracker integral,Cuetara,Embalagem de 200g,"0,39 €","3,12 €/Kg"
Bolachas de água e sal,PorSi,Embalagem de 125g,"0,39 €","3,12 €/Kg"
Milho doce,Bonduelle,Embalagem de 150 g,"1,79 €","2,29 €/Kg"
Posta de bacalhau do atlântico,Pescanova,Embalagem de 700 g,"4,99 €","9,98 €/Kg"
Pensos Higiénicos Cottonlike Super Com Abas,Evax,12 unidades,"4,99 €","4,99 €/Unidade"
Dentifríco splash morango,Aquafresh,Embalagem de 75 ml,"0,99 €","0,99 €/Unidade"
Farinha láctea,PorSi,Embalagem de 1 kg,"4,49 €","4,49 €/Kg"
Vinho branco doce regional península de setúbal,Q.camarate,Garrafa de 750 ml,"8,59 €","11,45 €/L"
Bloco sanitário blue activ higiene,Sonasol,Embalagem de 50 g,"2,99 €","74,75 €/Kg"
Moscatel de setúbal,Adega de Palmela,Garrafa de 750 ml,"5,99 €","7,99 €/L"
Chouriço fatiado,Campofrio,Embalagem de 80g,"1,22 €","6,78 €/Kg"
Queijinho dadoninho petitdino de morango,Danone,Embalagem de 6 x 50 g,"4,23 €/Kg","4,23 €/Kg"
Peito de peru,PorSi,"Vendido ao peso, fatiado a partir de 150 g","1,44 €","9,59 €/Kg"
Fiambre da Perna Extra,Nobre,1 un = 150 gr (aprox.),"0,97 €","6,49 €/Kg"
Gel de Banho Coconut Milk,Dove,Embalagem de 750 ml,"6,49 €","8,65 €/L"
Pastilhas café lote chávena,Delta,Embalagem de 110g,"59,82 €/Kg","59,82 €/Kg"
Guardanapos brancos folha tripla 33x33 cm,PorSi,70 unidades,"1,29 €","1,29 €/Unidade"
Cachaço s/ Osso,Porco,Vendido ao peso a partir de 1 kg,"4,89 €","4,89 €/Kg"
Mel em frasco com doseador,PorSi,Embalagem de 500g,"4,89 €","9,78 €/Kg"
Skinny latte sem açúcar e sem lactose,STARBUCKS,embalagem de 220 ml,"3,19 €","25,52 €/Kg"
Ambientador tealights frutos vermelhos,PorSi,embalagem com 18 unidades,"11,99 €","11,99 €/Unidade"
Champô 3 em 1 karpex,Vanish,950 ml,"1,79 €","2,39 €/L"
Vinho tinto,Pias,Garrafa de 5 l,"8,59 €","1,72 €/L"
Veggie bowls bulgur & courgette 350g,Iglo green,Embalagem de 350g,"1,89 €","6,30 €/Kg"
Iogurte Grego Yaos Granola e Coco,Nestle,Embalagem de 115g,"1,49 €","2,98 €/Kg"
Tostas de trigo,PorSi,Embalagem 225G,"0,69 €","3,07 €/Kg"
Estendal Universal,Vileda,,"0,89 €","0,89 €/Unidade"
Vinho do porto lbv 2004,Cruz,Garrafa de 0.75 l,"10,99 €","14,65 €/L"
Bolachas maria,PorSi,Embalagem de 200g,"2,11 €/Kg","2,11 €/Kg"
Mousse chocolate branco,Alsa,Embalagem de 133g,"2,99 €","6,64 €/Kg"
Água s/ Gás,Serra de Fafe,Garrafa 6L,"1,04 €","0,17 €/L"
Café solúvel descafeinado,PorSi,Embalagem de 100G,"14,50 €/Kg","14,50 €/Kg"
Pudim morango,Boca Doce,Embalagem de 20g,"0,59 €","29,50 €/Kg"
2 filetes de dourada,Iglo,Embalagem de 200g,"1,91 €","4,78 €/Kg"
10 compressas de gaze,PorSi,20 x 20 cm,"2,86 €","2,86 €/Unidade"
Infusão melhores digestões,Cemporcent,Embalagem de 10 unidades,"0,99 €","76,15 €/Kg"
Lencos bolso mentol 6x10 3f,PorSi,Embalagem de 6 unidades,"0,89 €","0,89 €/Unidade"
Refresco em pó de morango,Tang,Embalagem de 30g,"0,75 €","18,75 €/Kg"
Limpa móveis multissuperfícies,PorSi,Frasco de 300ml,"4,39 €","14,63 €/L"
Feijão catarino,PorSi,Embalagem 500G,"0,95 €","1,90 €/Kg"
Perfect Pen,Loctite,Embalagem com 3 g,"3,19 €","3,19 €/Unidade"
Folhado Misto 90 g,Pastelaria do Dia,,"0,65 €","0,65 €/Unidade"
Lay's sal mpk 6x30g,Lay's,Embalagem de 180g,"1,06 €","5,73 €/Kg"
Maionese magra em frasco,Hellmman's,Embalagem de 460g,"2,14 €","7,64 €/Kg"
Farinha de trigo sem fermento t55,PorSi,Embalagem de 1 kg,"1,99 €","1,99 €/Kg"
Feijoada,PorSi,Embalagem de 420 g,"2,35 €","5,60 €/Kg"
Manteiga de amendoim crocante,Prozis,Embalagem de 500g,"4,19 €","12,32 €/Kg"
Iogurte líquido yoggi cremoso pêssego/manga,Nestle,Embalagem de 4 x 160 g,"1,17 €","1,83 €/Kg"
Caldo de galinha,PorSi,24 cubos,"3,84 €","24,00 €/Kg"
Cheeseburger de frango,Snock,Embalagem de 100 g,"3,39 €","21,19 €/Kg"
Bolachas multicereais,PorSi,Embalagem de 400 g,"0,90 €","6,00 €/Kg"
Refrigerante c/ gás ananás,Sumol,Garrafa de 500 ml,"0,40 €/L","0,40 €/L"
Queijo ralado dispensador,PorSi,Embalagem de 80g,"7,45 €/Kg","7,45 €/Kg"
Iogurte natural,PorSi,Embalagem 12 x 125 g,"0,65 €","1,30 €/Kg"
Bolachas cereais passas e laranja,PorSi,Embalagem de 300 g,"0,90 €","6,00 €/Kg"
Saqueta puré de fruta e aveia,PorSi,Embalagem de 90g,"0,74 €","8,22 €/Kg"
Palitos super finos,PorSi,Embalagem de 85 unidades,"1,50 €","1,50 €/Unidade"
Chocolate maxi 6 barritas,Kinder,Embalagem de 130g,"2,29 €","17,62 €/Kg"
Ketchup,PorSi,Embalagem de 560 g,"2,14 €","7,64 €/Kg"
Figo da Índia,Pepe Aromas,500 g,"2,00 €","7,99 €/Kg"
"Linguíca, 4 unidades",PorSi,Embalagem de 180 g,"1,22 €","6,78 €/Kg"
Óleo para travões,Redex,Embalagem de 250 ml,"41,99 €","8,40 €/L"
Pensos peles sensíveis sortidos,PorSi,20 unidades,"2,86 €","2,86 €/Unidade"
Mousse chocolate branco,Alsa,Embalagem de 133g,"0,79 €","5,27 €/Kg"
Cueca Incontinência Boutique Plus M,Ausonia Discreet,Embalagem de 9 Un.,"9,99 €","9,99 €/Unidade"
Snack gato frango/queijo,PorSi,Embalagem de 60g,"0,99 €","16,50 €/Kg"
Doce amoras,ST.DALFOUR,Frasco de 284g,"2,19 €","9,95 €/Kg"
Champô cacau&côco,Ultra Suave,Embalagem de 400 ml,"5,59 €","13,98 €/L"
Vinagre de fruta,PorSi,Embalagem de 500 ml,"0,35 €","0,70 €/L"
Cerveja 0.0%,Sagres,Pack 4 x 0.33 l,"5,99 €","3,03 €/L"
Infusão nº 10 colestrol,Cemporcent,Embalagem de 10 unidades,"0,99 €","76,15 €/Kg"
Folhado de salsicha,PorSi,Embalagem de 6x60 g,"1,71 €","5,70 €/Kg"
Sardinhas,PorSi,embalagem com 1 kg,"4,39 €","10,98 €/Kg"
Arroz agulha,Caçarola,Embalagem de 1 kg,"0,99 €/Kg","0,99 €/Kg"
Queijo flamengo fatias light,PorSi,Embalagem de 200g,"2,39 €","19,92 €/Kg"
"Mini rissóis de carne, 20 unidades",PorSi,Embalagem de 300 g,"1,71 €","5,70 €/Kg"
Batata pré-frita palitos finos,PorSi,Embalagem de 2.5 kg,"1,39 €","1,39 €/Kg"
Sangria pet,Don Simon,"Garrafa de 1,5 l","2,39 €","1,59 €/L"
Intensificador de perfume em gel para a roupa romanc...,Quanto,300 ml,"7,99 €","19,02 €/Kg"
"Mistura de couve flor, brócolos e cenoura",PorSi,Embalagem de 1 kg,"1,39 €","1,85 €/Kg"
Comida Húmida para Gatinhos Mousse com Vitela,Gourmet Diamant,Embalagem de 85 g,"3,49 €","10,26 €/Kg"
Iogurte natural,Danone,Embalagem de 8x120g com 1 unidade grátis,"0,65 €","1,30 €/Kg"
Lixívia para roupa delicada,Neoblanc,Embalagem de 1 l,"2,19 €","1,10 €/L"
Tablete de chocolate,Chabrior,Embalagem de 250 g,"0,79 €","5,27 €/Kg"
"Cera de depilação oriental, pote",Labell,Embalagem de 250 ml,"6,99 €","6,99 €/Unidade"
Alimento para cão adulto alta energia,HappyOne,Embalagem de 10 kg,"1,15 €/Kg","1,15 €/Kg"
Abóbora Menina Programa Origens,PorSi,1 un= 1 kg (aprox.),"0,99 €","0,99 €/Kg"
Pensos peles sensíveis sortidos,PorSi,30 unidades,"2,86 €","2,86 €/Unidade"
Preparado sobremesa vegan sem lactose,Nestle,Embalagem de 370g,"2,99 €","6,64 €/Kg"
Agrafador + 400 agrafos,Domédia,Uma embalagem,"5,99 €","5,99 €/Unidade"
Cápsulas de café com leite cappuccino,Nescafe,Embalagem com 16 cápsulas,"3,19 €","25,52 €/Kg"
Doce de morango 60% fruta,Cemporcent,Embalagem de 280g,"3,44 €","4,71 €/Kg"
Atum em azeite,Ramirez,Embalagem de 120g,"0,89 €","7,42 €/Kg"
Nestum aveia e maçã,Nestum,Embalagem de 250g,"2,19 €","8,76 €/Kg"
Iogurte activia cremoso coco,Danone,Embalagem de 4 x 120 g,"1,49 €","2,98 €/Kg"
Batata frita forno originais,Lay's,Embalagem de 150g,"0,87 €","5,44 €/Kg"
"Salsichas hot dog, frasco",Izidoro,Embalagem de 240g,"0,75 €","3,75 €/Kg"
Cevada solúvel,Delta,Embalagem de 200 g,"14,50 €/Kg","14,50 €/Kg"
Leite uht magro,Mimosa,Embalagem de 200 ml,"0,81 €","0,81 €/L"
Martini Riserva Rubino,Martini,Garrafa de 750 ml,"4,99 €","7,13 €/L"
Bacalhau com natas,PorSi,Embalagem de 380g,"1,91 €","4,78 €/Kg"
Bolacha integral doce,Vieira,Embalagem de 180g,"0,98 €","3,27 €/Kg"
Tablete chocolate branco,PorSi,Embalagem de 100g,"0,99 €","9,90 €/Kg"
Bebida láctea crescimento 3 anos+,Nestle,Embalagem de 1 litro,"0,26 €","1,30 €/L"
Insecticida recarga,Biokill,Embalagem de 375 ml,"5,09 €","8,48 €/L"
Bebida láctea crescimento 1 a 3 anos,Nestle,Embalagem de 1 litro,"0,26 €","1,30 €/L"
Toalhitas limpeza de vidros tripla ação,Ajax,40 unidades,"3,19 €","6,38 €/L"
Esponja brilho preto,Búfalo,1 embalagem,"2,25 €","45,00 €/L"
2 toalhas de bidé,PorSi,30 x 50 cm,"20,99 €","20,99 €/Unidade"
Leite de cabra uht meio gordo,President,Embalagem 1L,"0,81 €","0,81 €/L"
Açúcar fino,Rar,Embalagem de 1000 g,"1,49 €","1,49 €/Kg"
Chocolate culinário 70% cacau,Nestle,Embalagem de 170 g,"1,04 €","8,32 €/Kg"
Forra Multiusos P/ Vassoura,Fapil,1 un.,"2,20 €","2,20 €/Unidade"
Leite especial crescimento +3 anos,Mimosa,Garrafa de 1 l,"0,26 €","1,30 €/L"
Jarro graduado,PorSi,Embalagem de 1 unidades,"0,54 €","0,54 €/Unidade"
Magnum mini 3 chocolates,Olá,Embalagem de 6 x 55 ml,"5,99 €","16,64 €/L"
Toalhitas Refrescantes Rosto e Mãos,PorSi,Embalagem 3 x 10 un.,"1,10 €","1,10 €/Unidade"
"Papel higiénico compacto, folha dupla",Renova,4 = 12 rolos,"1,99 €","1,99 €/Unidade"
Desentupidor em gel canos com soda,PorSi,Embalagem de 1 litro,"1,79 €","2,39 €/L"
Puré de batata,Saint Eloi,Embalagem de 500 g,"1,99 €","1,99 €/Kg"
"Vela em número, nº 3",PorSi,1 unidade,"0,60 €","0,60 €/Unidade"
Xarope de menta,Paquito,Garrafa de 0.75 lt,"4,89 €","6,61 €/L"
Iogurte líquido magro frutos vermelhos,PorSi Viva Bem,Embalagem de 4x160 ml,"1,17 €","1,83 €/Kg"
Vinho branco regional península de setúbal,Lancers,Garrafa de 750 ml,"8,59 €","11,45 €/L"
Sopa de rabo de boi,Knorr,Embalagem de 70g,"0,84 €","13,55 €/Kg"
Sopa de cebola,Knorr,Embalagem de 50g,"0,84 €","13,55 €/Kg"
Moinho 5 pimentas em grão,PorSi,Frasco com 40 g,"0,25 €","0,25 €/Kg"
Palmiers,PorSi,Embalagem de 300 g,"1,69 €","6,76 €/Kg"
Xarope de limão sem corantes,Paquito,Garrafa de 750 ml,"4,89 €","6,61 €/L"
Snack para gato de salmão e queijo,Catisfactions,Embalagem de 60g,"0,99 €","16,50 €/Kg"
Bombons de chocolate,Mon cheri,Embalagem de 160g,"4,99 €","31,19 €/Kg"
10 pães de leite,PorSi,Embalagem de 350g,"7,40 €/Kg","7,40 €/Kg"
"Queijo regional de vaca, cabra e ovelha curado",Qj.saloio,Embalagem de 190g,"7,99 €","17,76 €/Kg"
Queijo vaca sem lactose,PorSi Viva Bem,250 g,"2,42 €","9,69 €/Kg"
Salpicão de Ponte de Lima,PorSi,Vendido ao peso a partir de 750 g,"0,95 €","9,49 €/Kg"
Rolo de Cozinha Multi,Renova,4 Rolos,"4,99 €","4,99 €/Unidade"
Bolacha de água e sal júnior,Vieira,Embalagem de 160g,"1,89 €","15,75 €/Kg"
Moscatel de Setúbal 20 anos,Alambre,Garrafa de 0.50 l,"5,99 €","7,99 €/L"
Aguardente bagaceira,S.domingos,Garrafa de 1 l,"12,79 €","18,27 €/L"
Papaia Avião,Fruta do Dia,1 un = 500 g (aprox.),"2,35 €","4,69 €/Kg"
Óleo extra virgem de coco,Origensbio,Garrafa de 200 ml,"3,39 €","3,39 €/L"
Lambrusco tinto,*,Garrafa de 750 ml,"6,89 €","9,19 €/L"
Croutons com azeite,PorSi,Embalagem de 150g,"0,69 €","3,07 €/Kg"
Snack para gato crispies salmão e truta,Felix,Embalagem de 50g,"0,99 €","16,50 €/Kg"
Lixivia perfume fresco,Neoblanc,Embalagem de 2 l,"1,74 €","0,35 €/L"
Café lote normal moagem grossa,PorSi,Embalagem de 250 g,"9,76 €/Kg","9,76 €/Kg"
Açucar granulado,PorSi,Embalagem de 1 kg,"1,49 €","1,49 €/Kg"
Farinheira do fundão,PorSi,Embalagem de 250g,"1,49 €","7,45 €/Kg"
Preparado de tarte de flã,PorSi,360 g,"2,99 €","6,64 €/Kg"
Esponja limpa camurça,PorSi,1 unidade,"5,29 €","35,27 €/L"
Café Descafeinado,Nescafe,Embalagem de 100g,"1,59 €","6,36 €/Kg"
Ambientador gel floral,PorSi,150 g,"0,79 €","5,27 €/Kg"
Cacetinho de Trigo,Pão do Dia,80 g,"0,19 €","2,38 €/Kg"
Iogurte liquido proteína yopro morango/framboesa,Yopro,300 g,"1,17 €","1,83 €/Kg"
Amaciador Concentrado Creations Flor Lótus Lima,Comfort,80 doses,"3,99 €","3,99 €/Unidade"
Seitan,Veg In,Embalagem de 250g,"2,99 €","5,98 €/Kg"
Cereais fitness e fruits,Nestle,Embalagem de 380g,"5,59 €","8,87 €/Kg"
Salsichas de porco em lata,PorSi,Embalagem de 200g,"0,75 €","3,75 €/Kg"
Queijo Ovelha Curado,PorSi,Vendido ao peso a partir de 250 g,"4,50 €","17,99 €/Kg"
80 filtros nº4 com saquetas antitártaro,Planteur,Uma embalagem com 80 unidades,"0,80 €","0,80 €/Unidade"
Rum 3 anos havan club (40º),Havana,Garrafa de 700 ml,"17,49 €","24,99 €/L"
Açúcar branco em saquetas,Rar,Embalagem com 170 saquetas,"1,49 €","1,49 €/Kg"
Luvas Multi Latex M/L,Vileda,10 unidade,"4,29 €","4,29 €/Unidade"
Pasta Dentífrica Menta Suave,Aquafresh,Embalagem de 75 ml,"2,29 €","38,17 €/L"
Frango do Campo Inteiro c/ Miúdos Programa Origens,PorSi Select,Vendido ao peso,"6,29 €","6,99 €/Kg"
Sangria branca,Don Simon,"Garrafa de 1,5 l","2,39 €","1,59 €/L"
Bebida de Arroz,PorSi Viva Bem,1 l,"1,59 €","1,59 €/L"
Formas de alumínio 600 ml,PorSi,5 unidades,"0,89 €","0,89 €/Unidade"
Limpa madeiras ecológico,PorSi,1.5 litros,"4,39 €","14,63 €/L"
"Recarga para ambientador elétrico, white bouquet duo",Air Wick,Embalagem de 2 unidades,"11,89 €","11,89 €/Unidade"
Leite condensado magro cozido,Nestle,Embalagem de 390g,"1,09 €","2,75 €/Kg"
Nata uht 0% lactose,Parmalat,Embalagem de 200 ml,"0,75 €","3,75 €/L"
Cerveja c/ álcool,Super Bock,pack 24 x 0.20 l,"1,99 €/L","1,99 €/L"
Café Moagem Universal do Brasil,PorSi,Embalagem de 220g,"9,16 €/Kg","9,16 €/Kg"
Amaciador concentrado para roupa floral,PorSi,80 doses,"3,99 €","3,99 €/Unidade"
Flocos cereais chocolate,PorSi,Embalagem de 300g,"2,19 €","8,76 €/Kg"
"Salsichas wiennerwurt em frasco, 6 un",Nobre,Embalagem de 250g,"0,75 €","3,75 €/Kg"
Mousse chocolate,PorSi,Embalagem de 150g,"0,79 €","5,27 €/Kg"
Vinho Vinha da Fonte Setúbal tinto,Casa Ermelinda Freitas,Garrafa de 0.75 l,"8,59 €","11,45 €/L"
"Escova de dentes macia, 7-13 anos",Labell,1 unidade,"0,99 €","0,99 €/Unidade"
"Queijo curado, amanteigado",Paiva,Embalagem de 550g,"25,45 €/Kg","25,45 €/Kg"
Óleo de girassol,PorSi,garrafa de 1 litro,"3,39 €","3,39 €/L"
"Fraldas Dry Fit, 3-6kg - Tamanho 2",Chicco,Embalagem de 50 unidades,"6,49 €","6,49 €/Unidade"
"Pudim zero flan 14,4g",Condi,Embalagem de 10g,"0,59 €","29,50 €/Kg"
Ovos Frescos de Galinhas Criadas ao Ar Livre Classe:...,PorSi Bio,Embalagem com 6 unidades,"2,28 €","2,28 €/Unidade"
Cobertura tábua de engomar,PorSi,Dim.: 120 x 42 cm,"15,85 €","15,85 €/Unidade"
Feijão encarnado,PorSi,Embalagem de 420 g,"1,79 €","2,29 €/Kg"
Spray recarga limpeza da casa de banho,Cif,embalagem de 70 ml,"4,09 €","5,45 €/L"
Espremedor,PorSi,1 unidade,"0,89 €","0,89 €/Unidade"
Collant licra 15d musk xl,PorSi,Embalagem de 1 unidades,"1,89 €","1,89 €/Unidade"
Natas uht 3 queijos,Parmalat,Embalagem de 200 ml,"0,75 €","3,75 €/L"
Ambientador aerossol 5 em 1 jasmim,PorSi,300 ml,"0,99 €","3,30 €/L"
Leite em pó crescimento 3 pro +,Nutriben,Embalagem de 800g,"20,99 €","26,24 €/Kg"
Bolacha de água e sal júnior,Vieira,Embalagem de 160g,"0,98 €","3,27 €/Kg"
Creme calçado preto,PorSi,50 ml,"0,99 €","19,80 €/L"
Iogurte natural,Danone,Embalagem de 4 x 120 g,"0,65 €","1,30 €/Kg"
Chocolate sombrinhas,Regina,Embalagem de 15 g,"2,29 €","17,62 €/Kg"
Fermento padeiro,Royal,Embalagem de 27g,"1,89 €","17,18 €/Kg"
Vinho tinto reg. alentejano bib 5l,Navegante,Garrafa 5L,"9,49 €","1,90 €/L"
Café torrado intensa,Nicola,Embalagem de 250 g,"9,16 €/Kg","9,16 €/Kg"
Tablete de chocolate negro,PorSi,Embalagem de 100 g,"0,99 €","4,95 €/Kg"
Resguardo para mesa,PorSi,Dim.: 140 x 200 cm,"20,99 €","20,99 €/Unidade"
Arroz extra longo integral,Saludaes,Embalagem de 1 kg,"0,99 €/Kg","0,99 €/Kg"
Café solúvel c/ cafeína,PorSi,Embalagem de 100g,"14,50 €/Kg","14,50 €/Kg"
Estendal de roupa com abas alumínio,PorSi,20 metros,"0,89 €","0,89 €/Unidade"
Mel multifloral doseador,PorSi,Embalagem de 250g,"4,89 €","9,78 €/Kg"
Bolacha maria sem glúten,Schar,Embalagem de 200 g,"1,45 €","11,15 €/Kg"
"Queijo flamengo, bola metade",Terra Nostra,Embalagem de 700g,"1,56 €","7,80 €/Kg"
Nestum bolacha maria,Nestum,Embalagem de 250g,"2,19 €","8,76 €/Kg"
"Café em grão, lote superior",Delta,Embalagem de 1 kg,"9,16 €/Kg","9,16 €/Kg"
Cappuccino café arábica cacau magro em pó,PorSi,250 ml,"3,19 €","25,52 €/Kg"
Adoçante em pó,Canderel,Embalagem de 90g,"5,99 €","23,96 €/Kg"
Fralda Cueca Banho Splashers T3,Dodot,1 Embalagem c/12 unidades,"8,49 €","8,49 €/Unidade"
Água mineral sem gás,S.estrela,pack 4 x 1.5 l,"1,04 €","0,17 €/L"
Queijo creme flamengo,President,Embalagem de 125 g,"2,05 €","16,40 €/Kg"
"Forma papel para bolos, 8. 4cm",PorSi,Embalagem com 60 unidades,"0,54 €","0,54 €/Unidade"
Acetona,PorSi,Embalagem de 60 ml,"1,89 €","9,45 €/L"
Pensos higiénicos liberty noite abas,Evax,Embalagem com 9 un.,"4,99 €","4,99 €/Unidade"
Anti-humidade,HUMYDRY,1 embalagem,"6,99 €","6,99 €/Unidade"
Fralda Cueca Banho Splashers T5,Dodot,1 Embalagem c/10 unidades,"8,49 €","8,49 €/Unidade"
Café em cápsulas aqtivus,Delta Q,Embalagem de 55 g,"59,82 €/Kg","59,82 €/Kg"
Café torrado lote chávena máquina,Delta,Embalagem de 250g,"9,16 €/Kg","9,16 €/Kg"
Desodorizante de Pés em Creme,Protex,Embalagem de 100 ml,"5,59 €","37,27 €/L"
Ups. Faz Chichi,Nenuco,1 unidade,"13,99 €/Unidade","13,99 €/Unidade"
"Borracha mini softy, pack de 3 unidades",Maped,1 embalagem,"3,09 €","3,09 €/Unidade"
Queijo bola fatias,Paiva,Embalagem de 180g,"1,56 €","7,80 €/Kg"
Gelado carte d'or yogurt & forest fruit,Olá,Embalagem de 900 ml,"5,49 €","6,10 €/L"
Boia para bebé,JCN,Dim: Ø 71 cm,"2,99 €","2,99 €/Unidade"
Vinho tinto,Enc.bairro,Bag-in-box de 5L,"8,59 €","1,72 €/L"
Bolacha alfa,Nacional,Embalagem de 180g,"3,09 €","10,30 €/Kg"
Iogurte liquido proteína yopro morango/framboesa,Yopro,300 g,"5,97 €/Kg","5,97 €/Kg"
Canja c/ aletria,Knorr,Embalagem de 70g,"0,84 €","13,55 €/Kg"
Rebuçados mel e limão,PorSi,Embalagem de 200g,"0,77 €","3,85 €/Kg"
Semente linhaça castanha,Salutem,Embalagem de 250g,"2,29 €","11,45 €/Kg"
Biscoitos canudinho recheio cacau,PorSi,Embalagem de 300g,"3,09 €","10,30 €/Kg"
Ab bran flakes,Kellogg's,Embalagem de 375g,"1,49 €","2,98 €/Kg"
Sopa de agriao,PorSi,Embalagem de 400g,"1,29 €","3,23 €/Kg"
Leite especial cálcio + vitamina d magro,Mimosa,Garrafa de 1 l,"1,29 €","1,29 €/L"
Fermento em pó,PorSi,Embalagem de 150 g,"1,89 €","17,18 €/Kg"
Doce de morango,Casa de Mateus,Embalagem de 345g,"2,19 €","9,95 €/Kg"
Whisky 15 anos c/caixa,J&B,Garrafa de 700 ml,"23,99 €","34,27 €/L"
Mojito,Bacardi,Garrafa de 0.70 l,"17,49 €","24,99 €/L"
Papel Anti-traça 4 Seasons,Raid,4 unidades,"1,99 €","1,99 €/Unidade"
Butter cookies,PorSi,Embalagem de 450g,"0,90 €","6,00 €/Kg"
Comida húmida para gato duplo prazer com peixe do oc...,Gourmet Gold,Embalagem de 90g,"3,49 €","10,26 €/Kg"
Comida húmida para gato seleção de carnes,Gourmet mp,Embalagem de 300g,"3,49 €","10,26 €/Kg"
Buondi extreme cafe moido 12x200g,Buondi,Embalagem de 200g,"9,76 €/Kg","9,76 €/Kg"
Açorda de camarão,PorSi Select,380 g,"1,91 €","4,78 €/Kg"
Vinho frisante branco,Lapadas,Garrafa de 750 ml,"2,29 €","3,05 €/L"
Água com gás natural,Perrier,Embalagem de 750ml,"2,85 €","2,85 €/L"
12 vitaminas e 12 minerais - frasco comprimido,Forma+,Embalagem de 60g,"7,59 €","126,50 €/Kg"
Collant licra 15d preto xl,PorSi,Embalagem de 1 unidades,"1,89 €","1,89 €/Unidade"
Polpa de tomate em garrafa,Compal,Embalagem de 500g,"3,84 €","24,00 €/Kg"
Iogurte mix-in nesquik,Nestle,Embalagem de 2 x 115 g,"4,23 €/Kg","4,23 €/Kg"
Abobora cubos,PorSi,Embalagem de 500g,"1,39 €","1,85 €/Kg"
Infusão nº 13 diabet control,Cemporcent,Embalagem de 10 unidades,"0,99 €","76,15 €/Kg"
Desinfetante em gel c/ lixívia,Cif,Garrafa de 750 ml,"3,19 €","4,25 €/L"
Bolachas infantil dinossauros,Artiach,Embalagem de 190g,"1,89 €","15,75 €/Kg"
Mousse de chocolate leite,Páturages,Embalagem de 4x60 g,"1,19 €","2,59 €/Kg"
Brandy,Constantin,Garrafa de 700 ml,"11,99 €","17,13 €/L"
Spray fornos e grelhadores,Cif,435 ml,"1,79 €","2,39 €/L"
Ambientador eléctrico Relaxing Zen + recarga,Glade,1 unidade,"3,74 €","3,74 €/Unidade"
Leite de transição Optipro 2 +6 meses,NAN,Embalagem de 800g,"20,99 €","26,24 €/Kg"
Argolas Romana,PorSi,Embalagem de 400 g,"1,91 €","4,78 €/Kg"
Nata uht para culinária,Parmalat,Embalagem de 200 ml,"0,75 €","3,75 €/L"
Vinho doc douro reserva tinto,Romanisco,Garrafa de 0.75 l,"7,49 €","9,99 €/L"
Creme culinário soja light,Shoyce,Garrafa de 200 ml,"0,75 €","3,75 €/L"
Rolos de papel multiusos 2 folhas,PorSi,1 unidade,"4,99 €","4,99 €/Unidade"
Empadão de carne produto pré-cozinhado ultracongelad...,PorSi,Embalagem de 350g,"3,53 €","8,83 €/Kg"
Renovador Camurça em Spray Preto,Búfalo,Embalagem de 250 ml,"6,19 €","24,76 €/L"
Gomas favoritos açúcar,Haribo,Embalagem de 90g,"1,19 €","3,97 €/Kg"
Manteiga pasteurizada com sal cuvet,Primor,Embalagem de 250g,"1,69 €","6,76 €/Kg"
Arroz agulha,B.sucesso,Embalagem de 1 kg,"0,99 €/Kg","0,99 €/Kg"
Vinho tinto alentejo,ALABASTRO,"Garrafa de 0,75 l","2,89 €","3,85 €/L"
Iogurte Pedaços Pêssego,PorSi,Embalagem de 2x135 g,"1,87 €","1,25 €/Kg"
Hambúrgueres de peru,PorSi,Embalagem de 4x80g,"2,79 €","8,72 €/Kg"
Detergente para loiça plus + citrinos,Super Pop,Embalagem de 1L,"0,89 €","0,89 €/L"
Desodorizante roll on dermo invisible,Sanex,Embalagem de 50 ml,"4,69 €","31,27 €/L"
Cogumelos inteiros,PorSi,Embalagem de 185 g,"1,79 €","2,29 €/Kg"
Polpa de tomate com cebola e alho,Compal,Embalagem de 500g,"3,84 €","24,00 €/Kg"
Aroma de morango,Rayners,Garrafa de 28 ml,"1,89 €","17,18 €/Kg"
"Crepes queijo/fiambre, 6 unidades",Claude Léger,Embalagem de 300 g,"1,89 €","6,30 €/Kg"
Champô cabelos pintados,Labell,Embalagem de 250 ml,"5,59 €","13,98 €/L"
"Limpa móveis pistola, aloé vera",Pronto,Embalagem de 500 ml,"1,19 €","0,79 €/L"
Barra s.k frutos vermelhos,Kellogg's,Embalagem de 130g,"1,29 €","10,24 €/Kg"
Tostas suecas de trigo,PorSi,Embalagem de 225 g,"0,69 €","3,07 €/Kg"
Tarteletes com recheio morango,PorSi,Embalagem de 96g,"0,79 €","4,49 €/Kg"
"Limpa vidros pistola, cristal",Ajax,Embalagem de 500 ml,"3,19 €","6,38 €/L"
Moscatel de Setúbal,Bacalhoa,Garrafa de 750 ml,"5,99 €","7,99 €/L"
"Frigideira anti-aderente, 20cm",PorSi,1 unidade,"9,99 €","9,99 €/Unidade"
Café em grão,Delta,Embalagem de 1 kg,"9,16 €/Kg","9,16 €/Kg"
Desodorizante spray energy,Labell Men,Embalagem de 200 ml,"1,39 €","6,95 €/L"
Concentrado manga,Sunquick,Garrafa de 580 ml,"4,89 €","6,61 €/L"
Sacos de congelação pequenos,PorSi,"50 unidades, 1 embalagem","1,11 €","1,11 €/Unidade"
Frutapura Pouch Frutos Variados,Bledina,Embalagem de 85g,"2,29 €","6,94 €/L"
10 croquetes de carne,PorSi,Embalagem de 300 g,"1,71 €","5,70 €/Kg"
Tablete de chocolate culinário negro,PorSi,Embalagem de 200 g,"0,99 €","4,95 €/Kg"
Bolachas starship tradicional,PorSi,Embalagem de 150g,"0,90 €","6,00 €/Kg"
Vinho rosé mateus emotion,Mateus,Garrafa de 750 ml,"4,29 €","5,72 €/L"
Bolacha vida equilíbrio ameixa e fibra,Cemporcent,Embalagem de 140g,"1,45 €","11,15 €/Kg"
Vinho regional península de setúbal,Dom Campos,Garrafa de 0.75 l,"8,59 €","11,45 €/L"
"Lenços de bolso sensitive, brancos, 10 unidades",Renova,1 embalagem de 18x10,"0,89 €","0,89 €/Unidade"
Kinder chocolate t24,Kinder,Embalagem de 300g,"2,29 €","17,62 €/Kg"
Sumo 100% Fruta Laranja Espremida,Compal,1 litro,"1,09 €","0,73 €/L"
Posta de tintureira,PorSi,Embalagem de 500 g,"4,39 €","10,98 €/Kg"
Marmelada com noz,Quinta de Jugais,Embalagem de 500g,"1,09 €","2,42 €/Kg"
Feijao frade,PorSi,Embalagem de 500g,"0,95 €","1,90 €/Kg"
20 saquetas infusão de cidreira,Lipton,Embalagem de 20g,"0,99 €","76,15 €/Kg"
Leite UHT Meio Gordo,PorSi,Embalagem de 200 ml,"0,81 €","0,81 €/L"
Polpa tomate biológico,Guloso,Embalagem de 500g,"3,84 €","24,00 €/Kg"
Caldo de galinha 24 cubos,Knorr,Embalagem de 240g,"3,84 €","24,00 €/Kg"
Sidra maçã,Bandida,Lata de 500 ml,"1,59 €","3,18 €/L"
Vinho maduto tinto,Casal da eira,Embalagem de 1 l,"1,23 €","2,19 €/L"
"Toalhetes intimos protect, 15 unidades",Dystron,Uma embalagem,"2,89 €","2,89 €/Unidade"
Lixivia perfumada,PorSi,Garrafa de 2 l,"2,59 €","1,30 €/L"
Cereais lion chocolate/caramelo,Nestle,Embalagem de 400g,"1,29 €","10,24 €/Kg"
Liquido refrigerante verde 10%,PorSi,Embalagem de 1 l,"3,99 €","0,80 €/L"
Farinha de aveia integral,Cemporcent,Embalagem de 400g,"2,29 €","11,45 €/Kg"
Vinho doc branco alentejo antão vaz,Vila dos Gamas,Garrafa 0.75L,"2,89 €","3,85 €/L"
Vodka,ON/OFF,Garrafa 0.70L,"26,99 €","38,56 €/L"
Tira Nódoas em Gel Cores,Skip,1.6 l,"3,99 €","5,70 €/L"
Snack para cão dental delicious,Friskies,Embalagem de 200g,"3,39 €","18,83 €/Kg"
Reptomin alimento para tartarugas,Tetra,Garrafa de 250 ml,"7,29 €","7,29 €/L"
Cerveja 0.0%,Heineken,Pack 6 x 0.25 l,"5,99 €","3,03 €/L"
Orégãos em folhas,PorSi,Saqueta com 10 g,"0,25 €","0,25 €/Kg"
Paté de atum,PorSi,Embalagem de 65 g,"1,19 €","13,52 €/Kg"
Atum ao natural,Ramirez,Embalagem de 120g,"0,89 €","7,42 €/Kg"
Adoçante com doseador,PorSi,Embalagem 300 comprimidos,"5,99 €","23,96 €/Kg"
Vinho regional península de setúbal reserva,Periquita,Garrafa de 0.75 l,"8,59 €","11,45 €/L"
Vinho bag-in-box branco,C.alqueva,Garrafa de 5 l,"9,49 €","1,90 €/L"
Desinfetante Têxtil,Sanytol,Embalagem de 500 ml,"3,99 €","5,70 €/L"
Lixívia tradicional,PorSi,Embalagem de 2 l,"1,74 €","0,35 €/L"
Camarão 30/40,Cozido de Aquicultura,1 un = 250 gr  (aprox.),"4,25 €","16,98 €/Kg"
Néctar 8 frutos,Bongo,Pack 3 x 200 ml,"0,99 €","0,99 €/L"
Salsicha para cão de raça pequena,PorSi,Embalagem de 500 g,"3,39 €","18,83 €/Kg"
Milho doce,PorSi,Embalagem de 3 x 140 g,"1,79 €","2,29 €/Kg"
Massa pevide,Nacional,Embalagem de 250g,"0,89 €","1,78 €/Kg"
Pepitas 3 chocos,Vahine,Embalagem de 100g,"1,29 €","3,23 €/Kg"
Comida húmida para gato com frango/vaca,Purina One,Embalagem de 340g,"3,49 €","10,26 €/Kg"
Leite C/ Chocolate,Mimosa,Embalagem de 4 x 200 ml,"0,26 €","1,30 €/L"
Leite uht sem lactose magro,PorSi Viva Bem,1 litro,"0,81 €","0,81 €/L"
"Discos desmaquilhantes, 120 unidades",PorSi,Embalagem de 120 unidades,"0,76 €","0,76 €/Unidade"
Snack cao up multitiras 12x10g,PorSi,Embalagem de 120g,"3,39 €","18,83 €/Kg"
Lambrusco branco,Sorbello,Garrafa de 0.75 l,"6,89 €","9,19 €/L"
Acetona,PorSi,Embalagem de 250 ml,"1,89 €","9,45 €/L"
Vinho maduro branco meio seco,Adega grande,Garrafa de 750 ml,"1,59 €","2,12 €/L"
Ambientador vela odor cozinha,PorSi,1 unidade,"11,99 €","11,99 €/Unidade"
Tira gorduras recarga,Mistolin,Garrafa de 550 ml,"4,89 €","6,52 €/L"
Sabonete sensitive,Palmolive,Embalagem de 4x90 g,"1,99 €","12,44 €/Kg"
Camisola segunda pele 40D musk t. único,PorSi,1 unidade,"4,69 €","4,69 €/Unidade"
Ups. Faz Chichi,Nenuco,1 unidade,"22,99 €","22,99 €/Unidade"
Cotonetes para bebé,PorSi,Embalagem com 60 unidades,"0,58 €","0,58 €/Unidade"
"Creme de muda de fralda, para bebé",Pommette,Embalagem de 100 ml,"0,59 €","5,90 €/L"
Cerveja com álcool abadia,Super Bock,pack 6 x 0.33 l,"1,99 €/L","1,99 €/L"
1ª papa láctea multifrutos sem glúten +4 meses,Cerelac,Embalagem de 250g,"4,49 €","4,49 €/Kg"
Arroz carolino,Caçarola,Embalagem de 1kg,"0,99 €/Kg","0,99 €/Kg"
Ketchup picante,Heinz,460 g,"2,14 €","7,64 €/Kg"
Salsichas Frankfurt em lata,Izidoro,Embalagem de 120g,"0,75 €","3,75 €/Kg"
Semente girassol,Salutem,Embalagem de 200g,"2,29 €","11,45 €/Kg"
Bolacha de manteiga belga c/ chocolate,Saborosa,Embalagem de 200g,"1,69 €","6,76 €/Kg"
Sabonete de leite de burra,Confianca,Embalagem de 75 g,"1,99 €","12,44 €/Kg"
Batata frita palha,PorSi,Embalagem de 160g,"0,87 €","5,44 €/Kg"
Barras de cereais nesquik,Nestle,Embalagem de 150g,"1,29 €","10,24 €/Kg"
Whisky blended,Label 5,"Garrafa de 0,70 l","11,49 €","16,41 €/L"
Alimento seco gato salmao 1.5k,Purina One,"Embalagem de 1,5 kg","12,99 €","4,33 €/Kg"
Água sem gás,Penacova,Garrafão de 5 litros,"1,04 €","0,17 €/L"
Bolachas digestive finas de chocolate de leite,Triunfo,Embalagem de 170 g,"0,79 €","5,27 €/Kg"
Morcela de Sousel,PorSi,1 un = 450 gr (aprox.),"1,49 €","7,45 €/Kg"
Rojões,Porco,1 un = 250 gr  (aprox.),"4,89 €","4,89 €/Kg"
Palmilha recortável antiodor,Sonaf,1 unidade,"5,59 €","37,27 €/L"
Iogurte tutti fruti,Danone,Embalagem de 12 x 100 g,"4,15 €/Kg","4,15 €/Kg"
Lixívia Spray Mousse Flor,Neoblanc,Embalagem de 700ml,"2,59 €","1,30 €/L"
Leite UHT Meio Gordo,Gresso,Embalagem de 1 l,"0,81 €","0,81 €/L"
Lixívia Spray Mousse,Neoblanc,Embalagem de 700ml,"2,59 €","1,30 €/L"
"Sabonete líquido de leite de amêndoas, recarga",Palmolive,Embalagem de 300 ml,"1,19 €","3,97 €/L"
Desodorizante de pés em spray,Protex,Embalagem de 150 ml,"5,59 €","37,27 €/L"
Rúcula Selvagem Programa Origens,PorSi,Embalagem de 100g,"0,99 €","0,99 €/Kg"
Arroz doce,El mandari,Embalagem de 24g,"2,99 €","6,64 €/Kg"
Pasta de dentes max white expert white,Colgate,Embalagem de 75 ml,"2,29 €","38,17 €/L"
Massas alimentícias laços,PorSi,Embalagem de 500g,"0,89 €","1,78 €/Kg"
Rebuçados mini café,PorSi,Embalagem de 200g,"1,59 €","6,36 €/Kg"
Gelatina pronta a comer morango,Royal,Embalagem de 4 x 100 g,"0,85 €","2,13 €/Kg"
Bolacha shortcake,Nacional,Embalagem de 180g,"1,69 €","6,76 €/Kg"
Sobremesa Paturette Caramelo,Páturages,Embalagem de 4x115g,"1,19 €","2,59 €/Kg"
Tablete de chocolate de leite com amêndoas - sem açú...,PorSi Viva Bem,Embalagem de 100 g,"6,50 €/Kg","6,50 €/Kg"
Caramelos de leite,Penha,Embalagem de 100g,"2,75 €","11,00 €/Kg"
Chocolate negro 90% cacau bio,Cemporcent,Embalagem de 100g,"1,79 €","17,90 €/Kg"
Crescido,Bacalhau da Noruega,1 un = 1.5 kg (aprox.),"8,73 €/Kg","8,73 €/Kg"
Tostas dietéticas,Diatosta,Embalagem de 225 g,"1,34 €","5,96 €/Kg"
Tamaras,PorSi,Embalagem de 200g,"0,79 €","3,95 €/Kg"
Cerveja com álcool,Kings Bräu,"Embalagem de 0,33 l","1,99 €/L","1,99 €/L"
"Bebidas leite, caramelo machiatto",STARBUCKS,Embalagem de 220 ml,"2,15 €","9,77 €/L"
Queijo vaca e ovelha s. penela,Serqueijos,Embalagem de 500g,"7,99 €","17,76 €/Kg"
"Queijo em fatias, -50% gordura",Limiano,Embalagem de 200g,"1,56 €","7,80 €/Kg"
Creme para calçado incolor,PorSi,50 ml,"0,99 €","19,80 €/L"
Vassoura pequena,PorSi,unidade,"2,20 €","2,20 €/Unidade"
Aba c/ Osso,Novilho,Vendido ao peso a partir de 800 g,"6,39 €","7,99 €/Kg"
Leite condensado,PorSi,Lata de 1 kg,"1,09 €","2,75 €/Kg"
Spray calcário e sujidade,Cillitbang,Garrafa de 500 ml,"1,19 €","0,79 €/L"
Laca fixação forte,Elnett,Embalagem de 75 ml,"3,99 €","53,20 €/L"
Guloseima para cão markies,Pedigree,Embalagem de 500g,"3,39 €","18,83 €/Kg"
Bolacha cookie sensations choco,Milka,Embalagem de 160g,"0,90 €","6,00 €/Kg"
Papa infantil não láctea bolacha maria +6 meses,Cerelac,Embalagem de 250g,"4,49 €","4,49 €/Kg"
Champô Hidratante,Baby Dove,Embalagem de 400 ml,"5,59 €","18,63 €/L"
Néctar vital equilibrio laranja/cenoura/manga,Compal,Embalagem de 1 l,"0,99 €","0,99 €/L"
Mistura de frutos exóticos,PorSi,Embalagem de 450 g,"4,99 €","9,98 €/Kg"
Ambientador spray pure colónia de bebé,PorSi,250 ml,"0,99 €","3,30 €/L"
Maçã golden 60/65 categoria II Programa Origens,PorSi,Embalagem de 1.5 kg,"0,32 €","1,79 €/Kg"
Detergente Máquina Roupa Liquido Bebé,PorSi,50 doses,"3,55 €","2,37 €/L"
Capa para tábua metálica,Vileda,1 un.,"15,85 €","15,85 €/Unidade"
"Sprite lima-limão sem açúcar embalagem 1,5 l.",Sprite,Garrafa de 1.5 l,"0,40 €/L","0,40 €/L"
Bolachas água e sal doces,Vieira,Embalagem de 170g,"0,98 €","3,27 €/Kg"
Banana,Fruta do Dia,1 un = 200 gr (aprox.),"0,22 €","1,09 €/Kg"
Biscoitos integrais sementes de agave,PorSi Viva Bem,Embalagem de 150g,"0,69 €","3,45 €/Kg"
Kinder delice cacau,Kinder,Embalagem de 400g,"2,05 €","5,13 €/Kg"
Queijo meio gordo,D. Pedro,Vendido ao peso a partir de 250 gr,"2,42 €","9,69 €/Kg"
Vinagre balsâmico modena,Gallo,Garrafa de 500 ml,"0,35 €","0,70 €/L"
Espumante cava meio seco reserva,Freixenet,Garrafa de 750 ml,"6,99 €","9,32 €/L"
Cogumelos fatiados,PorSi,Embalagem de 400g,"1,39 €","1,85 €/Kg"
Elixir Anti-Tartaro,Listerine,500 ml,"5,99 €","11,98 €/L"
Iogurte líquido morango,PorSi,Embalagem de 4 x 160 g,"1,17 €","1,83 €/Kg"
Bolacha maria junior doces,Vieira,Embalagem de 280g,"2,11 €/Kg","2,11 €/Kg"
Chá infusão sene,Cemporcent,Embalagem de 13g,"58,44 €/Kg","58,44 €/Kg"
Queijo mozzarella mini bolas,PorSi,Embalagem 125G,"1,59 €","12,72 €/Kg"
"Refeição pronta, boião de legumes e vitela",Bledina,Embalagem de 200g,"1,89 €","9,95 €/Kg"
Aguardente velhíssima,Caves Bonifácio,Garrafa de 0.70 l,"12,79 €","18,27 €/L"
Toucinho Fumado,PorSi,fatiado a partir de 100 gr,"2,19 €","10,95 €/Kg"
"Luvas multiusos relevo antiderrapante, tamanho médio",PorSi,Embalagem de 1 unidades,"4,29 €","4,29 €/Unidade"
Tablete de chocolate de culinária - sem açúcar,PorSi Viva Bem,Embalagem de 100 g,"1,04 €","8,32 €/Kg"
SuperCeys,Ceys,1 unidade,"3,19 €","3,19 €/Unidade"
Boia pneu,Wet Fun,Dim: Ø 90 cm,"2,99 €","2,99 €/Unidade"
Ice tea limão,Lipton,Embalagem de 1L,"1,90 €","1,27 €/L"
Sacos higiénicos para animal,Canaillou,4 x 20 unidades,"1,19 €","0,24 €/Kg"
Iogurte activia líquido 0% morango/kiwi,Danone,Embalagem de 4 x 155 g,"2,79 €","6,07 €/Kg"
Comida húmida para cão almôndegas,PorSi,Embalagem de 1200 g,"0,75 €","2,50 €/Kg"
Café em Cápsulas Dolce Gusto Sical,Nescafé,Embalagem de 3x16 cápsulas,"59,82 €/Kg","59,82 €/Kg"
Grão de bico,PorSi,embalagem de 500 g,"0,99 €","1,98 €/Kg"
Carne p/ Assar,Novilho,Vendido ao peso a partir de 800 g,"6,39 €","7,99 €/Kg"
Creme fresco à base de soja p/bater,Alpro,Garrafa de 250 ml,"0,79 €","0,79 €/Kg"
Salame extra allnatural fatiado,Allnatural,Embalagem de 80g,"0,95 €","9,49 €/Kg"
Bebida de Amêndoa,PorSi Viva Bem,1 litro,"2,19 €","2,19 €/L"
"Papel higiénico, Super Duplo 2 folha, 9=18rolos",Renova,Uma embalagem,"1,99 €","1,99 €/Unidade"
Lixívia densa verde,Neoblanc,Embalagem de 1 l,"1,74 €","0,35 €/L"
Crispies de arroz +,Cemporcent,Embalagem de 250g,"1,34 €","2,68 €/Kg"
Batata frita palha,PorSi,Embalagem de 500g,"0,87 €","5,44 €/Kg"
Ambientador vela baunilha,Glade,1 unidade com 129 g,"11,99 €","11,99 €/Unidade"
Café solúvel em saquetas,Nescafe,Embalagem de 45 g,"14,50 €/Kg","14,50 €/Kg"
Rebuçado recheio morango,PorSi,Embalagem de 250g,"1,00 €","5,00 €/Kg"
Inseticida líquido elétrico recarga,Raid,Pack 3 x 27 ml,"7,69 €","7,69 €/Unidade"
Gelatina pronta a comer light 10 kcal melancia,Royal,Embalagem de 4 x 100 g,"0,85 €","2,13 €/Kg"
Salsichas em lata,PorSi,Embalagem  de 120 g,"0,75 €","3,75 €/Kg"
Gelatina light de morango,Condi,Embalagem de 2x15g,"0,55 €","61,11 €/Kg"
Sangria frutos vermelhos,Casal Garcia,Garrafa de 0.75 l,"2,39 €","1,59 €/L"
Cereais cruesli frutos secos,Quaker,Embalagem de 380g,"4,09 €","10,91 €/Kg"
Farinha soja,Salutem,Embalagem de 400g,"2,09 €","8,36 €/Kg"
"Chocolate m&m s, amendoim",M&m' s,Embalagem de 45 g,"11,98 €/Kg","11,98 €/Kg"
Queijo gouda fatias 0% lactose,PorSi Viva Bem,Embalagem de 150g,"2,39 €","19,92 €/Kg"
Água sem gás,PorSi,Garrafão de 6 l,"1,04 €","0,17 €/L"
Porto 10 anos,Valadao,Garrafa de 750 ml,"10,99 €","14,65 €/L"
Café Solúvel Black Roast,Nescafe,Embalagem de 200g,"14,50 €/Kg","14,50 €/Kg"
Sumo concentrado de laranja,GUD,Garrafa de 740 ml,"4,89 €","6,61 €/L"
Água s/ gás,Luso,"Garrafa de 0,75 l","1,04 €","0,17 €/L"
Bife do Lombo,Novilho,1 un= 150 gr (aprox.),"6,39 €","7,99 €/Kg"
Bolachas chiquilin,Artiach,Embalagem de 180g,"1,69 €","6,76 €/Kg"
Cerveja com álcool,Sagres,Garrafa de 1 l,"1,99 €/L","1,99 €/L"
Flocos de cereais com mel,PorSi,Embalagem de 750g,"2,19 €","8,76 €/Kg"
Panos Esponja,Fino,3 unidades,"1,79 €","1,79 €/Unidade"
"Líquido refrigerante, verde 10%",PorSi,Embalagem de 5 l,"3,99 €","0,80 €/L"
Mistura para aves,Rac.zezere,Embalagem de 5 kg,"4,09 €","0,82 €/Kg"
Café espresso descafeinado intensidade 6,PorSi,16 cápsulas,"1,59 €","6,36 €/Kg"
Compal da horta concentrado tomate,Compal,Embalagem de 140g,"3,84 €","24,00 €/Kg"
Gel de Banho Shea Butter & Vanilla,Dove,Embalagem de 750 ml,"6,49 €","8,65 €/L"
Lambrusco rose,*,Garrafa de 750 ml,"2,29 €","3,05 €/L"
Fruta para bebé maçã banana morango +8 meses,Nestle,Embalagem de 90g,"0,74 €","8,22 €/Kg"
Amaciador roupa citrus,Bot.origin,45 doses,"8,99 €","2,25 €/L"
Desinfetante Multiusos,Sanytol,Embalagem de 750 ml,"4,89 €","6,52 €/L"
Vinho verde branco,Presidente,Garrafa de 0.75 l,"3,09 €","3,09 €/L"
"Chá de mel, limão e ginseng",Tetley,Embalagem de 20g,"44,50 €/Kg","44,50 €/Kg"
Lava Tudo Perfumado Herbal,PorSi,Embalagem de 2 l,"1,89 €","1,26 €/L"
Leite com chocolate original,Ucal,Embalagem de 6 x 250 ml,"0,26 €","1,30 €/L"
Pasta de amêndoa tricolor,Vahine,Embalagem de 150g,"1,29 €","3,23 €/Kg"
Doce de tomate 60% fruta,Cemporcent,Embalagem de 280g,"3,44 €","4,71 €/Kg"
Néctar clássico tutti frutti,Compal,Garrafa de 200 ml,"0,99 €","0,99 €/L"
Sidra maçã,Somersby,pack 4 x 0.33 l,"1,59 €","3,18 €/L"
Balde com pedal branco,PorSi,Capacidade: 7 litros,"2,50 €","2,50 €/Unidade"
Pastilhas fire canela,CHICLETS,Embalagem de 16 g,"0,99 €","58,24 €/Kg"
Gel Banho Care&Orange,Nivea,Embalagem de 500 ml,"6,49 €","8,65 €/L"
Tira verniz,Labell,Embalagem de 200 ml,"1,03 €","10,30 €/L"
Lápis evolution nº 2 HB,Bic,1 embalagem,"2,69 €","2,69 €/Unidade"
Aroma de limão,Vahine,Embalagem de 20g,"1,89 €","17,18 €/Kg"
Flocos de batata para puré,PorSi,Embalagem de 500g,"1,39 €","1,85 €/Kg"
Creme abrasivo ativo c/ lixívia,Cif,Garrafa de 700 ml,"0,99 €","1,32 €/L"
Sopa Creme de Marisco,PorSi,Embalagem de 80 g,"0,84 €","13,55 €/Kg"
Salsichas de soja,Cemporcent,Embalagem de 390g,"0,79 €","0,79 €/Kg"
Pizza marguerita,PorSi,Embalagem de 2 x 300 g,"2,16 €","6,17 €/Kg"
Vinho verde branco,Torre de menagem,"Garrafa de 0,75 l","3,09 €","3,09 €/L"
Preparo para bolo de chocolate,Branca de Neve,Embalagem de 450g,"0,79 €","5,27 €/Kg"
Salsichas Frankfurt em lata,Izidoro,Embalagem de 250g,"0,75 €","3,75 €/Kg"
Tarteletes com recheio avelã,PorSi,Embalagem de 91g,"2,15 €","2,87 €/Kg"
Flan sabor a baunilha com caramelo,PorSi,Embalagem de 6 x 100 g,"1,19 €","2,59 €/Kg"
Sumo essencial kids,Compal,pack 3 x 0.11 l,"2,09 €","6,33 €/L"
Noodle banzai carne,Cigala,Embalagem de 70g,"0,89 €","1,78 €/Kg"
Café em cápsulas Dolce Gusto Sical,Nescafé,64 cápsulas,"59,82 €/Kg","59,82 €/Kg"
"Alimento seco para gato junior, galinha",Whiskas,Embalagem de 350g,"12,99 €","4,33 €/Kg"
Salsichas extra suculentas de peru,Nobre,Frasco de 210g,"0,75 €","3,75 €/Kg"
Coleira repelente para gatos,Repul' 7,Embalagem de 1 unidades,"8,75 €","8,75 €/Unidade"
Iogurte natural açucarado em frasco de vidro,PorSi,Embalagem de 2 x 125 g,"0,65 €","1,30 €/Kg"
Ambientador stick delicias de verão,Air Wick,Embalagem de 1 unidades,"11,99 €","11,99 €/Unidade"
Bolacha vida equilíbrio aveia e canela,Cemporcent,Embalagem de 140g,"1,45 €","11,15 €/Kg"
"Bebida açucarada  tinto de verão, clássico",Sandevid,"Garrafa de 1,5 l","2,39 €","1,59 €/L"
Leite em pó continuação 2 pro alfa,Nutriben,Embalagem de 800g,"20,99 €","26,24 €/Kg"
Queijo Flamengo Bola,Terra Nostra,1 un = 250 gr  (aprox.),"1,56 €","7,80 €/Kg"
Bolacha digestive s/ gluten,Gullon,Embalagem de 150g,"2,69 €","17,93 €/Kg"
Óleo de coco biológico,Seara,Garrafa de 270 ml,"2,99 €","5,98 €/Kg"
"Livro de Receitas ""Mais Leve""",PorSi,1 unidade,"4,99 €","4,99 €/Unidade"
18 hamburguers de frango s/ glúten,Capitão Iglo,Embalagem de 1 kg,"11,44 €/Kg","11,44 €/Kg"
Pão ralado alho e salsa,PorSi,Embalagem de 240 g,"0,55 €","2,29 €/Kg"
Massa alimentícia spaghetti,Barilla,Embalagem de 500g,"1,34 €","2,68 €/Kg"
"Refresco em pó, tropical",Tang,Embalagem de 30g,"0,75 €","18,75 €/Kg"
Vinho do porto white,Cruz,Garrafa de 750 ml,"11,99 €","15,99 €/L"
Creme de Barrar com Sabor a Manteiga,Becel,Embalagem de 400g,"1,39 €","6,95 €/L"
Bambolitos brancos,PorSi,Embalagem de 150g,"0,79 €","5,27 €/Kg"
Molho mad chips top down,Calve,Embalagem de 260g,"2,14 €","7,64 €/Kg"
Néctar tutti-fruti,Compal,Pack 3 x 200 ml,"0,99 €","0,99 €/L"
Mostarda em frasco,Savora,Embalagem de 190g,"2,14 €","7,64 €/Kg"
Vinho maduro branco,Alorna,Garrafa de 0.75 l,"1,59 €","2,12 €/L"
Gelatina pronta a comer light 10 kcal ananás,Royal,Embalagem de 4 x 100 g,"0,85 €","2,13 €/Kg"
Queijo em fatias original,Casteloes,Embalagem de 200g,"1,56 €","7,80 €/Kg"
Bife de atum,PorSi,Embalagem de 400 g,"4,39 €","10,98 €/Kg"
Camarão cozido 20/30,PorSi,Embalagem de 500 g,"4,25 €","16,98 €/Kg"
Alimento lácteo sem açucar com sabor a pêssego/banan...,Yogolino,Embalagem de 4 x 100 gr,"2,89 €","7,23 €/Kg"
Mousse chocolate leite,Alsa,Embalagem de 150g,"0,79 €","5,27 €/Kg"
Repelente de água,PorSi,Embalagem de 250 ml,"3,99 €","0,80 €/L"
Manteiga magra baixo teor sal,President,Embalagem de 250g,"1,69 €","6,76 €/Kg"
Gelatina light de frutos vermelhos,Condi,Embalagem de 2x15g,"0,55 €","61,11 €/Kg"
Snack bio base de milho e aveia c/ amendoim,Gerber,Embalagem de 35g,"1,89 €","9,95 €/Kg"
"Espuma cabelo, hidra caracóis",Fru style,Embalagem de 200 ml,"3,99 €","53,20 €/L"
Planta cozinha,Planta,Embalagem de 500g,"1,39 €","6,95 €/L"
Napolitas creme baunilha,PorSi,Embalagem de 320g,"2,05 €","5,13 €/Kg"
Caldo de galinha 16 cubos,Knorr,Embalagem de 160g,"3,84 €","24,00 €/Kg"
Sacos do Lixo Ecobag 50 L,Vileda,Embalagem c/ 10 un.,"1,79 €","1,79 €/Unidade"
Queijo curado babybel protein rede 5x20g,Babybel,Embalagem de 100g,"0,82 €","23,43 €/Kg"
"Gel depilatório, peles sensiveis",Labell,Embalagem de 200 ml,"2,99 €","14,95 €/L"
Polpa de maracuja,PorSi,Embalagem de 565g,"1,99 €","2,37 €/Kg"
"Aperitivos, amendoins no forno",Matutano,Embalagem de 200g,"0,79 €","7,90 €/Kg"
Bolacha dourada dietnature,Gullon,Embalagem de 330g,"2,11 €/Kg","2,11 €/Kg"
Gel Banho Apollo,Axe,Embalagem de 400 ml,"5,99 €","14,98 €/L"
Pensos Higiênicos com Abas Super,Ausonia,embalagem com 12 un.,"4,99 €","4,99 €/Unidade"
Cerveja sem álcool,Super Bock,Pack 6 x 20 cl,"5,99 €","3,03 €/L"
Chouriço Extra Allnatural Fatiado,Elpozo,1 Embalagem 80G,"0,95 €","9,49 €/Kg"
Nectar vital equilibrio ananás/coco,Compal,Embalagem de 1 l,"0,99 €","0,99 €/L"
Bagas de goji,Salutem,Embalagem de 100g,"2,29 €","11,45 €/Kg"
Gelatina frutos tropicais  10kcal,Royal,Embalagem de 30g,"0,55 €","61,11 €/Kg"
Carne p/ Estufar,Novilho,Vendido ao peso a partir de 800 g,"6,39 €","7,99 €/Kg"
Bolacha de chocolate,Snapy,Embalagem de 250g,"2,11 €/Kg","2,11 €/Kg"
Azeite virgem extra bio frutado,Gallo,Garrafa de 750 ml,"3,19 €","4,25 €/L"
Manteiga sem sal,Primor,Embalagem de 250g,"1,69 €","6,76 €/Kg"
Pano multiusos felpo,PorSi,1 unidade,"1,79 €","1,79 €/Unidade"
Gelatina de coco origem vegetal,Koala,Embalagem de 130g,"0,85 €","2,13 €/Kg"
Presunto fatiado 6 meses,PorSi,Embalagem de 140 g,"1,27 €","12,69 €/Kg"
Moelas de Frango,Lusiaves,Embalagem de 350 g (aprox.),"1,84 €","5,25 €/Kg"
Fraldas de Incontinência Elásticos Grandes,Lindor,20 Unidades,"9,99 €","9,99 €/Unidade"
Collant mousse muskade 20D,PorSi,Tamanho: m,"1,89 €","1,89 €/Unidade"
Paprika,PorSi,Saqueta com 50 g,"0,25 €","0,25 €/Kg"
Kit escovas de dentes,Tigex,1 conjunto,"2,29 €","2,29 €/Unidade"
Farinha nao láctea bolacha maria,PorSi,Embalagem de 250g,"4,49 €","4,49 €/Kg"
Bolacha Maria Integral,PorSi,Embalagem de 600g,"0,98 €","3,27 €/Kg"
"Vinho regional península de setúbal, colheita seleci...",Adega de Pegões,Garrafa de 0.75 l,"8,59 €","11,45 €/L"
"Shampoo, laranja",PorSi,Embalagem de 1 l,"3,99 €","0,80 €/L"
Pilha alcalina classic lr03x4,Domédia,1 unidade,"1,49 €","1,49 €/Unidade"
Bolachas crackers c/ sal,Du bois,Embalagem de 500g,"0,39 €","3,12 €/Kg"
Queijo Feta Grego,PorSi Select,Embalagem de 200 g,"1,99 €","9,95 €/Kg"
Nata uht,Mimosa,embalagem de 200 ml,"0,75 €","3,75 €/L"
Sidra maçãs ácidas,Bandida do Pomar,lata de 0.5 l,"1,59 €","3,18 €/L"
Pasta de Moldar Terracota,DAS,Embalagem com 1 kg,"5,99 €","5,99 €/Unidade"
Licor de anis,Xarao,Garrafa de 700 ml,"16,99 €","24,27 €/L"
Flutes 21 cl,Pasabahce,Embalagem de 6 unidades,"8,99 €","8,99 €/Unidade"
Rum spiced,Bacardi,Garrafa de 700 ml,"17,49 €","24,99 €/L"
Cesto multiusos com gancho,PorSi,1 unidade,"2,50 €","2,50 €/Unidade"
Pera rocha categoria II Programa Origens,PorSi,Embalagem de 1.5 kg,"0,32 €","1,79 €/Kg"
Escova de Dentes Flex Interdental,Aquafresh,2 + 1 unidades,"3,49 €","3,49 €/Unidade"
Gel de Banho Corpo e Cabelo Hidratante,Baby Dove,Embalagem de 400 ml,"5,59 €","18,63 €/L"
Queijo Curado Amanteigado Médio,Serrinha,Vendido ao peso a partir de 250 gr,"2,42 €","9,69 €/Kg"
Vinho tinto regional tejo reserva,Alorna,Garrafa de 0.75 l,"3,99 €","5,32 €/L"
10 nuggets peito de frango e queijo,Capitão Iglo,Embalagem de 210g,"2,79 €","8,72 €/Kg"
Fermento de padeiro em pó,Fermipan,Embalagem de 4x11 g,"1,89 €","17,18 €/Kg"
Bebida de coco com arroz,PorSi Viva Bem,1 litro,"2,19 €","2,19 €/L"
Shoyce aveia& amendoa 0%,Shoyce,Garrafa de 1 l,"2,19 €","2,19 €/L"
Ambientador elétrico + recarga alfazema,PorSi,1 unidade,"3,74 €","3,74 €/Unidade"
Vinho branco região do Dão,Dharma,Garrafa de 0.75 l,"7,49 €","9,99 €/L"
Queijo Flamengo Bola,Limiano,1 un = 250 gr  (aprox.),"1,56 €","7,80 €/Kg"
Snacks para Cão Markies Mini,Pedigree,Embalagem de 500 g,"3,39 €","18,83 €/Kg"
"Bolacha belvita soft brakes, frutos vermelhos",Belvita,Embalagem de 250g,"0,98 €","3,27 €/Kg"
Bebida aveia sem açúcar,Alpro,Embalagem de 1 l,"2,19 €","2,19 €/L"
Resguardo para mesa,PorSi,Dim.: 140 x 300 cm,"3,59 €","3,59 €/Unidade"
Leite uht magro,PorSi,Embalagem de 1 litro,"0,81 €","0,81 €/L"
Leite s/ lactose meio gordo,Mimosa,Garrafa de 1 l,"1,29 €","1,29 €/L"
Caderno Agrafado Capa Preta |A4 Pautado,Domédia,1 unidade,"3,69 €","3,69 €/Unidade"
Cappucino go chill com aveia biológica,Delta,Embalagem de 230 ml,"3,19 €","25,52 €/Kg"
Salsa folhas,PorSi,Saqueta de 12 g,"0,25 €","0,25 €/Kg"
Anti-Traça Maçã,Dum Dum,3 Unidades,"1,99 €","1,99 €/Unidade"
Cappuccino intenso,Nescafe,Embalagem de 130g,"3,19 €","25,52 €/Kg"
"Gel para o cabelo, wet shine",Fru style,Embalagem de 200 ml,"3,99 €","53,20 €/L"
Batata pré-frita mediterranean,MCCAIN,Embalagem de 750g,"1,39 €","1,39 €/Kg"
Ice tea de manga,PorSi,"Embalagem de 6x0,20 l","1,90 €","1,27 €/L"
Amaciador G. Maravilhosa,Ultra Suave,Embalagem de 400 ml,"1,00 €","5,00 €/L"
Achocolatado zero% açúcares,Nesquik,Embalagem de 345g,"5,39 €","7,19 €/Kg"
"Amaciador de roupa, pure",Comfort,Garrafa de 4 l,"8,99 €","2,25 €/L"
Pasta de atum,Fides,Embalagem de 90g,"1,19 €","13,52 €/Kg"
Gelatina morango 10kcal,Royal,Embalagem de 30g,"0,55 €","61,11 €/Kg"
Maionese Top Down,Calvé,Embalagem de 753 g,"2,14 €","7,64 €/Kg"
Whisky Finest,Ballantin.,Garrafa de 1 litro,"23,99 €","34,27 €/L"
Snack para gato anti-hairball,Whiskas,Embalagem de 60g,"0,99 €","16,50 €/Kg"
Café moagem universal timor,Delta,Embalagem de 220g,"9,76 €/Kg","9,76 €/Kg"
Sidra maçã,Somersby,"Pack 15x0,20 L","1,59 €","3,18 €/L"
Gomas favoritos classic,Haribo,Embalagem de 90g,"1,19 €","3,97 €/Kg"
Penso Higiénico Ultrafinos Normal Abas,PorSi,16 unidades,"4,99 €","4,99 €/Unidade"
Marcadores para colorir,Domédia,embalagem com 12 unidades,"3,09 €","3,09 €/Unidade"
Sal de mesa,PorSi,Embalagem de 250 g,"0,25 €","0,25 €/Kg"
Filete de anchovas estendidas,General,Embalagem de 40g,"0,89 €","7,42 €/Kg"
Pão gémeos,*,250 g,"0,19 €","2,38 €/Kg"
Spray tira gorduras,PorSi,Embalagem de 750 ml,"1,29 €","1,72 €/L"
Farinha láctea menos 40% açúcar,Cerelac,Embalagem de 250g,"4,49 €","4,49 €/Kg"
Cereais argolas de mel,PorSi,Embalagem de 375 g,"5,07 €/Kg","5,07 €/Kg"
Iogurte tipo grego stracciatella,PorSi,Embalagem de 500g,"1,49 €","2,98 €/Kg"
Moinho pimenta preta em grão,PorSi,Frasco com 45 g,"0,25 €","0,25 €/Kg"
Gelado fizz limão,Olá,Embalagem de 6 x 60 ml,"5,99 €","16,64 €/L"
Lixívia tradicional,PorSi,Embalagem de 1 l,"1,74 €","0,35 €/L"
Fósforos longos,Quinas,Embalagem com 3 unidades,"1,50 €","1,50 €/Unidade"
Queijo de vaca/ovelha penela,Serqueijos,Embalagem de 250 g,"7,99 €","17,76 €/Kg"
Cereais chocapic,Nestle,Embalagem de 630g,"5,07 €/Kg","5,07 €/Kg"
Sumo 100% maçã,PorSi,"Embalagem de 1,5 l","1,09 €","0,73 €/L"
A Minha Cozinha 100% chef,Smoby,1 unidade,"22,99 €","22,99 €/Unidade"
Lava tudo lavanda,Cif,"Garrafa de 1,4 l","1,89 €","1,26 €/L"
Palito fry n' dip,MCCAIN,Embalagem de 500g,"1,39 €","1,39 €/Kg"
20 saquetas chá digestão fácil,Lipton,Embalagem de 30g,"85,00 €/Kg","85,00 €/Kg"
Massa de pontinha grossa,Nacional,Embalagem de 250g,"0,89 €","1,78 €/Kg"
Recarga mopa,PorSi,1 unidade,"2,20 €","2,20 €/Unidade"
Peito de frango,PorSi,"Vendido ao peso, fatiado a partir de 150 g","1,44 €","9,59 €/Kg"
Papel Higiénico Puríssimo 3 Folhas,Renova,Embalagem c/ 12 rolos,"1,99 €","1,99 €/Unidade"
Preparado de bolo de canela,PorSi,500 g,"2,99 €","6,64 €/Kg"
Whisky 10 anos,Bushmills,Garrafa de 700 ml,"23,99 €","34,27 €/L"
Creme p/ Calçado Preto,Búfalo,Embalagem de 40 ml,"0,99 €","19,80 €/L"
Água com gás,Vimeiro,pack 6 x 0.25 l,"2,85 €","2,85 €/L"
Gelatina morango 8 kcal,PorSi,Embalagem de 4 x 100 g,"0,85 €","2,13 €/Kg"
Óleo Performa C3 5w30 Sintético,Galp,Embalagem de 1 l,"41,99 €","8,40 €/L"
Estendal King Aço/Alumínio 20 m,Vileda,1 un.,"0,89 €","0,89 €/Unidade"
Feijão frade,Compal,Lata de 410 ml,"1,79 €","2,29 €/Kg"
Iogurte magro + gelatina morango,Mimosa,Embalagem de 4 x 120 g,"7,66 €/Kg","7,66 €/Kg"
Bolacha cream cracker,Vieira,Embalagem de 200g,"0,39 €","3,12 €/Kg"
"Alimento húmido para gato +1 ano, sabor a aves",Whiskas,Embalagem de 400g,"3,49 €","10,26 €/Kg"
Costeleta mista,Porco,1 un = 150 gr (aprox.),"4,89 €","4,89 €/Kg"
Proti soja naco,Salutem,Embalagem de 400g,"2,09 €","8,36 €/Kg"
Francesinha,PorSi,Embalagem de 450G,"3,53 €","8,83 €/Kg"
Medalhões de pescada,PorSi,Embalagem de 400 g,"4,39 €","10,98 €/Kg"
Luvas Multilatex M/L,Vileda,Embalagem com 100 un.,"4,29 €","4,29 €/Unidade"
Café solúvel viena,Nescafe,Embalagem de 140g,"14,50 €/Kg","14,50 €/Kg"
Toucinho fumado extra,PorSi,Embalagem de 200 g,"2,19 €","10,95 €/Kg"
Café Qalidus XXL,Delta Q,Embalagem com 60 cápsulas,"59,82 €/Kg","59,82 €/Kg"
Toalhitas limpa moveis,PorSi,Embalagem de 24 unidades,"4,39 €","14,63 €/L"
Aperitivo pappadum simples,PATAKS,Embalagem de 100g,"0,79 €","7,90 €/Kg"
Chilli sem Carne,Iglo green,Embalagem de 400g,"1,89 €","6,30 €/Kg"
"Fermento em pó, lata",Royal,Embalagem de 110g,"1,89 €","17,18 €/Kg"
Ração seca para gato adulto de peixe,PorSi,Embalagem 2 kg,"12,99 €","4,33 €/Kg"
Vitalday recheada duplo chocolate,Gullon,Embalagem de 200g,"2,15 €","2,87 €/Kg"
Salsichão fat,Campofrio,Embalagem de 80g,"0,95 €","9,49 €/Kg"
Batata frita gourmet,PorSi,Embalagem de 150g,"1,06 €","5,73 €/Kg"
Sidra de maçã,Somersby,pack 6 x 0.2 l,"1,59 €","3,18 €/L"
"Limpa vidros pistola, tripla acção",Ajax,Embalagem de 500 ml,"3,19 €","6,38 €/L"
Caffe latte go chill,Delta,230 ml,"3,19 €","25,52 €/Kg"
Óleo de coco extra virgem,Koala,Garrafa de 180 ml,"3,39 €","3,39 €/L"
Café mistura peninsular,Delta,Embalagem de 250g,"0,99 €","3,96 €/Kg"
Tempero em pó galinha,Knorr,Embalagem de 135g,"3,84 €","24,00 €/Kg"
Vela em número nº5,PorSi,1 unidade,"0,60 €","0,60 €/Unidade"
Tentáculos pota,PorSi,Embalagem de 800G,"5,49 €","6,86 €/Kg"
Café em cápsulas  qonvictus,Delta Q,Embalagem de 55 g,"59,82 €/Kg","59,82 €/Kg"
Chupa original,Chupachups,Embalagem de 120g,"3,40 €","28,33 €/Kg"
Creme de fixação para dentaduras,Labell,Embalagem de 50 g,"7,39 €","105,57 €/Kg"
"Pensos diários respirare, 44 unidades",Carefree,Uma embalagem,"1,79 €","1,79 €/Unidade"
Óleo Cedro Líquido,PorSi,Embalagem de 200 ml,"4,39 €","14,63 €/L"
Ice tea pêssego,Lipton,Garrafa de 2 l,"1,90 €","1,27 €/L"
Néctar de pera,PorSi,Pack 3 x 200 ml,"0,99 €","0,99 €/L"
Farinha sem fermento t65,PorSi,Embalagem de 5 kg,"1,99 €","1,99 €/Kg"
Whisky,William Lawson's,1 l,"11,49 €","16,41 €/L"
Cocktail melão,Bar Royal,Garrafa de 750 ml,"8,99 €","14,98 €/L"
Ambientador Anti-Tabaco,Ambipur,1 un.,"3,49 €","3,49 €/Unidade"
Ambientador Difusor Frutos Vermelhos,PorSi,50 ml,"11,99 €","11,99 €/Unidade"
"Alimento seco para cão, croquetes pro adulto",PorSi Select,Embalagem de 4 Kg,"1,15 €/Kg","1,15 €/Kg"
Mistura solúvel c/ 20% café granulado,PorSi,Embalagem de 200g,"0,99 €","3,96 €/Kg"
"Alimento húmido para cão, galinha e cordeiro",Pedigree,Embalagem de 400g,"0,75 €","2,50 €/Kg"
Leite de coco bio,PorSi Bio,400 ml,"2,99 €","5,98 €/Kg"
"Paté de sarinha, atum e marisco",Fides,Embalagem de 90g,"1,19 €","13,52 €/Kg"
Grelos,Bonduelle,Embalagem de 400 g,"1,39 €","1,85 €/Kg"
Bolacha wafer baunilha,PorSi,Embalagem de 180g,"0,98 €","4,67 €/Kg"
Nestum aveia e morango,Nestum,Embalagem de 250g,"2,19 €","8,76 €/Kg"
Bebida de Soja Chocolate,PorSi Viva Bem,Pack: 3 x 200 ml,"2,49 €","2,49 €/L"
Iogurte magro + gelatina maracujá,Mimosa,Embalagem de 4 x 120 g,"7,66 €/Kg","7,66 €/Kg"
Pao brioche fatiado,PorSi,Embalagem 500G,"2,59 €","5,18 €/Kg"
Pizza fresca de fiambre e queijo,PorSi,400 g,"0,99 €","4,30 €/Kg"
Vinho regional península de setúbal branco,J.m.f.,Garrafa de 750 ml,"8,59 €","11,45 €/L"
Iogurte batido magro com mirtilos sem lactose,Mimosa,4 x 120 g,"7,66 €/Kg","7,66 €/Kg"
Comida húmida para gato seleção de peixes,Gourmet mp,Embalagem de 300g,"3,49 €","10,26 €/Kg"
Aperitivos de amendoim com sal e mel,Matutano,Embalagem de 150g,"0,79 €","7,90 €/Kg"
Água mineral natural alcalina,MONCHIQUE,"6x1,5l","1,04 €","0,17 €/L"
Queijo fatias -50% de gordura,Limiano,Embalagem de 400g,"1,56 €","7,80 €/Kg"
Perna c/ Osso,Peru,1 un = 1 kg (aprox.),"6,29 €","6,99 €/Kg"
Gel de Banho Corpo e Cabelo Sensitive,Baby Dove,Embalagem de 400 ml,"5,59 €","18,63 €/L"
Bandas de cera fria peles normais,Veet,Embalagem de 20 unidades,"6,99 €","6,99 €/Unidade"
Feijão manteiga,PorSi,Embalagem de 500g,"0,95 €","1,90 €/Kg"
Preparado de bolo de chocolate,PorSi,500 g,"2,99 €","6,64 €/Kg"
Chalotas,Legumes do Dia,embalagem de 250 g (aprox.),"1,29 €/Kg","1,29 €/Kg"
Bolachas maria,Triunfo,Embalagem de 200g,"2,11 €/Kg","2,11 €/Kg"
Desinfetante de frutas e vegetais,Clean Essence,500 ml,"0,65 €","2,59 €/Kg"
Salada bacon,PorSi,Embalagem de 192 g,"2,35 €","5,60 €/Kg"
Inseticida baratas e formigas,Dum Dum,Embalagem de 400 ml,"5,09 €","8,48 €/L"
Vinagre de limpeza,Dona Pureza,Embalagem de 1 l,"4,09 €","5,45 €/L"
Leite pasteurizado gordo,Vigor,Garrafa de 1 l,"1,09 €","1,09 €/L"
Bolachas dinossauros dinoovos,Artiach,Embalagem de 140g,"1,89 €","15,75 €/Kg"
2 Ligaduras elásticas,PorSi,4m x 6 cm,"2,86 €","2,86 €/Unidade"
Farinha rainha c/ fermento,Nacional,Embalagem de 1000 g,"1,99 €","1,99 €/Kg"
Ananás em rodelas,PorSi,Embalagem de 565 g,"1,99 €","2,37 €/Kg"
Fraldas agility T5 de 13 a 18 kg,PorSi,44 unidades,"6,49 €","6,49 €/Unidade"
Chá Aromatizado Pirâmide Baunilha/Caramelo,PorSi,20 x 2 g,"58,44 €/Kg","58,44 €/Kg"
Espinafre baby leaf Programa Origens,PorSi,embalagem de 170 g,"0,99 €","0,99 €/Kg"
Aroma de anis,Vahine,Embalagem de 20g,"1,89 €","17,18 €/Kg"
Pensos proteção calos,PorSi,embalagem com 9 unidades,"2,86 €","2,86 €/Unidade"
15 barrinhas pescada,Pescanova,Embalagem de 450g,"9,30 €/Kg","9,30 €/Kg"
Lixivia perfumada,PorSi,Garrafa de 2 l,"1,74 €","0,35 €/L"
Pepitas chocolate com leite,Vahine,Embalagem de 100g,"1,29 €","3,23 €/Kg"
Spray recarga limpeza da cozinha,Cif,embalagem de 70 ml,"4,09 €","5,45 €/L"
Ração seca para cão croquetes pro júnior,PorSi Select,Embalagem de 3 Kg,"1,15 €/Kg","1,15 €/Kg"
Iogurte líquido morango / framboesa corpos danone,Danone,Embalagem de 4 x 155 g,"1,17 €","1,83 €/Kg"
Couscous tradicional,Cemporcent,Embalagem de 500g,"1,34 €","2,68 €/Kg"
Ração para gato indoor,Purina One,Embalagem de 800g,"12,99 €","4,33 €/Kg"
Azeite tradição,Oliveira da Serra,Embalagem 3L,"3,19 €","4,25 €/L"
Anti-traça Maçã Verde,Dum Dum,2 unidades,"1,99 €","1,99 €/Unidade"
Bolachas vitalday recheio iogurte c/ frutos vermelho...,Gullon,Embalagem de 220g,"1,45 €","11,15 €/Kg"
Massa de argolinhas,Nacional,Embalagem de 250g,"0,89 €","1,78 €/Kg"
Snacktoon rupy frutos variados,Bledina,Embalagem de 100g,"2,29 €","6,94 €/L"
Chocolate cereali 4 barritas,Kinder,Embalagem de 940g,"2,29 €","17,62 €/Kg"
Néctar pêssego,Compal,Pack 3 x 200 ml,"0,99 €","0,99 €/L"
Limpa máquinas de loiça limão,PorSi,Embalagem de 250 ml,"2,99 €","2,99 €/Unidade"
Esparguete fino,Nacional,Embalagem de 500g,"0,89 €","1,78 €/Kg"
Queijinhos Babybel Mix,Babybel,Embalagem de 180g,"0,82 €","23,43 €/Kg"
Fósforos compridos para lareira,Quinas,1 unidade,"1,50 €","1,50 €/Unidade"
Fermento,Royal,Embalagem de 230g,"1,89 €","17,18 €/Kg"
Bolacha maria doces,Vieira,Embalagem de 300g,"2,11 €/Kg","2,11 €/Kg"
Queijo grana padano D.O.P 16 meses de cura,PorSi Select,Embalagem de 180 g,"2,87 €","15,94 €/Kg"
Geleia de morango,Casa de Mateus,Embalagem de 345 g,"3,29 €","9,54 €/Kg"
Gelatina pronta a comer tutti frutti,Royal,Embalagem de 4x100 g,"0,85 €","2,13 €/Kg"
Ambientador elétrico botanica Vetiver das Caraíbas &...,Air Wick,1 unidade,"3,74 €","3,74 €/Unidade"
Collant opac microfibra preto 60D,PorSi,Tamanho: l,"1,89 €","1,89 €/Unidade"
Especialidade de soja natural,PorSi Viva Bem,Embalagem de 4 x 100 g,"0,99 €","2,48 €/Kg"
Papel de alumínio,PorSi,50 metros,"1,11 €","1,11 €/Unidade"
12 Preservativos Adapta Non Stop,Control,,"4,49 €","4,49 €/Unidade"
Recarga Panos p/ Madeira,Swiffer,18 un.,"1,79 €","1,79 €/Unidade"
Sabonete patti,Ach Brito,Embalagem de 160 g,"1,99 €","12,44 €/Kg"
Lapiseira Velocity + 12minas,Bic,1 unidade,"2,69 €","2,69 €/Unidade"
Spray multiusos citrus,Bot.origin,Garrafa de 500 ml,"1,19 €","0,79 €/L"
Lagosta selvagem de moçambique,Frip,embalagem de 800 g,"2,19 €","8,59 €/Kg"
Fiambre da Pá,PorSi,1 un = 150 gr (aprox.),"0,97 €","6,49 €/Kg"
Leite condensado magro,PorSi,Embalagem de 390 g,"1,09 €","2,75 €/Kg"
8 hamburguers s/ glúten frango,Capitão Iglo,Embalagem de 480g,"11,44 €/Kg","11,44 €/Kg"
Mandioca,Legumes do Dia,1 un=500 gr (aprox.),"0,65 €","2,59 €/Kg"
Chocolate branco sem açúcar,Cemporcent,Embalagem de 100g,"1,79 €","17,90 €/Kg"
Curgete,Programa Origens,un= 300 gr (aprox.),"0,69 €","2,29 €/Kg"
Ice tea manga,Lipton,pack 6 x 0.25 l,"1,90 €","1,27 €/L"
Ambientador auto limão,PorSi,1 unidade,"3,49 €","3,49 €/Unidade"
Café com cafeina solúvel,Delta,Embalagem de 20g,"14,50 €/Kg","14,50 €/Kg"
Comida húmida de vaca para cão,Friskies,Embalagem de 4 x 100 g,"0,75 €","2,50 €/Kg"
Bolachas marítimas clássicas,PorSi Viva Bem,Embalagem de 200g,"1,45 €","11,15 €/Kg"
Fralda cueca T5 - 12 a 18 kg,PorSi,20 unidades,"8,49 €","8,49 €/Unidade"
Bebida de soja com cálcio,PorSi Viva Bem,Embalagem de 1 litro,"2,49 €","2,49 €/L"
Néctar de laranja e cenoura light,PorSi,Embalagem de 1 litro,"0,84 €","2,55 €/L"
4 hamburguers vaca s/ glúten,Capitão Iglo,Embalagem de 320g,"2,79 €","8,72 €/Kg"
Toalha em rolo papel amarelo,PorSi,1 Unidade,"3,59 €","3,59 €/Unidade"
Prepar arroz marisco sem gluten cv 0.8kg,Brasmar,Embalagem de 800g,"2,19 €","8,59 €/Kg"
Discos Sanitários Activos Recarga Eucalipto,WC Pato,Embalagem de 2x36 ml,"2,99 €","74,75 €/Kg"
Iogurte líquido morango/cereais,PorSi,Embalagem de 4 x 160 g,"1,17 €","1,83 €/Kg"
Creme abrasivo original,Cif,Garrafa de 700 ml,"0,99 €","1,32 €/L"
Batatas Pré-fritas Rosti com Cebola,PorSi,Embalagem com 600 g,"1,39 €","1,39 €/Kg"
Recarga difusor elétrico recarga citronela,Dum Dum,1 unidade,"7,69 €","7,69 €/Unidade"
Iogurte líquido de frutos vermelhos,PorSi,Embalagem de 4 x 160 g,"1,17 €","1,83 €/Kg"
Saqueta puré de fruta e bolacha,PorSi,Embalagem de 90g,"0,74 €","8,22 €/Kg"
Puré de maçã em frasco,Andros,Embalagem de 730g,"3,44 €","4,71 €/Kg"
Preparado em pó para pudim flan,El mandari,Embalagem de 19.2 g,"2,99 €","6,64 €/Kg"
Gressinos com chocolate,Schar,Embalagem de 52G,"0,69 €","3,07 €/Kg"
Batata frita forno camponesas,Lay's,Embalagem de 130g,"1,19 €","6,43 €/Kg"
Cerveja super bock,Super Bock,Pack 6 x 200 ml,"1,99 €/L","1,99 €/L"
Azeite virgem clássico,PorSi,Garrafa de 750 ml,"3,19 €","4,25 €/L"
"Polpa de maracujá, em lata",Koala,Embalagem de 570g,"4,19 €","7,35 €/Kg"
Pez blister,PEZ,Embalagem de 70g,"1,00 €","5,00 €/Kg"
"Queijo três igrejas vaca, ovelha e cabra curado",Saloio,Embalagem de 450g,"7,99 €","17,76 €/Kg"
Salsa folhas,PorSi,Embalagem de 10g,"0,25 €","0,25 €/Kg"
Doce de pêssego com frutose,Salutem,Embalagem de 330g,"3,44 €","4,71 €/Kg"
"Líquido sanitário extra power, marinho",WC Pato,Embalagem de 750 ml,"3,19 €","4,25 €/L"
Pensos com Abas de Noite,Ausonia,embalagem com 9 un.,"4,99 €","4,99 €/Unidade"
Sopa de tomate,Knorr,Embalagem de 90g,"0,84 €","13,55 €/Kg"
Fada,Barbie,1 unidade,"22,99 €","22,99 €/Unidade"
Sopa Canja de Galinha c/ Aletria,PorSi,Embalagem de 75 g,"0,84 €","13,55 €/Kg"
Snack de higiene oral diária para cão grande,Purina One,Embalagem de 142 g,"3,39 €","18,83 €/Kg"
Esponja autobrilhante,PorSi,3 g,"2,25 €","45,00 €/L"
Café lote bocage moagem única,Nicola,Embalagem de 250g,"9,16 €/Kg","9,16 €/Kg"
Papel higiénico branco 2 folhas,PorSi,48 rolos,"1,99 €","1,99 €/Unidade"
Tablete de chocolate culinário 70% negro,PorSi,Embalagem de 200 g,"0,99 €","4,95 €/Kg"
Mistura para coelhos,Rac.zezere,Embalagem de 5 kg,"4,09 €","0,82 €/Kg"
Gel Duche Men Active Clean,Nivea Men,Embalagem de 500 ml,"5,99 €","14,98 €/L"
Queijo amanteigado fatias,Paiva,Embalagem de 180 g,"1,56 €","7,80 €/Kg"
Água mineral sem gás,Vitalis,Pack 6 x 1.5 l,"1,04 €","0,17 €/L"
Oreo flavors cookies birthday party rollpack 154 gr,Oreo,Embalagem de 150g,"0,79 €","4,49 €/Kg"
Escova de Dentes 1-2-3 Shiny Clean,Oral B,4 unidades,"3,49 €","3,49 €/Unidade"
Gelado cornetto mini clássico,Olá,Embalagem de 8 x 60 ml,"5,99 €","16,64 €/L"
Iogurte líquido yoggi morango/banana,Nestle,Embalagem de 4 x 160 g,"1,17 €","1,83 €/Kg"
Massa de cotovelos grandes riscados,Milaneza,Embalagem de 500g,"0,89 €","1,78 €/Kg"
Queijo flamengo fatiado,PorSi,Embalagem de 200G,"1,56 €","7,80 €/Kg"
Esfregão de Teflon,Fino,1 unidade,"0,79 €","0,79 €/Unidade"
Manteiga amendoim cremosa,Calve,Embalagem de 350g,"4,19 €","12,32 €/Kg"
Bolachas mini,Oreo,Embalagem de 160g,"0,79 €","4,49 €/Kg"
Café descafeinado,PorSi,Embalagem de 250g,"1,59 €","6,36 €/Kg"
Senses Watermelon,Trident,1 un.,"0,99 €","58,24 €/Kg"
Recarga Desumidificador Basic,HUMYDRY,embalagem de 3 x 250g,"2,99 €","6,64 €/Kg"
Princesa,Barbie,1 unidade,"13,99 €/Unidade","13,99 €/Unidade"
"Gelatina pronto a comer, 10kcal limão",Royal,Embalagem de 4 x 100 g,"0,85 €","2,13 €/Kg"
Cillit bang limpa vidros,Cillitbang,Garrafa de 500 ml,"3,19 €","6,38 €/L"
Puré de maçã sem adição açúcar,PorSi,700 g,"0,74 €","8,22 €/Kg"
Leite Hidratante Óleos Maravilhosos,Ultra Suave,Embalagem de 400 ml,"12,48 €/L","12,48 €/L"
Bolachas Maria sem Açúcar,Vieira de Castro,Embalagem de 300 g,"2,11 €/Kg","2,11 €/Kg"
Tablete chocolate de leite,PorSi,embalagem de 100 g,"5,30 €/Kg","5,30 €/Kg"
Pack 5 veículos sortidos,Hot Wheels,1 embalagem,"9,99 €/Unidade","9,99 €/Unidade"
Leite com chocolate light,Ucal,Embalagem de 6 x 250 ml,"0,26 €","1,30 €/L"
Feijão manteiga,PorSi,Frasco com 540 g,"1,79 €","2,29 €/Kg"
Leite seleccionado meio gordo,Matinal,Garrafa de 1 l,"0,81 €","0,81 €/L"
Bolachas de aveia,Triunfo,Embalagem de 190g,"3,09 €","10,30 €/Kg"
Aguardente,1920,Garrafa de 700 ml,"12,79 €","18,27 €/L"
Inseticida Aerossol Casa&Plantas,Raid,1 Embalagem 600ml,"5,49 €","13,73 €/L"
Cebola Roxa,Programa Origens,1 un = 500 gr (aprox.),"1,29 €/Kg","1,29 €/Kg"
Morcela assar fundao,PorSi,Embalagem de 250g,"1,49 €","7,45 €/Kg"
Smooth Lâminas Para Máquina De Depilação,Venus,4 Unidades,"12,99 €","12,99 €/Unidade"
Pensos Incontinência Mulher Lady Super,Tena,30 unidades,"1,95 €","1,95 €/Unidade"
Penso de incontinência normal,Ausonia Discreet,Embalagem de 12 un.,"1,95 €","1,95 €/Unidade"
Snacks croc.amendoim,PorSi,Embalagem de 90g,"0,79 €","7,90 €/Kg"
Queijo creme de camembert,Président,embalagem de 125 g,"1,45 €","7,25 €/Kg"
6 Preservativos Adapta Nature,Control,,"4,49 €","4,49 €/Unidade"
Sumo 100% laranja,Compal,1 litro,"1,09 €","0,73 €/L"
Dentífrico herbal naturals,Aquafresh,75 ml,"2,29 €","38,17 €/L"
Cenoura Granel,Legumes do Dia,1 un = 100 gr (aprox.),"0,99 €","0,99 €/Kg"
Néctar vital equilibrio manga/maracujá,Compal,Embalagem de 1 l,"0,84 €","2,55 €/L"
Bolachas Vitalday crocantes aveia e chocolate de lei...,Gullon,Embalagem de 300g,"2,15 €","2,87 €/Kg"
Bolachas marinheiras s/ sal,Cemporcent,Embalagem de 200g,"1,45 €","11,15 €/Kg"
Gogo SqueeZ Snack Maçã e Manga,Gogo,Embalagem de 90g,"2,29 €","6,94 €/L"
Caderno Agrafado Capa Preta |A4 Pautado,Domédia,1 unidade,"2,29 €","2,29 €/Unidade"
15 bombons de chocolate,Collection,Embalagem de 170g,"4,99 €","31,19 €/Kg"
Resguardo para mesa,PorSi,Dim.: 140 x 200 cm,"3,59 €","3,59 €/Unidade"
Areia para gatos 100% natural,PorSi,Embalagem de 5 kg,"1,19 €","0,24 €/Kg"
Leite condensado,PorSi,Embalagem de 397 g,"1,09 €","2,75 €/Kg"
Cogumelos laminados,PorSi,Embalagem de 185 g,"1,79 €","2,29 €/Kg"
20 saquetas chá de frutos silvestres,Lipton,Embalagem de 30g,"44,50 €/Kg","44,50 €/Kg"
Vinho branco,PorSi,embalagem de  3X187 ml,"1,23 €","2,19 €/L"
Actimel tutti-frutti,Danone,Embalagem de 6 x 100g,"4,15 €/Kg","4,15 €/Kg"
Toalha em rolo papel verde,PorSi,1 Unidade,"3,59 €","3,59 €/Unidade"
Sabonete líquido para as mãos de coco,Dove,embalagem de 250 ml,"1,19 €","3,97 €/L"
Champô anti-caspa,Labell,Embalagem de 400 ml,"5,59 €","13,98 €/L"
Sumo de laranja,Andros,Embalagem de 1 l,"1,09 €","0,73 €/L"
Pudim de chocolate,PorSi,Embalagem de 110g,"0,59 €","29,50 €/Kg"
Filetes primavera alho & ervas,Iglo,Embalagem de 230g,"1,91 €","4,78 €/Kg"
Ração para gato bolas de pelo com frango,Friskies,"Embalagem de 1,5kg","12,99 €","4,33 €/Kg"
Lulas recheadas,Piteu,Embalagem de 120g,"0,89 €","7,42 €/Kg"
Farinha para pão integral,Nacional,Embalagem de 1 kg,"1,99 €","1,99 €/Kg"
Beterraba sem Rama,Legumes do Dia,1 un=250 gr (aprox.),"0,65 €","2,59 €/Kg"
Bolachas cracker sem sal,PorSi,Embalagem de 500g,"0,39 €","3,12 €/Kg"
Cerveja com álcool,Sagres,pack 24 x 0.25 l,"1,99 €/L","1,99 €/L"
Soro fisiológico,PorSi,Embalagem de 100 ml,"0,59 €","5,90 €/L"
Dispensador com sacos higiénicos para animal,Canaillou,2 x 20 unidades,"1,19 €","0,24 €/Kg"
Azeite de moura virgem extra bio,PorSi Bio,Garrafa de 500 ml,"3,19 €","4,25 €/L"
Gomas starmix,Haribo,Embalagem de 90g,"1,19 €","3,97 €/Kg"
Máquina Depilatória Descartável Miss Soleil Sensitiv...,Bic,1 + 2 Unidades Grátis,"5,49 €","5,49 €/Unidade"
Mousse chocolate,PorSi,Embalagem de 150g,"2,99 €","6,64 €/Kg"
O cacau puro,Cemporcent,Embalagem de 200g,"2,29 €","11,45 €/Kg"
"Coloração permanente, preto natural, nº3",Excellence,1 unidade,"9,49 €/Unidade","9,49 €/Unidade"
Atum posta em óleo vegetal,PorSi,Embalagem de 385g,"0,89 €","7,42 €/Kg"
Vinho maduro tinto,Alto de Pias,Garrafa de 5 l,"8,59 €","1,72 €/L"
Pensos para picadas de insetos,PorSi,10 unidades,"2,86 €","2,86 €/Unidade"
Iogurte grego natural açucarado sem lactose,PorSi Viva Bem,Embalagem de 240g,"2,59 €","5,40 €/Kg"
Ambientador aerossol 5 em 1 frescura água,PorSi,300 ml,"0,99 €","3,30 €/L"
Fralda Cueca Activity Extra Tamanho 4,Dodot,Embalagem com 45 uni.,"8,49 €","8,49 €/Unidade"
Ananás pedaços em calda,PorSi,Embalagem de 565g,"1,99 €","2,37 €/Kg"
Creme bio mãos e unhas,Labell Bio,75 ml,"1,03 €","10,30 €/L"
Massa em espirais,PorSi,Embalagem de 500g,"0,89 €","1,78 €/Kg"
Cápsulas de café qharacter,Delta Q,Embalagem de 60g,"59,82 €/Kg","59,82 €/Kg"
Vinho do Porto 10 anos,Cruz,"Garrafa de 0,75L c/ Caixa de Madeira","10,99 €","14,65 €/L"
Na-fpequilib/integral 6kg,Nacional,Embalagem de 1 kg,"1,99 €","1,99 €/Kg"
Pensos Higiénicos Cottonlike com Abas Normal Plus,Evax,28 unidades,"4,99 €","4,99 €/Unidade"
Vinagre balsâmico modena,Gallo,Garrafa de 250 ml,"0,35 €","0,70 €/L"
Mel rosmaninho 500g,SERRAMEL,Embalagem de 500G,"4,89 €","9,78 €/Kg"
Pudim caramelo,PorSi,Embalagem de 90g,"0,59 €","29,50 €/Kg"
Snack para gato seaside,Felix,Embalagem de 60g,"0,99 €","16,50 €/Kg"
Leite evaporado,PorSi,Embalagem de 410g,"1,09 €","2,75 €/Kg"
Refrigerante com gás free,Seven-up,"Garrafa de 1,25 l","0,40 €/L","0,40 €/L"
Sardinhas em óleo picante,Ramirez,Embalagem de 130g,"0,89 €","7,42 €/Kg"
Batata pom'duchesse,PorSi,Embalagem de 600g,"1,39 €","1,39 €/Kg"
"Creme depilatório para duche, peles sensiveis",Veet,Garrafa de 150 ml,"2,99 €","14,95 €/L"
Lava Tudo Brilhante Madeira,Sonasol,"embalagem 1,1L","9,19 €","18,38 €/L"
Limpa vidros azul,PorSi,Embalagem de 1 l,"3,99 €","0,80 €/L"
Laca volume,Nivea,Embalagem de 250 ml,"3,99 €","53,20 €/L"
Leite pasteurizado m/g sem lactose,Vigor,Garrafa de 1 l,"1,09 €","1,09 €/L"
Jaca em calda,Koala,Embalagem de 570g,"1,99 €","2,37 €/Kg"
Açafrão das Índias,PorSi,Embalagem de 50g,"0,25 €","0,25 €/Kg"
Cocktail mango,Bar Royal,Garrafa de 750 ml,"6,99 €","9,32 €/L"
Chocolate pastilhas,Pantagruel,Embalagem de 200g,"1,04 €","8,32 €/Kg"
Molho cervejeira 8 cubos,Knorr,Embalagem de 70g,"3,84 €","24,00 €/Kg"
Pudim flan,El mandari,Embalagem de 10g,"0,59 €","29,50 €/Kg"
Gelado cornetto morango,Olá,Embalagem de 6 x 90 ml,"5,99 €","16,64 €/L"
Ambientador vela citronela,PorSi,1 unidade,"11,99 €","11,99 €/Unidade"
"Bombons de chocolate, praleine",Schogetten,Embalagem de 100g,"5,30 €/Kg","5,30 €/Kg"
Vinho bag-in-box tinto,C.alqueva,Garrafa de 5 l,"9,49 €","1,90 €/L"
Leite uht meio gordo,Mimosa,Embalagem de 1 litro,"0,81 €","0,81 €/L"
Pão forma cereais sem glúten,Schar,Embalagem de 300g,"2,99 €","7,97 €/Kg"
Polpa tomate biológico,Guloso,Embalagem de 500g,"2,99 €","5,98 €/Kg"
8 salsichas aves,Izidoro,Embalagem de 200g,"0,75 €","3,75 €/Kg"
Cerveja com álcool,Sagres,"Embalagem de 0,33 l","1,99 €/L","1,99 €/L"
Iogurte sabor a coco,PorSi,Embalagem de 4 x 125 g,"1,87 €","1,25 €/Kg"
Spray power&shine multiusos c/ lixívia,Cif,Garrafa de 750 ml,"4,09 €","5,45 €/L"
Multivitaminas de a a z (cápsulas),Forma+,Embalagem de 25g,"7,59 €","126,50 €/Kg"
18 nuggets de frango,Capitão Iglo,Embalagem de 380g,"9,30 €/Kg","9,30 €/Kg"
Batata pré-frita para forno,PorSi,Embalagem de 750 g,"1,39 €","1,39 €/Kg"
Salsichas extra suculentas de frango,Nobre,Frasco de 210g,"0,75 €","3,75 €/Kg"
Creme de amendoim chunk 340g,Skippy,Embalagem de 340g,"4,19 €","12,32 €/Kg"
Dentista engraçado,Play-Doh,1 unidade,"13,99 €/Unidade","13,99 €/Unidade"
Magnum mini white mix,Olá,Embalagem de 6 x 55 ml,"5,99 €","16,64 €/L"
"Fiambre extra, fatiado",PorSi,Embalagem de 200g,"0,97 €","6,49 €/Kg"
Marmelada,Ferbar,Embalagem de 800g,"1,09 €","2,42 €/Kg"
Queijo brie 60% mg,Páturages,Embalagem de 200 g,"1,45 €","7,25 €/Kg"
Spray wc active clean wild,Ambipur,750 ml,"1,79 €","2,39 €/L"
Spray limpa vidros,Ajax,Embalagem de 500 ml,"3,19 €","6,38 €/L"
Iogurte arôma de frutos vermelhos,PorSi,Embalagem de 8x125 g,"1,87 €","1,25 €/Kg"
Massa de macarrão riscado,Nacional,Embalagem de 500g,"0,89 €","1,78 €/Kg"
Sobremesa gelatina de morango,PorSi,Embalagem 4X100G,"0,85 €","2,13 €/Kg"
Bagas de cranberry,Cemporcent,Embalagem de 125 g,"0,79 €","3,95 €/Kg"
Queijo de cabra gourmet,Palhais,Embalagem de 180g,"1,89 €","10,50 €/Kg"
Azeitona preta,PorSi,Embalagem de 560 g,"1,79 €","2,29 €/Kg"
Bolachas crackers com sal,PorSi,Embalagem de 500g,"0,39 €","3,12 €/Kg"
Vinho doc alentejo tinto,Albarrada,Garrafa de 750 ml,"2,89 €","3,85 €/L"
Patê frango,La piara,Embalagem de 80g,"1,19 €","13,52 €/Kg"
Iogurte Activia Fibras Aveia & Frutos Secos,Danone,Embalagem 4x115g,"2,79 €","6,07 €/Kg"
Ambientador elétrico pure clean linen + recarga,Glade,1 unidade,"3,74 €","3,74 €/Unidade"
"Elásticos grandes coloridos, pack de 20 unidades",Domédia,1 embalagem,"5,99 €","5,99 €/Unidade"
Tablete de chocolate preto,Nestle,Embalagem de 130g,"0,99 €","4,95 €/Kg"
Mistura solúvel bolero,Nestle,Embalagem de 200g,"0,99 €","3,96 €/Kg"
Fita adesiva,PorSi,5m x 2.5 cm,"2,86 €","2,86 €/Unidade"
Gogo SqueeZ Snack de Maçã,Gogo,Embalagem de 4 x 90g,"2,29 €","6,94 €/L"
Creme vitalift 5,Men expert,Embalagem de 50 ml,"5,99 €","14,98 €/L"
Mini tostas integrais,PorSi,Embalagem de 180g,"0,69 €","3,07 €/Kg"
Quiche lorraine,Monique Ranou,Embalagem de 400 g,"1,89 €","6,30 €/Kg"
Esferográfica Cristal Ouro e Prata x2,Bic,1 unidade,"2,69 €","2,69 €/Unidade"
Tábua de engomar,PorSi,Dim.: 120 x 38 cm,"15,85 €","15,85 €/Unidade"
Bolachas ricanela,Cuetara,Embalagem de 400g + 100g grátis,"0,39 €","3,12 €/Kg"
Bolachas vitalday recheio avelã,Gullon,Embalagem de 220g,"3,09 €","10,30 €/Kg"
Néctar de laranja,Bongo,Garrafa de 1 l,"0,99 €","0,99 €/L"
Whisky,Cutty Sark,Garrafa de 700 ml,"11,49 €","16,41 €/L"
Corantes alimentares ducros,Vahine,Garrafa de 20 ml,"1,89 €","17,18 €/Kg"
Liegeois de chocolate,Milchfrisc,Embalagem de 200g,"0,55 €","2,75 €/Kg"
Iogurte vidro pedaços morango,PorSi,Embalagem de 2 x 135 g,"1,49 €","2,98 €/Kg"
Dessert topping chocolate,Winsenia,Embalagem de 300g,"1,29 €","3,23 €/Kg"
Lava tudo antibacteriano floral,PorSi,"Garrafa de 1,5 l","1,89 €","1,26 €/L"
Vinho regional lisboa branco,Marginal,Garrafa de 750 ml,"3,99 €","5,32 €/L"
Creme vegetal soja,Planta,Embalagem de 250 gr,"1,39 €","6,95 €/L"
Batata pré-frita noisette,PorSi,Embalagem de 1 kg,"1,39 €","1,39 €/Kg"
Recarga mopa 1.2 spray max,Vileda,1 unidade,"2,20 €","2,20 €/Unidade"
Areia para gato aglomerante,PorSi,Embalagem de 5 litros,"1,19 €","0,24 €/Kg"
Polpa de cebola e alho,PorSi,Embalagem de 500 g,"3,84 €","24,00 €/Kg"
Bolachas waffers com recheio de limão,Cuetara,Embalagem de 150 gr,"0,98 €","4,67 €/Kg"
Pó de talco,PorSi,Embalagem de 250g,"0,59 €","5,90 €/L"
Red Fish,Peixe Congelado,300 a 500 g,"3,99 €/Kg","3,99 €/Kg"
Bolacha de caramelo,Snapy,Embalagem de 250g,"2,11 €/Kg","2,11 €/Kg"
Fralda Cueca Banho Splashers T4,Dodot,1 Embalagem c/11 unidades,"8,49 €","8,49 €/Unidade"
Sopa de Cebola,PorSi,Embalagem de 62 g,"0,84 €","13,55 €/Kg"
Vinho branco frisante,Cacho Fresco,Garrafa de 0.75 l,"2,29 €","3,05 €/L"
Pudim flan,PorSi,Embalagem de 4 x 5.6 g,"0,59 €","29,50 €/Kg"
Gomas beijinhos,PorSi,Embalagem de 300 g,"1,19 €","3,97 €/Kg"
Ambientador vela baunilha,PorSi,1 unidade,"11,99 €","11,99 €/Unidade"
Lava Tudo Brilhante Floral,Sonasol,"embalagem 1,1L","1,89 €","1,26 €/L"
Toalha em rolo papel azul,PorSi,1 Unidade,"3,59 €","3,59 €/Unidade"
Snack para gato de galinha e pato,Catisfactions,Embalagem de 60g,"0,99 €","16,50 €/Kg"
Café Torrado em Grão Colômbia,Delta,Embalagem de 220g,"9,16 €/Kg","9,16 €/Kg"
Vinho maduro branco,Ala dos namorados,Garrafa de 75 cl,"2,29 €","3,05 €/L"
Sementes de chia,PorSi Viva Bem,Embalagem de 150 g,"1,59 €","10,60 €/Kg"
Super tea boost com vitamina b6,Tetley,Embalagem de 40g,"44,50 €/Kg","44,50 €/Kg"
Vinho do porto special reserve,V.alegre,Garrafa de 750 ml,"10,99 €","14,65 €/L"
"Gel barbear, proglide 2em1 Sport",Gillette,Embalagem de 170 ml,"1,16 €","4,64 €/L"
Rebuçados peitorais,Dr.bayard,Embalagem de 200g,"0,77 €","3,85 €/Kg"
Iogurte grego maçã e canela,Danone,Embalagem de 4 x 110 g,"1,49 €","2,98 €/Kg"
Lenços de bolso folha tripla,PorSi,9 x 30 unidades,"0,89 €","0,89 €/Unidade"
Batata Pré-Frita Croquettes,PorSi,Embalagem de 1 kg,"1,39 €","1,39 €/Kg"
Queijo light,Philadelph,Embalagem de 180g,"2,05 €","16,40 €/Kg"
Batatas fritas onduladas originais,Ruffles,Embalagem de 282g,"1,06 €","5,73 €/Kg"
Óleo aloé vera,Johnson's Baby,Embalagem de 300 ml,"5,59 €","18,63 €/L"
Ervilhas bio,PorSi Bio,Frasco com 290 g,"1,79 €","2,29 €/Kg"
Creme p/ Calçado Castanho,Búfalo,Embalagem de 50 ml,"0,99 €","19,80 €/L"
Gogo SqueeZ Snack Maçã,Gogo,Embalagem de 90g,"2,29 €","6,94 €/L"
Achocolatado em pó,Ovomaltine,Embalagem de 400g,"5,39 €","7,19 €/Kg"
"Tiras limpa poros faciais, 6unidades",Labell,1 embalagem,"0,76 €","0,76 €/Unidade"
Detergente líquido p/ máquina lavar roupa cores,Woolite,"Garrafa de 1,65 l","13,99 €","3,29 €/L"
Biscoito para cão nuggets,Purina One,Embalagem de 90g,"3,39 €","18,83 €/Kg"
Lenços de bolso 4 folhas,PorSi,Embalagem de 18 x 10 unidades,"0,89 €","0,89 €/Unidade"
Licor frutos tropicais,Safari,Garrafa de 700 ml,"16,99 €","24,27 €/L"
Aroma baunilha,Vahine,Embalagem de 20g,"1,89 €","17,18 €/Kg"
Recarga Esfregona de Microfibras,PorSi,1 unidade,"0,89 €","0,89 €/Unidade"
Pilhas Alcalinas AAA Optimum,Duracell,Blister 4 Pilhas,"1,49 €","1,49 €/Unidade"
Petit gâteau,PorSi,Embalagem de  4 x 80 g,"2,65 €","8,28 €/Kg"
Queijo camembert 45% mg,Páturages,Embalagem de 250 g,"1,45 €","7,25 €/Kg"
Havana club-añejo 7 anos,Havana,Garrafa de 700 ml,"17,49 €","24,99 €/L"
Oikos morango 110g x4,Danone,Embalagem de 440g,"1,49 €","2,98 €/Kg"
"Pasta de arquivo, lombada estreita, azul",Domédia,1 unidade,"3,29 €","3,29 €/Unidade"
Mostarda a'lancienne,PorSi Select,190 g,"2,14 €","7,64 €/Kg"
Activia topper muesli & arando,Danone,Embalagem de 170g,"2,79 €","6,07 €/Kg"
Doce pessego 284g,ST.DALFOUR,Frasco de 284g,"2,19 €","9,95 €/Kg"
Gel Lubrificante Play Calor,Durex,Embalagem de 50 ml,"4,49 €","4,49 €/Unidade"
"Guardanapos brancos, 33x33cm, 2 folhas, 90 unidades",Renova,Uma embalagem,"1,29 €","1,29 €/Unidade"
Choco flakes,Cuetara,Embalagem de 500g,"5,07 €/Kg","5,07 €/Kg"
"Borracha mini softy, pack de 3 unidades",Maped,1 embalagem,"2,69 €","2,69 €/Unidade"
Guloseima para cão biscrok,Pedigree,Embalagem de 500 g,"3,39 €","18,83 €/Kg"
"Espuma de cabelo, volume absoluto",Pantene,Embalagem de 200 ml,"3,99 €","53,20 €/L"
Arroz agulha Europa,PorSi,Embalagem de 1 kg,"0,99 €/Kg","0,99 €/Kg"
"Coloração permanente, vermelho ousado nº5.62",Nutrisse,1 unidade,"9,49 €/Unidade","9,49 €/Unidade"
Bebida essencial frutos vermelhos,Compal,Pack 3 x 0.11 l,"2,29 €","6,94 €/L"
Água s/ gás,Luso,Pack 6 x 1.5 l,"1,04 €","0,17 €/L"
Néctar 8 frutos,Bongo,Pack 6 x 200 ml,"0,99 €","0,99 €/L"
"Rebuçados de fruta, diamante",PorSi,Embalagem de 200 g,"1,00 €","5,00 €/Kg"
Esparguete integral com aveia,Milaneza,Embalagem de 500g,"0,89 €","1,78 €/Kg"
Biscoitos integrais aveia e manteiga de amendoim,PorSi Viva Bem,Embalagem de 150g,"0,69 €","3,45 €/Kg"
Levedura de cerveja,Salutem,Embalagem de 150g,"2,29 €","11,45 €/Kg"
Lenços de bolso 6x10 - 3 folhas,PorSi,1 embalagem com 6 unidades,"0,89 €","0,89 €/Unidade"
"Sumo 100%, tutti-frutti",PorSi,"Embalagem de 1,5 l","1,09 €","0,73 €/L"
Gel de Banho Deeply Nourishing,Dove,Embalagem de 750 ml,"6,49 €","8,65 €/L"
Bolachas bambolitos chocolate e leite,PorSi,Embalagem de 150g,"0,79 €","5,27 €/Kg"
Mistolin tira-nódoas,Mistolin,Garrafa de 500 ml,"1,79 €","2,39 €/L"
Fiambre da Pá,Salsicharia Limiana,1 un = 150 gr (aprox.),"0,97 €","6,49 €/Kg"
Cerveja 0.0%,Heineken,Lata de 0.33 l,"5,99 €","3,03 €/L"
Maracujá Roxo,Fruta da Época,1 un = 250 gr  (aprox.),"2,35 €","4,69 €/Kg"
Cacau magro em pó,PorSi,Embalagem de 125 g,"1,04 €","8,32 €/Kg"
Penso júnior,PorSi,20 unidades,"2,86 €","2,86 €/Unidade"
Forma de papel para bolos 6. 8cm,PorSi,Embalagem com 60 unidades,"0,54 €","0,54 €/Unidade"
Vinagre vinho branco 250ml,Cristal,Garrafa de 250 ml,"0,35 €","0,70 €/L"
Bandas de cera axilas/bikini,Labell,Embalagem com 16 un. + 4 toalhitas de acabamento,"6,99 €","6,99 €/Unidade"
Água c/ gás limão,Frize,pack 4 x 0.25 l,"2,85 €","2,85 €/L"
Mistura de cogumelos,PorSi,Embalagem de 400g,"1,39 €","1,85 €/Kg"
Spray desinfetante multiusos,Lysol,Embalagem de 500 ml,"1,19 €","0,79 €/L"
Iogurte aroma de banana,PorSi,Embalagem de 4x125g,"1,87 €","1,25 €/Kg"
Bolacha tosta rica choco guay,Cuetara,Embalagem de 170g,"1,89 €","15,75 €/Kg"
Biscoito para cão veado,Purina One,Embalagem de 120g,"3,39 €","18,83 €/Kg"
Liquido abrilhantador castanho,PorSi,75 ml,"2,25 €","45,00 €/L"
Mini Tostas de Trigo,PorSi,Embalagem de 350 g,"0,69 €","3,07 €/Kg"
"Alimento para peixe, tetrapond stickslago",Tetra,Embalagem de 1 l,"7,29 €","7,29 €/L"
Bolacha waffer bites cacau,Waferland,Embalagem de 125g,"0,98 €","4,67 €/Kg"
Granola + classica,Cemporcent,Embalagem de 375g,"1,34 €","2,68 €/Kg"
Tampões ProComfort Normal,O.B.,1 Embalagem c/32 unidades,"4,89 €","4,89 €/Unidade"
Cerveja super bock stout,Super Bock,Garrafa de 330 ml,"1,99 €/L","1,99 €/L"
Detergente liquido loiça clássico,PorSi,Garrafa de 1 litro,"0,89 €","0,89 €/L"
Creme vegetal culinário,Vaqueiro,Embalagem de 250 g,"2,89 €","2,89 €/Kg"
Vinho rosé regional península de Setúbal,Selecção de Enófilos,Garrafa de 0.75 l,"8,59 €","11,45 €/L"
Manteiga c/ sal gourmet,Novacores,Embalagem de 250g,"1,69 €","6,76 €/Kg"
Guardanapos | Dim.: 30 x 33 cm,PorSi,Embalagem com 20 unidades,"1,29 €","1,29 €/Unidade"
"Frutapura maçã, banana e frutos do bosque",Bledina,Embalagem de 85g,"2,29 €","6,94 €/L"
Alecrim em folhas,PorSi,Embalagem de 25g,"0,25 €","0,25 €/Kg"
Mini meia mousse muskade 20D t. único,PorSi,Tamanho: m,"1,89 €","1,89 €/Unidade"
Biscottina com alho e salsa,RUSTICA,Embalagem de 100 g,"0,69 €","3,07 €/Kg"
Jogo de Damas,Olivo,caixa metálica,"9,99 €/Unidade","9,99 €/Unidade"
Bacalhau desfiado,PorSi,Embalagem de 500g,"4,99 €","9,98 €/Kg"
Esparguete s/ glúten,Milaneza,Embalagem de 500g,"2,99 €","7,97 €/Kg"
20 saquetas chá verde pure,Lipton,Embalagem de 30g,"85,00 €/Kg","85,00 €/Kg"
Chá earl grey,Lipton,Embalagem de 40g,"44,50 €/Kg","44,50 €/Kg"
Infusão funcho,Cemporcent,Embalagem de 10 unidades,"0,99 €","76,15 €/Kg"
Semente linhaça amarela,Salutem,Embalagem de 250g,"2,29 €","11,45 €/Kg"
Gelatina ananás 10kcal,Royal,Embalagem de 30g,"0,55 €","61,11 €/Kg"
12 pastéis de bacalhau,PorSi,Embalagem de 300 g,"1,71 €","5,70 €/Kg"
Recarga  para esfregona tiras,PorSi,1 unidade,"0,89 €","0,89 €/Unidade"
Salsichão extra allnatural fatiado,Allnatural,Embalagem de 80g,"0,95 €","9,49 €/Kg"
Dominó,Olivo,caixa metálica,"9,99 €/Unidade","9,99 €/Unidade"
Pudim caseiro de laranja,Royal,Embalagem de 200g,"0,59 €","29,50 €/Kg"
Porto branco,Valadao,Garrafa de 750 ml,"11,99 €","15,99 €/L"
Óleo Bronzeador Coco,Ambre Solaire,Embalagem de 200 ml,"15,99 €","79,95 €/L"
Snack dentastix médio,Pedigree,Embalagem de 720 g,"3,39 €","18,83 €/Kg"
Azeite virgem extra seleção,PorSi,Garrafa de 2 l,"3,19 €","4,25 €/L"
Vinho frisante rosé,Lapadas,Garrafa de 750 ml,"2,29 €","3,05 €/L"
Inseticida ajustável eléctrico líquido anti melgas e...,Raid,60 noites,"7,69 €","7,69 €/Unidade"
Gelo em cubos,PorSi,Embalagem de 2 kg,"1,00 €","0,50 €/Kg"
Granola aveia fitness mel,Nestle,Embalagem de 300g,"5,59 €","8,87 €/Kg"
Esparguete integral,Salutem,Embalagem de 500g,"1,34 €","2,68 €/Kg"
Farinha láctea cerelac,Cerelac,Embalagem de 500g,"4,49 €","4,49 €/Kg"
Lombos de salmão,PorSi,Embalagem de 300g,"4,39 €","10,98 €/Kg"
Vinho tinto alentejo,Loios,Garrafa de 750 ml,"2,89 €","3,85 €/L"
Banha,PorSi,Embalagem de 940 g,"2,89 €","2,89 €/Kg"
Pizza romana,PorSi,Embalagem de 370g,"2,16 €","6,17 €/Kg"
Chuchu,Legumes do Dia,1 un = 250 gr  (aprox.),"0,65 €","2,59 €/Kg"
Creme vegetal para cozinha,Becel,Embalagem de 450 g,"1,39 €","6,95 €/L"
Marmelada,PorSi,Embalagem de 450g,"1,09 €","2,42 €/Kg"
"Esferográfica, 4 cores",Bic,1 unidade,"2,69 €","2,69 €/Unidade"
"Vela em número, nº 6",PorSi,1 unidade,"0,60 €","0,60 €/Unidade"
Azeite virgem delicado,Gallo,Garrafa de 750 ml,"3,19 €","4,25 €/L"
Cápsulas de café delta qualidus,Delta Q,Embalagem de 60g,"59,82 €/Kg","59,82 €/Kg"
Iogurte pedaços ananás,PorSi,Embalagem de 4 x 125 g,"4,36 €","2,18 €/Kg"
Tablete de chocolate leite com amêndoas,PorSi Select,200 g,"6,50 €/Kg","6,50 €/Kg"
Anticongelante vermelho 20%,PorSi,Embalagem de 1 l,"3,99 €","0,80 €/L"
Couve de bruxelas,PorSi,Embalagem de 750 g,"1,39 €","1,85 €/Kg"
Tablete de chocolate leite,Schogetten,Embalagem de 100g,"5,30 €/Kg","5,30 €/Kg"
Sementes de girassol,Cemporcent,Embalagem de 150 G,"1,89 €","3,78 €/Kg"
Chupas Party Mix,PorSi,150 g,"3,40 €","28,33 €/Kg"
Chocolate negro 72% cacau,Cemporcent,Embalagem de 100g,"1,79 €","17,90 €/Kg"
Mangericão em vaso,Aroma viva,Embalagem de 1 unidades,"0,89 €","17,80 €/Kg"
"Pensos diários maxiplus, 30 unidades",Evax,Uma embalagem,"1,79 €","1,79 €/Unidade"
Inseticida para baratas e formigas,Baygon,Embalagem de 400 ml,"5,09 €","8,48 €/L"
Frutapura Pouch Banana Morango,Bledina,Embalagem de 85g,"2,29 €","6,94 €/L"
Fiambre da perna extra,PorSi,Pack Poupança de 2 x 170 g,"0,97 €","6,49 €/Kg"
Sacos do lixo perfumado 30 litros,PorSi,15 unidades,"1,79 €","1,79 €/Unidade"
Bolacha cream cracker,Cuetara,Embalagem de 200g,"0,39 €","3,12 €/Kg"
Bebida de soja e chocolate,PorSi Viva Bem,Embalagem de 1 l,"2,49 €","2,49 €/L"
Gengibre,Legumes do Dia,1 un = 100 gr (aprox.),"0,65 €","2,59 €/Kg"
Café Moagem Universal Honduras,PorSi,Embalagem de 220g,"9,16 €/Kg","9,16 €/Kg"
Ice tea de pêssego,PorSi,Garrafa de 2 l,"1,90 €","1,27 €/L"
Argolas Romana,PorSi,Embalagem de 400 g,"1,71 €","5,70 €/Kg"
Suiss'fruits fruta 12x50g,PorSi,Embalagem de 600g,"4,23 €/Kg","4,23 €/Kg"
Feijoada transmontana,Nobre,Embalagem de 420g,"2,35 €","5,60 €/Kg"
"Amaciador de roupa, azul",Comfort,Garrafa de 4 l,"8,99 €","2,25 €/L"
18 hamburguers s/ glúten vaca,Capitão Iglo,Pack familiar com 1.4 kg,"2,79 €","8,72 €/Kg"
Queijo dop cura 4 meses fatias,Sao jorge,Embalagem de 400g,"2,42 €","9,69 €/Kg"
Doce quatro frutos,ST.DALFOUR,Frasco de 284g,"2,19 €","9,95 €/Kg"
Mix do Bosque,Fruta Embalada,Embalagem com 175 gr,"2,19 €","17,52 €/Kg"
Descafeinado em cápsulas Pianíssimo 10x5g,PorSi Select,Embalagem de 50g,"1,59 €","6,36 €/Kg"
Fósforos cozinha,Quinas,Embalagem com 4 caixas por unidade,"1,50 €","1,50 €/Unidade"
Toalhitas Bebé Nature,PorSi,64 unidades,"1,09 €/Unidade","1,09 €/Unidade"
Bolachas com recheio de chocolate,PorSi,Embalagem de 3 x 250 g,"2,15 €","2,87 €/Kg"
Actimel natural,Danone,Embalagem de 600g,"4,15 €/Kg","4,15 €/Kg"
Porto special reserva,Cruz,"garrafa de 0,75 l","10,99 €","14,65 €/L"
6 Salsichas Frescas Chipolatas com Ervas,PorSi,330 g,"0,55 €","5,49 €/Kg"
Bolacha digestive aveia 258g,Vieira,Embalagem de 258 g,"0,98 €","3,27 €/Kg"
Spray Ideal Bronze IP20,Ambre Solaire,Embalagem de 200 ml,"15,99 €","79,95 €/L"
Cereais nesquik,Nestle,Embalagem de 625g,"5,07 €/Kg","5,07 €/Kg"
Rolinhos waffletten milk,Bahlsen,Embalagem de 100g,"11,93 €/Kg","11,93 €/Kg"
Sumo natural de uva preta bio,Cemporcent,Garrafa de 1 l,"2,19 €","2,19 €/L"
Fruta para bebé banana laranja bolacha +6 meses,Nestle,Embalagem de 90g,"0,74 €","8,22 €/Kg"
Vela com número 4,PorSi,1 unidade,"0,60 €","0,60 €/Unidade"
Gel ativo com lixívia,PorSi,Embalagem de 1.5 l,"1,19 €","0,79 €/L"
Forma Pão de Ló Antiaderente 24cm,PorSi,1 unidade,"9,99 €","9,99 €/Unidade"
Café moagem universal brasil,Delta,Embalagem de 220g,"9,76 €/Kg","9,76 €/Kg"
Balões latex amarelos,PorSi,Embalagem com 24 unidades,"1,69 €","1,69 €/Unidade"
"Rebuçados sem açucar vita c, sabor citrinos",Halls,Embalagem de 32G,"0,77 €","3,85 €/Kg"
Café torrado em grão,PorSi,250 g,"9,16 €/Kg","9,16 €/Kg"
Azeite virgem extra gourmet,Gallo,Garrafa de 750 ml,"3,19 €","4,25 €/L"
Caramelos e rebuçados,PorSi,Embalagem de 200g,"1,10 €","4,40 €/Kg"
"Luvas Multi 100, Tamanho Pequeno/Médio",Vileda,1 Embalagem,"4,29 €","4,29 €/Unidade"
Espumoso grand reale dessert,Gancia,Garrafa de 750 ml,"3,99 €","5,32 €/L"
Leite seleccionado leve,Matinal,Garrafa de 1 l,"0,81 €","0,81 €/L"
Alho-francês,PorSi,Embalagem de 750 g,"1,39 €","1,85 €/Kg"
After Shave Bálsamo Sensitive Cool,Nivea Men,Embalagem de 100 ml,"1,16 €","4,64 €/L"
Pão ralado clássico,PorSi,Embalagem de 240 g,"0,55 €","2,29 €/Kg"
Salada de fruta em calda,PorSi,Embalagem de 3 x 220 g,"1,99 €","2,37 €/Kg"
Achocolatado em pó extra chocolate,Nesquik,Embalagem de 390g,"5,39 €","7,19 €/Kg"
Snack frango de higiene oral diária para cão,Purina One,Embalagem de 40 g,"3,39 €","18,83 €/Kg"
Nata uht para bater,Gresso,Garrafa de 200 ml,"0,75 €","3,75 €/L"
Bebida Solúvel Mokambo Chicória e Café,Nestle,Embalagem de 240g,"14,50 €/Kg","14,50 €/Kg"
"Caixa com saquetas de  pau de canela, 30 unidades",PorSi,Embalagem 90G,"0,25 €","0,25 €/Kg"
"Batata frita wavy, ondulada",PorSi,Embalagem de 90g,"1,06 €","5,73 €/Kg"
Refeição caseira almôndegas,Nobre,Embalagem de 420g,"2,35 €","5,60 €/Kg"
"Pasta dentífrica, 7-13 anos",Labell,Embalagem de 75 ml,"0,99 €","0,99 €/Unidade"
Acetona,PorSi,Embalagem de 200 ml,"1,89 €","9,45 €/L"
Pó baratas e formigas,Baygon,Embalagem de 250 g,"5,49 €","13,73 €/L"
Pack de 3 embalagens de polpa de tomate,Compal,Embalagem de 630g,"3,84 €","24,00 €/Kg"
Resguardo para bebé,PorSi,Dim.: 60 x 60 cm,"4,99 €/Unidade","4,99 €/Unidade"
Café c/ cafeína intenso,Nescafe,Embalagem de 100g,"14,50 €/Kg","14,50 €/Kg"
Néctar de laranja e cenoura light,PorSi,Embalagem de 3 x 200 ml,"0,84 €","2,55 €/L"
Loção tónica para pele seca,Labell,Embalagem de 250 ml,"0,76 €","0,76 €/Unidade"
Alheira de mirandela,PorSi Select,Embalagem de 200 g,"1,49 €","7,45 €/Kg"
Pipocas coloridas,Orcape,Embalagem de 100g,"0,79 €","7,90 €/Kg"
Vinho tinto doc dão,Cabriz,Garrafa de 0.75 l,"7,49 €","9,99 €/L"
Óleo alimentar,Vêgê,Embalagem de 1 l,"3,39 €","3,39 €/L"
Cappucino go chill com cacau,Delta,Embalagem de 230 ml,"3,19 €","25,52 €/Kg"
Tablete de chocolate oreo,Milka,Embalagem de 300g,"5,30 €/Kg","5,30 €/Kg"
Peito de peru fatias,PorSi,Embalagem de 150g,"1,44 €","9,59 €/Kg"
Piripiri grão,PorSi,Saqueta de 20 g,"0,25 €","0,25 €/Kg"
Sopa rabo de boi económica,Knorr,Embalagem de 60g,"0,84 €","13,55 €/Kg"
Royal gelatin,Royal,Embalagem de 400g,"0,85 €","2,13 €/Kg"
Pescada panada em forma de filete,Pescanova,Embalagem de 1 Kg,"4,39 €","10,98 €/Kg"
Fiambre da Perna Extra,PorSi,1 un = 150 gr (aprox.),"0,97 €","6,49 €/Kg"
Toalha de banho,PorSi,100 x 150 cm,"20,99 €","20,99 €/Unidade"
Queijo fundido vaca que ri palitos light 140g,A Vaca Que Ri,Embalagem de 140g,"2,39 €","19,92 €/Kg"
Vinho branco alentejo,Loios,Garrafa de 750 ml,"2,89 €","3,85 €/L"
Manteiga com sal cuvete,LORETO,Embalagem de 250g,"1,69 €","6,76 €/Kg"
Bolachas cream cracker sesamo,Vieira,Embalagem de 200g,"0,39 €","3,12 €/Kg"
Bolachas cereais e pepitas de chocolate,PorSi,Embalagem de 400 g,"0,90 €","6,00 €/Kg"
Bolacha dibus mini angry birds,Gullon,Embalagem de 250g,"1,89 €","15,75 €/Kg"
Pudim de chocolate,Boca Doce,Embalagem de 20g,"0,59 €","29,50 €/Kg"
Queijo vaca sem lactose,PorSi Viva Bem,250 g,"2,59 €","5,40 €/Kg"
Cheeseburger Vaca,Snock,Embalagem de 100 g,"3,39 €","21,19 €/Kg"
Almôndegas de bovino,PorSi,Embalagem de 400 g,"3,53 €","8,83 €/Kg"
Ambientador aerosol pure flor de cerejeira,Air Wick,Garrafa de 250 ml,"0,99 €","3,30 €/L"
Detergente manual de roupa,Omo,Embalagem de 540g,"2,38 €","4,67 €/Kg"
Papa infantil láctea 5 frutos +6 meses,Cerelac,Embalagem de 250g,"4,49 €","4,49 €/Kg"
Penso de incontinência boutique mini,Ausonia Discreet,Embalagem de 16 un.,"1,95 €","1,95 €/Unidade"
Ambientador recarga oasis turquesa,Air Wick,Garrafa de 250 ml,"11,89 €","11,89 €/Unidade"
Limpa injetores diesel,PorSi,Embalagem de 250 ml,"41,99 €","8,40 €/L"
Crepes de legumes,PorSi,Embalagem de 310g,"1,71 €","5,70 €/Kg"
Ambientador vela frutos vermelhos,PorSi,1 unidade,"11,99 €","11,99 €/Unidade"
Sal marinho grosso,Vatel,Embalagem de 1 kg,"0,25 €","0,25 €/Kg"
Papel Anti traça,Raid,2 x 12 unidades,"1,99 €","1,99 €/Unidade"
Nutella,Nutella,Embalagem de 700g,"4,19 €","12,32 €/Kg"
Queijo roquefort,Páturages,Embalagem de 150 g,"1,45 €","7,25 €/Kg"
Lasanha bolonhesa,Iglo,Embalagem de 300g,"2,16 €","6,17 €/Kg"
Quanto íris 52d+4x8,Quanto,Garrafa de 1.12 l,"3,99 €","3,99 €/Unidade"
Sumo essencial kids,Compal,pack 3 x 0.11 l,"2,29 €","6,94 €/L"
Ambientador aerossol 5 em 1 lavanda,PorSi,300 ml,"0,99 €","3,30 €/L"
Guache,Giotto,6 x 7.5 ml,"3,09 €","3,09 €/Unidade"
"Salsa em folhas, pacote",Margao,Embalagem de 10g,"0,25 €","0,25 €/Kg"
Cebola picada em pacote,PorSi,Embalagem de 40 g,"0,25 €","0,25 €/Kg"
Infusão hipericão,Cemporcent,Embalagem de 10 unidades,"0,99 €","76,15 €/Kg"
Vela com número nº 6,PorSi,1 unidade,"0,60 €","0,60 €/Unidade"
Bebida arroz,Alpro,Embalagem de 1 l,"2,19 €","2,19 €/L"
Moscatel de setúbal,Pioneiro,Garrafa de 750 ml,"16,99 €","24,27 €/L"
Puré batata doce,PorSi,Embalagem de 750g,"1,89 €","6,30 €/Kg"
Snack cao up vaca 20x10g,PorSi,Embalagem de 200g,"3,39 €","18,83 €/Kg"
Néctar de pera rocha e framboesa do Oeste Algarve,Compal,1 litro,"0,99 €","0,99 €/L"
