Nome,Marca,Unidade,Preço Primário,Preço Secundário
Filtro Chá Aço Inoxidável,Gratta,1 unidade,"3,55 €","3,55 €/Unidade"
Miolo de camarão 80/100,Pescanova,Embalagem de 350g,"8,99 €","25,69 €/Kg"
Castanhas,PorSi,Embalagem de 500G,"4,99 €","9,98 €/Kg"
Saqueta de puré de fruta | maçã + banana + morango,PorSi,90 g,"0,74 €","8,22 €/Kg"
Cabo de metal com rosca,PorSi,1.20 m,"2,20 €","2,20 €/Unidade"
Tosta rica oceanix 160g,Cuetara,Embalagem de 160g,"3,79 €","21,06 €/Kg"
Leite uht sem lactose magro,PorSi Viva Bem,1 litro,"1,09 €","1,09 €/L"
Detergente Líquido p/ Loiça Original,Fairy,"Embalagem de 1,19 l","1,05 €","2,10 €/L"
Queijo fatias -50% gordura,Terra Nostra,Embalagem de 400g,"1,96 €","9,80 €/Kg"
Biscoitos integrais sementes de agave,PorSi Viva Bem,Embalagem de 150g,"1,45 €","11,15 €/Kg"
Cem porcento-lentilhas vermelhas,Cemporcent,Embalagem de 500g,"1,34 €","2,68 €/Kg"
Crescido,Bacalhau da Islândia,1 un = 1.5 kg (aprox.),"8,73 €/Kg","8,73 €/Kg"
Chocolate kit kat,Kit kat,Embalagem de 130g,"11,93 €/Kg","11,93 €/Kg"
Iogurte magro morango,Longa vida,Embalagem de 6 x 120 g,"1,44 €","2,88 €/Kg"
Sabonete sensitive,Palmolive,Embalagem de 4x90 g,"4,49 €","12,47 €/Kg"
Iogurte infantil c/ drageias coloridas,PorSi,140 g,"1,05 €","1,86 €/L"
Goela,Porco,Vendido ao peso,"4,99 €","4,99 €/Kg"
Iogurte líquido morango,PorSi,Embalagem de 8x160 ml,"1,31 €","2,05 €/Kg"
Ração para gato esterilizado com peru,Friskies,Embalagem de 3 kg,"12,99 €","4,33 €/Kg"
Framboesas 100% Naturais,PorSi,Embalagem de 750 g,"4,99 €","9,98 €/Kg"
Vinho doc douro tinto,Papa Figos,Garrafa de 0.75 l,"7,49 €","9,99 €/L"
"Vinho rosé, meio seco",Leziria,Garrafa de 750 ml,"4,29 €","5,72 €/L"
Farinheira do fundão,PorSi,Embalagem de 250g,"2,35 €","13,06 €/Kg"
Água c/ gás groselha,Frize,pack 4 x 0.25 l,"2,85 €","2,85 €/L"
"Queijo curado, amanteigado",Paiva,Embalagem de 550g,"4,00 €","15,99 €/Kg"
Pó Compacto Classic Beige 006,Rimmel,1 unidade,"9,99 €","9,99 €/Unidade"
Renovador Camurça em Spray Preto,Búfalo,Embalagem de 250 ml,"5,09 €","20,36 €/L"
Gelatina zero % morango,Koala,Embalagem de 130g,"0,85 €","2,13 €/Kg"
Miolo de camarão cozido 40/60,Pescanova,Embalagem de 200 g,"8,99 €","25,69 €/Kg"
Chocolate negro com coco,Cemporcent,Embalagem de 125g,"2,89 €","23,12 €/Kg"
Caixa de Ameixa C/ Caroço,Ferbar,Embalagem de 230 g,"1,00 €","3,99 €/Kg"
Cappuccino café arábica cacau magro em pó,PorSi,250 ml,"1,99 €","15,92 €/Kg"
Palitos superfinos,PorSi,Embalagem de 400 unidades,"1,50 €","1,50 €/Unidade"
Lança dardos Iron Man,Avengers,1 un.,"24,99 €/Unidade","24,99 €/Unidade"
Sumo essencial de pêssego,Compal,pack 3 x 0.11 l,"0,99 €","0,99 €/L"
Néctar clássico laranja,Compal,Embalagem de 1 l,"0,99 €","0,99 €/L"
Desinfetante p/ Cozinha,Sanytol,Embalagem de 750 ml,"4,89 €","6,52 €/L"
Leite Bem Essencial Chocolate,Mimosa,Embalagem de 4 x 200 ml,"0,26 €","1,30 €/L"
Robô Cãozinho Dackel,Ycoo,1 unidade,"49,99 €/Unidade","49,99 €/Unidade"
Amido de milho,PorSi,Embalagem de 400g,"1,79 €","21,83 €/Kg"
"Coloração permanente, castanho claro cobre nº54",Nutrisse,1 unidade,"9,49 €/Unidade","9,49 €/Unidade"
Bolachas dinossauros dinoovos,Artiach,Embalagem de 140g,"3,79 €","21,06 €/Kg"
"Forma de papel para bolos, 9 cm, 60 unidades",PorSi,Uma embalagem,"0,99 €","0,99 €/Unidade"
Óleo de girassol,PorSi,garrafa de 3 litros,"3,39 €","3,39 €/L"
Salsichas de porco,Nobre,Lata de 200g,"0,75 €","3,75 €/Kg"
Toalha banho bordada,PorSi,80x80 cm,"4,99 €","4,99 €/Unidade"
Esferográfica Cor Sortida Média,Mab,Embalagem com 4 un.,"2,69 €","2,69 €/Unidade"
Arroz estufado,Caçarola,Embalagem de 1 kg,"1,26 €","1,26 €/Kg"
Arroz selvagem,Caçarola,Embalagem de 500 g,"1,26 €","1,26 €/Kg"
Limpa Motores,PorSi,Embalagem de 1 l,"3,99 €","0,80 €/L"
Chocolate single 38g,Toff.crisp,Embalagem de 40g,"11,93 €/Kg","11,93 €/Kg"
Amora,Nossa seleção,Embalagem com 125g,"2,00 €","7,99 €/Kg"
Lixívia tradicional,PorSi,Embalagem de 1 l,"2,59 €","1,30 €/L"
Vinho regional lisboa reserva tinto,Mundus,Garrafa de 750 ml,"4,99 €","6,65 €/L"
Queijo são jorge dop,PorSi Select,Embalagem de 400g,"3,80 €","15,19 €/Kg"
Papa infantil láctea maçã +6 meses,Cerelac,Embalagem de 250g,"4,99 €","4,99 €/Kg"
Doce light alperce,PorSi,Embalagem de 340g,"3,59 €","10,26 €/Kg"
Leite meio-gordo bio,PorSi Bio,Garrafa de 1 litro,"0,83 €","0,83 €/L"
"Creme de rosto de noite revitalift, laser",L'oreal,Embalagem de 50 ml,"15,99 €","319,80 €/L"
Super laboratório de Beleza,Clementoni,1 unidade,"24,99 €/Unidade","24,99 €/Unidade"
Brandy,Macieira,Garrafa de 1 l,"15,99 €","15,99 €/L"
Linguas de gato,PorSi,Embalagem de 200 g,"0,69 €","3,45 €/Kg"
Biscoitos choco trio,Milka,Embalagem de 150g,"0,79 €","5,27 €/Kg"
Rúcula Selvagem Programa Origens,PorSi,Embalagem de 100g,"0,99 €","9,90 €/Kg"
"Máquina depiladora descartável, Blue II Feminina",Gillette,Embalagem de 5+1 unidades,"3,29 €","3,29 €/Unidade"
Pilha alcalina classic lr14x2,Domédia,1 unidade,"1,99 €","1,99 €/Unidade"
Cereais corn flakes,Kellogg's,Embalagem de 500g,"3,99 €","7,98 €/Kg"
"Vinho tinto regional, península de setúbal, bag-in-b...",Dom Campos,Garrafa de 5 l,"9,49 €","1,90 €/L"
Feijao catarino,Caçarola,Embalagem de 500 g,"2,78 €/Kg","2,78 €/Kg"
Mistura solúvel brasa,Nestle,Embalagem de 200g,"1,64 €","6,56 €/Kg"
Remove Insectos,PorSi,Embalagem de 1 l,"3,99 €","0,80 €/L"
Biscoitos brownies,PorSi,Embalagem de 230g,"0,90 €","6,00 €/Kg"
Fita Adesiva Brico Facil Especial Dupla Face,Ceys,1 unidade,"3,19 €","3,19 €/Unidade"
Arroz vaporizado,Cigala,Embalagem de 1 kg,"1,26 €","1,26 €/Kg"
Caixa Peças Criativas,Lego,1 unidade,"7,99 €/Unidade","7,99 €/Unidade"
Refresco em pó de ananás,PorSi,Embalagem de 40 g,"0,75 €","18,75 €/Kg"
Comida húmida para gato duplo prazer com peixe do oc...,Gourmet Gold,Embalagem de 90g,"3,59 €","2,99 €/Kg"
Bolachas crackers integrais,PorSi,Embalagem de 500g,"0,39 €","3,12 €/Kg"
Quad drive,Beyblade,1 un.,"49,99 €/Unidade","49,99 €/Unidade"
Farinha de trigo sem fermento t65,PorSi,Embalagem de 1 kg,"1,99 €","1,99 €/Kg"
Pensos peles sensíveis XL,PorSi,5 unidades,"1,69 €","1,69 €/Unidade"
Romã,Fruta da Época,1 un = 250 gr  (aprox.),"1,00 €","3,99 €/Kg"
Bolachas cacau com recheio baunilha,PorSi,Embalagem de 176 g,"0,79 €","4,49 €/Kg"
Ovos de Galinhas Criadas ao Ar Livre,PorSi,6 ovos frescos,"1,59 €","1,59 €/Unidade"
Leite infantil confort 1 desde o nascimento,NAN,Embalagem de 800g,"23,99 €","29,99 €/Kg"
Chá de menta e eucalipto,Lipton,20 saquetas,"44,50 €/Kg","44,50 €/Kg"
Gelatina zero % pêssego,Koala,Embalagem de 130g,"0,85 €","2,13 €/Kg"
Lixívia para roupa tradicional,Neoblanc,Embalagem de 2 l,"2,19 €","1,10 €/L"
Ultra One,Nerf,1 unidade,"49,99 €/Unidade","49,99 €/Unidade"
"Óleo de girassol, 3 a's",Fula,Embalagem 1L,"3,39 €","3,39 €/L"
Vermute bianco,Martini,Garrafa de 0.75 l,"17,09 €","22,79 €/L"
Cogumelos inteiros,PorSi,Embalagem de 355 g,"2,19 €","2,81 €/Kg"
Chouriço Extra do Ribatejo,PorSi,200 g,"1,22 €","6,78 €/Kg"
Folhado de queijo/bacon,Pastelaria do Dia,1 unidade= 105 g,"0,65 €","0,65 €/Unidade"
Azeite Subtil,Gallo,Garrafa de 750 ml,"3,29 €","4,39 €/L"
Álcool canforado 85%,PorSi,Embalagem de 250 ml,"1,69 €","1,69 €/Unidade"
Limpa fornos normal,Mr.muscle,Embalagem de 300 ml,"1,79 €","2,39 €/L"
Chourico vinho das beiras,PorSi,Embalagem de 280g,"1,22 €","6,78 €/Kg"
Creme vegetal p/ barrar reduz colesterol,PorSi Viva Bem,250 g,"1,99 €","3,98 €/Kg"
Cornflakes + gulosos,Cemporcent,Embalagem de 250g,"0,69 €","1,73 €/Kg"
Macchiato café arábica,PorSi,250 ml,"1,99 €","15,92 €/Kg"
Creme marisco,Knorr,Embalagem de 70g,"0,84 €","13,55 €/Kg"
Spray recarga limpeza da cozinha,Cif,embalagem de 70 ml,"0,79 €","0,79 €/L"
Batata frita presunto,Ruffles,Embalagem de 150 g,"1,19 €","6,43 €/Kg"
Serpentinas,Mercagranel,Embalagem 20 Rolos,"0,59 €","0,59 €/Unidade"
Base de Rosto Fit Me Matte 320,Maybelline,1 un.,"9,99 €","9,99 €/Unidade"
"Queijo flamengo, bola metade",Terra Nostra,Embalagem de 700g,"1,96 €","9,80 €/Kg"
Cereais all bran,Kellogg's,Embalagem de 380g,"5,59 €","8,87 €/Kg"
Muesli tropical,Cemporcent,Embalagem de 500g,"0,69 €","1,73 €/Kg"
Ostra Portuguesa inteira,Nossa seleção,Pescado no mar,"3,49 €","3,49 €/Kg"
Palmilha cortiça com latex t 38/39,Sonaf,1 unidade,"5,59 €","37,27 €/L"
Leite regular 2,Aptamil,Embalagem de 800 g,"23,99 €","29,99 €/Kg"
Bolachas recheadas com morango e cheesecake,Oreo,Embalagem de 150g,"0,79 €","4,49 €/Kg"
Bolachas belgas manteiga,PorSi,Embalagem de 250g,"1,69 €","6,76 €/Kg"
Corn flakes sem glúten,Schar,Embalagem de 250g,"2,69 €","5,38 €/Kg"
Leite condensado,Nestle,Embalagem de 370g,"1,09 €","2,75 €/Kg"
Ovos Galinha Solo S,PorSi,6 unidades,"1,59 €","1,59 €/Unidade"
"Água com gás, sabor limão",PorSi,"Embalagem de 6x0,25 l","2,85 €","2,85 €/L"
Snacks para Cão Markies Mini,Pedigree,Embalagem de 500 g,"1,09 €","6,06 €/Kg"
Farinha integral,ESPIGA,Embalagem de 500g,"1,99 €","1,99 €/Kg"
Iogurte natural 0%,PorSi Viva Bem,Embalagem de 6 x 125 g,"1,48 €","3,08 €/Kg"
Vinagre de vinho branco,Cristal,Garrafa de 750 ml,"0,35 €","0,70 €/L"
Laca Cabelo Criação Brilho,Tresemmé,Embalagem de 300 ml,"5,99 €","39,93 €/L"
Iogurte aroma de banana,PorSi,Embalagem de 4x125g,"0,69 €","1,38 €/Kg"
Ovo inteiro liquido pasteurizado,Dovo,Embalagem de 500g,"2,55 €","2,55 €/Unidade"
Patê figado de porco,La piara,Embalagem de 80g,"1,19 €","13,52 €/Kg"
Refrigerante c/ gás laranja,Sumol,pack 4 x 1.25 l,"0,40 €/L","0,40 €/L"
Adoçante comprimidos,PorSi,Embalagem de 250 saquetas,"5,99 €","23,96 €/Kg"
Resguardo de colchão impermeável,PorSi,40 x 80 cm,"4,99 €","4,99 €/Unidade"
Papel higiénico perfumado bouquet folha tripla,Foxy,4 + 2 rolos,"5,99 €","5,99 €/Unidade"
Café solúvel clássico,Nescafe,Embalagem de 200g,"1,45 €","14,50 €/Kg"
Licor triple seco 16%,Olaias,Garrafa de 1 l,"16,99 €","24,27 €/L"
Toalha banho bordada,PorSi,80x80 cm,"12,00 €/Unidade","12,00 €/Unidade"
Lancha Motor Subaquático,Playmobil,1 unidade,"24,99 €/Unidade","24,99 €/Unidade"
Bloco Sanitário Sólido Poder Activo Pinho,Sonasol,Embalagem de 2x50 g,"40,00 €/Kg","40,00 €/Kg"
Iogurte oikos natural,Danone,Embalagem de 4 x 110g,"1,49 €","2,98 €/Kg"
Gelatina de morango,Koala,Embalagem de 130g,"0,85 €","2,13 €/Kg"
Comida húmida para gato com frango/vaca,Purina One,Embalagem de 340g,"3,59 €","2,99 €/Kg"
Bolachas maria,PorSi,Embalagem de 200g,"1,69 €","2,11 €/Kg"
Reparador de móveis escuro,PorSi,Embalagem de 200 ml,"4,39 €","14,63 €/L"
"Patê de sardinha,atum e salmão",PorSi,Embalagem de 4 x 22 g,"1,19 €","13,52 €/Kg"
Champô Purificante,Pantene,640ml,"5,59 €","13,98 €/L"
Preparado em pó para pudim flan,El mandari,Embalagem de 19.2 g,"0,59 €","29,50 €/Kg"
Camarão Selvagem Madagáscar 60/80,Nossa seleção,vendido ao peso,"3,49 €","3,49 €/Kg"
Crack.c/sal na superficie 560g,GRAN PAVES,Embalagem de 560g,"0,39 €","3,12 €/Kg"
Hambúrguer de soja,Cemporcent,Embalagem de 160g,"3,99 €","10,23 €/Kg"
Bolo de chocolate brownie,Milka,Embalagem de 150g,"0,49 €","5,44 €/Kg"
"Escargots recheio de manteiga, salsa e alho",PorSi Select,89 g,"3,99 €","11,40 €/Kg"
Estojo redondo,Spider-Man,1 unidade,"19,90 €","19,90 €/Unidade"
Retroescavadora,Volvo,26 cm,"49,99 €/Unidade","49,99 €/Unidade"
Paturette croc choc bill,Páturages,Embalagem de 4x117g,"1,49 €","3,73 €/Kg"
Favas ultracongeladas,PorSi,Embalagem de 400g,"0,74 €","1,85 €/Kg"
Queijinho yoco suissi maxi de morango e banana,Nestle,Embalagem de 4 x 90 g,"1,05 €","1,86 €/L"
Tampões Compak Pearl Super Com Aplicador,Tampax,16 unidades,"3,99 €","3,99 €/Unidade"
Guardanapos brancos folha tripla 33x33 cm,PorSi,70 unidades,"0,65 €","0,65 €/Unidade"
Manteiga sem sal,Mimosa,Embalagem de 250g,"2,63 €","10,52 €/Kg"
Chispalhada com feijão,Nobre,Embalagem de 420g,"2,35 €","5,60 €/Kg"
Infusão nº 6 sem barriga,Cemporcent,Embalagem de 10 unidades,"0,99 €","76,15 €/Kg"
Faca descascar 7 cm inox,PorSi,1 unidade,"5,99 €","5,99 €/Unidade"
Palmiers de maçã e canela,Du bois,Embalagem de 150g,"0,69 €","3,45 €/Kg"
Lula limpa,Pescanova,Embalagem de 450g,"4,39 €","10,98 €/Kg"
Babete Maleavel,Tigex,1 unidade,"5,99 €","5,99 €/Unidade"
Corn flakes,PorSi,Embalagem de 1 kg,"3,99 €","7,98 €/Kg"
Brócolos e couve-flor cortados,PorSi,500 g,"0,99 €","9,90 €/Kg"
Farinha de fubá de milho,Nacional,Embalagem de 1 kg,"1,99 €","1,99 €/Kg"
Toranja,Fruta do Dia,1 un = 300 gr  (aprox.),"0,55 €","2,19 €/Kg"
Café em grão 5 estrelas,Sical,Embalagem de 250g,"9,16 €/Kg","9,16 €/Kg"
Refrigerante c/ gás zero s/ cafeína,Coca-Cola,pack 6 x 0.33 l,"0,40 €/L","0,40 €/L"
Crackers c/ sal superficie,GRAN PAVES,Embalagem de 250g,"0,39 €","3,12 €/Kg"
Pudim de caramelo,Boca Doce,Embalagem de 20g,"0,59 €","29,50 €/Kg"
Batata frita churrasco,PorSi,Embalagem de 185 g,"1,19 €","6,43 €/Kg"
Queijo Ralado Mozzarella,Galbani,Embalagem de 150 g,"7,45 €/Kg","7,45 €/Kg"
Adoçante liquido,PorSi,Garrafa de 125 ml,"5,99 €","23,96 €/Kg"
Bicicleta,Barbie,"roda 12""","24,99 €/Unidade","24,99 €/Unidade"
Smint tin eucalipto,Smint,Embalagem de 35 g,"1,08 €","5,40 €/Kg"
Pringles sour cream & onion,Pringles,Embalagem de 175g,"1,19 €","6,43 €/Kg"
Bolachas com recheio baunilha,PorSi,Embalagem de 500g,"1,39 €","2,78 €/Kg"
Cogumelos laminados 1/2,PorSi,Embalagem de 355 g,"2,19 €","2,81 €/Kg"
Iogurte mix-in smarties morango,Nestle,Embalagem de 2 x 128 g,"1,05 €","1,86 €/L"
Ketchup,PorSi,Embalagem de 300 g,"0,87 €","2,90 €/Kg"
Queijo snack gouda,PorSi,Embalagem de 100g,"1,96 €","9,80 €/Kg"
Ração para gato adulto de interior,Friskies,Embalagem de 3 kg,"12,99 €","4,33 €/Kg"
Arroz extra longo integral,Saludaes,Embalagem de 1 kg,"1,26 €","1,26 €/Kg"
Jogo caça ao tesouro,Clementoni,1 unidade,"9,99 €/Unidade","9,99 €/Unidade"
Gogo SqueeZ Snack Pêssego,Gogo,Embalagem de 90g,"2,29 €","6,94 €/L"
Preparado para arroz de marisco,Brasmar,Embalagem de 450 g,"1,99 €","4,98 €/Kg"
"Vinagre balsâmico, spray",Paladin,Garrafa de 250 ml,"0,35 €","0,70 €/L"
20 saquetas chá de baunilha c/ caramelo,Lipton,Embalagem de 40g,"58,44 €/Kg","58,44 €/Kg"
Codornizes,Aves,1 un. = 150 g (aprox.),"3,98 €","2,49 €/Kg"
Adoçante à base de sucralose em pó,PorSi,Embalagem de 90g,"5,99 €","23,96 €/Kg"
"Coloração permanente, castanho dourado, nº43",Nutrisse,1 unidade,"9,49 €/Unidade","9,49 €/Unidade"
Infusão tília,Cemporcent,Embalagem de 10 unidades,"0,99 €","76,15 €/Kg"
Gelatina melancia 10kcal 31g,Royal,Embalagem de 30g,"0,55 €","61,11 €/Kg"
Sombrinhas decorativas,PorSi,Embalagem com 25 unidades,"0,59 €","0,59 €/Unidade"
Moelleux de chocolate,PorSi Select,960 g,"2,65 €","8,28 €/Kg"
Azeite,PorSi,Garrafa de 1 l,"3,29 €","4,39 €/L"
Coco Seco,Fruta do Dia,1 un= 500 gr (aprox.),"0,42 €","1,69 €/Kg"
Sumo 100% pêssego e uva,PorSi,Pack 3 x 200 ml,"1,09 €","0,73 €/L"
Mistura pombos domésticos,Rac.zezere,Embalagem de 5 kg,"3,89 €","0,78 €/Kg"
Cogumelos laminados,PorSi,Embalagem de 185 g,"2,19 €","2,81 €/Kg"
Pera Abbé Fetel 60/65,Fruta do Dia,1 un = 150 gr (aprox.),"1,30 €/Kg","1,30 €/Kg"
"Jogo ""Gira a Garrafa""",Concentra,1 unidade,"9,99 €/Unidade","9,99 €/Unidade"
Sobremesa paturette baunilha,Páturages,Embalagem de 4 x 115 g,"1,19 €","2,59 €/Kg"
Gelado cornetto mini clássico,Olá,Embalagem de 8 x 60 ml,"5,99 €","17,11 €/L"
Vinho branco península de setúbal,Pioneiro,Garrafa de 0.75 l,"2,29 €","3,05 €/L"
Moscatel do Douro,Selecção de Enófilos,"Garrafa de 0,75 l","6,79 €/L","6,79 €/L"
Inseticida baratas e formigas,Dum Dum,Embalagem de 400 ml,"4,49 €","11,97 €/L"
Nata uht para culinária,Parmalat,Embalagem de 200 ml,"1,12 €","5,60 €/L"
Sardinhas em azeite,PorSi,Embalagem de 120g,"9,08 €/Kg","9,08 €/Kg"
Ice tea pessêgo,Lipton,pack 6 x 0.25 l,"1,90 €","1,27 €/L"
Tira gorduras pistola,Mistolin,Garrafa de 550 ml,"4,89 €","6,52 €/L"
Bicicleta,T-Rex,"roda 12""","114,99 €/Unidade","114,99 €/Unidade"
Iogurte liquido proteína yopro baunilha/cookies,Yopro,300 g,"5,97 €/Kg","5,97 €/Kg"
Vinagre de vinho tinto,PorSi,Garrafa de 500 ml,"0,35 €","0,70 €/L"
Pizza barbecue,Campofrio,Embalagem de 410g,"0,99 €","4,30 €/Kg"
Camião Basculante,Volvo,26 cm,"49,99 €/Unidade","49,99 €/Unidade"
Bife do Lombo,Porco,1 un = 100 gr (aprox.),"4,99 €","4,99 €/Kg"
Laboratório Mecânica Camião de Mina,Clementoni,1 unidade,"9,99 €/Unidade","9,99 €/Unidade"
Cocktail de marisco,PorSi,Embalagem de 400 g,"2,19 €","8,59 €/Kg"
Toalhitas multiusos limão,PorSi,Embalagem de 80 unidades,"1,79 €","1,79 €/Unidade"
Tomate frito,Heinz,Embalagem de 350g,"3,84 €","24,00 €/Kg"
Discos de amamentação,PorSi,30 unidades,"5,99 €","5,99 €/Unidade"
Pensos Higiénicos Fina e Segura Maxi Super,Evax,Embalagem c/ 13 Unidades,"2,69 €","2,69 €/Unidade"
Prato com naperon 30cm,PorSi,1 unidade,"0,99 €","0,99 €/Unidade"
Bicicleta,T-Rex,"roda 12""","24,99 €/Unidade","24,99 €/Unidade"
Gelo picado,PorSi,Embalagem de 2 kg,"1,00 €","0,50 €/Kg"
Nata para culinária ligeira,Mimosa,Embalagem de 200 ml,"1,12 €","5,60 €/L"
Buondi café em grão,Buondi,Embalagem de 220g,"9,16 €/Kg","9,16 €/Kg"
"Vela em número, nº 8",PorSi,1 unidade,"0,60 €","0,60 €/Unidade"
Fralda cueca T4 - 8 a 14 kg,PorSi,22 unidades,"8,99 €","8,99 €/Unidade"
Detergente Máquina Roupa Liquido Bebé,Skip,25 doses,"9,99 €","9,99 €/Unidade"
"Postas pescada nº3, para fritar",PorSi,Embalagem de 600 g,"4,39 €","10,98 €/Kg"
Dettol sabonete líquido Lavanda,Dettol,Garrafa de 250 ml,"2,18 €/L","2,18 €/L"
"Pimenta preta, moída, em frasco",PorSi,Embalagem de 43 g,"0,25 €","0,25 €/Kg"
Refresco pó laranja,PorSi,Embalagem de 40g,"0,75 €","18,75 €/Kg"
Leite condensado cozido,Nestle,Embalagem de 400g,"1,09 €","2,75 €/Kg"
Coelho inteiro,PorSi,Vendido ao peso,"3,98 €","2,49 €/Kg"
"Queijo em fatias, -50% gordura",Limiano,Embalagem de 200g,"1,96 €","9,80 €/Kg"
Creme de amendoim chunk 340g,Skippy,Embalagem de 340g,"4,39 €","12,91 €/Kg"
Vinho regional tejo 3 castas tinto,Fiuza,Garrafa de 750 ml,"4,99 €","6,65 €/L"
Jardineira,PorSi,Embalagem de 750 g,"0,74 €","1,85 €/Kg"
Fiambre da pá fatiado,PorSi,200 g,"0,97 €","6,49 €/Kg"
Bolo Rei,PorSi,750 g,"4,99 €","6,65 €/Kg"
Queijo fresco ligth,PorSi,Embalagem de 4 x 62.5 g,"1,99 €","9,95 €/Kg"
Queijo fatias -50% gordura,Terra Nostra,Embalagem de 400g,"1,99 €","9,95 €/Kg"
Detergente manual de roupa,Omo,Embalagem de 540g,"1,19 €","2,98 €/Kg"
Tablete de chocolate negro,PorSi Select,200 g,"10,89 €/Kg","10,89 €/Kg"
Café torrado e moído 16 pastilhas,Sical,Embalagem de 104g,"59,82 €/Kg","59,82 €/Kg"
"Desodorizante para pés, creme Sport",Protex,Embalagem de 50 ml,"5,59 €","37,27 €/L"
Redex magic spray,Redex,Embalagem de 300 ml,"3,99 €","0,80 €/L"
Jesuita,*,1 unidade = 75 g,"0,99 €","11,00 €/Kg"
Detergente líquido Ultra Concentrado Loiça Platinium...,PorSi,Embalagem de 500 ml,"1,05 €","2,10 €/L"
Vinagre de sidra,Cristal,Garrafa de 500 ml,"0,35 €","0,70 €/L"
Tortitas de milho sem sal,PorSi Viva Bem,Embalagem de 130g,"0,79 €","7,90 €/Kg"
Pensos higiénicos liberty super abas,Evax,Embalagem com 10 un.,"2,69 €","2,69 €/Unidade"
"Bloco de desenho A4, 24 folhas",Domédia,1 unidade,"1,69 €","1,69 €/Unidade"
Trotinete Dragão,Baby Clementoni,1 unidade,"24,99 €/Unidade","24,99 €/Unidade"
Sumo florida,Sunny d,"Embalagem de 0,31 l","3,99 €","3,99 €/L"
Néctar clássico tutti-frutti,Compal,Embalagem de 1 l,"0,99 €","0,99 €/L"
Gel de Duche Creme Care,Nivea,Embalagem de 750 ml,"6,99 €","9,32 €/L"
Iogurte grego natural magro,PorSi Viva Bem,Embalagem de 1 kg,"1,48 €","3,08 €/Kg"
Tira verniz,Labell,Embalagem de 200 ml,"2,25 €","11,25 €/L"
Batata frita lisas originais,Lay's,Embalagem de 160g,"1,06 €","5,73 €/Kg"
Batatas fritas lisas originais,Lay's,Embalagem de 282g,"1,06 €","5,73 €/Kg"
12 Preservativos Adapta Finíssimo XL,Control,,"4,49 €","4,49 €/Unidade"
Loção corporal,Nivea,Embalagem de 400 ml,"12,48 €/L","12,48 €/L"
Pensos higiénicos Cottonlike Super Plus Com Abas,Evax,10 unidades,"2,69 €","2,69 €/Unidade"
Vela com número nº 3,PorSi,1 unidade,"0,60 €","0,60 €/Unidade"
Refrigerante sem gás de manga/laran,Joi,"Garrafa de 1,5 l","1,90 €","1,27 €/L"
Alimento húmido para cão borrego,Pedigree,Embalagem de 300g,"0,75 €","2,50 €/Kg"
Saqueta de puré de fruta | maçã + pêssego + banana +...,PorSi,90 g,"0,74 €","8,22 €/Kg"
Bolachas com cobertura de chocolate,PorSi,Embalagem de 150g,"0,79 €","5,27 €/Kg"
Chá Aromatizado Pirâmide Mel/Limão/Ginseng,PorSi,20 x 2 g,"44,50 €/Kg","44,50 €/Kg"
10 Hambúrgueres de porco,PorSi,Embalagem de 600g,"2,79 €","8,72 €/Kg"
Peito peru forno lenha fatias finas,Campofrio,Embalagem de 120g,"1,99 €","13,27 €/Kg"
Escudo e Luva Capitão América,Avengers,1 un.,"49,99 €/Unidade","49,99 €/Unidade"
Manhãzitos® mini,Manhazitos,Embalagem de 84g,"2,05 €","5,13 €/Kg"
Chá sene,PLANTANATU,Embalagem Com 10 saquetas,"1,19 €","1,19 €/Unidade"
Ovos | Classe: L,Ovitae,24 unidades,"1,59 €","1,59 €/Unidade"
Amaciador concentrado spa,PorSi,80 doses,"3,99 €","3,99 €/Unidade"
Conjunto de 3 pinceis nº 4/8/12,Domédia,Uma embalagem,"0,60 €","0,60 €/Unidade"
Penso Higiénico Ultrafinos Normal Abas,PorSi,16 unidades,"2,69 €","2,69 €/Unidade"
Estábulo Gelo Elsa e Nokk,Lego,1 unidade,"24,99 €/Unidade","24,99 €/Unidade"
Bolachas com cobertura de chocolate de leite,Oreo,Embalagem de 250g,"0,79 €","4,49 €/Kg"
Batido de baunilha,Forma+,Embalagem de 700g,"1,99 €","45,23 €/Kg"
Creme depilatório para peles normais,Labell,Embalagem de 200 ml,"2,99 €","14,95 €/L"
Vela em número nº4,PorSi,1 unidade,"0,60 €","0,60 €/Unidade"
Cãozinho,Baby Clementoni,1 unidade,"24,99 €/Unidade","24,99 €/Unidade"
Intensificador de perfume em gel para a roupa romanc...,Quanto,300 ml,"9,99 €","36,33 €/Kg"
Formas de alumínio redondas 55 ml,PorSi,20 unidades,"0,89 €","0,89 €/Unidade"
Néctar light de manga/laranja,Compal,Pack 3 x 200 ml,"0,84 €","2,55 €/L"
Esfregão Salva Unhas Fibra verde Plus,Vileda,Embalagem com 1+1 grátis,"0,79 €","0,79 €/Unidade"
Infusão de camomila,Tetley,Embalagem de 10g,"85,00 €/Kg","85,00 €/Kg"
Papa infantil não láctea bolacha maria +6 meses,Cerelac,Embalagem de 250g,"4,99 €","4,99 €/Kg"
Refrigerante c/ gás ananás,Sumol,pack 4 x 1.25 l,"0,40 €/L","0,40 €/L"
Gel de Banho Secrets Oil Avocato,Dove,Embalagem de 500 ml,"5,19 €","7,98 €/L"
Limpa carpetes,PorSi,Embalagem de 1 litro,"1,79 €","2,39 €/L"
"Cera cabelo, Paste Urban",Axe,Embalagem de 130 ml,"5,99 €","39,93 €/L"
Amora,PorSi,Embalagem com 125g,"2,00 €","7,99 €/Kg"
Dourada Pequena,Peixe do Dia,"Vendido ao peso, de 200 a 600 g","4,40 €","10,99 €/Kg"
Iogurte grego yaos natural,Nestle,Embalagem de 450g,"1,48 €","3,08 €/Kg"
Sacos cubos de gelo fecho manual,PorSi,Embalagem com 10 unidades,"1,11 €","1,11 €/Unidade"
Água com gás sabor a tangerina,Frize,"Pack 4x 0,25l","2,85 €","2,85 €/L"
Esferográfica Cristal Azul,Bic,Embalagem com 10 un.,"2,69 €","2,69 €/Unidade"
"Cera cabelo, paste signature",Axe,Embalagem de 75 ml,"5,99 €","39,93 €/L"
Escova de Camurça,Búfalo,Embalagem de 250 ml,"5,09 €","20,36 €/L"
After shave bálsamo sensitive,Labell Men,Embalagem de 100 ml,"1,16 €","4,64 €/L"
Penteados com fitas,My Little Pony,1 unidade,"49,99 €/Unidade","49,99 €/Unidade"
Bacalhau espiritual,PorSi,Embalagem de 300g,"1,99 €","4,98 €/Kg"
Cerveja sagres,Sagres,20 x 0.25 l,"1,99 €/L","1,99 €/L"
Lava Tudo Amoniacal,Sonasol,4 litros,"0,99 €","0,50 €/L"
Chá preto,Tetley,Embalagem de 30g,"41,67 €/Kg","41,67 €/Kg"
Guardanapos,PorSi,,"0,65 €","0,65 €/Unidade"
Batman Helicóptero Rádio Controlo,Mondo,1 unidade,"49,99 €/Unidade","49,99 €/Unidade"
Amaciador para cabelos pintados,Labell,Embalagem de 200 ml,"1,00 €","5,00 €/L"
Queijo flamengo fatias light,PorSi,Embalagem de 200g,"1,99 €","9,95 €/Kg"
Insecticida Casa e Plantas,Raid,400 ml,"5,49 €","13,73 €/L"
Café Clássico,PorSi,10 cápsulas,"59,82 €/Kg","59,82 €/Kg"
Azeite Virgem Extra Planícies do Sul,Gallo,Garrafa de 0.75 l,"3,29 €","4,39 €/L"
Mel em frasco de vidro,PorSi,Embalagem de 250g,"4,89 €","9,78 €/Kg"
Ambientador vela frutos vermelhos,PorSi,1 unidade,"2,53 €","2,53 €/Unidade"
Mini Hambúrgueres Beterraba e Sementes de Linhaça Gr...,Iglo green,Embalagem de 270g,"3,99 €","11,40 €/Kg"
Massa em espirais,PorSi,Embalagem de 500g,"0,99 €","1,98 €/Kg"
Batatas fritas ketchup,Ruffles,Embalagem de 150g,"1,19 €","6,43 €/Kg"
Café solúvel crema,Nescafe,Embalagem de 200g,"1,45 €","14,50 €/Kg"
Ovos de galinha ao ar livre | Classe: M/L,Matinados,12 unidades,"2,55 €","2,55 €/Unidade"
Maria diet nature,Gullón,Embalagem de 400 g,"1,45 €","11,15 €/Kg"
Mistura para aves,Rac.zezere,Embalagem de 5 kg,"3,89 €","0,78 €/Kg"
Whisky 10 anos,Bushmills,Garrafa de 700 ml,"38,49 €","54,99 €/L"
Spray tira gorduras,PorSi,Embalagem de 750 ml,"1,79 €","2,39 €/L"
Bolachas marinheiras chia,Cemporcent,Embalagem de 200g,"1,45 €","11,15 €/Kg"
"Forrafogão de alumínio, 12 unidades",Silvex,Uma embalagem,"3,55 €","3,55 €/Unidade"
Garagem,Écoiffier,Andares + camião,"49,99 €/Unidade","49,99 €/Unidade"
Martelo perfurador,Einhell Kids,1 unidade,"24,99 €/Unidade","24,99 €/Unidade"
Espinafre baby leaf Programa Origens,PorSi,embalagem de 170 g,"0,99 €","9,90 €/Kg"
Gressinos com azeite,PorSi,Embalagem de 250g,"2,39 €","6,83 €/Kg"
Lençol ajustável 60x120 cm,PorSi,1 unidade,"4,99 €","4,99 €/Unidade"
Presunto fatiado 6 meses,PorSi,Embalagem de 140 g,"3,20 €","15,99 €/Kg"
Cobertura tábua de engomar,PorSi,Dim.: 120 x 42 cm,"4,00 €","4,00 €/Unidade"
Tablete de chocolate com avelãs inteiras sem glúten,Regina,Embalagem de 100 g,"10,89 €/Kg","10,89 €/Kg"
Bebida energética ultra white,Monster,Garrafa de 500 ml,"1,39 €","5,56 €/L"
Vinho branco regional península de setúbal,Lancers,Garrafa de 750 ml,"2,29 €","3,05 €/L"
Chupeta anatómico +6 meses,Neo Baby,Embalagem com 2 unidades,"5,99 €","5,99 €/Unidade"
Água Tónica Zero,Schweppes,Garrafa de 1 l,"1,39 €","5,56 €/L"
Ambientador gel marinho,PorSi,150 g,"16,63 €/L","16,63 €/L"
Lixívia Tradicional,Neoblanc,Embalagem de 4 l,"2,59 €","1,30 €/L"
"Rolos de cozinha compactos, branco, 2 unidades",PorSi,Uma embalagem,"4,99 €","4,99 €/Unidade"
Pêssego em calda metades,PorSi,Lata com 840 g,"1,99 €","2,37 €/Kg"
Leite com sabor a baunilha proteína,Yopro,Garrafa de 330 ml,"1,99 €","2,49 €/L"
Bebida aveia,Alpro,Embalagem de 1 litro,"2,49 €","2,49 €/L"
Mortadela de peru fatiada,PorSi,Embalagem de 200g,"0,85 €","11,33 €/Kg"
"Escova dentes, rotativa global, dura, 2 unidades",Labell,1 embalagem,"3,19 €","3,19 €/Unidade"
Ambientador spray aerosol white bouquet,Air Wick,Garrafa de 240 ml,"2,99 €","12,46 €/L"
Cebola Amarela,Nossa seleção,1 un = 500 gr (aprox.),"1,79 €","3,58 €/Kg"
Corantes alimentares ducros,Vahine,Garrafa de 20 ml,"1,79 €","21,83 €/Kg"
10 Barrinhas salmão panadas sem glúten,Pescanova,300 g,"1,99 €","4,98 €/Kg"
Bolachas com recheio de chocolate,PorSi,Embalagem de 500g,"1,39 €","2,78 €/Kg"
2 filetes de robalo,Iglo,Embalagem de 200g,"1,99 €","4,98 €/Kg"
Alimento seco para gato Júnior,Whiskas,Embalagem de 950 g,"12,99 €","4,33 €/Kg"
Refrigerante  c/ gás regular,Coca-Cola,pack 4 x 1 l,"0,40 €/L","0,40 €/L"
Leite c/ Chocolate Bem Especial 0% lactose,Mimosa,pack 4 x 200 ml,"0,26 €","1,30 €/L"
6 cheeseburgers,PorSi,Embalagem de 750g,"2,79 €","8,72 €/Kg"
Cortador de Castanhas,Snips,1 unidade,"3,99 €","3,99 €/Unidade"
Discos Sanitários Activos Aparelho Lavanda,WC Pato,Embalagem de 36 ml,"40,00 €/Kg","40,00 €/Kg"
Queijo curado pequeno,Casteloes,Embalagem de 500g,"0,82 €","23,43 €/Kg"
Rebuçados mel e limão,Halls,Embalagem de 32 g,"0,77 €","3,85 €/Kg"
Dinossauros,Discovery Channel,set 30 peças,"49,99 €/Unidade","49,99 €/Unidade"
Achocolatado em saco,Nesquik,Embalagem de 1 kg,"5,39 €","7,19 €/Kg"
Leite c/ cacau original,Cacaolat,Garrafa de 1 l,"0,26 €","1,30 €/L"
Bolachas,Oreo,Embalagem de 220g,"0,79 €","4,49 €/Kg"
Iogurte liquido proteína yopro morango/framboesa,Yopro,300 g,"1,31 €","2,05 €/Kg"
Sabonete líquido mel,Feno,Embalagem de 300 ml,"2,18 €/L","2,18 €/L"
Triceratops e Velociraptor,Clementoni,1 unidade,"7,99 €/Unidade","7,99 €/Unidade"
Milho doce,PorSi,Embalagem de 3 x 140 g,"2,19 €","2,81 €/Kg"
Amaciador Roupa Chá Branco & Peônia,Vernel,76 doses,"3,99 €","3,99 €/Unidade"
Fuet extra,PorSi,170 g,"1,22 €","6,78 €/Kg"
Iogurte líquido dan'up milkshake straciatella,Danone,Embalagem de 4 x 155 g,"1,31 €","2,05 €/Kg"
Pão Alentejano,Pão do Dia,1 unidade = 400 g,"0,79 €","1,98 €/Kg"
Canja de galinha económica,Knorr,Embalagem de 60g,"0,84 €","13,55 €/Kg"
"Pandorino cacau, 4 unidades",Dulcesol,Embalagem de 240g,"2,05 €","5,13 €/Kg"
"Jogo ""Da Banho ao Cão""",Concentra,1 unidade,"9,99 €/Unidade","9,99 €/Unidade"
Eau de Toilette Golden Kiss,B.U.,50 ml,"11,99 €","79,93 €/L"
Batata frita de presunto,PorSi,Embalagem de 185 g,"1,19 €","6,43 €/Kg"
Batata frita ondulada wavy,PorSi,Embalagem de 185 g,"1,06 €","5,73 €/Kg"
Vinho tinto,Alandra,Garrafa de 750 ml,"1,59 €","2,12 €/L"
Spray limpeza casa de banho,Cillitbang,Embalagem de 500 ml,"1,79 €","2,39 €/L"
Pudim flan zero açúcares adicionados,El mandari,Embalagem de 30g,"0,59 €","29,50 €/Kg"
Cocktail de marisco,PorSi,Embalagem de 400 g,"3,99 €","9,98 €/Kg"
Alimento húmido cão gelatina júnior,Pedigree,Embalagem de 400g,"0,75 €","2,50 €/Kg"
Paté de sardinha,PorSi,Embalagem de 4 x 22 g,"1,19 €","13,52 €/Kg"
"Papel Vegetal, 8mt",Fino,1 unidade,"1,11 €","1,11 €/Unidade"
Monster Truck Bone Shaker Rádio Controlo,Mondo,1 unidade,"49,99 €/Unidade","49,99 €/Unidade"
Bebida de coco com arroz,PorSi Viva Bem,1 litro,"1,79 €","1,79 €/L"
Vinho Vinha da Fonte Setúbal tinto,Casa Ermelinda Freitas,Garrafa de 0.75 l,"2,29 €","3,05 €/L"
Chá verde,PorSi,Embalagem de 37.5 g,"85,00 €/Kg","85,00 €/Kg"
Paloco desfiado,PorSi,Embalagem de 500 g,"4,39 €","10,98 €/Kg"
Fiambre da perna extra fatias finas cuida-t+,Nobre,Embalagem de 110g,"0,97 €","6,49 €/Kg"
Óleo alimentar,Fula,Embalagem 1L,"3,39 €","3,39 €/L"
Mão de vaca com grão,Nobre,Embalagem de 420 g,"2,35 €","5,60 €/Kg"
Bolacha alfa,Nacional,Embalagem de 180g,"2,82 €","9,40 €/Kg"
Focinho,Porco,1 un = 300 gr (aprox.),"0,60 €","5,99 €/Kg"
Set Cozinha,Frozen,1 conjunto,"24,99 €/Unidade","24,99 €/Unidade"
Guardanapos Olé Branco 1 Folha,Renova do Bem,Dim.: 30x30cm,"0,65 €","0,65 €/Unidade"
Biscoitos canudinho recheio cacau,PorSi,Embalagem de 300g,"2,82 €","9,40 €/Kg"
Detergente em gel máquina lavar roupa universal,Persil,85 doses,"8,69 €","1,84 €/Kg"
Sacos do lixo perfumado 30 litros,PorSi,15 unidades,"1,89 €","1,89 €/Unidade"
"Bolachas, cobertura com chocolate branco",Oreo,Embalagem de 250g,"0,79 €","5,27 €/Kg"
Martini fiero,Martini,Garrafa de 750 ml,"3,99 €","5,32 €/L"
Vinho do Porto Branco,Velhotes,"Garrafa de 0,75 l","6,29 €","8,39 €/L"
Azeite virgem extra clássico,Gallo,Garrafa de 750 ml,"3,29 €","4,39 €/L"
Lenços de bolso 4 folhas,PorSi,Embalagem de 15 x 9 unidades,"0,89 €","0,89 €/Unidade"
Mistura de cogumelos,PorSi,Embalagem de 400g,"0,74 €","1,85 €/Kg"
Saqueta de puré de fruta | maçã + banana,PorSi,90 g,"0,74 €","8,22 €/Kg"
Vinho regional alentejano reserva tinto,Encosta das Perdizes,Garrafa de 0.75 l,"2,89 €","3,85 €/L"
Ovos Frescos de Galinhas Criadas ao Ar Livre Classe:...,PorSi Bio,Embalagem com 6 unidades,"2,55 €","2,55 €/Unidade"
Mochila 42 cm + Estojo,Lightning Bolt,1 un.,"19,90 €","19,90 €/Unidade"
Nata pasteurizada,PorSi,Embalagem de 450 ml,"1,12 €","5,60 €/L"
Lixivia perfume fresco,Neoblanc,Embalagem de 2 l,"2,59 €","1,30 €/L"
Recarga Sabonete Liquido Lavanda,Dettol,250 ml,"2,18 €/L","2,18 €/L"
"Cerveja sem álcool, tara perdida",Super Bock,Pack 6 X 0.33 L,"5,99 €","3,03 €/L"
Sobremesa Paturette Chocolate,Páturages,Embalagem de 4x115g,"1,19 €","2,59 €/Kg"
Carro da polícia,Pinypon Action,1 unidade,"7,99 €/Unidade","7,99 €/Unidade"
Jogo da Glória,Olivo,1 unidade,"9,99 €/Unidade","9,99 €/Unidade"
Chocolate culinário,Pantagruel,Embalagem de 200g,"1,04 €","8,32 €/Kg"
Vinho regional alentejano bag-in-box tinto,Galitos,Garrafa de 5 l,"8,59 €","1,72 €/L"
Bebida de arroz,Frias,Garrafa de 1 l,"1,79 €","1,79 €/L"
Farinha nao láctea bolacha maria,PorSi,Embalagem de 250g,"4,99 €","4,99 €/Kg"
"Cerveja com álcool, tara perdida",Kings Bräu,pack 24 x 0.25 l,"1,99 €/L","1,99 €/L"
"Azeite extra virgem, azeitonas verdes",Oliveira da Serra,Garrafa de 750 ml,"3,29 €","4,39 €/L"
Infusão camomila,Cemporcent,Embalagem de 10 unidades,"0,99 €","76,15 €/Kg"
Chupeta latex suave 0 meses,Neo Baby,Embalagem com 2 unidades,"5,99 €","5,99 €/Unidade"
T-Rex para pintar,Jurassic World,1 un.,"9,99 €/Unidade","9,99 €/Unidade"
Sardinha em azeite,PorSi Select,Lata de 120 g,"9,08 €/Kg","9,08 €/Kg"
Lindahls pro+ liq tropical,Lindahls,Garrafa de 330 ml,"5,97 €/Kg","5,97 €/Kg"
Lichias em calda,Koala,Embalagem de 567g,"1,99 €","2,37 €/Kg"
Café solúvel intenso,Delta,Embalagem de 100g,"1,45 €","14,50 €/Kg"
Mala de Veterinária,Peppa Pig,,"24,99 €/Unidade","24,99 €/Unidade"
30 comprimidos super ginseng,PLANTANATU,Embalagem de 1 unidades,"7,59 €","126,50 €/Kg"
Palmiers,Pastelaria do Dia,1 unidade= 100 g,"0,99 €","11,00 €/Kg"
Coffee Shop 100% Chef,Écoiffier,1 unidade,"49,99 €/Unidade","49,99 €/Unidade"
Alho Seco,Programa Origens,Vendido a partir de 100 gr,"1,79 €","3,58 €/Kg"
Elixir junior,Aquafresh,Embalagem de 300 ml,"3,29 €","43,87 €/L"
Palmiers,Du bois,Embalagem de 150g,"0,69 €","3,45 €/Kg"
Dawnut Açucarado,Pastelaria do Dia,48g,"0,99 €","11,00 €/Kg"
20 saquetas infusão de lúcia lima,Lipton,Embalagem de 30g,"85,00 €/Kg","85,00 €/Kg"
Batata Branca,Legumes do Dia,10 kg,"1,79 €","3,58 €/Kg"
Vinho tinto,Adega grande,Garrafa de 75 cl,"1,59 €","2,12 €/L"
Nata uht,Mimosa,embalagem de 200 ml,"1,12 €","5,60 €/L"
Sangria frutos vermelhos,Casal Garcia,Garrafa de 0.75 l,"2,19 €","1,46 €/L"
Moscatel de setúbal,Alambre,"Garrafa de 0,75L","6,79 €/L","6,79 €/L"
Cerveja com álcool,Sagres,Lata de 500ml,"1,99 €/L","1,99 €/L"
Triciclo,Smoby,1 unidade,"24,99 €/Unidade","24,99 €/Unidade"
"Leite bem essencial, morango",Mimosa,Embalagem de 200 ml,"1,99 €","2,49 €/L"
Alimento lácteo sem açucar com sabor a morango/banan...,Yogolino,Embalagem de 4 x 100 gr,"2,89 €","7,23 €/Kg"
Cappucinno,PorSi,Embalagem de 125 g,"1,99 €","15,92 €/Kg"
Vinho maduro tinto doc alentejano,P.ravessa,Garrafa de 750 ml,"2,89 €","3,85 €/L"
Miúdos,Frango,1 un = 250 gr  (aprox.),"0,60 €","5,99 €/Kg"
Café com cafeina solúvel,Delta,Embalagem de 20g,"1,45 €","14,50 €/Kg"
Café 5 estrelas moído tradição,Sical,Embalagem de 250g,"9,76 €/Kg","9,76 €/Kg"
Gomas funky mix,Haribo,Embalagem de 100g,"1,19 €","3,97 €/Kg"
Creme depilatório para peles sensíveis,Labell,Embalagem de 200 ml,"2,99 €","14,95 €/L"
Castanha,Fruta da Época,Categoria II,"1,75 €","6,99 €/Kg"
"Refrigerante sem gás, laranja",Joi,"Garrafa de 1,5 l","1,90 €","1,27 €/L"
Cabo de metal com rosca,PorSi,1.35 m,"2,20 €","2,20 €/Unidade"
Massa folhada margarina,PorSi,Embalagem de 230 g,"0,99 €","4,30 €/Kg"
Massa macarronete riscado,PorSi,Embalagem de 500g,"0,99 €","1,98 €/Kg"
Lay's mediterrâneas originais,Lay's,Embalagem de 220g,"1,06 €","5,73 €/Kg"
Pasta de sardinha,Fides,Embalagem de 90g,"1,19 €","13,52 €/Kg"
Pedaços de tamboril,PorSi,Embalagem de 500G,"4,39 €","10,98 €/Kg"
Gelatina light de ananás,Condi,Embalagem de 2x15g,"0,55 €","61,11 €/Kg"
Fruta para bebé multifrutas +4 meses,Nestle,Embalagem de 90g,"0,74 €","8,22 €/Kg"
Eau de Toilette p/Senhora Nº2,Caravan,1 Frasco 150ml,"11,99 €","79,93 €/L"
Bolachas chiquilin energy,Artiach,Embalagem de 200g,"1,69 €","6,76 €/Kg"
Limpa ferros,Petex,1 unidade,"0,89 €","0,89 €/Unidade"
Fraldas agility T4 de 9 a 15 kg,PorSi,50 unidades,"6,49 €","6,49 €/Unidade"
Pudim de ananás,Boca Doce,Embalagem de 20g,"0,59 €","29,50 €/Kg"
Leite pasteurizado magro,Vigor,Garrafa de 1 l,"1,19 €","1,19 €/L"
Barras de cereais golden grahams,Nestle,Embalagem de 150g,"1,29 €","10,24 €/Kg"
Queimador extra forte,Prozis,Embalagem de 1 unidades,"7,59 €","126,50 €/Kg"
Porto ruby,Valadao,Garrafa de 750 ml,"6,29 €","8,39 €/L"
Refrigerante de cola zero,PorSi,Garrafa de 2 l,"0,40 €/L","0,40 €/L"
Barrinhas pescada sem glúten,Pescanova,Embalagem de 300g,"1,99 €","4,98 €/Kg"
Comida húmida para cão de frango e arroz,PorSi,Lata de 400 g,"0,75 €","2,50 €/Kg"
Alimento húmido para cão vaca,Pedigree,Embalagem de 300g,"0,75 €","2,50 €/Kg"
Bebida amêndoa torrada sem açúcar,Alpro,Embalagem de 1 litro,"2,49 €","2,49 €/L"
Café em cápsulas dolce gusto ardenza,Nescafe,Embalagem de 110g,"59,82 €/Kg","59,82 €/Kg"
Macarronete Massa Com Vegetais,Nacional,Embalagem de 500g,"0,99 €","1,98 €/Kg"
Queijo fatias -50% de gordura,Limiano,Embalagem de 400g,"1,96 €","9,80 €/Kg"
Vela mágica pack de 10 unidades,PorSi,Uma embalagem,"0,60 €","0,60 €/Unidade"
Perna com Osso,Porco,1 un = 2 kg (aprox.),"4,99 €","4,99 €/Kg"
"Cereais crusts, amêndoas e mel",PorSi,Embalagem de 380g,"2,29 €","6,11 €/Kg"
Pensos para picadas de insetos,PorSi,10 unidades,"1,69 €","1,69 €/Unidade"
Salsichas de soja,Cemporcent,Embalagem de 390g,"3,99 €","10,23 €/Kg"
O Grande Jogo Quiz Desporto,Clementoni,,"24,99 €/Unidade","24,99 €/Unidade"
Vinho regional península de setúbal,Dom Campos,Garrafa de 0.75 l,"2,29 €","3,05 €/L"
Vinagre balsâmico,PorSi,Embalagem de 250 ml,"0,35 €","0,70 €/L"
Manteiga com sal marinho,Primor,Embalagem de 130g,"2,63 €","10,52 €/Kg"
Ambientador arbremagique baunilha,Arbre Magique,1 unidade,"1,99 €","1,99 €/Unidade"
Ambientador spray de lavanda,Air Wick,Garrafa de 240 ml,"2,99 €","12,46 €/L"
Caderno Agrafado Capa Preta |A4 Liso,Domédia,1 unidade,"1,19 €","1,19 €/Unidade"
Espumante cava meio seco reserva,Freixenet,Garrafa de 750 ml,"8,49 €","11,32 €/L"
"Refrigerante com gás, laranja, lata",Fanta,pack 6 x 0.33 l,"0,40 €/L","0,40 €/L"
"Refresco em pó, manga",PorSi,Embalagem de 40g,"0,75 €","18,75 €/Kg"
Manteiga com sal,PorSi,Embalagem de 250g,"2,63 €","10,52 €/Kg"
Bloco sanitário blue activ higiene,Sonasol,Embalagem de 50 g,"40,00 €/Kg","40,00 €/Kg"
Bolachas com duplo creme,Oreo,Embalagem de 190g,"0,79 €","4,49 €/Kg"
Desodorizante roll-on Invisible,Rexona,Embalagem de 50ml,"50,80 €/L","50,80 €/L"
Pensos banda,PorSi,100 x 6 cm,"1,69 €","1,69 €/Unidade"
"Batata frita, queijo e ervas",PorSi,Embalagem de 190g,"1,19 €","6,43 €/Kg"
Bolachas Chiquilin 0% Açucar,Artiach,Embalagem de 175 g,"2,82 €","9,40 €/Kg"
Cebola,Legumes do Dia,1 un = 250 gr  (aprox.),"1,79 €","3,58 €/Kg"
Molho bechamel,PorSi,Embalagem de 200g,"0,87 €","2,90 €/Kg"
Vinho regional península de setúbal reserva,Periquita,Garrafa de 0.75 l,"2,29 €","3,05 €/L"
Iogurte grego natural açucarado sem lactose,PorSi Viva Bem,Embalagem de 240g,"1,48 €","3,08 €/Kg"
Jarro graduado,PorSi,Embalagem de 1 unidades,"0,99 €","0,99 €/Unidade"
Super tea immune com vitamina c,Tetley,Embalagem de 40g,"44,50 €/Kg","44,50 €/Kg"
Trinca de arroz,PorSi,Embalagem de 1 kg,"1,15 €/Kg","1,15 €/Kg"
Película aderente,Vileda,embalagem com 50 m,"1,11 €","1,11 €/Unidade"
Braçadeiras Patrulha Pata,Mondo,1 Embalagem,"2,09 €","2,09 €/Unidade"
Cápsulas de café com leite cappuccino,Nescafe,Embalagem com 16 cápsulas,"1,99 €","15,92 €/Kg"
"Dentífrico Senses Melancia, Pepino e Menta",Aquafresh,75 ml,"2,39 €","31,87 €/L"
Forma Pão de Ló Antiaderente 24cm,PorSi,1 unidade,"7,00 €/Unidade","7,00 €/Unidade"
Leite de pastagem magro,Terra Nostra,Embalagem de 1 litro,"1,09 €","1,09 €/L"
12 nuggets frango polme americano,Capitão Iglo,Embalagem de 220g,"7,99 €","7,99 €/Kg"
Perna de Peru,Programa Origens,"Vendido ao peso, 1un = 1kg (aprox)","3,98 €","2,49 €/Kg"
Beterraba Cozida,*,Embalagem de 450 g,"0,99 €","0,99 €/Unidade"
Bolachas cacau com cereais e pepitas de chocolate,PorSi,Embalagem de 400 g,"0,90 €","6,00 €/Kg"
Amendoim com Casca,PorSi,Embalagem de 500g,"0,79 €","3,95 €/Kg"
Sumo 100% laranja,PorSi,Pack 3 x 200 ml,"1,09 €","0,73 €/L"
Choco limpo 20/40,PorSi,Embalagem de 800 g,"5,49 €","6,86 €/Kg"
Limpa Moveis Lavanda,Pronto,300 ml,"4,39 €","14,63 €/L"
Azeite virgem extra,Ouro elvas,Garrafa de 750 ml,"3,29 €","4,39 €/L"
Barras cereais chocapic,Nestle,Embalagem de 150g,"1,29 €","10,24 €/Kg"
After shave gold,Denim,Embalagem de 100 ml,"1,16 €","4,64 €/L"
Leite de transição Optipro 2 +6 meses,NAN,Embalagem de 800g,"23,99 €","29,99 €/Kg"
Limpa móveis cera abelhas,PorSi,Frasco de 300ml,"4,39 €","14,63 €/L"
"Anti-calcário em pó, máquina roupa",PorSi,Embalagem de 800g,"10,99 €","52,33 €/Kg"
Azeite virgem extra reserva,Gallo,Garrafa de 750 ml,"3,29 €","4,39 €/L"
Queijo fatiado cheddar,PorSi,Embalagem de 150 g,"1,96 €","9,80 €/Kg"
Ultra One,Nerf,1 unidade,"24,99 €/Unidade","24,99 €/Unidade"
Pastilhas gum strawberry,Bubbaloo,Embalagem de 38g,"0,60 €","15,79 €/Kg"
Porto ruby,Ferreira,Garrafa de 750 ml,"6,29 €","8,39 €/L"
Café moagem universal brasil,Delta,Embalagem de 220g,"9,16 €/Kg","9,16 €/Kg"
Cerveja c/ álcool mini,Super Bock,Pack 15 x 0.20 L,"1,99 €/L","1,99 €/L"
3 Pipetas de Repelente p/ Gato,Repul'7,1 unidade,"1,19 €","0,24 €/Kg"
Ambientador gel floral,PorSi,150 g,"16,63 €/L","16,63 €/L"
Leite seleccionado magro,Matinal,Garrafa de 1 l,"1,09 €","1,09 €/L"
Sabonete extra suave de limão,Labell,Embalagem de 2x100 g,"4,49 €","12,47 €/Kg"
Vermute rosso,Martini,Embalagem de 10x6 cl,"17,09 €","22,79 €/L"
"Queijo light, 8 porções",A Vaca Que Ri,Embalagem de 140 g,"1,99 €","9,95 €/Kg"
Centro Médico,Peppa Pig,,"24,99 €/Unidade","24,99 €/Unidade"
Sidra frutos vermelhos,Somersby,pack 4 x 0.33 l,"1,59 €","3,18 €/L"
Leite com chocolate sem lactose,Ucal,Embalagem de 6 x 250 ml,"0,99 €","0,99 €/L"
Tablete chocolate chips ahoy,Milka,Embalagem de 100g,"0,53 €","5,30 €/Kg"
Leite uht meio gordo,PorSi,Embalagem com rosca de 1 l,"0,83 €","0,83 €/L"
Pasta de açúcar bege,PorSi,250 g,"1,49 €","1,49 €/Kg"
Danette caramel 125g p4,Danone,Embalagem de 4 x 125 g,"1,19 €","2,59 €/Kg"
Açúcar mascavado,PorSi,Embalagem de 500g,"1,49 €","1,49 €/Kg"
Azeite virgem clássico,PorSi,Garrafa de 750 ml,"3,29 €","4,39 €/L"
Miolo de camarão 50/70,H2Gelo,Embalagem de 250  g,"8,99 €","25,69 €/Kg"
Alimento seco p/ cão raça pequena,PorSi Select,Embalagem de 3kg,"1,15 €/Kg","1,15 €/Kg"
Limpa Estofos de Pele,PorSi,Embalagem de 1 l,"3,99 €","0,80 €/L"
Tomate 67/82,Programa Origens,1 un = 200 gr (aprox.),"0,40 €","1,99 €/Kg"
Lixívia tradicional,PorSi,Embalagem de 2 l,"2,59 €","1,30 €/L"
Moscatel de setúbal,Adega de Palmela,Garrafa de 750 ml,"6,79 €/L","6,79 €/L"
"Iogurte líquido yoggi, sem lactose, morango",Nestle,Embalagem de 4 x 160 g,"1,31 €","2,05 €/Kg"
Azeite virgem extra seleção,PorSi,Garrafa de 250 ml,"3,29 €","4,39 €/L"
Arroz carolino,PorSi,Embalagem de 1 kg,"1,26 €","1,26 €/Kg"
Iogurte corpos danone + proteína ananás,Danone,Embalagem de 150g,"5,97 €/Kg","5,97 €/Kg"
Chupeta latex suave + 4 meses,Neo Baby,Embalagem com 2 unidades,"5,99 €","5,99 €/Unidade"
Cabrito Inteiro/Metades,PorSi,1/2 un = 7 kg <br> 1 un = 14 kg (aprox.),"62,86 €","8,98 €/Kg"
Massa bagos,PorSi,Embalagem de 250g,"0,99 €","1,98 €/Kg"
Bolacha digestive aveia 258g,Vieira,Embalagem de 258 g,"1,49 €","2,48 €/Kg"
Refrigerante C/ Gás Zero,Coca-Cola,Garrafa de 1 l,"0,40 €/L","0,40 €/L"
"Ração para gato adulto com vaca, frango",Friskies,Embalagem de 4kg,"12,99 €","4,33 €/Kg"
Iogurte líquido morango,PorSi,Embalagem de 4 x 160 g,"1,31 €","2,05 €/Kg"
Carro de Limpeza,Vicam,1 unidade,"24,99 €/Unidade","24,99 €/Unidade"
Infusão de tília,Tetley,Embalagem de 10g,"0,99 €","76,15 €/Kg"
Analisador água piscina,Gre,,"2,09 €","2,09 €/Unidade"
Rosas de açúcar,Vahine,Embalagem de 2g,"1,29 €","3,23 €/Kg"
Bola Fiambre/ Queijo/ Bacon/ Chourição,Nutriva,,"0,65 €","0,65 €/Unidade"
Doce light framboesa,PorSi,Embalagem de 340g,"3,59 €","10,26 €/Kg"
Gelatina light manga e laranja,Condi,Embalagem de 2x15 g,"0,55 €","61,11 €/Kg"
Feijão manteiga,PorSi,Embalagem de 500g,"2,78 €/Kg","2,78 €/Kg"
Vinho regional lisboa reserva tinto,Marginal,Garrafa de 0.75 l,"4,99 €","6,65 €/L"
Bacalhau com azeite e alho,PorSi Select,Lata de 120 g,"9,08 €/Kg","9,08 €/Kg"
Infusão alcachofra e dente de leão,Cemporcent,Embalagem de 10 unidades,"0,99 €","76,15 €/Kg"
Espinafres folhas natur+ 400g,Bonduelle,Embalagem de 400G,"0,74 €","1,85 €/Kg"
Alimento lácteo cereais e bolachas maria +6 meses,Yogolino,Embalagem de 4 x 100 g,"2,89 €","7,23 €/Kg"
"Detergente líquido, manual loiça, original",Fairy,"Embalagem de 1,5 l","1,05 €","2,10 €/L"
Morcela assar fundao,PorSi,Embalagem de 250g,"2,35 €","13,06 €/Kg"
Bolachas waffers morango,PorSi,Embalagem de 210g,"0,98 €","4,67 €/Kg"
Gelatina de ananás,Koala,Embalagem de 130g,"0,85 €","2,13 €/Kg"
Cerveja c/ álcool,Sagres,pack 15 x 0.33 l,"1,99 €/L","1,99 €/L"
Lâmpada LED Forma Esférica 25W E27,Domédia,1 un.,"5,99 €","5,99 €/Unidade"
Amaciador concentrado para roupa aloé vera,PorSi,80 doses,"3,99 €","3,99 €/Unidade"
Vela em número nª2,PorSi,1 unidade,"0,60 €","0,60 €/Unidade"
Pera rocha categoria II Programa Origens,PorSi,Embalagem de 1.5 kg,"1,30 €/Kg","1,30 €/Kg"
Bambolitos pretos,PorSi,Embalagem de 150g,"0,79 €","5,27 €/Kg"
Abrasivo sanitário gel pinho,PorSi,embalagem de 1 litro,"1,09 €","1,09 €/L"
Pizza hawai,PorSi,Embalagem de 350g,"2,16 €","6,17 €/Kg"
Conjunto Cozinha,Fantástiko,7 peças,"49,99 €/Unidade","49,99 €/Unidade"
Gel de Banho Secrets Oil Coconut,Dove,Embalagem de 500 ml,"5,19 €","7,98 €/L"
Tomate inteiro pelado,PorSi,Embalagem de 390 g,"2,19 €","2,81 €/Kg"
Fruta para bebé 4 frutas +4 meses,Nestle,Embalagem de 90g,"0,74 €","8,22 €/Kg"
Atum posta em azeite,Bom petisc,Embalagem de 120 g,"9,08 €/Kg","9,08 €/Kg"
Lava tudo antibacteriano marinho,PorSi,Garrafa de 1.5 l,"0,99 €","0,50 €/L"
Yofu soja natural sem açúcar,Alpro,Embalagem de 500g,"3,09 €","6,18 €/Kg"
Hambúrguer de soja,Cemporcent,Embalagem de 160g,"1,49 €","3,73 €/Kg"
Presunto nacos,PorSi,Embalagem de 250g,"3,20 €","15,99 €/Kg"
Vulcão,Science4You,1 unidade,"9,99 €/Unidade","9,99 €/Unidade"
Feijão frade,Compal,Lata de 410 ml,"2,19 €","2,81 €/Kg"
50 nuggets de frango,Capitão Iglo,Embalagem de 1042g,"2,79 €","8,72 €/Kg"
Nestum zero arroz,Nestum,Embalagem de 250 g,"4,99 €","4,99 €/Kg"
Esfregão de fibra com cabo depósito com detergente,Fino,embalagem com 5 un. + 1 un.,"0,79 €","0,79 €/Unidade"
Refrigerante com gás de laranja,Sumol,"Garrafa de 1,25 l","0,40 €/L","0,40 €/L"
"Batata frita, multipack",Ruffles,Embalagem de 180g,"1,06 €","5,73 €/Kg"
Snack gato sticks salmao 6x5g,PorSi,Embalagem de 30g,"0,99 €","16,50 €/Kg"
Sacos do lixo wc 5 litros,PorSi,30 sacos,"1,89 €","1,89 €/Unidade"
Bagas de goji,Salutem,Embalagem de 100g,"2,29 €","15,27 €/Kg"
Chouriço fatiado,Campofrio,Embalagem de 80g,"0,95 €","9,49 €/Kg"
Estojo redondo,PorSi,1 unidade,"19,90 €","19,90 €/Unidade"
Caracol Médio,Nossa seleção,1 un = 250 gr (aprox.),"3,49 €","3,49 €/Kg"
Molho de alho,Calve,Embalagem de 260g,"0,87 €","2,90 €/Kg"
Estojo,Sugarspice,1 unidade,"19,90 €","19,90 €/Unidade"
Porto 10 anos,Valadao,Garrafa de 750 ml,"9,99 €","13,32 €/L"
Azeite de moura virgem extra bio,PorSi Bio,Garrafa de 500 ml,"3,29 €","4,39 €/L"
Iogurte liquido infantil morango,PorSi,Embalagem de 6 x 94 ml,"1,31 €","2,05 €/Kg"
Sardinha Congelada,Peixe Congelado,1 un = 250 gr  (aprox.),"3,99 €/Kg","3,99 €/Kg"
Fruta para bebé maçã banana +4 meses,Nestle,Embalagem de 4 x 100 g,"0,74 €","8,22 €/Kg"
Sumo s/ gás manga/cenoura,Santal,"Garrafa de 1,5 l","1,90 €","1,27 €/L"
Snack bounty single 57g,BOUNTY,Embalagem de 60g,"11,93 €/Kg","11,93 €/Kg"
Queijo Curado Amanteigado,Quinta do Convento,Vendido ao peso a partir de 250 g,"4,00 €","15,99 €/Kg"
Miolo de amêndoa sem pele inteira,PorSi,200 g,"0,79 €","3,95 €/Kg"
Gelatina ananás 8 kcal,PorSi,Embalagem de 4 x 100 g,"0,85 €","2,13 €/Kg"
Gelado magnum mini double framboesa,Olá,Embalagem de 6 x 60 ml,"5,99 €","17,11 €/L"
Tablete de chocolate culinário branco,PorSi,Embalagem de 180 g,"0,99 €","9,90 €/Kg"
Maionese magra em frasco,Hellmman's,Embalagem de 460g,"0,87 €","2,90 €/Kg"
Aperitivos 3d's cones,3d's,Embalagem de 90g,"0,79 €","7,90 €/Kg"
Plantanatur slim rapid 30 comprimidos,PLANTANATU,Embalagem de 1 unidades,"7,59 €","126,50 €/Kg"
Ovos Frescos Classe M,PorSi,12 unidades,"1,59 €","1,59 €/Unidade"
Tira Nódoas Spray a Seco,Iberia,Embalagem de 200 ml,"10,99 €","52,33 €/Kg"
Pepsi max,Pepsi,Garrafa de 1.75 l,"0,40 €/L","0,40 €/L"
Folhado de salsicha,PorSi,Embalagem de 6x60 g,"2,99 €","9,97 €/Kg"
Creme abrasivo original,Cif,Garrafa de 700 ml,"1,09 €","1,09 €/L"
Lava Tudo Perfumado Herbal,PorSi,Embalagem de 2 l,"0,99 €","0,50 €/L"
Physalis,*,100 g (aprox.),"1,00 €","3,99 €/Kg"
Queijinho petit nesquik,Nestle,Embalagem de 6 x 60 g,"1,05 €","1,86 €/L"
Cordon bleu,Iglo,Embalagem de 200g,"4,99 €","24,95 €/Kg"
Gelado carte d'or tarte limão merengue,Olá,Embalagem de 900 ml,"5,49 €","6,10 €/L"
Massas alimentícias laços,PorSi,Embalagem de 500g,"0,99 €","1,98 €/Kg"
Couve lombardo Programa Origens,PorSi,,"1,64 €","1,09 €/Kg"
"Croissants com recheio de cacau, 5 unidades",Dulcesol,Embalagem de 230g,"2,05 €","5,13 €/Kg"
Máquina Descartável Depilatória Venus Plus,Gillette,4 un. + 2 grátis,"5,49 €","5,49 €/Unidade"
Saqueta de puré de fruta | maçã + manga + pêssego,PorSi,90 g,"0,74 €","8,22 €/Kg"
Cabo de madeira com rosca,PorSi,1.20 m,"2,20 €","2,20 €/Unidade"
Tablete de chocolate culinário 70% negro,PorSi,Embalagem de 200 g,"1,04 €","8,32 €/Kg"
Ambientador vela odor cozinha,PorSi,1 unidade,"2,53 €","2,53 €/Unidade"
Pensos incontinência homem,PorSi,10 unidades,"1,95 €","1,95 €/Unidade"
Vela com número nº 0,PorSi,1 unidade,"0,60 €","0,60 €/Unidade"
"Pasta dentífrica, proteção branqueador",Labell,Embalagem de 75 ml,"2,39 €","31,87 €/L"
Limpa Estofos de Tecido,PorSi,Embalagem de 1 l,"3,99 €","0,80 €/L"
Esfregona tiras completa,PorSi,1 unidade,"0,79 €","0,79 €/Unidade"
Queijo Curado Meio Gordo,Fonte Mourisca,Vendido ao peso a partir de 250 gr,"3,80 €","15,19 €/Kg"
Caldo carne 16 cubos,Knorr,Embalagem de 160g,"3,84 €","24,00 €/Kg"
Óleo de cedro,Mistolin,Embalagem de 360 ml,"4,39 €","14,63 €/L"
Crazy Chic Pochete Maquilhagem,Clementoni,1 unidade,"24,99 €/Unidade","24,99 €/Unidade"
Óleo Multigasolina 20W40,Galp,Embalagem de 5 l,"5,99 €","5,99 €/L"
Espinafres salteado com alho,PorSi,Embalagem de 750g,"0,74 €","1,85 €/Kg"
Aguadente vinica velha,Património,Garrafa de 0.70 l,"12,79 €","18,27 €/L"
Frutapura maçã manga laranja,Bledina,Embalagem de 85g,"2,29 €","6,94 €/L"
Resguardo de colhão impermeável,PorSi,Dim.: 80 x 120 cm,"4,99 €","4,99 €/Unidade"
Tablete chocolate de leite,PorSi,embalagem de 100 g,"0,53 €","5,30 €/Kg"
"Fita apanha moscas, com 4 unidades",Neokill,4 unidades,"4,49 €","11,97 €/L"
Ração seca para gatinhos frango e legumes,PorSi,Embalagem de 2 kg,"12,99 €","4,33 €/Kg"
Frutose,PorSi,Boião de 410 g,"5,99 €","23,96 €/Kg"
Nata uht carbonara,Parmalat,Embalagem de 200 ml,"1,12 €","5,60 €/L"
Bolacha torrada,PorSi,Embalagem de 4 x 200 g,"1,69 €","2,11 €/Kg"
Rolo de Cozinha Megarollo,Scottex,Uma embalagem c/ 8 rolos,"4,99 €","4,99 €/Unidade"
Café grão bio,PorSi Bio,Embalagem de 250g,"9,16 €/Kg","9,16 €/Kg"
Pez blister,PEZ,Embalagem de 70g,"1,08 €","5,40 €/Kg"
Cereja,Programa Origens,1 un = 250 gr  (aprox.),"2,00 €","7,99 €/Kg"
Vinho do Porto 10 anos,Cruz,"Garrafa de 0,75L c/ Caixa de Madeira","9,99 €","13,32 €/L"
Água s/ gás frutos vermelhos,Luso,Garrafa de 1 l,"1,04 €","0,17 €/L"
Arroz agulha,Caçarola,Embalagem de 1 kg,"1,26 €","1,26 €/Kg"
"Tira gorduras, pistola",Kh 7,Garrafa de 750 ml,"4,89 €","6,52 €/L"
Contact Ceys,Ceys,1 unidade,"3,19 €","3,19 €/Unidade"
Comida Húmida para Gatinhos Mousse com Vitela,Gourmet Diamant,Embalagem de 85 g,"3,59 €","2,99 €/Kg"
Ração para gato adulto crunchy & tender com salmão,Friskies,"Embalagem de 1,5 kg","12,99 €","4,33 €/Kg"
Monster Truck Mega Wrex Rádio Controlo,Mondo,1 unidade,"49,99 €/Unidade","49,99 €/Unidade"
Delta cappuccino 10x14g,Delta,Embalagem de 140g,"1,99 €","15,92 €/Kg"
8 hamburguers s/ glúten vaca,Capitão Iglo,Embalagem de 640g,"2,79 €","8,72 €/Kg"
Queijo fundido palitos,A Vaca Que Ri,Embalagem de 35g,"0,82 €","23,43 €/Kg"
Aperitivo de anis,Ricard,Garrafa de 700 ml,"17,09 €","22,79 €/L"
Champô miracle volume + nutrição,Pantene,225 ml,"5,59 €","13,98 €/L"
Manteiga magra baixo teor sal,President,Embalagem de 250g,"2,63 €","10,52 €/Kg"
"Papel higiénico super, folha dupla, 24 rolos",Renova,Uma embalagem,"5,99 €","5,99 €/Unidade"
Cheeseburger Vaca,Snock,Embalagem de 100 g,"1,89 €","18,90 €/Kg"
Spray anti calcário,Cif,Garrafa de 435 ml,"3,59 €","7,18 €/L"
Néctar pera,PorSi,Embalagem de 1 l,"0,99 €","0,99 €/L"
Paio das beiras,PorSi,Embalagem de 380g,"3,20 €","15,99 €/Kg"
Pilhas recarregáveis C HR14 2600mAh,Domédia,Embalagem com 2 unidades,"1,99 €","1,99 €/Unidade"
Espumosos tinto bruto attitude,Fita azul,Garrafa 0.75L,"5,69 €","7,59 €/L"
Body Milk in Shower,Labell,Embalagem de 250 ml,"12,48 €/L","12,48 €/L"
Barrita controlo de peso maçã,Ignoramu,Embalagem de 44g,"0,69 €","1,73 €/Kg"
Cerveja com álcool,Corona,"Embalagem de 6x0,355L","1,99 €/L","1,99 €/L"
Rolls 6 unidades,Bimbo,Embalagem de 340g,"0,99 €","1,98 €/Kg"
Tablete de chocolate extra fina leite/avelã,Nestle,Embalagem de 120g,"10,89 €/Kg","10,89 €/Kg"
Alimento lácteo cereais e baunilha +6 meses,Yogolino,Embalagem de 4 x 100 g,"2,89 €","7,23 €/Kg"
Vinho verde,Felgueiras,Garrafa de 0.75 l,"1,99 €","2,65 €/L"
Bicarbonato de sódio,Globo,Embalagem de 230g,"1,79 €","21,83 €/Kg"
Pão Forno Pedra Centeio,Garcia & Filhos,1 un = 400 g (aprox.),"0,79 €","1,98 €/Kg"
Pack de 3 lâmpadas 6W LED E14,BDC,1 embalagem,"5,99 €","5,99 €/Unidade"
"Lenços de bolso sensi, brancos, 10 unidades",Renova,Uma embalagem de 6x10,"0,89 €","0,89 €/Unidade"
Desodorizante e desinfetante para calçado,Sanytol,Embalagem de 150 ml,"5,29 €","35,27 €/L"
Bolacha maria doces,Vieira,Embalagem de 300g,"1,69 €","2,11 €/Kg"
Leite uht magro,Gresso,Embalagem de 1 litro,"1,09 €","1,09 €/L"
Papel Higiénico Compacto Ultra Suave XXL,Colhogar,12 rolos,"5,99 €","5,99 €/Unidade"
Detergente Manual de Loiça Rosa & Cetim,Fairy,Embalagem de 500 ml,"1,05 €","2,10 €/L"
Massa macarronete riscado,Milaneza,Embalagem de 500g,"0,99 €","1,98 €/Kg"
Sobremesa danette duo baunilha e chocolate,Danone,Embalagem de 4 x 125 ml,"1,19 €","2,59 €/Kg"
Fábrica de Partidas TikTok,Science4You,1 unidade,"9,99 €/Unidade","9,99 €/Unidade"
Comida húmida para gato carnes e legumes com molho,PorSi,Embalagem de 1.2 kg,"3,59 €","2,99 €/Kg"
Biscoitos canudinho simples,PorSi,Embalagem de 300g,"2,82 €","9,40 €/Kg"
Bloco Sanitário Ativo Lavanda,Sonasol,Embalagem de 50 g,"40,00 €/Kg","40,00 €/Kg"
Doce de cereja s/ açúcar adicionado,PorSi,Frasco com 220 g,"2,19 €","9,95 €/Kg"
Veículo de Resgate de Montanha,Playmobil,1 unidade,"24,99 €/Unidade","24,99 €/Unidade"
Massa cuscus,PorSi,Embalagem de 250g,"0,99 €","1,98 €/Kg"
Bicarbonato de sódio,Vatel,Embalagem de 400g,"1,79 €","21,83 €/Kg"
Alimento lácteo morango +8 meses,Yogolino,Embalagem de 4 x 100 g,"2,89 €","7,23 €/Kg"
Jogo da Glória,Olivo,1 unidade,"24,99 €/Unidade","24,99 €/Unidade"
Esfregão esponja ergonómico salva unhas,PorSi,Embalagem de 2 unidades,"0,79 €","0,79 €/Unidade"
Sabonete líquido para as mãos de coco,Dove,embalagem de 250 ml,"2,18 €/L","2,18 €/L"
Filetes Primavera Linhaça & Girassol,Iglo,Embalagem de 220g,"9,30 €/Kg","9,30 €/Kg"
Spray recarga limpeza da casa de banho,Cif,embalagem de 70 ml,"0,79 €","0,79 €/L"
Árvore de Natal,*,Dim.: 150cm,"24,99 €/Unidade","24,99 €/Unidade"
"Cerveja com álcool, lata",Super Bock,Garrafa de 500 ml,"1,99 €/L","1,99 €/L"
Máquina de café,Play-Doh,1 unidade,"9,99 €/Unidade","9,99 €/Unidade"
Mala de Veterinária,Peppa Pig,,"49,99 €/Unidade","49,99 €/Unidade"
Molas plásticas,PorSi,15 unidades,"0,89 €","0,89 €/Unidade"
"Chocolate, tripack",Pintarolas,Embalagem de 70g,"11,98 €/Kg","11,98 €/Kg"
Cerveja c/ álcool,Super Bock,Pack 15 X 0. 33L,"1,99 €/L","1,99 €/L"
Gelatina pronta a comer ananás,Royal,Embalagem de 4 x 100 g,"0,85 €","2,13 €/Kg"
Mariscada,PorSi,Embalagem de 800g,"3,99 €","9,98 €/Kg"
Leite de coco,PorSi,Embalagem de 400 ml,"3,84 €","24,00 €/Kg"
Mix de sementes tradicional,Cemporcent,Embalagem de 250g,"1,34 €","2,68 €/Kg"
Papel higiénico 2 folhas,PorSi,32 rolos,"5,99 €","5,99 €/Unidade"
Patas,Frango,1 un = 250 gr  (aprox.),"0,60 €","5,99 €/Kg"
Café solúvel creme,Nescafe,Embalagem de 100g,"1,45 €","14,50 €/Kg"
Bolachas waffers baunilha,PorSi,Embalagem de 210g,"0,98 €","4,67 €/Kg"
Ambientador vela baunilha,Glade,1 unidade com 129 g,"2,53 €","2,53 €/Unidade"
Pastilhas de Limpeza Dentífrica Branqueadora,Polident,Embalagem com 30 unidades,"9,79 €","122,38 €/Kg"
Loção hidratante,Baby Dove,Embalagem de 200 ml,"0,59 €","5,90 €/L"
Gin Beefeater Light,Beefeater,"Garrafa de 0,70 l","19,99 €","19,99 €/L"
Spray limpeza fornos e grelhas,PorSi,500 ml,"1,79 €","2,39 €/L"
Água de rosas,Hidro,Embalagem de 200 ml,"0,76 €","0,76 €/Unidade"
Animais da Quinta,Discovery Channel,set 30 peças,"49,99 €/Unidade","49,99 €/Unidade"
Húngaros,PorSi,Embalagem de 270G,"0,69 €","3,45 €/Kg"
Moscatel favaios,Favaios,Garrafa de 750 ml,"6,79 €/L","6,79 €/L"
6 Salsichas de porco,Nobre,Lata de 120g,"0,75 €","3,75 €/Kg"
Amaciador Roupa lavanda,PorSi,Embalagem de 60 doses,"3,99 €","3,99 €/Unidade"
Globo explora mundo com APP,Clementoni,1 un.,"9,99 €/Unidade","9,99 €/Unidade"
Desinfetante álcool gel spray,PorSi,100 ml,"0,99 €","9,90 €/L"
Açúcar em saquetas,PorSi,Embalagem 1K,"1,49 €","1,49 €/Kg"
Sacos do lixo lavanda 50 litros,PorSi,15 unidades,"1,89 €","1,89 €/Unidade"
Massa fusilli tricolor,Milaneza,Embalagem de 500g,"0,99 €","1,98 €/Kg"
Bifanas,Porco,Vendido ao peso a partir de 1 kg,"4,99 €","4,99 €/Kg"
Salsichas extra suculentas,Nobre,Frasco de 650 g,"0,75 €","3,75 €/Kg"
"Recarga ambientador, toque&fresh relax zen",Glade,Embalagem de 10 ml,"1,99 €","1,99 €/Unidade"
Animais do Oceano,Discovery Channel,set 30 peças,"49,99 €/Unidade","49,99 €/Unidade"
Cria o Cenário,Jurassic World,1 un.,"9,99 €/Unidade","9,99 €/Unidade"
Farinha para pão rústico,Nacional,Embalagem de 1 kg,"1,99 €","1,99 €/Kg"
Grão de bico,PorSi,Embalagem de 820g,"2,19 €","2,81 €/Kg"
12 Ovos Frescos Classe S,Campovo,Embalagem c/ 12 Unidades,"1,59 €","1,59 €/Unidade"
Diospiro,Fruta da Época,1 un = 250 gr  (aprox.),"1,00 €","3,99 €/Kg"
Ketchup,Calve,Embalagem de 280g,"0,87 €","2,90 €/Kg"
Sacos lixo eco 100 litros,PorSi,10 unidades,"1,89 €","1,89 €/Unidade"
Legumes verdes para sopa,PorSi,Embalagem de 1 kg,"0,74 €","1,85 €/Kg"
Chocolate lion,Lion,Embalagem de 40g,"11,93 €/Kg","11,93 €/Kg"
Cereais fitness,Nestle,Embalagem de 380g,"5,59 €","8,87 €/Kg"
Abrasivo sanitário gel citrinos,PorSi,embalagem de 1 litro,"1,09 €","1,09 €/L"
Creme de coentros sem batata,PorSi,Embalagem de 400 g,"3,59 €","3,59 €/Kg"
Leite aromatizado com sabor a cerea,Mimosa,Embalagem de 200 ml,"1,99 €","2,49 €/L"
Papa infantil não láctea multicereais +6 meses,Cerelac,Embalagem de 250g,"4,99 €","4,99 €/Kg"
O Grande Jogo Quiz Clássico,Clementoni,,"24,99 €/Unidade","24,99 €/Unidade"
"Toalhitas para bebé bio, 64 unidades",Pommette,1 embalagem,"1,09 €/Unidade","1,09 €/Unidade"
Vinho do porto lágrima tinto,Ramos Pinto,"Garrafa de 0,75L","5,99 €","7,99 €/L"
Uva Cardinal,*,Embalagem de 500 g,"0,99 €","9,90 €/Kg"
Vinagre de limpeza,PorSi,Embalagem de 1 l,"0,79 €","0,79 €/L"
Queijo Curado Apimentado,Fonte Mourisca,Vendido ao peso a partir de 250 gr,"4,00 €","15,99 €/Kg"
"Jogo ""Fake?""",Clementoni,1 unidade,"9,99 €/Unidade","9,99 €/Unidade"
Termo ultra dreno-volume,PLANTANATU,Garrafa de 500 ml,"7,59 €","126,50 €/Kg"
Alperce,Fruta do Dia,Vendido a partir de 250 gr,"0,60 €","2,39 €/Kg"
Argolas Romana,PorSi,Embalagem de 400 g,"2,99 €","9,97 €/Kg"
"Rolo de cozinha design xxl, 3 rolos",Renova,Embalagem de 3 unidades,"4,99 €","4,99 €/Unidade"
Set e Bolsa Médico,Peppa Pig,,"24,99 €/Unidade","24,99 €/Unidade"
Cerveja,Kings Bräu,Embalagem de 10x25 cl,"1,99 €/L","1,99 €/L"
Vermute rosso,Martini,Garrafa de 0.75 l,"17,09 €","22,79 €/L"
Jarro de 1 litro + 4 copos,Codil,1 conjunto,"0,99 €","0,99 €/Unidade"
Pão gémeos,*,250 g,"0,79 €","1,98 €/Kg"
Bolachas de manteiga,Triunfo,Embalagem de 170g,"1,69 €","6,76 €/Kg"
Autobrilhante Incolor,Búfalo,Embalagem de 50 ml,"2,25 €","45,00 €/L"
Bolacha golden,Oreo,Embalagem de 154 g,"0,79 €","4,49 €/Kg"
Bolacha torrada com canela,PorSi,Embalagem de 2 x 250 g,"1,69 €","2,11 €/Kg"
Vela com número nº 5,PorSi,1 unidade,"0,60 €","0,60 €/Unidade"
Gronola de aveia chocolate,Nestle,Embalagem de 300g,"5,59 €","8,87 €/Kg"
Toalhitas Activity |Recarga,Dodot,Pack: 4x54 unidades,"1,09 €/Unidade","1,09 €/Unidade"
Chá preto,Tetley,Embalagem de 20g,"41,67 €/Kg","41,67 €/Kg"
"Queijo flamengo, fatias",Paiva,Embalagem de 180 g,"1,96 €","9,80 €/Kg"
Licor de amêndoa amarga,Produto selecionado,"Garrafa de 0,70 l","16,99 €","24,27 €/L"
Stevia chocolate negro com frutos vermelhos,Cemporcent,Embalagem de 125g,"1,79 €","17,90 €/Kg"
Lula limpa,Pescanova,Embalagem de 450g,"5,49 €","6,86 €/Kg"
Feijao verde redondo,PorSi,Embalagem de 400g,"0,74 €","1,85 €/Kg"
Mopa com cabo,PorSi,1 unidade,"2,20 €","2,20 €/Unidade"
Pescada da Africa do Sul,Peixe Congelado,Pescado no mar,"3,99 €/Kg","3,99 €/Kg"
Molho inglês,Savora,Garrafa de 120 ml,"0,87 €","2,90 €/Kg"
Amaciador concentrado para roupa jojoba,PorSi,80 doses,"3,99 €","3,99 €/Unidade"
Vela Litúrgica com tampa,Codipostal,Dim.: 15.5 cm,"1,25 €","1,25 €/Unidade"
Posta pescada-do-cabo nº 5 para cozer,PorSi,Embalagem de 800 g,"4,39 €","10,98 €/Kg"
Molho bechamel,Parmalat,Embalagem de 200 ml,"1,12 €","5,60 €/L"
Chourico picante beiras,PorSi,Embalagem de 290g,"1,22 €","6,78 €/Kg"
Vela com número nº 8,PorSi,1 unidade,"0,60 €","0,60 €/Unidade"
Muslitos do mar,Pescanova,Embalagem de 250 g,"2,19 €","8,59 €/Kg"
Chupeta anatómico +12 meses,Neo Baby,Embalagem com 2 unidades,"5,99 €","5,99 €/Unidade"
"Bebida láctea especial crescimento, 1-3 anos",Mimosa,Garrafa de 1 l,"0,26 €","1,30 €/L"
Café c/ cafeína intenso,Nescafe,Embalagem de 100g,"1,45 €","14,50 €/Kg"
Lula recheada com carne,PorSi,Embalagem de 500 g,"3,99 €","11,40 €/Kg"
Carro polícia com som e luz,Playmobil,1 unidade,"24,99 €/Unidade","24,99 €/Unidade"
Chupeta latex suave + 12 meses,Neo Baby,Embalagem com 2 unidades,"5,99 €","5,99 €/Unidade"
Cápsulas de café com leite cappuccino,Nescafe,Embalagem com 16 cápsulas,"59,82 €/Kg","59,82 €/Kg"
Leite uht gordo com rosca,PorSi,Embalagem de 1 litro,"1,04 €","1,04 €/L"
Pólen de abelhas,PorSi Select,Frasco de 130 g,"4,89 €","9,78 €/Kg"
Sobremesa gelificada de laranja,PorSi,Embalagem de 4x100g,"0,85 €","2,13 €/Kg"
Gel Banho Excite,Axe,Embalagem de 400 ml,"5,99 €","14,98 €/L"
Sumo 100% maçã,Compal,1 litro,"1,09 €","0,73 €/L"
Caldo de galinha 8 cubos,Knorr,Embalagem de 80g,"3,84 €","24,00 €/Kg"
Vinho regional alentejano tinto,Qta.carmo,Garrafa de 0.75 l,"2,89 €","3,85 €/L"
Detergente manual roupa,PorSi,Embalagem de 650g,"1,19 €","2,98 €/Kg"
Bocadelia de caranguejo,La piara,Embalagem de 170g,"1,19 €","13,52 €/Kg"
Água sem gás,Penacova,Garrafa de 1.5 litros,"1,04 €","0,17 €/L"
Sumo essencial de pêssego,Compal,pack 3 x 0.11 l,"2,29 €","6,94 €/L"
Limpa Tablier,PorSi,Embalagem de 1 l,"3,99 €","0,80 €/L"
Gogo SqueeZ Snack Banana,Gogo,Embalagem de 90g,"2,29 €","6,94 €/L"
Folhado de Maçã,*,1 unidade= 100 g,"0,99 €","11,00 €/Kg"
Cheeseburger de frango,Snock,Embalagem de 100 g,"1,89 €","18,90 €/Kg"
Alimento seco p/ cão sénior,HappyOne,Embalagem de 4 kg,"1,15 €/Kg","1,15 €/Kg"
"Infusão de romã/framboesa, 20 saquetas",Tetley,Embalagem de 40g,"0,99 €","76,15 €/Kg"
Pescada Pequena da Argentina -500g,Peixe Congelado,Pescado no mar,"4,39 €","10,98 €/Kg"
Vinho branco,Alandra,Garrafa de 750 ml,"1,59 €","2,12 €/L"
Crazy Chic Mala de Maquilhagem,Clementoni,1 unidade,"24,99 €/Unidade","24,99 €/Unidade"
Iogurte liquido stracciatella,PorSi,Embalagem de 4 x 160 g,"1,31 €","2,05 €/Kg"
Café torrado 5 estrelas moagem grossa,Sical,Embalagem de 250g,"9,16 €/Kg","9,16 €/Kg"
Leite de coco condensado,Koala,Embalagem de 490 g,"1,09 €","2,75 €/Kg"
Néctar ananás,Compal,pack 3 x 200 ml,"0,99 €","0,99 €/L"
Farinha de soja,Cemporcent,Embalagem de 500g,"1,49 €","3,73 €/Kg"
Comida húmida para cão,PorSi,Embalagem de 300 g,"0,75 €","2,50 €/Kg"
Laboratório Mecânica Mars Rover,Clementoni,1 unidade,"9,99 €","9,99 €/Unidade"
Massa fettuccine,PorSi,Embalagem de 500g,"0,99 €","1,98 €/Kg"
Leite corporal,Nivea,Embalagem de 400 ml,"12,48 €/L","12,48 €/L"
Chá de maçã e canela,Tetley,Embalagem de 20g,"44,50 €/Kg","44,50 €/Kg"
Guardanapos 2 folhas brancos e dourado,PorSi Select,50 unidades,"0,65 €","0,65 €/Unidade"
Batata Frita c/ Sal,Ruffles,Embalagem de 160 g,"1,06 €","5,73 €/Kg"
Batata frita ondulada wavy,PorSi,Embalagem de 180g,"1,06 €","5,73 €/Kg"
"Esferográfica cristal, 5 Uni",Bic,1 unidade,"2,69 €","2,69 €/Unidade"
Barras fitness com chocolate,Nestle,Embalagem de 140g,"5,59 €","8,87 €/Kg"
Maçã Golden 70/75,Fruta do Dia,1 un = 150 gr (aprox.),"1,30 €/Kg","1,30 €/Kg"
Farelo de aveia,Salutem,Embalagem de 200g,"2,29 €","15,27 €/Kg"
"Carregador, 6 lâminas, 4 recargas",Labell Men,1 embalagem,"1,16 €","4,64 €/L"
Petit gateau morango 4x80g,PorSi,Embalagem de 320g,"2,65 €","8,28 €/Kg"
Iogurte grego natural açucarado sem lactose,PorSi Viva Bem,Embalagem de 240g,"1,49 €","6,21 €/Kg"
Azeite,Oliveira da Serra,Embalagem de 750 ml,"3,29 €","4,39 €/L"
Leite UHT Meio Gordo,Gresso,Embalagem de 1 l,"0,83 €","0,83 €/L"
Creme de fixação para dentaduras,Labell,Embalagem de 50 g,"9,79 €","122,38 €/Kg"
"Vinho Alentejo, Private Collection, Tinto",Selecção de Enófilos,Garrafa de 0.75 l,"2,29 €","3,05 €/L"
Quad drive,Beyblade,1 un.,"24,99 €/Unidade","24,99 €/Unidade"
Queijo mozzarella fatias,PorSi,Embalagem de 200 g,"1,96 €","9,80 €/Kg"
Espumoso meio seco,Palacete,"Garrafa de 0,75 l","5,69 €","7,59 €/L"
Uno cartas,Mattel,1 unidade,"9,99 €/Unidade","9,99 €/Unidade"
Bledina snacktoon molly maçã,Bledina,Embalagem de 100g,"2,29 €","6,94 €/L"
Farinha p/ bolos fina,Nacional,Embalagem de 1Kg,"1,99 €","1,99 €/Kg"
Bolacha recheada mega duo chocolate,Gullon,Embalagem de 500g,"1,39 €","2,78 €/Kg"
Bacalhau Especial,Bacalhau da Noruega,1 un = 4 kg (aprox.),"8,73 €/Kg","8,73 €/Kg"
Baton blackberry shine,Labello,1 un.,"2,29 €","458,00 €/Kg"
Triceratops e Velociraptor,Clementoni,1 unidade,"49,99 €/Unidade","49,99 €/Unidade"
Repelente Anti Mosquito Spray,Mercurochrome,Embalagem 100 ml,"2,29 €","458,00 €/Kg"
Pepino,Programa Origens,1 un = 300 gr (aprox.),"0,48 €","1,59 €/Kg"
Recarga Esfregona de Microfibras,PorSi,1 unidade,"8,00 €","8,00 €/Unidade"
Spray de limpeza casa de banho,Seventh Generation,Embalagem de 500 ml,"1,79 €","2,39 €/L"
Framboesa mirtilo com xarope de milho,Cemporcent,Embalagem de 230g,"3,99 €","7,98 €/Kg"
Óleo Cedro Spray,PorSi,Embalagem de 250 ml,"4,39 €","14,63 €/L"
Café solúvel gold,PorSi Select,Embalagem 100G,"1,45 €","14,50 €/Kg"
Cereais crack star,PorSi,Embalagem de 375 g,"5,07 €/Kg","5,07 €/Kg"
Gelatina de ananás,PorSi,Embalagem de 170g,"0,55 €","61,11 €/Kg"
"Caramelos de fruta, morango single",Sugus,Embalagem de 50g,"1,19 €","4,76 €/Kg"
Farinha láctea cerelac,Cerelac,Embalagem de 500g,"4,99 €","4,99 €/Kg"
Arroz agulha Europa,PorSi,Embalagem de 1 kg,"1,26 €","1,26 €/Kg"
Detergente em pó máquina de lavar roupa lavanda,PorSi,75 doses,"8,69 €","1,84 €/Kg"
Bolachas waffers chocolate,PorSi,Embalagem de 210g,"0,98 €","4,67 €/Kg"
Chá de camomila e erva príncipe,Lipton,20 saquetas,"85,00 €/Kg","85,00 €/Kg"
Massa de cotovelos grandes riscados,Milaneza,Embalagem de 500g,"0,99 €","1,98 €/Kg"
Hamburguers de bovino,PorSi,Embalagem de 1 kg,"2,79 €","8,72 €/Kg"
Caixa de Alperce,Ferbar,Embalagem de 230 g,"1,00 €","3,99 €/Kg"
Eau de Toilette p/Senhora Nº39,Caravan,1 Frasco 150ml,"11,99 €","79,93 €/L"
Orelhas,Porco,1 un = 250 gr (aprox.),"0,60 €","5,99 €/Kg"
Filetes primavera sementes de quinoa,Iglo,Embalagem de 250 g,"1,99 €","4,98 €/Kg"
Quadro,Patrulha Pata,Dim.: 120 x 40 x 38 cm,"49,99 €/Unidade","49,99 €/Unidade"
Película Aderente 60M,PorSi,1 unidade,"1,11 €","1,11 €/Unidade"
"Batata frita caseira, rodela",Pala-pala,Embalagem de 180g,"0,87 €","5,44 €/Kg"
Azeitona preta,PorSi,Embalagem de 560 g,"2,19 €","2,81 €/Kg"
Vela com número nº 1,PorSi,1 unidade,"0,60 €","0,60 €/Unidade"
"Rebuçados de fruta, diamante",PorSi,Embalagem de 200 g,"1,08 €","5,40 €/Kg"
Pensos Higiénicos Ultra Air Dry C/ Abas,Ausonia,embalagem com 14 un.,"2,69 €","2,69 €/Unidade"
Creepy Mix,Chupachups,Embalagem de 400g,"3,40 €","28,33 €/Kg"
Puré de cenoura e abóbora,Bonduelle,Embalagem de 420g,"3,99 €","11,40 €/Kg"
Carro de Limpeza,Vicam,1 unidade,"49,99 €/Unidade","49,99 €/Unidade"
Delta chicória + cafe soluvel lata,Delta,Embalagem de 250g,"1,45 €","14,50 €/Kg"
Flocos de aveia,PorSi Viva Bem,Embalagem de 400g,"0,69 €","1,73 €/Kg"
Longa vida morango tu banana coco 8x120,Longa vida,Embalagem de 960g,"0,69 €","1,38 €/Kg"
Iogurte activia cremoso frutos silvestres,Danone,Embalagem de 4 x 120 g,"1,49 €","2,98 €/Kg"
Amaciador jasmim e maçã,Surf,90 doses,"8,99 €","2,25 €/L"
Bolachas de aveia,Triunfo,Embalagem de 190g,"2,82 €","9,40 €/Kg"
Lixívia para roupa delicada,Neoblanc,Embalagem de 2 l,"2,19 €","1,10 €/L"
Estábulo para banho dos póneis,Lego,1 unidade,"24,99 €/Unidade","24,99 €/Unidade"
Amaciador nutri-protec,Labell,Embalagem de 200 ml,"1,00 €","5,00 €/L"
Mostarda de Dijon,PorSi Select,190 g,"0,87 €","2,90 €/Kg"
Leite creme,PorSi,Embalagem de 4x23g,"0,49 €","5,44 €/Kg"
Aguardente,Alma pura,Garrafa de 0.70 l,"12,79 €","18,27 €/L"
Patê de sardinha,PorSi,Embalagem de 65 g,"1,19 €","13,52 €/Kg"
Ambientador spray pure flor de cerejeira,PorSi,250 ml,"2,99 €","12,46 €/L"
Refrigerante c/ gás,Pepsi,Pack 6 x 0.33 l,"0,40 €/L","0,40 €/L"
Barra cereais nesquik delice,Nestle,Embalagem de 140g,"1,29 €","10,24 €/Kg"
Atum posta em óleo,Ramirez,Embalagem de 120g,"9,08 €/Kg","9,08 €/Kg"
Néctar light de laranja prisma,PorSi,Embalagem de 1 l,"0,84 €","2,55 €/L"
Carro da polícia,Pinypon Action,1 unidade,"49,99 €/Unidade","49,99 €/Unidade"
Operação dinossauro,Jurassic World,1 un.,"9,99 €/Unidade","9,99 €/Unidade"
Vinho rosé,C.mendes,Garrafa de 750 ml,"4,29 €","5,72 €/L"
Eristoff brut 70cl limited edition,Eristoff,Garrafa de 700 ml,"17,49 €","24,99 €/L"
Queijo dop 7 meses,Sao jorge,Embalagem de 400g,"2,87 €","15,94 €/Kg"
Sacos do lixo lavanda 30 litros,PorSi,20 sacos,"1,89 €","1,89 €/Unidade"
Spray desinfetante casa de banho,Lysol,Embalagem de 500 ml,"1,79 €","2,39 €/L"
"Creme de rosto de dia revitalift, laser",L'oreal,Embalagem de 50 ml,"15,99 €","319,80 €/L"
Açúcar baunilhado,Globo,Embalagem de 70g,"1,49 €","1,49 €/Kg"
Café moagem universal timor,Delta,Embalagem de 220g,"9,16 €/Kg","9,16 €/Kg"
Miolo camarão 40/60,PorSi,Embalagem de 200g,"8,99 €","25,69 €/Kg"
Creme de dia para pele normal,Labell,Embalagem de 50 ml,"15,99 €","319,80 €/L"
Iogurte liquido infantil morango,PorSi,Embalagem de 6 x 94 ml,"1,05 €","1,86 €/L"
Achocolatado energy,Cola cao,Embalagem de 750g,"5,39 €","7,19 €/Kg"
Bloco de Notas Aderente Amarelo,Post-It,100 folhas,"5,99 €","5,99 €/Unidade"
Palhinhas de papel,PorSi,25 unidades,"0,60 €","0,60 €/Unidade"
Bolachas integrais,PorSi,Embalagem de 200g,"1,49 €","2,48 €/Kg"
Iogurte líquido yoggi morango/banana,Nestle,Embalagem de 4 x 160 g,"1,31 €","2,05 €/Kg"
12 nuggets frango polme americano,Capitão Iglo,Embalagem de 220g,"9,30 €/Kg","9,30 €/Kg"
Tostas multicereais sem glúten,PorSi Viva Bem,Embalagem de 140g,"4,29 €","20,43 €/Kg"
Inseticida Elétrico Night&Day Pack Duplo,Raid,Embalagem de 2x300 mg,"7,69 €","7,69 €/Unidade"
Frutos vermelhos,PorSi,Embalagem de 750 g,"4,99 €","9,98 €/Kg"
Manteiga com sal e sem lactose,Mimosa,Embalagem de 250g,"1,49 €","6,21 €/Kg"
"Recarga Espanador, 10 unidades",Swiffer,Uma embalagem,"0,79 €","0,79 €/Unidade"
"Inseticida recarga, elétrico, 45 noites",Raid,1 unidade,"7,69 €","7,69 €/Unidade"
Bicicleta,Barbie,"roda 12""","114,99 €/Unidade","114,99 €/Unidade"
"Vela em número, nº 7",PorSi,1 unidade,"0,60 €","0,60 €/Unidade"
Maçã Starking 70/75,Programa Origens,1 un = 150 gr (aprox.),"1,30 €/Kg","1,30 €/Kg"
Couscous comespeciarias 4x125g,PorSi,Embalagem de 500g,"0,99 €","1,98 €/Kg"
5 douradinhos rústicos,Capitão Iglo,Embalagem de 300g,"9,30 €/Kg","9,30 €/Kg"
"Coloração, tom sobre tom, ameixa, nº316",Casting,1 unidade,"9,49 €/Unidade","9,49 €/Unidade"
Folha de alumínio,PorSi,30 metros,"1,11 €","1,11 €/Unidade"
Toucinho do céu,PorSi,Embalagem de 2x100 g,"1,49 €","3,73 €/Kg"
20 saquetas chá noite tranquila,Lipton,Embalagem de 30g,"58,44 €/Kg","58,44 €/Kg"
Quinoa branca,PorSi Viva Bem,Embalagem de 200 g,"1,39 €","6,95 €/Kg"
Trinca de arroz,PorSi,Embalagem de 5 kg,"1,15 €/Kg","1,15 €/Kg"
Torta cacau com sabor a natas,PorSi,Embalagem de 300g,"2,05 €","5,13 €/Kg"
2 filetes de dourada,Iglo,Embalagem de 200g,"1,99 €","4,98 €/Kg"
Chourico carne das beiras,PorSi,Embalagem de 290g,"1,22 €","6,78 €/Kg"
"Luvas multiusos relevo antiderrapante, tamanho peque...",PorSi,Embalagem de 1 unidades,"13,49 €","13,49 €/Unidade"
Bola de Berlim chocolate,PorSi,85g,"0,99 €","11,00 €/Kg"
Feijão encarnado,PorSi,Embalagem de 820 g,"2,19 €","2,81 €/Kg"
Lulas recheadas,Piteu,Embalagem de 120g,"9,08 €/Kg","9,08 €/Kg"
Lava Tudo Brilhante Madeira,Sonasol,"embalagem 1,1L","2,49 €","2,49 €/L"
Lambrusco rosé,Sorbello,Garrafa de 0.75 l,"2,09 €","2,79 €/L"
Leite e cereais pijama +6 meses,Cerelac,Garrafa de 400 ml,"4,99 €","4,99 €/Kg"
"Creme de depilação duche, peles normais",Veet,Garrafa de 150 ml,"2,99 €","14,95 €/L"
Café moagem universal angola,Delta,Embalagem de 220g,"9,16 €/Kg","9,16 €/Kg"
Lancha Motor Subaquático,Playmobil,1 unidade,"49,99 €/Unidade","49,99 €/Unidade"
Toalhitas,Dodot,4 x 64 un.,"1,09 €/Unidade","1,09 €/Unidade"
Pescada Média Argentina,Peixe Congelado,+ de 500 g,"3,99 €/Kg","3,99 €/Kg"
"Pensos diários, maxi, 40 unidades",Evax,Uma embalagem,"1,79 €","1,79 €/Unidade"
Palito com pele original style,MCCAIN,Embalagem de 500g,"2,39 €","3,98 €/Kg"
Pastilhas melão e melancia,Trident,Embalagem de 20g,"0,89 €","44,50 €/Kg"
Infusão principe,Cemporcent,Embalagem de 10 unidades,"0,99 €","76,15 €/Kg"
Rolo cozinha compacto 3 folhas,Foxy,1 unidade,"4,99 €","4,99 €/Unidade"
Mini tostas integrais super finas,PorSi,Embalagem de 100 g,"2,39 €","6,83 €/Kg"
Batata Pré-Frita Dauphines,PorSi,500 g,"2,39 €","3,98 €/Kg"
Confronto de Camiões Hulk vs Rhino,Lego,1 unidade,"7,99 €/Unidade","7,99 €/Unidade"
Vinho verde branco,MIRANDA,"Garrafa de 0,75 l","1,99 €","2,65 €/L"
Bolacha de Manteiga Belga c/ Chocolate Branco,Saborosa,Embalagem de 198 g,"1,69 €","6,76 €/Kg"
Sacos lixo eco com atilho 30 litros,PorSi,20 unidades,"1,89 €","1,89 €/Unidade"
Manteiga sem sal terra nostra,Terra Nostra,Embalagem de 250g,"2,63 €","10,52 €/Kg"
Cerveja com álcool,Sagres,Garrafa de 20 cl,"1,99 €/L","1,99 €/L"
Creme vegetal para culinária,PorSi,Embalagem de 250g,"1,99 €","3,98 €/Kg"
Ketchup,PorSi,Embalagem de 560 g,"0,87 €","2,90 €/Kg"
Bolacha recheada mega duo cacau,Gullon,Embalagem de 500g,"1,39 €","2,78 €/Kg"
Bombons de Chocolate Leite,Merci,Embalagem de 250 g,"2,19 €","19,21 €/Kg"
Néctar vital equilibrio frutos vermelhos,Compal,Embalagem de 1 l,"0,99 €","0,99 €/L"
Clementinas,Fruta do Dia,1 un = 100 gr (aprox.),"0,55 €","2,19 €/Kg"
Louro em folhas,PorSi,30 g,"0,25 €","0,25 €/Kg"
"Guardanapos brancos, 33x33cm, 2 folhas, 90 unidades",Renova,Uma embalagem,"0,65 €","0,65 €/Unidade"
Penso diário normal,PorSi,Embalagem de 64 unidades,"1,79 €","1,79 €/Unidade"
Autobrilhante Preto,Búfalo,Embalagem de 50 ml,"2,25 €","45,00 €/L"
Eau de Toilette p/Senhora Nº35,Caravan,1 Frasco 150ml,"11,99 €","79,93 €/L"
Crackers sem glúten,Schar,Embalagem de 210 g,"4,29 €","20,43 €/Kg"
Sangria pet,Don Simon,"Garrafa de 1,5 l","2,19 €","1,46 €/L"
Andador cãozinho,Fisher-Price,1 unidade,"24,99 €/Unidade","24,99 €/Unidade"
Cevada solúvel,Delta,Embalagem de 200 g,"1,45 €","14,50 €/Kg"
Batata palha finíssima,PorSi Select,Embalagem de 180 g,"0,87 €","5,44 €/Kg"
Spray calcário e sujidade,Cillitbang,Garrafa de 500 ml,"5,99 €","11,98 €/L"
Farinha p/ bolos extra fina,Nacional,Embalagem de 1 kg,"1,99 €","1,99 €/Kg"
Vinagre de vinho branco,PorSi,Garrafa de 1 l,"0,35 €","0,70 €/L"
Leite e cereais 8 cereais e mel +6 meses,Cerelac,Garrafa de 400 ml,"4,99 €","4,99 €/Kg"
Infusão cidreira,PorSi,Embalagem de 40g,"0,99 €","76,15 €/Kg"
Sacos lixo eco com atilho 50 litros,PorSi,15 unidades,"1,89 €","1,89 €/Unidade"
Recarga Desumidificador Inodoro,HUMYDRY,embalagem de 450g,"2,99 €","6,64 €/Kg"
Tablete de chocolate leite,Nestle,Embalagem de 130g,"0,53 €","5,30 €/Kg"
Bastão de cola,Domédia,20 g,"5,99 €","5,99 €/Unidade"
Conjunto Descoberta Fóssil,Jurassic World,1 un.,"9,99 €/Unidade","9,99 €/Unidade"
Fermento padeiro,Royal,Embalagem de 27g,"1,79 €","21,83 €/Kg"
Mini tortitas milho c/ sal,PorSi Viva Bem,Embalagem de 200g,"1,45 €","11,15 €/Kg"
Pensos Higiénicos Fina e Segura Normal,Evax,Embalagem c/ 24 Unidades,"2,69 €","2,69 €/Unidade"
Vinagre vinho branco,PorSi,Garrafa de 500 ml,"0,35 €","0,70 €/L"
Massa folhada s/ glúten,Pasta dia,Embalagem de 280g,"0,99 €","4,30 €/Kg"
Ovos Frescos Omega 3 de Galinhas Solo,PorSi Viva Bem,Embalagem com 6 unidades,"2,55 €","2,55 €/Unidade"
Spray elimina odores do calçado,PorSi,embalagem de 100 ml,"5,29 €","35,27 €/L"
Papa infantil para preparar com leite +6 meses,Cerelac,Embalagem de 250g,"4,99 €","4,99 €/Kg"
28 mini bolinhas bacalhau,PorSi,Embalagem de 300 g,"2,99 €","9,97 €/Kg"
Infusão de camomila,PorSi,Embalagem de 33.7 g,"0,99 €","76,15 €/Kg"
"Hamburguers de frango, 4 x 80 g",PorSi,Embalagem de 320g,"2,79 €","8,72 €/Kg"
Pano Microfibras Colors XL,Vileda,Embalagem com 4 un.,"1,79 €","1,79 €/Unidade"
Guardanapos Red Label 1 Folha |Verde,Renova,Dim: 30x32cm |70 unidades,"0,65 €","0,65 €/Unidade"
Vinagre vinho branco 500ml,Cristal,Garrafa de 500 ml,"0,35 €","0,70 €/L"
Salmão Fumado da Escócia,PorSi Select,Embalagem de 80 g,"3,69 €","36,90 €/Kg"
Bolachas starship chocolate,PorSi,Embalagem de 150g,"0,90 €","6,00 €/Kg"
Adoçante em pó,PorSi,250 saquetas,"5,99 €","23,96 €/Kg"
Arroz carolino malandrinho,Malandrinh,Embalagem de 1 kg,"1,26 €","1,26 €/Kg"
Guardanapos | Dim.: 30 x 33 cm,PorSi,Embalagem com 20 unidades,"0,65 €","0,65 €/Unidade"
Gin London Dry,Gordons,Garrafa de 1 l,"19,99 €","19,99 €/L"
Caldo Verde,ELS,Embalagem 350g,"0,99 €","0,99 €/Unidade"
Flocos de batata para puré,PorSi,Embalagem de 500g,"0,74 €","1,85 €/Kg"
Choco rice,Cemporcent,Embalagem de 250g,"0,69 €","1,73 €/Kg"
Café moagem universal portugal,Delta,Embalagem de 250g,"9,16 €/Kg","9,16 €/Kg"
X-ato mini,Maped,9 mm,"5,99 €","5,99 €/Unidade"
Queijo em fatias,Terra Nostra,Embalagem de 400g,"1,96 €","9,80 €/Kg"
"Leite uht, magro",Serraleite,Embalagem de 1 l,"1,09 €","1,09 €/L"
Descafeinado,Nestlé,Embalagem de 100 g,"1,59 €","6,36 €/Kg"
Detergente líquido máquina de roupa lavanda,PorSi,86 Doses,"8,69 €","1,84 €/Kg"
Massa de macarrão grande estriado,PorSi,Embalagem de 500g,"0,99 €","1,98 €/Kg"
Malha vegetal com Ricotta 110 g,Pastelaria do Dia,,"0,65 €","0,65 €/Unidade"
Óleo alimentar,Fula,Embalagem 3L,"3,39 €","3,39 €/L"
T-Rex e Pteranodon,Clementoni,1 unidade,"7,99 €/Unidade","7,99 €/Unidade"
Sacos lixo com alças 25 litros,PorSi,30 unidades,"1,89 €","1,89 €/Unidade"
Côco ralado,PorSi,Embalagem de 200g,"1,29 €","3,23 €/Kg"
Eclair de Chocolate 75 g,Pastelaria do Dia,,"0,99 €","11,00 €/Kg"
Galão,PorSi,16 cápsulas,"1,99 €","15,92 €/Kg"
Iogurte líquido infantil morango e banana,PorSi,Pack 6 x 100 g,"1,31 €","2,05 €/Kg"
Queijo dop cura 4 meses fatias,Sao jorge,Embalagem de 400g,"3,80 €","15,19 €/Kg"
Pilhas recarregáveis D HR20 2600mAh,Domédia,Embalagem com 2 unidades,"1,99 €","1,99 €/Unidade"
Bebida láctea especial crescimento 1-3 anos,Mimosa,Embalagem de 200 ml,"0,26 €","1,30 €/L"
Bebida coco,Alpro,Embalagem de 1L,"2,49 €","2,49 €/L"
Pá + espanador,PorSi,1 conjunto,"2,20 €","2,20 €/Unidade"
Ambientador vela odor tabaco,PorSi,1 unidade,"2,53 €","2,53 €/Unidade"
Sabonete glicerina natural,Palmolive,Embalagem de 90 g,"4,49 €","12,47 €/Kg"
Iogurte tipo grego maracujá,PorSi,Embalagem de 4 x 125 g,"1,49 €","2,98 €/Kg"
Pensos higiénicos liberty normal abas,Evax,Embalagem com 12 un.,"2,69 €","2,69 €/Unidade"
Fruta para bebé banana maçã +4 meses,Nestle,Embalagem de 90g,"0,74 €","8,22 €/Kg"
Bolachas brownie tubo,Oreo,Embalagem de 150g,"0,79 €","4,49 €/Kg"
Filete de anchovas estendidas,General,Embalagem de 40g,"9,08 €/Kg","9,08 €/Kg"
Fralda Cueca Banho Splashers T5,Dodot,1 Embalagem c/10 unidades,"8,99 €","8,99 €/Unidade"
Sabonete Líquido Sensitive,Dettol,Embalagem de 250 ml,"2,18 €/L","2,18 €/L"
Bocadelia atum,La piara,Embalagem de 180g,"9,08 €/Kg","9,08 €/Kg"
Sabonete líquido maçãs verdes,Labell,Embalagem de 500 ml,"2,18 €/L","2,18 €/L"
Queijo vaca e ovelha s. penela,Serqueijos,Embalagem de 500g,"5,99 €","23,96 €/Kg"
Vela com número nº 9,PorSi,1 unidade,"0,60 €","0,60 €/Unidade"
Tablete de chocolate de leite com amêndoas - sem açú...,PorSi Viva Bem,Embalagem de 100 g,"10,89 €/Kg","10,89 €/Kg"
Esferográfica Preta Média,Mab,Embalagem com 4 un.,"2,69 €","2,69 €/Unidade"
Batata frita lisa chips,PorSi,Embalagem de 185 g,"1,06 €","5,73 €/Kg"
"Néctar pêssego, prisma",PorSi,Embalagem de 1 l,"0,99 €","0,99 €/L"
Sementes de linhaça dourada,PorSi Viva Bem,Embalagem de 250 g,"1,59 €","10,60 €/Kg"
"Detergente manual de loiça, ultra limão",PorSi,Embalagem de 500 ml,"1,05 €","2,10 €/L"
Feijão manteiga,Compal,Lata de 410 ml,"2,19 €","2,81 €/Kg"
Dentifríco p/ Dentes de Leite,Aquafresh,Embalagem de 50 ml,"3,29 €","43,87 €/L"
Empada de Frango 60 g,Fornada do Dia,,"0,65 €","0,65 €/Unidade"
Sumo de toranja,Andros,Embalagem de 1 l,"1,09 €","0,73 €/L"
Recarga laminas labs,Gillette,9 unidades,"1,16 €","4,64 €/L"
Sobremesa de Arroz Doce,PorSi,Embalagem 2X135G,"1,49 €","3,73 €/Kg"
Adoçante à base de sucralose,PorSi Viva Bem,Embalagem de 17g,"5,99 €","23,96 €/Kg"
Paloco desfiado do pacifico,Peixe Fresco,Embalagem de 400 g,"8,73 €/Kg","8,73 €/Kg"
Pepino,Legumes do Dia,1 un = 300 gr  (aprox.),"0,48 €","1,59 €/Kg"
Chocolate quente 90 segundos,Lacasa,Embalagem de 350g,"5,39 €","7,19 €/Kg"
Set e Bolsa Médico,Peppa Pig,,"49,99 €/Unidade","49,99 €/Unidade"
Biscoitos de canela,PorSi,Embalagem de 750g,"0,69 €","3,45 €/Kg"
Café solúvel c/ cafeína,PorSi,Embalagem de 100g,"1,45 €","14,50 €/Kg"
"Inseticida líquido, elétrico, apa",Raid,Embalagem de 21 ml,"7,69 €","7,69 €/Unidade"
Nestum flocos de cereais com mel,Nestum,Embalagem de 300g,"3,29 €","4,39 €/Kg"
Marmelada sem conservantes,PorSi,Embalagem de 500g,"1,99 €","2,21 €/Kg"
Iogurte mix-in kit kat,Nestle,Embalagem de 2 x 115 g,"1,05 €","1,86 €/L"
"Refrigerante com gás, ananás",Sumol,"Garrafa de 1,25 l","0,40 €/L","0,40 €/L"
Queijo p/ barrar s/ lactose,Philadelph,Embalagem de 150g,"2,05 €","16,40 €/Kg"
Pista Dragstrip Champion,Hot Wheels,1 embalagem,"49,99 €/Unidade","49,99 €/Unidade"
Arroz agulha América do Sul,PorSi,Embalagem de 1 kg,"1,26 €","1,26 €/Kg"
Kunquat,Fruta do Dia,1 un = 20 gr (aprox.),"0,42 €","1,69 €/Kg"
Balde de Limpeza com Espremedor,PorSi,unidade,"2,50 €","2,50 €/Unidade"
Leite e cereais bolacha maria +6 meses,Cerelac,Garrafa de 400 ml,"4,99 €","4,99 €/Kg"
Chocolate culinário em pó,Pantagruel,Embalagem de 130g,"1,04 €","8,32 €/Kg"
Polvilho doce,Do Brasil,500 g,"1,99 €","1,99 €/Kg"
"Creme protector contra assaduras, para bebé",Johnson's Baby,Embalagem de 100 ml,"0,59 €","5,90 €/L"
Sabonete leite & mel,Palmolive,Embalagem de 4x90 g,"4,49 €","12,47 €/Kg"
Ambientador elétrico sensual sandalwood & jasmine + ...,Glade,1 unidade,"3,74 €","3,74 €/Unidade"
Uva Branca,Fruta do Dia,1 un = 250 gr  (aprox.),"0,99 €","9,90 €/Kg"
Soja nacos,PorSi Viva Bem,Embalagem de 400 g,"1,49 €","3,73 €/Kg"
Sidra de maçã,Somersby,Lata de 500 ml,"1,59 €","3,18 €/L"
Sumo 100% ananás/uva,PorSi,Pack 3 x 200 ml,"1,09 €","0,73 €/L"
Moelas,Frango,1 un = 200 gr (aprox.),"0,60 €","5,99 €/Kg"
"Vinho doc loureiro, verde",Selecção de Enófilos,Garrafa de 0.75 l,"1,99 €","2,65 €/L"
Leite c/ chocolate meio-gordo s/ lactose,Agros,4 x 200 ml,"0,26 €","1,30 €/L"
Leite com chocolate,Agros,Embalagem de 200 ml,"0,26 €","1,30 €/L"
Soja líquido frutos exóticos,PorSi Viva Bem,Embalagem de 4 x 150 ml,"3,09 €","6,18 €/Kg"
Chá verde matcha mirtilo,Tetley,20 saquetas,"44,50 €/Kg","44,50 €/Kg"
Esfregona Microfibras Eco,Vileda,1 un.,"8,00 €","8,00 €/Unidade"
Iogurte sabor a coco,PorSi,Embalagem de 4 x 125 g,"0,69 €","1,38 €/Kg"
Maionese Top Down,Calvé,Embalagem de 753 g,"0,87 €","2,90 €/Kg"
Barras fitness com morango,Nestle,Embalagem de 140g,"5,59 €","8,87 €/Kg"
Salmão Fumado da Noruega,PorSi,Embalagem de 100 g,"3,69 €","36,90 €/Kg"
Espremedor,PorSi,1 unidade,"2,50 €","2,50 €/Unidade"
Esferográfica Azul Média,Mab,Embalagem com 4 un.,"2,69 €","2,69 €/Unidade"
Spray anti-bolores,Cif,435 ml,"1,79 €","2,39 €/L"
Patê de salmão,La piara,Embalagem de 80g,"1,19 €","13,52 €/Kg"
Caramelos de nata com recheio,Werthers,Embalagem de 140g,"2,75 €","11,00 €/Kg"
Estojo de maquilhagem Urban Style,Clementoni,1 unidade,"24,99 €/Unidade","24,99 €/Unidade"
"Vela com número, nº2",PorSi,1 unidade,"0,60 €","0,60 €/Unidade"
Garagem 4 andares com acessórios,Fantástiko,1 unidade,"49,99 €/Unidade","49,99 €/Unidade"
Iogurte arôma de frutos vermelhos,PorSi,Embalagem de 8x125 g,"0,69 €","1,38 €/Kg"
Perna para Assar,Porco,1 un = 500 gr (aprox.),"4,99 €","4,99 €/Kg"
Água c/ gás: limão/pepino/gengibre,Frize,pack 4 x 0.25 l,"2,85 €","2,85 €/L"
Farinha para bolos super fina,B.neve,Embalagem de 1 kg,"1,99 €","1,99 €/Kg"
NASA Estação Espacial,Clementoni,1 unidade,"24,99 €/Unidade","24,99 €/Unidade"
Refresco em pó de morango,PorSi,Embalagem de 40g,"0,75 €","18,75 €/Kg"
Lay's gourmet corte fino,Lay's,Embalagem de 150g,"1,06 €","5,73 €/Kg"
Ambientador elétrico flor de cerejeira,Air Wick,1 unidade,"3,74 €","3,74 €/Unidade"
"Spray depilatório, peles sensiveis",Veet,Garrafa de 150 ml,"2,99 €","14,95 €/L"
Batata Roxa miúda,Legumes do Dia,Embalagem de 1 kg (aprox.),"1,79 €","3,58 €/Kg"
Café moagem fina bio,PorSi Bio,Embalagem de 250g,"9,16 €/Kg","9,16 €/Kg"
"Lâmpada LED GU10 3W-35W, 3 lâmpadas",BDC,1 unidade,"5,99 €","5,99 €/Unidade"
Comida húmida para cão de frango e legumes,PorSi,Lata de 400 g,"0,75 €","2,50 €/Kg"
Amêndoa amarga,Milbar,"Garrafa de 0,70 l","16,99 €","24,27 €/L"
Lenços faciais brancos 2 folhas,PorSi,150 unidades,"0,89 €","0,89 €/Unidade"
Manteiga amendoim crocant,PorSi,Embalagem de 340g,"4,39 €","12,91 €/Kg"
Argolas Romana,PorSi,Embalagem de 400 g,"1,99 €","4,98 €/Kg"
Chá de alcachofra e dente-de-leão,PLANTANATU,Embalagem de 20g,"1,19 €","1,19 €/Unidade"
8 salsichas frankfurt,Izidoro,Embalagem de 200g,"0,75 €","3,75 €/Kg"
Leite uht c/ chocolate,Ucal,Embalagem de 3 x 250 ml,"0,26 €","1,30 €/L"
Leite c/ chocolate,Gresso,Pack 4X200ml,"0,26 €","1,30 €/L"
Bandida do pomar maçã 4x25cl,Bandida,Garrafa de 1 l,"1,59 €","3,18 €/L"
Mopa com cabo,PorSi,1 unidade,"8,00 €","8,00 €/Unidade"
Abrasivo wc gel ecologico,PorSi,Garrafa de 1 l,"1,09 €","1,09 €/L"
Spray silicone,Arbo,Embalagem de 600 ml,"3,99 €","0,80 €/L"
Sopa económica de marisco,Knorr,Embalagem de 60g,"0,84 €","13,55 €/Kg"
Nestum aveia e morango,Nestum,Embalagem de 250g,"3,29 €","4,39 €/Kg"
Ambientador vela citronela,PorSi,1 unidade,"2,53 €","2,53 €/Unidade"
Galão enriquecido em cálcio,Ucal,Embalagem de 3 x 200 ml,"0,26 €","1,30 €/L"
Estojo de maquilhagem Fairy Style,Clementoni,1 unidade,"24,99 €/Unidade","24,99 €/Unidade"
Bacalhau Postas,Riberalves,1 Embalagem 800G,"6,39 €","7,99 €/Kg"
Dawnut de chocolate,Pastelaria do Dia,1 unidade = 60 g,"0,99 €","11,00 €/Kg"
Posta de bacalhau do atlântico,Pescanova,Embalagem de 700 g,"6,39 €","7,99 €/Kg"
Gomas happy cola,Haribo,Embalagem de 100g,"1,19 €","3,97 €/Kg"
Gogo SqueeZ Snack Maçã e Pera,Gogo,Embalagem de 90g,"2,29 €","6,94 €/L"
Toalhitas Sensitive |Recarga,Dodot,Pack: 4 x54 unidades,"1,09 €/Unidade","1,09 €/Unidade"
Água com gás,Vimeiro,"Garrafa de 1,5 l","2,85 €","2,85 €/L"
Caneta correctora  Shake & Squeeze 2+1,Bic,1 unidade,"2,69 €","2,69 €/Unidade"
Iogurte ananás 000%,PorSi Viva Bem,Embalagem de 4 x 125 g,"1,44 €","2,88 €/Kg"
Milho doce,PorSi,Embalagem de 400 g,"0,74 €","1,85 €/Kg"
"Aperitivos, amendoins no forno",Matutano,Embalagem de 200g,"0,79 €","3,95 €/Kg"
Francesinha,PorSi,Embalagem de 450G,"7,99 €","7,99 €/Kg"
"Cera cabelo, indestructible",Studio Line,Embalagem de 75 ml,"5,99 €","39,93 €/L"
Sacos do lixo 18 litros,PorSi,15 sacos,"1,89 €","1,89 €/Unidade"
Tapetes educativos p/ cães/gatos 60x60cm,PorSi,20 unidades,"5,99 €","5,99 €/Unidade"
Lava Tudo Flores Montanha,Sonasol,1.3 l,"0,99 €","0,50 €/L"
Bolacha maria dourada,PorSi,Embalagem de 800g,"1,69 €","2,11 €/Kg"
Vinagre de limpeza,Dona Pureza,Embalagem de 1 l,"0,79 €","0,79 €/L"
Tragabolas,Hasbro,1 un.,"9,99 €/Unidade","9,99 €/Unidade"
Bolachas digestive go aveia,Triunfo,Embalagem de 170g,"1,49 €","2,48 €/Kg"
Bolacha Maria Integral,PorSi,Embalagem de 600g,"1,49 €","2,48 €/Kg"
Detergente líquido baby,Skip,22 doses,"9,99 €","9,99 €/Unidade"
Alheira com maçã,Terras do Demo,Embalagem com 200 g,"2,35 €","13,06 €/Kg"
Body Milk Cocoa,Nivea,Embalagem de 250 ml,"12,48 €/L","12,48 €/L"
Martini Riserva Rubino,Martini,Garrafa de 750 ml,"17,09 €","22,79 €/L"
"Leite uht, com café, galão alentejano",Serraleite,Embalagem de 1 l,"1,99 €","2,49 €/L"
Pão de forma integral sem côdea,Panrico,Embalagem de 450g,"2,63 €/Kg","2,63 €/Kg"
"Néctar de alperce, tetra",Compal,pack 3 x 200 ml,"0,99 €","0,99 €/L"
Tampões Compak Pearl Regular Com Aplicador,Tampax,16 unidades,"3,99 €","3,99 €/Unidade"
Actimel magro natural,Danone,Embalagem de 6 x 100g,"4,15 €/Kg","4,15 €/Kg"
"Borracha de lápis b20, 2 unidades",Rotring,Uma embalagem,"0,60 €","0,60 €/Unidade"
Preparado sobremesa vegan sem lactose,Nestle,Embalagem de 370g,"0,49 €","5,44 €/Kg"
Bandida do pomar frutos vermelhos lata 50cl,Bandida,Garrafa de 500 ml,"1,59 €","3,18 €/L"
Queijo flamengo 0% lactose,PorSi Viva Bem,Embalagem de 150 g,"1,96 €","9,80 €/Kg"
Bolacha vitalday crocante chocolate,Gullon,Embalagem de 280g,"2,82 €","9,40 €/Kg"
Abrasivo sanitário anti-calcário,PorSi,embalagem de 1 litro,"1,09 €","1,09 €/L"
Cerveja c/ álcool,Sagres,pack 30 x 0.25 L,"1,99 €/L","1,99 €/L"
Detergentes máquina lavar loiça ecológico,PorSi,26 pastilhas,"2,99 €","2,99 €/Unidade"
Barrita controlo de peso chocolate,Ignoramu,Embalagem de 44g,"0,69 €","1,73 €/Kg"
Rebuçados peitorais,Villa,Embalagem de 200 g,"0,77 €","3,85 €/Kg"
Aguardente velha,S.domingos,Garrafa de 700 ml,"12,79 €","18,27 €/L"
Infusão nº 5 emagrecimento,Cemporcent,Embalagem de 10 unidades,"0,99 €","76,15 €/Kg"
Azeite Subtil,Gallo,Garrafa de 2 l,"3,29 €","4,39 €/L"
Massa de espirais,Nacional,Embalagem de 500g,"0,99 €","1,98 €/Kg"
Comida húmida para gato seleção de peixes,Gourmet mp,Embalagem de 300g,"3,59 €","2,99 €/Kg"
Ambientador vela baunilha,PorSi,1 unidade,"2,53 €","2,53 €/Unidade"
Gel de banho naturals amêndoa e leite,Palmolive,500 ml,"6,99 €","9,32 €/L"
Esfregona suave completa,Vileda,1 unidade,"8,00 €","8,00 €/Unidade"
Tortitas de arroz chocolate negro,PorSi Viva Bem,130 g,"1,45 €","11,15 €/Kg"
Refrigerante c/ gás zero,Coca-Cola,pack 4 x 1 l,"0,40 €/L","0,40 €/L"
Jardineira,PorSi,Embalagem de 400 g,"0,74 €","1,85 €/Kg"
Doce de abóbora c/ noz,Quinta de Jugais,Embalagem de 280g,"2,19 €","9,95 €/Kg"
Vinho do Porto Tawny,Velhotes,"garrafa de 0,75 l","5,99 €","7,99 €/L"
"Lixívia para roupa, azul, tradicional",Neoblanc,Embalagem de 1 l,"2,59 €","1,30 €/L"
Vinho branco,PorSi,embalagem de 1 litro,"0,85 €/L","0,85 €/L"
Mistura solúvel c/ 20% café pó,PorSi,Embalagem de 200g,"1,64 €","6,56 €/Kg"
Gelatina de morango,Royal,Embalagem de 114g,"0,55 €","61,11 €/Kg"
Feuilletine,Du Bois de la Roche,Embalagem de 135 g,"0,39 €","3,12 €/Kg"
"Jogo ""Emoções Monstro das Cores""",Diset,1 unidade,"9,99 €/Unidade","9,99 €/Unidade"
Bolachas marinheiras integrais,Cemporcent,Embalagem de 200g,"1,45 €","11,15 €/Kg"
Batata frita lisa,PorSi,Embalagem de 90g,"1,06 €","5,73 €/Kg"
Creme fixação para dentaduras,Polident,Embalagem de 70 g,"9,79 €","122,38 €/Kg"
Cabeça sem Osso,Porco,1 un = 1 kg (aprox.),"0,60 €","5,99 €/Kg"
Chá infusão nº3 prostal control,Cemporcent,Embalagem de 13g,"58,44 €/Kg","58,44 €/Kg"
Polvilho doce,PorSi,Embalagem de 500g,"2,25 €","4,50 €/Kg"
Vinagre de sidra,PorSi,500 ml,"0,35 €","0,70 €/L"
"Azeitonas pretas sem caroço, frasco de 165 g",PorSi,Embalagem de 165g,"2,19 €","2,81 €/Kg"
Rebuçados de mentol,PorSi,Embalagem de 250g,"0,77 €","3,85 €/Kg"
Queijo de vaca curado light amanteigado,PorSi,+/- 550 g,"4,00 €","15,99 €/Kg"
Máquina Depilatória Extra Smooth Sensitive,Gillette,1 unidade,"5,49 €","5,49 €/Unidade"
Pá do Lixo C/ Cabo,PorSi,1 un.,"2,20 €","2,20 €/Unidade"
Guardanapos 2 folhas azul e dourado,PorSi Select,40 unidades,"0,65 €","0,65 €/Unidade"
20 saquetas infusão limão gengibre,Lipton,Embalagem de 40g,"44,50 €/Kg","44,50 €/Kg"
Sangria branca,PorSi,Garrafa de 1.5 litros,"2,19 €","1,46 €/L"
Chá gordura localizada,PLANTANATU,Embalagem de 10 unidades,"1,19 €","1,19 €/Unidade"
Semente linhaça castanha,Salutem,Embalagem de 250g,"2,29 €","15,27 €/Kg"
Atum em azeite,Ramirez,Embalagem de 120g,"9,08 €/Kg","9,08 €/Kg"
Senses Watermelon,Trident,1 un.,"0,89 €","44,50 €/Kg"
Leite UHT Morango sem Lactose,Mimosa,Pack 3 x 250 ml,"0,99 €","0,99 €/L"
Alimento lácteo banana +6 meses,Yogolino,Embalagem de 4 x 100 g,"2,89 €","7,23 €/Kg"
Queijo edam light fatias,PorSi Viva Bem,Embalagem de 150g,"1,99 €","9,95 €/Kg"
Natas uht 3 queijos,Parmalat,Embalagem de 200 ml,"1,12 €","5,60 €/L"
Lava tudo tijoleira,Cif,1.1 L,"4,39 €","14,63 €/L"
Salmão de viveiro à posta,Peixe Fresco,1 un. = 300 g (aprox.),"4,40 €","10,99 €/Kg"
Tablete de chocolate branco,Schogetten,Embalagem de 100g,"0,99 €","9,90 €/Kg"
Toucinho fumado extra,PorSi,Embalagem de 200 g,"3,29 €","21,93 €/Kg"
Creme para barrar,Nutella,Embalagem de 200 g,"4,39 €","12,91 €/Kg"
Queijo Raclette Fatias,Páturages,Embalagem de 400 g,"1,96 €","9,80 €/Kg"
20 saquetas infusão camomila,Lipton,Embalagem de 10g,"0,99 €","76,15 €/Kg"
Vinho doc dão tinto,Santar,Garrafa de 0.75 l,"7,49 €","9,99 €/L"
Tosta integral,Diatosta,Embalagem de 510 g,"2,59 €","5,08 €/Kg"
"Queijinho, yoco suisse maxi, morango",Nestle,Embalagem de 4 x 90 g,"1,05 €","1,86 €/L"
Sumo essencial manga,Compal,pack 3 x 0.11 l,"0,99 €","0,99 €/L"
Bolacha maria ruca doses,Vieira,Embalagem de 300g,"1,69 €","2,11 €/Kg"
Chocolate para culinária 85% cacau sem glúten,Regina,embalagem de 200 g,"1,04 €","8,32 €/Kg"
"Baton, soft rosa",Labello,Embalagem de 5 g,"2,29 €","458,00 €/Kg"
Pipoca doce para  microondas,PorSi,Embalagem de 300g,"0,79 €","7,90 €/Kg"
Barrinhas pescada com limão sem glúten,Pescanova,Embalagem de 300g,"1,99 €","4,98 €/Kg"
Cominhos moídos,PorSi,Embalagem de 35g,"0,25 €","0,25 €/Kg"
Bolachas cookies choco xl,Milka,Embalagem de 180g,"0,90 €","6,00 €/Kg"
Molho de nata para carne,Mimosa,Garrafa de 200 ml,"0,87 €","2,90 €/Kg"
"Coloração permanente, óleo intenso, castanho praliné...",Syoss,1 unidade,"9,49 €/Unidade","9,49 €/Unidade"
Esfregão Fibra Verde Grande XXL Gama Classic,Scotch-Brite,Embalagem de 1 unidades,"0,79 €","0,79 €/Unidade"
Toalhetes Íntimos Suaves,Corine de Farme,Embalagem com 10 un.,"2,19 €","2,19 €/Unidade"
"Pães para hamburguer com sésamo, 4 unidades",Bimbo,embalagem de 220 g,"2,63 €/Kg","2,63 €/Kg"
Bagas de goji,Cemporcent,Embalagem de 125 g,"0,79 €","3,95 €/Kg"
Alimento seco p/ cão actividade intensa,PorSi,Embalagem de 4kg,"1,15 €/Kg","1,15 €/Kg"
Chá de frutos vermelhos,Tetley,Embalagem de 30g,"44,50 €/Kg","44,50 €/Kg"
Mini salsichas cocktail,Nobre,lata de 180g,"0,75 €","3,75 €/Kg"
Sumo maçã,Andros,Embalagem de 1 l,"3,99 €","3,99 €/L"
Maçã starking 60/65 categoria II Programa Origens,PorSi,Embalagem de 1.5 kg,"1,30 €/Kg","1,30 €/Kg"
Arroz Carolino,Cigala,Embalagem de 1 kg,"1,26 €","1,26 €/Kg"
Drone Bike,Rescue Hybrids,15 cm,"49,99 €/Unidade","49,99 €/Unidade"
Farinha s/ glúten p/ pão,Schar,Embalagem de 1 kg,"1,99 €","1,99 €/Kg"
Pasta de Moldar Branca,DAS,Embalagem com 1 kg,"5,99 €","5,99 €/Unidade"
Toalhitas Bebé Basic,PorSi,Embalagem de 72 unidades,"1,09 €/Unidade","1,09 €/Unidade"
Gomas favoritos pica,Haribo,Embalagem de 90g,"1,19 €","3,97 €/Kg"
Bucal maça natural,Andros,Embalagem de 750 g,"3,39 €","4,52 €/Kg"
"Papel higiénico, acolchoado sensitive, 3 folhas, 6 r...",Scottex,1 embalagem,"5,99 €","5,99 €/Unidade"
Flocos de cereais com mel,PorSi,Embalagem de 750g,"3,29 €","4,39 €/Kg"
Café moagem grossa bio,PorSi Bio,Embalagem de 250g,"9,16 €/Kg","9,16 €/Kg"
Feijão de soja,Cemporcent,Embalagem de 500g,"1,34 €","2,68 €/Kg"
Spray power&shine casa de banho,Cif,Garrafa de 750 ml,"0,79 €","0,79 €/L"
Pilha alcalina hightech lr03x8,Domédia,1 unidade,"1,99 €","1,99 €/Unidade"
Pirassununga (38º),Cachaca 51,Garrafa de 700 ml,"17,49 €","24,99 €/L"
Creme de Barrar com Sabor a Manteiga,Becel,Embalagem de 400g,"1,99 €","3,98 €/Kg"
Infusão de menta,Tetley,Embalagem de 10g,"0,99 €","76,15 €/Kg"
Vinho Regional de Lisboa Rosé,Mundus,"Garrafa de 0,75 l","2,09 €","2,79 €/L"
Café Solúvel Black Roast,Nescafe,Embalagem de 200g,"1,45 €","14,50 €/Kg"
Farinha,Maizena,Embalagem de 400g,"1,99 €","1,99 €/Kg"
Açucar icing,Rar,Embalagem de 250 g,"1,49 €","1,49 €/Kg"
Vinho regional tejo,Plexus,Garrafa de 750 ml,"2,09 €","2,79 €/L"
Polaretti magic milk micro esferas solúveis sabor ch...,Dolfin,Embalagem de 30g,"5,39 €","7,19 €/Kg"
Aperitivos de amendoim com sal e mel,Matutano,Embalagem de 150g,"0,79 €","3,95 €/Kg"
"Refresco em pó, ananás",Tang,Embalagem de 30g,"0,75 €","18,75 €/Kg"
Bebida de cereais e café mokambo intenso,Nestle,Embalagem de 180g,"1,64 €","6,56 €/Kg"
"Recarga ambientador eléctrico, alfazema",PorSi,Embalagem de 25 ml,"1,79 €","1,79 €/Unidade"
Refresco pó laranja e morango,PorSi,Embalagem de 40g,"0,75 €","18,75 €/Kg"
Cerveja preta 0.0%,Sagres,Pack 4 x 0.33 l,"5,99 €","3,03 €/L"
Vinho regional península de setúbal tinto,J.m.f.,Garrafa de 750 ml,"2,29 €","3,05 €/L"
Bandas cera depilatórias corpo pele sensível,Labell,40 unidades,"3,11 €","3,11 €/Unidade"
8 rissóis de camarão,PorSi,Embalagem de 300g,"2,99 €","9,97 €/Kg"
Bolachas oreo,Oreo,Embalagem de 440g,"0,79 €","4,49 €/Kg"
Lata Cebo Protexol Incolor,Búfalo,Embalagem de 75 ml,"3,19 €","79,75 €/L"
Compak Regular Tampões Com Aplicador,Tampax,22 unidades,"3,99 €","3,99 €/Unidade"
Perolas perfumadas fresh,PorSi,Embalagem de 275 g,"8,69 €","1,84 €/Kg"
Leite Bem Essencial morango,Mimosa,Embalagem de 4 x 200 ml,"1,99 €","2,49 €/L"
Café nespresso descafeinado intensidade 11,STARBUCKS,Embalagem com 10 unidades,"1,59 €","6,36 €/Kg"
Batmobile Rádio Controlo,Mondo,1 unidade,"49,99 €/Unidade","49,99 €/Unidade"
Papel Fotocópia A4 |80g,Navigator,,"5,99 €","5,99 €/Unidade"
"Bolachas, tubo",Oreo,Embalagem de 150g,"0,79 €","4,49 €/Kg"
Bolachas mini alfa,Nacional,Embalagem de 120g,"2,82 €","9,40 €/Kg"
Manteiga magra,PorSi,Embalagem de 250g,"2,63 €","10,52 €/Kg"
Iogurte líquido infantil morango e banana,PorSi,Pack 6 x 100 g,"1,05 €","1,86 €/L"
Tratamento para piscinas infantis,Gre,Pack c/ 5 Doses,"2,09 €","2,09 €/Unidade"
Tablete de chocolate de leite,Toblerone,Embalagem de 100g,"0,53 €","5,30 €/Kg"
Camião do lixo,Dickie Toys,30 cm,"49,99 €/Unidade","49,99 €/Unidade"
Tablete de chocolate leite c/ avelãs,Milka,Embalagem de 270g,"10,89 €/Kg","10,89 €/Kg"
Chocolate branco com recheio de avelã,Kinder,Embalagem de 160g,"2,29 €","17,62 €/Kg"
Cereais fitness chocolate,Nestle,Embalagem de 380g,"5,59 €","8,87 €/Kg"
Robô Beetle,Clementoni,1 un.,"9,99 €/Unidade","9,99 €/Unidade"
Bebida energética tropical edition,Red Bull,Garrafa de 250 ml,"1,39 €","5,56 €/L"
"Espumante cava bruto, reserva",Freixenet,Garrafa de 750 ml,"8,49 €","11,32 €/L"
Gelatina de frutos tropicais,PorSi,Embalagem 2X85G,"0,55 €","61,11 €/Kg"
Iogurte magro natural,Longa vida,Embalagem de 6 x 120 g,"1,44 €","2,88 €/Kg"
Piri piri,Calve,Garrafa de 50 ml,"0,87 €","2,90 €/Kg"
Patê atum em escabeche,La piara,Embalagem de 80g,"1,19 €","13,52 €/Kg"
Ursinho,Baby Clementoni,1 unidade,"24,99 €/Unidade","24,99 €/Unidade"
Escova de dentes infantil 3 a 6 anos,Labell,1 un.,"2,29 €","2,29 €/Unidade"
Champô Anti-Caspa,Pantene,360 ml,"5,59 €","13,98 €/L"
Papel higiénico macio absorvente,PorSi,12 rolos,"5,99 €","5,99 €/Unidade"
Corn flakes sem glúten,Schar,Embalagem de 250g,"2,29 €","6,11 €/Kg"
Açúcar granulado embalado em papel,Rar,Embalagem de 1 kg,"1,49 €","1,49 €/Kg"
Tablete de chocolate culinário negro,PorSi,Embalagem de 200 g,"1,04 €","8,32 €/Kg"
12 Preservativos Adapta Touch & Feel,Control,,"4,49 €","4,49 €/Unidade"
Caldeirada,Bacalhau,Embalagem de 400 g,"8,73 €/Kg","8,73 €/Kg"
Cocktail pessego,Bar Royal,Garrafa de 750 ml,"3,99 €","5,32 €/L"
Escova e pente,Neo Baby,1 unidade,"5,99 €","5,99 €/Unidade"
Óleo Spray Bronzeado Profundo F6,Cabana Sun,Embalagem de 200 ml,"7,69 €","38,45 €/L"
Crazy Chic Panda Bailarina,Clementoni,1 unidade,"24,99 €/Unidade","24,99 €/Unidade"
Vinho tinto bag-in-box,Capataz,Embalagem de 5 l,"8,59 €","1,72 €/L"
Pasta dentífrica,Couto,Embalagem de 60 ml,"2,39 €","31,87 €/L"
Algodão zig zag pré-cortado,PorSi,Embalagem de 50 g,"1,69 €","1,69 €/Unidade"
Pano limpa pó de flanela,PorSi,1 unidade,"1,79 €","1,79 €/Unidade"
Pizza de bolonhesa,PorSi,Embalagem de 350g,"2,16 €","6,17 €/Kg"
"Pilha alcalina, hightech lr03x4",Domédia,1 unidade,"1,99 €","1,99 €/Unidade"
Creme culinário soja,PorSi Viva Bem,Embalagem de 200 ml,"3,99 €","26,60 €/L"
Molho bechamel,PorSi,Embalagem de 500 ml,"1,12 €","5,60 €/L"
Vinho regional tejo reserva tinto,Casaleiro,Garrafa de 0.75 l,"4,99 €","6,65 €/L"
Recarga para balde com pedal 2 em 1,Vileda,1 unidade,"8,00 €","8,00 €/Unidade"
Carro de Corrida de Rua,Lego,1 unidade,"7,99 €/Unidade","7,99 €/Unidade"
2 crocantes frango recheio queijo&fiambre 204g,Iglo,Embalagem de 200g,"4,99 €","24,95 €/Kg"
Papa infantil láctea banana laranja +6 meses,Cerelac,Embalagem de 250g,"4,99 €","4,99 €/Kg"
Papel higiénico compacto 2 folhas,PorSi,18 = 36 Rolos,"5,99 €","5,99 €/Unidade"
Creme Suavizante Picadas de Insectos,Mercurochrome,Embalagem 50 ml,"2,29 €","458,00 €/Kg"
Arroz Risotto,PorSi,Embalagem de 1 kg,"1,26 €","1,26 €/Kg"
"Gel para o cabelo, pasta remix",Studio Line,Embalagem de 150 ml,"5,99 €","39,93 €/L"
Toucinho Fumado,PorSi,fatiado a partir de 100 gr,"3,29 €","21,93 €/Kg"
Batata frita light,Lay's,Embalagem de 140g,"0,95 €","6,33 €/Kg"
Gomas spaghetti pica morango,Haribo,Embalagem de 80g,"1,19 €","3,97 €/Kg"
Toalhitas bebé natural care,Huggies,3 x 56 unidades,"1,09 €/Unidade","1,09 €/Unidade"
Leite bem essencial chocolate,Mimosa,Embalagem de 200 ml,"0,26 €","1,30 €/L"
Jogo 4 Tapetes Alcatifa,PorSi,1 unidade,"7,49 €","7,49 €/Unidade"
Bolachas cream cracker,PorSi,Embalagem de 200g,"0,39 €","3,12 €/Kg"
"Fermento em pó, lata",Royal,Embalagem de 110g,"1,79 €","21,83 €/Kg"
Polvilho azedo,PorSi,Embalagem de 500g,"2,25 €","4,50 €/Kg"
Fralda Activity T3 - 6 a 10 kg,Dodot,66 unidades,"6,49 €","6,49 €/Unidade"
Lambrusco tinto,Sorbello,Garrafa de 0.75 l,"2,09 €","2,79 €/L"
Snack gato sticks carne 6x5g porsi,PorSi,Embalagem de 30g,"0,99 €","16,50 €/Kg"
Nabo Roxo sem Rama,Legumes do Dia,1 un = 200 gr (aprox.),"1,64 €","1,09 €/Kg"
Crepe de ovo,PorSi,Embalagem de 540 g,"2,65 €","8,28 €/Kg"
Chourição,PorSi,"Vendido ao peso, fatiado a partir de 100 gr","0,95 €","9,49 €/Kg"
Adoçante em pó stevia,PorSi Viva Bem,Embalagem de 17g,"5,99 €","23,96 €/Kg"
Frutose,Cemporcent,Embalagem de 250g,"1,34 €","2,68 €/Kg"
Condicionador cabelos loiros,Ultra Suave,Embalagem de 200 ml,"1,00 €","5,00 €/L"
Manteiga com sal,Primor,Embalagem de 250g,"2,63 €","10,52 €/Kg"
Esponja limpa camurça,PorSi,1 unidade,"5,09 €","20,36 €/L"
Nutella b-ready t.2,Nutella,Embalagem de 50g,"2,29 €","17,62 €/Kg"
Tortitas de arroz c/ iogurte,Bicentury,Embalagem de 130g,"1,45 €","11,15 €/Kg"
Leite uht magro,Mimosa,Embalagem de 200 ml,"1,09 €","1,09 €/L"
Mistura de sementes,PorSi Viva Bem,Embalagem de 200 g,"1,59 €","10,60 €/Kg"
Mistura solúvel bolero,Nestle,Embalagem de 200g,"1,64 €","6,56 €/Kg"
Anona,Fruta do Dia,1 un = 250 gr  (aprox.),"0,42 €","1,69 €/Kg"
"Salsichas em frasco bockwurst, 5 un",Izidoro,Embalagem de 250g,"0,75 €","3,75 €/Kg"
Água s/ gás,Luso,"Garrafa de 5,4 l","1,04 €","0,17 €/L"
Aperfeiçoador BB Cream Médio,Garnier,Embalagem de 50 ml,"15,99 €","319,80 €/L"
Farinha para bolos fina,Branca de Neve,Embalagem de 1 kg,"1,99 €","1,99 €/Kg"
Boia pneu,Wet Fun,Dim: Ø 90 cm,"2,09 €","2,09 €/Unidade"
Laboratório Mecânica Carro Bombeiros,Clementoni,1 unidade,"9,99 €","9,99 €/Unidade"
As minhas primeiras receitas - refeição legumes com ...,Nestle,Embalagem de 190g,"2,19 €","11,53 €/Kg"
Halls Mini Mints Melancia,Halls,12.5 g,"1,08 €","5,40 €/Kg"
Chourição,Salsicharia Limiana,1 un = 100 gr (aprox.),"0,95 €","9,49 €/Kg"
Estúdio de costura,Cool Maker,1 unidade,"24,99 €/Unidade","24,99 €/Unidade"
Vinagre balsâmico branco,Gallo,Garrafa de 250 ml,"0,35 €","0,70 €/L"
Polvo limpo,PorSi,Embalagem de 800 g,"5,49 €","6,86 €/Kg"
Pasta dentífrica gel kids,Labell,Embalagem de 50 ml,"3,29 €","43,87 €/L"
Leite com chocolate,PorSi,Embalagem de 200 ml,"0,26 €","1,30 €/L"
Crackers s/ sal superficie,GRAN PAVES,Embalagem de 560g,"0,39 €","3,12 €/Kg"
Pensos peles sensíveis sortidos,PorSi,20 unidades,"1,69 €","1,69 €/Unidade"
Conjunto piquenique,Codil,Conjunto com 13 peças,"0,69 €","0,69 €/Unidade"
Super Napolitana de Chocolate,Pastelaria do Dia,1 un = 120 g (aprox.),"0,99 €","11,00 €/Kg"
Pilha alcalina heightech lr6x4,Domédia,1 unidade,"1,99 €","1,99 €/Unidade"
Palitos redondos,PorSi,200 unidades embalados individualmente,"1,50 €","1,50 €/Unidade"
Gelado magnum pint amêndoas,Olá,Embalagem de 440 ml,"5,49 €","6,10 €/L"
Mel de néctar multifloral bio,PorSi Bio,Frasco de 250g,"4,89 €","9,78 €/Kg"
Água sem gás,Vitalis,Garrafa de 0.5 l,"1,04 €","0,17 €/L"
"Tira gorduras, recarga",Agerul,Embalagem de 750 ml,"4,89 €","6,52 €/L"
Café em grão,Delta,Embalagem de 250g,"9,16 €/Kg","9,16 €/Kg"
Tostas suecas de trigo,PorSi,Embalagem de 225 g,"2,39 €","6,83 €/Kg"
Queijo mini,Babybel,Embalagem de 6x20 g,"1,45 €","7,25 €/Kg"
Queijo fresco natural,Matinal,Embalagem de 216g,"2,44 €","11,30 €/Kg"
"Queijo light, 10 fatias",A Vaca Que Ri,Embalagem de 200g,"1,99 €","9,95 €/Kg"
Bebida Energética Apple,Hell,250 ml,"1,39 €","5,56 €/L"
Pipetas repelente para cão,Repul' 7,Embalagem de 1 unidades,"19,99 €","19,99 €/Unidade"
Sargo,Peixe do Dia,1 un=500 gr (aprox.),"4,40 €","10,99 €/Kg"
Sky Patrol com Veículo,Rescue Hybrids,25 cm,"49,99 €/Unidade","49,99 €/Unidade"
Cogumelos laminados,PorSi,780 g,"2,19 €","2,81 €/Kg"
Tiras da Costela/Piano,Porco,1 un = 500 gr (aprox.),"4,99 €","4,99 €/Kg"
Bolacha maria ruca doses,Vieira,Embalagem de 300g,"3,79 €","21,06 €/Kg"
Detergente pastilhas p/ máquina loiça oxyplus,Super Pop,Embalagem de 45 unidades,"2,99 €","2,99 €/Unidade"
Pão de leite 8 un.,Bimbo,Embalagem de 280g,"7,40 €/Kg","7,40 €/Kg"
Azeite Virgem Extra Clássico,Gallo,Garrafa de 2 l,"3,29 €","4,39 €/L"
Sacos do lixo jardim 130 litros,PorSi,10 sacos,"1,89 €","1,89 €/Unidade"
Elite 2.0 Echo CS-10,Nerf,1 unidade,"49,99 €/Unidade","49,99 €/Unidade"
Zumo gazpacho alvalle original 1l,ALVALLE,Garrafa de 1 l,"0,84 €","13,55 €/Kg"
Folhado de salsichas,Pastelaria do Dia,1 unidade = 110 g,"0,65 €","0,65 €/Unidade"
Café solúvel viena,Nescafe,Embalagem de 140g,"1,45 €","14,50 €/Kg"
Fósforos cozinha,Flamefast,Uma embalagem com 4 unidades,"1,50 €","1,50 €/Unidade"
Bolo Rei Alongado C/ Ananás,PorSi,750 g,"4,99 €","6,65 €/Kg"
"Jogo ""Duelo de Gerações""",Clementoni,1 unidade,"9,99 €/Unidade","9,99 €/Unidade"
Tablete de chocolate culinário branco,PorSi,Embalagem de 180 g,"1,04 €","8,32 €/Kg"
Secretos,Porco,1 un = 200 gr (aprox.),"4,99 €","4,99 €/Kg"
Cereais fitness chocolate preto,Nestle,Embalagem de 375g,"5,59 €","8,87 €/Kg"
Snacks crocantes com bacon,PorSi,Embalagem de 60g,"0,79 €","7,90 €/Kg"
Inseticida moscas e mosquitos,Dum Dum,Garrafa de 300 ml,"4,49 €","11,97 €/L"
Couve Coração Programa Origens,PorSi,1 un = 1 kg (aprox.),"1,64 €","1,09 €/Kg"
Lion barra cereais  25g,Nestle,Embalagem de 150g,"1,29 €","10,24 €/Kg"
Lima-limao zero,PorSi,Garrafa de 1.5 l,"0,40 €/L","0,40 €/L"
Lanche Misto,Pastelaria do Dia,1 unidade= 115 g,"0,65 €","0,65 €/Unidade"
Esfregona de Microfibras Completa,PorSi,1 unidade,"8,00 €","8,00 €/Unidade"
Camião c/ Escavadora Luz e som,Volvo,32 cm,"49,99 €/Unidade","49,99 €/Unidade"
Confronto de Camiões Hulk vs Rhino,Lego,1 unidade,"49,99 €/Unidade","49,99 €/Unidade"
Caramelos de leite,Penha,Embalagem de 250g,"2,75 €","11,00 €/Kg"
Pastilhas Elásticas Max II Framboesa/Limão,Trident,Embalagem de 3 x 23 g,"0,89 €","44,50 €/Kg"
Água com gás natural pet,P.salgadas,pack 6 x 0.33 l,"2,85 €","2,85 €/L"
Néctar ananás,PorSi,Pack 3 x 200 ml,"0,99 €","0,99 €/L"
Desinfetante Têxtil,Sanytol,Embalagem de 500 ml,"10,99 €","52,33 €/Kg"
Sal cristal,PorSi,embalagem de 1 kg,"0,25 €","0,25 €/Kg"
Sidra,Kings Bräu,Pack 6 x 0.33 l,"1,59 €","3,18 €/L"
Barrita controlo de peso chocolate,Ignoramu,Embalagem de 44g,"1,99 €","45,23 €/Kg"
Queijo ralado mix 3 queijos,PorSi,Embalagem de 200 g,"7,45 €/Kg","7,45 €/Kg"
Queijo mascarpone,Galbani,Embalagem de 250 g,"2,45 €","30,63 €/Kg"
Ice tea pêssego,Lipton,Embalagem de 1L,"1,90 €","1,27 €/L"
Papel Higiénico Original 2 folhas,Scottex,Embalagem c/ 16 Rolos,"5,99 €","5,99 €/Unidade"
Conjunto de 2 Almofadas,Analar,Tam.: 45 x 60 cm,"12,00 €/Unidade","12,00 €/Unidade"
Chocolate de leite e amêndoas,Milka,Embalagem de 125g,"10,89 €/Kg","10,89 €/Kg"
Café solúvel sem cafeína,Nescafe,Embalagem de 20g,"1,45 €","14,50 €/Kg"
Refresco em pó de laranja,Tang,Embalagem de 30g,"0,75 €","18,75 €/Kg"
Lula limpa 20/40,PorSi,Embalagem de 800 g,"5,49 €","6,86 €/Kg"
Amaciador  p/ roupa concentrado Aromaterapia,PorSi,Embalagem com 60 doses,"3,99 €","3,99 €/Unidade"
Rhum com coco,Malibu,Garrafa de 700 ml,"17,49 €","24,99 €/L"
Rebuçados fruta,PorSi,Embalagem de 250g,"1,08 €","5,40 €/Kg"
Café Torrado em Grão Indonésia,Delta,Embalagem de 220g,"9,16 €/Kg","9,16 €/Kg"
Cereais muesli goji e mirtilos,Quaker,Embalagem de 350g,"3,79 €","10,83 €/Kg"
Tofu biológico,PorSi Bio,Embalagem de 300g,"1,57 €","15,70 €/Kg"
Bolachas crackers s/ sal,Du bois,Embalagem de 500g,"0,39 €","3,12 €/Kg"
Pudim Rico em Proteína de Caramelo,Ehrmann,Embalagem de 200g,"1,19 €","2,59 €/Kg"
Leite condensado magro,Nestle,Embalagem de 390g,"1,09 €","2,75 €/Kg"
Chá preto frutos vermelhos,PorSi,Embalagem de 40g,"41,67 €/Kg","41,67 €/Kg"
Estendal de roupa com abas resina,PorSi,20 metros,"0,89 €","0,89 €/Unidade"
Queijo grana padano ralado,Galbani,Embalagem de 60 g,"7,45 €/Kg","7,45 €/Kg"
Saqueta Correio Verde C4 M,*,5 un.,"5,99 €","5,99 €/Unidade"
Gogo SqueeZ Snack Morango,Gogo,Embalagem de 90g,"2,29 €","6,94 €/L"
"Frutapura pera, banana e alperce",Bledina,Embalagem de 85g,"2,29 €","6,94 €/L"
Ameijoa Castanha Vietnamita,Marisco Congelado,Venda ao Kilo,"2,00 €","7,99 €/Kg"
Laranja Económica,Fruta do Dia,1 un = 250 gr  (aprox.),"0,55 €","2,19 €/Kg"
Centro Cuidados para Gatos,Écoiffier,,"49,99 €/Unidade","49,99 €/Unidade"
Gelatina de morango,PorSi,Embalagem de 170g,"0,55 €","61,11 €/Kg"
Bebida Energética Red Grape,Hell,250 ml,"1,39 €","5,56 €/L"
Taolhão de banho,PorSi,100 x 150 cm,"12,00 €/Unidade","12,00 €/Unidade"
Snack para cão adulto com frango,Friskies,Embalagem de 200g,"1,09 €","6,06 €/Kg"
Tisana de chá verde/limão light,Pleno,"Garrafa de 1,5 l","1,90 €","1,27 €/L"
"Palmilha de cortiça com látex, tamanho 36/37",Sonaf,1 unidade,"5,59 €","37,27 €/L"
Clinica Veterinária,Barbie,,"24,99 €/Unidade","24,99 €/Unidade"
Tostas mistura sem glúten,PorSi Viva Bem,Embalagem de 140g,"4,29 €","20,43 €/Kg"
Azeiteira Inox Geo,Imf,500 ml,"3,99 €","3,99 €/Unidade"
Fralda cueca T5 - 12 a 18 kg,PorSi,20 unidades,"8,99 €","8,99 €/Unidade"
Mousse de chocolate,PorSi,Embalagem de 110 g,"1,19 €","2,59 €/Kg"
Camião patrulheiro,Paw Patrol,1 unidade,"49,99 €/Unidade","49,99 €/Unidade"
Leite uht sem lactose magro,PorSi Viva Bem,1 litro,"0,99 €","0,99 €/L"
"Salsichas aves, frasco com 5 unidad",Izidoro,Embalagem de 250g,"0,75 €","3,75 €/Kg"
"Vinho branco região da península de setúbal, bag in ...",Dom Campos,Garrafa de 5 l,"9,49 €","1,90 €/L"
Bio miolo amendoa compele,PorSi Bio,Embalagem de 100g,"0,79 €","3,95 €/Kg"
Rum anejo especial,Havana,Garrafa de 700 ml,"17,49 €","24,99 €/L"
Escorrega para água,Bestway,"Dim.: 4,88 m","2,09 €","2,09 €/Unidade"
Pensos Incontinência Homem Men Diário,Tena,14 un.,"1,95 €","1,95 €/Unidade"
5 douradinhos rústicos,Capitão Iglo,Embalagem de 300g,"1,99 €","4,98 €/Kg"
Chispalhada,PorSi,Embalagem de 420 g,"2,35 €","5,60 €/Kg"
Manteiga com sal,Milhafre,Embalagem de 250g,"2,63 €","10,52 €/Kg"
Escova de Dentes 1-2-3 Shiny Clean,Oral B,4 unidades,"3,19 €","3,19 €/Unidade"
Costeleta,Novilho,1 un= 400 gr aprox.,"3,12 €","12,48 €/Kg"
Saqueta de puré de fruta | maçã + pera,PorSi,90 g,"0,74 €","8,22 €/Kg"
Pilha alcalina hightech lr20x2,Domédia,1 unidade,"1,99 €","1,99 €/Unidade"
Plumas de porco preto,PorSi Select,250 g,"4,99 €","4,99 €/Kg"
"Jogo ""Emoções Monstro das Cores""",Diset,1 unidade,"24,99 €/Unidade","24,99 €/Unidade"
T-Rex e Pteranodon,Clementoni,1 unidade,"49,99 €/Unidade","49,99 €/Unidade"
Maçã Fuji 70/75,Programa Origens,1 un = 150 gr (aprox.),"1,30 €/Kg","1,30 €/Kg"
Tablete de chocolate leite,Schogetten,Embalagem de 100g,"0,53 €","5,30 €/Kg"
Desentupidor gel turbo com lixívia,Destop,Garrafa de 1 l,"4,89 €","6,52 €/L"
Nata uht para bater,Parmalat,Embalagem de 200 ml,"1,12 €","5,60 €/L"
Inseticida Elétrico Citronela,Dum Dum,1 unidade = 45 noites,"7,69 €","7,69 €/Unidade"
Laboratório Mecânica Mars Rover,Clementoni,1 unidade,"9,99 €/Unidade","9,99 €/Unidade"
Feijão manteiga caçarola,Cacarola,Embalagem de 500g,"2,78 €/Kg","2,78 €/Kg"
Café moagem normal: original,Buondi,Embalagem de 220g,"9,76 €/Kg","9,76 €/Kg"
Pasta dentífrica menta fresca,Aquafresh,Embalagem de 75 ml,"2,39 €","31,87 €/L"
Vela Litúrgica com tampa,Codipostal,Dim.: 12.5 cm,"1,25 €","1,25 €/Unidade"
Robô que salta Jumping Bot,Clementoni,1 un.,"9,99 €/Unidade","9,99 €/Unidade"
Dobrada com feijão,Nobre,Embalagem de 420g,"2,35 €","5,60 €/Kg"
Guardanapos brancos 22x22cm | folha dupla,Renova,90 unidades,"0,65 €","0,65 €/Unidade"
Spray desinfetante multiusos,Lysol,Embalagem de 500 ml,"5,99 €","11,98 €/L"
Licor Limoncello,Vila Massa,"Embalagem de 0,50 l","16,99 €","24,27 €/L"
Néctar vital equilibrio manga/laranja,Compal,Embalagem de 1 l,"0,84 €","2,55 €/L"
Batata pom'duchesse,PorSi,Embalagem de 600g,"2,39 €","3,98 €/Kg"
Nestle bebe natural 4x100g,Nestle,Embalagem de 400g,"2,89 €","7,23 €/Kg"
Arroz basmati,PorSi,Embalagem de 1 kg,"1,26 €","1,26 €/Kg"
Borracha para lápis e tinta,Domédia,1 unidade,"0,60 €","0,60 €/Unidade"
"Vinho tinto, bag in box",Capela Pias,Garrafa de 5 l,"9,49 €","1,90 €/L"
Danacol natural,Danone,Embalagem de 6 x 100 g,"4,15 €/Kg","4,15 €/Kg"
Estábulo para banho dos póneis,Lego,1 unidade,"7,99 €/Unidade","7,99 €/Unidade"
Queijo flamengo ralado,PorSi,Embalagem de 200G,"1,96 €","9,80 €/Kg"
Rolo de Carne sem Recheio,Novilho,1 un = 500 gr (aprox.),"3,84 €","7,68 €/Kg"
Sobremesa danette baunilha,Danone,Embalagem de 4 x 125 g,"1,19 €","2,59 €/Kg"
Creme p/ Calçado Azul,Búfalo,Embalagem de 40 ml,"3,19 €","79,75 €/L"
Lancha Motor Subaquático,Playmobil,1 unidade,"7,99 €/Unidade","7,99 €/Unidade"
Café solúvel descafeinado,PorSi,Embalagem de 100G,"1,45 €","14,50 €/Kg"
Pá do Lixo C/ Cabo Dobrável,Fapil,1 un.,"2,20 €","2,20 €/Unidade"
Desumidificador Basic,HUMYDRY,embalagem de 250g,"2,99 €","6,64 €/Kg"
Nancy Um Dia A Fazer Madeixas,Nancy,1 un.,"11,99 €/Unidade","11,99 €/Unidade"
Cereais estrelitas,Nestle,Embalagem de 550g,"5,07 €/Kg","5,07 €/Kg"
Bolo recheio de chocolate multipack,Chipicao,Embalagem de 230g,"2,05 €","5,13 €/Kg"
Toalhitas para bebé melão,PorSi,Embalagem de 60 unidades,"1,09 €/Unidade","1,09 €/Unidade"
Camarão 40/60,Congelado de Aquicultura,1 un = 250 gr  (aprox.),"2,00 €","7,99 €/Kg"
Café torrado lote chávena saco,Delta,Embalagem de 250g,"9,16 €/Kg","9,16 €/Kg"
Batata frita light,PorSi,Embalagem de 150g,"0,95 €","6,33 €/Kg"
Lava tudo brilhante madeiras,PorSi,Embalagem de 1.1 litros,"0,99 €","0,50 €/L"
Iogurte 0% pedaços muesli e cereal,Longa vida,Embalagem de 4 x 120 g,"1,44 €","2,88 €/Kg"
Néctar de pêssego,PorSi,Pack 3 x 200 ml,"0,99 €","0,99 €/L"
Gelado bomboniera,Olá,Embalagem de 140ML,"5,99 €","17,11 €/L"
Sobremesa gelatina de ananás,PorSi,Embalagem 4X100G,"0,85 €","2,13 €/Kg"
Queijo de vaca curado amanteigado,PorSi,+/- 550 g,"4,00 €","15,99 €/Kg"
Barras de cereais com chocolate preto,PorSi,6 x 23 g,"1,29 €","10,24 €/Kg"
Queijo mozzarella ralado,PorSi,Embalagem de 200 g,"7,45 €/Kg","7,45 €/Kg"
Gel de banho nourishing,Dove,Embalagem de 500 ml,"5,19 €","7,98 €/L"
"Limpa móveis pistola, multissuperfícies",Pronto,Embalagem de 500 ml,"5,99 €","11,98 €/L"
Stevia chocolate negro com frutos vermelhos,Cemporcent,Embalagem de 125g,"2,89 €","23,12 €/Kg"
Massa quebrada margarina,PorSi,Embalagem de 230 g,"0,99 €","4,30 €/Kg"
Farinha láctea 5 frutos,PorSi,Embalagem de 500g,"4,99 €","4,99 €/Kg"
Adoçante com doseador,PorSi,Embalagem 100 comprimidos,"5,99 €","23,96 €/Kg"
Actimel morango-banana,Danone,Embalagem de 6 x 100 g,"4,15 €/Kg","4,15 €/Kg"
Nata uht ligeira,Páturages,Embalagem de 2X250ML,"1,12 €","5,60 €/L"
Sabonete calmante de lavanda,Labell,Embalagem de 4x100 g,"4,49 €","12,47 €/Kg"
Cereais Forma Natura,PorSi,500 g,"5,59 €","8,87 €/Kg"
Extra vitamina de a a z,PLANTANATU,Embalagem de 1 unidades,"7,59 €","126,50 €/Kg"
Bandas de cera fria facial,Labell,Embalagem com 20 un. + 4 toalhitas de acabamento,"3,11 €","3,11 €/Unidade"
Desentupidor express gel elimina odores,Destop,1 litro,"4,89 €","6,52 €/L"
10 hamburguers 60% carne de bovino,PorSi,Embalagem de 1 kg,"2,79 €","8,72 €/Kg"
Rebuçados mini café,PorSi,Embalagem de 200g,"5,99 €","5,99 €/Kg"
Spray casa de banho brilhante,Sonasol,Embalagem de 500 ml,"0,99 €","0,50 €/L"
Alho-francês,PorSi,Embalagem de 750 g,"0,74 €","1,85 €/Kg"
Presunto S/Osso,Pata branca,"Vendido ao peso, fatiado a partir de 200 g","3,20 €","15,99 €/Kg"
"Toalhitas intimas, 20 unidades",Labell,Uma embalagem,"2,19 €","2,19 €/Unidade"
Pescada África do Sul,Peixe Congelado,De 600g a 900g,"3,99 €/Kg","3,99 €/Kg"
Fralda Cueca Activity Extra Tamanho 4,Dodot,Embalagem com 45 uni.,"8,99 €","8,99 €/Unidade"
Lâmpada LED Forma Esférica 5.5W E27 220-240V,Domédia,1 un.,"5,99 €","5,99 €/Unidade"
Chocolate culinário 70% cacau,Pantagruel,Embalagem de 200g,"1,04 €","8,32 €/Kg"
Rabanetes,Legumes do dia,Embalagem 125g,"0,99 €","0,99 €/Unidade"
Arroz carolino vaporizado,Cacarola,Embalagem de 1 kg,"1,26 €","1,26 €/Kg"
Magnum amêndoa,Olá,Embalagem de 6 x 55 ml,"5,99 €","17,11 €/L"
Spray óleo amêndoas doces,Hidro,Embalagem de 100 ml,"1,69 €","1,69 €/Unidade"
Snack para gato original,Felix,Embalagem de 60g,"0,99 €","16,50 €/Kg"
Cacau em pó,Pantagruel,Embalagem de 130g,"1,04 €","8,32 €/Kg"
Rojões,Porco,1 un = 250 gr  (aprox.),"4,99 €","4,99 €/Kg"
Recarga rolo tira pelos,PorSi,1 unidade,"12,99 €","12,99 €/Unidade"
Vela em número nº1,PorSi,1 unidade,"0,60 €","0,60 €/Unidade"
Tablete de chocolate leite/amêndoa,Nestle,Embalagem de 120g,"10,89 €/Kg","10,89 €/Kg"
Batata branca mini,Vitacress,Embalagem de 500 g,"1,79 €","3,58 €/Kg"
Receita caseira de bolonhesa,Nobre,Embalagem de 420g,"2,35 €","5,60 €/Kg"
Filetes primavera receita original sem glúten 250g,Iglo,Embalagem de 250g,"9,30 €/Kg","9,30 €/Kg"
Penso de incontinência maxi,Ausonia Discreet,Embalagem de 8 un.,"1,95 €","1,95 €/Unidade"
Leite pastagem uht terra nostra inteiro,Terra Nostra,Garrafa de 1 l,"1,19 €","1,19 €/L"
Cola BricoCeys,Ceys,1 unidade,"3,19 €","3,19 €/Unidade"
"Hamburgers de porco, 4x80g",PorSi,Embalagem de 320 g,"2,79 €","8,72 €/Kg"
Cubos de bacon,Porminho,Embalagem de 2x75 g,"3,29 €","21,93 €/Kg"
Bolachas choco mini estrelas,Milka,Embalagem de 190g,"1,39 €","2,78 €/Kg"
Liégeois Sobremesa de Café,Páturages,Embalagem de 4x100 g,"1,49 €","3,73 €/Kg"
Pasta dentífrica herbal,Colgate,Embalagem de 75 ml,"2,39 €","31,87 €/L"
"Vela com número, nº 7",PorSi,1 unidade,"0,60 €","0,60 €/Unidade"
Ananás rodelas em sumo,PorSi,Embalagem de 3 x 220 g,"1,99 €","2,37 €/Kg"
Fruta para bebé maçã cenoura manga +6 meses,Nestle,Embalagem de 90g,"0,74 €","8,22 €/Kg"
Guardanapos Gold 2 folhas,Renova,Dim.: 39x39cm,"0,65 €","0,65 €/Unidade"
Bebida láctea crescimento c/ bolacha maria,Nestle,Embalagem de 1 litro,"0,26 €","1,30 €/L"
Amaciador roupa concentrado lírios e morango,PorSi,60 doses,"3,99 €","3,99 €/Unidade"
Eau de Toilette p/Senhora Nº1,Caravan,1 Frasco 150ml,"11,99 €","79,93 €/L"
Salsa Molho Programa Origens,PorSi,Embalagem de 50g,"0,89 €","17,80 €/Kg"
Polvo limpo,PorSi,Embalagem de 1 kg,"5,49 €","6,86 €/Kg"
Açúcar areado amarelo,Rar,Embalagem de 1kg,"1,49 €","1,49 €/Kg"
Preparado de bolo de canela,PorSi,500 g,"0,49 €","5,44 €/Kg"
Bomba de ar de pé,Bestway,1 un.,"0,69 €","0,69 €/Unidade"
Rebuçados peitorais,PorSi,Embalagem de 200g,"0,77 €","3,85 €/Kg"
Farinha de milho 500g,ESPIGA,Embalagem de 500g,"1,99 €","1,99 €/Kg"
Pasta Dentífrica Menta Suave,Aquafresh,Embalagem de 75 ml,"2,39 €","31,87 €/L"
Fita adesiva,PorSi,5m x 1.25 cm,"1,69 €","1,69 €/Unidade"
Paes de leite 10unid 350g,H.delicia,Embalagem de 350 g,"7,40 €/Kg","7,40 €/Kg"
Uva Preta,Fruta do Dia,Vendido a partir de 250 gr,"0,99 €","9,90 €/Kg"
Bolo de Arroz 70 g,*,,"0,99 €","11,00 €/Kg"
Gelatina de melancia,Koala,Embalagem de 130g,"0,85 €","2,13 €/Kg"
Boia Unicórnio 50 cm,Mondo,1 unidade,"2,09 €","2,09 €/Unidade"
Creme para barrar,Nutella,Embalagem de 600g,"4,39 €","12,91 €/Kg"
Uvas cortadas,PorSi,100 g,"0,99 €","9,90 €/Kg"
Inseticida multi-insectos,Dum Dum,Garrafa de 400 ml,"4,49 €","11,97 €/L"
Tablete de chocolate leite com amêndoas,PorSi Select,200 g,"10,89 €/Kg","10,89 €/Kg"
Cha infusão vermelho,Cemporcent,Embalagem com 10 saquetas,"58,44 €/Kg","58,44 €/Kg"
Ração para gato júnior com frango,Purina One,Embalagem de 800 g,"12,99 €","4,33 €/Kg"
Feijão catarino,PorSi,Embalagem 500G,"2,78 €/Kg","2,78 €/Kg"
Lindahls pro+ liq tropical,Lindahls,Garrafa de 330 ml,"1,31 €","2,05 €/Kg"
20 saquetas chá detox,Lipton,Embalagem de 30g,"58,44 €/Kg","58,44 €/Kg"
"Tesoura de escritório, 17 cm",Domédia,1 unidade,"5,99 €","5,99 €/Unidade"
Pilhas recarregáveis longa duração AA HR3 1.2V 2100m...,Domédia,Embalagem com 4 unidades,"1,99 €","1,99 €/Unidade"
Barbela,Porco,1 un = 250 gr  (aprox.),"4,99 €","4,99 €/Kg"
Bacalhau posta média,PorSi,Embalagem de 800g,"6,39 €","7,99 €/Kg"
Rebuçados peitorais,Dr.bayard,Embalagem de 100g,"0,77 €","3,85 €/Kg"
Barras de cereais forma clássica,PorSi,Embalagem de 126g,"1,29 €","10,24 €/Kg"
Rebucado mentol 250g,Vieira,Embalagem de 250g,"0,77 €","3,85 €/Kg"
Nakis milho com chocolate negro,Bicentury,Embalagem de 91 g,"1,45 €","11,15 €/Kg"
Lixívia com detergente,PorSi,Embalagem de 2 l,"2,59 €","1,30 €/L"
Achocolatado intenso 40% cacau,Nestle,Embalagem de 330g,"5,39 €","7,19 €/Kg"
Sementes de abóbora,Cemporcent,Embalagem de 150g,"2,29 €","15,27 €/Kg"
Manteiga la motte sal do mar,President,Embalagem de 250 g,"2,63 €","10,52 €/Kg"
Creme p/ barrar de chocolate e avelã,Milka,Embalagem de 600g,"4,39 €","12,91 €/Kg"
O Grande Jogo Quiz História de Portugal,Clementoni,,"24,99 €/Unidade","24,99 €/Unidade"
Queijo para barrar light,PorSi Viva Bem,Embalagem de 200g,"1,99 €","9,95 €/Kg"
Escudo e Luva Capitão América,Avengers,1 un.,"24,99 €/Unidade","24,99 €/Unidade"
"Batata frita, receita camponesa",Lay's,Embalagem de 250g,"1,19 €","6,43 €/Kg"
"Lixívia para roupa, tradicional verde denso",PorSi,Embalagem de 2L,"2,59 €","1,30 €/L"
Arroz integral,PorSi Viva Bem,Embalagem de 1 kg,"1,34 €","2,68 €/Kg"
Leite UHT Morango sem Lactose,Mimosa,Pack 3 x 250 ml,"1,99 €","2,49 €/L"
"Lenços de bolso, mentol, 10 unidades",Renova,Uma embalagem de 6x10,"0,89 €","0,89 €/Unidade"
Aspirador e Acessórios,Play-Doh,1 unidade,"49,99 €/Unidade","49,99 €/Unidade"
Verdinhos Pequenos,Peixe do Dia,1 un= 60 gr (aprox.),"4,40 €","10,99 €/Kg"
"Acendalha branca, 32 cubos",PorSi,Uma embalagem,"0,75 €","0,75 €/Unidade"
Amendoins mix original,Matutano,Embalagem de 130g,"0,79 €","7,90 €/Kg"
Chalotas,Legumes do Dia,embalagem de 250 g (aprox.),"1,79 €","3,58 €/Kg"
Faca utilidades 13 cm inox,PorSi,1 unidade,"5,99 €","5,99 €/Unidade"
Caramelos de nata,PorSi,Embalagem de 250g,"2,75 €","11,00 €/Kg"
Óleo especial fritura,Fula,Garrafa de 1 l,"3,39 €","3,39 €/L"
Bio miolo amendoa compele,PorSi Bio,Embalagem de 100g,"1,57 €","15,70 €/Kg"
Preparado de bolo de chocolate,PorSi,500 g,"0,49 €","5,44 €/Kg"
Molas plásticas amarelas,PorSi,50 unidades,"0,89 €","0,89 €/Unidade"
Super articulações,PLANTANATU,Embalagem de 1 unidades,"7,59 €","126,50 €/Kg"
Creme vegetal para culinária,PorSi,Embalagem de 1 kg,"2,89 €","2,89 €/Kg"
Cereais fitness,Nestle,Embalagem de 630g,"5,59 €","8,87 €/Kg"
18 hamburguers de frango s/ glúten,Capitão Iglo,Embalagem de 1 kg,"11,10 €/Kg","11,10 €/Kg"
Tira nódoas em spray,Skip,Embalagem de 500 ml,"9,99 €","36,33 €/Kg"
Cereais cookie crisp,Nestle,Embalagem de 380g,"5,07 €/Kg","5,07 €/Kg"
Pilha alcalina classic lr6x8,Domédia,1 unidade,"1,99 €","1,99 €/Unidade"
Rebuçados mentho-lyus sem açúcar,Halls,Embalagem de 31 g,"0,77 €","3,85 €/Kg"
Estábulo Gelo Elsa e Nokk,Lego,1 unidade,"7,99 €/Unidade","7,99 €/Unidade"
"Carteira etiquetas, 24x35",Domédia,1 unidade,"0,69 €","0,69 €/Unidade"
Baguete de alho,Panike,Embalagem de 350g,"3,40 €/Kg","3,40 €/Kg"
Manga Refrigerante p/ Garrafas,AR,1 unidade,"3,49 €","3,49 €/Unidade"
Pilha alcalina classic lr03x4,Domédia,1 unidade,"1,99 €","1,99 €/Unidade"
3 Pipetas de Repelente p/ Gato,Repul'7,1 unidade,"19,99 €","19,99 €/Unidade"
Queijo bola fatias,Paiva,Embalagem de 180g,"1,96 €","9,80 €/Kg"
Vinho verde rosé,3 marias,Garrafa de 0.75 l,"1,99 €","2,65 €/L"
Porto white,Ferreira,Garrafa de 750 ml,"6,29 €","8,39 €/L"
Cerveja c/ álcool radler,Sagres,pack 6 x 0.33 l,"1,99 €/L","1,99 €/L"
Aguardente vínica velha,Alianca v.,Garrafa de 700 ml,"12,79 €","18,27 €/L"
"Pasta de limpeza com oxigénio activo, 48 unidades",Polident,Uma embalagem,"9,79 €","122,38 €/Kg"
Vinagre de vinho tinto,Cristal,Garrafa de 500 ml,"0,35 €","0,70 €/L"
10 cápsulas café qanela,Delta Q,Embalagem de 60g,"59,82 €/Kg","59,82 €/Kg"
Batata frita rodelas,PorSi,Embalagem de 2x70g,"1,06 €","5,73 €/Kg"
Leite condensado cozido,PorSi,Embalagem de 397 g,"1,09 €","2,75 €/Kg"
Refrigerante sem gás frutos tropicais,Trina,"Garrafa de 1,5 l","1,90 €","1,27 €/L"
Esfregona premium 2 em 1 completa,Vileda,1 un.,"8,00 €","8,00 €/Unidade"
Sopa da pedra,PorSi,Embalagem de 420 g,"2,35 €","5,60 €/Kg"
Sopa de legumes,PorSi,800 g,"3,59 €","3,59 €/Kg"
Truta Salmonada,Programa Origens,1 un=900 g (aprox.),"4,40 €","10,99 €/Kg"
Queijo ilha ralado,PorSi,Embalagem de 200g,"7,45 €/Kg","7,45 €/Kg"
Sabonete,Feno,Embalagem de 4x90 g,"4,49 €","12,47 €/Kg"
10 Preservativos Easy Way Nature,Control,,"4,49 €","4,49 €/Unidade"
Couve Branca,Programa Origens,1 un = 1.5 kg (aprox.),"1,64 €","1,09 €/Kg"
Massa de macarrão riscado,Nacional,Embalagem de 500g,"0,99 €","1,98 €/Kg"
Café torrado 5 estrelas moagem normal,Sical,Embalagem de 250g,"9,16 €/Kg","9,16 €/Kg"
Balões latex azul,PorSi,Embalagem com 24 unidades,"0,59 €","0,59 €/Unidade"
Areia para gatos biodegradável vegetal,PorSi,Embalagem de 8 litros,"1,19 €","0,24 €/Kg"
Nectar multivitaminas,Paquito,Embalagem de 2 l,"0,99 €","0,99 €/L"
Feijão com dobrada,PorSi,Embalagem de 420 g,"2,35 €","5,60 €/Kg"
"Chocolate m&m s, bag amendoim",M&m' s,Embalagem de 100 g,"11,98 €/Kg","11,98 €/Kg"
Conjunto 4 Velas Litúrgicas Brancas,Codipostal,1 unidade,"1,49 €","1,49 €/Unidade"
Leite creme,Royal,Embalagem de 90g,"0,79 €","5,27 €/Kg"
Alimento seco para cão raças pequenas,HappyOne,Embalagem de 2 kg,"1,15 €/Kg","1,15 €/Kg"
vinho do Porto Ruby,Velhotes,"garrafa de 0,75 l","6,29 €","8,39 €/L"
Spray desengordurante,Sonasol,Embalagem de 500 ml,"4,89 €","6,52 €/L"
"Sumo 100%, laranja",PorSi,"Embalagem de 1,5 l","1,09 €","0,73 €/L"
Óleo p/ Moto Performa M2T,Galp,Embalagem de 1 l,"5,99 €","5,99 €/L"
"Queijo médio, metades",Casteloes,Embalagem de 580g,"4,00 €","15,99 €/Kg"
Detergente para loiça plus + citrinos,Super Pop,Embalagem de 1L,"1,05 €","2,10 €/L"
Sangria tinta,PorSi,Garrafa de 1.5 litros,"2,19 €","1,46 €/L"
Cenoura baby,PorSi,Embalagem de 400 g,"0,74 €","1,85 €/Kg"
Camião do Lixo,Play-Doh,1 unidade,"49,99 €/Unidade","49,99 €/Unidade"
12 douradinhos forníssimo,Capitão Iglo,Embalagem de 300g,"9,30 €/Kg","9,30 €/Kg"
Espuma de barbear para peles sensíveis,Labell Men,Embalagem de 250 ml,"1,16 €","4,64 €/L"
Maçã Jonagored 70/75,Programa Origens,1 un = 150 gr (aprox.),"1,30 €/Kg","1,30 €/Kg"
Iogurte activia aveia nozes,Danone,Embalagem de 4 x 120 g,"2,79 €","5,81 €/Kg"
Mistolin advanced anticalcário,Mistolin,Garrafa de 500 ml,"1,79 €","2,39 €/L"
Maracujá Roxo,Fruta da Época,1 un = 250 gr  (aprox.),"1,00 €","3,99 €/Kg"
Aguardente Vínica Velha,Curvada de Velha,Garrafa de 70 cl,"12,79 €","18,27 €/L"
"Inseticida eléctrico, recarga, night&day",Raid,1 unidade,"7,69 €","7,69 €/Unidade"
Cebola Programa Origens,PorSi,Embalagem de 1 kg,"1,79 €","3,58 €/Kg"
Bacalhau desfiado,Pescanova,Embalagem de 400 g,"6,39 €","7,99 €/Kg"
"Óleo Spray Seco, SPF15",Cabana Sun,Embalagem de 200 ml,"7,59 €","37,95 €/L"
Sopa de caldo verde Programa Origens,PorSi,Embalagem de 250g,"0,99 €","9,90 €/Kg"
Vinho do porto tawny,Cruz,"Garrafa de 0,75 l","5,99 €","7,99 €/L"
10 croquetes de carne,PorSi,Embalagem de 300 g,"2,99 €","9,97 €/Kg"
Autobrilhante Castanho,Búfalo,Embalagem de 50 ml,"2,25 €","45,00 €/L"
Espremedor,PorSi,1 unidade,"8,00 €","8,00 €/Unidade"
Espresso café arábica,PorSi,250 ml,"1,99 €","15,92 €/Kg"
Caldo Verde,Sopas Portuguesas,Embalagem de 400 ml,"3,59 €","3,59 €/Kg"
Limpa vidros de recuperadores de calor,PorSi,500 ml,"3,59 €","7,18 €/L"
Resguardos de cama,PorSi,20 unidades de 60 x 90 cm,"6,99 €","6,99 €/Unidade"
Paté Fígado Porco c/ Vinho do Porto,PorSi,75 g,"0,85 €","11,33 €/Kg"
Farinha s/ fermento tipo 65,ESPIGA,Embalagem de 1 kg,"1,99 €","1,99 €/Kg"
"Jogo ""Faz Fita""",Majora,1 unidade,"9,99 €/Unidade","9,99 €/Unidade"
Aperitivo de amendoins tostados forno,Matutano,Embalagem de 120g,"0,79 €","7,90 €/Kg"
Manteiga de amendoim crocante,Prozis,Embalagem de 500g,"3,99 €","7,98 €/Kg"
Whisky,J&B,Garrafa de 1 l,"23,49 €","23,49 €/L"
Sopa de cozido,Knorr,Embalagem de 70g,"0,84 €","13,55 €/Kg"
Sopa de cebola económica,Knorr,Embalagem de 50g,"0,84 €","13,55 €/Kg"
Faneca,Peixe do Dia,"Vendido ao peso, 1 un = 500 g (aprox.)","4,40 €","10,99 €/Kg"
Nuggets frango,PorSi,pack familiar de 1 kg,"2,79 €","8,72 €/Kg"
Água mineral sem gás,Serra de Fafe,Embalagem de 6x0.5l,"1,04 €","0,17 €/L"
Pescada congelada 350-450 g,Peixe Congelado,Peixe de aquacultura,"3,99 €/Kg","3,99 €/Kg"
Cadbury Milk Fingers,Cadbury,Embalagem de 114G,"2,19 €","19,21 €/Kg"
Trigo,Rac.zezere,Embalagem de 5 kg,"3,89 €","0,78 €/Kg"
Pipocas doces,Orcape,Embalagem de 100g,"0,79 €","7,90 €/Kg"
Água Micelar Vitamina C,Garnier,Embalagem de 400 ml,"0,76 €","0,76 €/Unidade"
Bicicleta,Paw Patrol,"roda 12""","24,99 €/Unidade","24,99 €/Unidade"
Manteiga amendoim cremosa,PorSi,Embalagem de 340g,"4,39 €","12,91 €/Kg"
Gelado carte d'or chocolate brownie,Olá,Embalagem de 900 ml,"5,49 €","6,10 €/L"
Lava tudo antibacteriano herbal,PorSi,Garrafa de 1.5 l,"0,99 €","0,50 €/L"
Autobrilhante Branco,Búfalo,Embalagem de 50 ml,"2,25 €","45,00 €/L"
Vassoura Simples Pluma,PorSi,unidade,"2,20 €","2,20 €/Unidade"
Adoçante em pó stevia,PorSi Viva Bem,Embalagem de 250 g,"5,99 €","23,96 €/Kg"
Cebola Roxa,Programa Origens,1 un = 500 gr (aprox.),"1,79 €","3,58 €/Kg"
Asas de Frango,*,1 un = 100 gr (aprox.),"3,98 €","2,49 €/Kg"
Chocolate culinário,Nestle,Embalagem de 200g,"1,04 €","8,32 €/Kg"
Papel higiénico compacto,PorSi,24 rolos,"5,99 €","5,99 €/Unidade"
Atum posta ao natural,Bom petisc,Embalagem de 120 g,"9,08 €/Kg","9,08 €/Kg"
Papa infantil não láctea 8 cereais e mel +6 meses,Cerelac,Embalagem de 250g,"4,99 €","4,99 €/Kg"
Ração para Cão Delicate rico em Salmão,Purina One,Embalagem de 800g,"1,15 €/Kg","1,15 €/Kg"
Bolachas cream cracker,PorSi,Embalagem de 600g,"0,39 €","3,12 €/Kg"
Vinho branco bag-in-box,Capataz,Embalagem de 5 l,"8,59 €","1,72 €/L"
Lustrante Pneus,PorSi,Embalagem de 1 l,"3,99 €","0,80 €/L"
Tablete chocolate de iogurte morango,Milka,Embalagem de 100g,"0,53 €","5,30 €/Kg"
Nata uht 0% lactose,Parmalat,Embalagem de 200 ml,"1,12 €","5,60 €/L"
Gomas tijolos ácidos,PorSi,Embalagem de 300 g,"1,19 €","3,97 €/Kg"
Manteiga de alho,Mimosa,Embalagem de 200g,"2,63 €","10,52 €/Kg"
Red Fish Grande,Peixe Congelado,1 un = 500 gr (aprox.),"3,99 €/Kg","3,99 €/Kg"
Manteiga com sal,Novacores,Embalagem de 250g,"2,63 €","10,52 €/Kg"
Adoçante com doseador,PorSi,Embalagem de 66g,"5,99 €","23,96 €/Kg"
Topping p/saladas cebola frita,Florette,Embalagem de 70g,"3,84 €","24,00 €/Kg"
"Iogurte, sabor a tutti-fruti",PorSi,Embalagem de 4 x 125 g,"0,69 €","1,38 €/Kg"
Alho moído,PorSi,Frasco com 45 g,"0,25 €","0,25 €/Kg"
Halls vita c morango sem açúcar,Halls,Embalagem de 32 g,"0,77 €","3,85 €/Kg"
Crispy burgers de proteína vegetal,Iglo green,Embalagem de 200g,"3,99 €","11,40 €/Kg"
Miolo de Camarão 80/100,Brasmar,Embalagem de 200 g,"8,99 €","25,69 €/Kg"
Guardanapos Red Label 1 folha |Vermelho,Renova,Dim: 30x32cm |70 unidades,"0,65 €","0,65 €/Unidade"
Coffee Shop 100% Chef,Écoiffier,1 unidade,"24,99 €/Unidade","24,99 €/Unidade"
Chocolate culinário em pó,PorSi,Embalagem de 125 g,"1,04 €","8,32 €/Kg"
Refrigerante com gás guaraná,Antartica,"Garrafa de 1,5 l","0,40 €/L","0,40 €/L"
Laranja,Programa Origens,1 un = 180 gr (aprox.),"0,55 €","2,19 €/Kg"
Água s/ gás,Fastio,Garrafa de 1 l,"1,04 €","0,17 €/L"
Smarties mini chocolate,SMARTIES,Embalagem de 187g,"11,98 €/Kg","11,98 €/Kg"
Detergente máquina roupa em gel universal,Persil,Embalagem de 42 doses,"8,69 €","1,84 €/Kg"
Mistura solúvel mokambo,Nestle,Embalagem de 200g,"1,64 €","6,56 €/Kg"
Cenoura,PorSi,1 un = 100 gr  (aprox.),"0,79 €/Kg","0,79 €/Kg"
Detergente líquido máquina de lavar roupa cores escu...,Woolite,56 doses,"8,69 €","1,84 €/Kg"
Pastéis de nata,PorSi,Embalagem de 6x60 g,"2,65 €","8,28 €/Kg"
Feijão encarnado,PorSi,Embalagem de 420 g,"2,19 €","2,81 €/Kg"
Sumo natural de ananás bio,Cemporcent,Garrafa de 200 ml,"1,79 €","1,79 €/L"
Sangria branca,Casal Garcia,Garrafa de 750 ml,"2,19 €","1,46 €/L"
Queijo de Ovelha Curado Apimentado,PorSi,,"4,50 €","17,99 €/Kg"
Mistolin tira gorduras desinfetante,Mistolin,Garrafa de 550 ml,"1,79 €","2,39 €/L"
Caldeirada de peixe ultracongelada,Brasmar,Embalagem de 700g,"1,99 €","4,98 €/Kg"
Mariscada,PorSi,Embalagem de 800g,"2,19 €","8,59 €/Kg"
Crepe maçã e canela,PorSi,Embalagem de 540 g,"2,65 €","8,28 €/Kg"
Farinha s/ glúten p/ pão,Schar,Embalagem de 1 kg,"2,69 €","5,38 €/Kg"
Salsichas de porco,Nobre,Lata de 250g,"0,75 €","3,75 €/Kg"
Set Chá,Minnie,1 conjunto,"24,99 €/Unidade","24,99 €/Unidade"
Néctar light manga/laranja,Compal,330 ml,"0,84 €","2,55 €/L"
Vinagre de sidra pet,Paladin,Garrafa de 500 ml,"0,35 €","0,70 €/L"
Almofada antialérgica,PorSi,45 x 60 cm,"12,00 €/Unidade","12,00 €/Unidade"
Óleo 10w40 Semi-Sintectico,PorSi,Embalagem de 1 l,"5,99 €","5,99 €/L"
Pastilhas de Limpeza Aparelho Dentário,Polident,Embalagem com 30 unidades,"9,79 €","122,38 €/Kg"
Cobertura tábua de engomar,PorSi,Dim.: 130 x 47 cm,"4,00 €","4,00 €/Unidade"
5 folhas de gelatina incolor,PorSi,Embalagem de 9 g,"0,55 €","61,11 €/Kg"
Paio do Lombo,PorSi,"Vendido ao peso, a partir de 100g","3,20 €","15,99 €/Kg"
Arroz integral,PorSi Viva Bem,Embalagem de 1 kg,"1,26 €","1,26 €/Kg"
Caramelos de fruta,PorSi,Embalagem de 250g,"1,19 €","4,76 €/Kg"
Salsichas brasileiras para churrasco,Nobre,Embalagem em vácuo de 200 g,"2,69 €","13,45 €/Kg"
Pudim de baunilha,PorSi,Embalagem de 90g,"0,59 €","29,50 €/Kg"
Pudim baunilha,Boca Doce,Embalagem de 20g,"0,59 €","29,50 €/Kg"
Parmigiano reggiano em lascas dop,*,Embalagem de 80g,"2,45 €","30,63 €/Kg"
Leite com chocolate sem lactose,Ucal,Embalagem de 6 x 250 ml,"0,26 €","1,30 €/L"
Anti-humidade + 3 recargas,HUMYDRY,1 embalagem,"12,99 €","12,99 €/Unidade"
Mel em frasco de vidro,Jorge v.f.,Embalagem de 500g,"4,89 €","9,78 €/Kg"
Sumo 100% fresco ananás,Paquito,Embalagem de 1 l,"1,09 €","0,73 €/L"
Bebida de soja de amêndoa,Alpro,Embalagem de 1 litro,"2,49 €","2,49 €/L"
Lixívia perfumada,PorSi,Embalagem de 5 l,"2,59 €","1,30 €/L"
Vinho doc alentejo tinto,T.bolotas,Garrafa de 0.75 l,"2,89 €","3,85 €/L"
Fruta para bebé maçã banana aveia +6 meses,Nestle,Embalagem de 90g,"0,74 €","8,22 €/Kg"
Eau de Toilette p/Senhora Nº5,Caravan,1 Frasco 150ml,"11,99 €","79,93 €/L"
Esparguete fino,Nacional,Embalagem de 500g,"0,99 €","1,98 €/Kg"
Muesli 3 chocolates,PorSi,500 g,"3,79 €","10,83 €/Kg"
Vassoura exterior alta,PorSi,Unidade,"2,20 €","2,20 €/Unidade"
Bebida Solúvel Mokambo Chicória e Café,Nestle,Embalagem de 240g,"1,45 €","14,50 €/Kg"
Nutripuffs de banana 8 meses s/ açúcar,Cerelac,Embalagem de 7g,"0,74 €","8,22 €/Kg"
Veículo Speed Fury,Pinypon Action,1 unidade,"49,99 €/Unidade","49,99 €/Unidade"
Batatas forno ervas,Lay's,Embalagem de 130g,"1,19 €","6,43 €/Kg"
"Creme de noite, age perfect",L'oreal,Embalagem de 50 ml,"15,99 €","319,80 €/L"
Vinho DOC Dão Tinto,Dharma,"Garrafa de 0,75 L","7,49 €","9,99 €/L"
Fio dentário fluór+menta 50m,Labell,1 unidade,"0,85 €","0,85 €/Unidade"
Desinfetante p/ Roupa,Sanytol,embalagem com 500ml,"10,99 €","52,33 €/Kg"
Água mineral sem gás,Serra de Fafe,"Embalagem de 6x0,33 l","1,04 €","0,17 €/L"
Minifresh-ambientador multiusos,Abelhinha,1 unidade,"1,99 €","1,99 €/Unidade"
Cubos pão trigo tostado,PorSi,Embalagem de 150g,"2,39 €","6,83 €/Kg"
Gelado magnum pint clássico,Olá,Embalagem de 440 ml,"5,49 €","6,10 €/L"
Spray tira nódoas,Kh 7,Garrafa de 750 ml,"10,99 €","52,33 €/Kg"
Sultana Preta,PorSi,Embalagem de 200g,"0,79 €","3,95 €/Kg"
Leite especial cálcio + vitamina d m/g,Mimosa,Garrafa de 1 l,"1,29 €","1,29 €/L"
"Coloração permanente, louro claro, nº80",Nutrisse,1 unidade,"9,49 €/Unidade","9,49 €/Unidade"
"Anti-calcário, máquina roupa, gel",Calgon,"Garrafa de 1,5 l","8,69 €","1,84 €/Kg"
Lençol ajustável 40x80 cm,PorSi,Embalagem de 1 unidades,"4,99 €","4,99 €/Unidade"
Torta natas com cobertura de cacau,PorSi,Embalagem de 300g,"2,05 €","5,13 €/Kg"
Creme Muda Fralda,Baby Dove,Embalagem de 45 g,"0,59 €","5,90 €/L"
Pensos Higiênicos com Abas Super,Ausonia,embalagem com 12 un.,"2,69 €","2,69 €/Unidade"
Vassoura Especial Lisa,PorSi,unidade,"2,20 €","2,20 €/Unidade"
Preparado em pó para pudim flan,El mandari,Embalagem de 19.2 g,"0,49 €","5,44 €/Kg"
Chocolate negro com coco,Cemporcent,Embalagem de 125g,"1,79 €","17,90 €/Kg"
Ração para cão mini adulto nutri soft com frango,Friskies,"Embalagem de 1,4 kg","1,15 €/Kg","1,15 €/Kg"
Elimina odores spray,Splendor,150 ml,"5,29 €","35,27 €/L"
Gressinos com sésamo,PorSi,Embalagem de 250 g,"2,39 €","6,83 €/Kg"
Lança dardos Iron Man,Avengers,1 un.,"49,99 €/Unidade","49,99 €/Unidade"
Alho Francês,Programa Origens,1 un = 300 g (aprox.),"0,75 €","2,49 €/Kg"
Asas,Peru,1 un = 500 gr (aprox.),"3,98 €","2,49 €/Kg"
Mousse cabelo caracois,Labell,Embalagem de 200ml,"5,99 €","39,93 €/L"
Desinfetante p/ WC,Sanytol,Embalagem de 750 ml,"1,79 €","2,39 €/L"
"Agrafos nº24/6, 2000 unidades",Maped,Uma embalagem,"1,51 €","1,51 €/Unidade"
Douradinhos estaladiços,Capitão Iglo,Embalagem de 340g,"9,30 €/Kg","9,30 €/Kg"
Piaçaba com suporte popular,Fapil,1 unidade,"2,20 €","2,20 €/Unidade"
Coca-cola zero,Coca-Cola,pack 2 x 1.75 l,"0,40 €/L","0,40 €/L"
Spray limpeza casa de banho,PorSi,750 ml,"1,79 €","2,39 €/L"
Iogurte mix-in chocapic,Nestle,Embalagem de 2 x 118 g,"1,05 €","1,86 €/L"
Café em cápsulas dolce gusto galão,Nescafe,Embalagem de 16 cápsulas,"59,82 €/Kg","59,82 €/Kg"
Amaciador rosa e rosmaninho,Surf,90 doses,"8,99 €","2,25 €/L"
"Cerveja com álcool, lata",Super Bock,Garrafa de 330 ml,"1,99 €/L","1,99 €/L"
Arroz agulha,B.sucesso,Embalagem de 1 kg,"1,26 €","1,26 €/Kg"
Bolacha dibus sharkies s/ glúten,Gullon,Embalagem de 250g,"4,29 €","20,43 €/Kg"
Caixa Peças Criativas,Lego,1 unidade,"24,99 €/Unidade","24,99 €/Unidade"
Creme de legumes,Centralres,Vendido ao peso a partir de 1 kg,"3,59 €","3,59 €/Kg"
Filetes de pescada,PorSi,Embalagem de 400 g,"4,39 €","10,98 €/Kg"
Creme abrasivo limão,Cif,Garrafa de 700 ml,"1,09 €","1,09 €/L"
Camião do lixo com Luzes,Playmobil,1 unidade,"7,99 €/Unidade","7,99 €/Unidade"
Snack Gato Anti Bolas de Pelo,PorSi,Embalagem 60 g,"0,99 €","16,50 €/Kg"
Limpa pavimentos flutuantes,PorSi,Embalagem de 1 litro,"1,79 €","2,39 €/L"
Desentupidor canos,Mr.muscle,Embalagem de 1 l,"4,89 €","6,52 €/L"
Bolachas chiquilin ositos de mel,Artiach,Embalagem de 160g,"3,79 €","21,06 €/Kg"
Batata doce frita,PorSi,Embalagem de 150g,"1,06 €","5,73 €/Kg"
Queijo em cubos para saladas,PorSi,Embalagem de 150 g,"7,45 €/Kg","7,45 €/Kg"
Mel de Rosmaninho,PorSi Select,Frasco de 250 g,"4,89 €","9,78 €/Kg"
Comida húmida para gato esterilizado em molho com sa...,Purina One,4 x 85 g,"3,59 €","2,99 €/Kg"
Canjica branca,Do Brasil,Embalagem de 500 g,"2,25 €","4,50 €/Kg"
Ração para gato adulto com bacalhau e legumes,Friskies,Embalagem de 4 kg,"12,99 €","4,33 €/Kg"
Cebola Embalada,Nossa seleção,Embalagem de 1Kg (aprox.),"1,79 €","3,58 €/Kg"
Miolo de avelã,PorSi,Embalagem de 200 g,"0,79 €","3,95 €/Kg"
Ecobag 30 L Perfumado,Vileda,1 embalagem,"1,89 €","1,89 €/Unidade"
Camarão 60/80,Congelado de Aquicultura,1 un = 250 gr  (aprox.),"2,00 €","7,99 €/Kg"
Nestum 5 cereais,Nestum,Embalagem de 250g,"3,29 €","4,39 €/Kg"
Saco Lanche,Sugarspice,Dim.: 21 x 55 x 30 cm,"19,90 €","19,90 €/Unidade"
"Bloco sanitário azul, recarga",WC Pato,Embalagem de 2x40 g,"40,00 €/Kg","40,00 €/Kg"
Gelatina limão 10kcal,Royal,Embalagem de 30g,"0,55 €","61,11 €/Kg"
Patê sardinha,La piara,Embalagem de 80g,"1,19 €","13,52 €/Kg"
Pedras limão/chá verde,P.salgadas,pack 4 x 0.25 l,"2,85 €","2,85 €/L"
Creme proteção de gengivas,Polident,Embalagem de 40 g,"9,79 €","122,38 €/Kg"
Mistura saborosa,PorSi,Embalagem de 450g,"0,99 €","9,90 €/Kg"
Bolacha vitalday crocante original,Gullon,Embalagem de 270g,"2,82 €","9,40 €/Kg"
Bolachas rosquilhas,PorSi,Embalagem de 600g,"1,69 €","6,76 €/Kg"
Penso diário salvaslip multiforma,Evax,embalagem de 58 unidades,"1,79 €","1,79 €/Unidade"
"Espuma cabelo, hidra caracóis",Fru style,Embalagem de 200 ml,"5,99 €","39,93 €/L"
Bolachas cobertura de chocolate e avelã,PorSi,Embalagem de 150g,"0,79 €","5,27 €/Kg"
Bolachinhas,Cerelac,Embalagem de 180g,"3,79 €","21,06 €/Kg"
Nectar clássico maracujá,Compal,Garrafa de 1 l,"1,09 €","0,73 €/L"
10 saquetas infusão de cidreira,Lipton,Embalagem de 20g,"0,99 €","76,15 €/Kg"
Marmelada com frutose,PorSi Viva Bem,Embalagem de 400g,"1,99 €","2,21 €/Kg"
Salame fat,Campofrio,Embalagem de 80g,"0,95 €","9,49 €/Kg"
Spray desengordurante universal,Neoblanc,Embalagem de 500 ml,"2,59 €","1,30 €/L"
Desinfetante de frutas e vegetais,Clean Essence,500 ml,"1,00 €","3,99 €/Kg"
Guardanapo 100 g,Pastelaria do Dia,,"0,99 €","11,00 €/Kg"
Mirtilo,PorSi,Embalagem com 125g,"2,00 €","7,99 €/Kg"
Refrigerante c/ gás,Coca-Cola,pack 6 x 0.33 l,"0,40 €/L","0,40 €/L"
Mortadela fatiada com azeitonas,PorSi,Embalagem de 200 g,"0,85 €","11,33 €/Kg"
Pão de forma s/ côdea,Bimbo,Embalagem de 650 g,"2,63 €/Kg","2,63 €/Kg"
Petit gâteau chocolate negro belga,PorSi,Embalagem com 4 unidades,"2,65 €","8,28 €/Kg"
Aroma baunilha,Vahine,Embalagem de 20g,"1,79 €","21,83 €/Kg"
Iogurte líquido yoggi morango,Nestle,Embalagem de 4 x 160 g,"1,31 €","2,05 €/Kg"
Preparado de tarte de flã,PorSi,360 g,"0,49 €","5,44 €/Kg"
Chouriço com feijão,Nobre,Embalagem de 420g,"2,35 €","5,60 €/Kg"
Delícia de bolacha,PorSi,Embalagem de 2x135 g,"1,49 €","3,73 €/Kg"
"Vela em número,  nº 0",PorSi,1 unidade,"0,60 €","0,60 €/Unidade"
Batata frita palha,Pala-pala,Embalagem de 500g,"0,87 €","5,44 €/Kg"
Manhãzitos original,Manhazitos,Embalagem 6x2 unidades,"2,05 €","5,13 €/Kg"
Camarão 20/30,Congelado de Aquicultura,1 un = 250 gr  (aprox.),"2,00 €","7,99 €/Kg"
Limpa madeiras com sabão,PorSi,1.5 litros,"4,39 €","14,63 €/L"
Conjunto Cozinha,Fantástiko,7 peças,"24,99 €/Unidade","24,99 €/Unidade"
Arroz carolino,Caçarola,Embalagem de 1kg,"1,26 €","1,26 €/Kg"
Ovos galinha solo l,PorSi,6 ovos,"1,59 €","1,59 €/Unidade"
Cola Universal,Uhu,Embalagem de 2x20ml,"5,99 €","5,99 €/Unidade"
Cocktail mango,Bar Royal,Garrafa de 750 ml,"8,49 €","11,32 €/L"
Café moagem universal angola,Delta,Embalagem de 220g,"9,76 €/Kg","9,76 €/Kg"
Queijo 3 Igrejas Cura 2m Pimentão,Santiago,Vendido ao peso a partir de 250 gr,"4,00 €","15,99 €/Kg"
Azeite virgem extra seleção ouro,Oliveira da Serra,Garrafa de 750 ml,"3,29 €","4,39 €/L"
Recarga Ambientador Automático Sparkling Citrus,PorSi,Embalagem de 250 ml,"1,79 €","1,79 €/Unidade"
Ovos Frescos Classe M,PorSi,12 unidades,"2,55 €","2,55 €/Unidade"
"Tira nódoas, spray oxi",PorSi,Embalagem de 1 l,"10,99 €","52,33 €/Kg"
Champô Limão & Argila,Ultra Suave,Embalagem de 400 ml,"5,59 €","13,98 €/L"
Arroz carolino,Louro,Embalagem de 1 kg,"1,26 €","1,26 €/Kg"
Pizza 4 estações,PorSi,Embalagem de 350g,"2,16 €","6,17 €/Kg"
Eau de Toilette p/Senhora Nº42,Caravan,1 Frasco 150ml,"11,99 €","79,93 €/L"
Abacate,Programa Origens,1 un. = 300 g (aprox.),"0,42 €","1,69 €/Kg"
Chispe da Perna,Porco,1 un = 800 gr (aprox.),"4,99 €","4,99 €/Kg"
Café de mistura ibérica,Delta,Embalagem de 250g,"1,45 €","14,50 €/Kg"
Ice tea de limão,PorSi,Embalagem de 2 l,"1,90 €","1,27 €/L"
Ração seca mix para cão adulto,PorSi,Embalagem de 20 kg,"1,15 €/Kg","1,15 €/Kg"
Cereais petalas chocolate,PorSi,Embalagem de 625g,"5,07 €/Kg","5,07 €/Kg"
Formas de alumínio 950 ml,PorSi,5 unidades,"0,89 €","0,89 €/Unidade"
Couve Lombarda,Legumes do Dia,1 un=1 kg (aprox.),"1,64 €","1,09 €/Kg"
"Tesoura 6""",Time Office,1 unidade,"2,49 €","2,49 €/Unidade"
Eau de Toilette p/Senhora Nº43,Caravan,1 Frasco 150ml,"11,99 €","79,93 €/L"
Monopoly Viaja Pelo Mundo,Hasbro,1 un.,"9,99 €/Unidade","9,99 €/Unidade"
Bolachas infantil dinossauros,Artiach,Embalagem de 190g,"3,79 €","21,06 €/Kg"
Iogurte 0% pedaços amora e framboesa,Longa vida,Embalagem de 4 x 120 g,"1,44 €","2,88 €/Kg"
Estábulo para banho dos póneis,Lego,1 unidade,"49,99 €/Unidade","49,99 €/Unidade"
"Sumo 100%, tutti-frutti",PorSi,Embalagem de 3 x 200 ml,"1,09 €","0,73 €/L"
Amendoim com casca,Frutos secos,1 un = 100 gr (aprox.),"1,75 €","6,99 €/Kg"
Sumo essencial manga,Compal,pack 3 x 0.11 l,"2,29 €","6,94 €/L"
Batata frita caseira rodela,Pala-pala,Embalagem de 300g,"0,87 €","5,44 €/Kg"
Infusão lúcia lima,PorSi,Embalagem de 35 g,"0,99 €","76,15 €/Kg"
Manteiga de amendoim crocante,Prozis,Embalagem de 500g,"4,39 €","12,91 €/Kg"
Mirtilos 100% Naturais,PorSi,Embalagem de 250 g,"4,99 €","9,98 €/Kg"
"Bebida láctea crescimento 1-3 anos, cereais",Nestle,Embalagem de 1 litro,"0,26 €","1,30 €/L"
Chouriço cebola beiras,PorSi,Embalagem de 300g,"1,22 €","6,78 €/Kg"
Compressas | dim.: 10 x 10 cm,PorSi,Embalagem com 100 unidades,"1,69 €","1,69 €/Unidade"
Bacalhau à Brás,PorSi,Embalagem de 1 kg,"1,99 €","4,98 €/Kg"
Limpa Máquina Loiça Regular,Finish,,"2,99 €","2,99 €/Unidade"
Vela em número nº9,PorSi,1 unidade,"0,60 €","0,60 €/Unidade"
Pastilhas limpa próteses,Labell,embalagem com 36 unidades,"9,79 €","122,38 €/Kg"
"Fiambre extra, fatias finas",PorSi,Embalagem de 150 g,"0,97 €","6,49 €/Kg"
"Elixir bocal, menta",Labell,Embalagem de 500 ml,"1,29 €","2,58 €/L"
Trigo integral com mel,Salutem,Embalagem de 250g,"2,29 €","15,27 €/Kg"
Borrego Inteiro/Metades,Borrego,"1/2 un = 7 kg,  1 un = 14 kg (aprox.)","62,86 €","8,98 €/Kg"
Leite c/ Chocolate,Agros,Embalagem de 4 x 200 ml,"0,26 €","1,30 €/L"
Pack de 3 lâmpadas 7W LED E27,BDC,1 embalagem,"5,99 €","5,99 €/Unidade"
Pá económica,PorSi,1 unidade,"2,20 €","2,20 €/Unidade"
Toalha de mãos,PorSi,50 x 100 cm,"12,00 €/Unidade","12,00 €/Unidade"
Salsichas de aves,Nobre,Lata de 200 g,"0,75 €","3,75 €/Kg"
"Cerveja sem álcool, preta",Super Bock,pack 6 x 0.33 l,"5,99 €","3,03 €/L"
Acetona perfumada com doseador,PorSi,Embalagem de 200 ml,"1,89 €","9,45 €/L"
Luva Animais da Quinta,Chicco,Uma unidade,"11,99 €/Unidade","11,99 €/Unidade"
Barrita controlo de peso maçã,Ignoramu,Embalagem de 44g,"1,99 €","45,23 €/Kg"
Prepar arroz marisco sem gluten cv 0.8kg,Brasmar,Embalagem de 800g,"1,99 €","4,98 €/Kg"
Manteiga magra,Matinal,Embalagem de 250g,"2,63 €","10,52 €/Kg"
Stevia chocolate negro,Cemporcent,Embalagem de 100g,"2,89 €","23,12 €/Kg"
Comida húmida para cão de vaca e frango,PorSi,Lata de 400 g,"0,75 €","2,50 €/Kg"
Ambulância,Dickie Toys,30 cm,"49,99 €/Unidade","49,99 €/Unidade"
Aperitivos  fritos,Fritos,Embalagem 130G,"0,79 €","7,90 €/Kg"
Snack gato salmao,PorSi,Embalagem de 60g,"0,99 €","16,50 €/Kg"
Sabonete Liquido Gel Antibacteriano,Labell,Embalagem de 300 ml,"2,18 €/L","2,18 €/L"
Bolachas cream cracker doses individuais,Vieira,Embalagem de 180g,"0,39 €","3,12 €/Kg"
Escova para calçado,Sonaf,1 unidade,"5,29 €","35,27 €/L"
Pellets madeira,Nova lenha,Embalagem de 15kg,"10,99 €","0,73 €/Kg"
"Sacos para sandes, 100 unidades",PorSi,1 embalagem,"1,11 €","1,11 €/Unidade"
Nestle scm regular tubo 12x pt,Nestle,Embalagem de 450g,"1,09 €","2,75 €/Kg"
Chaleira Vidro/Inox C/ Filtro,Gratta,Cap.: 1250 ml,"3,55 €","3,55 €/Unidade"
Cerveja com álcool,Super Bock,Garrafa de 1 l,"1,99 €/L","1,99 €/L"
Chocolates maltesers,MALTESERS,Embalagem de 90g,"11,98 €/Kg","11,98 €/Kg"
Patê atum,La piara,Embalagem de 80g,"1,19 €","13,52 €/Kg"
Queijinho dadoninho petitdino de morango,Danone,Embalagem de 6 x 50 g,"1,05 €","1,86 €/L"
Café moagem universal portugal,Delta,Embalagem de 250g,"9,76 €/Kg","9,76 €/Kg"
Natas uht com cogumelos,Parmalat,Embalagem de 200 ml,"1,12 €","5,60 €/L"
"Sabonete sólido, oliva",Feno,Embalagem de 4x90g,"4,49 €","12,47 €/Kg"
Tábua de cozinha,PorSi,Dim.: 41 x 30 cm,"3,55 €","3,55 €/Unidade"
Frutapura maçã e banana,Bledina,Embalagem de 85g,"2,29 €","6,94 €/L"
Spray para vidros,PorSi,750 ml,"3,59 €","7,18 €/L"
Queijo flamengo barra,PorSi,"Vendido ao peso, fatiado a partir de 100 gr","1,96 €","9,80 €/Kg"
Rebuçado recheio morango,PorSi,Embalagem de 250g,"1,08 €","5,40 €/Kg"
Esferográfica 4 Cores Multi-Function,Bic,1 un.,"2,69 €","2,69 €/Unidade"
Nata uht light,Mimosa,Embalagem de 200 ml,"1,12 €","5,60 €/L"
Tentáculos de Pota,Peixe Congelado Higienizado,1 un = 500 g (aprox.),"3,50 €","6,99 €/Kg"
40 filtros café número 4,Planteur,Embalagem com 40 filtros,"0,80 €","0,80 €/Unidade"
Flocos de aveia finos integrais,Cemporcent,Embalagem de 400g,"0,69 €","1,73 €/Kg"
Néctar clássico tutti-frutti,Compal,330 ml,"0,99 €","0,99 €/L"
"Refrigerante sem gás, maracujá e la",Joi,"Garrafa de 1,5 l","1,90 €","1,27 €/L"
Pringles original,Pringles,Embalagem de 175g,"1,06 €","5,73 €/Kg"
Frango do Campo Inteiro c/ Miúdos Programa Origens,PorSi Select,Vendido ao peso,"3,98 €","2,49 €/Kg"
Bolachas shortcake cacau,PorSi,Embalagem de 185 g,"1,69 €","6,76 €/Kg"
Maracujá Roxo,Fruta da Época,1 un = 250 gr  (aprox.),"0,42 €","1,69 €/Kg"
Caixa de arrumação reciclada,PorSi,40 litros,"17,99 €/Unidade","17,99 €/Unidade"
"Saquetas de sais de fruto, laranja",Eno,Embalagem de 50g,"2,29 €","458,00 €/Kg"
"Bracito trufa de chocolate, 4 unidades",Dulcesol,Embalagem de 240g,"2,05 €","5,13 €/Kg"
Reparador de móveis normal,PorSi,Embalagem de 200 ml,"4,39 €","14,63 €/L"
Tomate triturado,Compal,Embalagem de 500g,"3,84 €","24,00 €/Kg"
Iogurte líquido laranja,Danone,Embalagem de 6 x 100 g,"4,15 €/Kg","4,15 €/Kg"
24 etiquetas azuis,Domédia,Uma embalagem,"5,99 €","5,99 €/Unidade"
Resguardo para bebé,PorSi,Dim.: 60 x 60 cm,"4,99 €","4,99 €/Unidade"
Laboratório Mecânica Carro Bombeiros,Clementoni,1 unidade,"9,99 €/Unidade","9,99 €/Unidade"
Iogurte pedaços frutimax frutos variados,PorSi,Embalagem de 8 x 125 g,"1,44 €","2,88 €/Kg"
Limpa fornos,PorSi,500 ml,"1,79 €","2,39 €/L"
Rolo de cozinha mega,PorSi,1 rolo,"4,99 €","4,99 €/Unidade"
Moto Polícia,Playmobil,1 unidade,"49,99 €/Unidade","49,99 €/Unidade"
Toalhita Azul,Dodot,Embalagem c/ Tampa | 64 un.,"1,09 €/Unidade","1,09 €/Unidade"
"Cobertura tipo chantilly, 2x38g",PorSi,Embalagem de 80g,"1,29 €","3,23 €/Kg"
Eau de Toilette p/Senhora Nº23,Caravan,1 Frasco 150ml,"11,99 €","79,93 €/L"
"Infusãoo mirtilo/acai, 20 saquetas",Tetley,Embalagem de 40g,"0,99 €","76,15 €/Kg"
Orégãos em folha,PorSi,Embalagem de 10g,"0,25 €","0,25 €/Kg"
Caramelo líquido,PorSi,Embalagem de 400g,"1,29 €","3,23 €/Kg"
Chouriço corrente,PorSi,Embalagem de 200 g,"1,22 €","6,78 €/Kg"
"Refeição pronta, boião de legumes e vitela",Bledina,Embalagem de 200g,"2,19 €","11,53 €/Kg"
Refrigerante sem gás de maçã,Trina,"Garrafa de 1,5 l","1,90 €","1,27 €/L"
Spray limpa inox,Cif,Garrafa de 440 ml,"1,79 €","2,39 €/L"
Molho mad chips top down,Calve,Embalagem de 260g,"0,87 €","2,90 €/Kg"
Refrigerante de lima-limão,Seven-up,"Garrafa de 1,25 l","0,40 €/L","0,40 €/L"
Bebida de Soja Baunilha,PorSi Viva Bem,1 l,"2,49 €","2,49 €/L"
Azeite tradição,Oliveira da Serra,Embalagem 3L,"3,29 €","4,39 €/L"
Biscoitos integrais aveia e manteiga de amendoim,PorSi Viva Bem,Embalagem de 150g,"1,45 €","11,15 €/Kg"
Bolachas waffers nice baunilha,Dailidoce,Embalagem de 250g,"0,98 €","4,67 €/Kg"
Cereais golden e crispy,PorSi,Embalagem de 375 g,"5,07 €/Kg","5,07 €/Kg"
Topping morango,Branca de neve,Embalagem de 370g,"1,29 €","3,23 €/Kg"
Fermento em pó,PorSi,Embalagem de 150 g,"1,79 €","21,83 €/Kg"
Yofu natural com coco,Alpro,Embalagem de 500 gr,"3,09 €","6,18 €/Kg"
Cuecas Incontinência Maxi Grande,Lindor,Embalagem com 14 un.,"9,99 €","9,99 €/Unidade"
Casa mateus temporada - morango   6x350g,Casa de Mateus,Embalagem de 350g,"3,59 €","10,26 €/Kg"
Rebuçados sortido festa,Villa,Embalagem de 1 kg,"5,99 €","5,99 €/Kg"
"Vinho Bairrada, Tinto",Selecção de Enófilos,Garrafa de 0.75 l,"2,92 €/L","2,92 €/L"
Milho para pipocas,Globo,Embalagem de 400g,"0,79 €","7,90 €/Kg"
Lula cortada da patagónia,Pescanova,Embalagem de 400g,"5,49 €","6,86 €/Kg"
Escova de Dentes Júnior,Aquafresh,1 unidade,"3,29 €","43,87 €/L"
Tablete de chocolate de leite,PorSi Select,Embalagem de 200g,"0,53 €","5,30 €/Kg"
Pilha alcalina classic lr03x8,Domédia,1 unidade,"1,99 €","1,99 €/Unidade"
Veículo de Resgate de Montanha,Playmobil,1 unidade,"7,99 €/Unidade","7,99 €/Unidade"
Cereja 26+,Fruta da Época,Vendido ao peso,"2,00 €","7,99 €/Kg"
Lombo curado fatiado,PorSi,100 g,"2,59 €","28,78 €/Kg"
Cerveja c/ álcool,Super Bock,pack 24 x 0.33 l,"1,99 €/L","1,99 €/L"
Absorvente de odores marine,Brise,Embalagem de 300 ml,"16,63 €/L","16,63 €/L"
Tempero para Frangos Ervas Aromáticas,PorSi,34 g,"3,84 €","24,00 €/Kg"
Agrião Programa Origens,PorSi,embalagem de 170 g,"0,99 €","9,90 €/Kg"
Alheira tradicional 180g,Prisca,Embalagem de 180g,"2,35 €","13,06 €/Kg"
Esparguete integral,Cemporcent,Embalagem de 500g,"1,34 €","2,68 €/Kg"
Carne de Porco com Ameijoas,Centralres,Vendido ao peso,"7,00 €","13,99 €/Kg"
Manga Refrigerante p/ Garrafas,AR,1 unidade,"3,99 €","3,99 €/Unidade"
Café em cápsulas deqafeitatus,Delta Q,Embalagem de 55 g,"59,82 €/Kg","59,82 €/Kg"
Agarro o Coco,Games,,"9,99 €/Unidade","9,99 €/Unidade"
Batata chef gourmet,MCCAIN,Embalagem de 500 g,"2,39 €","3,98 €/Kg"
Queijo flamengo sticks 5x20g,PorSi,Embalagem de 100g,"1,96 €","9,80 €/Kg"
Café 5 estrelas grão,Sical,Embalagem de 1 kg,"9,16 €/Kg","9,16 €/Kg"
Dentifríco splash morango,Aquafresh,Embalagem de 75 ml,"3,29 €","43,87 €/L"
Semente linhaça amarela,Salutem,Embalagem de 250g,"2,29 €","15,27 €/Kg"
"Sabonete líquido de leite de amêndoas, recarga",Palmolive,Embalagem de 300 ml,"2,18 €/L","2,18 €/L"
Tortitas de milho sem glúten,Bicentury,Embalagem de 130 g,"4,29 €","20,43 €/Kg"
Lixívia Denso-Activa Tradicional p/ Casa e Roupa,Neoblanc,Embalagem de 2 l,"2,59 €","1,30 €/L"
Palitos redondos,PorSi,Embalagem de 250 unidades,"1,50 €","1,50 €/Unidade"
Iogurtes aroma 4 de morango + 4 de banana,PorSi,Embalagem de 8x125g,"0,69 €","1,38 €/Kg"
"Hamburguers de vaca, 4x80g",PorSi,Embalagem de 320 g,"2,79 €","8,72 €/Kg"
Ananás em rodelas lata,PorSi,Embalagem de 820g,"1,99 €","2,37 €/Kg"
Princesas do mar,PorSi,Embalagem de 255 g,"2,19 €","8,59 €/Kg"
Creme fixativo sem sabor,Polident,Embalagem de 2 x 40 g,"9,79 €","122,38 €/Kg"
"Gel banho, hidratante lactourea",Lactovit,Embalagem de 650 ml,"5,19 €","7,98 €/L"
Máscara tesouros de mel,Garnier,Embalagem de 300 ml,"1,00 €","5,00 €/L"
Balões latex brancos,PorSi,Embalagem com 24 unidades,"0,59 €","0,59 €/Unidade"
Mix pimentos 3 cores,Legumes do dia,Embalagem de 500 g,"0,75 €","2,99 €/Kg"
Maionese top down,Hellmman's,Embalagem de 238 g,"0,87 €","2,90 €/Kg"
Croissant simples,PorSi,Embalagem de 400g,"2,05 €","5,13 €/Kg"
Croissant recheado de cacau/avelã,PorSi,Embalagem de 315g,"2,05 €","5,13 €/Kg"
Cerveja c/ álcool radler,Sagres,pack 6 x 0.33 l,"1,59 €","3,18 €/L"
Queijo fundido vaca que ri palitos light 140g,A Vaca Que Ri,Embalagem de 140g,"1,99 €","9,95 €/Kg"
Posta Tradicional 9 Meses Cura,Riberalves,Embalagem de 550 g,"6,39 €","7,99 €/Kg"
Papel Fotocópia A4 |80g,Navigator,,"1,69 €","1,69 €/Unidade"
Iogurte activia líquido cereais,Danone,Embalagem de 4 x 155 g,"2,79 €","5,81 €/Kg"
Bolacha dibus sharkies s/ glúten,Gullon,Embalagem de 250g,"3,79 €","21,06 €/Kg"
Infusão cavalinha,Cemporcent,Embalagem de 10 unidades,"0,99 €","76,15 €/Kg"
Vinho Tinto DOC Dão Reserva,Catedral,Garrafa 75cl,"7,49 €","9,99 €/L"
Cachaço s/ Osso,Porco,,"3,84 €","7,68 €/Kg"
Copo de porcelana com tampa,Item,Cap.: 360 ml,"7,49 €/Unidade","7,49 €/Unidade"
"Cereais special k, frutos vermelhos",Kellogg's,Embalagem de 300g,"5,59 €","8,87 €/Kg"
Gelatina de laranja,PorSi,Embalagem de 170g,"0,55 €","61,11 €/Kg"
Filetes de pescada,Pescanova,Embalagem de 400g,"4,39 €","10,98 €/Kg"
Andador Trator com Peças,Écoiffier,1 unidade,"24,99 €/Unidade","24,99 €/Unidade"
Queijo amanteigado fatias,Paiva,Embalagem de 180 g,"1,96 €","9,80 €/Kg"
Alimento lácteo alperce +6 meses,Yogolino,Embalagem de 4 x 100 g,"2,89 €","7,23 €/Kg"
Gel wc anticalcário sem lixívia,PorSi,"Garrafa de 1,5 l","3,99 €","3,19 €/L"
Saco do Lixo Ecobag 20 litros,Vileda,20 Sacos,"1,89 €","1,89 €/Unidade"
Leite de pastagem uht meio gordo,Milhafre,1 litro,"0,83 €","0,83 €/L"
Ervilhas,PorSi,Embalagem de 1 kg,"0,74 €","1,85 €/Kg"
Queijo flamengo fatiado,PorSi,Embalagem de 200G,"1,96 €","9,80 €/Kg"
Anti-embaciante,PorSi,Embalagem de 250 ml,"3,99 €","0,80 €/L"
Açúcar demerara,Rar,Embalagem de 500 g,"1,49 €","1,49 €/Kg"
Bolachas de manteiga,PorSi,Embalagem de 200 g,"1,69 €","6,76 €/Kg"
Guardanapos de 1 folha azuis | dim.: 30 x 29 cm,PorSi,Embalagem com 70 unidades,"0,65 €","0,65 €/Unidade"
"Vinho bairrada, reserva, tinto",Selecção de Enófilos,Garrafa de 0.75 l,"2,92 €/L","2,92 €/L"
Pérolas de perfume unstoppables fresh,Lenor,Embalagem de 210g,"10,99 €","52,33 €/Kg"
Ervilhas bio,PorSi Bio,Frasco com 290 g,"1,57 €","15,70 €/Kg"
Batatas mediterrâneas originais,Lay's,Embalagem de 150g,"1,06 €","5,73 €/Kg"
Infusão de camomila,Tetley,Embalagem de 10g,"0,99 €","76,15 €/Kg"
Vinagre de vinho branco envelhecido,PorSi,Garrafa 250ML,"0,35 €","0,70 €/L"
Infusão de frutos vermelhos,Tetley,Embalagem de 20g,"44,50 €/Kg","44,50 €/Kg"
Lasanha bolonhesa,Iglo,Embalagem de 300g,"7,99 €","7,99 €/Kg"
Sumo 100% ananás e uva,PorSi,1.5 l,"1,09 €","0,73 €/L"
Pizza carbonara,Campofrio,Embalagem de 360g,"0,99 €","4,30 €/Kg"
Gomas ositos de oro,Haribo,Embalagem de 100g,"1,19 €","3,97 €/Kg"
Tomate pedaços biológico,Guloso,Embalagem de 390g,"3,84 €","24,00 €/Kg"
Lâmpada LED Forma Chama 5.5W E14 220-240V,Domédia,1 un.,"5,99 €","5,99 €/Unidade"
Tablete de chocolate de preto,Nestle,Embalagem de 90g,"0,99 €","4,95 €/Kg"
Água mineral sem gás,Fastio,"Garrafa de 2,5 l","1,04 €","0,17 €/L"
Esferográfica cristal bl 5 az,Bic,1 unidade,"2,69 €","2,69 €/Unidade"
Elite 2.0 Echo CS-10,Nerf,1 unidade,"24,99 €/Unidade","24,99 €/Unidade"
Carro polícia com som e luz,Playmobil,1 unidade,"7,99 €/Unidade","7,99 €/Unidade"
"Argolas, brancas, autocolante, 160 unidades, 13 mm",Domédia,1 embalagem,"5,99 €","5,99 €/Unidade"
Chá barbas de milho,PLANTANATU,Embalagem de 10g,"1,19 €","1,19 €/Unidade"
Ecobag 30 L perfumado limão,Vileda,1 embalagem,"1,89 €","1,89 €/Unidade"
Alimento lácteo pera +6 meses,Yogolino,Embalagem de 4 x 100 g,"2,89 €","7,23 €/Kg"
Azeite virgem extra seleção,PorSi,Garrafa de 750 ml,"3,29 €","4,39 €/L"
8 pães de leite,PorSi,Embalagem de 280 g,"7,40 €/Kg","7,40 €/Kg"
Bebida arroz bio,PorSi Bio,Embalagem de 1 litro,"1,59 €","1,59 €/L"
Bolachas digestive muesli,Gullon,Embalagem de 370g,"1,45 €","11,15 €/Kg"
Confronto de Camiões Hulk vs Rhino,Lego,1 unidade,"24,99 €/Unidade","24,99 €/Unidade"
Manteiga s/ lactose,Primor,Embalagem de 130g,"2,63 €","10,52 €/Kg"
Bola de Futebol Mundial,Adidas,T.5,"24,99 €/Unidade","24,99 €/Unidade"
Spray renova camurça castanha,PorSi,Embalagem de 200 ml,"5,09 €","20,36 €/L"
Batata frita camponesa,PorSi,Embalagem de 175 g,"1,19 €","6,43 €/Kg"
Caixa Peças Criativas,Lego,1 unidade,"49,99 €/Unidade","49,99 €/Unidade"
Máquina de barbear descartável,Gillette,Embalagem com 4+1 unidades,"1,16 €","4,64 €/L"
Triceratops e Velociraptor,Clementoni,1 unidade,"24,99 €/Unidade","24,99 €/Unidade"
Bolachas de água e sal,PorSi,Embalagem de 125g,"0,39 €","3,12 €/Kg"
Fatia de salame de chocolate,PorSi,Embalagem 60G,"2,05 €","5,13 €/Kg"
Sabonete líquido Marselha e Azeitona,Labell,Embalagem de 500 ml,"2,18 €/L","2,18 €/L"
Fermento de padeiro,Vahine,Embalagem de 20g,"1,79 €","21,83 €/Kg"
Chouriço fatiado,Campofrio,Embalagem de 80g,"1,22 €","6,78 €/Kg"
Croutons azeite e alho,PorSi,Embalagem de 150g,"2,39 €","6,83 €/Kg"
Maionese,PorSi,Embalagem de 414 g,"0,87 €","2,90 €/Kg"
Fel da terra planta inteira,Cemporcent,Embalagem de 40g,"1,34 €","2,68 €/Kg"
Mel em frasco com doseador,PorSi,Embalagem de 500g,"4,89 €","9,78 €/Kg"
Lombos de salmao vacuo,PorSi,Embalagem de 500g,"4,39 €","10,98 €/Kg"
Champô 3 em 1 karpex,Vanish,950 ml,"1,79 €","2,39 €/L"
Manteiga com sal,Mimosa,Embalagem de 130g,"2,63 €","10,52 €/Kg"
Quadro,Patrulha Pata,Dim.: 120 x 40 x 38 cm,"24,99 €/Unidade","24,99 €/Unidade"
Iogurte Grego Yaos Granola e Coco,Nestle,Embalagem de 115g,"1,49 €","2,98 €/Kg"
Estendal Universal,Vileda,,"0,89 €","0,89 €/Unidade"
Pão caseiro sem glúten,Schar,Embalagem de 240g,"2,69 €","5,38 €/Kg"
Água s/ Gás,Serra de Fafe,Garrafa 6L,"1,04 €","0,17 €/L"
Iogurte mix-in nesquik,Nestle,Embalagem de 2 x 115 g,"1,05 €","1,86 €/L"
Pudim morango,Boca Doce,Embalagem de 20g,"0,59 €","29,50 €/Kg"
Leite 0% lactose magro,Mimosa,Garrafa de 1 l,"1,29 €","1,29 €/L"
Infusão melhores digestões,Cemporcent,Embalagem de 10 unidades,"0,99 €","76,15 €/Kg"
Queijo flamengo fatias light,PorSi,Embalagem de 200g,"1,96 €","9,80 €/Kg"
Refresco em pó de morango,Tang,Embalagem de 30g,"0,75 €","18,75 €/Kg"
Centro Cuidados para Gatos,Écoiffier,,"24,99 €/Unidade","24,99 €/Unidade"
Folhado Misto 90 g,Pastelaria do Dia,,"0,65 €","0,65 €/Unidade"
Fígado,Novilho,1 un = 100 gr (aprox.),"0,60 €","5,99 €/Kg"
Lay's sal mpk 6x30g,Lay's,Embalagem de 180g,"1,06 €","5,73 €/Kg"
Feijoada,PorSi,Embalagem de 420 g,"2,35 €","5,60 €/Kg"
Especialidade de soja natural,PorSi Viva Bem,Embalagem de 4 x 100 g,"3,09 €","6,18 €/Kg"
Caldo de galinha,PorSi,24 cubos,"3,84 €","24,00 €/Kg"
Churrasquinhos,Porco,1 un = 500 gr (aprox.),"4,99 €","4,99 €/Kg"
Sopa de agriao,PorSi,Embalagem de 400g,"3,59 €","3,59 €/Kg"
Ketchup top down,Calve,Embalagem de 550g,"0,87 €","2,90 €/Kg"
Refrigerante c/ gás ananás,Sumol,Garrafa de 500 ml,"0,40 €/L","0,40 €/L"
Queijo ralado dispensador,PorSi,Embalagem de 80g,"7,45 €/Kg","7,45 €/Kg"
Bolachas cereais passas e laranja,PorSi,Embalagem de 300 g,"0,90 €","6,00 €/Kg"
Queijo flamengo bio fatias,Terra Nostra,Embalagem de 150g,"1,96 €","9,80 €/Kg"
Palitos super finos,PorSi,Embalagem de 85 unidades,"1,50 €","1,50 €/Unidade"
Chocolate maxi 6 barritas,Kinder,Embalagem de 130g,"2,29 €","17,62 €/Kg"
"Tesoura 6""",Time Office,1 unidade,"1,51 €","1,51 €/Unidade"
Chá verde menta,PorSi,Embalagem de 43.7 g,"85,00 €/Kg","85,00 €/Kg"
Vinho Tinto Regional Península de Setúbal,Selecção de Enófilos,750 ml,"2,29 €","3,05 €/L"
"Linguíca, 4 unidades",PorSi,Embalagem de 180 g,"1,22 €","6,78 €/Kg"
Slime Kit,Science4You,1 unidade,"9,99 €","9,99 €/Unidade"
"As minhas primeiras receitas - refeição batata, abób...",Nestle,Embalagem de 190g,"2,19 €","11,53 €/Kg"
Manteiga magra meio sal,President,Embalagem de 250g,"2,63 €","10,52 €/Kg"
Champô cacau&côco,Ultra Suave,Embalagem de 400 ml,"5,59 €","13,98 €/L"
Bolachas marítimas clássicas,PorSi Viva Bem,Embalagem de 200g,"2,82 €","9,40 €/Kg"
Vinagre de fruta,PorSi,Embalagem de 500 ml,"0,35 €","0,70 €/L"
Flan de ovos,PorSi,Embalagem 4 x 100 g,"1,49 €","3,73 €/Kg"
Infusão nº 10 colestrol,Cemporcent,Embalagem de 10 unidades,"0,99 €","76,15 €/Kg"
Sardinhas,PorSi,embalagem com 1 kg,"4,39 €","10,98 €/Kg"
Baguete,*,400 g,"0,79 €","1,98 €/Kg"
Água mineral natural alcalina,MONCHIQUE,1.5 l,"1,04 €","0,17 €/L"
Tostas de trigo,PorSi,Embalagem 225G,"2,39 €","6,83 €/Kg"
Pães de leite redondos,s. tomé,Embalagem de 300 g,"7,40 €/Kg","7,40 €/Kg"
Tomate pelado,Guloso,Embalagem de 800g,"3,84 €","24,00 €/Kg"
Tablete de chocolate,Chabrior,Embalagem de 250 g,"0,79 €","5,27 €/Kg"
Camarao vannamei 40/48,Pescanova,Embalagem de 800G,"8,99 €","25,69 €/Kg"
Ervilhas,PorSi,Embalagem de 400 g,"0,74 €","1,85 €/Kg"
Batata pré-frita tradition,MCCAIN,Embalagem de 1 kg,"2,39 €","3,98 €/Kg"
Licor de anis,On Off,"Garrafa de 0,70 l","16,99 €","24,27 €/L"
Maçã Pink Lady 70/75,Fruta do Dia,1 un = 150 gr (aprox.),"1,30 €/Kg","1,30 €/Kg"
Queijo curado mistura,PorSi,190 g,"5,99 €","23,96 €/Kg"
Agrafador + 400 agrafos,Domédia,Uma embalagem,"5,99 €","5,99 €/Unidade"
Dentífrico sensibilidade e gengivas,Sensodyne,Embalagem de 75 ml,"2,39 €","31,87 €/L"
Iogurte activia cremoso coco,Danone,Embalagem de 4 x 120 g,"1,49 €","2,98 €/Kg"
Bandas de cera fria peles normais,Veet,Embalagem de 20 unidades,"3,11 €","3,11 €/Unidade"
Batata frita forno originais,Lay's,Embalagem de 150g,"0,87 €","5,44 €/Kg"
Areia para gatos mineral perfumada,PorSi,Embalagem de 5 kg,"1,19 €","0,24 €/Kg"
Detergente Máquina Roupa Liquido Bebé,Skip,60 doses,"9,99 €","9,99 €/Unidade"
Massa de pontinha grossa,Nacional,Embalagem de 250g,"0,99 €","1,98 €/Kg"
Bebida láctea crescimento 3 anos+,Nestle,Embalagem de 1 litro,"0,26 €","1,30 €/L"
Bebida láctea crescimento 1 a 3 anos,Nestle,Embalagem de 1 litro,"0,26 €","1,30 €/L"
Manteiga sem sal,Primor,Embalagem de 250g,"2,63 €","10,52 €/Kg"
"Cotonetes, 100 unidades",Johnson's Baby,1 embalagem,"1,99 €","1,99 €/Unidade"
Leite pasteurizado gordo,Vigor,Garrafa de 1 l,"1,19 €","1,19 €/L"
Sour tubes mini,Chupachups,150 g,"3,40 €","28,33 €/Kg"
Pimento vermelho assado em tiras,*,350 g,"0,75 €","2,99 €/Kg"
Milho partido,Rac.zezere,Embalagem de 5 kg,"3,89 €","0,78 €/Kg"
Açúcar fino,Rar,Embalagem de 1000 g,"1,49 €","1,49 €/Kg"
Chocolate culinário 70% cacau,Nestle,Embalagem de 170 g,"1,04 €","8,32 €/Kg"
Leite especial crescimento +3 anos,Mimosa,Garrafa de 1 l,"0,26 €","1,30 €/L"
Semente pevide abóbora,Salutem,Embalagem de 200g,"2,29 €","15,27 €/Kg"
Puré de batata,Saint Eloi,Embalagem de 500 g,"1,99 €","1,99 €/Kg"
"Vela em número, nº 3",PorSi,1 unidade,"0,60 €","0,60 €/Unidade"
Batido de chocolate,Forma+,Embalagem de 700g,"1,99 €","45,23 €/Kg"
Milho tenro e doce,Bonduelle,Embalagem de 300 g,"2,19 €","2,81 €/Kg"
Sopa de rabo de boi,Knorr,Embalagem de 70g,"0,84 €","13,55 €/Kg"
Sopa de cebola,Knorr,Embalagem de 50g,"0,84 €","13,55 €/Kg"
Moinho 5 pimentas em grão,PorSi,Frasco com 40 g,"0,25 €","0,25 €/Kg"
Boneco Baby Yoda Falante,Star Wars,1 unidade,"49,99 €/Unidade","49,99 €/Unidade"
Recarga mopa,PorSi,1 unidade,"8,00 €","8,00 €/Unidade"
Pratos para pic nic 19 cm verdes,PorSi,Embalagem com 6 unidades,"0,69 €","0,69 €/Unidade"
10 pães de leite,PorSi,Embalagem de 350g,"7,40 €/Kg","7,40 €/Kg"
Molho de soja com dispenser,KIKKOMAN,Garrafa de 150 ml,"3,99 €","26,60 €/L"
Ovos galinha solo m,PorSi,6 ovos,"1,59 €","1,59 €/Unidade"
Rede com pequeno almoço,Écoiffier,1 unidade,"24,99 €/Unidade","24,99 €/Unidade"
Rolo de Cozinha Multi,Renova,4 Rolos,"4,99 €","4,99 €/Unidade"
Guardanapos brancos 30x30 cm,PorSi,Embalagem com 100 unidades,"0,65 €","0,65 €/Unidade"
Bacalhau desfiado,PorSi,Embalagem de 500g,"6,39 €","7,99 €/Kg"
Vinho maduro branco,Casal da eira,Embalagem de 250 ml,"0,85 €/L","0,85 €/L"
Mistura vegetais para wok,PorSi,Embalagem de 750g,"0,74 €","1,85 €/Kg"
Aguardente bagaceira,S.domingos,Garrafa de 1 l,"12,79 €","18,27 €/L"
Toalha em rolo papel verde,PorSi,1 Unidade,"3,45 €","3,45 €/Unidade"
Spray boost multiusos,Ajax,500 ml,"5,99 €","11,98 €/L"
Moscatel de Setúbal 20 anos,Alambre,Garrafa de 0.50 l,"6,79 €/L","6,79 €/L"
Açucar granulado,PorSi,Embalagem de 1 kg,"1,49 €","1,49 €/Kg"
Queijo Curado Amanteigado,Fonte Mourisca,1 un = 250 gr  (aprox.),"3,80 €","15,19 €/Kg"
Gelatina de manga,Koala,Embalagem de 130g,"0,85 €","2,13 €/Kg"
Esponja limpa camurça,PorSi,1 unidade,"5,29 €","35,27 €/L"
Farinheira do Ribatejo,PorSi,Embalagem de 180g,"2,35 €","13,06 €/Kg"
Amaciador Concentrado Creations Flor Lótus Lima,Comfort,80 doses,"3,99 €","3,99 €/Unidade"
Stevia chocolate negro,Cemporcent,Embalagem de 100g,"1,79 €","17,90 €/Kg"
Cereais fitness e fruits,Nestle,Embalagem de 380g,"5,59 €","8,87 €/Kg"
Salsichas de porco em lata,PorSi,Embalagem de 200g,"0,75 €","3,75 €/Kg"
Manteiga amendoim cremosa,Calve,Embalagem de 350g,"4,39 €","12,91 €/Kg"
Frutapura maçã e pera,Bledina,Embalagem de 85g,"2,29 €","6,94 €/L"
Queijo Ovelha Curado,PorSi,Vendido ao peso a partir de 250 g,"4,50 €","17,99 €/Kg"
Nata uht,Agros,Garrafa de 200 ml,"1,12 €","5,60 €/L"
Resguardo de colhão impermeável,PorSi,Dim.: 60 x 120 cm,"4,99 €","4,99 €/Unidade"
Fita corretora mini pocket mouse,Tipp-Ex/Bic,embalagem com 2 unid. + 1 unid. grátis,"2,69 €","2,69 €/Unidade"
80 filtros nº4 com saquetas antitártaro,Planteur,Uma embalagem com 80 unidades,"0,80 €","0,80 €/Unidade"
Super tea matcha verde,Tetley,Embalagem de 40g,"44,50 €/Kg","44,50 €/Kg"
Rum 3 anos havan club (40º),Havana,Garrafa de 700 ml,"17,49 €","24,99 €/L"
Açúcar branco em saquetas,Rar,Embalagem com 170 saquetas,"1,49 €","1,49 €/Kg"
Travessa com naperon 45x36cm,PorSi,1 unidade,"0,99 €","0,99 €/Unidade"
Batata doce para fritar,PorSi,Embalagem de 600g,"2,39 €","3,98 €/Kg"
Ambientador vela odor animais,PorSi,1 unidade,"2,53 €","2,53 €/Unidade"
Patafix branco,Uhu,Embalagem com 80 pastilhas adesivas,"2,49 €","2,49 €/Unidade"
Ovos Galinha Solo XL Categoria A,PorSi,6 unidades,"1,59 €","1,59 €/Unidade"
Bebida de Arroz,PorSi Viva Bem,1 l,"1,59 €","1,59 €/L"
Formas de alumínio 600 ml,PorSi,5 unidades,"0,89 €","0,89 €/Unidade"
Creme abrasivo de limão,PorSi,Embalagem de 750 ml,"1,09 €","1,09 €/L"
Leite condensado magro cozido,Nestle,Embalagem de 390g,"1,09 €","2,75 €/Kg"
Cerveja c/ álcool,Super Bock,pack 24 x 0.20 l,"1,99 €/L","1,99 €/L"
Yaos iogurte grego natural,Nestle,Embalagem de 4x110g,"1,48 €","3,08 €/Kg"
Cachaço curado fatiado,Terras do Demo,Embalagem de 90 g,"2,59 €","28,78 €/Kg"
"Maionese, frasco",Hellmman's,Embalagem de 210g,"0,87 €","2,90 €/Kg"
Café Moagem Universal do Brasil,PorSi,Embalagem de 220g,"9,16 €/Kg","9,16 €/Kg"
Mousse chocolate,PorSi,Embalagem de 150g,"0,79 €","5,27 €/Kg"
Creme Rosto Dia Pele Mista Antirrugas Q10 Plus,Nivea,Embalagem de 50 ml,"15,99 €","319,80 €/L"
Pescada de África do Sul,Peixe Congelado,"Vendido ao peso, 1 unidade = 400 a 600 g aprox.","3,99 €/Kg","3,99 €/Kg"
Mortadela de peru,PorSi,1 un = 150 gr (aprox.),"0,85 €","11,33 €/Kg"
Amaciador concentrado para roupa floral,PorSi,80 doses,"3,99 €","3,99 €/Unidade"
Salsicha Brasileira,Porco,1 un = 50 gr (aprox.),"0,30 €","5,99 €/Kg"
Fermento em po 4x25g,PorSi,Embalagem de 100g,"1,79 €","21,83 €/Kg"
Óleo de girassol,PorSi,garrafa de 1 litro,"3,39 €","3,39 €/L"
Coco ralado bio,PorSi Bio,Embalagem de 200 g,"1,79 €","8,95 €/Kg"
Spray desinfetante cozinha,Lysol,Embalagem de 500 ml,"0,79 €","0,79 €/L"
Pomada Oxido de Zinco,Hygie'net,100 ml,"2,29 €","458,00 €/Kg"
Tablete de chocolate leite com avelã,PorSi Select,200 g,"10,89 €/Kg","10,89 €/Kg"
Queijo de ovelha curado amanteigado,PorSi Select,250 g,"4,00 €","15,99 €/Kg"
Dragon Slime,Clementoni,1 unidade,"24,99 €/Unidade","24,99 €/Unidade"
Feijão manteiga,PorSi,Frasco com 540 g,"2,19 €","2,81 €/Kg"
Sumo natural de cenoura bio,Cemporcent,Garrafa de 200 ml,"1,79 €","1,79 €/L"
Super Napolitana Creme 125 g,Pastelaria do Dia,1 un = 125 g (aprox.),"0,99 €","11,00 €/Kg"
Ataque do T-Rex,Playmobil,1 unidade,"7,99 €/Unidade","7,99 €/Unidade"
Chocolate sombrinhas,Regina,Embalagem de 15 g,"2,29 €","17,62 €/Kg"
Tarteletes com recheio avelã,PorSi,Embalagem de 91g,"1,39 €","2,78 €/Kg"
"Lava tudo antibacteriano lavanda 1,5l",PorSi,Garrafa de 1.5 l,"0,99 €","0,50 €/L"
Estendal de roupa com abas alumínio,PorSi,20 metros,"0,89 €","0,89 €/Unidade"
Baby pesca,Baby Clementoni,1 un.,"24,99 €/Unidade","24,99 €/Unidade"
Mel multifloral doseador,PorSi,Embalagem de 250g,"4,89 €","9,78 €/Kg"
Bolacha maria sem glúten,Schar,Embalagem de 200 g,"1,45 €","11,15 €/Kg"
Azeite virgem extra seleção,PorSi,Garrafa de 2 l,"3,29 €","4,39 €/L"
"Café em grão, lote superior",Delta,Embalagem de 1 kg,"9,16 €/Kg","9,16 €/Kg"
"Engoma fácil, pistola",PorSi,Embalagem de 750 ml,"10,99 €","52,33 €/Kg"
Sistema Solar,Clementoni,1 unidade,"24,99 €/Unidade","24,99 €/Unidade"
"Jogo ""Mentiroso""",Concentra,1 unidade,"9,99 €/Unidade","9,99 €/Unidade"
Adoçante em pó,Canderel,Embalagem de 90g,"5,99 €","23,96 €/Kg"
Queijo creme flamengo,President,Embalagem de 125 g,"2,05 €","16,40 €/Kg"
Polpa de tomate,PorSi,Embalagem de 500 g,"3,84 €","24,00 €/Kg"
Acetona,PorSi,Embalagem de 60 ml,"1,89 €","9,45 €/L"
Gel de Banho Coconut Milk,Dove,Embalagem de 750 ml,"5,19 €","7,98 €/L"
Molho de whisky cocktail,Calve,Garrafa de 250 ml,"0,87 €","2,90 €/Kg"
Café em cápsulas aqtivus,Delta Q,Embalagem de 55 g,"59,82 €/Kg","59,82 €/Kg"
Barrita controlo de peso iogurte,Ignoramu,Embalagem de 44g,"1,99 €","45,23 €/Kg"
Café torrado lote chávena máquina,Delta,Embalagem de 250g,"9,16 €/Kg","9,16 €/Kg"
Sobremesa Paturette Creamy Chocolate,Páturages,Embalagem de 4X115G,"1,19 €","2,59 €/Kg"
Desodorizante roll on dermo invisible,Sanex,Embalagem de 50 ml,"50,80 €/L","50,80 €/L"
Iogurte fruta batida banana/laranja/bolacha,Mimosa,Embalagem de 480g,"1,49 €","2,98 €/Kg"
Desodorizante de Pés em Creme,Protex,Embalagem de 100 ml,"5,59 €","37,27 €/L"
Camião do lixo com Luzes,Playmobil,1 unidade,"49,99 €/Unidade","49,99 €/Unidade"
Leite com sabor a chocolate proteína,Yopro,Garrafa de 330 ml,"1,99 €","2,49 €/L"
Bolos cake e chococolate,Milka,Embalagem de 180g,"1,39 €","2,78 €/Kg"
Iogurtes magros aroma morango,PorSi Viva Bem,Embalagem de 6 x 125 g,"1,44 €","2,88 €/Kg"
Gelado carte d'or yogurt & forest fruit,Olá,Embalagem de 900 ml,"5,49 €","6,10 €/L"
Vinho tinto,Enc.bairro,Bag-in-box de 5L,"8,59 €","1,72 €/L"
Iogurte liquido proteína yopro morango/framboesa,Yopro,300 g,"5,97 €/Kg","5,97 €/Kg"
Canja c/ aletria,Knorr,Embalagem de 70g,"0,84 €","13,55 €/Kg"
Rebuçados mel e limão,PorSi,Embalagem de 200g,"0,77 €","3,85 €/Kg"
Ambientador tealights canela,PorSi,embalagem com 18 unidades,"2,53 €","2,53 €/Unidade"
Arroz Carolino,Saludães,Embalagem de 1 kg,"1,26 €","1,26 €/Kg"
Caldo verde sem batata,PorSi Viva Bem,Embalagem de 400 g,"3,59 €","3,59 €/Kg"
Leite especial cálcio + vitamina d magro,Mimosa,Garrafa de 1 l,"1,29 €","1,29 €/L"
"Jogo ""Pizza Express""",Clementoni,1 unidade,"9,99 €/Unidade","9,99 €/Unidade"
Inseticida elétrico,Raid,2 Aparelhos + 2 Recargas de 27 ml | 45 Noites + 45 Noites,"7,69 €","7,69 €/Unidade"
Butter cookies,PorSi,Embalagem de 450g,"0,90 €","6,00 €/Kg"
Iogurte Pedaços Kiwi 0% Matéria Gorda/Açúcares,Danone,4 x 120 g,"1,44 €","2,88 €/Kg"
Abobora cubos,PorSi,Embalagem de 500g,"0,74 €","1,85 €/Kg"
Paella,It.saveurs,Embalagem de 300g,"2,35 €","5,60 €/Kg"
"Maionese, frasco",Hellmman's,Embalagem de 420g,"0,87 €","2,90 €/Kg"
Buondi extreme cafe moido 12x200g,Buondi,Embalagem de 200g,"9,76 €/Kg","9,76 €/Kg"
Fortnite Blaster Six Shoote,Nerf,1 unidade,"24,99 €/Unidade","24,99 €/Unidade"
Pilha alcalina classic lr20x2,Domédia,1 unidade,"1,99 €","1,99 €/Unidade"
Carro de Corrida de Rua,Lego,1 unidade,"49,99 €/Unidade","49,99 €/Unidade"
Iogurte Líquido Frutos Tropicais,PorSi,1 Embalagem 4X160G,"1,31 €","2,05 €/Kg"
Água com gás natural,Perrier,Embalagem de 750ml,"2,85 €","2,85 €/L"
12 vitaminas e 12 minerais - frasco comprimido,Forma+,Embalagem de 60g,"7,59 €","126,50 €/Kg"
Desinfetante álcool gel,PorSi,100 ml,"0,99 €","9,90 €/L"
Grão de bico,Caçarola,Embalagem de 500 g,"2,18 €/Kg","2,18 €/Kg"
Caramelos de fruta,Penha,Embalagem de 250 g,"1,19 €","4,76 €/Kg"
Esparguete Clássica,Nacional,Embalagem de 500 g,"0,99 €","1,98 €/Kg"
Infusão nº 13 diabet control,Cemporcent,Embalagem de 10 unidades,"0,99 €","76,15 €/Kg"
Achocolatado em Pó,Nesquik,Embalagem de 700g,"5,39 €","7,19 €/Kg"
Spray fornos e grelhadores,Cif,435 ml,"1,79 €","2,39 €/L"
Ambientador eléctrico Relaxing Zen + recarga,Glade,1 unidade,"3,74 €","3,74 €/Unidade"
Rolos de papel multiusos 2 folhas,PorSi,1 unidade,"4,99 €","4,99 €/Unidade"
Bife do Lombo,Novilho,1 un= 150 gr (aprox.),"3,12 €","12,48 €/Kg"
Microscópio cientifico,Clementoni,1 unidade,"24,99 €/Unidade","24,99 €/Unidade"
Spray optimal 7 com lixivia,Ajax,Embalagem de 500 ml,"1,79 €","2,39 €/L"
Gomas favoritos açúcar,Haribo,Embalagem de 90g,"1,19 €","3,97 €/Kg"
Agarro o Coco,Games,,"24,99 €/Unidade","24,99 €/Unidade"
Ambientador spray pure colónia de bebé,PorSi,250 ml,"2,99 €","12,46 €/L"
Pista dinossauro,HTI,com 3 carros,"49,99 €/Unidade","49,99 €/Unidade"
Veículo de Resgate de Montanha,Playmobil,1 unidade,"49,99 €/Unidade","49,99 €/Unidade"
Hambúrgueres de peru,PorSi,Embalagem de 4x80g,"2,79 €","8,72 €/Kg"
Cação Posta,Peixe do Dia,1 un = 150 gr (aprox.),"4,40 €","10,99 €/Kg"
Snack Cão Prodental,PorSi,Embalagem 180 g,"1,09 €","6,06 €/Kg"
Polpa de tomate com cebola e alho,Compal,Embalagem de 500g,"3,84 €","24,00 €/Kg"
Unha,Porco,1 un = 500 gr (aprox.),"0,60 €","5,99 €/Kg"
Champô cabelos pintados,Labell,Embalagem de 250 ml,"5,59 €","13,98 €/L"
Tarteletes com recheio morango,PorSi,Embalagem de 96g,"0,79 €","4,49 €/Kg"
Couve Flor,Programa Origens,1 un = 1 kg (aprox.),"1,64 €","1,09 €/Kg"
Massa esparguete,Milaneza,Embalagem de 500g,"0,99 €","1,98 €/Kg"
Café em grão,Delta,Embalagem de 1 kg,"9,16 €/Kg","9,16 €/Kg"
Set Criativo,Rainbow High,1 unidade,"49,99 €/Unidade","49,99 €/Unidade"
Depilatório homem gel,Veet,Garrafa de 200 ml,"2,99 €","14,95 €/L"
Intensificador de fragrância máquina lavar roupa pér...,Comfort,Embalagem de 275 g,"9,99 €","36,33 €/Kg"
Tostas multicereais s/ glúten,MUSEU PAO,Embalagem de 140g,"4,29 €","20,43 €/Kg"
Bolachas digestive aveia e laranja,Gullon,Embalagem de 430g,"1,49 €","2,48 €/Kg"
Iogurte aroma 0% tutti fruti/coco,Longa vida,Embalagem de 6 x 120 g,"1,44 €","2,88 €/Kg"
Frutapura Pouch Frutos Variados,Bledina,Embalagem de 85g,"2,29 €","6,94 €/L"
Tablete de chocolate culinário negro,PorSi,Embalagem de 200 g,"0,99 €","4,95 €/Kg"
Dettol sabonete líquido frutos do bosque x 12,Dettol,Garrafa de 250 ml,"2,18 €/L","2,18 €/L"
Leite pasteurizado m/g sem lactose,Vigor,Garrafa de 1 l,"1,19 €","1,19 €/L"
Bolachas starship tradicional,PorSi,Embalagem de 150g,"0,90 €","6,00 €/Kg"
Vinho rosé mateus emotion,Mateus,Garrafa de 750 ml,"4,29 €","5,72 €/L"
Bolacha vida equilíbrio ameixa e fibra,Cemporcent,Embalagem de 140g,"1,45 €","11,15 €/Kg"
Tattoo Art,Clementoni,1 unidade,"24,99 €/Unidade","24,99 €/Unidade"
Tâmara seca sem caroço,PorSi Bio,Embalagem de 150g,"0,60 €","2,39 €/Kg"
Sumo 100% Fruta Laranja Espremida,Compal,1 litro,"1,09 €","0,73 €/L"
Posta de tintureira,PorSi,Embalagem de 500 g,"4,39 €","10,98 €/Kg"
Fortnite Blaster Six Shoote,Nerf,1 unidade,"49,99 €/Unidade","49,99 €/Unidade"
20 saquetas infusão de cidreira,Lipton,Embalagem de 20g,"0,99 €","76,15 €/Kg"
Lixivia perfumada,PorSi,Garrafa de 2 l,"2,59 €","1,30 €/L"
Caldo de galinha 24 cubos,Knorr,Embalagem de 240g,"3,84 €","24,00 €/Kg"
Sidra maçã,Bandida,Lata de 500 ml,"1,59 €","3,18 €/L"
Gelado cornetto morango,Olá,Embalagem de 6 x 90 ml,"5,99 €","17,11 €/L"
Liquido refrigerante verde 10%,PorSi,Embalagem de 1 l,"3,99 €","0,80 €/L"
Callippo super mix,Olá,Embalagem de 5 x 105 ml,"5,99 €","17,11 €/L"
Adoçante com doseador,PorSi,Embalagem 300 comprimidos,"5,99 €","23,96 €/Kg"
Paté de atum,PorSi,Embalagem de 65 g,"1,19 €","13,52 €/Kg"
Detergentes máquina lavar loiça next generation,PorSi,30 pastilhas,"2,99 €","2,99 €/Unidade"
Atum ao natural,Ramirez,Embalagem de 120g,"9,08 €/Kg","9,08 €/Kg"
Vinho bag-in-box branco,C.alqueva,Garrafa de 5 l,"9,49 €","1,90 €/L"
"Pasta dentífrica, dentes/gensivas sensitive",Labell,Embalagem de 75 ml,"2,39 €","31,87 €/L"
Recarga sabonete líquido para as mãos de coco,Dove,500 ml,"2,18 €/L","2,18 €/L"
Legumes para sopa,PorSi,Embalagem de 1 kg,"0,74 €","1,85 €/Kg"
Detergente líquido p/ máquina lavar roupa cores,Woolite,"Garrafa de 1,65 l","8,69 €","1,84 €/Kg"
Leite C/ Chocolate,Mimosa,Embalagem de 4 x 200 ml,"0,26 €","1,30 €/L"
Queijo Fondue,Páturages,Embalagem de 400g,"2,05 €","16,40 €/Kg"
"Discos desmaquilhantes, 120 unidades",PorSi,Embalagem de 120 unidades,"0,76 €","0,76 €/Unidade"
"Pasta dentífrica, 7-13 anos",Labell,Embalagem de 75 ml,"3,29 €","43,87 €/L"
Acetona,PorSi,Embalagem de 250 ml,"1,89 €","9,45 €/L"
Vinho maduro branco meio seco,Adega grande,Garrafa de 750 ml,"1,59 €","2,12 €/L"
Molho iogurte,PorSi,Garrafa de 285 ml,"0,87 €","2,90 €/Kg"
Magnum mini white mix,Olá,Embalagem de 6 x 55 ml,"5,99 €","17,11 €/L"
"Inseticída, vaporizador, extra gt",Biokill,Garrafa de 380 ml,"4,49 €","11,97 €/L"
Tira gorduras recarga,Mistolin,Garrafa de 550 ml,"4,89 €","6,52 €/L"
"Creme de muda de fralda, para bebé",Pommette,Embalagem de 100 ml,"0,59 €","5,90 €/L"
Cerveja com álcool abadia,Super Bock,pack 6 x 0.33 l,"1,99 €/L","1,99 €/L"
Bacon Extra Nacos,Porminho,200 g,"3,29 €","21,93 €/Kg"
"Iogurte pedaços, frutimax muesli",PorSi,Embalagem de 4 x 125 g,"1,44 €","2,88 €/Kg"
Queijo mozzarela ralado,Valformoso,Embalagem de 150g,"7,45 €/Kg","7,45 €/Kg"
Carne p/ Estufar,Novilho,Vendido ao peso a partir de 800 g,"3,12 €","12,48 €/Kg"
Salsichas Frankfurt em lata,Izidoro,Embalagem de 120g,"0,75 €","3,75 €/Kg"
Fermento,Royal,Embalagem de 230g,"1,79 €","21,83 €/Kg"
Ervilhas bio,PorSi Bio,Frasco com 290 g,"2,19 €","2,81 €/Kg"
Bolacha de manteiga belga c/ chocolate,Saborosa,Embalagem de 200g,"1,69 €","6,76 €/Kg"
Batata frita palha,PorSi,Embalagem de 160g,"0,87 €","5,44 €/Kg"
Barras de cereais nesquik,Nestle,Embalagem de 150g,"1,29 €","10,24 €/Kg"
Sobremesa danette duplo baunilha e caramelo,Danone,Embalagem de 4 x 125 g,"1,19 €","2,59 €/Kg"
Água sem gás,Penacova,Garrafão de 5 litros,"1,04 €","0,17 €/L"
Desinfetante de frutas e vegetais,Clean Essence,500 ml,"0,99 €","0,99 €/Unidade"
Robalo de Viveiro,Programa Origens,1 un= 400 gr (aprox.),"4,40 €","10,99 €/Kg"
Comida húmida para gato seleção de aves,Gourmet mp,Embalagem de 300g,"3,59 €","2,99 €/Kg"
Lixívia Spray Mousse,Neoblanc,Embalagem de 700ml,"2,59 €","1,30 €/L"
Filetes de atum dos Açores em azeite c/ orégãos,PorSi Select,190 g,"9,08 €/Kg","9,08 €/Kg"
Desodorizante de pés em spray,Protex,Embalagem de 150 ml,"5,59 €","37,27 €/L"
"Bolachas aperitivas, simples",Tuc,Embalagem de 100g,"2,82 €","9,40 €/Kg"
Rolo tira pelos 12 folhas,PorSi,1 unidade,"12,99 €","12,99 €/Unidade"
Iguarias Pota com Alho,Pitéu,Embalagem de 120 g,"9,08 €/Kg","9,08 €/Kg"
Iogurte Pedaços Kiwi 0% Matéria Gorda/Açúcares,Danone,4 x 120 g,"4,15 €/Kg","4,15 €/Kg"
Queijo de cabra curado,PorSi,Embalagem de 2x100 g,"3,79 €","37,90 €/Kg"
Bolacha shortcake,Nacional,Embalagem de 180g,"1,69 €","6,76 €/Kg"
Espinafres em folhas,PorSi,Embalagem de 750 g,"0,74 €","1,85 €/Kg"
Desinfetante em gel p/ wc,Cif,Garrafa de 750 ml,"3,99 €","3,19 €/L"
Sobremesa Paturette Caramelo,Páturages,Embalagem de 4x115g,"1,19 €","2,59 €/Kg"
Spray renova camurça incolor,PorSi,Embalagem de 200 ml,"5,09 €","20,36 €/L"
Caramelos de leite,Penha,Embalagem de 100g,"2,75 €","11,00 €/Kg"
Ecobag 50 L perfumado limão,Vileda,1 embalagem,"1,89 €","1,89 €/Unidade"
"Bloco sanitário blue activ, eucalio",Sonasol,Embalagem de 50 g,"40,00 €/Kg","40,00 €/Kg"
Tamaras,PorSi,Embalagem de 200g,"0,79 €","3,95 €/Kg"
Cerveja com álcool,Kings Bräu,"Embalagem de 0,33 l","1,99 €/L","1,99 €/L"
Feijão encarnado em frasco,PorSi,frasco de 540 g,"2,19 €","2,81 €/Kg"
Caldeirada de bacalhau,PorSi,Embalagem de 1 kg,"6,39 €","7,99 €/Kg"
Vassoura pequena,PorSi,unidade,"2,20 €","2,20 €/Unidade"
Stevia chocolate negro com avelãs,Cemporcent,Embalagem de 125g,"1,79 €","17,90 €/Kg"
Massa de cotovelinhos,Nacional,Embalagem de 500g,"0,99 €","1,98 €/Kg"
"Jogo ""De Pernas para o Ar""",Concentra,1 unidade,"9,99 €/Unidade","9,99 €/Unidade"
Néctar vital equilibrio laranja/cenoura/manga,Compal,Embalagem de 1 l,"0,99 €","0,99 €/L"
Recarga Panos Maxi XXL,Swiffer,16 un.,"1,79 €","1,79 €/Unidade"
X-ato mini,Maped,9 mm,"1,51 €","1,51 €/Unidade"
Mistura de frutos exóticos,PorSi,Embalagem de 450 g,"4,99 €","9,98 €/Kg"
Iogurte natural,Danone,Embalagem de 4 x 120 g,"1,48 €","3,08 €/Kg"
Kinder delice cacau,Kinder,Embalagem de 400g,"2,05 €","5,13 €/Kg"
Biscoitos integrais sementes de agave,PorSi Viva Bem,Embalagem de 150g,"0,69 €","3,45 €/Kg"
Pensos Higiénicos Cottonlike Super Com Abas,Evax,12 unidades,"2,69 €","2,69 €/Unidade"
Bolachas digestivas go maçã,Triunfo,Embalagem de 170g,"1,49 €","2,48 €/Kg"
SuperCeys,Ceys,1 unidade,"3,19 €","3,19 €/Unidade"
Limão,Programa Origens,1 un = 200 gr (aprox.),"0,55 €","2,19 €/Kg"
Ataque do T-Rex,Playmobil,1 unidade,"24,99 €/Unidade","24,99 €/Unidade"
Pão de forma especial torradas,Panrico,Embalagem de 750g,"2,63 €/Kg","2,63 €/Kg"
Tablete de chocolate de culinária - sem açúcar,PorSi Viva Bem,Embalagem de 100 g,"1,04 €","8,32 €/Kg"
Napolitanas creme cacau,PorSi,Embalagem de 320g,"1,77 €","5,53 €/Kg"
Achocolatado em Pó,Nesquik,Embalagem de 390g,"5,39 €","7,19 €/Kg"
Mini tostas de trigo,Diatosta,Embalagem de 350 g,"2,39 €","6,83 €/Kg"
Ice tea limão,Lipton,Embalagem de 1L,"1,90 €","1,27 €/L"
Stevia chocolate negro com avelãs,Cemporcent,Embalagem de 125g,"2,89 €","23,12 €/Kg"
Croquetes vegetais,PorSi Viva Bem,Embalagem de 220g,"3,99 €","11,40 €/Kg"
Sacos higiénicos para animal,Canaillou,4 x 20 unidades,"1,19 €","0,24 €/Kg"
Pasta dentífrica herbal branqueadora,Colgate,Embalagem de 75 ml,"2,39 €","31,87 €/L"
Comida húmida para cão almôndegas,PorSi,Embalagem de 1200 g,"0,75 €","2,50 €/Kg"
Lambrusco bianco,*,Garrafa de 750 ml,"2,09 €","2,79 €/L"
Café em Cápsulas Dolce Gusto Sical,Nescafé,Embalagem de 3x16 cápsulas,"59,82 €/Kg","59,82 €/Kg"
Mini tostas trigo super finas,PorSi,Embalagem de 100 g,"2,39 €","6,83 €/Kg"
Faca legumes 9 cm preto,PorSi,1 unidade,"5,99 €","5,99 €/Unidade"
Bandas de cera facial peles normais,Veet,Embalagem de 20 unidades,"3,11 €","3,11 €/Unidade"
Batata frita palha,PorSi,Embalagem de 500g,"0,87 €","5,44 €/Kg"
Iogurte morango 000%,PorSi Viva Bem,Embalagem de 4 x 125 g,"1,44 €","2,88 €/Kg"
Big burger frango,Capitão Iglo,Embalagem de 230g,"7,99 €","7,99 €/Kg"
Azeitona mista,PorSi,Embalagem de 210g,"1,49 €","7,10 €/Kg"
Cera de depilação profissional,Veet,Garrafa de 300 ml,"3,11 €","3,11 €/Unidade"
Gressinos com chocolate,Schar,Embalagem de 52G,"2,39 €","6,83 €/Kg"
Tostas integrais,Diatosta,Embalagem de 225 g,"2,39 €","6,83 €/Kg"
Bolachas maria,Triunfo,Embalagem de 200g,"1,69 €","2,11 €/Kg"
Feijão Verde,Legumes do Dia,1 un = 250 gr  (aprox.),"1,64 €","1,09 €/Kg"
Água s/ gás,Luso,"Garrafa de 0,75 l","1,04 €","0,17 €/L"
Senses Tropical,Trident,1 un.,"0,89 €","44,50 €/Kg"
Cerveja com álcool,Sagres,Garrafa de 1 l,"1,99 €/L","1,99 €/L"
"Líquido refrigerante, verde 10%",PorSi,Embalagem de 5 l,"3,99 €","0,80 €/L"
Bolacha digestiva go canela,Triunfo,Embalagem de 170g,"1,49 €","2,48 €/Kg"
Café espresso descafeinado intensidade 6,PorSi,16 cápsulas,"1,59 €","6,36 €/Kg"
Compal da horta concentrado tomate,Compal,Embalagem de 140g,"3,84 €","24,00 €/Kg"
Fruta para bebé maçã banana morango +8 meses,Nestle,Embalagem de 90g,"0,74 €","8,22 €/Kg"
Ambientador tealights baunilha,PorSi,embalagem com 18 unidades,"2,53 €","2,53 €/Unidade"
Ambientador tealights frutos vermelhos,PorSi,embalagem com 18 unidades,"2,53 €","2,53 €/Unidade"
Desinfetante Multiusos,Sanytol,Embalagem de 750 ml,"4,89 €","6,52 €/L"
Óleo Gasolina 20w40,PorSi,Embalagem de 5 l,"5,99 €","5,99 €/L"
"Chá de mel, limão e ginseng",Tetley,Embalagem de 20g,"44,50 €/Kg","44,50 €/Kg"
Estádio,Beyblade,1 un.,"49,99 €/Unidade","49,99 €/Unidade"
Máquina Depilatória Descartável 3 Sensitive,Bic,Embalagem com 4+2 unidades,"3,29 €","3,29 €/Unidade"
"Agrafos nº24/6, 2000 unidades",Maped,Uma embalagem,"1,69 €","1,69 €/Unidade"
Sidra maçã,Somersby,pack 4 x 0.33 l,"1,59 €","3,18 €/L"
Queijo mozzarella mini bolas,PorSi,Embalagem 125G,"2,45 €","30,63 €/Kg"
Lápis evolution nº 2 HB,Bic,1 embalagem,"2,69 €","2,69 €/Unidade"
Sopa Creme de Marisco,PorSi,Embalagem de 80 g,"0,84 €","13,55 €/Kg"
Rum limon,Bacardi,Garrafa de 700 ml,"17,49 €","24,99 €/L"
Pizza marguerita,PorSi,Embalagem de 2 x 300 g,"2,16 €","6,17 €/Kg"
Salsichas Frankfurt em lata,Izidoro,Embalagem de 250g,"0,75 €","3,75 €/Kg"
Flan sabor a baunilha com caramelo,PorSi,Embalagem de 6 x 100 g,"1,19 €","2,59 €/Kg"
Rede com pequeno almoço,Écoiffier,1 unidade,"49,99 €/Unidade","49,99 €/Unidade"
Pao brioche fatiado,PorSi,Embalagem 500G,"2,63 €/Kg","2,63 €/Kg"
Café em cápsulas Dolce Gusto Sical,Nescafé,64 cápsulas,"59,82 €/Kg","59,82 €/Kg"
Cevada solúvel,PorSi,Embalagem de 200g,"1,64 €","6,56 €/Kg"
"Alimento seco para gato junior, galinha",Whiskas,Embalagem de 350g,"12,99 €","4,33 €/Kg"
Recarga inseticida eléctrico líquido anti melgas e m...,Raid,60 noites,"7,69 €","7,69 €/Unidade"
Mini tosta trigo,Diatosta,Embalagem de 90 g,"2,39 €","6,83 €/Kg"
Cajus tostados no forno,Matutano,Embalagem de 90g,"0,79 €","7,90 €/Kg"
"Livro de Receitas ""Mais Leve""",PorSi,1 unidade,"4,99 €","4,99 €/Unidade"
Massa alimentícia spaghetti,Barilla,Embalagem de 500g,"1,34 €","2,68 €/Kg"
"Refresco em pó, tropical",Tang,Embalagem de 30g,"0,75 €","18,75 €/Kg"
Sebenta a5 40 folhas,Firmo,1 unidade,"0,69 €","0,69 €/Unidade"
Bambolitos brancos,PorSi,Embalagem de 150g,"0,79 €","5,27 €/Kg"
Granola,Salutem,Embalagem de 500g,"2,29 €","15,27 €/Kg"
Rebuçados de mentol,Sweet flav,Embalagem de 250 g,"0,77 €","3,85 €/Kg"
Néctar tutti-fruti,Compal,Pack 3 x 200 ml,"0,99 €","0,99 €/L"
Bolachas maria,PorSi,Embalagem de 800g,"1,69 €","2,11 €/Kg"
Nata uht para bater,Gresso,Garrafa de 200 ml,"1,12 €","5,60 €/L"
Bife de atum,PorSi,Embalagem de 400 g,"4,39 €","10,98 €/Kg"
Bicicleta,Unicórnio,"roda 12""","114,99 €/Unidade","114,99 €/Unidade"
Alimento lácteo sem açucar com sabor a pêssego/banan...,Yogolino,Embalagem de 4 x 100 gr,"2,89 €","7,23 €/Kg"
Refrigerante sem gás laranja,Trina,"Garrafa de 1,5 l","1,90 €","1,27 €/L"
Repelente de água,PorSi,Embalagem de 250 ml,"3,99 €","0,80 €/L"
Leite uht magro,Mimosa,Embalagem de 1 litro,"1,09 €","1,09 €/L"
Pré-lavagem power gel,Vanish,Garrafa de 200 ml,"8,69 €","1,84 €/Kg"
Super tea detox com selénio,Tetley,Embalagem de 40g,"44,50 €/Kg","44,50 €/Kg"
Napolitas creme baunilha,PorSi,Embalagem de 320g,"2,05 €","5,13 €/Kg"
Caldo de galinha 16 cubos,Knorr,Embalagem de 160g,"3,84 €","24,00 €/Kg"
Spray lixívia e higiene,Cillitbang,Garrafa de 500 ml,"5,99 €","11,98 €/L"
Morangos,Fruta da Época,Vendido a partir de 250 gr,"2,00 €","7,99 €/Kg"
"Gel depilatório, peles sensiveis",Labell,Embalagem de 200 ml,"2,99 €","14,95 €/L"
Polpa de maracuja,PorSi,Embalagem de 565g,"1,99 €","2,37 €/Kg"
"Aperitivos, amendoins no forno",Matutano,Embalagem de 200g,"0,79 €","7,90 €/Kg"
Spray desinfetante cozinha,Lysol,Embalagem de 500 ml,"1,79 €","2,39 €/L"
Gel Banho Apollo,Axe,Embalagem de 400 ml,"5,99 €","14,98 €/L"
Creme p/ Calçado Preto,Búfalo,Embalagem de 40 ml,"3,19 €","79,75 €/L"
Eletrodomésticos Pequenos 100% Chef,Écoiffier,1 unidade,"24,99 €/Unidade","24,99 €/Unidade"
Lixívia Denso-Activa Harmonias Florais p/ Casa e Rou...,Neoblanc,Embalagem de 2 l,"2,59 €","1,30 €/L"
Nancy Um Dia A Fazer Madeixas,Nancy,1 un.,"34,99 €/Unidade","34,99 €/Unidade"
Concentrado de laranja,Sunquick,Garrafa de 700 ml,"5,79 €","8,27 €/L"
Nectar vital equilibrio ananás/coco,Compal,Embalagem de 1 l,"0,99 €","0,99 €/L"
Pano multiusos felpo,PorSi,1 unidade,"1,79 €","1,79 €/Unidade"
Gelatina frutos tropicais  10kcal,Royal,Embalagem de 30g,"0,55 €","61,11 €/Kg"
Azeite Virgem,Oliveira da Serra,Embalagem de 750 ml,"3,29 €","4,39 €/L"
Gelatina de coco origem vegetal,Koala,Embalagem de 130g,"0,85 €","2,13 €/Kg"
Mini Hambúrguer de Batata Doce e Quinoa Green Cuisin...,Iglo green,Embalagem de 270g,"3,99 €","11,40 €/Kg"
Nestum zero espelta/aveia,Nestum,Embalagem de 250 g,"4,99 €","4,99 €/Kg"
Iogurte activia líquido kiwi,Danone,Embalagem de 4 x 155 g,"2,79 €","5,81 €/Kg"
"Detergente manual de loiça,limão",Fairy,Embalagem de 2x1.19L,"1,05 €","2,10 €/L"
Compota frutos vermelhos 60% fruta,Cemporcent,Embalagem de 280g,"3,99 €","7,98 €/Kg"
Bloco Sanitário Sólido Aqua,Sonasol,Embalagem de 2x50 g,"40,00 €/Kg","40,00 €/Kg"
Vinho Regional Lisboa Reserva | Tinto,Romeira,Garrafa de 750 ml,"4,99 €","6,65 €/L"
Farinha de milho integral,Cemporcent,Embalagem de 500g,"2,29 €","15,27 €/Kg"
Kit escovas de dentes,Tigex,1 conjunto,"2,29 €","2,29 €/Unidade"
"Shampoo, laranja",PorSi,Embalagem de 1 l,"3,99 €","0,80 €/L"
Bolachas crackers c/ sal,Du bois,Embalagem de 500g,"0,39 €","3,12 €/Kg"
Sidra maçãs ácidas,Bandida do Pomar,lata de 0.5 l,"1,59 €","3,18 €/L"
Moto Polícia,Playmobil,1 unidade,"7,99 €/Unidade","7,99 €/Unidade"
Bolachas de aveia e trigo integral,PorSi Viva Bem,Embalagem de 240g,"2,82 €","9,40 €/Kg"
Rum spiced,Bacardi,Garrafa de 700 ml,"17,49 €","24,99 €/L"
"Busca Polos, grande",Itools,1 unidade,"5,99 €","5,99 €/Unidade"
Carro polícia com som e luz,Playmobil,1 unidade,"49,99 €/Unidade","49,99 €/Unidade"
Sabao azul e branco,PorSi,Embalagem de 400g,"1,19 €","2,98 €/Kg"
Bolacha maria de chocolate,Cuetara,Embalagem de 265g,"1,69 €","2,11 €/Kg"
Bacalhau em lombos,PorSi,Embalagem de 800g,"6,39 €","7,99 €/Kg"
Ambientador elétrico + recarga alfazema,PorSi,1 unidade,"3,74 €","3,74 €/Unidade"
Vinho branco região do Dão,Dharma,Garrafa de 0.75 l,"7,49 €","9,99 €/L"
Dourada,Programa Origens,1 un= 400 grs (aprox.),"4,40 €","10,99 €/Kg"
"Absorvedores de odores, relax zen",Brise,Embalagem de 2x150g,"16,63 €/L","16,63 €/L"
Salva os Oceanos,Science4You,1 unidade,"9,99 €/Unidade","9,99 €/Unidade"
Açorda de camarão,PorSi Select,380 g,"1,99 €","4,98 €/Kg"
"Vinho Douro, Private Collection, Tinto",Selecção de Enófilos,Garrafa de 0.75 l,"2,29 €","3,05 €/L"
Leite s/ lactose meio gordo,Mimosa,Garrafa de 1 l,"1,29 €","1,29 €/L"
Pá escavadora,Volvo,26 cm,"49,99 €/Unidade","49,99 €/Unidade"
Melancia Riscada,Fruta da Época,Vendido ao peso | 1 un = 4kg (aprox.),"0,99 €","9,90 €/Kg"
Guardanapos de papel reciclado,PorSi,100 unidades,"0,65 €","0,65 €/Unidade"
Vinho maduro branco,C.da eira,Garrafa de 1 l,"0,85 €/L","0,85 €/L"
Ice tea de manga,PorSi,"Embalagem de 6x0,20 l","1,90 €","1,27 €/L"
Amaciador G. Maravilhosa,Ultra Suave,Embalagem de 400 ml,"1,00 €","5,00 €/L"
Perolas perfumadas floral,PorSi,Embalagem de 275 g,"8,69 €","1,84 €/Kg"
Gelatina morango 10kcal,Royal,Embalagem de 30g,"0,55 €","61,11 €/Kg"
Café moagem universal timor,Delta,Embalagem de 220g,"9,76 €/Kg","9,76 €/Kg"
Sidra maçã,Somersby,"Pack 15x0,20 L","1,59 €","3,18 €/L"
Gomas favoritos classic,Haribo,Embalagem de 90g,"1,19 €","3,97 €/Kg"
Queijo flamengo em fatias,Terra Nostra,Embalagem de 200g,"1,96 €","9,80 €/Kg"
Sal de mesa,PorSi,Embalagem de 250 g,"0,25 €","0,25 €/Kg"
Mini tostas integrais,PorSi,Embalagem de 180g,"2,39 €","6,83 €/Kg"
Arroz brajma,Cigala,Embalagem de 1 kg,"1,26 €","1,26 €/Kg"
Napolitanas creme cacau,PorSi,Embalagem de 320g,"2,05 €","5,13 €/Kg"
Cereais argolas de mel,PorSi,Embalagem de 375 g,"5,07 €/Kg","5,07 €/Kg"
Iogurte tipo grego stracciatella,PorSi,Embalagem de 500g,"1,49 €","2,98 €/Kg"
Salmão Fumado da Noruega,PorSi,Embalagem de 200 g,"3,69 €","36,90 €/Kg"
5 manhãzitos,Bollycao,Embalagem com 175 g,"2,05 €","5,13 €/Kg"
Abrasivo sanitário gel marinho,PorSi,embalagem de 1 litro,"1,09 €","1,09 €/L"
Feijão branco,Compal,Lata de 410 ml,"2,19 €","2,81 €/Kg"
Pensos higiénicos liberty noite abas,Evax,Embalagem com 9 un.,"2,69 €","2,69 €/Unidade"
Cereais chocapic,Nestle,Embalagem de 630g,"5,07 €/Kg","5,07 €/Kg"
20 saquetas chá digestão fácil,Lipton,Embalagem de 30g,"85,00 €/Kg","85,00 €/Kg"
Recarga mopa,PorSi,1 unidade,"2,20 €","2,20 €/Unidade"
"Agrafos nº24/6, 2000 unidades",Maped,Uma embalagem,"2,49 €","2,49 €/Unidade"
Beterraba s/ Rama,Programa Origens,1 un = 250 gr  (aprox.),"0,99 €","0,99 €/Unidade"
Manteiga c/ sal gourmet,Novacores,Embalagem de 250g,"2,63 €","10,52 €/Kg"
Nuggets pescada panada,Pescanova,Embalagem de 1Kg,"1,99 €","4,98 €/Kg"
Doce de morango 60% fruta,Cemporcent,Embalagem de 280g,"3,99 €","7,98 €/Kg"
Creme p/ Calçado Castanho,Búfalo,Embalagem de 40 ml,"3,19 €","79,75 €/L"
Gelatina morango 8 kcal,PorSi,Embalagem de 4 x 100 g,"0,85 €","2,13 €/Kg"
Néctar de 8 frutos,Bongo,Garrafa de 1 l,"0,99 €","0,99 €/L"
Limpa injetores diesel,PorSi,Embalagem de 250 ml,"5,99 €","5,99 €/L"
Bolacha cream cracker,Vieira,Embalagem de 200g,"0,39 €","3,12 €/Kg"
Pizza fiambre e queijo,Campofrio,Embalagem de 360g,"0,99 €","4,30 €/Kg"
Malagueta Verde,Legumes do Dia,1 un = 100 gr (aprox.),"0,75 €","2,99 €/Kg"
Rum carta blanca,Bacardi,Garrafa de 700 ml,"17,49 €","24,99 €/L"
Recarga p/ Esfregona |Suave,Vileda,,"8,00 €","8,00 €/Unidade"
Empadão de carne,PorSi,Embalagem de 1 kg,"7,99 €","7,99 €/Kg"
Café Qalidus XXL,Delta Q,Embalagem com 60 cápsulas,"59,82 €/Kg","59,82 €/Kg"
Toalhitas limpa moveis,PorSi,Embalagem de 24 unidades,"4,39 €","14,63 €/L"
Torre de Controlo,Paw Patrol,1 unidade,"49,99 €/Unidade","49,99 €/Unidade"
Robô Snakebot,Clementoni,1 un.,"9,99 €/Unidade","9,99 €/Unidade"
Deco açucar rosa,Vahine,Embalagem de 82g,"1,79 €","21,83 €/Kg"
Veggie bowls quinoa & abóbora 350g,Iglo green,Embalagem de 350g,"3,99 €","11,40 €/Kg"
Batata frita gourmet,PorSi,Embalagem de 150g,"1,06 €","5,73 €/Kg"
Caracol com passas,*,90g,"0,99 €","11,00 €/Kg"
Gel de Banho Corpo e Cabelo Hidratante,Baby Dove,Embalagem de 400 ml,"1,99 €","1,99 €/Unidade"
Açúcar amarelo,PorSi,Embalagem de 1 kg,"1,49 €","1,49 €/Kg"
Anti-traça lavanda,Raid,2 unidades,"4,29 €","4,29 €/Unidade"
1ª papa láctea multifrutos sem glúten +4 meses,Cerelac,Embalagem de 250g,"4,99 €","4,99 €/Kg"
Caderno Agrafado Capa Preta |A5 Pautado,Domédia,1 unidade,"1,19 €","1,19 €/Unidade"
Iogurte líquido tutti-frutti,Danone,Embalagem de 4 x 155 g,"1,31 €","2,05 €/Kg"
Vela em número nº5,PorSi,1 unidade,"0,60 €","0,60 €/Unidade"
Tentáculos pota,PorSi,Embalagem de 800G,"5,49 €","6,86 €/Kg"
Café em cápsulas  qonvictus,Delta Q,Embalagem de 55 g,"59,82 €/Kg","59,82 €/Kg"
Chupa original,Chupachups,Embalagem de 120g,"3,40 €","28,33 €/Kg"
"Pensos diários respirare, 44 unidades",Carefree,Uma embalagem,"1,79 €","1,79 €/Unidade"
Spray tira gorduras,Cillitbang,Garrafa de 500 ml,"5,99 €","11,98 €/L"
Óleo Cedro Líquido,PorSi,Embalagem de 200 ml,"4,39 €","14,63 €/L"
Néctar de pera,PorSi,Pack 3 x 200 ml,"0,99 €","0,99 €/L"
Tampões Cotton Protection Regular,Tampax,16 unidades,"3,99 €","3,99 €/Unidade"
Grelos,Bonduelle,Embalagem de 400 g,"0,74 €","1,85 €/Kg"
Detergente Liquido Loiça Ultra Poder Limão,Fairy,Embalagem de 600 ml,"1,05 €","2,10 €/L"
Milho doce,Bonduelle,Embalagem de 150 g,"2,19 €","2,81 €/Kg"
"Alimento seco para cão, croquetes pro adulto",PorSi Select,Embalagem de 4 Kg,"1,15 €/Kg","1,15 €/Kg"
"Alimento húmido para cão, galinha e cordeiro",Pedigree,Embalagem de 400g,"0,75 €","2,50 €/Kg"
Mesa de atividades,Mega Bloks,1 unidade,"24,99 €/Unidade","24,99 €/Unidade"
Camarão moçambique 60/80,PorSi,800 g,"8,99 €","25,69 €/Kg"
Lambrusco rose,*,Garrafa de 750 ml,"2,09 €","2,79 €/L"
"Paté de sarinha, atum e marisco",Fides,Embalagem de 90g,"1,19 €","13,52 €/Kg"
Churritos,PorSi,Embalagem de 240g,"2,05 €","5,13 €/Kg"
Acumulador térmico,Fresh&Cold,cap.: 400 ml,"0,69 €","0,69 €/Unidade"
Vinho branco,PorSi,embalagem de  3X187 ml,"0,85 €/L","0,85 €/L"
Bebida de Soja Chocolate,PorSi Viva Bem,Pack: 3 x 200 ml,"2,49 €","2,49 €/L"
6 chamucas de carne,PorSi,Embalagem de 240g,"2,99 €","9,97 €/Kg"
Limpa carpetes,PorSi,Embalagem de 1 litro,"2,49 €","2,49 €/L"
Autocarro Formas e Cores,Baby Clementoni,1 unidade,"14,99 €/Unidade","14,99 €/Unidade"
Pizza fresca de fiambre e queijo,PorSi,400 g,"0,99 €","4,30 €/Kg"
Aperitivos de amendoim com sal e mel,Matutano,Embalagem de 150g,"0,79 €","7,90 €/Kg"
Peito de peru fatias,PorSi,Embalagem de 150g,"1,99 €","13,27 €/Kg"
Creme culinário de soja,Valsoia,Embalagem de 200g,"2,89 €","2,89 €/Kg"
Esferográfica Sortida Média,Mab,Embalagem com 10 un.,"2,69 €","2,69 €/Unidade"
Salada bacon,PorSi,Embalagem de 192 g,"2,35 €","5,60 €/Kg"
Coca-cola light,Coca-Cola,Garrafa de 1 l,"0,40 €/L","0,40 €/L"
"Rolos de cozinha compactos, branco, máxima absorção,...",Renova,1 unidade,"4,99 €","4,99 €/Unidade"
Farinha rainha c/ fermento,Nacional,Embalagem de 1000 g,"1,99 €","1,99 €/Kg"
Ananás em rodelas,PorSi,Embalagem de 565 g,"1,99 €","2,37 €/Kg"
Detergente Líquido p/ Loiça Limão,Fairy,"Embalagem de 1,19 l","1,05 €","2,10 €/L"
Laboratório Mecânica Camião de Mina,Clementoni,1 unidade,"9,99 €","9,99 €/Unidade"
Cama de rede,Saurium,Dim.: 180 x 80 cm,"0,69 €","0,69 €/Unidade"
Mini Tostas de Trigo,PorSi,Embalagem de 350 g,"2,39 €","6,83 €/Kg"
Bebida energética,Red Bull,Garrafa de 360 ml,"1,39 €","5,56 €/L"
Gelado magnum after dinner,Olá,Embalagem de 10 x 35 ml,"5,99 €","17,11 €/L"
Escova de Dentes Júnior,Aquafresh,1 unidade,"3,19 €","3,19 €/Unidade"
Chá Aromatizado Pirâmide Baunilha/Caramelo,PorSi,20 x 2 g,"58,44 €/Kg","58,44 €/Kg"
Cogumelos laminados,Ferbar,Embalagem de 290g,"2,19 €","2,81 €/Kg"
15 barrinhas pescada,Pescanova,Embalagem de 450g,"9,30 €/Kg","9,30 €/Kg"
Ração seca para cão croquetes pro júnior,PorSi Select,Embalagem de 3 Kg,"1,15 €/Kg","1,15 €/Kg"
Massa pevide,Nacional,Embalagem de 250g,"0,99 €","1,98 €/Kg"
Ambientador recarga lavanda,Air Wick,Garrafa de 250 ml,"1,79 €","1,79 €/Unidade"
Queijo gouda fatias 0% lactose,PorSi Viva Bem,Embalagem de 150g,"1,99 €","9,95 €/Kg"
Creme vegetal para barrar,PorSi,Embalagem de 500 g,"1,99 €","3,98 €/Kg"
Detergente liquido para máquina de lavar roupa activ...,Skip,Embalagem de 80 doses,"8,69 €","1,84 €/Kg"
Bolacha de caramelo,Snapy,Embalagem de 250g,"1,69 €","2,11 €/Kg"
Néctar pêssego,Compal,Pack 3 x 200 ml,"0,99 €","0,99 €/L"
Snacktoon rupy frutos variados,Bledina,Embalagem de 100g,"2,29 €","6,94 €/L"
Lombo assado fatiado,PorSi,150 g,"2,59 €","28,78 €/Kg"
Queijo grana padano D.O.P 16 meses de cura,PorSi Select,Embalagem de 180 g,"2,87 €","15,94 €/Kg"
Cuecas Incontinência Homem Active Fit M,Tena,9 unidades,"9,99 €","9,99 €/Unidade"
Martelo perfurador,Einhell Kids,1 unidade,"49,99 €/Unidade","49,99 €/Unidade"
Café mistura peninsular,Delta,Embalagem de 250g,"1,64 €","6,56 €/Kg"
Papel de alumínio,PorSi,50 metros,"1,11 €","1,11 €/Unidade"
Ambientador recarga bouquet,Air Wick,Garrafa de 250 ml,"1,79 €","1,79 €/Unidade"
Panquecas,Condi,Embalagem de 400g,"0,49 €","5,44 €/Kg"
Recarga Panos p/ Madeira,Swiffer,18 un.,"1,79 €","1,79 €/Unidade"
Pensos Higiénicos Cottonlike Normal Abas,Evax,embalagem de 16 unidades,"2,69 €","2,69 €/Unidade"
Bolachas chips ahoy,Ca!,Embalagem de 130g,"0,90 €","6,00 €/Kg"
Sabonete alfazema de monte,Confianca,Embalagem de 125 g,"4,49 €","12,47 €/Kg"
Mirtilo,Fruta Embalada,Embalagem com 125g,"2,00 €","7,99 €/Kg"
Miolo de Amêndoa com Pele,Ferbar,Embalagem de  180 g,"0,79 €","3,95 €/Kg"
Fiambre da Pá,PorSi,1 un = 150 gr (aprox.),"0,97 €","6,49 €/Kg"
Pudim zero chocolate,Condi,27 g,"0,59 €","29,50 €/Kg"
Leite condensado magro,PorSi,Embalagem de 390 g,"1,09 €","2,75 €/Kg"
Creme barrar nutela 350g,Nutella,Embalagem de 350G,"4,39 €","12,91 €/Kg"
Chocolate branco sem açúcar,Cemporcent,Embalagem de 100g,"1,79 €","17,90 €/Kg"
Queijo Flamengo em Barra,Terra Nostra,1 un = 150 gr (aprox.),"1,96 €","9,80 €/Kg"
"Alimento húmido para gato 7+, aves",Whiskas,Embalagem de 400g,"3,59 €","2,99 €/Kg"
Perfume Happy,Rebel,100 ml,"11,99 €","79,93 €/L"
10 saquetas chá yellow label,Lipton,Embalagem de 20g,"58,44 €/Kg","58,44 €/Kg"
Pudim zero mirtilo 22g,Condi,Embalagem de 20g,"0,59 €","29,50 €/Kg"
Queijo mozzarella light ralado,PorSi Viva Bem,Embalagem de 150 g,"1,99 €","9,95 €/Kg"
Ovos de galinha ao ar livre | Classe: M/L,Matinados,12 unidades,"1,59 €","1,59 €/Unidade"
Bicicleta,Paw Patrol,"roda 12""","114,99 €/Unidade","114,99 €/Unidade"
Bolachas marítimas clássicas,PorSi Viva Bem,Embalagem de 200g,"1,45 €","11,15 €/Kg"
Crocodilo dentista,Hasbro,1 un.,"9,99 €/Unidade","9,99 €/Unidade"
Filetes de cavala em azeite,PorSi,Embalagem de 120 g,"9,08 €/Kg","9,08 €/Kg"
Bebida de soja com cálcio,PorSi Viva Bem,Embalagem de 1 litro,"2,49 €","2,49 €/L"
Maionese,PorSi,Embalagem de 260 g,"0,87 €","2,90 €/Kg"
Néctar de laranja e cenoura light,PorSi,Embalagem de 1 litro,"0,84 €","2,55 €/L"
Manteiga com sal cuvete,LORETO,Embalagem de 250g,"2,63 €","10,52 €/Kg"
"Pasta dentífrica, tripla ação",Labell,Embalagem de 75 ml,"2,39 €","31,87 €/L"
Prepar arroz marisco sem gluten cv 0.8kg,Brasmar,Embalagem de 800g,"2,19 €","8,59 €/Kg"
Ovo Escavação c/ 5 Surpresas,Jurassic World,1 un.,"9,99 €/Unidade","9,99 €/Unidade"
Preparado de bolo de mármore,PorSi,528 g,"0,49 €","5,44 €/Kg"
Camarão vannamei 24/40,Pescanova,Embalagem de 800g,"8,99 €","25,69 €/Kg"
Leite de pastagem meio-gordo,Terra Nostra,Embalagem de 1 litro,"0,83 €","0,83 €/L"
Ganchos Perfumados Lavanda,Raid,2 unidades,"4,29 €","4,29 €/Unidade"
Ataque do T-Rex,Playmobil,1 unidade,"49,99 €/Unidade","49,99 €/Unidade"
Saqueta puré de fruta e bolacha,PorSi,Embalagem de 90g,"0,74 €","8,22 €/Kg"
Moto Polícia,Playmobil,1 unidade,"24,99 €/Unidade","24,99 €/Unidade"
Manteiga de amendoim cremosa,Prozis,Embalagem de 500g,"4,39 €","12,91 €/Kg"
Leite Bem Essencial cereais,Mimosa,Embalagem de 4 x 200 ml,"1,99 €","2,49 €/L"
Chocolate branco sem açúcar,Cemporcent,Embalagem de 100g,"2,89 €","23,12 €/Kg"
Batata frita forno camponesas,Lay's,Embalagem de 130g,"1,19 €","6,43 €/Kg"
Cerveja super bock,Super Bock,Pack 6 x 200 ml,"1,99 €/L","1,99 €/L"
Salsa folhas,PorSi,Embalagem de 10g,"0,25 €","0,25 €/Kg"
12 ovos codorniz,PorSi,Embalagem de 1 unidades,"2,55 €","2,55 €/Unidade"
Whisky,Grants,Garrafa de 1 l,"23,49 €","23,49 €/L"
Pimento Vermelho,Legumes do Dia,1 un=250 gr (aprox.),"0,75 €","2,99 €/Kg"
Sopa de tomate,Knorr,Embalagem de 90g,"0,84 €","13,55 €/Kg"
Cookies sem glúten,Gullon,Embalagem de 200 g,"4,29 €","20,43 €/Kg"
Sopa Canja de Galinha c/ Aletria,PorSi,Embalagem de 75 g,"0,84 €","13,55 €/Kg"
"Escova dentes, proteção global suave, 2 unidades",Labell,1 embalagem,"3,19 €","3,19 €/Unidade"
Tablete de chocolate culinário 70% negro,PorSi,Embalagem de 200 g,"0,99 €","4,95 €/Kg"
Miolo de camarão 100/200,H2Gelo,Embalagem de 250  g,"8,99 €","25,69 €/Kg"
Mistura para coelhos,Rac.zezere,Embalagem de 5 kg,"4,09 €","0,82 €/Kg"
Piscina infantil,Bestway,Dim.: 152 x 38 cm,"2,09 €","2,09 €/Unidade"
T-Rex e Pteranodon,Clementoni,1 unidade,"24,99 €/Unidade","24,99 €/Unidade"
Água mineral sem gás,Vitalis,Pack 6 x 1.5 l,"1,04 €","0,17 €/L"
Oreo flavors cookies birthday party rollpack 154 gr,Oreo,Embalagem de 150g,"0,79 €","4,49 €/Kg"
Track Builder Caixa,Hot Wheels,1 embalagem,"49,99 €/Unidade","49,99 €/Unidade"
Pao ralado classico 200g,ESPIGA,Embalagem de 200g,"0,99 €","4,95 €/Kg"
Bolachas mini,Oreo,Embalagem de 160g,"0,79 €","4,49 €/Kg"
Café descafeinado,PorSi,Embalagem de 250g,"1,59 €","6,36 €/Kg"
Mega Grua,Volvo,32 cm,"49,99 €/Unidade","49,99 €/Unidade"
Lava tudo antibacteriano floral,PorSi,"Garrafa de 1,5 l","0,99 €","0,50 €/L"
Semente papoila,Salutem,Embalagem de 125g,"2,29 €","15,27 €/Kg"
Framboesa,PorSi,Embalagem com 125g,"2,00 €","7,99 €/Kg"
Snack dentastix grande,Pedigree,Embalagem de 270 g,"1,09 €","6,06 €/Kg"
Molho tomate com azeitonas,PorSi,Frasco de 420g,"0,87 €","2,90 €/Kg"
Popietes,Novilho,1 un = 250 gr  (aprox.),"3,84 €","7,68 €/Kg"
Inseticida Aerossol Casa&Plantas,Raid,1 Embalagem 600ml,"5,49 €","13,73 €/L"
Depilatório homem gel,Veet,Garrafa de 200 ml,"3,29 €","3,29 €/Unidade"
"Bolo com recheio de chocolate, multipack",Chipicao,Embalagem de 340g,"2,05 €","5,13 €/Kg"
Penso de incontinência normal,Ausonia Discreet,Embalagem de 12 un.,"1,95 €","1,95 €/Unidade"
Longueirão,Marisco Fresco,1 un = 250 gr  (aprox.),"3,49 €","3,49 €/Kg"
"Fita Isoladora, 2 Rolos",Itools,1 unidade,"3,19 €","3,19 €/Unidade"
Queque,PorSi,1 unidade = 55 g,"0,99 €","11,00 €/Kg"
Snacks croc.amendoim,PorSi,Embalagem de 90g,"0,79 €","7,90 €/Kg"
6 Preservativos Adapta Nature,Control,,"4,49 €","4,49 €/Unidade"
Jameson caskmates ipa 70cl,Jameson,Garrafa de 700 ml,"23,49 €","23,49 €/L"
Sumo 100% laranja,Compal,1 litro,"1,09 €","0,73 €/L"
Néctar vital equilibrio manga/maracujá,Compal,Embalagem de 1 l,"0,84 €","2,55 €/L"
Coador Chá Aço Inoxidável,Gratta,1 unidade,"3,55 €","3,55 €/Unidade"
Anti-Traça Cedro,Dum Dum,2 unidades,"4,29 €","4,29 €/Unidade"
Spray power&shine multiusos c/ lixívia,Cif,Garrafa de 750 ml,"0,79 €","0,79 €/L"
Areia para gatos 100% natural,PorSi,Embalagem de 5 kg,"1,19 €","0,24 €/Kg"
Leite condensado,PorSi,Embalagem de 397 g,"1,09 €","2,75 €/Kg"
Corrida de automóveis,Olivo,1 unidade,"9,99 €/Unidade","9,99 €/Unidade"
Rabos,Porco,1 un = 250 gr  (aprox.),"0,60 €","5,99 €/Kg"
Champô anti-caspa,Labell,Embalagem de 400 ml,"5,59 €","13,98 €/L"
Sumo de laranja,Andros,Embalagem de 1 l,"1,09 €","0,73 €/L"
Pudim de chocolate,PorSi,Embalagem de 110g,"0,59 €","29,50 €/Kg"
Ração para gato bolas de pelo com frango,Friskies,"Embalagem de 1,5kg","12,99 €","4,33 €/Kg"
Bolachas cracker sem sal,PorSi,Embalagem de 500g,"0,39 €","3,12 €/Kg"
Cerveja com álcool,Sagres,pack 24 x 0.25 l,"1,99 €/L","1,99 €/L"
Soro fisiológico,PorSi,Embalagem de 100 ml,"0,59 €","5,90 €/L"
Dispensador com sacos higiénicos para animal,Canaillou,2 x 20 unidades,"1,19 €","0,24 €/Kg"
Presunto fatias,Damatta,Embalagem de 120 g,"3,20 €","15,99 €/Kg"
Balões latex vermelho,PorSi,Embalagem com 24 unidades,"0,59 €","0,59 €/Unidade"
Puzzles Sereia / Lama,Olivo,60 peças,"9,99 €/Unidade","9,99 €/Unidade"
Gomas starmix,Haribo,Embalagem de 90g,"1,19 €","3,97 €/Kg"
Noodle banzai carne,Cigala,Embalagem de 70g,"0,99 €","1,98 €/Kg"
Máquina Depilatória Descartável Miss Soleil Sensitiv...,Bic,1 + 2 Unidades Grátis,"5,49 €","5,49 €/Unidade"
Café solúvel em saquetas,Nescafe,Embalagem de 45 g,"1,45 €","14,50 €/Kg"
Bife da Alcatra,Novilho,1 un = 250 gr (aprox.),"3,12 €","12,48 €/Kg"
Skinny latte sem açúcar e sem lactose,STARBUCKS,embalagem de 220 ml,"0,99 €","0,99 €/L"
Trotinete Unicórnio,Baby Clementoni,1 unidade,"24,99 €/Unidade","24,99 €/Unidade"
Luvas Descartáveis Colors 50 P/M,Vileda,,"13,49 €","13,49 €/Unidade"
"Coloração permanente, preto natural, nº3",Excellence,1 unidade,"9,49 €/Unidade","9,49 €/Unidade"
Ovos galinha solo L,PorSi,12 unidades,"1,59 €","1,59 €/Unidade"
Vinho maduro tinto,Alto de Pias,Garrafa de 5 l,"8,59 €","1,72 €/L"
Queijo flamengo 0% lactose,PorSi Viva Bem,Embalagem de 150 g,"1,49 €","6,21 €/Kg"
Eletrodomésticos Pequenos 100% Chef,Écoiffier,1 unidade,"49,99 €/Unidade","49,99 €/Unidade"
Cápsulas de café qharacter,Delta Q,Embalagem de 60g,"59,82 €/Kg","59,82 €/Kg"
Pensos de incontinência Maxi,Ausonia,Uma embalagem - 12Unidades,"1,95 €","1,95 €/Unidade"
Bolacha shortcake chocolate,Nacional,Embalagem de 180g,"1,69 €","6,76 €/Kg"
Slime Kit,Science4You,1 unidade,"9,99 €/Unidade","9,99 €/Unidade"
Vinagre balsâmico modena,Gallo,Garrafa de 250 ml,"0,35 €","0,70 €/L"
Mel rosmaninho 500g,SERRAMEL,Embalagem de 500G,"4,89 €","9,78 €/Kg"
Porto special reserva,Q.harris,Garrafa de 750 ml,"9,99 €","13,32 €/L"
Cachaça,Pitu,Garrafa de 700 ml,"17,49 €","24,99 €/L"
Snack para gato seaside,Felix,Embalagem de 60g,"0,99 €","16,50 €/Kg"
Leite evaporado,PorSi,Embalagem de 410g,"1,09 €","2,75 €/Kg"
Spray renova camurça preta,PorSi,Embalagem de 200 ml,"5,09 €","20,36 €/L"
Refrigerante com gás free,Seven-up,"Garrafa de 1,25 l","0,40 €/L","0,40 €/L"
"Creme depilatório para duche, peles sensiveis",Veet,Garrafa de 150 ml,"2,99 €","14,95 €/L"
Farelo de trigo,Cemporcent,Embalagem de 250g,"2,29 €","15,27 €/Kg"
Chá noite super tranquila,PLANTANATU,Embalagem de 10 unidades,"1,19 €","1,19 €/Unidade"
Molho cervejeira 8 cubos,Knorr,Embalagem de 70g,"3,84 €","24,00 €/Kg"
Pudim flan,El mandari,Embalagem de 10g,"0,59 €","29,50 €/Kg"
Queijo de mistura curado,Seia,Embalagem de 250g,"5,99 €","23,96 €/Kg"
Helicóptero de resgate,Dickie Toys,30 cm,"49,99 €/Unidade","49,99 €/Unidade"
Bolacha integral doce,Vieira,Embalagem de 180g,"1,49 €","2,48 €/Kg"
Vinho bag-in-box tinto,C.alqueva,Garrafa de 5 l,"9,49 €","1,90 €/L"
Leite uht meio gordo,Mimosa,Embalagem de 1 litro,"0,83 €","0,83 €/L"
Insecticida recarga,Biokill,Embalagem de 375 ml,"4,49 €","11,97 €/L"
Arroz agulha,Cigala,Embalagem de 1 kg,"1,26 €","1,26 €/Kg"
Fermento de padeiro em pó,Fermipan,Embalagem de 4x11 g,"1,79 €","21,83 €/Kg"
8 salsichas aves,Izidoro,Embalagem de 200g,"0,75 €","3,75 €/Kg"
Farinha láctea menos 40% açúcar,Cerelac,Embalagem de 250g,"4,99 €","4,99 €/Kg"
Cerveja com álcool,Sagres,"Embalagem de 0,33 l","1,99 €/L","1,99 €/L"
Molas de madeira,PorSi,36 unidades,"0,89 €","0,89 €/Unidade"
Party & co junior,Diset,1 unidade,"9,99 €/Unidade","9,99 €/Unidade"
Lava tudo brilhante madeiras,PorSi,Embalagem de 1.1 litros,"4,39 €","14,63 €/L"
Salsichas extra suculentas de frango,Nobre,Frasco de 210g,"0,75 €","3,75 €/Kg"
Doce light frutos vermelhos,PorSi,Embalagem de 340g,"3,59 €","10,26 €/Kg"
Maquina depilatório twin lady,Bic,Embalagem de 5 + 1 un.,"5,49 €","5,49 €/Unidade"
"Fiambre extra, fatiado",PorSi,Embalagem de 200g,"0,97 €","6,49 €/Kg"
Sortido seleção,Chabrior,Embalagem de 380g,"2,99 €","7,87 €/Kg"
Queijo brie 60% mg,Páturages,Embalagem de 200 g,"1,45 €","7,25 €/Kg"
Leite UHT Meio Gordo,PorSi,Embalagem de 200 ml,"0,83 €","0,83 €/L"
Tostas suecas integrais,PorSi,Embalagem de 225 g,"2,39 €","6,83 €/Kg"
Ovos | Classe: M,Ovitae,24 unidades,"1,59 €","1,59 €/Unidade"
Sobremesa gelatina de morango,PorSi,Embalagem 4X100G,"0,85 €","2,13 €/Kg"
Crepe simples,PorSi,Embalagem de 630g,"2,65 €","8,28 €/Kg"
Bolachas crackers com sal,PorSi,Embalagem de 500g,"0,39 €","3,12 €/Kg"
Vinho Vinha da Fonte Setúbal branco,Casa Ermelinda Freitas,Garrafa de 0.75 l,"2,29 €","3,05 €/L"
Vinho doc alentejo tinto,Albarrada,Garrafa de 750 ml,"2,89 €","3,85 €/L"
"Guardanapos gold, com cor, folha dupla, 40x40cm, 40 ...",Renova,1 embalagem,"0,65 €","0,65 €/Unidade"
"Elásticos grandes coloridos, pack de 20 unidades",Domédia,1 embalagem,"5,99 €","5,99 €/Unidade"
Lava Tudo Perfumado Lavanda,PorSi,Embalagem de 2 l,"0,99 €","0,50 €/L"
Ambientador elétrico pure clean linen + recarga,Glade,1 unidade,"3,74 €","3,74 €/Unidade"
Toalha de banho,PorSi,100 x 150 cm,"12,00 €/Unidade","12,00 €/Unidade"
Tablete de chocolate preto,Nestle,Embalagem de 130g,"0,99 €","4,95 €/Kg"
Papel higiénico branco 2 folhas,PorSi,48 rolos,"5,99 €","5,99 €/Unidade"
"Chantilly, spray",Páturages,Embalagem de 250g,"1,12 €","5,60 €/L"
Nutella,Nutella,Embalagem de 700g,"4,39 €","12,91 €/Kg"
Sementes de girassol,PorSi Viva Bem,Embalagem de 200 g,"1,59 €","10,60 €/Kg"
Escova para lavar,PorSi,1 unidade,"2,20 €","2,20 €/Unidade"
Bolachas ricanela,Cuetara,Embalagem de 400g + 100g grátis,"0,39 €","3,12 €/Kg"
"Queijo regional de vaca, cabra e ovelha curado",Qj.saloio,Embalagem de 190g,"5,99 €","23,96 €/Kg"
Batatas Pré-fritas Rosti com Cebola,PorSi,Embalagem com 600 g,"2,39 €","3,98 €/Kg"
Azeite virgem delicado,Gallo,Garrafa de 750 ml,"3,29 €","4,39 €/L"
Areia para gato aglomerante,PorSi,Embalagem de 5 litros,"1,19 €","0,24 €/Kg"
Pescada 4 África do Sul Posta p/ Fritar,Peixe Congelado Higienizado,Vendido ao peso,"3,50 €","6,99 €/Kg"
Polpa de cebola e alho,PorSi,Embalagem de 500 g,"3,84 €","24,00 €/Kg"
Balões latex verde,PorSi,Embalagem com 24 unidades,"0,59 €","0,59 €/Unidade"
Flocos de trigo integral,Cemporcent,Embalagem de 400g,"0,69 €","1,73 €/Kg"
Queijo limiano amanteigado vaca e ovelha sem casca o...,Limiano,Embalagem de 450g,"4,00 €","15,99 €/Kg"
Pó de talco,PorSi,Embalagem de 250g,"0,59 €","5,90 €/L"
Red Fish,Peixe Congelado,300 a 500 g,"3,99 €/Kg","3,99 €/Kg"
Pónei Canela,FurReal,+80 Sons e Reações c/ Acessórios de Moda,"49,99 €/Unidade","49,99 €/Unidade"
Sabao rosa e branco,PorSi,Embalagem de 400g,"1,19 €","2,98 €/Kg"
Sopa de Cebola,PorSi,Embalagem de 62 g,"0,84 €","13,55 €/Kg"
Pudim flan,PorSi,Embalagem de 4 x 5.6 g,"0,59 €","29,50 €/Kg"
Gomas beijinhos,PorSi,Embalagem de 300 g,"1,19 €","3,97 €/Kg"
Snack para gato de galinha e pato,Catisfactions,Embalagem de 60g,"0,99 €","16,50 €/Kg"
Toalha em rolo papel azul,PorSi,1 Unidade,"3,45 €","3,45 €/Unidade"
Café Torrado em Grão Colômbia,Delta,Embalagem de 220g,"9,16 €/Kg","9,16 €/Kg"
Manteiga c/sal,Terra Nostra,Embalagem de 250g,"2,63 €","10,52 €/Kg"
Gengibre em pó bio,Cemporcent,Embalagem de 75g,"1,34 €","2,68 €/Kg"
Moscatel de Setúbal Reserva,Selecção de Enófilos,Garrafa de 0.75 l,"6,79 €/L","6,79 €/L"
Sementes de chia,PorSi Viva Bem,Embalagem de 150 g,"1,59 €","10,60 €/Kg"
Super tea boost com vitamina b6,Tetley,Embalagem de 40g,"44,50 €/Kg","44,50 €/Kg"
Miolo berbigão,PorSi,Embalagem de 250g,"3,99 €","9,98 €/Kg"
Cebola Restia,Legumes do Dia,1un = 2 Kg (aprox.),"1,79 €","3,58 €/Kg"
Iogurte grego maçã e canela,Danone,Embalagem de 4 x 110 g,"1,49 €","2,98 €/Kg"
Sobremesa danette chocolate,Danone,Embalagem de 4 x 125 g,"1,19 €","2,59 €/Kg"
Cerveja preta,Sagres,pack de 6 x 25 cl,"1,99 €/L","1,99 €/L"
Gogo SqueeZ Snack Maçã,Gogo,Embalagem de 90g,"2,29 €","6,94 €/L"
"Tiras limpa poros faciais, 6unidades",Labell,1 embalagem,"0,76 €","0,76 €/Unidade"
Licor frutos tropicais,Safari,Garrafa de 700 ml,"16,99 €","24,27 €/L"
Massa spaghetti tricolore,Milaneza,Embalagem de 500 g,"0,99 €","1,98 €/Kg"
Cocktail limão,Bar Royal,Garrafa de 750 ml,"8,49 €","11,32 €/L"
Cereja,Fruta da Época,Vendido ao peso,"2,00 €","7,99 €/Kg"
"Limpa vidros pistola, tripla acção",Ajax,Embalagem de 500 ml,"3,59 €","7,18 €/L"
"Iogurte, sabor a morango",PorSi,Embalagem de 4 x 125 g,"0,69 €","1,38 €/Kg"
Agrafador universal +400 agrafos,Maped,1 unidade,"1,51 €","1,51 €/Unidade"
Estádio,Beyblade,1 un.,"24,99 €/Unidade","24,99 €/Unidade"
Puzzles Sereia / Lama,Olivo,60 peças,"7,99 €/Unidade","7,99 €/Unidade"
Anti-traça Maçã Verde,Dum Dum,2 unidades,"4,29 €","4,29 €/Unidade"
Goiaba Vermelha,Fruta do Dia,1 un = 200 gr (aprox.),"0,42 €","1,69 €/Kg"
"Coloração permanente, vermelho ousado nº5.62",Nutrisse,1 unidade,"9,49 €/Unidade","9,49 €/Unidade"
Pescada 3 Chile,Peixe Congelado,1 un= 1 kg (aprox.),"3,99 €/Kg","3,99 €/Kg"
Água s/ gás,Luso,Pack 6 x 1.5 l,"1,04 €","0,17 €/L"
Néctar 8 frutos,Bongo,Pack 6 x 200 ml,"0,99 €","0,99 €/L"
Biscoitos integrais aveia e manteiga de amendoim,PorSi Viva Bem,Embalagem de 150g,"0,69 €","3,45 €/Kg"
Espetadas,Porco,1 un = 150 gr (aprox.),"4,99 €","4,99 €/Kg"
Dentifríco anti-tártaro + branqueador,Colgate,Embalagem de 75 ml,"2,39 €","31,87 €/L"
"Sumo 100%, tutti-frutti",PorSi,"Embalagem de 1,5 l","1,09 €","0,73 €/L"
Balões latex rosa,PorSi,Embalagem com 24 unidades,"0,59 €","0,59 €/Unidade"
"Martelo Cabo de Borracha, 18mm",Itools,1 unidade,"5,99 €","5,99 €/Unidade"
Pensos Incontinência Mulher Discreet Normal,Tena,Embalagem com 24 unidades,"1,95 €","1,95 €/Unidade"
Bolachas bambolitos chocolate e leite,PorSi,Embalagem de 150g,"0,79 €","5,27 €/Kg"
Cestos com tampa e juta,*,3 unidades,"17,99 €/Unidade","17,99 €/Unidade"
Lambrusco tinto,*,Garrafa de 750 ml,"2,09 €","2,79 €/L"
Mistolin tira-nódoas,Mistolin,Garrafa de 500 ml,"1,79 €","2,39 €/L"
Fiambre da Pá,Salsicharia Limiana,1 un = 150 gr (aprox.),"0,97 €","6,49 €/Kg"
Milho inteiro,Rac.zezere,Embalagem de 5 kg,"3,89 €","0,78 €/Kg"
Gel de Banho Shea Butter & Vanilla,Dove,Embalagem de 750 ml,"5,19 €","7,98 €/L"
Manteiga de cabra,Gr.fermage,Embalagem de 125g,"2,63 €","10,52 €/Kg"
Choco limpo congelado,PorSi,Vendido ao peso a partir de 200 g (aprox.),"3,50 €","6,99 €/Kg"
Cacau magro em pó,PorSi,Embalagem de 125 g,"1,04 €","8,32 €/Kg"
Moscatel de setúbal,Selecção de Enófilos,"Garrafa de 0,75 l","6,79 €/L","6,79 €/L"
Cuecas Incontinência Homem Active Fit L,Tena,8 Unidades,"9,99 €","9,99 €/Unidade"
Lancheira Happiness,Firmo,1 unidade,"19,90 €","19,90 €/Unidade"
Vinagre vinho branco 250ml,Cristal,Garrafa de 250 ml,"0,35 €","0,70 €/L"
Police trooper,Rescue Hybrids,1 unidade,"49,99 €/Unidade","49,99 €/Unidade"
Jogo das escadas,Olivo,1 unidade,"9,99 €/Unidade","9,99 €/Unidade"
Spray multiusos lavanda,Bot.origin,Garrafa de 500 ml,"5,99 €","11,98 €/L"
Pista carros com luz,Fantástiko,Dim.: 43 x 30 cm,"49,99 €/Unidade","49,99 €/Unidade"
Arroz agulha,Pato real,Embalagem de 1 kg,"1,26 €","1,26 €/Kg"
Gel desinfetante casa de banho,Sonasol,Embalagem de 1.25 litros,"3,99 €","3,19 €/L"
Mimosa bem especial leite e amêndoa,Mimosa,Embalagem de 1 litro,"0,99 €","0,99 €/L"
Atum posta em óleo,Bom petisc,Embalagem de 120 g,"9,08 €/Kg","9,08 €/Kg"
Manteiga fácil de barrar,President,Embalagem de 250g,"2,63 €","10,52 €/Kg"
Alecrim em folhas,PorSi,Embalagem de 25g,"0,25 €","0,25 €/Kg"
Balões latex mistos,PorSi,Embalagem com 24 unidades,"0,59 €","0,59 €/Unidade"
Iogurte activia líquido 0% morango/kiwi,Danone,Embalagem de 4 x 155 g,"2,79 €","5,81 €/Kg"
Limpa vidros boost,Ajax,Embalagem de 500 ml,"3,59 €","7,18 €/L"
Fidget Toys,Science4You,1 unidade,"9,99 €/Unidade","9,99 €/Unidade"
Chá earl grey,Lipton,Embalagem de 40g,"44,50 €/Kg","44,50 €/Kg"
Azeite virgem extra clássico,Gallo,Garrafa de 250 ml,"3,29 €","4,39 €/L"
Ambientador gel lavanda,PorSi,150 g,"16,63 €/L","16,63 €/L"
Leite UHT Meio Gordo,PorSi,1 l,"0,83 €","0,83 €/L"
Desodorizante roll-on invisible,Rexona,Embalagem de 50 ml,"50,80 €/L","50,80 €/L"
"Jogo ""Paga e Cala""",Majora,1 unidade,"9,99 €/Unidade","9,99 €/Unidade"
Recarga Esfregona Premium 2 em 1,Vileda,1 unidade,"8,00 €","8,00 €/Unidade"
Acendalha Querosene,Quinas,Uma embalagem - 32Unidades,"0,75 €","0,75 €/Unidade"
Pensos higiénicos liberty normal sem abas,Evax,Embalagem com 12 un.,"2,69 €","2,69 €/Unidade"
Inseticida ajustável eléctrico líquido anti melgas e...,Raid,60 noites,"7,69 €","7,69 €/Unidade"
Quad com Dinossauro,Pinypon Action,1 unidade,"24,99 €/Unidade","24,99 €/Unidade"
Granola aveia fitness mel,Nestle,Embalagem de 300g,"5,59 €","8,87 €/Kg"
Manteiga com sal e sem lactose,Mimosa,Embalagem de 250g,"2,63 €","10,52 €/Kg"
Lombos de salmão,PorSi,Embalagem de 300g,"4,39 €","10,98 €/Kg"
Vinho tinto alentejo,Loios,Garrafa de 750 ml,"2,89 €","3,85 €/L"
Croutons com azeite,PorSi,Embalagem de 150g,"2,39 €","6,83 €/Kg"
Cá drenó volum,PLANTANATU,Embalagem de 10 unidades,"1,19 €","1,19 €/Unidade"
Azeite virgem extra dop trás-os-montes,PorSi Select,Embalagem 750 ml,"3,29 €","4,39 €/L"
"Vela em número, nº 6",PorSi,1 unidade,"0,60 €","0,60 €/Unidade"
5 manhãzitos choco chips,Manhazitos,Embalagem de 175 g,"7,40 €/Kg","7,40 €/Kg"
Cápsulas de café delta qualidus,Delta Q,Embalagem de 60g,"59,82 €/Kg","59,82 €/Kg"
Noodle banzai galinha,Cigala,Embalagem de 70g,"0,99 €","1,98 €/Kg"
Ambientador Difusor Frutos Vermelhos,PorSi,50 ml,"2,53 €","2,53 €/Unidade"
Robalo Selvagem,Peixe do Dia,1 un = 500 gr (aprox.),"4,40 €","10,99 €/Kg"
Vinho tinto regional peninsula de setúbal,Fonte nico,Garrafa de 750 ml,"2,29 €","3,05 €/L"
Molho de maionese com alho e ervas,PorSi,Garrafa de 120 ml,"0,87 €","2,90 €/Kg"
Café solúvel creme,Delta,Embalagem de 80 g,"1,45 €","14,50 €/Kg"
Copos para café 80 ml,Aj simoes,Embalagem com 25 unidades,"0,89 €","0,89 €/Unidade"
Skinny latte sem açúcar e sem lactose,STARBUCKS,embalagem de 220 ml,"1,99 €","15,92 €/Kg"
Kiwi 30/36,Programa Origens,1 un = 150 gr (aprox.),"0,49 €","3,29 €/Kg"
Balões latex amarelos,PorSi,Embalagem com 24 unidades,"0,59 €","0,59 €/Unidade"
Chupas Party Mix,PorSi,150 g,"3,40 €","28,33 €/Kg"
"Pensos diários maxiplus, 30 unidades",Evax,Uma embalagem,"1,79 €","1,79 €/Unidade"
Massa de argolinhas,Nacional,Embalagem de 250g,"0,99 €","1,98 €/Kg"
Frutapura Pouch Banana Morango,Bledina,Embalagem de 85g,"2,29 €","6,94 €/L"
Massa esparguete,PorSi,Embalagem de 500g,"0,99 €","1,98 €/Kg"
"Gel banho, nutritivo",Lactovit,Embalagem de 650 ml,"5,19 €","7,98 €/L"
Fiambre da perna extra,PorSi,Pack Poupança de 2 x 170 g,"0,97 €","6,49 €/Kg"
Tostas integrais,PorSi,Embalagem de 225g,"2,39 €","6,83 €/Kg"
Iogurtes Corpos Danone Aroma Tutti/Morango/Ananás,Danone,Embalagem de 8 x 120 g,"0,69 €","1,38 €/Kg"
Tira gorduras dia a dia,Mistolin,Garrafa de 750 ml,"1,79 €","2,39 €/L"
Rolo Cozinha Meia Folha Adapt,Colhogar,2 rolos,"4,99 €","4,99 €/Unidade"
Fiambre da perna extra baixo teor de gordura fatias ...,PorSi Viva Bem,Embalagem de 200 g,"0,97 €","6,49 €/Kg"
Pão de forma sem côdea especial torradas,Panrico,Embalagem de 510g,"2,63 €/Kg","2,63 €/Kg"
Manteiga fácil de barrar,Mimosa,Embalagem de 250g,"2,63 €","10,52 €/Kg"
Cogumelos fatiados,PorSi,Embalagem de 400g,"0,74 €","1,85 €/Kg"
Salsicha Fresca,Porco,1 un = 100 gr (aprox.),"0,30 €","5,99 €/Kg"
Desinfetante álcool gel com doseador,PorSi,500 ml,"0,99 €","9,90 €/L"
Nestum aveia e maçã,Nestum,Embalagem de 250g,"3,29 €","4,39 €/Kg"
Bloco Sanitário Poder Activo Lavanda,Sonasol,Embalagem de 2x50 g,"40,00 €/Kg","40,00 €/Kg"
Bebida de soja e chocolate,PorSi Viva Bem,Embalagem de 1 l,"2,49 €","2,49 €/L"
Discos Sanitários Activos Aparelho Marinho,WC Pato,Embalagem de 36 ml,"40,00 €/Kg","40,00 €/Kg"
Café Moagem Universal Honduras,PorSi,Embalagem de 220g,"9,16 €/Kg","9,16 €/Kg"
Ice tea de pêssego,PorSi,Garrafa de 2 l,"1,90 €","1,27 €/L"
Limpa injetores gasolina,PorSi,Embalagem de 250 ml,"5,99 €","5,99 €/L"
Feijoada transmontana,Nobre,Embalagem de 420g,"2,35 €","5,60 €/Kg"
"Amaciador de roupa, azul",Comfort,Garrafa de 4 l,"8,99 €","2,25 €/L"
18 hamburguers s/ glúten vaca,Capitão Iglo,Pack familiar com 1.4 kg,"2,79 €","8,72 €/Kg"
Melancia Alongada,Programa Origens,Vendido ao peso | 1 un = 4 kg (aprox.),"0,99 €","9,90 €/Kg"
Descafeinado em cápsulas Pianíssimo 10x5g,PorSi Select,Embalagem de 50g,"1,59 €","6,36 €/Kg"
Soja fina,PorSi Viva Bem,Embalagem de 400 g,"1,49 €","3,73 €/Kg"
Toalhitas Bebé Nature,PorSi,64 unidades,"1,09 €/Unidade","1,09 €/Unidade"
Lixívia densa verde,Neoblanc,Embalagem de 1 l,"2,59 €","1,30 €/L"
Nestum flocos de cereais integrais,Nestum,Embalagem de 250g,"3,29 €","4,39 €/Kg"
Actimel natural,Danone,Embalagem de 600g,"4,15 €/Kg","4,15 €/Kg"
"Tesoura 6""",Time Office,1 unidade,"5,99 €","5,99 €/Unidade"
Farinha de centeio,Cemporcent,Embalagem de 500g,"2,29 €","15,27 €/Kg"
Salmão posta ao natural,PorSi Select,Lata de 120 g,"9,08 €/Kg","9,08 €/Kg"
Cereais nesquik,Nestle,Embalagem de 625g,"5,07 €/Kg","5,07 €/Kg"
Creme de amendoim cremoso 340g,Skippy,Embalagem de 340g,"4,39 €","12,91 €/Kg"
Pensos clássicos,PorSi,20 unidades,"1,69 €","1,69 €/Unidade"
Fruta para bebé banana laranja bolacha +6 meses,Nestle,Embalagem de 90g,"0,74 €","8,22 €/Kg"
Vela com número 4,PorSi,1 unidade,"0,60 €","0,60 €/Unidade"
Mochila,Sugarspice,Dim.: 32 x 40 x 43 cm,"19,90 €","19,90 €/Unidade"
Sacos do Lixo Ecobag 50 L,Vileda,Embalagem c/ 10 un.,"1,89 €","1,89 €/Unidade"
Azeite virgem extra dop moura,PorSi Select,Embalagem de 0.75L,"3,29 €","4,39 €/L"
Mistura sol sem café granulado,PorSi,Embalagem de 200g,"1,64 €","6,56 €/Kg"
Bola de Futebol,Nike,T.5,"24,99 €/Unidade","24,99 €/Unidade"
Café moagem universal brasil,Delta,Embalagem de 220g,"9,76 €/Kg","9,76 €/Kg"
"Rebuçados sem açucar vita c, sabor citrinos",Halls,Embalagem de 32G,"0,77 €","3,85 €/Kg"
Termo forte beringela/limão,PLANTANATU,Garrafa de 500 ml,"7,59 €","126,50 €/Kg"
Mortadela mini,PorSi,Embalagem de 350g,"0,85 €","11,33 €/Kg"
Bolacha digestiva de aveia/chocolate,Gullon,Embalagem de 430g,"1,49 €","2,48 €/Kg"
Queijo Flamengo Fatias,PorSi,Embalagem 500G,"1,96 €","9,80 €/Kg"
Salada de fruta em calda,PorSi,Embalagem de 3 x 220 g,"1,99 €","2,37 €/Kg"
Achocolatado em pó extra chocolate,Nesquik,Embalagem de 390g,"5,39 €","7,19 €/Kg"
Queijo tres igrejas cura 2 meses,Santiago,Vendido ao peso a partir de 250 gr,"4,00 €","15,99 €/Kg"
"Caixa com saquetas de  pau de canela, 30 unidades",PorSi,Embalagem 90G,"0,25 €","0,25 €/Kg"
Refeição caseira almôndegas,Nobre,Embalagem de 420g,"2,35 €","5,60 €/Kg"
Acetona,PorSi,Embalagem de 200 ml,"1,89 €","9,45 €/L"
"Cueca de incontinência, adulto, pequena",PorSi,Embalagem com 14 unidades,"9,99 €","9,99 €/Unidade"
Bandas de cera axilas/bikini,Labell,Embalagem com 16 un. + 4 toalhitas de acabamento,"3,11 €","3,11 €/Unidade"
Pó baratas e formigas,Baygon,Embalagem de 250 g,"5,49 €","13,73 €/L"
Camião do lixo com Luzes,Playmobil,1 unidade,"24,99 €/Unidade","24,99 €/Unidade"
Pack de 3 embalagens de polpa de tomate,Compal,Embalagem de 630g,"3,84 €","24,00 €/Kg"
Néctar de laranja e cenoura light,PorSi,Embalagem de 3 x 200 ml,"0,84 €","2,55 €/L"
Sortido tradição,Frusel,Embalagem de 250 g,"1,00 €","3,99 €/Kg"
Massa meada,PorSi,Embalagem de 500g,"0,99 €","1,98 €/Kg"
Legumes grelhados,PorSi,Embalagem de 750g,"0,74 €","1,85 €/Kg"
Tomate em pedaços,PorSi,Embalagem de 390g,"2,19 €","2,81 €/Kg"
Batata Pré-Frita Croquettes,PorSi,Embalagem de 1 kg,"2,39 €","3,98 €/Kg"
Yofu morango estilo skyr,Alpro,Embalagem de 400g,"3,09 €","6,18 €/Kg"
Escova plástica (cores sortidas),PorSi,1 unidade,"0,89 €","0,89 €/Unidade"
Esparguete s/ glúten,Milaneza,Embalagem de 500g,"2,69 €","5,38 €/Kg"
Pipocas coloridas,Orcape,Embalagem de 100g,"0,79 €","7,90 €/Kg"
Vinho tinto doc dão,Cabriz,Garrafa de 0.75 l,"7,49 €","9,99 €/L"
Creme vegetal sabor manteiga,PorSi,Embalagem de 500 g,"1,99 €","3,98 €/Kg"
Abrasivo sanitário pinho e eucalipto,PorSi,embalagem de 1 litro,"1,09 €","1,09 €/L"
Óleo alimentar,Vêgê,Embalagem de 1 l,"3,39 €","3,39 €/L"
Chá barriguinha,PLANTANATU,Embalagem de 10 unidades,"1,19 €","1,19 €/Unidade"
Leite de transição 3 +10 meses,NAN,Embalagem de 800g,"23,99 €","29,99 €/Kg"
Sopa rabo de boi económica,Knorr,Embalagem de 60g,"0,84 €","13,55 €/Kg"
Barras Cereais Go Free Corn Flakes s/ Glúten,Nestle,Embalagem de 88g,"4,29 €","20,43 €/Kg"
Vulcão,Science4You,1 unidade,"9,99 €","9,99 €/Unidade"
Royal gelatin,Royal,Embalagem de 400g,"0,85 €","2,13 €/Kg"
"Bolachas relieve, mel e coco",PorSi,Embalagem de 700g,"2,82 €","9,40 €/Kg"
Carro de Corrida de Rua,Lego,1 unidade,"24,99 €/Unidade","24,99 €/Unidade"
Massa cuscus,Nacional,Embalagem de 250g,"0,99 €","1,98 €/Kg"
Vinho branco alentejo,Loios,Garrafa de 750 ml,"2,89 €","3,85 €/L"
Arroz basmati,Caçarola,Embalagem de 1 kg,"1,26 €","1,26 €/Kg"
Bandas de cera depilatória axilas peles sensíveis,Veet,embalagem com 16 unidades,"3,11 €","3,11 €/Unidade"
Doce light morango,PorSi,Embalagem de 340g,"3,59 €","10,26 €/Kg"
Pudim de chocolate,Boca Doce,Embalagem de 20g,"0,59 €","29,50 €/Kg"
Flocos cereais chocolate,PorSi,Embalagem de 300g,"3,29 €","4,39 €/Kg"
Rebuçados drops recheio de fruta,PorSi,Embalagem de 250g,"1,08 €","5,40 €/Kg"
Iogurte mix-in smarties baunilha,Nestle,Embalagem de 2 x 128 g,"1,05 €","1,86 €/L"
Marmelada,PorSi,Embalagem de 900g,"1,99 €","2,21 €/Kg"
Animais Selvagens,Discovery Channel,set 30 peças,"49,99 €/Unidade","49,99 €/Unidade"
Champô Hidratante,Baby Dove,Embalagem de 400 ml,"1,99 €","1,99 €/Unidade"
Vinho Regional de Lisboa Branco,Mundus,"Garrafa de 0,75L","2,09 €","2,79 €/L"
Penso de incontinência boutique mini,Ausonia Discreet,Embalagem de 16 un.,"1,95 €","1,95 €/Unidade"
Leite 0% lactose meio gordo,Mimosa,Embalagem de 200 ml,"0,99 €","0,99 €/L"
Queijo 3 igrejas cura de 1. 5meses,Saloio,Embalagem de 470g,"5,99 €","23,96 €/Kg"
Frango Inteiro Grande,Frango,1 un = 1.6 kg (aprox.),"3,98 €","2,49 €/Kg"
Farinha para pão vitale,Nacional,Embalagem de 1 kg,"1,99 €","1,99 €/Kg"
2 Toalhas de bidé,PorSi,30 x 50 cm,"12,00 €/Unidade","12,00 €/Unidade"
Cafe soluvel c/c 200g,Delta,Embalagem de 200g,"1,45 €","14,50 €/Kg"
Cereais corn flakes s/ glúten,Nestle,Embalagem de 380g,"3,99 €","7,98 €/Kg"
Sal marinho grosso,Vatel,Embalagem de 1 kg,"0,25 €","0,25 €/Kg"
Corrida de automóveis,Olivo,1 unidade,"24,99 €/Unidade","24,99 €/Unidade"
Queijo roquefort,Páturages,Embalagem de 150 g,"1,45 €","7,25 €/Kg"
Lasanha bolonhesa,Iglo,Embalagem de 300g,"2,16 €","6,17 €/Kg"
Lambrusco branco,Sorbello,Garrafa de 0.75 l,"2,09 €","2,79 €/L"
Rolo de Carne com Farinheira,Novilho,1 un = 500 gr (aprox.),"3,84 €","7,68 €/Kg"
Cebola picada em pacote,PorSi,Embalagem de 40 g,"0,25 €","0,25 €/Kg"
Vela com número nº 6,PorSi,1 unidade,"0,60 €","0,60 €/Unidade"
Farinha láctea,PorSi,Embalagem de 1 kg,"4,99 €","4,99 €/Kg"
Iogurte líquido de morango,Longa vida,Embalagem de 4 x 160 g,"1,31 €","2,05 €/Kg"
Moscatel de setúbal,Pioneiro,Garrafa de 750 ml,"16,99 €","24,27 €/L"
Bicicleta,Unicórnio,"roda 12""","24,99 €/Unidade","24,99 €/Unidade"
Leite creme,PorSi,Embalagem de 2x135 g,"1,49 €","3,73 €/Kg"
Néctar de pera rocha e framboesa do Oeste Algarve,Compal,1 litro,"0,99 €","0,99 €/L"
