Nome,Marca,Unidade,Preço Primário,Preço Secundário
Gomas de amoras,Fini,Embalagem 100G,"0,99 €","9,90 €/Kg"
Gelatina pronta a comer light 10 kcal mirtilo,Royal,Embalagem de 4 x 100 g,"2,29 €","5,73 €/Kg"
Anel dentição com pega,Neo Baby,1 unidade,"4,99 €","4,99 €/Unidade"
Dourada Pequena,Peixe do Dia,"Vendido ao peso, de 200 a 600 g","6,49 €/Kg","6,49 €/Kg"
Pão de forma sem côdea 9 cereais,Panrico,Embalagem de 480g,"2,99 €","8,08 €/Kg"
"Fita apanha moscas, com 4 unidades",Neokill,4 unidades,"5,09 €","8,48 €/L"
Maxi folhado queijo/fiambre,Pastelaria do Dia,1 unidade = 125 g,"0,65 €","0,65 €/Unidade"
Alimento húmido de vaca para cão,Purina Beyond,Embalagem de 400 g,"4,85 €/Kg","4,85 €/Kg"
Banda cera fria peles sensíveis p/corpo,Veet,Embalagem de 20 unidades,"3,11 €","3,11 €/Unidade"
Porto white,Ferreira,Garrafa de 750 ml,"11,99 €","15,99 €/L"
Caramelos de fruta,Penha,Embalagem de 250 g,"2,75 €","11,00 €/Kg"
Crescido,Bacalhau da Islândia,1 un = 1.5 kg (aprox.),"8,73 €/Kg","8,73 €/Kg"
Chocolate kit kat,Kit kat,Embalagem de 130g,"11,93 €/Kg","11,93 €/Kg"
Sabonete sensitive,Palmolive,Embalagem de 4x90 g,"4,49 €","12,47 €/Kg"
Iogurte Líquido Yoggi Frutos Tropicais s/ Lactose,Nestle,4x160g,"5,03 €/Kg","5,03 €/Kg"
Spray casa de banho,Neoblanc,Embalagem de 500 ml,"2,59 €","1,30 €/L"
Gel desinfetante casa de banho,Sonasol,Embalagem de 1.25 litros,"2,79 €","3,99 €/L"
Chá de maçã e canela,Tetley,Embalagem de 20g,"58,00 €/Kg","58,00 €/Kg"
Ração para gato esterilizado com peru,Friskies,Embalagem de 3 kg,"12,99 €","4,33 €/Kg"
"Vela em número,  nº 0",PorSi,1 unidade,"0,80 €","0,80 €/Unidade"
"Vinho rosé, meio seco",Leziria,Garrafa de 750 ml,"4,29 €","5,72 €/L"
Nestum 5 cereais,Nestum,Embalagem de 250g,"2,19 €","8,76 €/Kg"
Iogurte arôma de frutos vermelhos,PorSi,Embalagem de 8x125 g,"1,99 €","2,07 €/Kg"
Pescada panada em forma de filete,Pescanova,Embalagem de 1 Kg,"7,89 €/Kg","7,89 €/Kg"
Carne p/ Estufar,Novilho,Vendido ao peso a partir de 800 g,"3,00 €","5,99 €/Kg"
"Coloração permanente, castanho claro cobre nº54",Nutrisse,1 unidade,"9,49 €/Unidade","9,49 €/Unidade"
Framboesa,PorSi,Embalagem com 125g,"2,19 €","17,52 €/Kg"
Cubos de tamboril,Mar Ibérica,Embalagem de 250 g,"7,89 €/Kg","7,89 €/Kg"
Guardanapos 2 folhas brancos e dourado,PorSi Select,50 unidades,"1,39 €","1,39 €/Unidade"
Esferográfica Cor Sortida Média,Mab,Embalagem com 4 un.,"2,69 €","2,69 €/Unidade"
Tomate pelado,Guloso,Embalagem de 800g,"4,54 €/Kg","4,54 €/Kg"
Orégãos vaso aromáticas vivas,Aroma viva,Embalagem de 1 unidades,"1,09 €","36,33 €/Kg"
Óleo Performa C3 5W40 Sintético,Galp,Embalagem de 1 l,"14,99 €","14,99 €/L"
Pilha alcalina classic lr14x2,Domédia,1 unidade,"1,99 €","1,99 €/Unidade"
Marmelo,Fruta do Dia,1 un = 250 gr  (aprox.),"2,29 €/Kg","2,29 €/Kg"
Amaciador para roupa concentrado madressilva e sânda...,Comfort,50 doses,"6,58 €","5,02 €/L"
"Alimento para peixe, tetra gammarus",Tetra,Embalagem de 250 ml,"10,59 €","42,36 €/L"
Bolachas marinheiras espelta,Cemporcent,Embalagem de 200 g,"2,69 €","13,45 €/Kg"
Feijao catarino,Caçarola,Embalagem de 500 g,"2,78 €/Kg","2,78 €/Kg"
Mistura solúvel brasa,Nestle,Embalagem de 200g,"1,64 €","6,56 €/Kg"
Knorr sopa gourmet b.doce e abobora 49gr,Knorr,Embalagem de 70g,"2,61 €","37,29 €/Kg"
Fita Adesiva Brico Facil Especial Dupla Face,Ceys,1 unidade,"3,19 €","3,19 €/Unidade"
Sangria,Casal Garcia,Garrafa de 750 ml,"2,19 €","1,46 €/L"
Chá de gengibre,PLANTANATU,Embalagem de 20g,"1,19 €","1,19 €/Unidade"
Massa de cotovelinhos,Nacional,Embalagem de 500g,"1,99 €","3,98 €/Kg"
Bolachas cobertas com chocolate sem glúten,Schar,Embalagem de 150g,"2,35 €","9,40 €/Kg"
Salada de Marisco,*,Embalagem de 700 g,"8,39 €","11,99 €/Kg"
Queijinho petit nesquik,Nestle,Embalagem de 6 x 60 g,"8,58 €/Kg","8,58 €/Kg"
Refresco em pó de morango,Tang,Embalagem de 30g,"0,83 €","27,67 €/Kg"
Wafers com creme de cacau sem glúten,Schar,Embalagem de 120 g,"2,64 €","22,00 €/Kg"
Café solúvel creme,Delta,Embalagem de 80 g,"1,14 €","57,00 €/Kg"
20 saquetas infusão limão gengibre,Lipton,Embalagem de 40g,"58,00 €/Kg","58,00 €/Kg"
Lixívia para roupa tradicional,Neoblanc,Embalagem de 2 l,"2,19 €","1,10 €/L"
"Alimento húmido para gato júnior, carne",Whiskas,Embalagem de 400g,"2,89 €","7,23 €/Kg"
Bolacha dibus sharkies s/ glúten,Gullon,Embalagem de 250g,"1,89 €","15,75 €/Kg"
Seitan,Salutem,Embalagem de 300g,"0,69 €","0,69 €/Kg"
Linhaça dourada e moída,Cemporcent,Embalagem de 200g,"2,29 €","15,27 €/Kg"
Bala spray,Redex,Embalagem de 400 ml,"3,99 €","0,80 €/L"
Bolachas,Oreo,Embalagem de 220g,"1,49 €","9,68 €/Kg"
Água mineral sem gás,Fastio,"Garrafa de 2,5 l","1,79 €","1,19 €/L"
Mousse limpeza refresh,Labell,Embalagem com 150ml,"12,48 €/L","12,48 €/L"
Lombo de Espadarte Descongelado,Peixe do Dia,"Vendido ao peso, 1 un  = 200g (aprox.)","6,49 €/Kg","6,49 €/Kg"
Cereais all bran,Kellogg's,Embalagem de 380g,"5,59 €","8,87 €/Kg"
Lasanha bolonhesa,Iglo,Embalagem de 300g,"2,99 €","8,54 €/Kg"
Chá de frutos vermelhos,Tetley,Embalagem de 30g,"58,00 €/Kg","58,00 €/Kg"
Bolos cake e chococolate,Milka,Embalagem de 180g,"2,78 €/Kg","2,78 €/Kg"
"Fitness granola chocolate, amêndoas e quinoa com 51%...",Nestle,Embalagem de 300 g,"5,59 €","8,87 €/Kg"
Leite creme,Royal,Embalagem de 90g,"2,99 €","6,64 €/Kg"
Couve Branca,Programa Origens,1 un = 1.5 kg (aprox.),"1,49 €","0,99 €/Kg"
"Agrafos nº24/6, 2000 unidades",Maped,Uma embalagem,"1,35 €","1,35 €/Unidade"
Coxa,Peru,1 un = 1 kg (aprox.),"0,94 €","2,69 €/Kg"
Edredão + almofada,Analar,Dim.: 160 x 220 cm,"29,99 €","29,99 €/Unidade"
Batata Branca Nova Granel,Legumes do Dia,1 un = 250 gr  (aprox.),"0,25 €","0,99 €/Kg"
Água com gás sabor a tangerina,Frize,"Pack 4x 0,25l","1,99 €/L","1,99 €/L"
Papel Higiénico Puríssimo 3 Folhas,Renova,Embalagem c/ 12 rolos,"3,95 €","3,95 €/Unidade"
Preparado em pó para pudim flan,El mandari,Embalagem de 19.2 g,"0,59 €","29,50 €/Kg"
Amaciador roupa concentrado rubi,Quanto,76 doses,"6,58 €","5,02 €/L"
Patê atum em escabeche,La piara,Embalagem de 80g,"1,99 €","22,11 €/Kg"
Anti-traça Maçã Verde,Dum Dum,2 unidades,"5,99 €","176,18 €/Kg"
Pasta de Moldar Branca,DAS,Embalagem com 1 kg,"2,19 €","109,50 €/L"
Chocolate culinário 70% cacau,Pantagruel,Embalagem de 200g,"1,64 €","13,12 €/Kg"
Bolachas soft bakes recheio chocolate,Belvita,Embalagem de 250g,"2,78 €/Kg","2,78 €/Kg"
Infusão nº 6 sem barriga,Cemporcent,Embalagem de 10 unidades,"0,99 €","76,15 €/Kg"
Refrigerante s/ gás califórnia,Sunny d,"Garrafa de 1,25 l","1,90 €","1,27 €/L"
Senses Watermelon,Trident,1 un.,"0,89 €","59,33 €/Kg"
Bolachas brownie tubo,Oreo,Embalagem de 150g,"1,49 €","9,68 €/Kg"
Babete Maleavel,Tigex,1 unidade,"5,99 €","5,99 €/Unidade"
Vinho tinto regional alentejano,Galitos,Garrafa de 750 ml,"2,29 €","3,05 €/L"
Pedras limão,P.salgadas,Garrafa de 1 l,"1,99 €/L","1,99 €/L"
Twins,Gullon,pack 2 x 154 g,"2,69 €","13,45 €/Kg"
Secretos,Porco,1 un = 200 gr (aprox.),"2,39 €","2,99 €/Kg"
Pastilhas 60 minutos Spearmint Botlle,Trident,Embalagem com 80g,"0,89 €","59,33 €/Kg"
Água mineral natural alcalina,MONCHIQUE,1.5 l,"1,79 €","1,19 €/L"
Farinha de fubá de milho,Nacional,Embalagem de 1 kg,"1,99 €","1,99 €/Kg"
Tomate frito,Heinz,Embalagem de 350g,"4,54 €/Kg","4,54 €/Kg"
Café em grão 5 estrelas,Sical,Embalagem de 250g,"9,16 €/Kg","9,16 €/Kg"
Refrigerante c/ gás zero s/ cafeína,Coca-Cola,pack 6 x 0.33 l,"0,40 €/L","0,40 €/L"
Pudim de caramelo,Boca Doce,Embalagem de 20g,"0,59 €","29,50 €/Kg"
Bebida de amêndoa - 0% açúcar,Shoyce,Embalagem de 1 litro,"2,19 €","2,19 €/L"
Água de rosas,Hidro,Embalagem de 200 ml,"23,70 €/L","23,70 €/L"
"Guardanapos brancos, 33x33cm, 2 folhas, 90 unidades",Renova,Uma embalagem,"1,39 €","1,39 €/Unidade"
"Chave de Fenda Cabo Bimat, 6.0x150mm",Itools,1 unidade,"1,99 €","1,99 €/Unidade"
Escova para limpar camurça,Sonaf,1 unidade,"3,65 €","3,65 €/Unidade"
Esfregona super completa,Vileda,1 unidade,"8,00 €","8,00 €/Unidade"
Kiwi Amarelo,Fruta do Dia,Embalagem de 400 g,"0,22 €","1,09 €/Kg"
Wafers sem glúten de chocolate preto,Schar,Embalagem de 40 g,"2,69 €","10,76 €/Kg"
Atum posta em óleo,Noro,Lata com 110 g,"9,08 €/Kg","9,08 €/Kg"
Água c/ gás: limão/pepino/gengibre,Frize,pack 4 x 0.25 l,"1,99 €/L","1,99 €/L"
Ração para gato adulto de interior,Friskies,Embalagem de 3 kg,"12,99 €","4,33 €/Kg"
Anéis Empilháveis,Baby Clementoni,1 unidade,"9,99 €","9,99 €/Unidade"
Iogurte líquido tutti-frutti,Danone,Embalagem de 4 x 155 g,"5,97 €/Kg","5,97 €/Kg"
Desodorizante roll-on Invisible,Rexona,Embalagem de 50ml,"1,39 €","6,95 €/L"
Spray desinfetante multiusos,Lysol,Embalagem de 500 ml,"4,48 €/L","4,48 €/L"
Água mineral natural alcalina,MONCHIQUE,Garrafão de 5 l,"1,79 €","1,19 €/L"
Cereais corn flakes s/ glúten chocolate,Nestle,Embalagem de 380g,"2,99 €","7,97 €/Kg"
"Coloração permanente, castanho dourado, nº43",Nutrisse,1 unidade,"9,49 €/Unidade","9,49 €/Unidade"
Fruta Compal Essencial Laranja,Compal,pack de 3 x 110 ml,"2,29 €","6,94 €/L"
"Salsichas em frasco bockwurst, 5 un",Izidoro,Embalagem de 250g,"1,49 €","7,45 €/Kg"
Máquina depilatória Miss Soleil,Bic,3 + 1 unidades,"4,29 €","4,29 €/Unidade"
Creme barrar nutela 350g,Nutella,Embalagem de 350G,"8,54 €/Kg","8,54 €/Kg"
Gomas favoritos pica,Haribo,Embalagem de 90g,"0,99 €","9,90 €/Kg"
Lentilhas vermelhas,Salutem,Embalagem de 500g,"0,93 €/Kg","0,93 €/Kg"
Gengibre,Legumes do Dia,1 un = 100 gr (aprox.),"0,62 €","2,49 €/Kg"
"Jogo ""Gira a Garrafa""",Concentra,1 unidade,"9,99 €/Unidade","9,99 €/Unidade"
"Rebuçados sem açucar vita c, sabor citrinos",Halls,Embalagem de 32G,"1,69 €","16,90 €/Kg"
Sobremesa paturette baunilha,Páturages,Embalagem de 4 x 115 g,"1,19 €","2,59 €/Kg"
Cachaço s/ Osso,Porco,Vendido ao peso a partir de 1 kg,"2,39 €","2,99 €/Kg"
Moscatel do Douro,Selecção de Enófilos,"Garrafa de 0,75 l","6,79 €/L","6,79 €/L"
Creme Depilatório Duche Men Peles Normais,Veet,Embalagem com 150 ml,"10,99 €","73,27 €/L"
Nata uht para culinária,Parmalat,Embalagem de 200 ml,"1,12 €","5,60 €/L"
Sardinhas em azeite,PorSi,Embalagem de 120g,"9,08 €/Kg","9,08 €/Kg"
Bicarbonato de sódio,Globo,Embalagem de 230g,"0,75 €","15,00 €/Kg"
Iogurte liquido proteína yopro baunilha/cookies,Yopro,300 g,"5,97 €/Kg","5,97 €/Kg"
Pai Natal de Chocolate,PorSi,Embalagem de 60 g,"1,19 €","26,44 €/Kg"
"Ambientador spray, aerosol, exotic",Glade,Embalagem de 300 ml,"2,99 €","12,46 €/L"
Anéis Empilháveis,Baby Clementoni,1 unidade,"12,99 €/Unidade","12,99 €/Unidade"
Gel WC Desincustrante,Neoblanc,Embalagem de 700 ml,"2,79 €","3,99 €/L"
Pensos Higiénicos Fina e Segura Maxi Super,Evax,Embalagem c/ 13 Unidades,"2,69 €","2,69 €/Unidade"
Bebida aveia-amêndoa,Alpro,Embalagem de 1 litro,"2,19 €","2,19 €/L"
Nata para culinária ligeira,Mimosa,Embalagem de 200 ml,"1,12 €","5,60 €/L"
Caldo de galinha 24 cubos,Knorr,Embalagem de 240g,"4,54 €/Kg","4,54 €/Kg"
Buondi café em grão,Buondi,Embalagem de 220g,"9,16 €/Kg","9,16 €/Kg"
Smint tin eucalipto,Smint,Embalagem de 35 g,"2,30 €","65,71 €/Kg"
Dettol sabonete líquido Lavanda,Dettol,Garrafa de 250 ml,"2,18 €/L","2,18 €/L"
Iogurte sabor pêssego morango e manga,Danone,Embalagem de 8 x 120 g com 1 grátis,"1,99 €","2,07 €/Kg"
Puzzle Avengers,Clementoni,2 x 60 peças,"9,99 €/Unidade","9,99 €/Unidade"
Liégeois Sobremesa de chocolate,Páturages,Embalagem de 4x100 g,"1,19 €","2,59 €/Kg"
Amaciador P/ Roupa Elixir Rosas,Quanto,52 doses + 10 grátis,"6,58 €","5,02 €/L"
Plantanatur super cartilagem de tubarão,PLANTANATU,Embalagem de 1 unidades,"6,59 €","6,59 €/Unidade"
Bacalhau Postas,Riberalves,1 Embalagem 800G,"8,49 €","10,61 €/Kg"
Couve Flor,Programa Origens,1 un = 1 kg (aprox.),"1,49 €","0,99 €/Kg"
Maria diet nature,Gullón,Embalagem de 400 g,"2,69 €","13,45 €/Kg"
"Pasta dentífrica, dentes/gensivas sensitive",Labell,Embalagem de 75 ml,"2,29 €","38,17 €/L"
Achocolatado all natural,Nesquik,Embalagem de 168 g,"5,59 €","6,99 €/Kg"
Batata frita light,Lay's,Embalagem de 140g,"1,89 €","13,50 €/Kg"
Bolachas marinheiras chia,Cemporcent,Embalagem de 200g,"2,69 €","13,45 €/Kg"
"Abs odores lavanda, pack 2x150g",Glade,Embalagem de 2x150 g,"9,98 €/Unidade","9,98 €/Unidade"
"Ambientador spray, aerosol, lavanda",Glade,Embalagem de 300 ml,"2,99 €","12,46 €/L"
Esfregão Esponja Antibacteriano,Fino,1 unidade,"2,54 €","2,54 €/Unidade"
Leite de coco,Koala,250 ml,"4,00 €/Kg","4,00 €/Kg"
Ganso Redondo,Novilho,1 un = 150 gr (aprox.),"3,00 €","5,99 €/Kg"
Fraldas bebé extra seco T3,Dodot,70 unidades,"9,99 €","9,99 €/Unidade"
Mousse chocolate leite,Alsa,Embalagem de 150g,"2,99 €","6,64 €/Kg"
Café torrado moído masaka,Sical,Embalagem de 220g,"9,16 €/Kg","9,16 €/Kg"
Bolacha cream cracker,Vieira,Embalagem de 200g,"3,69 €","7,38 €/Kg"
Rebucado mentol 250g,Vieira,Embalagem de 250g,"1,69 €","16,90 €/Kg"
Pensos higiénicos Cottonlike Super Plus Com Abas,Evax,10 unidades,"2,69 €","2,69 €/Unidade"
Loção corporal,Nivea,Embalagem de 400 ml,"12,48 €/L","12,48 €/L"
Massa filo,JR,Embalagem de 250g,"3,49 €","13,96 €/Kg"
Refrigerante sem gás de manga/laran,Joi,"Garrafa de 1,5 l","1,90 €","1,27 €/L"
Cereais corn flakes s/ glúten,Nestle,Embalagem de 380g,"2,99 €","7,97 €/Kg"
Folhado de pizza,*,110 g,"0,65 €","0,65 €/Unidade"
Caderno Agrafado Capa Preta |A5 Quadriculado,Domédia,1 unidade,"1,39 €","1,39 €/Unidade"
Chá sene,PLANTANATU,Embalagem Com 10 saquetas,"1,19 €","1,19 €/Unidade"
Snack dentastix médio,Pedigree,Embalagem de 720 g,"5,58 €/Kg","5,58 €/Kg"
Néctar de pera rocha e framboesa do Oeste Algarve,Compal,1 litro,"1,69 €","1,69 €/L"
Néctar ananás,Compal,pack 3 x 200 ml,"1,69 €","1,69 €/L"
Néctar light de manga/laranja,Compal,Pack 3 x 200 ml,"0,84 €","2,55 €/L"
Infusão de camomila,Tetley,Embalagem de 10g,"85,00 €/Kg","85,00 €/Kg"
Manteiga com sal cuvete,LORETO,Embalagem de 250g,"8,56 €/Kg","8,56 €/Kg"
Refrigerante c/ gás ananás,Sumol,pack 4 x 1.25 l,"0,40 €/L","0,40 €/L"
Bacalhau com Natas,Centralres,Vendido ao peso,"11,96 €/Kg","11,96 €/Kg"
Massa esparguete,Milaneza,Embalagem de 500g,"1,99 €","3,98 €/Kg"
"Cera cabelo, Paste Urban",Axe,Embalagem de 130 ml,"5,99 €","39,93 €/L"
Esferográfica Cristal Azul,Bic,Embalagem com 10 un.,"2,69 €","2,69 €/Unidade"
Coissant Folhado,*,50g,"0,30 €/Unidade","0,30 €/Unidade"
Batatas fritas lisas originais,Lay's,Embalagem de 282g,"2,75 €","9,75 €/Kg"
"Cera cabelo, paste signature",Axe,Embalagem de 75 ml,"5,99 €","39,93 €/L"
Nutella b-ready t.2,Nutella,Embalagem de 50g,"1,19 €","26,44 €/Kg"
Pera Moretini,*,Vendido ao peso a partir de 500 g,"0,16 €","0,89 €/Kg"
After shave bálsamo sensitive,Labell Men,Embalagem de 100 ml,"1,16 €","4,64 €/L"
Cerveja sagres,Sagres,20 x 0.25 l,"1,99 €/L","1,99 €/L"
"Alimento húmido para gato +1 ano, sabor a aves",Whiskas,Embalagem de 400g,"2,89 €","7,23 €/Kg"
Chá preto,Tetley,Embalagem de 30g,"41,67 €/Kg","41,67 €/Kg"
Sidra,Kings Bräu,Pack 6 x 0.33 l,"2,88 €","1,15 €/L"
Amaciador para cabelos pintados,Labell,Embalagem de 200 ml,"1,00 €","5,00 €/L"
"Borracha Technic, 600",Maped,embalagem com 2 unidades,"2,69 €","2,69 €/Unidade"
20 saquetas chá yellow label,Lipton,Embalagem de 30g,"58,44 €/Kg","58,44 €/Kg"
Insecticida Casa e Plantas,Raid,400 ml,"5,49 €","13,73 €/L"
Mel em frasco de vidro,PorSi,Embalagem de 250g,"4,89 €","9,78 €/Kg"
Limão,Programa Origens,1 un = 200 gr (aprox.),"0,50 €","1,99 €/Kg"
Máquina Depilatória Descartável Twin Lady,Bic,Embalagem com 10 un.,"3,99 €","3,99 €/Unidade"
"Chave de Fenda Cabo Bimat, 3.0x75mm",Itools,1 unidade,"1,99 €","1,99 €/Unidade"
Óleo alimentar,Fula,Embalagem 3L,"7,89 €","2,63 €/L"
Bolacha de manteiga belga original,Saborosa,Embalagem de 220g,"10,00 €/Kg","10,00 €/Kg"
Kefir líquido natural,Nestle,Embalagem de 500 g,"5,97 €/Kg","5,97 €/Kg"
"Yofu pedaços, 2 pêssegos, 2 frutas exóticas",Alpro,Embalagem de 4x125 g,"4,58 €/Kg","4,58 €/Kg"
Snack para gato de salmão e queijo,Catisfactions,Embalagem de 60g,"1,89 €","31,50 €/Kg"
Feijão Verde,Programa Origens,1 un = 250 gr  (aprox.),"1,49 €","0,99 €/Kg"
Gelatina pronta a comer light 10 kcal ananás,Royal,Embalagem de 4 x 100 g,"2,29 €","5,73 €/Kg"
Lichias em calda,Koala,Embalagem de 567g,"2,79 €","4,92 €/Kg"
Pasta dentífrica herbal branqueadora,Colgate,Embalagem de 75 ml,"2,29 €","38,17 €/L"
"Vela em número, nº 3",PorSi,1 unidade,"0,80 €","0,80 €/Unidade"
Arroz agulha,Pato real,Embalagem de 1 kg,"0,99 €/Kg","0,99 €/Kg"
Café solúvel clássico,Nescafe,Embalagem de 200g,"1,14 €","57,00 €/Kg"
Achocolatado em Pó,Nesquik,Embalagem de 390g,"5,59 €","6,99 €/Kg"
Creme p/ Calçado Azul,Búfalo,Embalagem de 40 ml,"2,75 €","36,67 €/L"
"Na-farinha de aveia 400g 3,2kg",Nacional,Embalagem de 400g,"1,99 €","1,99 €/Kg"
"Argolas, brancas, autocolante, 160 unidades, 13 mm",Domédia,1 embalagem,"2,19 €","109,50 €/L"
Bebida aveia,Alpro,Embalagem de 1 litro,"2,49 €","2,49 €/L"
Ambientador spray aerosol white bouquet,Air Wick,Garrafa de 240 ml,"2,99 €","12,46 €/L"
Noz com casca 28/30,Frutos secos,1 un = 200 gr (aprox.),"4,99 €/Kg","4,99 €/Kg"
Cafe rossio m.unica 250g,Nicola,Embalagem de 250g,"9,76 €/Kg","9,76 €/Kg"
Refresco em pó de laranja,Tang,Embalagem de 30g,"0,83 €","27,67 €/Kg"
Plantanatur detox rapid,PLANTANATU,Garrafa de 500 ml,"6,59 €","6,59 €/Unidade"
Barras cereais chocapic,Nestle,Embalagem de 150g,"3,45 €","26,54 €/Kg"
Refrigerante  c/ gás regular,Coca-Cola,pack 4 x 1 l,"0,40 €/L","0,40 €/L"
Removedor Pêlos 56 Folhas + 33%,Scotch-Brite,1 un.,"3,99 €","5,70 €/L"
Achocolatado em pó extra chocolate,Nesquik,Embalagem de 390g,"5,59 €","6,99 €/Kg"
Batata frita forno originais,Lay's,Embalagem de 150g,"1,69 €","9,39 €/Kg"
Queijo curado pequeno,Casteloes,Embalagem de 500g,"0,82 €","23,43 €/Kg"
Bolachas chiquilin ositos de mel,Artiach,Embalagem de 160g,"1,89 €","15,75 €/Kg"
Chocolate culinário,Nestle,Embalagem de 200g,"1,64 €","13,12 €/Kg"
Sabonete líquido mel,Feno,Embalagem de 300 ml,"2,18 €/L","2,18 €/L"
Sabonete de Argila,Saboaria,Embalagem de 75 g,"4,49 €","12,47 €/Kg"
Vinagre de vinho tinto,Cristal,Garrafa de 500 ml,"1,59 €","3,18 €/L"
Queijo Coulommiers,Páturages,Embalagem de 350 g,"1,45 €","7,25 €/Kg"
Creme Mãos Hidratante,Labell,Embalagem de 100 ml,"1,03 €","10,30 €/L"
Detergente em gel máquina lavar roupa universal,Persil,85 doses,"14,99 €","3,53 €/L"
Vinho do porto malvasia branco,Rcv,Garrafa de 750 ml,"11,99 €","15,99 €/L"
Creme vegetal p/ barrar reduz colesterol,PorSi Viva Bem,250 g,"1,39 €","6,95 €/L"
EDT Mulher Nº43 (150ML+EDT 30ML),Caravan,1 unidade,"12,99 €","12,99 €/Unidade"
Creme abrasivo original,Cif,Garrafa de 700 ml,"4,99 €","7,13 €/L"
Couve Roxa,Programa Origens,1 un = 1 kg (aprox.),"1,49 €","0,99 €/Kg"
Elixir bocal dentes e gengivas,Listerine,,"5,99 €","11,98 €/L"
"Queijo flamengo, bola quartos",Agros,Embalagem de 350g,"0,88 €","8,79 €/Kg"
Vela em número nº1,PorSi,1 unidade,"0,80 €","0,80 €/Unidade"
Lombo s/ Osso,Porco,Vendido ao peso a partir de 1 kg,"2,39 €","2,99 €/Kg"
"Máquina Tripla Matrix, + 5 unidades",Labell Men,Uma embalagem,"1,16 €","4,64 €/L"
Pudim flan zero açúcares adicionados,El mandari,Embalagem de 30g,"0,59 €","29,50 €/Kg"
Óleo de coco extra virgem,Koala,Garrafa de 180 ml,"7,89 €","2,63 €/L"
Batata Branca,Legumes do Dia,10 kg,"0,25 €","0,99 €/Kg"
Cem porcento-chá infusão sem barriga,Cemporcent,Embalagem de 13g,"58,44 €/Kg","58,44 €/Kg"
Pai Natal Insuflável,*,Dim.: 120 cm,"12,99 €/Unidade","12,99 €/Unidade"
Ervilhas primavera 500g,Iglo,Embalagem de 500g,"2,24 €","5,60 €/Kg"
"Pensos, 20 unidades",Hansaplast,1 embalagem,"3,49 €","34,90 €/L"
Focinho,Porco,1 un = 300 gr (aprox.),"0,60 €","5,99 €/Kg"
Spaghetti a bolonhesa 350g,Tuttipasta,Embalagem de 350g,"2,99 €","8,54 €/Kg"
10 Preservativos Ultrafeel,Control,,"4,49 €","4,49 €/Unidade"
Nestum zero espelta/aveia,Nestum,Embalagem de 250 g,"2,19 €","8,76 €/Kg"
Bolacha de manteiga,Snapy,Embalagem de 250g,"2,11 €/Kg","2,11 €/Kg"
Feuilletine,Du Bois de la Roche,Embalagem de 135 g,"3,69 €","7,38 €/Kg"
Queijo Fondue,Páturages,Embalagem de 400g,"4,68 €","11,70 €/Kg"
Lixivia perfume fresco,Neoblanc,Embalagem de 2 l,"2,59 €","1,30 €/L"
Frutapura pera,Bledina,Embalagem de 4 x 95g,"5,42 €/Kg","5,42 €/Kg"
Bacalhau Graúdo,Bacalhau da Noruega,1 un = 2.5 kg (aprox.),"8,73 €/Kg","8,73 €/Kg"
Guardanapos 2 folhas azul e dourado,PorSi Select,40 unidades,"1,39 €","1,39 €/Unidade"
Lata de Brilho Incolor,Búfalo,Embalagem de 75 ml,"2,75 €","36,67 €/L"
Kiwi 30/36,Programa Origens,1 un = 150 gr (aprox.),"0,22 €","1,09 €/Kg"
Bife de Frango,Frango,Vendido ao peso a partir de 1 kg,"0,94 €","2,69 €/Kg"
Bolachas oreo,Oreo,Embalagem de 440g,"1,49 €","9,68 €/Kg"
Uva Branca sem grainha,Fruta do Dia,Embalagem de 500 g,"0,75 €","2,99 €/Kg"
Água mineral sem gás,Serra de Fafe,Embalagem de 6x0.5l,"1,79 €","1,19 €/L"
Infusão camomila,Cemporcent,Embalagem de 10 unidades,"0,99 €","76,15 €/Kg"
Vinho regional península de setúbal tinto,J.m.f.,Garrafa de 750 ml,"2,59 €","3,45 €/L"
Bolacha leibniz minis choco,Bahlsen,Embalagem de 100g,"10,29 €/Kg","10,29 €/Kg"
Marcadores para colorir,Domédia,embalagem com 12 unidades,"4,29 €","4,29 €/Unidade"
Bolacha shortcake chocolate,Nacional,Embalagem de 180g,"10,00 €/Kg","10,00 €/Kg"
"Elixir bocal, dentes e gengivas",Listerine,Embalagem de 250 ml,"5,99 €","11,98 €/L"
"Chá preto, sem cafeína, 10 saquetas",Tetley,Embalagem de 20g,"41,67 €/Kg","41,67 €/Kg"
Bolachas mini prince recheadas com chocolate,PRINCE,Embalagem de 160 g,"2,35 €","9,40 €/Kg"
"Toalhetes intimos sensitive, 15 unidades",Dystron,Uma embalagem,"2,89 €","2,89 €/Unidade"
Vinho doc douro reserva tinto,Romanisco,Garrafa de 0.75 l,"9,19 €","12,25 €/L"
Café Qalidus XXL,Delta Q,Embalagem com 60 cápsulas,"54,36 €/Kg","54,36 €/Kg"
Desinfetante multissuperfícies,Xanpa,1 litro,"4,48 €/L","4,48 €/L"
"Alimento para peixe, tetramin staple food",Tetra,Embalagem de 250 ml,"10,59 €","42,36 €/L"
Loção tónica para pele seca,Labell,Embalagem de 250 ml,"23,70 €/L","23,70 €/L"
Néctar vital equilibrio frutos vermelhos,Compal,Embalagem de 1 l,"1,69 €","1,69 €/L"
Cogumelo portobello grande,Legumes do Dia,vendido ao peso,"0,98 €","4,89 €/Kg"
"Forma de papel para bolos, 9 cm, 60 unidades",PorSi,Uma embalagem,"0,59 €","7,38 €/Kg"
20 saquetas infusão de lúcia lima,Lipton,Embalagem de 30g,"85,00 €/Kg","85,00 €/Kg"
Vinho tinto,Adega grande,Garrafa de 75 cl,"1,59 €","2,12 €/L"
Pão com Cereais 125 g,Pão do Dia,,"0,25 €","2,78 €/Kg"
Nata uht,Mimosa,embalagem de 200 ml,"1,12 €","5,60 €/L"
Sangria frutos vermelhos,Casal Garcia,Garrafa de 0.75 l,"2,19 €","1,46 €/L"
Moscatel de setúbal,Alambre,"Garrafa de 0,75L","6,79 €/L","6,79 €/L"
Cerveja com álcool,Sagres,Lata de 500ml,"1,99 €/L","1,99 €/L"
Elixir bocal para crianças,Listerine,Embalagem de 500 ml,"5,99 €","11,98 €/L"
Asas de Frango,*,1 un = 100 gr (aprox.),"0,94 €","2,69 €/Kg"
Queijo Flamengo Bola,Limiano,1 un = 250 gr  (aprox.),"0,88 €","8,79 €/Kg"
Café em cápsulas  qonvictus,Delta Q,Embalagem de 55 g,"54,36 €/Kg","54,36 €/Kg"
Café 5 estrelas moído tradição,Sical,Embalagem de 250g,"9,76 €/Kg","9,76 €/Kg"
Caracol com passas,*,90g,"0,30 €/Unidade","0,30 €/Unidade"
Espumosos tinto bruto attitude,Fita azul,Garrafa 0.75L,"3,99 €","5,32 €/L"
4 filetes de pescada panados c/ limão,Pescanova,Embalagem de 400g,"9,30 €/Kg","9,30 €/Kg"
"Refrigerante sem gás, laranja",Joi,"Garrafa de 1,5 l","1,90 €","1,27 €/L"
Caixa registadora,Play-Doh,1 unidade,"9,99 €/Unidade","9,99 €/Unidade"
Miolo camarao gig.15/30 250g,Pescanova,Embalagem de 250 g,"19,99 €","24,99 €/Kg"
Gel de Banho Secrets Oil Coconut,Dove,Embalagem de 500 ml,"6,39 €/L","6,39 €/L"
Creme vegetal culinário,Vaqueiro,Embalagem de 1 kg,"1,39 €","6,95 €/L"
Bebida de arroz,Shoyce,Embalagem de 3 x 200 ml,"2,09 €","1,39 €/L"
Conjunto de 3 pinceis nº 4/8/12,Domédia,Uma embalagem,"4,29 €","4,29 €/Unidade"
Champô miracle volume + nutrição,Pantene,225 ml,"12,48 €/L","12,48 €/L"
Pudim de ananás,Boca Doce,Embalagem de 20g,"0,59 €","29,50 €/Kg"
Desinfetante em gel c/ lixívia,Cif,Garrafa de 750 ml,"2,79 €","3,99 €/L"
Rojões,Porco,1 un = 250 gr  (aprox.),"2,39 €","2,99 €/Kg"
Refrigerante de cola zero,PorSi,Garrafa de 2 l,"0,40 €/L","0,40 €/L"
"Pedras salgadas gf 0,33 l",P.salgadas,"Garrafa de 1,98 l","1,99 €/L","1,99 €/L"
Bebida amêndoa torrada sem açúcar,Alpro,Embalagem de 1 litro,"2,49 €","2,49 €/L"
"Escova dentes, proteção global suave, 2 unidades",Labell,1 embalagem,"4,99 €","4,99 €/Unidade"
Tampões Super Plus Compak Pearl,Tampax,16 unidades,"4,89 €","4,89 €/Unidade"
Iogurte mix-in kit kat,Nestle,Embalagem de 2 x 115 g,"8,58 €/Kg","8,58 €/Kg"
Chuchu,Legumes do Dia,1 un = 250 gr  (aprox.),"0,62 €","2,49 €/Kg"
"Pensos diários respirare, 44 unidades",Carefree,Uma embalagem,"2,99 €","2,99 €/Unidade"
Pão de forma sem côdea,Panrico,Embalagem de 650g,"2,99 €","8,08 €/Kg"
Chupa original,Chupachups,Embalagem de 120g,"1,99 €","4,98 €/L"
Ambientador spray de lavanda,Air Wick,Garrafa de 240 ml,"2,99 €","12,46 €/L"
Espumante cava meio seco reserva,Freixenet,Garrafa de 750 ml,"8,49 €","11,32 €/L"
"Refrigerante com gás, laranja, lata",Fanta,pack 6 x 0.33 l,"0,40 €/L","0,40 €/L"
Óleo Performa 10W40,Galp,Embalagem de 1 l,"14,99 €","14,99 €/L"
Mamão,Fruta do Dia,"1 un = 1,5 kg (aprox.)","2,29 €/Kg","2,29 €/Kg"
Limão,Fruta do Dia,1 un = 200 gr (aprox.),"0,50 €","1,99 €/Kg"
Cerveja sem álcool,Cheers,Pack 6 x 0.33 l,"3,39 €","1,71 €/L"
Queijo Curado kg,Castelões,1 un = 250 gr  (aprox.),"25,45 €/Kg","25,45 €/Kg"
Vinagre de sidra pet,Paladin,Garrafa de 500 ml,"1,59 €","3,18 €/L"
Puzzle Mickey e Amigos,Clementoni,2 x 60 peças,"9,99 €/Unidade","9,99 €/Unidade"
Whisky,Grants,Garrafa de 1 l,"19,99 €","19,99 €/L"
"Lenços de bolso sensi, brancos, 10 unidades",Renova,Uma embalagem de 6x10,"0,99 €","0,99 €/Unidade"
Papel Fotocópia A4 |80g,Navigator,,"2,19 €","109,50 €/L"
Biscoitos sem glúten,Gullon,Embalagem de 200 g,"2,69 €","10,76 €/Kg"
Pensos Incontinência Mulher Discreet Maxi Night,Tena,12 unidades,"7,99 €","7,99 €/Unidade"
Salsichas de porco,Nobre,Lata de 200g,"1,49 €","7,45 €/Kg"
Jogo Aqui há festa,Clementoni,1 unidade,"9,99 €/Unidade","9,99 €/Unidade"
Limpa Máquina Loiça Regular,Finish,,"5,99 €/Unidade","5,99 €/Unidade"
Dentifríco anti-tártaro + branqueador,Colgate,Embalagem de 75 ml,"2,29 €","38,17 €/L"
Eau de Toilette p/Senhora Nº30,Caravan,1 Frasco 150ml,"11,99 €","79,93 €/L"
Bolachas digestive go aveia,Triunfo,Embalagem de 170g,"6,40 €/Kg","6,40 €/Kg"
Água com gás natural pet,P.salgadas,pack 6 x 0.33 l,"1,99 €/L","1,99 €/L"
Bebida de soja sem acucar 1l,Alpro,Embalagem de 1L,"2,49 €","2,49 €/L"
Lava Tudo Amoniacal,Sonasol,"Garrafa de 1,3 l","9,19 €","2,30 €/L"
Depilatório homem gel,Veet,Garrafa de 200 ml,"4,29 €","4,29 €/Unidade"
Pastilhas café lote chávena,Delta,Embalagem de 110g,"54,36 €/Kg","54,36 €/Kg"
Detergente para loiça plus + limão,Super Pop,Embalagem de 1L,"3,19 €","4,91 €/L"
Vinho Regional de Lisboa Branco,Mundus,"Garrafa de 0,75L","2,29 €","3,05 €/L"
Néctar de 8 frutos,Bongo,Garrafa de 1 l,"1,69 €","1,69 €/L"
Café gold alta rica frasco,Nescafe,Embalagem de 100 g,"1,14 €","57,00 €/Kg"
Folhado de Salsicha com Queijo 110 g,Fornada do Dia,,"0,65 €","0,65 €/Unidade"
C surtido cuetara 420gr.              *8,Cuetara,Embalagem de 420g,"10,29 €/Kg","10,29 €/Kg"
Pastilhas gum strawberry,Bubbaloo,Embalagem de 38g,"0,60 €","15,79 €/Kg"
Café moagem universal brasil,Delta,Embalagem de 220g,"9,16 €/Kg","9,16 €/Kg"
Cerveja c/ álcool mini,Super Bock,Pack 15 x 0.20 L,"1,99 €/L","1,99 €/L"
"Queijo regional de vaca, cabra e ovelha curado",Qj.saloio,Embalagem de 190g,"13,63 €/Kg","13,63 €/Kg"
"Bolacha belvita soft brakes, frutos vermelhos",Belvita,Embalagem de 250g,"6,40 €/Kg","6,40 €/Kg"
10 saquetas infusão de camomila,Lipton,Embalagem de 10g,"0,99 €","76,15 €/Kg"
Cuecas de incontinência Plus M,Ausonia,Uma embalagem - 9Unidades,"9,99 €","9,99 €/Unidade"
"Recarga Espanador, 10 unidades",Swiffer,Uma embalagem,"2,54 €","2,54 €/Unidade"
Molho de nata para carne,Mimosa,Garrafa de 200 ml,"4,39 €","10,55 €/Kg"
Queijo curado -30% gordura,Casteloes,500 g,"25,45 €/Kg","25,45 €/Kg"
Termo forte beringela/limão,PLANTANATU,Garrafa de 500 ml,"6,59 €","6,59 €/Unidade"
Atum posta em óleo,Vasco da Gama,Embalagem de 120 g,"9,08 €/Kg","9,08 €/Kg"
Gomas de ursos com brilho,Fini,Embalagem de 100g,"0,99 €","9,90 €/Kg"
Bifinhos finíssimos do lombo de porco,Izidoro,Embalagem de 200 g,"2,39 €","2,99 €/Kg"
Danette caramel 125g p4,Danone,Embalagem de 4 x 125 g,"1,19 €","2,59 €/Kg"
Pringles hot & spicy,Pringles,Embalagem de 175g,"2,99 €","17,09 €/Kg"
Tampões Compak Pearl Regular Com Aplicador,Tampax,16 unidades,"4,89 €","4,89 €/Unidade"
Bolacha torrada 800g 33% grátis,Vieira,Embalagem de 800g,"2,11 €/Kg","2,11 €/Kg"
Monopoly Clássico,Hasbro,1 un.,"9,99 €/Unidade","9,99 €/Unidade"
Tablete triple caramelo,Milka,Embalagem de 90g,"5,30 €/Kg","5,30 €/Kg"
Água c/ gás limão,Frize,pack 4 x 0.25 l,"1,99 €/L","1,99 €/L"
Entrecosto,Porco,Vendido ao peso a partir de 1 kg,"2,39 €","2,99 €/Kg"
Gelatina limão 10kcal,Royal,Embalagem de 30g,"1,99 €","17,46 €/Kg"
Panaché,Kings Bräu,"Embalagem de 10x0,25 l","2,88 €","1,15 €/L"
Schär pão rústico fatiado sem glúten,Schar,Embalagem de 250g,"2,99 €","7,97 €/Kg"
Arroz extra longo branco,Oriente,Embalagem de 1kg,"0,99 €/Kg","0,99 €/Kg"
Bebida energética a-zero,Monster,Garrafa de 500 ml,"5,39 €","5,39 €/L"
Chocolate negro 90% cacau bio,Cemporcent,Embalagem de 100g,"2,99 €","29,90 €/Kg"
Infusão de tília,Tetley,Embalagem de 10g,"0,99 €","76,15 €/Kg"
Peito de peru,Salsicharia Limiana,"Vendido ao peso, fatiado","1,29 €","12,89 €/Kg"
Tira Nódoas,Sanytol,embalagem com 450g,"3,99 €","5,70 €/L"
Preparado para arroz de marisco,Brasmar,Embalagem de 450 g,"7,89 €/Kg","7,89 €/Kg"
Super Napolitana Creme 125 g,Pastelaria do Dia,1 un = 125 g (aprox.),"0,30 €/Unidade","0,30 €/Unidade"
Mimosa bem especial leite e aveia,Mimosa,Embalagem de 1 litro,"2,19 €","2,19 €/L"
Nuggets de frango grelhadinho,Capitão Iglo,Embalagem de 200g,"9,30 €/Kg","9,30 €/Kg"
Barra s.k frutos vermelhos,Kellogg's,Embalagem de 130g,"3,45 €","26,54 €/Kg"
Bolo de chocolate brownie,Milka,Embalagem de 150g,"1,69 €","8,45 €/L"
Queijo Curado Apimentado,Fonte Mourisca,Vendido ao peso a partir de 250 gr,"25,45 €/Kg","25,45 €/Kg"
Leite desmaquilhante para peles secas,Labell,Embalagem de 250 ml,"1,15 €","4,60 €/L"
Dentifríco 2 em 1 super branqueador,Theramed,Embalagem de 75 ml,"3,39 €","45,20 €/L"
Agua s/gas 0.5l go,Fastio,Garrafa de 500 ml,"1,79 €","1,19 €/L"
Néctar pêssego,Compal,Pack 3 x 200 ml,"1,69 €","1,69 €/L"
Vermute rosso,Martini,Embalagem de 10x6 cl,"4,99 €","7,13 €/L"
Café moagem normal: intenso,Buondi,Embalagem de 220g,"9,76 €/Kg","9,76 €/Kg"
Iogurte activia líquido cereais,Danone,Embalagem de 4 x 155 g,"3,21 €/Kg","3,21 €/Kg"
Iogurte activia líquido morango,Danone,Embalagem de 4 x 155 g,"3,21 €/Kg","3,21 €/Kg"
Atum posta em azeite,Bom petisc,Embalagem de 120 g,"9,08 €/Kg","9,08 €/Kg"
Bolacha dibus sharkies s/ glúten,Gullon,Embalagem de 250g,"2,69 €","10,76 €/Kg"
Yofu soja e manga sem açúcar adicionado,Alpro,Embalagem de 400g,"4,58 €/Kg","4,58 €/Kg"
Abóbora Menina,Legumes do Dia,1 un= 1 kg (aprox.),"0,79 €/Kg","0,79 €/Kg"
Café espresso descafeinado intensidade 6,PorSi,16 cápsulas,"28,40 €/Kg","28,40 €/Kg"
Biscottina com alho e salsa,RUSTICA,Embalagem de 100 g,"2,39 €","6,83 €/Kg"
Hortelã,Vitacress,embalagem de 40 g,"1,09 €","36,33 €/Kg"
Porto tawny,Ferreira,Garrafa de 750 ml,"6,29 €","8,39 €/L"
Yaos iogurte grego natural,Nestle,Embalagem de 4x110g,"7,66 €/Kg","7,66 €/Kg"
Robalo Selvagem,Peixe do Dia,1 un = 500 gr (aprox.),"6,49 €/Kg","6,49 €/Kg"
Fósforos cozinha,Quinas,Embalagem com 4 caixas por unidade,"1,29 €","1,29 €/Unidade"
Máquina Descartável Depilatória Venus Plus,Gillette,4 un. + 2 grátis,"3,99 €","3,99 €/Unidade"
"Pães para hamburguer com sésamo, 4 unidades",Bimbo,embalagem de 220 g,"2,99 €","8,08 €/Kg"
Alimento húmido para cão vaca,Pedigree,Embalagem de 300g,"4,85 €/Kg","4,85 €/Kg"
Sardinha Congelada,Peixe Congelado,1 un = 250 gr  (aprox.),"3,99 €/Kg","3,99 €/Kg"
Snack bounty single 57g,BOUNTY,Embalagem de 60g,"11,93 €/Kg","11,93 €/Kg"
Gel de banho naturals amêndoa e leite,Palmolive,500 ml,"4,49 €","8,98 €/L"
Manteiga magra,Mimosa,Embalagem de 250g,"8,56 €/Kg","8,56 €/Kg"
Boudoirs,Du Bois de la Roche,Embalagem de 200 g,"10,60 €/Kg","10,60 €/Kg"
Queijo Curado de Cabra,Mourisca,Vendido ao peso a partir de 250 gr,"5,95 €","23,79 €/Kg"
Wc lixívia gel original,Domestos,Garrafa de 750 ml,"2,79 €","3,99 €/L"
Aperitivos 3d's cones,3d's,Embalagem de 90g,"0,79 €","7,90 €/Kg"
Iogurte pedaços frutimax frutos variados,PorSi,Embalagem de 8 x 125 g,"2,55 €","5,31 €/Kg"
Pepsi max,Pepsi,Garrafa de 1.75 l,"0,40 €/L","0,40 €/L"
Iogurte Líquido Yoggi s/ lactose Stracciatela,Nestle,4 x 160 g,"5,03 €/Kg","5,03 €/Kg"
Pão branco fatias sem glúten,Schar,Embalagem de 250g,"2,99 €","7,97 €/Kg"
Gelado carte d'or tarte limão merengue,Olá,Embalagem de 900 ml,"5,49 €","6,10 €/L"
"Aperitivos, amendoins no forno",Matutano,Embalagem de 200g,"2,29 €","11,45 €/Kg"
Lixívia WC Gel Higienizante,Neoblanc,Embalagem de 700ml,"2,59 €","1,30 €/L"
Salsichas de porco,Nobre,Lata de 250g,"1,49 €","7,45 €/Kg"
Caldeirada de peixe ultracongelada,Brasmar,Embalagem de 700g,"7,89 €/Kg","7,89 €/Kg"
Dentífrico sensibilidade e gengivas,Sensodyne,Embalagem de 75 ml,"2,29 €","38,17 €/L"
"Fita Teflon, 2 Rolos",Itools,1 unidade,"3,19 €","3,19 €/Unidade"
Café com cafeina solúvel,Delta,Embalagem de 20g,"1,14 €","57,00 €/Kg"
Vinho do porto lágrima branco,R.pinto,Garrafa de 750 ml,"11,99 €","15,99 €/L"
Leite c/ Chocolate,Agros,Embalagem de 4 x 200 ml,"1,79 €/L","1,79 €/L"
Alface Lisa,Legumes do Dia,1 un= 400 g (aprox.),"0,80 €","1,99 €/Kg"
Amaciador roupa concentrado ouro,Quanto,76 doses,"6,58 €","5,02 €/L"
Pringles original,Pringles,Embalagem de 175g,"2,75 €","9,75 €/Kg"
Creme para barrar,Nutella,Embalagem de 600g,"8,54 €/Kg","8,54 €/Kg"
Nata uht carbonara,Parmalat,Embalagem de 200 ml,"1,12 €","5,60 €/L"
Pizza ristorante s/ gluten salame,Dr. Oetker,Embalagem de 320g,"2,99 €","8,54 €/Kg"
Água mineral natural alcalina,MONCHIQUE,"6x1,5l","1,79 €","1,19 €/L"
"Creme revitalizante, noite",L'oreal,Embalagem de 50 ml,"2,99 €","59,80 €/L"
Tampão proteção de confiança,O.B.,1 Embalagem c/32 unidades,"4,89 €","4,89 €/Unidade"
Desinfetante de frutas e vegetais,Clean Essence,500 ml,"0,62 €","2,49 €/Kg"
Contact Ceys,Ceys,1 unidade,"3,19 €","3,19 €/Unidade"
Bolacha vitalday crocante chocolate,Gullon,Embalagem de 280g,"1,49 €","7,84 €/Kg"
Fiambre da Pá,Salsicharia Limiana,1 un = 150 gr (aprox.),"6,59 €/Kg","6,59 €/Kg"
Sobremesa tiramisú,Páturages,Embalagem de 4 x 80 g,"1,49 €","3,73 €/Kg"
Queijo fundido palitos,A Vaca Que Ri,Embalagem de 35g,"0,82 €","23,43 €/Kg"
Bolachas Recheadas Com Chocolate,PRINCE,Embalagem de 178g,"2,78 €/Kg","2,78 €/Kg"
Super Napolitana de Chocolate,Pastelaria do Dia,1 un = 120 g (aprox.),"0,30 €/Unidade","0,30 €/Unidade"
Queijo de azeitão dop,PorSi Select,Embalagem de 255 g,"25,45 €/Kg","25,45 €/Kg"
Body Milk in Shower,Labell,Embalagem de 250 ml,"12,48 €/L","12,48 €/L"
Tablete de chocolate extra fina leite/avelã,Nestle,Embalagem de 120g,"10,89 €/Kg","10,89 €/Kg"
Lasanha,Nacional,Embalagem de 400g,"1,99 €","3,98 €/Kg"
Água mineral sem gás,Evian,"Garrafa de 1,5 l","1,79 €","1,19 €/L"
Vinho do porto dona antónia reserva branco,Ferreira,Garrafa de 0.75 l,"11,99 €","15,99 €/L"
Bolacha maria de chocolate,Cuetara,Embalagem de 265g,"2,11 €/Kg","2,11 €/Kg"
Folhado de Maçã,*,1 unidade= 100 g,"0,30 €/Unidade","0,30 €/Unidade"
Desodorizante e desinfetante para calçado,Sanytol,Embalagem de 150 ml,"5,29 €","35,27 €/L"
Sobremesa danette duo baunilha e chocolate,Danone,Embalagem de 4 x 125 ml,"1,19 €","2,59 €/Kg"
Detergente Líquido p/ Loiça Limão,Fairy,"Embalagem de 1,19 l","3,19 €","4,91 €/L"
Aditivo em pó máquina roupa branca,Vanish,Embalagem de 1.2 kg,"12,99 €","7,27 €/L"
Barra cereais nesquik delice,Nestle,Embalagem de 140g,"3,45 €","26,54 €/Kg"
Sabonete líquido para as mãos de coco,Dove,embalagem de 250 ml,"2,18 €/L","2,18 €/L"
Palmiers de maçã e canela,Du bois,Embalagem de 150g,"10,60 €/Kg","10,60 €/Kg"
"Cerveja com álcool, lata",Super Bock,Garrafa de 500 ml,"1,99 €/L","1,99 €/L"
Guardanapos brancos 22x22cm | folha dupla,Renova,90 unidades,"1,39 €","1,39 €/Unidade"
Gelatina melancia 10kcal 31g,Royal,Embalagem de 30g,"1,99 €","17,46 €/Kg"
"Vinagre virgem branco, spray",Paladin,Garrafa de 250 ml,"1,59 €","3,18 €/L"
Aperitivos tex mex,Doritos,Embalagem de 120g,"0,79 €","7,90 €/Kg"
Tostas de trigo,Diatosta,Embalagem de 225 g,"2,39 €","6,83 €/Kg"
Massa cuscus,Nacional,Embalagem de 250g,"1,99 €","3,98 €/Kg"
Nestum flocos de cereais com mel,Nestum,Embalagem de 300g,"2,19 €","8,76 €/Kg"
Creme de dia para pele seca,Labell,Embalagem de 50 ml,"2,99 €","59,80 €/L"
Aditivo diesel,Redex,Embalagem de 250 ml,"14,99 €","14,99 €/L"
Coentros em vaso,Aroma viva,Embalagem de 1 unidades,"1,09 €","36,33 €/Kg"
Cerveja c/ álcool,Super Bock,Pack 15 X 0. 33L,"1,99 €/L","1,99 €/L"
Gelatina morango 10kcal,Royal,Embalagem de 30g,"1,99 €","17,46 €/Kg"
Patas,Frango,1 un = 250 gr  (aprox.),"0,60 €","5,99 €/Kg"
"Coloração permanente, caramelo avelã, nº 6.41",Excellence,1 unidade,"9,49 €/Unidade","9,49 €/Unidade"
Pastilhas de Limpeza Dentífrica Branqueadora,Polident,Embalagem com 30 unidades,"9,79 €","122,38 €/Kg"
Almofadas Eco Anti-Alérgicas,Jobitex,2 unidades,"29,99 €","29,99 €/Unidade"
Pescada do Chile,PorSi,Posta p/ Cozer Higienizada Congelada,"11,99 €/Kg","11,99 €/Kg"
Gelatina melancia light,Condi,Embalagem de 2x15g,"1,99 €","17,46 €/Kg"
Moscatel favaios,Favaios,Garrafa de 750 ml,"6,79 €/L","6,79 €/L"
Esfregão Esponja Style,Vileda,10 unidade,"2,54 €","2,54 €/Unidade"
Caramelos de fruta multisabor single,Sugus,Embalagem de 50g,"2,75 €","11,00 €/Kg"
Iogurtes aroma 4 de morango + 4 de banana,PorSi,Embalagem de 8x125g,"1,99 €","2,07 €/Kg"
Chicharro Fresco,Peixe do Dia,1 un= 400 g (aprox.),"6,49 €/Kg","6,49 €/Kg"
Creme vegetal culinário,Vaqueiro,Embalagem de 250 g,"1,39 €","6,95 €/L"
10 Barrinhas salmão panadas sem glúten,Pescanova,300 g,"7,89 €/Kg","7,89 €/Kg"
Bolacha maria dourada,PorSi,Embalagem de 800g,"2,11 €/Kg","2,11 €/Kg"
Chocolate lion,Lion,Embalagem de 40g,"11,93 €/Kg","11,93 €/Kg"
Cereais fitness,Nestle,Embalagem de 380g,"5,59 €","8,87 €/Kg"
Inseticida moscas e mosquitos,Dum Dum,Garrafa de 300 ml,"5,09 €","8,48 €/L"
"Toalhitas para bebé bio, 64 unidades",Pommette,1 embalagem,"1,09 €/Unidade","1,09 €/Unidade"
Água s/ gás frutos vermelhos,Luso,Garrafa de 1 l,"1,79 €","1,19 €/L"
Vinagre de limpeza,PorSi,Embalagem de 1 l,"0,79 €","0,79 €/L"
"Jogo ""Fake?""",Clementoni,1 unidade,"9,99 €/Unidade","9,99 €/Unidade"
Yofu soja baunilha,Alpro,Embalagem de 500gr,"4,58 €/Kg","4,58 €/Kg"
Iogurte líquido yoggi morango,Nestle,Embalagem de 4 x 160 g,"5,97 €/Kg","5,97 €/Kg"
Nectar vital equilibrio ananás/coco,Compal,Embalagem de 1 l,"1,69 €","1,69 €/L"
X-ato mini,Maped,9 mm,"1,35 €","1,35 €/Unidade"
Carne Picada,Novilho,1 un = 200 gr (aprox.),"3,00 €","5,99 €/Kg"
"Rolo de cozinha design xxl, 3 rolos",Renova,Embalagem de 3 unidades,"4,99 €","4,99 €/Unidade"
Chourição Extra Fatiado,Porminho,Embalagem de 80g,"1,35 €","16,88 €/Kg"
Tablete chocolate de iogurte morango,Milka,Embalagem de 100g,"5,30 €/Kg","5,30 €/Kg"
Cerveja,Kings Bräu,Embalagem de 10x25 cl,"1,99 €/L","1,99 €/L"
"Tablete de chocolate, black-white",Schogetten,Embalagem de 100g,"5,30 €/Kg","5,30 €/Kg"
"Refresco em pó, ananás",Tang,Embalagem de 30g,"0,83 €","27,67 €/Kg"
Edredão + almofada,Analar,Dim.: 260 x 240 cm,"29,99 €","29,99 €/Unidade"
"Toalhitas intimas, 20 unidades",Labell,Uma embalagem,"2,89 €","2,89 €/Unidade"
Autobrilhante Incolor,Búfalo,Embalagem de 50 ml,"2,25 €","45,00 €/L"
Vinho regional tejo,Plexus,Garrafa de 750 ml,"2,29 €","3,05 €/L"
Gronola de aveia chocolate,Nestle,Embalagem de 300g,"5,59 €","8,87 €/Kg"
Peskitos de pescada panados,Pescanova,Embalagem de 1 Kg,"9,30 €/Kg","9,30 €/Kg"
Queijo brie cunhas 60%,President,Embalagem de 200 g,"1,45 €","7,25 €/Kg"
Gel WC Flores,Neoblanc,Embalagem de 700 ml,"2,79 €","3,99 €/L"
Chá preto,Tetley,Embalagem de 20g,"41,67 €/Kg","41,67 €/Kg"
Pasta de atum,Fides,Embalagem de 90g,"1,99 €","22,11 €/Kg"
Néctar clássico tutti-frutti,Compal,330 ml,"1,69 €","1,69 €/L"
Pescada da Africa do Sul,Peixe Congelado,Pescado no mar,"3,99 €/Kg","3,99 €/Kg"
Aperitivos de amendoim com sal e mel,Matutano,Embalagem de 150g,"2,29 €","11,45 €/Kg"
Creme de cassis,P.dabot,Garrafa de 700 ml,"4,99 €","7,13 €/L"
Iogurte activia líquido kiwi,Danone,Embalagem de 4 x 155 g,"3,21 €/Kg","3,21 €/Kg"
Molho bechamel,Parmalat,Embalagem de 200 ml,"1,12 €","5,60 €/L"
Vela em número nº5,PorSi,1 unidade,"0,80 €","0,80 €/Unidade"
Ambientador vela duo exotic baunilha,Air Wick,Embalagem de 210g,"9,49 €","45,19 €/Kg"
Tónico de limpeza age perfect,L'oreal,Embalagem de 200 ml,"23,70 €/L","23,70 €/L"
Vinho bag-in-box tinto,C.alqueva,Garrafa de 5 l,"8,99 €","1,80 €/L"
Mortadela de peru com azeitonas,Campofrio,Embalagem de 140g,"1,99 €","14,21 €/Kg"
Ambientador para a máquina da loiça de lima e limão,Finish,embalagem com 2 un.,"9,98 €/Unidade","9,98 €/Unidade"
Achocolatado em saco,Nesquik,Embalagem de 1 kg,"5,59 €","6,99 €/Kg"
Beringela,Legumes do Dia,1 un=400 gr (aprox.),"0,62 €","2,49 €/Kg"
Gel Banho Excite,Axe,Embalagem de 400 ml,"5,99 €","14,98 €/L"
Bolachas crackers c/ sal,Du bois,Embalagem de 500g,"3,69 €","7,38 €/Kg"
Sumo essencial de pêssego,Compal,pack 3 x 0.11 l,"2,29 €","6,94 €/L"
Porto ruby,Valadao,Garrafa de 750 ml,"6,65 €/L","6,65 €/L"
Fermento de padeiro em pó,Fermipan,Embalagem de 4x11 g,"0,75 €","15,00 €/Kg"
Cápsulas de café delta qualidus,Delta Q,Embalagem de 60g,"54,36 €/Kg","54,36 €/Kg"
"Pastilhas fruit, frutos silvestres",Trident,Embalagem de 15 g,"0,89 €","59,33 €/Kg"
Caderno Agrafado A4 Pautado,Ambar,80 folhas,"1,39 €","1,39 €/Unidade"
Bacalhau com natas,PorSi,Embalagem de 250 g,"11,96 €/Kg","11,96 €/Kg"
Pasta de Moldar Terracota,DAS,Embalagem com 1 kg,"2,19 €","109,50 €/L"
Feijão preto,Caçarola,Embalagem de 500 g,"2,78 €/Kg","2,78 €/Kg"
Café torrado 5 estrelas moagem grossa,Sical,Embalagem de 250g,"9,16 €/Kg","9,16 €/Kg"
Guardanapos Gold 2 folhas,Renova,Dim.: 39x39cm,"1,39 €","1,39 €/Unidade"
Óleo alimentar,Vêgê,Embalagem de 1 l,"7,89 €","2,63 €/L"
Leite corporal,Nivea,Embalagem de 400 ml,"12,48 €/L","12,48 €/L"
Comida húmida para gato júnior,PorSi,Embalagem de 4 x 100 g,"2,89 €","7,23 €/Kg"
Chocolate em pó Starbucks 42% cacau,STARBUCKS,Embalagem de 330g,"5,59 €","6,99 €/Kg"
"Esferográfica cristal, 5 Uni",Bic,1 unidade,"2,69 €","2,69 €/Unidade"
Barras fitness com chocolate,Nestle,Embalagem de 140g,"5,59 €","8,87 €/Kg"
Farelo de aveia,Salutem,Embalagem de 200g,"2,29 €","15,27 €/Kg"
Ameijoa Branca Vietnamita,Marisco Congelado,Vendido a partir de 250 gr  (aprox.),"1,99 €/Kg","1,99 €/Kg"
Creme de fixação para dentaduras,Labell,Embalagem de 50 g,"9,79 €","122,38 €/Kg"
"Batata frita caseira, rodela",Pala-pala,Embalagem de 180g,"1,69 €","9,39 €/Kg"
Arroz agulha,Saludães,Embalagem de 1kg,"0,99 €/Kg","0,99 €/Kg"
Uno cartas,Mattel,1 unidade,"9,99 €/Unidade","9,99 €/Unidade"
Torresmos soltos,PorSi,Embalagem de 200 g,"1,99 €","14,21 €/Kg"
Fermento fresco,Levital,Embalagem de 50g,"0,75 €","15,00 €/Kg"
Farinha p/ bolos fina,Nacional,Embalagem de 1Kg,"1,99 €","1,99 €/Kg"
Bacalhau Especial,Bacalhau da Noruega,1 un = 4 kg (aprox.),"8,73 €/Kg","8,73 €/Kg"
Açúcar demerara,Rar,Embalagem de 500 g,"1,69 €","1,69 €/Kg"
Cem porcento-flocos de aveia grossos,Cemporcent,Embalagem de 400g,"2,99 €","7,97 €/Kg"
"Bloco de desenho A3, 24 folhas",Domédia,1 unidade,"2,29 €","2,29 €/Unidade"
Néctar 8 frutos,Bongo,Pack 6 x 200 ml,"1,69 €","1,69 €/L"
Vinho rosé,Lancers,Garrafa 0.75L,"4,29 €","5,72 €/L"
Chocolate culinário branco,Pantagruel,Embalagem de 200g,"1,64 €","13,12 €/Kg"
Manteiga sem sal,Mimosa,Embalagem de 250g,"8,56 €/Kg","8,56 €/Kg"
"Pensos diários maxiplus, 30 unidades",Evax,Uma embalagem,"2,99 €","2,99 €/Unidade"
Sal marinho grosso,Vatel,Embalagem de 1 kg,"0,39 €","0,39 €/Kg"
Bombons de Chocolate Leite,Merci,Embalagem de 250 g,"1,49 €","29,80 €/Kg"
Orelhas,Porco,1 un = 250 gr (aprox.),"0,60 €","5,99 €/Kg"
Vinho tinto doc douro,VILA REAL,Garrafa de 750 ml,"9,19 €","12,25 €/L"
Depilatório homem gel,Veet,Garrafa de 200 ml,"10,99 €","73,27 €/L"
Esfregão Fibra Verde Grande XXL Gama Classic,Scotch-Brite,Embalagem de 1 unidades,"2,54 €","2,54 €/Unidade"
"Rebuçados sem açúcar, mentho-lyus",Halls,Embalagem de 128 g,"1,69 €","16,90 €/Kg"
Ricore,Nestle,Embalagem de 260g,"1,64 €","6,56 €/Kg"
"Fermento em pó, lata",Royal,Embalagem de 110g,"0,75 €","15,00 €/Kg"
"Coloração permanente, castanho tiramissu nº4.15",Nutrisse,1 unidade,"9,49 €/Unidade","9,49 €/Unidade"
Tablete de chocolate de leite,Nestle,Embalagem de 90g,"5,30 €/Kg","5,30 €/Kg"
Iogurte 0% pedaços muesli e cereal,Longa vida,Embalagem de 4 x 120 g,"2,55 €","5,31 €/Kg"
Pensos Higiénicos Ultra Air Dry C/ Abas,Ausonia,embalagem com 14 un.,"2,69 €","2,69 €/Unidade"
Rebuçados peitorais,Villa,Embalagem de 200 g,"1,69 €","16,90 €/Kg"
3 Pipetas de Repelente p/ Gato,Repul'7,1 unidade,"9,49 €","9,49 €/Unidade"
"Borracha mini softy, pack de 3 unidades",Maped,1 embalagem,"4,29 €","4,29 €/Unidade"
Rebuçados peitorais dr. bentes mentol,Dr.bentes,Embalagem de 100g,"1,69 €","16,90 €/Kg"
Lixívia para roupa delicada,Neoblanc,Embalagem de 2 l,"2,19 €","1,10 €/L"
2 Toalhas de bidé,PorSi,30 x 50 cm,"29,99 €","29,99 €/Unidade"
Amaciador nutri-protec,Labell,Embalagem de 200 ml,"1,00 €","5,00 €/L"
Queijo cura especial barrado pimentão,Casteloes,500 g,"25,45 €/Kg","25,45 €/Kg"
Cha infusão verde,Cemporcent,Embalagem com 10 saquetas,"58,44 €/Kg","58,44 €/Kg"
Mousse chocolate leite,Alsa,Embalagem de 300g,"2,99 €","6,64 €/Kg"
Máquina de barbear sensor excel universal,Gillette,1 unidade,"1,16 €","4,64 €/L"
Pescada Pequena da Argentina -500g,Peixe Congelado,Pescado no mar,"7,89 €/Kg","7,89 €/Kg"
Atum posta em óleo,Ramirez,Embalagem de 120g,"9,08 €/Kg","9,08 €/Kg"
Chocolate signature starbucks,STARBUCKS,Embalagem de 220 ml,"3,19 €","25,52 €/Kg"
Café lote bocage grão,Nicola,Embalagem de 1 kg,"9,16 €/Kg","9,16 €/Kg"
Gelatina de morango,Royal,Embalagem de 114g,"1,99 €","17,46 €/Kg"
Meloa Canteloupe,Fruta do Dia,1un=800 g (aprox.),"0,75 €","2,99 €/Kg"
Mistura solúvel tofina despertar,Nestle,Embalagem de 200g,"1,64 €","6,56 €/Kg"
Red Fish Congelado,Nossa seleção,1 un. 200 a 300 g (aprox.),"3,99 €/Kg","3,99 €/Kg"
Café moagem universal timor,Delta,Embalagem de 220g,"9,16 €/Kg","9,16 €/Kg"
Doce de abóbora,Casa de Mateus,Embalagem de 345 g,"4,39 €","15,46 €/Kg"
Ambientador tealights frutos vermelhos,PorSi,embalagem com 18 unidades,"9,49 €","45,19 €/Kg"
Gel wc tripla ação c/ lixívia,Harpic,Garrafa de 750 ml,"3,49 €","4,65 €/L"
Manteiga sem sal terra nostra,Terra Nostra,Embalagem de 250g,"8,56 €/Kg","8,56 €/Kg"
Pão Centeio com Nozes,Garcia & Filhos,1 unidade= 400 g,"0,25 €","2,78 €/Kg"
12 nuggets frango polme americano,Capitão Iglo,Embalagem de 220g,"9,30 €/Kg","9,30 €/Kg"
"Bloco sanitário blue activ, eucalio",Sonasol,Embalagem de 50 g,"39,60 €/Kg","39,60 €/Kg"
Queijo bola fatias,Paiva,Embalagem de 180g,"5,09 €","12,73 €/Kg"
Arroz carolino,Louro,Embalagem de 1 kg,"0,99 €/Kg","0,99 €/Kg"
Concentrado de frutas tropicais,Sunquick,Garrafa de 700 ml,"4,79 €","8,26 €/L"
"Queijo light, 8 porções",A Vaca Que Ri,Embalagem de 140 g,"5,29 €","13,23 €/Kg"
Lava tudo limão verde,Cif,"Garrafa de 1,4 l","9,19 €","2,30 €/L"
Bolo de Arroz 70 g,*,,"0,30 €/Unidade","0,30 €/Unidade"
Pensos Incontinência Mulher Discreet Normal,Tena,Embalagem com 24 unidades,"7,99 €","7,99 €/Unidade"
Tomate coração de boi categoria: II,*,Vendido ao peso,"0,87 €","3,49 €/Kg"
Sical 5est café moido,Sical,Embalagem de 220g,"9,16 €/Kg","9,16 €/Kg"
"Caramelos de fruta, morango single",Sugus,Embalagem de 50g,"2,75 €","11,00 €/Kg"
20 saquetas chá noite tranquila,Lipton,Embalagem de 30g,"58,44 €/Kg","58,44 €/Kg"
Arroz longo extra integral,Cacarola,Embalagem de 1 kg,"0,93 €/Kg","0,93 €/Kg"
Feijao branco fidalgo,Caçarola,Embalagem de 500 g,"2,78 €/Kg","2,78 €/Kg"
Drageias de chocolate single,MALTESERS,Embalagem de 40g,"11,98 €/Kg","11,98 €/Kg"
"Máquina depiladora descartável, Blue II Feminina",Gillette,Embalagem de 5+1 unidades,"4,29 €","4,29 €/Unidade"
Bolsinhas Perfumadas Anti Traça de Lavanda,Dum Dum,34 g,"5,99 €","176,18 €/Kg"
Croissant Brioche 85 g,Pastelaria do Dia,,"0,30 €/Unidade","0,30 €/Unidade"
Oreo flavors cookies birthday party rollpack 154 gr,Oreo,Embalagem de 150g,"1,49 €","9,68 €/Kg"
Caramelo líquido,Royal,Embalagem de 400g,"2,69 €","6,73 €/Kg"
Lulas recheadas,Piteu,Embalagem de 120g,"9,08 €/Kg","9,08 €/Kg"
Café solúvel creme,Nescafe,Embalagem de 100g,"1,14 €","57,00 €/Kg"
Couve Penca (Portuguesa),Legumes do Dia,1 un= 1 kg (aprox.),"1,49 €","0,99 €/Kg"
Café moagem universal angola,Delta,Embalagem de 220g,"9,16 €/Kg","9,16 €/Kg"
Caderno Agrafado Capa Preta |A4 Pautado,Domédia,1 unidade,"1,39 €","1,39 €/Unidade"
Pescada Média Argentina,Peixe Congelado,+ de 500 g,"3,99 €/Kg","3,99 €/Kg"
Bebida de soja,Shoyce,Embalagem de 1 litro,"2,49 €","2,49 €/L"
Nestum chocolate,Nestum,Embalagem de 250g,"2,19 €","8,76 €/Kg"
Nêspera,Fruta da Época,1 un = 250 gr  (aprox.),"2,29 €/Kg","2,29 €/Kg"
O Meu Primeiro Monopoly,Monopoly,,"9,99 €/Unidade","9,99 €/Unidade"
"Bolachas aperitivas, simples",Tuc,Embalagem de 100g,"1,49 €","7,84 €/Kg"
Borracha para lápis e tinta,Domédia,1 unidade,"4,29 €","4,29 €/Unidade"
"Luva Nitrilica, anti-Deslizante, Nr.9",Itools,1 unidade,"1,99 €","1,99 €/Unidade"
Nutella,Nutella,Embalagem de 700g,"8,54 €/Kg","8,54 €/Kg"
Creme de corpo exfoliante,Labell,Embalagem de 150 ml,"23,70 €/L","23,70 €/L"
Bolacha de canela,Snapy,Embalagem de 250g,"2,11 €/Kg","2,11 €/Kg"
Cerveja com álcool,Sagres,Garrafa de 20 cl,"1,99 €/L","1,99 €/L"
18 hamburguers s/ glúten vaca,Capitão Iglo,Pack familiar com 1.4 kg,"9,50 €/Kg","9,50 €/Kg"
Bife da Alcatra,Novilho,1 un = 250 gr (aprox.),"3,00 €","5,99 €/Kg"
Açúcar fino,Rar,Embalagem de 1000 g,"1,69 €","1,69 €/Kg"
"Óleo de girassol, 3 a's",Fula,Embalagem 1L,"7,89 €","2,63 €/L"
Autobrilhante Preto,Búfalo,Embalagem de 50 ml,"2,25 €","45,00 €/L"
Desodorizante spray sport 48h,Labell Men,Embalagem de 200 ml,"1,39 €","6,95 €/L"
Ameixa Vermelha,Fruta da Época,1 un = 250 gr  (aprox.),"0,24 €","1,59 €/Kg"
Sangria pet,Don Simon,"Garrafa de 1,5 l","2,19 €","1,46 €/L"
Ambientador vela duo maçã,Air Wick,Embalagem de 210g,"9,49 €","45,19 €/Kg"
Massa p/ pizza,Pasta dia,Embalagem de 230g,"3,49 €","13,96 €/Kg"
Brandy,Macieira,Garrafa de 1 l,"11,99 €","17,13 €/L"
Pescada do Pacífico,Peixe Congelado,"Congelada de 1 a 1,5 kg","3,99 €/Kg","3,99 €/Kg"
Infusão cidreira,PorSi,Embalagem de 40g,"0,99 €","76,15 €/Kg"
Lambrusco tinto,*,Garrafa de 750 ml,"2,29 €","3,05 €/L"
Infusão cidreira,Cemporcent,Embalagem de 10 unidades,"0,99 €","76,15 €/Kg"
"Queijo light, 16 unidades",A Vaca Que Ri,Embalagem de 280g,"5,29 €","13,23 €/Kg"
Detergente líquido máquina de roupa lavanda,PorSi,86 Doses,"14,99 €","3,53 €/L"
Bebida de aveia,Shoyce,Embalagem de 3 x 200 ml,"2,19 €","2,19 €/L"
Creme de dia para pele normal,Labell,Embalagem de 50 ml,"2,99 €","59,80 €/L"
Água sem gás,Luso,Garrafa de 330 ml,"1,79 €","1,19 €/L"
Bolachas de aveia,Triunfo,Embalagem de 190g,"1,49 €","7,84 €/Kg"
Infusão de camomila,PorSi,Embalagem de 33.7 g,"0,99 €","76,15 €/Kg"
Moscatel do douro aperitivo,Favaito,pack: 10 x 55 ml,"6,79 €/L","6,79 €/L"
Ambientador arbremagique baunilha,Arbre Magique,1 unidade,"3,99 €","3,99 €/Unidade"
Guardanapos Decorados,Scottex,Embalagem 50 Unidades,"1,39 €","1,39 €/Unidade"
Tostas sem glúten,Schar,Embalagem de 150g,"2,39 €","6,83 €/Kg"
Celicau Sem glúten,Salutem,Embalagem de 250g,"2,99 €","7,97 €/Kg"
Spray fornos e grelhadores,Cif,435 ml,"4,99 €","11,47 €/L"
Creme custard baunilha,Condi,Embalagem de 150g,"1,69 €","8,45 €/L"
Creme anti-rugas reafirmante,Diadermine,Embalagem de 50 ml,"2,99 €","59,80 €/L"
"Queijo, 16 porções",A Vaca Que Ri,Embalagem de 280g,"4,68 €","11,70 €/Kg"
Leite de pastagem magro,Terra Nostra,Embalagem de 1 litro,"0,95 €","0,95 €/L"
Creme Depilatório Men Peles Sensíveis,Veet,Embalagem de 200 ml,"3,11 €","3,11 €/Unidade"
Café moagem universal portugal,Delta,Embalagem de 250g,"9,16 €/Kg","9,16 €/Kg"
Queijo Camembert,President,Embalagem de 250 g,"1,45 €","7,25 €/Kg"
Guardanapos Red Label 1 folha |Vermelho,Renova,Dim: 30x32cm |70 unidades,"1,39 €","1,39 €/Unidade"
Tablete de chocolate leite,Nestle,Embalagem de 130g,"5,30 €/Kg","5,30 €/Kg"
Bebida coco,Alpro,Embalagem de 1L,"2,49 €","2,49 €/L"
Sabonete glicerina natural,Palmolive,Embalagem de 90 g,"4,49 €","12,47 €/Kg"
"Queijo flamengo, ralado",Terra Nostra,Embalagem de 150g,"7,45 €/Kg","7,45 €/Kg"
Cápsulas de café qharisma,Delta Q,Embalagem de 60g,"54,36 €/Kg","54,36 €/Kg"
Creme culinário de soja,Shoyce,Garrafa de 200 ml,"1,39 €","6,95 €/L"
Espumante sem álcool para crianças,Look,Garrafa de 750 ml,"0,40 €/L","0,40 €/L"
Batata pom'duchesse,PorSi,Embalagem de 600g,"2,48 €/Kg","2,48 €/Kg"
Vodka,ON/OFF,Garrafa 0.70L,"8,80 €","12,57 €/L"
"Napolitana de cacau, 5 unidades",Dulcesol,Embalagem de 200g,"1,00 €","6,25 €/Kg"
"Carteira etiquetas, 24x35",Domédia,1 unidade,"2,29 €","2,29 €/Unidade"
Livro Hot Wheels,Europrice,,"5,99 €/Unidade","5,99 €/Unidade"
Sabonete líquido maçãs verdes,Labell,Embalagem de 500 ml,"2,18 €/L","2,18 €/L"
Esferográfica Preta Média,Mab,Embalagem com 4 un.,"2,69 €","2,69 €/Unidade"
Azeite,Oliveira da Serra,Embalagem de 750 ml,"5,19 €/L","5,19 €/L"
Bloco Sanitário Sólido Aqua,Sonasol,Embalagem de 2x50 g,"39,60 €/Kg","39,60 €/Kg"
Truta de Viveiro,Programa Origens,"Fresca, vendida ao peso | 1 un.=300 g (aprox.)","6,49 €/Kg","6,49 €/Kg"
Tablete de chocolate de preto,Nestle,Embalagem de 90g,"5,99 €","24,96 €/Kg"
Vitamina c,PLANTANATU,Embalagem de 1 unidades,"6,59 €","6,59 €/Unidade"
Cebola Amarela,Nossa seleção,1 un = 500 gr (aprox.),"0,25 €","0,99 €/Kg"
Sangria branca,Don Simon,"Garrafa de 1,5 l","2,19 €","1,46 €/L"
Na-far pão caseiro 6kg,Nacional,Embalagem de 1 kg,"1,99 €","1,99 €/Kg"
Empada de Frango 60 g,Fornada do Dia,,"0,65 €","0,65 €/Unidade"
Bolacha de manteiga belga c/ chocolate,Saborosa,Embalagem de 200g,"10,00 €/Kg","10,00 €/Kg"
Whisky heritage blend,Logan,Garrafa de 700 ml,"32,99 €","47,13 €/L"
Skinny latte sem açúcar e sem lactose,STARBUCKS,embalagem de 220 ml,"2,19 €","2,19 €/L"
Pasta dentífrica herbal,Colgate,Embalagem de 75 ml,"2,29 €","38,17 €/L"
"Gel depilatório, peles sensiveis",Labell,Embalagem de 200 ml,"10,99 €","73,27 €/L"
Dettol sabonete líquido aloe vera x 12,Dettol,Garrafa de 250 ml,"2,18 €/L","2,18 €/L"
Batata frita lisas originais,Lay's,Embalagem de 160g,"2,75 €","9,75 €/Kg"
Paloco desfiado do pacifico,Peixe Fresco,Embalagem de 400 g,"8,73 €/Kg","8,73 €/Kg"
"Creme para mãos, caixa familiar",Nivea,Embalagem de 250 ml,"1,03 €","10,30 €/L"
Sementes de linhaça,Cemporcent,Embalagem de 250G,"1,39 €","9,27 €/Kg"
Puzzle Animais Disney,Clementoni,2 x 20 peças,"9,99 €/Unidade","9,99 €/Unidade"
Patê frango,La piara,Embalagem de 80g,"1,99 €","22,11 €/Kg"
Bloco Sanitário Poder Activo Aqua,Sonasol,Embalagem de 50 g,"39,60 €/Kg","39,60 €/Kg"
Bebida láctea crescimento c/ bolacha maria,Nestle,Embalagem de 1 litro,"1,39 €/L","1,39 €/L"
Queijo 3 Igrejas Cura 2m Pimentão,Santiago,Vendido ao peso a partir de 250 gr,"25,45 €/Kg","25,45 €/Kg"
Bolacha diet nature recheio creme,Gullon,Embalagem de 210g,"1,49 €","9,68 €/Kg"
Café moído torrado aroma bellissimo,Belissimo,Embalagem de 200g,"9,16 €/Kg","9,16 €/Kg"
"Refrigerante com gás, ananás",Sumol,"Garrafa de 1,25 l","0,40 €/L","0,40 €/L"
Mistolin advanced anticalcário,Mistolin,Garrafa de 500 ml,"4,99 €","11,47 €/L"
Açúcar mascavado claro,Rar,Embalagem de 500 g,"1,69 €","1,69 €/Kg"
Alface Roxa,Programa Origens,1 un= 400 g ( aprox.),"0,80 €","1,99 €/Kg"
Farinheira de Sousel,PorSi,1 un = 120 g (aprox.),"8,99 €/Kg","8,99 €/Kg"
Bebida Energética Apple,Hell,250 ml,"5,39 €","5,39 €/L"
"Queijo flamengo, fatias",Paiva,Embalagem de 180 g,"5,09 €","12,73 €/Kg"
Pastilhas 60 minutos Peppermint Botlle,Trident,Embalagem com 80g,"0,89 €","59,33 €/Kg"
Queijo fresco petits suisses  40% mg,Páturages,Embalagem 6X60G,"8,58 €/Kg","8,58 €/Kg"
Néctar clássico laranja,Compal,Embalagem de 1 l,"1,69 €","1,69 €/L"
Bechamel sem glúten,Parmalat,500 ml,"1,12 €","5,60 €/L"
Bolacha princesa chocolate,Vieira,Embalagem de 200 g,"10,29 €/Kg","10,29 €/Kg"
Polvilho doce,Do Brasil,500 g,"1,99 €","1,99 €/Kg"
Sabonete leite & mel,Palmolive,Embalagem de 4x90 g,"4,49 €","12,47 €/Kg"
Penso de incontinência boutique mini,Ausonia Discreet,Embalagem de 16 un.,"7,99 €","7,99 €/Unidade"
Esfregão c/ Esponja Salva Unhas Ergonómico / Confort...,Scotch-Brite,Embalagem de 2 unidades,"2,54 €","2,54 €/Unidade"
Creme para barrar,Nutella,Embalagem de 200 g,"8,54 €/Kg","8,54 €/Kg"
Moelas,Frango,1 un = 200 gr (aprox.),"0,60 €","5,99 €/Kg"
Chouriço de carne corrente,Porminho,Embalagem de 200g,"13,99 €/Kg","13,99 €/Kg"
Vinh do porto ruby,Cruz,Garrafa de 750 ml,"6,65 €/L","6,65 €/L"
Gelatina pronta a comer ananás,Royal,Embalagem de 4 x 100 g,"2,29 €","5,73 €/Kg"
Eau de Toilette Hidden Paradise,B.U.,50 ml,"11,99 €","79,93 €/L"
Barras fitness com morango,Nestle,Embalagem de 140g,"5,59 €","8,87 €/Kg"
Chambão/Nispo,Novilho,Vendido ao peso a partir de 500 gr,"3,00 €","5,99 €/Kg"
Champô Anti-Caspa,Pantene,360 ml,"12,48 €/L","12,48 €/L"
Esferográfica Azul Média,Mab,Embalagem com 4 un.,"2,69 €","2,69 €/Unidade"
Topping chocolate belga,Branca de neve,Embalagem de 390g,"2,69 €","6,73 €/Kg"
Naperon redondo 35 cm,PorSi,Embalagem com 6 unidades,"1,10 €","1,10 €/Unidade"
Prepar arroz marisco sem gluten cv 0.8kg,Brasmar,Embalagem de 800g,"7,86 €/Kg","7,86 €/Kg"
Farinha para bolos super fina,B.neve,Embalagem de 1 kg,"1,99 €","1,99 €/Kg"
Fraldas de Incontinência Elásticos Médias,Lindor,20 Unidades,"9,99 €","9,99 €/Unidade"
Vinho do porto lágrima tinto,Ramos Pinto,"Garrafa de 0,75L","6,29 €","8,39 €/L"
Alho Francês,Legumes do Dia,1 un=300 gr (aprox.),"0,75 €","2,49 €/Kg"
Super homem,PLANTANATU,Embalagem de 1 unidades,"6,59 €","6,59 €/Unidade"
Queijo de ovelha curado amanteigado,Seia,Embalagem de 500g,"8,99 €","17,98 €/Kg"
"Combinado Fiambre,Queijo e Carne",Pastelaria do Dia,,"0,65 €","0,65 €/Unidade"
Chá de alcachofra e dente-de-leão,PLANTANATU,Embalagem de 20g,"1,19 €","1,19 €/Unidade"
Vinho tinto cotes du rhone,Expert Club,Garrafa de 75 cl,"2,09 €","2,79 €/L"
Leite C/ Chocolate,Mimosa,Embalagem de 4 x 200 ml,"1,79 €/L","1,79 €/L"
Gel Play Morango,Durex,Embalagem de 50 ml,"4,49 €","4,49 €/Unidade"
Spray silicone,Arbo,Embalagem de 600 ml,"3,99 €","0,80 €/L"
Vinagre balsâmico branco,Gallo,Garrafa de 250 ml,"1,59 €","3,18 €/L"
Maçã Pink Lady 70/75,Fruta do Dia,1 un = 150 gr (aprox.),"0,16 €","0,89 €/Kg"
Folhado de Chocolate 60 g,PorSi,,"0,30 €/Unidade","0,30 €/Unidade"
Vinho verde branco,3 marias,Garrafa de 1 l,"3,09 €","3,09 €/L"
Bolachas com recheio baunilha,PorSi,Embalagem de 500g,"2,78 €/Kg","2,78 €/Kg"
Tablete de chocolate leite bubbly,Milka,Embalagem de 90g,"5,30 €/Kg","5,30 €/Kg"
"Vela em número, nº 7",PorSi,1 unidade,"0,80 €","0,80 €/Unidade"
Cappucinno,PorSi,Embalagem de 125 g,"3,19 €","25,52 €/Kg"
Vinagre de limpeza,Dona Pureza,Embalagem de 1 l,"0,79 €","0,79 €/L"
Queijo curado alho e salsa,Nova Açores,Vendido ao peso,"0,82 €","23,43 €/Kg"
M&m's drageias de caramelo salgado e chocolate de le...,M&m's,Embalagem de 160g,"11,98 €/Kg","11,98 €/Kg"
Mistolin tira gorduras desinfetante,Mistolin,Garrafa de 550 ml,"4,99 €","11,47 €/L"
Batata frita forno camponesas,Lay's,Embalagem de 130g,"2,99 €","17,09 €/Kg"
Eau De Toilette Homen Nº 56,Caravan,pack: 150ML+Deo 150ML,"5,99 €","14,98 €/L"
Detergente Líquido p/ Loiça Original,Fairy,"Embalagem de 1,19 l","3,19 €","4,91 €/L"
Yaos iogurte açucarado,Nestle,Embalagem de 4x110g,"7,66 €/Kg","7,66 €/Kg"
Desinfetante p/ WC,Sanytol,Embalagem de 750 ml,"3,49 €","4,65 €/L"
Preparo para bolo de chocolate,Branca de Neve,Embalagem de 450g,"1,69 €","8,45 €/L"
Cerveja c/ álcool,Sagres,pack 30 x 0.25 L,"1,99 €/L","1,99 €/L"
Copos de Shot,Aj simoes,12 copos,"1,10 €","1,10 €/Unidade"
Espirais s/ glúten,Milaneza,Embalagem de 500g,"2,99 €","7,97 €/Kg"
Mistura para aves,Rac.zezere,Embalagem de 5 kg,"4,24 €","0,85 €/Kg"
Infusão nº 5 emagrecimento,Cemporcent,Embalagem de 10 unidades,"0,99 €","76,15 €/Kg"
Melão Verde,Fruta da Época,Vendido ao peso | 1 un = 4kg (aprox.),"0,75 €","2,99 €/Kg"
Manga Barco,Fruta do Dia,1 un = 500 gr (aprox.),"2,29 €/Kg","2,29 €/Kg"
Nectar clássico maracujá,Compal,Garrafa de 1 l,"1,69 €","1,69 €/L"
Toranja,Fruta do Dia,1 un = 300 gr  (aprox.),"0,50 €","1,99 €/Kg"
Leite uht magro,Gresso,Embalagem de 1 litro,"0,95 €","0,95 €/L"
Vinho branco,PorSi,embalagem de 1 litro,"0,85 €/L","0,85 €/L"
"Lixívia para roupa, azul, tradicional",Neoblanc,Embalagem de 1 l,"2,59 €","1,30 €/L"
Chupeta anatómico +6 meses,Neo Baby,Embalagem com 2 unidades,"4,99 €","4,99 €/Unidade"
Creme abrasivo ativo c/ lixívia,Cif,Garrafa de 700 ml,"4,99 €","7,13 €/L"
Hambúrguer de cogumelos,Cemporcent,Embalagem de 160g,"0,69 €","0,69 €/Kg"
Creme fixação para dentaduras,Polident,Embalagem de 70 g,"9,79 €","122,38 €/Kg"
Manteiga pasteurizada com sal cuvet,Primor,Embalagem de 250g,"8,56 €/Kg","8,56 €/Kg"
Queijo Raclette Fatias,Páturages,Embalagem de 400 g,"5,09 €","12,73 €/Kg"
Café torrado e moído 16 pastilhas,Sical,Embalagem de 104g,"54,36 €/Kg","54,36 €/Kg"
Chá infusão nº3 prostal control,Cemporcent,Embalagem de 13g,"58,44 €/Kg","58,44 €/Kg"
"Elixir bocal, menta",Labell,Embalagem de 500 ml,"5,99 €","11,98 €/L"
Queijo dop cura 4 meses fatias,Sao jorge,Embalagem de 400g,"3,29 €","13,15 €/Kg"
Bolachas chiquilin energy,Artiach,Embalagem de 200g,"10,00 €/Kg","10,00 €/Kg"
Chá gordura localizada,PLANTANATU,Embalagem de 10 unidades,"1,19 €","1,19 €/Unidade"
Semente linhaça castanha,Salutem,Embalagem de 250g,"2,29 €","15,27 €/Kg"
"Alimento para cão júnior bio complex, com frango",HappyOne,Embalagem de 4 kg,"1,15 €/Kg","1,15 €/Kg"
Atum em azeite,Ramirez,Embalagem de 120g,"9,08 €/Kg","9,08 €/Kg"
Natas uht 3 queijos,Parmalat,Embalagem de 200 ml,"1,12 €","5,60 €/L"
Chupas geladitos polaretti,Dolfin,Embalagem de 400 ml,"1,99 €","4,98 €/L"
Tablete de chocolate branco,Schogetten,Embalagem de 100g,"0,99 €","9,90 €/Kg"
"Escova dentes, rotativa global, dura, 2 unidades",Labell,1 embalagem,"4,99 €","4,99 €/Unidade"
20 saquetas infusão camomila,Lipton,Embalagem de 10g,"0,99 €","76,15 €/Kg"
Vinho doc dão tinto,Santar,Garrafa de 0.75 l,"7,49 €","9,99 €/L"
Tosta integral,Diatosta,Embalagem de 510 g,"2,59 €","5,08 €/Kg"
Papel Fotocópia A4 |80g,Navigator,,"2,29 €","2,29 €/Unidade"
Gel Styling Casual Black,Axe,Embalagem de 75 ml,"5,99 €","14,98 €/L"
Leite especial cálcio + vitamina d magro,Mimosa,Garrafa de 1 l,"0,94 €/L","0,94 €/L"
Peito de peru forno a lenha,Primor,"Vendido ao peso, fatiado a partir de 100 gr","1,29 €","12,89 €/Kg"
Gel de banho júnior maçã e pera,Labell,Embalagem com 300 ml,"1,99 €","1,99 €/Unidade"
Inseticida Aerossol Rapid Moscas e Mosquitos,Raid,1 Embalagem 600ml,"5,09 €","8,48 €/L"
"Baton, soft rosa",Labello,Embalagem de 5 g,"2,29 €","458,00 €/Kg"
Leite com chocolate original,Ucal,Embalagem de 6 x 250 ml,"1,79 €/L","1,79 €/L"
Café solúvel intenso,Delta,Embalagem de 100g,"1,14 €","57,00 €/Kg"
3 Pipetas de Repelente p/ Gato,Repul'7,1 unidade,"8,49 €","1,70 €/L"
Lasanha bolonhesa,Iglo,Embalagem de 300g,"4,70 €/Kg","4,70 €/Kg"
Cápsulas de café qharacter,Delta Q,Embalagem de 60g,"54,36 €/Kg","54,36 €/Kg"
"Alimento húmido para cão, galinha e cordeiro",Pedigree,Embalagem de 400g,"4,85 €/Kg","4,85 €/Kg"
Coroa de Natal,*,Dim.: 40 cm,"12,99 €/Unidade","12,99 €/Unidade"
Gomas de fresas selvagens,Fini,Embalagem 100G,"0,99 €","9,90 €/Kg"
Sal Himalaias Grosso,Origens Bio,1 Embalagem 500G,"0,39 €","0,39 €/Kg"
Farinha s/ glúten p/ pão,Schar,Embalagem de 1 kg,"1,99 €","1,99 €/Kg"
Limpa pavimentos flutuantes,PorSi,Embalagem de 1 litro,"4,99 €","11,47 €/L"
Filetes primavera alecrim e sal marinho,Iglo,Embalagem de 230g,"7,89 €/Kg","7,89 €/Kg"
Lion barra cereais  25g,Nestle,Embalagem de 150g,"3,45 €","26,54 €/Kg"
Vinagre de sidra,Cristal,Garrafa de 500 ml,"1,59 €","3,18 €/L"
Creme Muda Fralda,Baby Dove,Embalagem de 45 g,"6,99 €","34,95 €/L"
Spray power&shine casa de banho,Cif,Garrafa de 750 ml,"0,79 €","0,79 €/L"
Boneca Caty 85 cm,Vicam,1 unidade,"27,99 €/Unidade","27,99 €/Unidade"
Espumoso moscato,Selecção de Enófilos,"Garrafa de 0,75 l","3,99 €","5,32 €/L"
"Pandorino cacau, 4 unidades",Dulcesol,Embalagem de 240g,"1,00 €","6,25 €/Kg"
Desentupidor canos,Mr.muscle,Embalagem de 1 l,"4,49 €","5,99 €/L"
Infusão de menta,Tetley,Embalagem de 10g,"0,99 €","76,15 €/Kg"
Queijo flamengo,Novacores,Embalagem de 320g,"0,88 €","8,79 €/Kg"
Café Clássico,PorSi,10 cápsulas,"54,36 €/Kg","54,36 €/Kg"
Pão clássico sem glúten,Schar,Embalagem de 300g,"2,99 €","8,08 €/Kg"
"Vinho branco, denominação de origem controlada, dour...",VILA REAL,Garrafa de 750 ml,"9,19 €","12,25 €/L"
Hortelã-menta vaso aromáticas vivas,Aroma viva,Embalagem de 1 unidades,"1,09 €","36,33 €/Kg"
"Recarga ambientador eléctrico, alfazema",PorSi,Embalagem de 25 ml,"1,79 €","1,79 €/Unidade"
Bebida de cereais e café mokambo intenso,Nestle,Embalagem de 180g,"1,64 €","6,56 €/Kg"
Frutapura maçã e pera,Bledina,Embalagem de 4 x 95g,"5,42 €/Kg","5,42 €/Kg"
Iogurte líquido yoggi morango/banana,Nestle,Embalagem de 4 x 160 g,"5,97 €/Kg","5,97 €/Kg"
Bandas cera depilatórias corpo pele sensível,Labell,40 unidades,"3,11 €","3,11 €/Unidade"
Creme vegetal soja,Planta,Embalagem de 250 gr,"2,09 €","8,36 €/Kg"
"Bloco sanitário power 5, lime",Domestos,Embalagem de 1 unidades,"39,60 €/Kg","39,60 €/Kg"
Puzzle Spiderman,Clementoni,2 x 60 peças,"15,99 €/Unidade","15,99 €/Unidade"
Frutos silvestres lata,Koala,Embalagem de 415 g,"2,79 €","4,92 €/Kg"
Tablete de chocolate leite c/ avelãs,Milka,Embalagem de 270g,"10,89 €/Kg","10,89 €/Kg"
Recarga p/ Esfregona |Eco,Vileda,,"8,00 €","8,00 €/Unidade"
Cereais fitness chocolate,Nestle,Embalagem de 380g,"5,59 €","8,87 €/Kg"
"Espumante cava bruto, reserva",Freixenet,Garrafa de 750 ml,"8,49 €","11,32 €/L"
Gomas funky mix,Haribo,Embalagem de 100g,"0,99 €","9,90 €/Kg"
Líquido wc duraguard pinho da montanha,Harpic,Garrafa de 750 ml,"3,49 €","4,65 €/L"
Leite especial cálcio + vitamina d m/g,Mimosa,Garrafa de 1 l,"0,94 €/L","0,94 €/L"
Queijo em fatias,Terra Nostra,Embalagem de 400g,"5,09 €","12,73 €/Kg"
Queijo Flamengo em Barra,Terra Nostra,1 un = 150 gr (aprox.),"0,88 €","8,79 €/Kg"
Nestum zero arroz,Nestum,Embalagem de 250 g,"2,19 €","8,76 €/Kg"
Escova de dentes infantil 3 a 6 anos,Labell,1 un.,"2,29 €","2,29 €/Unidade"
Spray lixívia e higiene,Cillitbang,Garrafa de 500 ml,"4,48 €/L","4,48 €/L"
Papaia Avião,Fruta do Dia,1 un = 500 g (aprox.),"2,29 €/Kg","2,29 €/Kg"
"Milhojas de cacau, 4 unidades",Dulcesol,Embalagem de 260g,"1,00 €","6,25 €/Kg"
Vinho maduro tinto,C.da eira,Garrafa de 250 ml,"0,85 €/L","0,85 €/L"
Camarão Tigre 20/30 Congelado,Nossa seleção,,"1,99 €/Kg","1,99 €/Kg"
Vinho tinto bag-in-box,Capataz,Embalagem de 5 l,"8,59 €","1,72 €/L"
Ameixa Vermelha,Programa Origens,1 un = 250 gr  (aprox.),"0,24 €","1,59 €/Kg"
Refrigerante s/ gás flórida,Sunny d,"Garrafa de 1,25 l","1,90 €","1,27 €/L"
Batata Roxa,Programa Origens,Vendido ao peso,"0,25 €","0,99 €/Kg"
Iogurte magro natural,Longa vida,Embalagem de 6 x 120 g,"2,55 €","3,54 €/Kg"
Vinho doc alentejo tinto,T.bolotas,Garrafa de 0.75 l,"2,29 €","3,05 €/L"
"Pilha alcalina, hightech lr03x4",Domédia,1 unidade,"1,99 €","1,99 €/Unidade"
Panos Esponja,Fino,3 unidades,"1,99 €","1,99 €/Unidade"
"Pensos diários, maxi, 40 unidades",Evax,Uma embalagem,"2,99 €","2,99 €/Unidade"
Alho picado,Margao,Embalagem de 60g,"0,39 €","0,39 €/Kg"
Super Cola 3 Gel,Loctite,Embalagem de 3 g,"3,19 €","3,19 €/Unidade"
Arroz Carolino,Saludães,Embalagem de 1 kg,"0,99 €/Kg","0,99 €/Kg"
"Gel para o cabelo, pasta remix",Studio Line,Embalagem de 150 ml,"5,99 €","39,93 €/L"
Pilha alcalina classic lr6x4,Domédia,1 unidade,"1,99 €","1,99 €/Unidade"
Verdinhos Pequenos,Peixe do Dia,1 un= 60 gr (aprox.),"6,49 €/Kg","6,49 €/Kg"
Areia para gato,Catsan,Embalagem com 10 litros,"8,49 €","1,70 €/L"
"Refeição pronta, boião de frango e arroz",Bledina,Embalagem de 200g,"8,35 €/Kg","8,35 €/Kg"
Queijo Curado Meio Gordo,Fonte Mourisca,Vendido ao peso a partir de 250 gr,"3,29 €","13,15 €/Kg"
Maçã Starking 70/75,Programa Origens,1 un = 150 gr (aprox.),"0,16 €","0,89 €/Kg"
Fio dental gentle suave,Sensodyne,1 unidade,"0,85 €","0,85 €/Unidade"
Infusão de frutos vermelhos,Tetley,Embalagem de 20g,"58,00 €/Kg","58,00 €/Kg"
Cola universal,Uhu,Embalagem de 20 ml,"2,19 €","109,50 €/L"
Barras de cereais golden grahams,Nestle,Embalagem de 150g,"3,45 €","26,54 €/Kg"
Osso Buco,Novilho,1un=150 gr aprox.,"3,00 €","5,99 €/Kg"
"Pasta dentífrica, proteção branqueador",Labell,Embalagem de 75 ml,"2,29 €","38,17 €/L"
Pão Rústico com Malte,Pão do Dia,1 unidade= 100 g,"0,25 €","2,78 €/Kg"
50 nuggets de frango,Capitão Iglo,Embalagem de 1042g,"9,50 €/Kg","9,50 €/Kg"
Mistura solúvel bolero,Nestle,Embalagem de 200g,"1,64 €","6,56 €/Kg"
Delta cappuccino 10x14g,Delta,Embalagem de 140g,"3,19 €","25,52 €/Kg"
Farinha para bolos fina,Branca de Neve,Embalagem de 1 kg,"1,99 €","1,99 €/Kg"
Maçã Jonagored 75/80,Programa Origens,1 un = 200 gr (aprox.),"0,16 €","0,89 €/Kg"
Muesli original,Alpen,Embalagem de 550g,"4,59 €","8,35 €/Kg"
Gomas mágicas,Fini,Embalagem de 100g,"0,99 €","9,90 €/Kg"
Meloa Galia Económica,Fruta do Dia,1 un = 1 kg (aprox.),"0,75 €","2,99 €/Kg"
Fraldas Activity | Tamanho 4 - 9-14 kg,Dodot,Embalagem 48 unidades,"9,99 €","9,99 €/Unidade"
Coelho inteiro,PorSi,Vendido ao peso,"0,94 €","2,69 €/Kg"
Creme descolorante,Veet,Garrafa de 150 ml,"10,99 €","73,27 €/L"
Pilha alcalina heightech lr6x4,Domédia,1 unidade,"1,99 €","1,99 €/Unidade"
Termo ultra dreno-volume,PLANTANATU,Garrafa de 500 ml,"6,59 €","6,59 €/Unidade"
Salsichas de Aves Extra Suculentas,Nobre,frasco de 650g,"1,49 €","7,45 €/Kg"
Gelado magnum pint amêndoas,Olá,Embalagem de 440 ml,"5,49 €","6,10 €/L"
Massa pevide,Nacional,Embalagem de 250g,"1,99 €","3,98 €/Kg"
Néctar bio laranja,Paquito,"Embalagem de 1,5 l","2,09 €","1,39 €/L"
Café em grão,Delta,Embalagem de 250g,"9,16 €/Kg","9,16 €/Kg"
Queijo mini,Babybel,Embalagem de 6x20 g,"1,45 €","7,25 €/Kg"
Whisky 12 anos,Chivas,Garrafa de 700 ml,"32,99 €","47,13 €/L"
Spray limpa inox,Cif,Garrafa de 440 ml,"4,99 €","11,47 €/L"
Leite UHT Meio Gordo,Gresso,Embalagem de 1 l,"0,79 €/L","0,79 €/L"
Comida húmida para gato duplo prazer com peixe do oc...,Gourmet Gold,Embalagem de 90g,"2,89 €","7,23 €/Kg"
Bolachas recheadas com morango e cheesecake,Oreo,Embalagem de 150g,"1,49 €","9,68 €/Kg"
6 Preservativos + Gel  Nature |2 em 1,Control,,"4,49 €","4,49 €/Unidade"
Salsichas extra suculentas de peru,Nobre,Frasco de 210g,"1,49 €","7,45 €/Kg"
Folhado de salsichas,Pastelaria do Dia,1 unidade = 110 g,"0,65 €","0,65 €/Unidade"
Pringles sour cream & onion,Pringles,Embalagem de 175g,"2,99 €","17,09 €/Kg"
Cacau em pó,Pantagruel,Embalagem de 130g,"1,64 €","13,12 €/Kg"
Cereais fitness chocolate preto,Nestle,Embalagem de 375g,"5,59 €","8,87 €/Kg"
Café moído torrado aroma originale,Belissimo,Embalagem de 200g,"9,16 €/Kg","9,16 €/Kg"
Farinha s/ glúten p/ pão,Schar,Embalagem de 1 kg,"2,99 €","7,97 €/Kg"
Sopa de feijão verde,*,Vendido ao peso,"2,69 €/Kg","2,69 €/Kg"
Óleo Performa 10W40,Galp,Embalagem de 5 l,"14,99 €","14,99 €/L"
Tira Nódoas Branqueador,Sanytol,embalagem com 450g,"3,99 €","5,70 €/L"
Caramelos de leite,Penha,Embalagem de 250g,"2,75 €","11,00 €/Kg"
Vinho verde branco,MIRANDA,"Garrafa de 0,75 l","3,09 €","3,09 €/L"
Queijo meio gordo,D. Pedro,Vendido ao peso a partir de 250 gr,"3,29 €","13,15 €/Kg"
Salsichas de aves,Nobre,Lata de 200 g,"1,49 €","7,45 €/Kg"
Vinho do Porto Branco,Velhotes,"Garrafa de 0,75 l","11,99 €","15,99 €/L"
Chocolate Extra Dark,After Eight,Embalagem de 400 g,"1,49 €","29,80 €/Kg"
Vinho rosé,Mateus,Garrafa de 750 ml,"4,29 €","5,72 €/L"
Sal Himalaias Grosso,Origens Bio,1 Embalagem 500G,"2,99 €","5,98 €/Kg"
Alface Roxa,Legumes do Dia,1 un= 400 g (aprox.),"0,80 €","1,99 €/Kg"
8 hamburguers s/ glúten vaca,Capitão Iglo,Embalagem de 640g,"9,50 €/Kg","9,50 €/Kg"
Alface Lisa,Programa Origens,1 un = 400 g (aprox.),"0,80 €","1,99 €/Kg"
Alho Seco,Programa Origens,Vendido a partir de 100 gr,"0,25 €","0,99 €/Kg"
Café em cápsulas aqtivus,Delta Q,Embalagem de 55 g,"54,36 €/Kg","54,36 €/Kg"
5 gouaches de cores primárias,Domédia,Uma embalagem,"4,29 €","4,29 €/Unidade"
Tampões Compak Pearl Super Com Aplicador,Tampax,16 unidades,"4,89 €","4,89 €/Unidade"
Rhum com coco,Malibu,Garrafa de 700 ml,"17,49 €","24,99 €/L"
Sidra maçã,Somersby,pack 4 x 0.33 l,"2,88 €","1,15 €/L"
Queijo regular,Philadelph,Embalagem de 180g,"4,68 €","11,70 €/Kg"
Azeite virgem extra dop moura,PorSi Select,Embalagem de 0.75L,"5,19 €/L","5,19 €/L"
Nectarina,Fruta do Dia,1 un = 150 gr (aprox.),"0,24 €","1,59 €/Kg"
Delícia semi-fria cheesecake,Royal,embalagem de 325 g,"1,69 €","8,45 €/L"
Queijo grana padano ralado,Galbani,Embalagem de 60 g,"7,45 €/Kg","7,45 €/Kg"
Gogo SqueeZ Snack Morango,Gogo,Embalagem de 90g,"2,29 €","6,94 €/L"
Ovos de galinha ao ar livre | Classe: M/L,Matinados,6 unidades,"1,78 €","1,78 €/Unidade"
Queijinho dadoninho petitdino de morango,Danone,Embalagem de 6 x 50 g,"8,58 €/Kg","8,58 €/Kg"
Flocos de aveia finos integrais,Cemporcent,Embalagem de 400g,"1,19 €","2,98 €/Kg"
Água s/ gás limão,Luso,Garrafa de 1 l,"1,79 €","1,19 €/L"
Conjunto Vinho tinto DOC Douro,Esteva,Conj 2X75 cl,"9,19 €","12,25 €/L"
Tisana de chá verde/limão light,Pleno,"Garrafa de 1,5 l","1,90 €","1,27 €/L"
"Bebida láctea crescimento 1-3 anos, cereais",Nestle,Embalagem de 1 litro,"1,39 €/L","1,39 €/L"
Aditivo gasolina sem chumbo,Redex,Embalagem de 250 ml,"4,99 €","19,96 €/L"
Mandioca,Legumes do Dia,1 un=500 gr (aprox.),"0,62 €","2,49 €/Kg"
Pilhas recarregáveis longa duração AAA HR03 1.2V 800...,Domédia,Embalagem com 4 unidades,"1,99 €","1,99 €/Unidade"
Pasta dentífrica gel kids,Labell,Embalagem de 50 ml,"0,99 €","0,99 €/Unidade"
Yaos coco,Nestle,Embalagem de 4x110g,"7,66 €/Kg","7,66 €/Kg"
Dentífrico infantil frutas naturais 3 aos 5 anos,Colgate,50 ml,"0,99 €","0,99 €/Unidade"
Chispe da Perna,Porco,1 un = 800 gr (aprox.),"2,39 €","2,99 €/Kg"
Lava tudo amigo dos animais,Xanpa,Embalagem de 1 l,"2,59 €","1,30 €/L"
Lata de Brilho Preto,Búfalo,Embalagem de 75 ml,"2,75 €","36,67 €/L"
Pasta de sardinha,Fides,Embalagem de 90g,"1,99 €","22,11 €/Kg"
Bolacha recheada mega duo chocolate,Gullon,Embalagem de 500g,"2,78 €/Kg","2,78 €/Kg"
Detergente Máquina Roupa Liquido Bebé,Skip,60 doses,"12,49 €/Unidade","12,49 €/Unidade"
Água c/ gás original,Frize,pack 6 x 0.25 l,"1,99 €/L","1,99 €/L"
Elixir bocal de mentol,Listerine,Embalagem de 250 ml,"5,99 €","11,98 €/L"
Grelos,Bonduelle,Embalagem de 400 g,"2,24 €","5,60 €/Kg"
Brandy  (36º),Macieira,Garrafa de 700 ml,"11,99 €","17,13 €/L"
Forma pão de ló com cano 30 cm basic,PorSi,1 un.,"6,99 €/Unidade","6,99 €/Unidade"
Pilha alcalina hightech lr20x2,Domédia,1 unidade,"1,99 €","1,99 €/Unidade"
Água com gás natural,Perrier,Embalagem de 750ml,"1,99 €/L","1,99 €/L"
Água sem gás,Luso,pack 6 x 0.5 l,"1,79 €","1,19 €/L"
Nata uht para bater,Parmalat,Embalagem de 200 ml,"1,12 €","5,60 €/L"
Feijão manteiga caçarola,Cacarola,Embalagem de 500g,"2,78 €/Kg","2,78 €/Kg"
Kit de viagem,Colgate,pasta dentífrica + escova,"2,29 €","38,17 €/L"
Gel de Banho Coconut Milk,Dove,Embalagem de 750 ml,"6,39 €/L","6,39 €/L"
Café moagem normal: original,Buondi,Embalagem de 220g,"9,76 €/Kg","9,76 €/Kg"
Leite uht gordo,Mimosa,Embalagem de 1 litro,"1,14 €","1,14 €/L"
Lambrusco rosé,Sorbello,Garrafa de 0.75 l,"2,29 €","3,05 €/L"
Lombos de salmão,PorSi,Embalagem de 300g,"7,89 €/Kg","7,89 €/Kg"
"Refresco em pó, tropical",Tang,Embalagem de 30g,"0,83 €","27,67 €/Kg"
Licor Limoncello,Vila Massa,"Embalagem de 0,50 l","16,99 €","24,27 €/L"
Gelatina light de morango,Condi,Embalagem de 2x15g,"1,99 €","17,46 €/Kg"
Iogurte activia líquido 0% lima/limão,Danone,Embalagem de 4 x 155 g,"3,21 €/Kg","3,21 €/Kg"
Néctar vital equilibrio manga/laranja,Compal,Embalagem de 1 l,"0,84 €","2,55 €/L"
Maçã 60/70 Económica,Fruta do Dia,1 un = 130 gr (aprox.),"0,16 €","0,89 €/Kg"
Callippo super mix,Olá,Embalagem de 5 x 105 ml,"4,99 €","13,86 €/L"
"Arrancadores, 2 unidades",Osram,1 embalagem,"2,59 €","2,59 €/Unidade"
Bolsa Flower + Etnic,Ambar,1 unidade,"3,49 €","3,49 €/Unidade"
Arroz carolino malandrinho,Malandrinh,Embalagem de 1 kg,"0,99 €/Kg","0,99 €/Kg"
Toucinho Fumado,PorSi,fatiado a partir de 100 gr,"1,45 €","18,13 €/Kg"
Mala criativa,Lego,1 unidade,"15,99 €/Unidade","15,99 €/Unidade"
Noodle banzai carne,Cigala,Embalagem de 70g,"1,99 €","3,98 €/Kg"
"Briochoco, 4 unidades",Dulcesol,Embalagem de 160g,"1,00 €","6,25 €/Kg"
Bife,Peru,1 un = 900 gr (aprox.),"0,94 €","2,69 €/Kg"
Sobremesa danette baunilha,Danone,Embalagem de 4 x 125 g,"1,19 €","2,59 €/Kg"
Gelado viennetta morango,Olá,Embalagem de 650 ml,"5,49 €","6,10 €/L"
Spray desengordurante cozinha,Neoblanc,Embalagem de 500 ml,"2,59 €","1,30 €/L"
Leite com chocolate light,Ucal,Embalagem de 6 x 250 ml,"1,79 €/L","1,79 €/L"
Crack.c/sal na superficie 560g,GRAN PAVES,Embalagem de 560g,"3,69 €","7,38 €/Kg"
Leite de coco condensado,Koala,Embalagem de 490 g,"4,00 €/Kg","4,00 €/Kg"
Cornflakes sem açúcar,Cemporcent,Embalagem de 250g,"1,19 €","2,98 €/Kg"
Bolachas digestive muesli,Gullon,Embalagem de 370g,"2,69 €","13,45 €/Kg"
Acendalhas Sólidas Brancas,Diprochama,,"1,19 €","1,19 €/Unidade"
"Croissants com recheio de cacau, 5 unidades",Dulcesol,Embalagem de 230g,"1,00 €","6,25 €/Kg"
Iogurte activia líquido 0% morango/kiwi,Danone,Embalagem de 4 x 155 g,"3,21 €/Kg","3,21 €/Kg"
Cereais estrelitas,Nestle,Embalagem de 550g,"5,07 €/Kg","5,07 €/Kg"
Nestum flocos de cereais integrais,Nestum,Embalagem de 250g,"2,19 €","8,76 €/Kg"
Café torrado lote chávena saco,Delta,Embalagem de 250g,"9,16 €/Kg","9,16 €/Kg"
Lasanha à bolonhesa,PorSi,Embalagem de 500G,"4,70 €/Kg","4,70 €/Kg"
Semente girassol,Salutem,Embalagem de 200g,"2,29 €","15,27 €/Kg"
Água mineral sem gás sport,Vitalis,Garrafa de 750 ml,"1,79 €","1,19 €/L"
Vinho Tinto Regional Península de Setúbal,Selecção de Enófilos,750 ml,"2,59 €","3,45 €/L"
Coca-cola zero sem cafeína,Coca-Cola,"Garrafa de 1,75 l","0,40 €/L","0,40 €/L"
Iogurte líquido yoggi banana,Nestle,Embalagem de 4 x 160 g,"5,97 €/Kg","5,97 €/Kg"
Queijo mozzarella ralado,PorSi,Embalagem de 200 g,"7,45 €/Kg","7,45 €/Kg"
Cereais cruesli chocolate,Quaker,Embalagem de 380g,"3,19 €","12,76 €/Kg"
Inseticida multi-insectos,Dum Dum,Garrafa de 400 ml,"5,09 €","8,48 €/L"
Bolachas de manteiga,PorSi,Embalagem de 200 g,"10,00 €/Kg","10,00 €/Kg"
Pilhas Alcalinas AA Optimum,Duracell,Blister 4 Pilhas,"1,99 €","1,99 €/Unidade"
Elixir total proteção placa bacteriana,Colgate,500 ml,"5,99 €","11,98 €/L"
Queijo fatias -50% gordura,Terra Nostra,Embalagem de 400g,"5,09 €","12,73 €/Kg"
Super articulações,PLANTANATU,Embalagem de 1 unidades,"6,59 €","6,59 €/Unidade"
Actimel morango-banana,Danone,Embalagem de 6 x 100 g,"4,15 €/Kg","4,15 €/Kg"
Nata uht ligeira,Páturages,Embalagem de 2X250ML,"1,12 €","5,60 €/L"
Bandas de cera fria facial,Labell,Embalagem com 20 un. + 4 toalhitas de acabamento,"3,11 €","3,11 €/Unidade"
Amaciador concentrado máquina roupa suprême glamour,Vernel,Embalagem de 1.05 l,"6,58 €","5,02 €/L"
Água sem gás,PorSi,Garrafa de 0.33 l,"1,79 €","1,19 €/L"
"Vinho doc loureiro, verde",Selecção de Enófilos,Garrafa de 0.75 l,"3,09 €","3,09 €/L"
Mousse de chocolate preto,Páturages,Embalagem de 4x60 g,"1,19 €","2,59 €/Kg"
Carne Cozer s/ Osso,Novilho,1 un = 500 gr (aprox.),"3,00 €","5,99 €/Kg"
Mignonnettes Leite,Cote D'or,Embalagem de 240 g,"5,30 €/Kg","5,30 €/Kg"
Presunto S/Osso,Pata branca,"Vendido ao peso, fatiado a partir de 200 g","3,20 €","15,99 €/Kg"
Beterraba sem Rama,Legumes do Dia,1 un=250 gr (aprox.),"0,62 €","2,49 €/Kg"
Vela em número nº4,PorSi,1 unidade,"0,80 €","0,80 €/Unidade"
Tarteletes com recheio morango,PorSi,Embalagem de 96g,"1,49 €","9,68 €/Kg"
Leite condensado,Nestle,Embalagem de 370g,"4,00 €/Kg","4,00 €/Kg"
Caramelos de fruta,Penha,Embalagem de 500 g,"2,75 €","11,00 €/Kg"
Tablete de chocolate leite/amêndoa,Nestle,Embalagem de 120g,"10,89 €/Kg","10,89 €/Kg"
Coentros,Vitacress,embalagem de 40 g,"1,09 €","36,33 €/Kg"
Filetes primavera receita original sem glúten 250g,Iglo,Embalagem de 250g,"9,30 €/Kg","9,30 €/Kg"
Robalo de Viveiro,Programa Origens,1 un= 400 gr (aprox.),"6,49 €/Kg","6,49 €/Kg"
Gelatina frutos tropicais  10kcal,Royal,Embalagem de 30g,"1,99 €","17,46 €/Kg"
Arroz agulha América do Sul,PorSi,Embalagem de 1 kg,"0,99 €/Kg","0,99 €/Kg"
Cocktail melão,Bar Royal,Garrafa de 750 ml,"11,99 €","11,99 €/L"
Liégeois Sobremesa de Café,Páturages,Embalagem de 4x100 g,"1,49 €","3,73 €/Kg"
Sumo essencial pera,Compal,pack 3 x 0.11 l,"1,69 €","1,69 €/L"
Paio York,Porminho,Embalagem 80g,"3,20 €","15,99 €/Kg"
Areia para Gato Absorvente 100% Natural,Friskies,Embalagem de 5 l,"8,49 €","1,70 €/L"
Tira nódoas em spray cores,Neoblanc,Embalagem de 700 ml,"3,99 €","5,70 €/L"
Bolacha recheada mega duo cacau,Gullon,Embalagem de 500g,"2,78 €/Kg","2,78 €/Kg"
Sidra de maçã,Somersby,pack 6 x 0.2 l,"2,88 €","1,15 €/L"
Fraldas Cuidado Total T3 6 a 10 kg,Dodot,46 unidades,"9,99 €","9,99 €/Unidade"
Bife do Pojadouro,Novilho,Vendido ao peso a partir de 800 g,"3,00 €","5,99 €/Kg"
Anti-Traça Maçã,Dum Dum,3 Unidades,"5,99 €","176,18 €/Kg"
Bolachas crackers integral,Du bois,Embalagem de 500g,"3,69 €","7,38 €/Kg"
Farinha de milho 500g,ESPIGA,Embalagem de 500g,"1,99 €","1,99 €/Kg"
Leite infantil 3+ anos sem lactose,Mimosa,Garrafa de 1 l,"2,19 €","2,19 €/L"
"Salsa em folhas, pacote",Margao,Embalagem de 10g,"0,39 €","0,39 €/Kg"
Paes de leite 10unid 350g,H.delicia,Embalagem de 350 g,"7,40 €/Kg","7,40 €/Kg"
Arroz estufado,Caçarola,Embalagem de 1 kg,"0,99 €/Kg","0,99 €/Kg"
Mistolin tira-nódoas,Mistolin,Garrafa de 500 ml,"4,99 €","11,47 €/L"
Cha infusão vermelho,Cemporcent,Embalagem com 10 saquetas,"58,44 €/Kg","58,44 €/Kg"
Vinho rosé,Gatão,Garrafa de 0.75 l,"4,29 €","5,72 €/L"
Ração para gato júnior com frango,Purina One,Embalagem de 800 g,"12,99 €","4,33 €/Kg"
20 saquetas chá detox,Lipton,Embalagem de 30g,"58,44 €/Kg","58,44 €/Kg"
Marmelada,Ferbar,Embalagem de 800g,"1,99 €","4,98 €/Kg"
Queijo flamengo em Barra,Gresso,"Vendido ao peso, fatiado a partir de 100 gr","0,88 €","8,79 €/Kg"
Massa de cotovelos grandes riscados,Milaneza,Embalagem de 500g,"1,99 €","3,98 €/Kg"
Sementes de abóbora,Cemporcent,Embalagem de 150g,"2,29 €","15,27 €/Kg"
Ayam leite de coco,Ayam,Garrafa de 200 ml,"1,69 €","8,45 €/L"
Queijo p/ barrar s/ lactose,Philadelph,Embalagem de 150g,"4,68 €","11,70 €/Kg"
Café solúvel sem cafeína,Nescafe,Embalagem de 20g,"1,14 €","57,00 €/Kg"
Saco carvão vegetal,BBQ Lovers,Embalagem de 5 kg,"1,19 €","1,19 €/Unidade"
"Agrafos nº24/6, 2000 unidades",Maped,Uma embalagem,"2,29 €","2,29 €/Unidade"
Marcadores para colorir,Domédia,embalagem com 18 unidades,"4,29 €","4,29 €/Unidade"
Couve Coração Programa Origens,PorSi,1 un = 1 kg (aprox.),"1,49 €","0,99 €/Kg"
Amendoins mix original,Matutano,Embalagem de 130g,"0,79 €","7,90 €/Kg"
Iogurte mix-in nesquik,Nestle,Embalagem de 2 x 115 g,"8,58 €/Kg","8,58 €/Kg"
"Maionese, frasco",Hellmman's,Embalagem de 210g,"4,39 €","10,55 €/Kg"
Chá preguiça intestinal,PLANTANATU,Embalagem de 10 unidades,"1,19 €","1,19 €/Unidade"
Borrego Inteiro/Metades,Borrego,"1/2 un = 7 kg,  1 un = 14 kg (aprox.)","62,93 €","8,99 €/Kg"
"Jogo ""Quem Sou Eu?""",Concentra,1 unidade,"9,99 €/Unidade","9,99 €/Unidade"
Hambúrgueres,Novilho,1 un = 100 gr (aprox.),"3,00 €","5,99 €/Kg"
Queijo Meio Gordo,Queijaria das Pousadas,Vendido ao peso a partir de 250 g,"3,29 €","13,15 €/Kg"
Cereais fitness,Nestle,Embalagem de 630g,"5,59 €","8,87 €/Kg"
18 hamburguers de frango s/ glúten,Capitão Iglo,Embalagem de 1 kg,"11,10 €/Kg","11,10 €/Kg"
Cereais cookie crisp,Nestle,Embalagem de 380g,"5,07 €/Kg","5,07 €/Kg"
Borracha para desenho técnico,Domédia,1 unidade,"4,29 €","4,29 €/Unidade"
Chocolate Branco e Óreo,Milka,Embalagem de 100g,"0,99 €","9,90 €/Kg"
Pilha alcalina classic lr6x8,Domédia,1 unidade,"1,99 €","1,99 €/Unidade"
Esfregão de Teflon,Fino,1 unidade,"2,54 €","2,54 €/Unidade"
Malagueta Vermelha,Legumes do Dia,1 un = 100 gr (aprox.),"0,75 €","2,99 €/Kg"
Creme p/ Calçado Castanho,Búfalo,Embalagem de 40 ml,"2,75 €","36,67 €/L"
Eau de Toilette p/Senhora Nº3,Caravan,1 Frasco 150ml,"11,99 €","79,93 €/L"
"Coloração permanente, preto nº10",Nutrisse,1 unidade,"9,49 €/Unidade","9,49 €/Unidade"
"Salsichas hot dog, frasco",Izidoro,Embalagem de 240g,"1,49 €","7,45 €/Kg"
Feijão frade,Compal,Lata de 410 ml,"3,35 €/Kg","3,35 €/Kg"
Twins,Gullon,pack 2 x 154 g,"1,49 €","9,68 €/Kg"
Pargo Mulato,Peixe do Dia,1un = 800 gr (aprox.),"6,49 €/Kg","6,49 €/Kg"
"Pasta de limpeza com oxigénio activo, 48 unidades",Polident,Uma embalagem,"9,79 €","122,38 €/Kg"
Pano Suave C/ Microfibras,Vileda,2 + 1 Un. Grátis,"1,99 €","1,99 €/Unidade"
Bifinhos finíssimos picanha de porco,Izidoro,Embalagem de 200 g,"2,39 €","2,99 €/Kg"
Pasta de Arquivo Marmoreada S/ Caixa,Domédia,1 un.,"2,29 €","2,29 €/Unidade"
Refrigerante sem gás frutos tropicais,Trina,"Garrafa de 1,5 l","1,90 €","1,27 €/L"
Cola Universal,Uhu,Embalagem de 2x20ml,"2,19 €","109,50 €/L"
Esfregona premium 2 em 1 completa,Vileda,1 un.,"8,00 €","8,00 €/Unidade"
Guache,Giotto,6 x 7.5 ml,"4,29 €","4,29 €/Unidade"
Leite condensado cozido,Nestle,Embalagem de 400g,"4,00 €/Kg","4,00 €/Kg"
Mix de sementes tradicional,Cemporcent,Embalagem de 250g,"0,93 €/Kg","0,93 €/Kg"
Maçã Breaburn 70/75,Nossa seleção,1 un= 150 gr (aprox.),"0,16 €","0,89 €/Kg"
Noodle banzai galinha,Cigala,Embalagem de 70g,"1,99 €","3,98 €/Kg"
Café torrado 5 estrelas moagem normal,Sical,Embalagem de 250g,"9,16 €/Kg","9,16 €/Kg"
Galão,PorSi,16 cápsulas,"3,19 €","25,52 €/Kg"
"Batata frita, multipack",Ruffles,Embalagem de 180g,"2,75 €","9,75 €/Kg"
Iogurte líquido yoggi cremoso pêssego/manga,Nestle,Embalagem de 4 x 160 g,"5,97 €/Kg","5,97 €/Kg"
Maminha,Novilho,Vendido ao peso (artigo em vácuo),"3,00 €","5,99 €/Kg"
Lombinhos,Porco,1 un=500 gr aprox.,"2,39 €","2,99 €/Kg"
Cebola Roxa,Programa Origens,1 un = 500 gr (aprox.),"0,25 €","0,99 €/Kg"
Mini salsichas cocktail,Nobre,lata de 180g,"1,49 €","7,45 €/Kg"
Cogumelos laminados,*,Embalagem de 250g,"0,98 €","4,89 €/Kg"
Vinagre vinho branco 250ml,Cristal,Garrafa de 250 ml,"1,59 €","3,18 €/L"
Rebuçados mel e limão,Halls,Embalagem de 32 g,"1,69 €","16,90 €/Kg"
"Maionese, frasco",Hellmman's,Embalagem de 420g,"4,39 €","10,55 €/Kg"
Eau de Toilette Fairy’s Secret,B.U.,50 ml,"11,99 €","79,93 €/L"
Fermento de padeiro,Vahine,Embalagem de 20g,"0,75 €","15,00 €/Kg"
12 douradinhos forníssimo,Capitão Iglo,Embalagem de 300g,"9,30 €/Kg","9,30 €/Kg"
Espuma de barbear para peles sensíveis,Labell Men,Embalagem de 250 ml,"1,16 €","4,64 €/L"
"Vela em número, nº 6",PorSi,1 unidade,"0,80 €","0,80 €/Unidade"
Autobrilhante Castanho,Búfalo,Embalagem de 50 ml,"2,25 €","45,00 €/L"
Leite de pastagem meio-gordo,Terra Nostra,Embalagem de 1 litro,"0,79 €/L","0,79 €/L"
Leite especial crescimento +3 anos,Mimosa,Garrafa de 1 l,"1,39 €/L","1,39 €/L"
Copo Galão,Cristal,1 unidade,"0,89 €","0,89 €/Unidade"
Ambientador carro recarga aqua,Ambipur,1 unidade,"3,99 €","3,99 €/Unidade"
Uva Red Globe,Fruta do Dia,1 un = 250 gr  (aprox.),"0,75 €","2,99 €/Kg"
Farinha s/ fermento tipo 65,ESPIGA,Embalagem de 1 kg,"1,99 €","1,99 €/Kg"
Licor de coco,On Off,"Garrafa de 0,70 l","16,99 €","24,27 €/L"
Manteiga de amendoim crocante,Prozis,Embalagem de 500g,"3,99 €","7,98 €/Kg"
Vinagre balsâmico modena,Gallo,Garrafa de 250 ml,"1,59 €","3,18 €/L"
Puzzle Baby Shark,Clementoni,2 x 20 peças,"9,99 €/Unidade","9,99 €/Unidade"
10 nuggets peito de frango e queijo,Capitão Iglo,Embalagem de 210g,"9,50 €/Kg","9,50 €/Kg"
Arroz Carolino,Cigala,Embalagem de 1 kg,"0,99 €/Kg","0,99 €/Kg"
Paella,It.saveurs,Embalagem de 300g,"2,29 €","7,63 €/Kg"
Óleo Multigasolina 20W40,Galp,Embalagem de 5 l,"14,99 €","14,99 €/L"
Pescada congelada 350-450 g,Peixe Congelado,Peixe de aquacultura,"3,99 €/Kg","3,99 €/Kg"
Sobremesa banana/laranja/bolacha,Nestle,Embalagem de 4 x 100 g,"5,98 €/Kg","5,98 €/Kg"
Creme abrasivo limão,Cif,Garrafa de 500 ml,"4,99 €","7,13 €/L"
Bolacha infantil dinossaurus mini dino cereais,Artiach,Embalagem de 120g,"1,89 €","15,75 €/Kg"
Refrigerante c/ gás laranja,Sumol,Garrafa de 500 ml,"0,40 €/L","0,40 €/L"
Proti soja grânulos,Salutem,Embalagem de 400g,"2,09 €","8,36 €/Kg"
Sumo 100% fresh maçã,Compal,Garrafa de 330 ml,"1,69 €","1,69 €/L"
Achocolatado intenso 40% cacau,Nestle,Embalagem de 330g,"5,59 €","6,99 €/Kg"
Pipocas doces,Orcape,Embalagem de 100g,"0,79 €","7,90 €/Kg"
Feijão vermelho,Caçarola,Embalagem de 500 g,"2,78 €/Kg","2,78 €/Kg"
Bloco Sanitário Sólido Poder Activo Pinho,Sonasol,Embalagem de 2x50 g,"39,60 €/Kg","39,60 €/Kg"
Gelado carte d'or chocolate brownie,Olá,Embalagem de 900 ml,"5,49 €","6,10 €/L"
20 saquetas green framboesa/romã,Lipton,Embalagem de 30g,"58,00 €/Kg","58,00 €/Kg"
Vinho verde,Felgueiras,Garrafa de 0.75 l,"3,09 €","3,09 €/L"
Maionese top down,Hellmman's,Embalagem de 238 g,"4,39 €","10,55 €/Kg"
Lambrusco tinto,Sorbello,Garrafa de 0.75 l,"2,29 €","3,05 €/L"
Autobrilhante Branco,Búfalo,Embalagem de 50 ml,"2,25 €","45,00 €/L"
Cevada solúvel,Delta,Embalagem de 200 g,"1,14 €","57,00 €/Kg"
Aperfeiçoador BB Cream Médio,Garnier,Embalagem de 50 ml,"2,99 €","59,80 €/L"
20 saquetas chá de frutos silvestres,Lipton,Embalagem de 30g,"58,00 €/Kg","58,00 €/Kg"
Drageias de chocolate de leite,PorSi,200 g,"11,98 €/Kg","11,98 €/Kg"
Eau de Toilette p/Senhora Nº31,Caravan,1 Frasco 150ml,"11,99 €","79,93 €/L"
Detergente máquina roupa em gel universal,Persil,Embalagem de 42 doses,"14,99 €","3,53 €/L"
Batata pré-frita tradition,MCCAIN,Embalagem de 1 kg,"2,48 €/Kg","2,48 €/Kg"
Bombom Praliné,Jacquot,Embalagem de 260g,"1,49 €","29,80 €/Kg"
Bolacha maria oro +33% grátis,Cuetara,Embalagem de 800g,"2,11 €/Kg","2,11 €/Kg"
Matraquilhos,Olivo,1 un.,"9,99 €/Unidade","9,99 €/Unidade"
Vinho branco bag-in-box,Capataz,Embalagem de 5 l,"8,59 €","1,72 €/L"
Bolacha maria,Cuetara,Embalagem de 3 x 200 g + 33% grátis,"2,11 €/Kg","2,11 €/Kg"
Nata uht 0% lactose,Parmalat,Embalagem de 200 ml,"1,12 €","5,60 €/L"
Água mineral sem gás,Fastio,Embalagem de 6 lt,"1,79 €","1,19 €/L"
Milho tenro e doce,Bonduelle,Embalagem de 300 g,"3,35 €/Kg","3,35 €/Kg"
Mimosa bem especial leite e amêndoa,Mimosa,Embalagem de 1 litro,"2,19 €","2,19 €/L"
Nabo Roxo s/ Rama,Programa Origens,1 un = 200 gr  (aprox.),"1,49 €","0,99 €/Kg"
Dentifríco 2 em 1 original,Theramed,Embalagem de 75 ml,"3,39 €","45,20 €/L"
Bacalhau Graúdo Boa Pesca,PorSi,"Vendido ao peso, 1 un= 2.5 kg (aprox.)","8,73 €/Kg","8,73 €/Kg"
"Papel Vegetal, 8mt",Fino,1 unidade,"2,99 €","2,99 €/Unidade"
Couve branca,Legumes do Dia,1 un= 1 kg aprox,"1,49 €","0,99 €/Kg"
Spray nature cozinha,Cif,embalagem de 750 ml,"0,79 €","0,79 €/L"
Bastão de Cola,Domédia,10 g,"1,35 €","1,35 €/Unidade"
Refrigerante com gás guaraná,Antartica,"Garrafa de 1,5 l","0,40 €/L","0,40 €/L"
Smarties mini chocolate,SMARTIES,Embalagem de 187g,"11,98 €/Kg","11,98 €/Kg"
Leite creme,El mandari,Embalagem de 90g,"2,99 €","6,64 €/Kg"
Mistura solúvel mokambo,Nestle,Embalagem de 200g,"1,64 €","6,56 €/Kg"
Cenoura,PorSi,1 un = 100 gr  (aprox.),"0,79 €/Kg","0,79 €/Kg"
Bolachas digestive aveia e laranja,Gullon,Embalagem de 430g,"6,40 €/Kg","6,40 €/Kg"
Rocher t8 100g,Ferrero Rocher,Embalagem de 100g,"1,49 €","29,80 €/Kg"
Tablete triple chocolate,Milka,Embalagem de 90g,"5,30 €/Kg","5,30 €/Kg"
Creme vegetal culinário,Vaqueiro,Embalagem de 250 g,"5,40 €/Kg","5,40 €/Kg"
"Pasta de arquivo, lombada estreita, azul",Domédia,1 unidade,"2,29 €","2,29 €/Unidade"
Verdinhos Grandes,Peixe do Dia,1 un= 100 gr (aprox.),"6,49 €/Kg","6,49 €/Kg"
Preparo para bolo de chocolate,Branca de Neve,Embalagem de 450g,"2,99 €","6,64 €/Kg"
Cebola Granel,Programa Origens,1 un = 250 gr  (aprox.),"0,25 €","0,99 €/Kg"
Sangria branca,Casal Garcia,Garrafa de 750 ml,"2,19 €","1,46 €/L"
Pão caseiro sem glúten,Schar,Embalagem de 240g,"2,99 €","7,97 €/Kg"
Mignonnettes Moir de Noir,Cote D'or,Embalagem de 240 g,"5,99 €","24,96 €/Kg"
Bolachas cookies 0% açúcares,Artiach,Embalagem de 120 g,"2,09 €","17,42 €/Kg"
Diospiro de roer persimon | categoria: II,Fruta da Época,1 un = 250 gr  (aprox.),"2,29 €/Kg","2,29 €/Kg"
Desinfetante p/ Roupa,Sanytol,embalagem com 500ml,"3,99 €","5,70 €/L"
Detergente para loiça plus + citrinos,Super Pop,Embalagem de 1L,"3,19 €","4,91 €/L"
Rolo de Cozinha Gigaroll Branco,Renova,1 Rolo,"4,99 €","4,99 €/Unidade"
Pão Forno Pedra Centeio,Garcia & Filhos,1 un = 400 g (aprox.),"0,25 €","2,78 €/Kg"
Coleira em nylon p/ cão  repelente 60cm,Repul' 7,Embalagem de 1 unidades,"9,49 €","9,49 €/Unidade"
Néctar light manga/laranja,Compal,330 ml,"0,84 €","2,55 €/L"
Cerveja branca,E.damm,Pack 6 x 0.25 l,"1,99 €/L","1,99 €/L"
Cafe soluvel c/c 200g,Delta,Embalagem de 200g,"1,14 €","57,00 €/Kg"
"Caramelos de café, creme",Werthers,Embalagem de 90g,"2,75 €","11,00 €/Kg"
Melão Branco,Fruta do Dia,"Vendido ao peso,1 un= 2.5 kg (aprox.)","0,75 €","2,99 €/Kg"
Luvas descartáveis extra long p/m,Vileda,10 unidade,"4,29 €","4,29 €/Unidade"
Pudim baunilha,Boca Doce,Embalagem de 20g,"0,59 €","29,50 €/Kg"
"Iogurte líquido yoggi, sem lactose, morango",Nestle,Embalagem de 4 x 160 g,"5,97 €/Kg","5,97 €/Kg"
Mel em frasco de vidro,Jorge v.f.,Embalagem de 500g,"4,89 €","9,78 €/Kg"
Bebida de soja de amêndoa,Alpro,Embalagem de 1 litro,"2,49 €","2,49 €/L"
Creme de Limpeza Facial com Chá Kombucha,Diadermine,40 g,"23,70 €/L","23,70 €/L"
Pescoços,Frango,1 un = 200 gr (aprox.),"0,60 €","5,99 €/Kg"
"Anti-calcário, máquina roupa, gel",Calgon,"Garrafa de 1,5 l","14,99 €","3,53 €/L"
Leite uht meio gordo,Mimosa,Embalagem de 1 litro,"0,79 €/L","0,79 €/L"
Fermento em po 4x25g,PorSi,Embalagem de 100g,"0,75 €","15,00 €/Kg"
Fio dentário fluór+menta 50m,Labell,1 unidade,"0,85 €","0,85 €/Unidade"
Frango Inteiro Grande,Frango,1 un = 1.6 kg (aprox.),"0,94 €","2,69 €/Kg"
Iogurte danacol de morango,Danone,Embalagem de 12 x 100 g,"4,15 €/Kg","4,15 €/Kg"
Vinho tinto península de setúbal,Pioneiro,Garrafa de 0.75 l,"2,59 €","3,45 €/L"
Levedura de cerveja,Cemporcent,Embalagem de 150g,"2,29 €","15,27 €/Kg"
Abrótea,Peixe Congelado,1 un= 1.5 kg (aprox.),"3,99 €/Kg","3,99 €/Kg"
Creme culinário soja light,Shoyce,Garrafa de 200 ml,"1,12 €","5,60 €/L"
Gelado magnum pint clássico,Olá,Embalagem de 440 ml,"5,49 €","6,10 €/L"
Plantanatur slim rapid 30 comprimidos,PLANTANATU,Embalagem de 1 unidades,"6,59 €","6,59 €/Unidade"
Super tea boost com vitamina b6,Tetley,Embalagem de 40g,"58,00 €/Kg","58,00 €/Kg"
"Coloração permanente, louro claro, nº80",Nutrisse,1 unidade,"9,49 €/Unidade","9,49 €/Unidade"
Manteiga de amendoim cremosa,Prozis,Embalagem de 500g,"8,54 €/Kg","8,54 €/Kg"
Sortido,Cuetara,Embalagem de 210g,"10,29 €/Kg","10,29 €/Kg"
Inseticida aerossol moscas. melgas e mosquitos,Baygon,Embalagem de 400 ml,"5,09 €","8,48 €/L"
Spray óleo amêndoas doces,Hidro,Embalagem de 100 ml,"3,49 €","34,90 €/L"
Lava tudo marinho,Cif,"Garrafa de 1,4 l","9,19 €","2,30 €/L"
Vela em número nª2,PorSi,1 unidade,"0,80 €","0,80 €/Unidade"
Queijo Flamengo Bola,Queijaria de Celorico,Vendido ao peso a partir de 100 g,"0,88 €","8,79 €/Kg"
Água s/ gás,Evian,Garrafa de 500 ml,"1,79 €","1,19 €/L"
Ração para cão mini adulto nutri soft com frango,Friskies,"Embalagem de 1,4 kg","1,15 €/Kg","1,15 €/Kg"
Vermute rosso,Martini,Garrafa de 0.75 l,"4,99 €","7,13 €/L"
Alho Francês,Programa Origens,1 un = 300 g (aprox.),"0,75 €","2,49 €/Kg"
Mousse cabelo caracois,Labell,Embalagem de 200ml,"5,99 €","39,93 €/L"
"Queijo fundido, 24 porções",A Vaca Que Ri,Embalagem de 400g,"4,68 €","11,70 €/Kg"
Amaciador color-vive,Elvive,Embalagem de 200 ml,"1,00 €","5,00 €/L"
Sabonete de leite de burra,Confianca,Embalagem de 75 g,"4,49 €","12,47 €/Kg"
Coca-cola zero,Coca-Cola,pack 2 x 1.75 l,"0,40 €/L","0,40 €/L"
Costeletas do Cachaço,Porco,Vendido ao peso a partir de 1 kg,"2,39 €","2,99 €/Kg"
"Elixir bocal, cool mint",Sensodyne,Embalagem de 500 ml,"5,99 €","11,98 €/L"
Bolachas digestivas go maçã,Triunfo,Embalagem de 170g,"6,40 €/Kg","6,40 €/Kg"
"Cerveja com álcool, lata",Super Bock,Garrafa de 330 ml,"1,99 €/L","1,99 €/L"
Bacon Extra Nacos,Porminho,200 g,"1,45 €","18,13 €/Kg"
Banana da  Madeira,Fruta do Dia,1 un= 200 gr (aprox.),"0,22 €","1,09 €/Kg"
Bolachas vitalday recheio avelã,Gullon,Embalagem de 220g,"1,49 €","7,84 €/Kg"
Eau de Toilette p/Senhora Nº38,Caravan,1 Frasco 150ml,"11,99 €","79,93 €/L"
Desinfetante Multiusos,Sanytol,Embalagem de 750 ml,"4,49 €","5,99 €/L"
Double espresso go chill,Delta,Garrafa de 230 ml,"3,19 €","25,52 €/Kg"
Tomate em pedaços,Guloso,Embalagem de 390g,"4,54 €/Kg","4,54 €/Kg"
Bolachas mini prince recheadas com chocolate,PRINCE,Embalagem de 160 g,"1,89 €","15,75 €/Kg"
4 hamburguers vaca s/ glúten,Capitão Iglo,Embalagem de 320g,"9,50 €/Kg","9,50 €/Kg"
Entremeada Novilho,Novilho,1 un=150 gr (aprox),"3,00 €","5,99 €/Kg"
Maçã Fuji 70/75,Programa Origens,1 un = 150 gr (aprox.),"0,16 €","0,89 €/Kg"
Creme proteção de gengivas,Polident,Embalagem de 40 g,"9,79 €","122,38 €/Kg"
Eau de Toilette p/Senhora Nº40,Caravan,1 Frasco 150ml,"11,99 €","79,93 €/L"
Néctar 8 frutos,Bongo,Pack 3 x 200 ml,"1,69 €","1,69 €/L"
Jardineira,Novilho,1 un = 200 gr (aprox.),"3,00 €","5,99 €/Kg"
Bolacha digestiva go canela,Triunfo,Embalagem de 170g,"6,40 €/Kg","6,40 €/Kg"
Twister,Hasbro,1 un.,"9,99 €/Unidade","9,99 €/Unidade"
Pastilhas Trident Senses Tropical,Trident,6 x 23 g,"0,89 €","59,33 €/Kg"
Gelatina pronta a comer melancia,Royal,Embalagem de 4 x 100 g,"2,29 €","5,73 €/Kg"
Conjunto Caravan Nº1,Caravan,1 unidade,"12,99 €","12,99 €/Unidade"
10 saquetas infusão de cidreira,Lipton,Embalagem de 20g,"0,99 €","76,15 €/Kg"
Halls Mini Mints Menta,Halls,12.5 g,"2,30 €","65,71 €/Kg"
"Vinho DOC Bairrada, Branco",Selecção de Enófilos,Garrafa de 0.75 l,"2,92 €/L","2,92 €/L"
Leite magro em pó,Páturages,Embalagem de 300 g,"2,79 €","9,30 €/Kg"
Spray desengordurante universal,Neoblanc,Embalagem de 500 ml,"2,59 €","1,30 €/L"
"Esquadro, 21 cm 60.",Domédia,1 unidade,"4,29 €","4,29 €/Unidade"
Refrigerante c/ gás,Coca-Cola,pack 6 x 0.33 l,"0,40 €/L","0,40 €/L"
Massa de espirais,Nacional,Embalagem de 500g,"1,99 €","3,98 €/Kg"
Cueca incontinência para Adultos Ausonia Tamanho Gra...,Lindor,Embalagem de 14 unidades,"9,99 €","9,99 €/Unidade"
Actimel morango,Danone,Embalagem de 6 x 100g,"4,15 €/Kg","4,15 €/Kg"
Tomate Alongado,Legumes do Dia,1 un = 200 gr (aprox.),"0,87 €","3,49 €/Kg"
"Pasta dentífrica, tripla ação",Labell,Embalagem de 75 ml,"2,29 €","38,17 €/L"
Salmão de viveiro à posta,Peixe Fresco,1 un. = 300 g (aprox.),"6,49 €/Kg","6,49 €/Kg"
"Creme anti-rugas revitalizante fps30, dia",L'oreal,Embalagem de 50 ml,"2,99 €","59,80 €/L"
Cocktail mango,Bar Royal,Garrafa de 750 ml,"8,49 €","11,32 €/L"
Café moagem universal angola,Delta,Embalagem de 220g,"9,76 €/Kg","9,76 €/Kg"
Chá preto com aroma natural e vitamina C,Lipton,Embalagem de 40g,"41,67 €/Kg","41,67 €/Kg"
Descafeinado,Nestlé,Embalagem de 100 g,"28,40 €/Kg","28,40 €/Kg"
Anticalcário,Viakal,Embalagem de 500 ml,"4,99 €","7,13 €/L"
Bolacha vitalday aveia e chocolate,Gullon,Embalagem de 240g,"1,49 €","7,84 €/Kg"
Aroma de anis,Vahine,Embalagem de 20g,"0,75 €","15,00 €/Kg"
"Bolachas, cobertura com chocolate branco",Oreo,Embalagem de 250g,"2,35 €","9,40 €/Kg"
Ração seca mix para cão adulto,PorSi,Embalagem de 20 kg,"1,15 €/Kg","1,15 €/Kg"
Flocos de aveia - flocos pequenos neutro,Prozis,Embalagem de 500g,"1,19 €","2,98 €/Kg"
Casa mateus doce da temporada frutos vermelhos,Casa de Mateus,Embalagem de 350g,"4,39 €","15,46 €/Kg"
Spray Limpa Cockpit,Redex,Embalagem de 600 ml + oferta pano micro-fibra,"3,99 €","0,80 €/L"
Bolacha infantil dinossaurus mini dino chocolate,Artiach,Embalagem de 120g,"1,89 €","15,75 €/Kg"
Conjunto Fleurs Du Paradis,Coquette,EAU DE TOILETTE 100 ML + R-ON 10 ML,"12,99 €","12,99 €/Unidade"
Sumo essencial manga,Compal,pack 3 x 0.11 l,"2,29 €","6,94 €/L"
Fermento,Royal,Embalagem de 230g,"0,75 €","15,00 €/Kg"
Infusão lúcia lima,PorSi,Embalagem de 35 g,"0,99 €","76,15 €/Kg"
Copos para café 80 ml,Aj simoes,Embalagem com 25 unidades,"1,10 €","1,10 €/Unidade"
Manteiga com sal,Gresso,Embalagem de 250g,"8,56 €/Kg","8,56 €/Kg"
Creme anti-rugas de dia revitalift,L'oreal,Embalagem de 50 ml,"2,99 €","59,80 €/L"
Vinho verde branco loureiro,Q.REGAINHO,Garrafa de 0.75 l,"1,59 €","2,12 €/L"
Queijo curado alho e salsa,Nova Açores,Vendido ao peso,"25,45 €/Kg","25,45 €/Kg"
Comida Húmida para Gatinhos Mousse com Vitela,Gourmet Diamant,Embalagem de 85 g,"2,89 €","7,23 €/Kg"
6 salsichas tipo frankfurt original,Campofrio,Embalagem de 140g,"0,99 €","7,07 €/Kg"
"Refrigerante com gás cola zero sem cafeína, mini lat...",Coca-Cola,pack 12 x 0.15 l,"0,40 €/L","0,40 €/L"
Gelatina ananás 10kcal,Royal,Embalagem de 30g,"1,99 €","17,46 €/Kg"
Porto tawny valadão,Valadao,Garrafa de 750 ml,"6,29 €","8,39 €/L"
Vinagre de vinho branco,Cristal,Garrafa de 750 ml,"1,59 €","3,18 €/L"
Aperitivos  fritos,Fritos,Embalagem 130G,"0,79 €","7,90 €/Kg"
Sabonete Liquido Gel Antibacteriano,Labell,Embalagem de 300 ml,"2,18 €/L","2,18 €/L"
Pellets madeira,Nova lenha,Embalagem de 15kg,"10,99 €","0,73 €/Kg"
Pasta dentífrica,Couto,Embalagem de 60 ml,"2,29 €","38,17 €/L"
Cerveja com álcool,Super Bock,Garrafa de 1 l,"1,99 €/L","1,99 €/L"
6 Salsichas Frescas Chipolatas com Ervas,PorSi,330 g,"0,60 €","5,99 €/Kg"
Natas uht com cogumelos,Parmalat,Embalagem de 200 ml,"1,12 €","5,60 €/L"
Lamina Descartáveis Platina,Labell,Pack 10 unidades,"1,16 €","4,64 €/L"
Café moagem universal portugal,Delta,Embalagem de 250g,"9,76 €/Kg","9,76 €/Kg"
Manteiga c/sal,Terra Nostra,Embalagem de 250g,"8,56 €/Kg","8,56 €/Kg"
vinho do Porto Ruby,Velhotes,"garrafa de 0,75 l","6,65 €/L","6,65 €/L"
Frutapura maçã e banana,Bledina,Embalagem de 85g,"2,29 €","6,94 €/L"
Bolacha vitalday crocante original,Gullon,Embalagem de 270g,"1,49 €","7,84 €/Kg"
Sardinha Pequena,Peixe Congelado,1 un= 250 gr (aprox.),"3,99 €/Kg","3,99 €/Kg"
Lambrusco bianco,*,Garrafa de 750 ml,"2,29 €","3,05 €/L"
40 filtros café número 4,Planteur,Embalagem com 40 filtros,"0,80 €","0,80 €/Unidade"
Queijo Curado Amanteigado,Quinta do Convento,Vendido ao peso a partir de 250 g,"25,45 €/Kg","25,45 €/Kg"
"Refrigerante sem gás, maracujá e la",Joi,"Garrafa de 1,5 l","1,90 €","1,27 €/L"
"Queijo prato, metades",Alavao,Embalagem de 500g,"3,29 €","13,15 €/Kg"
Pilhas Alcalinas AAA Optimum,Duracell,Blister 4 Pilhas,"1,99 €","1,99 €/Unidade"
"Saquetas de sais de fruto, laranja",Eno,Embalagem de 50g,"2,29 €","458,00 €/Kg"
Pectina,Condi,Embalagem de 25g,"2,04 €","81,60 €/Kg"
Spray limpeza casa de banho,Cillitbang,Embalagem de 500 ml,"3,49 €","4,65 €/L"
Manteiga com sal,Primor,Embalagem de 250g,"8,56 €/Kg","8,56 €/Kg"
Açúcar baunilhado,Globo,Embalagem de 70g,"1,69 €","1,69 €/Kg"
Milho partido,Rac.zezere,Embalagem de 5 kg,"4,24 €","0,85 €/Kg"
Toalhita Azul,Dodot,Embalagem c/ Tampa | 64 un.,"1,09 €/Unidade","1,09 €/Unidade"
Bolachas cream cracker doses individuais,Vieira,Embalagem de 180g,"3,69 €","7,38 €/Kg"
Eau de Toilette p/Senhora Nº23,Caravan,1 Frasco 150ml,"11,99 €","79,93 €/L"
Bolacha diet nature recheio iogurte,Gullon,Embalagem de 220g,"1,49 €","9,68 €/Kg"
Porto 10 anos,Velhotes,Garrafa de 0.75 l,"10,99 €","14,65 €/L"
Refrigerante sem gás de maçã,Trina,"Garrafa de 1,5 l","1,90 €","1,27 €/L"
Refrigerante de lima-limão,Seven-up,"Garrafa de 1,25 l","0,40 €/L","0,40 €/L"
Bolacha golden,Oreo,Embalagem de 154 g,"1,49 €","9,68 €/Kg"
Perca Inteira,Peixe Congelado,de 1 a 3 Kg,"7,89 €/Kg","7,89 €/Kg"
Edredão bicolor,TS,Dim.: 160 x 220 cm,"29,99 €","29,99 €/Unidade"
Queijo limiano amanteigado vaca e ovelha sem casca o...,Limiano,Embalagem de 450g,"25,45 €/Kg","25,45 €/Kg"
Dawnut de chocolate,Pastelaria do Dia,1 unidade = 60 g,"0,30 €/Unidade","0,30 €/Unidade"
Cereais golden e crispy,PorSi,Embalagem de 375 g,"5,07 €/Kg","5,07 €/Kg"
Cuecas Incontinência Maxi Grande,Lindor,Embalagem com 14 un.,"9,99 €","9,99 €/Unidade"
Vinho do porto tawny,Cruz,"Garrafa de 0,75 l","6,29 €","8,39 €/L"
Desinfetante em gel p/ wc,Cif,Garrafa de 750 ml,"2,79 €","3,99 €/L"
Arroz carolino vaporizado,Cacarola,Embalagem de 1 kg,"0,99 €/Kg","0,99 €/Kg"
Conjunto 6 formas madalenas,Rioja IMF,1 unidade,"4,99 €","4,99 €/Unidade"
Gelatina pronta a comer tutti frutti,Royal,Embalagem de 4x100 g,"2,29 €","5,73 €/Kg"
Casa mateus temporada - morango   6x350g,Casa de Mateus,Embalagem de 350g,"3,59 €","10,26 €/Kg"
Figura + Acessórios Polícia,Pinypon,unidade,"9,99 €/Unidade","9,99 €/Unidade"
Discoveries cappuccino,STARBUCKS,Embalagem de 220 ml,"3,19 €","25,52 €/Kg"
"Vinho Bairrada, Tinto",Selecção de Enófilos,Garrafa de 0.75 l,"2,92 €/L","2,92 €/L"
Milho para pipocas,Globo,Embalagem de 400g,"0,79 €","7,90 €/Kg"
Queijo fundido vaca que ri light 24 porções,A Vaca Que Ri,Embalagem de 400g,"5,29 €","13,23 €/Kg"
Pensos com Abas de Noite,Ausonia,embalagem com 9 un.,"2,69 €","2,69 €/Unidade"
"Napolitana de creme, 5 unidades",Dulcesol,Embalagem de 200g,"1,00 €","6,25 €/Kg"
Pilha alcalina classic lr03x8,Domédia,1 unidade,"1,99 €","1,99 €/Unidade"
Cerveja c/ álcool,Super Bock,pack 24 x 0.33 l,"1,99 €/L","1,99 €/L"
Pera conference categoria: II,*,Vendido ao peso a partir de 300 g,"0,16 €","0,89 €/Kg"
"Queijo em fatias, -50% gordura",Limiano,Embalagem de 200g,"5,09 €","12,73 €/Kg"
Magnésio + vitaminas,PLANTANATU,Embalagem de 1 unidades,"6,59 €","6,59 €/Unidade"
Bolacha craker queijo,Tuc,Embalagem de 100g,"6,40 €/Kg","6,40 €/Kg"
Iogurte natural,Danone,Embalagem de 8x120g com 1 unidade grátis,"1,48 €","3,08 €/Kg"
Filhos vs Pais,Concentra,Uma unidade,"9,99 €/Unidade","9,99 €/Unidade"
Tomate pedaços biológico,Guloso,Embalagem de 390g,"4,54 €/Kg","4,54 €/Kg"
Café 5 estrelas grão,Sical,Embalagem de 1 kg,"9,16 €/Kg","9,16 €/Kg"
Leite com chocolate,Agros,Embalagem de 1 litro,"1,79 €/L","1,79 €/L"
Semente linhaça amarela,Salutem,Embalagem de 250g,"2,29 €","15,27 €/Kg"
"Sabonete líquido de leite de amêndoas, recarga",Palmolive,Embalagem de 300 ml,"2,18 €/L","2,18 €/L"
Pão da Avó 90 g,Pão do Dia,,"0,25 €","2,78 €/Kg"
Bife do Lombo,Novilho,1 un= 150 gr (aprox.),"3,00 €","5,99 €/Kg"
Amaciador para roupa concentrado sun fresh,Comfort,78 doses,"6,58 €","5,02 €/L"
Lixívia Denso-Activa Tradicional p/ Casa e Roupa,Neoblanc,Embalagem de 2 l,"2,59 €","1,30 €/L"
Bocadelia de caranguejo,La piara,Embalagem de 170g,"1,99 €","22,11 €/Kg"
Bloco sanitário blue activ higiene,Sonasol,Embalagem de 50 g,"39,60 €/Kg","39,60 €/Kg"
Limpador,Pronto,Embalagem de 750 ml,"2,59 €","2,35 €/L"
Queijo Flamengo Bola,Quinta do Convento,,"25,45 €/Kg","25,45 €/Kg"
Creme fixativo sem sabor,Polident,Embalagem de 2 x 40 g,"9,79 €","122,38 €/Kg"
Reizinhos 100gr,Pastelaria do Dia,,"7,49 €","9,36 €/Kg"
Água c/ Gás Ananás,Frize,pack 4 x 0.25 l,"1,99 €/L","1,99 €/L"
Sumo essencial de pêssego,Compal,pack 3 x 0.11 l,"1,69 €","1,69 €/L"
Leite uht magro,Agros,Embalagem de 1 litro,"0,95 €","0,95 €/L"
Sublinhador Brite Liner - 3+1,Bic,1 unidade,"2,69 €","2,69 €/Unidade"
Pastel de Nata,PorSi,60G,"0,30 €/Unidade","0,30 €/Unidade"
5 rissóis de leitão,PorSi,Embalagem de 400g,"6,18 €/Kg","6,18 €/Kg"
Eau de Toilette p/Senhora Nº22,Caravan,1 Frasco 150ml,"11,99 €","79,93 €/L"
Leite em pó crescimento 3 pro +,Nutriben,Embalagem de 800g,"13,85 €","17,31 €/Kg"
Pastilhas descafeinado,Delta,Embalagem de 110g,"54,36 €/Kg","54,36 €/Kg"
Aroma baunilha fr.plast.200ml,Vahine,Garrafa de 200 ml,"0,75 €","15,00 €/Kg"
Sabonete Líquido Original,Dove,Embalagem de 250 ml,"2,18 €/L","2,18 €/L"
Infusão cavalinha,Cemporcent,Embalagem de 10 unidades,"0,99 €","76,15 €/Kg"
Espetadas de Peru,Peru,1 un = 150 gr (aprox.),"0,94 €","2,69 €/Kg"
"Refeição pronta, boião de legumes e vitela",Bledina,Embalagem de 200g,"8,35 €/Kg","8,35 €/Kg"
Café nyeri quénia moagem universal,Sical,Embalagem de 220g,"9,76 €/Kg","9,76 €/Kg"
Gel de Banho Shea Butter & Vanilla,Dove,Embalagem de 750 ml,"6,39 €/L","6,39 €/L"
Coco Seco,Fruta do Dia,1 un= 500 gr (aprox.),"2,29 €/Kg","2,29 €/Kg"
Nectarina,Programa Origens,Vendido ao peso,"0,24 €","1,59 €/Kg"
Leite condensado magro,Nestle,Embalagem de 390g,"4,00 €/Kg","4,00 €/Kg"
Spray anti calcário,Cif,Garrafa de 435 ml,"4,99 €","11,47 €/L"
Gelatina light manga e laranja,Condi,Embalagem de 2x15 g,"1,99 €","17,46 €/Kg"
Batata Nova a Granel,Vitacress,1 un = 250 gr  (aprox.),"0,25 €","0,99 €/Kg"
Bolachas chips ahoy,Ca!,Embalagem de 300g,"2,09 €","17,42 €/Kg"
Infusão de camomila,Tetley,Embalagem de 10g,"0,99 €","76,15 €/Kg"
Néctar bio multifrutos,Paquito,"Embalagem 1,5 l","2,09 €","1,39 €/L"
Toalha de mãos,PorSi,50 x 100 cm,"29,99 €","29,99 €/Unidade"
Café em cápsulas dolce gusto ardenza,Nescafe,Embalagem de 110g,"54,36 €/Kg","54,36 €/Kg"
"Guardanapos gold, com cor, folha dupla, 40x40cm, 40 ...",Renova,1 embalagem,"1,39 €","1,39 €/Unidade"
Gomas spaghetti pica morango,Haribo,Embalagem de 80g,"0,99 €","9,90 €/Kg"
Doce morango 284g,ST.DALFOUR,Frasco de 284g,"4,39 €","15,46 €/Kg"
Cogumelo portobello pequeno,Legumes do Dia,vendido ao peso,"0,98 €","4,89 €/Kg"
Tablete de chocolate,Chabrior,Embalagem de 250 g,"2,35 €","9,40 €/Kg"
Corantes alimentares ducros,Vahine,Garrafa de 20 ml,"0,75 €","15,00 €/Kg"
Crocantes frango parmesão e ervas,Iglo,Embalagem de 180g,"9,30 €/Kg","9,30 €/Kg"
"Elásticos grandes coloridos, pack de 20 unidades",Domédia,1 embalagem,"2,19 €","109,50 €/L"
Chá barbas de milho,PLANTANATU,Embalagem de 10g,"1,19 €","1,19 €/Unidade"
"Bolo com recheio de chocolate, multipack",Chipicao,Embalagem de 340g,"1,00 €","6,25 €/Kg"
Queijo fatias -50% gordura,Terra Nostra,Embalagem de 400g,"5,29 €","13,23 €/Kg"
Lay's gourmet corte fino,Lay's,Embalagem de 150g,"2,75 €","9,75 €/Kg"
Nestle bebe natural 4x100g,Nestle,Embalagem de 400g,"5,98 €/Kg","5,98 €/Kg"
Patê figado de porco,La piara,Embalagem de 80g,"1,99 €","22,11 €/Kg"
Maçã Golden 70/75,Programa Origens,1 un = 180 gr (aprox.),"0,16 €","0,89 €/Kg"
"Néctar de alperce, tetra",Compal,pack 3 x 200 ml,"1,69 €","1,69 €/L"
"Lenços de bolso, mentol, 10 unidades",Renova,Uma embalagem de 6x10,"0,99 €","0,99 €/Unidade"
Queijo fresco magro,Matinal,Embalagem de 216 g,"2,35 €","10,88 €/Kg"
Queijo ralado 4 queijos,Valformoso,Embalagem de 150g,"7,45 €/Kg","7,45 €/Kg"
Sabonete líquido Marselha e Azeitona,Labell,Embalagem de 500 ml,"2,18 €/L","2,18 €/L"
Peito de frango forno a lenha,Primor,"Vendido ao peso, fatiado a partir de 100 gr","1,29 €","12,89 €/Kg"
Serpentinas,Mercagranel,Embalagem 20 Rolos,"0,99 €","0,99 €/Unidade"
Champô cabelos pintados,Labell,Embalagem de 250 ml,"12,48 €/L","12,48 €/L"
Sardinha Pequena,Peixe do Dia,1 un = 100 gr (aprox.),"6,49 €/Kg","6,49 €/Kg"
Chouriço Nobreza,Elpozo,Vendido ao peso,"1,35 €","16,88 €/Kg"
Mel em frasco com doseador,PorSi,Embalagem de 500g,"4,89 €","9,78 €/Kg"
Skinny latte sem açúcar e sem lactose,STARBUCKS,embalagem de 220 ml,"3,19 €","25,52 €/Kg"
Dawnut Açucarado,Pastelaria do Dia,48g,"0,30 €/Unidade","0,30 €/Unidade"
Manhãzitos® mini,Manhazitos,Embalagem de 84g,"1,00 €","6,25 €/Kg"
Concentrado de laranja,Sunquick,Garrafa de 700 ml,"4,79 €","8,26 €/L"
Vinho regional lisboa tinto reserva,Critterium,Garrafa de 0.75 l,"6,29 €","8,39 €/L"
Aroma baunilha,Vahine,Embalagem de 20g,"0,75 €","15,00 €/Kg"
Mousse chocolate branco,Alsa,Embalagem de 133g,"2,99 €","6,64 €/Kg"
Infusão melhores digestões,Cemporcent,Embalagem de 10 unidades,"0,99 €","76,15 €/Kg"
Pota Inteira,Peixe Congelado,1 un= 200 gr (aprox.),"3,99 €/Kg","3,99 €/Kg"
Folhado Misto 90 g,Pastelaria do Dia,,"0,65 €","0,65 €/Unidade"
Fígado,Novilho,1 un = 100 gr (aprox.),"0,60 €","5,99 €/Kg"
Fermento padeiro 44g condi,Condi,Embalagem de 40g,"0,75 €","15,00 €/Kg"
Refrigerante c/ gás ananás,Sumol,Garrafa de 500 ml,"0,40 €/L","0,40 €/L"
Queijo tres igrejas cura 2 meses,Santiago,Vendido ao peso a partir de 250 gr,"25,45 €/Kg","25,45 €/Kg"
Milho doce,Bonduelle,Embalagem de 150 g,"3,35 €/Kg","3,35 €/Kg"
Pepitas chocolate com leite,Vahine,Embalagem de 100g,"2,69 €","6,73 €/Kg"
Cereais chocapic,Nestle,Embalagem de 375 g,"5,07 €/Kg","5,07 €/Kg"
"Lenços de bolso sensitive, brancos, 10 unidades",Renova,1 embalagem de 18x10,"0,99 €","0,99 €/Unidade"
Mon cheri t5 53g,Mon cheri,Embalagem de 50g,"1,49 €","29,80 €/Kg"
Infusão nº 10 colestrol,Cemporcent,Embalagem de 10 unidades,"0,99 €","76,15 €/Kg"
Arroz agulha,Caçarola,Embalagem de 1 kg,"0,99 €/Kg","0,99 €/Kg"
Salsichas de Peru Churrasco,Nobre,Embalagem em vácuo de 200g,"0,99 €","7,07 €/Kg"
Aguardente XO 10 anos,Aliança,Garrafa de 0.5 l,"45,75 €","91,50 €/L"
Costeleta,Novilho,1 un= 400 gr aprox.,"3,00 €","5,99 €/Kg"
Iogurte líquido morango / framboesa corpos danone,Danone,Embalagem de 4 x 155 g,"5,97 €/Kg","5,97 €/Kg"
Lixívia para roupa delicada,Neoblanc,Embalagem de 1 l,"2,19 €","1,10 €/L"
Licor de anis,On Off,"Garrafa de 0,70 l","16,99 €","24,27 €/L"
Desinfetante de frutas e vegetais,Clean Essence,500 ml,"2,29 €/Kg","2,29 €/Kg"
Nestum aveia e maçã,Nestum,Embalagem de 250g,"2,19 €","8,76 €/Kg"
Queijo fresco s/ lactose,Paiva,Embalagem de 130g,"2,35 €","10,88 €/Kg"
Gel pure 3 em 1,Garnier,Embalagem de 150 ml,"2,99 €","59,80 €/L"
Polpa de manga,Koala,Embalagem de 450g,"4,19 €","7,35 €/Kg"
Insecticida recarga,Biokill,Embalagem de 375 ml,"5,09 €","8,48 €/L"
Vinho regional península de setúbal,Dom Campos,Garrafa de 0.75 l,"2,59 €","3,45 €/L"
Pêssego Vermelho,Programa Origens,1 un = 150 gr (aprox.),"0,24 €","1,59 €/Kg"
Economia,Ratinho,1 unidade,"1,79 €","1,79 €/Unidade"
Salsa em vaso,Aroma viva,Embalagem de 1 unidades,"1,09 €","36,33 €/Kg"
Água s/ gás,Luso,Garrafa de 7 l,"1,79 €","1,19 €/L"
"Cotonetes, 100 unidades",Johnson's Baby,1 embalagem,"1,99 €","1,99 €/Unidade"
Anona,Fruta do Dia,1 un = 250 gr  (aprox.),"2,29 €/Kg","2,29 €/Kg"
Cogumelos laminados,Ferbar,Embalagem de 290g,"3,35 €/Kg","3,35 €/Kg"
Chá cavalinha,PLANTANATU,Embalagem de 10g,"1,19 €","1,19 €/Unidade"
Semente pevide abóbora,Salutem,Embalagem de 200g,"2,29 €","15,27 €/Kg"
Ambientador Elétrico Lavanda e Aloe,Glade,1 unidade,"8,99 €/Unidade","8,99 €/Unidade"
"Escova de cabelo, esqueleto",Labell,Embalagem com 1 unidade,"1,99 €","1,99 €/Unidade"
Aveia natural,Quaker,Embalagem de 500g,"2,99 €","7,97 €/Kg"
Puré de batata,Saint Eloi,Embalagem de 500 g,"1,99 €","1,99 €/Kg"
Cocktail pessego,Bar Royal,Garrafa de 750 ml,"11,99 €","11,99 €/L"
Solha Congelada (200/400),Peixe Congelado,Pescado no mar,"3,99 €/Kg","3,99 €/Kg"
10 pães de leite,PorSi,Embalagem de 350g,"7,40 €/Kg","7,40 €/Kg"
Gomas cinema mix,Fini,Embalagem 100G,"0,99 €","9,90 €/Kg"
Moelas congeladas,*,Embalagem de 1 kg,"3,55 €","3,55 €/Kg"
Molho de soja com dispenser,KIKKOMAN,Garrafa de 150 ml,"3,99 €","26,60 €/L"
Pimento verde assado em tiras,*,350 g,"0,75 €","2,99 €/Kg"
Bolacha maria sem glúten,Schar,Embalagem de 200 g,"2,69 €","13,45 €/Kg"
Ambientador arbre magique côco,Arbre Magique,1 unidade,"3,99 €","3,99 €/Unidade"
Rolo de Cozinha Multi,Renova,4 Rolos,"4,99 €","4,99 €/Unidade"
Bolacha de água e sal júnior,Vieira,Embalagem de 160g,"1,89 €","15,75 €/Kg"
Limpa fornos normal,Mr.muscle,Embalagem de 300 ml,"2,99 €/L","2,99 €/L"
Vinho maduro branco,Casal da eira,Embalagem de 250 ml,"0,85 €/L","0,85 €/L"
Tagliatelle a carbonara 350g,Tuttipasta,Embalagem de 350G,"2,99 €","8,54 €/Kg"
Costeletas do Lombo,Porco,Vendido ao peso a partir de 1 kg,"2,39 €","2,99 €/Kg"
Achocolatado em pó,Nesquik,Embalagem de 800g,"5,59 €","6,99 €/Kg"
Água s/ Gás,Serra de Fafe,Garrafa 6L,"1,79 €","1,19 €/L"
Barras de cereais nesquik,Nestle,Embalagem de 150g,"3,45 €","26,54 €/Kg"
Óleo Performa 15W40,Galp,Embalagem de 1 l,"14,99 €","14,99 €/L"
Lava Tudo Amoniacal,Sonasol,4 litros,"9,19 €","2,30 €/L"
Bolacha integral doce,Vieira,Embalagem de 180g,"6,40 €/Kg","6,40 €/Kg"
Massa de argolinhas,Nacional,Embalagem de 250g,"1,99 €","3,98 €/Kg"
Arroz longo extra integral,Cacarola,Embalagem de 1 kg,"0,99 €/Kg","0,99 €/Kg"
Gelatina pronta a comer light 10 kcal morango,Royal,Embalagem de 4 x 100 g,"2,29 €","5,73 €/Kg"
Nata uht,Agros,Garrafa de 200 ml,"1,12 €","5,60 €/L"
Frutapura maçã e pera,Bledina,Embalagem de 85g,"2,29 €","6,94 €/L"
80 filtros nº4 com saquetas antitártaro,Planteur,Uma embalagem com 80 unidades,"0,80 €","0,80 €/Unidade"
Rum 3 anos havan club (40º),Havana,Garrafa de 700 ml,"17,49 €","24,99 €/L"
Luvas Multi Latex M/L,Vileda,10 unidade,"4,29 €","4,29 €/Unidade"
Patafix branco,Uhu,Embalagem com 80 pastilhas adesivas,"2,49 €","2,49 €/Unidade"
10 cápsulas café qanela,Delta Q,Embalagem de 60g,"54,36 €/Kg","54,36 €/Kg"
Gelado fizz limão,Olá,Embalagem de 6 x 60 ml,"4,99 €","13,86 €/L"
Água c/ gás groselha,Frize,pack 4 x 0.25 l,"1,99 €/L","1,99 €/L"
Yaos iogurte grego natural,Nestle,Embalagem de 4x110g,"1,48 €","3,08 €/Kg"
"Canas de creme, 4 unidades",Dulcesol,Embalagem de 250g,"1,00 €","6,25 €/Kg"
Preparado em pó para pudim flan,El mandari,Embalagem de 19.2 g,"1,69 €","8,45 €/L"
Pescada de África do Sul,Peixe Congelado,"Vendido ao peso, 1 unidade = 400 a 600 g aprox.","3,99 €/Kg","3,99 €/Kg"
"Escova de dentes macia, 7-13 anos",Labell,1 unidade,"0,99 €","0,99 €/Unidade"
"Queijo curado, amanteigado",Paiva,Embalagem de 550g,"25,45 €/Kg","25,45 €/Kg"
Risott de cogumelos,Trevijano,Embalagem de 280g,"3,49 €","12,46 €/Kg"
Anti-Traça Cedro,Dum Dum,2 unidades,"5,99 €","176,18 €/Kg"
Manteiga la motte sal do mar,President,Embalagem de 250 g,"8,56 €/Kg","8,56 €/Kg"
Patê sardinha,La piara,Embalagem de 80g,"1,99 €","22,11 €/Kg"
Bombons Caixa Dourada c/ Laço,Belgian,Embalagem de 100G,"1,49 €","29,80 €/Kg"
Manteiga magra meio sal,President,Embalagem de 250g,"8,56 €/Kg","8,56 €/Kg"
Melancia Riscada,Fruta da Época,Vendido ao peso | 1 un = 4kg (aprox.),"0,75 €","2,99 €/Kg"
Feijão branco,Compal,Lata de 410 ml,"3,35 €/Kg","3,35 €/Kg"
Arroz extra longo integral,Saludaes,Embalagem de 1 kg,"0,99 €/Kg","0,99 €/Kg"
Carapau Médio Fresco,Peixe do Dia,1 un = 150 gr (aprox.),"6,49 €/Kg","6,49 €/Kg"
Queijo Curado Trad.Pimentão,Alavão,Vendido ao peso a partir de 250 gr,"25,45 €/Kg","25,45 €/Kg"
Nestum bolacha maria,Nestum,Embalagem de 250g,"2,19 €","8,76 €/Kg"
"Café em grão, lote superior",Delta,Embalagem de 1 kg,"9,16 €/Kg","9,16 €/Kg"
Frutapura 100% Ameixa/ Maçã,Bledina,Embalagem de 4x95 g,"5,42 €/Kg","5,42 €/Kg"
Bolacha chocomax mini,Nacional,Embalagem de 120 g,"2,09 €","17,42 €/Kg"
"12 lápis de cor, 18cm",Domédia,Uma embalagem,"4,29 €","4,29 €/Unidade"
Café torrado lote chávena máquina,Delta,Embalagem de 250g,"9,16 €/Kg","9,16 €/Kg"
Sobremesa Paturette Creamy Chocolate,Páturages,Embalagem de 4X115G,"1,19 €","2,59 €/Kg"
Desodorizante roll on dermo invisible,Sanex,Embalagem de 50 ml,"50,80 €/L","50,80 €/L"
Wraps multicereais,Mission,1 Embalagem c/6 unidades,"2,99 €","8,08 €/Kg"
Detergente manual de roupa,Omo,Embalagem de 540g,"1,99 €","3,69 €/Kg"
Favas,Programa Origens,1 un = 250 gr  (aprox.),"0,62 €","2,49 €/Kg"
Achocolatado em pó,Ovomaltine,Embalagem de 400g,"5,59 €","6,99 €/Kg"
Gelado carte d'or yogurt & forest fruit,Olá,Embalagem de 900 ml,"5,49 €","6,10 €/L"
2 toalhas de bidé,PorSi,30 x 50 cm,"29,99 €","29,99 €/Unidade"
Elixir bocal dentes e gengivas,Listerine,Embalagem de 1 l,"5,99 €","11,98 €/L"
Amaciador concentrado máquina roupa suprême romance,Vernel,Embalagem de 1.05 l,"6,58 €","5,02 €/L"
Iogurte liquido proteína yopro morango/framboesa,Yopro,300 g,"5,97 €/Kg","5,97 €/Kg"
Iogurte 0% pedaços amora e framboesa,Longa vida,Embalagem de 4 x 120 g,"2,55 €","5,31 €/Kg"
Cola de Contacto Liquida,Vito,1 unidade,"3,19 €","3,19 €/Unidade"
Estendal varanda sunset,Vileda,Embalagem de 1 unidades,"21,50 €","21,50 €/Unidade"
Água com gás,Vimeiro,pack 6 x 0.25 l,"1,99 €/L","1,99 €/L"
Massa macarronete riscado,Milaneza,Embalagem de 500g,"1,99 €","3,98 €/Kg"
Kiwi categoria II - calibre 30/36,Fruta do Dia,1 un = 150 gr (aprox.),"0,22 €","1,09 €/Kg"
Polpa tomate biológico,Guloso,Embalagem de 500g,"4,54 €/Kg","4,54 €/Kg"
Bolachas cream cracker sesamo,Vieira,Embalagem de 200g,"3,69 €","7,38 €/Kg"
Ameixa Amarela,Fruta da Época,1 un = 250 gr  (aprox.),"0,24 €","1,59 €/Kg"
Buondi extreme cafe moido 12x200g,Buondi,Embalagem de 200g,"9,76 €/Kg","9,76 €/Kg"
Creme p/ barrar de chocolate e avelã,Milka,Embalagem de 340g,"8,54 €/Kg","8,54 €/Kg"
Tira gorduras dia a dia,Mistolin,Garrafa de 750 ml,"2,99 €/L","2,99 €/L"
Goiaba,Ferbar,Embalagem de 300g,"1,99 €","4,98 €/Kg"
Vinho frisante branco,Lapadas,Garrafa de 750 ml,"2,29 €","3,05 €/L"
Pilha alcalina classic lr20x2,Domédia,1 unidade,"1,99 €","1,99 €/Unidade"
Salada toscana Programa Origens,PorSi,embalagem de 250 g,"5,16 €/Kg","5,16 €/Kg"
Forma tarte em alumínio 24 cm basic,PorSi,1 un.,"6,99 €/Unidade","6,99 €/Unidade"
Grão de bico,Caçarola,Embalagem de 500 g,"2,18 €/Kg","2,18 €/Kg"
Açúcar granulado,Rar,Embalagem de 1kg,"1,69 €","1,69 €/Kg"
Infusão nº 13 diabet control,Cemporcent,Embalagem de 10 unidades,"0,99 €","76,15 €/Kg"
Bolo recheio de chocolate multipack,Chipicao,Embalagem de 230g,"1,00 €","6,25 €/Kg"
Cogumelos Granel,Legumes do Dia,1 un = 200 gr (aprox.),"0,98 €","4,89 €/Kg"
Bolachas infantil dinossauros,Artiach,Embalagem de 190g,"1,89 €","15,75 €/Kg"
Mousse de chocolate leite,Páturages,Embalagem de 4x60 g,"1,19 €","2,59 €/Kg"
"Toalhitas Higiénicas Adulto, 64unidades",Labell,Uma embalagem,"23,70 €/L","23,70 €/L"
Óleo de cedro,Mistolin,Embalagem de 360 ml,"3,49 €","9,69 €/L"
Abóbora Butternut,Programa Origens,1 un = 1 kg (aprox.),"0,79 €/Kg","0,79 €/Kg"
Ambientador vela fresh berries,Glade,1 unidade com 129 g,"9,49 €","45,19 €/Kg"
Luva Pele,Itools,1 unidade,"1,99 €","1,99 €/Unidade"
Meloa Gália,Fruta da Época,1 un = 1 kg (aprox.),"0,75 €","2,99 €/Kg"
Arroz agulha,B.sucesso,Embalagem de 1 kg,"0,99 €/Kg","0,99 €/Kg"
Prepar arroz marisco sem gluten cv 0.8kg,Brasmar,Embalagem de 800g,"7,89 €/Kg","7,89 €/Kg"
Unha,Porco,1 un = 500 gr (aprox.),"0,60 €","5,99 €/Kg"
"Crepes queijo/fiambre, 6 unidades",Claude Léger,Embalagem de 300 g,"1,89 €","6,30 €/Kg"
Queijo Fresco barra,GressoChef,1 un = 250 gr  (aprox.),"2,35 €","10,88 €/Kg"
Café em grão,Delta,Embalagem de 1 kg,"9,16 €/Kg","9,16 €/Kg"
Batata Roxa,Legumes do Dia,embalada - 10kg,"0,25 €","0,99 €/Kg"
Painho de Sousel,PorSi,"Vendido ao peso, fatiado a partir de 100 gr","3,20 €","15,99 €/Kg"
Chocolate culinário 70% cacau,Nestle,Embalagem de 170 g,"1,64 €","13,12 €/Kg"
Régua duplo decimetro,CA1,1 unidade,"2,49 €","2,49 €/Unidade"
Gelatina mirtilo 10kcal 31g,Royal,Embalagem de 30g,"1,99 €","17,46 €/Kg"
Frutapura Pouch Frutos Variados,Bledina,Embalagem de 85g,"2,29 €","6,94 €/L"
Bebida energética,Red Bull,Garrafa de 360 ml,"5,39 €","5,39 €/L"
Dettol sabonete líquido frutos do bosque x 12,Dettol,Garrafa de 250 ml,"2,18 €/L","2,18 €/L"
Pão Regional Rio Maior Inteiro,Pão do Dia,1 unidade= 900 g,"0,25 €","2,78 €/Kg"
Vinho rosé mateus emotion,Mateus,Garrafa de 750 ml,"4,29 €","5,72 €/L"
Pastilhas elásticas splash morango e lima,Trident Max,Embalagem de 66 g,"0,89 €","59,33 €/Kg"
Beringela,Programa Origens,1 un = 400 gr (aprox.),"0,62 €","2,49 €/Kg"
Queijo amanteigado fatias,Paiva,Embalagem de 180 g,"5,09 €","12,73 €/Kg"
Caderno Agrafado A4 Pautado,Ambar,80 folhas,"2,29 €","2,29 €/Unidade"
20 saquetas infusão de cidreira,Lipton,Embalagem de 20g,"0,99 €","76,15 €/Kg"
Patê atum,La piara,Embalagem de 80g,"1,99 €","22,11 €/Kg"
Açúcar areado amarelo,Rar,Embalagem de 1kg,"1,69 €","1,69 €/Kg"
Truta Salmonada,Programa Origens,1 un=900 g (aprox.),"6,49 €/Kg","6,49 €/Kg"
"Tiras limpa poros faciais, 6unidades",Labell,1 embalagem,"23,70 €/L","23,70 €/L"
Desinfetante Têxtil,Sanytol,Embalagem de 500 ml,"3,99 €","5,70 €/L"
Atum ao natural,Ramirez,Embalagem de 120g,"9,08 €/Kg","9,08 €/Kg"
Iogurte aroma 0% tutti fruti/coco,Longa vida,Embalagem de 6 x 120 g,"2,55 €","3,54 €/Kg"
Pensos de incontinência Maxi,Ausonia,Uma embalagem - 12Unidades,"7,99 €","7,99 €/Unidade"
Vinho maduro branco meio seco,Adega grande,Garrafa de 750 ml,"1,59 €","2,12 €/L"
"Escova de dentes, proteção global média, 2 unidades",Labell,Uma embalagem,"4,99 €","4,99 €/Unidade"
6 Salsichas de porco,Nobre,Lata de 120g,"1,49 €","7,45 €/Kg"
Concentrado maracujá mix,Sunquick,Garrafa de 580 ml,"4,79 €","8,26 €/L"
Queijo mozzarela ralado,Valformoso,Embalagem de 150g,"7,45 €/Kg","7,45 €/Kg"
Maçã Jonagored 70/75,Programa Origens,1 un = 150 gr (aprox.),"0,16 €","0,89 €/Kg"
Arroz carolino,Caçarola,Embalagem de 1kg,"0,99 €/Kg","0,99 €/Kg"
Azeitona Preta Extra,PorSi,1 un = 100 gr (aprox.),"0,50 €","4,99 €/Kg"
Alimento seco gato salmao 1.5k,Purina One,"Embalagem de 1,5 kg","12,99 €","4,33 €/Kg"
Sobremesa danette duplo baunilha e caramelo,Danone,Embalagem de 4 x 125 g,"1,19 €","2,59 €/Kg"
Eclair de Chocolate 75 g,Pastelaria do Dia,,"0,30 €/Unidade","0,30 €/Unidade"
Bacon Extra fatiado,Porminho,Embalagem 80g,"1,45 €","18,13 €/Kg"
Massa de macarrão riscado,Nacional,Embalagem de 500g,"1,99 €","3,98 €/Kg"
Bolacha tostada diet nature s/ açucares,Gullon,Embalagem de 400g,"2,69 €","13,45 €/Kg"
Broa de Milho,Pão do Dia,1 unidade= 400 g,"0,25 €","2,78 €/Kg"
Manteiga de alho,Mimosa,Embalagem de 200g,"8,56 €/Kg","8,56 €/Kg"
Manteiga com sal,Novacores,Embalagem de 250g,"8,56 €/Kg","8,56 €/Kg"
Chá de menta e eucalipto,Lipton,20 saquetas,"58,00 €/Kg","58,00 €/Kg"
Lixívia Spray Mousse,Neoblanc,Embalagem de 700ml,"2,59 €","1,30 €/L"
Queijo flamengo ralado,Valformoso,Embalagem de 150g,"7,45 €/Kg","7,45 €/Kg"
Batatas Pré-fritas Rosti com Cebola,PorSi,Embalagem com 600 g,"2,48 €/Kg","2,48 €/Kg"
Perna com Costa,Frango,1 un. = 300 g (aprox.),"0,94 €","2,69 €/Kg"
Manteiga com sal,Milhafre,Embalagem de 250g,"8,56 €/Kg","8,56 €/Kg"
Tapa fugas,Redex,Embalagem de 250 ml,"14,99 €","14,99 €/L"
Pimento Verde,Legumes do Dia,1 un = 250 gr  (aprox.),"0,75 €","2,99 €/Kg"
Iguarias Pota com Alho,Pitéu,Embalagem de 120 g,"9,08 €/Kg","9,08 €/Kg"
Extra vitamina de a a z,PLANTANATU,Embalagem de 1 unidades,"6,59 €","6,59 €/Unidade"
Sobremesa Paturette Caramelo,Páturages,Embalagem de 4x115g,"1,19 €","2,59 €/Kg"
Pão de forma sem côdea especial torradas,Panrico,Embalagem de 510g,"2,99 €","8,08 €/Kg"
Óleo p/ Moto Performa M2T,Galp,Embalagem de 1 l,"14,99 €","14,99 €/L"
Cerveja com álcool,Kings Bräu,"Embalagem de 0,33 l","1,99 €/L","1,99 €/L"
Batata frita palha,Pala-pala,Embalagem de 250g,"1,69 €","9,39 €/Kg"
Whisky,J&B,Garrafa de 700 ml,"19,99 €","19,99 €/L"
"Bebidas leite, caramelo machiatto",STARBUCKS,Embalagem de 220 ml,"2,15 €","9,77 €/L"
"Queijo ralado, 4 queijos",President,Embalagem de 150 g,"7,45 €/Kg","7,45 €/Kg"
Doce framboesa e romã,ST.DALFOUR,Frasco de 284g,"4,39 €","15,46 €/Kg"
"Jogo ""De Pernas para o Ar""",Concentra,1 unidade,"9,99 €/Unidade","9,99 €/Unidade"
Aba s/ Osso,Novilho,1 un = 500 gr (aprox.),"3,00 €","5,99 €/Kg"
Porto ruby,Ferreira,Garrafa de 750 ml,"6,65 €/L","6,65 €/L"
Sabonete original,Palmolive,Embalagem de 4x90 g,"4,49 €","12,47 €/Kg"
Água s/ gás,Luso,"Garrafa de 5,4 l","1,79 €","1,19 €/L"
Azeite Virgem,Oliveira da Serra,Embalagem de 750 ml,"5,19 €/L","5,19 €/L"
Bolacha digestiva de aveia/chocolate,Gullon,Embalagem de 430g,"6,40 €/Kg","6,40 €/Kg"
Iogurte natural,Danone,Embalagem de 4 x 120 g,"1,48 €","3,08 €/Kg"
Café Descafeinado,Nescafe,Embalagem de 100g,"28,40 €/Kg","28,40 €/Kg"
Banana,Fruta do Dia,1 un = 200 gr (aprox.),"0,22 €","1,09 €/Kg"
Elixir Anti-Tartaro,Listerine,500 ml,"5,99 €","11,98 €/L"
Pensos Higiénicos Cottonlike Super Com Abas,Evax,12 unidades,"2,69 €","2,69 €/Unidade"
Bebida solúvel cereais+fibra frasco 200g,Delta,Embalagem de 200g,"1,14 €","57,00 €/Kg"
Toalhão de banho,PorSi,100 x 150 cm,"29,99 €","29,99 €/Unidade"
Bolo Brigadeiro 800 g,Pastelaria do Dia,,"7,49 €","9,36 €/Kg"
Chá infusão sene,Cemporcent,Embalagem de 13g,"58,44 €/Kg","58,44 €/Kg"
Café solúvel viena,Nescafe,Embalagem de 140g,"1,14 €","57,00 €/Kg"
Toalha de banho,PorSi,100 x 150 cm,"29,99 €","29,99 €/Unidade"
Mini tostas de trigo,Diatosta,Embalagem de 350 g,"2,39 €","6,83 €/Kg"
Lambrusco bianco,*,Garrafa de 750 ml,"2,09 €","2,79 €/L"
Creme abrasivo limão,Cif,Garrafa de 700 ml,"4,99 €","7,13 €/L"
"Pensos tecido, resistentes à água, 10 unidades",Hansaplast,1 embalagem,"3,49 €","34,90 €/L"
Bandas de cera facial peles normais,Veet,Embalagem de 20 unidades,"3,11 €","3,11 €/Unidade"
Bebida Energética Red Grape,Hell,250 ml,"5,39 €","5,39 €/L"
Bolachas choco mini estrelas,Milka,Embalagem de 190g,"2,78 €/Kg","2,78 €/Kg"
Queijo Snack de Vaca,President,Embalagem de 180 g,"1,45 €","7,25 €/Kg"
Cera de depilação profissional,Veet,Garrafa de 300 ml,"3,11 €","3,11 €/Unidade"
Gressinos com chocolate,Schar,Embalagem de 52G,"2,39 €","6,83 €/Kg"
"Chocolate m&m s, amendoim",M&m' s,Embalagem de 45 g,"11,98 €/Kg","11,98 €/Kg"
Maçã golden 60/65 categoria II Programa Origens,PorSi,Embalagem de 1.5 kg,"0,16 €","0,89 €/Kg"
Whisky gold heritage,Label 5,"Garrafa de 0,70 l","19,99 €","19,99 €/L"
Cerveja com álcool,Sagres,Garrafa de 1 l,"1,99 €/L","1,99 €/L"
"Lencos faciais tate, 86 unidades",Scottex,Uma embalagem,"0,99 €","0,99 €/Unidade"
Bolachas de manteiga,Triunfo,Embalagem de 170g,"10,00 €/Kg","10,00 €/Kg"
Batata frita caseira rodela,Pala-pala,Embalagem de 300g,"1,69 €","9,39 €/Kg"
Batata Branca,Programa Origens,Vendido ao peso a partir de 1 kg,"0,25 €","0,99 €/Kg"
Bolachas água e sal doces,Vieira,Embalagem de 170g,"6,40 €/Kg","6,40 €/Kg"
Lambrusco rose,*,Garrafa de 750 ml,"2,29 €","3,05 €/L"
Leite infantil 3+ anos sem lactose,Mimosa,Garrafa de 1 l,"1,39 €/L","1,39 €/L"
Tira verniz,Labell,Embalagem de 200 ml,"1,03 €","10,30 €/L"
Lápis evolution nº 2 HB,Bic,1 embalagem,"2,69 €","2,69 €/Unidade"
Sumo essencial manga,Compal,pack 3 x 0.11 l,"1,69 €","1,69 €/L"
Loção hidratante,Baby Dove,Embalagem de 200 ml,"6,99 €","34,95 €/L"
Senses Tropical,Trident,1 un.,"0,89 €","59,33 €/Kg"
Hambúrgueres de peru,PorSi,Embalagem de 4x80g,"9,50 €/Kg","9,50 €/Kg"
"Alimento húmido para gato 7+, aves",Whiskas,Embalagem de 400g,"2,89 €","7,23 €/Kg"
Descafeinado,Buondi,10 cápsulas,"28,40 €/Kg","28,40 €/Kg"
Água com gás,Castello,24 x 25 cl,"1,99 €/L","1,99 €/L"
Alimento húmido para cão borrego,Pedigree,Embalagem de 300g,"4,85 €/Kg","4,85 €/Kg"
Galette de Rois,*,100 g,"7,49 €","9,36 €/Kg"
Sumo essencial kids,Compal,pack 3 x 0.11 l,"2,09 €","6,33 €/L"
"Creme de depilação duche, peles normais",Veet,Garrafa de 150 ml,"10,99 €","73,27 €/L"
"Alimento seco para gato junior, galinha",Whiskas,Embalagem de 350g,"12,99 €","4,33 €/Kg"
Cevada solúvel,PorSi,Embalagem de 200g,"1,64 €","6,56 €/Kg"
"Bolachas, tubo",Oreo,Embalagem de 150g,"1,49 €","9,68 €/Kg"
Corvina inteira fresca,Nossa seleção,De aquicultura,"6,49 €/Kg","6,49 €/Kg"
Mini tosta trigo,Diatosta,Embalagem de 90 g,"2,39 €","6,83 €/Kg"
20 saquetas chá de pêssego manga,Lipton,Embalagem de 40g,"58,00 €/Kg","58,00 €/Kg"
Vinho do porto white,Cruz,Garrafa de 750 ml,"11,99 €","15,99 €/L"
Granola,Salutem,Embalagem de 500g,"2,29 €","15,27 €/Kg"
Nata uht para bater,Gresso,Garrafa de 200 ml,"1,12 €","5,60 €/L"
Linguiça,Porminho,Embalagem de 150g,"13,99 €/Kg","13,99 €/Kg"
Canjica branca,Do Brasil,Embalagem de 500 g,"3,49 €","12,46 €/Kg"
Refrigerante sem gás laranja,Trina,"Garrafa de 1,5 l","1,90 €","1,27 €/L"
"Esponja de banho natural, massagem",calypso,1 unidade,"3,85 €","3,85 €/Unidade"
Pimento Verde,Programa Origens,1 un = 250 gr (aprox.),"0,75 €","2,99 €/Kg"
Bastão de Cola,Domédia,10 g,"2,19 €","109,50 €/L"
Puzzle Spiderman,Clementoni,2 x 60 peças,"9,99 €/Unidade","9,99 €/Unidade"
Miolo de camarão cozido 40/60,Pescanova,Embalagem de 200 g,"19,99 €","24,99 €/Kg"
Crackers c/ sal superficie,GRAN PAVES,Embalagem de 250g,"3,69 €","7,38 €/Kg"
Courgette Categoria II,Legumes do Dia,,"0,75 €","2,49 €/Kg"
Manteiga de amendoim crocante,Prozis,Embalagem de 500g,"8,54 €/Kg","8,54 €/Kg"
Leite de limpeza age perfect,L'oreal,Embalagem de 200 ml,"23,70 €/L","23,70 €/L"
"Aperitivos, amendoins no forno",Matutano,Embalagem de 200g,"0,79 €","7,90 €/Kg"
Bolacha dourada dietnature,Gullon,Embalagem de 330g,"2,11 €/Kg","2,11 €/Kg"
Gel Banho Apollo,Axe,Embalagem de 400 ml,"5,99 €","14,98 €/L"
Lixívia Denso-Activa Harmonias Florais p/ Casa e Rou...,Neoblanc,Embalagem de 2 l,"2,59 €","1,30 €/L"
Cebolinho vaso aromáticas vivas,Aroma viva,Embalagem de 1 unidades,"1,09 €","36,33 €/Kg"
Bolacha de chocolate,Snapy,Embalagem de 250g,"2,11 €/Kg","2,11 €/Kg"
Esparguete fino,Nacional,Embalagem de 500g,"1,99 €","3,98 €/Kg"
Água mineral sem gás,Fastio,Pack 4 x 1.5 l,"1,79 €","1,19 €/L"
Batata roxa,Legumes do Dia,Embalagem de 5 kg,"0,25 €","0,99 €/Kg"
Fraldas de Incontinência Elásticos Grandes,Lindor,20 Unidades,"9,99 €","9,99 €/Unidade"
Snack dentastix grande,Pedigree,Embalagem de 270 g,"5,58 €/Kg","5,58 €/Kg"
Água s/ gás,Luso,"Garrafa de 0,75 l","1,79 €","1,19 €/L"
Sobremesa láctea com chocolate e drageias de chocola...,Páturages,Embalagem de 4X120 g,"1,49 €","3,73 €/Kg"
Salsicha p/Churrasco XL,Carne Sorraia,1 Embalagem 360G,"0,99 €","7,07 €/Kg"
Edredão bicolor,TS,Dim.: 200 x 220 cm,"29,99 €","29,99 €/Unidade"
Fígado,Porco,Vendido ao peso a partir de 1 kg,"0,60 €","5,99 €/Kg"
Bolachas com cobertura de chocolate de leite,Oreo,Embalagem de 250g,"1,49 €","9,68 €/Kg"
Sidra frutos vermelhos,Somersby,pack 4 x 0.33 l,"2,88 €","1,15 €/L"
Café c/ cafeína intenso,Nescafe,Embalagem de 100g,"1,14 €","57,00 €/Kg"
Costeletas,Borrego,1 un = 250 gr  (aprox.),"62,93 €","8,99 €/Kg"
Recarga de esfregona universal,Vileda,1 unidade,"8,00 €","8,00 €/Unidade"
Arroz de Pato,Centralres,Vendido ao peso,"11,96 €/Kg","11,96 €/Kg"
Shoyce aveia& amendoa 0%,Shoyce,Garrafa de 1 l,"2,19 €","2,19 €/L"
Bebida energética,Red Bull,Pack 4 x 0.25 l,"5,39 €","5,39 €/L"
Ambientador elétrico sensual sandalwood & jasmine + ...,Glade,1 unidade,"8,99 €/Unidade","8,99 €/Unidade"
Bebida aveia sem açúcar,Alpro,Embalagem de 1 l,"2,19 €","2,19 €/L"
Natas para café,President,Embalagem de 10X10G,"1,12 €","5,60 €/L"
Manga Pronta a Comer,Fruta do Dia,1 un = 400 gr (aprox.),"2,29 €/Kg","2,29 €/Kg"
Cappucino go chill com aveia biológica,Delta,Embalagem de 230 ml,"3,19 €","25,52 €/Kg"
Cappuccino intenso,Nescafe,Embalagem de 130g,"3,19 €","25,52 €/Kg"
Café moagem universal timor,Delta,Embalagem de 220g,"9,76 €/Kg","9,76 €/Kg"
Champô anti-caspa,Labell,Embalagem de 400 ml,"12,48 €/L","12,48 €/L"
Pera rocha categoria II Programa Origens,PorSi,Embalagem de 1.5 kg,"0,16 €","0,89 €/Kg"
Taolhão de banho,PorSi,100 x 150 cm,"29,99 €","29,99 €/Unidade"
Creme depilatório para peles normais,Labell,Embalagem de 200 ml,"10,99 €","73,27 €/L"
"Jogo de Viagem, Cluedo",Hasbro,,"9,99 €","9,99 €/Unidade"
Moscatel de setúbal,Dom Campos,Garrafa de 750 ml,"6,79 €/L","6,79 €/L"
Leite Bem Essencial cereais,Mimosa,Embalagem de 4 x 200 ml,"2,15 €","9,77 €/L"
Tosta trigo,Diatosta,Embalagem de 510 g,"2,39 €","6,83 €/Kg"
Cereais chocapic,Nestle,Embalagem de 630g,"5,07 €/Kg","5,07 €/Kg"
Puzzle Super Hero,Clementoni,2 x 20 peças,"9,99 €/Unidade","9,99 €/Unidade"
20 saquetas chá digestão fácil,Lipton,Embalagem de 30g,"85,00 €/Kg","85,00 €/Kg"
"Agrafos nº24/6, 2000 unidades",Maped,Uma embalagem,"2,49 €","2,49 €/Unidade"
Bolacha de água e sal júnior,Vieira,Embalagem de 160g,"6,40 €/Kg","6,40 €/Kg"
Corn flakes sem glúten,Schar,Embalagem de 250g,"3,19 €","12,76 €/Kg"
Bolachas vitalday recheio iogurte c/ frutos vermelho...,Gullon,Embalagem de 220g,"2,69 €","13,45 €/Kg"
Malagueta Verde,Legumes do Dia,1 un = 100 gr (aprox.),"0,75 €","2,99 €/Kg"
Proti soja naco,Salutem,Embalagem de 400g,"2,09 €","8,36 €/Kg"
Chip choco diet nature,Gullon,Embalagem de 130g,"2,09 €","17,42 €/Kg"
Recarga p/ Esfregona |Suave,Vileda,,"8,00 €","8,00 €/Unidade"
Longa vida morango tu banana coco 8x120,Longa vida,Embalagem de 960g,"1,99 €","2,07 €/Kg"
Água mineral sem gás infantil,Serra de Fafe,"Embalagem de 6x0,33 l","1,79 €","1,19 €/L"
Bifanas,Porco,Vendido ao peso a partir de 1 kg,"2,39 €","2,99 €/Kg"
Papel vegetal 8m,Vileda,1 unidade,"2,99 €","2,99 €/Unidade"
Concentrado manga,Sunquick,Garrafa de 580 ml,"4,79 €","8,26 €/L"
Vermute rosso,Martini,Garrafa de 1 l,"11,99 €","11,99 €/L"
30 comprimidos super ginseng,PLANTANATU,Embalagem de 1 unidades,"6,59 €","6,59 €/Unidade"
Pêssego Vermelho A,Fruta do Dia,1 un = 150 gr (aprox.),"0,24 €","1,59 €/Kg"
Gel de Banho Corpo e Cabelo Hidratante,Baby Dove,Embalagem de 400 ml,"1,99 €","1,99 €/Unidade"
Bacalhau à Brás,PorSi,Embalagem de 250g,"11,96 €/Kg","11,96 €/Kg"
Caffe latte go chill,Delta,230 ml,"3,19 €","25,52 €/Kg"
Leite de pastagem uht meio gordo,Milhafre,1 litro,"0,79 €/L","0,79 €/L"
Leite uht meio gordo,Agros,Embalagem 1L,"0,79 €/L","0,79 €/L"
Molho inglês,Savora,Garrafa de 120 ml,"4,39 €","10,55 €/Kg"
"Bebida láctea especial crescimento, 1-3 anos",Mimosa,Garrafa de 1 l,"1,39 €/L","1,39 €/L"
Carne Picada,Porco,1 un= 200 gr (aprox.),"2,39 €","2,99 €/Kg"
Bolacha chocodiet nature,Gullon,Embalagem de 270g,"2,35 €","9,40 €/Kg"
Delta chicória + cafe soluvel lata,Delta,Embalagem de 250g,"1,14 €","57,00 €/Kg"
Couve Roxa,Legumes do Dia,1 un= 1kg (aprox.),"1,49 €","0,99 €/Kg"
Muesli tropical,Cemporcent,Embalagem de 500g,"1,19 €","2,98 €/Kg"
Agrafador + 400 agrafos,Domédia,Uma embalagem,"2,19 €","109,50 €/L"
Pão de Forma Cerealia 14 Cereais e Sementes 0% Açúca...,Panrico,Embalagem de 440g,"2,99 €","8,08 €/Kg"
Leite uht c/ chocolate,Ucal,Garrafa de 1 l,"1,79 €/L","1,79 €/L"
Nestle scm regular tubo 12x pt,Nestle,Embalagem de 450g,"4,00 €/Kg","4,00 €/Kg"
Lambrusco rose,*,Garrafa de 750 ml,"2,09 €","2,79 €/L"
Detergente líquido p/ máquina lavar roupa cores,Woolite,"Garrafa de 1,65 l","14,99 €","3,53 €/L"
Nestum aveia e morango,Nestum,Embalagem de 250g,"2,19 €","8,76 €/Kg"
Aperitivos de amendoim com sal e mel,Matutano,Embalagem de 150g,"0,79 €","7,90 €/Kg"
Bebida energética green,Monster,Garrafa de 500 ml,"5,39 €","5,39 €/L"
Bolachas maria,Triunfo,Embalagem de 200g,"2,11 €/Kg","2,11 €/Kg"
Spray nature casa de banho,Cif,embalagem de 750 ml,"3,49 €","4,65 €/L"
Pizza fiambre e queijo,Campofrio,Embalagem de 360g,"3,49 €","13,96 €/Kg"
Iogurte natural açucarado em frasco de vidro,PorSi,Embalagem de 2 x 125 g,"1,48 €","3,08 €/Kg"
Esferográfica Sortida Média,Mab,Embalagem com 10 un.,"2,69 €","2,69 €/Unidade"
Coca-cola light,Coca-Cola,Garrafa de 1 l,"0,40 €/L","0,40 €/L"
Bolacha cookie sensations choco,Milka,Embalagem de 160g,"2,09 €","17,42 €/Kg"
Bolachas dinossauros dinoovos,Artiach,Embalagem de 140g,"1,89 €","15,75 €/Kg"
Farinha rainha c/ fermento,Nacional,Embalagem de 1000 g,"1,99 €","1,99 €/Kg"
Lima,Fruta do Dia,1 un = 200 gr (aprox.),"0,50 €","1,99 €/Kg"
15 barrinhas pescada,Pescanova,Embalagem de 450g,"9,30 €/Kg","9,30 €/Kg"
Ração seca para cão croquetes pro júnior,PorSi Select,Embalagem de 3 Kg,"1,15 €/Kg","1,15 €/Kg"
Bollycao,Bollycao,Embalagem de 2 unidades,"1,00 €","6,25 €/Kg"
Baby Clemmy Balde de Atividades,Clementoni,1 un.,"16,99 €/Unidade","16,99 €/Unidade"
Tiras da Costela/Piano,Porco,1 un = 500 gr (aprox.),"2,39 €","2,99 €/Kg"
10 saquetas chá frutos vermelhos,Lipton,Embalagem de 10g,"58,00 €/Kg","58,00 €/Kg"
Laranja Económica,Fruta do Dia,1 un = 250 gr  (aprox.),"0,50 €","1,99 €/Kg"
Salsichas extra suculentas,Nobre,Frasco de 650 g,"1,49 €","7,45 €/Kg"
Pack de 3 lâmpadas 6W LED E14,BDC,1 embalagem,"8,05 €","8,05 €/Unidade"
Bolacha maria doces,Vieira,Embalagem de 300g,"2,11 €/Kg","2,11 €/Kg"
Café mistura peninsular,Delta,Embalagem de 250g,"1,64 €","6,56 €/Kg"
Queijo creme flamengo,President,Embalagem de 125 g,"4,68 €","11,70 €/Kg"
Casa mateus temporada - abóbora,Casa de Mateus,Embalagem de 350g,"4,39 €","15,46 €/Kg"
Queijo mozzarella fresca,Galbani,Embalagem de 125 g,"1,79 €","14,32 €/Kg"
12 Preservativos Adapta Non Stop,Control,,"4,49 €","4,49 €/Unidade"
Pensos Higiénicos Cottonlike Normal Abas,Evax,embalagem de 16 unidades,"2,69 €","2,69 €/Unidade"
Spray power&shine vidros,Cif,Garrafa de 750 ml,"0,79 €","0,79 €/L"
Lata de Brilho Castanho,Búfalo,Embalagem de 75 ml,"2,75 €","36,67 €/L"
Sabonete alfazema de monte,Confianca,Embalagem de 125 g,"4,49 €","12,47 €/Kg"
Super Cola para Madeira,Vito,1 unidade,"3,19 €","3,19 €/Unidade"
"Borracha Technic, 600",Maped,embalagem com 2 unidades,"4,29 €","4,29 €/Unidade"
Anti-Traça Alimentos,Dum Dum,2 unidades,"5,99 €","176,18 €/Kg"
10 saquetas chá yellow label,Lipton,Embalagem de 20g,"58,44 €/Kg","58,44 €/Kg"
Cogumelos inteiros,PorSi,Embalagem de 355 g,"3,35 €/Kg","3,35 €/Kg"
Néctar vital equilibrio laranja/cenoura/manga,Compal,Embalagem de 1 l,"1,69 €","1,69 €/L"
"Gel para o cabelo, wet shine",Fru style,Embalagem de 200 ml,"5,99 €","39,93 €/L"
Filetes de cavala em azeite,PorSi,Embalagem de 120 g,"9,08 €/Kg","9,08 €/Kg"
Yofu com pedaços de mirtilo,Alpro,Embalagem de 4x125 g,"4,58 €/Kg","4,58 €/Kg"
Bolacha vitalday frutos vermelhos,Gullon,Embalagem de 240g,"1,49 €","7,84 €/Kg"
Milho inteiro,Rac.zezere,Embalagem de 5 kg,"4,24 €","0,85 €/Kg"
Descafeinado em cápsulas Pianíssimo 10x5g,PorSi Select,Embalagem de 50g,"28,40 €/Kg","28,40 €/Kg"
Halls Vitamina C Melancia,Halls,Embalagem de 33g,"1,69 €","16,90 €/Kg"
Spray bolor e sujidade,Cillitbang,Garrafa de 500 ml,"4,48 €/L","4,48 €/L"
Cerveja super bock,Super Bock,Pack 6 x 200 ml,"1,99 €/L","1,99 €/L"
"Polpa de maracujá, em lata",Koala,Embalagem de 570g,"4,19 €","7,35 €/Kg"
Vinho frutado branco,Flor do Campo,Garrafa 0.75L,"1,59 €","2,12 €/L"
Iogurte mix-in smarties morango,Nestle,Embalagem de 2 x 128 g,"8,58 €/Kg","8,58 €/Kg"
"Vinagre balsâmico, spray",Paladin,Garrafa de 250 ml,"1,59 €","3,18 €/L"
Cacetinho,Pão do Dia,1 unidade= 90 g,"0,25 €","2,78 €/Kg"
Pimento Vermelho,Legumes do Dia,1 un=250 gr (aprox.),"0,75 €","2,99 €/Kg"
Pão da Avó Alongado,Pão do Dia,1 unidade =400 g,"0,25 €","2,78 €/Kg"
Régua 50 cm,Mab,1 un.,"2,49 €","2,49 €/Unidade"
Anti-Traças Papel 4 Seasons Floral,Raid,1 Embalagem c/12 unidades,"5,99 €","176,18 €/Kg"
Achocolatado em Pó,Nesquik,Embalagem de 700g,"5,59 €","6,99 €/Kg"
Rebuçados peitorais dr. bentes originais,Dr.bentes,Embalagem de 100g,"1,69 €","16,90 €/Kg"
Mistura para coelhos,Rac.zezere,Embalagem de 5 kg,"4,09 €","0,82 €/Kg"
"Vela em número, nº 8",PorSi,1 unidade,"0,80 €","0,80 €/Unidade"
Gelatina pronta a comer morango,Royal,Embalagem de 4 x 100 g,"2,29 €","5,73 €/Kg"
Creme depilatório para peles sensíveis,Labell,Embalagem de 200 ml,"10,99 €","73,27 €/L"
Zero snack 35 g chocolate duplo,Prozis,Embalagem de 40g,"1,19 €","2,98 €/Kg"
Bolachas com duplo creme,Oreo,Embalagem de 190g,"1,49 €","9,68 €/Kg"
Peluche Unicórnio Interativo,Baby Clementoni,unidade,"27,99 €/Unidade","27,99 €/Unidade"
Caixa Cubo Pearls,Jacquot,Embalagem de 200g,"1,49 €","29,80 €/Kg"
Bolachas Maria sem Açúcar,Vieira de Castro,Embalagem de 300 g,"2,11 €/Kg","2,11 €/Kg"
Tablete chocolate de leite,PorSi,embalagem de 100 g,"5,30 €/Kg","5,30 €/Kg"
Semente papoila,Salutem,Embalagem de 125g,"2,29 €","15,27 €/Kg"
Pack 5 veículos sortidos,Hot Wheels,1 embalagem,"9,99 €/Unidade","9,99 €/Unidade"
Tira gorduras recarga,Mistolin,Garrafa de 550 ml,"4,49 €","5,99 €/L"
Sopa de Caldo Verde,Brilha ali,Vendido ao peso,"2,69 €/Kg","2,69 €/Kg"
Adoçante em pó,Canderel,Embalagem de 90g,"3,99 €","44,33 €/Kg"
Cola apanha ratos,Neolar,Embalagem de 200 ml,"5,09 €","8,48 €/L"
Queijo creme de camembert,Président,embalagem de 125 g,"1,45 €","7,25 €/Kg"
6 Preservativos Adapta Nature,Control,,"4,49 €","4,49 €/Unidade"
Vinho rosé regional península de Setúbal,Selecção de Enófilos,Garrafa de 0.75 l,"2,59 €","3,45 €/L"
"Batata frita, receita camponesa",Lay's,Embalagem de 250g,"2,99 €","17,09 €/Kg"
Néctar vital equilibrio manga/maracujá,Compal,Embalagem de 1 l,"0,84 €","2,55 €/L"
Ambientador tealights canela,PorSi,embalagem com 18 unidades,"9,49 €","45,19 €/Kg"
Comida húmida para cão em saquetas de frango/borrego,Purina One,Embalagem de 400g,"4,85 €/Kg","4,85 €/Kg"
Caderno Agrafado Capa Preta |A4 Pautado,Domédia,1 unidade,"2,29 €","2,29 €/Unidade"
Vinagre vinho branco 500ml,Cristal,Garrafa de 500 ml,"1,59 €","3,18 €/L"
Spray power&shine multiusos c/ lixívia,Cif,Garrafa de 750 ml,"0,79 €","0,79 €/L"
Sumo essencial pera,Compal,pack 3 x 0.11 l,"2,29 €","6,94 €/L"
Actimel tutti-frutti,Danone,Embalagem de 6 x 100g,"4,15 €/Kg","4,15 €/Kg"
Rabos,Porco,1 un = 250 gr  (aprox.),"0,60 €","5,99 €/Kg"
Rebuçados de mentol,Sweet flav,Embalagem de 250 g,"1,69 €","16,90 €/Kg"
Ultra magnésio +b6,PLANTANATU,Embalagem de 1 unidades,"6,59 €","6,59 €/Unidade"
Spray anti-bolores,Cif,435 ml,"4,99 €","11,47 €/L"
Ração para gato bolas de pelo com frango,Friskies,"Embalagem de 1,5kg","12,99 €","4,33 €/Kg"
Néctar tutti-fruti,Compal,Pack 3 x 200 ml,"1,69 €","1,69 €/L"
Farinha para pão integral,Nacional,Embalagem de 1 kg,"1,99 €","1,99 €/Kg"
Termo drena rapid,PLANTANATU,Garrafa de 500 ml,"6,59 €","6,59 €/Unidade"
Inseticida ajustável eléctrico líquido anti melgas e...,Raid,60 noites,"6,39 €","6,39 €/Unidade"
Papel Higiénico Compacto Ultra Suave XXL,Colhogar,12 rolos,"3,95 €","3,95 €/Unidade"
Puzzles Sereia / Lama,Olivo,60 peças,"9,99 €/Unidade","9,99 €/Unidade"
Snack para gato de galinha e pato,Catisfactions,Embalagem de 60g,"1,89 €","31,50 €/Kg"
"Coloração permanente, preto natural, nº3",Excellence,1 unidade,"9,49 €/Unidade","9,49 €/Unidade"
Vinho maduro tinto,Alto de Pias,Garrafa de 5 l,"8,59 €","1,72 €/L"
Codornizes,Aves,1 un. = 150 g (aprox.),"0,94 €","2,69 €/Kg"
Oatibix aveia,Weetabix,Embalagem de 500g,"2,29 €","15,27 €/Kg"
Linhaça dourada moída,Cemporcent,Embalagem de 200g,"2,29 €","15,27 €/Kg"
Manteiga com sal,Mimosa,Embalagem de 130g,"8,56 €/Kg","8,56 €/Kg"
Creme bio mãos e unhas,Labell Bio,75 ml,"1,03 €","10,30 €/L"
Vinho do Porto 10 anos,Cruz,"Garrafa de 0,75L c/ Caixa de Madeira","10,99 €","14,65 €/L"
Mel rosmaninho 500g,SERRAMEL,Embalagem de 500G,"4,89 €","9,78 €/Kg"
"Amaciador para roupa aromaterapia violeta, 54+3 dose...",Vernel,"Garrafa de 1,311 l","6,58 €","5,02 €/L"
Refrigerante com gás free,Seven-up,"Garrafa de 1,25 l","0,40 €/L","0,40 €/L"
Sardinhas em óleo picante,Ramirez,Embalagem de 130g,"9,08 €/Kg","9,08 €/Kg"
Corn flakes sem glúten,Schar,Embalagem de 250g,"2,99 €","7,97 €/Kg"
"Bracito trufa de chocolate, 4 unidades",Dulcesol,Embalagem de 240g,"1,00 €","6,25 €/Kg"
Chá noite super tranquila,PLANTANATU,Embalagem de 10 unidades,"1,19 €","1,19 €/Unidade"
Água mineral sem gás,Vitalis,Pack 6 x 1.5 l,"1,79 €","1,19 €/L"
Queijo Brie 60%,Produto selecionado,Vendido ao peso a partir de 250 gr,"1,45 €","7,25 €/Kg"
Pudim flan,El mandari,Embalagem de 10g,"0,59 €","29,50 €/Kg"
Queijo flamengo fatiado light,Paiva,Embalagem de 180g,"5,09 €","12,73 €/Kg"
"Bombons de chocolate, praleine",Schogetten,Embalagem de 100g,"5,30 €/Kg","5,30 €/Kg"
Cereais cruesli fruta,Quaker,Embalagem de 380g,"3,19 €","12,76 €/Kg"
Vinho Regional Península Setúbal Tinto,Periquita,"Caixa de 2x0,75 l","2,59 €","3,45 €/L"
Pão forma cereais sem glúten,Schar,Embalagem de 300g,"2,99 €","7,97 €/Kg"
Spray limpeza casa de banho,Cillitbang,Embalagem de 500 ml,"4,99 €","11,47 €/L"
Polpa tomate biológico,Guloso,Embalagem de 500g,"2,99 €","5,98 €/Kg"
Água s/ gás,Fastio,Garrafa de 1 l,"1,79 €","1,19 €/L"
Queijo fatias -50% de gordura,Limiano,Embalagem de 400g,"5,09 €","12,73 €/Kg"
Cerveja com álcool,Sagres,"Embalagem de 0,33 l","1,99 €/L","1,99 €/L"
Party & co junior,Diset,1 unidade,"9,99 €/Unidade","9,99 €/Unidade"
Queijo Curado Amanteigado,Queijaria das Pousadas,Vendido ao peso a partir de 250 g,"3,29 €","13,15 €/Kg"
Queijo mascarpone,Galbani,Embalagem de 250 g,"1,79 €","14,32 €/Kg"
Mimos de pescada,Pescanova,Embalagem de 1 kg,"7,89 €/Kg","7,89 €/Kg"
Manteiga magra baixo teor sal,President,Embalagem de 250g,"8,56 €/Kg","8,56 €/Kg"
Queijo brie 60% mg,Páturages,Embalagem de 200 g,"1,45 €","7,25 €/Kg"
Areia para gatos mineral perfumada,PorSi,Embalagem de 5 kg,"8,49 €","1,70 €/L"
Leite c/ chocolate meio-gordo s/ lactose,Agros,4 x 200 ml,"1,79 €/L","1,79 €/L"
Leite com chocolate,Agros,Embalagem de 200 ml,"1,79 €/L","1,79 €/L"
Descafeinado aroma e leveza,Nicola,12 cápsulas,"28,40 €/Kg","28,40 €/Kg"
Creme vitalift 5,Men expert,Embalagem de 50 ml,"5,99 €","14,98 €/L"
Chá funcho,PLANTANATU,Embalagem Com 10 saquetas,"1,19 €","1,19 €/Unidade"
Manteiga sem sal,Primor,Embalagem de 250g,"8,56 €/Kg","8,56 €/Kg"
"Absorvedores de odores, relax zen",Brise,Embalagem de 2x150g,"9,98 €/Unidade","9,98 €/Unidade"
Pêssego metades em calda,Nutry,Lata de 840 g,"2,79 €","4,92 €/Kg"
Água s/ gás,Luso,pack 6 x 0.33 l,"1,79 €","1,19 €/L"
Detergente líquido manual loiça lavanda e alecrim,Fairy,Embalagem de 650 ml,"3,19 €","4,91 €/L"
Queijo Roquefort AOC 52% M.G,Rocabret,Vendido ao peso a partir de 250 gr,"1,45 €","7,25 €/Kg"
Vermute bianco,Martini,Garrafa de 1 l,"11,99 €","11,99 €/L"
Creme vegetal soja,Planta,Embalagem de 250 gr,"1,39 €","6,95 €/L"
Amaciador roupa concentrado flores silvestres,Quanto,76 doses,"6,58 €","5,02 €/L"
Furador com 2 furos,Domédia,1 unidade,"2,19 €","109,50 €/L"
Iogurte mix-in chocapic,Nestle,Embalagem de 2 x 118 g,"8,58 €/Kg","8,58 €/Kg"
Conjunto Urban Floral,Nike,PERFUME 100ML + LOÇÃO CORPORAL 75ML + GEL DE BANHO 75ML,"12,99 €","12,99 €/Unidade"
Chá peso noite,PLANTANATU,Embalagem de 10 unidades,"1,19 €","1,19 €/Unidade"
Brandy,Croft,Garrafa de 700 ml,"11,99 €","17,13 €/L"
Cubos gengibre (para mastigar),Cemporcent,Embalagem de 100g,"0,93 €/Kg","0,93 €/Kg"
Red Fish,Peixe Congelado,300 a 500 g,"3,99 €/Kg","3,99 €/Kg"
Bolacha de caramelo,Snapy,Embalagem de 250g,"2,11 €/Kg","2,11 €/Kg"
Rebuçados peitorais,Dr.bayard,Embalagem de 100g,"1,69 €","16,90 €/Kg"
Aditivo tira-nódoas anti-odores,Vanish,"Embalagem de 1,786 litros","12,99 €","7,27 €/L"
"Comida húmida para cão adulto com frango, vaca e bor...",Friskies,Embalagem de 400g,"4,85 €/Kg","4,85 €/Kg"
Spray tira gorduras,Cillitbang,Garrafa de 500 ml,"4,48 €/L","4,48 €/L"
Leite uht c/ chocolate,Ucal,Embalagem de 3 x 250 ml,"1,79 €/L","1,79 €/L"
Leite com sabor a chocolate proteína,Yopro,Garrafa de 330 ml,"2,15 €","9,77 €/L"
Elixir junior,Aquafresh,Embalagem de 300 ml,"0,99 €","0,99 €/Unidade"
Queijo Curado Amanteigado,Fonte Mourisca,1 un = 250 gr  (aprox.),"3,29 €","13,15 €/Kg"
Aguarelas 30mm x 12,Giotto,1 unidade,"4,29 €","4,29 €/Unidade"
Sobremesa danette chocolate,Danone,Embalagem de 4 x 125 g,"1,19 €","2,59 €/Kg"
Alimento húmido cão gelatina júnior,Pedigree,Embalagem de 400g,"4,85 €/Kg","4,85 €/Kg"
Aperitivos de amendoins sal e mel,Matutano,Embalagem de 70g,"0,79 €","7,90 €/Kg"
Água mineral sem gás,Serra de Fafe,"Embalagem de 6x0,33 l","1,79 €","1,19 €/L"
Manteiga fácil de barrar,President,Embalagem de 250g,"8,56 €/Kg","8,56 €/Kg"
Halls Mini Mints Melancia,Halls,12.5 g,"2,30 €","65,71 €/Kg"
Licor frutos tropicais,Safari,Garrafa de 700 ml,"16,99 €","24,27 €/L"
Cocktail limão,Bar Royal,Garrafa de 750 ml,"8,49 €","11,32 €/L"
Queijo em fatias,Limiano,Embalagem de 400g,"5,09 €","12,73 €/Kg"
Queijo camembert 45% mg,Páturages,Embalagem de 250 g,"1,45 €","7,25 €/Kg"
Detergente líquido máquina de roupa sabão natural,PorSi,86 Doses,"14,99 €","3,53 €/L"
Queijo fundido vaca que ri palitos light 140g,A Vaca Que Ri,Embalagem de 140g,"5,29 €","13,23 €/Kg"
"Borracha mini softy, pack de 3 unidades",Maped,1 embalagem,"2,69 €","2,69 €/Unidade"
Pescada 3 Chile,Peixe Congelado,1 un= 1 kg (aprox.),"3,99 €/Kg","3,99 €/Kg"
Manteiga magra,Matinal,Embalagem de 250g,"8,56 €/Kg","8,56 €/Kg"
Manga em calda,It.saveurs,Embalagem de 250g,"2,79 €","4,92 €/Kg"
Lambrusco tinto,*,Garrafa de 750 ml,"2,09 €","2,79 €/L"
Moscatel de setúbal,Selecção de Enófilos,"Garrafa de 0,75 l","6,79 €/L","6,79 €/L"
Leite condensado magro cozido,Nestle,Embalagem de 390g,"4,00 €/Kg","4,00 €/Kg"
Elixir Total Care Zero,Listerine,Embalagem de 500 ml,"5,99 €","11,98 €/L"
Nectarina,Programa Origens,1 un = 150 gr (aprox.),"0,24 €","1,59 €/Kg"
Creme fresco à base de soja p/bater,Alpro,Garrafa de 250 ml,"0,69 €","0,69 €/Kg"
Bolachas chips ahoy,Ca!,Embalagem de 130g,"2,09 €","17,42 €/Kg"
Massa de pontinha grossa,Nacional,Embalagem de 250g,"1,99 €","3,98 €/Kg"
"Inseticida líquido, elétrico, apa",Raid,Embalagem de 21 ml,"6,39 €","6,39 €/Unidade"
Atum posta em óleo,Bom petisc,Embalagem de 120 g,"9,08 €/Kg","9,08 €/Kg"
Pimento Vermelho,Programa Origens,1 un=250 gr (aprox.),"0,75 €","2,99 €/Kg"
Abacaxi,Fruta do Dia,1 un = 2kg ( aprox.),"2,50 €","1,25 €/Kg"
Café em cápsulas deqafeitatus,Delta Q,Embalagem de 55 g,"54,36 €/Kg","54,36 €/Kg"
Melão Amarelo,Fruta do Dia,Vendido ao peso | 1 un = 2.5 kg (aprox.),"0,75 €","2,99 €/Kg"
Açúcar granulado embalado em papel,Rar,Embalagem de 1 kg,"1,69 €","1,69 €/Kg"
Esparguete s/ glúten,Milaneza,Embalagem de 500g,"2,99 €","7,97 €/Kg"
20 saquetas chá verde pure,Lipton,Embalagem de 30g,"85,00 €/Kg","85,00 €/Kg"
Infusão funcho,Cemporcent,Embalagem de 10 unidades,"0,99 €","76,15 €/Kg"
Ambientador tealights baunilha,PorSi,embalagem com 18 unidades,"9,49 €","45,19 €/Kg"
Desodorizante roll-on invisible,Rexona,Embalagem de 50 ml,"50,80 €/L","50,80 €/L"
Pudim caseiro de laranja,Royal,Embalagem de 200g,"0,59 €","29,50 €/Kg"
Porto branco,Valadao,Garrafa de 750 ml,"11,99 €","15,99 €/L"
Sal marinho integral,Cemporcent,Embalagem de 1 kg,"0,69 €","0,69 €/Kg"
Vinho frisante rosé,Lapadas,Garrafa de 750 ml,"2,29 €","3,05 €/L"
Recarga Esfregona Premium 2 em 1,Vileda,1 unidade,"8,00 €","8,00 €/Unidade"
Marmelada,Ferbar,Embalagem de 400g,"1,99 €","4,98 €/Kg"
Água mineral sem gás,Vitalis,pack 6 x 0.33 l,"1,79 €","1,19 €/L"
20 saquetas chá de limão,Lipton,Embalagem de 40g,"58,00 €/Kg","58,00 €/Kg"
Queijo meio gordo fatias,Paiva,Embalagem de 180g,"5,09 €","12,73 €/Kg"
Peito de frango,Salsicharia Limiana,"Vendido ao peso, fatiado","1,29 €","12,89 €/Kg"
Cá drenó volum,PLANTANATU,Embalagem de 10 unidades,"1,19 €","1,19 €/Unidade"
"Esferográfica, 4 cores",Bic,1 unidade,"2,69 €","2,69 €/Unidade"
Vinho branco regional península de setúbal,Joao pires,Garrafa de 0.75 l,"2,59 €","3,45 €/L"
Chouriço de carne de sousel,PorSi,Vendido ao peso a partir de 250 g,"13,99 €/Kg","13,99 €/Kg"
Liégeois Sobremesa de Caramelo,Páturages,Embalagem de 4x100 g,"1,49 €","3,73 €/Kg"
Tablete de chocolate leite,Schogetten,Embalagem de 100g,"5,30 €/Kg","5,30 €/Kg"
Camarão vannamei 24/40,Pescanova,Embalagem de 800g,"19,99 €","24,99 €/Kg"
Snacks para Cão Markies Mini,Pedigree,Embalagem de 500 g,"5,58 €/Kg","5,58 €/Kg"
Inseticida para baratas e formigas,Baygon,Embalagem de 400 ml,"5,09 €","8,48 €/L"
Nuggets pescada panada,Pescanova,Embalagem de 1Kg,"7,89 €/Kg","7,89 €/Kg"
Água s/ gás,Luso,Pack 6 x 1.5 l,"1,79 €","1,19 €/L"
Rolo Cozinha Meia Folha Adapt,Colhogar,2 rolos,"4,99 €","4,99 €/Unidade"
Gelatina de ananás,Koala,Embalagem de 130g,"2,29 €","5,73 €/Kg"
Café solúvel em saquetas,Nescafe,Embalagem de 45 g,"1,14 €","57,00 €/Kg"
"Papel higiénico compacto, extra xxl, 6 rolos",Renova,Uma embalagem,"3,95 €","3,95 €/Unidade"
Morcela de Sousel,PorSi,1 un = 450 gr (aprox.),"8,99 €/Kg","8,99 €/Kg"
Bastão de cola,Domédia,20 g,"2,19 €","109,50 €/L"
12 nuggets frango polme americano,Capitão Iglo,Embalagem de 220g,"4,70 €/Kg","4,70 €/Kg"
"Gomas talhadas, sabor a melancia",Fini,Embalagem de 100 g,"0,99 €","9,90 €/Kg"
Lixívia densa verde,Neoblanc,Embalagem de 1 l,"2,59 €","1,30 €/L"
Lula,Peixe Congelado,1 un= 250 gr (aprox.),"3,99 €/Kg","3,99 €/Kg"
Actimel natural,Danone,Embalagem de 600g,"4,15 €/Kg","4,15 €/Kg"
Porto special reserva,Cruz,"garrafa de 0,75 l","10,99 €","14,65 €/L"
Recarga Panos p/ Madeira,Swiffer,18 un.,"1,99 €","1,99 €/Unidade"
Cereais nesquik,Nestle,Embalagem de 625g,"5,07 €/Kg","5,07 €/Kg"
Bolacha alfa,Nacional,Embalagem de 180g,"1,49 €","7,84 €/Kg"
Gelatina light de frutos vermelhos,Condi,Embalagem de 2x15g,"1,99 €","17,46 €/Kg"
Leite uht gordo,Agros,Embalagem de 1 litro,"1,14 €","1,14 €/L"
Café moagem universal brasil,Delta,Embalagem de 220g,"9,76 €/Kg","9,76 €/Kg"
X-ato mini,Maped,9 mm,"2,19 €","109,50 €/L"
Ravioli com tomate,Claude Léger,Embalagem 300G,"2,29 €","7,63 €/Kg"
Alface Iceberg,Legumes do Dia,1 un= 400 g (aprox.),"0,80 €","1,99 €/Kg"
Vinho doc douro tinto,Papa Figos,Garrafa de 0.75 l,"9,19 €","12,25 €/L"
Bolachas crackers s/ sal,Du bois,Embalagem de 500g,"3,69 €","7,38 €/Kg"
Entremeada s/ Entrecosto,Porco,Vendido ao peso a partir de 1 kg,"2,39 €","2,99 €/Kg"
Chocolate quente 90 segundos,Lacasa,Embalagem de 350g,"5,59 €","6,99 €/Kg"
"Pasta dentífrica, 7-13 anos",Labell,Embalagem de 75 ml,"0,99 €","0,99 €/Unidade"
Bandas de cera axilas/bikini,Labell,Embalagem com 16 un. + 4 toalhitas de acabamento,"3,11 €","3,11 €/Unidade"
Pó baratas e formigas,Baygon,Embalagem de 250 g,"5,49 €","13,73 €/L"
Resguardo para bebé,PorSi,Dim.: 60 x 60 cm,"4,99 €/Unidade","4,99 €/Unidade"
Bebida láctea crescimento 1 a 3 anos,Nestle,Embalagem de 1 litro,"1,39 €/L","1,39 €/L"
Nabo Roxo sem Rama,Legumes do Dia,1 un = 200 gr (aprox.),"1,49 €","0,99 €/Kg"
Esfregão Salva Unhas Fibra verde Plus,Vileda,Embalagem com 1+1 grátis,"2,54 €","2,54 €/Unidade"
Inseticida controller baratas,Raid,12 unidades,"6,39 €","6,39 €/Unidade"
Vinho maduro tinto doc alentejano,P.ravessa,Garrafa de 750 ml,"2,29 €","3,05 €/L"
Champô Purificante,Pantene,640ml,"12,48 €/L","12,48 €/L"
Pipocas coloridas,Orcape,Embalagem de 100g,"0,79 €","7,90 €/Kg"
Vinho tinto doc dão,Cabriz,Garrafa de 0.75 l,"7,49 €","9,99 €/L"
Bife da Vazia,Novilho,Vendido ao peso a partir de 800 g,"3,00 €","5,99 €/Kg"
Cappucino go chill com cacau,Delta,Embalagem de 230 ml,"3,19 €","25,52 €/Kg"
Tablete de chocolate oreo,Milka,Embalagem de 300g,"5,30 €/Kg","5,30 €/Kg"
Chá barriguinha,PLANTANATU,Embalagem de 10 unidades,"1,19 €","1,19 €/Unidade"
Patê de salmão,La piara,Embalagem de 80g,"1,99 €","22,11 €/Kg"
Sementes de girassol,Cemporcent,Embalagem de 150 G,"1,39 €","9,27 €/Kg"
Chalotas,Legumes do Dia,embalagem de 250 g (aprox.),"0,25 €","0,99 €/Kg"
"Limpa vidros, rosa",Redex,Embalagem de 5 l,"3,99 €","0,80 €/L"
Robalo de Viveiro,Peixe Fresco,de 200 a 600 g (aprox.),"6,49 €/Kg","6,49 €/Kg"
Açúcar branco em saquetas,Rar,Embalagem com 170 saquetas,"1,69 €","1,69 €/Kg"
Recarga inseticidas elétrico,Raid,Embalagem de 3 x 27 ml,"6,39 €","6,39 €/Unidade"
Bolacha digestive aveia 258g,Vieira,Embalagem de 258 g,"6,40 €/Kg","6,40 €/Kg"
Açucar icing,Rar,Embalagem de 250 g,"1,69 €","1,69 €/Kg"
Kit de viagem,Colgate,pasta dentífrica + escova,"4,99 €","4,99 €/Unidade"
Feijão manteiga,Compal,Lata de 410 ml,"3,35 €/Kg","3,35 €/Kg"
Bolacha dibus mini angry birds,Gullon,Embalagem de 250g,"1,89 €","15,75 €/Kg"
Óleo extra virgem de coco,Origensbio,Garrafa de 200 ml,"7,89 €","2,63 €/L"
Pudim de chocolate,Boca Doce,Embalagem de 20g,"0,59 €","29,50 €/Kg"
Sidra de maçã,Somersby,Lata de 500 ml,"2,88 €","1,15 €/L"
Maionese magra em frasco,Hellmman's,Embalagem de 460g,"4,39 €","10,55 €/Kg"
Champô Hidratante,Baby Dove,Embalagem de 400 ml,"1,99 €","1,99 €/Unidade"
Mangericão em vaso,Aroma viva,Embalagem de 1 unidades,"1,09 €","36,33 €/Kg"
Saco Carvão Especial Castanha,BBQ Lovers,Embalagem de 3 kg,"1,19 €","1,19 €/Unidade"
Confetis 80 gr sortido,Mercagranel,Embalagem de 80 gr,"0,59 €","7,38 €/Kg"
Queijo roquefort,Páturages,Embalagem de 150 g,"1,45 €","7,25 €/Kg"
Mistolin advanced lixívia,Mistolin,Garrafa de 500 ml,"4,99 €","11,47 €/L"
Sumo essencial kids,Compal,pack 3 x 0.11 l,"2,29 €","6,94 €/L"
Biscoitos choco trio,Milka,Embalagem de 150g,"2,35 €","9,40 €/Kg"
Lambrusco branco,Sorbello,Garrafa de 0.75 l,"2,09 €","2,79 €/L"
Azeite Subtil,Gallo,Garrafa de 750 ml,"5,19 €/L","5,19 €/L"
Camarão selvagem de Madagáscar 60/80,*,Vendido ao peso,"1,99 €/Kg","1,99 €/Kg"
Lava Tudo Brilhante Madeira,Sonasol,"embalagem 1,1L","2,59 €","2,35 €/L"
Infusão hipericão,Cemporcent,Embalagem de 10 unidades,"0,99 €","76,15 €/Kg"
Salsicha Fresca,Porco,1 un = 100 gr (aprox.),"0,60 €","5,99 €/Kg"
Massa quebrada,Pasta dia,Embalagem de 230g,"3,49 €","13,96 €/Kg"
Bebida arroz,Alpro,Embalagem de 1 l,"2,19 €","2,19 €/L"
