Nome,Marca,Unidade,Preço Primário,Preço Secundário
Eau De Toilette Queen p/ Senhora,Rebel,100 ml,"11,99 €","79,93 €/L"
Saqueta de puré de fruta | maçã + banana + morango,PorSi,90 g,"0,74 €","8,22 €/Kg"
Ambientador arbremagique pinho,Arbre Magique,1 unidade,"1,99 €","1,99 €/Unidade"
Infusão de camomila,Tetley,Embalagem de 10g,"0,79 €","60,77 €/Kg"
Leite de pastagem uht meio gordo,Milhafre,1 litro,"0,81 €","0,81 €/L"
Queijo Barra Inteiro,Alavão,"Vendido Inteiro, un=1k(aprox)","2,42 €","9,69 €/Kg"
Chourição,Salsicharia Limiana,1 un = 100 gr (aprox.),"1,35 €","16,88 €/Kg"
Maxi folhado queijo/fiambre,Pastelaria do Dia,1 unidade = 125 g,"0,65 €","0,65 €/Unidade"
Banda cera fria peles sensíveis p/corpo,Veet,Embalagem de 20 unidades,"3,11 €","3,11 €/Unidade"
Vinho tinto regional península de setúbal,Q.camarate,Garrafa de 0.75 l,"8,59 €","11,45 €/L"
Livro Hensel e Gretel,Europrice,1 unidade,"7,50 €/Unidade","7,50 €/Unidade"
Penso diário normal,PorSi,Embalagem de 64 unidades,"1,79 €/Unidade","1,79 €/Unidade"
Iogurte infantil c/ drageias coloridas,PorSi,140 g,"1,05 €","1,86 €/L"
Gel desinfetante casa de banho,Sonasol,Embalagem de 1.25 litros,"2,79 €","3,99 €/L"
Queijo fresco magro,Matinal,Embalagem de 216 g,"1,09 €","5,45 €/Kg"
"Queijo light, 8 porções",A Vaca Que Ri,Embalagem de 140 g,"2,39 €","19,92 €/Kg"
Chocolate Branco e Óreo,Milka,Embalagem de 100g,"1,09 €","10,90 €/Kg"
Vinho doc douro tinto,Papa Figos,Garrafa de 0.75 l,"7,49 €","9,99 €/L"
Miolo de camarão cozido 40/60,Pescanova,Embalagem de 200 g,"8,99 €","25,69 €/Kg"
Milho partido,Rac.zezere,Embalagem de 5 kg,"2,49 €","2,49 €/Kg"
Cebolinho,PorSi,Embalagem de 50g,"0,99 €","19,80 €/Kg"
10 nuggets de frango,Capitão Iglo,Embalagem de 210g,"2,79 €","8,72 €/Kg"
"Coloração permanente, castanho claro cobre nº54",Nutrisse,1 unidade,"9,49 €/Unidade","9,49 €/Unidade"
Depilatório homem gel,Veet,Garrafa de 200 ml,"12,99 €","12,99 €/Unidade"
Salsichas frasco hot dog,PorSi,Embalagem 540G,"0,75 €","3,75 €/Kg"
Queijo de nisa dop,PorSi Select,1 unidade = 280g (aprox.),"2,87 €","15,94 €/Kg"
Salsichão fuet nobreza,Elpozo,Embalagem de 200 g,"1,35 €","16,88 €/Kg"
Vinho branco regional península de setúbal,Joao pires,Garrafa de 0.75 l,"8,59 €","11,45 €/L"
Croquetes vegetais,PorSi Viva Bem,Embalagem de 220g,"1,99 €","6,63 €/Kg"
Broa de Milho,Pão do Dia,1 unidade= 400 g,"0,19 €","2,38 €/Kg"
Queijo de cabra,Palhais,Embalagem de 200g,"1,89 €","10,50 €/Kg"
Vinho regional lisboa tinto reserva,Critterium,Garrafa de 0.75 l,"3,99 €","5,32 €/L"
Arroz Carolino,Saludães,Embalagem de 1 kg,"0,99 €","0,99 €/Kg"
Café de mistura ibérica,Delta,Embalagem de 250g,"14,50 €/Kg","14,50 €/Kg"
"Bolachas, cobertura com chocolate branco",Oreo,Embalagem de 250g,"4,60 €/Kg","4,60 €/Kg"
Croissants brioche,s. tomé,Embalagem de 200 g,"7,40 €/Kg","7,40 €/Kg"
Cebolinho vaso aromáticas vivas,Aroma viva,Embalagem de 1 unidades,"0,89 €","17,80 €/Kg"
Gin dry,Gordons,Garrafa de 700 ml,"19,79 €","19,79 €/L"
Recarga Panos p/ Madeira,Swiffer,18 un.,"1,69 €","1,69 €/Unidade"
Roca Dino,Baby Clementoni,1 unidade,"11,99 €/Unidade","11,99 €/Unidade"
"Azeitonas pretas sem caroço, frasco de 165 g",PorSi,Embalagem de 165g,"1,79 €","2,29 €/Kg"
Leite creme,PorSi,Embalagem de 4x23g,"1,39 €","6,95 €/L"
Vinho tinto cotes du rhone,Expert Club,Garrafa de 75 cl,"6,89 €","9,19 €/L"
"Creme Hidratante de Dia, pele normal",Bioten,Embalagem de 50 ml,"2,99 €","59,80 €/L"
Chá de menta e eucalipto,Lipton,20 saquetas,"44,50 €/Kg","44,50 €/Kg"
Gelatina zero % pêssego,Koala,Embalagem de 130g,"0,85 €","2,13 €/Kg"
Elixir bocal total care,Listerine,Embalagem de 500 ml,"5,89 €","11,78 €/L"
Wafers framboesa barras,Vieira,Embalagem de 150g,"0,98 €","4,67 €/Kg"
Tomate seco,PONTI,Embalagem de 280g,"3,69 €","23,06 €/Kg"
Dentifríco 2 em 1 original,Theramed,Embalagem de 75 ml,"2,99 €","39,87 €/L"
Mistura solúvel tofina despertar,Nestle,Embalagem de 200g,"0,99 €","3,96 €/Kg"
Liégeois Sobremesa de Café,Páturages,Embalagem de 4x100 g,"0,39 €","1,95 €/Kg"
Chourico vinho das beiras,PorSi,Embalagem de 280g,"1,22 €","6,78 €/Kg"
Louro em folhas,PorSi,30 g,"0,20 €","0,20 €/Kg"
Bala spray,Redex,Embalagem de 400 ml,"3,99 €","0,80 €/L"
Sacos do lixo wc 5 litros,PorSi,30 sacos,"1,79 €","1,79 €/Unidade"
Manteiga sem sal,PorSi,Embalagem com 250 g,"1,69 €","6,76 €/Kg"
Braçadeiras Patrulha Pata,Mondo,1 Embalagem,"34,99 €","34,99 €/Unidade"
Morangos 100% Naturais,PorSi,Embalagem de 750 g,"2,99 €","3,99 €/Kg"
Pasta de amendoim com pedaços,Cemporcent,Embalagem de 200g,"5,99 €","19,97 €/Kg"
Espinafres Arrancar Programa Origens,PorSi,1 un= 1 kg  (aprox. ),"0,45 €","1,49 €/Kg"
Vinho regional tejo 3 castas tinto,Fiuza,Garrafa de 750 ml,"3,99 €","5,32 €/L"
Lata de Brilho Preto,Búfalo,Embalagem de 75 ml,"0,99 €","19,80 €/L"
Leite uht magro com rosca,PorSi,1 litro,"0,81 €","0,81 €/L"
Farinha integral,ESPIGA,Embalagem de 500g,"1,99 €","1,99 €/Kg"
Molho iogurte,PorSi,Garrafa de 285 ml,"0,70 €","2,33 €/Kg"
Patê figado de porco,La piara,Embalagem de 80g,"1,19 €","13,52 €/Kg"
"Queijo flamengo, bola quartos",Agros,Embalagem de 350g,"1,49 €","7,45 €/Kg"
Brandy,Constantin,Garrafa de 700 ml,"11,49 €","16,41 €/L"
Limpa fornos,PorSi,500 ml,"1,29 €","1,72 €/L"
Choco limpo 10/30,Pescanova,Embalagem de 500g,"5,49 €","6,86 €/Kg"
Livro Quero Conhecer Alfabeto,Europrice,1 unidade,"7,50 €/Unidade","7,50 €/Unidade"
Iogurte oikos natural,Danone,Embalagem de 4 x 110g,"1,49 €","2,98 €/Kg"
Gelatina de morango,Koala,Embalagem de 130g,"0,85 €","2,13 €/Kg"
Mini Hambúrguer de Batata Doce e Quinoa Green Cuisin...,Iglo green,Embalagem de 270g,"1,99 €","6,63 €/Kg"
Vinho DOC Trás-os-Montes Tinto,Terras de Mogadouro,750 ml,"7,49 €","9,99 €/L"
Anti-traça Maçã Verde,Dum Dum,2 unidades,"5,99 €","176,18 €/Kg"
Ovos | Classe: M,Ovitae,24 unidades,"1,39 €","1,39 €/Unidade"
Colchão Insuflável p/2 Pessoas,Bestway,1 un.,"4,49 €","4,49 €/Unidade"
Mortadela de peru fatiada,PorSi,Embalagem de 200g,"1,05 €","6,99 €/Kg"
Queijo feta dop grego,Kolios,Embalagem de 200g,"7,45 €/Kg","7,45 €/Kg"
Picanha,Bovino,1 un = 1.250 kg (aprox.),"3,29 €","8,23 €/Kg"
Snack de milho com queijo,Cheetos,Embalagem de 75 g,"0,79 €","7,90 €/Kg"
Máscara tesouros de mel,Garnier,Embalagem de 300 ml,"1,06 €","5,30 €/L"
Amendoim pedaços,Cemporcent,Embalagem de 510g,"5,99 €","19,97 €/Kg"
Posta Tradicional 9 Meses Cura,Riberalves,Embalagem de 550 g,"5,39 €","6,74 €/Kg"
Refrigerante c/ gás zero s/ cafeína,Coca-Cola,pack 6 x 0.33 l,"0,40 €/L","0,40 €/L"
Crackers c/ sal superficie,GRAN PAVES,Embalagem de 250g,"0,39 €","3,12 €/Kg"
Queijo Ralado Mozzarella,Galbani,Embalagem de 150 g,"7,45 €/Kg","7,45 €/Kg"
Queijo ilha ralado,Valformoso,Embalagem de 150g,"7,45 €/Kg","7,45 €/Kg"
Couve flor,PorSi,Embalagem de 750 kg,"1,89 €","1,89 €/Kg"
Iogurte mix-in smarties morango,Nestle,Embalagem de 2 x 128 g,"1,05 €","1,86 €/L"
Vegalia especialidade vegetariana de soja,Nobre,Lata com 8 unidades,"2,09 €","8,36 €/Kg"
Bolacha de manteiga belga original,Saborosa,Embalagem de 220g,"1,69 €","6,76 €/Kg"
Bloco Sanitário Sólido Poder Activo Pinho,Sonasol,Embalagem de 2x50 g,"2,99 €","74,75 €/Kg"
Creme vegetal para barrar de chocolate,Tulicreme,Embalagem de 200g,"4,19 €","12,32 €/Kg"
Papel Higiénico Puríssimo 3 Folhas,Renova,Embalagem c/ 12 rolos,"1,95 €","1,95 €/Unidade"
Caramelo líquido,Royal,Embalagem de 400g,"1,27 €","3,18 €/Kg"
Maçã Granny Smith 70+,Fruta do Dia,1 un = 150 gr (aprox.),"0,34 €","2,29 €/Kg"
Requeijão de vaca,PorSi,Embalagem de 200 g,"1,09 €","5,45 €/Kg"
"Jogo ""Gira a Garrafa""",Concentra,1 unidade,"9,99 €/Unidade","9,99 €/Unidade"
Pizza 4 estações,PorSi,Embalagem de 350g,"1,96 €","5,60 €/Kg"
Tampão proteção de confiança,O.B.,1 Embalagem c/32 unidades,"1,39 €","1,39 €/Unidade"
Leite uht sem lactose magro,PorSi Viva Bem,1 litro,"2,19 €","2,19 €/L"
Agar agar gelificante em saquetas,Cemporcent,Embalagem de 8g,"5,99 €","19,97 €/Kg"
"Escova de cabelo, pneumática nylon",Labell,Embalagem com 1 unidade,"2,19 €","2,19 €/Unidade"
"Snack de queijo flamengo, amêndoas e arandos 3x40g",Limiano,Embalagem de 120g,"1,49 €","7,45 €/Kg"
Mistura Cocktail,*,Vendido ao peso,"0,95 €","3,78 €/Kg"
Vinagre de vinho tinto,PorSi,Garrafa de 500 ml,"0,35 €","0,70 €/L"
Bebida de Aveia,PorSi Viva Bem,1 l,"0,99 €","0,99 €/L"
Anéis Empilháveis,Baby Clementoni,1 unidade,"12,99 €/Unidade","12,99 €/Unidade"
Gel WC Desincustrante,Neoblanc,Embalagem de 700 ml,"2,79 €","3,99 €/L"
Bebida aveia-amêndoa,Alpro,Embalagem de 1 litro,"2,19 €","2,19 €/L"
Escova Limpa Vidro Rígida 48cm,Grand Prix,Uma embalagem,"4,99 €","19,96 €/L"
Petit gâteau,PorSi,Embalagem de  4 x 80 g,"2,19 €","6,64 €/Kg"
Rolhas de cortiça,PorSi,6 unidades,"17,99 €","17,99 €/Unidade"
Adubo Liquido,Amaflora,475 ml,"8,99 €","8,99 €/Unidade"
Baby shark com musica,Baby Shark,1 unidade,"11,99 €/Unidade","11,99 €/Unidade"
Queijo curado mistura,PorSi,190 g,"7,49 €","16,64 €/Kg"
Redex magic spray,Redex,Embalagem de 300 ml,"3,99 €","0,80 €/L"
Queijo flamengo 0% lactose,PorSi Viva Bem,Embalagem de 150 g,"0,99 €","1,98 €/Kg"
Vinagre de sidra,Cristal,Garrafa de 500 ml,"0,35 €","0,70 €/L"
Longa vida morango tu banana coco 8x120,Longa vida,Embalagem de 960g,"1,87 €","1,25 €/Kg"
Eau de Toilette p/Senhora Nº36,Caravan,1 Frasco 150ml,"11,99 €","79,93 €/L"
"Croissants, 8 unidades,",Pasquier,Embalagem de 320 g,"2,05 €","5,13 €/Kg"
Esfregão Esponja Antibacteriano,Fino,1 unidade,"2,54 €","2,54 €/Unidade"
Hipo dentuças,Vtech Baby,1 unidade,"11,99 €/Unidade","11,99 €/Unidade"
Sabonete glicerina natural,Palmolive,Embalagem de 90 g,"1,99 €","12,44 €/Kg"
Saca Rolhas Elétrico c/ USB,San Ignacio,1 unidade,"3,99 €","3,99 €/Unidade"
Água com gás,Castello,24 x 25 cl,"2,85 €","2,85 €/L"
Manhãzitos® mini,Manhazitos,Embalagem de 84g,"2,05 €","5,13 €/Kg"
Hamburgúer de queijo,Cemporcent,Embalagem de 160g,"4,99 €","16,63 €/Kg"
Bolachas com cobertura de chocolate de leite,Oreo,Embalagem de 250g,"0,79 €","4,49 €/Kg"
Creme Suavizante Picadas de Insectos,Mercurochrome,Embalagem 50 ml,"0,63 €","0,63 €/Unidade"
Formas de alumínio redondas 55 ml,PorSi,20 unidades,"0,89 €","0,89 €/Unidade"
Infusão de camomila,Tetley,Embalagem de 10g,"85,00 €/Kg","85,00 €/Kg"
Choco limpo ind vc 0.32kg-brasmar,Brasmar,Embalagem de 320g,"5,49 €","6,86 €/Kg"
Refrigerante c/ gás ananás,Sumol,pack 4 x 1.25 l,"0,40 €/L","0,40 €/L"
Limpa carpetes,PorSi,Embalagem de 1 litro,"1,79 €","2,39 €/L"
Cadeira Viana Verde Tecido Poliéster,HDF,Dim.: 64 x 108 x 79 cm,"5,99 €","5,99 €/Unidade"
Noodle banzai galinha,Cigala,Embalagem de 70g,"0,89 €","1,78 €/Kg"
Queijo da ilha império do Pico com pimenta da terra,*,Vendido ao peso,"2,42 €","9,69 €/Kg"
Peito de frango fatias finas,Nobre,Embalagem de 110g,"2,25 €","11,25 €/Kg"
Baton blackberry shine,Labello,1 un.,"0,63 €","0,63 €/Unidade"
Cerveja sagres,Sagres,20 x 0.25 l,"1,99 €/L","1,99 €/L"
"Vinho Alentejo, Private Collection, Tinto",Selecção de Enófilos,Garrafa de 0.75 l,"8,59 €","11,45 €/L"
Spray boost multiusos,Ajax,500 ml,"1,19 €","0,79 €/L"
Repelente Anti Mosquito Spray,Mercurochrome,Embalagem 100 ml,"0,63 €","0,63 €/Unidade"
Chá preto,Tetley,Embalagem de 30g,"41,67 €/Kg","41,67 €/Kg"
Gelatina de morango,Royal,Embalagem de 114g,"61,11 €/Kg","61,11 €/Kg"
"Desodorizante para pés, creme Sport",Protex,Embalagem de 50 ml,"5,49 €","36,60 €/L"
Empadão de carne,PorSi,Embalagem de 1 kg,"3,53 €","8,83 €/Kg"
Mel em frasco de vidro,PorSi,Embalagem de 250g,"4,89 €","9,78 €/Kg"
Loção After Sun Bronze,Nivea Sun,Embalagem de 200 ml,"9,99 €","49,95 €/L"
Espreguiçadeira malibu branca,Joluce,190 x 66 x 42 cm,"5,99 €","5,99 €/Unidade"
Creme para calçado castanho,PorSi,50 ml,"0,99 €","19,80 €/L"
Collant mousse preta 20D,PorSi,Tamanho: xl,"1,99 €","1,99 €/Unidade"
Fralda Cueca T3,Dodot,Embalagem de 37 un.,"14,99 €","14,99 €/Unidade"
Gelatina tutti-fruti,PorSi,Embalagem de 170g,"61,11 €/Kg","61,11 €/Kg"
Pedras limão,P.salgadas,Garrafa de 1 l,"2,85 €","2,85 €/L"
Ice tea de limão,PorSi,Embalagem de 2 l,"0,99 €","0,66 €/L"
12 Macarons Sortidos,PorSi Select,Embalagem de 144 g,"2,19 €","6,64 €/Kg"
Papel higiénico branco 2 folhas,PorSi,48 rolos,"1,95 €","1,95 €/Unidade"
Cadeira Auto Cosmo Grupo 0/1/2,Nania,unidade,"42,99 €","42,99 €/Unidade"
Máquina Depilatória Descartável Twin Lady,Bic,Embalagem com 10 un.,"5,49 €","5,49 €/Unidade"
The famous grouse ruby cask 700ml/1,F.grouse,Garrafa de 700 ml,"11,49 €","16,41 €/L"
Lindahls pro+ liq tropical,Lindahls,Garrafa de 330 ml,"1,17 €","1,83 €/Kg"
Escova Limpa Vidro Rígida 53cm,Grand Prix,Uma embalagem,"4,99 €","19,96 €/L"
Cominhos moídos,PorSi,Embalagem de 35g,"0,20 €","0,20 €/Kg"
Gomas brilho,PorSi,Embalagem de 300 g,"1,19 €","3,97 €/Kg"
Caldeirada de peixe ultracongelada,Brasmar,Embalagem de 700g,"1,64 €","6,56 €/Kg"
"Cerveja sem Álcool 0,0%",Super Bock,lata 33 cl,"5,99 €","3,03 €/L"
Macarron Limão,Dulcesol,Embalagem de 80G,"2,82 €","9,40 €/Kg"
10 nuggets de frango com cereais integrais,Capitão Iglo,Embalagem de 208 g,"2,79 €","8,72 €/Kg"
Néctar vital equilibrio melancia/morango,Compal,Embalagem de 1 l,"0,79 €","2,39 €/L"
Eau de Toilette Heart Beat,B.U.,50 ml,"11,99 €","79,93 €/L"
Sumo Manga s/ Açúcar Adicionado Patrulha Pata,SONATURAL,4 x 110 ml,"0,79 €","2,39 €/L"
Vinho tinto doc douro,VILA REAL,Garrafa de 750 ml,"7,49 €","9,99 €/L"
Moscatel de setúbal,Dom Campos,Garrafa de 750 ml,"5,99 €","7,99 €/L"
Alho Francês,Legumes do Dia,1 un=300 gr (aprox.),"0,45 €","1,49 €/Kg"
Inseticida moscas e mosquitos,Dum Dum,Garrafa de 300 ml,"4,39 €","7,32 €/L"
"Jogo ""Da Banho ao Cão""",Concentra,1 unidade,"9,99 €/Unidade","9,99 €/Unidade"
Eau de Toilette Golden Kiss,B.U.,50 ml,"11,99 €","79,93 €/L"
Limão,Fruta do Dia,1 un = 200 gr (aprox.),"0,27 €","1,09 €/Kg"
Banda térmica alivio dor muscular 29x9cm,PorSi,Embalagem de 2 unidades,"2,86 €","2,86 €/Unidade"
Fralda Cueca de Banho |Tamanho 3 X/S,Pommette,Embalagem de 12 un.,"14,99 €","14,99 €/Unidade"
Fralda de Incontinência c/ Elásticos Tamanho Grande,Lindor,Embalagem de 46 un.,"9,99 €","9,99 €/Unidade"
Paloco desfiado,PorSi,Embalagem de 500 g,"4,39 €","10,98 €/Kg"
Bolachinhas,Cerelac,Embalagem de 180g,"1,89 €","15,75 €/Kg"
Óleo alimentar,Fula,Embalagem 1L,"3,39 €","3,39 €/L"
Bolacha alfa,Nacional,Embalagem de 180g,"2,82 €","9,40 €/Kg"
Manteiga de amendoim crocante,Prozis,Embalagem de 500g,"5,99 €","19,97 €/Kg"
Ice tea de pêssego,PorSi,Garrafa de 2 l,"0,99 €","0,66 €/L"
Bacalhau espiritual,PorSi,Embalagem de 300g,"1,64 €","6,56 €/Kg"
Batata branca para assar,*,Vendido ao peso,"0,25 €","0,99 €/Kg"
Rebuçados café s/açúcar,Villa,Embalagem de 120g,"1,59 €","6,36 €/Kg"
Carne p/ Assar,Novilho,Vendido ao peso a partir de 800 g,"3,29 €","8,23 €/Kg"
Pão de forma sem côdea especial torradas,Panrico,Embalagem de 510g,"0,99 €","1,65 €/Kg"
"Cerveja sem álcool, tara perdida",Super Bock,Pack 6 X 0.33 L,"5,99 €","3,03 €/L"
Chocolate culinário,Pantagruel,Embalagem de 200g,"1,04 €","8,32 €/Kg"
Sementes de abóbora,Cemporcent,Embalagem de 150g,"2,29 €","11,45 €/Kg"
Couve Roxa,Programa Origens,1 un = 1 kg (aprox.),"1,99 €","1,99 €/Kg"
Marmelada,Ferbar,Embalagem de 400g,"1,09 €","2,42 €/Kg"
Lindahls pro+ liq tropical,Lindahls,Garrafa de 330 ml,"5,97 €/Kg","5,97 €/Kg"
Queijo mini light,Babybel,Embalagem de 12 x 20 g,"2,39 €","19,92 €/Kg"
Bicarbonato de sódio,Globo,Embalagem de 230g,"1,49 €","18,17 €/Kg"
Mousse de chocolate,*,140 ml,"1,79 €","12,79 €/L"
Máscara Exfoliante Vermelha,L' Oreal,Embalagem de 50 ml,"0,76 €","0,76 €/Unidade"
Fralda de Incontinência c/ Elásticos Tamanho Médio,Lindor,Embalagem de 52 un.,"9,99 €","9,99 €/Unidade"
Tapioca granulada,Cemporcent,Embalagem de 250g,"1,19 €","2,38 €/Kg"
"Iogurte actimel, morango",Danone,Embalagem de 12 x 100 g,"4,15 €/Kg","4,15 €/Kg"
Alimento lácteo sem açucar com sabor a morango/banan...,Yogolino,Embalagem de 4 x 100 gr,"2,89 €","7,23 €/Kg"
Roca unicórnio,Baby Clementoni,1 unidade,"11,99 €/Unidade","11,99 €/Unidade"
Nuggets de frango,PorSi,Embalagem de 360 g,"9,30 €/Kg","9,30 €/Kg"
Presunto nacos,PorSi,Embalagem de 250g,"2,49 €","12,45 €/Kg"
Conjunto de rua Duo Texas,Nania,Cadeira Grupo 0+ e Carrinho de Passeio,"42,99 €","42,99 €/Unidade"
Mousse d´or,Du Bois de la Roche,Embalagem de 200 g,"0,69 €","3,45 €/Kg"
Garagem,Écoiffier,Andares + camião,"11,99 €/Unidade","11,99 €/Unidade"
Pack de 3 embalagens de polpa de tomate,Compal,Embalagem de 630g,"3,69 €","23,06 €/Kg"
"M&m's drageias de chocolate de leite,",M&m's,Embalagem de 200g,"11,98 €/Kg","11,98 €/Kg"
"Loção Tropical Spray, SPF30",Cabana Sun,Embalagem de 150 ml,"16,99 €","84,95 €/L"
Iogurte líquido bifidus maçã/cereal,PorSi Viva Bem,Embalagem de 4 x 160 g,"2,79 €","6,07 €/Kg"
Farinheira do Ribatejo,PorSi,Embalagem de 180g,"1,49 €","7,45 €/Kg"
Yaos magro natural,Nestle,Embalagem de 4x110g,"1,49 €","2,98 €/Kg"
Creme vegetal culinário,Vaqueiro,Embalagem de 1 kg,"1,39 €","6,95 €/L"
Fruta para bebé multifrutas +4 meses,Nestle,Embalagem de 90g,"0,74 €","8,22 €/Kg"
Papel Fotocópia A4 |80g,Navigator,,"2,99 €","2,99 €/Unidade"
Bolachas chiquilin energy,Artiach,Embalagem de 200g,"1,69 €","6,76 €/Kg"
Pudim de ananás,Boca Doce,Embalagem de 20g,"0,59 €","29,50 €/Kg"
Queijo flamengo bio fatias,Terra Nostra,Embalagem de 150g,"1,49 €","7,45 €/Kg"
Sandes delicias do mar,PorSi,Embalagem de 150g,"0,65 €","0,65 €/Unidade"
Lava Tudo Amoniacal,Sonasol,"Garrafa de 1,3 l","0,89 €","0,45 €/L"
Desinfetante em gel c/ lixívia,Cif,Garrafa de 750 ml,"2,79 €","3,99 €/L"
Faca Chefe 15 cm Inox,PorSi,1 unidade,"4,89 €","4,89 €/Unidade"
Refrigerante de cola zero,PorSi,Garrafa de 2 l,"0,40 €/L","0,40 €/L"
Whisky Finest,Ballantin.,Garrafa de 1 litro,"30,99 €","44,27 €/L"
Detergente Máquina Roupa Liquido Bebé,Skip,52 doses,"9,99 €","9,99 €/Unidade"
Bebida amêndoa torrada sem açúcar,Alpro,Embalagem de 1 litro,"2,49 €","2,49 €/L"
Papel higiénico branco folha quadrupla,PorSi,12 rolos,"1,95 €","1,95 €/Unidade"
Escova plástica (cores sortidas),PorSi,1 unidade,"0,99 €","0,99 €/Unidade"
Bolachas starship chocolate,PorSi,Embalagem de 150g,"5,47 €/Kg","5,47 €/Kg"
6 tulipas chocolate,Progelcone,Embalagem de 148 g,"2,82 €","9,40 €/Kg"
Goiaba,Ferbar,Embalagem de 300g,"1,09 €","2,42 €/Kg"
Nestlé tablete de chocolate negro e amendoa,Nestle,Embalagem de 270g,"16,67 €/Kg","16,67 €/Kg"
"Refrigerante com gás, laranja, lata",Fanta,pack 6 x 0.33 l,"0,40 €/L","0,40 €/L"
"Refresco em pó, manga",PorSi,Embalagem de 40g,"0,75 €","18,75 €/Kg"
Queijo Curado de Cabra,Mourisca,Vendido ao peso a partir de 250 gr,"1,89 €","10,50 €/Kg"
Bolachas com duplo creme,Oreo,Embalagem de 190g,"0,79 €","4,49 €/Kg"
Cadeira de Cretone Vermelha,*,1 unidade,"8,99 €","8,99 €/Unidade"
Quinoa branca,PorSi Viva Bem,Embalagem de 200 g,"1,19 €","2,38 €/Kg"
Caffe latte go chill,Delta,230 ml,"3,09 €","24,72 €/Kg"
Porto lágrima,Ferreira,Garrafa 0.75L,"11,99 €","15,99 €/L"
10 saquetas infusão de cidreira,Lipton,Embalagem de 20g,"0,79 €","60,77 €/Kg"
Azeite virgem extra clássico,Gallo,Garrafa de 750 ml,"3,19 €","4,25 €/L"
Arbre magique black pine,Arbre Magique,1 unidade,"1,99 €","1,99 €/Unidade"
6 Salsichas Frescas Chipolatas com Ervas,PorSi,330 g,"0,30 €","5,99 €/Kg"
Batata pré-frita palitos finos,PorSi,Embalagem de 1 kg,"1,39 €","1,39 €/Kg"
Bebida de arroz,Frias,Garrafa de 1 l,"2,19 €","2,19 €/L"
Alho seco bio,PorSi Bio,Embalagem de aprox. 600 g,"0,25 €","0,99 €/Kg"
Refrigerante c/ gás de laranja zero,Fanta,"Garrafa de 1,5 l","0,40 €/L","0,40 €/L"
Sumo 100% laranja,PorSi,Pack 3 x 200 ml,"1,09 €","0,73 €/L"
Barras cereais chocapic,Nestle,Embalagem de 150g,"1,29 €","10,24 €/Kg"
Limpa móveis cera abelhas,PorSi,Frasco de 300ml,"4,39 €","14,63 €/L"
Amendoas em po saq.125g,Vahine,Embalagem de 130g,"1,27 €","3,18 €/Kg"
Folhado de Salsicha com Queijo 110 g,Fornada do Dia,,"0,65 €","0,65 €/Unidade"
Cobertura de tartes,Vahine,Embalagem de 20g,"1,27 €","3,18 €/Kg"
Café moagem universal brasil,Delta,Embalagem de 220g,"9,16 €/Kg","9,16 €/Kg"
10 croquetes de carne,PorSi,Embalagem de 300 g,"1,64 €","6,56 €/Kg"
Cerveja c/ álcool mini,Super Bock,Pack 15 x 0.20 L,"1,99 €/L","1,99 €/L"
Farinha láctea 5 frutos,PorSi,Embalagem de 500g,"4,49 €","4,49 €/Kg"
Cuecas de incontinência Plus M,Ausonia,Uma embalagem - 9Unidades,"9,99 €","9,99 €/Unidade"
Sidra frutos vermelhos,Somersby,pack 4 x 0.33 l,"1,59 €","3,18 €/L"
Galão,PorSi,16 cápsulas,"3,09 €","24,72 €/Kg"
"Piscina Prateada, Cap.512L",Bestway,Dim.:152X43cm,"2,99 €","2,99 €/Unidade"
Miolo de camarão 50/70,H2Gelo,Embalagem de 250  g,"8,99 €","25,69 €/Kg"
Alimento seco p/ cão raça pequena,PorSi Select,Embalagem de 3kg,"1,15 €/Kg","1,15 €/Kg"
Favas,Programa Origens,1 un = 250 gr  (aprox.),"0,70 €","2,79 €/Kg"
Limpa Estofos de Pele,PorSi,Embalagem de 1 l,"3,99 €","0,80 €/L"
Desodorizante Roll-On Dry Black,Axe,Embalagem de 50 ml,"1,39 €","6,95 €/L"
Balde ecologic,Vileda,1 unidade,"17,00 €","17,00 €/Unidade"
Bolacha torrada 800g 33% grátis,Vieira,Embalagem de 800g,"2,11 €/Kg","2,11 €/Kg"
Barras de cereais fitness crunchy & caramelo,Nestle,Embalagem de 140g,"1,29 €","10,24 €/Kg"
"Fitness granola chocolate, amêndoas e quinoa com 51%...",Nestle,Embalagem de 300 g,"3,45 €","26,74 €/Kg"
Infusão lúcia lima,PorSi,Embalagem de 35 g,"0,79 €","60,77 €/Kg"
Quiche lorraine,Monique Ranou,Embalagem de 400 g,"1,99 €","6,63 €/Kg"
Azeite virgem extra dop trás-os-montes,PorSi Select,Embalagem 750 ml,"3,19 €","4,25 €/L"
Atum em azeite,Ramirez,Embalagem de 120g,"7,08 €/Kg","7,08 €/Kg"
Ameixa Amarela,Fruta da Época,1 un = 250 gr  (aprox.),"0,36 €","2,39 €/Kg"
Café solúvel creme,Delta,Embalagem de 80 g,"14,50 €/Kg","14,50 €/Kg"
Marmelada sem conservantes,PorSi,Embalagem de 500g,"1,09 €","2,42 €/Kg"
Bola Fiambre/ Queijo/ Bacon/ Chourição,Nutriva,,"0,65 €","0,65 €/Unidade"
Esfregão Power Inox,Vileda,2 unidades,"2,54 €","2,54 €/Unidade"
Confetis 80 gr sortido,Mercagranel,Embalagem de 80 gr,"0,54 €","0,54 €/Unidade"
Bolachas waffers morango,PorSi,Embalagem de 210g,"0,98 €","4,67 €/Kg"
Spray de lavagem a seco,Day 2,200 ml,"0,99 €","2,48 €/Kg"
Na-esparguete bio 500g 10kg,Nacional,Embalagem de 500g,"0,89 €","1,78 €/Kg"
Nuggets de frango grelhadinho,Capitão Iglo,Embalagem de 200g,"9,30 €/Kg","9,30 €/Kg"
Amaciador concentrado para roupa aloé vera,PorSi,80 doses,"3,99 €","3,99 €/Unidade"
"Jogo de Viagem, Tragabolas",Hasbro,,"6,99 €","6,99 €/Unidade"
Couscous comespeciarias 4x125g,PorSi,Embalagem de 500g,"0,89 €","1,78 €/Kg"
Vmt reg alentejano 0.75l,T.xisto,Garrafa de 750 ml,"2,89 €","3,85 €/L"
Patafix branco,Uhu,Embalagem com 80 pastilhas adesivas,"2,25 €","2,25 €/Unidade"
"Lixívia para roupa, azul, tradicional",Neoblanc,Embalagem de 1 l,"1,74 €","0,35 €/L"
Refeição Bio Puré de Ervilhas c/ batata e frango,Gerber,Embalagem de 190g,"1,89 €","9,95 €/Kg"
Chá peso dia,PLANTANATU,Embalagem de 10 unidades,"1,19 €","1,19 €/Unidade"
Bolo Brigadeiro 800 g,Pastelaria do Dia,,"8,99 €","11,24 €/Kg"
Creme de cassis,P.dabot,Garrafa de 700 ml,"22,49 €","32,13 €/L"
Balde com pedal branco,PorSi,Capacidade: 7 litros,"17,00 €","17,00 €/Unidade"
50 nuggets de frango,Capitão Iglo,Embalagem de 1042g,"2,79 €","8,72 €/Kg"
Refrigerante com gás de laranja,Sumol,"Garrafa de 1,25 l","0,40 €/L","0,40 €/L"
"Batata frita, multipack",Ruffles,Embalagem de 180g,"1,06 €","5,73 €/Kg"
Biscottina com alho e salsa,RUSTICA,Embalagem de 100 g,"2,39 €","6,83 €/Kg"
Gelatina ananás 10kcal,Royal,Embalagem de 30g,"61,11 €/Kg","61,11 €/Kg"
Recarga inseticidas elétrico,Raid,Embalagem de 3 x 27 ml,"6,89 €","6,89 €/Unidade"
Spray lixívia e higiene,Cillitbang,Garrafa de 500 ml,"1,19 €","0,79 €/L"
Pasta de Moldar Terracota,DAS,Embalagem com 1 kg,"1,95 €","97,50 €/L"
Lambuginha,Marisco Fresco,1 un = 250 gr  (aprox.),"1,75 €","6,99 €/Kg"
Filetes primavera alecrim e sal marinho,Iglo,Embalagem de 230g,"1,64 €","6,56 €/Kg"
Adoçante green em pó,Canderel,Embalagem de 40g,"5,49 €","21,96 €/Kg"
Gelatina ananás 8 kcal,PorSi,Embalagem de 4 x 100 g,"0,85 €","2,13 €/Kg"
Mousse de chocolate,Royal,Embalagem de 160g,"0,79 €","5,27 €/Kg"
Coloração Permanente Castanho Chocolate |3.65,Palette,,"9,49 €/Unidade","9,49 €/Unidade"
Esfregona premium 2 em 1 completa,Vileda,1 un.,"0,89 €","0,89 €/Unidade"
Piscina familiar,Bestway,Dim.: 262x157x46 cm,"34,99 €","34,99 €/Unidade"
Chocolate negro 72% cacau,Cemporcent,Embalagem de 100g,"2,89 €","23,12 €/Kg"
Lixívia Gel Brisa Marítima,Neoblanc,Embalagem de 700ml,"2,59 €","1,30 €/L"
Adoçante em pó stevia,PorSi Viva Bem,Embalagem de 250 g,"5,49 €","21,96 €/Kg"
Vinho maduro branco,Leziria,Garrafa de 5 l,"5,19 €","1,04 €/L"
"Croissants com recheio de cacau, 5 unidades",Dulcesol,Embalagem de 230g,"2,05 €","5,13 €/Kg"
Tablete de chocolate culinário 70% negro,PorSi,Embalagem de 200 g,"1,04 €","8,32 €/Kg"
Limpa Estofos de Tecido,PorSi,Embalagem de 1 l,"3,99 €","0,80 €/L"
Vinho do porto lágrima branco,R.pinto,Garrafa de 750 ml,"11,99 €","15,99 €/L"
"Iogurte sabor morango, banana e tutti frutti",Danone,Embalagem de 8 x 120 g com 1 grátis,"1,87 €","1,25 €/Kg"
Aguadente vinica velha,Património,Garrafa de 0.70 l,"12,79 €","18,27 €/L"
Favas ultracongeladas,PorSi,Embalagem de 1 kg,"1,89 €","1,89 €/Kg"
Granola + classica,Cemporcent,Embalagem de 375g,"1,19 €","2,38 €/Kg"
Frutapura maçã manga laranja,Bledina,Embalagem de 85g,"2,29 €","6,94 €/L"
Danacol aveia,Danone,Embalagem de 6 x 100 g,"4,15 €/Kg","4,15 €/Kg"
"Creme revitalizante, noite",L'oreal,Embalagem de 50 ml,"2,99 €","59,80 €/L"
Batata palito forno express,MCCAIN,Embalagem de 500g,"1,39 €","1,39 €/Kg"
"Tira gorduras, pistola",Kh 7,Garrafa de 750 ml,"4,89 €","6,52 €/L"
Pastilhas elásticas frost watermelon,Trident Max,Embalagem de 60 g,"0,22 €","14,67 €/Kg"
Spray limpeza fornos e grelhas,PorSi,500 ml,"1,29 €","1,72 €/L"
Rum carta blanca,Bacardi,Garrafa de 700 ml,"16,49 €","23,56 €/L"
Leite UHT Morango sem Lactose,Mimosa,Pack 3 x 250 ml,"2,19 €","2,19 €/L"
Néctar pera,PorSi,Embalagem de 1 l,"0,99 €","0,99 €/L"
Pilhas recarregáveis C HR14 2600mAh,Domédia,Embalagem com 2 unidades,"1,99 €","1,99 €/Unidade"
Massa de macarrão grande estriado,PorSi,Embalagem de 500g,"0,89 €","1,78 €/Kg"
Body Milk in Shower,Labell,Embalagem de 250 ml,"12,48 €/L","12,48 €/L"
Cerveja com álcool,Corona,"Embalagem de 6x0,355L","1,99 €/L","1,99 €/L"
Recarga difusor elétrico recarga citronela,Dum Dum,1 unidade,"6,89 €","6,89 €/Unidade"
Vinho do porto dona antónia reserva branco,Ferreira,Garrafa de 0.75 l,"11,99 €","15,99 €/L"
Bolacha maria de chocolate,Cuetara,Embalagem de 265g,"2,11 €/Kg","2,11 €/Kg"
Dentifríco 2 em 1 super branqueador,Theramed,Embalagem de 75 ml,"2,99 €","39,87 €/L"
Borracha para desenho técnico,Domédia,1 unidade,"3,09 €","3,09 €/Unidade"
Sobremesa danette duo baunilha e chocolate,Danone,Embalagem de 4 x 125 ml,"1,19 €","2,59 €/Kg"
Fábrica de Partidas TikTok,Science4You,1 unidade,"9,99 €/Unidade","9,99 €/Unidade"
Salsicha fresca merguez,PorSi,Embalagem de 330 g,"0,30 €","5,99 €/Kg"
Biscoitos canudinho simples,PorSi,Embalagem de 300g,"2,82 €","9,40 €/Kg"
Toalhitas multiusos limão,PorSi,Embalagem de 80 unidades,"1,69 €","1,69 €/Unidade"
Infusão cavalinha,Cemporcent,Embalagem de 10 unidades,"0,79 €","60,77 €/Kg"
Alimento lácteo morango +8 meses,Yogolino,Embalagem de 4 x 100 g,"2,89 €","7,23 €/Kg"
Moscatel de setúbal,Selecção de Enófilos,"Garrafa de 0,75 l","5,99 €","7,99 €/L"
Toalhitas básico,Dodot,embalagem com 54 unidades,"1,09 €/Unidade","1,09 €/Unidade"
Pensos Higiénicos Fina e Segura Maxi Super,Evax,Embalagem c/ 13 Unidades,"4,89 €","4,89 €/Unidade"
Feijão preto cozido,PorSi,Embalagem de 420 g,"1,79 €","2,29 €/Kg"
Espinafres corte Programa Origens,PorSi,"Vendido ao molhe, 1 un= 1 kg aprox.","0,45 €","1,49 €/Kg"
"Cerveja com álcool, lata",Super Bock,Garrafa de 500 ml,"1,99 €/L","1,99 €/L"
Detergente Máquina Loiça Pastilhas All in 1 Extra Po...,Sun,76 pastilhas,"2,99 €","2,99 €/Unidade"
Profiteroles de nata,PorSi Select,Embalagem de 330 g,"2,19 €","6,64 €/Kg"
Manga em calda,It.saveurs,Embalagem de 250g,"1,99 €","2,37 €/Kg"
"Tesoura de escritório, 21cm",Domédia,1 unidade,"1,95 €","97,50 €/L"
Spray Ultra Bronzeador,Corine de Farme,Embalagem de 150 ml,"10,99 €","54,95 €/L"
Gelatina pronta a comer ananás,Royal,Embalagem de 4 x 100 g,"0,85 €","2,13 €/Kg"
Clementinas,Fruta do Dia,1 un = 100 gr  (aprox.),"0,27 €","1,09 €/Kg"
Tartaro de Salmão Fumado,PorSi Select,Embalagem de 110 g,"3,35 €","22,33 €/Kg"
Loção hidratante,Baby Dove,Embalagem de 200 ml,"0,59 €","5,90 €/L"
Esfregão Esponja Style,Vileda,10 unidade,"2,54 €","2,54 €/Unidade"
Crepe de ovo,PorSi,Embalagem de 540 g,"2,19 €","6,64 €/Kg"
Queijo fleur dange,Páturages,Embalagem de 200 g,"2,39 €","11,95 €/Kg"
Mega bolsa com 60 peças sortidas,Mega Bloks,1 unidade,"11,99 €/Unidade","11,99 €/Unidade"
Creme de Mãos Xpress Absorv,Bioten,Embalagem de 100ML,"2,49 €","41,50 €/L"
Arroz Thai Jasmim,PorSi,1 kg,"0,99 €","0,99 €/Kg"
Conjunto de mergulho,Pandibrinca,,"34,99 €","34,99 €/Unidade"
"Jogo ""Fake?""",Clementoni,1 unidade,"9,99 €/Unidade","9,99 €/Unidade"
Cone chocolate,PorSi,Embalagem de 6 x 120 ml,"5,99 €","16,64 €/L"
Monopoly super recompensas,Monopoly,,"9,99 €/Unidade","9,99 €/Unidade"
Tapetes educativos p/ cães/gatos 60x60cm,PorSi,20 unidades,"8,75 €","8,75 €/Unidade"
Ovos de galinha ao ar livre | Classe: M/L,Matinados,12 unidades,"1,39 €","1,39 €/Unidade"
Experiências Desafios Top,Odisseias,,"49,90 €","49,90 €/Unidade"
Bandas de Cera Depilatória Bikini,Veet,100ml + Bálsamo 50 Ml,"10,99 €","73,27 €/L"
Bolacha diet nature recheio iogurte,Gullon,Embalagem de 220g,"0,79 €","4,49 €/Kg"
Gelatina light manga e laranja,Condi,Embalagem de 2x15 g,"61,11 €/Kg","61,11 €/Kg"
Chocolate kit kat,Kit kat,Embalagem de 210g,"2,24 €","29,87 €/Kg"
Xarope grenadine zero,Paquito,Garrafa de 750 ml,"4,79 €","6,47 €/L"
Vinho regional tejo,Plexus,Garrafa de 750 ml,"2,29 €","3,05 €/L"
Chá preto,Tetley,Embalagem de 20g,"41,67 €/Kg","41,67 €/Kg"
Alimento seco para cão alta energia,PorSi,Embalagem de 10kg,"1,15 €/Kg","1,15 €/Kg"
Flocos de trigo integral,Cemporcent,Embalagem de 400g,"0,68 €","1,70 €/Kg"
Mopa com cabo,PorSi,1 unidade,"2,20 €","2,20 €/Unidade"
Pescada da Africa do Sul,Peixe Congelado,Pescado no mar,"3,99 €/Kg","3,99 €/Kg"
Amaciador concentrado para roupa jojoba,PorSi,80 doses,"3,99 €","3,99 €/Unidade"
Posta pescada-do-cabo nº 5 para cozer,PorSi,Embalagem de 800 g,"4,39 €","10,98 €/Kg"
Espremedor,PorSi,1 unidade,"17,00 €","17,00 €/Unidade"
Ambientador vela duo exotic baunilha,Air Wick,Embalagem de 210g,"9,49 €","45,19 €/Kg"
Tablete de chocolate leite com avelã,PorSi Select,200 g,"10,52 €/Kg","10,52 €/Kg"
Achocolatado em saco,Nesquik,Embalagem de 1 kg,"5,59 €","6,99 €/Kg"
Sobremesa gelificada de laranja,PorSi,Embalagem de 4x100g,"0,85 €","2,13 €/Kg"
Saco Térmico Flexível Azul,Campingaz,1 unidade (cap.:15L),"10,99 €","10,99 €/Unidade"
Bocadelia de caranguejo,La piara,Embalagem de 170g,"1,19 €","13,52 €/Kg"
Laca Cabelo Criação Brilho,Tresemmé,Embalagem de 300 ml,"3,99 €","53,20 €/L"
Bolachas digestive go aveia,Triunfo,Embalagem de 170g,"1,14 €","3,80 €/Kg"
Bolacha chocodiet nature,Gullon,Embalagem de 270g,"4,60 €/Kg","4,60 €/Kg"
Bolacha vitalday aveia e chocolate,Gullon,Embalagem de 240g,"2,82 €","9,40 €/Kg"
"Coloração permanente, louro claro nº8",Palette,1 unidade,"9,49 €/Unidade","9,49 €/Unidade"
Coloração Permanente Louro Escuro |6,Palette,,"9,49 €/Unidade","9,49 €/Unidade"
Café torrado 5 estrelas moagem grossa,Sical,Embalagem de 250g,"9,16 €/Kg","9,16 €/Kg"
Mimosa proteína cacau,Mimosa,Embalagem de 250 ml,"2,19 €","2,19 €/L"
Doce light framboesa,PorSi,Embalagem de 340g,"4,39 €","17,56 €/Kg"
Leite corporal,Nivea,Embalagem de 400 ml,"12,48 €/L","12,48 €/L"
Chá de maçã e canela,Tetley,Embalagem de 20g,"44,50 €/Kg","44,50 €/Kg"
Iogurte líquido pinacolada,PorSi,Embalagem de 4 x 160 g,"1,17 €","1,83 €/Kg"
Batata Frita c/ Sal,Ruffles,Embalagem de 160 g,"1,06 €","5,73 €/Kg"
Eau de Toilette p/Senhora Nº47,Caravan,1 Frasco 150ml,"11,99 €","79,93 €/L"
Luvas descartáveis extra long m/g,Vileda,10 unidade,"3,99 €","3,99 €/Unidade"
"Guardanapos brancos, 33x33cm, 2 folhas, 90 unidades",Renova,Uma embalagem,"1,28 €","1,28 €/Unidade"
Néctar classico de ananás,Compal,Garrafa de 200 ml,"0,99 €","0,99 €/L"
Lata de Brilho Castanho,Búfalo,Embalagem de 75 ml,"0,99 €","19,80 €/L"
Loção para bebé pink,Johnson's Baby,500 ml,"0,59 €","5,90 €/L"
Alho Francês,Programa Origens,1 un = 300 g (aprox.),"0,45 €","1,49 €/Kg"
Yofu de soja natural,Alpro,Embalagem de 4x125 g,"3,09 €","6,18 €/Kg"
Bloco Sanitário Poder Activo Lavanda,Sonasol,Embalagem de 2x50 g,"2,99 €","74,75 €/Kg"
Farinha de centeio,Cemporcent,Embalagem de 500g,"2,29 €","11,45 €/Kg"
Vinho rosé,Lancers,Garrafa 0.75L,"4,29 €","5,72 €/L"
Bicarbonato sodio fr.250g,Vahine,Embalagem de 250g,"1,49 €","18,17 €/Kg"
"Caramelos de fruta, morango single",Sugus,Embalagem de 50g,"1,19 €","4,76 €/Kg"
Borrego de Leite,Nossa Selecção,1 un = 14 kg (aprox.),"69,86 €","9,98 €/Kg"
Massa de espirais,Nacional,Embalagem de 500g,"0,89 €","1,78 €/Kg"
Gengibre,Legumes do Dia,1 un = 100 gr (aprox.),"0,70 €","2,79 €/Kg"
Limpa vidros cristal recarga,Ajax,Embalagem de 500 ml,"3,19 €","6,38 €/L"
Película Aderente 60M,PorSi,1 unidade,"1,11 €","1,11 €/Unidade"
Protector Solar Clássico FPS 30,Ambre Solaire,Embalagem de 200 ml,"16,99 €","84,95 €/L"
Creme barrar nutela 350g,Nutella,Embalagem de 350G,"4,19 €","12,32 €/Kg"
Borracha para lápis e tinta,Domédia,1 unidade,"4,69 €","4,69 €/Unidade"
Pate picante 73gr.                ce *24,La piara,Embalagem de 70g,"1,19 €","13,52 €/Kg"
Cerefolio,PorSi,20 g,"0,89 €","17,80 €/Kg"
Lixívia Tradicional,PorSi,Embalagem de 5 l,"1,74 €","0,35 €/L"
Luvas Universal Pequeno/Médio,Vileda,1 unidade,"3,99 €","3,99 €/Unidade"
Barra cereais nesquik delice,Nestle,Embalagem de 140g,"1,29 €","10,24 €/Kg"
Bebida amêndoa,Shoyce,Embalagem de 1 litro,"2,19 €","2,19 €/L"
Café lote bocage grão,Nicola,Embalagem de 1 kg,"9,16 €/Kg","9,16 €/Kg"
"Gel After sun, Aloé Vera",Cabana Sun,Embalagem de 200 ml,"9,99 €","49,95 €/L"
Spray desinfetante casa de banho,Lysol,Embalagem de 500 ml,"1,79 €","2,39 €/L"
Tomate 82/102,Programa Origens,1 un = 200 gr (aprox.),"0,40 €","1,99 €/Kg"
Café moagem universal timor,Delta,Embalagem de 220g,"9,16 €/Kg","9,16 €/Kg"
Detergente máquina lavar roupa tira nódoas,Xau+vanish,102 doses,"8,49 €","1,80 €/Kg"
"Agrafos nº24/6, 2000 unidades",Maped,Uma embalagem,"2,99 €","2,99 €/Unidade"
Conjunto de mesa + 6 cadeiras,Joluce,,"5,99 €","5,99 €/Unidade"
Iglo Pop Up 2 Pessoas,Saurium,1 un.,"14,99 €","14,99 €/Unidade"
Aguardente velha vsop,Antiqua,Garrafa de 700 ml,"12,79 €","18,27 €/L"
Torta cacau com sabor a natas,PorSi,Embalagem de 300g,"2,05 €","5,13 €/Kg"
Drageias de chocolate single,MALTESERS,Embalagem de 40g,"11,98 €/Kg","11,98 €/Kg"
Corn flakes,PorSi,Embalagem de 1 kg,"1,49 €","2,98 €/Kg"
"Anti-calcário, máquina roupa, gel",Calgon,"Garrafa de 1,5 l","8,49 €","1,80 €/Kg"
"Elásticos grandes coloridos, pack de 20 unidades",Domédia,1 embalagem,"1,95 €","97,50 €/L"
"Vinho DOC Bairrada, Tinto",Selecção de Enófilos,"Garrafa de 1,5 L","2,92 €/L","2,92 €/L"
Pescada Média Argentina,Peixe Congelado,+ de 500 g,"3,99 €/Kg","3,99 €/Kg"
Azeite,Oliveira da Serra,Embalagem de 750 ml,"3,19 €","4,25 €/L"
Manteiga magra meio sal,President,Embalagem de 250g,"1,69 €","6,76 €/Kg"
Iogurte líquido dan'up morango e banana,Danone,Embalagem de 4 x 155 g,"1,17 €","1,83 €/Kg"
Bolacha de Manteiga Belga c/ Chocolate Branco,Saborosa,Embalagem de 198 g,"1,69 €","6,76 €/Kg"
Lixívia Densa + Squeeze Harmonias Florais,Neoblanc,Embalagem de 1 l,"1,74 €","0,35 €/L"
Salada de Marisco,Amarras,Embalagem de 700 g,"2,19 €","8,59 €/Kg"
Sapateira cozida,*,Embalagem de 1 unidades,"11,99 €","11,99 €/Unidade"
Néctar vital equilibrio frutos vermelhos,Compal,Embalagem de 1 l,"0,99 €","0,99 €/L"
Iogurte líquido pinacolada corpos danone,Danone,Embalagem de 4 x 155 g,"1,17 €","1,83 €/Kg"
Banco monobloco branco,Joluce,1 unidade 36X36X46cm,"5,99 €","5,99 €/Unidade"
Tonic premium indian,Fever-Tree,Garrafa de 500 ml,"5,39 €","5,39 €/L"
Creme culinário soja light,Shoyce,Garrafa de 200 ml,"0,69 €","3,45 €/L"
Pensos Incontinência Mulher Discreet Maxi Night,Tena,12 unidades,"1,95 €","1,95 €/Unidade"
Eau de Toilette p/Senhora Nº35,Caravan,1 Frasco 150ml,"11,99 €","79,93 €/L"
Autobrilhante Preto,Búfalo,Embalagem de 50 ml,"2,25 €","45,00 €/L"
Creme body butter coconut,Hawaiian Tropic,Embalagem de 200ml,"12,48 €/L","12,48 €/L"
Spray óleo protect&bronze f30,Nivea Sun,Embalagem de 200 ml,"16,99 €","84,95 €/L"
Vela número 0,Vahine,Embalagem de 1 unidades,"0,95 €","0,95 €/Unidade"
Bebida de Arroz,PorSi Viva Bem,1 l,"0,99 €","0,99 €/L"
Recarga Desumidificador Inodoro,HUMYDRY,embalagem de 450g,"2,99 €","6,64 €/Kg"
Bicicleta,Barbie,"roda 12""","99,99 €/Unidade","99,99 €/Unidade"
"Cera cabelo, paste signature",Axe,Embalagem de 75 ml,"3,99 €","53,20 €/L"
Espinafres em folhas,PorSi,Embalagem de 750 g,"1,89 €","1,89 €/Kg"
Spray elimina odores do calçado,PorSi,embalagem de 100 ml,"5,29 €","35,27 €/L"
Arroz agulha Europa,PorSi,Embalagem de 1 kg,"0,99 €","0,99 €/Kg"
Gel de banho júnior frutos exóticos,Labell,Embalagem com 300 ml,"1,99 €","1,99 €/Unidade"
Celicau Sem glúten,Salutem,Embalagem de 250g,"2,99 €","7,97 €/Kg"
Líquido wc active clean mint & jasmin,Ambipur,750 ml,"1,79 €","2,39 €/L"
Café moagem universal portugal,Delta,Embalagem de 250g,"9,16 €/Kg","9,16 €/Kg"
Resguardo para mesa,PorSi,Dim.: 140 x 300 cm,"3,45 €","3,45 €/Unidade"
Ice tea manga,Lipton,pack 6 x 0.25 l,"0,99 €","0,66 €/L"
Tablete de chocolate leite,Nestle,Embalagem de 130g,"5,30 €/Kg","5,30 €/Kg"
Spray Protect&Bronze FP30,Nivea Sun,1 Embalagem 300ml,"10,99 €","54,95 €/L"
Máquina de barbear c/ 2 recargas de 6 lâminas,Labell Men,,"1,16 €","4,64 €/L"
Doce mirtilos e framboesa 0% açúcar,C.mateus,Embalagem de 280g,"4,39 €","17,56 €/Kg"
Iogurte tipo grego maracujá,PorSi,Embalagem de 4 x 125 g,"1,49 €","2,98 €/Kg"
Espreguiçadeira malibu antracite,Joluce,190 x 66 x 42 cm,"8,99 €","8,99 €/Unidade"
Espumante Super Reserva Bruto,Raposeira,Garrafa de 0.75 l,"6,99 €","9,32 €/L"
"Pensos diários respirare, 44 unidades",Carefree,Uma embalagem,"1,79 €/Unidade","1,79 €/Unidade"
Bolachas brownie tubo,Oreo,Embalagem de 150g,"0,79 €","4,49 €/Kg"
Sabonete líquido maçãs verdes,Labell,Embalagem de 500 ml,"2,18 €/L","2,18 €/L"
Filete de pescada,PorSi,1 unidade = 275g (aprox.),"4,00 €","7,99 €/Kg"
Queijo mozzarella fatias,PorSi,Embalagem de 200 g,"1,49 €","7,45 €/Kg"
Marmelada,PorSi,Embalagem de 900g,"1,09 €","2,42 €/Kg"
"Frigideira anti-aderente, 28cm",PorSi,1 unidade,"9,99 €/Unidade","9,99 €/Unidade"
Iogurte activia líquido kiwi,Danone,Embalagem de 4 x 155 g,"2,79 €","6,07 €/Kg"
Sumo de toranja,Andros,Embalagem de 1 l,"1,09 €","0,73 €/L"
Molho de nata para carne,Mimosa,Garrafa de 200 ml,"0,70 €","2,33 €/Kg"
Spray multiusos lavanda,Bot.origin,Garrafa de 500 ml,"1,19 €","0,79 €/L"
Creme Ultra Bronzeado,Corine de Farme,150 ml,"10,99 €","54,95 €/L"
Boneca Caty 85 cm,Vicam,1 unidade,"10,99 €","10,99 €/Unidade"
"Loção Solar Spray, SPF20",Cabana Sun,Embalagem de 200 ml,"16,99 €","84,95 €/L"
Biscoitos de canela,PorSi,Embalagem de 750g,"0,69 €","3,45 €/Kg"
Iogurte mix-in kit kat,Nestle,Embalagem de 2 x 115 g,"1,05 €","1,86 €/L"
Queijo 3 Igrejas Cura 2m Pimentão,Santiago,Vendido ao peso a partir de 250 gr,"25,45 €/Kg","25,45 €/Kg"
Líquido sanitário ação total menta,WC Pato,Embalagem de 750 ml,"2,79 €","3,99 €/L"
Cereais Extra Chocolate e Avelã,Kellogg's,Embalagem de 375 g,"2,29 €","6,11 €/Kg"
Detergente para loiça plus + citrinos,Super Pop,Embalagem de 1L,"0,99 €","1,98 €/L"
Coelhinho,Pamper Petz,15 cm,"11,99 €/Unidade","11,99 €/Unidade"
Bebida Energética Apple,Hell,250 ml,"5,39 €","5,39 €/L"
Mel,Granja San Francisco,Embalagem de 500g,"4,89 €","9,78 €/Kg"
Creme abrasivo limão,Cif,Garrafa de 700 ml,"0,99 €","0,99 €/L"
Cebola picada,PorSi,Embalagem de 400 g,"1,89 €","1,89 €/Kg"
Torrão crocante com chocolate,El almendr,Embalagem de 75g,"2,24 €","29,87 €/Kg"
Pilhas recarregáveis AAA HR03 1.2V 800mAh,Domédia,Embalagem com 4 unidades,"1,99 €","1,99 €/Unidade"
Arroz extra longo integral,Saludaes,Embalagem de 1 kg,"0,99 €","0,99 €/Kg"
Gelado magnum pint amêndoas,Olá,Embalagem de 440 ml,"6,79 €","14,76 €/L"
Tablete de chocolate de leite,PorSi Select,Embalagem de 200g,"5,30 €/Kg","5,30 €/Kg"
Sidra de maçã,Somersby,Lata de 500 ml,"1,59 €","3,18 €/L"
Salsicha vegetal,Veg In,Embalagem de 1 kg,"0,99 €","7,07 €/Kg"
Abrasivo sanitário anti-calcário,PorSi,embalagem de 1 litro,"0,99 €","0,99 €/L"
Leite c/ chocolate meio-gordo s/ lactose,Agros,4 x 200 ml,"0,26 €","1,30 €/L"
Café solúvel sem cafeína,Nescafe,Embalagem de 20g,"14,50 €/Kg","14,50 €/Kg"
Pera rocha categoria II Programa Origens,PorSi,Embalagem de 1.5 kg,"0,34 €","2,29 €/Kg"
Spray anti-bolores,Cif,435 ml,"1,79 €","2,39 €/L"
Biscoitos integrais aveia e cacau,PorSi Viva Bem,Embalagem de 150g,"0,69 €","3,45 €/Kg"
Fraldas de Incontinência Elásticos Médias,Lindor,20 Unidades,"9,99 €","9,99 €/Unidade"
Lay's gourmet corte fino,Lay's,Embalagem de 150g,"1,06 €","5,73 €/Kg"
Iogurte naturea natural,PorSi,Embalagem de 4 x 125 g,"0,99 €","1,98 €/Kg"
"Bebida açucarada  tinto de verão, limão",Sandevid,"Garrafa de 1,5 l","1,99 €","1,33 €/L"
Queijo Raclette Fatias,Páturages,Embalagem de 400 g,"1,49 €","7,45 €/Kg"
"Combinado Fiambre,Queijo e Carne",Pastelaria do Dia,,"0,65 €","0,65 €/Unidade"
Gaspacho,PorSi,1 litro,"0,84 €","13,55 €/Kg"
Amêndoa amarga,Milbar,"Garrafa de 0,70 l","16,99 €","24,27 €/L"
Frutose,PorSi,Boião de 410 g,"5,49 €","21,96 €/Kg"
Big burger vegetais,Iglo green,Embalagem de 250g,"9,30 €/Kg","9,30 €/Kg"
Groselha,PorSi,Embalagem com 125g,"2,19 €","17,52 €/Kg"
8 salsichas frankfurt,Izidoro,Embalagem de 200g,"0,75 €","3,75 €/Kg"
Oceana Máquinas Descartáveis,Venus,4 unidades,"5,49 €","5,49 €/Unidade"
Leite c/ chocolate,Gresso,Pack 4X200ml,"0,26 €","1,30 €/L"
Gel Play Morango,Durex,Embalagem de 50 ml,"4,49 €","4,49 €/Unidade"
Spray silicone,Arbo,Embalagem de 600 ml,"3,99 €","0,80 €/L"
Lápis de cera,Giotto,embalagem com 12 unidades,"3,09 €","3,09 €/Unidade"
Paio York Suave Sabor,Nobre,fatiado a partir de 100 gr,"2,49 €","12,45 €/Kg"
Toalhitas Sensitive |Recarga,Dodot,Pack: 4 x54 unidades,"1,09 €/Unidade","1,09 €/Unidade"
"As minhas primeiras receitas - refeição batata, abób...",Nestle,Embalagem de 190g,"1,89 €","9,95 €/Kg"
Nata uht light,Mimosa,Embalagem de 200 ml,"0,69 €","3,45 €/L"
Butter cookies,PorSi,Embalagem de 450g,"5,47 €/Kg","5,47 €/Kg"
Vinagre de limpeza,Dona Pureza,Embalagem de 1 l,"0,79 €","0,79 €/L"
Croissant Brioche com chocolate,Pastelaria do Dia,1 un = 100 g (aprox.),"0,69 €","0,69 €/Unidade"
Detergente líquido baby,Skip,22 doses,"9,99 €","9,99 €/Unidade"
Abóbora Menina embalada Programa Origens,PorSi,1 un = 750 aprox,"0,07 €","0,69 €/Kg"
Muesli 3 chocolates,PorSi,500 g,"6,95 €","6,95 €/Kg"
"Leite uht, com café, galão alentejano",Serraleite,Embalagem de 1 l,"1,99 €","2,49 €/L"
Desengordurante de Vitrocerâmica/Indução 3 em 1 |Cre...,Vitroclen,Embalagem de 450 ml,"1,29 €","1,72 €/L"
Bife da Vazia,Novilho,Vendido ao peso a partir de 800 g,"3,29 €","8,23 €/Kg"
Actimel magro natural,Danone,Embalagem de 6 x 100g,"4,15 €/Kg","4,15 €/Kg"
Bandida do pomar frutos vermelhos lata 50cl,Bandida,Garrafa de 500 ml,"1,59 €","3,18 €/L"
Tampões Compak Pearl Regular Com Aplicador,Tampax,16 unidades,"1,39 €","1,39 €/Unidade"
Lasanha,Nacional,Embalagem de 400g,"0,89 €","1,78 €/Kg"
"Iogurte, sabor a tutti-fruti",PorSi,Embalagem de 4 x 125 g,"1,87 €","1,25 €/Kg"
Lombo de bacalhau,PorSi,Vendido ao peso,"8,73 €/Kg","8,73 €/Kg"
Tortitas de arroz chocolate negro,PorSi Viva Bem,130 g,"1,45 €","11,15 €/Kg"
Queijo Curado Amanteigado,Fonte Mourisca,1 un = 250 gr  (aprox.),"2,42 €","9,69 €/Kg"
Café lote normal moagem fina,PorSi,Embalagem de 250 g,"9,76 €/Kg","9,76 €/Kg"
"Fita apanha moscas, com 4 unidades",Neokill,4 unidades,"4,39 €","7,32 €/L"
Lip Gloss #150,Rimmel,1 unidade,"7,49 €","7,49 €/Unidade"
Bolachas marinheiras integrais,Cemporcent,Embalagem de 200g,"1,45 €","11,15 €/Kg"
Creme de cenoura,PorSi,800 g,"1,69 €","2,11 €/Kg"
Polpa de manga,PorSi,Embalagem de 850g,"1,99 €","2,37 €/Kg"
Ambientador spray aerosol white bouquet,Air Wick,Garrafa de 240 ml,"0,99 €","3,30 €/L"
Guardanapo 100 g,Pastelaria do Dia,,"0,69 €","0,69 €/Unidade"
2 filetes de robalo,Iglo,Embalagem de 200g,"1,64 €","6,56 €/Kg"
20 saquetas infusão limão gengibre,Lipton,Embalagem de 40g,"44,50 €/Kg","44,50 €/Kg"
Crocantes de frango piri piri 180g,Iglo,Embalagem de 180g,"4,99 €","24,95 €/Kg"
Limpa vidros boost,Ajax,Embalagem de 500 ml,"3,19 €","6,38 €/L"
Cereais fitness,Nestle,Embalagem de 380g,"3,45 €","26,74 €/Kg"
Lava tudo tijoleira,Cif,1.1 L,"4,39 €","14,63 €/L"
Queijo em fatias,Terra Nostra,Embalagem de 400g,"1,49 €","7,45 €/Kg"
Monopoly super maus perdedores,Monopoly,,"9,99 €/Unidade","9,99 €/Unidade"
Néctar vital equilibrio manga/maracujá,Compal,Embalagem de 1 l,"0,79 €","2,39 €/L"
Argolas Romana,PorSi,Embalagem de 400 g,"1,64 €","6,56 €/Kg"
Bebida instantânea em pó de soja,Cemporcent,Embalagem de 400g,"2,19 €","2,19 €/L"
Caçarola Alumínio Anti-Aderente 24Cm,PorSi,1 unidade,"9,99 €/Unidade","9,99 €/Unidade"
Régua duplo decimetro,CA1,1 unidade,"2,25 €","2,25 €/Unidade"
Batata pré-frita cubos,PorSi,Embalagem de 1 kg,"1,39 €","1,39 €/Kg"
Pano multiusos felpo,PorSi,1 unidade,"1,69 €","1,69 €/Unidade"
Jogo de Viagem,Monopoly,,"6,99 €","6,99 €/Unidade"
Cápsulas de café qharacter,Delta Q,Embalagem de 60g,"54,36 €/Kg","54,36 €/Kg"
"Óleo Spray Cenoura, SPF0",Cabana Sun,Embalagem de 200 ml,"16,99 €","84,95 €/L"
Chá de frutos vermelhos,Tetley,Embalagem de 30g,"44,50 €/Kg","44,50 €/Kg"
Mini salsichas cocktail,Nobre,lata de 180g,"0,75 €","3,75 €/Kg"
"12 lápis de cor, 18cm",Domédia,Uma embalagem,"4,69 €","4,69 €/Unidade"
Creme vegetal para culinária,PorSi,Embalagem de 250g,"1,39 €","6,95 €/L"
Cereais fitness chocolate,Nestle,Embalagem de 380g,"3,45 €","26,74 €/Kg"
Yofu com pedaços de morango,Alpro,Embalagem de 4x125 g,"3,09 €","6,18 €/Kg"
Toalhitas Bebé Basic,PorSi,Embalagem de 72 unidades,"1,09 €/Unidade","1,09 €/Unidade"
Salpicão de porco bisaro,Prisca,200 g,"1,35 €","16,88 €/Kg"
Le cassoulet,Claude leg,Embalagem de 840g,"2,35 €","5,60 €/Kg"
Pilha alcalina hightech lr03x8,Domédia,1 unidade,"1,99 €","1,99 €/Unidade"
Óleo Performa C3 5W40 Sintético,Galp,Embalagem de 1 l,"13,99 €","13,99 €/L"
Queijo dop cura 12 meses,Sao jorge,Embalagem de 300g,"25,45 €/Kg","25,45 €/Kg"
Açaí superelemento (10 saquetas),Cemporcent,Embalagem de 25g,"3,99 €","39,90 €/Kg"
Banco Monobloco Verde Escuro,Joluce,1 unidade 36X36X46cm,"5,99 €","5,99 €/Unidade"
Amaciador de roupa peónia azul e citrus,Surf,90 doses,"8,99 €","2,25 €/L"
Sopa de Caldo Verde,Brilha ali,Vendido ao peso,"1,69 €","2,11 €/Kg"
Fígado,Porco,Vendido ao peso a partir de 1 kg,"0,55 €","5,49 €/Kg"
Refresco pó laranja e morango,PorSi,Embalagem de 40g,"0,75 €","18,75 €/Kg"
"Pasta de arquivo, lombada estreita, verde",Domédia,1 unidade,"2,99 €","2,99 €/Unidade"
"Bollitos, 8 unidades",Pasquier,Embalagem de 320 g,"2,05 €","5,13 €/Kg"
Caderno Agrafado Capa Preta |A5 Liso,Domédia,1 unidade,"0,99 €","0,99 €/Unidade"
Livro do Bambi,Europrice,1 unidade,"7,50 €/Unidade","7,50 €/Unidade"
Iogurte líquido infantil morango e banana,PorSi,Pack 6 x 100 g,"1,05 €","1,86 €/L"
Sopa de agriao,PorSi,Embalagem de 400g,"1,69 €","2,11 €/Kg"
Crepes de legumes,PorSi,Embalagem de 310g,"1,64 €","6,56 €/Kg"
"Vinagre virgem branco, spray",Paladin,Garrafa de 250 ml,"0,35 €","0,70 €/L"
Soja fina,PorSi Viva Bem,Embalagem de 400 g,"2,09 €","8,36 €/Kg"
Whisky Gold,Cardhu,0.70 l,"30,99 €","44,27 €/L"
Gel de Banho Silk,Dove,Embalagem de 750 ml,"6,49 €","8,65 €/L"
12 Preservativos Adapta Touch & Feel,Control,,"4,49 €","4,49 €/Unidade"
Mini meia mousse muskade 20D t. único,PorSi,Tamanho: m,"1,99 €","1,99 €/Unidade"
Vinho Tinto São Martinho,Paciencia,Box 5L,"5,19 €","1,04 €/L"
Manteiga sem sal terra nostra,Terra Nostra,Embalagem de 250g,"1,69 €","6,76 €/Kg"
Paté Fígado Porco c/ Cogumelos,PorSi,75 g,"1,05 €","6,99 €/Kg"
Sensitive Máquinas De Depilação Descartáveis,Venus,4 Unidades,"5,49 €","5,49 €/Unidade"
"Pilha alcalina, hightech lr03x4",Domédia,1 unidade,"1,99 €","1,99 €/Unidade"
2 crocantes frango recheio queijo&fiambre 204g,Iglo,Embalagem de 200g,"4,99 €","24,95 €/Kg"
Polpa tomate biológico,Guloso,Embalagem de 500g,"3,69 €","23,06 €/Kg"
Senses Watermelon,Trident,1 un.,"0,22 €","14,67 €/Kg"
Gelatina de morango,PorSi,Embalagem de 170g,"61,11 €/Kg","61,11 €/Kg"
Ambientador Difusão Automático Essential Mist Lavand...,Air Wick,1 un.,"3,49 €/Unidade","3,49 €/Unidade"
Toalhitas bebé natural care,Huggies,3 x 56 unidades,"1,09 €/Unidade","1,09 €/Unidade"
Manteiga amendoim crocant,PorSi,Embalagem de 340g,"4,19 €","12,32 €/Kg"
Super Cola 3 Mini Trio Power Flex,Loctite,Embalagem de 3x1 g,"2,59 €","86,33 €/Kg"
Bolachas cream cracker,PorSi,Embalagem de 200g,"0,39 €","3,12 €/Kg"
Kit mangueira + acessórios,Itools,"15 metros, c/ Suporte p/ Mangueira","8,99 €","8,99 €/Unidade"
Vinho do Porto Tawny,Velhotes,"garrafa de 0,75 l","15,99 €","21,32 €/L"
18 hamburguers de frango s/ glúten,Capitão Iglo,Embalagem de 1 kg,"2,89 €","6,42 €/Kg"
Champanhe Monopole Blue Brut,Heidsieck,"Garrafa de 0,75L","34,99 €","46,65 €/L"
Assento Auto,Bebéconfort,unidade,"42,99 €","42,99 €/Unidade"
Mariscada,PorSi,Embalagem de 800g,"1,59 €","6,36 €/Kg"
Snack gato sticks carne 6x5g porsi,PorSi,Embalagem de 30g,"0,99 €","16,50 €/Kg"
Pensos Higiénicos Cottonlike Super Com Abas,Evax,12 unidades,"4,89 €","4,89 €/Unidade"
Cerveja sem álcool,Cheers,Pack 6 x 0.33 l,"5,99 €","3,03 €/L"
Nutella b-ready t.2,Nutella,Embalagem de 50g,"2,29 €","17,62 €/Kg"
Tortitas de arroz c/ iogurte,Bicentury,Embalagem de 130g,"1,45 €","11,15 €/Kg"
Aveia instantânea em pó,Prozis,"Embalagem de 1,25 kg","4,99 €","16,63 €/Kg"
"Salsichas em frasco bockwurst, 5 un",Izidoro,Embalagem de 250g,"0,75 €","3,75 €/Kg"
Doce arando e mirtilo,ST.DALFOUR,Frasco de 284g,"2,19 €","9,95 €/Kg"
Mortadela mini,PorSi,Embalagem de 350g,"1,05 €","6,99 €/Kg"
Tostas suecas integrais,Bimbo,embalagem de 234 g,"2,39 €","6,83 €/Kg"
Granola,Salutem,Embalagem de 500g,"2,29 €","11,45 €/Kg"
Café Solúvel Espresso Intenso,Nescafe,Embalagem de 100g,"14,50 €/Kg","14,50 €/Kg"
"Qeijo flamengo bola, metade",Valformoso,Embalagem de 700G,"1,49 €","7,45 €/Kg"
Queijo limiano amanteigado vaca e ovelha sem casca m...,Limiano,Embalagem de 450g,"25,45 €/Kg","25,45 €/Kg"
Vinagre balsâmico branco,Gallo,Garrafa de 250 ml,"0,35 €","0,70 €/L"
Molho bechamel,PorSi,Embalagem de 200g,"0,70 €","2,33 €/Kg"
Lixívia Denso-Activa Tradicional p/ Casa e Roupa,Neoblanc,Embalagem de 2 l,"1,74 €","0,35 €/L"
Farinheira das beiras,PorSi,Embalagem de 260G,"1,49 €","7,45 €/Kg"
Maçã Pink Lady 75/80,Fruta do Dia,1 un = 180 gr (aprox.),"0,34 €","2,29 €/Kg"
Queijo brie 60% mg,Páturages,Embalagem de 200 g,"2,39 €","11,95 €/Kg"
Preparado de bolo de iogurte,PorSi,500 g,"1,39 €","6,95 €/L"
Tablete de chocolate caramel peanut,Milka,Embalagem de 280g,"10,52 €/Kg","10,52 €/Kg"
Renovador de Camurça em Spray Castanho,Búfalo,Embalagem de 250 ml,"6,19 €","24,76 €/L"
Collant licra 15d preto xl,PorSi,Embalagem de 1 unidades,"1,99 €","1,99 €/Unidade"
Néctar light de manga/laranja prism,PorSi,Embalagem de 1 l,"0,79 €","2,39 €/L"
"Fermento em pó, lata",Royal,Embalagem de 110g,"1,49 €","18,17 €/Kg"
Papa infantil não láctea multicereais +6 meses,Cerelac,Embalagem de 250g,"4,49 €","4,49 €/Kg"
Morcela de Trás os Montes,PorSi,"Vendido ao peso, 1 un = 200 gr (aprox.)","1,49 €","7,45 €/Kg"
Folhado de salsichas,Pastelaria do Dia,1 unidade = 110 g,"0,65 €","0,65 €/Unidade"
"Jogo ""Duelo de Gerações""",Clementoni,1 unidade,"9,99 €/Unidade","9,99 €/Unidade"
Bolo brigadeiro,Condi,Embalagem de 630g,"1,39 €","6,95 €/L"
Tablete de chocolate culinário branco,PorSi,Embalagem de 180 g,"1,04 €","8,32 €/Kg"
Café moído torrado aroma originale,Belissimo,Embalagem de 200g,"9,16 €/Kg","9,16 €/Kg"
Lion barra cereais  25g,Nestle,Embalagem de 150g,"1,29 €","10,24 €/Kg"
Lima-limao zero,PorSi,Garrafa de 1.5 l,"0,40 €/L","0,40 €/L"
Kit mopa + 20 recargas,PorSi,Embalagem de 1 unidades,"2,20 €","2,20 €/Unidade"
Caramelos de leite,Penha,Embalagem de 250g,"2,75 €","11,00 €/Kg"
Néctar ananás,PorSi,Pack 3 x 200 ml,"0,99 €","0,99 €/L"
Café solúvel clássico,Nescafe,Embalagem de 200g,"14,50 €/Kg","14,50 €/Kg"
Bolinhos de Amendoim,Fabridoce,Embalagem de 200g,"0,69 €","3,45 €/Kg"
Queijo de ovelha curado amanteigado,PorSi Select,250 g,"25,45 €/Kg","25,45 €/Kg"
Vinho branco bag-in-box,Capataz,Embalagem de 5 l,"5,19 €","1,04 €/L"
Café em cápsulas aqtivus,Delta Q,Embalagem de 55 g,"54,36 €/Kg","54,36 €/Kg"
Amaciador  p/ roupa concentrado Aromaterapia,PorSi,Embalagem com 60 doses,"3,99 €","3,99 €/Unidade"
Queijo fresco sem lactose,Matinal,Embalagem de 216g,"1,09 €","5,45 €/Kg"
Arroz carolino,PorSi,Embalagem de 1 kg,"0,99 €","0,99 €/Kg"
Reb. mentol s/acucar 115g,Villa,Embalagem de 120g,"2,30 €","57,50 €/Kg"
"Canas de creme, 4 unidades",Dulcesol,Embalagem de 250g,"2,05 €","5,13 €/Kg"
Queijo grana padano ralado,Galbani,Embalagem de 60 g,"7,45 €/Kg","7,45 €/Kg"
Brandy,Croft,Garrafa de 700 ml,"11,49 €","16,41 €/L"
Sumo s/ gás manga/cenoura,Santal,"Garrafa de 1,5 l","0,99 €","0,66 €/L"
Pastilhas frutos silvestres,Trident,Embalagem de 58 g,"0,22 €","14,67 €/Kg"
Bolachas com recheio baunilha,PorSi,Embalagem de 500g,"2,15 €","2,87 €/Kg"
Açúcar mascavado claro,Rar,Embalagem de 500 g,"1,49 €","1,49 €/Kg"
Alimento húmido cão gelatina júnior,Pedigree,Embalagem de 400g,"2,30 €/Kg","2,30 €/Kg"
"Limpa vidros, azul",PorSi,Embalagem de 5 l,"3,99 €","0,80 €/L"
Leite de crescimento 4 de 1 a 3 anos,NAN,Embalagem de 800g,"20,99 €","26,24 €/Kg"
Cabeça de Aipo,Legumes do Dia,1 un = 500 g (aprox.),"0,70 €","2,79 €/Kg"
Lava tudo amigo dos animais,Xanpa,Embalagem de 1 l,"2,59 €","1,30 €/L"
"Salsichas aves, frasco com 5 unidad",Izidoro,Embalagem de 250g,"0,75 €","3,75 €/Kg"
Iogurte Pedaços Ananás 0% Matéria Gorda/Açúcares,Danone,4 x 120 g,"4,36 €","2,18 €/Kg"
Saqueta de puré de fruta | maçã + pera,PorSi,90 g,"0,74 €","8,22 €/Kg"
Dino Collection 5 em 1,Clementoni,1 un.,"9,99 €/Unidade","9,99 €/Unidade"
Laboratório Mecânica Mars Rover,Clementoni,1 unidade,"9,99 €/Unidade","9,99 €/Unidade"
Sangria branca,Casal Garcia,Garrafa de 750 ml,"1,99 €","1,33 €/L"
Pargo Mulato,Peixe do Dia,1un = 800 gr (aprox.),"5,99 €/Kg","5,99 €/Kg"
Salsicha Fresca de Aves,Aves,1 un = 100 gr (aprox.),"0,30 €","5,99 €/Kg"
Alimentação Bebé Maçã/Banana/Cenoura,Nestle,Embalagem de 4 x 100 g,"1,89 €","9,95 €/Kg"
Mirtilos 100% Naturais,PorSi,Embalagem de 250 g,"2,99 €","3,99 €/Kg"
Paio do lombo fatiado,Nobre,Embalagem de 100g,"2,49 €","12,45 €/Kg"
Suiço Longo c/ Pepitas de Chocolate,PorSi,1 un. = 100 g,"0,69 €","0,69 €/Unidade"
Comida húmida cão -10kg controlo peso peru/cenoura |...,Purina One,4x100 g,"2,30 €/Kg","2,30 €/Kg"
Arroz de pato,PorSi,Embalagem de 250 g,"2,99 €","11,96 €/Kg"
Iogurtes aroma 4 de morango + 4 de banana,PorSi,Embalagem de 8x125g,"1,87 €","1,25 €/Kg"
Luvas Multi Latex M/L,Vileda,10 unidade,"3,99 €","3,99 €/Unidade"
Casal garcia sweet 750ml/1,Casal Garcia,Garrafa de 750 ml,"3,09 €","3,09 €/L"
Tábua de engomar,PorSi,Dim.: 110 x 32 cm,"16,50 €","16,50 €/Unidade"
Detergente líquido p/ máquina lavar roupa cores,Woolite,"Garrafa de 1,65 l","8,49 €","1,80 €/Kg"
Puré de maçã natural,Cemporcent,Embalagem de 350g,"5,99 €","19,97 €/Kg"
Yoco squeezy sabor morango/banana,Nestle,Embalagem de 4 x 80 g,"1,87 €","1,25 €/Kg"
Lápis de cor 18 cm,Domédia,embalagem com 18 unidades,"3,09 €","3,09 €/Unidade"
Sobremesa danette baunilha,Danone,Embalagem de 4 x 125 g,"1,19 €","2,59 €/Kg"
Eclair de Chocolate 75 g,Pastelaria do Dia,,"0,69 €","0,69 €/Unidade"
Lata de Brilho Incolor,Búfalo,Embalagem de 75 ml,"0,99 €","19,80 €/L"
Livro Pop-Ups - Animais,Europrice,1 unidade,"7,50 €/Unidade","7,50 €/Unidade"
Penso Higiénico Ultrafinos Normal Abas,PorSi,16 unidades,"4,89 €","4,89 €/Unidade"
Água mineral sem gás,Vimeiro,Pack 6 x 0.5 l,"1,04 €","0,17 €/L"
Papa infantil não láctea 8 cereais e mel +6 meses,Cerelac,Embalagem de 250g,"4,49 €","4,49 €/Kg"
Cereais estrelitas,Nestle,Embalagem de 550g,"5,07 €/Kg","5,07 €/Kg"
"Palmilha de cortiça com látex, tamanho 36/37",Sonaf,1 unidade,"5,49 €","36,60 €/L"
Camarão 40/60,Congelado de Aquicultura,1 un = 250 gr  (aprox.),"2,00 €","7,99 €/Kg"
Nestum flocos de cereais integrais,Nestum,Embalagem de 250g,"2,19 €","8,76 €/Kg"
"Salsichas bockwurst em frasco, 8 unidades",Izidoro,Embalagem de 400g,"0,75 €","3,75 €/Kg"
Néctar de pêssego,PorSi,Pack 3 x 200 ml,"0,99 €","0,99 €/L"
Sobremesa gelatina de ananás,PorSi,Embalagem 4X100G,"0,85 €","2,13 €/Kg"
Coca-cola zero sem cafeína,Coca-Cola,"Garrafa de 1,75 l","0,40 €/L","0,40 €/L"
Barras de cereais com chocolate preto,PorSi,6 x 23 g,"1,29 €","10,24 €/Kg"
Queijo mozzarella ralado,PorSi,Embalagem de 200 g,"7,45 €/Kg","7,45 €/Kg"
Tinta Plástica Branca,Marilina,Embalagem de 15 l,"13,99 €","0,93 €/L"
Dinos cookienss 185g                 *10,Artiach,Embalagem de 190g,"1,89 €","15,75 €/Kg"
Actimel morango-banana,Danone,Embalagem de 6 x 100 g,"4,15 €/Kg","4,15 €/Kg"
Cadbury Milk Fingers,Cadbury,Embalagem de 114G,"2,39 €","47,80 €/Kg"
Legumes verdes para sopa,PorSi,Embalagem de 1 kg,"1,89 €","1,89 €/Kg"
Cocktail melão,Bar Royal,Garrafa de 750 ml,"11,49 €","11,49 €/L"
Paté Fígado Porco c/ Vinho do Porto,PorSi,75 g,"1,05 €","6,99 €/Kg"
Boneco Luccas com Som,Concentra,1 unidade,"11,99 €/Unidade","11,99 €/Unidade"
Mousse de chocolate preto,Páturages,Embalagem de 4x60 g,"1,19 €","2,59 €/Kg"
Pano Microfibras Colors,Vileda,4 unidades,"1,69 €","1,69 €/Unidade"
Inseticida rastejantes com aplicador,Baygon,Embalagem de 400 ml,"4,39 €","7,32 €/L"
Chocolate culinário 70% cacau,Pantagruel,Embalagem de 200g,"1,04 €","8,32 €/Kg"
Doce extra castanha,Bonnemaman,Embalagem de 370g,"2,19 €","9,95 €/Kg"
20 saquetas chá de limão,Lipton,Embalagem de 40g,"44,50 €/Kg","44,50 €/Kg"
Gel de Duche Creme Care,Nivea,Embalagem de 750 ml,"3,19 €","12,76 €/L"
Leitão assado aberto,*,fechado 6 a 8.5 kg,"101,94 €","16,99 €/Kg"
Marcadores para colorir,Domédia,embalagem com 18 unidades,"4,69 €","4,69 €/Unidade"
Snack para gato original,Felix,Embalagem de 60g,"0,99 €","16,50 €/Kg"
Queijo bola fatias,Paiva,Embalagem de 180g,"1,49 €","7,45 €/Kg"
Na-esparguete bio 500g 10kg,Nacional,Embalagem de 500g,"1,89 €","3,78 €/Kg"
Galettes Cenoura e Abóbora,Bonduelle,Embalagem de 300g,"5,39 €","6,74 €/Kg"
Bochechas,Porco,1 un = 150 gr (aprox.),"3,99 €","3,99 €/Kg"
Pasta de dentes max white expert white,Colgate,Embalagem de 75 ml,"2,29 €","30,53 €/L"
Receita caseira de bolonhesa,Nobre,Embalagem de 420g,"2,35 €","5,60 €/Kg"
Toucinho do céu,PorSi,Embalagem de 2x100 g,"0,39 €","1,95 €/Kg"
Filetes de cavala em azeite virgem extra,Bom Petisco,Embalagem de 120g,"7,08 €/Kg","7,08 €/Kg"
Comida húmida para gato seleção de aves,Gourmet mp,Embalagem de 300g,"3,49 €","10,26 €/Kg"
Farinha de trigo sem fermento t55,PorSi,Embalagem de 5 kg,"1,99 €","1,99 €/Kg"
Queijo fresco ligth,PorSi,Embalagem de 4 x 62.5 g,"2,39 €","19,92 €/Kg"
Luvas Descartáveis Colors 50 P/M,Vileda,,"3,99 €","3,99 €/Unidade"
Queijo fatias -50% gordura,Terra Nostra,Embalagem de 400g,"2,39 €","19,92 €/Kg"
Snack Delight XS,8in1,embalagem de 84g,"0,85 €","4,72 €/Kg"
Bebida láctea crescimento c/ bolacha maria,Nestle,Embalagem de 1 litro,"0,26 €","1,30 €/L"
Salsa Molho Programa Origens,PorSi,Embalagem de 50g,"0,89 €","17,80 €/Kg"
Polvo limpo,PorSi,Embalagem de 1 kg,"5,49 €","6,86 €/Kg"
Vela em número nº4,PorSi,1 unidade,"0,95 €","0,95 €/Unidade"
Açúcar areado amarelo,Rar,Embalagem de 1kg,"1,49 €","1,49 €/Kg"
Creme p/ Calçado Azul,Búfalo,Embalagem de 40 ml,"0,99 €","19,80 €/L"
Pataniscas de bacalhau,*,60 g,"1,64 €","6,56 €/Kg"
"Bolachas chiquilin, com 2 chocolates",Artiach,Embalagem de 150g,"2,15 €","2,87 €/Kg"
Rebuçados peitorais,PorSi,Embalagem de 200g,"0,77 €","3,85 €/Kg"
Aroma baunilha fr.plast.200ml,Vahine,Garrafa de 200 ml,"1,49 €","18,17 €/Kg"
Perfume de Mulher Peonia Imperial,VICTORIO & LUCCHINO,150 ml,"11,99 €","79,93 €/L"
Lâmpada LED Cápsula 2.8W G9 220-240V,Domédia,1 un.,"3,89 €","3,89 €/Unidade"
Vinho rosé,Gatão,Garrafa de 0.75 l,"4,29 €","5,72 €/L"
Flocos de aveia sem glúten,Salutem,Embalagem de 250g,"2,99 €","7,97 €/Kg"
20 saquetas chá detox,Lipton,Embalagem de 30g,"58,44 €/Kg","58,44 €/Kg"
Paelha de vegetais,Trevijano,Embalagem de 280g,"2,84 €","258,18 €/Kg"
Batata pré-frita palito,PorSi,Embalagem de 1 kg,"1,39 €","1,39 €/Kg"
Porto special reserva,Q.harris,Garrafa de 750 ml,"10,99 €","14,65 €/L"
Iogurte eleva com fermentos naturais framboesa e amê...,Mimosa,Embalagem de 4 x 115 g,"5,97 €/Kg","5,97 €/Kg"
Perfume Love p/ Senhora,Rebel,100 ml,"11,99 €","79,93 €/L"
Leite Hidratante Delicadeza de Aveia,Ultra Suave,Embalagem de 400 ml,"12,48 €/L","12,48 €/L"
Lixívia com detergente,PorSi,Embalagem de 2 l,"2,59 €","1,30 €/L"
Livro Quero Conhecer Cores,Europrice,1 unidade,"7,50 €/Unidade","7,50 €/Unidade"
Amendoim com piri-piri,Frutos secos,1 un = 100 gr (aprox.),"0,95 €","3,78 €/Kg"
Assento topo,Nania,1 unidade,"42,99 €","42,99 €/Unidade"
Iogurte liquido natural açucarado,PorSi,Embalagem de 1 kg,"0,99 €","1,98 €/Kg"
Alimento seco p/ cão croquetes vaca,Pedigree,Embalagem de 3 kg,"1,15 €/Kg","1,15 €/Kg"
Leite uht meio gordo,Serraleite,Embalagem de 1 l,"0,81 €","0,81 €/L"
Manteiga com sal,Gresso,Embalagem de 250g,"1,69 €","6,76 €/Kg"
Recarga p/ Esfregona |Suave,Vileda,,"0,89 €","0,89 €/Unidade"
Super articulações,PLANTANATU,Embalagem de 1 unidades,"7,59 €","126,50 €/Kg"
Bolitas milho + chocolate sem glúten,Salutem,Embalagem de 250g,"2,99 €","7,97 €/Kg"
Vinho rosé frisante,Cacho Fresco,Garrafa de 0.75 l,"2,29 €","3,05 €/L"
Palito la reine,PorSi,Embalagem de 400 g,"0,69 €","3,45 €/Kg"
Copos de Shot,Aj simoes,12 copos,"0,89 €","0,89 €/Unidade"
Bloco Sanitário Ativo Lavanda,Sonasol,Embalagem de 50 g,"2,99 €","74,75 €/Kg"
Gelatina light de morango,Condi,Embalagem de 2x15g,"61,11 €/Kg","61,11 €/Kg"
Wafers chocolate cubos,Vieira,Embalagem de 130g,"0,98 €","4,67 €/Kg"
Vinho Vinha da Fonte Setúbal branco,Casa Ermelinda Freitas,Garrafa de 0.75 l,"8,59 €","11,45 €/L"
Tapa Fugas Radiador,Stp,Embalagem de 300 ml,"13,99 €","13,99 €/L"
3 Pipetas de Repelente p/ Gato,Repul'7,1 unidade,"19,99 €","19,99 €/Unidade"
Espreguiçadeira malibu antracite,Joluce,190 x 66 x 42 cm,"2,99 €","2,99 €/Unidade"
Cerveja c/ álcool radler,Sagres,pack 6 x 0.33 l,"1,99 €/L","1,99 €/L"
Manteiga c/sal,Terra Nostra,Embalagem de 250g,"1,69 €","6,76 €/Kg"
Luvas Comfort Extra Médias / Grandes,Vileda,1 unidade,"3,99 €","3,99 €/Unidade"
"Pasta de limpeza com oxigénio activo, 48 unidades",Polident,Uma embalagem,"9,79 €","122,38 €/Kg"
Óleo spray protective dry f20,Hawaiian Tropic,Embalagem de 200 ml,"16,99 €","84,95 €/L"
Vinagre de vinho tinto,Cristal,Garrafa de 500 ml,"0,35 €","0,70 €/L"
Couve Coração Programa Origens,PorSi,1 un = 1 kg (aprox.),"1,99 €","1,99 €/Kg"
Batata frita rodelas,PorSi,Embalagem de 2x70g,"1,06 €","5,73 €/Kg"
Leite condensado cozido,PorSi,Embalagem de 397 g,"1,09 €","2,75 €/Kg"
Sopa da pedra,PorSi,Embalagem de 420 g,"2,35 €","5,60 €/Kg"
Camisola segunda pele 40D branco t. único,PorSi,1 unidade,"4,99 €","4,99 €/Unidade"
Creme vegetal para culinária,PorSi,Embalagem de 1 kg,"2,39 €","2,39 €/Kg"
Filetes primavera limão,Iglo,Embalagem de 230g,"1,64 €","6,56 €/Kg"
"Azeitona Maçanilha retalhada com azeite, alho e orég...",PorSi,Vendido ao peso a partir de 500 g,"1,00 €","3,99 €/Kg"
Espetadas,Porco,1 un = 150 gr (aprox.),"3,99 €","3,99 €/Kg"
Café torrado 5 estrelas moagem normal,Sical,Embalagem de 250g,"9,16 €/Kg","9,16 €/Kg"
Pensos clássicos,PorSi,100 unidades,"2,86 €","2,86 €/Unidade"
Folha de alumínio,Vileda,50 metros,"1,11 €","1,11 €/Unidade"
Areia para gatos biodegradável vegetal,PorSi,Embalagem de 8 litros,"1,19 €","0,24 €/Kg"
Lixívia Roupa delicada,PorSi,Embalagem de 2 l,"2,19 €","1,10 €/L"
Adoçante c/ doseador,Canderel,Embalagem de 10g,"5,49 €","21,96 €/Kg"
Fermento padeiro 44g condi,Condi,Embalagem de 40g,"1,49 €","18,17 €/Kg"
Leite creme,Royal,Embalagem de 90g,"0,79 €","5,27 €/Kg"
Vinho Tinto Regional Península de Setúbal,Selecção de Enófilos,750 ml,"8,59 €","11,45 €/L"
Espumante Super Reserva Meio Seco,Raposeira,Garrafa de 0.75 l,"6,99 €","9,32 €/L"
"Refeição pronta, boião de frango e arroz",Bledina,Embalagem de 200g,"1,89 €","9,95 €/Kg"
Cogumelos Granel,Legumes do Dia,1 un = 200 gr (aprox.),"1,79 €","5,97 €/Kg"
Leite e cereais bolacha maria +6 meses,Cerelac,Garrafa de 400 ml,"4,49 €","4,49 €/Kg"
Telefone educativo,Panda,1 unidade,"11,99 €/Unidade","11,99 €/Unidade"
Café solúvel intenso,Delta,Embalagem de 100g,"14,50 €/Kg","14,50 €/Kg"
Bolacha waffer bites avelã,Waferland,Embalagem de 125g,"0,98 €","4,67 €/Kg"
Bolachas multicereais,PorSi,Embalagem de 400 g,"5,47 €/Kg","5,47 €/Kg"
Gelatina light de frutos vermelhos,Condi,Embalagem de 2x15g,"61,11 €/Kg","61,11 €/Kg"
"Queijo flamengo, fatias",Paiva,Embalagem de 180 g,"1,49 €","7,45 €/Kg"
Snack para gato mixed grill,Felix,Embalagem de 60 g,"0,99 €","16,50 €/Kg"
"Pera em metades, lata",PorSi,Embalagem de 420 g,"1,99 €","2,37 €/Kg"
Geleira vintage,Polisur,12 litros,"10,99 €","10,99 €/Unidade"
Smint tin eucalipto,Smint,Embalagem de 35 g,"2,30 €","57,50 €/Kg"
Mousse crocante baunilha,A leiteira,Embalagem 4 x 57 g,"1,19 €","2,59 €/Kg"
Bolacha digestiva de aveia/chocolate,Gullon,Embalagem de 430g,"1,14 €","3,80 €/Kg"
Mistura solúvel mokambo,Nestle,Embalagem de 200g,"0,99 €","3,96 €/Kg"
Licor de coco,On Off,"Garrafa de 0,70 l","16,99 €","24,27 €/L"
Queijo curado fatias sem lactose 2x150g,Casteloes,Embalagem de 2x150g,"1,49 €","7,45 €/Kg"
Aperitivo de amendoins tostados forno,Matutano,Embalagem de 120g,"0,79 €","7,90 €/Kg"
Ambientador aerossol 5 em 1 flor laranjeira,PorSi,300 ml,"0,99 €","3,30 €/L"
Sopa de cebola económica,Knorr,Embalagem de 50g,"0,84 €","13,55 €/Kg"
Queijo Mozzarella Light,Galbani,125 g,"2,39 €","19,92 €/Kg"
Manteiga fácil de barrar,President,Embalagem de 250g,"1,69 €","6,76 €/Kg"
Nectarina,Programa Origens,Vendido ao peso,"0,36 €","2,39 €/Kg"
Refrigerante c/ gás laranja,Sumol,Garrafa de 500 ml,"0,40 €/L","0,40 €/L"
"Fraldas Dry Fit, 4-9kg - Tamanho 3",Chicco,Embalagem de 42 unidades,"5,89 €","5,89 €/Unidade"
Pipocas doces,Orcape,Embalagem de 100g,"0,79 €","7,90 €/Kg"
Mortadela fatiada com azeitonas,PorSi,Embalagem de 200 g,"1,05 €","6,99 €/Kg"
"Pensos, 20 unidades",Hansaplast,1 embalagem,"2,86 €","2,86 €/Unidade"
Eau de Toilette p/Homem Nº16,Caravan,1 Frasco 150ml,"11,99 €","79,93 €/L"
Lambrusco tinto,Sorbello,Garrafa de 0.75 l,"2,29 €","3,05 €/L"
Vassoura Simples Pluma,PorSi,unidade,"2,20 €","2,20 €/Unidade"
Detergente máquina loiça tudo em 1 limão,Sun,70 pastilhas,"2,99 €","2,99 €/Unidade"
Abacate,Fruta do Dia,1 un. = 300 g (aprox.),"1,05 €","3,49 €/Kg"
Farelo de aveia,Salutem,Embalagem de 200g,"2,29 €","11,45 €/Kg"
Amaciador G. Maravilhosa,Ultra Suave,Embalagem de 400 ml,"1,06 €","5,30 €/L"
Eau de Toilette p/Senhora Nº31,Caravan,1 Frasco 150ml,"11,99 €","79,93 €/L"
Macarronete integral,Cemporcent,Embalagem de 250g,"1,19 €","2,38 €/Kg"
Bolacha maria oro +33% grátis,Cuetara,Embalagem de 800g,"2,11 €/Kg","2,11 €/Kg"
Sardinha Pequena,Peixe do Dia,1 un = 100 gr (aprox.),"5,99 €/Kg","5,99 €/Kg"
Cenoura baby,PorSi,Embalagem de 400 g,"1,89 €","1,89 €/Kg"
Bolachas cream cracker,PorSi,Embalagem de 600g,"0,39 €","3,12 €/Kg"
Spray renova camurça preta,PorSi,Embalagem de 200 ml,"6,19 €","24,76 €/L"
Xarope de groselha,Xarão,Garrafa de 1 l,"4,79 €","6,47 €/L"
Nan 1 optipro leite inf.optipro desde nascim.800g,NAN,Embalagem de 800g,"20,99 €","26,24 €/Kg"
"Vinho rosé, região península de setúbal, bag in box",Dom Campos,Garrafa de 5 l,"9,49 €","1,90 €/L"
"Queijo light, mini",Babybel,Embalagem de 120g,"2,39 €","19,92 €/Kg"
Gomas tijolos ácidos,PorSi,Embalagem de 300 g,"1,19 €","3,97 €/Kg"
Pizza casa di mama 4 queijos,Dr. Oetker,Embalagem de 410g,"1,96 €","5,60 €/Kg"
Ameijoa Branca,Nossa seleção,1 un = 250 gr  (aprox.),"1,75 €","6,99 €/Kg"
Halls vita c morango sem açúcar,Halls,Embalagem de 32 g,"0,77 €","3,85 €/Kg"
Bolacha água e sal com azeite e azeitona doses,Vieira,Embalagem de 190g,"0,39 €","3,12 €/Kg"
Ambientador arbre magique côco,Arbre Magique,1 unidade,"1,99 €","1,99 €/Unidade"
Baby Smartphone,Clementoni,1 un.,"11,99 €/Unidade","11,99 €/Unidade"
Refrigerante com gás guaraná,Antartica,"Garrafa de 1,5 l","0,40 €/L","0,40 €/L"
"Forma de papel para bolos, 9 cm, 60 unidades",PorSi,Uma embalagem,"0,54 €","0,54 €/Unidade"
"Queijo prato, metades",Alavao,Embalagem de 500g,"2,42 €","9,69 €/Kg"
Guardanapos com riscas rosa | Dim.: 33 x 33 cm,PorSi,Embalagem com 20 unidades,"1,28 €","1,28 €/Unidade"
Grão de bico,Legumes secos,1 un = 100 gr. (aprox.),"0,30 €","2,99 €/Kg"
Pano limpa pó de flanela,PorSi,1 unidade,"1,69 €","1,69 €/Unidade"
Mix de frutas para smothie,PorSi,Embalagem de 450 g,"2,99 €","3,99 €/Kg"
Whisky,F.grouse,Garrafa de 1 litro,"11,49 €","16,41 €/L"
"Semi-Frio de Morango, 700g",Nossa seleção,,"8,99 €","11,24 €/Kg"
Pão caseiro sem glúten,Schar,Embalagem de 240g,"2,99 €","7,97 €/Kg"
Microfone,Baby Shark,1 unidade,"11,99 €/Unidade","11,99 €/Unidade"
Bacalhau com natas,PorSi,Embalagem de 380g,"1,64 €","6,56 €/Kg"
Bebida de soja comcálcio,Frias,Garrafa de 1 l,"2,19 €","2,19 €/L"
Ambientador para a máquina da loiça de lima e limão,Finish,embalagem com 2 un.,"14,30 €/L","14,30 €/L"
X-ato mini,Maped,9 mm,"1,29 €","1,29 €/Unidade"
Bolachas choco mini estrelas,Milka,Embalagem de 190g,"2,15 €","2,87 €/Kg"
Espanador XXL + 2 unidades jack junior,Swiffer,1 unidade,"1,69 €","1,69 €/Unidade"
Cereja,Fruta da Época,Vendido ao peso,"2,19 €","17,52 €/Kg"
Feijão vermelho,Legumes secos,1 un = 100 gr. (aprox.),"0,30 €","2,99 €/Kg"
Inseticida elétrico,Raid,2 Aparelhos + 2 Recargas de 27 ml | 45 Noites + 45 Noites,"6,89 €","6,89 €/Unidade"
Pudim de baunilha,PorSi,Embalagem de 90g,"0,59 €","29,50 €/Kg"
Queijo Picante Beira Baixa DOP,Casa Almeida,Vendido a partir de 250 gr (aprox.),"2,87 €","15,94 €/Kg"
Canjinha de Frango do Campo Lusitano,PorSi Select,Embalagem de 750 g (aprox.),"0,55 €","5,49 €/Kg"
Nutripuffs de banana 8 meses s/ açúcar,Cerelac,Embalagem de 7g,"0,74 €","8,22 €/Kg"
Champanhe,Moet & chandon,"Garrafa de 0,75 l","34,99 €","46,65 €/L"
Bolachas tosta rica,Cuetara,Embalagem de 570g,"1,89 €","15,75 €/Kg"
Hummus tomate e orégãos vegan,Cemporcent,Embalagem de 140g,"4,99 €","16,63 €/Kg"
Lentilhas verdes,PorSi Viva Bem,Embalagem de 500 g,"1,19 €","2,38 €/Kg"
"Infusão de romã/framboesa, 20 saquetas",Tetley,Embalagem de 40g,"0,79 €","60,77 €/Kg"
Bolachas Rosquilhas,Cuetara,Embalagem de 300g,"1,69 €","6,76 €/Kg"
Moscatel do Douro,Selecção de Enófilos,"Garrafa de 0,75 l","5,99 €","7,99 €/L"
Queijo Flamengo Bola,Limiano,1 un = 250 gr  (aprox.),"1,49 €","7,45 €/Kg"
Bolachas de chocolate leite,Milka,Embalagem de 150g,"4,60 €/Kg","4,60 €/Kg"
Favas ultracongeladas,PorSi,Embalagem de 400g,"1,89 €","1,89 €/Kg"
Café torrado em grão,PorSi,Embalagem de 1 kg,"9,16 €/Kg","9,16 €/Kg"
Amendoins Torrados,Nuts Original,Embalagem de 130 g,"0,99 €","4,95 €/Kg"
Copos para pic nic 145 ml rosa,PorSi,Embalagem com 4 unidades,"4,49 €","4,49 €/Unidade"
"Luvas multiusos relevo antiderrapante, tamanho médio",PorSi,Embalagem de 1 unidades,"3,99 €","3,99 €/Unidade"
Collant licra 15d preto l,PorSi,Embalagem de 1 unidades,"1,99 €","1,99 €/Unidade"
Creme p/ barrar de chocolate e avelã,Milka,Embalagem de 600g,"4,19 €","12,32 €/Kg"
Aperitivos de amendoim com sal e mel,Matutano,Embalagem de 150g,"0,99 €","4,95 €/Kg"
Queijo Curado Barrado,Quinta do Convento,"vendido ao peso, a partir de 250 g","25,45 €/Kg","25,45 €/Kg"
Ração para cão mini adulto nutri soft com frango,Friskies,"Embalagem de 1,4 kg","1,15 €/Kg","1,15 €/Kg"
Creme abrasivo ativo c/ lixívia,Cif,Garrafa de 700 ml,"0,99 €","0,99 €/L"
Elimina odores spray,Splendor,150 ml,"5,29 €","35,27 €/L"
"Cereais aveia, cacau e maçã",Nesquik,Embalagem de 315 g,"2,19 €","8,76 €/Kg"
Espargos Verde,Legumes do Dia,1 un = 250 g  (aprox.),"0,70 €","2,79 €/Kg"
"Alimento húmido para gato júnior, carne",Whiskas,Embalagem de 400g,"3,49 €","10,26 €/Kg"
Coca-cola zero,Coca-Cola,pack 2 x 1.75 l,"0,40 €/L","0,40 €/L"
Cem porcento-lentilhas vermelhas,Cemporcent,Embalagem de 500g,"1,19 €","2,38 €/Kg"
Vinho do porto tawny,Cruz,"Garrafa de 0,75 l","15,99 €","21,32 €/L"
Spray limpeza casa de banho,PorSi,750 ml,"1,79 €","2,39 €/L"
Ice tea de limão,PorSi,"Embalagem de 6x0,20 l","0,99 €","0,66 €/L"
Cone morango/baunilha,PorSi,Embalagem de 6 x 120 ml,"5,99 €","16,64 €/L"
Pao ralado classico 200g,ESPIGA,Embalagem de 200g,"0,55 €","2,29 €/Kg"
Amaciador rosa e rosmaninho,Surf,90 doses,"8,99 €","2,25 €/L"
"Cerveja com álcool, lata",Super Bock,Garrafa de 330 ml,"1,99 €/L","1,99 €/L"
Bacon Extra Nacos,Porminho,200 g,"1,45 €","18,13 €/Kg"
Whiskey bourbon,J.daniels,Garrafa de 700 ml,"30,99 €","44,27 €/L"
Batata doce frita,PorSi,Embalagem de 150g,"1,06 €","5,73 €/Kg"
Queijo em cubos para saladas,PorSi,Embalagem de 150 g,"7,45 €/Kg","7,45 €/Kg"
Leite com chocolate sem lactose,Ucal,Embalagem de 6 x 250 ml,"2,19 €","2,19 €/L"
Vela em número nª2,PorSi,1 unidade,"0,95 €","0,95 €/Unidade"
Mochila,PorSi,Dim.: 40x30x18 cm,"19,90 €","19,90 €/Unidade"
Creme de limpeza com lixívia,PorSi,750 ml,"2,59 €","1,30 €/L"
Pão de trigo,MUSEU PAO,Embalagem de 450g,"0,99 €","1,65 €/Kg"
Alheira tradicional 180g,Prisca,Embalagem de 180g,"1,49 €","7,45 €/Kg"
Total whey chocolate e avelã,GoldNutrition,Embalagem de 260g,"3,99 €","39,90 €/Kg"
Topping chocolate belga,Branca de neve,Embalagem de 390g,"1,27 €","3,18 €/Kg"
Creme autobrilha incolor,Splendor,40 ml,"2,25 €","45,00 €/L"
Pera Moretini,*,Vendido ao peso a partir de 500 g,"0,34 €","2,29 €/Kg"
Cogumelos laminados,PorSi,780 g,"1,79 €","2,29 €/Kg"
Nescafe galao original 18(8x17g) pt ea,Nescafe,Embalagem de 136g,"3,09 €","24,72 €/Kg"
Vinho verde branco alvarinho,Qm,Garrafa de 0.75 l,"3,09 €","3,09 €/L"
"Vinho DOC Bairrada, Branco",Selecção de Enófilos,Garrafa de 0.75 l,"2,92 €/L","2,92 €/L"
Leite magro em pó,Páturages,Embalagem de 300 g,"2,79 €","9,30 €/Kg"
Rebuçado recheio morango,PorSi,Embalagem de 250g,"2,30 €","57,50 €/Kg"
Pudim de leite condensado,Fabridoce,Embalagem de 500 g,"1,39 €","6,95 €/L"
Bebida de amêndoa,Joya,Garrafa de 1 l,"0,99 €","0,99 €/L"
Refrigerante c/ gás,Coca-Cola,pack 6 x 0.33 l,"0,40 €/L","0,40 €/L"
"Frutorra pimenta, lda- ameixa seca sem caroço",Frutorra,Embalagem de 200g,"0,99 €","4,95 €/Kg"
Gel de banho bio kids,Corine de Farme,300 ml,"1,99 €","1,99 €/Unidade"
Chouriço com feijão,Nobre,Embalagem de 420g,"2,35 €","5,60 €/Kg"
Bateria Musical,Panda,1 unidade,"11,99 €/Unidade","11,99 €/Unidade"
"Alimento seco para gato adulto, bio complex, frango ...",HappyOne,Embalagem de 2 kg,"12,99 €","4,33 €/Kg"
"Creme anti-rugas revitalizante fps30, dia",L'oreal,Embalagem de 50 ml,"2,99 €","59,80 €/L"
Bolachas cobertas com chocolate sem glúten,Schar,Embalagem de 150g,"4,60 €/Kg","4,60 €/Kg"
Café moagem universal angola,Delta,Embalagem de 220g,"9,76 €/Kg","9,76 €/Kg"
Topping chocolate branco,Branca de neve,Embalagem de 360g,"1,27 €","3,18 €/Kg"
Batata golden long,MCCAIN,Embalagem de 2 kg,"1,39 €","1,39 €/Kg"
Champô Limão & Argila,Ultra Suave,Embalagem de 400 ml,"5,59 €","13,98 €/L"
"Lixívia para roupa, tradicional verde denso",PorSi,Embalagem de 2L,"1,74 €","0,35 €/L"
Gin dry,Big Boss,Garrafa de 700 ml,"19,79 €","19,79 €/L"
Queijo de ovelha curado,H.da maia,Embalagem de 200g,"4,62 €","18,49 €/Kg"
Recarga mopa,PorSi,1 unidade,"0,89 €","0,89 €/Unidade"
Leite com chocolate,Ucal,Oferta de mala térmica na compra de 3 sixpack (6x250 ml),"0,26 €","1,30 €/L"
Azeite virgem extra seleção,PorSi,Garrafa de 750 ml,"3,19 €","4,25 €/L"
Espumante bruto,Cabriz,Garrafa de 750 ml,"6,99 €","9,32 €/L"
Limpa Couros,Bellapelle,Garrafa de 250 ml,"10,99 €","52,33 €/Kg"
Perca Inteira,Peixe Congelado,de 1 a 3 Kg,"4,39 €","10,98 €/Kg"
Bolacha infantil dinossaurus mini dino chocolate,Artiach,Embalagem de 120g,"1,89 €","15,75 €/Kg"
Gelatina light de ananás,Condi,Embalagem de 2x15g,"61,11 €/Kg","61,11 €/Kg"
Batata frita caseira rodela,Pala-pala,Embalagem de 300g,"0,87 €","5,44 €/Kg"
Café solúvel + cereais,Delta,Embalagem de 200 g,"14,50 €/Kg","14,50 €/Kg"
Biscoito para cão strips,Purina One,Embalagem de 90g,"0,85 €","4,72 €/Kg"
Pastilhas limpa próteses,Labell,embalagem com 36 unidades,"9,79 €","122,38 €/Kg"
Alimento lácteo bio morango sem açúcar +6 meses,Naturnes,4 x 90 g,"2,89 €","7,23 €/Kg"
Rodelas de linguica 2x75g,Porminho,Embalagem de 2X75G,"1,22 €","6,78 €/Kg"
Pá económica,PorSi,1 unidade,"2,20 €","2,20 €/Unidade"
Pastilhas café platium,Delta,Embalagem de 110g,"54,36 €/Kg","54,36 €/Kg"
Lambrusco rose,*,Garrafa de 750 ml,"6,89 €","9,19 €/L"
Queijo curado alho e salsa,Nova Açores,Vendido ao peso,"25,45 €/Kg","25,45 €/Kg"
Bolacha cookie sensations choco,Milka,Embalagem de 160g,"5,47 €/Kg","5,47 €/Kg"
6 salsichas tipo frankfurt original,Campofrio,Embalagem de 140g,"0,99 €","7,07 €/Kg"
Hambúrguer de soja,Cemporcent,Embalagem de 160g,"2,09 €","8,36 €/Kg"
Anti-humidade + 3 recargas,HUMYDRY,1 embalagem,"6,99 €","6,99 €/Unidade"
Luva Animais da Quinta,Chicco,Uma unidade,"11,99 €/Unidade","11,99 €/Unidade"
Lâmina depilatória descartável lady com cabeça oscil...,Labell,1 embalagem - 6 unidades,"12,99 €","12,99 €/Unidade"
Truta Salmonada,Programa Origens,1 un=900 g (aprox.),"5,99 €/Kg","5,99 €/Kg"
Óleo aloé vera,Johnson's Baby,Embalagem de 300 ml,"1,99 €","1,99 €/Unidade"
Pellets madeira,Nova lenha,Embalagem de 15kg,"10,99 €","0,73 €/Kg"
Nestle scm regular tubo 12x pt,Nestle,Embalagem de 450g,"1,09 €","2,75 €/Kg"
Chocolates maltesers,MALTESERS,Embalagem de 90g,"11,98 €/Kg","11,98 €/Kg"
Patê atum,La piara,Embalagem de 80g,"1,19 €","13,52 €/Kg"
Chocolate negro 70% cacau bio,Cemporcent,Embalagem de 100g,"2,89 €","23,12 €/Kg"
Veiculo Hot wheels,Hot Wheels,1 unidade,"9,99 €/Unidade","9,99 €/Unidade"
Queijo Curado,Ilha Azul,Vendido ao peso a partir de 250 gr,"2,42 €","9,69 €/Kg"
Bolacha torrada com canela,PorSi,Embalagem de 2 x 250 g,"2,11 €/Kg","2,11 €/Kg"
Lixívia Denso-Activa Harmonias Florais p/ Casa e Rou...,Neoblanc,Embalagem de 2 l,"1,74 €","0,35 €/L"
Compal da horta concentrado tomate,Compal,Embalagem de 140g,"3,69 €","23,06 €/Kg"
Lambrusco bianco,*,Garrafa de 750 ml,"2,29 €","3,05 €/L"
Bastão de Cola,Domédia,10 g,"1,29 €","1,29 €/Unidade"
Livro O Patinho Feio,Europrice,1 unidade,"7,50 €/Unidade","7,50 €/Unidade"
Barrita controlo de peso iogurte,Ignoramu,Embalagem de 44g,"3,99 €","39,90 €/Kg"
Pilhas Alcalinas AAA Optimum,Duracell,Blister 4 Pilhas,"1,99 €","1,99 €/Unidade"
Bolachas shortcake cacau,PorSi,Embalagem de 185 g,"1,69 €","6,76 €/Kg"
Queijo flamengo fatiado,PorSi,Embalagem de 200G,"1,49 €","7,45 €/Kg"
Reparador de móveis normal,PorSi,Embalagem de 200 ml,"4,39 €","14,63 €/L"
Pectina,Condi,Embalagem de 25g,"2,04 €","81,60 €/Kg"
Coloração Permanente Castanho Escuro |3,Palette,,"9,49 €/Unidade","9,49 €/Unidade"
"Fita Papel, 25mmx50m",Vito,1 unidade,"2,59 €","86,33 €/Kg"
Sopa 100% de cogumelos,Knorr,embalagem com 57 g,"0,84 €","13,55 €/Kg"
Whisky tullamore dew,Tullamore,Garrafa de 700 ml,"11,49 €","16,41 €/L"
Vinho de mesa tinto bag in box,Adega grande,Garrafa de 5 l,"5,19 €","1,04 €/L"
Ração para cão com frango,Friskies,Embalagem de 4kg,"1,15 €/Kg","1,15 €/Kg"
Chouriço corrente,PorSi,Embalagem de 200 g,"1,22 €","6,78 €/Kg"
Bolacha digestive s/ gluten,Gullon,Embalagem de 150g,"4,29 €","20,43 €/Kg"
"Abacaxi ""Avião""",Fruta da Época,"Vendido ao peso, 1 un=1.5 kg aprox.","3,98 €","1,99 €/Kg"
Refrigerante de lima-limão,Seven-up,"Garrafa de 1,25 l","0,40 €/L","0,40 €/L"
Mortadela de peru,Campofrio,1 un = 150 gr (aprox.),"1,05 €","6,99 €/Kg"
Desinfetante álcool gel,PorSi,100 ml,"5,24 €","5,24 €/Unidade"
Desinfetante de frutas e vegetais,Clean Essence,500 ml,"0,70 €","2,79 €/Kg"
Bolacha craker queijo,Tuc,Embalagem de 100g,"1,14 €","3,80 €/Kg"
Detergente Liquido Loiça Ultra Poder Limão,Fairy,Embalagem de 600 ml,"0,99 €","1,98 €/L"
Milho para pipocas,Legumes secos,1 un = 100 gr. (aprox.),"0,30 €","2,99 €/Kg"
Gogo SqueeZ Snack Maçã e Pera,Gogo,Embalagem de 4 x 90g,"2,29 €","6,94 €/L"
Iogurte sólido sem lactose morango,Mimosa,Embalagem de 480g,"0,99 €","1,98 €/Kg"
Eau de Toilette p/Senhora Nº24,Caravan,1 Frasco 150ml,"11,99 €","79,93 €/L"
Caderno Agrafado Capa Preta |A4 Pautado,Domédia,1 unidade,"1,99 €","1,99 €/Unidade"
Cheesecake frutos vermelhos,PorSi Select,Embalagem de 900 g,"2,19 €","6,64 €/Kg"
Iogurte Solido Bifidus Kiwi,Mimosa,Embalagem de 4 x 115g,"2,79 €","6,07 €/Kg"
Milho para pipocas,Globo,Embalagem de 400g,"0,79 €","7,90 €/Kg"
Camarão 30/40 Madagascar,Congelado Selvagem,1 un = 250 gr  (aprox.),"2,00 €","7,99 €/Kg"
Linhaça dourada e moída,Cemporcent,Embalagem de 200g,"2,29 €","11,45 €/Kg"
Kit Jardim com 3 Peças,Itools,1 unidade,"8,99 €","8,99 €/Unidade"
Cerveja c/ álcool,Super Bock,pack 24 x 0.33 l,"1,99 €/L","1,99 €/L"
Agrião Programa Origens,PorSi,embalagem de 170 g,"0,99 €","9,90 €/Kg"
Café gold colômbia frasco,Nescafe,Embalagem de 100 g,"14,50 €/Kg","14,50 €/Kg"
Sopa portuguesa programa origens,PorSi,embalagem de 300 g,"0,99 €","9,90 €/Kg"
Manga Refrigerante p/ Garrafas,AR,1 unidade,"3,99 €","3,99 €/Unidade"
Aguardente bagaceira,Dinastia,"Garrafa de 0,70 l","12,79 €","18,27 €/L"
Peito de frango,Salsicharia Limiana,"Vendido ao peso, fatiado","2,25 €","11,25 €/Kg"
Lasanha vegetariana,*,Vendido ao peso,"2,99 €","11,96 €/Kg"
"Limpa jantes, em pistola",Arbo,Embalagem de 1 l,"3,99 €","0,80 €/L"
Iogurte com Cereais Activia,Danone,Embalagem 4x115g,"2,79 €","6,07 €/Kg"
Detergente liquido loiça limão,PorSi,Garrafa de 1 litro,"0,99 €","1,98 €/L"
Tortitas de milho sem glúten,Bicentury,Embalagem de 130 g,"4,29 €","20,43 €/Kg"
Batido de baunilha,Forma+,Embalagem de 700g,"3,99 €","39,90 €/Kg"
8 nuggets ervilha - green cuisine,Iglo green,Embalagem de 250g,"1,99 €","6,63 €/Kg"
Ambientador vela gota frutos vermelhos,Air Wick,Embalagem de 1 unidades,"9,49 €","45,19 €/Kg"
Cereais crunch 375g,Nestle,Embalagem de 380g,"5,07 €/Kg","5,07 €/Kg"
Creme autobrilhante castanho,Splendor,40 ml,"2,25 €","45,00 €/L"
Creme fixativo sem sabor,Polident,Embalagem de 2 x 40 g,"9,79 €","122,38 €/Kg"
Rolo de Cozinha Branco Eco Compacto,PorSi,2 = 6 Rolos,"4,99 €","4,99 €/Unidade"
Queijo fresco natural,Matinal,Embalagem de 216g,"1,09 €","5,45 €/Kg"
Creme custard baunilha,Condi,Embalagem de 150g,"1,39 €","6,95 €/L"
Pastilhas descafeinado,Delta,Embalagem de 110g,"54,36 €/Kg","54,36 €/Kg"
Polvilho doce,PorSi,Embalagem de 500g,"2,84 €","258,18 €/Kg"
Sabonete Líquido Original,Dove,Embalagem de 250 ml,"2,18 €/L","2,18 €/L"
Óleo Multigasolina 20W40,Galp,Embalagem de 5 l,"13,99 €","13,99 €/L"
Gelo picado,PorSi,Embalagem de 2 kg,"0,99 €","0,50 €/Kg"
Cappucinno,PorSi,Embalagem de 125 g,"3,09 €","24,72 €/Kg"
Whisky,J&B,Garrafa de 700 ml,"11,49 €","16,41 €/L"
Filetes de pescada,Pescanova,Embalagem de 400g,"4,39 €","10,98 €/Kg"
Espargos Programa Origens,PorSi,250 g,"0,70 €","2,79 €/Kg"
"Toalhitas intimas, 20 unidades",Labell,Uma embalagem,"2,09 €","2,09 €/Unidade"
Ciência Explosiva Kaboom,Science4You,1 un.,"9,99 €/Unidade","9,99 €/Unidade"
Café nyeri quénia moagem universal,Sical,Embalagem de 220g,"9,76 €/Kg","9,76 €/Kg"
Biscoitos rosegones,Dulcesol,Embalagem de 130g,"0,69 €","3,45 €/Kg"
Bandas de Cera Depilatória Facial,Veet,Embalagem de 20 unidades,"3,11 €","3,11 €/Unidade"
Gran cruz rosé porto cruz pink,Cruz,Garrafa de 750 ml,"22,49 €","32,13 €/L"
Chá solúvel alívio respiratório,Cemporcent,Embalagem de 50g,"58,44 €/Kg","58,44 €/Kg"
Bolachas de manteiga,PorSi,Embalagem de 200 g,"1,69 €","6,76 €/Kg"
Bucal maça natural,Andros,Embalagem de 750 g,"2,04 €","81,60 €/Kg"
Batata pré-frita palito,PorSi,"Embalagem de 2,5 kg","1,39 €","1,39 €/Kg"
"Vinho bairrada, reserva, tinto",Selecção de Enófilos,Garrafa de 0.75 l,"2,92 €/L","2,92 €/L"
Escova e pente,Neo Baby,1 unidade,"4,99 €","4,99 €/Unidade"
Batata Nova a Granel,Vitacress,1 un = 250 gr  (aprox.),"0,25 €","0,99 €/Kg"
Batatas mediterrâneas originais,Lay's,Embalagem de 150g,"1,06 €","5,73 €/Kg"
Preparado de marisco,*,Embalagem de 1 Kg (aprox.),"2,00 €","7,99 €/Kg"
Arroz agulha,Cigala,Embalagem de 1 kg,"0,99 €","0,99 €/Kg"
Sumo 100% ananás e uva,PorSi,1.5 l,"1,09 €","0,73 €/L"
Gomas ositos de oro,Haribo,Embalagem de 100g,"1,19 €","3,97 €/Kg"
Pimento Verde,Programa Origens,1 un = 250 gr (aprox.),"2,19 €","4,38 €/Kg"
Crocantes frango parmesão e ervas,Iglo,Embalagem de 180g,"9,30 €/Kg","9,30 €/Kg"
Filetes de cavala em azeite,PorSi,Embalagem de 120 g,"7,08 €/Kg","7,08 €/Kg"
Amaciador intense nature,Comfort,60 doses,"8,99 €","2,25 €/L"
Collant mousse 20d baltic xl,PorSi,Embalagem de 1 unidades,"1,99 €","1,99 €/Unidade"
Chá barbas de milho,PLANTANATU,Embalagem de 10g,"1,19 €","1,19 €/Unidade"
Cerveja preta 0.0%,Sagres,Lata de 330 ml,"5,99 €","3,03 €/L"
Tiras de Pota Congeladas,Peixe do Dia,Cuvete ± 1 kg,"4,00 €","7,99 €/Kg"
8 pães de leite,PorSi,Embalagem de 280 g,"7,40 €/Kg","7,40 €/Kg"
Alecrim em folhas,PorSi,Embalagem de 25g,"0,20 €","0,20 €/Kg"
Preparado de bolo de chocolate,PorSi,500 g,"1,39 €","6,95 €/L"
Paio das beiras,PorSi,Embalagem de 380g,"2,49 €","12,45 €/Kg"
Bolachas digestive muesli,Gullon,Embalagem de 370g,"1,45 €","11,15 €/Kg"
Vinho doc douro colheita branco,Vallegre,Garrafa de 750 ml,"7,49 €","9,99 €/L"
Açúcar de coco bio,Origensbio,Embalagem de 250g,"2,99 €","5,98 €/Kg"
Sortido Tertúlia,Frusel,Embalagem de 250 g,"0,47 €","1,89 €/Kg"
Queijo ralado 4 queijos,Valformoso,Embalagem de 150g,"7,45 €/Kg","7,45 €/Kg"
Vahine pepitas chocolate branco,Vahine,Embalagem de 100g,"1,39 €","6,95 €/L"
Moscatel de setúbal,Adega de Palmela,Garrafa de 750 ml,"5,99 €","7,99 €/L"
Bolacha chocomax mini,Nacional,Embalagem de 120 g,"5,47 €/Kg","5,47 €/Kg"
Croutons azeite e alho,PorSi,Embalagem de 150g,"2,39 €","6,83 €/Kg"
Fralda Cueca de Banho 7 a 15 kg,Huggies,Embalagem com 12 un.,"14,99 €","14,99 €/Unidade"
Molas plásticas amarelas,PorSi,50 unidades,"0,99 €","0,99 €/Unidade"
Fermento,Royal,Embalagem de 230g,"1,49 €","18,17 €/Kg"
Espelta em grão - cozinha pura,Cemporcent,Embalagem de 500g,"1,19 €","2,38 €/Kg"
Vinho do porto lbv 2004,Cruz,Garrafa de 0.75 l,"10,99 €","14,65 €/L"
Bolachas maria,PorSi,Embalagem de 200g,"2,11 €/Kg","2,11 €/Kg"
Leite 0% lactose magro,Mimosa,Garrafa de 1 l,"1,29 €","1,29 €/L"
Lencos bolso mentol 6x10 3f,PorSi,Embalagem de 6 unidades,"0,89 €","0,89 €/Unidade"
Folhado Misto 90 g,Pastelaria do Dia,,"0,65 €","0,65 €/Unidade"
Farinha de trigo sem fermento t55,PorSi,Embalagem de 1 kg,"1,99 €","1,99 €/Kg"
Queijo flamengo ralado,PorSi,Embalagem de 200G,"1,49 €","7,45 €/Kg"
Chá verde menta,PorSi,Embalagem de 43.7 g,"85,00 €/Kg","85,00 €/Kg"
Pensos peles sensíveis sortidos,PorSi,20 unidades,"2,86 €","2,86 €/Unidade"
Bolachas marítimas clássicas,PorSi Viva Bem,Embalagem de 200g,"2,82 €","9,40 €/Kg"
Cerveja 0.0%,Sagres,Pack 4 x 0.33 l,"5,99 €","3,03 €/L"
Batata pré-frita palitos finos,PorSi,Embalagem de 2.5 kg,"1,39 €","1,39 €/Kg"
Pensos peles sensíveis sortidos,PorSi,30 unidades,"2,86 €","2,86 €/Unidade"
Cereais fitness e fruits,Nestle,Embalagem de 380g,"3,45 €","26,74 €/Kg"
Ultra magnésio +b6,PLANTANATU,Embalagem de 1 unidades,"7,59 €","126,50 €/Kg"
Ice tea pêssego,Lipton,Embalagem de 1L,"0,99 €","0,66 €/L"
Nestum aveia e maçã,Nestum,Embalagem de 250g,"2,19 €","8,76 €/Kg"
Fermento de padeiro,Vahine,Embalagem de 20g,"1,49 €","18,17 €/Kg"
Gel pure 3 em 1,Garnier,Embalagem de 150 ml,"2,99 €","59,80 €/L"
Atum posta em óleo,Bom petisc,Embalagem de 120 g,"7,08 €/Kg","7,08 €/Kg"
Parque aquático,Bestway,Dim.: 228 x 206 cm,"2,99 €","2,99 €/Unidade"
Leite de cabra uht meio gordo,President,Embalagem 1L,"0,81 €","0,81 €/L"
Ameixa Amarela Categoria II,Programa Origens,Vendido ao peso a partir de 200 g,"0,36 €","2,39 €/Kg"
Ambientador elétrico baunilha & magnólia asiática,Air Wick,Difusor + Recarga,"3,49 €/Unidade","3,49 €/Unidade"
Costeleta mista,Porco,1 un = 150 gr (aprox.),"3,99 €","3,99 €/Kg"
Vinho branco regional península de setúbal,Lancers,Garrafa de 750 ml,"8,59 €","11,45 €/L"
Cabeça sem Osso,Porco,1 un = 1 kg (aprox.),"0,55 €","5,49 €/Kg"
Solha Congelada (200/400),Peixe Congelado,Pescado no mar,"3,99 €/Kg","3,99 €/Kg"
Snack para gato de salmão e queijo,Catisfactions,Embalagem de 60g,"0,99 €","16,50 €/Kg"
Queijo vaca sem lactose,PorSi Viva Bem,250 g,"2,42 €","9,69 €/Kg"
Tomate Cacho,Programa Origens,1 un = 200 gr (aprox.),"0,40 €","1,99 €/Kg"
Broa de milho doce,Pão do Dia,450 g,"0,19 €","2,38 €/Kg"
Vinho maduro branco,Casal da eira,Embalagem de 250 ml,"0,85 €/L","0,85 €/L"
Polaretti magic milk micro esferas solúveis sabor ch...,Dolfin,Embalagem de 30g,"5,59 €","6,99 €/Kg"
Wafers sem glúten de chocolate preto,Schar,Embalagem de 40 g,"4,29 €","20,43 €/Kg"
Lambrusco tinto,*,Garrafa de 750 ml,"6,89 €","9,19 €/L"
Snack para gato crispies salmão e truta,Felix,Embalagem de 50g,"0,99 €","16,50 €/Kg"
Batido de morango,Forma+,Embalagem de 700g,"3,99 €","39,90 €/Kg"
Gel wc anti-calcário,Harpic,Garrafa de 750 ml,"1,79 €","2,39 €/L"
Lixivia perfume fresco,Neoblanc,Embalagem de 2 l,"1,74 €","0,35 €/L"
Café lote normal moagem grossa,PorSi,Embalagem de 250 g,"9,76 €/Kg","9,76 €/Kg"
Preparo para bolo de chocolate,Branca de Neve,Embalagem de 450g,"1,39 €","6,95 €/L"
Barrita controlo de peso maçã,Ignoramu,Embalagem de 44g,"0,68 €","1,70 €/Kg"
Queijo fatiado cheddar,PorSi,Embalagem de 150 g,"1,49 €","7,45 €/Kg"
Mostarda a'lancienne,PorSi Select,190 g,"0,70 €","2,33 €/Kg"
Peluche,Panda,Dim.: 50 cm,"11,99 €/Unidade","11,99 €/Unidade"
Cacetinho de Trigo,Pão do Dia,80 g,"0,19 €","2,38 €/Kg"
Super tea matcha verde,Tetley,Embalagem de 40g,"44,50 €/Kg","44,50 €/Kg"
Cafe pastilhas 20x7g,PorSi,Embalagem de 140g,"54,36 €/Kg","54,36 €/Kg"
Estendal de roupa com abas resina,PorSi,20 metros,"0,99 €","0,99 €/Unidade"
10 cápsulas café qanela,Delta Q,Embalagem de 60g,"54,36 €/Kg","54,36 €/Kg"
Formas de alumínio 600 ml,PorSi,5 unidades,"0,89 €","0,89 €/Unidade"
Limpa madeiras ecológico,PorSi,1.5 litros,"4,39 €","14,63 €/L"
Café Moagem Universal do Brasil,PorSi,Embalagem de 220g,"9,16 €/Kg","9,16 €/Kg"
Mousse chocolate,PorSi,Embalagem de 150g,"0,79 €","5,27 €/Kg"
"Salsichas wiennerwurt em frasco, 6 un",Nobre,Embalagem de 250g,"0,75 €","3,75 €/Kg"
Vinho Vinha da Fonte Setúbal tinto,Casa Ermelinda Freitas,Garrafa de 0.75 l,"8,59 €","11,45 €/L"
Anti-Traça Cedro,Dum Dum,2 unidades,"5,99 €","176,18 €/Kg"
Agrafador alicate essentials nº10,Maped,1 unidade,"2,25 €","2,25 €/Unidade"
Biscoitos choco trio,Milka,Embalagem de 150g,"4,60 €/Kg","4,60 €/Kg"
Agrião Programa Origens,PorSi,Embalagem de 400g,"0,45 €","1,49 €/Kg"
Ice tea limão,Lipton,pack 6 x 0.25 l,"0,99 €","0,66 €/L"
Vinho doc dão branco,Grao vasco,Garrafa de 750 ml,"3,99 €","5,32 €/L"
Nestlé tablete de chocolate negro e amendoa,Nestle,Embalagem de 270g,"10,52 €/Kg","10,52 €/Kg"
Leitão assado,*,fechado 6 a 8.5 kg,"101,94 €","16,99 €/Kg"
Boia para bebé,Bestway,1 unidade,"34,99 €","34,99 €/Unidade"
Queijo Flamengo Bola 1/4,PorSi,Vendido ao peso,"1,49 €","7,45 €/Kg"
Melancia Riscada,Programa Origens,Vendido ao peso | 1 un = 4 kg (aprox.),"2,23 €","0,89 €/Kg"
Nestum bolacha maria,Nestum,Embalagem de 250g,"2,19 €","8,76 €/Kg"
Detergente em gel máquina lavar roupa universal,Persil,85 doses,"8,49 €","1,80 €/Kg"
Tablete de chocolate extra fina leite/avelã,Nestle,Embalagem de 120g,"10,52 €/Kg","10,52 €/Kg"
Folhado de Maçã,*,1 unidade= 100 g,"0,69 €","0,69 €/Unidade"
Anti-humidade,HUMYDRY,1 embalagem,"6,99 €","6,99 €/Unidade"
Salsichão fuet caseiro,Elpozo,Embalagem de 150g,"1,35 €","16,88 €/Kg"
Eau de Toilette p/Senhora Nº37,Caravan,1 Frasco 150ml,"11,99 €","79,93 €/L"
Delta cappuccino 10x14g,Delta,Embalagem de 140g,"3,09 €","24,72 €/Kg"
Chave falante,Chicco,1 unidade,"11,99 €/Unidade","11,99 €/Unidade"
Pizza marguerita,PorSi,Embalagem de 2 x 300 g,"1,96 €","5,60 €/Kg"
Leite especial cálcio + vitamina d magro,Mimosa,Garrafa de 1 l,"1,29 €","1,29 €/L"
Alimento p/ cão adulto bio complex c/ frango,HappyOne,Embalagem de 10 kg,"1,15 €/Kg","1,15 €/Kg"
Paella,It.saveurs,Embalagem de 300g,"2,35 €","5,60 €/Kg"
Buondi extreme cafe moido 12x200g,Buondi,Embalagem de 200g,"9,76 €/Kg","9,76 €/Kg"
Creme de Limpeza Facial com Chá Kombucha,Diadermine,40 g,"0,76 €","0,76 €/Unidade"
Pilha alcalina classic lr20x2,Domédia,1 unidade,"1,99 €","1,99 €/Unidade"
Água com gás natural,Perrier,Embalagem de 750ml,"2,85 €","2,85 €/L"
Ambientador arbremagique limão,Arbre Magique,1 unidade,"1,99 €","1,99 €/Unidade"
Café em grão torra média,STARBUCKS,Embalagem de 200 g,"9,16 €/Kg","9,16 €/Kg"
Iogurte ananás 000%,PorSi Viva Bem,Embalagem de 4 x 125 g,"4,36 €","2,18 €/Kg"
Bolachas infantil dinossauros,Artiach,Embalagem de 190g,"1,89 €","15,75 €/Kg"
Cereais muesli goji e mirtilos,Quaker,Embalagem de 350g,"6,95 €","6,95 €/Kg"
Belgian chocolate,Haagen daz,Embalagem de 460 ml,"6,79 €","14,76 €/L"
Spray fornos e grelhadores,Cif,435 ml,"1,79 €","2,39 €/L"
Vinho tinto,PorSi,embalagem de 1 litro,"0,85 €/L","0,85 €/L"
Vinho doc douro reserva tinto,Romanisco,Garrafa de 0.75 l,"7,49 €","9,99 €/L"
Gomas favoritos açúcar,Haribo,Embalagem de 90g,"1,19 €","3,97 €/Kg"
Inseticida Aerossol Rapid Moscas e Mosquitos,Raid,1 Embalagem 600ml,"4,39 €","7,32 €/L"
Sobremesa petit gourmand de chocolate,Páturages,Embalagem 6X60G,"1,05 €","1,86 €/L"
Seitan,Salutem,Embalagem de 300g,"4,99 €","16,63 €/Kg"
"Limpa móveis pistola, aloé vera",Pronto,Embalagem de 500 ml,"1,19 €","0,79 €/L"
Cebola Programa Origens,PorSi,Embalagem de 1 kg,"0,25 €","0,99 €/Kg"
Barra s.k frutos vermelhos,Kellogg's,Embalagem de 130g,"1,29 €","10,24 €/Kg"
Salmão fatiado gravadlax james,St james,Embalagem de 100g,"3,35 €","22,33 €/Kg"
Sacos de congelação pequenos,PorSi,"50 unidades, 1 embalagem","1,11 €","1,11 €/Unidade"
Frutapura Pouch Frutos Variados,Bledina,Embalagem de 85g,"2,29 €","6,94 €/L"
Bebida energética,Red Bull,Garrafa de 360 ml,"5,39 €","5,39 €/L"
Vegan cheese,Cemporcent,Embalagem de 200g,"4,99 €","16,63 €/Kg"
Guardanapos brancos 22x22cm | folha dupla,Renova,90 unidades,"1,28 €","1,28 €/Unidade"
Vinho regional península de setúbal,Dom Campos,Garrafa de 0.75 l,"8,59 €","11,45 €/L"
Chá cherry love,Lipton,20 saquetas,"44,50 €/Kg","44,50 €/Kg"
Posta de tintureira,PorSi,Embalagem de 500 g,"4,39 €","10,98 €/Kg"
Feijao frade,PorSi,Embalagem de 500g,"0,95 €","1,90 €/Kg"
Leite UHT Meio Gordo,PorSi,Embalagem de 200 ml,"0,81 €","0,81 €/L"
Limpa fornos normal,Mr.muscle,Embalagem de 300 ml,"1,29 €","1,72 €/L"
Preparado para arroz de marisco,Brasmar,Embalagem de 450 g,"1,64 €","6,56 €/Kg"
Vinho bag-in-box branco,C.alqueva,Garrafa de 5 l,"9,49 €","1,90 €/L"
Néctar 8 frutos,Bongo,Pack 3 x 200 ml,"0,99 €","0,99 €/L"
Leite C/ Chocolate,Mimosa,Embalagem de 4 x 200 ml,"0,26 €","1,30 €/L"
Lixívia Spray Multiusos,Neoblanc,Embalagem de 650ml,"2,59 €","1,30 €/L"
Caixa de Ameixa C/ Caroço,Ferbar,Embalagem de 230 g,"0,47 €","1,89 €/Kg"
Espremedor super,Fapil,1 unidade,"17,00 €","17,00 €/Unidade"
Mix de Amendoins,Nuts Original,Embalagem de 150 g,"0,79 €","7,90 €/Kg"
Queijo mozzarela ralado,Valformoso,Embalagem de 150g,"7,45 €/Kg","7,45 €/Kg"
Bolacha de manteiga belga c/ chocolate,Saborosa,Embalagem de 200g,"1,69 €","6,76 €/Kg"
Iogurte tutti fruti,Danone,Embalagem de 12 x 100 g,"4,15 €/Kg","4,15 €/Kg"
Lixívia Spray Mousse Flor,Neoblanc,Embalagem de 700ml,"2,59 €","1,30 €/L"
Leite UHT Meio Gordo,Gresso,Embalagem de 1 l,"0,81 €","0,81 €/L"
Toalha Hamman Amarela,Benetton,80 x 165 cm,"2,99 €","2,99 €/Unidade"
Salmão posta ao natural,PorSi Select,Lata de 120 g,"7,08 €/Kg","7,08 €/Kg"
Gelatina pronta a comer morango,Royal,Embalagem de 4 x 100 g,"0,85 €","2,13 €/Kg"
Bagas de cranberry,Cemporcent,Embalagem de 125 g,"0,99 €","4,95 €/Kg"
Cerveja com álcool,Kings Bräu,"Embalagem de 0,33 l","1,99 €/L","1,99 €/L"
Maria integral sem glúten,Gullon,Embalagem de 400 g,"4,29 €","20,43 €/Kg"
Cordon bleu,PorSi,Embalagem de 4 x 125 g,"2,79 €","8,72 €/Kg"
Creme para calçado incolor,PorSi,50 ml,"0,99 €","19,80 €/L"
Vassoura pequena,PorSi,unidade,"2,20 €","2,20 €/Unidade"
Legumes para sopa,PorSi,Embalagem de 1 kg,"1,89 €","1,89 €/Kg"
"Jogo ""De Pernas para o Ar""",Concentra,1 unidade,"9,99 €/Unidade","9,99 €/Unidade"
Porto ruby,Ferreira,Garrafa de 750 ml,"6,65 €/L","6,65 €/L"
Laca fixação forte,Elnett,Embalagem de 75 ml,"3,99 €","53,20 €/L"
"Mesa viana, 140x90, verde",Joluce,1 unidade,"5,99 €","5,99 €/Unidade"
Ambientador spray pure colónia de bebé,PorSi,250 ml,"0,99 €","3,30 €/L"
"Chocolate sombrinha, saquetas, 5 unidades",Lacasa,Embalagem de 50g,"2,39 €","47,80 €/Kg"
Maçã Jonagored 70/75,Programa Origens,1 un = 150 gr (aprox.),"0,34 €","2,29 €/Kg"
Óleo Diesel 15w40,PorSi,Embalagem de 5 l,"13,99 €","13,99 €/L"
Hortelã-menta,PorSi,20 g,"0,89 €","17,80 €/Kg"
Parque aquático,Bestway,Dim.: 239 x 206 cm,"34,99 €","34,99 €/Unidade"
Bebida Energética Red Grape,Hell,250 ml,"5,39 €","5,39 €/L"
Azeitona galega mista retalhada,PorSi,Vendido ao peso a partir de 500 g,"1,00 €","3,99 €/Kg"
Queijo de Serpa DOP,PorSi Select,1 un = 250 gr  (aprox.),"2,87 €","15,94 €/Kg"
Manteiga s/ lactose,Primor,Embalagem de 130g,"1,69 €","6,76 €/Kg"
Tampão Normal,O.B.,1 Embalagem c/32 unidades,"1,39 €","1,39 €/Unidade"
Camarão cozido 30/50,PorSi,vendido ao peso a partir de 350 g,"2,25 €","8,99 €/Kg"
Queijo gouda fatias 0% lactose,PorSi Viva Bem,Embalagem de 150g,"2,39 €","19,92 €/Kg"
Caixa de Alperce,Ferbar,Embalagem de 230 g,"0,47 €","1,89 €/Kg"
Mistura de azeitonas,PorSi,Vendido ao peso a partir de 500 g,"1,00 €","3,99 €/Kg"
Pepinex,Legumes do Dia,1 un=400 g (aprox.),"0,70 €","2,79 €/Kg"
"Óleo Spray Seco, SPF20",Cabana Sun,Embalagem de 200 ml,"16,99 €","84,95 €/L"
Frango do Campo Inteiro c/ Miúdos Programa Origens,PorSi Select,Vendido ao peso,"1,05 €","2,99 €/Kg"
Amaciador roupa citrus,Bot.origin,45 doses,"8,99 €","2,25 €/L"
Batata Branca,Programa Origens,Vendido ao peso a partir de 1 kg,"0,25 €","0,99 €/Kg"
Vinho verde branco,Presidente,Garrafa de 0.75 l,"3,09 €","3,09 €/L"
"Chá de mel, limão e ginseng",Tetley,Embalagem de 20g,"44,50 €/Kg","44,50 €/Kg"
Leite com chocolate original,Ucal,Embalagem de 6 x 250 ml,"0,26 €","1,30 €/L"
Tagliatelle a carbonara 350g,Tuttipasta,Embalagem de 350G,"1,96 €","5,60 €/Kg"
Ambientador eléctrico Relaxing Zen + recarga,Glade,1 unidade,"3,49 €/Unidade","3,49 €/Unidade"
Fita dental,Sensodyne,1 unidade,"3,49 €","3,49 €/Unidade"
Macarron Chocolate,Dulcesol,Embalagem de 80G,"2,82 €","9,40 €/Kg"
Papel Premier p/ Fotocópia A4,Xerox,1 resma,"0,99 €","0,99 €/Unidade"
Iogurte liquido infantil morango,PorSi,Embalagem de 6 x 94 ml,"1,17 €","1,83 €/Kg"
Flan sabor a baunilha com caramelo,PorSi,Embalagem de 6 x 100 g,"1,19 €","2,59 €/Kg"
Unicórnio mágico luky,Concentra,1 unidade,"11,99 €/Unidade","11,99 €/Unidade"
Noodle banzai carne,Cigala,Embalagem de 70g,"0,89 €","1,78 €/Kg"
"Creme de depilação duche, peles normais",Veet,Garrafa de 150 ml,"10,99 €","73,27 €/L"
"Pimenta preta, moída, em frasco",PorSi,Embalagem de 43 g,"0,20 €","0,20 €/Kg"
Salsichas extra suculentas de peru,Nobre,Frasco de 210g,"0,75 €","3,75 €/Kg"
Leite hidratante aloe vera after sun,Ambre Solaire,Embalagem de 400 ml,"9,99 €","49,95 €/L"
Mini tosta trigo,Diatosta,Embalagem de 90 g,"2,39 €","6,83 €/Kg"
Tampões ProComfort Normal,O.B.,1 Embalagem c/32 unidades,"1,39 €","1,39 €/Unidade"
Queijo Grana Padano Cura 10 Meses,*,Vendido ao peso a partir de 150 g,"1,59 €","6,36 €/Kg"
Leite em pó continuação 2 pro alfa,Nutriben,Embalagem de 800g,"20,99 €","26,24 €/Kg"
Luvas descartáveis extra long p/m,Vileda,10 unidade,"3,99 €","3,99 €/Unidade"
Óleo de coco biológico,Seara,Garrafa de 270 ml,"2,99 €","5,98 €/Kg"
"Refresco em pó, tropical",Tang,Embalagem de 30g,"0,75 €","18,75 €/Kg"
Queijo flamengo fatias light,Agros,Embalagem de 200g,"2,39 €","19,92 €/Kg"
Eau de Toilette Wild,B.U.,50 ml,"11,99 €","79,93 €/L"
Barras fitness com morango,Nestle,Embalagem de 140g,"3,45 €","26,74 €/Kg"
Alecrim,PorSi,20 g,"0,89 €","17,80 €/Kg"
Collant opac microfibra preto 60D,PorSi,Tamanho: l,"1,99 €","1,99 €/Unidade"
Inteiro Pequeno,Frango,1 un = 1 kg (aprox.),"1,05 €","2,99 €/Kg"
Super tea detox com selénio,Tetley,Embalagem de 40g,"44,50 €/Kg","44,50 €/Kg"
Sacos do Lixo Ecobag 50 L,Vileda,Embalagem c/ 10 un.,"1,79 €","1,79 €/Unidade"
"Snack de queijo flamengo, nozes e uvas passas",Terra Nostra,Embalagem de 3 x 40g,"1,49 €","7,45 €/Kg"
Pão de Ló Húmido Simples,Pastelaria do Dia,500g,"8,99 €","11,24 €/Kg"
Queijo curado babybel protein rede 5x20g,Babybel,Embalagem de 100g,"0,82 €","23,43 €/Kg"
Cenouras com peru +6 meses,Bledina,Embalagem de 2 x 200g,"1,89 €","9,95 €/Kg"
Gel Banho Apollo,Axe,Embalagem de 400 ml,"5,99 €","14,98 €/L"
Caderno Espiral Capa Dura A4 Quadriculado,Domédia,1 un.,"1,99 €","1,99 €/Unidade"
Couve Penca (Portuguesa),Legumes do Dia,1 un= 1 kg (aprox.),"1,99 €","1,99 €/Kg"
"Vinho regional península de setúbal, colheita seleci...",Adega de Pegões,Garrafa de 0.75 l,"8,59 €","11,45 €/L"
Sidra maçãs ácidas,Bandida do Pomar,lata de 0.5 l,"1,59 €","3,18 €/L"
Drageias de chocolate,MALTESERS,Embalagem de 300 g,"11,98 €/Kg","11,98 €/Kg"
Bebida de coco com arroz,PorSi Viva Bem,1 litro,"2,19 €","2,19 €/L"
Shoyce aveia& amendoa 0%,Shoyce,Garrafa de 1 l,"2,19 €","2,19 €/L"
Pão forma familiar normal,Bimbo,embalagem de 700 g,"0,99 €","1,65 €/Kg"
Leite uht magro,PorSi,Embalagem de 1 litro,"0,81 €","0,81 €/L"
Puzzles Panda,Olivo,2 x 24 peças,"9,99 €/Unidade","9,99 €/Unidade"
Bebida de coco,Shoyce,Embalagem de 1 litro,"2,19 €","2,19 €/L"
Sidra maçã,Somersby,"Pack 15x0,20 L","1,59 €","3,18 €/L"
Piscina Fast Fet,Bestway,Dim.: 305 x 66 cm,"34,99 €","34,99 €/Unidade"
Cd aroma moran/coco/f.silv 120gx8,Danone,Embalagem de 960g,"1,87 €","1,25 €/Kg"
Napolitanas creme cacau,PorSi,Embalagem de 320g,"2,05 €","5,13 €/Kg"
Creme depilatório para peles normais,Labell,Embalagem de 200 ml,"10,99 €","73,27 €/L"
Lixívia tradicional,PorSi,Embalagem de 1 l,"1,74 €","0,35 €/L"
Lâmpada LED Forma Esférica 3.2W E14 220-240V,Domédia,1 un.,"3,89 €","3,89 €/Unidade"
Toalha em rolo papel branco,PorSi,1 Unidade,"3,45 €","3,45 €/Unidade"
Cãozinho,Pamper Petz,15 cm,"11,99 €/Unidade","11,99 €/Unidade"
Cereais chocapic,Nestle,Embalagem de 630g,"5,07 €/Kg","5,07 €/Kg"
Tortitas de Arroz com Chocolate Negro,Bicentury,Embalagem de 130g,"1,45 €","11,15 €/Kg"
Vodka red,Smirnoff,Garrafa de 1 l,"19,79 €","19,79 €/L"
Néctar de 8 frutos,Bongo,Garrafa de 1 l,"0,99 €","0,99 €/L"
Gengibre desidratado em cubos,Cemporcent,Embalagem de 100g,"1,19 €","2,38 €/Kg"
Pera Rocha 70/75,Programa Origens,1 un = 150 gr (aprox.),"0,34 €","2,29 €/Kg"
Cãozinho aprende a brincar,Fisher-Price,1 unidade,"11,99 €/Unidade","11,99 €/Unidade"
Guardanapos Decorados,Scottex,Embalagem 50 Unidades,"1,28 €","1,28 €/Unidade"
Ovos galinha solo m,PorSi,6 ovos,"1,39 €","1,39 €/Unidade"
Arroz basmati,Caçarola,Embalagem de 1 kg,"0,99 €","0,99 €/Kg"
Torresmos soltos,PorSi,Embalagem de 200 g,"1,05 €","6,99 €/Kg"
Café solúvel viena,Nescafe,Embalagem de 140g,"14,50 €/Kg","14,50 €/Kg"
Anti-traça Alimentos,Raid,2 + 1 unidades,"5,99 €","176,18 €/Kg"
Perfume p/ senhora Nº49,Caravan,1 Frasco 150ml,"11,99 €","79,93 €/L"
Pack 5 veículos sortidos,Hot Wheels,1 embalagem,"10,99 €","10,99 €/Unidade"
Cadeira de Refeição Dobrável,Safety 1st,1 unidade,"42,99 €","42,99 €/Unidade"
Gel de Banho Corpo e Cabelo Hidratante,Baby Dove,Embalagem de 400 ml,"1,99 €","1,99 €/Unidade"
Doce de tomate 60% fruta,Cemporcent,Embalagem de 280g,"5,99 €","19,97 €/Kg"
Biscoito para Cão Mini Sticks,Purina One,Embalagem de 90 g,"0,85 €","4,72 €/Kg"
Caçarola Alumínio Anti-Aderente 20Cm,PorSi,1 unidade,"9,99 €/Unidade","9,99 €/Unidade"
"Rebuçados sem açúcar, mentho-lyus",Halls,Embalagem de 128 g,"0,77 €","3,85 €/Kg"
Peito de peru fumado cuida-t +,Nobre,"Vendido ao peso a partir de 100 g, fatiado","2,25 €","11,25 €/Kg"
Cereais de cacau sem glúten,Schar,Embalagem de 250g,"2,99 €","7,97 €/Kg"
Whisky,William Lawson's,1 l,"11,49 €","16,41 €/L"
Amendoins Torrados,Nuts Original,Embalagem de 130 g,"0,79 €","7,90 €/Kg"
Infusão principe,Cemporcent,Embalagem de 10 unidades,"0,79 €","60,77 €/Kg"
Conjunto 4 Velas Litúrgicas Brancas,Codipostal,1 unidade,"1,29 €","1,29 €/Unidade"
Bolacha wafer baunilha,PorSi,Embalagem de 180g,"0,98 €","4,67 €/Kg"
Alimento húmido de vaca para cão,Purina Beyond,Embalagem de 400 g,"2,30 €/Kg","2,30 €/Kg"
Aperitivos de amendoim com sal e mel,Matutano,Embalagem de 150g,"0,79 €","7,90 €/Kg"
Água mineral natural alcalina,MONCHIQUE,"6x1,5l","1,04 €","0,17 €/L"
"Busca Polos, grande",Itools,1 unidade,"4,99 €","4,99 €/Unidade"
Tablete de chocolate com avelãs inteiras sem glúten,Regina,Embalagem de 100 g,"10,52 €/Kg","10,52 €/Kg"
Bebida energética green,Monster,Garrafa de 500 ml,"5,39 €","5,39 €/L"
Leite meio-gordo bio,PorSi Bio,Garrafa de 1 litro,"0,81 €","0,81 €/L"
Salsichas de quinoa bio,Cemporcent,Embalagem de 200g,"0,99 €","7,07 €/Kg"
Wafer cacau cubos,Vieira,Embalagem de 100g,"0,98 €","4,67 €/Kg"
Infusão cidreira,Cemporcent,Embalagem de 10 unidades,"0,79 €","60,77 €/Kg"
Arroz agulha,Saludães,Embalagem de 1kg,"0,99 €","0,99 €/Kg"
Atum posta em óleo,Noro,Lata com 110 g,"7,08 €/Kg","7,08 €/Kg"
Couve Roxa,Legumes do Dia,1 un= 1kg (aprox.),"1,99 €","1,99 €/Kg"
Pringles flame kickin sour cream,Pringles,Embalagem de 160g,"0,79 €","7,90 €/Kg"
Ambientador gel floral,PorSi,150 g,"14,30 €/L","14,30 €/L"
Crispies de arroz +,Cemporcent,Embalagem de 250g,"1,19 €","2,38 €/Kg"
Néctar pêssego,Compal,Pack 3 x 200 ml,"0,99 €","0,99 €/L"
Snacktoon rupy frutos variados,Bledina,Embalagem de 100g,"2,29 €","6,94 €/L"
Biscoitos brownies,PorSi,Embalagem de 230g,"5,47 €/Kg","5,47 €/Kg"
Pizza de bolonhesa,PorSi,Embalagem de 350g,"1,96 €","5,60 €/Kg"
Balde + Espremedor,Fapil,unidade,"17,00 €","17,00 €/Unidade"
Esparguete fino,Nacional,Embalagem de 500g,"0,89 €","1,78 €/Kg"
Queijinhos Babybel Mix,Babybel,Embalagem de 180g,"0,82 €","23,43 €/Kg"
Insuflável lounge candy,Bestway,1 unidade,"2,99 €","2,99 €/Unidade"
Geleia de morango,Casa de Mateus,Embalagem de 345 g,"3,29 €","9,54 €/Kg"
"Pasta de arquivo, lombada estreita, vermelha",Domédia,1 unidade,"2,99 €","2,99 €/Unidade"
Feijão frade,Caçarola,Embalagem de 500 g,"0,95 €","1,90 €/Kg"
Mostarda em frasco,Savora,Embalagem de 190g,"0,70 €","2,33 €/Kg"
Iogurte líquido bifidus natural açucarado,PorSi Viva Bem,Embalagem de 4 x 160 g,"2,79 €","6,07 €/Kg"
Vinho regional lisboa tinto,Res.cortes,Garrafa de 750 ml,"3,99 €","5,32 €/L"
Anti-Traça Alimentos,Dum Dum,2 unidades,"5,99 €","176,18 €/Kg"
Nuggets pescada panada,Pescanova,Embalagem de 1Kg,"1,64 €","6,56 €/Kg"
Iogurte 0% pedaços muesli e cereal,Longa vida,Embalagem de 4 x 120 g,"4,36 €","2,18 €/Kg"
Açafrão das Índias,PorSi,Embalagem de 50g,"0,20 €","0,20 €/Kg"
Pão de Forma Cerealia 14 Cereais e Sementes 0% Açúca...,Panrico,Embalagem de 440g,"0,99 €","1,65 €/Kg"
Pudim zero mirtilo 22g,Condi,Embalagem de 20g,"0,59 €","29,50 €/Kg"
Espreguiçadeira malibu antracite,Joluce,190 x 66 x 42 cm,"5,99 €","5,99 €/Unidade"
Toalha Hamman Rosa/Amarelo/Verde,Benetton,Dim.: 80 x 165 cm,"4,49 €","4,49 €/Unidade"
4 hamburguers vaca s/ glúten,Capitão Iglo,Embalagem de 320g,"2,79 €","8,72 €/Kg"
Camarão vannamei 24/40,Pescanova,Embalagem de 800g,"8,99 €","25,69 €/Kg"
Ambientador vela odor animais,PorSi,1 unidade,"9,49 €","45,19 €/Kg"
Maçã 60/70 Económica,Fruta do Dia,1 un = 130 gr (aprox.),"0,34 €","2,29 €/Kg"
Saqueta puré de fruta e bolacha,PorSi,Embalagem de 90g,"0,74 €","8,22 €/Kg"
Bife do Pojadouro,Novilho,Vendido ao peso a partir de 800 g,"3,29 €","8,23 €/Kg"
Iogurte natural magro sem lactose,Mimosa,Embalagem de 4x 120 g,"0,99 €","1,98 €/Kg"
Feijao catarino,Caçarola,Embalagem de 500 g,"0,95 €","1,90 €/Kg"
Chocolate branco sem açúcar,Cemporcent,Embalagem de 100g,"2,89 €","23,12 €/Kg"
Desengordurante de Vitrocerâmica/Indução 3 em 1 |Spr...,Vitroclen,Embalagem de 450 ml,"1,29 €","1,72 €/L"
Plantanatur super cartilagem de tubarão,PLANTANATU,Embalagem de 1 unidades,"7,59 €","126,50 €/Kg"
Ambientador recarga oasis turquesa,Air Wick,Garrafa de 250 ml,"5,99 €","23,96 €/L"
Serrote com Ferro,Itools,1 unidade,"4,99 €","4,99 €/Unidade"
"Máquina depiladora descartável, Blue II Feminina",Gillette,Embalagem de 5+1 unidades,"12,99 €","12,99 €/Unidade"
Café em cápsulas dolce gusto galão,Nescafe,Embalagem de 16 cápsulas,"54,36 €/Kg","54,36 €/Kg"
Macchiato café arábica,PorSi,250 ml,"3,09 €","24,72 €/Kg"
Escova de Dentes 1-2-3 Shiny Clean,Oral B,4 unidades,"3,49 €","3,49 €/Unidade"
Super Napolitana Creme 125 g,Pastelaria do Dia,1 un = 125 g (aprox.),"0,69 €","0,69 €/Unidade"
Arroz carolino,Louro,Embalagem de 1 kg,"0,99 €","0,99 €/Kg"
Fita Adesiva Brico Facil Especial Dupla Face,Ceys,1 unidade,"2,59 €","86,33 €/Kg"
Bolachas mini,Oreo,Embalagem de 160g,"0,79 €","4,49 €/Kg"
Hipo estrelinhas,Vtech Baby,1 unidade,"11,99 €/Unidade","11,99 €/Unidade"
Leite seleccionado meio gordo,Matinal,Garrafa de 1 l,"0,81 €","0,81 €/L"
Aguardente,1920,Garrafa de 700 ml,"12,79 €","18,27 €/L"
Inseticida Aerossol Casa&Plantas,Raid,1 Embalagem 600ml,"5,49 €","13,73 €/L"
Joya bebida de arroz 0% açúcares uht,Joya,Garrafa de 1 l,"2,19 €","2,19 €/L"
Pensos Incontinência Mulher Lady Super,Tena,30 unidades,"1,95 €","1,95 €/Unidade"
Penso de incontinência normal,Ausonia Discreet,Embalagem de 12 un.,"1,95 €","1,95 €/Unidade"
"Quadrado trufa, 3 unidades",Dulcesol,Embalagem de 210 g,"2,05 €","5,13 €/Kg"
Pão com Cereais 125 g,Pão do Dia,,"0,19 €","2,38 €/Kg"
Peluche,Peppa Pig,50 cm,"11,99 €/Unidade","11,99 €/Unidade"
Bolachas Vitalday crocantes aveia e chocolate de lei...,Gullon,Embalagem de 300g,"2,15 €","2,87 €/Kg"
Bolachas marinheiras s/ sal,Cemporcent,Embalagem de 200g,"1,45 €","11,15 €/Kg"
Iogurte magro morango sem lactose,Mimosa,Embalagem de 4x 120 g,"0,99 €","1,32 €/Kg"
Super pequeno almoço instantâneo de curcuma e abóbor...,Origensbio,Embalagem de 300 g,"0,99 €","1,98 €/Kg"
Canela em pau,PorSi,Saqueta de 30 g,"0,20 €","0,20 €/Kg"
Sumo essencial pera,Compal,pack 3 x 0.11 l,"2,29 €","6,94 €/L"
Leite condensado,PorSi,Embalagem de 397 g,"1,09 €","2,75 €/Kg"
Cogumelos laminados,PorSi,Embalagem de 185 g,"1,79 €","2,29 €/Kg"
Rhum negrita white,Negrita,Garrafa de 700 ml,"16,49 €","23,56 €/L"
Actimel tutti-frutti,Danone,Embalagem de 6 x 100g,"4,15 €/Kg","4,15 €/Kg"
Corrida de automóveis,Olivo,1 unidade,"9,99 €/Unidade","9,99 €/Unidade"
Ovos de galinha ao ar livre | Classe: M/L,Matinados,6 unidades,"1,39 €","1,39 €/Unidade"
Dispensador com sacos higiénicos para animal,Canaillou,2 x 20 unidades,"1,19 €","0,24 €/Kg"
Barras fitness chocolate de leite,Nestle,Embalagem de 135 g,"1,29 €","10,24 €/Kg"
Palhinhas brancas em biomaterial,PorSi,Embalagem com 25 unidades,"0,95 €","0,95 €/Unidade"
Azeite de moura virgem extra bio,PorSi Bio,Garrafa de 500 ml,"3,19 €","4,25 €/L"
Néctar light de manga/laranja,Compal,Pack 3 x 200 ml,"0,79 €","2,39 €/L"
"Coloração permanente, preto natural, nº3",Excellence,1 unidade,"9,49 €/Unidade","9,49 €/Unidade"
Fraldas agility T5 de 13 a 18 kg,PorSi,44 unidades,"5,89 €","5,89 €/Unidade"
Collant mousse muskade 20D,PorSi,Tamanho: xl,"1,99 €","1,99 €/Unidade"
Piscina fast set,Bestway,Dim.: 244 x 61 cm,"2,99 €","2,99 €/Unidade"
Pensos para picadas de insetos,PorSi,10 unidades,"2,86 €","2,86 €/Unidade"
Leite uht magro,Mimosa,Embalagem de 1 litro,"0,81 €","0,81 €/L"
Na-fpequilib/integral 6kg,Nacional,Embalagem de 1 kg,"1,99 €","1,99 €/Kg"
Bolacha shortcake chocolate,Nacional,Embalagem de 180g,"1,69 €","6,76 €/Kg"
Ambientador Arbre Baunilha,Arbre Magique,3 unidade,"1,99 €","1,99 €/Unidade"
Queijo Raclette 48% MG,Terrier,Vendido ao peso a partir de 250 gr,"2,39 €","11,95 €/Kg"
Leite evaporado,PorSi,Embalagem de 410g,"1,09 €","2,75 €/Kg"
Nêspera,Fruta da Época,1 un = 250 gr  (aprox.),"0,47 €","1,89 €/Kg"
Batata pom'duchesse,PorSi,Embalagem de 600g,"1,39 €","1,39 €/Kg"
Brandy,ON/OFF,Garrafa de 700 ml,"11,49 €","16,41 €/L"
Bicarbonato de sódio,Vatel,Embalagem de 400g,"1,49 €","18,17 €/Kg"
Cadeira Caribe Antracite,Joluce,Dim.: 57 x 54 x 85 cm,"5,99 €","5,99 €/Unidade"
Chocolate pastilhas,Pantagruel,Embalagem de 200g,"1,04 €","8,32 €/Kg"
Gelado cornetto morango,Olá,Embalagem de 6 x 90 ml,"5,99 €","16,64 €/L"
Pudim flan,El mandari,Embalagem de 10g,"0,59 €","29,50 €/Kg"
"Bombons de chocolate, praleine",Schogetten,Embalagem de 100g,"5,30 €/Kg","5,30 €/Kg"
Vinho bag-in-box tinto,C.alqueva,Garrafa de 5 l,"9,49 €","1,90 €/L"
Pescoços,Frango,1 un = 200 gr (aprox.),"0,55 €","5,49 €/Kg"
Party & co junior,Diset,1 unidade,"9,99 €/Unidade","9,99 €/Unidade"
Batata pré-frita para forno,PorSi,Embalagem de 750 g,"1,39 €","1,39 €/Kg"
Salsichas extra suculentas de frango,Nobre,Frasco de 210g,"0,75 €","3,75 €/Kg"
Caramelos carachoco,LUTTI,Embalagem de 150 g,"2,75 €","11,00 €/Kg"
Camarão Selvagem Madagáscar 60/80,Nossa seleção,vendido ao peso,"1,75 €","6,99 €/Kg"
Cadeira Dobrável Bali Branca,Joluce,90 x 60 cm,"8,99 €","8,99 €/Unidade"
Tablete de chocolate meio amargo,Toblerone,Embalagem de 100g,"16,67 €/Kg","16,67 €/Kg"
Spray wc active clean wild,Ambipur,750 ml,"1,79 €","2,39 €/L"
Baba de camelo,Brilha ali,140 ml,"1,79 €","12,79 €/L"
Filetes primavera alho & ervas,Iglo,Embalagem de 230g,"1,64 €","6,56 €/Kg"
Atum filete manjericão + tomate,Tenorio,Embalagem de 120g,"7,08 €/Kg","7,08 €/Kg"
Sumo natural de cenoura bio,Cemporcent,Garrafa de 200 ml,"2,19 €","2,19 €/L"
Gin london dry 40,Bulldog,Embalagem de 0.70L,"19,79 €","19,79 €/L"
Banha,PorSi,Embalagem de 940 g,"2,39 €","2,39 €/Kg"
Patê frango,La piara,Embalagem de 80g,"1,19 €","13,52 €/Kg"
Salame fatiado,PorSi,Embalagem de 200g,"1,35 €","16,88 €/Kg"
"Leite uht, magro",Serraleite,Embalagem de 1 l,"0,81 €","0,81 €/L"
Escova para lavar,PorSi,1 unidade,"2,20 €","2,20 €/Unidade"
Bolachas ricanela,Cuetara,Embalagem de 400g + 100g grátis,"0,39 €","3,12 €/Kg"
Néctar de laranja,Bongo,Garrafa de 1 l,"0,99 €","0,99 €/L"
Queijo creme de camembert,Président,embalagem de 125 g,"2,39 €","11,95 €/Kg"
Maçã Starking 70/75,Programa Origens,1 un = 150 gr (aprox.),"0,34 €","2,29 €/Kg"
Boneca Gi com Som,Concentra,1 unidade,"11,99 €/Unidade","11,99 €/Unidade"
Batata pré-frita noisette,PorSi,Embalagem de 1 kg,"1,39 €","1,39 €/Kg"
Chá peso noite,PLANTANATU,Embalagem de 10 unidades,"1,19 €","1,19 €/Unidade"
Balões latex verde,PorSi,Embalagem com 24 unidades,"0,59 €","0,59 €/Unidade"
Pó de talco,PorSi,Embalagem de 250g,"0,59 €","5,90 €/L"
Bacalhau desfiado,Pescanova,Embalagem de 400 g,"5,39 €","6,74 €/Kg"
Pudim flan,PorSi,Embalagem de 4 x 5.6 g,"0,59 €","29,50 €/Kg"
"Bolacha belvita soft brakes, frutos vermelhos",Belvita,Embalagem de 250g,"1,14 €","3,80 €/Kg"
Toalha em rolo papel azul,PorSi,1 Unidade,"3,45 €","3,45 €/Unidade"
Café Torrado em Grão Colômbia,Delta,Embalagem de 220g,"9,16 €/Kg","9,16 €/Kg"
Vinho maduro branco,Ala dos namorados,Garrafa de 75 cl,"2,29 €","3,05 €/L"
Amido de milho,PorSi,Embalagem de 400g,"1,49 €","18,17 €/Kg"
"Vinho branco, região do alentejo, bag in the box",Navegante,Embalagem de 5 l,"9,49 €","1,90 €/L"
Conjunto para bar,Jomafe,4 peças,"11,49 €","11,49 €/L"
Conjunto Caravan Nº1,Caravan,1 unidade,"9,99 €","9,99 €/Unidade"
Vinho do porto special reserve,V.alegre,Garrafa de 750 ml,"10,99 €","14,65 €/L"
Collant mousse preta 20D,PorSi,Tamanho: l,"1,99 €","1,99 €/Unidade"
Iogurte natural,Danone,Embalagem de 8x120g com 1 unidade grátis,"0,99 €","1,98 €/Kg"
Cerveja preta,Sagres,pack de 6 x 25 cl,"1,99 €/L","1,99 €/L"
Sabonete extra suave de limão,Labell,Embalagem de 2x100 g,"1,99 €","12,44 €/Kg"
"Polpa de maracujá, em lata",Koala,Embalagem de 570g,"3,79 €","6,65 €/Kg"
Licor frutos tropicais,Safari,Garrafa de 700 ml,"16,99 €","24,27 €/L"
Recarga Esfregona de Microfibras,PorSi,1 unidade,"0,89 €","0,89 €/Unidade"
Termo drena rapid,PLANTANATU,Garrafa de 500 ml,"7,59 €","126,50 €/Kg"
Tarteletes morango doses 192g,Vieira,Embalagem de 190g,"4,60 €/Kg","4,60 €/Kg"
Bolachas mini chips ahoy,Ca!,Embalagem de 160g,"5,47 €/Kg","5,47 €/Kg"
Spray Ideal Bronze IP20,Ambre Solaire,Embalagem de 200 ml,"10,99 €","54,95 €/L"
Detergente Líquido Máquina Roupa Lavanda,Xau,Embalagem com 62 doses,"8,49 €","1,80 €/Kg"
Bebida essencial frutos vermelhos,Compal,Pack 3 x 0.11 l,"2,29 €","6,94 €/L"
Néctar 8 frutos,Bongo,Pack 6 x 200 ml,"0,99 €","0,99 €/L"
Camarão cozido 60/80,PorSi,Vendido ao peso a partir de 350 g,"2,25 €","8,99 €/Kg"
Sopa de feijão verde,*,Vendido ao peso,"1,69 €","2,11 €/Kg"
Levedura de cerveja,Salutem,Embalagem de 150g,"2,29 €","11,45 €/Kg"
Creme vegetal sabor a manteiga magra,Planta,Embalagem de 250 gr,"1,39 €","6,95 €/L"
Balões latex rosa,PorSi,Embalagem com 24 unidades,"0,59 €","0,59 €/Unidade"
Creme de ovos moles,Fabridoce,Embalagem de 300g,"4,99 €","16,63 €/Kg"
Lava tudo para pavimentos de madeira,Ajax,Embalagem de 1 litro,"4,39 €","14,63 €/L"
Penso júnior,PorSi,20 unidades,"2,86 €","2,86 €/Unidade"
Delta solúvel intenso,Delta,Embalagem de 200g,"14,50 €/Kg","14,50 €/Kg"
Queijo flamengo em Barra,Gresso,"Vendido ao peso, fatiado a partir de 100 gr","1,49 €","7,45 €/Kg"
Dentífrico Complete Elixir e Branqueador,Oral B,Embalagem de 75 ml,"2,29 €","30,53 €/L"
Forma de papel para bolos 6. 8cm,PorSi,Embalagem com 60 unidades,"0,54 €","0,54 €/Unidade"
Água c/ gás limão,Frize,pack 4 x 0.25 l,"2,85 €","2,85 €/L"
Iogurte aroma de banana,PorSi,Embalagem de 4x125g,"1,87 €","1,25 €/Kg"
Fel da terra planta inteira,Cemporcent,Embalagem de 40g,"1,19 €","2,38 €/Kg"
Folhado Queijo e Oregões,Pastelaria do Dia,1 unidade 90G,"0,65 €","0,65 €/Unidade"
Sumo concentrado de laranja,GUD,Garrafa de 740 ml,"4,79 €","6,47 €/L"
Café em cápsulas deqafeitatus,Delta Q,Embalagem de 55 g,"54,36 €/Kg","54,36 €/Kg"
Balões latex mistos,PorSi,Embalagem com 24 unidades,"0,59 €","0,59 €/Unidade"
Spray de lavagem a seco delicado,Day 2,200 ml,"0,99 €","2,48 €/Kg"
Fidget Toys,Science4You,1 unidade,"9,99 €/Unidade","9,99 €/Unidade"
Toalha Hamman Vermelha,Benetton,80 x 165 cm,"2,99 €","2,99 €/Unidade"
Uva Branca sem grainha,Fruta do Dia,Embalagem de 500 g,"2,23 €","0,89 €/Kg"
Bife da Pá,Novilho,Vendido ao peso a partir de 800 g,"3,29 €","8,23 €/Kg"
Pudim caseiro de laranja,Royal,Embalagem de 200g,"0,59 €","29,50 €/Kg"
Bolachas digestive finas de chocolate negro,Triunfo,Embalagem de 170 g,"4,60 €/Kg","4,60 €/Kg"
Acendalha Querosene,Quinas,Uma embalagem - 32Unidades,"0,75 €","0,75 €/Unidade"
Ração para Gato Esterilizado com Vaca,Purina One,"Embalagem de 1,5 kg","12,99 €","4,33 €/Kg"
Pensos higiénicos Cottonlike Super Plus Com Abas,Evax,10 unidades,"4,89 €","4,89 €/Unidade"
Marmelada,PorSi,Embalagem de 450g,"1,09 €","2,42 €/Kg"
Néctar clássico de pera,Compal,Garrafa de 200 ml,"0,99 €","0,99 €/L"
Mistura para exóticos,Canto Alegre,Embalagem de 1K,"2,49 €","2,49 €/Kg"
Infusão carqueja,Cemporcent,Embalagem de 10 unidades,"0,79 €","60,77 €/Kg"
Copos para café 80 ml,Aj simoes,Embalagem com 25 unidades,"0,89 €","0,89 €/Unidade"
"Guardanapos brancos, gold, folga dupla, 40x40cm, 75 ...",Renova,1 embalagem,"1,28 €","1,28 €/Unidade"
Rolo Cozinha Meia Folha Adapt,Colhogar,2 rolos,"4,99 €","4,99 €/Unidade"
Fiambre da perna extra baixo teor de gordura fatias ...,PorSi Viva Bem,Embalagem de 200 g,"0,97 €","6,49 €/Kg"
Maçã crocante,Fruut,Embalagem de 100g,"0,79 €","7,90 €/Kg"
Chocolate de leite e amêndoas,Milka,Embalagem de 125g,"10,52 €/Kg","10,52 €/Kg"
Café Moagem Universal Honduras,PorSi,Embalagem de 220g,"9,16 €/Kg","9,16 €/Kg"
"Infusãoo mirtilo/acai, 20 saquetas",Tetley,Embalagem de 40g,"0,79 €","60,77 €/Kg"
Pao brioche fatiado,PorSi,Embalagem 500G,"0,99 €","1,65 €/Kg"
Feijoada transmontana,Nobre,Embalagem de 420g,"2,35 €","5,60 €/Kg"
"Comida húmida para cão adulto com frango, vaca e bor...",Friskies,Embalagem de 400g,"2,30 €/Kg","2,30 €/Kg"
Mirtilos Categoria: II,*,Embalagem de 500 g,"2,19 €","17,52 €/Kg"
"Palmilha de cortiça com latex, tamanho 42/43",Sonaf,1 unidade,"5,49 €","36,60 €/L"
Bacalhau Especial Asa Branca,Bacalhau da Noruega,1 un= 4 kg (aprox.),"8,73 €/Kg","8,73 €/Kg"
Pano Microfibras Colors XL,Vileda,Embalagem com 4 un.,"1,69 €","1,69 €/Unidade"
Gel ativo com lixívia,PorSi,Embalagem de 1.5 l,"1,19 €","0,79 €/L"
Iogurte líquido magro com kiwi sem lactose,Mimosa,4 x 156 ml,"0,99 €","1,98 €/Kg"
"Rebuçados sem açucar vita c, sabor citrinos",Halls,Embalagem de 32G,"0,77 €","3,85 €/Kg"
After Shave Bálsamo Sensitive Cool,Nivea Men,Embalagem de 100 ml,"1,16 €","4,64 €/L"
Ambientador vela oud desire,Glade,1 unidade com 129 g,"9,49 €","45,19 €/Kg"
Caramelos de fruta multisabor single,Sugus,Embalagem de 50g,"1,19 €","4,76 €/Kg"
Salada de fruta em calda,PorSi,Embalagem de 3 x 220 g,"1,99 €","2,37 €/Kg"
"Lava tudo, vinagre",Cif,"Garrafa de 1,4 l","0,89 €","0,45 €/L"
"Agrafos nº24/6, 2000 unidades",Maped,Uma embalagem,"2,25 €","2,25 €/Unidade"
Acetona,PorSi,Embalagem de 200 ml,"1,89 €","9,45 €/L"
Insuflável gelado,Bestway,1 unidade,"34,99 €","34,99 €/Unidade"
Café c/ cafeína intenso,Nescafe,Embalagem de 100g,"14,50 €/Kg","14,50 €/Kg"
Bifes da rabadilha de novilho,PorSi,Embalagem de 400 g,"3,29 €","8,23 €/Kg"
Esfregão de fibra com cabo depósito com detergente,Fino,embalagem com 5 un. + 1 un.,"2,54 €","2,54 €/Unidade"
Bolachas cream cracker sesamo,Vieira,Embalagem de 200g,"0,39 €","3,12 €/Kg"
Iogurte mix-in smarties baunilha,Nestle,Embalagem de 2 x 128 g,"1,05 €","1,86 €/L"
Cereais fitness,Nestle,Embalagem de 630g,"3,45 €","26,74 €/Kg"
Queijo flamengo fatias light,PorSi,Embalagem de 200g,"1,49 €","7,45 €/Kg"
Snack para cão adulto com frango,Friskies,Embalagem de 200g,"0,85 €","4,72 €/Kg"
Doce light frutos vermelhos,PorSi,Embalagem de 340g,"4,39 €","17,56 €/Kg"
Almôndegas de bovino,PorSi,Embalagem de 400 g,"3,53 €","8,83 €/Kg"
Bolo de Arroz 70 g,*,,"0,69 €","0,69 €/Unidade"
Cadeira em madeira dobrável,*,Dim.: 55 x 44 x 84 cm,"5,99 €","5,99 €/Unidade"
Abobora cubos,PorSi,Embalagem de 500g,"1,89 €","1,89 €/Kg"
Legumes grelhados,PorSi,Embalagem de 750g,"1,89 €","1,89 €/Kg"
Borracha para lápis e tinta,Domédia,1 unidade,"3,09 €","3,09 €/Unidade"
Óleo bronzeador intenso Coco,Hawaiian Tropic,Embalagem de 200 ml,"10,99 €","54,95 €/L"
Entremeada salgada,Prisca,Embalagem de 150g,"1,45 €","18,13 €/Kg"
Miolo de camarão 80/100,Pescanova,Embalagem de 350g,"8,99 €","25,69 €/Kg"
Cabo de metal com rosca,PorSi,1.20 m,"2,20 €","2,20 €/Unidade"
Peito de frango,PorSi,Embalagem de 400 g,"1,05 €","2,99 €/Kg"
Cadeira Auto Befix Grupo 2/3,Nania,1 unidade,"42,99 €","42,99 €/Unidade"
Spray tira gorduras,Cillitbang,Garrafa de 500 ml,"1,19 €","0,79 €/L"
Fita adesiva com desenrolador easyc,Tesa,1 unidade,"1,95 €","97,50 €/L"
Bebida de soja-arroz,Shoyce,Garrafa de 1 l,"2,19 €","2,19 €/L"
Bolacha de aveia e laranja sem glúten,Gullon,Embalagem de 180 g,"4,29 €","20,43 €/Kg"
Vassoura cruzeta,PorSi,1 unidade,"2,20 €","2,20 €/Unidade"
Água Tónica Zero,Schweppes,Garrafa de 1 l,"5,39 €","5,39 €/L"
Ração para gato esterilizado com peru,Friskies,Embalagem de 3 kg,"12,99 €","4,33 €/Kg"
Muesli nozes,PorSi,500 g,"6,95 €","6,95 €/Kg"
Iogurte Pedaços Ananás 0% Matéria Gorda/Açúcares,Danone,4 x 120 g,"2,79 €","6,07 €/Kg"
Pastilhas melão e melancia,Trident,Embalagem de 20g,"0,22 €","14,67 €/Kg"
"Vinho rosé, meio seco",Leziria,Garrafa de 750 ml,"4,29 €","5,72 €/L"
Água c/ gás groselha,Frize,pack 4 x 0.25 l,"2,85 €","2,85 €/L"
Pensos clássicos,PorSi,20 unidades,"2,86 €","2,86 €/Unidade"
Nestum 5 cereais,Nestum,Embalagem de 250g,"2,19 €","8,76 €/Kg"
Bolachas cacau com cereais e pepitas de chocolate,PorSi,Embalagem de 400 g,"5,47 €/Kg","5,47 €/Kg"
Polpa tomate tetra,PorSi,Embalagem de 210g,"3,69 €","23,06 €/Kg"
"Inseticida, recarga, elétrico, pack 2",Raid,1 embalagem com 2x27ml,"6,89 €","6,89 €/Unidade"
Leite Bem Essencial Chocolate,Mimosa,Embalagem de 4 x 200 ml,"0,26 €","1,30 €/L"
Gelado magnum after dinner,Olá,Embalagem de 10 x 35 ml,"5,99 €","16,64 €/L"
Posta de Garoupa Congelada,PorSi,Vendido ao peso a partir de 350 g,"4,00 €","7,99 €/Kg"
Base de guarda sol em plástico 45 litros,Ideegarden,1 unidade,"8,99 €","8,99 €/Unidade"
"Ice tea, pêssego",PorSi,"Embalagem de 6x0,20 l","0,99 €","0,66 €/L"
Acumulador térmico 400 g,Atlantic,1 un.,"10,99 €","10,99 €/Unidade"
Plantanatur gorduras dia e noite refeições,PLANTANATU,Embalagem de 1 unidades,"7,59 €","126,50 €/Kg"
Lápis de cera,Giotto,embalagem com 12 unidades,"4,69 €","4,69 €/Unidade"
Palito com pele original style,MCCAIN,Embalagem de 500g,"1,39 €","1,39 €/Kg"
Limpa Motores,PorSi,Embalagem de 1 l,"3,99 €","0,80 €/L"
Detergente Manual de Loiça Rosa & Cetim,Fairy,Embalagem de 500 ml,"0,99 €","1,98 €/L"
Chocolate negro 90% cacau bio,Cemporcent,Embalagem de 100g,"2,89 €","23,12 €/Kg"
Pasta dentífrica,Couto,Embalagem de 60 ml,"2,29 €","30,53 €/L"
Farinha de chia,Salutem,Embalagem de 200g,"2,29 €","11,45 €/Kg"
Pilha alcalina classic lr14x2,Domédia,1 unidade,"1,99 €","1,99 €/Unidade"
Computador,Panda,1 unidade,"11,99 €/Unidade","11,99 €/Unidade"
Grelha Quadrada Nº4 Zincada,Jomafe,"32x23 cm, 1 unidade","0,75 €","0,75 €/Unidade"
Vinho verde branco loureiro,Q.REGAINHO,Garrafa de 0.75 l,"1,54 €","2,05 €/L"
Farinha de trigo sem fermento t65,PorSi,Embalagem de 1 kg,"1,99 €","1,99 €/Kg"
Bolachas cacau com recheio baunilha,PorSi,Embalagem de 176 g,"0,79 €","4,49 €/Kg"
Bebida de Soja Natural,PorSi Viva Bem,Pack: 3 x 200 ml,"2,49 €","2,49 €/L"
Snack Delight M,8in1,embalagem de 65g,"0,85 €","4,72 €/Kg"
Bolacha dibus sharkies s/ glúten,Gullon,Embalagem de 250g,"1,89 €","15,75 €/Kg"
Atum posta ao natural,Bom petisc,Embalagem de 120 g,"7,08 €/Kg","7,08 €/Kg"
"Gel banho, hidratante lactourea",Lactovit,Embalagem de 650 ml,"6,49 €","8,65 €/L"
Óleo 10w40 Semi-Sintectico,PorSi,Embalagem de 1 l,"13,99 €","13,99 €/L"
Spray recarga limpeza da cozinha,Cif,embalagem de 70 ml,"0,79 €","0,79 €/L"
Iogurte magro natural,Longa vida,Embalagem de 6 x 120 g,"0,99 €","1,32 €/Kg"
Serpentinas,Mercagranel,Embalagem 20 Rolos,"0,59 €","0,59 €/Unidade"
Mousse limpeza refresh,Labell,Embalagem com 150ml,"12,48 €/L","12,48 €/L"
Aditivo em pó máquina pink,Vanish,Embalagem de 1.2 kg,"7,99 €","19,02 €/Kg"
Fralda Cueca Banho Splashers T4,Dodot,1 Embalagem c/11 unidades,"14,99 €","14,99 €/Unidade"
Iogurte fruta batida morango,Mimosa,Embalagem de 480g,"1,49 €","2,98 €/Kg"
Manjericão,PorSi,20 g,"0,89 €","17,80 €/Kg"
Bolachas belgas manteiga,PorSi,Embalagem de 250g,"1,69 €","6,76 €/Kg"
Leite condensado,Nestle,Embalagem de 370g,"1,09 €","2,75 €/Kg"
Removedor de bolores e fungos,Uhu,Embalagem de 500 ml,"1,79 €","2,39 €/L"
"Água com gás, sabor limão",PorSi,"Embalagem de 6x0,25 l","2,85 €","2,85 €/L"
"Bolas de algodão, cores, com 100 unidades",PorSi,1 embalagem,"2,86 €","2,86 €/Unidade"
Comida húmida para gato carnes e legumes com molho,PorSi,Embalagem de 1.2 kg,"3,49 €","10,26 €/Kg"
Mesa Joker Rattan,Ipae,Dim.: 138 x 78 x 72 cm,"5,99 €","5,99 €/Unidade"
Nata uht 0% lactose,Parmalat,Embalagem de 200 ml,"0,69 €","3,45 €/L"
Lapiseira Velocity + 12minas,Bic,1 unidade,"2,49 €","2,49 €/Unidade"
Champô Purificante,Pantene,640ml,"5,59 €","13,98 €/L"
Preparado em pó para pudim flan,El mandari,Embalagem de 19.2 g,"0,59 €","29,50 €/Kg"
Ervilhas bio,PorSi Bio,Frasco com 290 g,"2,99 €","5,98 €/Kg"
Massa macarronete riscado,PorSi,Embalagem de 500g,"0,89 €","1,78 €/Kg"
Café solúvel c/ cafeína,Delta,Embalagem de 100g,"14,50 €/Kg","14,50 €/Kg"
Papaia em calda,Globo,Embalagem de 425g,"1,99 €","2,37 €/Kg"
Big burger frango,Capitão Iglo,Embalagem de 230g,"3,53 €","8,83 €/Kg"
Pensos higiénicos liberty super abas,Evax,Embalagem com 10 un.,"4,89 €","4,89 €/Unidade"
Néctar light manga/laranja,Compal,330 ml,"0,79 €","2,39 €/L"
Ursinho,Baby Clementoni,1 unidade,"11,99 €/Unidade","11,99 €/Unidade"
Leite uht gordo com rosca,PorSi,Embalagem de 1 litro,"0,94 €","0,94 €/L"
Resguardo de colchão impermeável,PorSi,40 x 80 cm,"4,99 €/Unidade","4,99 €/Unidade"
Estojo Unicórnio c/ Acessórios,Sweet Dreams,1 unidade,"11,99 €/Unidade","11,99 €/Unidade"
Panado de espinafres e queijo vegetariano,Garden Gourmet,Embalagem de 180g,"9,30 €/Kg","9,30 €/Kg"
Farinha de fubá de milho,Nacional,Embalagem de 1 kg,"1,99 €","1,99 €/Kg"
Café em grão 5 estrelas,Sical,Embalagem de 250g,"9,16 €/Kg","9,16 €/Kg"
Pudim de caramelo,Boca Doce,Embalagem de 20g,"0,59 €","29,50 €/Kg"
Iogurte Oikos de Ananás,Danone,Embalagem de 4x110g,"1,49 €","2,98 €/Kg"
Salsichas de porco tipo estrasburgo,Monique Ranou,Embalagem  de 210G,"0,99 €","7,07 €/Kg"
Miolo de amêndoa sem pele inteira,PorSi,200 g,"0,99 €","4,95 €/Kg"
Ração para gato adulto de interior,Friskies,Embalagem de 3 kg,"12,99 €","4,33 €/Kg"
Purificador de água,Tetra,Embalagem de 1 l,"7,29 €","7,29 €/L"
Gogo SqueeZ Snack Pêssego,Gogo,Embalagem de 90g,"2,29 €","6,94 €/L"
Ambientador sense e spray lavanda e jasmim,Glade,18 ml,"3,49 €/Unidade","3,49 €/Unidade"
Ambientador Arbre Limão,Arbre Magique,3 unidade,"1,99 €","1,99 €/Unidade"
Arroz longo extra integral,Cacarola,Embalagem de 1 kg,"1,19 €","2,38 €/Kg"
Fruta Compal Essencial Laranja,Compal,pack de 3 x 110 ml,"2,29 €","6,94 €/L"
Farinha coco bio,Origensbio,Embalagem de 250g,"1,89 €","3,78 €/Kg"
Arroz extra longo branco,Oriente,Embalagem de 1kg,"0,99 €","0,99 €/Kg"
Azeite Subtil,Gallo,Garrafa de 750 ml,"3,19 €","4,25 €/L"
Soja grossa,Cemporcent,Embalagem de 400g,"2,09 €","8,36 €/Kg"
Jogo Batalha Naval + Damas,Clementoni,1 unidade,"9,99 €/Unidade","9,99 €/Unidade"
Geleira com 2 acumuladores,Atlantic,Cap.: 24 litros,"10,99 €","10,99 €/Unidade"
Petit gateau morango 4x80g,PorSi,Embalagem de 320g,"2,19 €","6,64 €/Kg"
Tesoura Essentials,Maped,13 cm,"1,29 €","1,29 €/Unidade"
Pizza barbecue,Campofrio,Embalagem de 410g,"0,99 €","4,30 €/Kg"
Perna com Osso,Porco,1 un = 2 kg (aprox.),"3,99 €","3,99 €/Kg"
Barras de cereais de trigo integral com chocolate e ...,Nestle,Embalagem de 135 g,"1,29 €","10,24 €/Kg"
"Esquadro, 21 cm 60.",Domédia,1 unidade,"4,69 €","4,69 €/Unidade"
Camarão Cozido 20/30,PorSi,1 un = 250 gr  (aprox.),"2,25 €","8,99 €/Kg"
Pato com Miúdos Programa Origens,PorSi,"Vendido ao peso, 1 un=2.250 Kg (aprox.)","1,05 €","2,99 €/Kg"
Cocktail de marisco,PorSi,Embalagem de 400 g,"2,19 €","8,59 €/Kg"
Rolo de tofu com ervas,Cemporcent,Embalagem de 200g,"4,99 €","16,63 €/Kg"
Spray Óleo Cabelos & Corpo,Corine de Farme,Embalagem de 150 ml,"10,99 €","54,95 €/L"
Sopa miso,BLUEDRAGON,Embalagem de 92g,"0,84 €","13,55 €/Kg"
Buondi café em grão,Buondi,Embalagem de 220g,"9,16 €/Kg","9,16 €/Kg"
Refresco pó laranja,PorSi,Embalagem de 40g,"0,75 €","18,75 €/Kg"
Livro Quero Conhecer os Números,Europrice,1 unidade,"7,50 €/Unidade","7,50 €/Unidade"
Queijo Curado Vaca Médio,Montanha,Vendido ao peso  a partir de 250 gr  (aprox.),"2,42 €","9,69 €/Kg"
Recarga p/ Esfregona |Eco,Vileda,,"0,89 €","0,89 €/Unidade"
Sementes de linhaça,Cemporcent,Embalagem de 250G,"1,89 €","3,78 €/Kg"
Twins,Gullon,pack 2 x 154 g,"1,45 €","11,15 €/Kg"
"Vela com número, nº2",PorSi,1 unidade,"0,95 €","0,95 €/Unidade"
Papel vegetal 8m,Vileda,1 unidade,"1,11 €","1,11 €/Unidade"
"Fraldas Dry Fit, 12-25kg - Tamanho 5",Chicco,Embalagem de 34 unidades,"5,89 €","5,89 €/Unidade"
Gel Intimo Suave,Corine de Farme,250 ml,"0,59 €","5,90 €/L"
Cacetinho de trigo integral,Pão do Dia,90 g,"0,19 €","2,38 €/Kg"
Farinha de soja,Cemporcent,Embalagem de 500g,"2,09 €","8,36 €/Kg"
Fiambre da pá fatiado,PorSi,200 g,"0,97 €","6,49 €/Kg"
"Rolos cozinha absorção Ultra, Maxi, 2 rolos",Foxy,1 embalagem,"4,99 €","4,99 €/Unidade"
Bebida de arroz bio,Joya,Embalagem de 3 x 200 ml,"0,99 €","0,99 €/L"
Corn flakes sem açúcar bio,Origensbio,Embalagem de 250 g,"1,49 €","2,98 €/Kg"
Pizza romana,PorSi,Embalagem de 370g,"1,96 €","5,60 €/Kg"
Macarron Framboesa,Dulcesol,Embalagem de 80G,"2,82 €","9,40 €/Kg"
Creme bio mãos e unhas,Labell Bio,75 ml,"2,49 €","41,50 €/L"
Sumo florida,Sunny d,"Embalagem de 0,31 l","3,99 €","3,99 €/L"
Smoothie antioxidante,Be Plus,Embalagem de 150 g,"2,19 €","2,19 €/L"
Iogurte sólido sem lactose natural açucarado,Mimosa,Embalagem de 480g,"0,99 €","1,98 €/Kg"
Tremoços extra,PorSi,Vendido ao peso a partir de 500 g,"1,00 €","3,99 €/Kg"
Café torrado moído masaka,Sical,Embalagem de 220g,"9,16 €/Kg","9,16 €/Kg"
Alface folha chen roxa,Programa Origens,Vendido ao peso,"0,80 €","1,99 €/Kg"
Iogurte bio aroma baunilha,Páturages,Embalagem de 4 x 125 g,"5,97 €/Kg","5,97 €/Kg"
Batata frita lisas originais,Lay's,Embalagem de 160g,"1,06 €","5,73 €/Kg"
12 Preservativos Adapta Finíssimo XL,Control,,"4,49 €","4,49 €/Unidade"
Loção corporal,Nivea,Embalagem de 400 ml,"12,48 €/L","12,48 €/L"
Recarga para balde com pedal 2 em 1,Vileda,1 unidade,"0,89 €","0,89 €/Unidade"
Cenoura biológica,PorSi Bio,Embalagem de aprox. 600 g,"0,07 €","0,69 €/Kg"
Chá Aromatizado Pirâmide Mel/Limão/Ginseng,PorSi,20 x 2 g,"44,50 €/Kg","44,50 €/Kg"
Pastilhas 60 minutos Spearmint Botlle,Trident,Embalagem com 80g,"0,22 €","14,67 €/Kg"
10 Hambúrgueres de porco,PorSi,Embalagem de 600g,"2,79 €","8,72 €/Kg"
Doce light alperce,PorSi,Embalagem de 340g,"4,39 €","17,56 €/Kg"
Creme para barrar,Nutella,Embalagem de 600g,"4,19 €","12,32 €/Kg"
"Spray depilatório, peles sensiveis",Veet,Garrafa de 150 ml,"10,99 €","73,27 €/L"
Cuecas de incontinência Plus G,Ausonia,Uma embalagem - 8Unidades,"9,99 €","9,99 €/Unidade"
Perna com Costa,Frango,1 un. = 300 g (aprox.),"1,05 €","2,99 €/Kg"
Iogurte batido magro com mirtilos sem lactose,Mimosa,4 x 120 g,"0,99 €","1,32 €/Kg"
Queijo de vaca curado light amanteigado,PorSi,+/- 550 g,"25,45 €/Kg","25,45 €/Kg"
Chocolate Marzipan,Ritter Sport,Embalagem de 100 g,"16,67 €/Kg","16,67 €/Kg"
Arroz agulha América do Sul,PorSi,Embalagem de 1 kg,"0,99 €","0,99 €/Kg"
Queijo Flamengo em Barra,Terra Nostra,1 un = 150 gr (aprox.),"1,49 €","7,45 €/Kg"
Sacos cubos de gelo fecho manual,PorSi,Embalagem com 10 unidades,"1,11 €","1,11 €/Unidade"
Collant licra 15d tabac m,PorSi,Embalagem de 1 unidades,"1,99 €","1,99 €/Unidade"
Natas uht 3 queijos,Parmalat,Embalagem de 200 ml,"0,69 €","3,45 €/L"
Pão Regional Rio Maior Inteiro,Pão do Dia,1 unidade= 450 g,"0,19 €","2,38 €/Kg"
Frango Inteiro,Frango,1 un=2 Kg (aprox.),"1,05 €","2,99 €/Kg"
Insecticida Casa e Plantas,Raid,400 ml,"5,49 €","13,73 €/L"
Braçadeiras Patrulha Pata,Mondo,1 Embalagem,"2,99 €","2,99 €/Unidade"
Iogurte natural sem açúcares adicionados,Yogolino,Embalagem de 400g,"1,05 €","1,86 €/L"
"Escova dentes, slim soft, média",Colgate,1 unidade,"3,49 €","3,49 €/Unidade"
Papa infantil láctea banana laranja +6 meses,Cerelac,Embalagem de 250g,"4,49 €","4,49 €/Kg"
Dinosaurus chocoleche 340gr.         *12,Artiach,Embalagem de 340g,"2,29 €","17,62 €/Kg"
Iogurte pedaços morango,PorSi,Embalagem de 4x125g,"4,36 €","2,18 €/Kg"
Goela,Porco,Vendido ao peso,"3,99 €","3,99 €/Kg"
Achocolatado em Pó,Nesquik,Embalagem de 390g,"5,59 €","6,99 €/Kg"
"Fraldas cuecas, autonomy t4, 8-15 k, 22 unidades",Pommette,1 embalagem,"14,99 €","14,99 €/Unidade"
"Rolos de cozinha compactos, branco, 2 unidades",PorSi,Uma embalagem,"4,99 €","4,99 €/Unidade"
Coxinhas de frango,PorSi,Embalagem de 360g,"9,30 €/Kg","9,30 €/Kg"
Colgate smiles escova de dente manual kids,Colgate,Embalagem de 2 unidades,"0,99 €","0,99 €/Unidade"
Cafe rossio m.unica 250g,Nicola,Embalagem de 250g,"9,76 €/Kg","9,76 €/Kg"
Bacalhau lombos,PorSi,Embalagem de 1.5 kg,"5,39 €","6,74 €/Kg"
Dinosaurus chocoleche 340gr.         *12,Artiach,Embalagem de 340g,"1,89 €","15,75 €/Kg"
Vinho doc dão tinto,Santar,Garrafa de 0.75 l,"3,99 €","5,32 €/L"
Goiabada,PorSi,600 g,"1,09 €","2,42 €/Kg"
Refrigerante  c/ gás regular,Coca-Cola,pack 4 x 1 l,"0,40 €/L","0,40 €/L"
Doce framboesa e romã,ST.DALFOUR,Frasco de 284g,"2,19 €","9,95 €/Kg"
Bolachas chips ahoy,Ca!,Embalagem de 300g,"5,47 €/Kg","5,47 €/Kg"
Achocolatado em pó extra chocolate,Nesquik,Embalagem de 390g,"5,59 €","6,99 €/Kg"
Farinha de milho integral,Cemporcent,Embalagem de 500g,"2,29 €","11,45 €/Kg"
Leite c/ cacau original,Cacaolat,Garrafa de 1 l,"0,26 €","1,30 €/L"
Bolachas,Oreo,Embalagem de 220g,"0,79 €","4,49 €/Kg"
Nestum zero arroz,Nestum,Embalagem de 250 g,"4,49 €","4,49 €/Kg"
Amaciador Roupa Chá Branco & Peônia,Vernel,76 doses,"3,99 €","3,99 €/Unidade"
Baby Microfone,Clementoni,1 un.,"12,99 €/Unidade","12,99 €/Unidade"
"Óleo Spray Seco, SPF30",Cabana Sun,Embalagem de 200 ml,"16,99 €","84,95 €/L"
Vinho do porto malvasia branco,Rcv,Garrafa de 750 ml,"11,99 €","15,99 €/L"
Café solúvel creme,Nescafe,Embalagem de 100g,"14,50 €/Kg","14,50 €/Kg"
Creme vegetal p/ barrar reduz colesterol,PorSi Viva Bem,250 g,"1,39 €","6,95 €/L"
Canja de galinha económica,Knorr,Embalagem de 60g,"0,84 €","13,55 €/Kg"
"Pandorino cacau, 4 unidades",Dulcesol,Embalagem de 240g,"2,05 €","5,13 €/Kg"
Rolls 6 unidades,Bimbo,Embalagem de 340g,"0,89 €","1,78 €/Kg"
Batata frita ondulada wavy,PorSi,Embalagem de 185 g,"1,06 €","5,73 €/Kg"
"Máquina Tripla Matrix, + 5 unidades",Labell Men,Uma embalagem,"1,16 €","4,64 €/L"
Favas com sal,Frusel,Embalagem de 125g,"0,99 €","4,95 €/Kg"
Pudim flan zero açúcares adicionados,El mandari,Embalagem de 30g,"0,59 €","29,50 €/Kg"
"Detergente manual de loiça, ultra limão",PorSi,Embalagem de 500 ml,"0,99 €","1,98 €/L"
Rosas de açúcar,Vahine,Embalagem de 2g,"1,27 €","3,18 €/Kg"
Paté de sardinha,PorSi,Embalagem de 4 x 22 g,"1,19 €","13,52 €/Kg"
Puré de batata,PorSi,Embalagem com 750 g,"1,39 €","1,39 €/Kg"
Pastilhas elásticas splash morango e lima,Trident Max,Embalagem de 66 g,"0,22 €","14,67 €/Kg"
Guardanapos de papel reciclado,PorSi,100 unidades,"1,28 €","1,28 €/Unidade"
Tiras da Costela/Piano,Porco,1 un = 500 gr (aprox.),"3,99 €","3,99 €/Kg"
Chip choco diet nature,Gullon,Embalagem de 130g,"5,47 €/Kg","5,47 €/Kg"
Natas do céu,*,140 ml,"1,79 €","12,79 €/L"
Bocadelia atum,La piara,Embalagem de 180g,"7,08 €/Kg","7,08 €/Kg"
10 Preservativos Ultrafeel,Control,,"4,49 €","4,49 €/Unidade"
Bolacha de manteiga,Snapy,Embalagem de 250g,"2,11 €/Kg","2,11 €/Kg"
Comida húmida para cão almôndegas,PorSi,Embalagem de 1200 g,"2,30 €/Kg","2,30 €/Kg"
Forma de papel para bolos 6. 8cm,PorSi,Embalagem com 60 unidades,"0,89 €","0,89 €/Unidade"
"Snack de queijo flamengo, amêndoas e arandos",Limiano,Embalagem de 40g,"1,49 €","7,45 €/Kg"
15 douradinhos,Capitão Iglo,Embalagem de 420g,"1,64 €","6,56 €/Kg"
Sobremesa Paturette Chocolate,Páturages,Embalagem de 4x115g,"1,19 €","2,59 €/Kg"
24 Caldos de carne,PorSi,Embalagem de 255  g,"3,69 €","23,06 €/Kg"
Panos Esponja,Fino,3 unidades,"1,69 €","1,69 €/Unidade"
"Cerveja com álcool, tara perdida",Kings Bräu,pack 24 x 0.25 l,"1,99 €/L","1,99 €/L"
Creme Depilatório Peles Normais,Veet,Embalagem de 200 ml,"12,99 €","12,99 €/Unidade"
Gelatina de frutos tropicais,PorSi,Embalagem 2X85G,"61,11 €/Kg","61,11 €/Kg"
Tablete de chocolate de leite,Toblerone,Embalagem de 100g,"5,30 €/Kg","5,30 €/Kg"
T-Rex para pintar,Jurassic World,1 un.,"9,99 €/Unidade","9,99 €/Unidade"
Batata frita camponesa,PorSi,Embalagem de 175 g,"5,84 €/Kg","5,84 €/Kg"
Doce de tomate com frutose,Salutem,Embalagem de 340g,"5,99 €","19,97 €/Kg"
30 comprimidos super ginseng,PLANTANATU,Embalagem de 1 unidades,"7,59 €","126,50 €/Kg"
Sumo natural de maçã bio,Cemporcent,Garrafa de 200 ml,"2,19 €","2,19 €/L"
Sangria frutos vermelhos,Casal Garcia,Garrafa de 0.75 l,"1,99 €","1,33 €/L"
Adoçante à base de sucralose,PorSi Viva Bem,Embalagem de 17g,"5,49 €","21,96 €/Kg"
"Anti-traça lav, pack económico",Raid,Embalagem de 6x3g,"5,99 €","176,18 €/Kg"
Farinheira de Sousel,PorSi,1 un = 120 g (aprox.),"1,49 €","7,45 €/Kg"
"Azeite clássico, virgem extra",Oliveira da Serra,Garrafa de 2 l,"3,19 €","4,25 €/L"
10 Barrinhas salmão panadas sem glúten,Pescanova,300 g,"1,64 €","6,56 €/Kg"
Recarga Esfregona Premium 2 em 1,Vileda,1 unidade,"0,89 €","0,89 €/Unidade"
Café em cápsulas  qonvictus,Delta Q,Embalagem de 55 g,"54,36 €/Kg","54,36 €/Kg"
Cappucino go chill com aveia biológica,Delta,Embalagem de 230 ml,"3,09 €","24,72 €/Kg"
Batata pré-frita tradition,MCCAIN,Embalagem de 1 kg,"1,39 €","1,39 €/Kg"
Perfume p/ senhora Nº81,Caravan,1 Frasco 150ml,"11,99 €","79,93 €/L"
Gomas tropifrutti,Haribo,Embalagem de 100g,"1,19 €","3,97 €/Kg"
Café 5 estrelas moído tradição,Sical,Embalagem de 250g,"9,76 €/Kg","9,76 €/Kg"
Gomas funky mix,Haribo,Embalagem de 100g,"1,19 €","3,97 €/Kg"
Hamburger cogumelos,Veg In,Embalagem de 160g,"3,25 €","20,31 €/Kg"
Queijo de Ovelha Amanteigado,Lactícinios Monte Verão,Embalagem de 600 g,"4,62 €","18,49 €/Kg"
Tortellini ricotta e espinafres,Rana,Embalagem de 250g,"0,99 €","4,30 €/Kg"
Recarga inseticida eléctrico líquido anti melgas e m...,Raid,60 noites,"6,89 €","6,89 €/Unidade"
Black Berries,Faisão,Garrafa de 0.75 l,"1,99 €","1,33 €/L"
Carro sensorial,Baby Clementoni,1 unidade,"11,99 €/Unidade","11,99 €/Unidade"
Bolacha recheada mega duo chocolate,Gullon,Embalagem de 500g,"2,15 €","2,87 €/Kg"
Bolo coco com calda,Condi,Embalagem de 450g,"1,39 €","6,95 €/L"
Barras de cereais golden grahams,Nestle,Embalagem de 150g,"1,29 €","10,24 €/Kg"
Queimador extra forte,Prozis,Embalagem de 1 unidades,"7,59 €","126,50 €/Kg"
Mistura para aves,Rac.zezere,Embalagem de 5 kg,"2,49 €","2,49 €/Kg"
Tesoura advanced green,Maped,21 cm,"1,29 €","1,29 €/Unidade"
"Snack light de queijo flamengo, amêndoas e uvas pass...",Limiano,Embalagem de 120g,"2,39 €","19,92 €/Kg"
Spray Casa Banho Anti Fungos,Pattex,Embalagem 500ML,"1,79 €","2,39 €/L"
"Licor de ginja ""mariquinhas"" 0,70l sem fruto",Mariquinha,Garrafa de 700 ml,"16,99 €","24,27 €/L"
Óleo Bronzeador Coco,Ambre Solaire,Embalagem de 200 ml,"10,99 €","54,95 €/L"
"Cla ultra l-carnitina + chá verde, 30caps",PLANTANATU,Embalagem de 1 unidades,"7,59 €","126,50 €/Kg"
Manteiga com sal,Novacores,Embalagem de 250g,"1,69 €","6,76 €/Kg"
Bolacha waffer cacau,Waferland,Embalagem de 175g,"0,98 €","4,67 €/Kg"
Vinagre balsâmico,PorSi,Embalagem de 250 ml,"0,35 €","0,70 €/L"
Sacos lixo com alças 25 litros,PorSi,30 unidades,"1,79 €","1,79 €/Unidade"
Puré de batata,Maggi,Embalagem de 250g,"1,99 €","1,99 €/Kg"
"Detergente de máquina para roupa, duocaps floral",PorSi,20 doses,"8,49 €","1,80 €/Kg"
Queijo Camembert,President,Embalagem de 250 g,"2,39 €","11,95 €/Kg"
Trinca de arroz,PorSi,Embalagem de 1 kg,"1,15 €/Kg","1,15 €/Kg"
Crocante frango integrais,Iglo,Embalagem de 180g,"9,30 €/Kg","9,30 €/Kg"
Sumo 100% maçã,PorSi,pack 3 x 200 ml,"1,09 €","0,73 €/L"
Queijo fundido original,Président,Embalagem de 250 g,"4,39 €","10,98 €/Kg"
"Borracha de lápis b20, 2 unidades",Rotring,Uma embalagem,"4,69 €","4,69 €/Unidade"
Bastão de cola,Domédia,20 g,"1,95 €","97,50 €/L"
"Sopa gourmet, cogumelos",Knorr,Embalagem de 60g,"0,84 €","13,55 €/Kg"
Liégeois Sobremesa de Caramelo,Páturages,Embalagem de 4x100 g,"0,39 €","1,95 €/Kg"
After shave gold,Denim,Embalagem de 100 ml,"1,16 €","4,64 €/L"
Molho tomate com azeitonas,PorSi,Frasco de 420g,"0,70 €","2,33 €/Kg"
Bebida avelã,Alpro,Embalagem de 1 litro,"2,49 €","2,49 €/L"
Borracha para desenho técnico,Domédia,1 unidade,"4,69 €","4,69 €/Unidade"
Massa de cotovelinhos,Nacional,Embalagem de 500g,"0,89 €","1,78 €/Kg"
Almofada royal,Bestway,1 un.,"14,99 €","14,99 €/Unidade"
Comida húmida para cão de frango e legumes,PorSi,Lata de 400 g,"2,30 €/Kg","2,30 €/Kg"
Gelado perna de pau,Olá,Embalagem de 600 ml,"6,79 €","14,76 €/L"
Queijo de Ovelha Curado Apimentado,PorSi,,"4,62 €","18,49 €/Kg"
Couve flor bio,PorSi Bio,950 g (aprox.),"1,99 €","1,99 €/Kg"
Leite uht meio gordo,PorSi,Embalagem com rosca de 1 l,"0,81 €","0,81 €/L"
Pasta de açúcar bege,PorSi,250 g,"1,49 €","1,49 €/Kg"
Açúcar mascavado,PorSi,Embalagem de 500g,"1,49 €","1,49 €/Kg"
Piscina c/ Armação,Bestway,Dim.: 259 x 170 x 61 cm,"34,99 €","34,99 €/Unidade"
Batata pré-frita rodelas para saltear,PorSi,Embalagem de 1 kg,"1,39 €","1,39 €/Kg"
Sal cristal,PorSi,embalagem de 1 kg,"0,20 €","0,20 €/Kg"
Pão de forma sem côdea,Panrico,Embalagem de 650g,"0,99 €","1,65 €/Kg"
Creme Sensitive Advanced FPS 50+ |Rosto,Ambre Solaire,Embalagem de 50 ml,"16,99 €","84,95 €/L"
Camarão selvagem de Madagáscar 60/80,*,Vendido ao peso,"2,00 €","7,99 €/Kg"
Tablete triple caramelo,Milka,Embalagem de 90g,"5,30 €/Kg","5,30 €/Kg"
Ketchup,Calve,Embalagem de 280g,"0,70 €","2,33 €/Kg"
Tablete de chocolate de leite com amêndoas,PorSi,100 g,"10,52 €/Kg","10,52 €/Kg"
Spray bolor e sujidade,Cillitbang,Garrafa de 500 ml,"1,19 €","0,79 €/L"
Bacalhau posta asa branca,PorSi,Embalagem de 800G,"5,39 €","6,74 €/Kg"
Caderno Espiral Capa Dura A4 Quadriculado,Domédia,1 un.,"0,99 €","0,99 €/Unidade"
Barrinhas pescada sem glúten,Pescanova,Embalagem de 300g,"1,64 €","6,56 €/Kg"
Forma Pão de Ló Antiaderente 24cm,PorSi,1 unidade,"9,99 €/Unidade","9,99 €/Unidade"
Alimento lácteo cereais e bolachas maria +6 meses,Yogolino,Embalagem de 4 x 100 g,"2,89 €","7,23 €/Kg"
Lip Gloss #330,Rimmel,1 unidade,"7,49 €","7,49 €/Unidade"
Gelatina de ananás,Koala,Embalagem de 130g,"0,85 €","2,13 €/Kg"
Chili com carne,Itinéraire des Saveurs,Embalagem 300G,"2,35 €","5,60 €/Kg"
Mimosa bem especial leite e aveia,Mimosa,Embalagem de 1 litro,"2,19 €","2,19 €/L"
Cerveja c/ álcool,Sagres,pack 15 x 0.33 l,"1,99 €/L","1,99 €/L"
Hamburger azeitona preta,Veg In,Embalagem de 160g,"3,25 €","20,31 €/Kg"
Pasta de açúcar branco,PorSi,250 g,"1,49 €","1,49 €/Kg"
Salmão Fumado da Noruega,PorSi,Embalagem de 100 g,"3,35 €","22,33 €/Kg"
Gin pink,Big Boss,Garrafa de 700 ml,"19,79 €","19,79 €/L"
Fita cola transparente,Uhu,15mm x 33m,"1,95 €","97,50 €/L"
Croissant Integral c/ Sementes,Pastelaria do Dia,,"0,69 €","0,69 €/Unidade"
Cogumelos inteiros,PorSi,Embalagem de 355 g,"1,79 €","2,29 €/Kg"
"Óleo Spray Protector Dry, F8",Hawaiian Tropic,Embalagem de 200 ml,"16,99 €","84,95 €/L"
Cobertura tábua de engomar,PorSi,Dim.: 120 x 42 cm,"16,50 €","16,50 €/Unidade"
Vulcão,Science4You,1 unidade,"9,99 €/Unidade","9,99 €/Unidade"
Cerveja 0.0%,Sagres,Lata 0.33 l,"5,99 €","3,03 €/L"
Sour tubes mini,Chupachups,150 g,"1,99 €","4,98 €/L"
Escova dentifrica 360º advanced média,Colgate,1 unidade,"3,49 €","3,49 €/Unidade"
Espreguiçadeira malibu branca,Joluce,190 x 66 x 42 cm,"34,99 €","34,99 €/Unidade"
Fio dentário fluór+menta 50m,Labell,1 unidade,"3,49 €","3,49 €/Unidade"
Nata uht para bater,Gresso,Garrafa de 200 ml,"0,69 €","3,45 €/L"
Livro Pop-Ups - Quinta,Europrice,1 unidade,"7,50 €/Unidade","7,50 €/Unidade"
Toucinho fumado extra,PorSi,Embalagem de 200 g,"1,45 €","18,13 €/Kg"
Aperitivos 3d's cones,3d's,Embalagem de 90g,"0,79 €","7,90 €/Kg"
Plantanatur slim rapid 30 comprimidos,PLANTANATU,Embalagem de 1 unidades,"7,59 €","126,50 €/Kg"
Tira Nódoas Spray a Seco,Iberia,Embalagem de 200 ml,"10,99 €","52,33 €/Kg"
Bebida de soja baunilha,Shoyce,embalagem de 3x200 ml,"1,79 €","2,98 €/L"
Vinho Rosé,Mateus,"Garrafa de 1,5L","4,29 €","5,72 €/L"
Queijo flamengo em Barra,Ilha Azul,"Vendido ao peso, fatiado a partir de 100 gr","1,49 €","7,45 €/Kg"
Gelatina mirtilos,Alsa,Embalagem de 180g,"61,11 €/Kg","61,11 €/Kg"
Queijinho petit nesquik,Nestle,Embalagem de 6 x 60 g,"1,05 €","1,86 €/L"
As minhas primeiras receitas - refeição esparguete c...,Nestle,Embalagem de 190g,"1,89 €","9,95 €/Kg"
Saqueta de puré de fruta | maçã + manga + pêssego,PorSi,90 g,"0,74 €","8,22 €/Kg"
Areia para gato,Catsan,Embalagem com 10 litros,"1,19 €","0,24 €/Kg"
"Livro ""Contos da Avozinha""",Girassol,1 unidade,"7,50 €/Unidade","7,50 €/Unidade"
Leite de pastagem meio-gordo,Terra Nostra,Embalagem de 1 litro,"0,81 €","0,81 €/L"
Nata uht,Agros,Garrafa de 200 ml,"0,69 €","3,45 €/L"
Alface Lisa,Legumes do Dia,1 un= 400 g (aprox.),"0,80 €","1,99 €/Kg"
Vinho maduro branco,Alorna,Garrafa de 0.75 l,"1,54 €","2,05 €/L"
Tablete de chocolate negro,PorSi,Embalagem de 100 g,"16,67 €/Kg","16,67 €/Kg"
Pães de leite,s. tomé,Embalagem de 300 g,"7,40 €/Kg","7,40 €/Kg"
Café grão bio,PorSi Bio,Embalagem de 250g,"9,16 €/Kg","9,16 €/Kg"
"Guardanapos gold, com cor, folha dupla, 40x40cm, 40 ...",Renova,1 embalagem,"1,28 €","1,28 €/Unidade"
Drops cream,Heller,Embalagem de 140g,"2,75 €","11,00 €/Kg"
Queijo mozzarella fresca,Galbani,Embalagem de 125 g,"1,59 €","6,36 €/Kg"
Escova dentes kids minions bateria,Colgate,1 un.,"0,99 €","0,99 €/Unidade"
Marcadores para colorir,Domédia,embalagem com 18 unidades,"3,09 €","3,09 €/Unidade"
Comida húmida de vaca para cão,Friskies,Embalagem de 4 x 100 g,"2,30 €/Kg","2,30 €/Kg"
Iogurte líquido yoggi morango,Nestle,Embalagem de 4 x 160 g,"1,17 €","1,83 €/Kg"
Champô miracle volume + nutrição,Pantene,225 ml,"5,59 €","13,98 €/L"
Pensos peles sensíveis XL,PorSi,5 unidades,"2,86 €","2,86 €/Unidade"
Vinho Verde Loureiro Branco,Aveleda,Garrafa de 0.75 l,"3,09 €","3,09 €/L"
Lasanha bolonhesa,Iglo,Embalagem de 300g,"1,96 €","5,60 €/Kg"
Queijo de azeitão dop,PorSi Select,Embalagem de 255 g,"25,45 €/Kg","25,45 €/Kg"
Gelatina pronta a comer light 10 kcal mirtilo,Royal,Embalagem de 4 x 100 g,"0,85 €","2,13 €/Kg"
Chocolate culinário branco,Pantagruel,Embalagem de 200g,"1,04 €","8,32 €/Kg"
Guardanapos 2 folhas brancos e dourado,PorSi Select,50 unidades,"1,28 €","1,28 €/Unidade"
Mistura para periquitos,Canto Alegre,Embalagem de 1K,"2,49 €","2,49 €/Kg"
Resguardo de colhão impermeável,PorSi,Dim.: 80 x 120 cm,"4,99 €/Unidade","4,99 €/Unidade"
Óleo alimentar,PorSi,Garrafa de 5 l,"3,39 €","3,39 €/L"
Papa infantil láctea maçã +6 meses,Cerelac,Embalagem de 250g,"4,49 €","4,49 €/Kg"
Sopa de legumes,PorSi,Embalagem de 400 g,"1,69 €","2,11 €/Kg"
Cogumelos laminados 1/2,PorSi,Embalagem de 355 g,"1,79 €","2,29 €/Kg"
Spray anti calcário,Cif,Garrafa de 435 ml,"3,19 €","6,38 €/L"
Doce de cereja s/ açúcar adicionado,PorSi,Frasco com 220 g,"2,19 €","9,95 €/Kg"
Spray Limpeza para aço inoxidável,Induclean,450 ml,"1,29 €","1,72 €/L"
Spray recarga limpeza da casa de banho,Cif,embalagem de 70 ml,"0,79 €","0,79 €/L"
Bolachas cream cracker sesamo,Vieira,Embalagem de 186 g,"0,39 €","3,12 €/Kg"
Árvore de Natal,*,Dim.: 150cm,"24,99 €/Unidade","24,99 €/Unidade"
Aperitivos tex mex,Doritos,Embalagem de 120g,"0,79 €","7,90 €/Kg"
"Pães de leite, embalagem de",PorSi,Embalagem de 210g,"7,40 €/Kg","7,40 €/Kg"
Cama de Viagem,SafetyBaby,1 un.,"42,99 €","42,99 €/Unidade"
Creme de dia para pele seca,Labell,Embalagem de 50 ml,"2,99 €","59,80 €/L"
"Chocolate, tripack",Pintarolas,Embalagem de 70g,"11,98 €/Kg","11,98 €/Kg"
Cerveja c/ álcool,Super Bock,Pack 15 X 0. 33L,"1,99 €/L","1,99 €/L"
Gel de Banho Secrets Oil Avocato,Dove,Embalagem de 500 ml,"6,49 €","8,65 €/L"
12 Preservativos Adapta Finíssimo,Control,,"4,49 €","4,49 €/Unidade"
Vela em número nº1,PorSi,1 unidade,"0,95 €","0,95 €/Unidade"
Vinho branco península de setúbal,Periquita,Garrafa de 0.75 l,"8,59 €","11,45 €/L"
Bolachas waffers baunilha,PorSi,Embalagem de 210g,"0,98 €","4,67 €/Kg"
Ice tea pessêgo,Lipton,pack 6 x 0.25 l,"0,99 €","0,66 €/L"
Pastilhas de Limpeza Dentífrica Branqueadora,Polident,Embalagem com 30 unidades,"9,79 €","122,38 €/Kg"
Balde Limpeza Super Fácil Cinza + Espremedor,Vileda,1 unidade,"17,00 €","17,00 €/Unidade"
Pickles em vinagre,PorSi,Embalagem de 200 g,"1,79 €","2,29 €/Kg"
Ganso Redondo,Novilho,1 un = 150 gr (aprox.),"3,29 €","8,23 €/Kg"
6 Salsichas de porco,Nobre,Lata de 120g,"0,75 €","3,75 €/Kg"
Amaciador Roupa lavanda,PorSi,Embalagem de 60 doses,"3,99 €","3,99 €/Unidade"
"Sumo natural, mix frutos vermelhos",SONATURAL,Garrafa de 250 ml,"1,09 €","0,73 €/L"
Biscoitos integrais aveia e cacau,PorSi Viva Bem,Embalagem de 150g,"1,45 €","11,15 €/Kg"
Globo explora mundo com APP,Clementoni,1 un.,"9,99 €/Unidade","9,99 €/Unidade"
Cria o Cenário,Jurassic World,1 un.,"9,99 €/Unidade","9,99 €/Unidade"
2 big burger vaca e queijo s/ glutén,Capitão Iglo,Embalagem de 200g,"2,79 €","8,72 €/Kg"
Martini fiero,Martini,Garrafa de 750 ml,"11,49 €","11,49 €/L"
Iogurte natural açucarado,PorSi,Embalagem de 4x125g,"0,99 €","1,98 €/Kg"
Farinha para pão rústico,Nacional,Embalagem de 1 kg,"1,99 €","1,99 €/Kg"
Flan de ovos,PorSi,Embalagem 4 x 100 g,"0,39 €","1,95 €/Kg"
Bolacha maria dourada,PorSi,Embalagem de 800g,"2,11 €/Kg","2,11 €/Kg"
Coco ralado bio,PorSi Bio,Embalagem de 200 g,"1,89 €","3,78 €/Kg"
Toalhetes Íntimos Suaves,Corine de Farme,Embalagem com 10 un.,"2,09 €","2,09 €/Unidade"
Lápis de cor 18 cm,Domédia,embalagem com 18 unidades,"4,69 €","4,69 €/Unidade"
"Rolo de cozinha design xxl, 3 rolos",Renova,Embalagem de 3 unidades,"4,99 €","4,99 €/Unidade"
Margarina líquida,Vaqueiro,Embalagem de 500 ml,"2,39 €","2,39 €/Kg"
Tablete chocolate de iogurte morango,Milka,Embalagem de 100g,"5,30 €/Kg","5,30 €/Kg"
Wc lixivia gel pink,Domestos,Garrafa de 750 ml,"1,74 €","0,35 €/L"
Palhinhas brancas individuais em biomaterial,PorSi,Embalagem com 25 unidades,"0,95 €","0,95 €/Unidade"
Mopa 1.2 spray max,Vileda,1 unidade,"2,20 €","2,20 €/Unidade"
Creme vegetal culinário,Vaqueiro,Embalagem de 250 g,"2,39 €","2,39 €/Kg"
Spray óleo amêndoas doces,Hidro,Embalagem de 100 ml,"2,86 €","2,86 €/Unidade"
Camarão cozido 20/30,PorSi,vendido ao peso a partir de 350 g,"2,25 €","8,99 €/Kg"
Arroz Carolino,Cigala,Embalagem de 1 kg,"0,99 €","0,99 €/Kg"
Chourico picante beiras,PorSi,Embalagem de 290g,"1,22 €","6,78 €/Kg"
Muslitos do mar,Pescanova,Embalagem de 250 g,"2,19 €","8,59 €/Kg"
"Bebida láctea especial crescimento, 1-3 anos",Mimosa,Garrafa de 1 l,"0,26 €","1,30 €/L"
Alcahfora plus,Forma+,Garrafa de 500 ml,"3,99 €","39,90 €/Kg"
Torrão crocante com chocolate,El almendr,Embalagem de 75g,"10,52 €/Kg","10,52 €/Kg"
Pastilhas peppermint,Smint,Embalagem de 35 g,"0,22 €","14,67 €/Kg"
Iogurte 0% pedaços amora e framboesa,Longa vida,Embalagem de 4 x 120 g,"4,36 €","2,18 €/Kg"
Garagem,Écoiffier,Andares + camião,"9,99 €/Unidade","9,99 €/Unidade"
Chouriço fatiado,Campofrio,Embalagem de 80g,"1,35 €","16,88 €/Kg"
Gel Banho Excite,Axe,Embalagem de 400 ml,"5,99 €","14,98 €/L"
Vinho regional alentejano tinto,Qta.carmo,Garrafa de 0.75 l,"2,89 €","3,85 €/L"
Ricore,Nestle,Embalagem de 260g,"0,99 €","3,96 €/Kg"
Alimento seco p/ cão sénior,HappyOne,Embalagem de 4 kg,"1,15 €/Kg","1,15 €/Kg"
Néctar ananás,Compal,pack 3 x 200 ml,"0,99 €","0,99 €/L"
30 douradinhos,Capitão Iglo,Embalagem de 840g,"4,39 €","10,98 €/Kg"
"Presunto Metades, 6 meses de cura",PorSi,"Vendido ao peso, fatiado a partir de 100 gr","2,49 €","12,45 €/Kg"
Batata frita ondulada wavy,PorSi,Embalagem de 180g,"1,06 €","5,73 €/Kg"
Farinha 8 cereais e mel,Nutriben,Embalagem de 300g,"4,49 €","4,49 €/Kg"
"M&m's drageias de chocolate de leite,",M&m's,Embalagem de 45g,"11,98 €/Kg","11,98 €/Kg"
Wafers com creme de cacau sem glúten,Schar,Embalagem de 120 g,"0,98 €","4,67 €/Kg"
Iogurte liquido sem lactose natural açucarado,PorSi Viva Bem,Embalagem de 4 x 160 g,"2,79 €","6,07 €/Kg"
Farinha p/ bolos fina,Nacional,Embalagem de 1Kg,"1,99 €","1,99 €/Kg"
Salada Ibérica Edição do Chef,Vitacress,Embalagem de 120g,"0,80 €","1,99 €/Kg"
Ameijoa Branca Grande,Marisco Fresco,1 un = 250 g (aprox.),"1,75 €","6,99 €/Kg"
Cem porcento-flocos de aveia grossos,Cemporcent,Embalagem de 400g,"2,99 €","7,97 €/Kg"
Spray de limpeza casa de banho,Seventh Generation,Embalagem de 500 ml,"1,79 €","2,39 €/L"
Iogurte tipo grego natural,PorSi,Embalagem de 12 x 125 g,"1,49 €","2,98 €/Kg"
Óleo Cedro Spray,PorSi,Embalagem de 250 ml,"4,39 €","14,63 €/L"
Ambientador Elétrico Lavanda e Aloe,Glade,1 unidade,"3,49 €/Unidade","3,49 €/Unidade"
Manteiga com sal,PorSi,Embalagem de 250g,"1,69 €","6,76 €/Kg"
Cereais crack star,PorSi,Embalagem de 375 g,"5,07 €/Kg","5,07 €/Kg"
Creme de cenoura,PorSi,Embalagem de 900 g,"1,69 €","2,11 €/Kg"
Piscina familiar,Bestway,Dim.: 262x157x46 cm,"2,99 €","2,99 €/Unidade"
Bolachas bio de chocolate chips organic,Gullón,250 g,"5,47 €/Kg","5,47 €/Kg"
Desodorizante roll on dermo invisible,Sanex,Embalagem de 50 ml,"4,49 €","29,93 €/L"
Brandy,Macieira,Garrafa de 1 l,"11,49 €","16,41 €/L"
Cappuccino Café Solúvel Descafeinado,Nescafe,Embalagem de 125g | 10 Saquetas,"1,59 €","6,36 €/Kg"
Detergente máquina roupa em gel universal,Persil,Embalagem de 42 doses,"8,49 €","1,80 €/Kg"
Creme de coentros sem batata,PorSi,800 g,"1,69 €","2,11 €/Kg"
"Batata frita caseira, rodela",Pala-pala,Embalagem de 180g,"0,87 €","5,44 €/Kg"
Esfregão Fibra Verde Grande XXL Gama Classic,Scotch-Brite,Embalagem de 1 unidades,"2,54 €","2,54 €/Unidade"
Yofu soja e manga sem açúcar adicionado,Alpro,Embalagem de 400g,"3,09 €","6,18 €/Kg"
Preparado p/ arroz de marisco,Pescanova,Embalagem de 500g,"2,19 €","8,59 €/Kg"
Tablete de chocolate de leite com passas e avelãs,PorSi Select,Embalagem de 200g,"10,52 €/Kg","10,52 €/Kg"
Guardanapos Red Label 1 Folha |Verde,Renova,Dim: 30x32cm |70 unidades,"1,28 €","1,28 €/Unidade"
Iogurtes magros aroma morango,PorSi Viva Bem,Embalagem de 6 x 125 g,"0,99 €","1,32 €/Kg"
Piscina infantil,Bestway,Dim.: 152 x 38 cm,"34,99 €","34,99 €/Unidade"
Guardanapos | Dim.: 30 x 33 cm,PorSi,Embalagem com 20 unidades,"1,28 €","1,28 €/Unidade"
Vinho maduro branco,Aldeia sol,Garrafa de 750 ml,"1,54 €","2,05 €/L"
Iogurte activia cremoso frutos silvestres,Danone,Embalagem de 4 x 120 g,"1,49 €","2,98 €/Kg"
Amaciador jasmim e maçã,Surf,90 doses,"8,99 €","2,25 €/L"
Lixívia para roupa delicada,Neoblanc,Embalagem de 2 l,"2,19 €","1,10 €/L"
Cha infusão verde,Cemporcent,Embalagem com 10 saquetas,"58,44 €/Kg","58,44 €/Kg"
Máquina de barbear sensor excel universal,Gillette,1 unidade,"1,16 €","4,64 €/L"
Bebida de soja proteína de chocolate 0% lactose,Shoyce,200 ml,"2,49 €","2,49 €/L"
Óleo Performa 10W40,Galp,Embalagem de 1 l,"13,99 €","13,99 €/L"
Vinho maduto tinto,Casal da eira,Embalagem de 1 l,"0,85 €/L","0,85 €/L"
Refrigerante c/ gás,Pepsi,Pack 6 x 0.33 l,"0,40 €/L","0,40 €/L"
Lombo assado fatiado,PorSi,150 g,"2,49 €","16,60 €/Kg"
Operação dinossauro,Jurassic World,1 un.,"9,99 €/Unidade","9,99 €/Unidade"
Lambrusco bianco,*,Garrafa de 750 ml,"6,89 €","9,19 €/L"
Leite infantil confort 1 desde o nascimento,NAN,Embalagem de 800g,"20,99 €","26,24 €/Kg"
Néctar biológico de maçã,Paquito,"Embalagem de 1,5 l","0,99 €","0,99 €/L"
Ambientador tealights frutos vermelhos,PorSi,embalagem com 18 unidades,"9,49 €","45,19 €/Kg"
Mousse chocolate leite,Alsa,Embalagem de 300g,"0,79 €","5,27 €/Kg"
Kiwi categoria II - calibre 30/36,Fruta do Dia,1 un = 150 gr (aprox.),"0,40 €","1,99 €/Kg"
Dentífrico herbal naturals,Aquafresh,75 ml,"2,29 €","30,53 €/L"
"Loção Solar Spray Criança, SPF30",Cabana Sun,Embalagem de 200 ml,"16,99 €","84,95 €/L"
Bolachas marinheiras linhaça,Cemporcent,Embalagem de 200 g,"1,45 €","11,15 €/Kg"
Camarão Tigre Selvagem do Senegal 1/5,Nossa seleção,Congelado,"2,00 €","7,99 €/Kg"
Manteiga com sal,Mimosa,Embalagem de 130g,"1,69 €","6,76 €/Kg"
Recarga mopa Descartável,Vileda,Pack 24 + 6 Grátis,"2,20 €","2,20 €/Unidade"
Toalhita auto bronzeadora,Ambre Solaire,1 unidade,"10,99 €","54,95 €/L"
Esparregado de espinafres,PorSi,Embalagem de 350 g,"1,89 €","1,89 €/Kg"
Queijo flamengo em fatias,Terra Nostra,Embalagem de 200g,"1,49 €","7,45 €/Kg"
Bacalhau desfiado,PorSi,Embalagem de 500g,"5,39 €","6,74 €/Kg"
Sical 5est café moido,Sical,Embalagem de 220g,"9,16 €/Kg","9,16 €/Kg"
Spray limpeza casa de banho optimal 7,Ajax,Embalagem de 500 ml,"1,79 €","2,39 €/L"
Coelho Inteiro Programa Origens,PorSi,1 un = 1 kg (aprox.),"1,05 €","2,99 €/Kg"
Chourico carne das beiras,PorSi,Embalagem de 290g,"1,22 €","6,78 €/Kg"
Toalhitas,Dodot,4 x 64 un.,"1,09 €/Unidade","1,09 €/Unidade"
Bebida de soja,Shoyce,Embalagem de 1 litro,"2,49 €","2,49 €/L"
Pensos diários salvaslip flexi & fresh normal,Evax,28 unidades,"1,79 €/Unidade","1,79 €/Unidade"
Nestum chocolate,Nestum,Embalagem de 250g,"2,19 €","8,76 €/Kg"
Sabonete,Feno,Embalagem de 4x90 g,"1,99 €","12,44 €/Kg"
Aditivo Tira Nódoas Oxi Action White,Vanish,Embalagem de 800 g,"7,99 €","19,02 €/Kg"
Tostas mistura s/ glúten,MUSEU PAO,Embalagem de 140g,"4,29 €","20,43 €/Kg"
Inseticida ajustável eléctrico líquido anti melgas e...,Raid,60 noites,"6,89 €","6,89 €/Unidade"
Feijão catarino,Legumes secos,1 un = 100 gr. (aprox.),"0,30 €","2,99 €/Kg"
"Livro de Receitas ""Mais Leve""",PorSi,1 unidade,"7,50 €/Unidade","7,50 €/Unidade"
Pratos para pic nic 23 cm verdes,PorSi,Embalagem com 4 unidades,"4,49 €","4,49 €/Unidade"
Pasta de Arquivo Marmoreada S/ Caixa,Domédia,1 un.,"2,99 €","2,99 €/Unidade"
Detergente liquido loiça clássico,PorSi,Garrafa de 1 litro,"0,99 €","1,98 €/L"
Baby Laptop,Baby Clementoni,1 unidade,"11,99 €/Unidade","11,99 €/Unidade"
Cerveja com álcool,Sagres,Garrafa de 20 cl,"1,99 €/L","1,99 €/L"
6 empadas de galinha,PorSi,Embalagem de 330g,"1,64 €","6,56 €/Kg"
Creme de legumes,Centralres,Vendido ao peso a partir de 1 kg,"1,69 €","2,11 €/Kg"
Perfume p/ senhora Nº46,Caravan,1 Frasco 150ml,"11,99 €","79,93 €/L"
Base guarda sol em metal e cimento,Saurium,14 kg,"18,99 €","18,99 €/Unidade"
Queijo Flamengo Cubos,Valformoso,Embalagem de 150 g,"7,45 €/Kg","7,45 €/Kg"
Limpa injetores diesel,PorSi,Embalagem de 250 ml,"13,99 €","13,99 €/L"
Plasticina Kids Cores Sortidas,Bic,Caixa c/ 6 un.,"1,95 €","97,50 €/L"
Vinagre de vinho branco,PorSi,Garrafa de 1 l,"0,35 €","0,70 €/L"
Escorrega para água,Bestway,"Dim.: 4,88 m","2,99 €","2,99 €/Unidade"
Goiaba Vermelha,Fruta do Dia,1 un = 200 gr (aprox.),"1,05 €","3,49 €/Kg"
"Refrigerante sem gás, laranja",Joi,"Garrafa de 1,5 l","0,99 €","0,66 €/L"
"Creme de rosto de dia revitalift, laser",L'oreal,Embalagem de 50 ml,"2,99 €","59,80 €/L"
Vinagre vinho branco,PorSi,Garrafa de 500 ml,"0,35 €","0,70 €/L"
Luvas Multi Latex S/M,Vileda,10 unidade,"3,99 €","3,99 €/Unidade"
"Hamburguers de frango, 4 x 80 g",PorSi,Embalagem de 320g,"2,79 €","8,72 €/Kg"
Abóbora adoçada com xarope de milho,Cemporcent,Embalagem de 240g,"5,99 €","19,97 €/Kg"
Filete de anchovas estendidas,General,Embalagem de 40g,"7,08 €/Kg","7,08 €/Kg"
Uva Branca,Programa Origens,Vendido ao peso,"2,23 €","0,89 €/Kg"
Tostas sem glúten,Schar,Embalagem de 150g,"2,39 €","6,83 €/Kg"
Mistura para canários,Canto Alegre,Embalagem de 1K,"2,49 €","2,49 €/Kg"
Vinagre vinho branco 500ml,Cristal,Garrafa de 500 ml,"0,35 €","0,70 €/L"
Creme anti-rugas reafirmante,Diadermine,Embalagem de 50 ml,"2,99 €","59,80 €/L"
Café em Cápsulas Dolce Gusto Sical,Nescafé,Embalagem de 3x16 cápsulas,"54,36 €/Kg","54,36 €/Kg"
Salada Ibérica Programa Origens,PorSi,Embalagem de 150 g,"0,99 €","9,90 €/Kg"
Iogurte aroma varios sabores,PorSi,Embalagem de 12 x 125 g,"1,87 €","1,25 €/Kg"
Grelo Nabo Programa Origens,PorSi,1 un= 1 kg (aprox.),"0,45 €","1,49 €/Kg"
Descafeinado,Nestlé,Embalagem de 100 g,"1,59 €","6,36 €/Kg"
Leite uht magro,Gresso,Embalagem de 1 litro,"0,81 €","0,81 €/L"
Malha vegetal com Ricotta 110 g,Pastelaria do Dia,,"0,65 €","0,65 €/Unidade"
Geleia de groselha,Bonnemaman,Embalagem de 370g,"3,29 €","9,54 €/Kg"
Bolacha Maria sem lactose,PorSi Viva Bem,Embalagem de 200 g,"0,99 €","1,98 €/Kg"
"Queijo flamengo, ralado",Terra Nostra,Embalagem de 150g,"7,45 €/Kg","7,45 €/Kg"
Tablete de chocolate negro com avelãs - sem açúcar,PorSi Viva Bem,Embalagem de 100 g,"10,52 €/Kg","10,52 €/Kg"
Espumante sem álcool para crianças,Look,Garrafa de 750 ml,"0,40 €/L","0,40 €/L"
Fruta para bebé banana maçã +4 meses,Nestle,Embalagem de 90g,"0,74 €","8,22 €/Kg"
Arroz longo extra integral,Cacarola,Embalagem de 1 kg,"0,99 €","0,99 €/Kg"
"Cereais special k, frutos vermelhos",Kellogg's,Embalagem de 300g,"3,45 €","26,74 €/Kg"
Batata frita lisa chips,PorSi,Embalagem de 185 g,"1,06 €","5,73 €/Kg"
"Néctar pêssego, prisma",PorSi,Embalagem de 1 l,"0,99 €","0,99 €/L"
Martini Riserva Rubino,Martini,Garrafa de 750 ml,"22,49 €","32,13 €/L"
Empada de Frango 60 g,Fornada do Dia,,"0,65 €","0,65 €/Unidade"
"Gel depilatório, peles sensiveis",Labell,Embalagem de 200 ml,"10,99 €","73,27 €/L"
Alecrim,Margao,Embalagem de 20g,"0,20 €","0,20 €/Kg"
Toalhitas intimas com aloé vera,Carefree,20 unidades,"2,09 €","2,09 €/Unidade"
Pasta de Arquivo Marmoreada S/ Caixa,Domédia,1 un.,"1,99 €","1,99 €/Unidade"
Tomate pedaços biológico,Guloso,Embalagem de 390g,"3,69 €","23,06 €/Kg"
Bicarbonato de sódio,PorSi,Saqueta de 75 g,"1,49 €","18,17 €/Kg"
"Gel banho, nutritivo",Lactovit,Embalagem de 650 ml,"6,49 €","8,65 €/L"
"Refrigerante com gás, ananás",Sumol,"Garrafa de 1,25 l","0,40 €/L","0,40 €/L"
Ketchup,PorSi,Embalagem de 300 g,"0,70 €","2,33 €/Kg"
Café moído torrado aroma bellissimo,Belissimo,Embalagem de 200g,"9,16 €/Kg","9,16 €/Kg"
Sabonete leite & mel,Palmolive,Embalagem de 4x90 g,"1,99 €","12,44 €/Kg"
Toranja,Fruta do Dia,1 un = 300 gr  (aprox.),"0,27 €","1,09 €/Kg"
Melão Amarelo,Fruta do Dia,Vendido ao peso | 1 un = 2.5 kg (aprox.),"2,23 €","0,89 €/Kg"
Crocantes de frango original,Iglo,Embalagem de 180g,"9,30 €/Kg","9,30 €/Kg"
Caçarola Alumínio Anti-Aderente 26Cm,PorSi,1 unidade,"9,99 €/Unidade","9,99 €/Unidade"
Bolachas cookies 0% açúcares,Artiach,Embalagem de 120 g,"5,47 €/Kg","5,47 €/Kg"
Soquete mousse 20d tabac t. único,PorSi,3 unidades,"1,99 €","1,99 €/Unidade"
Polvilho doce,Do Brasil,500 g,"1,99 €","1,99 €/Kg"
Vinho Regional de Lisboa Rosé,Mundus,"Garrafa de 0,75 l","2,29 €","3,05 €/L"
Soja líquido frutos exóticos,PorSi Viva Bem,Embalagem de 4 x 150 ml,"3,09 €","6,18 €/Kg"
Chá verde matcha mirtilo,Tetley,20 saquetas,"44,50 €/Kg","44,50 €/Kg"
Snack para gato crispies vaca e frango,Felix,Embalagem de 50g,"0,99 €","16,50 €/Kg"
Presunto fatiado 6 meses,PorSi,Embalagem de 140 g,"2,49 €","12,45 €/Kg"
Bóia Patrulha Pata 50 cm,Mondo,1 unidade,"34,99 €","34,99 €/Unidade"
Caramelos de nata com recheio,Werthers,Embalagem de 140g,"2,75 €","11,00 €/Kg"
"Livro ""Tudo o que preciso para o Natal...""",Yoyobooks,1 unidade,"7,50 €/Unidade","7,50 €/Unidade"
Vinho branco península de setúbal,Pioneiro,Garrafa de 0.75 l,"8,59 €","11,45 €/L"
Queijo fundido light,Président,Embalagem de 250 g,"4,39 €","10,98 €/Kg"
Alimento seco para gatinhos,HappyOne,"Embalagem de 1,5 kg","12,99 €","4,33 €/Kg"
Água c/ gás: limão/pepino/gengibre,Frize,pack 4 x 0.25 l,"2,85 €","2,85 €/L"
Aptamil  prosyneo ha 1,Aptamil,Embalagem de 800g,"20,99 €","26,24 €/Kg"
Coxinhas de frango,PorSi,Embalagem de 360g,"3,53 €","8,83 €/Kg"
Esfregão esponja ergonómico salva unhas,PorSi,Embalagem de 2 unidades,"2,54 €","2,54 €/Unidade"
Refresco em pó de morango,PorSi,Embalagem de 40g,"0,75 €","18,75 €/Kg"
Café moagem fina bio,PorSi Bio,Embalagem de 250g,"9,16 €/Kg","9,16 €/Kg"
Luvas Universal Média/Grande,Vileda,1 unidade,"3,99 €","3,99 €/Unidade"
Leite pasteurizado meio gordo,Vigor,Garrafa de 1 l,"1,09 €","1,09 €/L"
"Vela em número,  nº 0",PorSi,1 unidade,"0,95 €","0,95 €/Unidade"
Lenços faciais brancos 2 folhas,PorSi,150 unidades,"0,89 €","0,89 €/Unidade"
Chá de alcachofra e dente-de-leão,PLANTANATU,Embalagem de 20g,"1,19 €","1,19 €/Unidade"
"Toalhetes intimos protect, 15 unidades",Dystron,Uma embalagem,"2,09 €","2,09 €/Unidade"
Leite uht c/ chocolate,Ucal,Embalagem de 3 x 250 ml,"0,26 €","1,30 €/L"
Xarope de chocolate zero,Prozis,Embalagem de 290g,"5,99 €","19,97 €/Kg"
Sopa económica de marisco,Knorr,Embalagem de 60g,"0,84 €","13,55 €/Kg"
Preparado para crepes,Branca de Neve,Embalagem de 380g,"0,79 €","5,27 €/Kg"
Galão enriquecido em cálcio,Ucal,Embalagem de 3 x 200 ml,"0,26 €","1,30 €/L"
"Azeite extra virgem, azeitonas verdes",Oliveira da Serra,Garrafa de 750 ml,"3,19 €","4,25 €/L"
Esponja limpa camurça,PorSi,1 unidade,"6,19 €","24,76 €/L"
Lentilhas vermelhas,Salutem,Embalagem de 500g,"1,19 €","2,38 €/Kg"
Água s/ gás,Luso,Garrafa de 7 l,"1,04 €","0,17 €/L"
"Inseticida max, concentrado sensitive",Dum Dum,Garrafa de 400 ml,"4,39 €","7,32 €/L"
Bacalhau Especial,PorSi,"1 un= 3kg /3,5kg (aprox.)","8,73 €/Kg","8,73 €/Kg"
Alho moído,PorSi,Saqueta de 50 g,"0,20 €","0,20 €/Kg"
Furador com 2 furos,Domédia,1 unidade,"1,95 €","97,50 €/L"
Bolachas com recheio de cacau sem glúten,Schar,Embalagem de 250g,"2,15 €","2,87 €/Kg"
Vinho verde,Via Latina,Garrafa de 750 ml,"3,09 €","3,09 €/L"
Tablete chocolate creme de cacau,Milka,Embalagem de 100g,"5,30 €/Kg","5,30 €/Kg"
Borracha branca gigante,Domédia,1 unidade,"1,95 €","97,50 €/L"
Preparado de tarte de flã,PorSi,360 g,"1,39 €","6,95 €/L"
Body Milk Cocoa,Nivea,Embalagem de 250 ml,"12,48 €/L","12,48 €/L"
Malga de Barro p/ Caldo Verde,Gratta,,"1,89 €","1,89 €/Unidade"
Pavilhão Politileno Branco,*,Dim.: 2x3 m,"18,99 €","18,99 €/Unidade"
M&m's drageias de caramelo salgado e chocolate de le...,M&m's,Embalagem de 160g,"11,98 €/Kg","11,98 €/Kg"
Vela em número nº9,PorSi,1 unidade,"0,95 €","0,95 €/Unidade"
Lixívia Spray Mousse,Neoblanc,Embalagem de 700ml,"1,74 €","0,35 €/L"
Iogurte grego oikos stracciatella,Danone,Embalagem de 4 x 110 g,"1,49 €","2,98 €/Kg"
12 pastéis de bacalhau,PorSi,Embalagem de 300 g,"1,64 €","6,56 €/Kg"
Aguardente vínica,P.marante,Garrafa de 700 ml,"12,79 €","18,27 €/L"
Detergentes máquina lavar loiça ecológico,PorSi,26 pastilhas,"2,99 €","2,99 €/Unidade"
Rebuçados peitorais,Villa,Embalagem de 200 g,"0,77 €","3,85 €/Kg"
Pensos para bolhas,PorSi,20 unidades,"2,86 €","2,86 €/Unidade"
Doce de abóbora c/ noz,Quinta de Jugais,Embalagem de 280g,"2,19 €","9,95 €/Kg"
Fiambre Peito de Peru,Primor,Vendido ao peso a partir de 100 g,"2,25 €","11,25 €/Kg"
"Creme de noite, age perfect",L'oreal,Embalagem de 50 ml,"2,99 €","59,80 €/L"
Forma Pudim Antiaderente 18cm,PorSi,1 unidade,"9,99 €/Unidade","9,99 €/Unidade"
Creme fixação para dentaduras,Polident,Embalagem de 70 g,"9,79 €","122,38 €/Kg"
Queijo cabra curado,PorSi,300 g,"1,89 €","10,50 €/Kg"
Creme vegetal sabor a manteiga,Becel,Embalagem de 450 g,"1,39 €","6,95 €/L"
Rebuçados de mentol,PorSi,Embalagem de 250g,"0,77 €","3,85 €/Kg"
Pá do Lixo C/ Cabo,PorSi,1 un.,"2,20 €","2,20 €/Unidade"
Gelado viennetta morango,Olá,Embalagem de 650 ml,"6,79 €","14,76 €/L"
Kit de viagem,Colgate,pasta dentífrica + escova,"3,49 €","3,49 €/Unidade"
Alimento lácteo banana +6 meses,Yogolino,Embalagem de 4 x 100 g,"2,89 €","7,23 €/Kg"
Mistura de cogumelos,PorSi,Embalagem de 400g,"1,89 €","1,89 €/Kg"
Saco de cama para adulto,Saurium,1 unidade,"14,99 €","14,99 €/Unidade"
Crepe maçã e canela,PorSi,Embalagem de 540 g,"2,19 €","6,64 €/Kg"
Sacos do lixo 18 litros,PorSi,15 sacos,"1,79 €","1,79 €/Unidade"
"Queijinho, yoco suisse maxi, morango",Nestle,Embalagem de 4 x 90 g,"1,05 €","1,86 €/L"
Whisky,J&B,Garrafa de 1 l,"11,49 €","16,41 €/L"
Chocolate para culinária 85% cacau sem glúten,Regina,embalagem de 200 g,"1,04 €","8,32 €/Kg"
Grelos,Bonduelle,Embalagem de 400 g,"1,89 €","1,89 €/Kg"
Vela com número 4,PorSi,1 unidade,"0,95 €","0,95 €/Unidade"
Amendoas trituradas 125g,Vahine,Embalagem de 130g,"1,27 €","3,18 €/Kg"
Pão Alentejano,Pão do Dia,1 unidade = 400 g,"0,19 €","2,38 €/Kg"
Folhado de carne,Pastelaria do Dia,1 unidade = 90 g,"0,65 €","0,65 €/Unidade"
Sardinhas em óleo picante,Ramirez,Embalagem de 130g,"7,08 €/Kg","7,08 €/Kg"
Vinho tinto doc dão,Cabriz,Garrafa de 0.75 l,"3,99 €","5,32 €/L"
Compota de mirtilo sem açúcar bio,Pur Natur,Embalagem de 250g,"5,99 €","19,97 €/Kg"
Farinha s/ glúten p/ pão,Schar,Embalagem de 1 kg,"1,99 €","1,99 €/Kg"
Açúcar granulado,Rar,Embalagem de 1kg,"1,49 €","1,49 €/Kg"
Peito de frango forno a lenha,Primor,"Vendido ao peso, fatiado a partir de 100 gr","2,25 €","11,25 €/Kg"
Queijo Fresco Cabra Grande,Santiago,1 un.,"1,09 €","5,45 €/Kg"
Chantilly,President,Embalagem de 250 g,"0,69 €","3,45 €/L"
Espumoso moscato,Selecção de Enófilos,"Garrafa de 0,75 l","3,99 €","5,32 €/L"
"Vela com número, nº 7",PorSi,1 unidade,"0,95 €","0,95 €/Unidade"
Cera líquida castanha,Splendor,Embalagem de 500 ml,"1,79 €","2,39 €/L"
Anticalcário,Viakal,Embalagem de 500 ml,"0,99 €","0,99 €/L"
Dawnut Açucarado,Pastelaria do Dia,48g,"0,69 €","0,69 €/Unidade"
Farinha,Maizena,Embalagem de 400g,"1,99 €","1,99 €/Kg"
Açucar icing,Rar,Embalagem de 250 g,"1,49 €","1,49 €/Kg"
Esoumante prosecco branco,Gancia,Garrafa de 750 ml,"3,99 €","5,32 €/L"
"Refresco em pó, ananás",Tang,Embalagem de 30g,"0,75 €","18,75 €/Kg"
Spray de lavagem a seco denim,Day 2,200 ml,"0,99 €","2,48 €/Kg"
Liquido ação total floral,WC Pato,Embalagem de 750 ml,"2,79 €","3,99 €/L"
Bolachas digestive aveia e laranja,Gullon,Embalagem de 430g,"1,14 €","3,80 €/Kg"
Ovos Galinha Solo S,PorSi,6 unidades,"1,39 €","1,39 €/Unidade"
Leite Bem Essencial morango,Mimosa,Embalagem de 4 x 200 ml,"1,99 €","2,49 €/L"
Pudim zero pessego-maracuja 22g,Condi,Embalagem de 20g,"0,59 €","29,50 €/Kg"
"Bolachas, tubo",Oreo,Embalagem de 150g,"0,79 €","4,49 €/Kg"
Bolachas mini alfa,Nacional,Embalagem de 120g,"2,82 €","9,40 €/Kg"
Caju simples,*,Vendido ao peso,"0,95 €","3,78 €/Kg"
Iogurte magro morango sem lactose,Mimosa,Embalagem de 4x 120 g,"1,87 €","1,25 €/Kg"
Champô Anti-Caspa,Pantene,360 ml,"5,59 €","13,98 €/L"
Hambúrguer sementes 2x80g,Veg In,Embalagem de 160g,"2,09 €","8,36 €/Kg"
Açúcar granulado embalado em papel,Rar,Embalagem de 1 kg,"1,49 €","1,49 €/Kg"
Tablete de chocolate culinário negro,PorSi,Embalagem de 200 g,"1,04 €","8,32 €/Kg"
"Caramelos de fruta, tripack",Mentos,Embalagem de 110g,"1,19 €","4,76 €/Kg"
Pratos para pic nic 19 cm verdes,PorSi,Embalagem com 6 unidades,"4,49 €","4,49 €/Unidade"
"Iogurte sólido aroma morango, ananás e banana",Mimosa,Pack 8 x 120 g,"1,87 €","1,25 €/Kg"
Queijo flamengo em Barra,Nova Açores,"Vendido ao peso, fatiado a partir de 100 gr","1,49 €","7,45 €/Kg"
Especialidade de coco com morango 4x100g,Andros,Embalagem de 400g,"0,39 €","1,95 €/Kg"
Rojões,Porco,1 un = 250 gr  (aprox.),"3,99 €","3,99 €/Kg"
Snack bio de arroz e trigo c/ banana,Gerber,Embalagem de 35g,"1,89 €","9,95 €/Kg"
Iogurte bio natural,Páturages,Embalagem de 4 x 125 g,"5,97 €/Kg","5,97 €/Kg"
Leite e cereais 8 cereais e mel +6 meses,Cerelac,Garrafa de 400 ml,"4,49 €","4,49 €/Kg"
Liquido brilhante sapato preto,PorSi,75 ml,"2,25 €","45,00 €/L"
Bacalhau posta média,PorSi,Embalagem de 800g,"5,39 €","6,74 €/Kg"
Batata Roxa,Programa Origens,Vendido ao peso,"0,25 €","0,99 €/Kg"
Creme culinário soja,PorSi Viva Bem,Embalagem de 200 ml,"3,99 €","26,60 €/L"
Aptamil  prosyneo ha 2,Aptamil,Embalagem de 800g,"20,99 €","26,24 €/Kg"
Spray tira nódoas,A+,Embalagem de 750 ml,"7,99 €","19,02 €/Kg"
Cartucho com gás CP-206,Campingaz,1 unidade,"4,49 €","4,49 €/Unidade"
Batata frita light,Lay's,Embalagem de 140g,"0,95 €","6,33 €/Kg"
Chocolate lion,Lion,Embalagem de 40g,"2,24 €","29,87 €/Kg"
Alimento Húmido p/Gato Salmão,Gourmet Perle,Embalagem de 8x85g,"3,49 €","10,26 €/Kg"
Penso de incontinência boutique extra,Ausonia Discreet,Embalagem de 8 un.,"1,95 €","1,95 €/Unidade"
Leite bem essencial chocolate,Mimosa,Embalagem de 200 ml,"0,26 €","1,30 €/L"
Spray casa de banho brilhante,Sonasol,Embalagem de 500 ml,"0,89 €","0,45 €/L"
Óleo Performa 15W40,Galp,Embalagem de 1 l,"13,99 €","13,99 €/L"
Caderno Agrafado Capa Preta |A5 Pautado,Domédia,1 unidade,"0,99 €","0,99 €/Unidade"
Milka chocolate tablet cocoa,Milka,Embalagem de 100g,"16,67 €/Kg","16,67 €/Kg"
Gogo SqueeZ Snack Morango,Gogo,Embalagem de 4 x 90g,"2,29 €","6,94 €/L"
Creme Rosto Dia Pele Mista Antirrugas Q10 Plus,Nivea,Embalagem de 50 ml,"2,99 €","59,80 €/L"
Sumo natural de maçã bio,Cemporcent,Garrafa de 1 l,"2,19 €","2,19 €/L"
"Vinho branco, denominação de origem controlada, dour...",VILA REAL,Garrafa de 750 ml,"7,49 €","9,99 €/L"
Spray vitrocerâmica/indução,PorSi,Embalagem de 500 ml,"1,79 €","2,39 €/L"
Gelatina pronta a comer light 10 kcal morango,Royal,Embalagem de 4 x 100 g,"0,85 €","2,13 €/Kg"
Lata Cebo Protexol Incolor,Búfalo,Embalagem de 75 ml,"0,99 €","19,80 €/L"
Azeite virgem extra dop moura,PorSi Select,Embalagem de 0.75L,"3,19 €","4,25 €/L"
Iogurte para bebé frutas variadas,Nestle,Embalagem de 4 x 100 g,"2,89 €","7,23 €/Kg"
Mochila Campismo Sortelha,Montecampo,Cap.: 30 litros,"10,99 €","10,99 €/Unidade"
Limpa injetores gasolina,PorSi,Embalagem de 250 ml,"13,99 €","13,99 €/L"
Água s/ gás,Luso,"Garrafa de 5,4 l","1,04 €","0,17 €/L"
Creme vegetal,Planta,Embalagem de 1 kg,"1,39 €","6,95 €/L"
Frutos silvestres lata,Koala,Embalagem de 415 g,"1,99 €","2,37 €/Kg"
Whisky 8 anos,Grant's,Garrafa de 0.70 l,"30,99 €","44,27 €/L"
Água c/ Gás Ananás,Frize,pack 4 x 0.25 l,"2,85 €","2,85 €/L"
Couve portuguesa bio,PorSi Bio,400 g (aprox.),"1,99 €","1,99 €/Kg"
"Gel cabelo, hard cement",Fru style,Embalagem de 200 ml,"3,99 €","53,20 €/L"
Azeite virgem extra,Ouro elvas,Garrafa de 750 ml,"3,19 €","4,25 €/L"
Creme descolorante,Veet,Garrafa de 150 ml,"10,99 €","73,27 €/L"
Bolachas de Amêndoa,ANNAS,Embalagem de 150G,"0,79 €","4,49 €/Kg"
Pilha alcalina heightech lr6x4,Domédia,1 unidade,"1,99 €","1,99 €/Unidade"
Lâmpada LED Formato Clássico 10W E27 220-240V,Domédia,1 un.,"3,89 €","3,89 €/Unidade"
Barrinhas de  pescada panada,Pescanova,Embalagem de 1.2K,"9,30 €/Kg","9,30 €/Kg"
Nata uht light para culinária,PorSi,embalagem de 200 ml,"0,69 €","3,45 €/L"
Esparregado de espinafres sem lactose,PorSi Viva Bem,Embalagem de 360 g,"0,99 €","1,98 €/Kg"
Palitos redondos,PorSi,200 unidades embalados individualmente,"1,50 €","1,50 €/Unidade"
Maçã Royal Gala 70/75,Programa Origens,1 un = 150 gr (aprox.),"0,34 €","2,29 €/Kg"
Mel de néctar multifloral bio,PorSi Bio,Frasco de 250g,"4,89 €","9,78 €/Kg"
Água sem gás,Vitalis,Garrafa de 0.5 l,"1,04 €","0,17 €/L"
Café em grão,Delta,Embalagem de 250g,"9,16 €/Kg","9,16 €/Kg"
Pensos higiénicos liberty normal sem abas,Evax,Embalagem com 12 un.,"4,89 €","4,89 €/Unidade"
Cesto de basket infantil,Dunlop,Altura: 117 cm,"4,49 €","4,49 €/Unidade"
Pasta Dentífrica Menta Suave,Aquafresh,Embalagem de 75 ml,"2,29 €","30,53 €/L"
Tosta integral,Diatosta,Embalagem de 510 g,"1,34 €","5,96 €/Kg"
Inseticida Elétrico Night&Day Pack Duplo,Raid,Embalagem de 2x300 mg,"6,89 €","6,89 €/Unidade"
Creme para calçado preto,Splendor,80 ml,"0,99 €","19,80 €/L"
Leite com chocolate original,Ucal,Embalagem de 18 x 250 ml,"0,26 €","1,30 €/L"
Vinho do porto special reserve,Velhotes,"garrafa de 0,75 l","10,99 €","14,65 €/L"
Fósforos cozinha,Flamefast,Uma embalagem com 4 unidades,"1,50 €","1,50 €/Unidade"
Espargos Verdes,Legumes do Dia,embalagem com 250g,"0,70 €","2,79 €/Kg"
Queijo flamengo sticks 5x20g,PorSi,Embalagem de 100g,"1,49 €","7,45 €/Kg"
Brócolos congelados,PorSi,Embalagem de 1 kg,"1,89 €","1,89 €/Kg"
Pão de forma s/ côdea,Bimbo,Embalagem de 650 g,"0,99 €","1,65 €/Kg"
Snacks crocantes com bacon,PorSi,Embalagem de 60g,"0,79 €","7,90 €/Kg"
Chá fresh preto e limão,Cemporcent,Embalagem de 18g,"44,50 €/Kg","44,50 €/Kg"
Lanche Misto,Pastelaria do Dia,1 unidade= 115 g,"0,65 €","0,65 €/Unidade"
Ambientador Difusor Frutos Vermelhos,PorSi,50 ml,"9,49 €","45,19 €/Kg"
Água com gás natural pet,P.salgadas,pack 6 x 0.33 l,"2,85 €","2,85 €/L"
Refrigerante de lima-limão,Seven-up,Pack 4 x 1.25 l,"0,40 €/L","0,40 €/L"
Sal Himalaias Grosso,Origens Bio,1 Embalagem 500G,"2,99 €","5,98 €/Kg"
Queijo ralado mix 3 queijos,PorSi,Embalagem de 200 g,"7,45 €/Kg","7,45 €/Kg"
Borrego Inteiro/Metades,Borrego,"1/2 un = 7 kg, 1 un = 14 kg (aprox.)","69,86 €","9,98 €/Kg"
Papel Higiénico Original 2 folhas,Scottex,Embalagem c/ 16 Rolos,"1,95 €","1,95 €/Unidade"
Gelado carte d'or chocolate brownie,Olá,Embalagem de 900 ml,"6,79 €","14,76 €/L"
"Livro ""Era uma vez contos intemporais""",Yoyo Books,1 unidade,"7,50 €/Unidade","7,50 €/Unidade"
Loção Hidratante para Depois do Sol,Nivea Sun,Embalagem de 200 ml,"9,99 €","49,95 €/L"
Flocos de quinoa bio,Seara,Embalagem de 400g,"0,68 €","1,70 €/Kg"
Leite condensado magro,Nestle,Embalagem de 390g,"1,09 €","2,75 €/Kg"
Curgete biológica,PorSi Bio,1 unidade = 300 gr (aprox.),"0,54 €","1,79 €/Kg"
Chupas Party Mix,PorSi,150 g,"1,99 €","4,98 €/L"
Máquina depilatória smooth 5 + recarga,Labell,1 unidade,"12,99 €","12,99 €/Unidade"
Ameijoa Branca 60/80,*,Congelada,"2,00 €","7,99 €/Kg"
Chá preto frutos vermelhos,PorSi,Embalagem de 40g,"41,67 €/Kg","41,67 €/Kg"
Semente mistura,Salutem,Embalagem de 250g,"2,29 €","11,45 €/Kg"
Salada aromática,Vitacress,embalagem de 100 g,"0,99 €","9,90 €/Kg"
Bloco Sanitário Poder Activo Aqua,Sonasol,Embalagem de 50 g,"2,99 €","74,75 €/Kg"
Ameijoa Castanha Vietnamita,Marisco Congelado,Venda ao Kilo,"2,00 €","7,99 €/Kg"
Queijo fatias -50% gordura,Terra Nostra,Embalagem de 400g,"1,49 €","7,45 €/Kg"
Boneca Caty 85 cm,Vicam,1 unidade,"11,99 €/Unidade","11,99 €/Unidade"
Caju com piri-piri,Frutos secos,,"0,95 €","3,78 €/Kg"
Marmelada com frutose,PorSi Viva Bem,Embalagem de 400g,"1,09 €","2,42 €/Kg"
Miolo de avelã,PorSi,Embalagem de 200 g,"0,99 €","4,95 €/Kg"
Infusão camomila,Cemporcent,Embalagem de 10 unidades,"0,79 €","60,77 €/Kg"
Tostas mistura sem glúten,PorSi Viva Bem,Embalagem de 140g,"4,29 €","20,43 €/Kg"
"Sacos do lixo WC canino 5l, 30 unidades",Silvex,Uma embalagem,"1,79 €","1,79 €/Unidade"
Aditivo gasolina sem chumbo,Redex,Embalagem de 250 ml,"4,99 €","19,96 €/L"
Magnésio + vitaminas,PLANTANATU,Embalagem de 1 unidades,"7,59 €","126,50 €/Kg"
Queijo ovelha com pimentão,H.da maia,Embalagem de 200g,"4,62 €","18,49 €/Kg"
Mousse de chocolate,PorSi,Embalagem de 110 g,"1,19 €","2,59 €/Kg"
4 hamburguers frango s/ glúten,Capitão Iglo,Embalagem de 240g,"2,89 €","6,42 €/Kg"
Creme Mãos Secrets Abacate,Dove,75 ml,"2,49 €","41,50 €/L"
Máscara Olhos Brow Drama Medium,Maybelline,1 unidade,"7,49 €","7,49 €/Unidade"
"Mistura de couve flor, brócolos e cenoura",PorSi,Embalagem de 1 kg,"1,89 €","1,89 €/Kg"
Pensos Incontinência Homem Men Diário,Tena,14 un.,"1,95 €","1,95 €/Unidade"
Tira verniz,Labell,Embalagem de 200 ml,"2,49 €","41,50 €/L"
Tira gorduras dia a dia,Mistolin,Garrafa de 750 ml,"1,29 €","1,72 €/L"
16 mini croquetes de carne,PorSi,Embalagem de 290 g,"1,64 €","6,56 €/Kg"
Creme vegetal para barrar,PorSi,Embalagem de 500 g,"1,39 €","6,95 €/L"
Alga marinha tostada sushi nori,BLUEDRAGON,Embalagem de 11g,"2,84 €","258,18 €/Kg"
Entremeada s/ Entrecosto,Porco,Vendido ao peso a partir de 1 kg,"3,99 €","3,99 €/Kg"
Caldo de galinha 16 cubos,Knorr,Embalagem de 160g,"3,69 €","23,06 €/Kg"
Café moagem normal: original,Buondi,Embalagem de 220g,"9,76 €/Kg","9,76 €/Kg"
Robô que salta Jumping Bot,Clementoni,1 un.,"9,99 €/Unidade","9,99 €/Unidade"
Leite UHT Meio Gordo,PorSi,1 l,"0,81 €","0,81 €/L"
Lambrusco rosé,Sorbello,Garrafa de 0.75 l,"2,29 €","3,05 €/L"
Dobrada com feijão,Nobre,Embalagem de 420g,"2,35 €","5,60 €/Kg"
Creme de corpo exfoliante,Labell,Embalagem de 150 ml,"0,76 €","0,76 €/Unidade"
Sultana Dourada,PorSi,Embalagem de 200g,"0,99 €","4,95 €/Kg"
Toucinho Fumado,PorSi,fatiado a partir de 100 gr,"1,45 €","18,13 €/Kg"
Camisola segunda pelo mousse muskade 30D t. único,PorSi,1 unidade,"1,99 €","1,99 €/Unidade"
Danacol natural,Danone,Embalagem de 6 x 100 g,"4,15 €/Kg","4,15 €/Kg"
Champanhe brut,Pommery,Garrafa de 0.75 l,"34,99 €","46,65 €/L"
Carne picada com 15% matéria gorda,PorSi Select,embalagem de 400 g,"3,29 €","8,23 €/Kg"
Maionese magra em frasco,Hellmman's,Embalagem de 460g,"0,70 €","2,33 €/Kg"
Azeite Virgem Extra Clássico,Gallo,Garrafa de 2 l,"3,19 €","4,25 €/L"
Queijo de ovelha curado amanteigado,Seia,Embalagem de 500g,"4,62 €","18,49 €/Kg"
Café torrado classic universal,Delta,Embalagem de 250g,"9,16 €/Kg","9,16 €/Kg"
Pá do Lixo C/ Cabo Dobrável,Fapil,1 un.,"2,20 €","2,20 €/Unidade"
"Fita Castanha, 50mmx66m",Vito,1 unidade,"2,59 €","86,33 €/Kg"
Vinho verde branco,Aveleda,Garrafa de 750 ml,"3,09 €","3,09 €/L"
Bolo recheio de chocolate multipack,Chipicao,Embalagem de 230g,"2,05 €","5,13 €/Kg"
Amêndoas peladas,Vahine,Embalagem de 125g,"0,99 €","4,95 €/Kg"
Miúdos,Frango,1 un = 250 gr  (aprox.),"0,55 €","5,49 €/Kg"
Extra vitamina de a a z,PLANTANATU,Embalagem de 1 unidades,"7,59 €","126,50 €/Kg"
Desentupidor express gel elimina odores,Destop,1 litro,"4,89 €","6,52 €/L"
10 hamburguers 60% carne de bovino,PorSi,Embalagem de 1 kg,"2,79 €","8,72 €/Kg"
Chouriça de Porco Bísaro,Prisca,Embalagem de 180 g,"1,49 €","7,45 €/Kg"
Guitarra,Panda,1 un.,"12,99 €/Unidade","12,99 €/Unidade"
Cornflakes sem açúcar,Cemporcent,Embalagem de 250g,"0,68 €","1,70 €/Kg"
8 hamburguers s/ glúten frango,Capitão Iglo,Embalagem de 480g,"2,89 €","6,42 €/Kg"
Leite de pastagem biológico meio gordo,Milhafre,1 litro,"2,99 €","5,98 €/Kg"
Feijão branco,Compal,Lata de 410 ml,"1,79 €","2,29 €/Kg"
"Queijo médio, metades",Casteloes,Embalagem de 580g,"25,45 €/Kg","25,45 €/Kg"
"M&ms pouch, amendoim",M&m' s,Embalagem de 400 g,"11,98 €/Kg","11,98 €/Kg"
Piscina morango,Bestway,Dim.: 160 x 38 cm,"2,99 €","2,99 €/Unidade"
Queijo P'tits Fondants 8 Porções,PorSi,Embalagem de 140 g,"0,82 €","23,43 €/Kg"
Salada de fruta em calda,PorSi,Lata com 820 g,"1,99 €","2,37 €/Kg"
Ovos de galinha ao ar livre | Classe: M/L,Matinados,12 unidades,"2,19 €","2,19 €/Unidade"
Filetes primavera receita original sem glúten 250g,Iglo,Embalagem de 250g,"9,30 €/Kg","9,30 €/Kg"
Penso de incontinência maxi,Ausonia Discreet,Embalagem de 8 un.,"1,95 €","1,95 €/Unidade"
Massa quebrada s/ glúten,Pasta dia,Embalagem de 230g,"0,99 €","4,30 €/Kg"
"Hamburgers de porco, 4x80g",PorSi,Embalagem de 320 g,"2,79 €","8,72 €/Kg"
"Iogurte pedaços, frutimax muesli",PorSi,Embalagem de 4 x 125 g,"4,36 €","2,18 €/Kg"
Arroz integral salutem,Salutem,Embalagem de 1 kg,"1,19 €","2,38 €/Kg"
Esferográfica Preta Média,Mab,Embalagem com 4 un.,"2,49 €","2,49 €/Unidade"
Conjunto Sensuelle,Coquette,EAU DE TOILETTE 100 ML + R-ON 10 ML,"9,99 €","9,99 €/Unidade"
Aguardente 6 Anos,Adega Velha,"Garrafa 0,50 L","12,79 €","18,27 €/L"
Discos Sanitários Activos Aparelho Marinho,WC Pato,Embalagem de 36 ml,"2,99 €","74,75 €/Kg"
Amaciador roupa concentrado lírios e morango,PorSi,60 doses,"3,99 €","3,99 €/Unidade"
Rebuçados recheio mel,PorSi,Embalagem de 200g,"0,77 €","3,85 €/Kg"
Eau de Toilette p/Senhora Nº1,Caravan,1 Frasco 150ml,"11,99 €","79,93 €/L"
Iogurte sabor pêssego morango e manga,Danone,Embalagem de 8 x 120 g com 1 grátis,"1,87 €","1,25 €/Kg"
Caixa de arrumação reciclada,PorSi,20 litros,"17,99 €/Unidade","17,99 €/Unidade"
Feijão verde,PorSi,Embalagem de 750 g,"1,89 €","1,89 €/Kg"
Anti-Traça Maçã,Dum Dum,3 Unidades,"5,99 €","176,18 €/Kg"
Tempero em pó galinha,Knorr,Embalagem de 135g,"3,69 €","23,06 €/Kg"
Ricotta,Páturages,Uma unidade,"0,82 €","23,43 €/Kg"
Infusão de tília,Tetley,Embalagem de 10g,"0,79 €","60,77 €/Kg"
Nabo Roxo sem Rama,Legumes do Dia,1 un = 200 gr (aprox.),"1,99 €","1,99 €/Kg"
Pringles sour cream & onion,Pringles,Embalagem de 175g,"5,84 €/Kg","5,84 €/Kg"
"Compal vital laranja, cenoura e manga",Compal,Garrafa de 200 ml,"0,99 €","0,99 €/L"
Peito peru fumado fatias finas cuida-te +,Nobre,Embalagem de 110g,"2,25 €","11,25 €/Kg"
Rebuçados peitorais,Dr.bayard,Embalagem de 100g,"0,77 €","3,85 €/Kg"
Barras de cereais forma clássica,PorSi,Embalagem de 126g,"1,29 €","10,24 €/Kg"
Rebucado mentol 250g,Vieira,Embalagem de 250g,"0,77 €","3,85 €/Kg"
Pimento vermelho biológico,PorSi Bio,500 g (aprox.),"2,19 €","4,38 €/Kg"
Diospiro de roer persimon | categoria: II,Fruta da Época,1 un = 250 gr  (aprox.),"0,47 €","1,89 €/Kg"
Faca para Churrasco 11 cm Inox,PorSi,1 unidade,"4,89 €","4,89 €/Unidade"
Whisky 12 anos,Chivas,Garrafa de 700 ml,"30,99 €","44,27 €/L"
Whisky Irish + copo,Bushmills,Garrafa de 700 ml,"30,99 €","44,27 €/L"
Leite UHT Morango sem Lactose,Mimosa,Pack 3 x 250 ml,"1,99 €","2,49 €/L"
Cocktail pessego,Bar Royal,Garrafa de 750 ml,"11,49 €","11,49 €/L"
"Acendalha branca, 32 cubos",PorSi,Uma embalagem,"0,75 €","0,75 €/Unidade"
Amendoins mix original,Matutano,Embalagem de 130g,"0,79 €","7,90 €/Kg"
Leite Autobronzeador,Ambre Solaire,Embalagem de 150 ml,"10,99 €","54,95 €/L"
Sumo natural mix frutos vermelhos,SONATURAL,Garrafa de 750 ml,"1,09 €","0,73 €/L"
Collant licra 15d tabac l,PorSi,Embalagem de 1 unidades,"1,99 €","1,99 €/Unidade"
Rebuçados floco de neve,Vieira,Embalagem de 250g,"1,59 €","6,36 €/Kg"
Molho inglês,Savora,Garrafa de 120 ml,"0,70 €","2,33 €/Kg"
Preparado em pó para pudim flan,El mandari,Embalagem de 19.2 g,"1,39 €","6,95 €/L"
Smint 2H intense mint,Smint,Embalagem de 35g,"2,30 €","57,50 €/Kg"
"Espumante Danúbio, Meio Seco",Danúbio,Garrafa de 75 cl,"6,99 €","9,32 €/L"
Rebuçados mentho-lyus sem açúcar,Halls,Embalagem de 31 g,"0,77 €","3,85 €/Kg"
Esfregão de Teflon,Fino,1 unidade,"2,54 €","2,54 €/Unidade"
Azeite Virgem,Oliveira da Serra,Embalagem de 750 ml,"3,19 €","4,25 €/L"
Pilha alcalina classic lr03x4,Domédia,1 unidade,"1,99 €","1,99 €/Unidade"
Queijo mozzarella light ralado,PorSi Viva Bem,Embalagem de 150 g,"2,39 €","19,92 €/Kg"
Eau de Toilette p/Senhora Nº3,Caravan,1 Frasco 150ml,"11,99 €","79,93 €/L"
"Coloração permanente, preto nº10",Nutrisse,1 unidade,"9,49 €/Unidade","9,49 €/Unidade"
"Tetina Silicone G. Largo, 0/6 Meses",Pommette,Embalagem de 2 unidades,"5,99 €","5,99 €/Unidade"
Melão verde,Fruta do Dia,Vendido ao peso | 1 un = 2.5 kg (aprox.),"2,23 €","0,89 €/Kg"
Aguardente vínica velha,Alianca v.,Garrafa de 700 ml,"12,79 €","18,27 €/L"
"Paezinhos azeite, alho e salsa",PorSi,Embalagem de 160g,"2,39 €","6,83 €/Kg"
Fio dental gentle suave,Sensodyne,1 unidade,"3,49 €","3,49 €/Unidade"
Aroma baunilha,Vahine,Embalagem de 20g,"1,49 €","18,17 €/Kg"
Mix pimentos 3 cores,Legumes do dia,Embalagem de 500 g,"2,19 €","4,38 €/Kg"
Queijo ilha ralado,PorSi,Embalagem de 200g,"7,45 €/Kg","7,45 €/Kg"
10 Preservativos Easy Way Nature,Control,,"4,49 €","4,49 €/Unidade"
Cocktail mix,PorSi,720 g,"1,64 €","6,56 €/Kg"
Balões latex azul,PorSi,Embalagem com 24 unidades,"0,59 €","0,59 €/Unidade"
Iogurtes magros aroma manga,PorSi Viva Bem,Embalagem de 6 x 125 g,"0,99 €","1,32 €/Kg"
Nectar multivitaminas,Paquito,Embalagem de 2 l,"0,99 €","0,99 €/L"
Feijão com dobrada,PorSi,Embalagem de 420 g,"2,35 €","5,60 €/Kg"
"Chocolate m&m s, bag amendoim",M&m' s,Embalagem de 100 g,"11,98 €/Kg","11,98 €/Kg"
Formas de alumínio redondas 650 ml,PorSi,5 unidades,"0,89 €","0,89 €/Unidade"
Vermute rosso,Martini,Garrafa de 0.75 l,"22,49 €","32,13 €/L"
Manteiga com sal,Primor,Embalagem de 250g,"1,69 €","6,76 €/Kg"
3 filetes de peixe recheados com espinafres,Iglo,Embalagem de 300g,"1,64 €","6,56 €/Kg"
Guardanapos com riscas verdes | Dim.: 33 x 33 cm,PorSi,Embalagem com 20 unidades,"1,28 €","1,28 €/Unidade"
10 salsichas de porco em lata,PorSi,Embalagem de 250G,"0,75 €","3,75 €/Kg"
Eau de Toilette Fairy’s Secret,B.U.,50 ml,"11,99 €","79,93 €/L"
Mistolin advanced anticalcário,Mistolin,Garrafa de 500 ml,"1,79 €","2,39 €/L"
"Luvas Multi 100, Tamanho Pequeno/Médio",Vileda,1 Embalagem,"3,99 €","3,99 €/Unidade"
"Fraldas Dry Fit, 3-6kg - Tamanho 2",Chicco,Embalagem de 50 unidades,"5,89 €","5,89 €/Unidade"
Salsicha p/Churrasco Picante,Carne Sorraia,1 Embalagem 360G,"0,99 €","7,07 €/Kg"
Sabonete alfazema de monte,Confianca,Embalagem de 125 g,"1,99 €","12,44 €/Kg"
Queijo mascarpone,Galbani,Embalagem de 250 g,"1,59 €","6,36 €/Kg"
Ambientador spray pure flor de cerejeira,PorSi,250 ml,"0,99 €","3,30 €/L"
Macarronete Massa Com Vegetais,Nacional,Embalagem de 500g,"0,89 €","1,78 €/Kg"
Lenços faciais brancos 3 folhas,PorSi,110 unidades,"0,89 €","0,89 €/Unidade"
Chouriço Extra Allnatural Fatiado,Elpozo,1 Embalagem 80G,"1,35 €","16,88 €/Kg"
Alimento seco p/ cão alta energia c/ frango,HappyOne,Embalagem de 4 kg,"1,15 €/Kg","1,15 €/Kg"
Aguardente Vínica Velha,Martha's,"Garrafa 0,70L c/ Caixa de Madeira","12,79 €","18,27 €/L"
Arroz selvagem,Caçarola,Embalagem de 500 g,"0,99 €","0,99 €/Kg"
Bola de Berlim chocolate,PorSi,85g,"0,69 €","0,69 €/Unidade"
Sopa de cozido,Knorr,Embalagem de 70g,"0,84 €","13,55 €/Kg"
Spray desinfetante cozinha,Lysol,Embalagem de 500 ml,"1,29 €","1,72 €/L"
Água mineral sem gás,Serra de Fafe,Embalagem de 6x0.5l,"1,04 €","0,17 €/L"
Pescada congelada 350-450 g,Peixe Congelado,Peixe de aquacultura,"3,99 €/Kg","3,99 €/Kg"
Toalha em rolo papel bordeau,PorSi,1 Unidade,"3,45 €","3,45 €/Unidade"
Bolacha infantil dinossaurus mini dino cereais,Artiach,Embalagem de 120g,"1,89 €","15,75 €/Kg"
Veg bowls trigo sarraceno&brócolos 350g,Iglo green,Embalagem de 350g,"1,99 €","6,63 €/Kg"
Achocolatado intenso 40% cacau,Nestle,Embalagem de 330g,"5,59 €","6,99 €/Kg"
Mostarda de Dijon,PorSi Select,190 g,"0,70 €","2,33 €/Kg"
Natas para café,President,Embalagem de 10X10G,"0,69 €","3,45 €/L"
"Iogurte líquido yoggi, sem lactose, morango",Nestle,Embalagem de 4 x 160 g,"1,17 €","1,83 €/Kg"
Acumulador térmico,Fresh&Cold,cap.: 400 ml,"4,49 €","4,49 €/Unidade"
Aperfeiçoador BB Cream Médio,Garnier,Embalagem de 50 ml,"2,99 €","59,80 €/L"
Drageias de chocolate de leite,PorSi,200 g,"11,98 €/Kg","11,98 €/Kg"
Bio fermento em pó,Vahine,Embalagem de 35g,"3,19 €","177,22 €/Kg"
Massa meada,PorSi,Embalagem de 500g,"0,89 €","1,78 €/Kg"
Infusão hipericão,Cemporcent,Embalagem de 10 unidades,"0,79 €","60,77 €/Kg"
Ração para Cão Delicate rico em Salmão,Purina One,Embalagem de 800g,"1,15 €/Kg","1,15 €/Kg"
Pasta oriental frango,Maggi,Embalagem de 60g,"2,35 €","5,60 €/Kg"
Lustrante Pneus,PorSi,Embalagem de 1 l,"3,99 €","0,80 €/L"
Recarga inseticida elétrico líquido,Raid,45 noites,"6,89 €","6,89 €/Unidade"
Gelatina de ananás,PorSi,Embalagem de 170g,"61,11 €/Kg","61,11 €/Kg"
Máquina depilação descartável Simply Venus 2,Gillette,3 Unid. + 1 Grátis,"5,49 €","5,49 €/Unidade"
Mortadela,Elpozo,Embalagem de 170 g,"1,05 €","6,99 €/Kg"
"Creme de rosto de noite revitalift, laser",L'oreal,Embalagem de 50 ml,"2,99 €","59,80 €/L"
Red Fish Grande,Peixe Congelado,1 un = 500 gr (aprox.),"3,99 €/Kg","3,99 €/Kg"
4 Costeletas pé de Borrego,PorSi,Embalagem ± 400 g,"69,86 €","9,98 €/Kg"
Miolo de Camarão 80/100,Brasmar,Embalagem de 200 g,"8,99 €","25,69 €/Kg"
Creme de cenoura,PorSi,Embalagem de 400 g,"1,69 €","2,11 €/Kg"
Compressas | dim.: 10 x 10 cm,PorSi,Embalagem com 100 unidades,"2,86 €","2,86 €/Unidade"
Salsa folhas,PorSi,Saqueta de 12 g,"0,20 €","0,20 €/Kg"
Marmelada,Quinta de Jugais,Embalagem de 500g,"1,09 €","2,42 €/Kg"
Água s/ gás,Fastio,Garrafa de 1 l,"1,04 €","0,17 €/L"
Massa quebrada,Pasta dia,Embalagem de 230g,"0,99 €","4,30 €/Kg"
"Bloco sanitário blue activ, eucalio",Sonasol,Embalagem de 50 g,"2,99 €","74,75 €/Kg"
Cebola Granel,Programa Origens,1 un = 250 gr  (aprox.),"0,25 €","0,99 €/Kg"
Molho cervejeira 8 cubos,Knorr,Embalagem de 70g,"3,69 €","23,06 €/Kg"
Queijo de cabra alho e ervas,Monforqueijo,180 g,"1,89 €","10,50 €/Kg"
Rabos,Porco,1 un = 250 gr  (aprox.),"0,55 €","5,49 €/Kg"
Vinagre de sidra pet,Paladin,Garrafa de 500 ml,"0,35 €","0,70 €/L"
Spray nature casa de banho,Cif,embalagem de 750 ml,"1,79 €","2,39 €/L"
"Rebuçados de fruta, diamante",PorSi,Embalagem de 200 g,"2,30 €","57,50 €/Kg"
Caramelos de fruta,PorSi,Embalagem de 250g,"1,19 €","4,76 €/Kg"
Iogurte líquido magro mirtilos chá verde sem lactose,Mimosa,4 x 156 ml,"0,99 €","1,98 €/Kg"
"Caramelos de café, creme",Werthers,Embalagem de 90g,"2,75 €","11,00 €/Kg"
"Borracha Technic, 600",Maped,embalagem com 2 unidades,"3,09 €","3,09 €/Unidade"
Detergente liquido para máquina de lavar roupa activ...,Skip,Embalagem de 80 doses,"8,49 €","1,80 €/Kg"
Pudim baunilha,Boca Doce,Embalagem de 20g,"0,59 €","29,50 €/Kg"
Doce light morango,PorSi,Embalagem de 340g,"4,39 €","17,56 €/Kg"
Bebida de soja de amêndoa,Alpro,Embalagem de 1 litro,"2,49 €","2,49 €/L"
Fio dentario 50m,Colgate,1 unidade,"3,49 €","3,49 €/Unidade"
Vinho doc alentejo tinto,T.bolotas,Garrafa de 0.75 l,"2,89 €","3,85 €/L"
Néctar light de laranja prisma,PorSi,Embalagem de 1 l,"0,79 €","2,39 €/L"
Miolo camarao gig.15/30 250g,Pescanova,Embalagem de 250 g,"8,99 €","25,69 €/Kg"
Panado de frango com alho e ervas,PorSi,240 g,"9,30 €/Kg","9,30 €/Kg"
Iogurte bio aroma limão,Páturages,Embalagem de 4 x 125 g,"5,97 €/Kg","5,97 €/Kg"
Iogurte danacol de morango,Danone,Embalagem de 12 x 100 g,"4,15 €/Kg","4,15 €/Kg"
Jogo Gansos + Tangran,Clementoni,1 unidade,"9,99 €/Unidade","9,99 €/Unidade"
Cubos pão trigo tostado,PorSi,Embalagem de 150g,"2,39 €","6,83 €/Kg"
Abrótea,Peixe Congelado,1 un= 1.5 kg (aprox.),"3,99 €/Kg","3,99 €/Kg"
Leite especial cálcio + vitamina d m/g,Mimosa,Garrafa de 1 l,"1,29 €","1,29 €/L"
"Coloração permanente, louro claro, nº80",Nutrisse,1 unidade,"9,49 €/Unidade","9,49 €/Unidade"
Néctar de romã,Cemporcent,Garrafa de 200 ml,"2,19 €","2,19 €/L"
Sabonete líquido desinfetante nutritivo,Sanytol,Embalagem de 250 ml,"2,18 €/L","2,18 €/L"
Torta natas com cobertura de cacau,PorSi,Embalagem de 300g,"2,05 €","5,13 €/Kg"
Base guarda sol em plástico,Koopman,45 litros,"18,99 €","18,99 €/Unidade"
Creme Muda Fralda,Baby Dove,Embalagem de 45 g,"0,59 €","5,90 €/L"
Arroz integral,PorSi Viva Bem,Embalagem de 1 kg,"1,19 €","2,38 €/Kg"
Desinfetante p/ WC,Sanytol,Embalagem de 750 ml,"1,79 €","2,39 €/L"
Coleira em nylon p/ cão  repelente 60cm,Repul' 7,Embalagem de 1 unidades,"19,99 €","19,99 €/Unidade"
Chuchu,Legumes do Dia,1 un = 250 gr  (aprox.),"0,70 €","2,79 €/Kg"
Molho mad chips top down,Calve,Embalagem de 260g,"0,70 €","2,33 €/Kg"
Toranja Vermelha,Fruta do Dia,Vendido ao peso a partir de 500 gr,"0,27 €","1,09 €/Kg"
Douradinhos estaladiços,Capitão Iglo,Embalagem de 340g,"9,30 €/Kg","9,30 €/Kg"
Flocos de aveia,PorSi Viva Bem,Embalagem de 400g,"0,68 €","1,70 €/Kg"
Insecticida recarga,Biokill,Embalagem de 375 ml,"4,39 €","7,32 €/L"
Piaçaba com suporte popular,Fapil,1 unidade,"2,20 €","2,20 €/Unidade"
Chocolate signature starbucks,STARBUCKS,Embalagem de 220 ml,"3,09 €","24,72 €/Kg"
Papel higiénico macio absorvente,PorSi,12 rolos,"1,95 €","1,95 €/Unidade"
Comida húmida para cão,PorSi,Embalagem de 300 g,"2,30 €/Kg","2,30 €/Kg"
Filetes de pescada,PorSi,Embalagem de 400 g,"4,39 €","10,98 €/Kg"
Kefir líquido natural,Nestle,Embalagem de 500 g,"1,17 €","1,83 €/Kg"
Snack Gato Anti Bolas de Pelo,PorSi,Embalagem 60 g,"0,99 €","16,50 €/Kg"
Limpa pavimentos flutuantes,PorSi,Embalagem de 1 litro,"1,79 €","2,39 €/L"
Desentupidor canos,Mr.muscle,Embalagem de 1 l,"4,89 €","6,52 €/L"
Tostas integrais,Bimbo,embalagem de 270 g,"2,39 €","6,83 €/Kg"
Bolachas mini prince recheadas com chocolate,PRINCE,Embalagem de 160 g,"1,89 €","15,75 €/Kg"
"Espuma cabelo, wet shine",Fru style,Embalagem de 200 ml,"3,99 €","53,20 €/L"
Snack para gato chezzy,Felix,Embalagem de 60g,"0,99 €","16,50 €/Kg"
Queijo Castelo Branco DOP,Casa Almeida,Vendido ao peso a partir de 250 gr,"2,87 €","15,94 €/Kg"
Argolas do mar,Pescanova,Embalagem de 400g,"5,49 €","6,86 €/Kg"
Bolacha diet nature recheio creme,Gullon,Embalagem de 210g,"0,79 €","4,49 €/Kg"
Aipo,Nossa seleção,Vendido ao peso,"0,89 €","17,80 €/Kg"
Pedras limão/chá verde,P.salgadas,pack 4 x 0.25 l,"2,85 €","2,85 €/L"
Creme proteção de gengivas,Polident,Embalagem de 40 g,"9,79 €","122,38 €/Kg"
Bolachas rosquilhas,PorSi,Embalagem de 600g,"1,69 €","6,76 €/Kg"
Camarão cozido 50/70,PorSi,Vendido ao peso a partir de 300 g,"2,25 €","8,99 €/Kg"
Eau de Toilette p/Senhora Nº40,Caravan,1 Frasco 150ml,"11,99 €","79,93 €/L"
Escova de dentes expert white media 360º,Colgate,1 unidade,"3,49 €","3,49 €/Unidade"
Chave de Bits + Conjunto de 20 Bits,Itools,1 unidade,"4,99 €","4,99 €/Unidade"
Pastéis de nata,PorSi,Embalagem de 6x60 g,"2,19 €","6,64 €/Kg"
Esfregona tiras completa,PorSi,1 unidade,"2,54 €","2,54 €/Unidade"
Açorda de camarão,PorSi Select,380 g,"1,64 €","6,56 €/Kg"
Gogo SqueeZ Snack Maçã e Manga,Gogo,Embalagem de 4 x 90g,"2,29 €","6,94 €/L"
Infusão nº 6 sem barriga,Cemporcent,Embalagem de 10 unidades,"0,79 €","60,77 €/Kg"
Orelhas,Porco,1 un = 250 gr (aprox.),"0,55 €","5,49 €/Kg"
Actimel morango,Danone,Embalagem de 6 x 100g,"4,15 €/Kg","4,15 €/Kg"
Base de Plástico p/ Guarda Sol,Saurium,,"8,99 €","8,99 €/Unidade"
Granola aveia fitness mel,Nestle,Embalagem de 300g,"3,45 €","26,74 €/Kg"
Bebida solúvel cereais+fibra frasco 200g,Delta,Embalagem de 200g,"14,50 €/Kg","14,50 €/Kg"
Loção corporal mini,Nivea,Embalagem de 75 ml,"12,48 €/L","12,48 €/L"
Batata chef gourmet,MCCAIN,Embalagem de 500 g,"1,39 €","1,39 €/Kg"
Vinho tinto regional terras dao bib 5l,Silgueiros,Embalagem de 5L,"3,99 €","5,32 €/L"
Cheeseburger Vaca,Snock,Embalagem de 100 g,"3,25 €","20,31 €/Kg"
Maionese Top Down,Calvé,Embalagem de 753 g,"0,70 €","2,33 €/Kg"
Gronola de aveia chocolate,Nestle,Embalagem de 300g,"3,45 €","26,74 €/Kg"
Piscina Fast Fet,Bestway,Dim.: 366 x 76 cm,"34,99 €","34,99 €/Unidade"
Corn flakes saco,PorSi,Embalagem de 500g,"1,49 €","2,98 €/Kg"
Tisana de chá verde/limão light,Pleno,"Garrafa de 1,5 l","0,99 €","0,66 €/L"
Massa p/ pizza,Pasta dia,Embalagem de 230g,"0,99 €","4,30 €/Kg"
"Bloco sanitário azul, recarga",WC Pato,Embalagem de 2x40 g,"2,99 €","74,75 €/Kg"
Monopoly Viaja Pelo Mundo,Hasbro,1 un.,"9,99 €/Unidade","9,99 €/Unidade"
Esferográfica cristal bl 5 az,Bic,1 unidade,"2,49 €","2,49 €/Unidade"
Spray Limpa Cockpit,Redex,Embalagem de 600 ml + oferta pano micro-fibra,"3,99 €","0,80 €/L"
Manteiga la motte sal do mar,President,Embalagem de 250 g,"1,69 €","6,76 €/Kg"
Tampões Cotton Protection Regular,Tampax,16 unidades,"1,39 €","1,39 €/Unidade"
"Sumo 100%, tutti-frutti",PorSi,Embalagem de 3 x 200 ml,"1,09 €","0,73 €/L"
Lâmpada LED Forma Chama 5.5W E14 220-240V,Domédia,1 un.,"3,89 €","3,89 €/Unidade"
Leite uht gordo,Mimosa,Embalagem de 1 litro,"0,94 €","0,94 €/L"
Wafers framboesa cubos,Vieira,Embalagem de 130g,"0,98 €","4,67 €/Kg"
Molho de soja c/ dispensador redução sal,KIKKOMAN,150 ml,"3,99 €","26,60 €/L"
"Bebida láctea crescimento 1-3 anos, cereais",Nestle,Embalagem de 1 litro,"0,26 €","1,30 €/L"
Chouriço cebola beiras,PorSi,Embalagem de 300g,"1,22 €","6,78 €/Kg"
Vermute rosso,Martini,Embalagem de 10x6 cl,"22,49 €","32,13 €/L"
Camião + Pá + Ancinho,Fantástiko,1 conjunto,"2,99 €","2,99 €/Unidade"
Sumo 100% tomate,PorSi,Embalagem de 1.5 l,"1,09 €","0,73 €/L"
Sopa thai desidratada,Trevijano,Embalagem de 250g,"2,84 €","258,18 €/Kg"
"Inseticida recarga, elétrico, 45 noites",Raid,1 unidade,"6,89 €","6,89 €/Unidade"
Lava Tudo Brilhante Madeira,Sonasol,"embalagem 1,1L","0,94 €","0,94 €/L"
Mistura sol sem café granulado,PorSi,Embalagem de 200g,"0,99 €","3,96 €/Kg"
"Cerveja sem álcool, preta",Super Bock,pack 6 x 0.33 l,"5,99 €","3,03 €/L"
Tosta rica mini go,Cuetara,Embalagem de 240g,"1,89 €","15,75 €/Kg"
5 folhas de gelatina incolor,PorSi,Embalagem de 9 g,"61,11 €/Kg","61,11 €/Kg"
10 Preservativos Easy Way Finissímos,Control,,"4,49 €","4,49 €/Unidade"
"Limpa móveis pistola, multissuperfícies",Pronto,Embalagem de 500 ml,"1,19 €","0,79 €/L"
Água de coco biológica,Isola,Garrafa de 500 ml,"0,99 €","0,99 €/L"
Bolachas cream cracker doses individuais,Vieira,Embalagem de 180g,"0,39 €","3,12 €/Kg"
Ambientador Arbre Lavanda,Arbre Magique,3 unidade,"1,99 €","1,99 €/Unidade"
Licor beirão,Beirão,Garrafa de 700 ml,"22,49 €","32,13 €/L"
Perfume Crazy p/ Senhora,Rebel,100 ml,"11,99 €","79,93 €/L"
Lamina Descartáveis Platina,Labell,Pack 10 unidades,"1,16 €","4,64 €/L"
Café moagem universal portugal,Delta,Embalagem de 250g,"9,76 €/Kg","9,76 €/Kg"
Agrafador alicate essentials nº10,Maped,1 unidade,"1,29 €","1,29 €/Unidade"
Frutapura maçã e banana,Bledina,Embalagem de 85g,"2,29 €","6,94 €/L"
"Snack light de queijo flamengo, cajus e cerejas 3x40...",T.nostra,Embalagem de 120g,"2,39 €","19,92 €/Kg"
Colchão Insuflável p/ 1 Pessoa,Bestway,1 un.,"4,49 €","4,49 €/Unidade"
Vinho tinto península de setúbal,Pioneiro,Garrafa de 0.75 l,"8,59 €","11,45 €/L"
Queijo Snack de Vaca,President,Embalagem de 180 g,"2,39 €","11,95 €/Kg"
Sardinha Pequena,Peixe Congelado,1 un= 250 gr (aprox.),"3,99 €/Kg","3,99 €/Kg"
Bolachas cereais passas e laranja,PorSi,Embalagem de 300 g,"5,47 €/Kg","5,47 €/Kg"
Máscara Olhos Lash Sensational,Maybelline,1 unidade,"7,49 €","7,49 €/Unidade"
Chá Aromatizado Pirâmide Oriente/Canela,PorSi,20 x 2 g,"58,44 €/Kg","58,44 €/Kg"
Mel rosmaninho com doseador,SERRAMEL,Embalagem de 500 g,"4,89 €","9,78 €/Kg"
Néctar clássico tutti-frutti,Compal,330 ml,"0,99 €","0,99 €/L"
Iogurte tipo grego natural,PorSi,Embalagem de 12 x 125 g,"0,99 €","1,98 €/Kg"
Caixa de arrumação reciclada,PorSi,40 litros,"17,99 €/Unidade","17,99 €/Unidade"
Laboratório Mecânica Carro Bombeiros,Clementoni,1 unidade,"9,99 €/Unidade","9,99 €/Unidade"
Pernil,Porco,1 un = 1 kg (aprox.),"3,99 €","3,99 €/Kg"
"Chantilly, spray",Páturages,Embalagem de 250g,"0,69 €","3,45 €/L"
Pizza hawai,PorSi,Embalagem de 350g,"1,96 €","5,60 €/Kg"
Cocktail de marisco,PorSi,Embalagem de 400 g,"1,59 €","6,36 €/Kg"
Spray limpa inox,Cif,Garrafa de 440 ml,"1,79 €","2,39 €/L"
Moelas congeladas,*,Embalagem de 1 kg,"4,99 €","24,95 €/Kg"
Azeite virgem extra seleção ouro,Oliveira da Serra,Garrafa de 750 ml,"3,19 €","4,25 €/L"
Ketchup picante,Heinz,460 g,"0,70 €","2,33 €/Kg"
Recarga mopa Descartável,Vileda,Pack 24 + 6 Grátis,"0,89 €","0,89 €/Unidade"
Bolachas waffers nice baunilha,Dailidoce,Embalagem de 250g,"0,98 €","4,67 €/Kg"
Feijão de soja,Cemporcent,Embalagem de 500g,"1,19 €","2,38 €/Kg"
Cheeseburger de frango,Snock,Embalagem de 100 g,"3,25 €","20,31 €/Kg"
Manga Refrigerante p/ Garrafas,AR,1 unidade,"17,99 €","17,99 €/Unidade"
Desinfetante em gel p/ wc,Cif,Garrafa de 750 ml,"2,79 €","3,99 €/L"
Figura + Acessórios Polícia,Pinypon,unidade,"9,99 €/Unidade","9,99 €/Unidade"
Esparguete Clássica,Nacional,Embalagem de 500 g,"0,89 €","1,78 €/Kg"
Fermento químico,Vahine,Embalagem de 108g,"1,49 €","18,17 €/Kg"
"Vinho Bairrada, Tinto",Selecção de Enófilos,Garrafa de 0.75 l,"2,92 €/L","2,92 €/L"
Queijo fresco meio gordo,PorSi,200 g,"1,09 €","5,45 €/Kg"
Luvas Multi Sensitive Médio/Grande,Vileda,40 unidade,"3,99 €","3,99 €/Unidade"
Néctar de laranja do algarve,Compal,Garrafa de 200 ml,"0,99 €","0,99 €/L"
Carapau Pequeno,Peixe Congelado,1 un= 120 gr (aprox.),"3,99 €/Kg","3,99 €/Kg"
Vinho maduro branco meio seco,Adega grande,Garrafa de 750 ml,"1,54 €","2,05 €/L"
Queijo Feta Grego,PorSi Select,Embalagem de 200 g,"2,49 €","12,45 €/Kg"
Ursinho doces sonhos com luz e som,Vtech Baby,1 unidade,"11,99 €/Unidade","11,99 €/Unidade"
Batata frita caseira,PorSi,Embalagem de 500g,"0,87 €","5,44 €/Kg"
Iogurte Líquido Yoggi Frutos Tropicais s/ Lactose,Nestle,4x160g,"0,99 €","1,98 €/Kg"
Vinho regional lisboa reserva tinto,Marginal,Garrafa de 0.75 l,"3,99 €","5,32 €/L"
Detergente Líquido p/ Loiça Limão,Fairy,"Embalagem de 1,19 l","0,99 €","1,98 €/L"
"Livro ""Era uma Vez… Contos Intemporais""",Yoyo Books,1 unidade,"7,50 €/Unidade","7,50 €/Unidade"
Massa esparguete,Milaneza,Embalagem de 500g,"0,89 €","1,78 €/Kg"
Vela mágica pack de 10 unidades,PorSi,Uma embalagem,"0,95 €","0,95 €/Unidade"
Bebida de cereais e café mokambo intenso,Nestle,Embalagem de 180g,"0,99 €","3,96 €/Kg"
Biscoitos sem glúten,Gullon,Embalagem de 200 g,"4,29 €","20,43 €/Kg"
Batata frita forno camponesas,Lay's,Embalagem de 130g,"5,84 €/Kg","5,84 €/Kg"
Creme Depilatório Men Peles Sensíveis,Veet,400 ml,"10,99 €","73,27 €/L"
Princesas do mar,PorSi,Embalagem de 255 g,"2,19 €","8,59 €/Kg"
Verdinhos Grandes,Peixe do Dia,1 un= 100 gr (aprox.),"5,99 €/Kg","5,99 €/Kg"
Lombos de tamboril,PorSi,1 unidade = 275g (aprox.),"4,00 €","7,99 €/Kg"
Queijo Flamengo Bola,Quinta do Convento,,"25,45 €/Kg","25,45 €/Kg"
Máquina Depilatória Descartável 3 Sensitive,Bic,Embalagem com 4+2 unidades,"12,99 €","12,99 €/Unidade"
Laboratório mecânica monster truck,Clementoni,1 un.,"9,99 €/Unidade","9,99 €/Unidade"
Carrinho Limpeza,Vicam,unidade,"6,99 €","6,99 €/Unidade"
Atum posta em azeite,Bom petisc,Embalagem de 120 g,"7,08 €/Kg","7,08 €/Kg"
"Queijo fresco, grande",PorSi,Embalagem de 250 g,"1,09 €","5,45 €/Kg"
Prince biscuit-sandwich chocolate chocolate r,PRINCE,Embalagem de 300g,"2,15 €","2,87 €/Kg"
"Pensos diários maxiplus, 30 unidades",Evax,Uma embalagem,"1,79 €/Unidade","1,79 €/Unidade"
Aperitivo de anis,Ricard,Garrafa de 700 ml,"22,49 €","32,13 €/L"
Carvão,Carbrica,17 dm3,"0,75 €","0,75 €/Unidade"
"Lava tudo antibacteriano lavanda 1,5l",PorSi,Garrafa de 1.5 l,"0,89 €","0,45 €/L"
"Ambientador spray, aerosol, relax zen",Glade,Embalagem de 300 ml,"0,99 €","3,30 €/L"
Pão Rústico com Malte,Pão do Dia,1 unidade= 100 g,"0,19 €","2,38 €/Kg"
Líquido p/ Radiador Verde 10% Concentração,Arbo,Embalagem de 5 l,"3,99 €","0,80 €/L"
Cola Especial Calçado,Pattex,Embalagem de 30 g,"2,59 €","86,33 €/Kg"
"Inseticida líquido, elétrico, apa",Raid,Embalagem de 21 ml,"6,89 €","6,89 €/Unidade"
Pera conference categoria: II,*,Vendido ao peso a partir de 300 g,"0,34 €","2,29 €/Kg"
"Sagres preta gfa 0,33l tr",Sagres,Garrafa de 330 ml,"1,99 €/L","1,99 €/L"
"Atum em posta, em azeite",General,Embalagem de 110g,"7,08 €/Kg","7,08 €/Kg"
Batata doce para fritar,PorSi,Embalagem de 600g,"1,39 €","1,39 €/Kg"
Pizza carbonara,Campofrio,Embalagem de 360g,"0,99 €","4,30 €/Kg"
Cotonetes para bebé,PorSi,Embalagem com 60 unidades,"0,63 €","0,63 €/Unidade"
Moelas,Frango,1 un = 200 gr (aprox.),"0,55 €","5,49 €/Kg"
Café em cápsulas dolce gusto ardenza,Nescafe,Embalagem de 110g,"54,36 €/Kg","54,36 €/Kg"
Piri piri,Calve,Garrafa de 50 ml,"0,70 €","2,33 €/Kg"
Comida húmida para gato indoor em molho com atum,Purina One,Embalagem de 340g,"3,49 €","10,26 €/Kg"
Vela com número nº 1,PorSi,1 unidade,"0,95 €","0,95 €/Unidade"
Bolachas Avelã,Maryland,Embalagem de 145 g,"5,47 €/Kg","5,47 €/Kg"
Romã,Programa Origens,1 un = 250 gr  (aprox.),"0,47 €","1,89 €/Kg"
Fita cola transparente,Uhu,15mm x 33m,"2,25 €","2,25 €/Unidade"
Xarope de menta,Paquito,Garrafa de 0.75 lt,"4,79 €","6,47 €/L"
Alimento lácteo pera +6 meses,Yogolino,Embalagem de 4 x 100 g,"2,89 €","7,23 €/Kg"
Adoçante em pó,PorSi,250 saquetas,"5,49 €","21,96 €/Kg"
Nuggets frango com queijo,PorSi,Embalagem de 360g,"9,30 €/Kg","9,30 €/Kg"
Carcacinha,*,1 un.,"0,19 €","2,38 €/Kg"
Molho de whisky cocktail,Calve,Garrafa de 250 ml,"0,70 €","2,33 €/Kg"
Máquina de barbear descartável,Gillette,Embalagem com 4+1 unidades,"1,16 €","4,64 €/L"
Bolacha cracker integral,Cuetara,Embalagem de 200g,"0,39 €","3,12 €/Kg"
X-ato mini,Maped,9 mm,"1,95 €","97,50 €/L"
Dentifríco splash morango,Aquafresh,Embalagem de 75 ml,"0,99 €","0,99 €/Unidade"
Néctar de laranja e cenoura light,PorSi,Embalagem de 1 litro,"0,79 €","2,39 €/L"
Gressinos com azeitonas pretas,PorSi,Embalagem de 250g,"2,39 €","6,83 €/Kg"
Alimentação láctea pera/banana bio,Naturnes,Embalagem de 4 x 90 g,"2,89 €","7,23 €/Kg"
"Chocolate sombrinha, saquetas, 5 unidades",Lacasa,Embalagem de 50g,"2,29 €","17,62 €/Kg"
Vinho branco doce regional península de setúbal,Q.camarate,Garrafa de 750 ml,"8,59 €","11,45 €/L"
Ravioli com tomate,Claude Léger,Embalagem 300G,"2,35 €","5,60 €/Kg"
Bloco sanitário blue activ higiene,Sonasol,Embalagem de 50 g,"2,99 €","74,75 €/Kg"
Refrigerante sem gás frutos tropicais,Trina,"Garrafa de 1,5 l","0,99 €","0,66 €/L"
Fiambre da Perna Extra,Nobre,1 un = 150 gr (aprox.),"0,97 €","6,49 €/Kg"
Óleo Bronzeador F8,Hawaiian Tropic,Embalagem de 100 ml,"10,99 €","54,95 €/L"
Mel em frasco com doseador,PorSi,Embalagem de 500g,"4,89 €","9,78 €/Kg"
"Delta decaf. mu cx 3,520 kg - café torrado moído des...",Delta,Embalagem de 220g,"1,59 €","6,36 €/Kg"
Carcaça Forno de Pedra,Pão do Dia,1 un = 60 gr (aprox.),"0,19 €","2,38 €/Kg"
Iogurte Grego Yaos Granola e Coco,Nestle,Embalagem de 115g,"1,49 €","2,98 €/Kg"
11 Nuggets de Proteína Vegetal,Iglo green,Embalagem de 250g,"1,99 €","6,63 €/Kg"
Desinfetante multissuperfícies,Xanpa,1 litro,"1,19 €","0,79 €/L"
Iogurte mix-in nesquik,Nestle,Embalagem de 2 x 115 g,"1,05 €","1,86 €/L"
10 compressas de gaze,PorSi,20 x 20 cm,"2,86 €","2,86 €/Unidade"
Refresco em pó de morango,Tang,Embalagem de 30g,"0,75 €","18,75 €/Kg"
Limpa móveis multissuperfícies,PorSi,Frasco de 300ml,"4,39 €","14,63 €/L"
Feijão catarino,PorSi,Embalagem 500G,"0,95 €","1,90 €/Kg"
Compota de mirtilo sem açúcar bio,Pur Natur,Embalagem de 250g,"4,39 €","17,56 €/Kg"
"Tesoura de escritório, 17 cm",Domédia,1 unidade,"1,95 €","97,50 €/L"
Manteiga de amendoim crocante,Prozis,Embalagem de 500g,"4,19 €","12,32 €/Kg"
Iogurte líquido yoggi cremoso pêssego/manga,Nestle,Embalagem de 4 x 160 g,"1,17 €","1,83 €/Kg"
Queijo ralado dispensador,PorSi,Embalagem de 80g,"7,45 €/Kg","7,45 €/Kg"
Refrigerante c/ gás ananás,Sumol,Garrafa de 500 ml,"0,40 €/L","0,40 €/L"
Saqueta puré de fruta e aveia,PorSi,Embalagem de 90g,"0,74 €","8,22 €/Kg"
Vinho regional alentejano bag-in-box tinto,Galitos,Garrafa de 5 l,"5,19 €","1,04 €/L"
Palmilha recortável antiodor,Sonaf,1 unidade,"5,49 €","36,60 €/L"
Creme Corpo Goodness,Dove,Embalagem de 300 ml,"12,48 €/L","12,48 €/L"
Bloco sanitário de flores/lavanda,Harpic,Embalagem de 38 g,"2,99 €","74,75 €/Kg"
"Linguíca, 4 unidades",PorSi,Embalagem de 180 g,"1,22 €","6,78 €/Kg"
Experiências Jantar a Dois,Odisseias,,"49,90 €","49,90 €/Unidade"
Champô cacau&côco,Ultra Suave,Embalagem de 400 ml,"5,59 €","13,98 €/L"
Vinagre de fruta,PorSi,Embalagem de 500 ml,"0,35 €","0,70 €/L"
Inseticida aerossol moscas. melgas e mosquitos,Baygon,Embalagem de 400 ml,"4,39 €","7,32 €/L"
Queijo flamengo fatias light,PorSi,Embalagem de 200g,"2,39 €","19,92 €/Kg"
Comida Húmida para Gatinhos Mousse com Vitela,Gourmet Diamant,Embalagem de 85 g,"3,49 €","10,26 €/Kg"
Bambolitos brancos,PorSi,Embalagem de 150g,"4,60 €/Kg","4,60 €/Kg"
Pães de leite redondos,s. tomé,Embalagem de 300 g,"7,40 €/Kg","7,40 €/Kg"
20 saquetas infusão camomila,Lipton,Embalagem de 10g,"0,79 €","60,77 €/Kg"
Licor de anis,On Off,"Garrafa de 0,70 l","16,99 €","24,27 €/L"
Fábrica louca,Play-Doh,1 unidade,"10,99 €","10,99 €/Unidade"
"Salsichas hot dog, frasco",Izidoro,Embalagem de 240g,"0,75 €","3,75 €/Kg"
Pepitas choc maxi,Vahine,Embalagem de 100g,"1,39 €","6,95 €/L"
Detergente Máquina Roupa Liquido Bebé,Skip,60 doses,"9,99 €","9,99 €/Unidade"
Economia,Ratinho,1 unidade,"1,79 €","1,79 €/Unidade"
Açúcar fino,Rar,Embalagem de 1000 g,"1,49 €","1,49 €/Kg"
Chocolate culinário 70% cacau,Nestle,Embalagem de 170 g,"1,04 €","8,32 €/Kg"
Patê de marisco,Fides,Embalagem de 90g,"1,19 €","13,52 €/Kg"
Forra Multiusos P/ Vassoura,Fapil,1 un.,"2,20 €","2,20 €/Unidade"
Arroz agulha,Pato real,Embalagem de 1 kg,"0,99 €","0,99 €/Kg"
Infusão de tília,PorSi,Embalagem de 30g,"0,79 €","60,77 €/Kg"
Toalhitas Refrescantes Rosto e Mãos,PorSi,Embalagem 3 x 10 un.,"1,10 €","1,10 €/Unidade"
Desentupidor em gel canos com soda,PorSi,Embalagem de 1 litro,"1,79 €","2,39 €/L"
Puré de batata,Saint Eloi,Embalagem de 500 g,"1,99 €","1,99 €/Kg"
12 Caldos de carne,PorSi,Embalagem de 127 g,"3,69 €","23,06 €/Kg"
Piccolinis salame,Buitoni,Embalagem de 270 g,"1,96 €","5,60 €/Kg"
Creme para calcanhares gretados,Scholl,Embalagem de 60 ml,"5,49 €","36,60 €/L"
Sopa de cebola,Knorr,Embalagem de 50g,"0,84 €","13,55 €/Kg"
"Vinho tinto doc dão, reserva",Cabriz,Garrafa de 0.75 l,"3,99 €","5,32 €/L"
Piripiri grão,PorSi,Saqueta de 20 g,"0,20 €","0,20 €/Kg"
Canetas de Feltro Lavavel Kids - 14 +4,Bic,Uma embalagem,"4,69 €","4,69 €/Unidade"
Ambientador automático lavanda,PorSi,250 ml,"0,99 €","3,30 €/L"
Sangria pet,Don Simon,"Garrafa de 1,5 l","1,99 €","1,33 €/L"
Bebida de amêndoa bio,Joya,Embalagem de 3 x 200 ml,"0,99 €","0,99 €/L"
Achocolatado em pó,Nesquik,Embalagem de 800g,"5,59 €","6,99 €/Kg"
Farinheira do fundão,PorSi,Embalagem de 250g,"1,49 €","7,45 €/Kg"
Creme Depilatório Peles Normais,Veet,Embalagem de 200 ml,"10,99 €","73,27 €/L"
Chispe da Perna,Porco,1 un = 800 gr (aprox.),"3,99 €","3,99 €/Kg"
Lichias categoria: II,*,Vendido ao peso,"0,47 €","1,89 €/Kg"
Boia pneu,Wet Fun,Dim: Ø 90 cm,"34,99 €","34,99 €/Unidade"
Camarão cozido 30/40,Nossa seleção,Congelado,"2,00 €","7,99 €/Kg"
Frutapura maçã e pera,Bledina,Embalagem de 85g,"2,29 €","6,94 €/L"
Peru Fêmea c/ Miúdos Programa Origens,PorSi,1 un= 5kg (aprox.),"1,05 €","2,99 €/Kg"
Tablete de chocolate culinário negro,PorSi,Embalagem de 200 g,"16,67 €/Kg","16,67 €/Kg"
Alimento húmido para cão vaca,Pedigree,Embalagem de 300g,"2,30 €/Kg","2,30 €/Kg"
Gin Ten Premium,Tanqueray,Garrafa de 0.70L,"19,79 €","19,79 €/L"
Palmilha cortiça com latex t 38/39,Sonaf,1 unidade,"5,49 €","36,60 €/L"
Sopa de peixe,Brilha ali,Vendido ao peso,"1,69 €","2,11 €/Kg"
Leite condensado magro cozido,Nestle,Embalagem de 390g,"1,09 €","2,75 €/Kg"
Tomate frito,Heinz,Embalagem de 350g,"3,69 €","23,06 €/Kg"
Amaciador concentrado para roupa floral,PorSi,80 doses,"3,99 €","3,99 €/Unidade"
Baby Microfone,Clementoni,1 un.,"11,99 €/Unidade","11,99 €/Unidade"
Banana,Nossa seleção,Vendido ao peso a partir de 500 gr,"0,40 €","1,99 €/Kg"
Costeletas de Borrego,PorSi,600 g,"69,86 €","9,98 €/Kg"
Quinoa branca em grão,Cemporcent,Embalagem de 1 kg,"2,29 €","11,45 €/Kg"
Espremedor,PorSi,1 unidade,"0,89 €","0,89 €/Unidade"
Tigre,Pamper Petz,15 cm,"11,99 €/Unidade","11,99 €/Unidade"
Bacalhau em lombos,PorSi,Embalagem de 800g,"5,39 €","6,74 €/Kg"
Bacalhau Especial da Islândia,Bacalhau da Islândia,1 un = 4 kg (aprox.),"8,73 €/Kg","8,73 €/Kg"
Ambientador Arbre Coco,Arbre Magique,3 unidade,"1,99 €","1,99 €/Unidade"
Cocktail de azeitonas,PorSi,Vendido ao peso a partir de 250 g,"1,00 €","3,99 €/Kg"
"Ovos Frescos, Classe L",Zêzerovo,1 dúzia,"1,39 €","1,39 €/Unidade"
Camarão tigre 10/15 congelado,Nossa seleção,Vendido ao peso,"2,00 €","7,99 €/Kg"
Farinheira das beiras,PorSi,1 unidade = 730 g (aprox.),"1,49 €","7,45 €/Kg"
Batido diet iogurte e ananás,Forma+s,Embalagem de 700g,"3,99 €","39,90 €/Kg"
Queijo Curado Trad.Pimentão,Alavão,Vendido ao peso a partir de 250 gr,"25,45 €/Kg","25,45 €/Kg"
"Jogo ""Mentiroso""",Concentra,1 unidade,"9,99 €/Unidade","9,99 €/Unidade"
Rum anejo especial,Havana,Garrafa de 700 ml,"16,49 €","23,56 €/L"
Pasta de amêndoa tricolor,Vahine,Embalagem de 150g,"1,27 €","3,18 €/Kg"
Água mineral sem gás,S.estrela,pack 4 x 1.5 l,"1,04 €","0,17 €/L"
Lava tudo antibacteriano herbal,PorSi,Garrafa de 1.5 l,"0,89 €","0,45 €/L"
Café torrado lote chávena máquina,Delta,Embalagem de 250g,"9,16 €/Kg","9,16 €/Kg"
Posta de bacalhau do atlântico,Pescanova,Embalagem de 700 g,"5,39 €","6,74 €/Kg"
Iogurte fruta batida banana/laranja/bolacha,Mimosa,Embalagem de 480g,"1,49 €","2,98 €/Kg"
Rebuçados mel e limão,PorSi,Embalagem de 200g,"0,77 €","3,85 €/Kg"
Inseticida baratas e formigas,Dum Dum,Embalagem de 400 ml,"4,39 €","7,32 €/L"
Entremeada Novilho,Novilho,1 un=150 gr (aprox),"3,29 €","8,23 €/Kg"
Caldo de galinha 24 cubos,Knorr,Embalagem de 240g,"3,69 €","23,06 €/Kg"
"Jogo ""Pizza Express""",Clementoni,1 unidade,"9,99 €/Unidade","9,99 €/Unidade"
Detergente Manual p/ Lavar Roupa Regular,Gama,Embalagem de 510 g,"0,99 €","2,48 €/Kg"
"Bolo de profiteroles, 800 g",Pastelaria do Dia,,"8,99 €","11,24 €/Kg"
Iogurte magro + gelatina morango,Mimosa,Embalagem de 4 x 120 g,"0,99 €","1,32 €/Kg"
"Queijo três igrejas vaca, ovelha e cabra curado",Saloio,Embalagem de 450g,"7,49 €","16,64 €/Kg"
Manteiga pasteurizada com sal cuvet,Primor,Embalagem de 250g,"1,69 €","6,76 €/Kg"
Vinho tinto alentejo,ALABASTRO,"Garrafa de 0,75 l","2,89 €","3,85 €/L"
Iogurte Pedaços Pêssego,PorSi,Embalagem de 2x135 g,"1,87 €","1,25 €/Kg"
Pensos Higiénicos Ultra Air Dry C/ Abas,Ausonia,embalagem com 14 un.,"4,89 €","4,89 €/Unidade"
Hambúrgueres de peru,PorSi,Embalagem de 4x80g,"2,79 €","8,72 €/Kg"
Cogumelos inteiros,PorSi,Embalagem de 185 g,"1,79 €","2,29 €/Kg"
"Absorvedores de odores, relax zen",Brise,Embalagem de 2x150g,"14,30 €/L","14,30 €/L"
"Limpa vidros pistola, cristal",Ajax,Embalagem de 500 ml,"3,19 €","6,38 €/L"
Pilha recarregável 170mAh 9V HR22,Domédia,1 unidade,"1,99 €","1,99 €/Unidade"
Desodorizante spray energy,Labell Men,Embalagem de 200 ml,"1,39 €","6,95 €/L"
Brandy  (36º),Macieira,Garrafa de 700 ml,"11,49 €","16,41 €/L"
Tostas multicereais s/ glúten,MUSEU PAO,Embalagem de 140g,"4,29 €","20,43 €/Kg"
Mel rosmaninho,Salutem,Embalagem de 300g,"5,99 €","19,97 €/Kg"
12 ovos codorniz,PorSi,Embalagem de 1 unidades,"2,19 €","2,19 €/Unidade"
"Loção Solar Spray, SPF30",Cabana Sun,Embalagem de 200 ml,"16,99 €","84,95 €/L"
Vinho rosé mateus emotion,Mateus,Garrafa de 750 ml,"4,29 €","5,72 €/L"
"Ambientador automático, fresh matic, oasis turquesa",Air Wick,Embalagem de 1 unidades,"3,49 €/Unidade","3,49 €/Unidade"
Pasta de Moldar Branca,DAS,Embalagem com 1 kg,"1,95 €","97,50 €/L"
Manteiga de amendoim,Prozis,Embalagem de 1 kg,"4,19 €","12,32 €/Kg"
Gel de massagem,Durex,Embalagem de 200 ml,"4,49 €","4,49 €/Unidade"
Lixivia perfumada,PorSi,Garrafa de 2 l,"2,59 €","1,30 €/L"
Collant suavidade e conforto muskad 20D,PorSi,Tamanho: l/xl,"1,99 €","1,99 €/Unidade"
Sidra maçã,Bandida,Lata de 500 ml,"1,59 €","3,18 €/L"
Collant confort 20d preto S/M,PorSi,Embalagem de 1 unidades,"1,99 €","1,99 €/Unidade"
Lâmpada LED Forma Esférica 5.5W E27 220-240V,Domédia,1 un.,"3,89 €","3,89 €/Unidade"
Redfish Médio (200/500),Peixe Congelado,de 200 a 500g,"3,99 €/Kg","3,99 €/Kg"
Wraps multicereais,Mission,1 Embalagem c/6 unidades,"0,99 €","1,65 €/Kg"
Vinho doc branco alentejo antão vaz,Vila dos Gamas,Garrafa 0.75L,"2,89 €","3,85 €/L"
Camisola segunda pele 30D preto t. único,PorSi,1 unidade,"4,99 €","4,99 €/Unidade"
Paté de atum,PorSi,Embalagem de 65 g,"1,19 €","13,52 €/Kg"
"Pensos diários, maxi, 40 unidades",Evax,Uma embalagem,"1,79 €/Unidade","1,79 €/Unidade"
Camarão cozido 50/70,PorSi,Embalagem de 500 g,"2,25 €","8,99 €/Kg"
Comida húmida para gato com frango/vaca,Purina One,Embalagem de 340g,"3,49 €","10,26 €/Kg"
Mopa ultramax,Vileda,1 unidade,"17,00 €","17,00 €/Unidade"
Acetona,PorSi,Embalagem de 250 ml,"1,89 €","9,45 €/L"
Peito de frango,PorSi,Embalagem de 800 g,"1,05 €","2,99 €/Kg"
"Creme de muda de fralda, para bebé",Pommette,Embalagem de 100 ml,"0,59 €","5,90 €/L"
Desodorizante Black & White Invisible,Nivea,150 ml,"4,49 €","29,93 €/L"
Collant mousse 20d baltic m,PorSi,Embalagem de 1 unidades,"1,99 €","1,99 €/Unidade"
Semente girassol,Salutem,Embalagem de 200g,"2,29 €","11,45 €/Kg"
Batata frita palha,PorSi,Embalagem de 160g,"0,87 €","5,44 €/Kg"
Óleo Gasolina 20w40,PorSi,Embalagem de 5 l,"13,99 €","13,99 €/L"
Vinho tinto regional península de setúbal,Dom Campos,Garrafa de 10 l,"5,19 €","1,04 €/L"
Óleo para travões,Redex,Embalagem de 250 ml,"13,99 €","13,99 €/L"
"Bolachas aperitivas, simples",Tuc,Embalagem de 100g,"2,82 €","9,40 €/Kg"
Iogurte Pedaços Kiwi 0% Matéria Gorda/Açúcares,Danone,4 x 120 g,"4,15 €/Kg","4,15 €/Kg"
Bolacha shortcake,Nacional,Embalagem de 180g,"1,69 €","6,76 €/Kg"
Tentáculos de pota,PorSi,1 kg,"4,00 €","7,99 €/Kg"
Crescido,Bacalhau da Noruega,1 un = 1.5 kg (aprox.),"8,73 €/Kg","8,73 €/Kg"
Tequila,On Off,Garrafa de 70 cl,"11,49 €","11,49 €/L"
Caldo verde sem batata,PorSi Viva Bem,Embalagem de 400 g,"1,69 €","2,11 €/Kg"
Chocolate de leite com avelãs,Nestle,Embalagem com 195 g,"10,52 €/Kg","10,52 €/Kg"
Inseticida Elétrico Melgas e Mosquitos 5 em 1,Dum Dum,1 unidade = 90 noites,"6,89 €","6,89 €/Unidade"
"Queijo ralado, 4 queijos",President,Embalagem de 150 g,"7,45 €/Kg","7,45 €/Kg"
Néctar vital equilibrio laranja/cenoura/manga,Compal,Embalagem de 1 l,"0,99 €","0,99 €/L"
"Sprite lima-limão sem açúcar embalagem 1,5 l.",Sprite,Garrafa de 1.5 l,"0,40 €/L","0,40 €/L"
Queijo meio gordo,D. Pedro,Vendido ao peso a partir de 250 gr,"2,42 €","9,69 €/Kg"
Bolacha leibniz zoo manteiga,Bahlsen,Embalagem de 100g,"1,89 €","15,75 €/Kg"
Conjunto para bar,Jomafe,4 peças,"0,54 €","0,54 €/Unidade"
Iogurte líquido morango,PorSi,Embalagem de 4 x 160 g,"1,17 €","1,83 €/Kg"
Bolacha maria junior doces,Vieira,Embalagem de 280g,"2,11 €/Kg","2,11 €/Kg"
Chá infusão sene,Cemporcent,Embalagem de 13g,"58,44 €/Kg","58,44 €/Kg"
"Refeição pronta, boião de legumes e vitela",Bledina,Embalagem de 200g,"1,89 €","9,95 €/Kg"
Eau de Toilette p/Senhora Nº21,Caravan,1 Frasco 150ml,"11,99 €","79,93 €/L"
Mopa 1.2 spray max,Vileda,1 unidade,"0,89 €","0,89 €/Unidade"
Lixívia densa +,Neoblanc,Embalagem de 1 l,"1,74 €","0,35 €/L"
Napolitanas creme cacau,PorSi,Embalagem de 320g,"1,77 €","5,53 €/Kg"
"Elixir bocal, cool mint",Sensodyne,Embalagem de 500 ml,"5,89 €","11,78 €/L"
"Pilha alcalina, hightech lr6X8",Domédia,1 unidade,"1,99 €","1,99 €/Unidade"
Grão de bico,PorSi,embalagem de 500 g,"0,99 €","1,98 €/Kg"
Lixívia Gel Brisa Marítima,Neoblanc,Embalagem de 700ml,"1,74 €","0,35 €/L"
Gelatina melancia 10kcal 31g,Royal,Embalagem de 30g,"61,11 €/Kg","61,11 €/Kg"
Aditivo em pó máquina roupa branca,Vanish,Embalagem de 1.2 kg,"7,99 €","19,02 €/Kg"
Lombinhos,Porco,1 un=500 gr aprox.,"3,99 €","3,99 €/Kg"
Vodka,ON/OFF,Garrafa 0.70L,"19,79 €","19,79 €/L"
Café solúvel em saquetas,Nescafe,Embalagem de 45 g,"14,50 €/Kg","14,50 €/Kg"
Gelatina pronta a comer light 10 kcal melancia,Royal,Embalagem de 4 x 100 g,"0,85 €","2,13 €/Kg"
Salsichas em lata,PorSi,Embalagem  de 120 g,"0,75 €","3,75 €/Kg"
Batata doce em palitos,MCCAIN,Embalagem de 500 g,"1,39 €","1,39 €/Kg"
"Líquido refrigerante, verde 10%",PorSi,Embalagem de 5 l,"3,99 €","0,80 €/L"
Fruta para bebé maçã banana morango +8 meses,Nestle,Embalagem de 90g,"0,74 €","8,22 €/Kg"
Desinfetante Multiusos,Sanytol,Embalagem de 750 ml,"4,89 €","6,52 €/L"
Esferográfica Sortida Média,Mab,Embalagem com 10 un.,"2,49 €","2,49 €/Unidade"
Sidra maçã,Somersby,pack 4 x 0.33 l,"1,59 €","3,18 €/L"
Gel Banho Care&Orange,Nivea,Embalagem de 500 ml,"6,49 €","8,65 €/L"
Lava Tudo Amoniacal,Sonasol,4 litros,"0,89 €","0,45 €/L"
Gelados mini colosse mini mix,PorSi,Embalagem com 8 unidades,"5,99 €","16,64 €/L"
Ambientador gel marinho,PorSi,150 g,"14,30 €/L","14,30 €/L"
Sumo 100% Frutos Tropicais,Paquito,Embalagem de 1 l,"1,09 €","0,73 €/L"
"Recarga Sabonete líquido, Amêndoas",Palmolive,Embalagem de 500 ml,"2,18 €/L","2,18 €/L"
Pastel de nata,Pastelaria do Dia,1 unidade = 80 g,"0,69 €","0,69 €/Unidade"
"Elixir bocal, menta",Labell,Embalagem de 500 ml,"5,89 €","11,78 €/L"
Sopa Creme de Marisco,PorSi,Embalagem de 80 g,"0,84 €","13,55 €/Kg"
Vinho verde branco,Torre de menagem,"Garrafa de 0,75 l","3,09 €","3,09 €/L"
Salsichas Frankfurt em lata,Izidoro,Embalagem de 250g,"0,75 €","3,75 €/Kg"
Refrigerante sem gás de maçã,Trina,"Garrafa de 1,5 l","0,99 €","0,66 €/L"
Lenços Bolso Colletion,Kleenex,Pack 15 unidades,"0,89 €","0,89 €/Unidade"
Gel Lubrificante natural play,Durex,Embalagem de 50 ml,"4,49 €","4,49 €/Unidade"
Coleira repelente para gatos,Repul' 7,Embalagem de 1 unidades,"8,75 €","8,75 €/Unidade"
Bolacha vida equilíbrio aveia e canela,Cemporcent,Embalagem de 140g,"1,45 €","11,15 €/Kg"
Creme de Barrar com Sabor a Manteiga,Becel,Embalagem de 400g,"1,39 €","6,95 €/L"
Vinho do porto white,Cruz,Garrafa de 750 ml,"11,99 €","15,99 €/L"
Néctar tutti-fruti,Compal,Pack 3 x 200 ml,"0,99 €","0,99 €/L"
Vermute bianco,Martini,Garrafa de 0.75 l,"22,49 €","32,13 €/L"
"Pasta dentífrica, proteção branqueador",Labell,Embalagem de 75 ml,"2,29 €","30,53 €/L"
Bacalhau Graúdo Asa Branca,Bacalhau da Noruega,"1 un=2,5 kg (aprox.)","8,73 €/Kg","8,73 €/Kg"
"Aperitivos, amendoins no forno",Matutano,Embalagem de 200g,"0,79 €","7,90 €/Kg"
Bolacha dourada dietnature,Gullon,Embalagem de 330g,"2,11 €/Kg","2,11 €/Kg"
"Queijo regional de vaca, cabra e ovelha curado",Qj.saloio,Embalagem de 190g,"7,49 €","16,64 €/Kg"
Cereais fitness chocolate preto,Nestle,Embalagem de 375g,"3,45 €","26,74 €/Kg"
Cerveja sem álcool,Super Bock,Pack 6 x 20 cl,"5,99 €","3,03 €/L"
Queijo mistura de tapadas santo antónio,Herdade da maia,Embalagem de 220 g,"7,49 €","16,64 €/Kg"
Clara liquida pasteurizado,Dovo,Embalagem de 320 ml,"2,19 €","2,19 €/Unidade"
Caderno Canto Coral A4 20 Folhas,Firmo,1 un.,"1,99 €","1,99 €/Unidade"
Manteiga sem sal,Primor,Embalagem de 250g,"1,69 €","6,76 €/Kg"
Azeite virgem extra bio frutado,Gallo,Garrafa de 750 ml,"3,19 €","4,25 €/L"
Fraldas de Incontinência Elásticos Grandes,Lindor,20 Unidades,"9,99 €","9,99 €/Unidade"
Amaciador para cabelos pintados,Labell,Embalagem de 200 ml,"1,06 €","5,30 €/L"
Queijo creme de ervas finas,Philadelph,Embalagem de 150g,"4,39 €","10,98 €/Kg"
Vt alecrim dourado 5 l,Alecrim d.,Garrafa de 5 l,"5,19 €","1,04 €/L"
Bolachas de aveia e trigo integral,PorSi Viva Bem,Embalagem de 240g,"2,82 €","9,40 €/Kg"
"Jogo ""8 em 1""",Clementoni,1 unidade,"11,99 €/Unidade","11,99 €/Unidade"
Batata frita com sal,Ruffles,Embalagem de 90g,"1,06 €","5,73 €/Kg"
Bebida energética,Red Bull,Pack 4 x 0.25 l,"5,39 €","5,39 €/L"
Tablete de chocolate com avelãs,PorSi,Embalagem de 100 g,"10,52 €/Kg","10,52 €/Kg"
Fralda cueca T4 - 8 a 14 kg,PorSi,22 unidades,"14,99 €","14,99 €/Unidade"
Aperfeiçoador BB Cream Oil Free Médio,Garnier,Embalagem de 40 ml,"2,99 €","59,80 €/L"
Salva os Oceanos,Science4You,1 unidade,"9,99 €/Unidade","9,99 €/Unidade"
Puré de maçã em frasco,Andros,Embalagem de 730g,"5,99 €","19,97 €/Kg"
Ananás Açores,Programa Origens,1 un=1 kg aprox.,"3,98 €","1,99 €/Kg"
"Gel para o cabelo, wet shine",Fru style,Embalagem de 200 ml,"3,99 €","53,20 €/L"
Doce de pêssego com frutose,Salutem,Embalagem de 330g,"5,99 €","19,97 €/Kg"
Muesli original,Alpen,Embalagem de 550g,"6,95 €","6,95 €/Kg"
Mini tostas integrais,PorSi,Embalagem de 180g,"2,39 €","6,83 €/Kg"
Pão gémeos,*,250 g,"0,19 €","2,38 €/Kg"
Pistachos,*,Vendido ao peso,"0,95 €","3,78 €/Kg"
Gelado fizz limão,Olá,Embalagem de 6 x 60 ml,"5,99 €","16,64 €/L"
Pão forma de Rio Maior,*,500 g,"0,19 €","2,38 €/Kg"
Recarga mopa,PorSi,1 unidade,"2,20 €","2,20 €/Unidade"
Pêssego amarelo categoria II,*,Vendido ao peso a partir de 300 g,"0,36 €","2,39 €/Kg"
Sal Himalaias Grosso,Origens Bio,1 Embalagem 500G,"0,20 €","0,20 €/Kg"
"Loção Protector Solar, F15",Hawaiian Tropic,Embalagem de 100 ml,"16,99 €","84,95 €/L"
Bolacha cream cracker,Vieira,Embalagem de 200g,"0,39 €","3,12 €/Kg"
Arroz basmati,PorSi,Embalagem de 1 kg,"0,99 €","0,99 €/Kg"
Aperitivo pappadum simples,PATAKS,Embalagem de 100g,"0,79 €","7,90 €/Kg"
Salame fat,Campofrio,Embalagem de 80g,"1,35 €","16,88 €/Kg"
Arroz integral,PorSi Viva Bem,Embalagem de 1 kg,"0,99 €","0,99 €/Kg"
Pão de forma integral,Bimbo,Embalagem de 480 g,"0,99 €","1,65 €/Kg"
Sidra de maçã,Somersby,pack 6 x 0.2 l,"1,59 €","3,18 €/L"
Tosta rica oceanix 160g,Cuetara,Embalagem de 160g,"1,89 €","15,75 €/Kg"
Café mistura peninsular,Delta,Embalagem de 250g,"0,99 €","3,96 €/Kg"
Tentáculos pota,PorSi,Embalagem de 800G,"5,49 €","6,86 €/Kg"
Cesto para o lixo bancada,PorSi,1 unidade,"17,00 €","17,00 €/Unidade"
Kit de viagem,Colgate,pasta dentífrica + escova,"2,29 €","30,53 €/L"
Iogurte Líquido Yoggi s/ lactose Stracciatela,Nestle,4 x 160 g,"0,99 €","1,98 €/Kg"
Bacalhau Crescido da Noruega,PorSi,1 un=1.5kg (aprox.),"8,73 €/Kg","8,73 €/Kg"
Presunto fatias,Damatta,Embalagem de 120 g,"2,49 €","12,45 €/Kg"
3 filetes recheados tomate e mozzarella,Iglo,Embalagem de 300g,"1,64 €","6,56 €/Kg"
Comida húmida para gato seleção de peixes,Gourmet mp,Embalagem de 300g,"3,49 €","10,26 €/Kg"
Pizza fresca de fiambre e queijo,PorSi,400 g,"0,99 €","4,30 €/Kg"
Vinho regional península de setúbal branco,J.m.f.,Garrafa de 750 ml,"8,59 €","11,45 €/L"
Algodão zig zag pré-cortado,PorSi,Embalagem de 100 g,"2,86 €","2,86 €/Unidade"
Iogurte grego yaos natural,Nestle,Embalagem de 450g,"0,99 €","1,98 €/Kg"
Preparado de bolo de mármore,PorSi,528 g,"1,39 €","6,95 €/L"
Creme abrasivo pink flowers,Cif,Garrafa de 700 ml,"0,99 €","0,99 €/L"
Rebuçados Sortido Fruta,Villa,Embalagem de 1000 g,"1,59 €","6,36 €/Kg"
Mortadela peru com azeitonas fatias,Elpozo,Embalagem de 150g,"1,05 €","6,99 €/Kg"
"Gel para o cabelo, pasta remix",Studio Line,Embalagem de 150 ml,"3,99 €","53,20 €/L"
Aroma de morango,Rayners,Garrafa de 28 ml,"1,49 €","18,17 €/Kg"
Chocolate negro 85% cacau,Nestle,Embalagem de 120g,"16,67 €/Kg","16,67 €/Kg"
Caderno Agrafado Capa Preta |A5 Quadriculado,Domédia,1 unidade,"0,99 €","0,99 €/Unidade"
Creme Facial Depilatório,Veet,Embalagem de 2x50 ml,"3,11 €","3,11 €/Unidade"
Doseador boia,Gre,1 litro,"34,99 €","34,99 €/Unidade"
"Rolos de cozinha compactos, branco, máxima absorção,...",Renova,1 unidade,"4,99 €","4,99 €/Unidade"
Ananás em rodelas,PorSi,Embalagem de 565 g,"1,99 €","2,37 €/Kg"
Pepitas 3 chocos,Vahine,Embalagem de 100g,"1,27 €","3,18 €/Kg"
Pensos proteção calos,PorSi,embalagem com 9 unidades,"2,86 €","2,86 €/Unidade"
Lixivia perfumada,PorSi,Garrafa de 2 l,"1,74 €","0,35 €/L"
Lulas recheadas,Piteu,Embalagem de 120g,"7,08 €/Kg","7,08 €/Kg"
Iogurte líquido morango / framboesa corpos danone,Danone,Embalagem de 4 x 155 g,"1,17 €","1,83 €/Kg"
Ração para gato indoor,Purina One,Embalagem de 800g,"12,99 €","4,33 €/Kg"
Azeite tradição,Oliveira da Serra,Embalagem 3L,"3,19 €","4,25 €/L"
Estendal Universal,Vileda,,"0,99 €","0,99 €/Unidade"
Infusão de camomila,PorSi,Embalagem de 33.7 g,"0,79 €","60,77 €/Kg"
Barrita controlo de peso chocolate,Ignoramu,Embalagem de 44g,"0,68 €","1,70 €/Kg"
Limpa máquinas de loiça limão,PorSi,Embalagem de 250 ml,"2,99 €","2,99 €/Unidade"
Pilhas recarregáveis AA HR6 1.2V 1900mAh,Domédia,Embalagem com 4 unidades,"1,99 €","1,99 €/Unidade"
Bolacha maria doces,Vieira,Embalagem de 300g,"2,11 €/Kg","2,11 €/Kg"
Cuecas Incontinência Homem Active Fit M,Tena,9 unidades,"9,99 €","9,99 €/Unidade"
12 Preservativos Adapta Non Stop,Control,,"4,49 €","4,49 €/Unidade"
Sabonete patti,Ach Brito,Embalagem de 160 g,"1,99 €","12,44 €/Kg"
Spray power&shine vidros,Cif,Garrafa de 750 ml,"0,79 €","0,79 €/L"
Adoçante à base de sucralose em pó,PorSi,Embalagem de 90g,"5,49 €","21,96 €/Kg"
Spray multiusos citrus,Bot.origin,Garrafa de 500 ml,"1,19 €","0,79 €/L"
Lagosta selvagem de moçambique,Frip,embalagem de 800 g,"2,19 €","8,59 €/Kg"
Leite condensado magro,PorSi,Embalagem de 390 g,"1,09 €","2,75 €/Kg"
Beira interior colheita 2014,Beyra,Garrafa de 0.75 l,"2,92 €/L","2,92 €/L"
O Meu Primeiro Jogo de Lógica,Cailun,1 unidade,"11,99 €/Unidade","11,99 €/Unidade"
Toalha em rolo papel amarelo,PorSi,1 Unidade,"3,45 €","3,45 €/Unidade"
Prepar arroz marisco sem gluten cv 0.8kg,Brasmar,Embalagem de 800g,"2,19 €","8,59 €/Kg"
Discos Sanitários Activos Recarga Eucalipto,WC Pato,Embalagem de 2x36 ml,"2,99 €","74,75 €/Kg"
Iogurte líquido morango/cereais,PorSi,Embalagem de 4 x 160 g,"1,17 €","1,83 €/Kg"
Gin Premium |Blue Magic,Sharish,"Embalagem de 0,50L + Oferta 1 Copo","19,79 €","19,79 €/L"
Dentifríco anti-tártaro + branqueador,Colgate,Embalagem de 75 ml,"2,29 €","30,53 €/L"
Leite Bem Essencial cereais,Mimosa,Embalagem de 4 x 200 ml,"1,99 €","2,49 €/L"
Palmiers,PorSi,Embalagem de 720 g,"0,69 €","3,45 €/Kg"
"Inseticida eléctrico, recarga, night&day",Raid,1 unidade,"6,89 €","6,89 €/Unidade"
Pêssego Vermelho,Fruta do Dia,1 un = 140 gr (aprox.),"0,36 €","2,39 €/Kg"
EDT Mulher Nº43 (150ML+EDT 30ML),Caravan,1 unidade,"9,99 €","9,99 €/Unidade"
Feijão verde bio,PorSi Bio,Vendido ao peso,"1,99 €","1,99 €/Kg"
Dentifrico Sensitive Multiproteção,Colgate,Embalagem 75 ml,"2,29 €","30,53 €/L"
Café lote bocage moagem única,Nicola,Embalagem de 250g,"9,16 €/Kg","9,16 €/Kg"
"Agrafos nº24/6, 2000 unidades",Maped,Uma embalagem,"1,29 €","1,29 €/Unidade"
Oreo flavors cookies birthday party rollpack 154 gr,Oreo,Embalagem de 150g,"0,79 €","4,49 €/Kg"
Gelado cornetto mini clássico,Olá,Embalagem de 8 x 60 ml,"5,99 €","16,64 €/L"
Café descafeinado,PorSi,Embalagem de 250g,"1,59 €","6,36 €/Kg"
Bio miolo amendoa compele,PorSi Bio,Embalagem de 100g,"2,99 €","5,98 €/Kg"
"Gelatina pronto a comer, 10kcal limão",Royal,Embalagem de 4 x 100 g,"0,85 €","2,13 €/Kg"
Sumo essencial pera,Compal,pack 3 x 0.11 l,"0,99 €","0,99 €/L"
Leite Hidratante Óleos Maravilhosos,Ultra Suave,Embalagem de 400 ml,"12,48 €/L","12,48 €/L"
Tábua de engomar park & go,Vileda,1 un.,"16,50 €","16,50 €/Unidade"
Leite com chocolate light,Ucal,Embalagem de 6 x 250 ml,"0,26 €","1,30 €/L"
Moscatel Pedro Álvares Cabral,Martha's,Garrafa de 0.75L,"5,99 €","7,99 €/L"
Conjunto de 3 pinceis nº 4/8/12,Domédia,Uma embalagem,"4,69 €","4,69 €/Unidade"
Fita corretora mini pocket mouse,Tipp-Ex/Bic,embalagem com 2 unid. + 1 unid. grátis,"2,49 €","2,49 €/Unidade"
Queque,PorSi,1 unidade = 55 g,"0,69 €","0,69 €/Unidade"
Maçã Golden 70/75,Fruta do Dia,1 un = 150 gr (aprox.),"0,34 €","2,29 €/Kg"
Desinfetante álcool gel spray,PorSi,100 ml,"5,24 €","5,24 €/Unidade"
Aguardente velhíssima,São Domingos,Garrafa de 0.70 l,"12,79 €","18,27 €/L"
Sumo de laranja,Andros,Embalagem de 1 l,"1,09 €","0,73 €/L"
Discos de algodão para bebé,PorSi,60 unidades,"4,99 €","4,99 €/Unidade"
Arroz vaporizado,PorSi,Embalagem de 1 kg,"0,99 €","0,99 €/Kg"
Bolachas cracker sem sal,PorSi,Embalagem de 500g,"0,39 €","3,12 €/Kg"
20 saquetas chá de pêssego manga,Lipton,Embalagem de 40g,"44,50 €/Kg","44,50 €/Kg"
Balões latex vermelho,PorSi,Embalagem com 24 unidades,"0,59 €","0,59 €/Unidade"
Queijo mascarpone,Páturages,Embalagem 250G,"1,59 €","6,36 €/Kg"
Máquina Depilatória Descartável Miss Soleil Sensitiv...,Bic,1 + 2 Unidades Grátis,"5,49 €","5,49 €/Unidade"
Tapioca hidratada sem adição de açúcares,PorSi Viva Bem,Embalagem de 500 g,"0,68 €","1,70 €/Kg"
Caldo de galinha 8 cubos,Knorr,Embalagem de 80g,"3,69 €","23,06 €/Kg"
Estendal de roupa com abas alumínio,PorSi,20 metros,"0,99 €","0,99 €/Unidade"
Ambientador aerossol 5 em 1 frescura água,PorSi,300 ml,"0,99 €","3,30 €/L"
Molho de maionese com alho e ervas,PorSi,Garrafa de 120 ml,"0,70 €","2,33 €/Kg"
Filetes de corvina,Nossa seleção,De 500 g a 1 kg Higienizado Congelado,"4,00 €","7,99 €/Kg"
Massa em espirais,PorSi,Embalagem de 500g,"0,89 €","1,78 €/Kg"
Condicionador spray penteia fácil,Johnson's Baby,Embalagem de 200 ml,"1,99 €","1,99 €/Unidade"
Ambientador recarga lavanda,Air Wick,Garrafa de 250 ml,"5,99 €","23,96 €/L"
"Sabonete sólido, mel",Feno,Embalagem de 360g,"1,99 €","12,44 €/Kg"
Snack para gato seaside,Felix,Embalagem de 60g,"0,99 €","16,50 €/Kg"
Pudim caramelo,PorSi,Embalagem de 90g,"0,59 €","29,50 €/Kg"
Refrigerante com gás free,Seven-up,"Garrafa de 1,25 l","0,40 €/L","0,40 €/L"
Corn flakes sem glúten,Schar,Embalagem de 250g,"2,99 €","7,97 €/Kg"
Cerveja branca,Super Bock,pack 30 x 0.20 l,"1,99 €/L","1,99 €/L"
Sabonete regular,Dove,Embalagem de 400 g,"1,99 €","12,44 €/Kg"
Chá noite super tranquila,PLANTANATU,Embalagem de 10 unidades,"1,19 €","1,19 €/Unidade"
Queijo Flamengo Bola,PorSi,1 un = 250 gr  (aprox.),"1,49 €","7,45 €/Kg"
Leite uht meio gordo,Mimosa,Embalagem de 1 litro,"0,81 €","0,81 €/L"
Ambientador recarga delícias de verão,Air Wick,Garrafa de 250 ml,"5,99 €","23,96 €/L"
Plantanatur detox rapid,PLANTANATU,Garrafa de 500 ml,"7,59 €","126,50 €/Kg"
Compota frutos vermelhos 60% fruta,Cemporcent,Embalagem de 280g,"5,99 €","19,97 €/Kg"
Queijo Fondue,Páturages,Embalagem de 400g,"4,39 €","10,98 €/Kg"
Guardanapos art de la table 33 x 33 cm,Renova,3 folhas | 50 unidades,"1,28 €","1,28 €/Unidade"
18 nuggets de frango,Capitão Iglo,Embalagem de 380g,"9,30 €/Kg","9,30 €/Kg"
Iogurte arôma de frutos vermelhos,PorSi,Embalagem de 8x125 g,"1,87 €","1,25 €/Kg"
Massa de macarrão riscado,Nacional,Embalagem de 500g,"0,89 €","1,78 €/Kg"
Sobremesa gelatina de morango,PorSi,Embalagem 4X100G,"0,85 €","2,13 €/Kg"
Super Napolitana de Chocolate,Pastelaria do Dia,1 un = 120 g (aprox.),"0,69 €","0,69 €/Unidade"
Ambientador elétrico botanica Vetiver das Caraíbas &...,Air Wick,1 unidade,"3,49 €/Unidade","3,49 €/Unidade"
Toffee crisp,Toff.crisp,Embalagem de 4 x 83 g,"2,24 €","29,87 €/Kg"
Queijo emmental,President,Embalagem de 250 g,"2,39 €","11,95 €/Kg"
Vinho doc alentejo tinto,Albarrada,Garrafa de 750 ml,"2,89 €","3,85 €/L"
Óleo Performa C3 5w30 Sintético,Galp,Embalagem de 1 l,"13,99 €","13,99 €/L"
Iogurte Activia Fibras Aveia & Frutos Secos,Danone,Embalagem 4x115g,"2,79 €","6,07 €/Kg"
Mistura solúvel bolero,Nestle,Embalagem de 200g,"0,99 €","3,96 €/Kg"
Fita adesiva,PorSi,5m x 2.5 cm,"2,86 €","2,86 €/Unidade"
"Toalhitas Higiénicas Adulto, 64unidades",Labell,Uma embalagem,"0,76 €","0,76 €/Unidade"
Painho do Ribatejo,PorSi,"Vendido ao peso, fatiado a partir de 100 gr","2,49 €","12,45 €/Kg"
Vinho regional lisboa branco,Marginal,Garrafa de 750 ml,"3,99 €","5,32 €/L"
Aditivo em pó oxi roupa branca,Vanish,Embalagem de 420 g,"7,99 €","19,02 €/Kg"
Adoçante comprimidos,PorSi,Embalagem de 250 saquetas,"5,49 €","21,96 €/Kg"
Taças para cocktail 25 cl,Pasabahce,4 unidades,"0,54 €","0,54 €/Unidade"
Areia para gato aglomerante,PorSi,Embalagem de 5 litros,"1,19 €","0,24 €/Kg"
Vinho branco frisante,Cacho Fresco,Garrafa de 0.75 l,"2,29 €","3,05 €/L"
Pastilhas 60 minutos Peppermint Botlle,Trident,Embalagem com 80g,"0,22 €","14,67 €/Kg"
Snack para gato de galinha e pato,Catisfactions,Embalagem de 60g,"0,99 €","16,50 €/Kg"
Livro do Peter Pan,Europrice,1 unidade,"7,50 €/Unidade","7,50 €/Unidade"
Super tea boost com vitamina b6,Tetley,Embalagem de 40g,"44,50 €/Kg","44,50 €/Kg"
"Papel higiénico compacto, folha dupla",Renova,4 = 12 rolos,"1,95 €","1,95 €/Unidade"
Elixir junior,Aquafresh,Embalagem de 300 ml,"0,99 €","0,99 €/Unidade"
Iogurte grego maçã e canela,Danone,Embalagem de 4 x 110 g,"1,49 €","2,98 €/Kg"
Iogurte pedaços pêssego/alperce,PorSi,Embalagem de 4x125g,"4,36 €","2,18 €/Kg"
Batata Pré-Frita Croquettes,PorSi,Embalagem de 1 kg,"1,39 €","1,39 €/Kg"
Recarga Panos Maxi XXL,Swiffer,16 un.,"1,69 €","1,69 €/Unidade"
Batatas fritas onduladas originais,Ruffles,Embalagem de 282g,"1,06 €","5,73 €/Kg"
Bife de Frango,Frango,Vendido ao peso a partir de 1 kg,"1,05 €","2,99 €/Kg"
Ervilhas bio,PorSi Bio,Frasco com 290 g,"1,79 €","2,29 €/Kg"
Figura + Acessórios Polícia,Pinypon,unidade,"10,99 €","10,99 €/Unidade"
Bolacha digestiva original,MCVITIES,Embalagem de 180g,"1,14 €","3,80 €/Kg"
"Batata frita, queijo e ervas",PorSi,Embalagem de 190g,"5,84 €/Kg","5,84 €/Kg"
Mistura para carnes,PorSi,Embalagem de 40g,"0,20 €","0,20 €/Kg"
Assador Castanhas em Barro,Produto selecionado,Diam.: 17 cm,"4,99 €/Unidade","4,99 €/Unidade"
Gel Lubrificante Play Calor,Durex,Embalagem de 50 ml,"4,49 €","4,49 €/Unidade"
Activia topper muesli & arando,Danone,Embalagem de 170g,"2,79 €","6,07 €/Kg"
Pescada 3 Chile,Peixe Congelado,1 un= 1 kg (aprox.),"3,99 €/Kg","3,99 €/Kg"
Rebuçados sortido festa,Villa,Embalagem de 1 kg,"1,59 €","6,36 €/Kg"
"Massa polir, em bisnaga",Redex,Embalagem de 125 ml,"3,99 €","0,80 €/L"
Cestos com tampa e juta,*,3 unidades,"17,99 €/Unidade","17,99 €/Unidade"
"Sumo 100%, tutti-frutti",PorSi,"Embalagem de 1,5 l","1,09 €","0,73 €/L"
Mistolin tira-nódoas,Mistolin,Garrafa de 500 ml,"1,79 €","2,39 €/L"
Cerveja 0.0%,Heineken,Lata de 0.33 l,"5,99 €","3,03 €/L"
Cuecas Incontinência Homem Active Fit L,Tena,8 Unidades,"9,99 €","9,99 €/Unidade"
Tira Nódoas em Pó Cores,Skip,1 kg,"10,99 €","52,33 €/Kg"
Vinagre vinho branco 250ml,Cristal,Garrafa de 250 ml,"0,35 €","0,70 €/L"
Spray desinfetante multiusos,Lysol,Embalagem de 500 ml,"1,19 €","0,79 €/L"
Bolacha tosta rica choco guay,Cuetara,Embalagem de 170g,"1,89 €","15,75 €/Kg"
"Alimento para peixe, tetrapond stickslago",Tetra,Embalagem de 1 l,"7,29 €","7,29 €/L"
Roca pinguim,Baby Clementoni,1 unidade,"11,99 €/Unidade","11,99 €/Unidade"
Nata uht para bater,Parmalat,Embalagem de 200 ml,"0,69 €","3,45 €/L"
Ambientador tealights baunilha,PorSi,embalagem com 18 unidades,"9,49 €","45,19 €/Kg"
"Jogo ""Paga e Cala""",Majora,1 unidade,"9,99 €/Unidade","9,99 €/Unidade"
Alface frisada biológica,PorSi Bio,Vendido o peso,"0,80 €","1,99 €/Kg"
Preparado de carne de novilho (picada),PorSi,Embalagem de 400 g,"3,29 €","8,23 €/Kg"
Vinho tinto alentejo,Loios,Garrafa de 750 ml,"2,89 €","3,85 €/L"
Croutons com azeite,PorSi,Embalagem de 150g,"2,39 €","6,83 €/Kg"
Gel wc anticalcário sem lixívia,PorSi,"Garrafa de 1,5 l","2,79 €","3,99 €/L"
Fiambre da Perna Extra,Izidoro,Vendido ao peso,"0,97 €","6,49 €/Kg"
Couve lombardo Programa Origens,PorSi,,"1,99 €","1,99 €/Kg"
5 manhãzitos choco chips,Manhazitos,Embalagem de 175 g,"7,40 €/Kg","7,40 €/Kg"
Azeite virgem delicado,Gallo,Garrafa de 750 ml,"3,19 €","4,25 €/L"
Queijo Coulommiers,Páturages,Embalagem de 350 g,"2,39 €","11,95 €/Kg"
Alho picado,PorSi,Embalagem de 100 g,"2,99 €","3,99 €/Kg"
Tablete de chocolate de leite,Cadbury,Embalagem de 110g,"5,30 €/Kg","5,30 €/Kg"
Anticongelante vermelho 20%,PorSi,Embalagem de 1 l,"3,99 €","0,80 €/L"
Inseticida Eléctrico Night & Day,Raid,1 Difusor + 1 Recarga,"6,89 €","6,89 €/Unidade"
Discoveries cappuccino,STARBUCKS,Embalagem de 220 ml,"3,09 €","24,72 €/Kg"
Tablete de chocolate leite,Schogetten,Embalagem de 100g,"5,30 €/Kg","5,30 €/Kg"
Mistura vegetais para wok,PorSi,Embalagem de 750g,"1,89 €","1,89 €/Kg"
Balões latex amarelos,PorSi,Embalagem com 24 unidades,"0,59 €","0,59 €/Unidade"
Sementes de girassol,Cemporcent,Embalagem de 150 G,"1,89 €","3,78 €/Kg"
Meloa Canteloupe,Programa Origens,1 un = 800 g (aprox.),"2,23 €","0,89 €/Kg"
Mangericão em vaso,Aroma viva,Embalagem de 1 unidades,"0,89 €","17,80 €/Kg"
Salpicão soja e seitan - enchido 100% vegetal,Cemporcent,Embalagem de 200g,"4,99 €","16,63 €/Kg"
Frutapura Pouch Banana Morango,Bledina,Embalagem de 85g,"2,29 €","6,94 €/L"
"Cadeira casablanca, verde",Joluce,1 unidade,"5,99 €","5,99 €/Unidade"
Tostas integrais,PorSi,Embalagem de 225g,"2,39 €","6,83 €/Kg"
Bolacha cream cracker,Cuetara,Embalagem de 200g,"0,39 €","3,12 €/Kg"
Canela em pó bio,Cemporcent,Embalagem de 75g,"2,99 €","5,98 €/Kg"
Pastilhas Trident Senses Tropical,Trident,6 x 23 g,"0,22 €","14,67 €/Kg"
"Amaciador de roupa, azul",Comfort,Garrafa de 4 l,"8,99 €","2,25 €/L"
Líquido sanitário ação total pinho,WC Pato,Embalagem de 750 ml,"2,79 €","3,99 €/L"
"Limpa vidros, azul",Arbo,Embalagem de 1 l,"3,19 €","6,38 €/L"
Bebida de arroz,Shoyce,Embalagem de 3 x 200 ml,"0,99 €","0,99 €/L"
Beira interior colheita 2013,Beyra,Garrafa de 0.75 l,"2,92 €/L","2,92 €/L"
Super Cola para Madeira,Vito,1 unidade,"2,59 €","86,33 €/Kg"
Toalhitas Bebé Nature,PorSi,64 unidades,"1,09 €/Unidade","1,09 €/Unidade"
Lombo de Espadarte Descongelado,Peixe do Dia,"Vendido ao peso, 1 un  = 200g (aprox.)","5,99 €/Kg","5,99 €/Kg"
Actimel natural,Danone,Embalagem de 600g,"4,15 €/Kg","4,15 €/Kg"
Rabanetes,Legumes do dia,Embalagem 125g,"0,70 €","2,79 €/Kg"
Loção protectora f30,Hawaiian Tropic,Embalagem de 180ml,"16,99 €","84,95 €/L"
Detergente em pó máquina de lavar roupa lavanda,PorSi,75 doses,"8,49 €","1,80 €/Kg"
Detergente líquido Ultra Concentrado Loiça Platinium...,PorSi,Embalagem de 500 ml,"0,99 €","1,98 €/L"
Café torrado em grão,PorSi,250 g,"9,16 €/Kg","9,16 €/Kg"
Alface Iceberg,Legumes do Dia,1 un= 400 g (aprox.),"0,80 €","1,99 €/Kg"
Cenoura,PorSi,1 un = 100 gr  (aprox.),"0,07 €","0,69 €/Kg"
Strudel de maçã,PorSi,Embalagem de 550 g,"2,19 €","6,64 €/Kg"
Asas,Peru,1 un = 500 gr (aprox.),"1,05 €","2,99 €/Kg"
Bandas de cera axilas/bikini,Labell,Embalagem com 16 un. + 4 toalhitas de acabamento,"3,11 €","3,11 €/Unidade"
Bolacha digestive chocolate negro,MCVITIES,Embalagem de 300g,"1,14 €","3,80 €/Kg"
Preparado p/ mariscada s/ glúten,Pescanova,Embalagem de 500 g,"2,19 €","8,59 €/Kg"
Salsichas de tofu,Cemporcent,Embalagem de 200g,"0,99 €","7,07 €/Kg"
Iogurte ananás 000%,PorSi Viva Bem,Embalagem de 4 x 125 g,"0,99 €","1,32 €/Kg"
"Cera cabelo, indestructible",Studio Line,Embalagem de 75 ml,"3,99 €","53,20 €/L"
Alheira de mirandela,PorSi Select,Embalagem de 200 g,"1,49 €","7,45 €/Kg"
Bolachas com cobertura de chocolate,PorSi,Embalagem de 150g,"4,60 €/Kg","4,60 €/Kg"
4 Salsichas de porco,PorSi,Embalagem de 500 g,"0,99 €","7,07 €/Kg"
Sopa rabo de boi económica,Knorr,Embalagem de 60g,"0,84 €","13,55 €/Kg"
"Abacaxi ""Avião"" categoria II",*,Vendido ao peso (1un = 1.5 kg aprox.),"3,98 €","1,99 €/Kg"
Barra s.k chocolate 6x21.5g,Kellogg's,Embalagem de 6X21.5G,"3,45 €","26,74 €/Kg"
Queijo regular,Philadelph,Embalagem de 180g,"4,39 €","10,98 €/Kg"
Geleira vintage,Polisur,20 litros,"10,99 €","10,99 €/Unidade"
Manteiga com sal cuvete,LORETO,Embalagem de 250g,"1,69 €","6,76 €/Kg"
Leite de limpeza age perfect,L'oreal,Embalagem de 200 ml,"0,76 €","0,76 €/Unidade"
Bandas de cera depilatória axilas peles sensíveis,Veet,embalagem com 16 unidades,"3,11 €","3,11 €/Unidade"
"Saquetas de sais de fruto, laranja",Eno,Embalagem de 50g,"0,63 €","0,63 €/Unidade"
Cubos de tamboril,Mar Ibérica,Embalagem de 250 g,"4,39 €","10,98 €/Kg"
Pudim de chocolate,Boca Doce,Embalagem de 20g,"0,59 €","29,50 €/Kg"
Salsichas de soja,Cemporcent,Embalagem de 390g,"4,99 €","16,63 €/Kg"
Ambientador aerosol pure flor de cerejeira,Air Wick,Garrafa de 250 ml,"0,99 €","3,30 €/L"
Papa infantil láctea 5 frutos +6 meses,Cerelac,Embalagem de 250g,"4,49 €","4,49 €/Kg"
Café gold alta rica frasco,Nescafe,Embalagem de 100 g,"14,50 €/Kg","14,50 €/Kg"
Camarão cozido 30/50,PorSi,Embalagem de 1 kg,"2,25 €","8,99 €/Kg"
Cebola nova,Programa Origens,1 un = 250 gr  (aprox.),"0,25 €","0,99 €/Kg"
Ambientador aerossol 5 em 1 lavanda,PorSi,300 ml,"0,99 €","3,30 €/L"
Recarga p/ ambientador elétrico flores,Ambipur,3 unidades,"5,99 €","23,96 €/L"
"Pasta dentífrica, tripla ação",Labell,Embalagem de 75 ml,"2,29 €","30,53 €/L"
Snack cão dentafresh pequeno,Pedigree,Embalagem de 110 g,"0,85 €","4,72 €/Kg"
Dawnut Glacé,Pastelaria do Dia,50g,"0,69 €","0,69 €/Unidade"
Gin Beefeater Light,Beefeater,"Garrafa de 0,70 l","19,79 €","19,79 €/L"
Saco de cama criança,Saurium,1 un.,"14,99 €","14,99 €/Unidade"
Tâmara seca sem caroço,PorSi Bio,Embalagem de 150g,"0,36 €","2,39 €/Kg"
Pão Regional Rio Maior Inteiro,Pão do Dia,1 unidade= 900 g,"0,19 €","2,38 €/Kg"
Mistura solúvel brasa,Nestle,Embalagem de 200g,"0,99 €","3,96 €/Kg"
Semente pevide abóbora,Salutem,Embalagem de 200g,"2,29 €","11,45 €/Kg"
Biscoitos integrais sementes de agave,PorSi Viva Bem,Embalagem de 150g,"1,45 €","11,15 €/Kg"
Mousse de chocolate,Alsa,Embalagem de 150g,"0,79 €","5,27 €/Kg"
Puré de feijão-verde e curgete,Bonduelle,Embalagem de 420g,"1,99 €","6,63 €/Kg"
Fita apanha moscas,Baygon,4 unidades,"4,39 €","7,32 €/L"
Spray casa de banho,Neoblanc,Embalagem de 500 ml,"2,59 €","1,30 €/L"
Iogurte Pedaços Amoras/Mirtilo,PorSi,Embalagem 2X135 g,"4,36 €","2,18 €/Kg"
Sobremesa banana/laranja/bolacha,Nestle,Embalagem de 4 x 100 g,"2,89 €","7,23 €/Kg"
Tablete chocolate branco,PorSi,Embalagem de 100g,"1,09 €","10,90 €/Kg"
Espadilha congelada,Peixe Congelado,Pescado no mar,"4,39 €","10,98 €/Kg"
Tofu biológico,PorSi Bio,Embalagem de 300g,"2,99 €","5,98 €/Kg"
Limpa vidros recarga tripla ação,Ajax,Embalagem de 500 ml,"3,19 €","6,38 €/L"
Sumo essencial de pêssego,Compal,pack 3 x 0.11 l,"0,99 €","0,99 €/L"
Gel de banho bio kids,Corine de Farme,300 ml,"6,49 €","8,65 €/L"
Tablete de chocolate leite/amêndoa,Nestle,Embalagem de 120g,"10,52 €/Kg","10,52 €/Kg"
"Pizza casa di mama, fiambre e cogumelos",Dr. Oetker,Embalagem de FIAM/COG.380G,"1,96 €","5,60 €/Kg"
Néctar clássico laranja,Compal,Embalagem de 1 l,"0,99 €","0,99 €/L"
Eau de Toilette Absolute Me,B.U.,50 ml,"11,99 €","79,93 €/L"
Desinfetante p/ Cozinha,Sanytol,Embalagem de 750 ml,"4,89 €","6,52 €/L"
Remov. de Verniz com Esponja,Labell,Embalagem de 75 ml,"7,49 €","7,49 €/Unidade"
Mortadela de peru com azeitonas,PorSi,1 un = 150 gr (aprox.),"1,05 €","6,99 €/Kg"
Guardanapos brancos folha tripla 33x33 cm,PorSi,70 unidades,"1,28 €","1,28 €/Unidade"
Salsichas de porco,Nobre,Lata de 200g,"0,75 €","3,75 €/Kg"
Spray tira gorduras eco,PorSi,Garrafa de 750 ml,"0,79 €","0,79 €/L"
Marmelada em cubos,Ferbar,Embalagem de 200g,"1,09 €","2,42 €/Kg"
Cápsulas de café com leite cappuccino,Nescafe,Embalagem com 16 cápsulas,"3,09 €","24,72 €/Kg"
Iogurte liquido de pinacolada,PorSi,Embalagem de 1 kg,"1,17 €","1,83 €/Kg"
Queijo Brie M.Gorda 60%,President,Vendido ao peso a partir de 250 gr,"2,39 €","11,95 €/Kg"
Infusão melhores digestões,Cemporcent,Embalagem de 10 unidades,"0,79 €","60,77 €/Kg"
Linguas de gato,PorSi,Embalagem de 200 g,"0,69 €","3,45 €/Kg"
Rúcula Selvagem Programa Origens,PorSi,Embalagem de 100g,"0,99 €","9,90 €/Kg"
"Vinho tinto regional, península de setúbal, bag-in-b...",Dom Campos,Garrafa de 5 l,"9,49 €","1,90 €/L"
Remove Insectos,PorSi,Embalagem de 1 l,"3,99 €","0,80 €/L"
Chá de gengibre,PLANTANATU,Embalagem de 20g,"1,19 €","1,19 €/Unidade"
Refresco em pó de ananás,PorSi,Embalagem de 40 g,"0,75 €","18,75 €/Kg"
Tablete de chocolate leite com amêndoas,PorSi Select,200 g,"10,52 €/Kg","10,52 €/Kg"
"Mesa viana, 90, verde",Joluce,1 unidade,"5,99 €","5,99 €/Unidade"
Reparador de móveis escuro,Pronto,Embalagem de 100 ml,"4,39 €","14,63 €/L"
Vela em número nº5,PorSi,1 unidade,"0,95 €","0,95 €/Unidade"
Sobremesa láctea com chocolate e drageias de chocola...,Páturages,Embalagem de 4X120 g,"0,39 €","1,95 €/Kg"
Champanhe tradicional bruto,Delagne&fi,Garrafa de 750 ml,"34,99 €","46,65 €/L"
8 rissóis de camarão,PorSi,Embalagem de 300g,"1,64 €","6,56 €/Kg"
Água mineral sem gás,Serra de Fafe,Embalagem de 6x1.5 lt,"1,04 €","0,17 €/L"
"Óleo de girassol, 3 a's",Fula,Embalagem 1L,"3,39 €","3,39 €/L"
Coloração Permanente Preto |1.0,Palette,,"9,49 €/Unidade","9,49 €/Unidade"
Chouriço Extra do Ribatejo,PorSi,200 g,"1,22 €","6,78 €/Kg"
Corantes alimentares ducros,Vahine,Garrafa de 20 ml,"1,49 €","18,17 €/Kg"
Lenços Bolso 15X10 3f,PorSi,1 Unidade,"0,89 €","0,89 €/Unidade"
Pastilha Elástica Bottle Spearmint,Trident,Embalagem de 82 g,"0,22 €","14,67 €/Kg"
Óleo extra virgem de coco,Origensbio,Garrafa de 500 ml,"3,39 €","3,39 €/L"
Bolachas recheadas com morango e cheesecake,Oreo,Embalagem de 150g,"0,79 €","4,49 €/Kg"
Maçã Breaburn 70/75,Nossa seleção,1 un= 150 gr (aprox.),"0,34 €","2,29 €/Kg"
Iogurte natural açucarado em frasco de vidro,PorSi,Embalagem de 2 x 125 g,"0,99 €","1,98 €/Kg"
Trotinete Unicórnio,Baby Clementoni,1 unidade,"11,99 €/Unidade","11,99 €/Unidade"
Adoçante com doseador,PorSi,Embalagem 100 comprimidos,"5,49 €","21,96 €/Kg"
Uva Preta Afonso Lavalet,Fruta do Dia,Vendido a partir de 250 gr,"2,23 €","0,89 €/Kg"
Liegeois de chocolate,Milchfrisc,Embalagem de 200g,"0,39 €","1,95 €/Kg"
Espumante Bruto,Gancia,"Garrafa de 0,75 l","3,99 €","5,32 €/L"
Esferográfica Cristal Azul,Bic,Embalagem com 10 un.,"2,49 €","2,49 €/Unidade"
Chá fresh verde e pêssego,Cemporcent,Embalagem de 18g,"44,50 €/Kg","44,50 €/Kg"
Salsicha fresca merguez,PorSi,Embalagem de 330 g,"0,99 €","7,07 €/Kg"
Bebida de aveia s/ glúten,Shoyce,Embalagem de 1 litro,"2,89 €","6,42 €/Kg"
Perfume de Mulher Iris Luminoso,VICTORIO & LUCCHINO,150 ml,"11,99 €","79,93 €/L"
Cogumelo Portobello Laminado,Legumes do Dia,embalagem de 300 g,"1,79 €","5,97 €/Kg"
Wafers limão cubos,Vieira,Embalagem de 130g,"0,98 €","4,67 €/Kg"
Fralda Cueca de Banho 12 a 18 kg,Huggies,Embalagem com 11 un.,"14,99 €","14,99 €/Unidade"
Detergente Máquina Roupa Liquido Bebé,PorSi,50 doses,"9,99 €","9,99 €/Unidade"
Bolachas marinheiras espelta,Cemporcent,Embalagem de 200 g,"1,45 €","11,15 €/Kg"
Água mineral sem gás,Vimeiro,Pack 4 x 1.5 l,"1,04 €","0,17 €/L"
Salsichas de tofu,Cemporcent,Embalagem de 200g,"4,99 €","16,63 €/Kg"
Creme de amendoim cremoso 340g,Skippy,Embalagem de 340g,"4,19 €","12,32 €/Kg"
Palhinhas,PorSi,Embalagem com 25 unidades,"0,95 €","0,95 €/Unidade"
Reparador de móveis escuro,PorSi,Embalagem de 200 ml,"4,39 €","14,63 €/L"
Sacos do lixo jardim 130 litros,PorSi,10 sacos,"1,79 €","1,79 €/Unidade"
Ervilhas,PorSi,Embalagem de 400 g,"1,89 €","1,89 €/Kg"
Manteiga de amendoim cremosa,Prozis,Embalagem de 500g,"4,19 €","12,32 €/Kg"
Hambúrguer vegetariano,Garden Gourmet,Embalagem de 150g,"1,99 €","6,63 €/Kg"
Comida húmida para gato júnior,PorSi,Embalagem de 4 x 100 g,"3,49 €","10,26 €/Kg"
"Cera cabelo, Paste Urban",Axe,Embalagem de 130 ml,"3,99 €","53,20 €/L"
Queijinho yoco suissi maxi de morango e banana,Nestle,Embalagem de 4 x 90 g,"1,05 €","1,86 €/L"
Manteiga c/ sal,Mimosa,Embalagem de 250g,"1,69 €","6,76 €/Kg"
Lenços de bolso kids,Renova,Embalagem sortida com 8 unidades + 2 grátis,"0,89 €","0,89 €/Unidade"
Brócolos e couve-flor cortados,PorSi,500 g,"0,99 €","9,90 €/Kg"
Bechamel sem glúten,Parmalat,500 ml,"0,69 €","3,45 €/L"
Quarto Dianteiro,Borrego,"1 unidade = +/- 2,5kg","69,86 €","9,98 €/Kg"
Analisador água piscina,Gre,,"34,99 €","34,99 €/Unidade"
Vermute Vibrante sem Álcool,Martini,Garrafa de 750 ml,"11,49 €","11,49 €/L"
Sardinhas em azeite,PorSi,Embalagem de 120g,"7,08 €/Kg","7,08 €/Kg"
Bebida de amêndoa - 0% açúcar,Shoyce,Embalagem de 1 litro,"2,19 €","2,19 €/L"
Poncho,Patrulha Pata,1 unidade,"4,49 €","4,49 €/Unidade"
Gelatina frutos tropicais  10kcal,Royal,Embalagem de 30g,"61,11 €/Kg","61,11 €/Kg"
Snacks para Cão Markies Mini,Pedigree,Embalagem de 500 g,"0,85 €","4,72 €/Kg"
Mesa Extensível Bolívia Antracite,Joluce,190x105x71 cm | Extensível até 250 cm,"8,99 €","8,99 €/Unidade"
Limpador,Pronto,Embalagem de 750 ml,"0,94 €","0,94 €/L"
Hambúrguer Vegeta Green Cuisine,Iglo green,Embalagem de 200g,"1,99 €","6,63 €/Kg"
"Papel higiénico, acolchoado sensitive, 3 folhas, 6 r...",Scottex,1 embalagem,"1,95 €","1,95 €/Unidade"
Jogo caça ao tesouro,Clementoni,1 unidade,"9,99 €/Unidade","9,99 €/Unidade"
Resguardo de colhão impermeável,PorSi,Dim.: 60 x 120 cm,"4,99 €/Unidade","4,99 €/Unidade"
20 saquetas chá de baunilha c/ caramelo,Lipton,Embalagem de 40g,"58,44 €/Kg","58,44 €/Kg"
Nata uht p/ bater 0% lactose,Parmalat,Embalagem de 200 ml,"0,69 €","3,45 €/L"
Desodorizante roll-on Invisible,Rexona,Embalagem de 50ml,"1,39 €","6,95 €/L"
Whisky 15 anos c/caixa,J&B,Garrafa de 700 ml,"30,99 €","44,27 €/L"
Vinho maduro tinto doc alentejo reserva,Albarrada,Garrafa de 75 cl,"2,89 €","3,85 €/L"
Fraldas premium T4 - 9 a 15 kg,PorSi,50 unidades,"5,89 €","5,89 €/Unidade"
Manteiga com sal e sem lactose,Mimosa,Embalagem de 250g,"1,69 €","6,76 €/Kg"
Sobremesa paturette baunilha,Páturages,Embalagem de 4 x 115 g,"1,19 €","2,59 €/Kg"
Chá verde matcha e ginger,Lipton,Embalagem com 20 saquetas,"58,44 €/Kg","58,44 €/Kg"
Massa alimentícia spaghetti,Barilla,Embalagem de 500g,"1,19 €","2,38 €/Kg"
Absorvente de odores marine,Brise,Embalagem de 300 ml,"14,30 €/L","14,30 €/L"
Granulado PH menos,Gre,1.5 kg,"2,99 €","2,99 €/Unidade"
Bolachas água e sal doces,Vieira,Embalagem de 170g,"1,14 €","3,80 €/Kg"
Vinho Tinto DOC Dão Reserva,Catedral,Garrafa 75cl,"3,99 €","5,32 €/L"
Laboratório Mecânica Camião de Mina,Clementoni,1 unidade,"9,99 €/Unidade","9,99 €/Unidade"
Salva,PorSi,20 g,"0,89 €","17,80 €/Kg"
Fogão p/Campismo Bistro,Campingaz,1 unidade,"4,49 €","4,49 €/Unidade"
Bolachas vitalday recheio avelã,Gullon,Embalagem de 220g,"2,82 €","9,40 €/Kg"
Queijo Fresco barra,GressoChef,1 un = 250 gr  (aprox.),"1,09 €","5,45 €/Kg"
Detergente Máquina Roupa Liquido Bebé,Skip,25 doses,"9,99 €","9,99 €/Unidade"
Adoçante em pó stevia,PorSi Viva Bem,Embalagem de 17g,"5,49 €","21,96 €/Kg"
"Postas pescada nº3, para fritar",PorSi,Embalagem de 600 g,"4,39 €","10,98 €/Kg"
Leite condensado cozido,Nestle,Embalagem de 400g,"1,09 €","2,75 €/Kg"
Pomada Oxido de Zinco,Hygie'net,100 ml,"0,63 €","0,63 €/Unidade"
Fralda Cueca Banho Splashers T5,Dodot,1 Embalagem c/10 unidades,"14,99 €","14,99 €/Unidade"
Bebida de aveia s/ gluten,Joya,Garrafa de 1 l,"2,89 €","6,42 €/Kg"
Liégeois Sobremesa de chocolate,Páturages,Embalagem de 4x100 g,"1,19 €","2,59 €/Kg"
"Chocolate, extra single",Twix,Embalagem de 80g,"2,24 €","29,87 €/Kg"
Tremoço médio,PorSi,Embalagem de 350 g,"1,79 €","2,29 €/Kg"
9 cones bolacha coloridos,Progelcone,Embalagem de 27 g,"2,19 €","6,64 €/Kg"
Jesuita,*,1 unidade = 75 g,"0,69 €","0,69 €/Unidade"
Trigo,Rac.zezere,Embalagem de 5 kg,"2,49 €","2,49 €/Kg"
Tortitas de milho sem sal,PorSi Viva Bem,Embalagem de 130g,"0,79 €","7,90 €/Kg"
Tira Nódoas Brancos em Pó,Skip,1 kg,"10,99 €","52,33 €/Kg"
Snacks 3D Bacon,Lay's,Embalagem de 160g,"5,84 €/Kg","5,84 €/Kg"
Andador Trator com Peças,Écoiffier,1 unidade,"11,99 €/Unidade","11,99 €/Unidade"
Queijo light,Philadelph,Embalagem de 180g,"4,39 €","10,98 €/Kg"
Néctar clássico tutti-frutti,Compal,Embalagem de 1 l,"0,99 €","0,99 €/L"
Vinho branco,Enc.bairro,Bag-in-box de 5L,"5,19 €","1,04 €/L"
Queijo brie cunhas 60%,President,Embalagem de 200 g,"2,39 €","11,95 €/Kg"
Batatas fritas lisas originais,Lay's,Embalagem de 282g,"1,06 €","5,73 €/Kg"
Collant licra 15d musk xl,PorSi,Embalagem de 1 unidades,"1,99 €","1,99 €/Unidade"
Néctar frutos vermelhos,PorSi,Embalagem de 200 ml,"0,99 €","0,99 €/L"
Cevada torrada moída,PorSi,Embalagem de 250 g,"0,99 €","3,96 €/Kg"
Achocolatado energy,Cola cao,Embalagem de 750g,"5,59 €","6,99 €/Kg"
Chá sene,PLANTANATU,Embalagem Com 10 saquetas,"1,19 €","1,19 €/Unidade"
Inseticida vaporizador,Biokill,Embalagem de 375 ml,"4,39 €","7,32 €/L"
Feijão preto,Legumes secos,1 un = 100 gr. (aprox.),"0,30 €","2,99 €/Kg"
Amaciador concentrado spa,PorSi,80 doses,"3,99 €","3,99 €/Unidade"
Cera líquida spray,Arbo,embalagem de 500 ml,"3,99 €","0,80 €/L"
Piscina criança c/ repuxo,Bestway,Dim.: Ø 152 cm,"34,99 €","34,99 €/Unidade"
Segurelha,PorSi,20 g,"0,89 €","17,80 €/Kg"
Bolacha maria junior doces,Vieira,Embalagem de 280g,"1,89 €","15,75 €/Kg"
Unha,Porco,1 un = 500 gr (aprox.),"0,55 €","5,49 €/Kg"
Água com gás sabor a tangerina,Frize,"Pack 4x 0,25l","2,85 €","2,85 €/L"
Queijo creme de salmão,Philadelph,Embalagem de 150g,"4,39 €","10,98 €/Kg"
After shave bálsamo sensitive,Labell Men,Embalagem de 100 ml,"1,16 €","4,64 €/L"
Carcaça de trigo,Pão do Dia,1 unidade= 55 g,"0,19 €","2,38 €/Kg"
"Iogurte actimel, morango",Danone,Embalagem de 12 x 100 g,"2,79 €","6,07 €/Kg"
Spray de limpeza multiusos free & clear,Seventh Generation,Embalagem de 500 ml,"1,19 €","0,79 €/L"
Sementes de chia,Cemporcent,Embalagem de 150G,"1,89 €","3,78 €/Kg"
Creme p/ Calçado Castanho,Búfalo,Embalagem de 40 ml,"0,99 €","19,80 €/L"
Peito de peru fatias,PorSi,Embalagem de 150g,"2,25 €","11,25 €/Kg"
Gin premium hendricks 0.70l,Hendricks,Garrafa de 700 ml,"19,79 €","19,79 €/L"
Bife do Acém Redondo,Novilho,1 un = 250 gr  (aprox.),"3,29 €","8,23 €/Kg"
"Pasta de arquivo, lombada estreita, azul",Domédia,1 unidade,"2,99 €","2,99 €/Unidade"
Irish whiskey original,Bushmills,Garrafa de 700 ml,"11,49 €","16,41 €/L"
Saco Térmico Flexível Vermelho,Campingaz,1 unidade (cap.:15L),"10,99 €","10,99 €/Unidade"
Geleira de 10 litros,Atlantic,1 un.,"10,99 €","10,99 €/Unidade"
"Vinho Douro, Private Collection, Tinto",Selecção de Enófilos,Garrafa de 0.75 l,"8,59 €","11,45 €/L"
Queijo de Ovelha S/ Lactose,Seia,1 un = 450 g (aprox.),"4,62 €","18,49 €/Kg"
Andador cãozinho,Fisher-Price,1 unidade,"11,99 €/Unidade","11,99 €/Unidade"
Sebenta a5 40 folhas,Firmo,1 unidade,"1,99 €","1,99 €/Unidade"
Perolas perfumadas fresh,PorSi,Embalagem de 275 g,"8,49 €","1,80 €/Kg"
Leite com sabor a baunilha proteína,Yopro,Garrafa de 330 ml,"1,99 €","2,49 €/L"
"Na-farinha de aveia 400g 3,2kg",Nacional,Embalagem de 400g,"1,99 €","1,99 €/Kg"
Camisola segunda pele 40D preto t. único,PorSi,1 unidade,"4,99 €","4,99 €/Unidade"
Alimento seco para gato Júnior,Whiskas,Embalagem de 950 g,"12,99 €","4,33 €/Kg"
Choco Pequeno,Peixe Congelado,1 un= 200 gr (aprox.),"3,99 €/Kg","3,99 €/Kg"
6 cheeseburgers,PorSi,Embalagem de 750g,"2,79 €","8,72 €/Kg"
Hambúrguer de soja,Cemporcent,Embalagem de 160g,"4,99 €","16,63 €/Kg"
Cortador de Castanhas,Snips,1 unidade,"3,99 €","3,99 €/Unidade"
Moscatel de Setúbal Reserva,Selecção de Enófilos,Garrafa de 0.75 l,"5,99 €","7,99 €/L"
Óleo Spray Bronzeado Profundo F6,Cabana Sun,Embalagem de 200 ml,"10,99 €","54,95 €/L"
Queijo curado pequeno,Casteloes,Embalagem de 500g,"0,82 €","23,43 €/Kg"
Bolachas chiquilin ositos de mel,Artiach,Embalagem de 160g,"1,89 €","15,75 €/Kg"
Queijo Meio Gordo,Queijaria das Pousadas,Vendido ao peso a partir de 250 g,"2,42 €","9,69 €/Kg"
Caixa com 12 aguarelas + pincel,Domédia,1 unidade,"4,69 €","4,69 €/Unidade"
Aditivo diesel,Redex,Embalagem de 250 ml,"13,99 €","13,99 €/L"
Barra choco krispies 120g,Kellogg's,Embalagem de 380g,"1,29 €","10,24 €/Kg"
Vinho do porto finest reserve,Dow's,Garrafa de 0.75 l,"10,99 €","14,65 €/L"
"Vela em número, nº 3",PorSi,1 unidade,"0,95 €","0,95 €/Unidade"
Ayam leite de coco,Ayam,Garrafa de 200 ml,"1,39 €","6,95 €/L"
Línguas,Chupa Chups,Embalagem de 150 g,"1,19 €","3,97 €/Kg"
Batata Branca,Legumes do Dia,10 kg,"0,25 €","0,99 €/Kg"
Chá verde 20 saquetas,Lipton,Embalagem de 32g,"85,00 €/Kg","85,00 €/Kg"
Aguardente velha reserva,CRF,Garrafa de 700 ml,"12,79 €","18,27 €/L"
Iogurte líquido magro frutos vermelhos,PorSi Viva Bem,Embalagem de 4x160 ml,"2,19 €","2,19 €/L"
Jogo da Glória,Olivo,1 unidade,"9,99 €/Unidade","9,99 €/Unidade"
Escova de dentes max white média,Colgate,1 + 1 unidades,"3,49 €","3,49 €/Unidade"
Queijo mozzarella,PorSi,Embalagem 125G,"1,59 €","6,36 €/Kg"
Tira Nódoas Diárias,Iberia,Embalagem de 200 ml,"10,99 €","52,33 €/Kg"
Farinheira do Fundão,PorSi,"Vendido ao peso, 1 unidade =200 gr (aprox.)","1,49 €","7,45 €/Kg"
Salsichão fat,Campofrio,Embalagem de 80g,"1,35 €","16,88 €/Kg"
"Pasta de arquivo, lombada estreita, azul",Domédia,1 unidade,"1,99 €","1,99 €/Unidade"
Meloa Gália,Fruta da Época,1 un = 1 kg (aprox.),"2,23 €","0,89 €/Kg"
Beterrabas bio,PorSi Bio,Vendido ao peso,"0,70 €","2,79 €/Kg"
Queijo 3 igrejas cura de 1. 5meses,Saloio,Embalagem de 470g,"7,49 €","16,64 €/Kg"
Café Qalidus XXL,Delta Q,Embalagem com 60 cápsulas,"54,36 €/Kg","54,36 €/Kg"
Palmiers,Du bois,Embalagem de 150g,"0,69 €","3,45 €/Kg"
Coleira em nylon p/ cão  repelente 75cm,Repul' 7,Embalagem de 1 unidades,"19,99 €","19,99 €/Unidade"
Arroz de pato,PorSi,Embalagem de 250 g,"2,35 €","5,60 €/Kg"
20 saquetas infusão de lúcia lima,Lipton,Embalagem de 30g,"85,00 €/Kg","85,00 €/Kg"
Vinho tinto,Adega grande,Garrafa de 75 cl,"1,59 €","2,12 €/L"
Semente de chia,Salutem,Embalagem de 125g,"2,29 €","11,45 €/Kg"
"Leite bem essencial, morango",Mimosa,Embalagem de 200 ml,"1,99 €","2,49 €/L"
Eau de Toilette p/Senhora Nº32,Caravan,1 Frasco 150ml,"11,99 €","79,93 €/L"
Bolos cake e chococolate,Milka,Embalagem de 180g,"2,15 €","2,87 €/Kg"
Arroz de pato,PorSi,Embalagem de 400g,"3,53 €","8,83 €/Kg"
"Caramelos de fruta rainbow, tripack",Mentos,Embalagem de 110g,"1,19 €","4,76 €/Kg"
Tomate em pedaços,PorSi,Embalagem de 390g,"1,79 €","2,29 €/Kg"
Delícia de bolacha,PorSi,Embalagem de 2x135 g,"0,39 €","1,95 €/Kg"
Toalhitas de Proteção Cor,K2R,Embalagem de 20 un.,"10,99 €","52,33 €/Kg"
4 filetes de pescada panados c/ limão,Pescanova,Embalagem de 400g,"9,30 €/Kg","9,30 €/Kg"
Massa folhada margarina,PorSi,Embalagem de 230 g,"0,99 €","4,30 €/Kg"
Detergente líquido p/ máquina lavar roupa cores escu...,Woolite,"Garrafa de 1,65 l","8,49 €","1,80 €/Kg"
Lay's mediterrâneas originais,Lay's,Embalagem de 220g,"1,06 €","5,73 €/Kg"
Pastilhas bubblicious,Bubbliciou,Embalagem de 70g,"1,23 €","17,57 €/Kg"
Bidão,GoldNutrition,Capacidade: 800 ml,"6,99 €","6,99 €/Unidade"
Iogurte líquido bifidus morango 0%,PorSi Viva Bem,Embalagem de 4 x 160 g,"2,79 €","6,07 €/Kg"
Inseticida liquido vaporizador,Ezalo,Embalagem de 375 ml,"4,39 €","7,32 €/L"
Creme culinário de soja,Valsoia,Embalagem de 200g,"2,39 €","2,39 €/Kg"
Doce cereja 284g,ST.DALFOUR,Frasco de 284g,"2,19 €","9,95 €/Kg"
Esparguete com legumes,Cemporcent,Embalagem de 250g,"1,19 €","2,38 €/Kg"
Salva Camas 60 x 60 cm,PorSi,Embalagem com 20 un.,"4,99 €","4,99 €/Unidade"
Moscatel roxo c/ caixa,Pioneiro,Garrafa de 750 ml,"5,99 €","7,99 €/L"
Iogurte bio 5 sementes e mel,Páturages,Embalagem de 4 x 125 g,"5,97 €/Kg","5,97 €/Kg"
"Alimento para peixe, tetra gammarus",Tetra,Embalagem de 250 ml,"7,29 €","7,29 €/L"
Chupa original,Chupachups,Embalagem de 120g,"1,99 €","4,98 €/L"
Ovos de Galinhas Criadas ao Ar Livre,PorSi,6 ovos frescos,"1,39 €","1,39 €/Unidade"
Ambientador arbremagique baunilha,Arbre Magique,1 unidade,"1,99 €","1,99 €/Unidade"
Mini babybel cheese & crakers,Babybel,Embalagem de 40g,"0,82 €","23,43 €/Kg"
Queijo Curado kg,Castelões,1 un = 250 gr  (aprox.),"25,45 €/Kg","25,45 €/Kg"
Bolachas Chiquilin 0% Açucar,Artiach,Embalagem de 175 g,"2,82 €","9,40 €/Kg"
Shampo automóvel laranja,PorSi,Embalagem de 5 l,"3,99 €","0,80 €/L"
Manteiga com sal,PorSi,Embalagem de 250 g,"1,69 €","6,76 €/Kg"
Leite de pastagem magro,Terra Nostra,Embalagem de 1 litro,"0,81 €","0,81 €/L"
Pensos diários flexiform,Carefree,Embalagem de 30 unidades,"1,79 €/Unidade","1,79 €/Unidade"
Pepperoni Rodelas,Porminho,Embalagem 2 x 75 g,"3,35 €","22,33 €/Kg"
Detergente para loiça plus + limão,Super Pop,Embalagem de 1L,"0,99 €","1,98 €/L"
Eau de Toilette p/Senhora Nº30,Caravan,1 Frasco 150ml,"11,99 €","79,93 €/L"
Ambientador em stick amazonian citrus mexican,Opso,50 ml,"14,30 €/L","14,30 €/L"
Concentrado maracujá mix,Sunquick,Garrafa de 580 ml,"4,79 €","6,47 €/L"
"Vinagre de sidra, spray",Paladin,Garrafa de 250 ml,"0,35 €","0,70 €/L"
Bebida de soja sem acucar 1l,Alpro,Embalagem de 1L,"2,49 €","2,49 €/L"
Ambientador vela maçã e canela,PorSi,1 unidade,"9,49 €","45,19 €/Kg"
Limpa Moveis Lavanda,Pronto,300 ml,"4,39 €","14,63 €/L"
Pastilhas café lote chávena,Delta,Embalagem de 110g,"54,36 €/Kg","54,36 €/Kg"
Collant licra 15d musk l,PorSi,Embalagem de 1 unidades,"1,99 €","1,99 €/Unidade"
Álcool Etílico Sanitário,PorSi,200 ml,"5,24 €","5,24 €/Unidade"
Vinho Regional de Lisboa Branco,Mundus,"Garrafa de 0,75L","2,29 €","3,05 €/L"
"Anti-calcário em pó, máquina roupa",PorSi,Embalagem de 800g,"10,99 €","52,33 €/Kg"
Spray wc anticalcário,PorSi,embalagem de 750 ml,"1,79 €","2,39 €/L"
Casa do Panda em cartão,Panda,1 unidade,"12,99 €","12,99 €/Unidade"
3 Pipetas de Repelente p/ Gato,Repul'7,1 unidade,"1,19 €","0,24 €/Kg"
Fralda Cueca Banho Splashers T3,Dodot,1 Embalagem c/12 unidades,"14,99 €","14,99 €/Unidade"
Danette caramel 125g p4,Danone,Embalagem de 4 x 125 g,"1,19 €","2,59 €/Kg"
Colchonete em Espuma,Saurium,"Dim.: 180x60x1,2 cm","6,99 €","6,99 €/Unidade"
Feijão vermelho,Caçarola,Embalagem de 500 g,"0,95 €","1,90 €/Kg"
Tamarindo,Fruta do Dia,1 un = 100 gr (aprox.),"1,05 €","3,49 €/Kg"
Bolacha princesa chocolate,Vieira,Embalagem de 200 g,"6,83 €/Kg","6,83 €/Kg"
Bebida de Aveia Bio,Joya,Embalagem de 1 l,"0,99 €","0,99 €/L"
8 salsichas bockwurst,PorSi,1 Frasco 720G,"0,75 €","3,75 €/Kg"
Vieira-do-Peru Meia Concha Crua,PorSi Select,255 g,"1,75 €","6,99 €/Kg"
Lava tudo lavanda,Cif,"Garrafa de 1,4 l","0,89 €","0,45 €/L"
Iogurte corpos danone + proteína ananás,Danone,Embalagem de 150g,"5,97 €/Kg","5,97 €/Kg"
Banana da  Madeira,Fruta do Dia,1 un= 200 gr (aprox.),"0,40 €","1,99 €/Kg"
Framboesas 100% Naturais,PorSi,Embalagem de 750 g,"2,99 €","3,99 €/Kg"
Schär pão rústico fatiado sem glúten,Schar,Embalagem de 250g,"2,99 €","7,97 €/Kg"
"Ração para gato adulto com vaca, frango",Friskies,Embalagem de 4kg,"12,99 €","4,33 €/Kg"
Pez blister,PEZ,Embalagem de 70g,"2,30 €","57,50 €/Kg"
Mortadela de peru,PorSi,1 un = 150 gr (aprox.),"1,05 €","6,99 €/Kg"
Bebida energética a-zero,Monster,Garrafa de 500 ml,"5,39 €","5,39 €/L"
"Gel banho, sport for men",Nivea,Embalagem de 250 ml,"3,19 €","12,76 €/L"
Coxa de frango,PorSi,Embalagem de 400 g,"1,05 €","2,99 €/Kg"
25 Sacos do Lixo Escritório 19 L,Silvex,1 un.,"1,79 €","1,79 €/Unidade"
Semente papoila,Salutem,Embalagem de 125g,"2,29 €","11,45 €/Kg"
Pimenta preta grão,PorSi,Saqueta de 50 g,"0,20 €","0,20 €/Kg"
Carcaça Rústica 70 g,Pão do Dia,,"0,19 €","2,38 €/Kg"
Iogurte morango 000%,PorSi Viva Bem,Embalagem de 4 x 125 g,"4,36 €","2,18 €/Kg"
Esferográfica Cor Sortida Média,Mab,Embalagem com 4 un.,"2,49 €","2,49 €/Unidade"
Leite Reparador Tesouros de Mel,Ultra Suave,Embalagem de 400 ml,"12,48 €/L","12,48 €/L"
Tesoura Essentials,Maped,13 cm,"1,95 €","97,50 €/L"
Boia para bebé,JCN,Dim: Ø 71 cm,"34,99 €","34,99 €/Unidade"
Polaretti magic milk micro esferas solúveis sabor bi...,Dolfin,Embalagem de 30g,"5,59 €","6,99 €/Kg"
Café moagem normal: intenso,Buondi,Embalagem de 220g,"9,76 €/Kg","9,76 €/Kg"
Couscous marroquino com vegetais desidratados,Trevijano,Embalagem de 300g,"2,84 €","258,18 €/Kg"
Yofu soja natural sem açúcar,Alpro,Embalagem de 500g,"3,09 €","6,18 €/Kg"
Fraldas agility T4 de 9 a 15 kg,PorSi,50 unidades,"5,89 €","5,89 €/Unidade"
Snack gato sticks salmao 6x5g,PorSi,Embalagem de 30g,"0,99 €","16,50 €/Kg"
Chocolate de leite L'Atelier com muesli e caramelo s...,Nestle,Embalagem de 170g,"1,09 €","10,90 €/Kg"
Bolachas galettes bretonnes,Chabrior,Embalagem de 125 g,"1,69 €","6,76 €/Kg"
Estojo redondo,PorSi,1 unidade,"19,90 €","19,90 €/Unidade"
Roleta de Bebidas,*,1 unidade,"0,54 €","0,54 €/Unidade"
Geleira 24 l,*,1 un.,"17,99 €/Unidade","17,99 €/Unidade"
Barrita controlo de peso maçã,Ignoramu,Embalagem de 44g,"3,99 €","39,90 €/Kg"
Hamburger espinafres,Veg In,Embalagem de 160g,"3,25 €","20,31 €/Kg"
Sardinha Congelada,Peixe Congelado,1 un = 250 gr  (aprox.),"3,99 €/Kg","3,99 €/Kg"
Whisky black bush,Bushmills,Garrafa de 700 ml,"11,49 €","16,41 €/L"
8 salsicha soja,Izidoro,Embalagem de 180g,"2,09 €","8,36 €/Kg"
Polvilho azedo,PorSi,Embalagem de 500g,"2,84 €","258,18 €/Kg"
Iogurte fruta batida pera,Mimosa,Embalagem de 480g,"1,49 €","2,98 €/Kg"
Azeite Virgem Extra Suave,Gallo,Garrafa de 750 ml,"3,19 €","4,25 €/L"
Mistolin advanced lixívia,Mistolin,Garrafa de 500 ml,"1,79 €","2,39 €/L"
"Briochoco, 4 unidades",Dulcesol,Embalagem de 160g,"2,05 €","5,13 €/Kg"
Base guarda sol em plástico,Ideegarden,45 litros,"18,99 €","18,99 €/Unidade"
Levedura de cerveja,Cemporcent,Embalagem de 150g,"2,29 €","11,45 €/Kg"
Farelo de trigo,Cemporcent,Embalagem de 250g,"2,29 €","11,45 €/Kg"
Robô Snakebot,Clementoni,1 un.,"9,99 €/Unidade","9,99 €/Unidade"
Máquina Descartável Depilatória Venus Plus,Gillette,4 un. + 2 grátis,"5,49 €","5,49 €/Unidade"
Cabo de madeira com rosca,PorSi,1.20 m,"2,20 €","2,20 €/Unidade"
Popietes,Novilho,1 un = 250 gr  (aprox.),"3,29 €","8,23 €/Kg"
Óleo de cedro,Mistolin,Embalagem de 360 ml,"4,39 €","14,63 €/L"
Arroz brajma,Cigala,Embalagem de 1 kg,"0,99 €","0,99 €/Kg"
Espinafres,Florette,Embalagem de 300 g,"0,99 €","9,90 €/Kg"
Ameijoa Branca Vietnamita,Marisco Congelado,Vendido a partir de 250 gr  (aprox.),"2,00 €","7,99 €/Kg"
Feijão preto,Caçarola,Embalagem de 500 g,"0,95 €","1,90 €/Kg"
Queijo edam light fatias,PorSi Viva Bem,Embalagem de 150g,"2,39 €","19,92 €/Kg"
Água s/ gás frutos vermelhos,Luso,Garrafa de 1 l,"1,04 €","0,17 €/L"
Refrigerante s/ gás califórnia,Sunny d,"Garrafa de 1,25 l","0,99 €","0,66 €/L"
Collant opac microfibra preto 60D,PorSi,Tamanho: xl,"1,99 €","1,99 €/Unidade"
Ração para gato adulto crunchy & tender com salmão,Friskies,"Embalagem de 1,5 kg","12,99 €","4,33 €/Kg"
Peluche dança comigo,Panda,1 unidade,"11,99 €/Unidade","11,99 €/Unidade"
8 hamburguers s/ glúten vaca,Capitão Iglo,Embalagem de 640g,"2,79 €","8,72 €/Kg"
Queijo fundido palitos,A Vaca Que Ri,Embalagem de 35g,"0,82 €","23,43 €/Kg"
Vinho DOC Dão Tinto,Dharma,"Garrafa de 0,75 L","3,99 €","5,32 €/L"
"Espumante cava bruto, reserva",Freixenet,Garrafa de 750 ml,"6,99 €","9,32 €/L"
Whisky,Glen crina,Garrafa de 700 ml,"11,49 €","16,41 €/L"
Desodorizante e desinfetante para calçado,Sanytol,Embalagem de 150 ml,"5,29 €","35,27 €/L"
Jogo da Forca + Jogo do Galo,Clementoni,1 unidade,"9,99 €/Unidade","9,99 €/Unidade"
15 panadinhos de peixe,PorSi,Embalagem de 450 g,"4,39 €","10,98 €/Kg"
Bebida de amêndoa,Frias,Garrafa de 1 l,"2,19 €","2,19 €/L"
"Pasta de arquivo, lombada larga, verde",Domédia,1 unidade,"2,99 €","2,99 €/Unidade"
Mousse de manga,*,140 ml,"1,79 €","12,79 €/L"
Sabonete líquido para as mãos de coco,Dove,embalagem de 250 ml,"2,18 €/L","2,18 €/L"
Filetes Primavera Linhaça & Girassol,Iglo,Embalagem de 220g,"9,30 €/Kg","9,30 €/Kg"
Tenda 2 pessoas,Bestway,Dim.: 220 x 120 x 90 cm,"14,99 €","14,99 €/Unidade"
Camarão 100/120,Cozido Selvagem,1 un = 250 gr  (aprox.),"2,25 €","8,99 €/Kg"
Tostas de trigo,Diatosta,Embalagem de 225 g,"2,39 €","6,83 €/Kg"
Alface Programa Origens,PorSi,Embalagem de 150 g,"0,99 €","9,90 €/Kg"
Alheira vegan,Veg In,Embalagem de 200g,"2,09 €","8,36 €/Kg"
Mel de montanha,PorSi Select,Frasco de 250 g,"4,89 €","9,78 €/Kg"
"Coloração permanente, caramelo avelã, nº 6.41",Excellence,1 unidade,"9,49 €/Unidade","9,49 €/Unidade"
Ração para gato adulto com frango,Purina One,Embalagem de 3 kg,"12,99 €","4,33 €/Kg"
Queijo Ovelha Curado,PorSi,Vendido ao peso a partir de 250 g,"4,62 €","18,49 €/Kg"
Húngaros,PorSi,Embalagem de 270G,"0,69 €","3,45 €/Kg"
Maruca,Nossa seleção,Congelada,"3,99 €/Kg","3,99 €/Kg"
Cereais corn flakes s/ glúten,Nestle,Embalagem de 380g,"1,49 €","2,98 €/Kg"
Água c/ gás original,Frize,pack 6 x 0.25 l,"2,85 €","2,85 €/L"
Perfect Pen,Loctite,Embalagem com 3 g,"2,59 €","86,33 €/Kg"
Gronola de aveia arandos/sementes,Nestle,Embalagem de 300g,"3,45 €","26,74 €/Kg"
Açúcar em saquetas,PorSi,Embalagem 1K,"1,49 €","1,49 €/Kg"
Salsichas extra suculentas,Nobre,Frasco de 650 g,"0,75 €","3,75 €/Kg"
"Chocolate de leite com passas, avelãs e amêndoas",Nestle,Embalagem com 195 g,"10,52 €/Kg","10,52 €/Kg"
Creme vegetal culinário,Vaqueiro,Embalagem de 250 g,"1,39 €","6,95 €/L"
Porto tawny,Ferreira,Garrafa de 750 ml,"15,99 €","21,32 €/L"
Sobremesa tiramisú,Páturages,Embalagem de 4 x 80 g,"0,39 €","1,95 €/Kg"
2 Burgers Couve-Flor e Mozzarella e Tomate,Iglo green,Embalagem de 227g,"1,99 €","6,63 €/Kg"
Leite aromatizado com sabor a cerea,Mimosa,Embalagem de 200 ml,"1,99 €","2,49 €/L"
Ovos Frescos Classe M,PorSi,12 unidades,"1,39 €","1,39 €/Unidade"
12 nuggets frango polme americano,Capitão Iglo,Embalagem de 220g,"3,53 €","8,83 €/Kg"
"Toalhitas para bebé bio, 64 unidades",Pommette,1 embalagem,"1,09 €/Unidade","1,09 €/Unidade"
Vinagre de limpeza,PorSi,Embalagem de 1 l,"0,79 €","0,79 €/L"
Feijão encarnado,PorSi,Embalagem 500G,"0,95 €","1,90 €/Kg"
Termo ultra dreno-volume,PLANTANATU,Garrafa de 500 ml,"7,59 €","126,50 €/Kg"
Caramelos de fruta,Penha,Embalagem de 500 g,"1,19 €","4,76 €/Kg"
Chourição Extra Fatiado,Porminho,Embalagem de 80g,"1,35 €","16,88 €/Kg"
Atum ao natural,Ramirez,Embalagem de 120g,"7,08 €/Kg","7,08 €/Kg"
Bolachas de manteiga,Triunfo,Embalagem de 170g,"1,69 €","6,76 €/Kg"
Salsichão vegetal,Veg In,Embalagem de 200g,"0,99 €","7,07 €/Kg"
Bolacha golden,Oreo,Embalagem de 154 g,"0,79 €","4,49 €/Kg"
Pringles hot & spicy,Pringles,Embalagem de 175g,"5,84 €/Kg","5,84 €/Kg"
"Papel higiénico, seda, folha tripla, 4+2 rolos",Foxy,1 embalagem,"1,95 €","1,95 €/Unidade"
Gel WC Flores,Neoblanc,Embalagem de 700 ml,"2,79 €","3,99 €/L"
Lula limpa,Pescanova,Embalagem de 450g,"5,49 €","6,86 €/Kg"
Ketchup,PorSi,Embalagem de 560 g,"0,70 €","2,33 €/Kg"
Amendoim com casca,Frutos secos,1 un = 100 gr (aprox.),"0,95 €","3,78 €/Kg"
Esparguete integral,Cemporcent,Embalagem de 500g,"1,19 €","2,38 €/Kg"
Vinho do porto dona antónia reserva tinto,Ferreira,Garrafa de 0.75 l,"10,99 €","14,65 €/L"
Pano Suave C/ Microfibras,Vileda,2 + 1 Un. Grátis,"1,69 €","1,69 €/Unidade"
Sabonete calmante de lavanda,Labell,Embalagem de 4x100 g,"1,99 €","12,44 €/Kg"
Iogurtes Corpos Danone Pedaços de Pêssego e Maracujá,Danone,Embalagem de 4 x 115 g,"4,36 €","2,18 €/Kg"
Mel milflores,Cemporcent,Embalagem de 300g,"5,99 €","19,97 €/Kg"
Bicicleta,Dino,"roda 12""","99,99 €/Unidade","99,99 €/Unidade"
"Espuma de cabelo, volume xxl",Fru style,Embalagem de 200 ml,"3,99 €","53,20 €/L"
Sumo 100% maçã,Compal,1 litro,"1,09 €","0,73 €/L"
Creme de soja cacau e avelã,Valsoia,Embalagem de 400g,"3,99 €","26,60 €/L"
Porto ruby,Valadao,Garrafa de 750 ml,"6,65 €/L","6,65 €/L"
Limpa Tablier,PorSi,Embalagem de 1 l,"3,99 €","0,80 €/L"
Camarão cozido 60/95,PorSi,Embalagem de 500 g,"2,25 €","8,99 €/Kg"
Pescada Pequena da Argentina -500g,Peixe Congelado,Pescado no mar,"4,39 €","10,98 €/Kg"
Cápsulas de café delta qualidus,Delta Q,Embalagem de 60g,"54,36 €/Kg","54,36 €/Kg"
O cacau + cremoso,Cemporcent,Embalagem de 180g,"2,89 €","23,12 €/Kg"
Aditivo em pó oxi elimina odores,Vanish,Embalagem de 420 g,"7,99 €","19,02 €/Kg"
Sacos do lixo lavanda 50 litros,PorSi,15 unidades,"1,79 €","1,79 €/Unidade"
Escova de Camurça,Búfalo,Embalagem de 250 ml,"6,19 €","24,76 €/L"
Whisky 10 anos,Bushmills,Garrafa de 700 ml,"30,99 €","44,27 €/L"
Cereais corn flakes,Kellogg's,Embalagem de 500g,"1,49 €","2,98 €/Kg"
"Loção solar, protect&bronze f20",Nivea Sun,Embalagem de 200 ml,"10,99 €","54,95 €/L"
Bolachas crackers integral,Du bois,Embalagem de 500g,"0,39 €","3,12 €/Kg"
"Carregador, 6 lâminas, 4 recargas",Labell Men,1 embalagem,"1,16 €","4,64 €/L"
Malagueta Vermelha,Programa Origens,1 un = 100 gr (aprox.),"2,19 €","4,38 €/Kg"
Drops cafe,Heller,Embalagem de 140g,"2,75 €","11,00 €/Kg"
Multi vitaminas mulher,PLANTANATU,Embalagem de 30 Cápsulas,"7,59 €","126,50 €/Kg"
Creme de fixação para dentaduras,Labell,Embalagem de 50 g,"9,79 €","122,38 €/Kg"
Bacalhau com broa,PorSi Select,350 g,"1,64 €","6,56 €/Kg"
Bebida arroz bio,PorSi Bio,Embalagem de 1 litro,"0,99 €","0,99 €/L"
Uno cartas,Mattel,1 unidade,"9,99 €/Unidade","9,99 €/Unidade"
Bledina snacktoon molly maçã,Bledina,Embalagem de 100g,"2,29 €","6,94 €/L"
Bacalhau Especial,Bacalhau da Noruega,1 un = 4 kg (aprox.),"8,73 €/Kg","8,73 €/Kg"
Bollycao,Bollycao,Embalagem de 2 unidades,"2,05 €","5,13 €/Kg"
Bolachas cobertura de chocolate e avelã,PorSi,Embalagem de 150g,"4,60 €/Kg","4,60 €/Kg"
Açúcar baunilhado,Vahine,Embalagem de 40g,"1,49 €","1,49 €/Kg"
Escova Limpa Vidro Rígida 45cm,Grand Prix,Uma embalagem,"4,99 €","19,96 €/L"
Elixir bocal dentes e gengivas,Listerine,Embalagem de 1 l,"5,89 €","11,78 €/L"
Bolachas waffers chocolate,PorSi,Embalagem de 210g,"0,98 €","4,67 €/Kg"
Chá de camomila e erva príncipe,Lipton,20 saquetas,"85,00 €/Kg","85,00 €/Kg"
Tablete de chocolate culinário branco,PorSi,Embalagem de 180 g,"1,09 €","10,90 €/Kg"
Depilatório homem gel,Veet,Garrafa de 200 ml,"10,99 €","73,27 €/L"
"Coloração permanente, castanho tiramissu nº4.15",Nutrisse,1 unidade,"9,49 €/Unidade","9,49 €/Unidade"
Tablete de chocolate de leite,Nestle,Embalagem de 90g,"5,30 €/Kg","5,30 €/Kg"
Queijo fresco para barrar light,Valformoso,Embalagem de 200g,"2,39 €","19,92 €/Kg"
Braçadeiras Unicórnio,Mondo,1 Embalagem,"34,99 €","34,99 €/Unidade"
Elixir Bocal Complete,Oral B,Embalagem de 500 ml,"5,89 €","11,78 €/L"
Bolachas de aveia,Triunfo,Embalagem de 190g,"2,82 €","9,40 €/Kg"
Granulado PH mais,Gre,1 kg,"2,99 €","2,99 €/Unidade"
Gel wc tripla ação c/ lixívia,Harpic,Garrafa de 750 ml,"1,79 €","2,39 €/L"
Condensado de soja vegan,Cemporcent,Embalagem de 250g,"3,99 €","26,60 €/L"
Sublinhador Brite Liner - 3+1,Bic,1 unidade,"2,49 €","2,49 €/Unidade"
Patê de sardinha,PorSi,Embalagem de 65 g,"1,19 €","13,52 €/Kg"
Vinho rosé,C.mendes,Garrafa de 750 ml,"4,29 €","5,72 €/L"
Hambúrguer de cogumelos,Cemporcent,Embalagem de 160g,"4,99 €","16,63 €/Kg"
Cachaça,Pitu,Garrafa de 700 ml,"16,49 €","23,56 €/L"
Esferográfica Azul Média,Mab,Embalagem com 4 un.,"2,49 €","2,49 €/Unidade"
Açúcar baunilhado,Globo,Embalagem de 70g,"1,49 €","1,49 €/Kg"
Salpicão de Ponte de Lima,PorSi,Vendido ao peso a partir de 750 g,"1,35 €","16,88 €/Kg"
Carrinho de passeio bengala cinza,Mader,1 unidade,"42,99 €","42,99 €/Unidade"
Iogurte liquido infantil morango,PorSi,Embalagem de 6 x 94 ml,"1,05 €","1,86 €/L"
Almôndegas bolonhesa,Iglo,Embalagem de 400g,"3,53 €","8,83 €/Kg"
12 nuggets frango polme americano,Capitão Iglo,Embalagem de 220g,"9,30 €/Kg","9,30 €/Kg"
Bases para pizza,PorSi,Embalagem de 3 x 125 g,"1,79 €","4,77 €/Kg"
"M&m's drageias de chocolate de leite,",M&m's,Embalagem de 400g,"11,98 €/Kg","11,98 €/Kg"
Escova de Dentes Júnior,Aquafresh,1 unidade,"3,49 €","3,49 €/Unidade"
"Coloração, tom sobre tom, ameixa, nº316",Casting,1 unidade,"9,49 €/Unidade","9,49 €/Unidade"
Pensos higiénicos liberty normal abas,Evax,Embalagem com 12 un.,"4,89 €","4,89 €/Unidade"
Rebuçados cristais de neve,PorSi,Embalagem de 250g,"1,59 €","6,36 €/Kg"
Lava tudo mosaico,Cif,1.1 L,"4,39 €","14,63 €/L"
Miolo de avelã,*,Vendido ao peso,"0,95 €","3,78 €/Kg"
Lava Tudo Flores Montanha,Sonasol,1.3 l,"0,89 €","0,45 €/L"
"Livro ""A Magia do Ballet""",Girassol,1 unidade,"7,50 €/Unidade","7,50 €/Unidade"
Uno cartas,Mattel,1 unidade,"6,99 €","6,99 €/Unidade"
Creme Mãos Hidratante,Labell,Embalagem de 100 ml,"2,49 €","41,50 €/L"
Tablete de chocolate amêndoa e caramelo,Milka,Embalagem de 300g,"10,52 €/Kg","10,52 €/Kg"
Palmiers,Pastelaria do Dia,1 unidade= 100 g,"0,69 €","0,69 €/Unidade"
Caneta correctora  Shake & Squeeze 2+1,Bic,1 unidade,"2,49 €","2,49 €/Unidade"
Descafeinado aroma e leveza,Nicola,12 cápsulas,"1,59 €","6,36 €/Kg"
Ambientador aerosol pure nenuco,Air Wick,Garrafa de 250 ml,"0,99 €","3,30 €/L"
"Porto, reserva",Calém,"garrafa de 0,75 l","10,99 €","14,65 €/L"
Chocolate single 38g,Toff.crisp,Embalagem de 40g,"2,24 €","29,87 €/Kg"
Rolo cozinha compacto 3 folhas,Foxy,1 unidade,"4,99 €","4,99 €/Unidade"
Bolacha de canela,Snapy,Embalagem de 250g,"2,11 €/Kg","2,11 €/Kg"
Iogurte grego stracciatella sem lactose,PorSi Viva Bem,Embalagem de 240g,"0,99 €","1,98 €/Kg"
Maçã golden 60/65 categoria II Programa Origens,PorSi,Embalagem de 1.5 kg,"0,34 €","2,29 €/Kg"
Gestos,Hasbro,1 un.,"6,99 €","6,99 €/Unidade"
Balde praia dobrável,Gratta,18 x 16 cm,"2,99 €","2,99 €/Unidade"
Leite pasteurizado magro,Vigor,Garrafa de 1 l,"1,09 €","1,09 €/L"
Crackers sem glúten,Schar,Embalagem de 210 g,"4,29 €","20,43 €/Kg"
Desodorizante spray sport 48h,Labell Men,Embalagem de 200 ml,"1,39 €","6,95 €/L"
Batata palha finíssima,PorSi Select,Embalagem de 180 g,"0,87 €","5,44 €/Kg"
Farinha p/ bolos extra fina,Nacional,Embalagem de 1 kg,"1,99 €","1,99 €/Kg"
Sacos do lixo lavanda 30 litros,PorSi,20 sacos,"1,79 €","1,79 €/Unidade"
Lambrusco tinto,*,Garrafa de 750 ml,"2,29 €","3,05 €/L"
Acendalhas Ecologica,Quinas,Uma embalagem - 32Unidades,"0,75 €","0,75 €/Unidade"
Bolachas mini prince recheadas com chocolate,PRINCE,Embalagem de 160 g,"4,60 €/Kg","4,60 €/Kg"
Mini tortitas milho c/ sal,PorSi Viva Bem,Embalagem de 200g,"1,45 €","11,15 €/Kg"
Bebida de aveia,Shoyce,Embalagem de 3 x 200 ml,"2,19 €","2,19 €/L"
Massa folhada s/ glúten,Pasta dia,Embalagem de 280g,"0,99 €","4,30 €/Kg"
Palhais de portugal alho & ervas,Palhais,Embalagem de 200g,"1,89 €","10,50 €/Kg"
Gelatina pronta a comer melancia,Royal,Embalagem de 4 x 100 g,"0,85 €","2,13 €/Kg"
Havana club-añejo 7 anos,Havana,Garrafa de 700 ml,"16,49 €","23,56 €/L"
Bebida de soja-arroz,Shoyce,Garrafa de 1 l,"2,49 €","2,49 €/L"
Super Cola 3 Mini Trio C/ Oferta de 1 Tubo Grátis,Loctite,4 g,"2,59 €","86,33 €/Kg"
Cogumelos fatiados,PorSi,Embalagem de 400g,"1,89 €","1,89 €/Kg"
"Cerveja sem Álcool 0,0%",Carlsberg,Pack 6x25 cl,"5,99 €","3,03 €/L"
Creme Depilatório Men Peles Sensíveis,Veet,Embalagem de 200 ml,"3,11 €","3,11 €/Unidade"
Massa bagos,PorSi,Embalagem de 250g,"0,89 €","1,78 €/Kg"
Recarga difusor elétrico melgas e mosquitos,Dum Dum,18 ml,"6,89 €","6,89 €/Unidade"
Tomate biológico categoria II,PorSi Bio,Vendido ao peso,"0,40 €","1,99 €/Kg"
Crackers s/ Sal Superficie,Gran Pavesi,Embalagem de 250g,"0,39 €","3,12 €/Kg"
Insuflável lounge candy,Bestway,1 unidade,"34,99 €","34,99 €/Unidade"
Óleo alimentar,Fula,Embalagem 3L,"3,39 €","3,39 €/L"
Comida húmida para gato esterilizado em molho com sa...,Purina One,4 x 85 g,"3,49 €","10,26 €/Kg"
Renovador de Camurça em Spray Incolor,Búfalo,Embalagem de 250 ml,"6,19 €","24,76 €/L"
Iogurte magro + gelatina framboesa,Mimosa,Embalagem de 4 x 120 g,"0,99 €","1,32 €/Kg"
Vinho verde branco,Da Barca,Garrafa de 1 litro (33% grátis),"3,09 €","3,09 €/L"
Rolo cozinha branco 3 folhas,PorSi,3 rolos,"4,99 €","4,99 €/Unidade"
Leite regular 3,Aptamil,Embalagem de 800 g,"20,99 €","26,24 €/Kg"
Vinho doc douro tinto,Tellu's,Garrafa de 750 ml,"7,49 €","9,99 €/L"
Sabonete Líquido Sensitive,Dettol,Embalagem de 250 ml,"2,18 €/L","2,18 €/L"
Fralda cueca T6 - 16 a 22 kg,PorSi,18 unidades,"14,99 €","14,99 €/Unidade"
Especialidade de soja chocolate,PorSi Viva Bem,Embalagem de 4 x 100 g,"3,09 €","6,18 €/Kg"
SuperCeys,Ceys,1 unidade,"2,59 €","86,33 €/Kg"
Skinny latte sem açúcar e sem lactose,STARBUCKS,embalagem de 220 ml,"2,19 €","2,19 €/L"
Concentrado Laranja e Pêssego,Sunquick,Garrafa de 700 ml,"4,79 €","6,47 €/L"
Queijo flamengo 0% lactose,PorSi Viva Bem,Embalagem de 150 g,"1,49 €","7,45 €/Kg"
Snack dentastix grande,Pedigree,Embalagem de 270 g,"0,85 €","4,72 €/Kg"
Creme Dia Lift + Serum Preenchedor,Diadermine,Embalagem de 50 ml,"2,99 €","59,80 €/L"
Sortido seleção,Chabrior,Embalagem de 380g,"6,83 €/Kg","6,83 €/Kg"
Chocolate culinário em pó,Pantagruel,Embalagem de 130g,"1,04 €","8,32 €/Kg"
Guardanapos 2 folhas azul e dourado,PorSi Select,40 unidades,"1,28 €","1,28 €/Unidade"
Ice tea de pêssego,PorSi,"Embalagem de 1,5 l","0,99 €","0,66 €/L"
"Borracha Technic, 600",Maped,embalagem com 2 unidades,"4,69 €","4,69 €/Unidade"
"Creme protector contra assaduras, para bebé",Johnson's Baby,Embalagem de 100 ml,"0,59 €","5,90 €/L"
Esfregão c/ Esponja Salva Unhas Ergonómico / Confort...,Scotch-Brite,Embalagem de 2 unidades,"2,54 €","2,54 €/Unidade"
Papel Anti traça,Raid,2 x 12 unidades,"5,99 €","176,18 €/Kg"
Sumo 100% ananás/uva,PorSi,Pack 3 x 200 ml,"1,09 €","0,73 €/L"
Leite com chocolate,Agros,Embalagem de 200 ml,"0,26 €","1,30 €/L"
Eau de Toilette Hidden Paradise,B.U.,50 ml,"11,99 €","79,93 €/L"
Patê de salmão,La piara,Embalagem de 80g,"1,19 €","13,52 €/Kg"
Creme fresco à base de soja p/bater,Alpro,Garrafa de 250 ml,"4,99 €","16,63 €/Kg"
Salada de Marisco,*,Embalagem de 700 g,"1,59 €","6,36 €/Kg"
Farinha para bolos super fina,B.neve,Embalagem de 1 kg,"1,99 €","1,99 €/Kg"
Rolo tira pelos 12 folhas,PorSi,1 unidade,"6,99 €","6,99 €/Unidade"
Recheio de sapateira,*,Embalagem de 250 gr,"2,25 €","8,99 €/Kg"
Folhado de salsicha,PorSi,Embalagem de 6x60 g,"1,64 €","6,56 €/Kg"
Bicicleta,Unicórnio,"roda 12""","99,99 €/Unidade","99,99 €/Unidade"
Creme Depilatório Peles Sensíveis,Veet,Embalagem de 200 ml,"12,99 €","12,99 €/Unidade"
Cereais de cacau sem glúten,Schar,Embalagem de 250g,"2,29 €","6,11 €/Kg"
Régua 50 cm,Mab,1 un.,"2,25 €","2,25 €/Unidade"
Pensos Higiénicos Cottonlike Normal Abas,Evax,embalagem de 16 unidades,"4,89 €","4,89 €/Unidade"
Mortadela com azeitonas,Elpozo,Embalagem de 170 g,"1,05 €","6,99 €/Kg"
Eau de Toilette p/Senhora Nº27,Caravan,1 Frasco 150ml,"11,99 €","79,93 €/L"
Panado de espinafres e queijo vegetariano,Garden Gourmet,Embalagem de 180g,"1,99 €","6,63 €/Kg"
Massa cuscus,PorSi,Embalagem de 250g,"0,89 €","1,78 €/Kg"
Queijo curado alho e salsa,Nova Açores,Vendido ao peso,"0,82 €","23,43 €/Kg"
Salame extra allnatural fatiado,Allnatural,Embalagem de 80g,"1,35 €","16,88 €/Kg"
Eau de Toilette p/Senhora Nº45,Caravan,1 Frasco 150ml,"11,99 €","79,93 €/L"
Gelado magnum menta,Olá,Embalagem de 4 x 100 ml,"5,99 €","16,64 €/L"
Cola BricoCeys,Ceys,1 unidade,"2,59 €","86,33 €/Kg"
Alheira Extra Trás os Montes,PorSi,"Vendido ao peso, 1un= 200 gr (aprox.)","1,49 €","7,45 €/Kg"
Tira nódoas em spray,Skip,Embalagem de 500 ml,"7,99 €","19,02 €/Kg"
Ambientador vela odor cozinha,PorSi,1 unidade,"9,49 €","45,19 €/Kg"
Sabonete líquido desinfetante hidratante,Sanytol,Embalagem de 250 ml,"2,18 €/L","2,18 €/L"
Detergente líquido manual loiça lavanda e alecrim,Fairy,Embalagem de 650 ml,"0,99 €","1,98 €/L"
Lixívia Spray Mousse Flor,Neoblanc,Embalagem de 700ml,"1,74 €","0,35 €/L"
Framboesa mirtilo com xarope de milho,Cemporcent,Embalagem de 230g,"5,99 €","19,97 €/Kg"
Queijo Snack Chevre/Cabra,President,,"2,39 €","11,95 €/Kg"
"Alimento húmido para gato 7+, aves",Whiskas,Embalagem de 400g,"3,49 €","10,26 €/Kg"
Penso Diário Maxi,Ausonia,1 Embalagem c/30 unidades,"1,79 €/Unidade","1,79 €/Unidade"
Ambientador elétrico + recarga alfazema,PorSi,1 unidade,"3,49 €/Unidade","3,49 €/Unidade"
Tampão com Aplicador Compak Super,Tampax,Embalagem com 22 unidades,"1,39 €","1,39 €/Unidade"
Espirais s/ glúten,Milaneza,Embalagem de 500g,"2,99 €","7,97 €/Kg"
Massa fusilli tricolor,Milaneza,Embalagem de 500g,"0,89 €","1,78 €/Kg"
Cola universal,Uhu,Embalagem de 20 ml,"1,95 €","97,50 €/L"
Aguardente velha,S.domingos,Garrafa de 700 ml,"12,79 €","18,27 €/L"
Forma Pão de Ló Antiaderente 28cm,PorSi,1 unidade,"9,99 €/Unidade","9,99 €/Unidade"
Mix de Batata Doce,*,1 kg,"0,25 €","0,99 €/Kg"
"Vela em número, nº 6",PorSi,1 unidade,"0,95 €","0,95 €/Unidade"
Refrigerante c/ gás zero,Coca-Cola,pack 4 x 1 l,"0,40 €/L","0,40 €/L"
Flocos de aveia finos integrais,Cemporcent,Embalagem de 400g,"0,68 €","1,70 €/Kg"
Pão Bijou 45 g,Pão do Dia,,"0,19 €","2,38 €/Kg"
Vinho branco,PorSi,embalagem de 1 litro,"0,85 €/L","0,85 €/L"
Feuilletine,Du Bois de la Roche,Embalagem de 135 g,"0,39 €","3,12 €/Kg"
Batata frita lisa,PorSi,Embalagem de 90g,"1,06 €","5,73 €/Kg"
Queijo flamengo fatiado light,Paiva,Embalagem de 180g,"1,49 €","7,45 €/Kg"
Iogurte Activia 0% aveia e linhaça,Danone,Embalagem de 4 x 120 g,"2,79 €","6,07 €/Kg"
Café torrado e moído 16 pastilhas,Sical,Embalagem de 104g,"54,36 €/Kg","54,36 €/Kg"
Gel intimo propolis,Fres&Clean,Embalagem de 250 ml,"4,69 €","18,76 €/L"
Barra de bolacha com cobertura de chocolate branco e...,Kit kat,Embalagem de 3 x 41.5 g,"1,09 €","10,90 €/Kg"
Luvas Colors,Vileda,Tamanho: M/G,"1,69 €","1,69 €/Unidade"
Sementes de sésamo,PorSi Viva Bem,Embalagem de 200 g,"1,59 €","10,60 €/Kg"
"Alimento para cão júnior bio complex, com frango",HappyOne,Embalagem de 4 kg,"1,15 €/Kg","1,15 €/Kg"
Chá gordura localizada,PLANTANATU,Embalagem de 10 unidades,"1,19 €","1,19 €/Unidade"
Iogurte grego natural,PorSi,Embalagem de 1 kg,"0,99 €","1,98 €/Kg"
Iogurte activia aveia nozes,Danone,Embalagem de 4 x 120 g,"2,79 €","6,07 €/Kg"
Chupas geladitos polaretti,Dolfin,Embalagem de 400 ml,"1,99 €","4,98 €/L"
Gin dry,Gibson's,Garrafa de 700 ml,"19,79 €","19,79 €/L"
Cappuccino café arábica cacau magro em pó,PorSi,250 ml,"3,09 €","24,72 €/Kg"
Lombo s/ Osso,Porco,Vendido ao peso a partir de 1 kg,"3,99 €","3,99 €/Kg"
Óleo Performa 10W40,Galp,Embalagem de 5 l,"13,99 €","13,99 €/L"
Doce de alperce com frutose,Salutem,Embalagem de 330g,"5,99 €","19,97 €/Kg"
Iogurte Líquido Yoggi s/ lactose frutos silvestres,Nestle,4x160g,"0,99 €","1,98 €/Kg"
Sumo essencial manga,Compal,pack 3 x 0.11 l,"0,99 €","0,99 €/L"
Lava tudo antibacteriano marinho,PorSi,Garrafa de 1.5 l,"0,89 €","0,45 €/L"
Snack bio arroz e trigo c/ banana e framboesa,Gerber,Embalagem de 35g,"1,89 €","9,95 €/Kg"
Areia para gato sílica-gel,PorSi,Embalagem de 1.5 kg,"1,19 €","0,24 €/Kg"
Pipoca doce para  microondas,PorSi,Embalagem de 300g,"0,79 €","7,90 €/Kg"
Grão de bico,PorSi,Frasco com 540 g,"1,79 €","2,29 €/Kg"
"Coloração permanente, óleo intenso, castanho praliné...",Syoss,1 unidade,"9,49 €/Unidade","9,49 €/Unidade"
Sabao azul e branco,PorSi,Embalagem de 400g,"0,99 €","2,48 €/Kg"
Ambientador vela baunilha,Glade,1 unidade com 129 g,"9,49 €","45,19 €/Kg"
Bebida de arroz e amêndoas,Joya,Garrafa de 1 l,"2,49 €","2,49 €/L"
Sumo maçã,Andros,Embalagem de 1 l,"3,99 €","3,99 €/L"
Pasta dentífrica 1 2 3,Oral B,Embalagem de 75 ml,"2,29 €","30,53 €/L"
Baguete,PorSi,250 g,"0,19 €","2,38 €/Kg"
Conjunto Fleurs Du Paradis,Coquette,EAU DE TOILETTE 100 ML + R-ON 10 ML,"9,99 €","9,99 €/Unidade"
Ambientador elétrico sensual sandalwood & jasmine + ...,Glade,1 unidade,"3,49 €/Unidade","3,49 €/Unidade"
Adoçante em pó,Canderel,Embalagem de 90g,"5,49 €","21,96 €/Kg"
Café moagem grossa bio,PorSi Bio,Embalagem de 250g,"9,16 €/Kg","9,16 €/Kg"
Iogurte líquido dan'up milkshake straciatella,Danone,Embalagem de 4 x 155 g,"1,17 €","1,83 €/Kg"
Ambientador elétrico flor de cerejeira,Air Wick,1 unidade,"3,49 €/Unidade","3,49 €/Unidade"
Cafe soluvel c/c 200g,Delta,Embalagem de 200g,"14,50 €/Kg","14,50 €/Kg"
Grão de bico,PorSi,Embalagem de 820g,"1,79 €","2,29 €/Kg"
Cerveja preta 0.0%,Sagres,Pack 4 x 0.33 l,"5,99 €","3,03 €/L"
Espresso café arábica,PorSi,250 ml,"3,09 €","24,72 €/Kg"
Bolacha Maria,Cuetara,Embalagem de 200g,"2,11 €/Kg","2,11 €/Kg"
Bandas cera depilatórias corpo pele sensível,Labell,40 unidades,"3,11 €","3,11 €/Unidade"
Ambientador recarga bouquet,Air Wick,Garrafa de 250 ml,"5,99 €","23,96 €/L"
"Alimento seco para gato adulto, vaca",Whiskas,"Embalagem de 1,75 kg","12,99 €","4,33 €/Kg"
Halls Mini Mints Menta,Halls,12.5 g,"2,30 €","57,50 €/Kg"
Champô nutri proteção,Labell,Embalagem de 250 ml,"5,59 €","13,98 €/L"
Massa filo,JR,Embalagem de 250g,"0,99 €","4,30 €/Kg"
Chocolate branco com recheio de avelã,Kinder,Embalagem de 160g,"2,29 €","17,62 €/Kg"
Whisky heritage blend,Logan,Garrafa de 700 ml,"30,99 €","44,27 €/L"
Robô Beetle,Clementoni,1 un.,"9,99 €/Unidade","9,99 €/Unidade"
"Máquina depilatória descartável, bikini",Labell,1 embalagem - 3 unidades,"12,99 €","12,99 €/Unidade"
"Carteira etiquetas, 24x35",Domédia,1 unidade,"1,99 €","1,99 €/Unidade"
Alheira Especial de Trás-Os-Montes,PorSi,200 g,"1,49 €","7,45 €/Kg"
Mega bolsa com 60 peças,Mega Bloks,1 unidade,"11,99 €/Unidade","11,99 €/Unidade"
Escova de dentes infantil 3 a 6 anos,Labell,1 un.,"2,29 €","2,29 €/Unidade"
Sumo natural de uva preta bio,Cemporcent,Garrafa de 200 ml,"2,19 €","2,19 €/L"
Escova Limpa Vidro Rígida 41cm,Grand Prix,Uma embalagem,"4,99 €","19,96 €/L"
Especialidade soja coco,PorSi Viva Bem,Embalagem de 4 x 100 g,"3,09 €","6,18 €/Kg"
Polpa de tomate com cebola e alho,Compal,Embalagem de 500g,"3,69 €","23,06 €/Kg"
"Mesa viana, 140x90, branca",Joluce,1 unidade,"5,99 €","5,99 €/Unidade"
Cuecas Incontinência Maxi Médio,Lindor,Embalagem com 14 un.,"9,99 €","9,99 €/Unidade"
Vinho maduro tinto,C.da eira,Garrafa de 250 ml,"0,85 €/L","0,85 €/L"
20 saquetas green framboesa/romã,Lipton,Embalagem de 30g,"44,50 €/Kg","44,50 €/Kg"
Côco ralado,PorSi,Embalagem de 200g,"1,27 €","3,18 €/Kg"
Dow's 20 years old tawny port,Dow's,Garrafa de 750 ml,"10,99 €","14,65 €/L"
Creme de feijão c/ espinafres,Sopas Graciete,Garrafa de 400 ml,"1,69 €","2,11 €/Kg"
Barrinhas pescada com limão sem glúten,Pescanova,Embalagem de 300g,"1,64 €","6,56 €/Kg"
Papa infantil para preparar com leite +6 meses,Cerelac,Embalagem de 250g,"4,49 €","4,49 €/Kg"
Pão clássico sem glúten,Schar,Embalagem de 300g,"0,99 €","1,65 €/Kg"
Óleo para fondue lapalisse,Lapalisse,Garrafa de 1 l,"3,39 €","3,39 €/L"
Adoçante com doseador,PorSi,Embalagem 300 comprimidos,"5,49 €","21,96 €/Kg"
Papel Anti-traça 4 Seasons,Raid,4 unidades,"5,99 €","176,18 €/Kg"
Amendoim cremoso,Cemporcent,Embalagem de 510g,"5,99 €","19,97 €/Kg"
Pilha alcalina classic lr6x4,Domédia,1 unidade,"1,99 €","1,99 €/Unidade"
Livro A Cinderela,Europrice,1 unidade,"7,50 €/Unidade","7,50 €/Unidade"
Telefone educativo,Vtech Baby,1 unidade,"11,99 €/Unidade","11,99 €/Unidade"
Esparregado de espinafres sem lactose,PorSi Viva Bem,Embalagem de 360 g,"1,99 €","6,63 €/Kg"
Ambientador spray de lavanda,Air Wick,Garrafa de 240 ml,"0,99 €","3,30 €/L"
Sumo Maçã e Laranja s/ Açúcar Adicionado Patrulha Pa...,SONATURAL,pack 4 x 110 ml,"0,79 €","2,39 €/L"
Topping caramelo,Branca de neve,Embalagem de 380g,"1,27 €","3,18 €/Kg"
Máquina depilatória Miss Soleil,Bic,3 + 1 unidades,"12,99 €","12,99 €/Unidade"
Toalhitas Bebé Pure Extra Care,Huggies,Embalagem com 3 x 56 unidades,"1,09 €/Unidade","1,09 €/Unidade"
Massa p/ empada,Pasta dia,Embalagem de 280g,"0,99 €","4,30 €/Kg"
Alimento húmido para cão borrego,Pedigree,Embalagem de 300g,"2,30 €/Kg","2,30 €/Kg"
Mistura de sementes,PorSi Viva Bem,Embalagem de 200 g,"1,59 €","10,60 €/Kg"
Pasta dentífrica branco intenso,Aquafresh,Embalagem de 75 ml,"2,29 €","30,53 €/L"
Funcho rama,PorSi,20 g,"0,89 €","17,80 €/Kg"
Farinha para bolos fina,Branca de Neve,Embalagem de 1 kg,"1,99 €","1,99 €/Kg"
Milho inteiro,Rac.zezere,Embalagem de 5 kg,"2,49 €","2,49 €/Kg"
Gatinho,Pamper Petz,15 cm,"11,99 €/Unidade","11,99 €/Unidade"
Polvo limpo,PorSi,Embalagem de 800 g,"5,49 €","6,86 €/Kg"
Crackers s/ sal superficie,GRAN PAVES,Embalagem de 560g,"0,39 €","3,12 €/Kg"
"Alimento para cão adulto bio complex mix, com frango",HappyOne,Embalagem de 4 kg,"1,15 €/Kg","1,15 €/Kg"
Aditivo tira nódoas oxi action pink,Vanish,Embalagem de 800 ml,"7,99 €","19,02 €/Kg"
Caramelos de nata,Werthers,Embalagem de 140g,"2,75 €","11,00 €/Kg"
Vinho tinto regional setúbal,Herdade da comporta,Garrafa de 0.75 l,"8,59 €","11,45 €/L"
Bolacha Maria Integral,PorSi,Embalagem de 600g,"1,14 €","3,80 €/Kg"
Prato com naperon 30cm,PorSi,1 unidade,"0,54 €","0,54 €/Unidade"
Pipetas repelente para cão,Repul' 7,Embalagem de 1 unidades,"19,99 €","19,99 €/Unidade"
Vinho branco arinto bucelas,P.regia,Garrafa de 750 ml,"3,99 €","5,32 €/L"
Batata frita caseira,PorSi,Embalagem de 180g,"0,87 €","5,44 €/Kg"
"Recarga ambientador eléctrico, alfazema",PorSi,Embalagem de 25 ml,"5,99 €","23,96 €/L"
Pão de leite 8 un.,Bimbo,Embalagem de 280g,"7,40 €/Kg","7,40 €/Kg"
Bolachas com geleia de framboesa,Chabrior,Embalagem de 150 g,"1,77 €","5,53 €/Kg"
Espadim Fumado,PorSi Select,Embalagem de 110 g,"3,35 €","22,33 €/Kg"
Moinho 5 pimentas em grão,PorSi,Frasco com 40 g,"0,20 €","0,20 €/Kg"
Yofu com pedaços de mirtilo,Alpro,Embalagem de 4x125 g,"3,09 €","6,18 €/Kg"
Farinha s/ glúten p/ pão,Schar,Embalagem de 1 kg,"2,99 €","7,97 €/Kg"
Crescido Asa Branca,Bacalhau da Noruega,1 un=1.5 Kg (aprox.),"8,73 €/Kg","8,73 €/Kg"
Alimento seco para gato steril,HappyOne,Embalagem de 2 kg,"12,99 €","4,33 €/Kg"
Spray Óleo Sublime Bronzeador,Corine de Farme,Embalagem de 150 ml,"10,99 €","54,95 €/L"
Lençol ajustável 60x120 cm,PorSi,1 unidade,"4,99 €/Unidade","4,99 €/Unidade"
Vinho verde branco,MIRANDA,"Garrafa de 0,75 l","3,09 €","3,09 €/L"
Desinfetante Têxtil,Sanytol,Embalagem de 500 ml,"10,99 €","52,33 €/Kg"
Vinho do Porto Branco,Velhotes,"Garrafa de 0,75 l","11,99 €","15,99 €/L"
Farinheira vegetal,Veg In,Embalagem de 200g,"1,49 €","7,45 €/Kg"
Sidra,Kings Bräu,Pack 6 x 0.33 l,"1,59 €","3,18 €/L"
Tablete de chocolate branco,Schogetten,Embalagem de 100g,"1,09 €","10,90 €/Kg"
Cranberry desidratado,Salutem,Embalagem de 100g,"4,99 €","16,63 €/Kg"
Viajar por Portugal,Clementoni,1 un.,"9,99 €/Unidade","9,99 €/Unidade"
Refresco em pó de laranja,Tang,Embalagem de 30g,"0,75 €","18,75 €/Kg"
Chupa clássico,Chupachups,Embalagem de 10g,"1,99 €","4,98 €/L"
Gel Cabelo Styling Creme Cabelo,Nivea,Embalagem de 150 ml,"5,99 €","14,98 €/L"
Pão forma com côdea,PorSi,Embalagem de 600g,"0,99 €","1,65 €/Kg"
Maionese top down,Hellmman's,Embalagem de 238 g,"0,70 €","2,33 €/Kg"
Codornizes,Aves,1 un. = 150 g (aprox.),"1,05 €","2,99 €/Kg"
Aroma de anis,Vahine,Embalagem de 20g,"1,49 €","18,17 €/Kg"
Manjericão,PorSi,50 g,"0,99 €","19,80 €/Kg"
Gogo SqueeZ Snack Morango,Gogo,Embalagem de 90g,"2,29 €","6,94 €/L"
"Sabonete dermo, com um 1/4 de creme hidratante",Labell,Embalagem de 100 g,"1,99 €","12,44 €/Kg"
Iogurte activia líquido morango,Danone,Embalagem de 4 x 155 g,"2,79 €","6,07 €/Kg"
Creme de coentros sem batata,PorSi,Embalagem de 400 g,"1,69 €","2,11 €/Kg"
Pilhas recarregáveis longa duração AAA HR03 1.2V 800...,Domédia,Embalagem com 4 unidades,"1,99 €","1,99 €/Unidade"
Yaos magro natural,Nestle,Embalagem de 4x110g,"0,99 €","1,32 €/Kg"
Desentupidor gel turbo com lixívia,Destop,Garrafa de 1 l,"4,89 €","6,52 €/L"
Escova Limpa Vidro Rígida 51cm,Grand Prix,Uma embalagem,"4,99 €","19,96 €/L"
Fralda Activity T3 - 6 a 10 kg,Dodot,66 unidades,"5,89 €","5,89 €/Unidade"
"Pasta dentífrica, dentes/gensivas sensitive",Labell,Embalagem de 75 ml,"2,29 €","30,53 €/L"
Cola Universal,Uhu,Embalagem de 2x20ml,"1,95 €","97,50 €/L"
Morcela de Arroz do Fundão,PorSi,"Vendido ao peso, 1 un=200 g (aprox.)","1,49 €","7,45 €/Kg"
Abóbora Menina Programa Origens,PorSi,1 un= 1 kg (aprox.),"0,07 €","0,69 €/Kg"
"Vinho tinto, bag in box",Capela Pias,Garrafa de 5 l,"9,49 €","1,90 €/L"
Luva Nitrilica,Itools,1 unidade,"4,99 €","4,99 €/Unidade"
Ganchos Perfumados Lavanda,Raid,2 unidades,"5,99 €","176,18 €/Kg"
Caderno Agrafado Capa Preta |A4 Liso,Domédia,1 unidade,"0,99 €","0,99 €/Unidade"
Queijinhos mini,Babybel,Embalagem de 240g,"0,82 €","23,43 €/Kg"
Borrego de Leite,PorSi,1/2 un = 7 kg | 1 un = 14 kg (aprox.),"69,86 €","9,98 €/Kg"
Vinho do porto 10 anos,Souza,Garrafa de 750 ml,"15,99 €","21,32 €/L"
Nancy Um Dia A Fazer Madeixas,Nancy,1 un.,"11,99 €/Unidade","11,99 €/Unidade"
Café torrado lote chávena saco,Delta,Embalagem de 250g,"9,16 €/Kg","9,16 €/Kg"
Palmiers,PorSi,Embalagem de 100g,"1,69 €","6,76 €/Kg"
Snack bounty single 57g,BOUNTY,Embalagem de 60g,"2,24 €","29,87 €/Kg"
"Iogurte batido natural, biológico",Mimosa,Embalagem de 460g,"0,99 €","1,98 €/Kg"
Preparado de bolo de canela,PorSi,500 g,"1,39 €","6,95 €/L"
Tapa fugas,Redex,Embalagem de 250 ml,"13,99 €","13,99 €/L"
Esferográfica 4 Cores Multi-Function,Bic,1 un.,"2,49 €","2,49 €/Unidade"
"Vela em número, nº 8",PorSi,1 unidade,"0,95 €","0,95 €/Unidade"
Resguardo para mesa,PorSi,Dim.: 140 x 200 cm,"3,45 €","3,45 €/Unidade"
"Formas de alumínio rectangulares com tampa, 600ml , ...",PorSi,Uma embalagem,"1,11 €","1,11 €/Unidade"
Cogumelo branco,*,Embalagem de 300g,"1,79 €","5,97 €/Kg"
Bandas de cera fria facial,Labell,Embalagem com 20 un. + 4 toalhitas de acabamento,"3,11 €","3,11 €/Unidade"
Carcaça de Cereais 62 g,Pão do Dia,,"0,19 €","2,38 €/Kg"
"Vinho doc loureiro, verde",Selecção de Enófilos,Garrafa de 0.75 l,"3,09 €","3,09 €/L"
"Escova de dentes, proteção global média, 2 unidades",Labell,Uma embalagem,"3,49 €","3,49 €/Unidade"
Pasta oriental vitela,Maggi,Embalagem de 60g,"2,35 €","5,60 €/Kg"
Meloa Galia Económica,Fruta do Dia,1 un = 1 kg (aprox.),"2,23 €","0,89 €/Kg"
Pescada África do Sul,Peixe Congelado,De 600g a 900g,"3,99 €/Kg","3,99 €/Kg"
Doce framboesa com stevia,Cemporcent,Embalagem de 200g,"5,99 €","19,97 €/Kg"
Skinny latte sem açúcar e sem lactose,STARBUCKS,embalagem de 220 ml,"3,09 €","24,72 €/Kg"
Couve de bruxelas,PorSi,Embalagem de 750 g,"1,89 €","1,89 €/Kg"
Azeitona verde inteira com alho,PorSi,Vendido ao peso a partir de 500 g,"1,00 €","3,99 €/Kg"
Mesa caribe castanha,Joluce,Dim.: 100 cm,"5,99 €","5,99 €/Unidade"
Comida húmida para cão de frango e arroz,PorSi,Lata de 400 g,"2,30 €/Kg","2,30 €/Kg"
Cacau em pó,Pantagruel,Embalagem de 130g,"1,04 €","8,32 €/Kg"
"Frigideira anti-aderente, 24cm",PorSi,1 unidade,"9,99 €/Unidade","9,99 €/Unidade"
Aguardente de Perada,OLD NOSEY,Garrafa de 0.5 l,"12,79 €","18,27 €/L"
Recarga p/ ambientador automático freshmatic flor de...,Air Wick,Embalagem de 250 ml,"5,99 €","23,96 €/L"
Orégãos em folhas,PorSi,Saqueta com 10 g,"0,20 €","0,20 €/Kg"
Super mix cacau pepitas,Origensbio,Embalagem de 100g,"3,99 €","39,90 €/Kg"
Hambúrguer mediterrânico,Cemporcent,Embalagem de 160g,"4,99 €","16,63 €/Kg"
Fruta para bebé maçã cenoura manga +6 meses,Nestle,Embalagem de 90g,"0,74 €","8,22 €/Kg"
Perfume de Mulher Magnólia,VICTORIO & LUCCHINO,150 ml,"11,99 €","79,93 €/L"
Néctar bio multifrutos,Paquito,"Embalagem 1,5 l","0,99 €","0,99 €/L"
Whisky gold heritage,Label 5,"Garrafa de 0,70 l","11,49 €","16,41 €/L"
Shampô azul concentrado,PorSi,Embalagem de 1 l,"3,99 €","0,80 €/L"
Farinha de milho 500g,ESPIGA,Embalagem de 500g,"1,99 €","1,99 €/Kg"
Paes de leite 10unid 350g,H.delicia,Embalagem de 350 g,"7,40 €/Kg","7,40 €/Kg"
Papas aveia maçã/canela,Origensbio,Embalagem de 300g,"4,99 €","16,63 €/Kg"
Pilhas recarregáveis longa duração AA HR3 1.2V 2100m...,Domédia,Embalagem com 4 unidades,"1,99 €","1,99 €/Unidade"
Melancia Alongada,Programa Origens,Vendido ao peso | 1 un = 4 kg (aprox.),"2,23 €","0,89 €/Kg"
Camarão cozido 20/30,PorSi,Embalagem de 500 g,"2,25 €","8,99 €/Kg"
Barras fitness natural 141g,Nestle,Embalagem de 140g,"1,29 €","10,24 €/Kg"
Moscatel favaios,Favaios,Garrafa de 750 ml,"5,99 €","7,99 €/L"
Nakis milho com chocolate negro,Bicentury,Embalagem de 91 g,"1,45 €","11,15 €/Kg"
Metades de pera em calda,PorSi,Lata de 820 g,"1,99 €","2,37 €/Kg"
Manteiga magra,PorSi,Embalagem de 250g,"1,69 €","6,76 €/Kg"
Bolachas com recheio de chocolate,PorSi,Embalagem de 500g,"2,15 €","2,87 €/Kg"
Cola de Contacto Liquida,Vito,1 unidade,"2,59 €","86,33 €/Kg"
"Lenços de bolso, mentol, 10 unidades",Renova,Uma embalagem de 6x10,"0,89 €","0,89 €/Unidade"
Café em cápsulas Dolce Gusto Sical,Nescafé,64 cápsulas,"54,36 €/Kg","54,36 €/Kg"
Leite uht meio gordo,Agros,Embalagem 1L,"0,81 €","0,81 €/L"
Liquido 5 em 1 frescor,WC Pato,Embalagem de 750 ml,"1,79 €","2,39 €/L"
Caramelos de nata,PorSi,Embalagem de 250g,"2,75 €","11,00 €/Kg"
Mesa Extensível Bolívia Antracite,Joluce,190x105x71 cm | Extensível até 250 cm,"5,99 €","5,99 €/Unidade"
Magic coberto chocolate leite,Gullon,Embalagem de 240g,"2,15 €","2,87 €/Kg"
Chilli sem Carne,Iglo green,Embalagem de 400g,"1,99 €","6,63 €/Kg"
Rebuçados de café,Villa,Embalagem de 200 g,"1,59 €","6,36 €/Kg"
4 gelados de soja cone,Valsoia,Embalagem de 300g,"3,09 €","6,18 €/Kg"
Vinho doc dão tinto,Grao vasco,Garrafa de 750 ml,"3,99 €","5,32 €/L"
Ecobag 30 L perfumado limão,Vileda,1 embalagem,"1,79 €","1,79 €/Unidade"
Pré-lavagem power gel,Vanish,Garrafa de 200 ml,"8,49 €","1,80 €/Kg"
Recarga ambientador elétrico rosa bouquet,Air Wick,Embalagem de 1 unidades,"5,99 €","23,96 €/L"
Guardanapos Red Label 1 folha |Vermelho,Renova,Dim: 30x32cm |70 unidades,"1,28 €","1,28 €/Unidade"
Ambientador vela baunilha,PorSi,1 unidade,"9,49 €","45,19 €/Kg"
"Comida húmida para cão júnior com frango, cenoura em...",Friskies,Embalagem de 100g,"2,30 €/Kg","2,30 €/Kg"
"Adesivo suave, pele sensivel",Hansaplast,1 unidade,"2,86 €","2,86 €/Unidade"
Geleia de marmelo,Casa de Mateus,345 g,"3,29 €","9,54 €/Kg"
Spray Limpa Placa Indução,Induclean,450 ml,"1,29 €","1,72 €/L"
Coentros em vaso,Aroma viva,Embalagem de 1 unidades,"0,89 €","17,80 €/Kg"
Linhaça dourada moída,Cemporcent,Embalagem de 200g,"2,29 €","11,45 €/Kg"
"Queijo em fatias, -50% gordura",Limiano,Embalagem de 200g,"1,49 €","7,45 €/Kg"
Cornflakes + gulosos,Cemporcent,Embalagem de 250g,"0,68 €","1,70 €/Kg"
Espreguiçadeira malibu verde,Joluce,1 unidade,"5,99 €","5,99 €/Unidade"
Snack dentabits 40g,Whiskas,Embalagem de 40g,"0,99 €","16,50 €/Kg"
Alimento seco para cão raças pequenas,HappyOne,Embalagem de 2 kg,"1,15 €/Kg","1,15 €/Kg"
Vinho doc palmela tinto,Selecção de Enófilos,Garrafa de 0.75 l,"8,59 €","11,45 €/L"
Whisky,Grants,Garrafa de 1 l,"11,49 €","16,41 €/L"
Spray desengordurante,Sonasol,Embalagem de 500 ml,"4,89 €","6,52 €/L"
"Sumo 100%, laranja",PorSi,"Embalagem de 1,5 l","1,09 €","0,73 €/L"
12 douradinhos forníssimo,Capitão Iglo,Embalagem de 300g,"9,30 €/Kg","9,30 €/Kg"
Lâmpada Moto H7 55w 12v,Osram,2 unidades,"4,99 €","19,96 €/L"
Detergente liquido maquina roupa frescura primavera,Xau,80 doses,"8,49 €","1,80 €/Kg"
Sopa de caldo verde Programa Origens,PorSi,Embalagem de 250g,"0,99 €","9,90 €/Kg"
Autobrilhante Castanho,Búfalo,Embalagem de 50 ml,"2,25 €","45,00 €/L"
Bolacha de milho sem sal bio,Cemporcent,Embalagem de 110g,"1,45 €","11,15 €/Kg"
Livro O Polegarzito,Europrice,1 unidade,"7,50 €/Unidade","7,50 €/Unidade"
Farinha s/ fermento tipo 65,ESPIGA,Embalagem de 1 kg,"1,99 €","1,99 €/Kg"
"Chave de Fenda Cabo Bimat, 6.0x150mm",Itools,1 unidade,"4,99 €","4,99 €/Unidade"
Milho tenro e doce,Bonduelle,Embalagem de 300 g,"1,79 €","2,29 €/Kg"
Recarga rolo tira pelos,PorSi,1 unidade,"6,99 €","6,99 €/Unidade"
Fígado,Novilho,1 un = 100 gr (aprox.),"0,55 €","5,49 €/Kg"
Bebida espirituosa,1920,Garrafa de 1 l,"11,49 €","16,41 €/L"
Piscina com armação em ferro,Bestway,Dim.: 152 x 38 cm,"34,99 €","34,99 €/Unidade"
"Bloco sanitário rotativo, lemon",Domestos,Embalagem de 30g,"2,99 €","74,75 €/Kg"
Água Micelar Vitamina C,Garnier,Embalagem de 400 ml,"0,76 €","0,76 €/Unidade"
Cadeira Casablanca Branca,Joluce,1 unidade,"5,99 €","5,99 €/Unidade"
Autobrilhante Branco,Búfalo,Embalagem de 50 ml,"2,25 €","45,00 €/L"
Gestos,Hasbro,1 un.,"9,99 €/Unidade","9,99 €/Unidade"
Toalha em rolo papel rosa,PorSi,1 Unidade,"3,45 €","3,45 €/Unidade"
Batatas fritas ketchup,Ruffles,Embalagem de 150g,"5,84 €/Kg","5,84 €/Kg"
Espinafres salteado com alho,PorSi,Embalagem de 750g,"1,89 €","1,89 €/Kg"
Melancia Riscada,Fruta da Época,Vendido ao peso | 1 un = 4kg (aprox.),"2,23 €","0,89 €/Kg"
Vinho Regional Península de Setúbal Branco,Herdade da comporta,Garrafa de 0.75 l,"8,59 €","11,45 €/L"
Pizza casa di mama salame 380g,Dr. Oetker,Embalagem de 390g,"1,96 €","5,60 €/Kg"
Gin dry bombay(40º) 0.70l,Bombay,Garrafa de 700 ml,"19,79 €","19,79 €/L"
Peito de peru,Salsicharia Limiana,"Vendido ao peso, fatiado","2,25 €","11,25 €/Kg"
Guardanapos 2 folhas vermelhos e dourado,PorSi Select,40 unidades,"1,28 €","1,28 €/Unidade"
Tablete de chocolate preto,Nestle,Embalagem de 130g,"16,67 €/Kg","16,67 €/Kg"
Bolacha maria,Cuetara,Embalagem de 3 x 200 g + 33% grátis,"2,11 €/Kg","2,11 €/Kg"
Cama de rede,Saurium,Dim.: 180 x 80 cm,"4,49 €","4,49 €/Unidade"
Livro Hot Wheels,Europrice,,"7,50 €/Unidade","7,50 €/Unidade"
Collant licra 15d musk M,PorSi,Embalagem de 1 unidades,"1,99 €","1,99 €/Unidade"
Choquinhos limpos,Frip,Embalagem de 400 g,"5,49 €","6,86 €/Kg"
Spray nature cozinha,Cif,embalagem de 750 ml,"0,79 €","0,79 €/L"
Flocos de batata para puré,PorSi,Embalagem de 500g,"1,89 €","1,89 €/Kg"
Iglo Simples P/ 2 Pessoas,Saurium,1 un.,"14,99 €","14,99 €/Unidade"
Smarties mini chocolate,SMARTIES,Embalagem de 187g,"11,98 €/Kg","11,98 €/Kg"
Faca santoku 16 cm,PorSi,1 unidade,"4,89 €","4,89 €/Unidade"
Sal de mesa,PorSi,Embalagem de 250 g,"0,20 €","0,20 €/Kg"
Agrafador universal +400 agrafos,Maped,1 unidade,"1,29 €","1,29 €/Unidade"
Moinho pimenta preta em grão,PorSi,Frasco com 45 g,"0,20 €","0,20 €/Kg"
"Barra especial k, chocolate de leite",Kellogg's,Embalagem de 130g,"1,29 €","10,24 €/Kg"
Patas,Frango,1 un = 250 gr  (aprox.),"0,55 €","5,49 €/Kg"
Rolo de Cozinha Gigaroll Branco,Renova,1 Rolo,"4,99 €","4,99 €/Unidade"
Salsichas de porco,Nobre,Lata de 250g,"0,75 €","3,75 €/Kg"
Elixir bocal para crianças,Listerine,Embalagem de 500 ml,"5,89 €","11,78 €/L"
Lava tudo marinho,Cif,"Garrafa de 1,4 l","0,89 €","0,45 €/L"
Pastilhas de Limpeza Aparelho Dentário,Polident,Embalagem com 30 unidades,"9,79 €","122,38 €/Kg"
Osso Buco,Novilho,1un=150 gr aprox.,"3,29 €","8,23 €/Kg"
Pomada para calçado preto,Splendor,lata com 50 ml,"0,99 €","19,80 €/L"
Nabo Roxo s/ Rama,Programa Origens,1 un = 200 gr  (aprox.),"1,99 €","1,99 €/Kg"
Creme abrasivo activo c/ lixívia,Cif,Garrafa de 500 ml,"2,59 €","1,30 €/L"
As minhas primeiras receitas - refeição legumes com ...,Nestle,Embalagem de 190g,"1,89 €","9,95 €/Kg"
Leite com chocolate sem lactose,Ucal,Embalagem de 6 x 250 ml,"0,26 €","1,30 €/L"
Sumo 100% fresco ananás,Paquito,Embalagem de 1 l,"1,09 €","0,73 €/L"
Caramelos de fruta de laranja single,Sugus,Embalagem de 50g,"1,19 €","4,76 €/Kg"
Lixívia perfumada,PorSi,Embalagem de 5 l,"2,59 €","1,30 €/L"
Sumo 100% maçã e frutos vermelhos,Compal,1 litro,"1,09 €","0,73 €/L"
Cebolinho,PorSi,20 g,"0,89 €","17,80 €/Kg"
Manteiga magra,Mimosa,Embalagem de 250g,"1,69 €","6,76 €/Kg"
Uva Preta Categoria II,Fruta da Época,1 un = 250 gr  (aprox.),"2,23 €","0,89 €/Kg"
Desinfetante p/ Roupa,Sanytol,embalagem com 500ml,"10,99 €","52,33 €/Kg"
Damasco Programa Origens,PorSi,Vendido ao peso,"2,19 €","17,52 €/Kg"
Polpa de tomate em garrafa,Compal,Embalagem de 1 kg,"3,69 €","23,06 €/Kg"
Skittles fruits 174g,SKITTLES,Embalagem de 170g,"2,30 €","57,50 €/Kg"
Polpa de cebola e alho,PorSi,Embalagem de 500 g,"3,69 €","23,06 €/Kg"
Água mineral sem gás,Serra de Fafe,"Embalagem de 6x0,33 l","1,04 €","0,17 €/L"
Minifresh-ambientador multiusos,Abelhinha,1 unidade,"1,99 €","1,99 €/Unidade"
Paturette croc choc bill,Páturages,Embalagem de 4x117g,"0,39 €","1,95 €/Kg"
"Escova dentes, rotativa global, dura, 2 unidades",Labell,1 embalagem,"3,49 €","3,49 €/Unidade"
Spray tira nódoas,Kh 7,Garrafa de 750 ml,"10,99 €","52,33 €/Kg"
Recarga para esfregona ultrasec,Scotch-Brite,Embalagem de 1 unidades,"0,89 €","0,89 €/Unidade"
Madalenas de Laranja,Brioxa,12 Unidades - Embalagem de 500 g,"2,05 €","5,13 €/Kg"
Tomate Alongado,Programa Origens,1 un = 200 gr (aprox.),"0,40 €","1,99 €/Kg"
"Cadeira casablanca sem braços, branco",Joluce,1 unidade,"5,99 €","5,99 €/Unidade"
Vassoura Especial Lisa,PorSi,unidade,"2,20 €","2,20 €/Unidade"
Pasta dentífrica menta fresca,Aquafresh,Embalagem de 75 ml,"2,29 €","30,53 €/L"
Papel Fotocópia A4 |80g,Navigator,,"1,95 €","97,50 €/L"
Desentupidor de fole com cabo,PorSi,1 unidade,"17,00 €","17,00 €/Unidade"
Vinho tinto doc douro,Qta.cotto,Garrafa de 750 ml,"7,49 €","9,99 €/L"
Iogurte mix-in chocapic,Nestle,Embalagem de 2 x 118 g,"1,05 €","1,86 €/L"
Tablete de chocolate,Chabrior,Embalagem de 250 g,"4,60 €/Kg","4,60 €/Kg"
Salsichas de quinoa bio,Cemporcent,Embalagem de 200g,"4,99 €","16,63 €/Kg"
Queijo flamengo,Novacores,Embalagem de 320g,"1,49 €","7,45 €/Kg"
Camarão 60/80,Congelado de Aquicultura,1 un = 250 gr  (aprox.),"2,00 €","7,99 €/Kg"
Leite 0% lactose meio gordo,Mimosa,Embalagem de 200 ml,"2,19 €","2,19 €/L"
Grão de bico,Caçarola,Embalagem de 500 g,"0,99 €","1,98 €/Kg"
Tablete de chocolate negro,PorSi Select,200 g,"10,52 €/Kg","10,52 €/Kg"
Mistura pombos domésticos,Rac.zezere,Embalagem de 5 kg,"2,49 €","2,49 €/Kg"
Patê sardinha,La piara,Embalagem de 80g,"1,19 €","13,52 €/Kg"
Óleo de linhaça bio,Cemporcent,Garrafa de 250 ml,"3,39 €","3,39 €/L"
Bolacha vitalday crocante original,Gullon,Embalagem de 270g,"2,82 €","9,40 €/Kg"
Bolachas starship tradicional,PorSi,Embalagem de 150g,"5,47 €/Kg","5,47 €/Kg"
Fermento de padeiro em pó,Fermipan,Embalagem de 4x11 g,"1,49 €","18,17 €/Kg"
"Alimento seco para gato, atum",Whiskas,"Embalagem de 1,75 kg","12,99 €","4,33 €/Kg"
Twister,Hasbro,1 un.,"9,99 €/Unidade","9,99 €/Unidade"
Vinho Branco DOC Dão,Meia encosta,Garrafa de 0.75 l,"3,99 €","5,32 €/L"
Vinagre balsâmico 6%,Oliveira da Serra,Garrafa de 250 ml,"0,35 €","0,70 €/L"
Spray desengordurante universal,Neoblanc,Embalagem de 500 ml,"2,59 €","1,30 €/L"
Chocolate negro com avelã e caramelo,Nestle,Embalagem com 115 g,"10,52 €/Kg","10,52 €/Kg"
Queijo fatias -50% de gordura,Limiano,Embalagem de 400g,"1,49 €","7,45 €/Kg"
Queijo de cabra com azeite&oregãos,Palhais,Embalagem de 130 g,"1,89 €","10,50 €/Kg"
Tomate inteiro pelado,PorSi,Embalagem de 390 g,"1,79 €","2,29 €/Kg"
Cueca incontinência para Adultos Ausonia Tamanho Gra...,Lindor,Embalagem de 14 unidades,"9,99 €","9,99 €/Unidade"
Panda cucu 31 cm,Panda,1 unidade,"11,99 €/Unidade","11,99 €/Unidade"
Limpa madeiras com sabão,PorSi,1.5 litros,"4,39 €","14,63 €/L"
Salsa folhas,PorSi,Embalagem de 10g,"0,20 €","0,20 €/Kg"
30 cápsulas super rendimento,PLANTANATU,Embalagem de 1 unidades,"7,59 €","126,50 €/Kg"
Queijo Cabra Curado Rústico com pimentão,Palhais,Vendido ao peso a partir de 250 gr,"1,89 €","10,50 €/Kg"
Tablete de chocolate amendoim,Nestle,Embalagem de 90 g,"10,52 €/Kg","10,52 €/Kg"
Perfume de Mulher Rosa,VICTORIO & LUCCHINO,150 ml,"11,99 €","79,93 €/L"
Eau de Toilette p/Senhora Nº42,Caravan,1 Frasco 150ml,"11,99 €","79,93 €/L"
Salsichão fuet caseiro peru,Elpozo,Embalagem de 150g,"1,35 €","16,88 €/Kg"
Ração seca mix para cão adulto,PorSi,Embalagem de 20 kg,"1,15 €/Kg","1,15 €/Kg"
Cereais petalas chocolate,PorSi,Embalagem de 625g,"5,07 €/Kg","5,07 €/Kg"
Óleo Protector FPS 20,Ambre Solaire,Embalagem de 150 ml,"10,99 €","54,95 €/L"
Infusão tília,Cemporcent,Embalagem de 10 unidades,"0,79 €","60,77 €/Kg"
Pepino biológico,PorSi Bio,1 un = 300 g (aprox.),"0,54 €","1,79 €/Kg"
Bomba de mão de insuflar,Bestway,1 unidade,"4,49 €","4,49 €/Unidade"
Pão de forma especial torradas,Panrico,Embalagem de 750g,"0,99 €","1,65 €/Kg"
Tomate triturado,Compal,Embalagem de 500g,"3,69 €","23,06 €/Kg"
Lombos de pescada,PorSi,Embalagem de 400 g,"4,39 €","10,98 €/Kg"
Escova dentífrica infantil bambu,Colgate,1 unidade,"0,99 €","0,99 €/Unidade"
Batata doce frita,Maria Batata,embalagem de 100 g,"1,06 €","5,73 €/Kg"
Limpa Máquina Loiça Regular,Finish,,"2,99 €","2,99 €/Unidade"
Cobertura de tartes,Vahine,Embalagem de 20g,"1,49 €","18,17 €/Kg"
"Fiambre extra, fatias finas",PorSi,Embalagem de 150 g,"0,97 €","6,49 €/Kg"
"Borracha mini softy, pack de 3 unidades",Maped,1 embalagem,"2,49 €","2,49 €/Unidade"
Gelatina de laranja,PorSi,Embalagem de 170g,"61,11 €/Kg","61,11 €/Kg"
Mistura de frutos exóticos,PorSi,Embalagem de 450 g,"2,99 €","3,99 €/Kg"
"Refrigerante com gás cola zero sem cafeína, mini lat...",Coca-Cola,pack 12 x 0.15 l,"0,40 €/L","0,40 €/L"
Bolachas shortcake,PorSi,Embalagem de 233 g,"1,69 €","6,76 €/Kg"
Bicarbonato de sódio,PorSi,Embalagem de 500 g,"1,79 €","2,39 €/L"
Líquido wc duraguard pinho da montanha,Harpic,Garrafa de 750 ml,"1,79 €","2,39 €/L"
Vinho regional tejo 3 castas branco,Fiuza,Garrafa de 750 ml,"3,99 €","5,32 €/L"
Carne Cozer s/ Osso,Novilho,1 un = 500 gr (aprox.),"3,29 €","8,23 €/Kg"
Cereais Corn Flakes Original,Kellogg's,Embalagem de 380g,"1,49 €","2,98 €/Kg"
"Sacos para sandes, 100 unidades",PorSi,1 embalagem,"1,11 €","1,11 €/Unidade"
Leite Meio Gordo sem Lactose,Mimosa,Pack 4 x 200 ml,"0,81 €","0,81 €/L"
Aguarelas 30mm x 12,Giotto,1 unidade,"3,09 €","3,09 €/Unidade"
Iogurte sólido sem lactose morango,Mimosa,Embalagem de 480g,"1,87 €","1,25 €/Kg"
Azeite Subtil,Gallo,Garrafa de 2 l,"3,19 €","4,25 €/L"
Luvas Comfort Extra S/M,Vileda,1 unidade,"3,99 €","3,99 €/Unidade"
Special k choco,Kellogg's,Embalagem de 375g,"1,49 €","2,98 €/Kg"
Cognac VSOP,Rémy Martin,"Garrafa de 0.70 l, com caixa","11,49 €","11,49 €/L"
vinho do Porto Ruby,Velhotes,"garrafa de 0,75 l","6,65 €/L","6,65 €/L"
"Loção Solar Spray, SPF15",Cabana Sun,Embalagem de 200 ml,"16,99 €","84,95 €/L"
Rolo de cozinha extra seco 6 rolos = 9 rolos,Colhogar,Embalagem com 6 un.,"4,99 €","4,99 €/Unidade"
Queijo de cabra curado,PorSi,Embalagem de 2x100 g,"1,89 €","10,50 €/Kg"
Iogurte líquido danonino morango,Danone,Embalagem de 4 x 100 g,"1,05 €","1,86 €/L"
Queijo Curado Amanteigado,Quinta do Convento,Vendido ao peso a partir de 250 g,"25,45 €/Kg","25,45 €/Kg"
Pringles original,Pringles,Embalagem de 175g,"1,06 €","5,73 €/Kg"
Iogurte natural magro sem lactose,Mimosa,Embalagem de 4x 120 g,"0,99 €","1,32 €/Kg"
Piccolinis frankfurt,Buitoni,Embalagem de 270g,"1,96 €","5,60 €/Kg"
Geleira de 30 litros + 3 acumuladores,Atlantic,1 conjunto,"2,99 €","2,99 €/Unidade"
"Iogurte batido natural, biológico",Mimosa,Embalagem de 460g,"2,99 €","5,98 €/Kg"
Piaçaba com suporte,PorSi,1 unidade,"2,99 €","6,64 €/Kg"
Comida húmida para cão de vaca e frango,PorSi,Lata de 400 g,"2,30 €/Kg","2,30 €/Kg"
Ketchup top down,Calve,Embalagem de 550g,"0,70 €","2,33 €/Kg"
Tamaras,PorSi,Embalagem de 200g,"0,99 €","4,95 €/Kg"
Bolachas maria,PorSi,Embalagem de 800g,"2,11 €/Kg","2,11 €/Kg"
Multi vitaminas 50+,PLANTANATU,Embalagem de 1 unidades,"7,59 €","126,50 €/Kg"
"Groselha, Categoria ll",Fruta do Dia,Embalagem de 125 g,"2,19 €","17,52 €/Kg"
Lentilhas verdes,Cemporcent,Embalagem de 500g,"1,19 €","2,38 €/Kg"
Flakes,Cuetara,Embalagem de 500g,"5,07 €/Kg","5,07 €/Kg"
Gelado carte d'or yogurt & forest fruit,Olá,Embalagem de 900 ml,"6,79 €","14,76 €/L"
Porto 10 anos,Velhotes,Garrafa de 0.75 l,"10,99 €","14,65 €/L"
Iogurte pedaços frutas variadas,PorSi,Embalagem de 16 x 125 g,"4,36 €","2,18 €/Kg"
Lâmpada LED Forma Esférica 25W E27,Domédia,1 un.,"3,89 €","3,89 €/Unidade"
Costeletas do Lombo,Porco,Vendido ao peso a partir de 1 kg,"3,99 €","3,99 €/Kg"
Licor Jagermeister,JAGERMEIST,Garrafa de 700 ml,"16,99 €","24,27 €/L"
Cerveja c/ álcool branca,Franziskan,Garrafa de 500 ml,"1,99 €/L","1,99 €/L"
Queijo limiano amanteigado vaca e ovelha sem casca o...,Limiano,Embalagem de 450g,"25,45 €/Kg","25,45 €/Kg"
Cuecas Incontinência Maxi Grande,Lindor,Embalagem com 14 un.,"9,99 €","9,99 €/Unidade"
Ambientador Anti-Tabaco,Ambipur,1 un.,"1,99 €","1,99 €/Unidade"
Bolacha diet nature 5 cereais,Gullon,Embalagem de 220g,"2,82 €","9,40 €/Kg"
Vela com número nº 5,PorSi,1 unidade,"0,95 €","0,95 €/Unidade"
Lombo curado fatiado,PorSi,100 g,"2,49 €","16,60 €/Kg"
Special k aveia mel,Kellogg's,Embalagem de 420g,"1,49 €","2,98 €/Kg"
Cordon bleu,PorSi,Embalagem de 1 kg,"3,53 €","8,83 €/Kg"
Lula cortada da patagónia,Pescanova,Embalagem de 400g,"5,49 €","6,86 €/Kg"
Pilha alcalina classic lr03x8,Domédia,1 unidade,"1,99 €","1,99 €/Unidade"
Bacalhau a bras,PorSi,Embalagem de 300g,"1,64 €","6,56 €/Kg"
Roupão banho criança rosa,PorSi,28 x 48 cm,"4,99 €/Unidade","4,99 €/Unidade"
Bacalhau à Brás,PorSi,Embalagem de 1 kg,"1,64 €","6,56 €/Kg"
Recarga Ambientador Automático Sparkling Citrus,PorSi,Embalagem de 250 ml,"5,99 €","23,96 €/L"
Doce de morango 60% fruta,Cemporcent,Embalagem de 280g,"5,99 €","19,97 €/Kg"
Agarro o Coco,Games,,"9,99 €/Unidade","9,99 €/Unidade"
Queijo de Cabra Curado Rústico,Palhais,Vendido ao peso a partir de 250 gr,"1,89 €","10,50 €/Kg"
Prepar arroz marisco sem gluten cv 0.8kg,Brasmar,Embalagem de 800g,"1,64 €","6,56 €/Kg"
Palitos redondos,PorSi,Embalagem de 250 unidades,"1,50 €","1,50 €/Unidade"
"Hamburguers de vaca, 4x80g",PorSi,Embalagem de 320 g,"2,79 €","8,72 €/Kg"
Creme abrasivo original,Cif,Garrafa de 700 ml,"0,99 €","0,99 €/L"
Croissant recheado de cacau/avelã,PorSi,Embalagem de 315g,"2,05 €","5,13 €/Kg"
Cerveja c/ álcool radler,Sagres,pack 6 x 0.33 l,"1,59 €","3,18 €/L"
"Escova dentífrica infantil, minions, + 6 anos",Colgate,1 + 1 unidade grátis,"0,99 €","0,99 €/Unidade"
Eau de Toilette p/Senhora Nº22,Caravan,1 Frasco 150ml,"11,99 €","79,93 €/L"
Parmigiano reggiano em lascas dop,*,Embalagem de 80g,"1,59 €","6,36 €/Kg"
Tira nódoas em spray cores,Neoblanc,Embalagem de 700 ml,"10,99 €","52,33 €/Kg"
Salted caramel,Haagen daz,Embalagem de 460 ml,"6,79 €","14,76 €/L"
Queijo Mozzarela Mini Bolas,Galbani,Embalagem de 150 g,"7,45 €/Kg","7,45 €/Kg"
Café solúvel gold,PorSi Select,Embalagem 100G,"14,50 €/Kg","14,50 €/Kg"
Queijo são jorge dop,PorSi Select,Embalagem de 400g,"2,42 €","9,69 €/Kg"
Maçã Golden 70+ Económica,Fruta do Dia,1 un = 170 gr (aprox.),"0,34 €","2,29 €/Kg"
Puré batata doce,PorSi,Embalagem de 750g,"1,99 €","6,63 €/Kg"
Pão forma fatiado sem glúten,Cemporcent,Embalagem de 390g,"1,34 €","5,96 €/Kg"
Guardanapos com riscas azuis | Dim.: 33 x 33 cm,PorSi,Embalagem com 20 unidades,"1,28 €","1,28 €/Unidade"
Yaos iogurte grego natural,Nestle,Embalagem de 4x110g,"0,99 €","1,98 €/Kg"
Anti-embaciante,PorSi,Embalagem de 250 ml,"3,99 €","0,80 €/L"
Spray wc active clean citrus & waterlilly,Ambipur,750 ml,"1,79 €","2,39 €/L"
Schär bolacha chocolate o´s sem glúten,Schar,Embalagem de 165g,"1,45 €","11,15 €/Kg"
Gelado menta & chocolate,PorSi,embalagem de 1 l,"6,79 €","14,76 €/L"
Whisky Malt c/ Tubo,Glen Crinan,Garrafa de 0.70 l,"11,49 €","16,41 €/L"
Pérolas de perfume unstoppables fresh,Lenor,Embalagem de 210g,"10,99 €","52,33 €/Kg"
Banana biológica cintada Categoria: II,*,Vendido ao peso,"0,40 €","1,99 €/Kg"
Vinagre de vinho branco envelhecido,PorSi,Garrafa 250ML,"0,35 €","0,70 €/L"
Clementinas,Fruta do Dia,1 un = 100 gr (aprox.),"0,27 €","1,09 €/Kg"
Guardanapos brancos 30x30 cm,PorSi,Embalagem com 100 unidades,"1,28 €","1,28 €/Unidade"
Galão enriquecido com cálcio,Ucal,Embalagem de 600 ml,"1,99 €","2,49 €/L"
Hamburgueres de porco,Capitão Iglo,Embalagem de 300g,"2,79 €","8,72 €/Kg"
4 Salsichas de porco,PorSi,Embalagem de 500 g,"0,30 €","5,99 €/Kg"
Cereais cruesli frutos secos,Quaker,Embalagem de 380g,"2,29 €","6,11 €/Kg"
Escova de Dentes Júnior,Aquafresh,1 unidade,"0,99 €","0,99 €/Unidade"
Frutose,Cemporcent,Embalagem de 250g,"1,19 €","2,38 €/Kg"
Naperon redondo 35 cm,PorSi,Embalagem com 6 unidades,"0,89 €","0,89 €/Unidade"
Crepe chocolate,PorSi,Embalagem de 540g,"2,19 €","6,64 €/Kg"
Tomate pelado,Guloso,Embalagem de 800g,"3,69 €","23,06 €/Kg"
Veiculo Hot wheels,Hot Wheels,1 unidade,"10,99 €","10,99 €/Unidade"
Farinha láctea,PorSi,Embalagem de 1 kg,"4,49 €","4,49 €/Kg"
Fatia de salame de chocolate,PorSi,Embalagem 60G,"2,05 €","5,13 €/Kg"
Sabonete líquido Marselha e Azeitona,Labell,Embalagem de 500 ml,"2,18 €/L","2,18 €/L"
"Palmilha de cortiça com latex, tamanho 40/41",Sonaf,1 unidade,"5,49 €","36,60 €/L"
Fralda Cueca Activity Extra Tamanho 6,Dodot,Embalagem com 37 uni.,"14,99 €","14,99 €/Unidade"
Champô 3 em 1 karpex,Vanish,950 ml,"1,79 €","2,39 €/L"
Bolachas integrais,PorSi,Embalagem de 200g,"1,14 €","3,80 €/Kg"
"Escargots recheio de manteiga, salsa e alho",PorSi Select,89 g,"1,99 €","6,63 €/Kg"
Clara de ovo liquida pasteurizada,Dovo,1 kg,"2,19 €","2,19 €/Unidade"
Doce de tomate adoçado com xarope de milho,Cemporcent,Embalagem de 240g,"5,99 €","19,97 €/Kg"
Água s/ Gás,Serra de Fafe,Garrafa 6L,"1,04 €","0,17 €/L"
Loção Solar Bronzeadora Cenoura FP6,Nivea Sun,Embalagem de 200 ml,"10,99 €","54,95 €/L"
Café solúvel descafeinado,PorSi,Embalagem de 100G,"14,50 €/Kg","14,50 €/Kg"
Máscara snorkel com suporte para câmara,JCN,1 unidade,"34,99 €","34,99 €/Unidade"
Especialidade soja baunilha,PorSi Viva Bem,Embalagem de 4 x 100 g,"3,09 €","6,18 €/Kg"
Lay's sal mpk 6x30g,Lay's,Embalagem de 180g,"1,06 €","5,73 €/Kg"
Elixir oil,Gliss,Embalagem de 75 ml,"1,06 €","5,30 €/L"
Especialidade de soja natural,PorSi Viva Bem,Embalagem de 4 x 100 g,"3,09 €","6,18 €/Kg"
"Vela em número, nº 7",PorSi,1 unidade,"0,95 €","0,95 €/Unidade"
"Guardanapos brancos, 33x33cm, 2 folhas",PorSi,Embalagem com 100 unidades,"1,28 €","1,28 €/Unidade"
Palitos super finos,PorSi,Embalagem de 85 unidades,"1,50 €","1,50 €/Unidade"
Adoçante com doseador,PorSi,Embalagem de 66g,"5,49 €","21,96 €/Kg"
Mousse chocolate branco,Alsa,Embalagem de 133g,"0,79 €","5,27 €/Kg"
Cueca Incontinência Boutique Plus M,Ausonia Discreet,Embalagem de 9 Un.,"9,99 €","9,99 €/Unidade"
Queijo vaca e ovelha s. penela,Serqueijos,Embalagem de 500g,"7,49 €","16,64 €/Kg"
Joya bebida de aveia 0% açúcares uht,Joya,Garrafa de 1 l,"2,19 €","2,19 €/L"
Snack gato frango/queijo,PorSi,Embalagem de 60g,"0,99 €","16,50 €/Kg"
Colheres,Pommette,4 unidades,"5,99 €","5,99 €/Unidade"
Cereais chocapic,Nestle,Embalagem de 375 g,"5,07 €/Kg","5,07 €/Kg"
Sardinhas,PorSi,embalagem com 1 kg,"4,39 €","10,98 €/Kg"
Intensificador de perfume em gel para a roupa romanc...,Quanto,300 ml,"7,99 €","19,02 €/Kg"
Água mineral natural alcalina,MONCHIQUE,1.5 l,"1,04 €","0,17 €/L"
Tostas de trigo,PorSi,Embalagem 225G,"2,39 €","6,83 €/Kg"
Perfume de Mulher Jasmim,VICTORIO & LUCCHINO,150 ml,"11,99 €","79,93 €/L"
Camarao vannamei 40/48,Pescanova,Embalagem de 800G,"8,99 €","25,69 €/Kg"
Emulsão p/ higiene intima sensitive,Dystron,Embalagem com 200 ml,"4,69 €","18,76 €/L"
Hambúrguer de caril 2x80g,Veg In,Embalagem de 160g,"2,09 €","8,36 €/Kg"
Leite uht magro,Mimosa,Embalagem de 200 ml,"0,81 €","0,81 €/L"
Esponja brilho preto,Búfalo,1 embalagem,"2,25 €","45,00 €/L"
Bebida láctea crescimento 1 a 3 anos,Nestle,Embalagem de 1 litro,"0,26 €","1,30 €/L"
Magnum mini 3 chocolates,Olá,Embalagem de 6 x 55 ml,"5,99 €","16,64 €/L"
Super pequeno almoço instantâneo de curcuma e abóbor...,Origensbio,Embalagem de 300 g,"2,89 €","6,42 €/Kg"
Queijo de vaca/ovelha penela,Serqueijos,Embalagem de 250 g,"7,49 €","16,64 €/Kg"
Cogumelos laminados,*,Embalagem de 250g,"1,79 €","5,97 €/Kg"
Gel Íntimo Fresh,Corine de Farme,Embalagem de 250 ml,"4,69 €","18,76 €/L"
"Frigideira anti-aderente, 20cm",PorSi,1 unidade,"9,99 €/Unidade","9,99 €/Unidade"
Garrafão térmico,Polisur,Cap.: 5 litros,"4,49 €","4,49 €/Unidade"
"Esferográfica cristal, 5 Uni",Bic,1 unidade,"2,49 €","2,49 €/Unidade"
"Luvas multiusos relevo antiderrapante, tamanho grand...",PorSi,Embalagem de 1 unidades,"3,99 €","3,99 €/Unidade"
Pasta dentífrica herbal,Colgate,Embalagem de 75 ml,"2,29 €","30,53 €/L"
Rolo de Cozinha Multi,Renova,4 Rolos,"4,99 €","4,99 €/Unidade"
Bolacha de água e sal júnior,Vieira,Embalagem de 160g,"1,89 €","15,75 €/Kg"
Moscatel de Setúbal 20 anos,Alambre,Garrafa de 0.50 l,"5,99 €","7,99 €/L"
Batata Doce,Legumes do Dia,1 un = 250 gr  (aprox.),"0,25 €","0,99 €/Kg"
Recargas ambientador elétrico sensual sandalwood & j...,Glade,Embalagem de 2 x 20 ml,"5,99 €","23,96 €/L"
Collant mousse preta 20D,PorSi,Tamanho: M,"1,99 €","1,99 €/Unidade"
Toalha em rolo papel verde,PorSi,1 Unidade,"3,45 €","3,45 €/Unidade"
"Luva Nitrilica, anti-Deslizante, Nr.10",Itools,1 unidade,"4,99 €","4,99 €/Unidade"
Gelatina de manga,Koala,Embalagem de 130g,"0,85 €","2,13 €/Kg"
Café Descafeinado,Nescafe,Embalagem de 100g,"1,59 €","6,36 €/Kg"
DJ Bouncin'beats Interativo c/ Luzes,Fisher-Price,1 unidade,"11,99 €/Unidade","11,99 €/Unidade"
Iogurte liquido proteína yopro morango/framboesa,Yopro,300 g,"1,17 €","1,83 €/Kg"
Copo de porcelana com tampa,Item,Cap.: 360 ml,"4,99 €","4,99 €/Unidade"
Açúcar branco em saquetas,Rar,Embalagem com 170 saquetas,"1,49 €","1,49 €/Kg"
Balde do Lixo C/ Tampa e Pedal,Fapil,1 un.,"17,00 €","17,00 €/Unidade"
Sanduiche Good4me Frango,Snock,130 g,"0,65 €","0,65 €/Unidade"
Sal marinho grosso,Vatel,Embalagem de 1 kg,"0,20 €","0,20 €/Kg"
"Escova de cabelo, pneumática javali",Labell,Uma unidade,"2,19 €","2,19 €/Unidade"
Mistura para coelhos,Rac.zezere,Embalagem de 5 kg,"2,49 €","2,49 €/Kg"
Frango inteiro com miúdos,PorSi,Embalagem com 1.4 kg (aprox.),"1,05 €","2,99 €/Kg"
Cerveja c/ álcool,Super Bock,pack 24 x 0.20 l,"1,99 €/L","1,99 €/L"
5 douradinhos rústicos,Capitão Iglo,Embalagem de 300g,"1,64 €","6,56 €/Kg"
Pão de Ló Tradicional,Pastelaria do Dia,1Kg,"8,99 €","11,24 €/Kg"
Balde de Limpeza com Espremedor,PorSi,unidade,"17,00 €","17,00 €/Unidade"
Pimentão doce saqueta,PorSi,Embalagem de 50 g,"0,20 €","0,20 €/Kg"
Spray desinfetante cozinha,Lysol,Embalagem de 500 ml,"0,79 €","0,79 €/L"
Óleo de girassol,PorSi,garrafa de 1 litro,"3,39 €","3,39 €/L"
10 saquetas infusão de camomila,Lipton,Embalagem de 10g,"0,79 €","60,77 €/Kg"
Barras fitness com chocolate,Nestle,Embalagem de 140g,"3,45 €","26,74 €/Kg"
"Pudim zero flan 14,4g",Condi,Embalagem de 10g,"0,59 €","29,50 €/Kg"
Teclado musical,Panda,1 unidade,"11,99 €/Unidade","11,99 €/Unidade"
Iogurte natural sem lactose,PorSi Viva Bem,4 x 125 g,"0,99 €","1,98 €/Kg"
Crepe simples,PorSi,Embalagem de 630g,"2,19 €","6,64 €/Kg"
Aditivo Máquina Roupa em Pó Oxi action Pink,Vanish,420 g,"7,99 €","19,02 €/Kg"
Mix de Amendoins,Nuts Original,Embalagem de 150 g,"0,99 €","4,95 €/Kg"
Vela com número nº 9,PorSi,1 unidade,"0,95 €","0,95 €/Unidade"
Leite em pó crescimento 3 pro +,Nutriben,Embalagem de 800g,"20,99 €","26,24 €/Kg"
Chocolate sombrinhas,Regina,Embalagem de 15 g,"2,29 €","17,62 €/Kg"
Vinho tinto reg. alentejano bib 5l,Navegante,Garrafa 5L,"9,49 €","1,90 €/L"
Esfregona super completa,Vileda,1 unidade,"0,89 €","0,89 €/Unidade"
"Pães para hamburguer com sésamo, 4 unidades",Bimbo,embalagem de 220 g,"0,99 €","1,65 €/Kg"
Bol agua s. dose integral 186g,Vieira,Embalagem de 180g,"1,14 €","3,80 €/Kg"
Quiona tricolor bio,Origensbio,Embalagem de 250g,"1,89 €","3,78 €/Kg"
Tomilho - limão,PorSi,20 g,"0,89 €","17,80 €/Kg"
Faca Chefe 20 cm Preta,PorSi,1 unidade,"4,89 €","4,89 €/Unidade"
Quebrado massa folhada,Pasta dia,Embalagem de 300g,"0,99 €","4,30 €/Kg"
"Lustrante pneus, em pistola",Arbo,Embalagem de 1 l,"3,99 €","0,80 €/L"
Romã,Fruta da Época,1 un = 250 gr  (aprox.),"0,47 €","1,89 €/Kg"
"Engoma fácil, pistola",PorSi,Embalagem de 750 ml,"10,99 €","52,33 €/Kg"
Pensos diários maxi,Carefree,Embalagem com 64 unidades,"1,79 €/Unidade","1,79 €/Unidade"
Ameixa Vermelha,Fruta da Época,1 un = 250 gr  (aprox.),"0,36 €","2,39 €/Kg"
Desumidificador e Ambientador Mini,HUMYDRY,embalagem de 75g,"2,99 €","6,64 €/Kg"
Caramelo líquido,PorSi,Embalagem de 400g,"1,27 €","3,18 €/Kg"
Óleo Performa C3 5W30 Sintético,Galp,Embalagem de 5 l,"13,99 €","13,99 €/L"
Sobremesa Paturette Creamy Chocolate,Páturages,Embalagem de 4X115G,"1,19 €","2,59 €/Kg"
Iogurte liquido proteína yopro morango/framboesa,Yopro,300 g,"5,97 €/Kg","5,97 €/Kg"
Açorda de camarão,PorSi Select,Embalagem de 300g,"1,64 €","6,56 €/Kg"
Doce de morango,Casa de Mateus,Embalagem de 345g,"2,19 €","9,95 €/Kg"
Comida húmida para gato seleção de carnes,Gourmet mp,Embalagem de 300g,"3,49 €","10,26 €/Kg"
Caramelos de fruta,Penha,Embalagem de 250 g,"1,19 €","4,76 €/Kg"
Vinho branco tejo chardonnay,Fiuza,Garrafa de 750 ml,"3,99 €","5,32 €/L"
Leite de transição Optipro 2 +6 meses,NAN,Embalagem de 800g,"20,99 €","26,24 €/Kg"
Rolos de papel multiusos 2 folhas,PorSi,1 unidade,"4,99 €","4,99 €/Unidade"
Ambientador vela fresh berries,Glade,1 unidade com 129 g,"9,49 €","45,19 €/Kg"
Bolachas com pepitas de chocolate sem glúten,Schar,Embalagem de 200g,"4,60 €/Kg","4,60 €/Kg"
Escorrega para água,Bestway,"Dim.: 4,88 m","34,99 €","34,99 €/Unidade"
Cueca Incontinência Boutique Plus G,Ausonia Discreet,Embalagem de 8 Un.,"9,99 €","9,99 €/Unidade"
Champô cabelos pintados,Labell,Embalagem de 250 ml,"5,59 €","13,98 €/L"
Óleo 15w40,PorSi,Embalagem de 5 l,"13,99 €","13,99 €/L"
Bio fermento de padeiro,Vahine,Embalagem de 18g,"3,19 €","177,22 €/Kg"
Bacalhau com azeite e alho,PorSi Select,Lata de 120 g,"7,08 €/Kg","7,08 €/Kg"
Sumo natural de ananás bio,Cemporcent,Garrafa de 200 ml,"2,19 €","2,19 €/L"
Difusor elétrico sem fio para pastilhas,Ezalo,Embalagem de 1 unidades,"6,89 €","6,89 €/Unidade"
Moscatel de Setúbal,Bacalhoa,Garrafa de 750 ml,"5,99 €","7,99 €/L"
"Bloco sanitário, Blue Active Floral",Sonasol,Embalagem de 50 g,"2,99 €","74,75 €/Kg"
Café em grão,Delta,Embalagem de 1 kg,"9,16 €/Kg","9,16 €/Kg"
Cachaço c/ Osso,Porco,1 un= 500 gr (aprox.),"3,99 €","3,99 €/Kg"
Batata Roxa,Legumes do Dia,embalada - 10kg,"0,25 €","0,99 €/Kg"
Cordon bleu,PorSi,Embalagem de 4 x 125 g,"3,53 €","8,83 €/Kg"
Pensos Higiénicos Cottonlike Noite Alas,Evax,embalagem de 9 unidades,"4,89 €","4,89 €/Unidade"
"Lenços de bolso sensitive, brancos, 10 unidades",Renova,1 embalagem de 18x10,"0,89 €","0,89 €/Unidade"
Sumo 100% Fruta Laranja Espremida,Compal,1 litro,"1,09 €","0,73 €/L"
Polpa de manga,Koala,Embalagem de 450g,"3,79 €","6,65 €/Kg"
Collant mousse muskade 20D,PorSi,Tamanho: m,"1,99 €","1,99 €/Unidade"
Creepy Mix,Chupachups,Embalagem de 400g,"1,99 €","4,98 €/L"
Reptomin alimento para tartarugas,Tetra,Garrafa de 250 ml,"7,29 €","7,29 €/L"
Farinha de aveia integral,Cemporcent,Embalagem de 400g,"2,29 €","11,45 €/Kg"
"Fita Isoladora, 2 Rolos",Itools,1 unidade,"2,59 €","86,33 €/Kg"
"Tampão mini, 24 unidades",Labell,1 embalagem,"1,39 €","1,39 €/Unidade"
Cerveja 0.0%,Heineken,Pack 6 x 0.25 l,"5,99 €","3,03 €/L"
Lixívia tradicional,PorSi,Embalagem de 2 l,"1,74 €","0,35 €/L"
"Ambientador automático, fresh matic, pure",Air Wick,1 unidade,"3,49 €/Unidade","3,49 €/Unidade"
Iguarias Pota com Alho,Pitéu,Embalagem de 120 g,"7,08 €/Kg","7,08 €/Kg"
Pirassununga (38º),Cachaca 51,Garrafa de 700 ml,"16,49 €","23,56 €/L"
Experiências Fugas a Dois,Odisseias,,"49,90 €","49,90 €/Unidade"
Recarga sabonete líquido para as mãos de coco,Dove,500 ml,"2,18 €/L","2,18 €/L"
Milho doce,PorSi,Embalagem de 3 x 140 g,"1,79 €","2,29 €/Kg"
Massa pevide,Nacional,Embalagem de 250g,"0,89 €","1,78 €/Kg"
Saqueta pintarolas,Pintarolas,Embalagem de 40g,"11,98 €/Kg","11,98 €/Kg"
Lambrusco branco,Sorbello,Garrafa de 0.75 l,"6,89 €","9,19 €/L"
Sabao rosa e branco,PorSi,Embalagem de 400g,"0,99 €","2,48 €/Kg"
Sargo,Peixe do Dia,1 un=500 gr (aprox.),"5,99 €/Kg","5,99 €/Kg"
Sabonete sensitive,Palmolive,Embalagem de 4x90 g,"1,99 €","12,44 €/Kg"
Pudim abade de priscos,*,130 ml,"1,79 €","12,79 €/L"
Baby Cubo Atividades,Baby Clementoni,1 unidade,"11,99 €/Unidade","11,99 €/Unidade"
1ª papa láctea multifrutos sem glúten +4 meses,Cerelac,Embalagem de 250g,"4,49 €","4,49 €/Kg"
Salsichas Frankfurt em lata,Izidoro,Embalagem de 120g,"0,75 €","3,75 €/Kg"
Alimento seco gato salmao 1.5k,Purina One,"Embalagem de 1,5 kg","12,99 €","4,33 €/Kg"
Perfume de Mulher Azahar,VICTORIO & LUCCHINO,150 ml,"11,99 €","79,93 €/L"
Whisky blended,Label 5,"Garrafa de 0,70 l","11,49 €","16,41 €/L"
Bebida de soja natural,Frias,Garrafa de 1 l,"2,19 €","2,19 €/L"
Cachaça,Velho do barreiro,Garrafa de 70 cl,"16,49 €","23,56 €/L"
Bacon Extra fatiado,Porminho,Embalagem 80g,"1,45 €","18,13 €/Kg"
"Iogurte eleva com fermentos naturais pêssego, cenour...",Mimosa,Embalagem de 4 x 115 g,"5,97 €/Kg","5,97 €/Kg"
Morcela de Sousel,PorSi,1 un = 450 gr (aprox.),"1,49 €","7,45 €/Kg"
Bolachas extra pepitas xl,Ca!,Embalagem de 180g,"2,15 €","2,87 €/Kg"
Pensos diários maxi cotton aloé,Carefree,Embalagem com 30 unidades,"1,79 €/Unidade","1,79 €/Unidade"
Queijo de cabra curado,Seia,Embalagem de 430g,"1,89 €","10,50 €/Kg"
Vinho Regional Lisboa Reserva | Tinto,Romeira,Garrafa de 750 ml,"3,99 €","5,32 €/L"
Sobremesa Paturette Caramelo,Páturages,Embalagem de 4x115g,"1,19 €","2,59 €/Kg"
Iogurte yoco squeezy de morango,Nestle,Embalagem de 4 x 80 g,"1,05 €","1,86 €/L"
Batata Branca Lavada,Legumes do Dia,Embalagem de 5 kg,"0,25 €","0,99 €/Kg"
Spray calcário e sujidade,Cillitbang,Garrafa de 500 ml,"1,19 €","0,79 €/L"
Papa infantil não láctea bolacha maria +6 meses,Cerelac,Embalagem de 250g,"4,49 €","4,49 €/Kg"
Biscoitos integrais sementes de agave,PorSi Viva Bem,Embalagem de 150g,"0,69 €","3,45 €/Kg"
Vinagre balsâmico modena,Gallo,Garrafa de 500 ml,"0,35 €","0,70 €/L"
Espumante cava meio seco reserva,Freixenet,Garrafa de 750 ml,"6,99 €","9,32 €/L"
Aguardente velhíssima,Caves Bonifácio,Garrafa de 0.70 l,"12,79 €","18,27 €/L"
Mini tostas de trigo,Diatosta,Embalagem de 350 g,"2,39 €","6,83 €/Kg"
Iogurte activia líquido 0% morango/kiwi,Danone,Embalagem de 4 x 155 g,"2,79 €","6,07 €/Kg"
Pão de forma sem côdea 9 cereais,Panrico,Embalagem de 480g,"0,99 €","1,65 €/Kg"
Mini tostas trigo super finas,PorSi,Embalagem de 100 g,"2,39 €","6,83 €/Kg"
Bebida de Amêndoa,PorSi Viva Bem,1 litro,"2,19 €","2,19 €/L"
Mix cogumelos para carne,*,200 g,"1,79 €","5,97 €/Kg"
Borrego Leite Inteiro/Metades,Programa Origens Premium,,"3,29 €","8,23 €/Kg"
Batata frita palha,PorSi,Embalagem de 500g,"0,87 €","5,44 €/Kg"
Doce de alperce ligth,Paquito,Embalagem de 335g,"4,39 €","17,56 €/Kg"
Gelatina morango 10kcal,Royal,Embalagem de 30g,"61,11 €/Kg","61,11 €/Kg"
Twins,Gullon,pack 2 x 154 g,"0,79 €","4,49 €/Kg"
Barras de cereais frosties,Kellogg's,Embalagem de 150g,"1,29 €","10,24 €/Kg"
"Chocolate m&m s, amendoim",M&m' s,Embalagem de 45 g,"11,98 €/Kg","11,98 €/Kg"
Bolo de chocolate brownie,Milka,Embalagem de 150g,"1,39 €","6,95 €/L"
Café Solúvel Black Roast,Nescafe,Embalagem de 200g,"14,50 €/Kg","14,50 €/Kg"
Recargas de esfregão com cabo,Fino,embalagem com 3 un.,"2,54 €","2,54 €/Unidade"
"Jogo de Viagem, Cluedo",Hasbro,,"6,99 €","6,99 €/Unidade"
Cerveja com álcool,Sagres,Garrafa de 1 l,"1,99 €/L","1,99 €/L"
Café espresso descafeinado intensidade 6,PorSi,16 cápsulas,"1,59 €","6,36 €/Kg"
Gel de Banho Shea Butter & Vanilla,Dove,Embalagem de 750 ml,"6,49 €","8,65 €/L"
Flocos de aveia finos s/g bio 400g,Seara,Embalagem de 400g,"0,68 €","1,70 €/Kg"
Néctar clássico tutti frutti,Compal,Garrafa de 200 ml,"0,99 €","0,99 €/L"
Vinho branco,PorSi,Bag-in-box de 5 litros,"0,85 €/L","0,85 €/L"
Loção After sun,Cabana Sun,Embalagem de 200 ml,"9,99 €","49,95 €/L"
"Refrigerante com gás cola, mini lata",Coca-Cola,pack 12 x 0.15 l,"0,40 €/L","0,40 €/L"
Zero snack 35 g chocolate duplo,Prozis,Embalagem de 40g,"0,68 €","1,70 €/Kg"
Molho bechamel,PorSi,Embalagem de 500 ml,"0,69 €","3,45 €/L"
Cajus tostados no forno,Matutano,Embalagem de 90g,"0,79 €","7,90 €/Kg"
Pão da Avó 90 g,Pão do Dia,,"0,19 €","2,38 €/Kg"
Bolacha integral doce,Vieira,Embalagem de 180g,"1,14 €","3,80 €/Kg"
Pão ralado alho e salsa,PorSi,Embalagem de 240 g,"0,55 €","2,29 €/Kg"
Elixir Bocal ProExpert Proteção Profunda,Oral B,Embalagem de 500 ml,"5,89 €","11,78 €/L"
Maçã Jonagored 70+,Fruta do Dia,1 un = 150 gr (aprox.),"0,34 €","2,29 €/Kg"
Rebuçados de mentol,Sweet flav,Embalagem de 250 g,"0,77 €","3,85 €/Kg"
Kefir natural,Vigor,Garrafa de 800 ml,"1,09 €","1,09 €/L"
Aroma de limão,Vahine,Embalagem de 20g,"1,49 €","18,17 €/Kg"
Gelatina pronta a comer light 10 kcal ananás,Royal,Embalagem de 4 x 100 g,"0,85 €","2,13 €/Kg"
Repelente de água,PorSi,Embalagem de 250 ml,"3,99 €","0,80 €/L"
Manteiga magra baixo teor sal,President,Embalagem de 250g,"1,69 €","6,76 €/Kg"
Snack bio base de milho e aveia c/ amendoim,Gerber,Embalagem de 35g,"1,89 €","9,95 €/Kg"
Pão Forno Pedra Centeio,Garcia & Filhos,1 un = 400 g (aprox.),"0,19 €","2,38 €/Kg"
Napolitas creme baunilha,PorSi,Embalagem de 320g,"2,05 €","5,13 €/Kg"
"Loção Tropical Spray, SPF15",Cabana Sun,Embalagem de 150 ml,"16,99 €","84,95 €/L"
Polpa de maracuja,PorSi,Embalagem de 565g,"1,99 €","2,37 €/Kg"
Mix de sementes tradicional,Cemporcent,Embalagem de 250g,"1,19 €","2,38 €/Kg"
Bagas de goji,Salutem,Embalagem de 100g,"2,29 €","11,45 €/Kg"
"Creme de dia, age perfect",L'oreal,Embalagem de 50 ml,"2,99 €","59,80 €/L"
Gelatina de coco origem vegetal,Koala,Embalagem de 130g,"0,85 €","2,13 €/Kg"
Moscatel do douro aperitivo,Favaito,pack: 10 x 55 ml,"5,99 €","7,99 €/L"
"Aditivo líquido para máquina  de lavar roupa, oxy5",X-TRA,"Embalagem de 1,2 l","8,49 €","1,80 €/Kg"
Tomilho,PorSi,20 g,"0,89 €","17,80 €/Kg"
Kit escovas de dentes,Tigex,1 conjunto,"2,29 €","2,29 €/Unidade"
Farinha nao láctea bolacha maria,PorSi,Embalagem de 250g,"4,49 €","4,49 €/Kg"
Bolachas crackers c/ sal,Du bois,Embalagem de 500g,"0,39 €","3,12 €/Kg"
Queijo Serra da Estrela DOP,Queijo Lagos,Vendido ao peso,"4,62 €","18,49 €/Kg"
Espuma Irresistível Volume,Tresemmé,Embalagem de 200 ml,"3,99 €","53,20 €/L"
Red Berries,Faisão,Garrafa de 0.75 l,"1,99 €","1,33 €/L"
Escova de Dentes Flex Interdental,Aquafresh,2 + 1 unidades,"3,49 €","3,49 €/Unidade"
Nata uht,PorSi,Embalagem de 200 ml,"0,69 €","3,45 €/L"
Luvas Multilatex M/L,Vileda,Embalagem com 100 un.,"3,99 €","3,99 €/Unidade"
Fraldas Activity Extra T5 |13-19 kg,Dodot,48 Unidade,"5,89 €","5,89 €/Unidade"
10 nuggets peito de frango e queijo,Capitão Iglo,Embalagem de 210g,"2,79 €","8,72 €/Kg"
Vinho tinto regional tejo reserva,Alorna,Garrafa de 0.75 l,"3,99 €","5,32 €/L"
Leite de coco light biológico,Origensbio,Garrafa de 400 ml,"0,99 €","0,99 €/L"
Saqueta Correio Verde C4 M,*,5 un.,"1,95 €","97,50 €/L"
Conjunto Molok,Koopman,4 bancos + Mesa,"5,99 €","5,99 €/Unidade"
Salsichão Nobreza,Elpozo,vendido ao peso,"1,35 €","16,88 €/Kg"
Bebida aveia sem açúcar,Alpro,Embalagem de 1 l,"2,19 €","2,19 €/L"
Massa folhada,Pasta dia,Embalagem de 230g,"0,99 €","4,30 €/Kg"
Vinho maduro branco,C.da eira,Garrafa de 1 l,"0,85 €/L","0,85 €/L"
Batata pré-frita mediterranean,MCCAIN,Embalagem de 750g,"1,39 €","1,39 €/Kg"
Pasta de atum,Fides,Embalagem de 90g,"1,19 €","13,52 €/Kg"
Snack para gato anti-hairball,Whiskas,Embalagem de 60g,"0,99 €","16,50 €/Kg"
Tostas suecas tradicionais,Bimbo,embalagem de 234 g,"2,39 €","6,83 €/Kg"
Spray tira gorduras,PorSi,Embalagem de 750 ml,"1,29 €","1,72 €/L"
Saco Carvão Vegetal,Forgrill,Uma unidade,"0,75 €","0,75 €/Unidade"
Senses Tropical,Trident,1 un.,"0,22 €","14,67 €/Kg"
5 manhãzitos,Bollycao,Embalagem com 175 g,"2,05 €","5,13 €/Kg"
Dawnut de chocolate,Pastelaria do Dia,1 unidade = 60 g,"0,69 €","0,69 €/Unidade"
Pratos para pic nic 19 cm azuis,PorSi,Embalagem com 6 unidades,"4,49 €","4,49 €/Unidade"
Livro Quero Conhecer o Meu Mundo,Europrice,1 unidade,"7,50 €/Unidade","7,50 €/Unidade"
Queijo roquefort,Páturages,Embalagem de 150 g,"2,39 €","11,95 €/Kg"
Cream cracker 200g,JACOB'S,Embalagem de 200g,"0,39 €","3,12 €/Kg"
Palito fry n' dip,MCCAIN,Embalagem de 500g,"1,39 €","1,39 €/Kg"
Collant opac micro 60d cast l,PorSi,Embalagem de 1 unidades,"1,99 €","1,99 €/Unidade"
Massa de pontinha grossa,Nacional,Embalagem de 250g,"0,89 €","1,78 €/Kg"
Iogurte activia natural,Danone,Embalagem de 4 x 120 g,"2,79 €","6,07 €/Kg"
Gelatina limão 10kcal,Royal,Embalagem de 30g,"61,11 €/Kg","61,11 €/Kg"
Creme p/ Calçado Preto,Búfalo,Embalagem de 40 ml,"0,99 €","19,80 €/L"
Gelatina morango 8 kcal,PorSi,Embalagem de 4 x 100 g,"0,85 €","2,13 €/Kg"
Queijo snack gouda,PorSi,Embalagem de 100g,"1,49 €","7,45 €/Kg"
Feijão frade,Compal,Lata de 410 ml,"1,79 €","2,29 €/Kg"
Mini Hambúrgueres Beterraba e Sementes de Linhaça Gr...,Iglo green,Embalagem de 270g,"1,99 €","6,63 €/Kg"
"Alimento húmido para gato +1 ano, sabor a aves",Whiskas,Embalagem de 400g,"3,49 €","10,26 €/Kg"
Verdinhos Pequenos,Peixe do Dia,1 un= 60 gr (aprox.),"5,99 €/Kg","5,99 €/Kg"
Toalhitas limpa moveis,PorSi,Embalagem de 24 unidades,"4,39 €","14,63 €/L"
Ração seca para gato adulto de peixe,PorSi,Embalagem 2 kg,"12,99 €","4,33 €/Kg"
Caracol com passas,*,90g,"0,69 €","0,69 €/Unidade"
Néctar vital equilíbrio frutos vermelhos,Compal,Garrafa de 200 ml,"0,99 €","0,99 €/L"
Tablete de chocolate culinário 70% negro,PorSi,Embalagem de 200 g,"16,67 €/Kg","16,67 €/Kg"
Posta de atum ao natural,PorSi,Embalagem de 120g,"7,08 €/Kg","7,08 €/Kg"
Óleo de coco extra virgem,Koala,Garrafa de 180 ml,"3,39 €","3,39 €/L"
Atum filete azeite biológico,Tenorio,Embalagem de 120g,"7,08 €/Kg","7,08 €/Kg"
Câmara,Baby Clementoni,1 unidade,"11,99 €/Unidade","11,99 €/Unidade"
Farinha sem fermento t65,PorSi,Embalagem de 5 kg,"1,99 €","1,99 €/Kg"
Faca chefe 20 cm madeira,PorSi,1 unidade,"4,89 €","4,89 €/Unidade"
Requeijão de ovelha,PorSi,Embalagem de 250g,"1,09 €","5,45 €/Kg"
"Alimento seco para cão, croquetes pro adulto",PorSi Select,Embalagem de 4 Kg,"1,15 €/Kg","1,15 €/Kg"
Mistura solúvel c/ 20% café granulado,PorSi,Embalagem de 200g,"0,99 €","3,96 €/Kg"
Vinho branco,PorSi,embalagem de  3X187 ml,"0,85 €/L","0,85 €/L"
Ambientador Arbre Cocktail de Frutos,Arbre Magique,3 unidade,"1,99 €","1,99 €/Unidade"
"Briquetes madeira, 12 unidades",Nova lenha,1 embalagem,"0,75 €","0,75 €/Unidade"
Vinho verde rosé,3 marias,Garrafa de 0.75 l,"3,09 €","3,09 €/L"
Coca-cola light,Coca-Cola,Garrafa de 1 l,"0,40 €/L","0,40 €/L"
2 Ligaduras elásticas,PorSi,4m x 6 cm,"2,86 €","2,86 €/Unidade"
Espumoso meio seco,Palacete,"Garrafa de 0,75 l","3,99 €","5,32 €/L"
Mini Tostas de Trigo,PorSi,Embalagem de 350 g,"2,39 €","6,83 €/Kg"
15 barrinhas pescada,Pescanova,Embalagem de 450g,"9,30 €/Kg","9,30 €/Kg"
Leite de coco,Koala,250 ml,"1,09 €","2,75 €/Kg"
Ração seca para cão croquetes pro júnior,PorSi Select,Embalagem de 3 Kg,"1,15 €/Kg","1,15 €/Kg"
Piscina c/ Guarda Sol,Bestway,Dim.: 140 x 140 cm,"34,99 €","34,99 €/Unidade"
Sal marinho integral,Cemporcent,Embalagem de 1 kg,"4,99 €","16,63 €/Kg"
"Batata frita, presunto",Ruffles,Embalagem de 80g,"5,84 €/Kg","5,84 €/Kg"
Bolachas vitalday recheio iogurte c/ frutos vermelho...,Gullon,Embalagem de 220g,"1,45 €","11,15 €/Kg"
Chocolate cereali 4 barritas,Kinder,Embalagem de 940g,"2,29 €","17,62 €/Kg"
Snack Pro Dental XS,8in1,embalagem de 84g,"0,85 €","4,72 €/Kg"
Xarope de limão sem corantes,Paquito,Garrafa de 750 ml,"4,79 €","6,47 €/L"
Fósforos compridos para lareira,Quinas,1 unidade,"1,50 €","1,50 €/Unidade"
Muesli Frutas,PorSi,500 g,"6,95 €","6,95 €/Kg"
Feijão mung bio,Cemporcent,Embalagem de 250g,"1,19 €","2,38 €/Kg"
Salmão Fumado da Noruega,PorSi,Embalagem de 200 g,"3,35 €","22,33 €/Kg"
Alho picado,Margao,Embalagem de 60g,"0,20 €","0,20 €/Kg"
Tampão Super,O.B.,1 Embalagem c/32 unidades,"1,39 €","1,39 €/Unidade"
"Mesa viana, 90 branca",Joluce,1 unidade,"5,99 €","5,99 €/Unidade"
Perfume Happy,Rebel,100 ml,"11,99 €","79,93 €/L"
Ambientador elétrico pure clean linen + recarga,Glade,1 unidade,"3,49 €/Unidade","3,49 €/Unidade"
Bolachas marítimas clássicas,PorSi Viva Bem,Embalagem de 200g,"1,45 €","11,15 €/Kg"
Bolacha digestiva go canela,Triunfo,Embalagem de 170g,"1,14 €","3,80 €/Kg"
Bolachas Rosquilhas com Canela,Cuetara,Embalagem de 300g,"1,69 €","6,76 €/Kg"
Batatas Pré-fritas Rosti com Cebola,PorSi,Embalagem com 600 g,"1,39 €","1,39 €/Kg"
Gel de Banho Corpo e Cabelo Sensitive,Baby Dove,Embalagem de 400 ml,"1,99 €","1,99 €/Unidade"
"Alimento húmido para cão, molho",César,Embalagem de 4x100 g,"2,30 €/Kg","2,30 €/Kg"
Anti algas,Gre,1 litro,"34,99 €","34,99 €/Unidade"
Cookies sem glúten,Gullon,Embalagem de 200 g,"4,29 €","20,43 €/Kg"
Maçã Granny Smith 75/80,Programa Origens,1 un = 180 gr (aprox.),"0,34 €","2,29 €/Kg"
Espreguiçadeira malibu verde,Joluce,1 unidade,"34,99 €","34,99 €/Unidade"
Anti-Traças Papel 4 Seasons Floral,Raid,1 Embalagem c/12 unidades,"5,99 €","176,18 €/Kg"
Esponja autobrilhante,PorSi,3 g,"2,25 €","45,00 €/L"
"Spray bronzeador, pele molhada, SPF30",Cabana Sun,Embalagem de 200 ml,"10,99 €","54,95 €/L"
Gel Duche Men Active Clean,Nivea Men,Embalagem de 500 ml,"5,99 €","14,98 €/L"
Carte d'or cake romantica,Olá,Embalagem de 750 ml,"2,19 €","6,64 €/Kg"
Cubos gengibre (para mastigar),Cemporcent,Embalagem de 100g,"1,19 €","2,38 €/Kg"
Água mineral sem gás,Vitalis,Pack 6 x 1.5 l,"1,04 €","0,17 €/L"
Vinho tinto reserva região do dão,Carvalhais,Garrafa de 750 ml,"3,99 €","5,32 €/L"
Iogurte de morango sem lactose,PorSi Viva Bem,4 x 125 g,"1,87 €","1,25 €/Kg"
Iogurte líquido yoggi morango/banana,Nestle,Embalagem de 4 x 160 g,"1,17 €","1,83 €/Kg"
Queijo creme flamengo,President,Embalagem de 125 g,"4,39 €","10,98 €/Kg"
Colgate pasta de dentes sensation white 12x,Colgate,Garrafa de 75 ml,"2,99 €","39,87 €/L"
Creme depilatório para peles sensíveis,Labell,Embalagem de 200 ml,"10,99 €","73,27 €/L"
Manteiga amendoim cremosa,Calve,Embalagem de 350g,"4,19 €","12,32 €/Kg"
Nata para culinária ligeira,Mimosa,Embalagem de 200 ml,"0,69 €","3,45 €/L"
Cillit bang limpa vidros,Cillitbang,Garrafa de 500 ml,"3,19 €","6,38 €/L"
Rolo de Cozinha Touch 4D XL,Renova,Embalegem c/ 3 Rolos,"4,99 €","4,99 €/Unidade"
Pack 5 veículos sortidos,Hot Wheels,1 embalagem,"9,99 €/Unidade","9,99 €/Unidade"
Poejo,PorSi,20 g,"0,89 €","17,80 €/Kg"
Atum posta em azeite,PorSi,Embalagem de 120g,"7,08 €/Kg","7,08 €/Kg"
"Refrigerante sem gás, maracujá e la",Joi,"Garrafa de 1,5 l","0,99 €","0,66 €/L"
Morcela assar fundao,PorSi,Embalagem de 250g,"1,49 €","7,45 €/Kg"
Maçã Golden Premium,*,Calibre: 75/80,"0,34 €","2,29 €/Kg"
Bicicleta,Paw Patrol,"roda 12""","99,99 €/Unidade","99,99 €/Unidade"
Batido de café,Forma+,Embalagem de 700g,"3,99 €","39,90 €/Kg"
6 Preservativos Adapta Nature,Control,,"4,49 €","4,49 €/Unidade"
Sumo 100% laranja,Compal,1 litro,"1,09 €","0,73 €/L"
Panquecas de aveia c/ proteína pepitas chocolate,Prozis,Embalagem de 400g,"4,99 €","16,63 €/Kg"
Ambientador tealights canela,PorSi,embalagem com 18 unidades,"9,49 €","45,19 €/Kg"
Gogo SqueeZ Snack Maçã e Manga,Gogo,Embalagem de 90g,"2,29 €","6,94 €/L"
Spray power&shine multiusos c/ lixívia,Cif,Garrafa de 750 ml,"0,79 €","0,79 €/L"
20 saquetas chá de frutos silvestres,Lipton,Embalagem de 30g,"44,50 €/Kg","44,50 €/Kg"
Champô anti-caspa,Labell,Embalagem de 400 ml,"5,59 €","13,98 €/L"
Pudim de chocolate,PorSi,Embalagem de 110g,"0,59 €","29,50 €/Kg"
Puzzles Sereia / Lama,Olivo,60 peças,"9,99 €/Unidade","9,99 €/Unidade"
O cacau puro,Cemporcent,Embalagem de 200g,"2,29 €","11,45 €/Kg"
Ervilhas,Iglo,"Embalagem de 1,125 kg","1,89 €","1,89 €/Kg"
Pudim Rico em Proteína de Chocolate,Ehrmann,Embalagem de 200g,"1,19 €","2,59 €/Kg"
Vinho do Porto 10 anos,Cruz,"Garrafa de 0,75L c/ Caixa de Madeira","10,99 €","14,65 €/L"
Pensos de incontinência Maxi,Ausonia,Uma embalagem - 12Unidades,"1,95 €","1,95 €/Unidade"
Vinagre balsâmico modena,Gallo,Garrafa de 250 ml,"0,35 €","0,70 €/L"
Mesa caribe rattan antracite,Joluce,Dim.: 100 x 72 cm,"5,99 €","5,99 €/Unidade"
Limpa vidros azul,PorSi,Embalagem de 1 l,"3,99 €","0,80 €/L"
Queijo em fatias,Limiano,Embalagem de 400g,"1,49 €","7,45 €/Kg"
Laca volume,Nivea,Embalagem de 250 ml,"3,99 €","53,20 €/L"
Jaca em calda,Koala,Embalagem de 570g,"1,99 €","2,37 €/Kg"
Cocktail mango,Bar Royal,Garrafa de 750 ml,"6,99 €","9,32 €/L"
Suiss'fruits fruta 12x50g,PorSi,Embalagem de 600g,"1,05 €","1,86 €/L"
Pão forma cereais sem glúten,Schar,Embalagem de 300g,"2,99 €","7,97 €/Kg"
Cerveja com álcool,Sagres,"Embalagem de 0,33 l","1,99 €/L","1,99 €/L"
Iogurte sabor a coco,PorSi,Embalagem de 4 x 125 g,"1,87 €","1,25 €/Kg"
Multivitaminas de a a z (cápsulas),Forma+,Embalagem de 25g,"7,59 €","126,50 €/Kg"
Creme Depilatório Peles Sensíveis,Veet,Embalagem de 400 ml,"10,99 €","73,27 €/L"
Lava tudo brilhante madeiras,PorSi,Embalagem de 1.1 litros,"4,39 €","14,63 €/L"
Cachorrinho musical,Vtech Baby,1 unidade,"11,99 €/Unidade","11,99 €/Unidade"
Recargas ambientador elétrico relaxing zen,Glade,Embalagem de 2 x 20 ml,"5,99 €","23,96 €/L"
Maquina depilatório twin lady,Bic,Embalagem de 5 + 1 un.,"5,49 €","5,49 €/Unidade"
Magnum mini white mix,Olá,Embalagem de 6 x 55 ml,"5,99 €","16,64 €/L"
Spray limpa vidros,Ajax,Embalagem de 500 ml,"3,19 €","6,38 €/L"
Tostas suecas integrais,PorSi,Embalagem de 225 g,"2,39 €","6,83 €/Kg"
Bolacha com aveia,PorSi,Embalagem de 300 g,"1,14 €","3,80 €/Kg"
Creme de cozinha soja bio,Bjorg,Garrafa de 20 cl,"3,99 €","26,60 €/L"
Iogurte grego natural açucarado sem lactose,PorSi Viva Bem,Embalagem de 240g,"0,99 €","1,98 €/Kg"
Tablete de chocolate leite c/ avelãs,Milka,Embalagem de 270g,"10,52 €/Kg","10,52 €/Kg"
"Borracha mini softy, pack de 3 unidades",Maped,1 embalagem,"4,69 €","4,69 €/Unidade"
Iogurte líquido infantil morango e banana,PorSi,Pack 6 x 100 g,"1,17 €","1,83 €/Kg"
Sementes de girassol,PorSi Viva Bem,Embalagem de 200 g,"1,59 €","10,60 €/Kg"
Lençol ajustável 40x80 cm,PorSi,Embalagem de 1 unidades,"4,99 €/Unidade","4,99 €/Unidade"
Lip Gloss #500,Rimmel,1 unidade,"7,49 €","7,49 €/Unidade"
Creme vegetal soja,Planta,Embalagem de 250 gr,"1,39 €","6,95 €/L"
Recarga mopa 1.2 spray max,Vileda,1 unidade,"2,20 €","2,20 €/Unidade"
Red Fish,Peixe Congelado,300 a 500 g,"3,99 €/Kg","3,99 €/Kg"
Bolacha de caramelo,Snapy,Embalagem de 250g,"2,11 €/Kg","2,11 €/Kg"
Sopa de Cebola,PorSi,Embalagem de 62 g,"0,84 €","13,55 €/Kg"
Creme Depilatório Peles Sensíveis,Veet,Embalagem de 200 ml,"10,99 €","73,27 €/L"
Sementes de chia,PorSi Viva Bem,Embalagem de 150 g,"1,59 €","10,60 €/Kg"
Rebuçados peitorais,Dr.bayard,Embalagem de 200g,"0,77 €","3,85 €/Kg"
Iogurte oikos pêssego,Danone,Embalagem de 4 x 110g,"1,49 €","2,98 €/Kg"
Lenços de bolso folha tripla,PorSi,9 x 30 unidades,"0,89 €","0,89 €/Unidade"
Aperitivos de amendoins sal e mel,Matutano,Embalagem de 70g,"0,79 €","7,90 €/Kg"
Leite Meio Gordo sem Lactose,Mimosa,Pack 4 x 200 ml,"2,19 €","2,19 €/L"
Maçã Jonagored 75/80,Programa Origens,1 un = 200 gr (aprox.),"0,34 €","2,29 €/Kg"
Tomate cherry,*,1 un = 200 gr (aprox.),"0,40 €","1,99 €/Kg"
Lenços de bolso 4 folhas,PorSi,Embalagem de 18 x 10 unidades,"0,89 €","0,89 €/Unidade"
Piscina morango,Bestway,Dim.: 160 x 38 cm,"34,99 €","34,99 €/Unidade"
Topping de morango,Winsenia,Embalagem de 300g,"1,27 €","3,18 €/Kg"
Ovos galinha solo L,PorSi,12 unidades,"1,39 €","1,39 €/Unidade"
Detergente Multiusos Spray,Ajax,Garrafa de 500 ml,"1,19 €","0,79 €/L"
"Coloração permanente, vermelho ousado nº5.62",Nutrisse,1 unidade,"9,49 €/Unidade","9,49 €/Unidade"
Água s/ gás,Luso,Pack 6 x 1.5 l,"1,04 €","0,17 €/L"
Geleira de 30 litros + 3 acumuladores,Atlantic,1 conjunto,"17,99 €/Unidade","17,99 €/Unidade"
Lenços de bolso 6x10 - 3 folhas,PorSi,1 embalagem com 6 unidades,"0,89 €","0,89 €/Unidade"
Biscoitos integrais aveia e manteiga de amendoim,PorSi Viva Bem,Embalagem de 150g,"0,69 €","3,45 €/Kg"
Asas de Frango,*,1 un = 100 gr (aprox.),"1,05 €","2,99 €/Kg"
Fiambre da Pá,Salsicharia Limiana,1 un = 150 gr (aprox.),"0,97 €","6,49 €/Kg"
"Detergente manual de loiça,limão",Fairy,Embalagem de 2x1.19L,"0,99 €","1,98 €/L"
Pensos Higiénicos Fina e Segura Normal,Evax,Embalagem c/ 24 Unidades,"4,89 €","4,89 €/Unidade"
Cacau magro em pó,PorSi,Embalagem de 125 g,"1,04 €","8,32 €/Kg"
Manteiga com sal e sem lactose,Mimosa,Embalagem de 250g,"0,99 €","1,98 €/Kg"
Espinafres folhas natur+ 400g,Bonduelle,Embalagem de 400G,"1,89 €","1,89 €/Kg"
Conjunto taças com tampa,Renberg,5 unidades,"4,99 €","4,99 €/Unidade"
Champanhe bruto,Delagne & Fils,"Garrafa de 0,75 l","34,99 €","46,65 €/L"
Liquido abrilhantador castanho,PorSi,75 ml,"2,25 €","45,00 €/L"
Doce de frutos do bosque com frutose,Salutem,Embalagem de 330g,"5,99 €","19,97 €/Kg"
Manteiga c/ sal gourmet,Novacores,Embalagem de 250g,"1,69 €","6,76 €/Kg"
Super Cola,Vito,2 unidade,"2,59 €","86,33 €/Kg"
Papel higiénico branco folha tripla,PorSi,12 rolos,"1,95 €","1,95 €/Unidade"
Jogo de Damas,Olivo,caixa metálica,"9,99 €/Unidade","9,99 €/Unidade"
Iogurte de morango sem lactose,PorSi Viva Bem,4 x 125 g,"0,99 €","1,98 €/Kg"
Esparguete s/ glúten,Milaneza,Embalagem de 500g,"2,99 €","7,97 €/Kg"
Chocolate negro 85 % cacau,Cemporcent,Embalagem de 100g,"2,89 €","23,12 €/Kg"
20 saquetas chá verde pure,Lipton,Embalagem de 30g,"85,00 €/Kg","85,00 €/Kg"
Chá earl grey,Lipton,Embalagem de 40g,"44,50 €/Kg","44,50 €/Kg"
Queijo Roquefort AOC 52% M.G,Rocabret,Vendido ao peso a partir de 250 gr,"2,39 €","11,95 €/Kg"
Alface Romana,Legumes do Dia,1 un = 400 g (aprox.),"0,80 €","1,99 €/Kg"
Laranja categoria II,Fruta do Dia,"Vendido ao peso, 1 unidade = 180 g (aprox.)","0,27 €","1,09 €/Kg"
Peluche Unicórnio Interativo,Baby Clementoni,unidade,"11,99 €/Unidade","11,99 €/Unidade"
Lombos de salmão,PorSi,Embalagem de 300g,"4,39 €","10,98 €/Kg"
Pepitas chocolate com leite,Vahine,Embalagem de 100g,"1,27 €","3,18 €/Kg"
Telemóvel Vibra e Capta,Chicco,1 unidade,"11,99 €/Unidade","11,99 €/Unidade"
Iogurte pedaços ananás,PorSi,Embalagem de 4 x 125 g,"4,36 €","2,18 €/Kg"
Vinho regional alentejano bag-in-box branco,Galitos,Garrafa de 5 l,"5,19 €","1,04 €/L"
Roda musical,Vtech Baby,1 unidade,"11,99 €/Unidade","11,99 €/Unidade"
Doce quatro frutos,ST.DALFOUR,Frasco de 284g,"2,19 €","9,95 €/Kg"
Mix do Bosque,Fruta Embalada,Embalagem com 175 gr,"2,19 €","17,52 €/Kg"
Crispy burgers de proteína vegetal,Iglo green,Embalagem de 200g,"1,99 €","6,63 €/Kg"
Lula,Peixe Congelado,1 un= 250 gr (aprox.),"3,99 €/Kg","3,99 €/Kg"
"Óleo Spray Seco, SPF15",Cabana Sun,Embalagem de 200 ml,"16,99 €","84,95 €/L"
Porto special reserva,Cruz,"garrafa de 0,75 l","10,99 €","14,65 €/L"
Sumo natural de uva preta bio,Cemporcent,Garrafa de 1 l,"2,19 €","2,19 €/L"
Lápis evolution nº 2 HB,Bic,1 embalagem,"2,49 €","2,49 €/Unidade"
Ovos galinha solo l,PorSi,6 ovos,"1,39 €","1,39 €/Unidade"
Café moagem universal brasil,Delta,Embalagem de 220g,"9,76 €/Kg","9,76 €/Kg"
Feijão manteiga,Compal,Lata de 410 ml,"1,79 €","2,29 €/Kg"
Termo forte beringela/limão,PLANTANATU,Garrafa de 500 ml,"7,59 €","126,50 €/Kg"
Espumoso grand reale dessert,Gancia,Garrafa de 750 ml,"3,99 €","5,32 €/L"
Vinho regional lisboa reserva tinto,Mundus,Garrafa de 750 ml,"3,99 €","5,32 €/L"
Leite seleccionado leve,Matinal,Garrafa de 1 l,"0,81 €","0,81 €/L"
Pão ralado clássico,PorSi,Embalagem de 240 g,"0,55 €","2,29 €/Kg"
Chocolate quente 90 segundos,Lacasa,Embalagem de 350g,"5,59 €","6,99 €/Kg"
"Batata frita wavy, ondulada",PorSi,Embalagem de 90g,"1,06 €","5,73 €/Kg"
"Pasta dentífrica, 7-13 anos",Labell,Embalagem de 75 ml,"0,99 €","0,99 €/Unidade"
Resguardo para bebé,PorSi,Dim.: 60 x 60 cm,"4,99 €/Unidade","4,99 €/Unidade"
Adoçante recarga,Canderel,Embalagem de 40g,"5,49 €","21,96 €/Kg"
Amaciador color-vive,Elvive,Embalagem de 200 ml,"1,06 €","5,30 €/L"
Yofu morango estilo skyr,Alpro,Embalagem de 400g,"3,09 €","6,18 €/Kg"
Loção tónica para pele seca,Labell,Embalagem de 250 ml,"0,76 €","0,76 €/Unidade"
Pipocas coloridas,Orcape,Embalagem de 100g,"0,79 €","7,90 €/Kg"
Tablete de chocolate oreo,Milka,Embalagem de 300g,"5,30 €/Kg","5,30 €/Kg"
Chá barriguinha,PLANTANATU,Embalagem de 10 unidades,"1,19 €","1,19 €/Unidade"
Barras Cereais Go Free Corn Flakes s/ Glúten,Nestle,Embalagem de 88g,"4,29 €","20,43 €/Kg"
"Bolachas relieve, mel e coco",PorSi,Embalagem de 700g,"2,82 €","9,40 €/Kg"
Fiambre da Perna Extra,PorSi,1 un = 150 gr (aprox.),"0,97 €","6,49 €/Kg"
Trotinete Dragão,Baby Clementoni,1 unidade,"11,99 €/Unidade","11,99 €/Unidade"
"Limpa vidros, rosa",Redex,Embalagem de 5 l,"3,99 €","0,80 €/L"
Queijo fundido vaca que ri palitos light 140g,A Vaca Que Ri,Embalagem de 140g,"2,39 €","19,92 €/Kg"
Vinho branco alentejo,Loios,Garrafa de 750 ml,"2,89 €","3,85 €/L"
Queijo de Ovelha Meio Gordo,Seia,1 un = 450 g (aprox.),"4,62 €","18,49 €/Kg"
Lula recheada com carne,PorSi,Embalagem de 500 g,"1,99 €","6,63 €/Kg"
Mandioca,Legumes do Dia,1 un=500 gr (aprox.),"0,70 €","2,79 €/Kg"
Pensos higiénicos liberty noite abas,Evax,Embalagem com 9 un.,"4,89 €","4,89 €/Unidade"
Lâmpada LED Forma Esférica 5.5W E14 220-240V,Domédia,1 un.,"3,89 €","3,89 €/Unidade"
Doce de morango com frutose,Salutem,Embalagem de 330g,"5,99 €","19,97 €/Kg"
Desodorizante de Pés em Creme,Protex,Embalagem de 100 ml,"5,49 €","36,60 €/L"
Amendoas laminadas 125g,Vahine,Embalagem de 130g,"1,49 €","18,17 €/Kg"
Abrasivo wc gel ecologico,PorSi,Garrafa de 1 l,"0,99 €","0,99 €/L"
Panda cubos,Olivo,,"9,99 €/Unidade","9,99 €/Unidade"
Nutella,Nutella,Embalagem de 700g,"4,19 €","12,32 €/Kg"
Lâmpada LED Forma Chama 3.2W E14 220-240V,Domédia,1 un.,"3,89 €","3,89 €/Unidade"
Desodorizante roll-on invisible,Rexona,Embalagem de 50 ml,"4,49 €","29,93 €/L"
Quanto íris 52d+4x8,Quanto,Garrafa de 1.12 l,"3,99 €","3,99 €/Unidade"
Sumo essencial kids,Compal,pack 3 x 0.11 l,"2,29 €","6,94 €/L"
Óleo p/ Moto Performa M2T,Galp,Embalagem de 1 l,"13,99 €","13,99 €/L"
Mortadela peru fatias,Elpozo,Embalagem de 150g,"1,05 €","6,99 €/Kg"
Croissant de chocolate,Pastelaria do Dia,1 unidade = 100g (aprox.),"0,69 €","0,69 €/Unidade"
Bebida arroz,Alpro,Embalagem de 1 l,"2,19 €","2,19 €/L"
Compasso Origin 3 peças,Maped,Uma embalagem,"4,69 €","4,69 €/Unidade"
Moscatel de setúbal,Pioneiro,Garrafa de 750 ml,"16,99 €","24,27 €/L"
Bolacha Gengibre,ANNAS,Embalagem de 150G,"0,79 €","4,49 €/Kg"
Néctar de pera rocha e framboesa do Oeste Algarve,Compal,1 litro,"0,99 €","0,99 €/L"
"Lixívia, perfume fresco",Neoblanc,Embalagem de 4 l,"2,19 €","1,10 €/L"
Spray optimal 7 cozinha,Ajax,500 ml,"1,29 €","1,72 €/L"
"Maionese, frasco",Hellmman's,Embalagem de 210g,"0,70 €","2,33 €/Kg"
Azeite,PorSi,Garrafa de 1 l,"3,19 €","4,25 €/L"
Porto white,Ferreira,Garrafa de 750 ml,"11,99 €","15,99 €/L"
Vinho regional península de setúbal tinto,J.m.f.,Garrafa de 750 ml,"8,59 €","11,45 €/L"
Areia para Gato Absorvente 100% Natural,Friskies,Embalagem de 5 l,"1,19 €","0,24 €/Kg"
Fraldas Menina Happyjama 8-12 Anos 27-57 Kg Tamanho ...,Dodot,1 embalagem,"14,99 €","14,99 €/Unidade"
Queijo vaca sem lactose,PorSi Viva Bem,250 g,"0,99 €","1,98 €/Kg"
Crescido,Bacalhau da Islândia,1 un = 1.5 kg (aprox.),"8,73 €/Kg","8,73 €/Kg"
Bebida energética ultra white,Monster,Garrafa de 500 ml,"5,39 €","5,39 €/L"
Ovos Frescos de Galinhas Criadas ao Ar Livre Classe:...,PorSi Bio,Embalagem com 6 unidades,"2,19 €","2,19 €/Unidade"
Iogurte Natural Oikos,Danone,Embalagem de 900g,"0,99 €","1,98 €/Kg"
Vinho tinto regional alentejano,Tapada do Barão,Garrafa de 0.75 l,"2,89 €","3,85 €/L"
Tiras braseadas vegetarianas,Garden Gourmet,Embalagem de 175g,"1,99 €","6,63 €/Kg"
Tablete de chocolate choco jelly,Milka,Embalagem de 250g,"2,29 €","17,62 €/Kg"
Pacote maçã e pêssego,Nestle,Embalagem de 90 g,"0,74 €","8,22 €/Kg"
Elixir total proteção placa bacteriana,Colgate,500 ml,"5,89 €","11,78 €/L"
8 hamburguers s/ glúten frango,Capitão Iglo,Embalagem de 480g,"2,79 €","8,72 €/Kg"
Gelatina zero % morango,Koala,Embalagem de 130g,"0,85 €","2,13 €/Kg"
Creme para calçado castanho,Splendor,80 ml,"0,99 €","19,80 €/L"
Café solúvel,Delta,Embalagem de 200 g,"14,50 €/Kg","14,50 €/Kg"
Chocolate negro com coco,Cemporcent,Embalagem de 125g,"2,89 €","23,12 €/Kg"
Palitos superfinos,PorSi,Embalagem de 400 unidades,"1,50 €","1,50 €/Unidade"
"Forma papel para bolos, 10. 5cm",PorSi,Embalagem com 60 unidades,"0,54 €","0,54 €/Unidade"
Ice tea pêssego,Lipton,Garrafa de 2 l,"0,99 €","0,66 €/L"
24 etiquetas azuis,Domédia,Uma embalagem,"1,95 €","97,50 €/L"
Esfregona Microfibras Eco,Vileda,1 un.,"0,89 €","0,89 €/Unidade"
Framboesa,PorSi,Embalagem com 125g,"2,19 €","17,52 €/Kg"
Óleo de girassol,PorSi,garrafa de 3 litros,"3,39 €","3,39 €/L"
Halls vita c morango mtp 4x32g,Halls,Embalagem de 4X32G,"0,77 €","3,85 €/Kg"
"Papel higiénico, Super Duplo 2 folha, 9=18rolos",Renova,Uma embalagem,"1,95 €","1,95 €/Unidade"
Ambientador carro difusor aqua,Ambipur,1 unidade,"1,99 €","1,99 €/Unidade"
Estendal King Aço/Alumínio 20 m,Vileda,1 un.,"0,99 €","0,99 €/Unidade"
Spray Óleo Protege & Bronzeia,Corine de Farme,Embalagem de 150 ml,"10,99 €","54,95 €/L"
Tomate Chucha Económico,Legumes do Dia,1 un = 200 gr (aprox.),"0,40 €","1,99 €/Kg"
Iogurtes Corpos Danone Pedaços de Coco,Danone,Embalagem de 4 x 115 g,"4,36 €","2,18 €/Kg"
Esponja salvaunhas coz.com6un,PorSi,Embalagem de 6 unidades,"2,54 €","2,54 €/Unidade"
Nata uht ligeira,Páturages,Embalagem de 2X250ML,"0,69 €","3,45 €/L"
Anéis Empilháveis,Baby Clementoni,1 unidade,"6,99 €","6,99 €/Unidade"
Queijo Flamengo Bola,Queijaria de Celorico,Vendido ao peso a partir de 100 g,"1,49 €","7,45 €/Kg"
Gelado magnum mini double framboesa,Olá,Embalagem de 6 x 60 ml,"5,99 €","16,64 €/L"
Mopa com cabo,PorSi,1 unidade,"0,89 €","0,89 €/Unidade"
Iogurte Líquido Frutos Tropicais,PorSi,1 Embalagem 4X160G,"1,17 €","1,83 €/Kg"
Detergente líquido máquina de roupa lavanda,PorSi,86 Doses,"8,49 €","1,80 €/Kg"
Lixívia WC Gel Higienizante,Neoblanc,Embalagem de 700ml,"1,74 €","0,35 €/L"
Queijo fresco s/ lactose,Paiva,Embalagem de 130g,"1,09 €","5,45 €/Kg"
Bolachas crackers integrais,PorSi,Embalagem de 500g,"0,39 €","3,12 €/Kg"
Vinho tinto,Pias,Garrafa de 5 l,"5,19 €","1,04 €/L"
Queijo de cabra atabafado,Monforqueijo,180 g,"1,89 €","10,50 €/Kg"
Toalha banho bordada,PorSi,80x80 cm,"4,99 €/Unidade","4,99 €/Unidade"
Amendoim com Casca,PorSi,Embalagem de 500g,"0,99 €","4,95 €/Kg"
Collant mousse 20d baltic l,PorSi,Embalagem de 1 unidades,"1,99 €","1,99 €/Unidade"
Removedor Pêlos 56 Folhas + 33%,Scotch-Brite,1 un.,"10,99 €","52,33 €/Kg"
Lixívia para roupa tradicional,Neoblanc,Embalagem de 2 l,"2,19 €","1,10 €/L"
Boudoirs,Du Bois de la Roche,Embalagem de 200 g,"0,69 €","3,45 €/Kg"
Bolacha tostada diet nature s/ açucares,Gullon,Embalagem de 400g,"1,45 €","11,15 €/Kg"
Pudim Rico em Proteína de Baunilha,Ehrmann,Embalagem de 200g,"1,19 €","2,59 €/Kg"
"Iogurte, sabor a morango",PorSi,Embalagem de 4 x 125 g,"1,87 €","1,25 €/Kg"
Mousse cabelo caracois,Labell,Embalagem de 200ml,"3,99 €","53,20 €/L"
Maquina Depiladora Descartável Venus Basic,Gillette,Embalagem de 3 + 1 un. Grátis,"12,99 €","12,99 €/Unidade"
Iogurte bio morango,Páturages,Embalagem de 4 x 125 g,"5,97 €/Kg","5,97 €/Kg"
Risott mediterrâneo,Trevijano,Embalagem de 280g,"2,84 €","258,18 €/Kg"
Creme marisco,Knorr,Embalagem de 70g,"0,84 €","13,55 €/Kg"
Kit de Viagem Maquilhagem,Sunkissed,1 unidade,"8,99 €","8,99 €/Unidade"
80 filtros nº4 com saquetas antitártaro,Planteur,Uma embalagem com 80 unidades,"0,89 €","0,89 €/Unidade"
Iogurte natural 0%,PorSi Viva Bem,Embalagem de 6 x 125 g,"0,99 €","1,98 €/Kg"
Iogurte pedaços frutimax frutos variados,PorSi,Embalagem de 8 x 125 g,"4,36 €","2,18 €/Kg"
Painho de Sousel,PorSi,"Vendido ao peso, fatiado a partir de 100 gr","2,49 €","12,45 €/Kg"
Gin dry beefeater,Beefeater,Garrafa de 700 ml,"19,79 €","19,79 €/L"
Green mayo,Cemporcent,Embalagem de 300g,"2,19 €","2,19 €/L"
"Pasta de arquivo, lombada estreita, amarela",Domédia,1 unidade,"2,99 €","2,99 €/Unidade"
Vinagre de vinho branco,Cristal,Garrafa de 750 ml,"0,35 €","0,70 €/L"
Esfregona suave completa,Vileda,1 unidade,"0,89 €","0,89 €/Unidade"
Iogurte sólido sem lactose multifrutos,Mimosa,Embalagem de 480g,"1,87 €","1,25 €/Kg"
Refrigerante c/ gás laranja,Sumol,pack 4 x 1.25 l,"0,40 €/L","0,40 €/L"
Vinho regional tejo reserva tinto,Casaleiro,Garrafa de 0.75 l,"3,99 €","5,32 €/L"
Vinagre balsâmico de modena gourmet,Gallo,Garrafa de 250 ml,"0,35 €","0,70 €/L"
Batata frita palha,Pala-pala,Embalagem de 250g,"0,87 €","5,44 €/Kg"
Licor triple seco 16%,Olaias,Garrafa de 1 l,"16,99 €","24,27 €/L"
Bifes de soja ao natural,Cemporcent,Embalagem de 250g,"2,09 €","8,36 €/Kg"
"Vinho maduro tinto, bag in the box",Capataz,Embalagem de 10 l,"5,19 €","1,04 €/L"
Papel higiénico perfumado bouquet folha tripla,Foxy,4 + 2 rolos,"1,95 €","1,95 €/Unidade"
Ice tea limão,Lipton,Embalagem de 1L,"0,99 €","0,66 €/L"
Fralda Cueca Activity Extra Tamanho 5,Dodot,Embalagem com 40 uni.,"14,99 €","14,99 €/Unidade"
Batata Branca Nova Granel,Legumes do Dia,1 un = 250 gr  (aprox.),"0,25 €","0,99 €/Kg"
Gelado sandwich nata/chocolate,PorSi,Embalagem de 6x100 ml,"5,99 €","16,64 €/L"
"Patê de sardinha,atum e salmão",PorSi,Embalagem de 4 x 22 g,"1,19 €","13,52 €/Kg"
Puzzle Gigante Panda,Olivo,24 peças,"9,99 €/Unidade","9,99 €/Unidade"
Crack.c/sal na superficie 560g,GRAN PAVES,Embalagem de 560g,"0,39 €","3,12 €/Kg"
Néctar vital equilibrio manga/laranja,Compal,Embalagem de 1 l,"0,79 €","2,39 €/L"
"Velas de aniversário com suporte, 6cm, 24 unidades",Papstar,1 embalagem,"0,95 €","0,95 €/Unidade"
Guardanapos de 1 folha amarelos | dim.: 30 x 29 cm,PorSi,Embalagem com 70 unidades,"1,28 €","1,28 €/Unidade"
Filetes primavera cereais de espelta,Iglo,Embalagem de 250 g,"1,64 €","6,56 €/Kg"
Massa folhada retangular,Pasta dia,Embalagem de 250g,"0,89 €","1,78 €/Kg"
Spray Bruma Autobronzeadora,Ambre Solaire,Embalagem de 150 ml,"10,99 €","54,95 €/L"
"Argolas, brancas, autocolante, 160 unidades, 13 mm",Domédia,1 embalagem,"1,95 €","97,50 €/L"
Chispalhada com feijão,Nobre,Embalagem de 420g,"2,35 €","5,60 €/Kg"
Nectarina,Programa Origens,1 un = 150 gr (aprox.),"0,36 €","2,39 €/Kg"
Palmiers de maçã e canela,Du bois,Embalagem de 150g,"0,69 €","3,45 €/Kg"
Lula limpa,Pescanova,Embalagem de 450g,"4,39 €","10,98 €/Kg"
Babete Maleavel,Tigex,1 unidade,"5,99 €","5,99 €/Unidade"
Leite creme,El mandari,Embalagem de 90g,"0,79 €","5,27 €/Kg"
Iogurtes Corpos Danone Aroma Tutti/Morango/Ananás,Danone,Embalagem de 8 x 120 g,"1,87 €","1,25 €/Kg"
Sapateira viva,Nossa seleção,Pescado no mar,"1,75 €","6,99 €/Kg"
V-protein avelã,GoldNutrition,Embalagem de 240g,"3,99 €","39,90 €/Kg"
Manteiga com sal,Milhafre,Embalagem de 250g,"1,69 €","6,76 €/Kg"
Sabonete original,Palmolive,Embalagem de 4x90 g,"1,99 €","12,44 €/Kg"
"Vinagre balsâmico, spray",Paladin,Garrafa de 250 ml,"0,35 €","0,70 €/L"
Loção protectora f50,Hawaiian Tropic,Embalagem de 180ml,"16,99 €","84,95 €/L"
Danacol morango,Danone,Embalagem de 6 x 100 g,"4,15 €/Kg","4,15 €/Kg"
"Coloração permanente, castanho dourado, nº43",Nutrisse,1 unidade,"9,49 €/Unidade","9,49 €/Unidade"
Baguete,*,400 g,"0,19 €","2,38 €/Kg"
Cereais corn flakes s/ glúten chocolate,Nestle,Embalagem de 380g,"2,99 €","7,97 €/Kg"
Caderno Agrafado Capa Preta |A4 Pautado,Domédia,1 unidade,"0,99 €","0,99 €/Unidade"
Sombrinhas decorativas,PorSi,Embalagem com 25 unidades,"0,59 €","0,59 €/Unidade"
Cubos de bacon,Porminho,Embalagem de 2x75 g,"1,45 €","18,13 €/Kg"
Álcool canforado 85%,PorSi,Embalagem de 250 ml,"2,86 €","2,86 €/Unidade"
Sumo 100% pêssego e uva,PorSi,Pack 3 x 200 ml,"1,09 €","0,73 €/L"
Pão de Ló Real,Pastelaria do Dia,600 g,"8,99 €","11,24 €/Kg"
Abrasivo sanitário gel marinho,PorSi,embalagem de 1 litro,"0,99 €","0,99 €/L"
"Esfregona, algodão, completa",PorSi,1 unidade,"0,89 €","0,89 €/Unidade"
"Limpa vidros cristal, pistola",PorSi,Embalagem de 1 l,"3,19 €","6,38 €/L"
Sortido Doce,Frusel,Embalagem de 330 g,"0,99 €","4,95 €/Kg"
"Cobertura tipo chantilly, 2x38g",PorSi,Embalagem de 80g,"1,27 €","3,18 €/Kg"
Creme Depilatório Duche Men Peles Normais,Veet,Embalagem com 150 ml,"10,99 €","73,27 €/L"
Queijo emmental ralado,PorSi Select,Embalagem de 200g,"7,45 €/Kg","7,45 €/Kg"
Biscoito para cão nuggets,Purina One,Embalagem de 90g,"0,85 €","4,72 €/Kg"
Espumante tinto bruto,Alianca,Garrafa de 750 ml,"6,99 €","9,32 €/L"
Creme vegetal sabor manteiga,PorSi,Embalagem de 500 g,"1,39 €","6,95 €/L"
Iogurte liquido proteína yopro baunilha/cookies,Yopro,300 g,"5,97 €/Kg","5,97 €/Kg"
Penso diário salvaslip multiforma,Evax,embalagem de 58 unidades,"1,79 €/Unidade","1,79 €/Unidade"
Compak Regular Tampões Com Aplicador,Tampax,22 unidades,"1,39 €","1,39 €/Unidade"
Vinho tinto bag-in-box,Capataz,Embalagem de 5 l,"5,19 €","1,04 €/L"
Arroz carolino malandrinho,Malandrinh,Embalagem de 1 kg,"0,99 €","0,99 €/Kg"
Queijo Snack Chevre/Cabra,President,,"1,89 €","10,50 €/Kg"
Dettol sabonete líquido Lavanda,Dettol,Garrafa de 250 ml,"2,18 €/L","2,18 €/L"
Trolley 28 l,PR World,1 un.,"17,99 €/Unidade","17,99 €/Unidade"
Lixívia para roupa delicada,Vanish,Garrafa de 3 l,"2,19 €","1,10 €/L"
Caramelos de fruta,Penha,Embalagem de 100g,"1,19 €","4,76 €/Kg"
Jardineira,Novilho,1 un = 200 gr (aprox.),"3,29 €","8,23 €/Kg"
Peito peru forno lenha fatias finas,Campofrio,Embalagem de 120g,"2,25 €","11,25 €/Kg"
Lava tudo antibacteriano floral,PorSi,"Garrafa de 1,5 l","0,89 €","0,45 €/L"
Rolo de cozinha XXL,PorSi,1 rolo,"4,99 €","4,99 €/Unidade"
Peito de peru forno a lenha,Primor,"Vendido ao peso, fatiado a partir de 100 gr","2,25 €","11,25 €/Kg"
Óleo Spray Bronzeado Profundo F2,Cabana Sun,Embalagem de 200 ml,"10,99 €","54,95 €/L"
Bambolitos pretos,PorSi,Embalagem de 150g,"4,60 €/Kg","4,60 €/Kg"
Gin London Dry,Gordons,Garrafa de 1 l,"19,79 €","19,79 €/L"
Atum posta em óleo,Ramirez,Embalagem de 120g,"7,08 €/Kg","7,08 €/Kg"
Achocolatado all natural,Nesquik,Embalagem de 168 g,"5,59 €","6,99 €/Kg"
Açorda de gambas,Cozinha pronta,Embalagem de 350 g,"3,53 €","8,83 €/Kg"
20 saquetas infusão de cidreira,Lipton,Embalagem de 20g,"0,79 €","60,77 €/Kg"
Eau de Toilette p/Senhora Nº26,Caravan,1 Frasco 150ml,"11,99 €","79,93 €/L"
Molas de madeira,PorSi,36 unidades,"0,99 €","0,99 €/Unidade"
Cola de Contacto Transparente,Pattex,Embalagem de 50 g,"2,59 €","86,33 €/Kg"
Saqueta de puré de fruta | maçã + pêssego + banana +...,PorSi,90 g,"0,74 €","8,22 €/Kg"
Queijo Ovelha Curado,Meimoa,Vendido ao peso a partir de 250 gr,"4,62 €","18,49 €/Kg"
Detergente manual roupa,PorSi,Embalagem de 650g,"0,99 €","2,48 €/Kg"
Limpa ferros,Petex,1 unidade,"0,99 €","0,99 €/Unidade"
Folhado de pizza,*,110 g,"0,65 €","0,65 €/Unidade"
Framboesa,Fruta do Dia,Embalagem com 250g,"2,19 €","17,52 €/Kg"
Gelatina de mirtilo,Koala,Embalagem de 130 gr,"0,85 €","2,13 €/Kg"
Gel de Banho Orquídea & Cashmere Extract,Nivea,Embalagem de 750 ml,"6,49 €","8,65 €/L"
Eau De Toilette Free Spirit p/ Senhora,Rebel,100 ml,"11,99 €","79,93 €/L"
Rum 3 anos havan club (40º),Havana,Garrafa de 700 ml,"16,49 €","23,56 €/L"
Telemóvel Vibra e Capta,Chicco,1 unidade,"12,99 €/Unidade","12,99 €/Unidade"
Óleo spray seco intensificador de bronzeado SPF50,Cabana Sun,Embalagem de 200 ml,"10,99 €","54,95 €/L"
Sacos do Lixo Style 30 L,Vileda,1 embalagem,"1,79 €","1,79 €/Unidade"
Spray renova camurça castanha,PorSi,Embalagem de 200 ml,"6,19 €","24,76 €/L"
Não Mais Pregos Forte e Rápido,Pattex,Embalagem de 150 g,"2,59 €","86,33 €/Kg"
Rodelas de chourico 2x75g,Porminho,Embalagem de 150g,"1,22 €","6,78 €/Kg"
20 saquetas chá yellow label,Lipton,Embalagem de 30g,"58,44 €/Kg","58,44 €/Kg"
Peluche aprende comigo,Panda,1 unidade,"11,99 €/Unidade","11,99 €/Unidade"
Água s/ gás limão,Luso,Garrafa de 1 l,"1,04 €","0,17 €/L"
Shampo repelente p/ cão,Repul' 7,Garrafa de 200 ml,"11,98 €","59,90 €/L"
Iogurte aroma 0% tutti fruti/coco,Longa vida,Embalagem de 6 x 120 g,"0,99 €","1,32 €/Kg"
Maria diet nature,Gullón,Embalagem de 400 g,"1,45 €","11,15 €/Kg"
Gelado carte d'or tarte limão merengue,Olá,Embalagem de 900 ml,"6,79 €","14,76 €/L"
Creme para barrar duo,Noikao,Embalagem de 400 g,"4,19 €","12,32 €/Kg"
Bolachas marinheiras chia,Cemporcent,Embalagem de 200g,"1,45 €","11,15 €/Kg"
Mel rosmaninho,Salutem,Embalagem de 300g,"4,89 €","9,78 €/Kg"
Arroz estufado,Caçarola,Embalagem de 1 kg,"0,99 €","0,99 €/Kg"
Gressinos com azeite,PorSi,Embalagem de 250g,"2,39 €","6,83 €/Kg"
Iogurte sólido sem lactose multifrutos,Mimosa,Embalagem de 480g,"0,99 €","1,98 €/Kg"
"Piscina Prateada, Cap.512L",Bestway,Dim.:152X43cm,"34,99 €","34,99 €/Unidade"
Baloiço de metal,Max Smoby,Dim.: 180 cm,"4,49 €","4,49 €/Unidade"
Pêssego em calda metades,PorSi,Lata com 840 g,"1,99 €","2,37 €/Kg"
Alface frisada biológica,PorSi Bio,Vendido o peso,"0,99 €","9,90 €/Kg"
Bebida aveia,Alpro,Embalagem de 1 litro,"2,49 €","2,49 €/L"
"Mini rissóis de carne, 20 unidades",PorSi,Embalagem de 300 g,"1,64 €","6,56 €/Kg"
"Luva Nitrilica, anti-Deslizante, Nr.9",Itools,1 unidade,"4,99 €","4,99 €/Unidade"
Queijo para barrar light,PorSi Viva Bem,Embalagem de 200g,"2,39 €","19,92 €/Kg"
Escova Dentes Suave Limpeza e Frescura,Sensodyne,1 un.,"3,49 €","3,49 €/Unidade"
Sabonete líquido mel,Feno,Embalagem de 300 ml,"2,18 €/L","2,18 €/L"
Fuet extra,PorSi,170 g,"1,22 €","6,78 €/Kg"
"Escova de cabelo, esqueleto",Labell,Embalagem com 1 unidade,"2,19 €","2,19 €/Unidade"
Bloco Sanitário Sólido Aqua,Sonasol,Embalagem de 2x50 g,"2,99 €","74,75 €/Kg"
Esfregona de Microfibras Completa,PorSi,1 unidade,"0,89 €","0,89 €/Unidade"
Massa cuscus,Nacional,Embalagem de 250g,"0,89 €","1,78 €/Kg"
Ice tea de limão,PorSi,"Embalagem de 1,5 l","0,99 €","0,66 €/L"
Natas uht com cogumelos,Parmalat,Embalagem de 200 ml,"0,69 €","3,45 €/L"
Dentifríco p/ Dentes de Leite,Aquafresh,Embalagem de 50 ml,"0,99 €","0,99 €/Unidade"
Vinho tinto,Alandra,Garrafa de 750 ml,"1,59 €","2,12 €/L"
Spray limpeza casa de banho,Cillitbang,Embalagem de 500 ml,"1,79 €","2,39 €/L"
"Pensos para calos, 10 unidades",PorSi,1 embalagem,"2,86 €","2,86 €/Unidade"
Arroz agulha,B.sucesso,Embalagem de 1 kg,"0,99 €","0,99 €/Kg"
Detergente Liquido Máquina Roupa Coco,Surf,88 doses,"8,49 €","1,80 €/Kg"
Analisador água piscina,Gre,,"2,99 €","2,99 €/Unidade"
Cem porcento-chá infusão sem barriga,Cemporcent,Embalagem de 13g,"58,44 €/Kg","58,44 €/Kg"
Chá verde,PorSi,Embalagem de 37.5 g,"85,00 €/Kg","85,00 €/Kg"
Couscous tradicional,Cemporcent,Embalagem de 500g,"1,19 €","2,38 €/Kg"
Massa macarronete riscado,Milaneza,Embalagem de 500g,"0,89 €","1,78 €/Kg"
Queijo amanteigado fatias,Paiva,Embalagem de 180 g,"1,49 €","7,45 €/Kg"
Miúdos de Frango do Campo Lusitano,PorSi Select,embalagem de 700 g (aprox.),"0,55 €","5,49 €/Kg"
Queijo Curado Apimentado,Montanha,Vendido ao peso a partir de 250 gr,"2,42 €","9,69 €/Kg"
Mão de vaca com grão,Nobre,Embalagem de 420 g,"2,35 €","5,60 €/Kg"
Vinho tinto regional alentejano,Galitos,Garrafa de 3 l,"9,49 €","1,90 €/L"
Ovos | Classe: L,Ovitae,24 unidades,"1,39 €","1,39 €/Unidade"
"Gel de banho, sensitive 3 em 1",Labell Men,Embalagem de 250 ml,"5,99 €","14,98 €/L"
Miolo berbigão,PorSi,Embalagem de 250g,"1,59 €","6,36 €/Kg"
Biscoitos canudinho recheio cacau,PorSi,Embalagem de 300g,"2,82 €","9,40 €/Kg"
Sopa de agrião,PorSi,800 g,"1,69 €","2,11 €/Kg"
Pêssego Vermelho A,Programa Origens,1 un = 150 gr (aprox.),"0,36 €","2,39 €/Kg"
Falafel Grão de Bico e Especiarias Green Cuisine,Iglo green,Embalagem de 450g,"1,99 €","6,63 €/Kg"
Tira Nódoas Branqueador,Sanytol,embalagem com 450g,"10,99 €","52,33 €/Kg"
Lenços de bolso 4 folhas,PorSi,Embalagem de 15 x 9 unidades,"0,89 €","0,89 €/Unidade"
Conjunto piquenique,Codil,Conjunto com 13 peças,"4,49 €","4,49 €/Unidade"
Iogurte líquido yoggi banana,Nestle,Embalagem de 4 x 160 g,"1,17 €","1,83 €/Kg"
Saqueta de puré de fruta | maçã + banana,PorSi,90 g,"0,74 €","8,22 €/Kg"
Leite uht gordo,Agros,Embalagem de 1 litro,"0,94 €","0,94 €/L"
Vinho regional alentejano reserva tinto,Encosta das Perdizes,Garrafa de 0.75 l,"2,89 €","3,85 €/L"
Mochila 42 cm + Estojo,Lightning Bolt,1 un.,"19,90 €","19,90 €/Unidade"
Frutos vermelhos,PorSi,Embalagem de 750 g,"2,99 €","3,99 €/Kg"
Lixivia perfume fresco,Neoblanc,Embalagem de 2 l,"2,59 €","1,30 €/L"
Recarga Sabonete Liquido Lavanda,Dettol,250 ml,"2,18 €/L","2,18 €/L"
Miolo de mexilhão,PorSi,Embalagem de 250 g,"1,59 €","6,36 €/Kg"
Veggie bowls bulgur & courgette 350g,Iglo green,Embalagem de 350g,"1,99 €","6,63 €/Kg"
Grão de bico,PorSi,Embalagem de 420g,"1,79 €","2,29 €/Kg"
Geleira de 30 litros + 3 acumuladores,Atlantic,1 conjunto,"10,99 €","10,99 €/Unidade"
Lichias em calda,Koala,Embalagem de 567g,"1,99 €","2,37 €/Kg"
"Chá preto, sem cafeína, 10 saquetas",Tetley,Embalagem de 20g,"41,67 €/Kg","41,67 €/Kg"
Bife do Lombo,Novilho,1 un= 150 gr (aprox.),"3,29 €","8,23 €/Kg"
"Luvas multiusos relevo antiderrapante, tamanho peque...",PorSi,Embalagem de 1 unidades,"3,99 €","3,99 €/Unidade"
Gelatina mirtilo 10kcal 31g,Royal,Embalagem de 30g,"61,11 €/Kg","61,11 €/Kg"
Azeitona Maçanilha inteira,PorSi,Vendido ao peso a partir de 500 g,"1,00 €","3,99 €/Kg"
Lava Tudo Perfumado Herbal,PorSi,Embalagem de 2 l,"0,89 €","0,45 €/L"
Iogurte magro morango sem lactose,Mimosa,Embalagem de 4x 120 g,"0,99 €","1,98 €/Kg"
Molho de alho,Calve,Embalagem de 260g,"0,70 €","2,33 €/Kg"
Cerveja com álcool,Sagres,Lata de 500ml,"1,99 €/L","1,99 €/L"
Cebola,Legumes do Dia,1 un = 250 gr  (aprox.),"0,25 €","0,99 €/Kg"
Vinho maduro tinto doc alentejano,P.ravessa,Garrafa de 750 ml,"2,89 €","3,85 €/L"
Cappuccino intenso,Nescafe,Embalagem de 130g,"3,09 €","24,72 €/Kg"
Cadeira Dobrável Bali Branca,Joluce,90 x 60 cm,"5,99 €","5,99 €/Unidade"
Bolachas digestive chocolate,PorSi,Embalagem de 300g,"1,14 €","3,80 €/Kg"
Espumosos tinto bruto attitude,Fita azul,Garrafa 0.75L,"3,99 €","5,32 €/L"
Recarga Ambientador Automático Essential Mist Lavand...,Air Wick,1 un.,"5,99 €","23,96 €/L"
Cabo de metal com rosca,PorSi,1.35 m,"2,20 €","2,20 €/Unidade"
Vermute bianco,Martini,Garrafa de 1 l,"11,49 €","11,49 €/L"
Pasta de sardinha,Fides,Embalagem de 90g,"1,19 €","13,52 €/Kg"
Pedaços de tamboril,PorSi,Embalagem de 500G,"4,39 €","10,98 €/Kg"
Super homem,PLANTANATU,Embalagem de 1 unidades,"7,59 €","126,50 €/Kg"
Eau de Toilette p/Senhora Nº2,Caravan,1 Frasco 150ml,"11,99 €","79,93 €/L"
Cereais fitness,Nestle,Embalagem de 640 g + 320 g grátis,"3,45 €","26,74 €/Kg"
5 gouaches de cores primárias,Domédia,Uma embalagem,"3,09 €","3,09 €/Unidade"
Chourição,PorSi,"Vendido ao peso, fatiado a partir de 100 gr","1,35 €","16,88 €/Kg"
Caras de Bacalhau,Peixe Congelado,"Vendido ao peso, 1 un = 500g (aprox.)","5,39 €","6,74 €/Kg"
Maionese,PorSi,Embalagem de 260 g,"0,70 €","2,33 €/Kg"
Recarga removedor de pelos - 56 folhas,Scotch bri,Embalagem de 1 unidades,"8,75 €","8,75 €/Unidade"
Preparado para bolo de laranja,B.neve,Embalagem de 450g,"2,05 €","5,13 €/Kg"
Perfume p/ senhora Nº85,Caravan,1 Frasco 150ml,"11,99 €","79,93 €/L"
"Cereais crusts, amêndoas e mel",PorSi,Embalagem de 380g,"2,29 €","6,11 €/Kg"
Tablete de chocolate de preto,Nestle,Embalagem de 90g,"16,67 €/Kg","16,67 €/Kg"
Coentros,PorSi,20 g,"0,89 €","17,80 €/Kg"
Farinha para bolos super fina,PorSi,Embalagem de 1 kg,"1,99 €","1,99 €/Kg"
Bolachas soft bakes recheio chocolate,Belvita,Embalagem de 250g,"2,15 €","2,87 €/Kg"
Queijo azul,PorSi,100 g,"2,49 €","12,45 €/Kg"
Kiwi Amarelo,Fruta do Dia,Embalagem de 400 g,"0,40 €","1,99 €/Kg"
Creme Mãos Secrets Coco,Dove,75 ml,"2,49 €","41,50 €/L"
Super tea immune com vitamina c,Tetley,Embalagem de 40g,"44,50 €/Kg","44,50 €/Kg"
Salmão Fumado da Escócia,PorSi Select,Embalagem de 80 g,"3,35 €","22,33 €/Kg"
Manteiga sem sal,Mimosa,Embalagem de 250g,"1,69 €","6,76 €/Kg"
Abrasivo sanitário gel pinho,PorSi,embalagem de 1 litro,"0,99 €","0,99 €/L"
Queijo meio gordo fatias,Paiva,Embalagem de 180g,"1,49 €","7,45 €/Kg"
Resguardos de cama,PorSi,20 unidades de 80 x 180 cm,"4,99 €","4,99 €/Unidade"
Choco limpo 20/40,PorSi,Embalagem de 800 g,"5,49 €","6,86 €/Kg"
Couve coração bio,PorSi Bio,400 g (aprox.),"1,99 €","1,99 €/Kg"
Recarga ambientador elétrico delícias de verão,Air Wick,Embalagem de 1 unidades,"5,99 €","23,96 €/L"
Mistura com 20% café torrada moída,PorSi,Embalagem de 250g,"0,99 €","3,96 €/Kg"
Farinha de trigo integral,Cemporcent,Embalagem de 500g,"2,29 €","11,45 €/Kg"
Gambão 20/30,Marisco Congelado,Vendido a partir de 250 (aprox.),"2,00 €","7,99 €/Kg"
Wafers caramelo cubos,Vieira,Embalagem de 130g,"0,98 €","4,67 €/Kg"
"Cera liquida, lava e encera",PorSi,Embalagem de 750 ml,"1,79 €","2,39 €/L"
Gelado tiramisu,PorSi,Embalagem de 900 ml,"6,79 €","14,76 €/L"
Pringles flame kickin sour cream,Pringles,Embalagem de 160g,"5,84 €/Kg","5,84 €/Kg"
Elixir Nightly Reset,Listerine,400 ml,"5,89 €","11,78 €/L"
Queijo curado -30% gordura,Casteloes,500 g,"25,45 €/Kg","25,45 €/Kg"
Azeite virgem extra clássico,Gallo,Garrafa de 250 ml,"3,19 €","4,25 €/L"
"Fita de Embalar Transparente, 50mmx66m",Vito,1 unidade,"2,59 €","86,33 €/Kg"
Escova Limpa Vidro Rígida 55cm,Grand Prix,Uma embalagem,"4,99 €","19,96 €/L"
Croissant Creme,Pastelaria do Dia,1 unidade = 100g (aprox.),"0,69 €","0,69 €/Unidade"
Posta de Corvina-Prata Congelada,PorSi,Vendido ao peso a partir de 350 g,"4,00 €","7,99 €/Kg"
Tablete de chocolate negro,Nestle,Embalagem de 100 g,"16,67 €/Kg","16,67 €/Kg"
Refrigerante C/ Gás Zero,Coca-Cola,Garrafa de 1 l,"0,40 €/L","0,40 €/L"
Inseticida multi-insectos,Dum Dum,Garrafa de 400 ml,"4,39 €","7,32 €/L"
Lava tudo brilhante madeiras,PorSi,Embalagem de 1.1 litros,"0,89 €","0,45 €/L"
Salsa frisada,PorSi,20 g,"0,89 €","17,80 €/Kg"
"Yofu pedaços, 2 pêssegos, 2 frutas exóticas",Alpro,Embalagem de 4x125 g,"3,09 €","6,18 €/Kg"
Tablete chocolate chips ahoy,Milka,Embalagem de 100g,"5,30 €/Kg","5,30 €/Kg"
Queijo flamengo barra,PorSi,"Vendido ao peso, fatiado a partir de 100 gr","1,49 €","7,45 €/Kg"
Bolachas bio de chocolate chips organic,Gullón,250 g,"2,99 €","5,98 €/Kg"
Balde wring & go,Vileda,1 un.,"17,00 €","17,00 €/Unidade"
Ameixa seca,*,Vendido ao peso,"0,95 €","3,78 €/Kg"
Queijo Curado Apimentado,Fonte Mourisca,Vendido ao peso a partir de 250 gr,"25,45 €/Kg","25,45 €/Kg"
Recarga mopa 1.2 spray max,Vileda,1 unidade,"0,89 €","0,89 €/Unidade"
Fruta para bebé 4 frutas +4 meses,Nestle,Embalagem de 90g,"0,74 €","8,22 €/Kg"
Saqueta Correio Verde C4 L,*,2 un.,"1,95 €","97,50 €/L"
"Alimento húmido para cão, galinha e cordeiro",Pedigree,Embalagem de 400g,"2,30 €/Kg","2,30 €/Kg"
Café dak lak vietnam moagem universal,Sical,Embalagem de 220g,"9,76 €/Kg","9,76 €/Kg"
Alho moído,PorSi,Frasco com 45 g,"0,20 €","0,20 €/Kg"
Livro Pop-Ups - Transportes,Europrice,1 unidade,"7,50 €/Unidade","7,50 €/Unidade"
Batata doce polpa laranja,*,Vendido ao peso a partir de 500 g,"0,25 €","0,99 €/Kg"
"Crepes queijo/fiambre, 6 unidades",Claude Léger,Embalagem de 300 g,"1,99 €","6,63 €/Kg"
Pão de forma integral sem côdea,Panrico,Embalagem de 450g,"0,99 €","1,65 €/Kg"
Rum spiced,Bacardi,Garrafa de 700 ml,"16,49 €","23,56 €/L"
Limpa Móveis,PorSi,Embalagem de 300 ml,"4,39 €","14,63 €/L"
Mix panquecas proteicas,Cemporcent,Embalagem de 500g,"1,19 €","2,38 €/Kg"
"Gelatina pronto a comer, 10kcal tropical",Royal,Embalagem de 4 x 100 g,"0,85 €","2,13 €/Kg"
Papel higiénico reciclado 2 folhas,PorSi,12 rolos,"1,95 €","1,95 €/Unidade"
Pão Centeio com Nozes,Garcia & Filhos,1 unidade= 400 g,"0,19 €","2,38 €/Kg"
Feijão encarnado em frasco,PorSi,frasco de 540 g,"1,79 €","2,29 €/Kg"
Fruta para bebé maçã banana +4 meses,Nestle,Embalagem de 4 x 100 g,"0,74 €","8,22 €/Kg"
Penso diário salvaslip multiforma,Evax,embalagem de 34 unidades,"1,79 €/Unidade","1,79 €/Unidade"
Vinho branco tejo sauvignon,Fiuza,Garrafa de 750 ml,"3,99 €","5,32 €/L"
Queijo de vaca curado amanteigado,PorSi,+/- 550 g,"25,45 €/Kg","25,45 €/Kg"
Pepsi max,Pepsi,Garrafa de 1.75 l,"0,40 €/L","0,40 €/L"
Sangria,Casal Garcia,Garrafa de 750 ml,"1,99 €","1,33 €/L"
Leite creme,PorSi,Embalagem de 2x135 g,"0,39 €","1,95 €/Kg"
Cordon bleu,Iglo,Embalagem de 200g,"4,99 €","24,95 €/Kg"
Pão branco fatias sem glúten,Schar,Embalagem de 250g,"2,99 €","7,97 €/Kg"
Lixívia WC Gel Higienizante,Neoblanc,Embalagem de 700ml,"2,59 €","1,30 €/L"
Pensos incontinência homem,PorSi,10 unidades,"1,95 €","1,95 €/Unidade"
2 crocantes frango  recheio alho&ervas 204g,Iglo,Embalagem de 200g,"4,99 €","24,95 €/Kg"
Iogurte proteína framboesa,Lindahls,Embalagem de 150 g,"5,97 €/Kg","5,97 €/Kg"
MINI NACKIS PRESUNTO 70G,Bicentury,Embalagem de 70 g,"0,79 €","7,90 €/Kg"
"Martelo Cabo de Borracha, 18mm",Itools,1 unidade,"4,99 €","4,99 €/Unidade"
"Livro ""Histórias Fantásticas com Unicórnios""",Girassol,1 unidade,"7,50 €/Unidade","7,50 €/Unidade"
Ração seca para gatinhos frango e legumes,PorSi,Embalagem de 2 kg,"12,99 €","4,33 €/Kg"
Rolo de Cozinha Megarollo,Scottex,Uma embalagem c/ 8 rolos,"4,99 €","4,99 €/Unidade"
Recarga Esfregona de Algodão,PorSi,1 unidade,"0,89 €","0,89 €/Unidade"
Topping p/saladas cebola frita,Florette,Embalagem de 70g,"3,69 €","23,06 €/Kg"
Maçã Royal Gala 80/85,Programa Origens,1 un = 150 gr (aprox.),"0,34 €","2,29 €/Kg"
Leite e cereais pijama +6 meses,Cerelac,Garrafa de 400 ml,"4,49 €","4,49 €/Kg"
"Aperitivos, amendoins no forno",Matutano,Embalagem de 200g,"0,99 €","4,95 €/Kg"
Creme de avelãs e cacau para barrar sem glúten,Cemporcent,Embalagem de 200g,"2,89 €","6,42 €/Kg"
Esparguete integral,Salutem,Embalagem de 500g,"1,19 €","2,38 €/Kg"
Vinho tinto regional alentejano,Galitos,Garrafa de 750 ml,"2,89 €","3,85 €/L"
Bloco Sanitário Poder Activo Pinho,Sonasol,Embalagem de 50 g,"2,99 €","74,75 €/Kg"
Creme curgete com hortela,PorSi,Embalagem de 400g,"1,69 €","2,11 €/Kg"
Creme para barrar,Nutella,Embalagem de 200 g,"4,19 €","12,32 €/Kg"
Alimento lácteo cereais e baunilha +6 meses,Yogolino,Embalagem de 4 x 100 g,"2,89 €","7,23 €/Kg"
Melão Verde,Programa Origens,Vendido ao peso | 1 un = 2.5 kg (aprox.),"2,23 €","0,89 €/Kg"
"Lenços de bolso sensi, brancos, 10 unidades",Renova,Uma embalagem de 6x10,"0,89 €","0,89 €/Unidade"
"Chocolate kit kat, single",Kit kat,Embalagem de 40g,"2,24 €","29,87 €/Kg"
Gambão Cozido 20/30,Marisco Fresco,,"5,99 €/Kg","5,99 €/Kg"
Salmão de viveiro à posta,Peixe Fresco,1 un. = 300 g (aprox.),"5,99 €/Kg","5,99 €/Kg"
Soja fina,Cemporcent,Embalagem de 400g,"2,29 €","11,45 €/Kg"
Refrigerante c/ gás light,Coca-Cola,pack 6 x 0.33 l,"0,40 €/L","0,40 €/L"
Iogurte líquido tutti-frutti,Danone,Embalagem de 4 x 155 g,"1,17 €","1,83 €/Kg"
Areia para gatos aglomerante compacta perfumada,PorSi,Embalagem de 4 kg,"1,19 €","0,24 €/Kg"
"Kit dentário, infantil",Labell,1 unidade,"0,99 €","0,99 €/Unidade"
Molho piri piri,Macarico,Embalagem de 200g,"0,70 €","2,33 €/Kg"
Powerade ice storm,POWERADE,Garrafa de 500 ml,"5,39 €","5,39 €/L"
2 filetes de dourada,Iglo,Embalagem de 200g,"1,64 €","6,56 €/Kg"
Manteiga magra,Matinal,Embalagem de 250g,"1,69 €","6,76 €/Kg"
Morcela de Ponte de Lima,PorSi,Vendido ao peso a partir de 750 g,"1,49 €","7,45 €/Kg"
Bolachas cookies choco xl,Milka,Embalagem de 180g,"5,47 €/Kg","5,47 €/Kg"
Nestum flocos de cereais com mel,Nestum,Embalagem de 300g,"2,19 €","8,76 €/Kg"
Fermento padeiro,Royal,Embalagem de 27g,"1,49 €","18,17 €/Kg"
Papel higiénico compacto,PorSi,24 rolos,"1,95 €","1,95 €/Unidade"
Amaciador nutri-protec,Labell,Embalagem de 200 ml,"1,06 €","5,30 €/L"
"Escova de cabelo, Pontas Nylon Premium",Labell,Uma unidade,"2,19 €","2,19 €/Unidade"
Pensos resistentes à água,PorSi,Embalagem com 15 unidades,"2,86 €","2,86 €/Unidade"
Toalha Hamman Verde,Benetton,80 x 165 cm,"2,99 €","2,99 €/Unidade"
Cachaço s/ Osso,Porco,Vendido ao peso a partir de 1 kg,"3,99 €","3,99 €/Kg"
Cuecas Incontinência Unisexo Pants Super M,Tena,Unidade,"9,99 €","9,99 €/Unidade"
Iogurte morango skyr 0%,PorSi Viva Bem,150 g,"5,97 €/Kg","5,97 €/Kg"
Creme de coco,Koala,Garrafa de 165 ml,"1,09 €","2,75 €/Kg"
Água mineral sem gás,Fastio,Pack 4 x 1.5 l,"1,04 €","0,17 €/L"
Queijo manchego D.O.P,PorSi Select,Embalagem de 250g,"2,87 €","15,94 €/Kg"
"Recarga ambientador, toque&fresh relax zen",Glade,Embalagem de 10 ml,"1,99 €","1,99 €/Unidade"
Tampão com Aplicador Compak Super Plus,Tampax,Embalagem com 22 unidades,"1,39 €","1,39 €/Unidade"
Double espresso go chill,Delta,Garrafa de 230 ml,"3,09 €","24,72 €/Kg"
Manteiga amendoim com pedaços,Calve,Embalagem de 350g,"4,19 €","12,32 €/Kg"
Cocktail limão,Bar Royal,Garrafa de 750 ml,"6,99 €","9,32 €/L"
Queijo da Ilha DOP Cura 4 Meses,São Jorge,Vendido ao peso a partir de 250 gr,"2,87 €","15,94 €/Kg"
Cerveja,Kings Bräu,Embalagem de 10x25 cl,"1,99 €/L","1,99 €/L"
Coloração Permanente Preto Azulado |1.1,Palette,,"9,49 €/Unidade","9,49 €/Unidade"
"Tablete de chocolate, black-white",Schogetten,Embalagem de 100g,"5,30 €/Kg","5,30 €/Kg"
Água s/ gás,S.estrela,Garrafão de 6L,"1,04 €","0,17 €/L"
Bastão de Cola,Domédia,10 g,"1,95 €","97,50 €/L"
Autobrilhante Incolor,Búfalo,Embalagem de 50 ml,"2,25 €","45,00 €/L"
C surtido cuetara 420gr.              *8,Cuetara,Embalagem de 420g,"6,83 €/Kg","6,83 €/Kg"
Peskitos de pescada panados,Pescanova,Embalagem de 1 Kg,"9,30 €/Kg","9,30 €/Kg"
Toalhitas Activity |Recarga,Dodot,Pack: 4x54 unidades,"1,09 €/Unidade","1,09 €/Unidade"
Pêssego em calda metades,PorSi,Lata com 420 g,"1,99 €","2,37 €/Kg"
Leite Uht Proteína Café,Mimosa,Pack 3 x 250 ml,"1,99 €","2,49 €/L"
Bagas de goji,Cemporcent,Embalagem de 125 g,"0,99 €","4,95 €/Kg"
Feijao branco fidalgo,Caçarola,Embalagem de 500 g,"0,95 €","1,90 €/Kg"
"Bolacha belvita soft brakes, cereais",Belvita,Embalagem de 250g,"1,14 €","3,80 €/Kg"
Trigo integral com mel,Salutem,Embalagem de 250g,"2,29 €","11,45 €/Kg"
Refrigerante sem gás de manga/laran,Joi,"Garrafa de 1,5 l","0,99 €","0,66 €/L"
Iogurte magro + gelatina maracujá,Mimosa,Embalagem de 4 x 120 g,"0,99 €","1,32 €/Kg"
Vahine pepitas de confeitaria macias fudge sabor car...,Vahine,Embalagem de 70g,"1,39 €","6,95 €/L"
Capa para tábua metálica,Vileda,1 un.,"16,50 €","16,50 €/Unidade"
Pólen de abelhas,PorSi Select,Frasco de 130 g,"4,89 €","9,78 €/Kg"
Batata Pré-Frita Dauphines,PorSi,500 g,"1,39 €","1,39 €/Kg"
Sumo essencial de pêssego,Compal,pack 3 x 0.11 l,"2,29 €","6,94 €/L"
Gogo SqueeZ Snack Banana,Gogo,Embalagem de 90g,"2,29 €","6,94 €/L"
Pensos térmicos alívio da dor muscular 13x10cm,PorSi,Embalagem de 2 unidades,"2,86 €","2,86 €/Unidade"
Bebida energética,Red Bull,Garrafa de 470 ml,"5,39 €","5,39 €/L"
Rolinhos waffletten milk,Bahlsen,Embalagem de 100g,"2,24 €","29,87 €/Kg"
Dessert topping chocolate,Winsenia,Embalagem de 300g,"1,27 €","3,18 €/Kg"
Leite de coco condensado,Koala,Embalagem de 490 g,"1,09 €","2,75 €/Kg"
Nabiças Programa Origens,PorSi,1 un = 1 kg (aprox.),"0,45 €","1,49 €/Kg"
Chocolate em pó Starbucks 42% cacau,STARBUCKS,Embalagem de 330g,"5,59 €","6,99 €/Kg"
Gel de banho naturals amêndoa e leite,Palmolive,500 ml,"3,19 €","12,76 €/L"
Bolacha maria ruca doses,Vieira,Embalagem de 300g,"2,11 €/Kg","2,11 €/Kg"
Spray desinfetante elimina odores,Lysol,Embalagem de 400 ml,"1,19 €","0,79 €/L"
Salsicha bockwurst 5 unidades,PorSi,Embalagem de 250g,"0,75 €","3,75 €/Kg"
Piscina 3D,Bestway,Dim.: 262 x 175 cm,"34,99 €","34,99 €/Unidade"
100% clara de ovo líquida albumina,Prozis,Embalagem de 500g,"2,99 €","5,98 €/Kg"
Iogurte grego natural magro,PorSi Viva Bem,Embalagem de 1 kg,"0,99 €","1,98 €/Kg"
Tomate em pedaços,Guloso,Embalagem de 390g,"3,69 €","23,06 €/Kg"
Banda cera facial peles sensíveis,Veet,Embalagem de 20 unidades,"3,11 €","3,11 €/Unidade"
Quiona branca bio,Origensbio,Embalagem de 250g,"1,89 €","3,78 €/Kg"
Arroz integral extra longo,Cemporcent,Embalagem de 1 kg,"1,19 €","2,38 €/Kg"
Hamburguers de bovino,PorSi,Embalagem de 1 kg,"2,79 €","8,72 €/Kg"
Eau de Toilette p/Senhora Nº39,Caravan,1 Frasco 150ml,"11,99 €","79,93 €/L"
Leite uht c/ chocolate,Ucal,Garrafa de 1 l,"0,26 €","1,30 €/L"
Collant opac microfibras preto 60D,PorSi,Tamanho: m,"1,99 €","1,99 €/Unidade"
Detergente líquido máquina de lavar roupa cores escu...,Woolite,56 doses,"8,49 €","1,80 €/Kg"
Recarga para Esfregona Microfibra e Algodão,Vileda,,"0,89 €","0,89 €/Unidade"
8 pães de leite,Brioxa,Embalagem de 280g,"7,40 €/Kg","7,40 €/Kg"
Lava tudo limão verde,Cif,"Garrafa de 1,4 l","0,89 €","0,45 €/L"
Perninha de frango,PorSi,Embalagem de 400 g,"1,05 €","2,99 €/Kg"
Esfregão Ultra Fresh,Vileda,Embalagem de 2 + 1 Grátis,"2,54 €","2,54 €/Unidade"
Aguardente,Alma pura,Garrafa de 0.70 l,"12,79 €","18,27 €/L"
Queijo cura especial barrado pimentão,Casteloes,500 g,"25,45 €/Kg","25,45 €/Kg"
Abóbora Menina,Legumes do Dia,1 un= 1 kg (aprox.),"0,07 €","0,69 €/Kg"
Batido de chocolate,Forma+,Embalagem de 700g,"3,99 €","39,90 €/Kg"
Ovos Frescos Omega 3 de Galinhas Solo,PorSi Viva Bem,Embalagem com 6 unidades,"2,19 €","2,19 €/Unidade"
Iogurte Activia aveia e avelã,Danone,Embalagem de 4 x 120g,"2,79 €","6,07 €/Kg"
Miolo camarão 40/60,PorSi,Embalagem de 200g,"8,99 €","25,69 €/Kg"
10 douradinhos vegetais,Iglo green,Embalagem de 280g,"9,30 €/Kg","9,30 €/Kg"
Super Cola 3 Gel,Loctite,Embalagem de 3 g,"2,59 €","86,33 €/Kg"
Chocolate kit kat,Kit kat,Embalagem de 130g,"2,24 €","29,87 €/Kg"
"Líquido sanitário extra power, marinho",WC Pato,Embalagem de 750 ml,"2,79 €","3,99 €/L"
Tostas multicereais sem glúten,PorSi Viva Bem,Embalagem de 140g,"4,29 €","20,43 €/Kg"
Líquido 5 em 1 oceano,WC Pato,Embalagem de 750 ml,"1,79 €","2,39 €/L"
Creme autobrilhante preto,Splendor,40 ml,"2,25 €","45,00 €/L"
Cabos de Bateria 400Amp,Bottari,Uma unidade,"4,99 €","19,96 €/L"
"Pastilhas fruit, frutos silvestres",Trident,Embalagem de 15 g,"0,22 €","14,67 €/Kg"
Snack Cão Prodental,PorSi,Embalagem 180 g,"0,85 €","4,72 €/Kg"
Peito de frango,PorSi,"Vendido ao peso, fatiado a partir de 150 g","2,25 €","11,25 €/Kg"
5 douradinhos rústicos,Capitão Iglo,Embalagem de 300g,"9,30 €/Kg","9,30 €/Kg"
Folha de alumínio,PorSi,30 metros,"1,11 €","1,11 €/Unidade"
Almofada Viscoelástica Dim.: 45x60cm,*,1 Unidade,"7,99 €","7,99 €/Unidade"
Leite regular 2,Aptamil,Embalagem de 800 g,"20,99 €","26,24 €/Kg"
"Bloco de desenho A3, 24 folhas",Domédia,1 unidade,"2,99 €","2,99 €/Unidade"
20 saquetas chá noite tranquila,Lipton,Embalagem de 30g,"58,44 €/Kg","58,44 €/Kg"
Trinca de arroz,PorSi,Embalagem de 5 kg,"1,15 €/Kg","1,15 €/Kg"
Bolsinhas Perfumadas Anti Traça de Lavanda,Dum Dum,34 g,"5,99 €","176,18 €/Kg"
Iogurte natural,Danone,Embalagem de 4 x 120 g,"0,99 €","1,98 €/Kg"
Iogurte bio manga e baunilha,Páturages,Embalagem de 4 x 125 g,"5,97 €/Kg","5,97 €/Kg"
50 Jogos Reunidos,Clementoni,1 unidade,"9,99 €/Unidade","9,99 €/Unidade"
Água mineral natural alcalina,MONCHIQUE,Garrafão de 5 l,"1,04 €","0,17 €/L"
Café moagem universal angola,Delta,Embalagem de 220g,"9,16 €/Kg","9,16 €/Kg"
Loção Sensitive,Baby Dove,Embalagem de 200 ml,"0,59 €","5,90 €/L"
Toping chocolate milka,Royal,Embalagem de 300g,"1,27 €","3,18 €/Kg"
O Meu Primeiro Monopoly,Monopoly,,"9,99 €/Unidade","9,99 €/Unidade"
Batata Roxa Nova Granel,Legumes do Dia,1 un = 250 gr  (aprox.),"0,25 €","0,99 €/Kg"
Cadeira Eno Rotativa 360° Grupo 0/1/2/3,Nania,1 unidade,"42,99 €","42,99 €/Unidade"
Mini tostas integrais super finas,PorSi,Embalagem de 100 g,"2,39 €","6,83 €/Kg"
Carro Disney,Baby Clementoni,1 unidade,"11,99 €/Unidade","11,99 €/Unidade"
Creme de coentros sem batata,PorSi,Embalagem de 900 g,"1,69 €","2,11 €/Kg"
Óleo Performa 5W40 Sintetico,Galp,Embalagem de 5 l com oferta limpa vidros Ecauto 5L,"13,99 €","13,99 €/L"
Refrigerante sem gás laranja,Trina,"Garrafa de 1,5 l","0,99 €","0,66 €/L"
Bebida energética tropical edition,Red Bull,Garrafa de 250 ml,"5,39 €","5,39 €/L"
Whisky Blended,Label 5,Garrafa de 1L,"11,49 €","16,41 €/L"
Iogurte líquido frutos tropicais,Longa vida,Embalagem de 4 x 160 g,"1,17 €","1,83 €/Kg"
Gelado bomboniera,Olá,Embalagem de 140ML,"5,99 €","16,64 €/L"
2 Vieiras Gratinadas À Bretanha,PorSi Select,220 g,"1,99 €","6,63 €/Kg"
Filetes primavera sementes de quinoa,Iglo,Embalagem de 250 g,"1,64 €","6,56 €/Kg"
Cheerios 375g,Nestle,Embalagem de 380g,"5,07 €/Kg","5,07 €/Kg"
Mega balde dos animais,Baby Clementoni,1 un.,"11,99 €/Unidade","11,99 €/Unidade"
Arroz agulha,Caçarola,Embalagem de 1 kg,"0,99 €","0,99 €/Kg"
Ambientador vela duo maçã,Air Wick,Embalagem de 210g,"9,49 €","45,19 €/Kg"
Pescada do Pacífico,Peixe Congelado,"Congelada de 1 a 1,5 kg","3,99 €/Kg","3,99 €/Kg"
Lagartos,PorSi,Embalagem de 300 gr,"0,69 €","3,45 €/Kg"
Infusão nº 13 diabet control,Cemporcent,Embalagem de 10 unidades,"0,79 €","60,77 €/Kg"
Conjunto Descoberta Fóssil,Jurassic World,1 un.,"9,99 €/Unidade","9,99 €/Unidade"
Bolacha digestive aveia 258g,Vieira,Embalagem de 258 g,"1,14 €","3,80 €/Kg"
Tampões Compak Pearl Super Com Aplicador,Tampax,16 unidades,"1,39 €","1,39 €/Unidade"
Vinho tinto,Enc.bairro,Bag-in-box de 5L,"5,19 €","1,04 €/L"
Creme de dia para pele normal,Labell,Embalagem de 50 ml,"2,99 €","59,80 €/L"
Anticongelante vermelho -11,Arbo,Embalagem de 5 l,"3,99 €","0,80 €/L"
Tempero para Frangos Ervas Aromáticas,PorSi,34 g,"3,69 €","23,06 €/Kg"
Lombos de tamboril,PorSi,Ultracongelado,"4,00 €","7,99 €/Kg"
Fralda cueca T5 - 12 a 18 kg,PorSi,20 unidades,"14,99 €","14,99 €/Unidade"
Douradinhos s/glúten,Capitão Iglo,Embalagem de 250g,"9,30 €/Kg","9,30 €/Kg"
10 Cones de Baunilha,Progelcone,Embalagem de 110 g,"2,82 €","9,40 €/Kg"
Magnum amêndoa,Olá,Embalagem de 6 x 55 ml,"5,99 €","16,64 €/L"
Sumo clássico 100% maçã,Compal,Garrafa de 200 ml,"1,09 €","0,73 €/L"
Vinho branco monbazillac  2012,Expertclub,Garrafa de 750 ml,"6,89 €","9,19 €/L"
Vinho do porto dona antónia tawny,Ferreira,Garrafa de 0.75L c/ Oferta Copo,"10,99 €","14,65 €/L"
Gressinos sem glúten,Schar,Embalagem de 150g,"2,39 €","6,83 €/Kg"
Farinha soja,Salutem,Embalagem de 400g,"2,29 €","11,45 €/Kg"
Livro da Selva,Europrice,1 unidade,"7,50 €/Unidade","7,50 €/Unidade"
Receita caseira de jardineira,Nobre,Embalagem de 420g,"2,35 €","5,60 €/Kg"
Estendal de Chão Biarritz,Petex,Dim.: 18m,"0,99 €","0,99 €/Unidade"
Bebida coco,Alpro,Embalagem de 1L,"2,49 €","2,49 €/L"
Espreguiçadeira starlight,Bebéconfort,1 un.,"42,99 €","42,99 €/Unidade"
Pá + espanador,PorSi,1 conjunto,"2,20 €","2,20 €/Unidade"
Feijão branco,PorSi,Embalagem de 500g,"0,95 €","1,90 €/Kg"
Pilhas recarregáveis D HR20 2600mAh,Domédia,Embalagem com 2 unidades,"1,99 €","1,99 €/Unidade"
Peito de peru,PorSi,"Vendido ao peso, fatiado a partir de 150 g","2,25 €","11,25 €/Kg"
Cápsulas de café qharisma,Delta Q,Embalagem de 60g,"54,36 €/Kg","54,36 €/Kg"
Creme culinário de soja,Shoyce,Garrafa de 200 ml,"1,39 €","6,95 €/L"
Vermute rosso,Martini,Garrafa de 1 l,"11,49 €","11,49 €/L"
Chantilly,Royal,Embalagem de 70g,"1,27 €","3,18 €/Kg"
Bolachas Recheadas Com Chocolate,PRINCE,Embalagem de 178g,"2,15 €","2,87 €/Kg"
Ice tea de manga,PorSi,"Embalagem de 6x0,20 l","0,99 €","0,66 €/L"
Sacos lixo eco com atilho 30 litros,PorSi,20 unidades,"1,79 €","1,79 €/Unidade"
Pão ralado crocante,ESPIGA,Embalagem de 150g,"0,55 €","2,29 €/Kg"
V-protein chocolate,GoldNutrition,Embalagem de 240g,"3,99 €","39,90 €/Kg"
Feijão manteiga caçarola,Cacarola,Embalagem de 500g,"0,95 €","1,90 €/Kg"
Sementes de linhaça dourada,PorSi Viva Bem,Embalagem de 250 g,"1,59 €","10,60 €/Kg"
Na-far pão caseiro 6kg,Nacional,Embalagem de 1 kg,"1,99 €","1,99 €/Kg"
Massa spaghetti tricolore,Milaneza,Embalagem de 500 g,"0,89 €","1,78 €/Kg"
Pastilhas fire canela,CHICLETS,Embalagem de 16 g,"0,22 €","14,67 €/Kg"
Jardineira,PorSi,Embalagem de 750 g,"1,89 €","1,89 €/Kg"
Recarga laminas labs,Gillette,9 unidades,"1,16 €","4,64 €/L"
5 rissóis de leitão,PorSi,Embalagem de 400g,"1,64 €","6,56 €/Kg"
Paloco desfiado do pacifico,Peixe Fresco,Embalagem de 400 g,"8,73 €/Kg","8,73 €/Kg"
"Cadeira casablanca sem braços, verde",Joluce,1 unidade,"5,99 €","5,99 €/Unidade"
Cação sem Pele,Peixe do Dia,1 un=250 gr (aprox.),"5,99 €/Kg","5,99 €/Kg"
Sopa de legumes,PorSi,Embalagem de 900 g,"1,69 €","2,11 €/Kg"
Granulado PH menos,Gre,1.5 kg,"34,99 €","34,99 €/Unidade"
Queijo sandwich 10 fatias,A Vaca Que Ri,Embalagem de 200G,"1,49 €","7,45 €/Kg"
Iogurte batido magro com mirtilos sem lactose,Mimosa,4 x 120 g,"0,99 €","1,98 €/Kg"
Plumas de porco preto,PorSi Select,250 g,"3,99 €","3,99 €/Kg"
Cogumelo Portobello Pequeno,Legumes do Dia,embalagem de 300 g,"1,79 €","5,97 €/Kg"
Inseticida para baratas e formigas,Baygon,Embalagem de 400 ml,"4,39 €","7,32 €/L"
Refrigerante c/ gás laranja,Fanta,"Garrafa de 1,5 l","0,40 €/L","0,40 €/L"
Perninhas de Frango no Forno,Centralres,Vendido ao peso,"2,99 €","11,96 €/Kg"
Fermento em pó,PorSi,Embalagem de 150 g,"1,49 €","18,17 €/Kg"
Autocarro Formas e Cores,Baby Clementoni,1 unidade,"11,99 €/Unidade","11,99 €/Unidade"
"Alimento para cão adulto bio complex, com frango",HappyOne,Embalagem de 4 kg,"1,15 €/Kg","1,15 €/Kg"
Bicacereais - preparado para bebida de cereais,Cemporcent,Embalagem de 100g,"2,19 €","2,19 €/L"
Vinh do porto ruby,Cruz,Garrafa de 750 ml,"6,65 €/L","6,65 €/L"
Braçadeiras Unicórnio,Mondo,1 Embalagem,"2,99 €","2,99 €/Unidade"
Porto tawny valadão,Valadao,Garrafa de 750 ml,"15,99 €","21,32 €/L"
Tampões Super Plus Compak Pearl,Tampax,16 unidades,"1,39 €","1,39 €/Unidade"
Circuito fechado rosa -5º,Redex,Embalagem de 5 l,"13,99 €","13,99 €/L"
"Snack de queijo flamengo, nozes e uvas passas",Terra Nostra,Embalagem de 40g,"1,49 €","7,45 €/Kg"
Lancheira,PorSi,Dim.: 20x14x15 cm,"19,90 €","19,90 €/Unidade"
Pastilha Elástica Bottle Frutos Vermelhos,Trident,Embalagem de 82 g,"0,22 €","14,67 €/Kg"
Creme p/ Mãos Cashmere,Dove,Embalagem de 75 ml,"2,49 €","41,50 €/L"
Barrita controlo de peso chocolate,Ignoramu,Embalagem de 44g,"3,99 €","39,90 €/Kg"
Panados de frango,PorSi,Embalagem de 500 g,"9,30 €/Kg","9,30 €/Kg"
Bolacha de água e sal júnior,Vieira,Embalagem de 160g,"1,14 €","3,80 €/Kg"
Agrafador pocket universal nº10,Maped,1 unidade,"2,25 €","2,25 €/Unidade"
"Ambientador spray, aerosol, lavanda",Glade,Embalagem de 300 ml,"0,99 €","3,30 €/L"
Queijo Amarelo da Beira Baixa DOP,Casa Almeida,Vendido ao peso a partir de 250 gr,"2,87 €","15,94 €/Kg"
Arroz carolino vaporizado,Cacarola,Embalagem de 1 kg,"0,99 €","0,99 €/Kg"
Danacol frutos exóticos,Danone,Embalagem de 6 x 100 g,"4,15 €/Kg","4,15 €/Kg"
Bandida do pomar maçã 4x25cl,Bandida,Garrafa de 1 l,"1,59 €","3,18 €/L"
Iogurte magro morango,Longa vida,Embalagem de 6 x 120 g,"0,99 €","1,32 €/Kg"
Azeitona galega mista inteira,PorSi,Vendido ao peso a partir de 500 g,"1,00 €","3,99 €/Kg"
Salmão Fumado da Escócia,PorSi Select,Embalagem de 200 g,"3,35 €","22,33 €/Kg"
Chiclets morango 16.8g,CHICLETS,Embalagem de 20g,"0,22 €","14,67 €/Kg"
Yoggi liquido morango,Nestle,Embalagem de 8x160g,"1,17 €","1,83 €/Kg"
Limão biológico,PorSi Bio,Emb.: ± 500 g,"0,27 €","1,09 €/Kg"
Gomas happy cola,Haribo,Embalagem de 100g,"1,19 €","3,97 €/Kg"
Gogo SqueeZ Snack Maçã e Pera,Gogo,Embalagem de 90g,"2,29 €","6,94 €/L"
Água com gás,Vimeiro,"Garrafa de 1,5 l","2,85 €","2,85 €/L"
Vinho verde branco,3 marias,Garrafa de 1 l,"3,09 €","3,09 €/L"
Vermute Floreale sem Álcool,Martini,Garrafa de 750 ml,"11,49 €","11,49 €/L"
Concentrado de frutas tropicais,Sunquick,Garrafa de 700 ml,"4,79 €","6,47 €/L"
Queijo Curado Amanteigado,Queijaria das Pousadas,Vendido ao peso a partir de 250 g,"2,42 €","9,69 €/Kg"
Tira Nódoas,Sanytol,embalagem com 450g,"10,99 €","52,33 €/Kg"
"Joya bebida de amêndoa alto teor de protéina, sem aç...",Joya,Garrafa de 1 l,"2,19 €","2,19 €/L"
Tablete de chocolate leite bubbly,Milka,Embalagem de 90g,"5,30 €/Kg","5,30 €/Kg"
Batatas forno ervas,Lay's,Embalagem de 130g,"5,84 €/Kg","5,84 €/Kg"
Tragabolas,Hasbro,1 un.,"9,99 €/Unidade","9,99 €/Unidade"
Champanhe rose bruto,Delagne & Fils,"Garrafa de 0,75 l","34,99 €","46,65 €/L"
Guitarra Musical,Chicco,1 un.,"11,99 €/Unidade","11,99 €/Unidade"
"Alimento seco para gato adulto, galinha",Whiskas,"Embalagem de 1,75 kg","12,99 €","4,33 €/Kg"
"Néctar de alperce, tetra",Compal,pack 3 x 200 ml,"0,99 €","0,99 €/L"
Chocolate em pó,Canderel,Embalagem de 250g,"5,59 €","6,99 €/Kg"
Bolacha vitalday crocante chocolate,Gullon,Embalagem de 280g,"2,82 €","9,40 €/Kg"
Cerveja c/ álcool,Sagres,pack 30 x 0.25 L,"1,99 €/L","1,99 €/L"
Desinfetante de frutas e vegetais,Clean Essence,500 ml,"0,47 €","1,89 €/Kg"
Bol. chip choco s/gluten 130g,Gullon,Embalagem de 130g,"4,29 €","20,43 €/Kg"
Doce de amora com frutose,Salutem,Embalagem de 330g,"5,99 €","19,97 €/Kg"
Snack dentastix médio,Pedigree,Embalagem de 720 g,"0,85 €","4,72 €/Kg"
Alimento para cão junior,HappyOne,Embalagem de 10 kg,"1,15 €/Kg","1,15 €/Kg"
"Jogo ""Emoções Monstro das Cores""",Diset,1 unidade,"9,99 €/Unidade","9,99 €/Unidade"
Biscoitos biológicos,Seara,Embalagem de 220g,"2,99 €","5,98 €/Kg"
Arroz carolino,Caçarola,Embalagem de 1kg,"0,99 €","0,99 €/Kg"
Iogurte pedaços frutos vermelhos,PorSi,Embalagem de 8 x 125 g,"4,36 €","2,18 €/Kg"
Chá infusão nº3 prostal control,Cemporcent,Embalagem de 13g,"58,44 €/Kg","58,44 €/Kg"
11 Nuggets de Proteína Vegetal Polme Estilo American...,Iglo green,Embalagem de 220g,"1,99 €","6,63 €/Kg"
Vinagre de sidra,PorSi,500 ml,"0,35 €","0,70 €/L"
Orégãos em folha,PorSi,Embalagem de 10g,"0,20 €","0,20 €/Kg"
Máquina Depilatória Extra Smooth Sensitive,Gillette,1 unidade,"5,49 €","5,49 €/Unidade"
Cereais bio chocapic,Nestle,Embalagem de 330g,"2,99 €","5,98 €/Kg"
Delícias do mar s/ glúten,Pescanova,Embalagem de 450 g,"2,89 €","6,42 €/Kg"
Gel Styling Casual Black,Axe,Embalagem de 75 ml,"5,99 €","14,98 €/L"
Recarga para ambientador elétrico flor de cerejeira,Air Wick,19 ml,"5,99 €","23,96 €/L"
Gel de banho júnior maçã e pera,Labell,Embalagem com 300 ml,"1,99 €","1,99 €/Unidade"
Frango Inteiro Grande,Frango,1 un = 1.6 kg (aprox.),"1,05 €","2,99 €/Kg"
Bloco sanitário power 5 duo blue water ocean,Domestos,Embalagem de 1 unidades,"2,99 €","74,75 €/Kg"
Lâmpada LED Formato Clássico 8W E27 220-240V,Domédia,1 un.,"3,89 €","3,89 €/Unidade"
Ambientador Arbre Pinho,Arbre Magique,3 unidade,"1,99 €","1,99 €/Unidade"
Queijo Parmigiano Regiano Curado,*,Vendido ao peso,"1,59 €","6,36 €/Kg"
Alimento seco p/ cão actividade intensa,PorSi,Embalagem de 4kg,"1,15 €/Kg","1,15 €/Kg"
Gomas favoritos pica,Haribo,Embalagem de 90g,"1,19 €","3,97 €/Kg"
Kiwi Biológico,PorSi Bio,Emb.: ± 500 g,"0,40 €","1,99 €/Kg"
Guardanapos,PorSi,,"1,28 €","1,28 €/Unidade"
Pudim de leite condensado,Fabridoce,Embalagem de 500 g,"0,59 €","29,50 €/Kg"
Ambientador carro recarga aqua,Ambipur,1 unidade,"1,99 €","1,99 €/Unidade"
Spray power&shine casa de banho,Cif,Garrafa de 750 ml,"0,79 €","0,79 €/L"
Polpa de tomate,PorSi,Embalagem de 500 g,"3,69 €","23,06 €/Kg"
Filete peixe gato riscado higienizado congelado,*,Vendido ao peso,"4,00 €","7,99 €/Kg"
Café Clássico,PorSi,10 cápsulas,"54,36 €/Kg","54,36 €/Kg"
Contentor para água dobrável,Camp Active,Cap.: 10 L,"4,49 €","4,49 €/Unidade"
Puzzle Canal Panda,Olivo,60 peças,"12,99 €","12,99 €/Unidade"
Pão forma integral sem côdea,PorSi,Embalagem de 450g,"0,99 €","1,65 €/Kg"
Ambientador stick delicias de verão,Air Wick,Embalagem de 1 unidades,"9,49 €","45,19 €/Kg"
Creme vegetal soja,Planta,Embalagem de 250 gr,"2,09 €","8,36 €/Kg"
Bolachas oreo,Oreo,Embalagem de 440g,"0,79 €","4,49 €/Kg"
Molas plásticas,PorSi,15 unidades,"0,99 €","0,99 €/Unidade"
Vinho regional de lisboa tinto,Marginal,Garrafa de 750 ml,"3,99 €","5,32 €/L"
Vinho tinto,PorSi,embalagem de 5 litros,"5,19 €","1,04 €/L"
Café nespresso descafeinado intensidade 11,STARBUCKS,Embalagem com 10 unidades,"1,59 €","6,36 €/Kg"
"Papel higiénico super, folha dupla, 24 rolos",Renova,Uma embalagem,"1,95 €","1,95 €/Unidade"
Polpa de tomate em garrafa,Compal,Embalagem de 500g,"3,69 €","23,06 €/Kg"
Pão Bijou Mistura,Pão do Dia,1 unidades = 45 g,"0,19 €","2,38 €/Kg"
Halls Mini Mints Melancia,Halls,12.5 g,"2,30 €","57,50 €/Kg"
Soja polpa fruta,PorSi Viva Bem,Embalagem de 8 x 100 g,"3,09 €","6,18 €/Kg"
Presunto fatiado,PorSi,Embalagem de 200g,"2,49 €","12,45 €/Kg"
Peito de peru forno a lenha fatias finas,Izidoro,110 g,"2,25 €","11,25 €/Kg"
Vela com número nº 6,PorSi,1 unidade,"0,95 €","0,95 €/Unidade"
Detergente manual de roupa,Omo,Embalagem de 540g,"0,99 €","2,48 €/Kg"
Patê atum em escabeche,La piara,Embalagem de 80g,"1,19 €","13,52 €/Kg"
Dentífrico júnior 7 a 12 anos,Colgate,Embalagem de 50 ml,"0,99 €","0,99 €/Unidade"
Corn flakes sem glúten,Schar,Embalagem de 250g,"2,29 €","6,11 €/Kg"
Papel Higiénico Compacto Ultra Suave XXL,Colhogar,12 rolos,"1,95 €","1,95 €/Unidade"
Queijo ovelha curado amanteigado,Seia,Embalagem de 250g,"4,62 €","18,49 €/Kg"
Caldeirada,Bacalhau,Embalagem de 400 g,"8,73 €/Kg","8,73 €/Kg"
Cabos Bateria 200Amp,Bottari,1 Embalagem,"4,99 €","19,96 €/L"
"Sangria tinta, bag in the box",Leziria,Garrafa de 5 l,"1,99 €","1,33 €/L"
Liquido em gel para WC Hibisco Rosa,Ambipur,Embalagem de 750 ml,"2,79 €","3,99 €/L"
Queijo Flamengo em Barra Light,Terra Nostra,1 un = 150 gr (aprox.),"1,49 €","7,45 €/Kg"
Iogurte líquido morango/banana,PorSi,Embalagem de 4 x 160 g,"1,17 €","1,83 €/Kg"
Gomas spaghetti pica morango,Haribo,Embalagem de 80g,"1,19 €","3,97 €/Kg"
Iogurte morango 000%,PorSi Viva Bem,Embalagem de 4 x 125 g,"0,99 €","1,32 €/Kg"
Petit gâteau chocolate negro belga,PorSi,Embalagem com 4 unidades,"2,19 €","6,64 €/Kg"
Lasanha bolonhesa,Iglo,Embalagem de 300g,"3,53 €","8,83 €/Kg"
Bicicleta,T-Rex,"roda 12""","99,99 €/Unidade","99,99 €/Unidade"
Moscatel de setúbal,Alambre,"Garrafa de 0,75L","5,99 €","7,99 €/L"
Néctar clássico pêssego,Compal,200 ml,"0,99 €","0,99 €/L"
Faca Pão 20 cm Inox,PorSi,1 unidade,"4,89 €","4,89 €/Unidade"
Lasanha à bolonhesa,PorSi,Embalagem de 1 kg,"3,53 €","8,83 €/Kg"
Salsicha p/Churrasco Aves,Carne Sorraia,1 Embalagem 360G,"0,99 €","7,07 €/Kg"
"Creme depilatório para duche, peles sensiveis",Veet,Garrafa de 150 ml,"10,99 €","73,27 €/L"
Sortido,Cuetara,Embalagem de 210g,"6,83 €/Kg","6,83 €/Kg"
Salsichão extra allnatural fatiado,Allnatural,Embalagem de 80g,"1,35 €","16,88 €/Kg"
Leite Hidratante After Sun,Ambre Solaire,Embalagem de 200 ml,"9,99 €","49,95 €/L"
Bloco sanitário com suporte azul,WC Pato,Embalagem de 40 g,"2,99 €","74,75 €/Kg"
Cuecas Incontinência Unisexo Pants Super L,Tena,12 unidades,"9,99 €","9,99 €/Unidade"
Mousse Caramelo,A leiteira,Embalagem de 4 x 60 g,"1,19 €","2,59 €/Kg"
Vela com número nº 0,PorSi,1 unidade,"0,95 €","0,95 €/Unidade"
"Saca rolhas a pilhas, preto/inox",Anilar,1 unidade,"3,99 €","3,99 €/Unidade"
Borrego Inteiro/Metades,Borrego,"1/2 un = 7 kg,  1 un = 14 kg (aprox.)","69,86 €","9,98 €/Kg"
Recargas ambientador elétrico romantic vanilla bloss...,Glade,Embalagem de 2 x 20 ml,"5,99 €","23,96 €/L"
Queijo Flamengo Fatias,PorSi,Embalagem 500G,"1,49 €","7,45 €/Kg"
Ted falante,Baby Clementoni,1 unidade,"11,99 €/Unidade","11,99 €/Unidade"
Leite com chocolate,PorSi,Embalagem de 200 ml,"0,26 €","1,30 €/L"
Xarope grenadine,Paquito,Garrafa de 750 ml,"4,79 €","6,47 €/L"
Esparguete,PorSi,Embalagem de 1 kg,"0,89 €","1,78 €/Kg"
Azeite virgem extra reserva,Gallo,Garrafa de 750 ml,"3,19 €","4,25 €/L"
"Tira gorduras, recarga",Agerul,Embalagem de 750 ml,"4,89 €","6,52 €/L"
Álcool Etílico Sanitário,PorSi,200 ml,"2,86 €","2,86 €/Unidade"
Tostas suecas de trigo,PorSi,Embalagem de 225 g,"2,39 €","6,83 €/Kg"
Ecobag 30 L Perfumado,Vileda,1 embalagem,"1,79 €","1,79 €/Unidade"
"12 lápis de cor, 18cm",Domédia,Uma embalagem,"3,09 €","3,09 €/Unidade"
Presunto S/Osso,Pata branca,"Vendido ao peso, fatiado a partir de 200 g","2,49 €","12,45 €/Kg"
Fita adesiva,PorSi,5m x 1.25 cm,"2,86 €","2,86 €/Unidade"
Detergente pastilhas p/ máquina loiça oxyplus,Super Pop,Embalagem de 45 unidades,"2,99 €","2,99 €/Unidade"
Iogurte Líquido Yoggi s/ lactose frutos silvestres,Nestle,4x160g,"1,17 €","1,83 €/Kg"
Creme p/ barrar de chocolate e avelã,Milka,Embalagem de 340g,"4,19 €","12,32 €/Kg"
Abrasivo sanitário pinho e eucalipto,PorSi,embalagem de 1 litro,"0,99 €","0,99 €/L"
Soja nacos,PorSi Viva Bem,Embalagem de 400 g,"2,09 €","8,36 €/Kg"
Leite seleccionado matinal leve,Matinal,Embalagem de 200 ml,"0,81 €","0,81 €/L"
Gel intimo calendula,Fres&Clean,Garrafa de 250 ml,"4,69 €","18,76 €/L"
Algodão zig zag pré-cortado,PorSi,Embalagem de 50 g,"2,86 €","2,86 €/Unidade"
Vinho rosé,Mateus,Garrafa de 750 ml,"4,29 €","5,72 €/L"
10 saquetas chá frutos vermelhos,Lipton,Embalagem de 10g,"44,50 €/Kg","44,50 €/Kg"
Vinho branco tejo,Alorna,Garrafa de 750 ml,"3,99 €","5,32 €/L"
Lula limpa 20/40,PorSi,Embalagem de 800 g,"5,49 €","6,86 €/Kg"
28 mini bolinhas bacalhau,PorSi,Embalagem de 300 g,"1,64 €","6,56 €/Kg"
Sardinha em azeite,PorSi Select,Lata de 120 g,"7,08 €/Kg","7,08 €/Kg"
Café Torrado em Grão Indonésia,Delta,Embalagem de 220g,"9,16 €/Kg","9,16 €/Kg"
Bolachas crackers s/ sal,Du bois,Embalagem de 500g,"0,39 €","3,12 €/Kg"
Pudim Rico em Proteína de Caramelo,Ehrmann,Embalagem de 200g,"1,19 €","2,59 €/Kg"
Leite desmaquilhante para peles secas,Labell,Embalagem de 250 ml,"7,49 €","7,49 €/Unidade"
Feijão encarnado,PorSi,Embalagem de 820 g,"1,79 €","2,29 €/Kg"
"Frutapura pera, banana e alperce",Bledina,Embalagem de 85g,"2,29 €","6,94 €/L"
Morcela vegetal,Veg In,Embalagem de 200g,"1,49 €","7,45 €/Kg"
Fusion Cola,Faisão,Garrafa de 0.75 l,"1,99 €","1,33 €/L"
Livro A Cigarra e a Formiga,Europrice,1 unidade,"7,50 €/Unidade","7,50 €/Unidade"
Azeiteira Inox Geo,Imf,500 ml,"3,99 €","3,99 €/Unidade"
Hambúrguers deluxe vegetarianos,Garden Gourmet,Embalagem de 180g,"1,99 €","6,63 €/Kg"
Pasta dentífrica gel kids,Labell,Embalagem de 50 ml,"0,99 €","0,99 €/Unidade"
Espreguiçadeira malibu antracite,Joluce,190 x 66 x 42 cm,"34,99 €","34,99 €/Unidade"
Palmiers,PorSi,Embalagem de 720 g,"1,69 €","6,76 €/Kg"
Dentífrico infantil frutas naturais 3 aos 5 anos,Colgate,50 ml,"0,99 €","0,99 €/Unidade"
"Vinho branco região da península de setúbal, bag in ...",Dom Campos,Garrafa de 5 l,"9,49 €","1,90 €/L"
Lixívia para roupa delicada,Vanish,Garrafa de 2 l,"2,19 €","1,10 €/L"
Chispalhada,PorSi,Embalagem de 420 g,"2,35 €","5,60 €/Kg"
Vinho branco região do Dão,Dharma,Garrafa de 0.75 l,"3,99 €","5,32 €/L"
Pilha alcalina hightech lr20x2,Domédia,1 unidade,"1,99 €","1,99 €/Unidade"
Cereais Forma Natura,PorSi,500 g,"3,45 €","26,74 €/Kg"
Vinho branco,Alandra,Garrafa de 750 ml,"1,54 €","2,05 €/L"
Empadas soja,PorSi Viva Bem,Embalagem de 260g,"2,09 €","8,36 €/Kg"
Vinho tinto regional peninsula de setúbal,Fonte nico,Garrafa de 750 ml,"8,59 €","11,45 €/L"
Iogurte Pedaços Kiwi 0% Matéria Gorda/Açúcares,Danone,4 x 120 g,"4,36 €","2,18 €/Kg"
Licor Limoncello,Vila Massa,"Embalagem de 0,50 l","16,99 €","24,27 €/L"
Cabide Anti-Humidade,HUMYDRY,450 g,"6,99 €","6,99 €/Unidade"
Nestle bebe natural 4x100g,Nestle,Embalagem de 400g,"2,89 €","7,23 €/Kg"
Molho bechamel soja,Valsoia,Embalagem de 200g,"3,99 €","26,60 €/L"
Desumidificador Basic,HUMYDRY,embalagem de 250g,"2,99 €","6,64 €/Kg"
Toalhitas para bebé melão,PorSi,Embalagem de 60 unidades,"1,09 €/Unidade","1,09 €/Unidade"
Batata frita light,PorSi,Embalagem de 150g,"0,95 €","6,33 €/Kg"
Fuba de mandioca,Cemporcent,Embalagem de 200g,"1,19 €","2,38 €/Kg"
"Alimento para peixe, animin goldfish food",Tetra,Garrafa de 250 ml,"7,29 €","7,29 €/L"
Bola Unicórnio 50 cm,Mondo,1 unidade,"2,99 €","2,99 €/Unidade"
Caju bio,*,Vendido ao peso a partir de 200 g,"0,95 €","3,78 €/Kg"
Delícia semi-fria cheesecake,Royal,embalagem de 325 g,"1,39 €","6,95 €/L"
Cereais cruesli fruta,Quaker,Embalagem de 380g,"2,29 €","6,11 €/Kg"
Melaço de cana,Cemporcent,Embalagem de 370g,"5,99 €","19,97 €/Kg"
Batata frita presunto,Ruffles,Embalagem de 150 g,"5,84 €/Kg","5,84 €/Kg"
Stevia chocolate negro com frutos vermelhos,Cemporcent,Embalagem de 125g,"2,89 €","23,12 €/Kg"
Massa quebrada margarina,PorSi,Embalagem de 230 g,"0,99 €","4,30 €/Kg"
Leite de pastagem biológico meio gordo,Milhafre,1 litro,"0,81 €","0,81 €/L"
Bebida energética ripper,Monster,Garrafa de 500 ml,"5,39 €","5,39 €/L"
Pilhas Alcalinas AA Optimum,Duracell,Blister 4 Pilhas,"1,99 €","1,99 €/Unidade"
Nestum Mel,Nestlé,Embalagem de 3x300g,"4,49 €","4,49 €/Kg"
Loção solar protect & bronze f30,Nivea Sun,Embalagem de 200 ml,"10,99 €","54,95 €/L"
Pão da Beira,PorSi,1 unidade = 83 g,"0,19 €","2,38 €/Kg"
"Queijo flamengo, bola metade",Terra Nostra,Embalagem de 700g,"1,49 €","7,45 €/Kg"
Balde com pedal eco branco,PorSi,Capacidade: 52 litros,"17,00 €","17,00 €/Unidade"
Ovos Frescos Classe M,PorSi,12 unidades,"2,19 €","2,19 €/Unidade"
Almôndegas Vegetais Green Cuisine,Iglo green,Embalagem de 240g,"1,99 €","6,63 €/Kg"
Maçã Bravo Esmolfe,Fruta do Dia,1 un = 150 gr (aprox.),"0,34 €","2,29 €/Kg"
Vinho Tinto Douro Reserva,Duas Quintas,Garrafa de 750 ml,"3,09 €","3,09 €/L"
Bebida doubleshot expresso,STARBUCKS,Embalagem de 200 ml,"3,09 €","24,72 €/Kg"
Saca Rolhas Elétrico c/ USB,San Ignacio,1 unidade,"17,99 €","17,99 €/Unidade"
Banha,PorSi,Embalagem de 230 g,"2,39 €","2,39 €/Kg"
Pasta dentífrica herbal branqueadora,Colgate,Embalagem de 75 ml,"2,29 €","30,53 €/L"
Atum posta em óleo,General,Embalagem de 110g,"7,08 €/Kg","7,08 €/Kg"
Elixir Anti-Tartaro,Listerine,500 ml,"5,89 €","11,78 €/L"
Doce morango 284g,ST.DALFOUR,Frasco de 284g,"2,19 €","9,95 €/Kg"
Vela com número nº 3,PorSi,1 unidade,"0,95 €","0,95 €/Unidade"
Ananás rodelas em sumo,PorSi,Embalagem de 3 x 220 g,"1,99 €","2,37 €/Kg"
Creme vegetal com óleo de girassol,Becel,Embalagem de 500 ml,"1,39 €","6,95 €/L"
Iglo c/ Avançado p/ 3 Pessoas,Saurium,,"14,99 €","14,99 €/Unidade"
Leite seleccionado magro,Matinal,Garrafa de 1 l,"0,81 €","0,81 €/L"
Rolo de seitan com ervas,Cemporcent,Embalagem de 200g,"4,99 €","16,63 €/Kg"
Cola apanha ratos,Neolar,Embalagem de 200 ml,"4,39 €","7,32 €/L"
8 fantasias do mar,PorSi,Embalagem de 250g,"1,64 €","6,56 €/Kg"
Smoothie energizante,Be Plus,Embalagem de 150 g,"2,19 €","2,19 €/L"
Alho-francês,PorSi,Embalagem de 750 g,"1,89 €","1,89 €/Kg"
Iogurte activia líquido cereais,Danone,Embalagem de 4 x 155 g,"2,79 €","6,07 €/Kg"
Collant mousse muskade 20D,PorSi,Tamanho: l,"1,99 €","1,99 €/Unidade"
Salvacamas 60x180,Lindor,Embalagem de 15 unidades,"4,99 €","4,99 €/Unidade"
Gelatina de melancia,Koala,Embalagem de 130g,"0,85 €","2,13 €/Kg"
"Creme para mãos, caixa familiar",Nivea,Embalagem de 250 ml,"2,49 €","41,50 €/L"
Ambientador vela citronela,PorSi,1 unidade,"9,49 €","45,19 €/Kg"
Cha infusão vermelho,Cemporcent,Embalagem com 10 saquetas,"58,44 €/Kg","58,44 €/Kg"
Ração para gato júnior com frango,Purina One,Embalagem de 800 g,"12,99 €","4,33 €/Kg"
Yopro líquido manga,Danone,Embalagem de 300g,"1,17 €","1,83 €/Kg"
Costeletas,Borrego,1 un = 250 gr  (aprox.),"69,86 €","9,98 €/Kg"
Nestum zero espelta/aveia,Nestum,Embalagem de 250 g,"4,49 €","4,49 €/Kg"
Bebida energética original,Burn,Garrafa de 500 ml,"5,39 €","5,39 €/L"
Infusão funcho,Cemporcent,Embalagem de 10 unidades,"0,79 €","60,77 €/Kg"
Cereais recheados com chocolate e avelã,PorSi,Embalagem de 400g,"5,07 €/Kg","5,07 €/Kg"
Champanhe meio seco,Delagne & Fils,"Garrafa de 0,75 l","34,99 €","46,65 €/L"
Queijo fresco petits suisses  40% mg,Páturages,Embalagem 6X60G,"1,05 €","1,86 €/L"
"M&m's drageias de amendoim e chocolate de leite,",M&m's,Embalagem de 200g,"11,98 €/Kg","11,98 €/Kg"
Bolacha vitalday frutos vermelhos,Gullon,Embalagem de 240g,"2,82 €","9,40 €/Kg"
Chá preguiça intestinal,PLANTANATU,Embalagem de 10 unidades,"1,19 €","1,19 €/Unidade"
Óleo especial fritura,Fula,Garrafa de 1 l,"3,39 €","3,39 €/L"
Gengibre em pó bio,Cemporcent,Embalagem de 75g,"1,19 €","2,38 €/Kg"
Sandes mista,PorSi,Embalagem de 130g,"0,65 €","0,65 €/Unidade"
Cereais cookie crisp,Nestle,Embalagem de 380g,"5,07 €/Kg","5,07 €/Kg"
Comida húmida para cão em saquetas de frango/borrego,Purina One,Embalagem de 400g,"2,30 €/Kg","2,30 €/Kg"
Pilha alcalina classic lr6x8,Domédia,1 unidade,"1,99 €","1,99 €/Unidade"
Baguete de alho,Panike,Embalagem de 350g,"3,40 €/Kg","3,40 €/Kg"
Flocos de centeio integral,Cemporcent,Embalagem de 400g,"0,68 €","1,70 €/Kg"
Creme de Mãos Hyaluronic,Bioten,Embalagem de 50ML,"2,49 €","41,50 €/L"
Lava Tudo Perfumado Lavanda,PorSi,Embalagem de 2 l,"0,89 €","0,45 €/L"
Oatibix aveia,Weetabix,Embalagem de 500g,"2,29 €","11,45 €/Kg"
Ervilhas primavera 500g,Iglo,Embalagem de 500g,"1,89 €","1,89 €/Kg"
"Fita Papel, 50mmx50m",Vito,1 unidade,"2,59 €","86,33 €/Kg"
Caramelos e rebuçados,PorSi,Embalagem de 200g,"1,19 €","4,76 €/Kg"
Termómetro digital,PorSi,1 unidade,"5,24 €","5,24 €/Unidade"
Pastilhas limão,Smint,Embalagem de 35 g,"2,30 €","57,50 €/Kg"
Caldo Verde,Sopas Portuguesas,Embalagem de 400 ml,"1,69 €","2,11 €/Kg"
Sobremesa de Arroz Doce,PorSi,Embalagem 2X135G,"0,39 €","1,95 €/Kg"
Limpa Madeiras com Sabão,PorSi,Embalagem de 1 L,"0,94 €","0,94 €/L"
Água Mineral Natural 100% Reciclada,Vitalis,Garrafa de 1.5 l,"1,04 €","0,17 €/L"
Limas,Programa Origens,Vendido ao peso,"0,27 €","1,09 €/Kg"
Alga wakame desidratada,Trevijano,Embalagem de 50g,"2,84 €","258,18 €/Kg"
Pantagruel leite caramelo (10x),Pantagruel,Embalagem de 200g,"1,04 €","8,32 €/Kg"
Chocolate Branco Milkybar,Nestle,Embalagem de 100g,"1,09 €","10,90 €/Kg"
Mistura solúvel c/ 20% café pó,PorSi,Embalagem de 200g,"0,99 €","3,96 €/Kg"
Maçã starking 60/65 categoria II Programa Origens,PorSi,Embalagem de 1.5 kg,"0,34 €","2,29 €/Kg"
Resguardos de cama,PorSi,20 unidades de 60 x 90 cm,"4,99 €","4,99 €/Unidade"
Espuma de barbear para peles sensíveis,Labell Men,Embalagem de 250 ml,"1,16 €","4,64 €/L"
Água com gás,Pedras salgadas,Embalagem de 4x1L,"2,85 €","2,85 €/L"
Aguardente Vínica Velha,Curvada de Velha,Garrafa de 70 cl,"12,79 €","18,27 €/L"
Carro de passeio,Asalvo,Dos 6 meses a 15 kg,"42,99 €","42,99 €/Unidade"
Perolas perfumadas floral,PorSi,Embalagem de 275 g,"8,49 €","1,80 €/Kg"
Queijo chevre,Palhais,Embalagem de 180g,"1,89 €","10,50 €/Kg"
Spaghetti a bolonhesa 350g,Tuttipasta,Embalagem de 350g,"1,96 €","5,60 €/Kg"
Pão da Avó Alongado,Pão do Dia,1 unidade =400 g,"0,19 €","2,38 €/Kg"
"Jogo ""Faz Fita""",Majora,1 unidade,"9,99 €/Unidade","9,99 €/Unidade"
Spray para vidros,PorSi,750 ml,"3,19 €","6,38 €/L"
Nuggets frango,PorSi,pack familiar de 1 kg,"2,79 €","8,72 €/Kg"
Gel anti séptico deoprotect,Dystron,Garrafa de 400 ml,"4,69 €","18,76 €/L"
Jameson caskmates ipa 70cl,Jameson,Garrafa de 700 ml,"11,49 €","16,41 €/L"
Proti soja grânulos,Salutem,Embalagem de 400g,"2,09 €","8,36 €/Kg"
Livro das 100 palavras,Vtech Baby,1 unidade,"11,99 €/Unidade","11,99 €/Unidade"
Queijo camembert 45% mg,Páturages,Embalagem de 250 g,"2,39 €","11,95 €/Kg"
Paprika,PorSi,Saqueta com 50 g,"0,20 €","0,20 €/Kg"
Vinho verde,Felgueiras,Garrafa de 0.75 l,"3,09 €","3,09 €/L"
Iogurte activia líquido 0% lima/limão,Danone,Embalagem de 4 x 155 g,"2,79 €","6,07 €/Kg"
Cevada em grão - cozinha pura,Cemporcent,Embalagem de 500g,"1,19 €","2,38 €/Kg"
Cadeira Chilienne Bege,HDF,Dim.: 94 x 79 x 55 cm,"5,99 €","5,99 €/Unidade"
Whisky 12 anos,Grant's,Garrafa de 0.70 l,"30,99 €","44,27 €/L"
Arroz vaporizado,Cigala,Embalagem de 1 kg,"0,99 €","0,99 €/Kg"
Chocolate culinário,Nestle,Embalagem de 200g,"1,04 €","8,32 €/Kg"
Cone baunilha,PorSi,embalagem 6 x 120 ml,"5,99 €","16,64 €/L"
Pensos Higiênicos com Abas Super,Ausonia,embalagem com 12 un.,"4,89 €","4,89 €/Unidade"
Inteiro/Metades,Cabrito,"1/2 un = 2.5 kg, 1 un = 5 kg (aprox.)","69,86 €","9,98 €/Kg"
Cevada solúvel,PorSi,Embalagem de 200g,"0,99 €","3,96 €/Kg"
Sangria branca,PorSi,Garrafa de 1.5 litros,"1,99 €","1,33 €/L"
Lipton limão zero pet,Lipton,Garrafa de 2 l,"0,99 €","0,66 €/L"
Aroma de café,Rayners,Garrafa de 28 ml,"1,49 €","18,17 €/Kg"
Queijo Flamengo Bola,Terra Nostra,1 un = 250 gr  (aprox.),"1,49 €","7,45 €/Kg"
Mimosa bem especial leite e amêndoa,Mimosa,Embalagem de 1 litro,"2,19 €","2,19 €/L"
Demaquilhante Dupla Ação,Nivea,1 embalagem de 125g,"0,76 €","0,76 €/Unidade"
Fit me concealer 20,Maybelline,1 unidade,"7,49 €","7,49 €/Unidade"
Bacalhau Graúdo Boa Pesca,PorSi,"Vendido ao peso, 1 un= 2.5 kg (aprox.)","8,73 €/Kg","8,73 €/Kg"
Chocolate culinário em pó,PorSi,Embalagem de 125 g,"1,04 €","8,32 €/Kg"
Cobertura tábua de engomar,PorSi,Dim.: 130 x 47 cm,"16,50 €","16,50 €/Unidade"
Almôndegas bolonhesa,Iglo,Embalagem de 400g,"2,79 €","8,72 €/Kg"
Manga Avião,Fruta do Dia,1 un=500 gr (aprox.),"1,05 €","3,49 €/Kg"
Perfume p/ senhora Nº50,Caravan,1 Frasco 150ml,"11,99 €","79,93 €/L"
Agrafador + 400 agrafos,Domédia,Uma embalagem,"1,95 €","97,50 €/L"
Castanhas,PorSi,Embalagem de 500G,"2,99 €","3,99 €/Kg"
Estendal Torre 3 Níveis c/ Rodas,Vileda,1 un.,"0,99 €","0,99 €/Unidade"
Tablete triple chocolate,Milka,Embalagem de 90g,"5,30 €/Kg","5,30 €/Kg"
Amendoim com mel e sal,Frusel,Embalagem de 150g,"0,99 €","4,95 €/Kg"
"Bloco de desenho A4, 24 folhas",Domédia,1 unidade,"2,99 €","2,99 €/Unidade"
Leite de transição 3 +10 meses,NAN,Embalagem de 800g,"20,99 €","26,24 €/Kg"
Snack para gato com sabor a camarão Play Tubes,Felix,Embalagem de 50 g,"0,99 €","16,50 €/Kg"
Morangos,Programa Origens,1 un = 250 gr  (aprox.),"2,19 €","17,52 €/Kg"
8 rissóis de carne,PorSi,Embalagem de 300g,"1,64 €","6,56 €/Kg"
Bolacha maria ruca doses,Vieira,Embalagem de 300g,"1,89 €","15,75 €/Kg"
Mistolin tira gorduras desinfetante,Mistolin,Garrafa de 550 ml,"1,79 €","2,39 €/L"
Chocolate chunky,Kit kat,Embalagem de 160g,"2,24 €","29,87 €/Kg"
Massas espirais tricolores,PorSi,Embalagem 500G,"0,89 €","1,78 €/Kg"
Mariscada,PorSi,Embalagem de 800g,"2,19 €","8,59 €/Kg"
Jogo 4 Tapetes Alcatifa,PorSi,1 unidade,"4,99 €","19,96 €/L"
Sumo concentrado de laranja/maracujá,GUD,Garrafa de 740 ml,"4,79 €","6,47 €/L"
Autocarro Formas e Cores,Baby Clementoni,1 unidade,"12,99 €/Unidade","12,99 €/Unidade"
Batata frita de presunto,PorSi,Embalagem de 185 g,"5,84 €/Kg","5,84 €/Kg"
Cerveja branca,E.damm,Pack 6 x 0.25 l,"1,99 €/L","1,99 €/L"
"Esferográfica, 4 cores",Bic,1 unidade,"2,49 €","2,49 €/Unidade"
Pensos Incontinência Mulher Discreet Normal Night,Tena,10 unidades,"1,95 €","1,95 €/Unidade"
Refrigerante s/ gás flórida,Sunny d,"Garrafa de 1,25 l","0,99 €","0,66 €/L"
Fralda Cueca Activity Extra Tamanho 4,Dodot,Embalagem com 45 uni.,"14,99 €","14,99 €/Unidade"
Biscoitos de cacau,PorSi,Embalagem de 750g,"0,69 €","3,45 €/Kg"
Roleta de Bebidas,*,1 unidade,"11,49 €","11,49 €/L"
Tábua de engomar,PorSi,Dim.: 120 x 38 cm,"16,50 €","16,50 €/Unidade"
Mel em frasco de vidro,Jorge v.f.,Embalagem de 500g,"4,89 €","9,78 €/Kg"
Fruta para bebé maçã banana aveia +6 meses,Nestle,Embalagem de 90g,"0,74 €","8,22 €/Kg"
Eau de Toilette p/Senhora Nº5,Caravan,1 Frasco 150ml,"11,99 €","79,93 €/L"
Vassoura exterior alta,PorSi,Unidade,"2,20 €","2,20 €/Unidade"
Faca Pão 20 cm Preta,PorSi,1 unidade,"4,89 €","4,89 €/Unidade"
Moscatel Roxo Setúbal,Alambre,Garrafa de 750 ml,"5,99 €","7,99 €/L"
Filetes de atum dos Açores em azeite c/ orégãos,PorSi Select,190 g,"7,08 €/Kg","7,08 €/Kg"
Queijo da ilha graciosa,*,Vendido ao peso,"2,42 €","9,69 €/Kg"
Aguarelas 30mm x 12,Giotto,1 unidade,"4,69 €","4,69 €/Unidade"
Gelado magnum mini double chocolate e caramelo,Olá,Embalagem de 6 x 60 ml,"5,99 €","16,64 €/L"
"Chave Umbrako, conjunto 10 peças",Itools,1 unidade,"4,99 €","4,99 €/Unidade"
Nancy Um Dia A Fazer Madeixas,Nancy,1 un.,"10,99 €","10,99 €/Unidade"
Callippo super mix,Olá,Embalagem de 5 x 105 ml,"5,99 €","16,64 €/L"
Probiótico Actimel Natural 0%,Danone,12 x 100 g,"0,99 €","1,98 €/Kg"
"Gel cabelo, efeito cimento, pote",Grafic,Embalagem de 300 ml,"3,99 €","53,20 €/L"
Taças para cocktail 25 cl,Pasabahce,4 unidades,"11,49 €","11,49 €/L"
Natas pasteurizadas para bater,Nestle,Embalagem de 200 ml,"0,69 €","3,45 €/L"
Ambientador vela frutos vermelhos,PorSi,1 unidade,"9,49 €","45,19 €/Kg"
Sacos lixo eco 100 litros,PorSi,10 unidades,"1,79 €","1,79 €/Unidade"
Gressinos com sésamo,PorSi,Embalagem de 250 g,"2,39 €","6,83 €/Kg"
Veggie bowls quinoa & abóbora 350g,Iglo green,Embalagem de 350g,"1,99 €","6,63 €/Kg"
"Chave de Fenda Cabo Bimat, 3.0x75mm",Itools,1 unidade,"4,99 €","4,99 €/Unidade"
"Bebida de soja biológica sem açúcar, natural",Provamel,Embalagem de 1 l,"2,49 €","2,49 €/L"
Miolo de ameijoa,PorSi,Embalagem de 250 g,"1,59 €","6,36 €/Kg"
Pastilhas gum strawberry,Bubbaloo,Embalagem de 38g,"1,23 €","17,57 €/Kg"
Feijao verde redondo,PorSi,Embalagem de 400g,"1,89 €","1,89 €/Kg"
Baby Comando TV,Baby Clementoni,1 un.,"11,99 €/Unidade","11,99 €/Unidade"
Bolacha dibus sharkies s/ glúten,Gullon,Embalagem de 250g,"4,29 €","20,43 €/Kg"
Eau de Toilette p/Senhora Nº38,Caravan,1 Frasco 150ml,"11,99 €","79,93 €/L"
Mel de Rosmaninho,PorSi Select,Frasco de 250 g,"4,89 €","9,78 €/Kg"
Óleo de sésamo youwok,Youwok,Garrafa de 145 ml,"3,39 €","3,39 €/L"
Ração para gato adulto com bacalhau e legumes,Friskies,Embalagem de 4 kg,"12,99 €","4,33 €/Kg"
12 Ovos Frescos Classe S,Campovo,Embalagem c/ 12 Unidades,"1,39 €","1,39 €/Unidade"
Marcadores para colorir,Domédia,embalagem com 12 unidades,"4,69 €","4,69 €/Unidade"
Lava Tudo Brilhante Floral,Sonasol,"embalagem 1,1L","0,89 €","0,45 €/L"
"Queijo light, 10 fatias",A Vaca Que Ri,Embalagem de 200g,"2,39 €","19,92 €/Kg"
"Jogo de Viagem, Quem é Quem?",Hasbro,,"6,99 €","6,99 €/Unidade"
Nata uht carbonara,Parmalat,Embalagem de 200 ml,"0,69 €","3,45 €/L"
Mesa em madeira dobrável oval,*,Dim.: 160 x 85 x 73 cm,"5,99 €","5,99 €/Unidade"
Baby Clemmy Balde de Atividades,Clementoni,1 un.,"11,99 €/Unidade","11,99 €/Unidade"
"Spray Bronzeado, Pele Molhada F20",Cabana Sun,Embalagem de 200 ml,"10,99 €","54,95 €/L"
Sopa da pedra,Centralres,Vendido ao peso a partir de 500 g,"1,69 €","2,11 €/Kg"
"Alimento para peixe, tetramin staple food",Tetra,Embalagem de 250 ml,"7,29 €","7,29 €/L"
Papel higiénico compacto 2 folhas,PorSi,18 = 36 Rolos,"1,95 €","1,95 €/Unidade"
Iogurte líquido de morango,Longa vida,Embalagem de 4 x 160 g,"1,17 €","1,83 €/Kg"
Milho doce,PorSi,Embalagem de 400 g,"1,89 €","1,89 €/Kg"
Puzzle Canal Panda,Olivo,60 peças,"9,99 €/Unidade","9,99 €/Unidade"
"Rebuçados sem açúcar, mel/limão",Halls,Embalagem de 128 g,"0,77 €","3,85 €/Kg"
Lic.amendoa amarga zimbro,Zimbro,Garrafa de 0.70L,"16,99 €","24,27 €/L"
Camarão cozido 60/95,PorSi,Vendido ao peso a partir de 500 g,"2,25 €","8,99 €/Kg"
Nectar clássico maracujá,Compal,Garrafa de 1 l,"1,09 €","0,73 €/L"
Coentro Molho Programa Origens,PorSi,Embalagem de 50g,"0,89 €","17,80 €/Kg"
Queijo curado vaca e ovelha,D. Sebastião,Embalagem de +-550G,"7,49 €","16,64 €/Kg"
Jarro de 1 litro + 4 copos,Codil,1 conjunto,"0,54 €","0,54 €/Unidade"
All bran plus,Kellogg's,Embalagem de 500g,"1,49 €","2,98 €/Kg"
Couve Flor,Programa Origens,1 un = 1 kg (aprox.),"1,99 €","1,99 €/Kg"
"Queijo fundido, 24 porções",A Vaca Que Ri,Embalagem de 400g,"4,39 €","10,98 €/Kg"
Borrego Inteiro/Metades,PorSi,1/2 un = 7 kg <br> 1 un = 14 kg (aprox.),"69,86 €","9,98 €/Kg"
Morcela de Assar do Fundão,PorSi,"Vendido ao peso, 1 un= 500 g (aprox.)","1,49 €","7,45 €/Kg"
Leite uht magro,Agros,Embalagem de 1 litro,"0,81 €","0,81 €/L"
Néctar light manga/laranja,Compal,Garrafa de 200 ml,"0,99 €","0,99 €/L"
Iogurte líquido morango,PorSi,Embalagem de 8x160 ml,"1,17 €","1,83 €/Kg"
"Leite uht, gordo",Serraleite,Embalagem de 1 l,"0,94 €","0,94 €/L"
Batata frita palha,Pala-pala,Embalagem de 500g,"0,87 €","5,44 €/Kg"
Cereja,Programa Origens,,"2,19 €","17,52 €/Kg"
Manhãzitos original,Manhazitos,Embalagem 6x2 unidades,"2,05 €","5,13 €/Kg"
Camarão 20/30,Congelado de Aquicultura,1 un = 250 gr  (aprox.),"2,00 €","7,99 €/Kg"
Pilha alcalina heightch lr14x2,Domédia,1 unidade,"1,99 €","1,99 €/Unidade"
Alimento seco para gato de salmão,HappyOne,Embalagem de 2 kg,"12,99 €","4,33 €/Kg"
Detergente Líquido p/ Loiça Original,Fairy,"Embalagem de 1,19 l","0,99 €","1,98 €/L"
Chá preto com aroma natural e vitamina C,Lipton,Embalagem de 40g,"41,67 €/Kg","41,67 €/Kg"
"Tira nódoas, spray oxi",PorSi,Embalagem de 1 l,"10,99 €","52,33 €/Kg"
Batata Doce,Programa Origens,1 un = 250 gr,"0,25 €","0,99 €/Kg"
Snack para gato frango,Felix,Embalagem de 50g,"0,99 €","16,50 €/Kg"
"Queijo, 16 porções",A Vaca Que Ri,Embalagem de 280g,"4,39 €","10,98 €/Kg"
Vinho do porto lágrima tinto,Ramos Pinto,"Garrafa de 0,75L","15,99 €","21,32 €/L"
Iogurte liquido sem lactose morango e banana,PorSi Viva Bem,Embalagem de 4 x 160 g,"2,79 €","6,07 €/Kg"
Nata pasteurizada,PorSi,Embalagem de 450 ml,"0,69 €","3,45 €/L"
Camarão moçambique 30/40,PorSi,800 g,"8,99 €","25,69 €/Kg"
Pastilhas de morango,Smint,Embalagem de 35 g,"0,22 €","14,67 €/Kg"
Leite natal 1,Nutriben,Embalagem de 800g,"20,99 €","26,24 €/Kg"
Formas de alumínio 950 ml,PorSi,5 unidades,"0,89 €","0,89 €/Unidade"
Snack para gato com sabor a frango e fígado Play Tub...,Felix,Embalagem de 50 g,"0,99 €","16,50 €/Kg"
Baguette sandwich,Pão do Dia,113 g,"0,19 €","2,38 €/Kg"
Eau de Toilette p/Senhora Nº43,Caravan,1 Frasco 150ml,"11,99 €","79,93 €/L"
Inseticida líquido elétrico recarga,Raid,Pack 3 x 27 ml,"6,89 €","6,89 €/Unidade"
Pinguim Dançarino,Baby Clementoni,1 unidade,"11,99 €/Unidade","11,99 €/Unidade"
Mopa attractive plus completa,Vileda,Embalagem de 1 unidades,"2,20 €","2,20 €/Unidade"
Saco Carvão Vegetal,Happy grill,Embalagem de 5 kg,"0,75 €","0,75 €/Unidade"
Sumo essencial manga,Compal,pack 3 x 0.11 l,"2,29 €","6,94 €/L"
Manteiga amendoim cremosa,PorSi,Embalagem de 340g,"4,19 €","12,32 €/Kg"
Lentilhas verdes mini,Cemporcent,Embalagem de 500g,"1,19 €","2,38 €/Kg"
Pensos diários respirare,Carefree,embalagem com 20 unidades,"1,79 €/Unidade","1,79 €/Unidade"
Cappucino go chill com cacau,Delta,Embalagem de 230 ml,"3,09 €","24,72 €/Kg"
Inseticida elétrico líquido,Raid,45 noites,"6,89 €","6,89 €/Unidade"
Creme anti-rugas de dia revitalift,L'oreal,Embalagem de 50 ml,"2,99 €","59,80 €/L"
"Creme para mãos, proteção intensiva",Atrix,Embalagem de 60 ml,"2,49 €","41,50 €/L"
Leite c/ Chocolate,Agros,Embalagem de 4 x 200 ml,"0,26 €","1,30 €/L"
"Vinho branco regional alentejano, bib",Galitos,Garrafa de 3 l,"5,19 €","1,04 €/L"
Salsichas de aves,Nobre,Lata de 200 g,"0,75 €","3,75 €/Kg"
Acetona perfumada com doseador,PorSi,Embalagem de 200 ml,"1,89 €","9,45 €/L"
Nata uht,Mimosa,embalagem de 200 ml,"0,69 €","3,45 €/L"
Peito de frango forno a lenha fatias finas,Izidoro,110 g,"2,25 €","11,25 €/Kg"
Choco rice,Cemporcent,Embalagem de 250g,"0,68 €","1,70 €/Kg"
Azeite virgem extra seleção,PorSi,Garrafa de 250 ml,"3,19 €","4,25 €/L"
Pão de queijo,*,1 un. = 20 g,"0,19 €","2,38 €/Kg"
Stevia chocolate negro,Cemporcent,Embalagem de 100g,"2,89 €","23,12 €/Kg"
Cereais cruesli chocolate,Quaker,Embalagem de 380g,"2,29 €","6,11 €/Kg"
Aperitivos  fritos,Fritos,Embalagem 130G,"0,79 €","7,90 €/Kg"
Snack gato salmao,PorSi,Embalagem de 60g,"0,99 €","16,50 €/Kg"
"Sabonete sólido, oliva",Feno,Embalagem de 4x90g,"1,99 €","12,44 €/Kg"
Sabonete Liquido Gel Antibacteriano,Labell,Embalagem de 300 ml,"2,18 €/L","2,18 €/L"
Escova para calçado,Sonaf,1 unidade,"5,29 €","35,27 €/L"
Cerveja com álcool,Super Bock,Garrafa de 1 l,"1,99 €/L","1,99 €/L"
Gogo SqueeZ Snack Banana,Gogo,Embalagem de 4 x 90g,"2,29 €","6,94 €/L"
Perfume Sweet p/ Senhora,Rebel,100 ml,"11,99 €","79,93 €/L"
Doce de ameixa com frutose,Salutem,Embalagem de 330g,"5,99 €","19,97 €/Kg"
Queijinho dadoninho petitdino de morango,Danone,Embalagem de 6 x 50 g,"1,05 €","1,86 €/L"
Colheres de Sopa transparentes,Progelcone,1 Embalagem com 20 uni.,"0,89 €","0,89 €/Unidade"
Soquete licra 15d preto t. único,PorSi,2 unidades,"1,99 €","1,99 €/Unidade"
"Escova dentes, proteção global suave, 2 unidades",Labell,1 embalagem,"3,49 €","3,49 €/Unidade"
Feijão preto 4/4,Compal,Lata de 850g,"1,79 €","2,29 €/Kg"
Sortido bolacha princesa,Vieira,Embalagem de 400g,"6,83 €/Kg","6,83 €/Kg"
Água s/ gás,S.estrela,"Pack 6 x 0,50 l","1,04 €","0,17 €/L"
"Bracito trufa de chocolate, 4 unidades",Dulcesol,Embalagem de 240g,"2,05 €","5,13 €/Kg"
Iogurte líquido laranja,Danone,Embalagem de 6 x 100 g,"4,15 €/Kg","4,15 €/Kg"
Microfone grande,Panda,1 unidade,"11,99 €/Unidade","11,99 €/Unidade"
Parque aquático,Bestway,Dim.: 228 x 206 cm,"34,99 €","34,99 €/Unidade"
Cadeira caribe castanha,Joluce,Dim.: 57 x 54 x 85 cm,"5,99 €","5,99 €/Unidade"
Almôndegas Guisadas,Centralres,Vendido ao peso,"2,99 €","11,96 €/Kg"
Cartucho com gás CP-250,Campingaz,1 unidade,"4,49 €","4,49 €/Unidade"
Limpa fornos,PorSi,500 ml,"1,79 €","2,39 €/L"
Ovos de galinha ao ar livre | Classe: M/L,Matinados,6 unidades,"2,19 €","2,19 €/Unidade"
Vinho Regional Lisboa Reserva Branco,Marginal,Garrafa de 0.75 l,"3,99 €","5,32 €/L"
Rolo de cozinha mega,PorSi,1 rolo,"4,99 €","4,99 €/Unidade"
Sacos para congelar zip & go 1 litro,Vileda,15 unidades,"1,11 €","1,11 €/Unidade"
Toalhita Azul,Dodot,Embalagem c/ Tampa | 64 un.,"1,09 €/Unidade","1,09 €/Unidade"
Eau de Toilette p/Senhora Nº23,Caravan,1 Frasco 150ml,"11,99 €","79,93 €/L"
Massa fettuccine,PorSi,Embalagem de 500g,"0,89 €","1,78 €/Kg"
"Jogo de Viagem, Batalha Naval",Hasbro,,"6,99 €","6,99 €/Unidade"
"Inseticida elétrico, trio, nigth & day",Raid,1 unidade,"6,89 €","6,89 €/Unidade"
Cogumelo portobello grande,Legumes do Dia,vendido ao peso,"1,79 €","5,97 €/Kg"
Leite pastagem uht terra nostra inteiro,Terra Nostra,Garrafa de 1 l,"1,09 €","1,09 €/L"
Bebida de Soja Baunilha,PorSi Viva Bem,1 l,"2,49 €","2,49 €/L"
Linhaça castanha moída,Cemporcent,Embalagem de 200g,"2,29 €","11,45 €/Kg"
Balde com pedal metalizado 26l,PorSi,Embalagem de 1 unidades,"17,00 €","17,00 €/Unidade"
Biscoitos integrais aveia e manteiga de amendoim,PorSi Viva Bem,Embalagem de 150g,"1,45 €","11,15 €/Kg"
Pensos Higiénicos Cottonlike com Abas Normal Plus,Evax,28 unidades,"4,89 €","4,89 €/Unidade"
Cerveja c/ álcool,Heineken,"Embalagem de 6x0,25 l","1,99 €/L","1,99 €/L"
Tamarilho,Fruta do Dia,1 un = 100 gr (aprox.),"1,05 €","3,49 €/Kg"
Jogo de Viagem Conecta 4,Hasbro,,"6,99 €","6,99 €/Unidade"
Ambientador gel lavanda,PorSi,150 g,"14,30 €/L","14,30 €/L"
Cereais golden e crispy,PorSi,Embalagem de 375 g,"5,07 €/Kg","5,07 €/Kg"
Cadeira Auto Beline Eco Grupo 1/2/3,Nania,unidade,"42,99 €","42,99 €/Unidade"
Azeite Virgem Extra Planícies do Sul,Gallo,Garrafa de 0.75 l,"3,19 €","4,25 €/L"
Yofu natural com coco,Alpro,Embalagem de 500 gr,"3,09 €","6,18 €/Kg"
Queijo de cabra curado rolo,PorSi,Embalagem de 180 g,"1,89 €","10,50 €/Kg"
Bio miolo amendoa compele,PorSi Bio,Embalagem de 100g,"0,99 €","4,95 €/Kg"
Wc lixivia gel pink,Domestos,Garrafa de 750 ml,"2,59 €","1,30 €/L"
Detergente líquido máquina de roupa sabão natural,PorSi,86 Doses,"8,49 €","1,80 €/Kg"
Posta de Bacalhau Longa Higienizada | Congelada,Pescanorte,± 600 a 800 g,"8,73 €/Kg","8,73 €/Kg"
Elixir Total Care Zero,Listerine,Embalagem de 500 ml,"5,89 €","11,78 €/L"
Canjica branca,Do Brasil,Embalagem de 500 g,"2,84 €","258,18 €/Kg"
Sacos lixo eco com atilho 50 litros,PorSi,15 unidades,"1,79 €","1,79 €/Unidade"
Castanhas 80/100,Frutos secos,1 un = 250 gr  (aprox.),"0,95 €","3,78 €/Kg"
Elixir bocal de mentol,Listerine,Embalagem de 250 ml,"5,89 €","11,78 €/L"
Café 5 estrelas grão,Sical,Embalagem de 1 kg,"9,16 €/Kg","9,16 €/Kg"
Chá verde,Tetley,Embalagem de 20g,"85,00 €/Kg","85,00 €/Kg"
"Sabonete líquido de leite de amêndoas, recarga",Palmolive,Embalagem de 300 ml,"2,18 €/L","2,18 €/L"
Vinho do Porto Special Reserve,Rozès,Garrafa de 0.75 l,"10,99 €","14,65 €/L"
Ananás em rodelas lata,PorSi,Embalagem de 820g,"1,99 €","2,37 €/Kg"
Balões latex brancos,PorSi,Embalagem com 24 unidades,"0,59 €","0,59 €/Unidade"
Croissant simples,PorSi,Embalagem de 400g,"2,05 €","5,13 €/Kg"
Spray Solar Cenoura FP6,Nivea Sun,1 Embalagem 200ml,"10,99 €","54,95 €/L"
Bolachas digestive finas de chocolate de leite,Triunfo,Embalagem de 170 g,"4,60 €/Kg","4,60 €/Kg"
Alimento lácteo alperce +6 meses,Yogolino,Embalagem de 4 x 100 g,"2,89 €","7,23 €/Kg"
Açúcar demerara,Rar,Embalagem de 500 g,"1,49 €","1,49 €/Kg"
Queijo emmental ralado,PorSi,Embalagem de 200 g,"7,45 €/Kg","7,45 €/Kg"
Cadeira Chilienne Cinza,HDF,Dim.: 94 x 79 x 55 cm,"5,99 €","5,99 €/Unidade"
Bacalhau Corrente,Bacalhau da Noruega,1 un= 750 g (aprox.),"8,73 €/Kg","8,73 €/Kg"
Infusão de frutos vermelhos,Tetley,Embalagem de 20g,"44,50 €/Kg","44,50 €/Kg"
"Inseticída, vaporizador, extra gt",Biokill,Garrafa de 380 ml,"4,39 €","7,32 €/L"
Delta chicória + cafe soluvel lata,Delta,Embalagem de 250g,"14,50 €/Kg","14,50 €/Kg"
Boia Unicórnio 50 cm,Mondo,1 unidade,"2,99 €","2,99 €/Unidade"
Pensos banda,PorSi,100 x 6 cm,"2,86 €","2,86 €/Unidade"
Água mineral sem gás,Fastio,"Garrafa de 2,5 l","1,04 €","0,17 €/L"
Bolachas digestivas go maçã,Triunfo,Embalagem de 170g,"1,14 €","3,80 €/Kg"
Doce de framboesa,ST.DALFOUR,Frasco de 284g,"2,19 €","9,95 €/Kg"
Iogurte proteína stracciatella,Lindahls,Embalagem de 150 g,"5,97 €/Kg","5,97 €/Kg"
Bebida de aveia com chia,Joya,Garrafa de 1 l,"0,99 €","0,99 €/L"
Ameixa seca sem caroço bio,PorSi Bio,Embalagem de 150g,"0,36 €","2,39 €/Kg"
Feijão preto,PorSi,Embalagem de 500g,"0,95 €","1,90 €/Kg"
Caldeirada de bacalhau,PorSi,Embalagem de 1 kg,"5,39 €","6,74 €/Kg"
Flauta plástica moderna,Maped,1 unidade,"1,29 €","1,29 €/Unidade"
Espumante cava bruto,Freixenet,pack 3 x 200 ml,"11,49 €","11,49 €/L"
Abacaxi Maturado Plump Gold,Fruta do Dia,1 un = 2kg ( aprox.),"3,98 €","1,99 €/Kg"
Barrinha Repara Tudo,Pattex,Embalagem de 48 g,"2,59 €","86,33 €/Kg"
Bolachas de água e sal,PorSi,Embalagem de 125g,"0,39 €","3,12 €/Kg"
Salsa,PorSi Bio,20 g,"0,89 €","17,80 €/Kg"
Milho doce,Bonduelle,Embalagem de 150 g,"1,79 €","2,29 €/Kg"
Ervilhas,PorSi,Embalagem de 1 kg,"1,89 €","1,89 €/Kg"
Chouriço fatiado,Campofrio,Embalagem de 80g,"1,22 €","6,78 €/Kg"
Gel de Banho Coconut Milk,Dove,Embalagem de 750 ml,"6,49 €","8,65 €/L"
"Pedras salgadas gf 0,33 l",P.salgadas,"Garrafa de 1,98 l","2,85 €","2,85 €/L"
"Maionese, frasco",Hellmman's,Embalagem de 420g,"0,70 €","2,33 €/Kg"
Lombos de salmao vacuo,PorSi,Embalagem de 500g,"4,39 €","10,98 €/Kg"
Palhinhas de papel,PorSi,25 unidades,"0,95 €","0,95 €/Unidade"
Feijão branco fidalgo,Legumes secos,1 un = 100 gr. (aprox.),"0,30 €","2,99 €/Kg"
Sortido tradição,Frusel,Embalagem de 250 g,"0,47 €","1,89 €/Kg"
Arroz Risotto,PorSi,Embalagem de 1 kg,"0,99 €","0,99 €/Kg"
Couscous mediterrâneo com vegetais desidratados,Trevijano,Embalagem de 300g,"2,84 €","258,18 €/Kg"
Pudim morango,Boca Doce,Embalagem de 20g,"0,59 €","29,50 €/Kg"
Feijoada,PorSi,Embalagem de 420 g,"2,35 €","5,60 €/Kg"
Coloração Permanente Castanho Claro |5,Palette,,"9,49 €/Unidade","9,49 €/Unidade"
Cogumelos laminados,Ferbar,Embalagem de 290g,"1,79 €","2,29 €/Kg"
Focinho,Porco,1 un = 300 gr (aprox.),"0,55 €","5,49 €/Kg"
"Chave de Phillips Cabo Bimat, 3.0x75mm",Itools,1 unidade,"4,99 €","4,99 €/Unidade"
Chocolate maxi 6 barritas,Kinder,Embalagem de 130g,"2,29 €","17,62 €/Kg"
Cola Especial Plásticos,Pattex,Embalagem de 30 g,"2,59 €","86,33 €/Kg"
Queijo tres igrejas cura 2 meses,Santiago,Vendido ao peso a partir de 250 gr,"25,45 €/Kg","25,45 €/Kg"
Poncho,Patrulha Pata,1 unidade,"2,99 €","2,99 €/Unidade"
Desodorizante de pés em spray,Protex,Embalagem de 150 ml,"5,49 €","36,60 €/L"
Doce amoras,ST.DALFOUR,Frasco de 284g,"2,19 €","9,95 €/Kg"
Tarte de Flan,Pastelaria do Dia,embalagem com 650g,"8,99 €","11,24 €/Kg"
Lixívia para roupa delicada,Neoblanc,Embalagem de 1 l,"2,19 €","1,10 €/L"
Alimento para cão adulto alta energia,HappyOne,Embalagem de 10 kg,"1,15 €/Kg","1,15 €/Kg"
Limpa carpetes,PorSi,Embalagem de 1 litro,"0,94 €","0,94 €/L"
Azeitona mista,PorSi,Embalagem de 210g,"1,00 €","3,99 €/Kg"
"Papel higiénico compacto, extra xxl, 6 rolos",Renova,Uma embalagem,"1,95 €","1,95 €/Unidade"
Iogurte activia cremoso coco,Danone,Embalagem de 4 x 120 g,"1,49 €","2,98 €/Kg"
Capa Premium 2 em 1,Vileda,1 unidade,"16,50 €","16,50 €/Unidade"
Bandas de cera fria peles normais,Veet,Embalagem de 20 unidades,"3,11 €","3,11 €/Unidade"
Batata frita forno originais,Lay's,Embalagem de 150g,"0,87 €","5,44 €/Kg"
Cevada solúvel,Delta,Embalagem de 200 g,"14,50 €/Kg","14,50 €/Kg"
Areia para gatos mineral perfumada,PorSi,Embalagem de 5 kg,"1,19 €","0,24 €/Kg"
Ambientador vela odor tabaco,PorSi,1 unidade,"9,49 €","45,19 €/Kg"
Bebida láctea crescimento 3 anos+,Nestle,Embalagem de 1 litro,"0,26 €","1,30 €/L"
Noz com casca 28/30,Frutos secos,1 un = 200 gr (aprox.),"0,95 €","3,78 €/Kg"
"Cotonetes, 100 unidades",Johnson's Baby,1 embalagem,"1,99 €","1,99 €/Unidade"
"Batata frita, receita camponesa",Lay's,Embalagem de 250g,"5,84 €/Kg","5,84 €/Kg"
"Caixa com saquetas de  pau de canela, 30 unidades",PorSi,Embalagem 90G,"0,20 €","0,20 €/Kg"
Adoçante liquido,PorSi,Garrafa de 125 ml,"5,49 €","21,96 €/Kg"
Leite especial crescimento +3 anos,Mimosa,Garrafa de 1 l,"0,26 €","1,30 €/L"
Jarro graduado,PorSi,Embalagem de 1 unidades,"0,54 €","0,54 €/Unidade"
Queijo mozzarella mini bolas,PorSi,Embalagem 125G,"1,59 €","6,36 €/Kg"
Aveia natural,Quaker,Embalagem de 500g,"2,99 €","7,97 €/Kg"
Iogurte líquido magro frutos vermelhos,PorSi Viva Bem,Embalagem de 4x160 ml,"1,17 €","1,83 €/Kg"
Sopa de rabo de boi,Knorr,Embalagem de 70g,"0,84 €","13,55 €/Kg"
Palmiers,PorSi,Embalagem de 300 g,"1,69 €","6,76 €/Kg"
"Borracha Technic, 600",Maped,embalagem com 2 unidades,"2,49 €","2,49 €/Unidade"
10 pães de leite,PorSi,Embalagem de 350g,"7,40 €/Kg","7,40 €/Kg"
Molho de soja com dispenser,KIKKOMAN,Garrafa de 150 ml,"3,99 €","26,60 €/L"
Bolachas chips ahoy,Ca!,Embalagem de 130g,"5,47 €/Kg","5,47 €/Kg"
Caderno Espiral Universal A5 Quadriculado,Domédia,1 un.,"1,99 €","1,99 €/Unidade"
Aguardente bagaceira,S.domingos,Garrafa de 1 l,"12,79 €","18,27 €/L"
Óleo extra virgem de coco,Origensbio,Garrafa de 200 ml,"3,39 €","3,39 €/L"
Pão forma sem côdea,PorSi,Embalagem de 450g,"0,99 €","1,65 €/Kg"
Açucar granulado,PorSi,Embalagem de 1 kg,"1,49 €","1,49 €/Kg"
Esponja limpa camurça,PorSi,1 unidade,"5,29 €","35,27 €/L"
Insuflável camelo,Bestway,Dim.: 2.21 x 1.32 m,"34,99 €","34,99 €/Unidade"
Queijo Camembert Cunhas,*,Vendido ao peso,"25,45 €/Kg","25,45 €/Kg"
Amaciador Concentrado Creations Flor Lótus Lima,Comfort,80 doses,"3,99 €","3,99 €/Unidade"
Seitan,Veg In,Embalagem de 250g,"2,99 €","5,98 €/Kg"
Compasso Origin 3 peças,Maped,Uma embalagem,"3,09 €","3,09 €/Unidade"
Salsichas de porco em lata,PorSi,Embalagem de 200g,"0,75 €","3,75 €/Kg"
Sapateira Cozida,Marisco Fresco,Pescado no mar,"2,25 €","8,99 €/Kg"
"Toalhetes intimos sensitive, 15 unidades",Dystron,Uma embalagem,"2,09 €","2,09 €/Unidade"
Pasta dentífrica Herbal,Aquafresh,Embalagem de 75ml,"2,29 €","30,53 €/L"
Casa mateus temporada - morango   6x350g,Casa de Mateus,Embalagem de 350g,"4,39 €","17,56 €/Kg"
Luva Pele,Itools,1 unidade,"4,99 €","4,99 €/Unidade"
Granulado PH mais,Gre,1 kg,"34,99 €","34,99 €/Unidade"
Castelo Divertido,Baby Clementoni,1 unidade,"11,99 €/Unidade","11,99 €/Unidade"
Sabonete Deoprotect,Dystron,Embalagem de 80 g,"4,69 €","18,76 €/L"
Flocos cereais chocolate,PorSi,Embalagem de 300g,"2,19 €","8,76 €/Kg"
Pescada de África do Sul,Peixe Congelado,"Vendido ao peso, 1 unidade = 400 a 600 g aprox.","3,99 €/Kg","3,99 €/Kg"
"Escova de dentes macia, 7-13 anos",Labell,1 unidade,"0,99 €","0,99 €/Unidade"
Cebola picada em pacote,PorSi,Embalagem de 40 g,"0,20 €","0,20 €/Kg"
Salsicha Brasileira,Porco,1 un = 50 gr (aprox.),"0,30 €","5,99 €/Kg"
Baby Comando TV,Baby Clementoni,1 un.,"12,99 €/Unidade","12,99 €/Unidade"
Feijão encarnado,PorSi,Embalagem de 420 g,"1,79 €","2,29 €/Kg"
Arroz de Pato,Centralres,Vendido ao peso,"2,99 €","11,96 €/Kg"
Líquido Sanitário Ação Total Marine,WC Pato,Embalagem de 750 ml,"2,79 €","3,99 €/L"
Cesto multiusos com gancho,PorSi,1 unidade,"17,00 €","17,00 €/Unidade"
Ambientador aerossol 5 em 1 jasmim,PorSi,300 ml,"0,99 €","3,30 €/L"
Creme calçado preto,PorSi,50 ml,"0,99 €","19,80 €/L"
Café torrado intensa,Nicola,Embalagem de 250 g,"9,16 €/Kg","9,16 €/Kg"
Miolo de Amêndoa com Pele,Ferbar,Embalagem de  180 g,"0,99 €","4,95 €/Kg"
Inseticida elétrico melgas e mosquitos,Dum Dum,1 unidade = 45 noites,"6,89 €","6,89 €/Unidade"
Café solúvel c/ cafeína,PorSi,Embalagem de 100g,"14,50 €/Kg","14,50 €/Kg"
Molho bechamel,Parmalat,Embalagem de 200 ml,"0,69 €","3,45 €/L"
Queijo Mozzarella Maxi,Galbani,250 g,"1,59 €","6,36 €/Kg"
"Cera de depilação oriental, pote",Labell,Embalagem de 250 ml,"3,11 €","3,11 €/Unidade"
Requeijao de ovelha seia,Seia,Embalagem de 200g,"4,62 €","18,49 €/Kg"
Mel multifloral doseador,PorSi,Embalagem de 250g,"4,89 €","9,78 €/Kg"
Bolacha maria sem glúten,Schar,Embalagem de 200 g,"1,45 €","11,15 €/Kg"
Gengibre desidratado,Salutem,Embalagem de 100g,"4,99 €","16,63 €/Kg"
"Café em grão, lote superior",Delta,Embalagem de 1 kg,"9,16 €/Kg","9,16 €/Kg"
Sangria branca,Don Simon,"Garrafa de 1,5 l","1,99 €","1,33 €/L"
"Forma papel para bolos, 8. 4cm",PorSi,Embalagem com 60 unidades,"0,54 €","0,54 €/Unidade"
Acetona,PorSi,Embalagem de 60 ml,"1,89 €","9,45 €/L"
Bacalhau Postas,Riberalves,1 Embalagem 800G,"5,39 €","6,74 €/Kg"
Infusão alcachofra e dente de leão,Cemporcent,Embalagem de 10 unidades,"0,79 €","60,77 €/Kg"
"Borracha mini softy, pack de 3 unidades",Maped,1 embalagem,"3,09 €","3,09 €/Unidade"
Achocolatado em pó,Ovomaltine,Embalagem de 400g,"5,59 €","6,99 €/Kg"
Leite com sabor a chocolate proteína,Yopro,Garrafa de 330 ml,"1,99 €","2,49 €/L"
Canja c/ aletria,Knorr,Embalagem de 70g,"0,84 €","13,55 €/Kg"
Ab bran flakes,Kellogg's,Embalagem de 375g,"1,49 €","2,98 €/Kg"
Fermento em po 4x25g,PorSi,Embalagem de 100g,"1,49 €","18,17 €/Kg"
Recargas ambientador elétrico pure clean linen,Glade,Embalagem de 2 x 20 ml,"5,99 €","23,96 €/L"
Fiambre Perna Extra Braseado Finissimas,Nobre,Embalagem de 120g,"0,97 €","6,49 €/Kg"
Topping morango,Branca de neve,Embalagem de 370g,"1,27 €","3,18 €/Kg"
Comida húmida para gato duplo prazer com peixe do oc...,Gourmet Gold,Embalagem de 90g,"3,49 €","10,26 €/Kg"
"Fita Teflon, 2 Rolos",Itools,1 unidade,"2,59 €","86,33 €/Kg"
Vinho frisante branco,Lapadas,Garrafa de 750 ml,"2,29 €","3,05 €/L"
12 vitaminas e 12 minerais - frasco comprimido,Forma+,Embalagem de 60g,"7,59 €","126,50 €/Kg"
Queijo fresco sem lactose,Matinal,Embalagem de 216g,"0,99 €","1,98 €/Kg"
"Detergente líquido, manual loiça, original",Fairy,"Embalagem de 1,5 l","0,99 €","1,98 €/L"
Papas aveia banana/cacau,Origensbio,Embalagem de 300g,"4,99 €","16,63 €/Kg"
Mousse de chocolate leite,Páturages,Embalagem de 4x60 g,"1,19 €","2,59 €/Kg"
Cabeça c/ Osso,Porco,1 un = 1.5 kg (aprox.),"0,55 €","5,49 €/Kg"
Contact Ceys,Ceys,1 unidade,"2,59 €","86,33 €/Kg"
Rebuçados fruta,PorSi,Embalagem de 250g,"2,30 €","57,50 €/Kg"
Renovador Camurça em Spray Preto,Búfalo,Embalagem de 250 ml,"6,19 €","24,76 €/L"
Empadão de carne produto pré-cozinhado ultracongelad...,PorSi,Embalagem de 350g,"3,53 €","8,83 €/Kg"
Spray optimal 7 com lixivia,Ajax,Embalagem de 500 ml,"1,79 €","2,39 €/L"
Cabrito Inteiro/Metades,PorSi,1/2 un = 7 kg <br> 1 un = 14 kg (aprox.),"69,86 €","9,98 €/Kg"
Sopa de legumes,PorSi,800 g,"1,69 €","2,11 €/Kg"
Mesa de atividades,Mega Bloks,1 unidade,"11,99 €/Unidade","11,99 €/Unidade"
Salsa,PorSi,Embalagem de 50g,"0,99 €","19,80 €/Kg"
Tarteletes com recheio morango,PorSi,Embalagem de 96g,"0,79 €","4,49 €/Kg"
Abacate categoria II,Fruta do Dia,Embalagem de 300 g,"1,05 €","3,49 €/Kg"
Concentrado de laranja,Sunquick,Garrafa de 700 ml,"4,79 €","6,47 €/L"
Ovos Galinha Solo XL Categoria A,PorSi,6 unidades,"1,39 €","1,39 €/Unidade"
"Sumo natural, beterraba",SONATURAL,Garrafa de 250 ml,"1,09 €","0,73 €/L"
Couve branca,Legumes do Dia,1 un= 1 kg aprox,"1,99 €","1,99 €/Kg"
Dettol sabonete líquido frutos do bosque x 12,Dettol,Garrafa de 250 ml,"2,18 €/L","2,18 €/L"
Bolacha vida equilíbrio ameixa e fibra,Cemporcent,Embalagem de 140g,"1,45 €","11,15 €/Kg"
Soquete mousse 20d musk t. único,PorSi,3 unidades,"1,99 €","1,99 €/Unidade"
Compota ananás 70% fruta,Cemporcent,Embalagem de 260g,"5,99 €","19,97 €/Kg"
Banheira c/ Acessórios,Vicam,1 unidade,"11,99 €/Unidade","11,99 €/Unidade"
Cadeira de Suspensão Redonda,Koopman,Dim.: 80 x 115 cm,"5,99 €","5,99 €/Unidade"
Kinder chocolate t24,Kinder,Embalagem de 300g,"2,29 €","17,62 €/Kg"
Marmelada com noz,Quinta de Jugais,Embalagem de 500g,"1,09 €","2,42 €/Kg"
Liquido refrigerante verde 10%,PorSi,Embalagem de 1 l,"3,99 €","0,80 €/L"
Cereais lion chocolate/caramelo,Nestle,Embalagem de 400g,"1,29 €","10,24 €/Kg"
Detergentes máquina lavar loiça next generation,PorSi,30 pastilhas,"2,99 €","2,99 €/Unidade"
Vinho regional península de setúbal reserva,Periquita,Garrafa de 0.75 l,"8,59 €","11,45 €/L"
Muesli tropical,Cemporcent,Embalagem de 500g,"0,68 €","1,70 €/Kg"
Deco açucar rosa,Vahine,Embalagem de 82g,"1,49 €","18,17 €/Kg"
Leite uht sem lactose magro,PorSi Viva Bem,1 litro,"0,81 €","0,81 €/L"
"Discos desmaquilhantes, 120 unidades",PorSi,Embalagem de 120 unidades,"0,76 €","0,76 €/Unidade"
4 Costeletas do Pé de Borrego,PorSi,400 g,"69,86 €","9,98 €/Kg"
Esferográfica Cristal Ouro e Prata x2,Bic,1 unidade,"2,49 €","2,49 €/Unidade"
Tira gorduras recarga,Mistolin,Garrafa de 550 ml,"4,89 €","6,52 €/L"
Cerveja com álcool abadia,Super Bock,pack 6 x 0.33 l,"1,99 €/L","1,99 €/L"
Protetor de cantos,Pommette,embalagem com 4 unidades,"2,19 €","2,19 €/Unidade"
Lentilhas vemelhas,PorSi Viva Bem,Embalagem de 500 g,"1,19 €","2,38 €/Kg"
Sabonete de leite de burra,Confianca,Embalagem de 75 g,"1,99 €","12,44 €/Kg"
Barras de cereais nesquik,Nestle,Embalagem de 150g,"1,29 €","10,24 €/Kg"
Sobremesa danette duplo baunilha e caramelo,Danone,Embalagem de 4 x 125 g,"1,19 €","2,59 €/Kg"
Sultana Preta,PorSi,Embalagem de 200g,"0,99 €","4,95 €/Kg"
Água sem gás,Penacova,Garrafão de 5 litros,"1,04 €","0,17 €/L"
Tira Nódoas em Gel Cores,Skip,1.6 l,"10,99 €","52,33 €/Kg"
Lixívia Spray Mousse,Neoblanc,Embalagem de 700ml,"2,59 €","1,30 €/L"
Queijo flamengo ralado,Valformoso,Embalagem de 150g,"7,45 €/Kg","7,45 €/Kg"
"Lapis para olhos, com show, 100ult, black",Maybelline,1 unidade,"7,49 €","7,49 €/Unidade"
Massas alimentícias laços,PorSi,Embalagem de 500g,"0,89 €","1,78 €/Kg"
Rebuçados mini café,PorSi,Embalagem de 200g,"1,59 €","6,36 €/Kg"
Perfume p/ senhora Nº48,Caravan,1 Frasco 150ml,"11,99 €","79,93 €/L"
Caramelos de leite,Penha,Embalagem de 100g,"2,75 €","11,00 €/Kg"
Pastilhas ice spearmint,CHICLETS,Embalagem de 17 g,"0,22 €","14,67 €/Kg"
Tostas dietéticas,Diatosta,Embalagem de 225 g,"1,34 €","5,96 €/Kg"
Mini Babybel Cheese & Crakers,Babybel,Embalagem de 40 g,"0,82 €","23,43 €/Kg"
Leite condensado,PorSi,Lata de 1 kg,"1,09 €","2,75 €/Kg"
Tosta integral de alfarroba,Cemporcent,Embalagem de 250g,"1,34 €","5,96 €/Kg"
Sumo 100% fresh maçã,Compal,Garrafa de 330 ml,"1,09 €","0,73 €/L"
Kinder delice cacau,Kinder,Embalagem de 400g,"2,05 €","5,13 €/Kg"
Tablete de chocolate de culinária - sem açúcar,PorSi Viva Bem,Embalagem de 100 g,"1,04 €","8,32 €/Kg"
Guardanapos Gold 2 folhas,Renova,Dim.: 39x39cm,"1,28 €","1,28 €/Unidade"
Stevia chocolate negro com avelãs,Cemporcent,Embalagem de 125g,"2,89 €","23,12 €/Kg"
Nata uht para culinária,Parmalat,Embalagem de 200 ml,"0,69 €","3,45 €/L"
Limpa vidros,Arbo,embalagem de 500 ml,"3,99 €","0,80 €/L"
Tratamento para piscinas infantis,Gre,Pack c/ 5 Doses,"34,99 €","34,99 €/Unidade"
Sacos higiénicos para animal,Canaillou,4 x 20 unidades,"1,19 €","0,24 €/Kg"
6 tulipas baunilha,Progelcone,Embalagem de 75 g,"2,19 €","6,64 €/Kg"
Néctar de laranja e cenoura light,PorSi,Embalagem de 3 x 200 ml,"0,79 €","2,39 €/L"
Lixívia densa verde,Neoblanc,Embalagem de 1 l,"1,74 €","0,35 €/L"
Bandas de cera facial peles normais,Veet,Embalagem de 20 unidades,"3,11 €","3,11 €/Unidade"
Óleo para wok youwok,Youwok,Garrafa de 250 ml,"3,39 €","3,39 €/L"
Cera de depilação profissional,Veet,Garrafa de 300 ml,"3,11 €","3,11 €/Unidade"
Gressinos com chocolate,Schar,Embalagem de 52G,"2,39 €","6,83 €/Kg"
Tostas integrais,Diatosta,Embalagem de 225 g,"2,39 €","6,83 €/Kg"
Farinha soja,Salutem,Embalagem de 400g,"2,09 €","8,36 €/Kg"
Bola insuflável patrulha pata 50 cm,Mondo,1 un.,"2,99 €","2,99 €/Unidade"
Bolachas com geleia de laranja,Chabrior,Embalagem de 150 g,"1,77 €","5,53 €/Kg"
Papel Higiénico Acolchoado 3 Folhas,Scottex,1 embalagem,"1,95 €","1,95 €/Unidade"
Porto 10 anos,Valadao,Garrafa de 750 ml,"10,99 €","14,65 €/L"
Água s/ gás,Luso,"Garrafa de 0,75 l","1,04 €","0,17 €/L"
Concentrado laranja e pêssego,Sunquick,Garrafa de 580 ml,"4,79 €","6,47 €/L"
Bolachas chiquilin,Artiach,Embalagem de 180g,"1,69 €","6,76 €/Kg"
Flocos de cereais com mel,PorSi,Embalagem de 750g,"2,19 €","8,76 €/Kg"
Lambrusco rose,*,Garrafa de 750 ml,"2,29 €","3,05 €/L"
Gel after sun refrescante,Cabana Sun,Embalagem de 200 ml,"9,99 €","49,95 €/L"
Salsichas de Aves Extra Suculentas,Nobre,frasco de 650g,"0,75 €","3,75 €/Kg"
Vinho maduro tinto,Alto de Pias,Garrafa de 5 l,"5,19 €","1,04 €/L"
Yofu soja baunilha,Alpro,Embalagem de 500gr,"3,09 €","6,18 €/Kg"
Creme culinário coco,Shoyce,Embalagem de 200 ml,"0,69 €","3,45 €/L"
Preparo para bolo de chocolate,Branca de Neve,Embalagem de 450g,"0,79 €","5,27 €/Kg"
Tarteletes com recheio avelã,PorSi,Embalagem de 91g,"2,15 €","2,87 €/Kg"
Sumo essencial kids,Compal,pack 3 x 0.11 l,"2,09 €","6,33 €/L"
Faca para bife 11 cm preta,PorSi,1 unidade,"4,89 €","4,89 €/Unidade"
"Alimento seco para gato junior, galinha",Whiskas,Embalagem de 350g,"12,99 €","4,33 €/Kg"
Risott de cogumelos,Trevijano,Embalagem de 280g,"2,84 €","258,18 €/Kg"
Inseticida Elétrico Citronela,Dum Dum,1 unidade = 45 noites,"6,89 €","6,89 €/Unidade"
Bife de atum,PorSi,Embalagem de 400 g,"4,39 €","10,98 €/Kg"
Alimento lácteo sem açucar com sabor a pêssego/banan...,Yogolino,Embalagem de 4 x 100 gr,"2,89 €","7,23 €/Kg"
Mousse chocolate leite,Alsa,Embalagem de 150g,"0,79 €","5,27 €/Kg"
Peito de peru extra original fatias finas,Nobre,Embalagem de 110g,"2,25 €","11,25 €/Kg"
Fondue,Novilho,1 un = 250 gr  (aprox.),"3,29 €","8,23 €/Kg"
Queijo p/ barrar s/ lactose,Philadelph,Embalagem de 150g,"4,39 €","10,98 €/Kg"
"Espuma cabelo, hidra caracóis",Fru style,Embalagem de 200 ml,"3,99 €","53,20 €/L"
Planta cozinha,Planta,Embalagem de 500g,"1,39 €","6,95 €/L"
Compasso eco simples,Bic,1 unidade,"1,95 €","97,50 €/L"
Condicionador cabelos loiros,Ultra Suave,Embalagem de 200 ml,"1,06 €","5,30 €/L"
Nectar vital equilibrio ananás/coco,Compal,Embalagem de 1 l,"0,99 €","0,99 €/L"
Bolacha de chocolate,Snapy,Embalagem de 250g,"2,11 €/Kg","2,11 €/Kg"
Bife de peru,PorSi,Embalagem de 400 g,"1,05 €","2,99 €/Kg"
"Chave de Fenda Cabo Bimat, 5.0x125mm",Itools,1 unidade,"4,99 €","4,99 €/Unidade"
Folhado de salsicha com mostarda,Pastelaria do Dia,110 g,"0,65 €","0,65 €/Unidade"
Bifanas,Porco,Vendido ao peso a partir de 1 kg,"3,99 €","3,99 €/Kg"
"Bebidas leite, caramelo machiatto",STARBUCKS,Embalagem de 220 ml,"1,99 €","2,49 €/L"
"Shampoo, laranja",PorSi,Embalagem de 1 l,"3,99 €","0,80 €/L"
Rhum com coco,Malibu,Garrafa de 700 ml,"16,49 €","23,56 €/L"
Cereais muesli natural,Jordans,Embalagem de 1Kg,"6,95 €","6,95 €/Kg"
Licor de anis,Xarao,Garrafa de 700 ml,"16,99 €","24,27 €/L"
Queijo Curado Amanteigado Médio,Serrinha,Vendido ao peso a partir de 250 gr,"2,42 €","9,69 €/Kg"
Piscina infantil,Bestway,Dim.: 152 x 38 cm,"2,99 €","2,99 €/Unidade"
Amêijoa Branca Congelada,*,Vendido ao peso a partir de 200 g,"2,00 €","7,99 €/Kg"
Faca cozinha 15 cm madeira,PorSi,1 unidade,"4,89 €","4,89 €/Unidade"
Leite s/ lactose meio gordo,Mimosa,Garrafa de 1 l,"1,29 €","1,29 €/L"
Laranja Económica,Fruta do Dia,1 un = 250 gr  (aprox.),"0,27 €","1,09 €/Kg"
Limão,Programa Origens,1 un = 200 gr (aprox.),"0,27 €","1,09 €/Kg"
"Amaciador de roupa, pure",Comfort,Garrafa de 4 l,"8,99 €","2,25 €/L"
Café moagem universal timor,Delta,Embalagem de 220g,"9,76 €/Kg","9,76 €/Kg"
Sabonete exfoliante alperce,Labell,Embalagem de 100 g,"1,99 €","12,44 €/Kg"
Café solúvel crema,Nescafe,Embalagem de 200g,"14,50 €/Kg","14,50 €/Kg"
Gomas favoritos classic,Haribo,Embalagem de 90g,"1,19 €","3,97 €/Kg"
Batata frita churrasco,PorSi,Embalagem de 185 g,"5,84 €/Kg","5,84 €/Kg"
Pratos para pic nic 23 cm azuis,PorSi,Embalagem com 4 unidades,"4,49 €","4,49 €/Unidade"
Farinha láctea menos 40% açúcar,Cerelac,Embalagem de 250g,"4,49 €","4,49 €/Kg"
Bolachas bambolitos chocolate e leite,PorSi,Embalagem de 150g,"4,60 €/Kg","4,60 €/Kg"
Cereais argolas de mel,PorSi,Embalagem de 375 g,"5,07 €/Kg","5,07 €/Kg"
Iogurte tipo grego stracciatella,PorSi,Embalagem de 500g,"1,49 €","2,98 €/Kg"
"Comida húmida para cão vaca, frango e borrego",Friskies,Embalagem de 12 x 100 g,"2,30 €/Kg","2,30 €/Kg"
"Pasta dentífrica, máxima proteção, fresca",Colgate,Embalagem de 75 ml,"2,29 €","30,53 €/L"
Sumo 100% maçã,PorSi,"Embalagem de 1,5 l","1,09 €","0,73 €/L"
Alho francês bio,PorSi Bio,750 g (aprox.),"0,45 €","1,49 €/Kg"
Piscina fast set,Bestway,Dim.: 244 x 61 cm,"34,99 €","34,99 €/Unidade"
20 saquetas chá digestão fácil,Lipton,Embalagem de 30g,"85,00 €/Kg","85,00 €/Kg"
Nectarina,Fruta do Dia,1 un = 150 gr (aprox.),"0,36 €","2,39 €/Kg"
Maçã Jonared 70+ Económica,Fruta do Dia,1 un = 150 gr (aprox.),"0,34 €","2,29 €/Kg"
Tablete de chocolate de leite com amêndoas - sem açú...,PorSi Viva Bem,Embalagem de 100 g,"10,52 €/Kg","10,52 €/Kg"
Água com gás,Vimeiro,pack 6 x 0.25 l,"2,85 €","2,85 €/L"
Pizza fiambre e queijo,Campofrio,Embalagem de 360g,"0,99 €","4,30 €/Kg"
Proti soja naco,Salutem,Embalagem de 400g,"2,09 €","8,36 €/Kg"
Francesinha,PorSi,Embalagem de 450G,"3,53 €","8,83 €/Kg"
Medalhões de pescada,PorSi,Embalagem de 400 g,"4,39 €","10,98 €/Kg"
"Elixir bocal, dentes e gengivas",Listerine,Embalagem de 250 ml,"5,89 €","11,78 €/L"
Cereais Corn Flakes Zero,Nacional,Embalagem de 375 g,"1,49 €","2,98 €/Kg"
Preparado para pão de ló,Branca de Neve,Embalagem de 440g,"1,39 €","6,95 €/L"
Vitalday recheada duplo chocolate,Gullon,Embalagem de 200g,"2,15 €","2,87 €/Kg"
Batata frita gourmet,PorSi,Embalagem de 150g,"1,06 €","5,73 €/Kg"
Delícias em forma de lagosta,Pescanova,Embalagem de 260g,"2,19 €","8,59 €/Kg"
Acelgas biológicas,PorSi Bio,350 g (aproximadamente),"0,70 €","2,79 €/Kg"
"Limpa vidros pistola, tripla acção",Ajax,Embalagem de 500 ml,"3,19 €","6,38 €/L"
Açúcar amarelo,PorSi,Embalagem de 1 kg,"1,49 €","1,49 €/Kg"
Costeletas do Cachaço,Porco,Vendido ao peso a partir de 1 kg,"3,99 €","3,99 €/Kg"
Panquecas,Condi,Embalagem de 400g,"1,39 €","6,95 €/L"
Agrião Programa Origens,PorSi,Embalagem de 400g,"0,99 €","9,90 €/Kg"
Óleo Cedro Líquido,PorSi,Embalagem de 200 ml,"4,39 €","14,63 €/L"
Néctar de pera,PorSi,Pack 3 x 200 ml,"0,99 €","0,99 €/L"
Iogurte Bifidus Activia Chia Amêndoa 0%,Danone,Embalagem 4x120g,"2,79 €","6,07 €/Kg"
Pensos com Abas de Noite,Ausonia,embalagem com 9 un.,"4,89 €","4,89 €/Unidade"
Leite de coco bio,PorSi Bio,400 ml,"2,99 €","5,98 €/Kg"
Chocolate em pó 70% cacau,STARBUCKS,Embalagem de 300g,"5,59 €","6,99 €/Kg"
Camarão moçambique 60/80,PorSi,800 g,"8,99 €","25,69 €/Kg"
Travessa com naperon 45x36cm,PorSi,1 unidade,"0,54 €","0,54 €/Unidade"
"Paté de sarinha, atum e marisco",Fides,Embalagem de 90g,"1,19 €","13,52 €/Kg"
Churritos,PorSi,Embalagem de 240g,"2,05 €","5,13 €/Kg"
Nestum aveia e morango,Nestum,Embalagem de 250g,"2,19 €","8,76 €/Kg"
Bebida de Soja Chocolate,PorSi Viva Bem,Pack: 3 x 200 ml,"2,49 €","2,49 €/L"
Preparado sobremesa vegan sem lactose,Nestle,Embalagem de 370g,"1,39 €","6,95 €/L"
Pêssego metades calda,PorSi,Embalagem de 3x205g,"1,99 €","2,37 €/Kg"
Figo da India,Fruta do Dia,1 un = 150 gr (aprox.),"1,05 €","3,49 €/Kg"
Iogurte liquido stracciatella,PorSi,Embalagem de 4 x 160 g,"1,17 €","1,83 €/Kg"
Chupa sortidos s/ açúcar,Chupachups,Embalagem de 70g,"1,99 €","4,98 €/L"
Feijão manteiga,PorSi,Embalagem de 500g,"0,95 €","1,90 €/Kg"
Queijo Curado Meio Gordo,Fonte Mourisca,Vendido ao peso a partir de 250 gr,"2,42 €","9,69 €/Kg"
Bolachas maria,Triunfo,Embalagem de 200g,"2,11 €/Kg","2,11 €/Kg"
Salada bacon,PorSi,Embalagem de 192 g,"2,35 €","5,60 €/Kg"
"Creme de rosto revital laser, serum",L'oreal,Embalagem de 30 ml,"2,99 €","59,80 €/L"
Leite pasteurizado gordo,Vigor,Garrafa de 1 l,"1,09 €","1,09 €/L"
Bolachas dinossauros dinoovos,Artiach,Embalagem de 140g,"1,89 €","15,75 €/Kg"
Caldo carne 16 cubos,Knorr,Embalagem de 160g,"3,69 €","23,06 €/Kg"
Farinha rainha c/ fermento,Nacional,Embalagem de 1000 g,"1,99 €","1,99 €/Kg"
Infusão cidreira,PorSi,Embalagem de 40g,"0,79 €","60,77 €/Kg"
Chá Aromatizado Pirâmide Baunilha/Caramelo,PorSi,20 x 2 g,"58,44 €/Kg","58,44 €/Kg"
"Livro ""Pequenas Histórias de Animais que se Tornaram...",Girassol,1 unidade,"7,50 €/Unidade","7,50 €/Unidade"
Caldo de galinha,PorSi,24 cubos,"3,69 €","23,06 €/Kg"
Flocos de aveia bio,Seara,Embalagem de 400 g,"1,89 €","3,78 €/Kg"
Tampão com Aplicador Pearl Regular,Tampax,Embalagem com 24 unidades,"1,39 €","1,39 €/Unidade"
Cenoura adoçada com xarope de milho,Cemporcent,Embalagem de 240g,"1,19 €","2,38 €/Kg"
"Dentífrico Senses Melancia, Pepino e Menta",Aquafresh,75 ml,"2,29 €","30,53 €/L"
Massa de argolinhas,Nacional,Embalagem de 250g,"0,89 €","1,78 €/Kg"
Desinfetante álcool gel com doseador,PorSi,500 ml,"5,24 €","5,24 €/Unidade"
Queijo grana padano D.O.P 16 meses de cura,PorSi Select,Embalagem de 180 g,"2,87 €","15,94 €/Kg"
Gelatina pronta a comer tutti frutti,Royal,Embalagem de 4x100 g,"0,85 €","2,13 €/Kg"
Papel de alumínio,PorSi,50 metros,"1,11 €","1,11 €/Unidade"
Carrinho Limpeza,Vicam,unidade,"10,99 €","10,99 €/Unidade"
Fiambre da Pá,PorSi,1 un = 150 gr (aprox.),"0,97 €","6,49 €/Kg"
Pudim zero chocolate,Condi,27 g,"0,59 €","29,50 €/Kg"
Moelleux de chocolate,PorSi Select,960 g,"2,19 €","6,64 €/Kg"
Collant suavidade e conforto muskad 20D,PorSi,Tamanho: s/m,"1,99 €","1,99 €/Unidade"
Café com cafeina solúvel,Delta,Embalagem de 20g,"14,50 €/Kg","14,50 €/Kg"
10 saquetas chá yellow label,Lipton,Embalagem de 20g,"58,44 €/Kg","58,44 €/Kg"
Crocodilo dentista,Hasbro,1 un.,"9,99 €/Unidade","9,99 €/Unidade"
Bebida de soja com cálcio,PorSi Viva Bem,Embalagem de 1 litro,"2,49 €","2,49 €/L"
Ovo Escavação c/ 5 Surpresas,Jurassic World,1 un.,"9,99 €/Unidade","9,99 €/Unidade"
Iogurte líquido de frutos vermelhos,PorSi,Embalagem de 4 x 160 g,"1,17 €","1,83 €/Kg"
"Escova de cabelo, brushing média",Labell,Uma unidade,"2,19 €","2,19 €/Unidade"
Búzio Cozido Pescado no Mar,Marisco Fresco,1 un = 250 gr (aprox.),"2,25 €","8,99 €/Kg"
Deo Spray Black & White Active,Nivea,Embalagem de 150 ml,"4,49 €","29,93 €/L"
Snack bone beef xs,8in1,Embalagem de 80g,"0,85 €","4,72 €/Kg"
Cerveja super bock,Super Bock,Pack 6 x 200 ml,"1,99 €/L","1,99 €/L"
Azeite virgem clássico,PorSi,Garrafa de 750 ml,"3,19 €","4,25 €/L"
Aditivo em gel máquina roupa branca,Vanish,Embalagem de 1.6 litros,"7,99 €","19,02 €/Kg"
Leite de coco,PorSi,Embalagem de 400 ml,"3,69 €","23,06 €/Kg"
Sopa de tomate,Knorr,Embalagem de 90g,"0,84 €","13,55 €/Kg"
Queijo fundido vaca que ri light 24 porções,A Vaca Que Ri,Embalagem de 400g,"2,39 €","19,92 €/Kg"
Sopa Canja de Galinha c/ Aletria,PorSi,Embalagem de 75 g,"0,84 €","13,55 €/Kg"
Achocolatado em Pó,Nesquik,Embalagem de 700g,"5,59 €","6,99 €/Kg"
Miolo de camarão 100/200,H2Gelo,Embalagem de 250  g,"8,99 €","25,69 €/Kg"
Pão de centeio,MUSEU PAO,Embalagem de 450g,"0,99 €","1,65 €/Kg"
Óleo Bronzeador F4,Hawaiian Tropic,Embalagem de 200 ml,"10,99 €","54,95 €/L"
Tomate 67/82,Legumes do Dia,1 un = 200 gr (aprox.),"0,40 €","1,99 €/Kg"
Massa de cotovelos grandes riscados,Milaneza,Embalagem de 500g,"0,89 €","1,78 €/Kg"
Recarga Desumidificador Basic,HUMYDRY,embalagem de 3 x 250g,"2,99 €","6,64 €/Kg"
Conjunto de medição,Maped,4 peças,"2,99 €","2,99 €/Unidade"
Puré de maçã sem adição açúcar,PorSi,700 g,"0,74 €","8,22 €/Kg"
Bolachas Maria sem Açúcar,Vieira de Castro,Embalagem de 300 g,"2,11 €/Kg","2,11 €/Kg"
Tablete chocolate de leite,PorSi,embalagem de 100 g,"5,30 €/Kg","5,30 €/Kg"
Maçã Fuji 70/75,Fruta do Dia,1 un = 150 gr (aprox.),"0,34 €","2,29 €/Kg"
Tiras de bacon fumado,PorSi,Embalagem de 300g,"1,45 €","18,13 €/Kg"
Feijão manteiga,PorSi,Frasco com 540 g,"1,79 €","2,29 €/Kg"
Bóia Patrulha Pata 50 cm,Mondo,1 unidade,"2,99 €","2,99 €/Unidade"
Leite Protetor Sensitive Advanced 50+,Ambre Solaire,Embalagem de 200 ml,"9,99 €","49,95 €/L"
Caderno Espiral Universal A5 Quadriculado,Domédia,1 un.,"0,99 €","0,99 €/Unidade"
Descafeinado,Buondi,10 cápsulas,"1,59 €","6,36 €/Kg"
Smooth Lâminas Para Máquina De Depilação,Venus,4 Unidades,"12,99 €","12,99 €/Unidade"
Cãozinho,Baby Clementoni,1 unidade,"11,99 €/Unidade","11,99 €/Unidade"
Snacks croc.amendoim,PorSi,Embalagem de 90g,"0,79 €","7,90 €/Kg"
Bloco Notas A6 Pautado,Domédia,1 un.,"1,99 €","1,99 €/Unidade"
Livro Pop-Ups - Oceanos,Europrice,1 unidade,"7,50 €/Unidade","7,50 €/Unidade"
Barco unicórnio,Mondo,Dim.: 94 cm,"34,99 €","34,99 €/Unidade"
Discos Sanitários Activos Aparelho Lavanda,WC Pato,Embalagem de 36 ml,"2,99 €","74,75 €/Kg"
Jardineira,PorSi,Embalagem de 400 g,"1,89 €","1,89 €/Kg"
Areia para gatos 100% natural,PorSi,Embalagem de 5 kg,"1,19 €","0,24 €/Kg"
Papel higiénico 2 folhas,PorSi,32 rolos,"1,95 €","1,95 €/Unidade"
Adoçante c/ doseador,Canderel,Embalagem de 30g,"5,49 €","21,96 €/Kg"
Ração para gato bolas de pelo com frango,Friskies,"Embalagem de 1,5kg","12,99 €","4,33 €/Kg"
Farinha para pão integral,Nacional,Embalagem de 1 kg,"1,99 €","1,99 €/Kg"
Cerveja com álcool,Sagres,pack 24 x 0.25 l,"1,99 €/L","1,99 €/L"
Soro fisiológico,PorSi,Embalagem de 100 ml,"0,59 €","5,90 €/L"
Gomas starmix,Haribo,Embalagem de 90g,"1,19 €","3,97 €/Kg"
Camisola segunda pele 30D branco t. único,PorSi,1 unidade,"4,99 €","4,99 €/Unidade"
Tónico de limpeza age perfect,L'oreal,Embalagem de 200 ml,"0,76 €","0,76 €/Unidade"
Slime Kit,Science4You,1 unidade,"9,99 €/Unidade","9,99 €/Unidade"
Mel rosmaninho 500g,SERRAMEL,Embalagem de 500G,"4,89 €","9,78 €/Kg"
Gel Barbear Mach3 Conforto Extra,Gillette,Embalagem de 200 ml,"1,16 €","4,64 €/L"
Queijo Cabra 45% M.G,Bergelou,Vendido ao peso a partir de 250 gr,"2,39 €","11,95 €/Kg"
Leite pasteurizado m/g sem lactose,Vigor,Garrafa de 1 l,"1,09 €","1,09 €/L"
Aveia instantânea em pó 1250 g bolacha,Prozis,"Embalagem de 1,25 kg","2,29 €","11,45 €/Kg"
Concentrado manga,Sunquick,Garrafa de 580 ml,"4,79 €","6,47 €/L"
Piscina c/ Armação,Bestway,Dim.: 259 x 170 x 61 cm,"2,99 €","2,99 €/Unidade"
5 gouaches de cores primárias,Domédia,Uma embalagem,"4,69 €","4,69 €/Unidade"
Baliza divertida,Baby Clementoni,1 unidade,"11,99 €/Unidade","11,99 €/Unidade"
Polpa tomate biológico,Guloso,Embalagem de 500g,"2,99 €","5,98 €/Kg"
Physalis,*,100 g (aprox.),"0,47 €","1,89 €/Kg"
8 salsichas aves,Izidoro,Embalagem de 200g,"0,75 €","3,75 €/Kg"
"Abs odores lavanda, pack 2x150g",Glade,Embalagem de 2x150 g,"14,30 €/L","14,30 €/L"
Puré de cenoura e abóbora,Bonduelle,Embalagem de 420g,"1,99 €","6,63 €/Kg"
Ovo inteiro liquido pasteurizado,Dovo,Embalagem de 500g,"2,19 €","2,19 €/Unidade"
Creme de amendoim chunk 340g,Skippy,Embalagem de 340g,"4,19 €","12,32 €/Kg"
"Fiambre extra, fatiado",PorSi,Embalagem de 200g,"0,97 €","6,49 €/Kg"
Marmelada,Ferbar,Embalagem de 800g,"1,09 €","2,42 €/Kg"
Camisola segunda pele 40D musk t. único,PorSi,1 unidade,"4,99 €","4,99 €/Unidade"
Queijo de cabra gourmet,Palhais,Embalagem de 180g,"1,89 €","10,50 €/Kg"
Queijo Curado Amanteigado,Torre,1 un = 250 gr  (aprox.),"25,45 €/Kg","25,45 €/Kg"
Bolachas crackers com sal,PorSi,Embalagem de 500g,"0,39 €","3,12 €/Kg"
Dentífrico sensibilidade e gengivas,Sensodyne,Embalagem de 75 ml,"2,29 €","30,53 €/L"
Gogo SqueeZ Snack de Maçã,Gogo,Embalagem de 4 x 90g,"2,29 €","6,94 €/L"
Creme vitalift 5,Men expert,Embalagem de 50 ml,"5,99 €","14,98 €/L"
Croissant Brioche Artesanal,Pastelaria do Dia,1 unidade= 90 gr,"0,69 €","0,69 €/Unidade"
Infusão nº 5 emagrecimento,Cemporcent,Embalagem de 10 unidades,"0,79 €","60,77 €/Kg"
Bolo rei,Pastelaria do Dia,800 g,"8,99 €","11,24 €/Kg"
Collant opac micro 60d cast xl,PorSi,Embalagem de 1 unidades,"1,99 €","1,99 €/Unidade"
Iogurte vidro pedaços morango,PorSi,Embalagem de 2 x 135 g,"1,49 €","2,98 €/Kg"
Lixívia Tradicional,Neoblanc,Embalagem de 4 l,"1,74 €","0,35 €/L"
Iogurte natural,PorSi,Embalagem 12 x 125 g,"0,99 €","1,98 €/Kg"
Bolachas waffers com recheio de limão,Cuetara,Embalagem de 150 gr,"0,98 €","4,67 €/Kg"
Infusão nº 10 colestrol,Cemporcent,Embalagem de 10 unidades,"0,79 €","60,77 €/Kg"
Bolachas cereais e pepitas de chocolate,PorSi,Embalagem de 400 g,"5,47 €/Kg","5,47 €/Kg"
Néctar bio laranja,Paquito,"Embalagem de 1,5 l","0,99 €","0,99 €/L"
Cordon bleu,PorSi,Embalagem de 1 kg,"2,79 €","8,72 €/Kg"
"Loção Solar, SPF50",Cabana Sun,Embalagem de 150 ml,"16,99 €","84,95 €/L"
Gomas beijinhos,PorSi,Embalagem de 300 g,"1,19 €","3,97 €/Kg"
Millet (milho painço),Cemporcent,Embalagem de 500g,"1,19 €","2,38 €/Kg"
Whisky Swing,Johnnie Walker,"Garrafa de 0,70 l","30,99 €","44,27 €/L"
Sobremesa danette chocolate,Danone,Embalagem de 4 x 125 g,"1,19 €","2,59 €/Kg"
Creme p/ Calçado Castanho,Búfalo,Embalagem de 50 ml,"0,99 €","19,80 €/L"
Truta de Viveiro,Programa Origens,"Fresca, vendida ao peso | 1 un.=300 g (aprox.)","5,99 €/Kg","5,99 €/Kg"
Gogo SqueeZ Snack Maçã,Gogo,Embalagem de 90g,"2,29 €","6,94 €/L"
"Tiras limpa poros faciais, 6unidades",Labell,1 embalagem,"0,76 €","0,76 €/Unidade"
Marcador Turbo Color x12,Giotto,Uma embalagem,"4,69 €","4,69 €/Unidade"
Anchova,Peixe do Dia,1 un = 1 kg (aprox.),"5,99 €/Kg","5,99 €/Kg"
Spray renova camurça incolor,PorSi,Embalagem de 200 ml,"6,19 €","24,76 €/L"
Cadeira Auto Ever Safe Grupo 1/2/3,Bebéconfort,unidade,"42,99 €","42,99 €/Unidade"
Oikos morango 110g x4,Danone,Embalagem de 440g,"1,49 €","2,98 €/Kg"
Doce pessego 284g,ST.DALFOUR,Frasco de 284g,"2,19 €","9,95 €/Kg"
Choco flakes,Cuetara,Embalagem de 500g,"5,07 €/Kg","5,07 €/Kg"
Tesoura advanced green,Maped,21 cm,"1,95 €","97,50 €/L"
"Espuma de cabelo, volume absoluto",Pantene,Embalagem de 200 ml,"3,99 €","53,20 €/L"
Queijo Brie 60%,Produto selecionado,Vendido ao peso a partir de 250 gr,"2,39 €","11,95 €/Kg"
Bebida de aveia,Frias,Garrafa de 1 l,"2,19 €","2,19 €/L"
Vinho do porto rozès tawny,Rozes,Garrafa de 750 ml,"15,99 €","21,32 €/L"
"Óleo Spray Seco, SPF6",Cabana Sun,Embalagem de 200 ml,"16,99 €","84,95 €/L"
Esparguete integral com aveia,Milaneza,Embalagem de 500g,"0,89 €","1,78 €/Kg"
Gel de Banho Deeply Nourishing,Dove,Embalagem de 750 ml,"6,49 €","8,65 €/L"
Vitamina c,PLANTANATU,Embalagem de 1 unidades,"7,59 €","126,50 €/Kg"
20 mini rissóis de camarão,PorSi,Embalagem de 300 g,"1,64 €","6,56 €/Kg"
Pensos Incontinência Mulher Discreet Normal,Tena,Embalagem com 24 unidades,"1,95 €","1,95 €/Unidade"
Mistura para coelhos anões,Canto Alegre,Embalagem de 1K,"2,49 €","2,49 €/Kg"
Jogo das escadas,Olivo,1 unidade,"9,99 €/Unidade","9,99 €/Unidade"
40 filtros café número 4,Planteur,Embalagem com 40 filtros,"0,89 €","0,89 €/Unidade"
Bolacha waffer bites cacau,Waferland,Embalagem de 125g,"0,98 €","4,67 €/Kg"
Infusão de menta,Tetley,Embalagem de 10g,"0,79 €","60,77 €/Kg"
Sangria tinta,PorSi,Garrafa de 1.5 litros,"1,99 €","1,33 €/L"
Cerveja super bock stout,Super Bock,Garrafa de 330 ml,"1,99 €/L","1,99 €/L"
Espreguiçadeira malibu verde,Joluce,1 unidade,"2,99 €","2,99 €/Unidade"
Vinho rosé regional península de Setúbal,Selecção de Enófilos,Garrafa de 0.75 l,"8,59 €","11,45 €/L"
Queijo mini,Babybel,Embalagem de 6x20 g,"2,39 €","11,95 €/Kg"
"Frutapura maçã, banana e frutos do bosque",Bledina,Embalagem de 85g,"2,29 €","6,94 €/L"
Creme abrasivo de limão,PorSi,Embalagem de 750 ml,"0,99 €","0,99 €/L"
Mimosa proteína cacau,Mimosa,Embalagem de 250 ml,"0,81 €","0,81 €/L"
Semente linhaça amarela,Salutem,Embalagem de 250g,"2,29 €","11,45 €/Kg"
Recarga  para esfregona tiras,PorSi,1 unidade,"0,89 €","0,89 €/Unidade"
Dominó,Olivo,caixa metálica,"9,99 €/Unidade","9,99 €/Unidade"
Melão Branco,Fruta do Dia,"Vendido ao peso,1 un= 2.5 kg (aprox.)","2,23 €","0,89 €/Kg"
Azeite virgem extra seleção,PorSi,Garrafa de 2 l,"3,19 €","4,25 €/L"
Vinho frisante rosé,Lapadas,Garrafa de 750 ml,"2,29 €","3,05 €/L"
Super Cola 3 Precisão C/ 50% Grátis,Loctite,7.5 g,"2,59 €","86,33 €/Kg"
Farinha láctea cerelac,Cerelac,Embalagem de 500g,"4,49 €","4,49 €/Kg"
Cápsulas de café com leite cappuccino,Nescafe,Embalagem com 16 cápsulas,"54,36 €/Kg","54,36 €/Kg"
Creme vegetal para cozinha,Becel,Embalagem de 450 g,"1,39 €","6,95 €/L"
Rebuçados drops recheio de fruta,PorSi,Embalagem de 250g,"2,30 €","57,50 €/Kg"
Cá drenó volum,PLANTANATU,Embalagem de 10 unidades,"1,19 €","1,19 €/Unidade"
Peito de peru fatiado,PorSi,Embalagem de 200g,"2,25 €","11,25 €/Kg"
Maionese,PorSi,Embalagem de 414 g,"0,70 €","2,33 €/Kg"
Bomba de ar de pé,Bestway,1 un.,"4,49 €","4,49 €/Unidade"
Fiambre da perna extra,PorSi,Pack Poupança de 2 x 170 g,"0,97 €","6,49 €/Kg"
Fraldas Bebé Seco T3 | 6-10 Kg,Dodot,Embalagem com 62 un.,"5,89 €","5,89 €/Unidade"
Sacos do lixo perfumado 30 litros,PorSi,15 unidades,"1,79 €","1,79 €/Unidade"
"Bacalhau graúdo inteiro salgado, seco",Bacalhau da Islândia,1 un= 2.5kg (aprox.),"8,73 €/Kg","8,73 €/Kg"
Salsicha Fresca,Porco,1 un = 100 gr (aprox.),"0,30 €","5,99 €/Kg"
Bebida de soja e chocolate,PorSi Viva Bem,Embalagem de 1 l,"2,49 €","2,49 €/L"
Achocolatado zero% açúcares,Nesquik,Embalagem de 345g,"5,59 €","6,99 €/Kg"
18 hamburguers s/ glúten vaca,Capitão Iglo,Pack familiar com 1.4 kg,"2,79 €","8,72 €/Kg"
Vulcão brilhante,Clementoni,1 unidade,"9,99 €/Unidade","9,99 €/Unidade"
Queijo dop cura 4 meses fatias,Sao jorge,Embalagem de 400g,"2,42 €","9,69 €/Kg"
Gelado magnum pint clássico,Olá,Embalagem de 440 ml,"6,79 €","14,76 €/L"
Diospiro de  Roer,Programa Origens,1 un = 250 gr  (aprox.),"0,47 €","1,89 €/Kg"
Descafeinado em cápsulas Pianíssimo 10x5g,PorSi Select,Embalagem de 50g,"1,59 €","6,36 €/Kg"
Fósforos cozinha,Quinas,Embalagem com 4 caixas por unidade,"1,50 €","1,50 €/Unidade"
Queijo regional,Qj.saloio,Embalagem de 200g,"1,89 €","10,50 €/Kg"
Bolachas com recheio de chocolate,PorSi,Embalagem de 3 x 250 g,"2,15 €","2,87 €/Kg"
Agrafador pocket universal nº10,Maped,1 unidade,"1,29 €","1,29 €/Unidade"
Peluche George,Peppa Pig,50 cm,"11,99 €/Unidade","11,99 €/Unidade"
Cereais nesquik,Nestle,Embalagem de 625g,"5,07 €/Kg","5,07 €/Kg"
Clementinas,PorSi Bio,Emb.: ± 500 g,"0,27 €","1,09 €/Kg"
Almôndegas vegetarianas,Garden Gourmet,Embalagem de 200g,"1,99 €","6,63 €/Kg"
Fruta para bebé banana laranja bolacha +6 meses,Nestle,Embalagem de 90g,"0,74 €","8,22 €/Kg"
Yofu com polpa de fruta,Alpro,Embalagem de 4x125 g,"3,09 €","6,18 €/Kg"
"Pasta de arquivo, lombada estreita, cinza",Domédia,1 unidade,"2,99 €","2,99 €/Unidade"
Azeite virgem extra gourmet,Gallo,Garrafa de 750 ml,"3,19 €","4,25 €/L"
Abrasivo sanitário gel citrinos,PorSi,embalagem de 1 litro,"0,99 €","0,99 €/L"
"Papel higiénico acolchoado, folha tripla, 9 rolos",Scottex,1 embalagem,"1,95 €","1,95 €/Unidade"
Bebida Solúvel Mokambo Chicória e Café,Nestle,Embalagem de 240g,"14,50 €/Kg","14,50 €/Kg"
Refeição caseira almôndegas,Nobre,Embalagem de 420g,"2,35 €","5,60 €/Kg"
"Cueca de incontinência, adulto, pequena",PorSi,Embalagem com 14 unidades,"9,99 €","9,99 €/Unidade"
Pó baratas e formigas,Baygon,Embalagem de 250 g,"5,49 €","13,73 €/L"
Esfregão Salva Unhas Fibra verde Plus,Vileda,Embalagem com 1+1 grátis,"2,54 €","2,54 €/Unidade"
Abacate,Programa Origens,1 un. = 300 g (aprox.),"1,05 €","3,49 €/Kg"
Pimento verde biológico,PorSi Bio,Embalagem com 500 g (aprox.),"2,19 €","4,38 €/Kg"
Óleo alimentar,Vêgê,Embalagem de 1 l,"3,39 €","3,39 €/L"
Vela com número nº 8,PorSi,1 unidade,"0,95 €","0,95 €/Unidade"
Royal gelatin,Royal,Embalagem de 400g,"0,85 €","2,13 €/Kg"
Pescada panada em forma de filete,Pescanova,Embalagem de 1 Kg,"4,39 €","10,98 €/Kg"
Chalotas,Legumes do Dia,embalagem de 250 g (aprox.),"0,25 €","0,99 €/Kg"
Vinho tinto península de setúbal superyor,Periquita,Garrafa de 750 ml,"8,59 €","11,45 €/L"
Bolacha dibus mini angry birds,Gullon,Embalagem de 250g,"1,89 €","15,75 €/Kg"
Champô Hidratante,Baby Dove,Embalagem de 400 ml,"1,99 €","1,99 €/Unidade"
Cereais wk kellogg bio chocolate,Kellogg's,300 g,"2,29 €","6,11 €/Kg"
Penso de incontinência boutique mini,Ausonia Discreet,Embalagem de 16 un.,"1,95 €","1,95 €/Unidade"
Farinha para pão vitale,Nacional,Embalagem de 1 kg,"1,99 €","1,99 €/Kg"
"Cera acrílica, madeira",PorSi,Embalagem de 750 ml,"0,94 €","0,94 €/L"
Nuggets,Avibom,Embalagem de 300g,"4,99 €","24,95 €/Kg"
Croissant Brioche 85 g,Pastelaria do Dia,,"0,69 €","0,69 €/Unidade"
Guache,Giotto,6 x 7.5 ml,"3,09 €","3,09 €/Unidade"
After sun leite hidratante apaziguante com aloe Vera,Ambre Solaire,Embalagem de 100 ml,"9,99 €","49,95 €/L"
Semente linhaça castanha,Salutem,Embalagem de 250g,"2,29 €","11,45 €/Kg"
"Espumante Danúbio, Bruto",Danúbio,Garrafa de 75 cl,"6,99 €","9,32 €/L"
