Nome,Marca,Unidade,Preço Primário,Preço Secundário
Azeite,Oliveira da Serra,Embalagem de 750 ml,"8,59 €","4,30 €/L"
Gelatina pronta a comer light 10 kcal mirtilo,Royal,Embalagem de 4 x 100 g,"2,29 €","5,73 €/Kg"
Miolo de camarão 80/100,Pescanova,Embalagem de 350g,"8,99 €","25,69 €/Kg"
Castanhas,PorSi,Embalagem de 500G,"4,99 €","9,98 €/Kg"
Ambientador vela odor tabaco,PorSi,1 unidade,"4,99 €","4,99 €/Unidade"
Cabo de metal com rosca,PorSi,1.20 m,"2,20 €","2,20 €/Unidade"
Borracha para lápis e tinta,Domédia,1 unidade,"3,19 €","3,19 €/Unidade"
Toucinho Fumado,PorSi,fatiado a partir de 100 gr,"2,79 €","9,30 €/Kg"
Detergente Líquido p/ Loiça Original,Fairy,"Embalagem de 1,19 l","1,05 €","2,10 €/L"
Whisky 15 Anos c/ Tubo,Glen Crinan,Garrafa de 0.70 l,"19,99 €","19,99 €/L"
Camisola segunda pele 30D preto t. único,PorSi,1 unidade,"4,69 €","4,69 €/Unidade"
Mistura solúvel brasa,Nestle,Embalagem de 200g,"0,99 €","3,96 €/Kg"
Cenoura biológica,PorSi Bio,Embalagem de aprox. 600 g,"0,79 €/Kg","0,79 €/Kg"
Vinho regional península de setúbal tinto,J.m.f.,Garrafa de 750 ml,"8,59 €","11,45 €/L"
Lambrusco rosé,Cavicchiol,Garrafa de 750 ml,"6,89 €","9,19 €/L"
Biscoitos integrais sementes de agave,PorSi Viva Bem,Embalagem de 150g,"1,45 €","11,15 €/Kg"
Desumidificador e Ambientador Mini,HUMYDRY,embalagem de 75g,"4,59 €","61,20 €/Kg"
Gel Creme Get Sleek,Tresemmé,Embalagem de 125 ml,"5,99 €","79,87 €/L"
Crescido,Bacalhau da Islândia,1 un = 1.5 kg (aprox.),"8,73 €/Kg","8,73 €/Kg"
Limpa Motores,PorSi,Embalagem de 1 l,"3,49 €","13,96 €/L"
Delícias do mar s/ glúten,Pescanova,Embalagem de 450 g,"2,99 €","6,64 €/Kg"
"Queijo light, 8 porções",A Vaca Que Ri,Embalagem de 140 g,"2,39 €","19,92 €/Kg"
Muesli Frutas,PorSi,500 g,"2,45 €","4,90 €/Kg"
Framboesas 100% Naturais,PorSi,Embalagem de 750 g,"4,99 €","9,98 €/Kg"
Vinho doc douro tinto,Papa Figos,Garrafa de 0.75 l,"7,49 €","9,99 €/L"
Lombo assado fatiado,PorSi,150 g,"3,49 €","38,78 €/Kg"
Água c/ gás groselha,Frize,pack 4 x 0.25 l,"2,85 €","2,85 €/L"
8 hamburguers s/ glúten frango,Capitão Iglo,Embalagem de 480g,"2,79 €","8,72 €/Kg"
Palitos superfinos,PorSi,Embalagem de 400 unidades,"1,50 €","1,50 €/Unidade"
Cebolinho,PorSi,Embalagem de 50g,"0,99 €","19,80 €/Kg"
Remove Insectos,PorSi,Embalagem de 1 l,"3,49 €","13,96 €/L"
10 nuggets de frango,Capitão Iglo,Embalagem de 210g,"2,79 €","8,72 €/Kg"
Néctar clássico laranja,Compal,Embalagem de 1 l,"0,99 €","0,99 €/L"
Doce light framboesa,PorSi,Embalagem de 340g,"1,65 €","4,85 €/Kg"
Leite Bem Essencial Chocolate,Mimosa,Embalagem de 4 x 200 ml,"0,26 €","1,30 €/L"
"Luvas multiusos relevo antiderrapante, tamanho médio",PorSi,Embalagem de 1 unidades,"2,40 €","2,40 €/Unidade"
Esfregona Microfibras Eco,Vileda,1 un.,"0,89 €","0,89 €/Unidade"
Guardanapos 2 folhas azul e dourado,PorSi Select,40 unidades,"1,29 €","1,29 €/Unidade"
Gelado magnum after dinner,Olá,Embalagem de 10 x 35 ml,"5,99 €","16,64 €/L"
Framboesa,PorSi,Embalagem com 125g,"2,19 €","17,52 €/Kg"
"Forma de papel para bolos, 9 cm, 60 unidades",PorSi,Uma embalagem,"0,99 €","0,99 €/Unidade"
Óleo de girassol,PorSi,garrafa de 3 litros,"3,39 €","3,39 €/L"
Crepe simples,PorSi,Embalagem de 630g,"3,99 €","7,39 €/Kg"
Gelatina de manga,Koala,Embalagem de 130g,"2,29 €","5,73 €/Kg"
Salsichas de porco,Nobre,Lata de 200g,"0,75 €","3,75 €/Kg"
Toalha banho bordada,PorSi,80x80 cm,"4,99 €","4,99 €/Unidade"
Sabonete Líquido Original,Dove,Embalagem de 250 ml,"1,19 €","3,97 €/L"
"Alimento seco para cão, croquetes pro adulto",PorSi Select,Embalagem de 4 Kg,"14,29 €","3,57 €/Kg"
Salsichas frasco hot dog,PorSi,Embalagem 540G,"0,75 €","3,75 €/Kg"
Queijo de nisa dop,PorSi Select,1 unidade = 280g (aprox.),"2,87 €","15,94 €/Kg"
Vinho branco regional península de setúbal,Joao pires,Garrafa de 0.75 l,"8,59 €","11,45 €/L"
Arroz estufado,Caçarola,Embalagem de 1 kg,"1,26 €","1,26 €/Kg"
Arroz selvagem,Caçarola,Embalagem de 500 g,"1,26 €","1,26 €/Kg"
Lápis de cera,Giotto,embalagem com 12 unidades,"4,69 €","4,69 €/Unidade"
Bandas de cera axilas/bikini,Labell,Embalagem com 16 un. + 4 toalhitas de acabamento,"1,19 €","1,19 €/Unidade"
Broa de Milho,Pão do Dia,1 unidade= 400 g,"0,19 €","2,38 €/Kg"
Queijo de cabra,Palhais,Embalagem de 200g,"1,89 €","10,50 €/Kg"
Comida húmida para cão mini menu paté frango e cenou...,Friskies,Embalagem de 150g,"0,75 €","2,50 €/Kg"
Polpa tomate biológico,Guloso,Embalagem de 500g,"3,65 €","7,30 €/Kg"
Linguas de gato,PorSi,Embalagem de 200 g,"0,69 €","3,45 €/Kg"
Rúcula Selvagem Programa Origens,PorSi,Embalagem de 100g,"0,99 €","9,90 €/Kg"
Pilha alcalina classic lr14x2,Domédia,1 unidade,"1,99 €","1,99 €/Unidade"
Atum posta em óleo,General,Embalagem de 110g,"0,89 €","7,42 €/Kg"
Croissants brioche,s. tomé,Embalagem de 200 g,"7,40 €/Kg","7,40 €/Kg"
"Vinho tinto regional, península de setúbal, bag-in-b...",Dom Campos,Garrafa de 5 l,"9,49 €","1,90 €/L"
Jogo O Corpo humano,Clementoni,1 un.,"16,99 €/Unidade","16,99 €/Unidade"
Mopa com cabo,PorSi,1 unidade,"0,89 €","0,89 €/Unidade"
Biscoitos brownies,PorSi,Embalagem de 230g,"0,90 €","6,00 €/Kg"
Fita Adesiva Brico Facil Especial Dupla Face,Ceys,1 unidade,"3,19 €","3,19 €/Unidade"
Arroz vaporizado,Cigala,Embalagem de 1 kg,"1,26 €","1,26 €/Kg"
Refresco em pó de ananás,PorSi,Embalagem de 40 g,"0,75 €","18,75 €/Kg"
Sobremesa Paturette Caramelo,Páturages,Embalagem de 4x115g,"0,99 €","1,65 €/Kg"
Vinho tinto cotes du rhone,Expert Club,Garrafa de 75 cl,"6,89 €","9,19 €/L"
Bio cogumelos shitake,PorSi Bio,Embalagem de 250g,"1,89 €","6,30 €/Kg"
Tablete de chocolate culinário branco,PorSi,Embalagem de 180 g,"2,59 €","14,39 €/Kg"
Farinha de trigo sem fermento t65,PorSi,Embalagem de 1 kg,"1,99 €","1,99 €/Kg"
Bacalhau a bras,PorSi,Embalagem de 300g,"1,79 €","7,16 €/Kg"
Ração seca para cão croquetes pro júnior,PorSi Select,Embalagem de 3 Kg,"14,29 €","3,57 €/Kg"
Bolachas cacau com recheio baunilha,PorSi,Embalagem de 176 g,"0,79 €","4,49 €/Kg"
Ovos de Galinhas Criadas ao Ar Livre,PorSi,6 ovos frescos,"1,59 €","1,59 €/Unidade"
Leite infantil confort 1 desde o nascimento,NAN,Embalagem de 800g,"23,99 €","29,99 €/Kg"
Ice tea de pêssego,PorSi,Garrafa de 2 l,"1,14 €","0,76 €/L"
20 saquetas infusão limão gengibre,Lipton,Embalagem de 40g,"58,00 €/Kg","58,00 €/Kg"
Bola de Berlim chocolate,PorSi,85g,"0,30 €/Unidade","0,30 €/Unidade"
Bebida de Soja Natural,PorSi Viva Bem,Pack: 3 x 200 ml,"2,49 €","2,49 €/L"
Lixívia para roupa tradicional,Neoblanc,Embalagem de 2 l,"2,19 €","1,10 €/L"
Tábua de queijos mistura,Santiago,Embalagem de 270g,"25,45 €/Kg","25,45 €/Kg"
"Alimento húmido para gato júnior, carne",Whiskas,Embalagem de 400g,"2,89 €","7,23 €/Kg"
Folhado de salsichas,Pastelaria do Dia,1 unidade = 110 g,"0,89 €","0,89 €/Unidade"
Delícia de bolacha,PorSi,Embalagem de 2x135 g,"1,56 €","3,90 €/Kg"
Cogumelos inteiros,PorSi,Embalagem de 355 g,"2,19 €","2,81 €/Kg"
Chouriço Extra do Ribatejo,PorSi,200 g,"1,22 €","6,78 €/Kg"
Mistura solúvel tofina despertar,Nestle,Embalagem de 200g,"0,99 €","3,96 €/Kg"
Sobremesa gelatina de morango,PorSi,Embalagem 4X100G,"2,29 €","5,73 €/Kg"
Creme marisco,Knorr,Embalagem de 70g,"0,84 €","13,55 €/Kg"
Batata frita presunto,Ruffles,Embalagem de 150 g,"1,19 €","6,43 €/Kg"
Cartucho com gás CP-206,Campingaz,1 unidade,"2,29 €","2,29 €/Unidade"
Sobremesa gelificada de laranja,PorSi,Embalagem de 4x100g,"2,29 €","5,73 €/Kg"
Iogurte grego natural magro,PorSi Viva Bem,Embalagem de 1 kg,"0,65 €","1,30 €/Kg"
Botija Nórdica,Do Art,,"29,99 €","29,99 €/Unidade"
Super pequeno almoço instantâneo de curcuma e abóbor...,Origensbio,Embalagem de 300 g,"2,49 €","9,96 €/Kg"
Leite regular 2,Aptamil,Embalagem de 800 g,"23,99 €","29,99 €/Kg"
Bolachas recheadas com morango e cheesecake,Oreo,Embalagem de 150g,"0,79 €","4,49 €/Kg"
Bolachas belgas manteiga,PorSi,Embalagem de 250g,"1,69 €","6,76 €/Kg"
Leite condensado,Nestle,Embalagem de 370g,"1,09 €","2,75 €/Kg"
Whisky,Cutty Sark,Garrafa de 700 ml,"19,99 €","19,99 €/L"
Bife da Pá,Novilho,Vendido ao peso a partir de 800 g,"7,19 €","8,99 €/Kg"
2 Ligaduras elásticas,PorSi,4m x 6 cm,"0,79 €","0,79 €/Unidade"
Fermento padeiro 44g condi,Condi,Embalagem de 40g,"1,89 €","17,18 €/Kg"
"Fitness granola chocolate, amêndoas e quinoa com 51%...",Nestle,Embalagem de 300 g,"5,59 €","8,87 €/Kg"
"Água com gás, sabor limão",PorSi,"Embalagem de 6x0,25 l","2,85 €","2,85 €/L"
Snacks para Cão Markies Mini,Pedigree,Embalagem de 500 g,"1,09 €","6,06 €/Kg"
Recarga inseticida eléctrico líquido anti melgas e m...,Raid,60 noites,"9,89 €","274,72 €/L"
Chá de infusão salutem nº 28 - quebra pedra 10 saque...,Salutem,Embalagem de 15g,"0,38 €","38,00 €/Kg"
Lixívia tradicional,PorSi,Embalagem de 2 l,"1,79 €","0,36 €/L"
Gel de Banho Fresh Touch,Dove,Embalagem de 750 ml,"6,39 €/L","6,39 €/L"
Queijo Curado Meio Gordo,Fonte Mourisca,Vendido ao peso a partir de 250 gr,"6,99 €","13,98 €/Kg"
Farinha integral,ESPIGA,Embalagem de 500g,"1,99 €","1,99 €/Kg"
Couve Branca,Programa Origens,1 un = 1.5 kg (aprox.),"1,49 €","0,99 €/Kg"
Esfregona suave completa,Vileda,1 unidade,"0,89 €","0,89 €/Unidade"
Oleo alimentar,PorSi,Garrafa de 1 l,"3,39 €","3,39 €/L"
Patê figado de porco,La piara,Embalagem de 80g,"1,19 €","13,52 €/Kg"
"Lava tudo, vinagre",Cif,"Garrafa de 1,4 l","0,99 €","0,50 €/L"
Porto ruby,Valadao,Garrafa de 750 ml,"5,99 €","7,99 €/L"
Adoçante comprimidos,PorSi,Embalagem de 250 saquetas,"5,99 €","23,96 €/Kg"
Cebola Embalada,Legumes do Dia,Embalagem 2 kg (aprox.),"1,39 €","9,27 €/Kg"
Bolachas digestive chocolate,PorSi,Embalagem de 300g,"0,98 €","3,27 €/Kg"
Licor triple seco 16%,Olaias,Garrafa de 1 l,"16,99 €","24,27 €/L"
Gelado magnum pint amêndoas,Olá,Embalagem de 440 ml,"2,62 €","2,62 €/L"
Iogurte oikos natural,Danone,Embalagem de 4 x 110g,"1,49 €","2,98 €/Kg"
Dinossauros,Discovery Channel,set 30 peças,"29,99 €","29,99 €/Unidade"
Edredão + almofada,Analar,Dim.: 160 x 220 cm,"29,99 €","29,99 €/Unidade"
Gelado sandwich nata/chocolate,PorSi,Embalagem de 6x100 ml,"5,99 €","16,64 €/L"
"Patê de sardinha,atum e salmão",PorSi,Embalagem de 4 x 22 g,"1,19 €","13,52 €/Kg"
Arroz longo extra integral,Cacarola,Embalagem de 1 kg,"1,26 €","1,26 €/Kg"
"Escova dentes, rotativa global, dura, 2 unidades",Labell,1 embalagem,"1,49 €","1,49 €/Unidade"
Sublinhador Brite Liner - 3+1,Bic,1 unidade,"2,99 €","2,99 €/Unidade"
Collant mousse muskade 20D,PorSi,Tamanho: l,"1,89 €","1,89 €/Unidade"
Café solúvel c/ cafeína,Delta,Embalagem de 100g,"14,50 €/Kg","14,50 €/Kg"
Aperitivo de anis,Ricard,Garrafa de 700 ml,"4,99 €","7,13 €/L"
Bacalhau com natas,PorSi,Embalagem de 250 g,"3,99 €","3,99 €/Kg"
Polvilho azedo,PorSi,Embalagem de 500g,"2,29 €","4,58 €/Kg"
Liégeois Sobremesa de Caramelo,Páturages,Embalagem de 4x100 g,"1,56 €","3,90 €/Kg"
Chispalhada com feijão,Nobre,Embalagem de 420g,"2,35 €","5,60 €/Kg"
Manteiga amendoim crocant,PorSi,Embalagem de 340g,"8,54 €/Kg","8,54 €/Kg"
Lenços de bolso kids,Renova,Embalagem sortida com 8 unidades + 2 grátis,"0,89 €","0,89 €/Unidade"
Pão ralado clássico,PorSi,Embalagem de 240 g,"0,72 €","3,00 €/Kg"
10 croquetes de carne,PorSi,Embalagem de 300 g,"1,79 €","7,16 €/Kg"
Gelado menta & chocolate,PorSi,embalagem de 1 l,"2,62 €","2,62 €/L"
Goodnight Coney,Cry Babies,1 unidade,"29,99 €","29,99 €/Unidade"
Brócolos e couve-flor cortados,PorSi,500 g,"0,99 €","9,90 €/Kg"
"Azeite extra virgem, azeitonas verdes",Oliveira da Serra,Garrafa de 750 ml,"8,59 €","4,30 €/L"
Café em grão 5 estrelas,Sical,Embalagem de 250g,"9,16 €/Kg","9,16 €/Kg"
Pataniscas de bacalhau,*,60 g,"1,79 €","7,16 €/Kg"
Pudim de caramelo,Boca Doce,Embalagem de 20g,"0,59 €","29,50 €/Kg"
8 fantasias do mar,PorSi,Embalagem de 250g,"1,79 €","7,16 €/Kg"
Batata frita churrasco,PorSi,Embalagem de 185 g,"1,19 €","6,43 €/Kg"
12 Caldos de carne,PorSi,Embalagem de 127 g,"3,84 €","24,00 €/Kg"
Adoçante liquido,PorSi,Garrafa de 125 ml,"5,99 €","23,96 €/Kg"
Pringles sour cream & onion,Pringles,Embalagem de 175g,"1,19 €","6,43 €/Kg"
Cogumelos laminados 1/2,PorSi,Embalagem de 355 g,"2,19 €","2,81 €/Kg"
Ketchup,PorSi,Embalagem de 300 g,"0,87 €","2,90 €/Kg"
Iogurte infantil c/ drageias coloridas,PorSi,140 g,"4,23 €/Kg","4,23 €/Kg"
"Borracha Technic, 600",Maped,embalagem com 2 unidades,"3,19 €","3,19 €/Unidade"
Arroz extra longo integral,Saludaes,Embalagem de 1 kg,"1,26 €","1,26 €/Kg"
Massa quebrada margarina,PorSi,Embalagem de 230 g,"0,95 €","4,13 €/Kg"
Bolacha de manteiga belga original,Saborosa,Embalagem de 220g,"1,69 €","6,76 €/Kg"
Removedor Pêlos 56 Folhas + 33%,Scotch-Brite,1 un.,"1,69 €","1,69 €/L"
Adoçante à base de sucralose em pó,PorSi,Embalagem de 90g,"5,99 €","23,96 €/Kg"
"Coloração permanente, castanho dourado, nº43",Nutrisse,1 unidade,"9,49 €/Unidade","9,49 €/Unidade"
Mojito,Bacardi,Garrafa de 0.70 l,"20,99 €","29,99 €/L"
Gelatina melancia 10kcal 31g,Royal,Embalagem de 30g,"0,55 €","61,11 €/Kg"
Naperon redondo 35 cm,PorSi,Embalagem com 6 unidades,"1,29 €","1,29 €/Unidade"
Abanico de palha com cabo,Larmil,1 unidade,"0,75 €","0,75 €/Unidade"
Creme barrar nutela 350g,Nutella,Embalagem de 350G,"8,54 €/Kg","8,54 €/Kg"
Pera Rocha 60/65,Programa Origens,1 un = 130 gr (aprox.),"0,32 €","1,79 €/Kg"
Sumo 100% pêssego e uva,PorSi,Pack 3 x 200 ml,"1,09 €","0,73 €/L"
Alho francês bio,PorSi Bio,750 g (aprox.),"0,75 €","2,49 €/Kg"
Guardanapos,PorSi,,"1,29 €","1,29 €/Unidade"
Requeijão de vaca,PorSi,Embalagem de 200 g,"1,09 €","5,45 €/Kg"
Meloa Gália,Fruta da Época,1 un = 1 kg (aprox.),"2,48 €","0,99 €/Kg"
"Pensos para calos, 10 unidades",PorSi,1 embalagem,"0,79 €","0,79 €/Unidade"
Cogumelos laminados,PorSi,Embalagem de 185 g,"2,19 €","2,81 €/Kg"
"Limpa vidros cristal, pistola",PorSi,Embalagem de 1 l,"3,19 €","6,38 €/L"
Anti-humidade + 3 recargas,HUMYDRY,1 embalagem,"11,99 €","11,99 €/Unidade"
Pickles em vinagre,PorSi,Embalagem de 200 g,"2,19 €","2,81 €/Kg"
"Limpa móveis pistola, multissuperfícies",Pronto,Embalagem de 500 ml,"1,29 €","0,86 €/L"
Luvas Multilatex M/L,Vileda,Embalagem com 100 un.,"2,40 €","2,40 €/Unidade"
Brandy,Croft,Garrafa de 1 l,"11,99 €","17,13 €/L"
Bastão de Cola,Domédia,10 g,"1,19 €","119,00 €/Kg"
"Vinho rosé, meio seco",Leziria,Garrafa de 750 ml,"3,99 €","5,32 €/L"
Papa infantil láctea 5 frutos +6 meses,Cerelac,Embalagem de 250g,"4,99 €","4,99 €/Kg"
Creme vegetal sabor manteiga,PorSi,Embalagem de 500 g,"1,39 €","6,95 €/L"
Pão ralado alho e salsa,PorSi,Embalagem de 240 g,"0,72 €","3,00 €/Kg"
Perolas perfumadas fresh,PorSi,Embalagem de 275 g,"29,99 €","7,06 €/L"
Vinagre de vinho tinto,PorSi,Garrafa de 500 ml,"0,35 €","0,70 €/L"
Chá de infusão salutem nº 48 - alcachofra 10 saqueta...,Salutem,Embalagem de 15g,"0,38 €","38,00 €/Kg"
"Queijo prato, metades",Alavao,Embalagem de 500g,"6,99 €","13,98 €/Kg"
Cocktail de marisco,PorSi,Embalagem de 400 g,"2,19 €","8,59 €/Kg"
Toalhitas multiusos limão,PorSi,Embalagem de 80 unidades,"1,79 €","1,79 €/Unidade"
Tomate frito,Heinz,Embalagem de 350g,"3,84 €","24,00 €/Kg"
Discos de amamentação,PorSi,30 unidades,"5,99 €","5,99 €/Unidade"
Prato com naperon 30cm,PorSi,1 unidade,"0,99 €","0,99 €/Unidade"
Vinho tinto bag-in-box,Capataz,Embalagem de 5 l,"5,19 €","1,04 €/L"
Pimento vermelho assado em tiras,*,350 g,"3,59 €","7,18 €/Kg"
"Vela em número, nº 8",PorSi,1 unidade,"0,60 €","0,60 €/Unidade"
Collant suavidade e conforto muskad 20D,PorSi,Tamanho: l/xl,"1,89 €","1,89 €/Unidade"
"Postas pescada nº3, para fritar",PorSi,Embalagem de 600 g,"4,39 €","10,98 €/Kg"
"Pimenta preta, moída, em frasco",PorSi,Embalagem de 43 g,"0,25 €","0,25 €/Kg"
Refresco pó laranja,PorSi,Embalagem de 40g,"0,75 €","18,75 €/Kg"
Leite condensado cozido,Nestle,Embalagem de 400g,"1,09 €","2,75 €/Kg"
Bolachas integrais,PorSi,Embalagem de 200g,"0,98 €","3,27 €/Kg"
Rabanetes,Legumes do dia,Embalagem 125g,"3,49 €","13,96 €/Kg"
"Queijo em fatias, -50% gordura",Limiano,Embalagem de 200g,"1,96 €","9,80 €/Kg"
Fralda cueca T4 - 8 a 14 kg,PorSi,22 unidades,"4,49 €","4,49 €/Unidade"
Vinho regional tejo 3 castas tinto,Fiuza,Garrafa de 750 ml,"4,99 €","6,65 €/L"
Crepe maçã e canela,PorSi,Embalagem de 540 g,"3,99 €","7,39 €/Kg"
Cacetinho de trigo integral,Pão do Dia,90 g,"0,19 €","2,38 €/Kg"
Knorr sopa gourmet b.doce e abobora 49gr,Knorr,Embalagem de 70g,"0,84 €","13,55 €/Kg"
Detergente manual de roupa,Omo,Embalagem de 540g,"1,19 €","2,98 €/Kg"
Rolo de cozinha XXL,PorSi,1 rolo,"4,99 €","4,99 €/Unidade"
Couve Flor,Programa Origens,1 un = 1 kg (aprox.),"1,49 €","0,99 €/Kg"
Detergente líquido Ultra Concentrado Loiça Platinium...,PorSi,Embalagem de 500 ml,"1,05 €","2,10 €/L"
Vinagre de sidra,Cristal,Garrafa de 500 ml,"0,35 €","0,70 €/L"
Tortitas de milho sem sal,PorSi Viva Bem,Embalagem de 130g,"0,79 €","7,90 €/Kg"
4 hamburguers frango s/ glúten,Capitão Iglo,Embalagem de 240g,"2,99 €","6,64 €/Kg"
"Abs odores lavanda, pack 2x150g",Glade,Embalagem de 2x150 g,"4,79 €","4,79 €/Unidade"
Néctar clássico tutti-frutti,Compal,Embalagem de 1 l,"0,99 €","0,99 €/L"
Gelado viennetta morango,Olá,Embalagem de 650 ml,"2,62 €","2,62 €/L"
Espresso café arábica,PorSi,250 ml,"3,19 €","25,52 €/Kg"
Whisky heritage blend,Logan,Garrafa de 700 ml,"23,99 €","34,27 €/L"
Pensos higiénicos Cottonlike Super Plus Com Abas,Evax,10 unidades,"2,69 €","2,69 €/Unidade"
Cocktail mix,PorSi,720 g,"1,79 €","7,16 €/Kg"
Loção corporal,Nivea,Embalagem de 400 ml,"12,48 €/L","12,48 €/L"
Vela com número nº 3,PorSi,1 unidade,"0,60 €","0,60 €/Unidade"
Strike Elite Mega Bigshock,Nerf,1 un.,"14,99 €","14,99 €/Unidade"
Spaghetti a bolonhesa 350g,Tuttipasta,Embalagem de 350g,"2,16 €","6,17 €/Kg"
Alimento húmido para cão borrego,Pedigree,Embalagem de 300g,"0,75 €","2,50 €/Kg"
Bolachas com cobertura de chocolate,PorSi,Embalagem de 150g,"0,79 €","5,27 €/Kg"
Cevada torrada moída,PorSi,Embalagem de 250 g,"0,99 €","3,96 €/Kg"
10 Hambúrgueres de porco,PorSi,Embalagem de 600g,"2,79 €","8,72 €/Kg"
Super Cola 3 Precisão C/ 50% Grátis,Loctite,7.5 g,"3,19 €","3,19 €/Unidade"
Manhãzitos® mini,Manhazitos,Embalagem de 84g,"2,05 €","5,13 €/Kg"
Penso Higiénico Ultrafinos Normal Abas,PorSi,16 unidades,"2,69 €","2,69 €/Unidade"
Cuecas de incontinência Plus G,Ausonia,Uma embalagem - 8Unidades,"9,99 €","9,99 €/Unidade"
Creme bio mãos e unhas,Labell Bio,75 ml,"4,49 €","59,87 €/L"
Vela em número nº4,PorSi,1 unidade,"0,60 €","0,60 €/Unidade"
Termómetro digital,PorSi,1 unidade,"4,99 €","4,99 €/Unidade"
Intensificador de perfume em gel para a roupa romanc...,Quanto,300 ml,"9,99 €","36,33 €/Kg"
Mandioca,Legumes do Dia,1 un=500 gr (aprox.),"3,49 €","13,96 €/Kg"
"Forma papel para bolos, 8. 4cm",PorSi,Embalagem com 60 unidades,"0,99 €","0,99 €/Unidade"
Néctar light de manga/laranja,Compal,Pack 3 x 200 ml,"0,84 €","2,55 €/L"
Papa infantil não láctea bolacha maria +6 meses,Cerelac,Embalagem de 250g,"4,99 €","4,99 €/Kg"
Limpa carpetes,PorSi,Embalagem de 1 litro,"1,79 €","2,39 €/L"
Brinca a curar,Nenuco,1 unidade,"29,99 €","29,99 €/Unidade"
"Pasta dentífrica, 7-13 anos",Labell,Embalagem de 75 ml,"1,05 €","1,05 €/Unidade"
Leite uht magro,Mimosa,Embalagem de 200 ml,"0,83 €","0,83 €/L"
Leite UHT Morango sem Lactose,Mimosa,Pack 3 x 250 ml,"1,49 €","1,49 €/L"
Sacos cubos de gelo fecho manual,PorSi,Embalagem com 10 unidades,"1,11 €","1,11 €/Unidade"
Água com gás sabor a tangerina,Frize,"Pack 4x 0,25l","2,85 €","2,85 €/L"
Coissant Folhado,*,50g,"0,30 €/Unidade","0,30 €/Unidade"
Chá de infusão salutem nº 21 - chá verde com ginseng...,Salutem,Embalagem de 15g,"0,38 €","38,00 €/Kg"
Cerveja sagres,Sagres,20 x 0.25 l,"1,99 €/L","1,99 €/L"
"Vinho Alentejo, Private Collection, Tinto",Selecção de Enófilos,Garrafa de 0.75 l,"8,59 €","11,45 €/L"
Noz com casca 28/30,Frutos secos,1 un = 200 gr (aprox.),"0,95 €","3,79 €/Kg"
Pão Regional Rio Maior Inteiro,Pão do Dia,1 unidade= 450 g,"0,19 €","2,38 €/Kg"
Ice tea limão,Lipton,Embalagem de 1L,"1,14 €","0,76 €/L"
Insecticida Casa e Plantas,Raid,400 ml,"5,49 €","13,73 €/L"
Cafe pastilhas 20x7g,PorSi,Embalagem de 140g,"59,82 €/Kg","59,82 €/Kg"
Mel em frasco de vidro,PorSi,Embalagem de 250g,"4,89 €","9,78 €/Kg"
Limão,Programa Origens,1 un = 200 gr (aprox.),"0,50 €","1,99 €/Kg"
Máquina Depilatória Descartável Twin Lady,Bic,Embalagem com 10 un.,"3,99 €","3,99 €/Unidade"
Chá de infusão salutem nº 15 - cidreira 10 saquetas,Salutem,Embalagem de 15g,"0,38 €","38,00 €/Kg"
Creme para calçado castanho,PorSi,50 ml,"0,99 €","19,80 €/L"
28 mini bolinhas bacalhau,PorSi,Embalagem de 300 g,"1,79 €","7,16 €/Kg"
Água s/ gás limão,Luso,Garrafa de 1 l,"1,04 €","0,17 €/L"
Massa em espirais,PorSi,Embalagem de 500g,"0,99 €","1,98 €/Kg"
Batatas fritas ketchup,Ruffles,Embalagem de 150g,"1,19 €","6,43 €/Kg"
"Isqueiro j38 bl, 2 unidades",Bic,Uma embalagem,"3,29 €","3,29 €/Unidade"
Queijo P'tits Fondants 8 Porções,PorSi,Embalagem de 140 g,"4,39 €","18,29 €/Kg"
Ervilhas primavera 500g,Iglo,Embalagem de 500g,"1,98 €","1,98 €/Kg"
Spray tira gorduras,PorSi,Embalagem de 750 ml,"1,79 €","2,39 €/L"
Filetes de atum dos Açores em azeite c/ orégãos,PorSi Select,190 g,"0,89 €","7,42 €/Kg"
Pedras limão,P.salgadas,Garrafa de 1 l,"2,85 €","2,85 €/L"
Espinafre baby leaf Programa Origens,PorSi,embalagem de 170 g,"0,99 €","9,90 €/Kg"
Gressinos com azeite,PorSi,Embalagem de 250g,"2,39 €","6,83 €/Kg"
Lençol ajustável 60x120 cm,PorSi,1 unidade,"4,99 €","4,99 €/Unidade"
Óleo alimentar,PorSi,Garrafão de 3 litros,"3,39 €","3,39 €/L"
Achocolatado em Pó,Nesquik,Embalagem de 390g,"5,59 €","6,99 €/Kg"
"Rolos de cozinha compactos, branco, 2 unidades",PorSi,Uma embalagem,"4,99 €","4,99 €/Unidade"
Pêssego em calda metades,PorSi,Lata com 840 g,"1,99 €","2,37 €/Kg"
"Na-farinha de aveia 400g 3,2kg",Nacional,Embalagem de 400g,"1,99 €","1,99 €/Kg"
Óleo p/ Moto Performa M2T,Galp,Embalagem de 1 l,"11,99 €","11,99 €/L"
Iogurte pedaços frutos vermelhos,PorSi,Embalagem de 8 x 125 g,"1,19 €","2,38 €/Kg"
Bebida aveia,Alpro,Embalagem de 1 litro,"2,49 €","2,49 €/L"
Coxinhas de frango,PorSi,Embalagem de 360g,"9,30 €/Kg","9,30 €/Kg"
Assador Castanhas em Barro,Gratta,Diam.: 20 cm,"3,29 €","3,29 €/Unidade"
8 hamburguers s/ glúten frango,Capitão Iglo,Embalagem de 480g,"2,99 €","6,64 €/Kg"
Goiabada,PorSi,600 g,"1,09 €","2,42 €/Kg"
Lixívia tradicional,PorSi,Embalagem de 1 l,"1,79 €","0,36 €/L"
Refrigerante  c/ gás regular,Coca-Cola,pack 4 x 1 l,"0,40 €/L","0,40 €/L"
Gomas brilho,PorSi,Embalagem de 300 g,"1,19 €","3,97 €/Kg"
Queijo para barrar light,PorSi Viva Bem,Embalagem de 200g,"2,39 €","19,92 €/Kg"
Leite c/ Chocolate Bem Especial 0% lactose,Mimosa,pack 4 x 200 ml,"0,26 €","1,30 €/L"
6 cheeseburgers,PorSi,Embalagem de 750g,"2,79 €","8,72 €/Kg"
Fermento de padeiro,Vahine,Embalagem de 20g,"1,89 €","17,18 €/Kg"
Achocolatado em pó extra chocolate,Nesquik,Embalagem de 390g,"5,59 €","6,99 €/Kg"
Moscatel de Setúbal Reserva,Selecção de Enófilos,Garrafa de 0.75 l,"5,99 €","7,99 €/L"
Lixivia perfumada,PorSi,Garrafa de 2 l,"1,09 €","0,55 €/L"
10 nuggets de frango com cereais integrais,Capitão Iglo,Embalagem de 208 g,"2,79 €","8,72 €/Kg"
Caras de Bacalhau de 300 a 500 g,Nossa Seleção,1 un= 300 gr (aprox.),"8,73 €/Kg","8,73 €/Kg"
Iogurte naturea natural,PorSi,Embalagem de 4 x 125 g,"0,65 €","1,30 €/Kg"
Infusão lúcia lima,PorSi,Embalagem de 35 g,"20,91 €/Kg","20,91 €/Kg"
Caixa com 12 aguarelas + pincel,Domédia,1 unidade,"4,69 €","4,69 €/Unidade"
Bolachas,Oreo,Embalagem de 220g,"0,79 €","4,49 €/Kg"
Milho doce,PorSi,Embalagem de 3 x 140 g,"2,19 €","2,81 €/Kg"
Moscatel de setúbal,Dom Campos,Garrafa de 750 ml,"5,99 €","7,99 €/L"
Vinho doc dão tinto,Grao vasco,Garrafa de 750 ml,"7,49 €","9,99 €/L"
Iogurte líquido dan'up milkshake straciatella,Danone,Embalagem de 4 x 155 g,"1,31 €","2,05 €/Kg"
Esfregona de Microfibras Completa,PorSi,1 unidade,"0,89 €","0,89 €/Unidade"
Canja de galinha económica,Knorr,Embalagem de 60g,"0,84 €","13,55 €/Kg"
Iogurte líquido magro morango,PorSi Viva Bem,Embalagem de 4x150 ml,"1,31 €","2,05 €/Kg"
Couve Roxa,Programa Origens,1 un = 1 kg (aprox.),"1,49 €","0,99 €/Kg"
Petit gâteau chocolate negro belga,PorSi,Embalagem com 4 unidades,"3,99 €","7,39 €/Kg"
Batata frita de presunto,PorSi,Embalagem de 185 g,"1,19 €","6,43 €/Kg"
Nestum 5 cereais,Nestum,Embalagem de 250g,"2,49 €","9,96 €/Kg"
Vinho tinto,Alandra,Garrafa de 750 ml,"1,59 €","2,12 €/L"
"Máquina Tripla Matrix, + 5 unidades",Labell Men,Uma embalagem,"1,16 €","4,64 €/L"
Guardanapos brancos 30x30 cm,PorSi,Embalagem com 100 unidades,"1,29 €","1,29 €/Unidade"
Caldo verde sem batata,PorSi Viva Bem,Embalagem de 400 g,"1,29 €","3,23 €/Kg"
Paté de sardinha,PorSi,Embalagem de 4 x 22 g,"1,19 €","13,52 €/Kg"
Chaleira Vidro/Inox C/ Filtro,Gratta,Cap.: 1250 ml,"3,29 €","3,29 €/Unidade"
Puré de batata,PorSi,Embalagem com 750 g,"1,39 €","1,39 €/Kg"
Chá preto frutos vermelhos,PorSi,Embalagem de 40g,"1,69 €","56,33 €/Kg"
Fralda de Incontinência c/ Elásticos Tamanho Grande,Lindor,Embalagem de 46 un.,"9,99 €","9,99 €/Unidade"
Queijo Coulommiers,Páturages,Embalagem de 350 g,"2,64 €","13,20 €/Kg"
8 rissóis de carne,PorSi,Embalagem de 300g,"1,79 €","7,16 €/Kg"
Bolachinhas,Cerelac,Embalagem de 180g,"1,89 €","15,75 €/Kg"
Óleo alimentar,Fula,Embalagem 1L,"3,39 €","3,39 €/L"
Tiras da Costela/Piano,Porco,1 un = 500 gr (aprox.),"3,99 €","3,99 €/Kg"
Mão de vaca com grão,Nobre,Embalagem de 420 g,"2,35 €","5,60 €/Kg"
Animais da Quinta,Discovery Channel,set 30 peças,"45,95 €","45,95 €/Unidade"
Vinho tinto regional alentejano,Galitos,Garrafa de 3 l,"9,49 €","1,90 €/L"
Focinho,Porco,1 un = 300 gr (aprox.),"0,60 €","5,99 €/Kg"
20 saquetas infusão camomila,Lipton,Embalagem de 10g,"20,91 €/Kg","20,91 €/Kg"
Biscoitos canudinho recheio cacau,PorSi,Embalagem de 300g,"2,82 €","9,40 €/Kg"
Creme de corpo exfoliante,Labell,Embalagem de 150 ml,"3,44 €","3,44 €/Unidade"
Preparado de bolo de canela,PorSi,500 g,"1,69 €","8,45 €/L"
Ice tea pessêgo,Lipton,pack 6 x 0.25 l,"1,14 €","0,76 €/L"
Sacos do lixo perfumado 30 litros,PorSi,15 unidades,"1,89 €","1,89 €/Unidade"
Guardanapos de 1 folha azuis | dim.: 30 x 29 cm,PorSi,Embalagem com 70 unidades,"1,29 €","1,29 €/Unidade"
Vinho do Porto Branco,Velhotes,"Garrafa de 0,75 l","6,29 €","8,39 €/L"
Collant licra 15d preto l,PorSi,Embalagem de 1 unidades,"1,89 €","1,89 €/Unidade"
Espinafres salteado com alho,PorSi,Embalagem de 750g,"1,98 €","1,98 €/Kg"
Saqueta de puré de fruta | maçã + banana,PorSi,90 g,"0,74 €","8,22 €/Kg"
Fato de Pai Natal |Adulto,Anitex,,"6,99 €","6,99 €/Unidade"
Vinho regional alentejano reserva tinto,Encosta das Perdizes,Garrafa de 0.75 l,"2,89 €","3,85 €/L"
Cocktail de marisco,PorSi,Embalagem de 400 g,"1,79 €","7,16 €/Kg"
Multi vitaminas 50+,PLANTANATU,Embalagem de 1 unidades,"7,09 €","7,09 €/Unidade"
20 saquetas chá detox,Lipton,Embalagem de 30g,"43,50 €/Kg","43,50 €/Kg"
"Cerveja sem álcool, tara perdida",Super Bock,Pack 6 X 0.33 L,"5,99 €","3,03 €/L"
Chocolate culinário,Pantagruel,Embalagem de 200g,"1,04 €","8,32 €/Kg"
Queijo curado vaca e ovelha,D. Sebastião,Embalagem de +-550G,"5,99 €","23,96 €/Kg"
"Cerveja com álcool, tara perdida",Kings Bräu,pack 24 x 0.25 l,"1,99 €/L","1,99 €/L"
Tesoura advanced green,Maped,17 cm,"1,19 €","119,00 €/Kg"
Tablete de chocolate de leite,Toblerone,Embalagem de 100g,"5,30 €/Kg","5,30 €/Kg"
Torresmos soltos,PorSi,Embalagem de 200 g,"0,85 €","11,33 €/Kg"
Grão de bico,Legumes secos,1 un = 100 gr. (aprox.),"0,23 €","2,29 €/Kg"
Rebuçados mini café,PorSi,Embalagem de 200g,"1,15 €","4,60 €/Kg"
Flocos de batata para puré,PorSi,Embalagem de 500g,"1,98 €","1,98 €/Kg"
Queijo Meio Gordo,Queijaria das Pousadas,Vendido ao peso a partir de 250 g,"6,99 €","13,98 €/Kg"
Azeite Virgem Extra Suave,Gallo,Garrafa de 750 ml,"8,59 €","4,30 €/L"
Azeite virgem extra reserva,Gallo,Garrafa de 750 ml,"8,59 €","4,30 €/L"
Conjunto para bar,Jomafe,4 peças,"0,99 €","0,99 €/Unidade"
Vinho tinto,Adega grande,Garrafa de 75 cl,"1,59 €","2,12 €/L"
Arroz vaporizado,PorSi,Embalagem de 1 kg,"1,26 €","1,26 €/Kg"
Sangria frutos vermelhos,Casal Garcia,Garrafa de 0.75 l,"2,19 €","1,46 €/L"
Cerveja com álcool,Sagres,Lata de 500ml,"1,99 €/L","1,99 €/L"
Pastilhas descafeinado,Delta,Embalagem de 110g,"59,82 €/Kg","59,82 €/Kg"
Vinho maduro tinto doc alentejano,P.ravessa,Garrafa de 750 ml,"2,89 €","3,85 €/L"
Preparado de carne de porco,PorSi,Embalagem de 400 g,"3,09 €","15,45 €/Kg"
Óleo 10w40 Semi-Sintectico,PorSi,Embalagem de 1 l,"11,99 €","11,99 €/L"
Lâmpada LED Formato Clássico 10W E27 220-240V,Domédia,1 un.,"3,49 €","3,49 €/Unidade"
Bolos cake e chococolate,Milka,Embalagem de 180g,"2,15 €","2,87 €/Kg"
Miúdos,Frango,1 un = 250 gr  (aprox.),"0,60 €","5,99 €/Kg"
Caracol com passas,*,90g,"0,30 €/Unidade","0,30 €/Unidade"
Creme depilatório para peles sensíveis,Labell,Embalagem de 200 ml,"2,99 €","14,95 €/L"
Iogurte grego natural,PorSi,Embalagem de 1 kg,"0,65 €","1,30 €/Kg"
"Cera acrílica, madeira",PorSi,Embalagem de 750 ml,"2,49 €","2,49 €/L"
Cabo de metal com rosca,PorSi,1.35 m,"2,20 €","2,20 €/Unidade"
Massa macarronete riscado,PorSi,Embalagem de 500g,"0,99 €","1,98 €/Kg"
Jesuita,*,1 unidade = 75 g,"0,30 €/Unidade","0,30 €/Unidade"
Tomate Alongado,Programa Origens,1 un = 200 gr (aprox.),"0,46 €","2,29 €/Kg"
Pasta de sardinha,Fides,Embalagem de 90g,"1,19 €","13,52 €/Kg"
Fruta para bebé multifrutas +4 meses,Nestle,Embalagem de 90g,"0,74 €","8,22 €/Kg"
Creme vegetal culinário,Vaqueiro,Embalagem de 1 kg,"1,39 €","6,95 €/L"
Lava tudo marinho,Cif,"Garrafa de 1,4 l","0,99 €","0,50 €/L"
Limpa ferros,Petex,1 unidade,"0,89 €","0,89 €/Unidade"
Pudim de ananás,Boca Doce,Embalagem de 20g,"0,59 €","29,50 €/Kg"
Porto branco,Valadao,Garrafa de 750 ml,"6,29 €","8,39 €/L"
Bolachas digestive go aveia,Triunfo,Embalagem de 170g,"0,98 €","3,27 €/Kg"
Salva Camas 60 x 60 cm,PorSi,Embalagem com 20 un.,"4,99 €","4,99 €/Unidade"
Barras de cereais golden grahams,Nestle,Embalagem de 150g,"1,29 €","10,24 €/Kg"
Moscatel roxo c/ caixa,Pioneiro,Garrafa de 750 ml,"5,99 €","7,99 €/L"
Refrigerante de cola zero,PorSi,Garrafa de 2 l,"0,40 €/L","0,40 €/L"
Limpa móveis cera abelhas,PorSi,Frasco de 300ml,"1,39 €","1,26 €/L"
Fermento em po 4x25g,PorSi,Embalagem de 100g,"1,89 €","17,18 €/Kg"
Comida húmida para cão de frango e arroz,PorSi,Lata de 400 g,"0,75 €","2,50 €/Kg"
Alimento húmido para cão vaca,Pedigree,Embalagem de 300g,"0,75 €","2,50 €/Kg"
Café em cápsulas dolce gusto ardenza,Nescafe,Embalagem de 110g,"59,82 €/Kg","59,82 €/Kg"
Spray Casa Banho Anti Fungos,Pattex,Embalagem 500ML,"1,79 €","2,39 €/L"
"Cereais crusts, amêndoas e mel",PorSi,Embalagem de 380g,"2,29 €","6,11 €/Kg"
Bebé Feliz Aniversário,Nenuco,1 unidade,"10,99 €/Unidade","10,99 €/Unidade"
Batata frita ondulada wavy,PorSi,Embalagem de 185 g,"1,10 €","5,95 €/Kg"
Farinha para bolos super fina,PorSi,Embalagem de 1 kg,"1,99 €","1,99 €/Kg"
Pera conference categoria: II,*,Vendido ao peso a partir de 300 g,"0,32 €","1,79 €/Kg"
Puré de batata,Maggi,Embalagem de 250g,"1,99 €","1,99 €/Kg"
Vinagre balsâmico,PorSi,Embalagem de 250 ml,"0,35 €","0,70 €/L"
Surprise remix doll,LOL,1 unidade,"29,99 €","29,99 €/Unidade"
"Refrigerante com gás, laranja, lata",Fanta,pack 6 x 0.33 l,"0,40 €/L","0,40 €/L"
"Refresco em pó, manga",PorSi,Embalagem de 40g,"0,75 €","18,75 €/Kg"
"Batata frita, queijo e ervas",PorSi,Embalagem de 190g,"1,19 €","6,43 €/Kg"
Queijo mascarpone,Páturages,Embalagem 250G,"1,69 €","6,76 €/Kg"
"Alimento seco para gato adulto, galinha",Whiskas,"Embalagem de 1,75 kg","3,99 €","2,00 €/Kg"
Carro Muda Cor c/ Água Sortidos,Hot Wheels,1 embalagem,"45,95 €","45,95 €/Unidade"
Molho bechamel,PorSi,Embalagem de 200g,"0,87 €","2,90 €/Kg"
Café lote normal moagem fina,PorSi,Embalagem de 250 g,"1,69 €","6,76 €/Kg"
Jarro graduado,PorSi,Embalagem de 1 unidades,"0,99 €","0,99 €/Unidade"
Ice tea de limão,PorSi,"Embalagem de 6x0,20 l","1,14 €","0,76 €/L"
Whisky,Grants,Garrafa de 1 l,"19,99 €","19,99 €/L"
Bolachas cracker sem sal,PorSi,Embalagem de 500g,"1,69 €","3,38 €/Kg"
"Tira nódoas, spray oxi",PorSi,Embalagem de 1 l,"1,69 €","1,69 €/L"
Pepperoni Rodelas,Porminho,Embalagem 2 x 75 g,"3,35 €","22,33 €/Kg"
Sumo 100% maçã,PorSi,pack 3 x 200 ml,"1,09 €","0,73 €/L"
Batata pré-frita palitos finos,PorSi,Embalagem de 1 kg,"1,39 €","1,39 €/Kg"
"Borracha de lápis b20, 2 unidades",Rotring,Uma embalagem,"4,69 €","4,69 €/Unidade"
"Alimento seco para gato junior, galinha",Whiskas,Embalagem de 350g,"3,99 €","2,00 €/Kg"
Pastilhas frutos silvestres,Trident,Embalagem de 58 g,"0,99 €","58,24 €/Kg"
Refrigerante c/ gás de laranja zero,Fanta,"Garrafa de 1,5 l","0,40 €/L","0,40 €/L"
Choco limpo 20/40,PorSi,Embalagem de 800 g,"5,49 €","6,86 €/Kg"
Amendoim com Casca,PorSi,Embalagem de 500g,"0,79 €","3,95 €/Kg"
"Sopa gourmet, cogumelos",Knorr,Embalagem de 60g,"0,84 €","13,55 €/Kg"
Sumo 100% laranja,PorSi,Pack 3 x 200 ml,"1,09 €","0,73 €/L"
Feijao verde redondo,PorSi,Embalagem de 400g,"1,98 €","1,98 €/Kg"
Strudel de maçã,PorSi,Embalagem de 550 g,"3,99 €","7,39 €/Kg"
Barras cereais chocapic,Nestle,Embalagem de 150g,"1,29 €","10,24 €/Kg"
Leite de transição Optipro 2 +6 meses,NAN,Embalagem de 800g,"23,99 €","29,99 €/Kg"
Creme Mãos Secrets Coco,Dove,75 ml,"4,49 €","59,87 €/L"
Champanhe tradicional bruto,Delagne&fi,Garrafa de 750 ml,"19,99 €","26,65 €/L"
Creme abrasivo de limão,PorSi,Embalagem de 750 ml,"0,99 €","1,32 €/L"
Empada de Frango 60 g,Fornada do Dia,,"0,89 €","0,89 €/Unidade"
Queijo fatiado cheddar,PorSi,Embalagem de 150 g,"1,96 €","9,80 €/Kg"
Croissant Brioche com chocolate,Pastelaria do Dia,1 un = 100 g (aprox.),"0,30 €/Unidade","0,30 €/Unidade"
Mistura com 20% café torrada moída,PorSi,Embalagem de 250g,"0,99 €","3,96 €/Kg"
Spray wc anticalcário,PorSi,embalagem de 750 ml,"1,79 €","2,39 €/L"
Borracha para desenho técnico,Domédia,1 unidade,"4,69 €","4,69 €/Unidade"
Chocolate Branco Culinário,Nestlé,Embalagem de 180g,"2,59 €","14,39 €/Kg"
Café moagem universal brasil,Delta,Embalagem de 220g,"9,16 €/Kg","9,16 €/Kg"
Leite seleccionado magro,Matinal,Garrafa de 1 l,"0,83 €","0,83 €/L"
Canela em pau,PorSi,Saqueta de 30 g,"0,25 €","0,25 €/Kg"
Caçarola Alumínio Anti-Aderente 24Cm,PorSi,1 unidade,"9,99 €","9,99 €/Unidade"
Cerveja c/ álcool mini,Super Bock,Pack 15 x 0.20 L,"1,99 €/L","1,99 €/L"
Lata de Spray Pinha,B. Couto,Embalagem 160ML,"6,99 €","6,99 €/Unidade"
Bacalhau espiritual,PorSi,Embalagem de 300g,"1,79 €","7,16 €/Kg"
"Cera liquida, lava e encera",PorSi,Embalagem de 750 ml,"1,79 €","2,39 €/L"
20 saquetas chá de baunilha c/ caramelo,Lipton,Embalagem de 40g,"43,50 €/Kg","43,50 €/Kg"
Iogurtes magros aroma manga,PorSi Viva Bem,Embalagem de 6 x 125 g,"1,09 €","1,45 €/Kg"
Sidra frutos vermelhos,Somersby,pack 4 x 0.33 l,"1,59 €","3,18 €/L"
Leite uht meio gordo,PorSi,Embalagem com rosca de 1 l,"0,83 €","0,83 €/L"
Pasta de açúcar bege,PorSi,250 g,"1,49 €","1,49 €/Kg"
Açúcar mascavado,PorSi,Embalagem de 500g,"1,49 €","1,49 €/Kg"
Batata pré-frita rodelas para saltear,PorSi,Embalagem de 1 kg,"1,39 €","1,39 €/Kg"
Whiskey bourbon,J.daniels,Garrafa de 700 ml,"23,99 €","34,27 €/L"
Lava tudo mosaico,Cif,1.1 L,"1,39 €","1,26 €/L"
Arroz de pato,PorSi,Embalagem de 400g,"3,99 €","9,98 €/Kg"
8 salsichas bockwurst,PorSi,1 Frasco 720G,"0,75 €","3,75 €/Kg"
"Iogurte líquido yoggi, sem lactose, morango",Nestle,Embalagem de 4 x 160 g,"1,31 €","2,05 €/Kg"
Barras de cereais fitness crunchy & caramelo,Nestle,Embalagem de 140g,"1,29 €","10,24 €/Kg"
Desentupidor canos,Mr.muscle,Embalagem de 1 l,"2,89 €","5,25 €/L"
Azeite Virgem Extra Clássico,Gallo,Garrafa de 2 l,"8,59 €","4,30 €/L"
Arroz carolino,PorSi,Embalagem de 1 kg,"1,26 €","1,26 €/Kg"
Gel ativo com lixívia,PorSi,Embalagem de 1.5 l,"1,29 €","0,86 €/L"
Bolachas crackers com sal,PorSi,Embalagem de 500g,"1,69 €","3,38 €/Kg"
Massa bagos,PorSi,Embalagem de 250g,"0,99 €","1,98 €/Kg"
Massas espirais tricolores,PorSi,Embalagem 500G,"0,99 €","1,98 €/Kg"
Refrigerante C/ Gás Zero,Coca-Cola,Garrafa de 1 l,"0,40 €/L","0,40 €/L"
Caderno Espiral Capa Dura A4 Quadriculado,Domédia,1 un.,"3,69 €","3,69 €/Unidade"
Limpa Móveis,PorSi,Embalagem de 300 ml,"1,39 €","1,26 €/L"
Iogurte líquido morango,PorSi,Embalagem de 4 x 160 g,"1,31 €","2,05 €/Kg"
Marmelada sem conservantes,PorSi,Embalagem de 500g,"1,09 €","2,42 €/Kg"
Lambrusco branco,Cavicchiol,Garrafa de 750 ml,"6,89 €","9,19 €/L"
Vinho regional lisboa reserva tinto,Marginal,Garrafa de 0.75 l,"4,99 €","6,65 €/L"
"Detergente líquido, manual loiça, original",Fairy,"Embalagem de 1,5 l","1,05 €","2,10 €/L"
Alimento lácteo cereais e bolachas maria +6 meses,Yogolino,Embalagem de 4 x 100 g,"2,89 €","7,23 €/Kg"
Pensos clássicos,PorSi,20 unidades,"0,79 €","0,79 €/Unidade"
Bolachas waffers morango,PorSi,Embalagem de 210g,"0,98 €","4,67 €/Kg"
"Elásticos grandes coloridos, pack de 20 unidades",Domédia,1 embalagem,"4,99 €","4,99 €/Unidade"
Carcaça Rústica 70 g,Pão do Dia,,"0,19 €","2,38 €/Kg"
Piccolinis frankfurt,Buitoni,Embalagem de 270g,"2,16 €","6,17 €/Kg"
Super Napolitana Creme 125 g,Pastelaria do Dia,1 un = 125 g (aprox.),"0,30 €/Unidade","0,30 €/Unidade"
Atum posta em azeite,PorSi,Embalagem de 120g,"0,89 €","7,42 €/Kg"
Nuggets de frango grelhadinho,Capitão Iglo,Embalagem de 200g,"9,30 €/Kg","9,30 €/Kg"
Maçã Golden 70/75,Programa Origens,1 un = 180 gr (aprox.),"0,32 €","1,79 €/Kg"
Pasta de açúcar branco,PorSi,250 g,"1,49 €","1,49 €/Kg"
Manteiga com sal cuvete,LORETO,Embalagem de 250g,"1,89 €","7,56 €/Kg"
Collant suavidade e conforto muskad 20D,PorSi,Tamanho: s/m,"1,89 €","1,89 €/Unidade"
Vela em número nª2,PorSi,1 unidade,"0,60 €","0,60 €/Unidade"
Queijo Curado Apimentado,Fonte Mourisca,Vendido ao peso a partir de 250 gr,"25,45 €/Kg","25,45 €/Kg"
Bambolitos pretos,PorSi,Embalagem de 150g,"0,79 €","5,27 €/Kg"
"Desodorizante para pés, creme Sport",Protex,Embalagem de 50 ml,"4,99 €","99,80 €/L"
Pizza hawai,PorSi,Embalagem de 350g,"2,16 €","6,17 €/Kg"
Salmão Fumado da Noruega,PorSi,Embalagem de 100 g,"3,35 €","22,33 €/Kg"
Vermute rosso,Martini,Embalagem de 10x6 cl,"4,99 €","7,13 €/L"
Tomate inteiro pelado,PorSi,Embalagem de 390 g,"2,19 €","2,81 €/Kg"
Atum posta em azeite,Bom petisc,Embalagem de 120 g,"0,89 €","7,42 €/Kg"
Fruta para bebé 4 frutas +4 meses,Nestle,Embalagem de 90g,"0,74 €","8,22 €/Kg"
Esponja limpa camurça,PorSi,1 unidade,"2,89 €","14,45 €/L"
Lava tudo antibacteriano marinho,PorSi,Garrafa de 1.5 l,"0,99 €","0,50 €/L"
Bolo Brigadeiro 800 g,Pastelaria do Dia,,"8,99 €","11,24 €/Kg"
Balde com pedal branco,PorSi,Capacidade: 7 litros,"17,00 €","17,00 €/Unidade"
Cerveja 0.0%,Sagres,Lata 0.33 l,"5,99 €","3,03 €/L"
Feijão frade,Compal,Lata de 410 ml,"2,19 €","2,81 €/Kg"
Nestum zero arroz,Nestum,Embalagem de 250 g,"4,99 €","4,99 €/Kg"
Goodnight Coney,Cry Babies,1 unidade,"10,99 €/Unidade","10,99 €/Unidade"
Refrigerante com gás de laranja,Sumol,"Garrafa de 1,25 l","0,40 €/L","0,40 €/L"
Snack gato sticks salmao 6x5g,PorSi,Embalagem de 30g,"0,99 €","16,50 €/Kg"
Biscottina com alho e salsa,RUSTICA,Embalagem de 100 g,"2,39 €","6,83 €/Kg"
Sacos do lixo wc 5 litros,PorSi,30 sacos,"1,89 €","1,89 €/Unidade"
Hortelã,Vitacress,embalagem de 40 g,"1,09 €","36,33 €/Kg"
Porto tawny,Ferreira,Garrafa de 750 ml,"6,29 €","8,39 €/L"
Molho de alho,Calve,Embalagem de 260g,"0,87 €","2,90 €/Kg"
Toping chocolate milka,Royal,Embalagem de 300g,"1,29 €","3,23 €/Kg"
Desinfetante álcool gel com doseador,PorSi,500 ml,"4,99 €","4,99 €/Unidade"
Guardanapos Red Label 1 folha |Vermelho,Renova,Dim: 30x32cm |70 unidades,"1,29 €","1,29 €/Unidade"
Sardinha Congelada,Peixe Congelado,1 un = 250 gr  (aprox.),"3,99 €/Kg","3,99 €/Kg"
Fruta para bebé maçã banana +4 meses,Nestle,Embalagem de 4 x 100 g,"0,74 €","8,22 €/Kg"
Manteiga magra,PorSi,Embalagem de 250g,"1,89 €","7,56 €/Kg"
Gel de banho naturals amêndoa e leite,Palmolive,500 ml,"4,49 €","8,98 €/L"
10 compressas de gaze,PorSi,20 x 20 cm,"0,79 €","0,79 €/Unidade"
Miolo de amêndoa sem pele inteira,PorSi,200 g,"0,79 €","3,95 €/Kg"
Fio dentário fluór+menta 50m,Labell,1 unidade,"3,49 €","3,49 €/Unidade"
Aperitivos 3d's cones,3d's,Embalagem de 90g,"0,79 €","7,90 €/Kg"
Tablete chocolate branco,PorSi,Embalagem de 100g,"2,59 €","14,39 €/Kg"
Ovos Frescos Classe M,PorSi,12 unidades,"1,59 €","1,59 €/Unidade"
Pepsi max,Pepsi,Garrafa de 1.75 l,"0,40 €/L","0,40 €/L"
Mistolin advanced lixívia,Mistolin,Garrafa de 500 ml,"1,79 €","2,39 €/L"
"Pasta de arquivo, lombada larga, verde",Domédia,1 unidade,"2,79 €","2,79 €/Unidade"
Lava Tudo Perfumado Herbal,PorSi,Embalagem de 2 l,"0,99 €","0,50 €/L"
Cordon bleu,Iglo,Embalagem de 200g,"4,99 €","24,95 €/Kg"
Vinho maduro branco,Leziria,Garrafa de 5 l,"5,19 €","1,04 €/L"
Esteira desdobrável,Moveo,1 unidade,"3,99 €","3,99 €/Unidade"
Massas alimentícias laços,PorSi,Embalagem de 500g,"0,99 €","1,98 €/Kg"
"Croissants com recheio de cacau, 5 unidades",Dulcesol,Embalagem de 230g,"2,05 €","5,13 €/Kg"
Saqueta de puré de fruta | maçã + manga + pêssego,PorSi,90 g,"0,74 €","8,22 €/Kg"
Cabo de madeira com rosca,PorSi,1.20 m,"2,20 €","2,20 €/Unidade"
Tablete de chocolate culinário 70% negro,PorSi,Embalagem de 200 g,"1,04 €","8,32 €/Kg"
Bebida de coco com arroz,PorSi Viva Bem,1 litro,"1,32 €","2,20 €/L"
Pensos incontinência homem,PorSi,10 unidades,"1,95 €","1,95 €/Unidade"
Recarga difusor elétrico melgas e mosquitos,Dum Dum,18 ml,"9,89 €","274,72 €/L"
"Pasta dentífrica, proteção branqueador",Labell,Embalagem de 75 ml,"2,39 €","31,87 €/L"
Vela com número nº 0,PorSi,1 unidade,"0,60 €","0,60 €/Unidade"
Inseticida vaporizador,Biokill,Embalagem de 375 ml,"5,09 €","8,48 €/L"
Caldo carne 16 cubos,Knorr,Embalagem de 160g,"3,84 €","24,00 €/Kg"
"Fita Teflon, 2 Rolos",Itools,1 unidade,"3,19 €","3,19 €/Unidade"
Decanter,Anilar,"Capacidade 1,5L","4,29 €","4,29 €/Unidade"
Mistura para carnes,PorSi,Embalagem de 40g,"0,25 €","0,25 €/Kg"
Ameijoa Branca Vietnamita,Marisco Congelado,Vendido a partir de 250 gr  (aprox.),"2,00 €","7,99 €/Kg"
Abrasivo wc gel ecologico,PorSi,Garrafa de 1 l,"0,99 €","1,32 €/L"
Creme para barrar,Nutella,Embalagem de 600g,"8,54 €/Kg","8,54 €/Kg"
Vinho tinto regional terras dao bib 5l,Silgueiros,Embalagem de 5L,"7,49 €","9,99 €/L"
Frutose,PorSi,Boião de 410 g,"5,99 €","23,96 €/Kg"
Queijo edam light fatias,PorSi Viva Bem,Embalagem de 150g,"2,39 €","19,92 €/Kg"
Pães de leite,s. tomé,Embalagem de 300 g,"7,40 €/Kg","7,40 €/Kg"
Árvore de Natal,*,Dim.: 150cm,"6,99 €","6,99 €/Unidade"
Bacalhau à Brás,PorSi,Embalagem de 1 kg,"1,79 €","7,16 €/Kg"
"Creme revitalizante, noite",L'oreal,Embalagem de 50 ml,"2,99 €","59,80 €/L"
Gel wc anticalcário sem lixívia,PorSi,"Garrafa de 1,5 l","1,29 €","0,86 €/L"
Recarga Esfregona de Algodão,PorSi,1 unidade,"0,89 €","0,89 €/Unidade"
Arroz agulha,Caçarola,Embalagem de 1 kg,"1,26 €","1,26 €/Kg"
Contact Ceys,Ceys,1 unidade,"3,19 €","3,19 €/Unidade"
Espinafres em folhas,PorSi,Embalagem de 750 g,"1,98 €","1,98 €/Kg"
Guardanapos com riscas verdes | Dim.: 33 x 33 cm,PorSi,Embalagem com 20 unidades,"1,29 €","1,29 €/Unidade"
Amora,PorSi,Embalagem com 125g,"2,19 €","17,52 €/Kg"
8 hamburguers s/ glúten vaca,Capitão Iglo,Embalagem de 640g,"2,79 €","8,72 €/Kg"
Puré batata doce,PorSi,Embalagem de 750g,"3,99 €","19,95 €/Kg"
Néctar pera,PorSi,Embalagem de 1 l,"0,99 €","0,99 €/L"
Vinho tinto regional alentejano,Galitos,Garrafa de 750 ml,"2,89 €","3,85 €/L"
H2o infusion ananás,Prozis,Embalagem de 9g,"0,38 €","38,00 €/Kg"
Super Napolitana de Chocolate,Pastelaria do Dia,1 un = 120 g (aprox.),"0,30 €/Unidade","0,30 €/Unidade"
Queijo de azeitão dop,PorSi Select,Embalagem de 255 g,"25,45 €/Kg","25,45 €/Kg"
Cerveja com álcool,Corona,"Embalagem de 6x0,355L","1,99 €/L","1,99 €/L"
Alimento lácteo cereais e baunilha +6 meses,Yogolino,Embalagem de 4 x 100 g,"2,89 €","7,23 €/Kg"
Trinca de arroz,PorSi,Embalagem de 5 kg,"14,29 €","3,57 €/Kg"
Mistura para periquitos,Canto Alegre,Embalagem de 1K,"2,49 €","2,49 €/Kg"
Óleo alimentar,PorSi,Garrafa de 5 l,"3,39 €","3,39 €/L"
Croissant Brioche Artesanal,Pastelaria do Dia,1 unidade= 90 gr,"0,30 €/Unidade","0,30 €/Unidade"
Grão de bico,PorSi,Frasco com 540 g,"2,19 €","2,81 €/Kg"
Folhado de Maçã,*,1 unidade= 100 g,"0,30 €/Unidade","0,30 €/Unidade"
"Lenços de bolso sensi, brancos, 10 unidades",Renova,Uma embalagem de 6x10,"0,89 €","0,89 €/Unidade"
Desodorizante e desinfetante para calçado,Sanytol,Embalagem de 150 ml,"5,29 €","35,27 €/L"
Manteiga com sal,Primor,Embalagem de 250g,"1,89 €","7,56 €/Kg"
Leite seleccionado leve,Matinal,pack 3 x 200 ml,"0,83 €","0,83 €/L"
Biscoitos canudinho simples,PorSi,Embalagem de 300g,"2,82 €","9,40 €/Kg"
Sangria tinta,Marco d’Aldeia,Bag-in-box de 5 l,"2,19 €","1,46 €/L"
Refrigerante c/ gás light,Coca-Cola,pack 6 x 0.33 l,"0,40 €/L","0,40 €/L"
Doce de cereja s/ açúcar adicionado,PorSi,Frasco com 220 g,"2,19 €","9,95 €/Kg"
Massa cuscus,PorSi,Embalagem de 250g,"0,99 €","1,98 €/Kg"
Alimento lácteo morango +8 meses,Yogolino,Embalagem de 4 x 100 g,"2,89 €","7,23 €/Kg"
Bastão de cola,Domédia,20 g,"1,19 €","119,00 €/Kg"
Ambientador Difusor Frutos Vermelhos,PorSi,50 ml,"4,99 €","4,99 €/Unidade"
"Cerveja com álcool, lata",Super Bock,Garrafa de 500 ml,"1,99 €/L","1,99 €/L"
Aperitivos tex mex,Doritos,Embalagem de 120g,"0,79 €","7,90 €/Kg"
Chalotas,Legumes do Dia,embalagem de 250 g (aprox.),"1,39 €","9,27 €/Kg"
Creme de dia para pele seca,Labell,Embalagem de 50 ml,"2,99 €","59,80 €/L"
Dentes de alho Categoria: II,PorSi,Embalagem de 150 g,"1,39 €","9,27 €/Kg"
Molas plásticas,PorSi,15 unidades,"0,89 €","0,89 €/Unidade"
Leite de coco,PorSi,Embalagem de 400 ml,"3,84 €","24,00 €/Kg"
Tartaro de Salmão Fumado,PorSi Select,Embalagem de 110 g,"3,35 €","22,33 €/Kg"
Bolachas waffers baunilha,PorSi,Embalagem de 210g,"0,98 €","4,67 €/Kg"
Mel de montanha,PorSi Select,Frasco de 250 g,"4,89 €","9,78 €/Kg"
"Coloração permanente, caramelo avelã, nº 6.41",Excellence,1 unidade,"9,49 €/Unidade","9,49 €/Unidade"
Balde Limpeza Super Fácil Cinza + Espremedor,Vileda,1 unidade,"17,00 €","17,00 €/Unidade"
Malinha Berçário,Baby Nurse Smoby,1 unidade,"10,99 €/Unidade","10,99 €/Unidade"
"Borracha mini softy, pack de 3 unidades",Maped,1 embalagem,"3,19 €","3,19 €/Unidade"
Spray limpeza fornos e grelhas,PorSi,500 ml,"1,79 €","2,39 €/L"
Desinfetante álcool gel spray,PorSi,100 ml,"4,99 €","4,99 €/Unidade"
Creme de coco,Koala,Garrafa de 165 ml,"1,09 €","2,75 €/Kg"
Húngaros,PorSi,Embalagem de 270G,"0,69 €","3,45 €/Kg"
Atum posta em óleo,Bom petisc,Embalagem de 120 g,"0,89 €","7,42 €/Kg"
6 Salsichas de porco,Nobre,Lata de 120g,"0,75 €","3,75 €/Kg"
Biscoitos integrais aveia e cacau,PorSi Viva Bem,Embalagem de 150g,"1,45 €","11,15 €/Kg"
Jarro aluna,Brita,"Cap.: 2,4 L c/ 1 Filtro Incluído","3,29 €","3,29 €/Unidade"
Presunto fatias,Damatta,Embalagem de 120 g,"2,79 €","13,95 €/Kg"
Iogurte pedaços morango,PorSi,Embalagem de 4x125g,"1,19 €","2,38 €/Kg"
Queijo manchego D.O.P,PorSi Select,Embalagem de 250g,"2,87 €","15,94 €/Kg"
Açúcar em saquetas,PorSi,Embalagem 1K,"1,49 €","1,49 €/Kg"
Jardineira,PorSi,Embalagem de 750 g,"1,98 €","1,98 €/Kg"
Massa fusilli tricolor,Milaneza,Embalagem de 500g,"0,99 €","1,98 €/Kg"
Sacos do lixo lavanda 50 litros,PorSi,15 unidades,"1,89 €","1,89 €/Unidade"
Não Mais Pregos Forte e Rápido,Pattex,Embalagem de 150 g,"3,19 €","3,19 €/Unidade"
X-ato mini,Maped,9 mm,"1,19 €","119,00 €/Kg"
Brinca a curar,Nenuco,1 unidade,"10,99 €/Unidade","10,99 €/Unidade"
"Detergente para máquina de loiça, gel, tudo em 1 lim...",Sun,Embalagem de 45 unidades,"2,99 €","2,99 €/Unidade"
Grão de bico,PorSi,Embalagem de 820g,"2,19 €","2,81 €/Kg"
Creme vegetal culinário,Vaqueiro,Embalagem de 250 g,"1,39 €","6,95 €/L"
12 Ovos Frescos Classe S,Campovo,Embalagem c/ 12 Unidades,"1,59 €","1,59 €/Unidade"
Ketchup,Calve,Embalagem de 280g,"0,87 €","2,90 €/Kg"
Chá de plantas salutem - tilia r,Salutem,Embalagem de 20g,"0,38 €","38,00 €/Kg"
Bolacha maria dourada,PorSi,Embalagem de 800g,"2,11 €/Kg","2,11 €/Kg"
Cereais fitness,Nestle,Embalagem de 380g,"5,59 €","8,87 €/Kg"
Preparado de tarte de flã,PorSi,360 g,"1,69 €","8,45 €/L"
Vinagre de limpeza,PorSi,Embalagem de 1 l,"0,79 €","0,79 €/L"
Cone chocolate,PorSi,Embalagem de 6 x 120 ml,"5,99 €","16,64 €/L"
Queijo da Ilha DOP Cura 4 Meses,São Jorge,Vendido ao peso a partir de 250 gr,"2,87 €","15,94 €/Kg"
"Rolo de cozinha design xxl, 3 rolos",Renova,Embalagem de 3 unidades,"4,99 €","4,99 €/Unidade"
Veggie bowls bulgur & courgette 350g,Iglo green,Embalagem de 350g,"3,99 €","19,95 €/Kg"
Ração seca para gatinhos frango e legumes,PorSi,Embalagem de 2 kg,"3,99 €","2,00 €/Kg"
Fada unicórnio,Steffi Love,1 unidade,"29,99 €","29,99 €/Unidade"
Tablete chocolate de iogurte morango,Milka,Embalagem de 100g,"5,30 €/Kg","5,30 €/Kg"
Cerveja,Kings Bräu,Embalagem de 10x25 cl,"1,99 €/L","1,99 €/L"
Cebola picada,PorSi,Embalagem de 400 g,"1,98 €","1,98 €/Kg"
Guardanapos com riscas rosa | Dim.: 33 x 33 cm,PorSi,Embalagem com 20 unidades,"1,29 €","1,29 €/Unidade"
Toalha banho bordada,PorSi,80x80 cm,"29,99 €","29,99 €/Unidade"
Aroma baunilha fr.plast.200ml,Vahine,Garrafa de 200 ml,"1,89 €","17,18 €/Kg"
Água s/ gás,S.estrela,Garrafão de 6L,"1,04 €","0,17 €/L"
Pincel de caiar,Itools,1 unidade,"2,99 €","2,99 €/Unidade"
Arroz integral salutem,Salutem,Embalagem de 1 kg,"1,79 €","1,79 €/Kg"
Bolacha golden,Oreo,Embalagem de 154 g,"0,79 €","4,49 €/Kg"
Vela com número nº 5,PorSi,1 unidade,"0,60 €","0,60 €/Unidade"
Nata para culinária ligeira,Mimosa,Embalagem de 200 ml,"0,75 €","3,75 €/L"
Côtes-du-Rhône Tinto,Ferraton,0.75 litros,"6,89 €","9,19 €/L"
Toalhitas Activity |Recarga,Dodot,Pack: 4x54 unidades,"1,09 €/Unidade","1,09 €/Unidade"
Vinho do porto dona antónia reserva tinto,Ferreira,Garrafa de 0.75 l,"10,99 €","14,65 €/L"
Mopa com cabo,PorSi,1 unidade,"2,20 €","2,20 €/Unidade"
Molho inglês,Savora,Garrafa de 120 ml,"0,87 €","2,90 €/Kg"
Pêssego em calda metades,PorSi,Lata com 420 g,"1,99 €","2,37 €/Kg"
Posta pescada-do-cabo nº 5 para cozer,PorSi,Embalagem de 800 g,"4,39 €","10,98 €/Kg"
Creme de cassis,P.dabot,Garrafa de 700 ml,"4,99 €","7,13 €/L"
Bebé Feliz Aniversário,Nenuco,1 unidade,"14,99 €","14,99 €/Unidade"
Chourico picante beiras,PorSi,Embalagem de 290g,"1,22 €","6,78 €/Kg"
Espremedor,PorSi,1 unidade,"17,00 €","17,00 €/Unidade"
Vela com número nº 8,PorSi,1 unidade,"0,60 €","0,60 €/Unidade"
Pasta dentífrica gel kids,Labell,Embalagem de 50 ml,"1,05 €","1,05 €/Unidade"
"Bebida láctea especial crescimento, 1-3 anos",Mimosa,Garrafa de 1 l,"0,26 €","1,30 €/L"
12 pastéis de bacalhau,PorSi,Embalagem de 300 g,"1,79 €","7,16 €/Kg"
Hipopótamo bailarina,Clementoni,1 unidade,"29,99 €","29,99 €/Unidade"
Cápsulas de café com leite cappuccino,Nescafe,Embalagem com 16 cápsulas,"59,82 €/Kg","59,82 €/Kg"
Gel Banho Excite,Axe,Embalagem de 400 ml,"5,99 €","14,98 €/L"
Pólen de abelhas,PorSi Select,Frasco de 130 g,"4,89 €","9,78 €/Kg"
Capa para tábua metálica,Vileda,1 un.,"16,50 €","16,50 €/Unidade"
Sumo 100% maçã,Compal,1 litro,"1,09 €","0,73 €/L"
Caldo de galinha 8 cubos,Knorr,Embalagem de 80g,"3,84 €","24,00 €/Kg"
Vinho regional alentejano tinto,Qta.carmo,Garrafa de 0.75 l,"2,89 €","3,85 €/L"
Detergente manual roupa,PorSi,Embalagem de 650g,"1,19 €","2,98 €/Kg"
Bocadelia de caranguejo,La piara,Embalagem de 170g,"1,19 €","13,52 €/Kg"
Água sem gás,Penacova,Garrafa de 1.5 litros,"1,04 €","0,17 €/L"
Batata Pré-Frita Dauphines,PorSi,500 g,"1,39 €","1,39 €/Kg"
Óleo Cedro Spray,PorSi,Embalagem de 250 ml,"1,39 €","1,26 €/L"
Ricore,Nestle,Embalagem de 260g,"0,99 €","3,96 €/Kg"
Iogurte liquido stracciatella,PorSi,Embalagem de 4 x 160 g,"1,31 €","2,05 €/Kg"
Gengibre desidratado,Salutem,Embalagem de 100g,"2,29 €","22,90 €/Kg"
Café torrado 5 estrelas moagem grossa,Sical,Embalagem de 250g,"9,16 €/Kg","9,16 €/Kg"
Leite de coco condensado,Koala,Embalagem de 490 g,"1,09 €","2,75 €/Kg"
Pastilhas ice spearmint,CHICLETS,Embalagem de 17 g,"0,99 €","58,24 €/Kg"
Sumo morango,Sunny d,Garrafa de 310 ml,"1,05 €","3,39 €/L"
Desodorizante Black & White Invisible,Nivea,150 ml,"4,69 €","31,27 €/L"
Comida húmida para cão,PorSi,Embalagem de 300 g,"0,75 €","2,50 €/Kg"
Massa fettuccine,PorSi,Embalagem de 500g,"0,99 €","1,98 €/Kg"
Lixívia perfumada,PorSi,Embalagem de 5 l,"1,09 €","0,55 €/L"
Leite corporal,Nivea,Embalagem de 400 ml,"12,48 €/L","12,48 €/L"
Caixa de médico,Vicam,31 peças,"45,95 €","45,95 €/Unidade"
Jogo Gansos + Tangran,Clementoni,1 unidade,"16,99 €/Unidade","16,99 €/Unidade"
Cereais corn flakes,Kellogg's,Embalagem de 500g,"1,49 €","2,98 €/Kg"
Balões latex amarelos,PorSi,Embalagem com 24 unidades,"1,99 €","1,99 €/Unidade"
Piscina infantil,Bestway,Dim.: 152 x 38 cm,"22,99 €","22,99 €/Unidade"
Refrigerante sem gás frutos tropicais,Trina,"Garrafa de 1,5 l","1,14 €","0,76 €/L"
Comida húmida para gato júnior,PorSi,Embalagem de 4 x 100 g,"2,89 €","7,23 €/Kg"
Barras fitness com chocolate,Nestle,Embalagem de 140g,"5,59 €","8,87 €/Kg"
"Carregador, 6 lâminas, 4 recargas",Labell Men,1 embalagem,"1,16 €","4,64 €/L"
Bloco Sanitário Poder Activo Lavanda,Sonasol,Embalagem de 2x50 g,"37,36 €/Kg","37,36 €/Kg"
Galão enriquecido com cálcio,Ucal,Embalagem de 600 ml,"1,49 €","1,49 €/L"
Collant mousse preta 20D,PorSi,Tamanho: M,"1,89 €","1,89 €/Unidade"
Salsicha bockwurst 5 unidades,PorSi,Embalagem de 250g,"0,75 €","3,75 €/Kg"
Chá Aromatizado Pirâmide Oriente/Canela,PorSi,20 x 2 g,"43,50 €/Kg","43,50 €/Kg"
Leite UHT Meio Gordo,Gresso,Embalagem de 1 l,"0,83 €","0,83 €/L"
Bolacha digestiva go canela,Triunfo,Embalagem de 170g,"0,98 €","3,27 €/Kg"
"Vinho DOC Bairrada, Branco",Selecção de Enófilos,Garrafa de 0.75 l,"2,49 €","3,32 €/L"
Queijo mozzarella fatias,PorSi,Embalagem de 200 g,"1,96 €","9,80 €/Kg"
Farinha p/ bolos fina,Nacional,Embalagem de 1Kg,"1,99 €","1,99 €/Kg"
Cebola Roxa,Programa Origens,1 un = 500 gr (aprox.),"1,39 €","9,27 €/Kg"
Reparador de móveis escuro,PorSi,Embalagem de 200 ml,"1,39 €","1,26 €/L"
Bacalhau Especial,Bacalhau da Noruega,1 un = 4 kg (aprox.),"8,73 €/Kg","8,73 €/Kg"
Bolachas cream cracker,PorSi,Embalagem de 200g,"1,69 €","3,38 €/Kg"
Néctar classico de ananás,Compal,Garrafa de 200 ml,"0,99 €","0,99 €/L"
Açúcar baunilhado,Vahine,Embalagem de 40g,"1,49 €","1,49 €/Kg"
Loção para bebé pink,Johnson's Baby,500 ml,"0,59 €","5,90 €/L"
Amaciador G. Maravilhosa,Ultra Suave,Embalagem de 400 ml,"5,59 €","13,98 €/L"
Iogurte tipo grego natural,PorSi,Embalagem de 12 x 125 g,"1,49 €","2,98 €/Kg"
Cereais crack star,PorSi,Embalagem de 375 g,"5,07 €/Kg","5,07 €/Kg"
Gelatina de ananás,PorSi,Embalagem de 170g,"0,55 €","61,11 €/Kg"
"Caramelos de fruta, morango single",Sugus,Embalagem de 50g,"1,19 €","4,76 €/Kg"
Farinha láctea cerelac,Cerelac,Embalagem de 500g,"4,99 €","4,99 €/Kg"
Arroz agulha Europa,PorSi,Embalagem de 1 kg,"1,26 €","1,26 €/Kg"
Bolachas waffers chocolate,PorSi,Embalagem de 210g,"0,98 €","4,67 €/Kg"
Lasanha bolonhesa,Iglo,Embalagem de 300g,"3,99 €","9,98 €/Kg"
Hamburguers de bovino,PorSi,Embalagem de 1 kg,"2,79 €","8,72 €/Kg"
Orelhas,Porco,1 un = 250 gr (aprox.),"0,60 €","5,99 €/Kg"
Especialidade soja baunilha,PorSi Viva Bem,Embalagem de 4 x 100 g,"2,39 €","3,98 €/L"
Película Aderente 60M,PorSi,1 unidade,"1,11 €","1,11 €/Unidade"
Azeitona preta,PorSi,Embalagem de 560 g,"2,19 €","2,81 €/Kg"
Preparado p/ arroz de marisco,Pescanova,Embalagem de 500g,"2,19 €","8,59 €/Kg"
Vela com número nº 1,PorSi,1 unidade,"0,60 €","0,60 €/Unidade"
"Rebuçados de fruta, diamante",PorSi,Embalagem de 200 g,"1,08 €","5,40 €/Kg"
Pensos Higiénicos Ultra Air Dry C/ Abas,Ausonia,embalagem com 14 un.,"2,69 €","2,69 €/Unidade"
Ice tea pêssego,Lipton,Embalagem de 1L,"1,14 €","0,76 €/L"
Bolacha torrada,PorSi,Embalagem de 4 x 200 g,"2,11 €/Kg","2,11 €/Kg"
Flocos de aveia,PorSi Viva Bem,Embalagem de 400g,"0,69 €","1,73 €/Kg"
Salsicha p/Churrasco XL,Carne Sorraia,1 Embalagem 360G,"2,69 €","2,69 €/Unidade"
Borracha para lápis e tinta,Domédia,1 unidade,"4,69 €","4,69 €/Unidade"
Iogurte activia cremoso frutos silvestres,Danone,Embalagem de 4 x 120 g,"1,49 €","2,98 €/Kg"
Lixívia para roupa delicada,Neoblanc,Embalagem de 2 l,"2,19 €","1,10 €/L"
Bolachas de aveia,Triunfo,Embalagem de 190g,"2,82 €","9,40 €/Kg"
2 Toalhas de bidé,PorSi,30 x 50 cm,"29,99 €","29,99 €/Unidade"
Margarina líquida,Vaqueiro,Embalagem de 500 ml,"2,89 €","2,89 €/Kg"
Aguardente,Alma pura,Garrafa de 0.70 l,"12,79 €","18,27 €/L"
Ataque do T-Rex,Playmobil,1 unidade,"19,99 €/Unidade","19,99 €/Unidade"
Camião Bombeiros c/ Luz e Som,Dickie Toys,15 cm,"45,95 €","45,95 €/Unidade"
Patê de sardinha,PorSi,Embalagem de 65 g,"1,19 €","13,52 €/Kg"
Tomate Cacho,Programa Origens,1 un = 200 gr (aprox.),"0,46 €","2,29 €/Kg"
Refrigerante c/ gás,Pepsi,Pack 6 x 0.33 l,"0,40 €/L","0,40 €/L"
Néctar light de laranja prisma,PorSi,Embalagem de 1 l,"0,84 €","2,55 €/L"
Sopa de legumes,PorSi,Embalagem de 400 g,"1,29 €","3,23 €/Kg"
Café lote bocage grão,Nicola,Embalagem de 1 kg,"9,16 €/Kg","9,16 €/Kg"
Lambrusco bianco,*,Garrafa de 750 ml,"6,89 €","9,19 €/L"
Molho piri piri,Macarico,Embalagem de 200g,"0,87 €","2,90 €/Kg"
Sacos do lixo lavanda 30 litros,PorSi,20 sacos,"1,89 €","1,89 €/Unidade"
Spray desinfetante casa de banho,Lysol,Embalagem de 500 ml,"1,79 €","2,39 €/L"
"Frigideira anti-aderente, 24cm",PorSi,1 unidade,"9,99 €","9,99 €/Unidade"
Chocolate kit kat,Kit kat,Embalagem de 130g,"11,92 €/Kg","11,92 €/Kg"
Mistura de cogumelos,PorSi,Embalagem de 400g,"1,98 €","1,98 €/Kg"
Biberão evolutivo rosa,Pommette,Capacidade para 330 ml,"5,99 €","5,99 €/Unidade"
Miolo camarão 40/60,PorSi,Embalagem de 200g,"8,99 €","25,69 €/Kg"
10 douradinhos vegetais,Iglo green,Embalagem de 280g,"9,30 €/Kg","9,30 €/Kg"
Fada unicórnio,Steffi Love,1 unidade,"10,99 €/Unidade","10,99 €/Unidade"
Palhinhas de papel,PorSi,25 unidades,"0,60 €","0,60 €/Unidade"
Bolachas crackers integrais,PorSi,Embalagem de 500g,"1,69 €","3,38 €/Kg"
12 nuggets frango polme americano,Capitão Iglo,Embalagem de 220g,"9,30 €/Kg","9,30 €/Kg"
Tostas multicereais sem glúten,PorSi Viva Bem,Embalagem de 140g,"4,29 €","20,43 €/Kg"
Amaciador concentrado para roupa aloé vera,PorSi,80 doses,"1,99 €","1,00 €/L"
Guardanapos de papel reciclado,PorSi,100 unidades,"1,29 €","1,29 €/Unidade"
Bases para pizza,PorSi,Embalagem de 3 x 125 g,"1,79 €","4,77 €/Kg"
Bife da Vazia,Novilho,Vendido ao peso a partir de 800 g,"7,19 €","8,99 €/Kg"
Lanche Misto,Pastelaria do Dia,1 unidade= 115 g,"0,89 €","0,89 €/Unidade"
Carne p/ Assar,Novilho,Vendido ao peso a partir de 800 g,"7,19 €","8,99 €/Kg"
Couscous comespeciarias 4x125g,PorSi,Embalagem de 500g,"0,99 €","1,98 €/Kg"
Peito de frango,PorSi,"Vendido ao peso, fatiado a partir de 150 g","2,25 €","11,25 €/Kg"
Bolo de Arroz 70 g,*,,"0,30 €/Unidade","0,30 €/Unidade"
20 saquetas infusão de lúcia lima,Lipton,Embalagem de 30g,"0,99 €","26,76 €/Kg"
Folha de alumínio,PorSi,30 metros,"1,11 €","1,11 €/Unidade"
Batata Roxa miúda,Legumes do Dia,Embalagem de 1 kg (aprox.),"1,39 €","9,27 €/Kg"
Quinoa branca,PorSi Viva Bem,Embalagem de 200 g,"1,39 €","6,95 €/Kg"
Torta cacau com sabor a natas,PorSi,Embalagem de 300g,"2,05 €","5,13 €/Kg"
Jardineira,PorSi,Embalagem de 400 g,"1,98 €","1,98 €/Kg"
Iogurte líquido magro morango,PorSi Viva Bem,Embalagem de 4x150 ml,"1,32 €","2,20 €/L"
Chourico carne das beiras,PorSi,Embalagem de 290g,"1,22 €","6,78 €/Kg"
Toucinho fumado extra,PorSi,Embalagem de 200 g,"2,79 €","9,30 €/Kg"
Corn flakes,PorSi,Embalagem de 1 kg,"1,49 €","2,98 €/Kg"
Óleo Beleza N110,Diadermine,Embalagem de 100 ml,"12,48 €/L","12,48 €/L"
Feijão encarnado,PorSi,Embalagem de 820 g,"2,19 €","2,81 €/Kg"
Lambrusco rosé,Sorbello,Garrafa de 0.75 l,"2,09 €","2,79 €/L"
Leite e cereais pijama +6 meses,Cerelac,Garrafa de 400 ml,"4,99 €","4,99 €/Kg"
Água mineral natural alcalina,MONCHIQUE,Garrafão de 5 l,"1,04 €","0,17 €/L"
Veículo captura demónios,Playmobil,1 unidade,"17,99 €","17,99 €/Unidade"
Hipopótamo bailarina,Clementoni,1 unidade,"10,99 €/Unidade","10,99 €/Unidade"
Toalhitas,Dodot,4 x 64 un.,"1,09 €/Unidade","1,09 €/Unidade"
Reparador de móveis normal,PorSi,Embalagem de 200 ml,"1,39 €","1,26 €/L"
Farelo de aveia,Salutem,Embalagem de 200g,"7,99 €","6,39 €/Kg"
"Shampoo, laranja",PorSi,Embalagem de 1 l,"3,49 €","13,96 €/L"
Mini tostas integrais super finas,PorSi,Embalagem de 100 g,"2,39 €","6,83 €/Kg"
"Atum em posta, em azeite",General,Embalagem de 110g,"0,89 €","7,42 €/Kg"
Ice tea limão,Lipton,pack 6 x 0.25 l,"1,14 €","0,76 €/L"
Nutella,Nutella,Embalagem de 700g,"8,54 €/Kg","8,54 €/Kg"
Nata pasteurizada,PorSi,Embalagem de 450 ml,"0,75 €","3,75 €/L"
Cola Universal,Uhu,Embalagem de 2x20ml,"1,19 €","119,00 €/Kg"
Whisky 12 anos black label,J.WALKER,Garrafa de 700 ml,"23,99 €","34,27 €/L"
Lixívia Tradicional,Neoblanc,Embalagem de 4 l,"1,79 €","0,36 €/L"
Cerveja com álcool,Sagres,Garrafa de 20 cl,"1,99 €/L","1,99 €/L"
Monopoly super maus perdedores,Monopoly,,"14,99 €","14,99 €/Unidade"
Ketchup,PorSi,Embalagem de 560 g,"0,87 €","2,90 €/Kg"
Espumante bruto,Cabriz,Garrafa de 750 ml,"6,49 €","8,65 €/L"
Néctar vital equilibrio frutos vermelhos,Compal,Embalagem de 1 l,"0,99 €","0,99 €/L"
Capa Universal,Vileda,1 unidade,"16,50 €","16,50 €/Unidade"
Esparguete,PorSi,Embalagem de 1 kg,"0,99 €","1,98 €/Kg"
Cheerios 375g,Nestle,Embalagem de 380g,"5,07 €/Kg","5,07 €/Kg"
Batata doce frita,PorSi,Embalagem de 150g,"1,10 €","5,95 €/Kg"
Penso diário normal,PorSi,Embalagem de 64 unidades,"1,79 €","1,79 €/Unidade"
Crackers sem glúten,Schar,Embalagem de 210 g,"4,29 €","20,43 €/Kg"
Salmão posta ao natural,PorSi Select,Lata de 120 g,"0,89 €","7,42 €/Kg"
Desodorizante spray sport 48h,Labell Men,Embalagem de 200 ml,"1,39 €","6,95 €/L"
Sangria pet,Don Simon,"Garrafa de 1,5 l","2,19 €","1,46 €/L"
Batata palha finíssima,PorSi Select,Embalagem de 180 g,"0,87 €","5,44 €/Kg"
Brandy,Macieira,Garrafa de 1 l,"11,99 €","17,13 €/L"
Farinha p/ bolos extra fina,Nacional,Embalagem de 1 kg,"1,99 €","1,99 €/Kg"
Vinagre de vinho branco,PorSi,Garrafa de 1 l,"0,35 €","0,70 €/L"
Chá de infusão salutem nº 45 - protensão 10 saquetas,Salutem,Embalagem de 15g,"0,38 €","38,00 €/Kg"
Pescada do Pacífico,Peixe Congelado,"Congelada de 1 a 1,5 kg","3,99 €/Kg","3,99 €/Kg"
Leite e cereais 8 cereais e mel +6 meses,Cerelac,Garrafa de 400 ml,"4,99 €","4,99 €/Kg"
"Alimento para cão júnior bio complex, com frango",HappyOne,Embalagem de 4 kg,"14,29 €","3,57 €/Kg"
Bolacha com aveia,PorSi,Embalagem de 300 g,"0,98 €","3,27 €/Kg"
Collant confort 20d preto S/M,PorSi,Embalagem de 1 unidades,"1,89 €","1,89 €/Unidade"
Batata frita lisas originais,Lay's,Embalagem de 160g,"1,10 €","5,95 €/Kg"
Mini tortitas milho c/ sal,PorSi Viva Bem,Embalagem de 200g,"1,45 €","11,15 €/Kg"
Sabonete Liquido Gel Antibacteriano,Labell,Embalagem de 300 ml,"1,19 €","3,97 €/L"
Bacalhau Espiritual,Centralres,Vendido ao peso,"3,99 €","3,99 €/Kg"
Creme de dia para pele normal,Labell,Embalagem de 50 ml,"2,99 €","59,80 €/L"
Vinagre vinho branco,PorSi,Garrafa de 500 ml,"0,35 €","0,70 €/L"
Creme abrasivo limão,Cif,Garrafa de 500 ml,"0,99 €","1,32 €/L"
Ovos Frescos Omega 3 de Galinhas Solo,PorSi Viva Bem,Embalagem com 6 unidades,"2,55 €","2,55 €/Unidade"
Spray elimina odores do calçado,PorSi,embalagem de 100 ml,"5,29 €","35,27 €/L"
Papa infantil para preparar com leite +6 meses,Cerelac,Embalagem de 250g,"4,99 €","4,99 €/Kg"
"Hamburguers de frango, 4 x 80 g",PorSi,Embalagem de 320g,"2,79 €","8,72 €/Kg"
Mistura para canários,Canto Alegre,Embalagem de 1K,"2,49 €","2,49 €/Kg"
Vinagre vinho branco 500ml,Cristal,Garrafa de 500 ml,"0,35 €","0,70 €/L"
"M&m's drageias de chocolate de leite,",M&m's,Embalagem de 400g,"1,39 €","19,86 €/Kg"
Sobremesa paturette baunilha,Páturages,Embalagem de 4 x 115 g,"0,99 €","1,65 €/Kg"
Bolachas starship chocolate,PorSi,Embalagem de 150g,"0,90 €","6,00 €/Kg"
Adoçante em pó,PorSi,250 saquetas,"5,99 €","23,96 €/Kg"
Magnum amêndoa,Olá,Embalagem de 6 x 55 ml,"5,99 €","16,64 €/L"
Líquido wc active clean mint & jasmin,Ambipur,750 ml,"1,79 €","2,39 €/L"
Arroz carolino malandrinho,Malandrinh,Embalagem de 1 kg,"1,26 €","1,26 €/Kg"
Salsa,Vitacress,embalagem de 40 g,"1,09 €","36,33 €/Kg"
Fralda Activity T3 - 6 a 10 kg,Dodot,66 unidades,"13,29 €/Unidade","13,29 €/Unidade"
Vinho branco monbazillac  2012,Expertclub,Garrafa de 750 ml,"6,89 €","9,19 €/L"
Café moagem universal portugal,Delta,Embalagem de 250g,"9,16 €/Kg","9,16 €/Kg"
Queijo em fatias,Terra Nostra,Embalagem de 400g,"1,96 €","9,80 €/Kg"
Ambientador Arbre Pinho,Arbre Magique,3 unidade,"2,89 €","2,89 €/Unidade"
Gin dry bombay(40º) 0.70l,Bombay,Garrafa de 700 ml,"16,49 €","23,56 €/L"
Descafeinado,Nestlé,Embalagem de 100 g,"1,59 €","6,36 €/Kg"
"Chocolate kit kat, single",Kit kat,Embalagem de 40g,"11,92 €/Kg","11,92 €/Kg"
Óleo alimentar,Fula,Embalagem 3L,"3,39 €","3,39 €/L"
Côco ralado,PorSi,Embalagem de 200g,"1,29 €","3,23 €/Kg"
Tablete de chocolate leite,Nestle,Embalagem de 130g,"5,30 €/Kg","5,30 €/Kg"
Iogurte líquido infantil morango e banana,PorSi,Pack 6 x 100 g,"1,31 €","2,05 €/Kg"
Nata uht light,Mimosa,Embalagem de 200 ml,"0,75 €","3,75 €/L"
Pá + espanador,PorSi,1 conjunto,"2,20 €","2,20 €/Unidade"
Iogurte tipo grego maracujá,PorSi,Embalagem de 4 x 125 g,"1,49 €","2,98 €/Kg"
Rolo cozinha branco 3 folhas,PorSi,3 rolos,"4,99 €","4,99 €/Unidade"
Creme culinário de soja,Shoyce,Garrafa de 200 ml,"1,39 €","6,95 €/L"
Pensos higiénicos liberty normal abas,Evax,Embalagem com 12 un.,"2,69 €","2,69 €/Unidade"
Espumante sem álcool para crianças,Look,Garrafa de 750 ml,"0,40 €/L","0,40 €/L"
Fruta para bebé banana maçã +4 meses,Nestle,Embalagem de 90g,"0,74 €","8,22 €/Kg"
Bolachas Recheadas Com Chocolate,PRINCE,Embalagem de 178g,"2,15 €","2,87 €/Kg"
Bicarbonato de sódio,PorSi,Saqueta de 75 g,"1,89 €","17,18 €/Kg"
Vinho doc douro tinto,Tellu's,Garrafa de 750 ml,"7,49 €","9,99 €/L"
Liégeois Sobremesa de chocolate,Páturages,Embalagem de 4x100 g,"0,99 €","1,65 €/Kg"
Arroz longo extra integral,Cacarola,Embalagem de 1 kg,"1,79 €","1,79 €/Kg"
Vela com número nº 9,PorSi,1 unidade,"0,60 €","0,60 €/Unidade"
Azeite virgem extra seleção,PorSi,Garrafa de 750 ml,"8,59 €","4,30 €/L"
Vinho Dão Mélange à 3 Tinto,Carvalhais,Garrafa de 0.75 l,"7,49 €","9,99 €/L"
Nectarina,Fruta do Dia,1 un = 150 gr (aprox.),"0,45 €","2,99 €/Kg"
Chá Aromatizado Pirâmide Mel/Limão/Ginseng,PorSi,20 x 2 g,"58,00 €/Kg","58,00 €/Kg"
"Néctar pêssego, prisma",PorSi,Embalagem de 1 l,"0,99 €","0,99 €/L"
Sementes de linhaça dourada,PorSi Viva Bem,Embalagem de 250 g,"1,59 €","10,60 €/Kg"
Sangria branca,Don Simon,"Garrafa de 1,5 l","2,19 €","1,46 €/L"
"Detergente manual de loiça, ultra limão",PorSi,Embalagem de 500 ml,"1,05 €","2,10 €/L"
Pimentão doce saqueta,PorSi,Embalagem de 50 g,"0,25 €","0,25 €/Kg"
Feijão manteiga,Compal,Lata de 410 ml,"2,19 €","2,81 €/Kg"
Carro Muda Cor c/ Água Sortidos,Hot Wheels,1 embalagem,"17,99 €","17,99 €/Unidade"
Adoçante à base de sucralose,PorSi Viva Bem,Embalagem de 17g,"5,99 €","23,96 €/Kg"
Paloco desfiado do pacifico,Peixe Fresco,Embalagem de 400 g,"8,73 €/Kg","8,73 €/Kg"
"Vinho bairrada, reserva, tinto",Selecção de Enófilos,Garrafa de 0.75 l,"2,49 €","3,32 €/L"
Amaciador Roupa lavanda,PorSi,Embalagem de 60 doses,"1,99 €","1,00 €/L"
Biscoitos de canela,PorSi,Embalagem de 750g,"0,69 €","3,45 €/Kg"
Rum Spiced,Captain Morgan,"Garrafa de 0,70L","20,99 €","29,99 €/L"
"Refrigerante com gás, ananás",Sumol,"Garrafa de 1,25 l","0,40 €/L","0,40 €/L"
Arroz agulha América do Sul,PorSi,Embalagem de 1 kg,"1,26 €","1,26 €/Kg"
Leite uht gordo,Mimosa,Embalagem de 1 litro,"1,19 €","1,19 €/L"
Leite e cereais bolacha maria +6 meses,Cerelac,Garrafa de 400 ml,"4,99 €","4,99 €/Kg"
Choco limpo congelado,PorSi,Vendido ao peso a partir de 200 g (aprox.),"2,40 €","11,99 €/Kg"
Chocolate culinário em pó,Pantagruel,Embalagem de 130g,"1,04 €","8,32 €/Kg"
Refrigerante c/ gás laranja,Fanta,"Garrafa de 1,5 l","0,40 €/L","0,40 €/L"
"Borracha Technic, 600",Maped,embalagem com 2 unidades,"4,69 €","4,69 €/Unidade"
Tablete de chocolate de leite,PorSi Select,Embalagem de 200g,"5,30 €/Kg","5,30 €/Kg"
Esfregão c/ Esponja Salva Unhas Ergonómico / Confort...,Scotch-Brite,Embalagem de 2 unidades,"2,54 €","2,54 €/Unidade"
Mini Hambúrguer de Batata Doce e Quinoa Green Cuisin...,Iglo green,Embalagem de 270g,"3,99 €","19,95 €/Kg"
Sidra de maçã,Somersby,Lata de 500 ml,"1,59 €","3,18 €/L"
Creme para barrar,Nutella,Embalagem de 200 g,"8,54 €/Kg","8,54 €/Kg"
Azeite Subtil,Gallo,Garrafa de 2 l,"8,59 €","4,30 €/L"
Sumo 100% ananás/uva,PorSi,Pack 3 x 200 ml,"1,09 €","0,73 €/L"
Laboratório mecânica monster truck,Clementoni,1 un.,"16,99 €/Unidade","16,99 €/Unidade"
Iogurte líquido magro frutos vermelhos,PorSi Viva Bem,Embalagem de 4x160 ml,"1,31 €","2,05 €/Kg"
Café solúvel sem cafeína,Nescafe,Embalagem de 20g,"14,50 €/Kg","14,50 €/Kg"
Balões latex azul,PorSi,Embalagem com 24 unidades,"1,99 €","1,99 €/Unidade"
Camião c/ Escavadora Luz e som,Volvo,32 cm,"45,95 €","45,95 €/Unidade"
Iogurte sabor a coco,PorSi,Embalagem de 4 x 125 g,"0,69 €","1,38 €/Kg"
Amido de milho,PorSi,Embalagem de 400g,"1,89 €","17,18 €/Kg"
Maionese Top Down,Calvé,Embalagem de 753 g,"0,87 €","2,90 €/Kg"
Couve Bróculo,Programa Origens,1 un = 600 g (aprox.),"1,49 €","0,99 €/Kg"
Spray anti-bolores,Cif,435 ml,"1,79 €","2,39 €/L"
"Vela com número, nº2",PorSi,1 unidade,"0,60 €","0,60 €/Unidade"
Biscoitos integrais aveia e cacau,PorSi Viva Bem,Embalagem de 150g,"0,69 €","3,45 €/Kg"
Água c/ gás: limão/pepino/gengibre,Frize,pack 4 x 0.25 l,"2,85 €","2,85 €/L"
Vinho rosé frisante,Cacho Fresco,Garrafa de 0.75 l,"2,09 €","2,79 €/L"
Fraldas de Incontinência Elásticos Médias,Lindor,20 Unidades,"9,99 €","9,99 €/Unidade"
Esfregão esponja ergonómico salva unhas,PorSi,Embalagem de 2 unidades,"2,54 €","2,54 €/Unidade"
Amaciador concentrado para roupa jojoba,PorSi,80 doses,"1,99 €","1,00 €/L"
Café moagem fina bio,PorSi Bio,Embalagem de 250g,"9,16 €/Kg","9,16 €/Kg"
Pano Microfibra,Fino,1 unidades,"1,79 €","1,79 €/Unidade"
Gaspacho,PorSi,1 litro,"0,84 €","13,55 €/Kg"
Amêndoa amarga,Milbar,"Garrafa de 0,70 l","16,99 €","24,27 €/L"
Comida húmida para cão de frango e legumes,PorSi,Lata de 400 g,"0,75 €","2,50 €/Kg"
Lenços faciais brancos 2 folhas,PorSi,150 unidades,"0,89 €","0,89 €/Unidade"
Guardanapos com riscas azuis | Dim.: 33 x 33 cm,PorSi,Embalagem com 20 unidades,"1,29 €","1,29 €/Unidade"
Groselha,PorSi,Embalagem com 125g,"2,19 €","17,52 €/Kg"
8 salsichas frankfurt,Izidoro,Embalagem de 200g,"0,75 €","3,75 €/Kg"
Brócolos congelados,PorSi,Embalagem de 1 kg,"1,98 €","1,98 €/Kg"
Leite uht c/ chocolate,Ucal,Embalagem de 3 x 250 ml,"0,26 €","1,30 €/L"
Leite c/ chocolate,Gresso,Pack 4X200ml,"0,26 €","1,30 €/L"
Bandida do pomar maçã 4x25cl,Bandida,Garrafa de 1 l,"1,59 €","3,18 €/L"
Gel Play Morango,Durex,Embalagem de 50 ml,"4,49 €","4,49 €/Unidade"
Sopa económica de marisco,Knorr,Embalagem de 60g,"0,84 €","13,55 €/Kg"
Galão enriquecido em cálcio,Ucal,Embalagem de 3 x 200 ml,"0,26 €","1,30 €/L"
Hambúrguer Vegeta Green Cuisine,Iglo green,Embalagem de 200g,"3,99 €","19,95 €/Kg"
Flocos cereais chocolate,PorSi,Embalagem de 300g,"2,49 €","9,96 €/Kg"
Toalhitas Sensitive |Recarga,Dodot,Pack: 4 x54 unidades,"1,09 €/Unidade","1,09 €/Unidade"
Vinho verde branco,3 marias,Garrafa de 1 l,"3,09 €","3,09 €/L"
Água s/ gás,Luso,Garrafa de 7 l,"1,04 €","0,17 €/L"
Petit gateau morango 4x80g,PorSi,Embalagem de 320g,"3,99 €","7,39 €/Kg"
Manteiga de alho,Mimosa,Embalagem de 200g,"1,89 €","7,56 €/Kg"
Tablete de chocolate leite bubbly,Milka,Embalagem de 90g,"5,30 €/Kg","5,30 €/Kg"
Tapetes educativos p/ cães/gatos 60x60cm,PorSi,20 unidades,"5,99 €","5,99 €/Unidade"
Lava Tudo Flores Montanha,Sonasol,1.3 l,"0,99 €","0,50 €/L"
Maxi folhado queijo/fiambre,Pastelaria do Dia,1 unidade = 125 g,"0,89 €","0,89 €/Unidade"
Polpa tomate tetra,PorSi,Embalagem de 210g,"3,84 €","24,00 €/Kg"
Cappucinno,PorSi,Embalagem de 125 g,"3,19 €","25,52 €/Kg"
Sombrinhas decorativas,PorSi,Embalagem com 25 unidades,"1,99 €","1,99 €/Unidade"
Feijão catarino,Legumes secos,1 un = 100 gr. (aprox.),"0,23 €","2,29 €/Kg"
Desinfetante de frutas e vegetais,Clean Essence,500 ml,"3,49 €","13,96 €/Kg"
Alheira Extra Trás os Montes,PorSi,"Vendido ao peso, 1un= 200 gr (aprox.)","1,49 €","7,45 €/Kg"
Queijo em fatias,Limiano,Embalagem de 400g,"1,96 €","9,80 €/Kg"
"Néctar de alperce, tetra",Compal,pack 3 x 200 ml,"0,99 €","0,99 €/L"
"Fogareiro rectangular grande, com 4 pés fixos",Larmil,1 unidade,"0,75 €","0,75 €/Unidade"
Miolo de mexilhão,PorSi,Embalagem de 250 g,"1,79 €","7,16 €/Kg"
Bandida do pomar frutos vermelhos lata 50cl,Bandida,Garrafa de 500 ml,"1,59 €","3,18 €/L"
Bolacha vitalday crocante chocolate,Gullon,Embalagem de 280g,"2,82 €","9,40 €/Kg"
Cerveja c/ álcool,Sagres,pack 30 x 0.25 L,"1,99 €/L","1,99 €/L"
Detergentes máquina lavar loiça ecológico,PorSi,26 pastilhas,"2,99 €","2,99 €/Unidade"
Aguardente velha,S.domingos,Garrafa de 700 ml,"12,79 €","18,27 €/L"
Massa de espirais,Nacional,Embalagem de 500g,"0,99 €","1,98 €/Kg"
Tortitas de arroz chocolate negro,PorSi Viva Bem,130 g,"1,45 €","11,15 €/Kg"
Refrigerante c/ gás zero,Coca-Cola,pack 4 x 1 l,"0,40 €/L","0,40 €/L"
Leite Autobronzeador,Ambre Solaire,Embalagem de 150 ml,"12,99 €","86,60 €/L"
Papel higiénico macio absorvente,PorSi,12 rolos,"1,99 €","1,99 €/Unidade"
Inseticida rastejantes com aplicador,Baygon,Embalagem de 400 ml,"5,09 €","8,48 €/L"
Toranja,Fruta do Dia,1 un = 300 gr  (aprox.),"0,50 €","1,99 €/Kg"
Figados de Frango,Lusiaves,embalagem de 350 g (aprox.),"0,60 €","5,99 €/Kg"
Condicionador spray penteia fácil,Johnson's Baby,Embalagem de 200 ml,"4,39 €","21,95 €/L"
Vinho branco,PorSi,embalagem de 1 litro,"0,85 €/L","0,85 €/L"
Gelatina de morango,Royal,Embalagem de 114g,"0,55 €","61,11 €/Kg"
Queijo cabra curado,PorSi,300 g,"1,89 €","10,50 €/Kg"
Tablete de chocolate caramel peanut,Milka,Embalagem de 280g,"6,50 €/Kg","6,50 €/Kg"
Creme vegetal sabor a manteiga,Becel,Embalagem de 450 g,"1,39 €","6,95 €/L"
"Guardanapos brancos, 33x33cm, 2 folhas",PorSi,Embalagem com 100 unidades,"1,29 €","1,29 €/Unidade"
Rebuçados de mentol,PorSi,Embalagem de 250g,"0,77 €","3,85 €/Kg"
Pá do Lixo C/ Cabo,PorSi,1 un.,"2,20 €","2,20 €/Unidade"
Vinagre de sidra,PorSi,500 ml,"0,35 €","0,70 €/L"
"Azeitonas pretas sem caroço, frasco de 165 g",PorSi,Embalagem de 165g,"2,19 €","2,81 €/Kg"
Chá de infusão salutem nº 05 - prolax 10 saquetas,Salutem,Embalagem de 15g,"0,38 €","38,00 €/Kg"
"Luvas multiusos relevo antiderrapante, tamanho grand...",PorSi,Embalagem de 1 unidades,"2,40 €","2,40 €/Unidade"
Posta de atum ao natural,PorSi,Embalagem de 120g,"0,89 €","7,42 €/Kg"
Pack de 3 lâmpadas 7W LED E27,BDC,1 embalagem,"3,49 €","3,49 €/Unidade"
Sangria branca,PorSi,Garrafa de 1.5 litros,"2,19 €","1,46 €/L"
Leite UHT Morango sem Lactose,Mimosa,Pack 3 x 250 ml,"0,99 €","0,99 €/L"
Alimento lácteo banana +6 meses,Yogolino,Embalagem de 4 x 100 g,"2,89 €","7,23 €/Kg"
Gelatina tutti-fruti,PorSi,Embalagem de 170g,"0,55 €","61,11 €/Kg"
Peito de frango,PorSi,Embalagem de 800 g,"3,98 €","2,49 €/Kg"
Máscara tesouros de mel,Garnier,Embalagem de 300 ml,"5,59 €","13,98 €/L"
Nata uht carbonara,Parmalat,Embalagem de 200 ml,"0,75 €","3,75 €/L"
Nestum Mel,Nestlé,Embalagem de 3x300g,"4,99 €","4,99 €/Kg"
Lombo s/ Osso,Porco,Vendido ao peso a partir de 1 kg,"3,99 €","3,99 €/Kg"
Sultana Dourada,PorSi,Embalagem de 200g,"0,79 €","3,95 €/Kg"
Lombo curado fatiado,PorSi,100 g,"3,49 €","38,78 €/Kg"
Vinho doc dão tinto,Santar,Garrafa de 0.75 l,"7,49 €","9,99 €/L"
Borracha para desenho técnico,Domédia,1 unidade,"3,19 €","3,19 €/Unidade"
Queijo de vaca/ovelha penela,Serqueijos,Embalagem de 250 g,"5,99 €","23,96 €/Kg"
Inseticida Aerossol Rapid Moscas e Mosquitos,Raid,1 Embalagem 600ml,"5,09 €","8,48 €/L"
Cebola Amarela,Nossa seleção,1 un = 500 gr (aprox.),"1,39 €","9,27 €/Kg"
Pipoca doce para  microondas,PorSi,Embalagem de 300g,"0,79 €","7,90 €/Kg"
Queijo de ovelha curado amanteigado,Seia,Embalagem de 500g,"4,50 €","17,99 €/Kg"
Cominhos moídos,PorSi,Embalagem de 35g,"0,25 €","0,25 €/Kg"
Chantilly,Royal,Embalagem de 70g,"1,29 €","3,23 €/Kg"
Bolachas cookies choco xl,Milka,Embalagem de 180g,"0,90 €","6,00 €/Kg"
20 saquetas chá verde pure,Lipton,Embalagem de 30g,"0,99 €","26,76 €/Kg"
Azeite tradição,Oliveira da Serra,Embalagem 3L,"8,59 €","4,30 €/L"
Alface Roxa,Programa Origens,1 un= 400 g ( aprox.),"1,60 €","3,99 €/Kg"
Limpa vidros azul,PorSi,Embalagem de 1 l,"3,49 €","13,96 €/L"
Toalhetes Íntimos Suaves,Corine de Farme,Embalagem com 10 un.,"2,19 €","2,19 €/Unidade"
Mini salsichas cocktail,Nobre,lata de 180g,"0,75 €","3,75 €/Kg"
Baguete,PorSi,250 g,"0,19 €","2,38 €/Kg"
"12 lápis de cor, 18cm",Domédia,Uma embalagem,"4,69 €","4,69 €/Unidade"
Creme vegetal para culinária,PorSi,Embalagem de 250g,"1,39 €","6,95 €/L"
Arroz Carolino,Cigala,Embalagem de 1 kg,"1,26 €","1,26 €/Kg"
Toalhitas Bebé Basic,PorSi,Embalagem de 72 unidades,"1,09 €/Unidade","1,09 €/Unidade"
Elíxir Mentol,Listerine,Embalagem de 500 ml + 250 ml,"1,29 €","2,58 €/L"
Atum posta em óleo,Noro,Lata com 110 g,"0,89 €","7,42 €/Kg"
Café moagem grossa bio,PorSi Bio,Embalagem de 250g,"9,16 €/Kg","9,16 €/Kg"
Spray power&shine casa de banho,Cif,Garrafa de 750 ml,"0,79 €","0,79 €/L"
Espumoso moscato,Selecção de Enófilos,"Garrafa de 0,75 l","3,99 €","5,32 €/L"
Pilha alcalina hightech lr03x8,Domédia,1 unidade,"1,99 €","1,99 €/Unidade"
Elixir bocal para crianças,Listerine,Embalagem de 500 ml,"1,29 €","2,58 €/L"
Vinho Regional de Lisboa Rosé,Mundus,"Garrafa de 0,75 l","2,09 €","2,79 €/L"
Ambientador auto pinho,PorSi,1 unidade,"2,89 €","2,89 €/Unidade"
Farinha,Maizena,Embalagem de 400g,"1,99 €","1,99 €/Kg"
Adoçante c/ doseador,Canderel,Embalagem de 10g,"5,99 €","23,96 €/Kg"
Carapau Médio Fresco,Peixe do Dia,1 un = 150 gr (aprox.),"2,95 €/Kg","2,95 €/Kg"
Açucar icing,Rar,Embalagem de 250 g,"1,49 €","1,49 €/Kg"
Vinho regional tejo,Plexus,Garrafa de 750 ml,"2,09 €","2,79 €/L"
Queijo fleur dange,Páturages,Embalagem de 200 g,"2,64 €","13,20 €/Kg"
"Leite bem essencial, morango",Mimosa,Embalagem de 200 ml,"1,49 €","1,49 €/L"
Ice tea pêssego,Lipton,Garrafa de 2 l,"1,14 €","0,76 €/L"
"Refresco em pó, ananás",Tang,Embalagem de 30g,"0,75 €","18,75 €/Kg"
Refresco pó laranja e morango,PorSi,Embalagem de 40g,"0,75 €","18,75 €/Kg"
Nata uht light para culinária,PorSi,embalagem de 200 ml,"0,75 €","3,75 €/L"
Pão forma integral sem côdea,PorSi,Embalagem de 450g,"0,99 €","1,65 €/Kg"
Bolacha Maria,Cuetara,Embalagem de 200g,"2,11 €/Kg","2,11 €/Kg"
Creme vegetal soja,Planta,Embalagem de 250 gr,"2,09 €","8,36 €/Kg"
Ambientador recarga bouquet,Air Wick,Garrafa de 250 ml,"5,99 €","23,96 €/L"
Melão Branco,Fruta do Dia,"Vendido ao peso,1 un= 2.5 kg (aprox.)","2,48 €","0,99 €/Kg"
Vinho tinto,PorSi,embalagem de 5 litros,"5,19 €","1,04 €/L"
Champô nutri proteção,Labell,Embalagem de 250 ml,"5,59 €","13,98 €/L"
"Bolachas, tubo",Oreo,Embalagem de 150g,"0,79 €","4,49 €/Kg"
Vinho Regional Lisboa Reserva Branco,Marginal,Garrafa de 0.75 l,"4,99 €","6,65 €/L"
Vinho doc colheita selecionada branco 2016,QT.CURRAIS,Garrafa de 750 ml,"2,49 €","3,32 €/L"
Champanhe rose bruto,Delagne & Fils,"Garrafa de 0,75 l","19,99 €","26,65 €/L"
Cereais fitness chocolate,Nestle,Embalagem de 380g,"5,59 €","8,87 €/Kg"
Chá soluvel salutem naturventre 10 saquetas,Salutem,Embalagem de 15g,"0,38 €","38,00 €/Kg"
Bebida energética tropical edition,Red Bull,Garrafa de 250 ml,"1,39 €","5,56 €/L"
Alheira Especial de Trás-Os-Montes,PorSi,200 g,"1,49 €","7,45 €/Kg"
Gelatina de frutos tropicais,PorSi,Embalagem 2X85G,"0,55 €","61,11 €/Kg"
Loção tónica para pele seca,Labell,Embalagem de 250 ml,"3,44 €","3,44 €/Unidade"
Piri piri,Calve,Garrafa de 50 ml,"0,87 €","2,90 €/Kg"
Detergente liquido loiça clássico,PorSi,Garrafa de 1 litro,"1,05 €","2,10 €/L"
Patê atum em escabeche,La piara,Embalagem de 80g,"1,19 €","13,52 €/Kg"
"Vinagre virgem branco, spray",Paladin,Garrafa de 250 ml,"0,35 €","0,70 €/L"
Alimento seco para cão alta energia,PorSi,Embalagem de 10kg,"14,29 €","3,57 €/Kg"
Soja fina,PorSi Viva Bem,Embalagem de 400 g,"2,09 €","8,36 €/Kg"
Iogurte tipo grego natural,PorSi,Embalagem de 12 x 125 g,"0,65 €","1,30 €/Kg"
Feijão verde,PorSi,Embalagem de 750 g,"1,98 €","1,98 €/Kg"
"Escova de cabelo, pneumática nylon",Labell,Embalagem com 1 unidade,"1,99 €","1,99 €/Unidade"
Açúcar granulado embalado em papel,Rar,Embalagem de 1 kg,"1,49 €","1,49 €/Kg"
Tablete de chocolate culinário negro,PorSi,Embalagem de 200 g,"1,04 €","8,32 €/Kg"
Mousse de Banho Silk Rhubarb & Raspberry,Nivea,Embalagem de 200 ml,"6,39 €/L","6,39 €/L"
Cabeça c/ Osso,Porco,1 un = 1.5 kg (aprox.),"0,60 €","5,99 €/Kg"
Cuecas Incontinência Maxi Médio,Lindor,Embalagem com 14 un.,"9,99 €","9,99 €/Unidade"
Vinho maduro tinto,C.da eira,Garrafa de 250 ml,"0,85 €/L","0,85 €/L"
Pasta dentífrica,Couto,Embalagem de 60 ml,"2,39 €","31,87 €/L"
Pizza de bolonhesa,PorSi,Embalagem de 350g,"2,16 €","6,17 €/Kg"
"Pilha alcalina, hightech lr03x4",Domédia,1 unidade,"1,99 €","1,99 €/Unidade"
2 crocantes frango recheio queijo&fiambre 204g,Iglo,Embalagem de 200g,"4,99 €","24,95 €/Kg"
Molho bechamel,Parmalat,Embalagem de 200 ml,"0,75 €","3,75 €/L"
Limpa injetores diesel,PorSi,Embalagem de 250 ml,"11,99 €","11,99 €/L"
Leite creme,PorSi,Embalagem de 4x23g,"1,69 €","8,45 €/L"
Rebuçados cristais de neve,PorSi,Embalagem de 250g,"1,15 €","4,60 €/Kg"
Arroz Risotto,PorSi,Embalagem de 1 kg,"1,26 €","1,26 €/Kg"
Creme Suavizante Picadas de Insectos,Mercurochrome,Embalagem 50 ml,"0,58 €","0,58 €/Unidade"
Leite creme,PorSi,Embalagem de 2x135 g,"1,56 €","3,90 €/Kg"
Pilha alcalina classic lr6x4,Domédia,1 unidade,"1,99 €","1,99 €/Unidade"
Malinha Berçário,Baby Nurse Smoby,1 unidade,"29,99 €","29,99 €/Unidade"
Leite bem essencial chocolate,Mimosa,Embalagem de 200 ml,"0,26 €","1,30 €/L"
Lasanha à bolonhesa,PorSi,Embalagem de 400 g,"3,99 €","3,99 €/Kg"
Moscatel de setúbal,Alambre,"Garrafa de 0,75L","5,99 €","7,99 €/L"
Néctar clássico pêssego,Compal,200 ml,"0,99 €","0,99 €/L"
Jogo 4 Tapetes Alcatifa,PorSi,1 unidade,"7,49 €","7,49 €/Unidade"
Espumante tinto bruto,Alianca,Garrafa de 750 ml,"6,49 €","8,65 €/L"
Amaciador concentrado spa,PorSi,80 doses,"1,99 €","1,00 €/L"
Detergente Manual p/ Lavar Roupa Regular,Gama,Embalagem de 510 g,"1,19 €","2,98 €/Kg"
Snack gato sticks carne 6x5g porsi,PorSi,Embalagem de 30g,"0,99 €","16,50 €/Kg"
Flocos de cereais com mel,PorSi,Embalagem de 750g,"2,49 €","9,96 €/Kg"
Lixívia com detergente,PorSi,Embalagem de 2 l,"1,09 €","0,55 €/L"
Ambientador tealights canela,PorSi,embalagem com 18 unidades,"4,99 €","4,99 €/Unidade"
Chourição,PorSi,"Vendido ao peso, fatiado a partir de 100 gr","0,95 €","9,49 €/Kg"
Adoçante em pó stevia,PorSi Viva Bem,Embalagem de 17g,"5,99 €","23,96 €/Kg"
Infusão de frutos vermelhos,Tetley,Embalagem de 20g,"58,00 €/Kg","58,00 €/Kg"
Cerveja sem álcool,Cheers,Pack 6 x 0.33 l,"5,99 €","3,03 €/L"
Manteiga magra,Matinal,Embalagem de 250g,"1,89 €","7,56 €/Kg"
Mistura de sementes,PorSi Viva Bem,Embalagem de 200 g,"1,59 €","10,60 €/Kg"
Fita adesiva,PorSi,5m x 2.5 cm,"0,79 €","0,79 €/Unidade"
20 saquetas chá digestão fácil,Lipton,Embalagem de 30g,"0,99 €","26,76 €/Kg"
Balões latex vermelho,PorSi,Embalagem com 24 unidades,"1,99 €","1,99 €/Unidade"
Água s/ gás,Luso,"Garrafa de 5,4 l","1,04 €","0,17 €/L"
Farinha para bolos fina,Branca de Neve,Embalagem de 1 kg,"1,99 €","1,99 €/Kg"
"Alimento para peixe, tetra gammarus",Tetra,Embalagem de 250 ml,"4,99 €","19,96 €/L"
Tremoço médio,PorSi,Embalagem de 350 g,"2,19 €","2,81 €/Kg"
Super pequeno almoço instantâneo de curcuma e abóbor...,Origensbio,Embalagem de 300 g,"2,99 €","6,64 €/Kg"
10 saquetas infusão de camomila,Lipton,Embalagem de 10g,"20,91 €/Kg","20,91 €/Kg"
Couve lombardo Programa Origens,PorSi,,"1,49 €","0,99 €/Kg"
Polvo limpo,PorSi,Embalagem de 800 g,"5,49 €","6,86 €/Kg"
Leite com chocolate,PorSi,Embalagem de 200 ml,"0,26 €","1,30 €/L"
Farinheira das beiras,PorSi,Embalagem de 260G,"1,49 €","7,45 €/Kg"
Pilha alcalina heightech lr6x4,Domédia,1 unidade,"1,99 €","1,99 €/Unidade"
Borracha branca gigante,Domédia,1 unidade,"4,99 €","4,99 €/Unidade"
Fita corretora mini pocket mouse,Tipp-Ex/Bic,embalagem com 2 unid. + 1 unid. grátis,"2,99 €","2,99 €/Unidade"
Palitos redondos,PorSi,200 unidades embalados individualmente,"1,50 €","1,50 €/Unidade"
Mel de néctar multifloral bio,PorSi Bio,Frasco de 250g,"4,89 €","9,78 €/Kg"
Café em grão,Delta,Embalagem de 250g,"9,16 €/Kg","9,16 €/Kg"
Tostas suecas de trigo,PorSi,Embalagem de 225 g,"2,39 €","6,83 €/Kg"
Caramelos de nata,Werthers,Embalagem de 140g,"2,75 €","11,00 €/Kg"
Vinho tinto regional setúbal,Herdade da comporta,Garrafa de 0.75 l,"8,59 €","11,45 €/L"
Guardanapos brancos 22x22cm | folha dupla,Renova,90 unidades,"1,29 €","1,29 €/Unidade"
Tablete de chocolate com avelãs,PorSi,Embalagem de 100 g,"6,50 €/Kg","6,50 €/Kg"
"Carteira etiquetas, 24x35",Domédia,1 unidade,"3,69 €","3,69 €/Unidade"
Cogumelos laminados,PorSi,780 g,"2,19 €","2,81 €/Kg"
Batata frita caseira,PorSi,Embalagem de 180g,"0,87 €","5,44 €/Kg"
"Recarga ambientador eléctrico, alfazema",PorSi,Embalagem de 25 ml,"5,99 €","23,96 €/L"
Pão de leite 8 un.,Bimbo,Embalagem de 280g,"7,40 €/Kg","7,40 €/Kg"
Sacos do lixo jardim 130 litros,PorSi,10 sacos,"1,89 €","1,89 €/Unidade"
Bolacha digestiva de aveia/chocolate,Gullon,Embalagem de 430g,"0,98 €","3,27 €/Kg"
Fósforos cozinha,Flamefast,Uma embalagem com 4 unidades,"1,50 €","1,50 €/Unidade"
Soja nacos,PorSi Viva Bem,Embalagem de 400 g,"2,09 €","8,36 €/Kg"
Tablete de chocolate culinário branco,PorSi,Embalagem de 180 g,"1,04 €","8,32 €/Kg"
Cereais fitness chocolate preto,Nestle,Embalagem de 375g,"5,59 €","8,87 €/Kg"
Snacks crocantes com bacon,PorSi,Embalagem de 60g,"0,79 €","7,90 €/Kg"
Lima-limao zero,PorSi,Garrafa de 1.5 l,"0,40 €/L","0,40 €/L"
Crescido Asa Branca,Bacalhau da Noruega,1 un=1.5 Kg (aprox.),"8,73 €/Kg","8,73 €/Kg"
Camião Bombeiros c/ Luz e Som,Dickie Toys,15 cm,"17,99 €","17,99 €/Unidade"
Caramelos de leite,Penha,Embalagem de 250g,"2,75 €","11,00 €/Kg"
Mostarda a'lancienne,PorSi Select,190 g,"0,87 €","2,90 €/Kg"
Água com gás natural pet,P.salgadas,pack 6 x 0.33 l,"2,85 €","2,85 €/L"
Néctar bio laranja,Paquito,"Embalagem de 1,5 l","1,59 €","1,59 €/L"
Néctar ananás,PorSi,Pack 3 x 200 ml,"0,99 €","0,99 €/L"
Sal cristal,PorSi,embalagem de 1 kg,"0,25 €","0,25 €/Kg"
Sidra,Kings Bräu,Pack 6 x 0.33 l,"1,59 €","3,18 €/L"
Tábua de cozinha,PorSi,Dim.: 29x19 cm,"3,29 €","3,29 €/Unidade"
Recarga inseticida elétrico líquido,Raid,45 noites,"9,89 €","274,72 €/L"
Queijo de ovelha curado amanteigado,PorSi Select,250 g,"25,45 €/Kg","25,45 €/Kg"
Spray renova camurça castanha,PorSi,Embalagem de 200 ml,"2,89 €","14,45 €/L"
Refresco em pó de laranja,Tang,Embalagem de 30g,"0,75 €","18,75 €/Kg"
Cachaço curado fatiado,Terras do Demo,Embalagem de 90 g,"3,49 €","38,78 €/Kg"
Rebuçados fruta,PorSi,Embalagem de 250g,"1,08 €","5,40 €/Kg"
Pão forma com côdea,PorSi,Embalagem de 600g,"0,99 €","1,65 €/Kg"
"Bloco de desenho A3, 24 folhas",Domédia,1 unidade,"2,79 €","2,79 €/Unidade"
Kiwi 30/36,Programa Origens,1 un = 150 gr (aprox.),"0,58 €","2,89 €/Kg"
Lipton limão zero pet,Lipton,Garrafa de 2 l,"1,14 €","0,76 €/L"
50 Jogos Reunidos,Clementoni,1 unidade,"16,99 €/Unidade","16,99 €/Unidade"
Estendal de roupa com abas resina,PorSi,20 metros,"0,89 €","0,89 €/Unidade"
Grelhador liso anti-aderente 26 cm,PorSi,Unidade 1,"3,29 €","3,29 €/Unidade"
Manjericão,PorSi,50 g,"0,99 €","19,80 €/Kg"
Ameijoa Castanha Vietnamita,Marisco Congelado,Venda ao Kilo,"2,00 €","7,99 €/Kg"
Conjunto para bar,Jomafe,4 peças,"11,99 €","11,99 €/L"
Marmelada com frutose,PorSi Viva Bem,Embalagem de 400g,"1,09 €","2,42 €/Kg"
Gelatina de morango,PorSi,Embalagem de 170g,"0,55 €","61,11 €/Kg"
Bebida Energética Red Grape,Hell,250 ml,"1,39 €","5,56 €/L"
Iogurte activia líquido morango,Danone,Embalagem de 4 x 155 g,"2,79 €","6,07 €/Kg"
"Argolas, brancas, autocolante, 160 unidades, 13 mm",Domédia,1 embalagem,"4,99 €","4,99 €/Unidade"
Iogurte líquido infantil morango e banana,PorSi,Pack 6 x 100 g,"4,23 €/Kg","4,23 €/Kg"
Tostas mistura sem glúten,PorSi Viva Bem,Embalagem de 140g,"4,29 €","20,43 €/Kg"
Bolachas com recheio baunilha,PorSi,Embalagem de 500g,"2,15 €","2,87 €/Kg"
Azeite Virgem,Oliveira da Serra,Embalagem de 750 ml,"8,59 €","4,30 €/L"
Cenoura baby,PorSi,Embalagem de 400 g,"1,98 €","1,98 €/Kg"
Iogurte líquido danonino morango,Danone,Embalagem de 4 x 100 g,"4,23 €/Kg","4,23 €/Kg"
Palmiers,PorSi,Embalagem de 720 g,"1,69 €","6,76 €/Kg"
Leite uht sem lactose magro,PorSi Viva Bem,1 litro,"0,99 €","0,99 €/L"
"Vinho branco região da península de setúbal, bag in ...",Dom Campos,Garrafa de 5 l,"9,49 €","1,90 €/L"
Bio miolo amendoa compele,PorSi Bio,Embalagem de 100g,"0,79 €","3,95 €/Kg"
Chispalhada,PorSi,Embalagem de 420 g,"2,35 €","5,60 €/Kg"
Lasanha,Nacional,Embalagem de 400g,"0,99 €","1,98 €/Kg"
Cadeira Auto Befix Grupo 2/3,Nania,1 unidade,"54,99 €","54,99 €/Unidade"
"Refrigerante sem gás, maracujá e la",Joi,"Garrafa de 1,5 l","1,14 €","0,76 €/L"
Brandy  (36º),Macieira,Garrafa de 700 ml,"11,99 €","17,13 €/L"
Tequila,On Off,Garrafa de 70 cl,"11,99 €","11,99 €/L"
Saqueta de puré de fruta | maçã + pera,PorSi,90 g,"0,74 €","8,22 €/Kg"
Pilha alcalina hightech lr20x2,Domédia,1 unidade,"1,99 €","1,99 €/Unidade"
Bacalhau com azeite e alho,PorSi Select,Lata de 120 g,"0,89 €","7,42 €/Kg"
Gel de Banho Coconut Milk,Dove,Embalagem de 750 ml,"6,39 €/L","6,39 €/L"
Creme vegetal para barrar,PorSi,Embalagem de 500 g,"1,39 €","6,95 €/L"
Entremeada s/ Entrecosto,Porco,Vendido ao peso a partir de 1 kg,"3,99 €","3,99 €/Kg"
Pasta dentífrica menta fresca,Aquafresh,Embalagem de 75 ml,"2,39 €","31,87 €/L"
Dobrada com feijão,Nobre,Embalagem de 420g,"2,35 €","5,60 €/Kg"
Pastilhas de Limpeza Dentífrica Branqueadora,Polident,Embalagem com 30 unidades,"3,99 €","3,99 €/Unidade"
Dentifríco p/ Dentes de Leite,Aquafresh,Embalagem de 50 ml,"1,05 €","1,05 €/Unidade"
Vinho tinto regional peninsula de setúbal,Fonte nico,Garrafa de 750 ml,"8,59 €","11,45 €/L"
Marcadores para colorir,Domédia,embalagem com 18 unidades,"3,19 €","3,19 €/Unidade"
Refrigerante s/ gás flórida,Sunny d,"Garrafa de 1,25 l","1,14 €","0,76 €/L"
Balões latex brancos,PorSi,Embalagem com 24 unidades,"1,99 €","1,99 €/Unidade"
Néctar vital equilibrio manga/laranja,Compal,Embalagem de 1 l,"0,84 €","2,55 €/L"
Lâmpada LED Forma Esférica 5.5W E27 220-240V,Domédia,1 un.,"3,49 €","3,49 €/Unidade"
Chá de plantas salutem - sene folhas r,Salutem,Embalagem de 40g,"0,38 €","38,00 €/Kg"
Morcela de Arroz do Fundão,PorSi,"Vendido ao peso, 1 un=200 g (aprox.)","1,49 €","7,45 €/Kg"
Casal garcia sweet 750ml/1,Casal Garcia,Garrafa de 750 ml,"3,09 €","3,09 €/L"
Azeitona mista,PorSi,Embalagem de 210g,"0,54 €","5,39 €/Kg"
Arroz basmati,PorSi,Embalagem de 1 kg,"1,26 €","1,26 €/Kg"
Danacol natural,Danone,Embalagem de 6 x 100 g,"4,15 €/Kg","4,15 €/Kg"
Romã,Fruta da Época,1 un = 250 gr  (aprox.),"1,89 €/Kg","1,89 €/Kg"
Queijo flamengo ralado,PorSi,Embalagem de 200G,"1,96 €","9,80 €/Kg"
Arroz Thai Jasmim,PorSi,1 kg,"1,26 €","1,26 €/Kg"
Vinho verde branco,Aveleda,Garrafa de 750 ml,"3,09 €","3,09 €/L"
Batata Frita c/ Sal,Ruffles,Embalagem de 160 g,"1,10 €","5,95 €/Kg"
Batata frita ondulada wavy,PorSi,Embalagem de 180g,"1,10 €","5,95 €/Kg"
Cereais estrelitas,Nestle,Embalagem de 550g,"5,07 €/Kg","5,07 €/Kg"
Toalhitas para bebé melão,PorSi,Embalagem de 60 unidades,"1,09 €/Unidade","1,09 €/Unidade"
Camarão 40/60,Congelado de Aquicultura,1 un = 250 gr  (aprox.),"2,00 €","7,99 €/Kg"
Café torrado lote chávena saco,Delta,Embalagem de 250g,"9,16 €/Kg","9,16 €/Kg"
Batata frita light,PorSi,Embalagem de 150g,"0,95 €","6,33 €/Kg"
Palmiers,PorSi,Embalagem de 100g,"1,69 €","6,76 €/Kg"
Guardanapos 2 folhas brancos e dourado,PorSi Select,50 unidades,"1,29 €","1,29 €/Unidade"
24 Caldos de carne,PorSi,Embalagem de 255  g,"3,84 €","24,00 €/Kg"
Néctar de pêssego,PorSi,Pack 3 x 200 ml,"0,99 €","0,99 €/L"
Lava tudo brilhante madeiras,PorSi,Embalagem de 1.1 litros,"0,99 €","0,50 €/L"
Bolachas crackers s/ sal,Du bois,Embalagem de 500g,"1,69 €","3,38 €/Kg"
Curgete biológica,PorSi Bio,1 unidade = 300 gr (aprox.),"0,75 €","2,49 €/Kg"
Vinho branco arinto bucelas,P.regia,Garrafa de 750 ml,"4,99 €","6,65 €/L"
Manteiga s/ lactose,Primor,Embalagem de 130g,"1,89 €","7,56 €/Kg"
Barras de cereais com chocolate preto,PorSi,6 x 23 g,"1,29 €","10,24 €/Kg"
Multisuperfícies Gel Menta e Eucalipto,Ajax,Embalagem de 750 ml,"1,29 €","0,86 €/L"
Pastilhas melão e melancia,Trident,Embalagem de 20g,"0,99 €","58,24 €/Kg"
"Desodorizante roll-on, Urban",Axe,Embalagem de 50 ml,"1,39 €","6,95 €/L"
Farinha láctea 5 frutos,PorSi,Embalagem de 500g,"4,99 €","4,99 €/Kg"
"Formas de alumínio rectangulares com tampa, 600ml , ...",PorSi,Uma embalagem,"1,11 €","1,11 €/Unidade"
Folhado de salsicha,PorSi,Embalagem de 6x60 g,"1,79 €","7,16 €/Kg"
Pilhas Alcalinas AA Optimum,Duracell,Blister 4 Pilhas,"1,99 €","1,99 €/Unidade"
Adoçante com doseador,PorSi,Embalagem 100 comprimidos,"5,99 €","23,96 €/Kg"
"Mini rissóis de carne, 20 unidades",PorSi,Embalagem de 300 g,"1,79 €","7,16 €/Kg"
Cereais Forma Natura,PorSi,500 g,"5,59 €","8,87 €/Kg"
"Borracha Technic, 600",Maped,embalagem com 2 unidades,"2,99 €","2,99 €/Unidade"
Gin Ten Premium,Tanqueray,Garrafa de 0.70L,"16,49 €","23,56 €/L"
10 hamburguers 60% carne de bovino,PorSi,Embalagem de 1 kg,"2,79 €","8,72 €/Kg"
Grão de bico,PorSi,Embalagem de 420g,"2,19 €","2,81 €/Kg"
Carcaça de Cereais 62 g,Pão do Dia,,"0,19 €","2,38 €/Kg"
Lombo Atum Descongelado,Peixe do Dia,1 unidade = 300 gr (aprox.),"2,95 €/Kg","2,95 €/Kg"
"Vinho doc loureiro, verde",Selecção de Enófilos,Garrafa de 0.75 l,"3,09 €","3,09 €/L"
Animais da Quinta,Discovery Channel,set 30 peças,"10,99 €/Unidade","10,99 €/Unidade"
Chá Aromatizado Pirâmide Baunilha/Caramelo,PorSi,20 x 2 g,"43,50 €/Kg","43,50 €/Kg"
Mix de frutas para smothie,PorSi,Embalagem de 450 g,"4,99 €","9,98 €/Kg"
Manteiga com sal,Mimosa,Embalagem de 130g,"1,89 €","7,56 €/Kg"
"Toalhitas intimas, 20 unidades",Labell,Uma embalagem,"2,19 €","2,19 €/Unidade"
Soquete mousse 20d musk t. único,PorSi,3 unidades,"1,89 €","1,89 €/Unidade"
Papel higiénico reciclado 2 folhas,PorSi,12 rolos,"1,99 €","1,99 €/Unidade"
Balde com pedal eco branco,PorSi,Capacidade: 52 litros,"17,00 €","17,00 €/Unidade"
Chocolate culinário 70% cacau,Pantagruel,Embalagem de 200g,"1,04 €","8,32 €/Kg"
Arroz carolino vaporizado,Cacarola,Embalagem de 1 kg,"1,26 €","1,26 €/Kg"
Snack para gato original,Felix,Embalagem de 60g,"0,99 €","16,50 €/Kg"
Marcadores para colorir,Domédia,embalagem com 18 unidades,"4,69 €","4,69 €/Unidade"
Vinho Tinto Douro Reserva,Duas Quintas,Garrafa de 750 ml,"3,09 €","3,09 €/L"
Rum carta blanca,Bacardi,Garrafa de 700 ml,"20,99 €","29,99 €/L"
Cacau em pó,Pantagruel,Embalagem de 130g,"1,04 €","8,32 €/Kg"
Bebida de Aveia,PorSi Viva Bem,1 l,"1,59 €","1,59 €/L"
Salada de fruta em calda,PorSi,Lata com 820 g,"1,99 €","2,37 €/Kg"
Espirais s/ glúten,Milaneza,Embalagem de 500g,"2,69 €","5,38 €/Kg"
Vela em número nº1,PorSi,1 unidade,"0,60 €","0,60 €/Unidade"
Coentros,Vitacress,embalagem de 40 g,"1,09 €","36,33 €/Kg"
Bochechas,Porco,1 un = 150 gr (aprox.),"3,99 €","3,99 €/Kg"
"Refeição pronta, boião de frango e arroz",Bledina,Embalagem de 200g,"2,09 €","10,45 €/Kg"
Cola BricoCeys,Ceys,1 unidade,"3,19 €","3,19 €/Unidade"
Recarga p/ ambientador automático freshmatic flor de...,Air Wick,Embalagem de 250 ml,"5,99 €","23,96 €/L"
Conjunto Garphic para Esquerdinos,Maped,3 peças,"1,64 €","1,64 €/Unidade"
"Hamburgers de porco, 4x80g",PorSi,Embalagem de 320 g,"2,79 €","8,72 €/Kg"
Chá de infusão salutem nº 20 - chá verde com erva li...,Salutem,Embalagem de 15g,"0,38 €","38,00 €/Kg"
Farinha de trigo sem fermento t55,PorSi,Embalagem de 5 kg,"1,99 €","1,99 €/Kg"
Queijo fresco ligth,PorSi,Embalagem de 4 x 62.5 g,"2,39 €","19,92 €/Kg"
Pasta dentífrica herbal,Colgate,Embalagem de 75 ml,"2,39 €","31,87 €/L"
"Vela com número, nº 7",PorSi,1 unidade,"0,60 €","0,60 €/Unidade"
Ananás rodelas em sumo,PorSi,Embalagem de 3 x 220 g,"1,99 €","2,37 €/Kg"
Manteiga magra meio sal,President,Embalagem de 250g,"1,89 €","7,56 €/Kg"
Fruta para bebé maçã cenoura manga +6 meses,Nestle,Embalagem de 90g,"0,74 €","8,22 €/Kg"
Manteiga com sal e sem lactose,Mimosa,Embalagem de 250g,"2,49 €","9,96 €/Kg"
Bebida láctea crescimento c/ bolacha maria,Nestle,Embalagem de 1 litro,"0,26 €","1,30 €/L"
20 mini rissóis de camarão,PorSi,Embalagem de 300 g,"1,79 €","7,16 €/Kg"
Rebuçados recheio mel,PorSi,Embalagem de 200g,"0,77 €","3,85 €/Kg"
Polvo limpo,PorSi,Embalagem de 1 kg,"5,49 €","6,86 €/Kg"
Açúcar areado amarelo,Rar,Embalagem de 1kg,"1,49 €","1,49 €/Kg"
Sanduiche Good4me Atum,Snock,130 g,"0,89 €","0,89 €/Unidade"
Figo pingo mel,PorSi,Embalagem de 300 g,"1,89 €/Kg","1,89 €/Kg"
15 douradinhos,Capitão Iglo,Embalagem de 420g,"1,79 €","7,16 €/Kg"
Preparado sobremesa vegan sem lactose,Nestle,Embalagem de 370g,"1,69 €","8,45 €/L"
Farinha de milho 500g,ESPIGA,Embalagem de 500g,"1,99 €","1,99 €/Kg"
Ice tea de limão,PorSi,"Embalagem de 1,5 l","1,14 €","0,76 €/L"
Óleo Performa C3 5W40 Sintético,Galp,Embalagem de 1 l,"11,99 €","11,99 €/L"
Maçã Jonagored 70/75,Programa Origens,1 un = 150 gr (aprox.),"0,32 €","1,79 €/Kg"
Ambientador auto limão,PorSi,1 unidade,"2,89 €","2,89 €/Unidade"
Caixa de arrumação reciclada,PorSi,20 litros,"5,29 €","5,29 €/Unidade"
Camião c/ Escavadora Luz e som,Volvo,32 cm,"17,99 €","17,99 €/Unidade"
Milho doce,PorSi,Embalagem de 400 g,"1,98 €","1,98 €/Kg"
Batata pré-frita palito,PorSi,Embalagem de 1 kg,"1,39 €","1,39 €/Kg"
Pastilha Elástica Bottle Spearmint,Trident,Embalagem de 82 g,"0,99 €","58,24 €/Kg"
20 saquetas infusão de cidreira,Lipton,Embalagem de 20g,"20,91 €/Kg","20,91 €/Kg"
Lápis de cera,Giotto,embalagem com 12 unidades,"3,19 €","3,19 €/Unidade"
Forma de papel para bolos 6. 8cm,PorSi,Embalagem com 60 unidades,"1,29 €","1,29 €/Unidade"
Bacalhau posta média,PorSi,Embalagem de 800g,"6,39 €","7,99 €/Kg"
Rebuçados peitorais,Dr.bayard,Embalagem de 100g,"0,77 €","3,85 €/Kg"
Barras de cereais forma clássica,PorSi,Embalagem de 126g,"1,29 €","10,24 €/Kg"
Barras fitness natural 141g,Nestle,Embalagem de 140g,"1,29 €","10,24 €/Kg"
Iogurte líquido magro frutos vermelhos,PorSi Viva Bem,Embalagem de 4x160 ml,"1,32 €","2,20 €/L"
Moscatel favaios,Favaios,Garrafa de 750 ml,"5,99 €","7,99 €/L"
Babetes descartáveis,Pommette,10 unidades,"5,99 €","5,99 €/Unidade"
Index Pack - 3un +1un,Post-It,1 unidade,"4,99 €","4,99 €/Unidade"
Almôndegas de bovino,PorSi,Embalagem de 400 g,"3,99 €","9,98 €/Kg"
Ayam leite de coco,Ayam,Garrafa de 200 ml,"1,69 €","8,45 €/L"
Nata uht p/ bater 0% lactose,Parmalat,Embalagem de 200 ml,"0,75 €","3,75 €/L"
Cereais recheados com chocolate e avelã,PorSi,Embalagem de 400g,"5,07 €/Kg","5,07 €/Kg"
Bolachas com recheio de chocolate,PorSi,Embalagem de 500g,"2,15 €","2,87 €/Kg"
Creme de limpeza com lixívia,PorSi,750 ml,"1,09 €","0,55 €/L"
"Queijo flamengo, ralado",Terra Nostra,Embalagem de 150g,"1,59 €","7,95 €/Kg"
Couve Coração Programa Origens,PorSi,1 un = 1 kg (aprox.),"1,49 €","0,99 €/Kg"
"Acendalha branca, 32 cubos",PorSi,Uma embalagem,"0,75 €","0,75 €/Unidade"
Semente girassol,Salutem,Embalagem de 200g,"7,99 €","6,39 €/Kg"
Lâmpada LED Forma Esférica 5.5W E14 220-240V,Domédia,1 un.,"3,49 €","3,49 €/Unidade"
Sumo natural mix frutos vermelhos,SONATURAL,Garrafa de 750 ml,"1,09 €","0,73 €/L"
Caramelos de nata,PorSi,Embalagem de 250g,"2,75 €","11,00 €/Kg"
Ambientador vela citronela,PorSi,1 unidade,"4,99 €","4,99 €/Unidade"
Carro Disney,Baby Clementoni,1 unidade,"29,99 €","29,99 €/Unidade"
Recarga p/ Esfregona |Suave,Vileda,,"0,89 €","0,89 €/Unidade"
Molas plásticas amarelas,PorSi,50 unidades,"0,89 €","0,89 €/Unidade"
Forma Tarde Ondulada com fundo desmontável 31cm,Rioja IMF,1 unidade,"9,99 €","9,99 €/Unidade"
Lâmpada LED Forma Chama 3.2W E14 220-240V,Domédia,1 un.,"3,49 €","3,49 €/Unidade"
Creme vegetal para culinária,PorSi,Embalagem de 1 kg,"2,89 €","2,89 €/Kg"
Cereais fitness,Nestle,Embalagem de 630g,"5,59 €","8,87 €/Kg"
Cereais cookie crisp,Nestle,Embalagem de 380g,"5,07 €/Kg","5,07 €/Kg"
Palito la reine,PorSi,Embalagem de 400 g,"0,69 €","3,45 €/Kg"
Pilha alcalina classic lr6x8,Domédia,1 unidade,"1,99 €","1,99 €/Unidade"
Baguete de alho,Panike,Embalagem de 350g,"3,40 €/Kg","3,40 €/Kg"
Pilha alcalina classic lr03x4,Domédia,1 unidade,"1,99 €","1,99 €/Unidade"
Vinho Vinha da Fonte Setúbal branco,Casa Ermelinda Freitas,Garrafa de 0.75 l,"8,59 €","11,45 €/L"
Comida húmida para gato esterilizado em molho com sa...,Purina One,4 x 85 g,"2,89 €","7,23 €/Kg"
Beterraba s/ Rama,Programa Origens,1 un = 250 gr  (aprox.),"3,49 €","13,96 €/Kg"
Porto white,Ferreira,Garrafa de 750 ml,"6,29 €","8,39 €/L"
Leite uht magro com rosca,PorSi,1 litro,"0,83 €","0,83 €/L"
Aguardente vínica velha,Alianca v.,Garrafa de 700 ml,"12,79 €","18,27 €/L"
10 cápsulas café qanela,Delta Q,Embalagem de 60g,"59,82 €/Kg","59,82 €/Kg"
"Paezinhos azeite, alho e salsa",PorSi,Embalagem de 160g,"2,39 €","6,83 €/Kg"
Leite condensado cozido,PorSi,Embalagem de 397 g,"1,09 €","2,75 €/Kg"
Sopa da pedra,PorSi,Embalagem de 420 g,"2,35 €","5,60 €/Kg"
Fio alimentar,PorSi,1 unidade,"3,29 €","3,29 €/Unidade"
Sabonete,Feno,Embalagem de 4x90 g,"4,49 €","12,47 €/Kg"
Camisola segunda pelo mousse muskade 30D t. único,PorSi,1 unidade,"1,89 €","1,89 €/Unidade"
Massa de macarrão riscado,Nacional,Embalagem de 500g,"0,99 €","1,98 €/Kg"
Café torrado 5 estrelas moagem normal,Sical,Embalagem de 250g,"9,16 €/Kg","9,16 €/Kg"
Galão,PorSi,16 cápsulas,"3,19 €","25,52 €/Kg"
Spray de lavagem a seco,Day 2,200 ml,"1,19 €","2,98 €/Kg"
Lixívia Roupa delicada,PorSi,Embalagem de 2 l,"2,19 €","1,10 €/L"
Guardanapos Red Label 1 Folha |Verde,Renova,Dim: 30x32cm |70 unidades,"1,29 €","1,29 €/Unidade"
Nectar multivitaminas,Paquito,Embalagem de 2 l,"0,99 €","0,99 €/L"
Feijão com dobrada,PorSi,Embalagem de 420 g,"2,35 €","5,60 €/Kg"
Recarga removedor de pelos - 56 folhas,Scotch bri,Embalagem de 1 unidades,"4,99 €","4,99 €/Unidade"
Leite creme,Royal,Embalagem de 90g,"0,79 €","5,27 €/Kg"
Vinho Tinto Regional Península de Setúbal,Selecção de Enófilos,750 ml,"8,59 €","11,45 €/L"
Óleo Performa 15W40,Galp,Embalagem de 1 l,"11,99 €","11,99 €/L"
Queijo Curado Amanteigado,Queijaria das Pousadas,Vendido ao peso a partir de 250 g,"6,99 €","13,98 €/Kg"
Detergente liquido para máquina de lavar roupa activ...,Skip,Embalagem de 80 doses,"29,99 €","7,06 €/L"
Chá preto,Tetley,Embalagem de 30g,"1,69 €","56,33 €/Kg"
"Sumo 100%, laranja",PorSi,"Embalagem de 1,5 l","1,09 €","0,73 €/L"
Pantagruel leite caramelo (10x),Pantagruel,Embalagem de 200g,"1,04 €","8,32 €/Kg"
Rissóis de carne,Brilha ali,1 unidade = 60 gr,"0,89 €","0,89 €/Unidade"
10 salsichas de porco em lata,PorSi,Embalagem de 250G,"0,75 €","3,75 €/Kg"
Tablete de chocolate negro,PorSi Select,200 g,"6,50 €/Kg","6,50 €/Kg"
Chá de infusão salutem nº 14 - chá verde 10 saquetas,Salutem,Embalagem de 15g,"0,38 €","38,00 €/Kg"
Bola Fiambre/ Queijo/ Bacon/ Chourição,Nutriva,,"0,89 €","0,89 €/Unidade"
Sangria tinta,PorSi,Garrafa de 1.5 litros,"2,19 €","1,46 €/L"
12 douradinhos forníssimo,Capitão Iglo,Embalagem de 300g,"9,30 €/Kg","9,30 €/Kg"
Resguardos de cama,PorSi,20 unidades de 60 x 90 cm,"4,99 €","4,99 €/Unidade"
Espuma de barbear para peles sensíveis,Labell Men,Embalagem de 250 ml,"1,16 €","4,64 €/L"
Mistura vegetais para wok,PorSi,Embalagem de 750g,"1,98 €","1,98 €/Kg"
Mistolin advanced anticalcário,Mistolin,Garrafa de 500 ml,"1,79 €","2,39 €/L"
"Pera em metades, lata",PorSi,Embalagem de 420 g,"1,99 €","2,37 €/Kg"
Ambientador spray pure flor de cerejeira,PorSi,250 ml,"0,99 €","3,30 €/L"
Guardanapos de 1 folha amarelos | dim.: 30 x 29 cm,PorSi,Embalagem com 70 unidades,"1,29 €","1,29 €/Unidade"
Copo Galão,Cristal,1 unidade,"0,89 €","0,89 €/Unidade"
Salsichão fuet nobreza,Elpozo,Embalagem de 200 g,"0,95 €","9,49 €/Kg"
Mistura solúvel mokambo,Nestle,Embalagem de 200g,"0,99 €","3,96 €/Kg"
Endívias,Legumes do Dia,450 g,"3,49 €","13,96 €/Kg"
Batata frita lisa chips,PorSi,Embalagem de 185 g,"1,10 €","5,95 €/Kg"
"Alimento húmido para cão, molho",César,Embalagem de 4x100 g,"0,75 €","2,50 €/Kg"
Paté Fígado Porco c/ Vinho do Porto,PorSi,75 g,"0,85 €","11,33 €/Kg"
Pão da Avó Alongado,Pão do Dia,1 unidade =400 g,"0,19 €","2,38 €/Kg"
Farinha s/ fermento tipo 65,ESPIGA,Embalagem de 1 kg,"1,99 €","1,99 €/Kg"
Licor de coco,On Off,"Garrafa de 0,70 l","16,99 €","24,27 €/L"
Spray para vidros,PorSi,750 ml,"3,19 €","6,38 €/L"
Manteiga de amendoim crocante,Prozis,Embalagem de 500g,"3,99 €","7,98 €/Kg"
Ambientador aerossol 5 em 1 flor laranjeira,PorSi,300 ml,"0,99 €","3,30 €/L"
Sopa de cozido,Knorr,Embalagem de 70g,"0,84 €","13,55 €/Kg"
Sopa de cebola económica,Knorr,Embalagem de 50g,"0,84 €","13,55 €/Kg"
Água mineral sem gás,Serra de Fafe,Embalagem de 6x0.5l,"1,04 €","0,17 €/L"
Fita adesiva com desenrolador easyc,Tesa,1 unidade,"1,19 €","119,00 €/Kg"
Toalha em rolo papel bordeau,PorSi,1 Unidade,"3,45 €","3,45 €/Unidade"
Bolacha infantil dinossaurus mini dino cereais,Artiach,Embalagem de 120g,"1,89 €","15,75 €/Kg"
Presunto fatiado,PorSi,Embalagem de 200g,"2,79 €","13,95 €/Kg"
Refrigerante c/ gás laranja,Sumol,Garrafa de 500 ml,"0,40 €/L","0,40 €/L"
Proti soja grânulos,Salutem,Embalagem de 400g,"2,09 €","8,36 €/Kg"
Pipocas doces,Orcape,Embalagem de 100g,"0,79 €","7,90 €/Kg"
Creme abrasivo limão,Cif,Garrafa de 700 ml,"0,99 €","1,32 €/L"
Balões latex verde,PorSi,Embalagem com 24 unidades,"1,99 €","1,99 €/Unidade"
Lava tudo antibacteriano herbal,PorSi,Garrafa de 1.5 l,"0,99 €","0,50 €/L"
Aperfeiçoador BB Cream Médio,Garnier,Embalagem de 50 ml,"2,99 €","59,80 €/L"
Vassoura Simples Pluma,PorSi,unidade,"2,20 €","2,20 €/Unidade"
Adoçante em pó stevia,PorSi Viva Bem,Embalagem de 250 g,"5,99 €","23,96 €/Kg"
Luvas Multi Latex S/M,Vileda,10 unidade,"2,40 €","2,40 €/Unidade"
Detergente máquina loiça tudo em 1 limão,Sun,70 pastilhas,"2,99 €","2,99 €/Unidade"
Vodka,ON/OFF,Garrafa 0.70L,"16,49 €","23,56 €/L"
20 saquetas chá de frutos silvestres,Lipton,Embalagem de 30g,"58,00 €/Kg","58,00 €/Kg"
6 chamucas de carne,PorSi,Embalagem de 240g,"1,79 €","7,16 €/Kg"
Chocolate culinário,Nestle,Embalagem de 200g,"1,04 €","8,32 €/Kg"
Cone baunilha,PorSi,embalagem 6 x 120 ml,"5,99 €","16,64 €/L"
Cevada solúvel,PorSi,Embalagem de 200g,"0,99 €","3,96 €/Kg"
Bolacha maria oro +33% grátis,Cuetara,Embalagem de 800g,"2,11 €/Kg","2,11 €/Kg"
Atum posta ao natural,Bom petisc,Embalagem de 120 g,"0,89 €","7,42 €/Kg"
Papa infantil não láctea 8 cereais e mel +6 meses,Cerelac,Embalagem de 250g,"4,99 €","4,99 €/Kg"
Xarope grenadine,Paquito,Garrafa de 750 ml,"3,89 €","5,19 €/L"
"Borracha mini softy, pack de 3 unidades",Maped,1 embalagem,"2,99 €","2,99 €/Unidade"
Bolacha maria,Cuetara,Embalagem de 3 x 200 g + 33% grátis,"2,11 €/Kg","2,11 €/Kg"
"Vinho rosé, região península de setúbal, bag in box",Dom Campos,Garrafa de 5 l,"9,49 €","1,90 €/L"
"Queijo light, mini",Babybel,Embalagem de 120g,"2,39 €","19,92 €/Kg"
Gomas tijolos ácidos,PorSi,Embalagem de 300 g,"1,19 €","3,97 €/Kg"
Champanhe meio seco,Delagne & Fils,"Garrafa de 0,75 l","19,99 €","26,65 €/L"
Fraldas Bebé Seco T3 | 6-10 Kg,Dodot,Embalagem com 62 un.,"13,29 €/Unidade","13,29 €/Unidade"
Nabo Roxo s/ Rama,Programa Origens,1 un = 200 gr  (aprox.),"1,49 €","0,99 €/Kg"
Posta de Corvina-Prata Congelada,PorSi,Vendido ao peso a partir de 200 g (aprox.),"2,40 €","11,99 €/Kg"
Adoçante com doseador,PorSi,Embalagem de 66g,"5,99 €","23,96 €/Kg"
"Iogurte, sabor a tutti-fruti",PorSi,Embalagem de 4 x 125 g,"0,69 €","1,38 €/Kg"
Alho moído,PorSi,Frasco com 45 g,"0,25 €","0,25 €/Kg"
Inseticida elétrico,Raid,2 Aparelhos + 2 Recargas de 27 ml | 45 Noites + 45 Noites,"9,89 €","274,72 €/L"
Chocolate culinário em pó,PorSi,Embalagem de 125 g,"1,04 €","8,32 €/Kg"
Bagas de goji,Salutem,Embalagem de 100g,"7,99 €","6,39 €/Kg"
Almôndegas bolonhesa,Iglo,Embalagem de 400g,"2,79 €","8,72 €/Kg"
Powerade ice storm,POWERADE,Garrafa de 500 ml,"1,39 €","5,56 €/L"
Refrigerante com gás guaraná,Antartica,"Garrafa de 1,5 l","0,40 €/L","0,40 €/L"
Cobertura tábua de engomar,PorSi,Dim.: 130 x 47 cm,"16,50 €","16,50 €/Unidade"
Cenoura,PorSi,1 un = 100 gr  (aprox.),"0,79 €/Kg","0,79 €/Kg"
Barco da polícia e pick up,Pinypon Action,1 unidade,"19,99 €/Unidade","19,99 €/Unidade"
Discos Sanitários Activos Aparelho Lavanda,WC Pato,Embalagem de 36 ml,"37,36 €/Kg","37,36 €/Kg"
Maçã Golden Premium,*,Calibre: 75/80,"0,32 €","1,79 €/Kg"
Rocher t8 100g,Ferrero Rocher,Embalagem de 100g,"1,49 €","29,80 €/Kg"
Infusão cidreira,PorSi,Embalagem de 40g,"20,91 €/Kg","20,91 €/Kg"
Granola,Salutem,Embalagem de 500g,"7,99 €","6,39 €/Kg"
Feijão encarnado,PorSi,Embalagem de 420 g,"2,19 €","2,81 €/Kg"
"Escargots recheio de manteiga, salsa e alho",PorSi Select,89 g,"3,99 €","19,95 €/Kg"
Queijo de Ovelha Curado Apimentado,PorSi,,"4,50 €","17,99 €/Kg"
Mistolin tira gorduras desinfetante,Mistolin,Garrafa de 550 ml,"1,79 €","2,39 €/L"
Chá de plantas salutem - pés de cereja r,Salutem,Embalagem de 40g,"0,38 €","38,00 €/Kg"
Vinho branco frisante,Cacho Fresco,Garrafa de 0.75 l,"2,09 €","2,79 €/L"
Salsichas de porco,Nobre,Lata de 250g,"0,75 €","3,75 €/Kg"
Natas uht com cogumelos,Parmalat,Embalagem de 200 ml,"0,75 €","3,75 €/L"
Néctar light manga/laranja,Compal,330 ml,"0,84 €","2,55 €/L"
Vinagre de sidra pet,Paladin,Garrafa de 500 ml,"0,35 €","0,70 €/L"
Snack bio arroz e trigo c/ banana e framboesa,Gerber,Embalagem de 35g,"2,09 €","10,45 €/Kg"
5 folhas de gelatina incolor,PorSi,Embalagem de 9 g,"0,55 €","61,11 €/Kg"
Arroz integral,PorSi Viva Bem,Embalagem de 1 kg,"1,26 €","1,26 €/Kg"
Caramelos de fruta,PorSi,Embalagem de 250g,"1,19 €","4,76 €/Kg"
Pudim de baunilha,PorSi,Embalagem de 90g,"0,59 €","29,50 €/Kg"
Lava tudo lavanda,Cif,"Garrafa de 1,4 l","0,99 €","0,50 €/L"
Lava tudo brilhante madeiras,PorSi,Embalagem de 1.1 litros,"1,39 €","1,26 €/L"
Pudim baunilha,Boca Doce,Embalagem de 20g,"0,59 €","29,50 €/Kg"
Tábua de engomar,PorSi,Dim.: 120 x 38 cm,"16,50 €","16,50 €/Unidade"
Vinho rosé,C.mendes,Garrafa de 750 ml,"3,99 €","5,32 €/L"
Mel em frasco de vidro,Jorge v.f.,Embalagem de 500g,"4,89 €","9,78 €/Kg"
Bebida de soja de amêndoa,Alpro,Embalagem de 1 litro,"2,49 €","2,49 €/L"
Fio dentario 50m,Colgate,1 unidade,"3,49 €","3,49 €/Unidade"
Vinho doc alentejo tinto,T.bolotas,Garrafa de 0.75 l,"2,89 €","3,85 €/L"
Fruta para bebé maçã banana aveia +6 meses,Nestle,Embalagem de 90g,"0,74 €","8,22 €/Kg"
Sumo 100% maçã e frutos vermelhos,Compal,1 litro,"1,09 €","0,73 €/L"
Vassoura exterior alta,PorSi,Unidade,"2,20 €","2,20 €/Unidade"
Feijão preto cozido,PorSi,Embalagem de 420 g,"2,19 €","2,81 €/Kg"
Miolo camarao gig.15/30 250g,Pescanova,Embalagem de 250 g,"8,99 €","25,69 €/Kg"
Nutripuffs de banana 8 meses s/ açúcar,Cerelac,Embalagem de 7g,"0,74 €","8,22 €/Kg"
12 Macarons Sortidos,PorSi Select,Embalagem de 144 g,"3,99 €","7,39 €/Kg"
Moscatel do Douro,Selecção de Enófilos,"Garrafa de 0,75 l","5,99 €","7,99 €/L"
Bolachas digestivas go maçã,Triunfo,Embalagem de 170g,"0,98 €","3,27 €/Kg"
Chá de plantas salutem - cha hibisco r,Salutem,Embalagem de 40g,"0,38 €","38,00 €/Kg"
Guardanapos Olé Branco 1 Folha,Renova do Bem,Dim.: 30x30cm,"1,29 €","1,29 €/Unidade"
Creme culinário soja,PorSi Viva Bem,Embalagem de 200 ml,"0,99 €","4,95 €/L"
Chá de infusão salutem nº 04 - proaçúcar 10 saquetas,Salutem,Embalagem de 15g,"0,38 €","38,00 €/Kg"
Escovilhão com ventosa,Bebéconfort,2 em 1,"5,99 €","5,99 €/Unidade"
Café torrado em grão,PorSi,Embalagem de 1 kg,"9,16 €/Kg","9,16 €/Kg"
Estábulo Gelo Elsa e Nokk,Lego,1 unidade,"19,99 €/Unidade","19,99 €/Unidade"
Água mineral sem gás,Serra de Fafe,"Embalagem de 6x0,33 l","1,04 €","0,17 €/L"
Cubos pão trigo tostado,PorSi,Embalagem de 150g,"2,39 €","6,83 €/Kg"
Sardinhas em azeite,PorSi,Embalagem de 120g,"0,89 €","7,42 €/Kg"
Bolachas cream cracker,PorSi,Embalagem de 600g,"1,69 €","3,38 €/Kg"
8 rissóis de camarão,PorSi,Embalagem de 300g,"1,79 €","7,16 €/Kg"
Molho bechamel,PorSi,Embalagem de 500 ml,"0,75 €","3,75 €/L"
Gelado magnum mini double chocolate e caramelo,Olá,Embalagem de 6 x 60 ml,"5,99 €","16,64 €/L"
Sultana Preta,PorSi,Embalagem de 200g,"0,79 €","3,95 €/Kg"
Leite especial cálcio + vitamina d m/g,Mimosa,Garrafa de 1 l,"1,29 €","1,29 €/L"
"Coloração permanente, louro claro, nº80",Nutrisse,1 unidade,"9,49 €/Unidade","9,49 €/Unidade"
Collant opac microfibras preto 60D,PorSi,Tamanho: m,"1,89 €","1,89 €/Unidade"
Callippo super mix,Olá,Embalagem de 5 x 105 ml,"5,99 €","16,64 €/L"
10 saquetas infusão de cidreira,Lipton,Embalagem de 20g,"20,91 €/Kg","20,91 €/Kg"
Palette de Maquilhagem,Guylond,Uma unidade,"7,49 €","7,49 €/Unidade"
Tira gorduras recarga,Mistolin,Garrafa de 550 ml,"2,89 €","5,25 €/L"
Liquido abrilhantador castanho,PorSi,75 ml,"0,99 €","330,00 €/Kg"
Creme Muda Fralda,Baby Dove,Embalagem de 45 g,"0,59 €","5,90 €/L"
Chá de infusão salutem nº 17 - tília 10 saquetas,Salutem,Embalagem de 15g,"0,38 €","38,00 €/Kg"
Bebida energética ripper,Monster,Garrafa de 500 ml,"1,39 €","5,56 €/L"
Vassoura Especial Lisa,PorSi,unidade,"2,20 €","2,20 €/Unidade"
"Pimento Vermelho Assado, Inteiro",*,Embalagem de 500 g,"3,59 €","7,18 €/Kg"
Elimina odores spray,Splendor,150 ml,"5,29 €","35,27 €/L"
Gressinos com sésamo,PorSi,Embalagem de 250 g,"2,39 €","6,83 €/Kg"
Alho Francês,Programa Origens,1 un = 300 g (aprox.),"0,75 €","2,49 €/Kg"
Arroz agulha,Saludães,Embalagem de 1kg,"1,26 €","1,26 €/Kg"
Bio fermento em pó,Vahine,Embalagem de 35g,"3,89 €","111,14 €/Kg"
Cogumelo branco,*,Embalagem de 300g,"1,89 €","6,30 €/Kg"
Douradinhos estaladiços,Capitão Iglo,Embalagem de 340g,"9,30 €/Kg","9,30 €/Kg"
Queijo Brie 60%,Produto selecionado,Vendido ao peso a partir de 250 gr,"2,64 €","13,20 €/Kg"
Coca-cola zero,Coca-Cola,pack 2 x 1.75 l,"0,40 €/L","0,40 €/L"
Cogumelos inteiros,PorSi,Embalagem de 185 g,"2,19 €","2,81 €/Kg"
"Tiras limpa poros faciais, 6unidades",Labell,1 embalagem,"3,44 €","3,44 €/Unidade"
Spray limpeza casa de banho,PorSi,750 ml,"1,79 €","2,39 €/L"
Café em cápsulas dolce gusto galão,Nescafe,Embalagem de 16 cápsulas,"59,82 €/Kg","59,82 €/Kg"
Palmiers,Pastelaria do Dia,1 unidade= 100 g,"0,30 €/Unidade","0,30 €/Unidade"
Batata frita lisa,PorSi,Embalagem de 90g,"1,10 €","5,95 €/Kg"
"Cerveja com álcool, lata",Super Bock,Garrafa de 330 ml,"1,99 €/L","1,99 €/L"
Chá de plantas salutem - pau arco 70,Salutem,Embalagem de 70g,"0,38 €","38,00 €/Kg"
2 Vieiras Gratinadas À Bretanha,PorSi Select,220 g,"3,99 €","19,95 €/Kg"
Filetes de pescada,PorSi,Embalagem de 400 g,"4,39 €","10,98 €/Kg"
Snack Gato Anti Bolas de Pelo,PorSi,Embalagem 60 g,"0,99 €","16,50 €/Kg"
Limpa pavimentos flutuantes,PorSi,Embalagem de 1 litro,"1,79 €","2,39 €/L"
"Forrafogão de alumínio, 12 unidades",Silvex,Uma embalagem,"3,29 €","3,29 €/Unidade"
Mel de Rosmaninho,PorSi Select,Frasco de 250 g,"4,89 €","9,78 €/Kg"
Limpa madeiras com sabão,PorSi,1.5 litros,"1,39 €","1,26 €/L"
Almôndegas Vegetais Green Cuisine,Iglo green,Embalagem de 240g,"3,99 €","19,95 €/Kg"
Gin dry,Gordons,Garrafa de 700 ml,"16,49 €","23,56 €/L"
Refrigerante s/ gás califórnia,Sunny d,"Garrafa de 1,25 l","1,14 €","0,76 €/L"
Sumo florida,Sunny d,"Embalagem de 0,31 l","1,05 €","3,39 €/L"
Miolo de avelã,PorSi,Embalagem de 200 g,"0,79 €","3,95 €/Kg"
Queijo brie 60% mg,Páturages,Embalagem de 200 g,"2,64 €","13,20 €/Kg"
Pensos para picadas de insetos,PorSi,10 unidades,"0,79 €","0,79 €/Unidade"
Amaciador roupa concentrado lírios e morango,PorSi,60 doses,"1,99 €","1,00 €/L"
Snack para gato chezzy,Felix,Embalagem de 60g,"0,99 €","16,50 €/Kg"
Camarão 60/80,Congelado de Aquicultura,1 un = 250 gr  (aprox.),"2,00 €","7,99 €/Kg"
100% clara de ovo líquida albumina,Prozis,Embalagem de 500g,"3,65 €","7,30 €/Kg"
Alheira tradicional 180g,Prisca,Embalagem de 180g,"1,49 €","7,45 €/Kg"
Gelatina limão 10kcal,Royal,Embalagem de 30g,"0,55 €","61,11 €/Kg"
Patê sardinha,La piara,Embalagem de 80g,"1,19 €","13,52 €/Kg"
Pedras limão/chá verde,P.salgadas,pack 4 x 0.25 l,"2,85 €","2,85 €/L"
Mistura saborosa,PorSi,Embalagem de 450g,"0,99 €","9,90 €/Kg"
Bolacha vitalday crocante original,Gullon,Embalagem de 270g,"2,82 €","9,40 €/Kg"
Azeite virgem extra dop trás-os-montes,PorSi Select,Embalagem 750 ml,"8,59 €","4,30 €/L"
Bolachas rosquilhas,PorSi,Embalagem de 600g,"1,69 €","6,76 €/Kg"
Nata uht,PorSi,Embalagem de 200 ml,"0,75 €","3,75 €/L"
"Frigideira anti-aderente, 28cm",PorSi,1 unidade,"9,99 €","9,99 €/Unidade"
Iogurte líquido de frutos vermelhos,PorSi,Embalagem de 4 x 160 g,"1,31 €","2,05 €/Kg"
Óleo Gasolina 20w40,PorSi,Embalagem de 5 l,"11,99 €","11,99 €/L"
Batata branca para assar,*,Vendido ao peso,"1,39 €","9,27 €/Kg"
Ice tea manga,Lipton,pack 6 x 0.25 l,"1,14 €","0,76 €/L"
Camarão cozido 60/95,PorSi,Vendido ao peso a partir de 500 g,"5,75 €","11,49 €/Kg"
Bolachas cobertura de chocolate e avelã,PorSi,Embalagem de 150g,"0,79 €","5,27 €/Kg"
Nectar clássico maracujá,Compal,Garrafa de 1 l,"1,09 €","0,73 €/L"
Perna,Borrego,1 un = 1.5 kg (aprox.),"16,49 €","10,99 €/Kg"
Leite magro em pó,Páturages,Embalagem de 300 g,"2,79 €","9,30 €/Kg"
Esfregona tiras completa,PorSi,1 unidade,"2,54 €","2,54 €/Unidade"
Cheesecake frutos vermelhos,PorSi Select,Embalagem de 900 g,"3,99 €","7,39 €/Kg"
Atum posta em óleo,Ramirez,Embalagem de 120g,"0,89 €","7,42 €/Kg"
Queijo de cabra com azeite&oregãos,Palhais,Embalagem de 130 g,"1,89 €","10,50 €/Kg"
Refrigerante c/ gás,Coca-Cola,pack 6 x 0.33 l,"0,40 €/L","0,40 €/L"
"Desmaquilhante, olhos, lábios, prava de água",Labell,Embalagem de 150 ml,"1,79 €","11,93 €/L"
Néctar light manga/laranja,Compal,Garrafa de 200 ml,"0,99 €","0,99 €/L"
Chouriço com feijão,Nobre,Embalagem de 420g,"2,35 €","5,60 €/Kg"
Kit Pintura Facial,*,1 unidade,"1,49 €","1,49 €/Unidade"
"Vela em número,  nº 0",PorSi,1 unidade,"0,60 €","0,60 €/Unidade"
Camarão 20/30,Congelado de Aquicultura,1 un = 250 gr  (aprox.),"2,00 €","7,99 €/Kg"
Chicharro Fresco,Peixe do Dia,1 un= 400 g (aprox.),"2,95 €/Kg","2,95 €/Kg"
Arroz carolino,Caçarola,Embalagem de 1kg,"1,26 €","1,26 €/Kg"
Queijo Flamengo Bola,Limiano,1 un = 250 gr  (aprox.),"1,96 €","9,80 €/Kg"
Pilha alcalina heightch lr14x2,Domédia,1 unidade,"1,99 €","1,99 €/Unidade"
Ovos galinha solo l,PorSi,6 ovos,"1,59 €","1,59 €/Unidade"
Tomate em pedaços,Guloso,Embalagem de 390g,"3,84 €","24,00 €/Kg"
Batata chef gourmet,MCCAIN,Embalagem de 500 g,"1,39 €","1,39 €/Kg"
Ovos Frescos Classe M,PorSi,12 unidades,"2,55 €","2,55 €/Unidade"
Doce light alperce,PorSi,Embalagem de 340g,"1,65 €","4,85 €/Kg"
Chá verde menta,PorSi,Embalagem de 43.7 g,"0,99 €","26,76 €/Kg"
Champô Limão & Argila,Ultra Suave,Embalagem de 400 ml,"5,59 €","13,98 €/L"
Desinfetante Multiusos,Sanytol,Embalagem de 750 ml,"2,89 €","5,25 €/L"
Pizza 4 estações,PorSi,Embalagem de 350g,"2,16 €","6,17 €/Kg"
Detergente líquido máquina de roupa sabão natural,PorSi,86 Doses,"29,99 €","7,06 €/L"
Vinh do porto ruby,Cruz,Garrafa de 750 ml,"5,99 €","7,99 €/L"
Esponja autobrilhante,PorSi,3 g,"0,99 €","330,00 €/Kg"
Corn flakes saco,PorSi,Embalagem de 500g,"1,49 €","2,98 €/Kg"
Camarão moçambique 30/40,PorSi,800 g,"8,99 €","25,69 €/Kg"
Brandy,ON/OFF,Garrafa de 700 ml,"11,99 €","17,13 €/L"
Recarga mopa,PorSi,1 unidade,"0,89 €","0,89 €/Unidade"
Caixa de médico,Vicam,31 peças,"10,99 €/Unidade","10,99 €/Unidade"
Luvas Multi Latex M/L,Vileda,10 unidade,"2,40 €","2,40 €/Unidade"
Cereais petalas chocolate,PorSi,Embalagem de 625g,"5,07 €/Kg","5,07 €/Kg"
Bolacha tostada,PorSi,Embalagem de 800g,"2,11 €/Kg","2,11 €/Kg"
Tablete de chocolate leite/amêndoa,Nestle,Embalagem de 120g,"6,50 €/Kg","6,50 €/Kg"
Tapetes educativos p/ cães/gatos 60x60cm,PorSi,20 unidades,"4,99 €","4,99 €/Unidade"
Baguette sandwich,Pão do Dia,113 g,"0,19 €","2,38 €/Kg"
Eau de Toilette Homem Black,António Banderas,Embalagem de 200 ml,"1,39 €","6,95 €/L"
Mopa attractive plus completa,Vileda,Embalagem de 1 unidades,"2,20 €","2,20 €/Unidade"
Lombos de pescada,PorSi,Embalagem de 400 g,"4,39 €","10,98 €/Kg"
2 Burgers Couve-Flor e Mozzarella e Tomate,Iglo green,Embalagem de 227g,"3,99 €","19,95 €/Kg"
Mirtilos 100% Naturais,PorSi,Embalagem de 250 g,"4,99 €","9,98 €/Kg"
Algodão zig zag pré-cortado,PorSi,Embalagem de 50 g,"0,79 €","0,79 €/Unidade"
"Bebida láctea crescimento 1-3 anos, cereais",Nestle,Embalagem de 1 litro,"0,26 €","1,30 €/L"
Chouriço cebola beiras,PorSi,Embalagem de 300g,"1,22 €","6,78 €/Kg"
T-Rex para pintar,Jurassic World,1 un.,"16,99 €/Unidade","16,99 €/Unidade"
Lixivia perfumada,PorSi,Garrafa de 2 l,"1,79 €","0,36 €/L"
Azeitona Preta Extra,PorSi,1 un = 100 gr (aprox.),"0,54 €","5,39 €/Kg"
Ervilhas,PorSi,Embalagem de 400 g,"1,98 €","1,98 €/Kg"
Creme anti-rugas de dia revitalift,L'oreal,Embalagem de 50 ml,"2,99 €","59,80 €/L"
Vela em número nº9,PorSi,1 unidade,"0,60 €","0,60 €/Unidade"
"Fiambre extra, fatias finas",PorSi,Embalagem de 150 g,"0,97 €","6,49 €/Kg"
"Elixir bocal, menta",Labell,Embalagem de 500 ml,"1,29 €","2,58 €/L"
Alho moído,PorSi,Saqueta de 50 g,"0,25 €","0,25 €/Kg"
Leite c/ Chocolate,Agros,Embalagem de 4 x 200 ml,"0,26 €","1,30 €/L"
"Vinho branco regional alentejano, bib",Galitos,Garrafa de 3 l,"5,19 €","1,04 €/L"
Pá económica,PorSi,1 unidade,"2,20 €","2,20 €/Unidade"
Sumo 100% tomate,PorSi,Embalagem de 1.5 l,"1,09 €","0,73 €/L"
Néctar light de manga/laranja prism,PorSi,Embalagem de 1 l,"0,84 €","2,55 €/L"
Lambrusco rose,*,Garrafa de 750 ml,"6,89 €","9,19 €/L"
Mistura sol sem café granulado,PorSi,Embalagem de 200g,"0,99 €","3,96 €/Kg"
Salsichas de aves,Nobre,Lata de 200 g,"0,75 €","3,75 €/Kg"
Comida Húmida para Gatinhos Mousse com Vitela,Gourmet Diamant,Embalagem de 85 g,"2,89 €","7,23 €/Kg"
Acetona perfumada com doseador,PorSi,Embalagem de 200 ml,"1,89 €","9,45 €/L"
Aipo,Nossa seleção,Vendido ao peso,"1,09 €","36,33 €/Kg"
Tosta rica mini go,Cuetara,Embalagem de 240g,"1,89 €","15,75 €/Kg"
"Refrigerante com gás cola zero sem cafeína, mini lat...",Coca-Cola,pack 12 x 0.15 l,"0,40 €/L","0,40 €/L"
Bicarbonato de sódio,PorSi,Embalagem de 500 g,"1,79 €","2,39 €/L"
Comida húmida para cão de vaca e frango,PorSi,Lata de 400 g,"0,75 €","2,50 €/Kg"
Líquido wc duraguard pinho da montanha,Harpic,Garrafa de 750 ml,"1,79 €","2,39 €/L"
Aperitivos  fritos,Fritos,Embalagem 130G,"0,79 €","7,90 €/Kg"
Snack gato salmao,PorSi,Embalagem de 60g,"0,99 €","16,50 €/Kg"
Feijão vermelho,Legumes secos,1 un = 100 gr. (aprox.),"0,23 €","2,29 €/Kg"
Pellets madeira,Nova lenha,Embalagem de 15kg,"10,99 €","0,73 €/Kg"
"Sacos para sandes, 100 unidades",PorSi,1 embalagem,"1,11 €","1,11 €/Unidade"
Nestle scm regular tubo 12x pt,Nestle,Embalagem de 450g,"1,09 €","2,75 €/Kg"
Cerveja com álcool,Super Bock,Garrafa de 1 l,"1,99 €/L","1,99 €/L"
Flan de ovos,PorSi,Embalagem 4 x 100 g,"1,56 €","3,90 €/Kg"
Lamina Descartáveis Platina,Labell,Pack 10 unidades,"1,16 €","4,64 €/L"
Patê atum,La piara,Embalagem de 80g,"1,19 €","13,52 €/Kg"
Shampo automóvel laranja,PorSi,Embalagem de 5 l,"3,49 €","13,96 €/L"
Nata uht para bater,Parmalat,Embalagem de 200 ml,"0,75 €","3,75 €/L"
Special k choco,Kellogg's,Embalagem de 375g,"1,49 €","2,98 €/Kg"
Cadeira Auto Ever Safe Grupo 1/2/3,Bebéconfort,unidade,"54,99 €","54,99 €/Unidade"
Couve flor,PorSi,Embalagem de 750 kg,"1,98 €","1,98 €/Kg"
Bolacha torrada com canela,PorSi,Embalagem de 2 x 250 g,"2,11 €/Kg","2,11 €/Kg"
Vinho tinto península de setúbal,Pioneiro,Garrafa de 0.75 l,"8,59 €","11,45 €/L"
Miolo de ameijoa,PorSi,Embalagem de 250 g,"1,79 €","7,16 €/Kg"
Queijo flamengo barra,PorSi,"Vendido ao peso, fatiado a partir de 100 gr","1,96 €","9,80 €/Kg"
Ambientador para carro recarga open sky,Ambipur,1 unidade,"2,89 €","2,89 €/Unidade"
Rebuçado recheio morango,PorSi,Embalagem de 250g,"1,08 €","5,40 €/Kg"
"Vinho Bairrada, Tinto",Selecção de Enófilos,Garrafa de 0.75 l,"2,49 €","3,32 €/L"
Queijo de cabra curado,PorSi,Embalagem de 2x100 g,"1,89 €","10,50 €/Kg"
Sardinha Pequena,Peixe Congelado,1 un= 250 gr (aprox.),"3,99 €/Kg","3,99 €/Kg"
Néctar clássico tutti-frutti,Compal,330 ml,"0,99 €","0,99 €/L"
5 gouaches de cores primárias,Domédia,Uma embalagem,"3,19 €","3,19 €/Unidade"
Piscina criança c/ repuxo,Bestway,Dim.: Ø 152 cm,"19,99 €","19,99 €/Unidade"
Bolacha Maria sem lactose,PorSi Viva Bem,Embalagem de 200 g,"2,49 €","9,96 €/Kg"
Pilhas Alcalinas AAA Optimum,Duracell,Blister 4 Pilhas,"1,99 €","1,99 €/Unidade"
Bolachas shortcake cacau,PorSi,Embalagem de 185 g,"1,69 €","6,76 €/Kg"
"Bracito trufa de chocolate, 4 unidades",Dulcesol,Embalagem de 240g,"2,05 €","5,13 €/Kg"
Tomate triturado,Compal,Embalagem de 500g,"3,84 €","24,00 €/Kg"
Queijo ralado mix 3 queijos,PorSi,Embalagem de 200 g,"1,59 €","7,95 €/Kg"
Resguardo para bebé,PorSi,Dim.: 60 x 60 cm,"4,99 €","4,99 €/Unidade"
Caçarola Alumínio Anti-Aderente 20Cm,PorSi,1 unidade,"9,99 €","9,99 €/Unidade"
Bola insuflável patrulha pata 50 cm,Mondo,1 un.,"4,99 €","4,99 €/Unidade"
Bolachas maria,PorSi,Embalagem de 800g,"2,11 €/Kg","2,11 €/Kg"
Espargos Verdes,Legumes do Dia,embalagem com 250g,"3,49 €","13,96 €/Kg"
Rolo de cozinha mega,PorSi,1 rolo,"4,99 €","4,99 €/Unidade"
Preparado de bolo de iogurte,PorSi,500 g,"1,69 €","8,45 €/L"
"Cobertura tipo chantilly, 2x38g",PorSi,Embalagem de 80g,"1,29 €","3,23 €/Kg"
Toalhita Azul,Dodot,Embalagem c/ Tampa | 64 un.,"1,09 €/Unidade","1,09 €/Unidade"
Vinho de mesa tinto bag in box,Adega grande,Garrafa de 5 l,"5,19 €","1,04 €/L"
Lâmpada LED Forma Esférica 3.2W E14 220-240V,Domédia,1 un.,"3,49 €","3,49 €/Unidade"
Ultra AMP,Nerf,1 un.,"14,99 €","14,99 €/Unidade"
Caramelo líquido,PorSi,Embalagem de 400g,"1,29 €","3,23 €/Kg"
Orégãos em folha,PorSi,Embalagem de 10g,"0,25 €","0,25 €/Kg"
Spray limpa inox,Cif,Garrafa de 440 ml,"1,79 €","2,39 €/L"
Molho mad chips top down,Calve,Embalagem de 260g,"0,87 €","2,90 €/Kg"
Refrigerante de lima-limão,Seven-up,"Garrafa de 1,25 l","0,40 €/L","0,40 €/L"
Biscoitos integrais aveia e manteiga de amendoim,PorSi Viva Bem,Embalagem de 150g,"1,45 €","11,15 €/Kg"
Bandas de cera fria peles normais,Veet,Embalagem de 20 unidades,"1,19 €","1,19 €/Unidade"
Iogurte mix-in chocapic,Nestle,Embalagem de 2 x 118 g,"4,23 €/Kg","4,23 €/Kg"
Shampô azul concentrado,PorSi,Embalagem de 1 l,"3,49 €","13,96 €/L"
Sardinha em azeite,PorSi Select,Lata de 120 g,"0,89 €","7,42 €/Kg"
Cerveja c/ álcool,Heineken,"Embalagem de 6x0,25 l","1,99 €/L","1,99 €/L"
Lixívia Tradicional,PorSi,Embalagem de 5 l,"1,79 €","0,36 €/L"
Cereais golden e crispy,PorSi,Embalagem de 375 g,"5,07 €/Kg","5,07 €/Kg"
Cuecas Incontinência Maxi Grande,Lindor,Embalagem com 14 un.,"9,99 €","9,99 €/Unidade"
Picanha,Bovino,1 un = 1.250 kg (aprox.),"7,19 €","8,99 €/Kg"
Vinho do porto tawny,Cruz,"Garrafa de 0,75 l","6,29 €","8,39 €/L"
Açorda de camarão,PorSi Select,380 g,"1,79 €","7,16 €/Kg"
Queijo de cabra curado rolo,PorSi,Embalagem de 180 g,"1,89 €","10,50 €/Kg"
Special k aveia mel,Kellogg's,Embalagem de 420g,"1,49 €","2,98 €/Kg"
Eau de Toilette Senhora Blue Seduction,António Banderas,Embalagem de 200ML,"25,99 €","129,95 €/L"
Queijo fresco meio gordo,PorSi,200 g,"1,09 €","5,45 €/Kg"
Nata uht ligeira,Páturages,Embalagem de 2X250ML,"0,75 €","3,75 €/L"
Iogurte líquido pinacolada,PorSi,Embalagem de 4 x 160 g,"1,31 €","2,05 €/Kg"
Spray protege e refresca 50,Nivea Sun,Embalagem de 200 ml,"16,99 €","84,95 €/L"
Tira Nódoas Spray a Seco,Iberia,Embalagem de 200 ml,"1,69 €","1,69 €/L"
Pilha alcalina classic lr03x8,Domédia,1 unidade,"1,99 €","1,99 €/Unidade"
Batata frita caseira,PorSi,Embalagem de 500g,"0,87 €","5,44 €/Kg"
Cerveja c/ álcool,Super Bock,pack 24 x 0.33 l,"1,99 €/L","1,99 €/L"
Café moagem universal portugal,Delta,Embalagem de 250g,"1,69 €","6,76 €/Kg"
Tempero para Frangos Ervas Aromáticas,PorSi,34 g,"3,84 €","24,00 €/Kg"
Aveia instantânea em pó 1250 g bolacha,Prozis,"Embalagem de 1,25 kg","7,99 €","6,39 €/Kg"
Agrião Programa Origens,PorSi,embalagem de 170 g,"0,99 €","9,90 €/Kg"
Biscoitos sem glúten,Gullon,Embalagem de 200 g,"4,29 €","20,43 €/Kg"
Café em cápsulas deqafeitatus,Delta Q,Embalagem de 55 g,"59,82 €/Kg","59,82 €/Kg"
Aguardente bagaceira,Dinastia,"Garrafa de 0,70 l","12,79 €","18,27 €/L"
Azeite virgem extra seleção,PorSi,Garrafa de 2 l,"8,59 €","4,30 €/L"
Café 5 estrelas grão,Sical,Embalagem de 1 kg,"9,16 €/Kg","9,16 €/Kg"
"Espuma de cabelo, volume absoluto",Pantene,Embalagem de 200 ml,"5,99 €","79,87 €/L"
Iogurte com Cereais Activia,Danone,Embalagem 4x115g,"2,79 €","6,07 €/Kg"
Palitos redondos,PorSi,Embalagem de 250 unidades,"1,50 €","1,50 €/Unidade"
Cereais crunch 375g,Nestle,Embalagem de 380g,"5,07 €/Kg","5,07 €/Kg"
"Hamburguers de vaca, 4x80g",PorSi,Embalagem de 320 g,"2,79 €","8,72 €/Kg"
Ananás em rodelas lata,PorSi,Embalagem de 820g,"1,99 €","2,37 €/Kg"
Princesas do mar,PorSi,Embalagem de 255 g,"2,19 €","8,59 €/Kg"
Azeite virgem extra seleção,PorSi,Garrafa de 250 ml,"8,59 €","4,30 €/L"
Queijo de Ovelha Meio Gordo,Seia,1 un = 450 g (aprox.),"4,50 €","17,99 €/Kg"
Rolo de Cozinha Branco Eco Compacto,PorSi,2 = 6 Rolos,"4,99 €","4,99 €/Unidade"
Primeiro puzzle eletrónico,Chicco,1 unidade,"29,99 €","29,99 €/Unidade"
Lava Tudo Brilhante Floral,Sonasol,"embalagem 1,1L","0,99 €","0,50 €/L"
"Tesoura Corta Relva, Rotativa",Itools,1 unidade,"7,99 €","7,99 €/Unidade"
Pastel de Nata,PorSi,60G,"0,30 €/Unidade","0,30 €/Unidade"
Maionese top down,Hellmman's,Embalagem de 238 g,"0,87 €","2,90 €/Kg"
Feijão preto,Legumes secos,1 un = 100 gr. (aprox.),"0,23 €","2,29 €/Kg"
Croissant simples,PorSi,Embalagem de 400g,"2,05 €","5,13 €/Kg"
Queijo Creme Piri-Piri,Eru,Embalagem de 100 g,"1,99 €","19,90 €/Kg"
Croissant recheado de cacau/avelã,PorSi,Embalagem de 315g,"2,05 €","5,13 €/Kg"
Estação de bombeiros,Écoiffier,1 unidade,"29,99 €","29,99 €/Unidade"
Salsicha Brasileira,Porco,Vendido ao peso,"0,30 €","5,99 €/Kg"
Bombons Caja Roja,Nestlé,Embalagem 400 g,"1,49 €","29,80 €/Kg"
Pescoço,Borrego,1 un = 500 gr (aprox.),"16,49 €","10,99 €/Kg"
Queijo curado de cabra,Seia,Embalagem de 250g,"1,89 €","10,50 €/Kg"
Lasanha à bolonhesa,PorSi,Embalagem de 1 kg,"3,99 €","3,99 €/Kg"
"Cereais special k, frutos vermelhos",Kellogg's,Embalagem de 300g,"5,59 €","8,87 €/Kg"
Gelatina de laranja,PorSi,Embalagem de 170g,"0,55 €","61,11 €/Kg"
Café solúvel gold,PorSi Select,Embalagem 100G,"14,50 €/Kg","14,50 €/Kg"
Filetes de pescada,Pescanova,Embalagem de 400g,"4,39 €","10,98 €/Kg"
Alimento lácteo alperce +6 meses,Yogolino,Embalagem de 4 x 100 g,"2,89 €","7,23 €/Kg"
Iogurte pedaços pêssego/alperce,PorSi,Embalagem de 4x125g,"1,19 €","2,38 €/Kg"
Pão Rústico com Malte,Pão do Dia,1 unidade= 100 g,"0,19 €","2,38 €/Kg"
Gel de Banho Shea Butter & Vanilla,Dove,Embalagem de 750 ml,"6,39 €/L","6,39 €/L"
Protetor Tomadas,Neo Baby,1 Embalagem c/10 unidades,"3,99 €","3,99 €/Unidade"
Queijo mistura de tapadas santo antónio,Herdade da maia,Embalagem de 220 g,"5,99 €","23,96 €/Kg"
Queijo flamengo fatiado,PorSi,Embalagem de 200G,"1,96 €","9,80 €/Kg"
Tablete de chocolate leite com avelã,PorSi Select,200 g,"6,50 €/Kg","6,50 €/Kg"
Bolachas de manteiga,PorSi,Embalagem de 200 g,"1,69 €","6,76 €/Kg"
Ambientador vela gota frutos vermelhos,Air Wick,Embalagem de 1 unidades,"4,99 €","4,99 €/Unidade"
Batata pré-frita palito,PorSi,"Embalagem de 2,5 kg","1,39 €","1,39 €/Kg"
"Engoma fácil, pistola",PorSi,Embalagem de 750 ml,"1,69 €","1,69 €/L"
Tablete de chocolate extra fina leite/avelã,Nestle,Embalagem de 120g,"6,50 €/Kg","6,50 €/Kg"
Tubo de Confetis 50 cm,Mercagranel,1 un.,"1,99 €","1,99 €/Unidade"
Ice tea de limão,PorSi,Embalagem de 2 l,"1,14 €","0,76 €/L"
Bacalhau Corrente,Bacalhau da Noruega,1 un= 750 g (aprox.),"8,73 €/Kg","8,73 €/Kg"
Animais da Quinta,Discovery Channel,set 30 peças,"29,99 €","29,99 €/Unidade"
Vinho branco,Alandra,Garrafa de 750 ml,"2,99 €","3,99 €/L"
Vinagre de vinho branco envelhecido,PorSi,Garrafa 250ML,"0,35 €","0,70 €/L"
Sumo 100% ananás e uva,PorSi,1.5 l,"1,09 €","0,73 €/L"
Batata doce para fritar,PorSi,Embalagem de 600g,"1,39 €","1,39 €/Kg"
Tagliatelle a carbonara 350g,Tuttipasta,Embalagem de 350G,"2,16 €","6,17 €/Kg"
Toalha de mãos,PorSi,50 x 100 cm,"29,99 €","29,99 €/Unidade"
Tablete de chocolate de preto,Nestle,Embalagem de 90g,"0,99 €","4,95 €/Kg"
Papel higiénico 2 folhas,PorSi,32 rolos,"1,99 €","1,99 €/Unidade"
Água mineral sem gás,Fastio,"Garrafa de 2,5 l","1,04 €","0,17 €/L"
Dinossauros,Discovery Channel,set 30 peças,"45,95 €","45,95 €/Unidade"
Cereais fitness,Nestle,Embalagem de 640 g + 320 g grátis,"5,59 €","8,87 €/Kg"
Azeite virgem extra gourmet,Gallo,Garrafa de 750 ml,"8,59 €","4,30 €/L"
Limpa Estofos de Tecido,PorSi,Embalagem de 1 l,"3,49 €","13,96 €/L"
8 pães de leite,PorSi,Embalagem de 280 g,"7,40 €/Kg","7,40 €/Kg"
Bebida arroz bio,PorSi Bio,Embalagem de 1 litro,"1,59 €","1,59 €/L"
Batata frita camponesa,PorSi,Embalagem de 175 g,"1,19 €","6,43 €/Kg"
Néctar bio multifrutos,Paquito,"Embalagem 1,5 l","1,59 €","1,59 €/L"
Levedura de cerveja,Salutem,Embalagem de 150g,"7,99 €","6,39 €/Kg"
Fatia de salame de chocolate,PorSi,Embalagem 60G,"2,05 €","5,13 €/Kg"
Gressinos com azeitonas pretas,PorSi,Embalagem de 250g,"2,39 €","6,83 €/Kg"
Estábulo Gelo Elsa e Nokk,Lego,1 unidade,"14,99 €","14,99 €/Unidade"
Ravioli com tomate,Claude Léger,Embalagem 300G,"2,35 €","5,60 €/Kg"
Croutons azeite e alho,PorSi,Embalagem de 150g,"2,39 €","6,83 €/Kg"
Queijo Curado Vaca/ Cabra/ Ovelha,PorSi,,"5,99 €","23,96 €/Kg"
Pastilhas café lote chávena,Delta,Embalagem de 110g,"59,82 €/Kg","59,82 €/Kg"
Maionese,PorSi,Embalagem de 414 g,"0,87 €","2,90 €/Kg"
Mel em frasco com doseador,PorSi,Embalagem de 500g,"4,89 €","9,78 €/Kg"
Curgete,Programa Origens,un= 300 gr (aprox.),"0,75 €","2,49 €/Kg"
Dawnut Açucarado,Pastelaria do Dia,48g,"0,30 €/Unidade","0,30 €/Unidade"
Lombos de salmao vacuo,PorSi,Embalagem de 500g,"4,39 €","10,98 €/Kg"
Tampão com Aplicador Compak Lites,Tampax,Embalagem com 22 unidades,"3,99 €","3,99 €/Unidade"
Iogurte líquido dan'up morango e banana,Danone,Embalagem de 4 x 155 g,"1,31 €","2,05 €/Kg"
Estendal Universal,Vileda,,"0,89 €","0,89 €/Unidade"
Azeite virgem extra clássico,Gallo,Garrafa de 250 ml,"8,59 €","4,30 €/L"
Vinho do porto lbv 2004,Cruz,Garrafa de 0.75 l,"10,99 €","14,65 €/L"
Pão caseiro sem glúten,Schar,Embalagem de 240g,"2,69 €","5,38 €/Kg"
Bolachas maria,PorSi,Embalagem de 200g,"2,11 €/Kg","2,11 €/Kg"
Água s/ Gás,Serra de Fafe,Garrafa 6L,"1,04 €","0,17 €/L"
Café solúvel descafeinado,PorSi,Embalagem de 100G,"14,50 €/Kg","14,50 €/Kg"
Pudim morango,Boca Doce,Embalagem de 20g,"0,59 €","29,50 €/Kg"
Leite 0% lactose magro,Mimosa,Garrafa de 1 l,"1,29 €","1,29 €/L"
Queijo flamengo fatias light,PorSi,Embalagem de 200g,"1,96 €","9,80 €/Kg"
Feijão catarino,PorSi,Embalagem 500G,"0,95 €","1,90 €/Kg"
Fígado,Novilho,1 un = 100 gr (aprox.),"0,60 €","5,99 €/Kg"
Feijoada,PorSi,Embalagem de 420 g,"2,35 €","5,60 €/Kg"
Farinha de trigo sem fermento t55,PorSi,Embalagem de 1 kg,"1,99 €","1,99 €/Kg"
Caldo de galinha,PorSi,24 cubos,"3,84 €","24,00 €/Kg"
Ketchup top down,Calve,Embalagem de 550g,"0,87 €","2,90 €/Kg"
Bolachas multicereais,PorSi,Embalagem de 400 g,"0,90 €","6,00 €/Kg"
Refrigerante c/ gás ananás,Sumol,Garrafa de 500 ml,"0,40 €/L","0,40 €/L"
Iogurte natural,PorSi,Embalagem 12 x 125 g,"0,65 €","1,30 €/Kg"
Bolachas cereais passas e laranja,PorSi,Embalagem de 300 g,"0,90 €","6,00 €/Kg"
Saqueta puré de fruta e aveia,PorSi,Embalagem de 90g,"0,74 €","8,22 €/Kg"
Vinho regional alentejano bag-in-box tinto,Galitos,Garrafa de 5 l,"5,19 €","1,04 €/L"
Palitos super finos,PorSi,Embalagem de 85 unidades,"1,50 €","1,50 €/Unidade"
Queijo tres igrejas cura 2 meses,Santiago,Vendido ao peso a partir de 250 gr,"25,45 €/Kg","25,45 €/Kg"
Semente linhaça amarela,Salutem,Embalagem de 250g,"7,99 €","6,39 €/Kg"
"Linguíca, 4 unidades",PorSi,Embalagem de 180 g,"1,22 €","6,78 €/Kg"
5 rissóis de leitão,PorSi,Embalagem de 400g,"1,79 €","7,16 €/Kg"
Estação de bombeiros,Écoiffier,1 unidade,"17,99 €","17,99 €/Unidade"
Mousse chocolate branco,Alsa,Embalagem de 133g,"0,79 €","5,27 €/Kg"
Snack gato frango/queijo,PorSi,Embalagem de 60g,"0,99 €","16,50 €/Kg"
Champô cacau&côco,Ultra Suave,Embalagem de 400 ml,"5,59 €","13,98 €/L"
Cereais chocapic,Nestle,Embalagem de 375 g,"5,07 €/Kg","5,07 €/Kg"
Bolachas marítimas clássicas,PorSi Viva Bem,Embalagem de 200g,"2,82 €","9,40 €/Kg"
Vinagre de fruta,PorSi,Embalagem de 500 ml,"0,35 €","0,70 €/L"
Mon cheri t5 53g,Mon cheri,Embalagem de 50g,"1,49 €","29,80 €/Kg"
Cerveja 0.0%,Sagres,Pack 4 x 0.33 l,"5,99 €","3,03 €/L"
Sardinhas,PorSi,embalagem com 1 kg,"4,39 €","10,98 €/Kg"
Gengibre,Legumes do Dia,1 un = 100 gr (aprox.),"3,49 €","13,96 €/Kg"
Queijo flamengo fatias light,PorSi,Embalagem de 200g,"2,39 €","19,92 €/Kg"
Batata pré-frita palitos finos,PorSi,Embalagem de 2.5 kg,"1,39 €","1,39 €/Kg"
Semente de chia,Salutem,Embalagem de 125g,"7,99 €","6,39 €/Kg"
"Cera cabelo, indestructible",Studio Line,Embalagem de 75 ml,"5,99 €","79,87 €/L"
Tostas de trigo,PorSi,Embalagem 225G,"2,39 €","6,83 €/Kg"
Refrigerante sem gás de maçã,Trina,"Garrafa de 1,5 l","1,14 €","0,76 €/L"
Tarte de Flan,Pastelaria do Dia,embalagem com 650g,"8,99 €","11,24 €/Kg"
Pães de leite redondos,s. tomé,Embalagem de 300 g,"7,40 €/Kg","7,40 €/Kg"
Tablete de chocolate,Chabrior,Embalagem de 250 g,"0,79 €","5,27 €/Kg"
Creme p/ barrar de chocolate e avelã,Milka,Embalagem de 600g,"8,54 €/Kg","8,54 €/Kg"
Lixívia para roupa delicada,Neoblanc,Embalagem de 1 l,"2,19 €","1,10 €/L"
Leite de coco bio,PorSi Bio,400 ml,"3,65 €","7,30 €/Kg"
Cápsulas de café com leite cappuccino,Nescafe,Embalagem com 16 cápsulas,"3,19 €","25,52 €/Kg"
"Lixívia para roupa, tradicional verde denso",PorSi,Embalagem de 2L,"1,79 €","0,36 €/L"
Alimento seco p/ cão alta energia c/ frango,HappyOne,Embalagem de 4 kg,"14,29 €","3,57 €/Kg"
Iogurte activia cremoso coco,Danone,Embalagem de 4 x 120 g,"1,49 €","2,98 €/Kg"
Gel pure 3 em 1,Garnier,Embalagem de 150 ml,"2,99 €","59,80 €/L"
Formas de alumínio redondas 55 ml,PorSi,20 unidades,"1,29 €","1,29 €/Unidade"
Capa Premium 2 em 1,Vileda,1 unidade,"16,50 €","16,50 €/Unidade"
Insecticida recarga,Biokill,Embalagem de 375 ml,"5,09 €","8,48 €/L"
Azeite,PorSi,Garrafa de 1 l,"8,59 €","4,30 €/L"
Areia para gatos mineral perfumada,PorSi,Embalagem de 5 kg,"1,19 €","0,24 €/Kg"
Massa de pontinha grossa,Nacional,Embalagem de 250g,"0,99 €","1,98 €/Kg"
Bebida láctea crescimento 3 anos+,Nestle,Embalagem de 1 litro,"0,26 €","1,30 €/L"
Bebida láctea crescimento 1 a 3 anos,Nestle,Embalagem de 1 litro,"0,26 €","1,30 €/L"
Leite pasteurizado gordo,Vigor,Garrafa de 1 l,"1,19 €","1,19 €/L"
Chá de infusão salutem nº 47 - funcho 10 saquetas,Salutem,Embalagem de 15g,"0,38 €","38,00 €/Kg"
Pensos clássicos,PorSi,100 unidades,"0,79 €","0,79 €/Unidade"
Milho para pipocas,Legumes secos,1 un = 100 gr. (aprox.),"0,23 €","2,29 €/Kg"
Leite especial crescimento +3 anos,Mimosa,Garrafa de 1 l,"0,26 €","1,30 €/L"
Limpa madeiras ecológico,PorSi,1.5 litros,"1,39 €","1,26 €/L"
Toalhitas Refrescantes Rosto e Mãos,PorSi,Embalagem 3 x 10 un.,"1,10 €","1,10 €/Unidade"
"Escova de cabelo, esqueleto",Labell,Embalagem com 1 unidade,"1,99 €","1,99 €/Unidade"
"Papel higiénico compacto, folha dupla",Renova,4 = 12 rolos,"1,99 €","1,99 €/Unidade"
Desentupidor em gel canos com soda,PorSi,Embalagem de 1 litro,"1,79 €","2,39 €/L"
Puré de batata,Saint Eloi,Embalagem de 500 g,"1,99 €","1,99 €/Kg"
Caixa de médico,Vicam,31 peças,"14,99 €","14,99 €/Unidade"
"Vela em número, nº 3",PorSi,1 unidade,"0,60 €","0,60 €/Unidade"
Chá verde,PorSi,Embalagem de 37.5 g,"0,99 €","26,76 €/Kg"
Pirassununga (38º),Cachaca 51,Garrafa de 700 ml,"20,99 €","29,99 €/L"
Milho tenro e doce,Bonduelle,Embalagem de 300 g,"2,19 €","2,81 €/Kg"
Sopa de rabo de boi,Knorr,Embalagem de 70g,"0,84 €","13,55 €/Kg"
Sopa de cebola,Knorr,Embalagem de 50g,"0,84 €","13,55 €/Kg"
Moinho 5 pimentas em grão,PorSi,Frasco com 40 g,"0,25 €","0,25 €/Kg"
Palmiers,PorSi,Embalagem de 300 g,"1,69 €","6,76 €/Kg"
Jogo da Forca + Jogo do Galo,Clementoni,1 unidade,"16,99 €/Unidade","16,99 €/Unidade"
Solha Congelada (200/400),Peixe Congelado,Pescado no mar,"3,99 €/Kg","3,99 €/Kg"
Ataque do T-Rex,Playmobil,1 unidade,"14,99 €","14,99 €/Unidade"
10 pães de leite,PorSi,Embalagem de 350g,"7,40 €/Kg","7,40 €/Kg"
Queijo camembert 45% mg,Páturages,Embalagem de 250 g,"2,64 €","13,20 €/Kg"
Ovos galinha solo m,PorSi,6 ovos,"1,59 €","1,59 €/Unidade"
Canetas de Feltro Lavavel Kids - 14 +4,Bic,Uma embalagem,"4,69 €","4,69 €/Unidade"
Fita adesiva,PorSi,5m x 1.25 cm,"0,79 €","0,79 €/Unidade"
Ambientador automático lavanda,PorSi,250 ml,"0,99 €","3,30 €/L"
Chá de infusão salutem nº 06 - prodigest 10 saquetas,Salutem,Embalagem de 15g,"0,38 €","38,00 €/Kg"
Rolo de Cozinha Multi,Renova,4 Rolos,"4,99 €","4,99 €/Unidade"
Bacalhau desfiado,PorSi,Embalagem de 500g,"6,39 €","7,99 €/Kg"
Vinho maduro branco,Casal da eira,Embalagem de 250 ml,"0,85 €/L","0,85 €/L"
Aguardente bagaceira,S.domingos,Garrafa de 1 l,"12,79 €","18,27 €/L"
Lambrusco tinto,*,Garrafa de 750 ml,"6,89 €","9,19 €/L"
Toalha em rolo papel verde,PorSi,1 Unidade,"3,45 €","3,45 €/Unidade"
Achocolatado em pó,Nesquik,Embalagem de 800g,"5,59 €","6,99 €/Kg"
Batata frita com sal,Ruffles,Embalagem de 90g,"1,10 €","5,95 €/Kg"
Açucar granulado,PorSi,Embalagem de 1 kg,"1,49 €","1,49 €/Kg"
Empadão de carne,PorSi,Embalagem de 1 kg,"3,99 €","9,98 €/Kg"
Chispe da Perna,Porco,1 un = 800 gr (aprox.),"3,99 €","3,99 €/Kg"
Esponja limpa camurça,PorSi,1 unidade,"5,29 €","35,27 €/L"
Fatias vegetarianas c/ legumes,Nobre,Embalagem de 100g,"3,35 €","22,33 €/Kg"
Cacetinho de Trigo,Pão do Dia,80 g,"0,19 €","2,38 €/Kg"
Cereais fitness e fruits,Nestle,Embalagem de 380g,"5,59 €","8,87 €/Kg"
Salsichas de porco em lata,PorSi,Embalagem de 200g,"0,75 €","3,75 €/Kg"
Gelatina pronta a comer light 10 kcal morango,Royal,Embalagem de 4 x 100 g,"2,29 €","5,73 €/Kg"
Castanhas 80/100,Frutos secos,1 un = 250 gr  (aprox.),"0,95 €","3,79 €/Kg"
Resguardo de colhão impermeável,PorSi,Dim.: 60 x 120 cm,"4,99 €","4,99 €/Unidade"
Inseticida elétrico melgas e mosquitos,Dum Dum,1 unidade = 45 noites,"9,89 €","274,72 €/L"
Travessa com naperon 45x36cm,PorSi,1 unidade,"0,99 €","0,99 €/Unidade"
Açúcar branco em saquetas,Rar,Embalagem com 170 saquetas,"1,49 €","1,49 €/Kg"
Bombom Caja Roja,Nestlé,Embalagem de 100G,"1,49 €","29,80 €/Kg"
Queijo ilha ralado,PorSi,Embalagem de 200g,"1,59 €","7,95 €/Kg"
Patafix branco,Uhu,Embalagem com 80 pastilhas adesivas,"2,49 €","2,49 €/Unidade"
Ovos Galinha Solo XL Categoria A,PorSi,6 unidades,"1,59 €","1,59 €/Unidade"
Bebida de Arroz,PorSi Viva Bem,1 l,"1,59 €","1,59 €/L"
Limpa Tablier,PorSi,Embalagem de 1 l,"3,49 €","13,96 €/L"
Nata uht 0% lactose,Parmalat,Embalagem de 200 ml,"0,75 €","3,75 €/L"
Cerveja c/ álcool,Super Bock,pack 24 x 0.20 l,"1,99 €/L","1,99 €/L"
Conelones recheados com espinafres e queijo ricota,PorSi,Embalagem de 1 kg,"3,99 €","3,99 €/Kg"
Café Moagem Universal do Brasil,PorSi,Embalagem de 220g,"9,16 €/Kg","9,16 €/Kg"
"Maionese, frasco",Hellmman's,Embalagem de 210g,"0,87 €","2,90 €/Kg"
Mousse chocolate,PorSi,Embalagem de 150g,"0,79 €","5,27 €/Kg"
"Salsichas wiennerwurt em frasco, 6 un",Nobre,Embalagem de 250g,"0,75 €","3,75 €/Kg"
Vinho Vinha da Fonte Setúbal tinto,Casa Ermelinda Freitas,Garrafa de 0.75 l,"8,59 €","11,45 €/L"
Balde de Limpeza com Espremedor,PorSi,unidade,"17,00 €","17,00 €/Unidade"
Coco ralado bio,PorSi Bio,Embalagem de 200 g,"1,79 €","8,95 €/Kg"
Óleo de girassol,PorSi,garrafa de 1 litro,"3,39 €","3,39 €/L"
Manteiga c/sal,Terra Nostra,Embalagem de 250g,"1,89 €","7,56 €/Kg"
Espremedor,PorSi,1 unidade,"0,89 €","0,89 €/Unidade"
Irish whiskey original,Bushmills,Garrafa de 700 ml,"19,99 €","19,99 €/L"
Barco da polícia e pick up,Pinypon Action,1 unidade,"45,95 €","45,95 €/Unidade"
Soja líquido frutos exóticos,PorSi Viva Bem,Embalagem de 4 x 150 ml,"2,39 €","3,98 €/L"
Feijão manteiga,PorSi,Frasco com 540 g,"2,19 €","2,81 €/Kg"
Natas uht 3 queijos,Parmalat,Embalagem de 200 ml,"0,75 €","3,75 €/L"
Cesto multiusos com gancho,PorSi,1 unidade,"17,00 €","17,00 €/Unidade"
Creme calçado preto,PorSi,50 ml,"0,99 €","19,80 €/L"
Chouriço Nobreza,Elpozo,Vendido ao peso,"0,95 €","9,49 €/Kg"
Fermento padeiro,Royal,Embalagem de 27g,"1,89 €","17,18 €/Kg"
Posta Maruca Congelada,PorSi,Vendido ao peso a partir de 200 g (aprox.),"2,40 €","11,99 €/Kg"
Esfregona super completa,Vileda,1 unidade,"0,89 €","0,89 €/Unidade"
Tablete de chocolate negro,PorSi,Embalagem de 100 g,"0,99 €","4,95 €/Kg"
"Lava tudo antibacteriano lavanda 1,5l",PorSi,Garrafa de 1.5 l,"0,99 €","0,50 €/L"
Aroma de café,Rayners,Garrafa de 28 ml,"1,89 €","17,18 €/Kg"
Café solúvel c/ cafeína,PorSi,Embalagem de 100g,"14,50 €/Kg","14,50 €/Kg"
Manjericão,PorSi,20 g,"1,09 €","36,33 €/Kg"
Mel multifloral doseador,PorSi,Embalagem de 250g,"4,89 €","9,78 €/Kg"
"Café em grão, lote superior",Delta,Embalagem de 1 kg,"9,16 €/Kg","9,16 €/Kg"
Cappuccino café arábica cacau magro em pó,PorSi,250 ml,"3,19 €","25,52 €/Kg"
Água mineral sem gás,S.estrela,pack 4 x 1.5 l,"1,04 €","0,17 €/L"
Polpa de tomate,PorSi,Embalagem de 500 g,"3,84 €","24,00 €/Kg"
Café lote normal moagem grossa,PorSi,Embalagem de 250 g,"1,69 €","6,76 €/Kg"
Acetona,PorSi,Embalagem de 60 ml,"1,89 €","9,45 €/L"
Bio miolo amendoa compele,PorSi Bio,Embalagem de 100g,"3,65 €","7,30 €/Kg"
Chá de infusão salutem nº 23 - ginkgo biloba 10 saqu...,Salutem,Embalagem de 15g,"0,38 €","38,00 €/Kg"
Molho de whisky cocktail,Calve,Garrafa de 250 ml,"0,87 €","2,90 €/Kg"
Café em cápsulas aqtivus,Delta Q,Embalagem de 55 g,"59,82 €/Kg","59,82 €/Kg"
Café torrado lote chávena máquina,Delta,Embalagem de 250g,"9,16 €/Kg","9,16 €/Kg"
Manteiga amendoim cremosa,PorSi,Embalagem de 340g,"8,54 €/Kg","8,54 €/Kg"
Desumidificador Basic,HUMYDRY,embalagem de 250g,"4,59 €","61,20 €/Kg"
Achocolatado em pó,Ovomaltine,Embalagem de 400g,"5,59 €","6,99 €/Kg"
Canja c/ aletria,Knorr,Embalagem de 70g,"0,84 €","13,55 €/Kg"
Rebuçados mel e limão,PorSi,Embalagem de 200g,"0,77 €","3,85 €/Kg"
Arroz Carolino,Saludães,Embalagem de 1 kg,"1,26 €","1,26 €/Kg"
"Refeição pronta, boião de legumes e vitela",Bledina,Embalagem de 200g,"2,09 €","10,45 €/Kg"
Fiambre Perna Extra Braseado Finissimas,Nobre,Embalagem de 120g,"0,97 €","6,49 €/Kg"
Fermento em pó,PorSi,Embalagem de 150 g,"1,89 €","17,18 €/Kg"
Doce de morango,Casa de Mateus,Embalagem de 345g,"2,19 €","9,95 €/Kg"
Whisky 15 anos c/caixa,J&B,Garrafa de 700 ml,"23,99 €","34,27 €/L"
Leite especial cálcio + vitamina d magro,Mimosa,Garrafa de 1 l,"1,29 €","1,29 €/L"
Papel Anti-traça 4 Seasons,Raid,4 unidades,"1,99 €","1,99 €/Unidade"
Butter cookies,PorSi,Embalagem de 450g,"0,90 €","6,00 €/Kg"
"Maionese, frasco",Hellmman's,Embalagem de 420g,"0,87 €","2,90 €/Kg"
Creme p/ barrar de chocolate e avelã,Milka,Embalagem de 340g,"8,54 €/Kg","8,54 €/Kg"
Semente pevide abóbora,Salutem,Embalagem de 200g,"7,99 €","6,39 €/Kg"
Pilha alcalina classic lr20x2,Domédia,1 unidade,"1,99 €","1,99 €/Unidade"
"Escova de dentes macia, 7-13 anos",Labell,1 unidade,"1,05 €","1,05 €/Unidade"
Iogurte Líquido Frutos Tropicais,PorSi,1 Embalagem 4X160G,"1,31 €","2,05 €/Kg"
Água com gás natural,Perrier,Embalagem de 750ml,"2,85 €","2,85 €/L"
Caramelos de fruta,Penha,Embalagem de 250 g,"1,19 €","4,76 €/Kg"
Batata frita rodelas,PorSi,Embalagem de 2x70g,"1,10 €","5,95 €/Kg"
Polpa de tomate em garrafa,Compal,Embalagem de 500g,"3,84 €","24,00 €/Kg"
Esparguete Clássica,Nacional,Embalagem de 500 g,"0,99 €","1,98 €/Kg"
Bolachas infantil dinossauros,Artiach,Embalagem de 190g,"1,89 €","15,75 €/Kg"
Bebida essencial frutos vermelhos,Compal,Pack 3 x 0.11 l,"2,09 €","6,33 €/L"
Brandy,Constantin,Garrafa de 700 ml,"11,99 €","17,13 €/L"
Spray fornos e grelhadores,Cif,435 ml,"1,79 €","2,39 €/L"
Vinho tinto,PorSi,embalagem de 1 litro,"0,85 €/L","0,85 €/L"
Tiras de bacon fumado,PorSi,Embalagem de 300g,"2,79 €","9,30 €/Kg"
Nata uht para culinária,Parmalat,Embalagem de 200 ml,"0,75 €","3,75 €/L"
Rolos de papel multiusos 2 folhas,PorSi,1 unidade,"4,99 €","4,99 €/Unidade"
Feijão branco fidalgo,Legumes secos,1 un = 100 gr. (aprox.),"0,23 €","2,29 €/Kg"
Discos de algodão para bebé,PorSi,60 unidades,"1,79 €","1,79 €/Unidade"
Ambientador gel floral,PorSi,150 g,"4,79 €","4,79 €/Unidade"
Hambúrgueres de peru,PorSi,Embalagem de 4x80g,"2,79 €","8,72 €/Kg"
Bandas de cera fria facial,Labell,Embalagem com 20 un. + 4 toalhitas de acabamento,"1,19 €","1,19 €/Unidade"
Desodorizante roll on dermo invisible,Sanex,Embalagem de 50 ml,"4,69 €","31,27 €/L"
Manteiga com sal e sem lactose,Mimosa,Embalagem de 250g,"1,89 €","7,56 €/Kg"
Snack Cão Prodental,PorSi,Embalagem 180 g,"1,09 €","6,06 €/Kg"
Polpa de tomate com cebola e alho,Compal,Embalagem de 500g,"3,84 €","24,00 €/Kg"
Mousse de manga,*,140 ml,"1,89 €","13,50 €/L"
Champô cabelos pintados,Labell,Embalagem de 250 ml,"5,59 €","13,98 €/L"
Barra s.k frutos vermelhos,Kellogg's,Embalagem de 130g,"1,29 €","10,24 €/Kg"
Salsa,PorSi,Embalagem de 50g,"0,99 €","19,80 €/Kg"
Caixa de ferramentas 32 peças,Vicam,1 unidade,"14,99 €","14,99 €/Unidade"
Tarteletes com recheio morango,PorSi,Embalagem de 96g,"0,79 €","4,49 €/Kg"
"Limpa vidros pistola, cristal",Ajax,Embalagem de 500 ml,"3,19 €","6,38 €/L"
Moscatel de Setúbal,Bacalhoa,Garrafa de 750 ml,"5,99 €","7,99 €/L"
Massa esparguete,Milaneza,Embalagem de 500g,"0,99 €","1,98 €/Kg"
"Frigideira anti-aderente, 20cm",PorSi,1 unidade,"9,99 €","9,99 €/Unidade"
Café em grão,Delta,Embalagem de 1 kg,"9,16 €/Kg","9,16 €/Kg"
12 nuggets frango polme americano,Capitão Iglo,Embalagem de 220g,"3,99 €","9,98 €/Kg"
Desodorizante spray energy,Labell Men,Embalagem de 200 ml,"1,39 €","6,95 €/L"
Intensificador de fragrância máquina lavar roupa pér...,Comfort,Embalagem de 275 g,"9,99 €","36,33 €/Kg"
Régua duplo decimetro,CA1,1 unidade,"2,49 €","2,49 €/Unidade"
Sacos de congelação pequenos,PorSi,"50 unidades, 1 embalagem","1,11 €","1,11 €/Unidade"
"Leite uht, com café, galão alentejano",Serraleite,Embalagem de 1 l,"1,49 €","1,49 €/L"
Tablete de chocolate culinário negro,PorSi,Embalagem de 200 g,"0,99 €","4,95 €/Kg"
Bolachas starship tradicional,PorSi,Embalagem de 150g,"0,90 €","6,00 €/Kg"
Iogurte líquido morango/cereais,PorSi,Embalagem de 4 x 160 g,"1,31 €","2,05 €/Kg"
Iogurte Pedaços Pêssego,PorSi,Embalagem de 2x135 g,"0,69 €","1,38 €/Kg"
Absorve cheiros p/ frigorífico,HUMYDRY,1 unidade,"4,79 €","4,79 €/Unidade"
Limpeza Cozinha Vitro e Placas Spray,Mistolin,500 ml,"1,79 €","2,39 €/L"
Vinho verde branco alvarinho,Pbrejoeira,Garrafa de 0.75 l,"3,09 €","3,09 €/L"
Sumo 100% Fruta Laranja Espremida,Compal,1 litro,"1,09 €","0,73 €/L"
Posta de tintureira,PorSi,Embalagem de 500 g,"4,39 €","10,98 €/Kg"
Feijao frade,PorSi,Embalagem de 500g,"0,95 €","1,90 €/Kg"
Polpa tomate biológico,Guloso,Embalagem de 500g,"3,84 €","24,00 €/Kg"
Caldo de galinha 24 cubos,Knorr,Embalagem de 240g,"3,84 €","24,00 €/Kg"
Sidra maçã,Bandida,Lata de 500 ml,"1,59 €","3,18 €/L"
Mousse de chocolate leite,Páturages,Embalagem de 4x60 g,"0,99 €","1,65 €/Kg"
Ambientador vela fresh berries,Glade,1 unidade com 129 g,"4,99 €","4,99 €/Unidade"
Cerveja 0.0%,Heineken,Pack 6 x 0.25 l,"5,99 €","3,03 €/L"
Adoçante com doseador,PorSi,Embalagem 300 comprimidos,"5,99 €","23,96 €/Kg"
Paté de atum,PorSi,Embalagem de 65 g,"1,19 €","13,52 €/Kg"
Atum ao natural,Ramirez,Embalagem de 120g,"0,89 €","7,42 €/Kg"
Detergentes máquina lavar loiça next generation,PorSi,30 pastilhas,"2,99 €","2,99 €/Unidade"
Néctar 8 frutos,Bongo,Pack 3 x 200 ml,"0,99 €","0,99 €/L"
"Pasta dentífrica, dentes/gensivas sensitive",Labell,Embalagem de 75 ml,"2,39 €","31,87 €/L"
"Escova de dentes, proteção global média, 2 unidades",Labell,Uma embalagem,"1,49 €","1,49 €/Unidade"
Bolachas ricanela,Cuetara,Embalagem de 400g + 100g grátis,"1,69 €","3,38 €/Kg"
Leite uht sem lactose magro,PorSi Viva Bem,1 litro,"0,83 €","0,83 €/L"
Leite C/ Chocolate,Mimosa,Embalagem de 4 x 200 ml,"0,26 €","1,30 €/L"
Chá de infusão nº 16 - mirtilo 10 saquetas,Salutem,Embalagem de 15g,"0,38 €","38,00 €/Kg"
Detergente liquido loiça limão,PorSi,Garrafa de 1 litro,"1,05 €","2,10 €/L"
Lambrusco branco,Sorbello,Garrafa de 0.75 l,"6,89 €","9,19 €/L"
Acetona,PorSi,Embalagem de 250 ml,"1,89 €","9,45 €/L"
Molho iogurte,PorSi,Garrafa de 285 ml,"0,87 €","2,90 €/Kg"
Azeite Subtil,Gallo,Garrafa de 750 ml,"8,59 €","4,30 €/L"
Rhum com coco,Malibu,Garrafa de 700 ml,"20,99 €","29,99 €/L"
Cotonetes para bebé,PorSi,Embalagem com 60 unidades,"0,58 €","0,58 €/Unidade"
Queijo roquefort,Páturages,Embalagem de 150 g,"2,64 €","13,20 €/Kg"
Faca Mesa Conj.3 Madrid,Jomafe,1 unidade,"4,29 €","4,29 €/Unidade"
Salsichas Frankfurt em lata,Izidoro,Embalagem de 120g,"0,75 €","3,75 €/Kg"
Ervilhas bio,PorSi Bio,Frasco com 290 g,"2,19 €","2,81 €/Kg"
Batata frita palha,PorSi,Embalagem de 160g,"0,87 €","5,44 €/Kg"
Barras de cereais nesquik,Nestle,Embalagem de 150g,"1,29 €","10,24 €/Kg"
Ataque do T-Rex,Playmobil,1 unidade,"45,95 €","45,95 €/Unidade"
Eclair de Chocolate 75 g,Pastelaria do Dia,,"0,30 €/Unidade","0,30 €/Unidade"
Água sem gás,Penacova,Garrafão de 5 litros,"1,04 €","0,17 €/L"
Anti-traça lavanda,Raid,2 unidades,"1,99 €","1,99 €/Unidade"
Limpa injetores gasolina,PorSi,Embalagem de 250 ml,"11,99 €","11,99 €/L"
Vinho tinto regional península de setúbal,Dom Campos,Garrafa de 10 l,"5,19 €","1,04 €/L"
"Bolachas aperitivas, simples",Tuc,Embalagem de 100g,"2,82 €","9,40 €/Kg"
Bebida energética green,Monster,Garrafa de 500 ml,"1,39 €","5,56 €/L"
Spray renova camurça incolor,PorSi,Embalagem de 200 ml,"2,89 €","14,45 €/L"
Queijo de cabra curado,Seia,Embalagem de 430g,"1,89 €","10,50 €/Kg"
Batata roxa,Legumes do Dia,Embalagem de 5 kg,"1,39 €","9,27 €/Kg"
Tablete de chocolate de leite com amêndoas - sem açú...,PorSi Viva Bem,Embalagem de 100 g,"6,50 €/Kg","6,50 €/Kg"
Rum anejo especial,Havana,Garrafa de 700 ml,"20,99 €","29,99 €/L"
Crescido,Bacalhau da Noruega,1 un = 1.5 kg (aprox.),"8,73 €/Kg","8,73 €/Kg"
Tamaras,PorSi,Embalagem de 200g,"0,79 €","3,95 €/Kg"
Cerveja com álcool,Kings Bräu,"Embalagem de 0,33 l","1,99 €/L","1,99 €/L"
Feijão encarnado em frasco,PorSi,frasco de 540 g,"2,19 €","2,81 €/Kg"
Creme para calçado incolor,PorSi,50 ml,"0,99 €","19,80 €/L"
Vassoura pequena,PorSi,unidade,"2,20 €","2,20 €/Unidade"
Leite condensado,PorSi,Lata de 1 kg,"1,09 €","2,75 €/Kg"
Cordon bleu,PorSi,Embalagem de 1 kg,"3,99 €","9,98 €/Kg"
Massa de cotovelinhos,Nacional,Embalagem de 500g,"0,99 €","1,98 €/Kg"
Sabonete original,Palmolive,Embalagem de 4x90 g,"4,49 €","12,47 €/Kg"
Rolo tira pelos 12 folhas,PorSi,1 unidade,"11,99 €","11,99 €/Unidade"
Bolacha cookie sensations choco,Milka,Embalagem de 160g,"0,90 €","6,00 €/Kg"
Néctar vital equilibrio laranja/cenoura/manga,Compal,Embalagem de 1 l,"0,99 €","0,99 €/L"
Sumo 100% fresh maçã,Compal,Garrafa de 330 ml,"1,09 €","0,73 €/L"
Ambientador spray pure colónia de bebé,PorSi,250 ml,"0,99 €","3,30 €/L"
Maçã golden 60/65 categoria II Programa Origens,PorSi,Embalagem de 1.5 kg,"0,32 €","1,79 €/Kg"
Detergente Máquina Roupa Liquido Bebé,PorSi,50 doses,"3,55 €","2,37 €/L"
Biscoitos integrais sementes de agave,PorSi Viva Bem,Embalagem de 150g,"0,69 €","3,45 €/Kg"
Pensos Higiénicos Cottonlike Super Com Abas,Evax,12 unidades,"2,69 €","2,69 €/Unidade"
Mousse crocante baunilha,A leiteira,Embalagem 4 x 57 g,"0,99 €","1,65 €/Kg"
SuperCeys,Ceys,1 unidade,"3,19 €","3,19 €/Unidade"
Tablete de chocolate de culinária - sem açúcar,PorSi Viva Bem,Embalagem de 100 g,"1,04 €","8,32 €/Kg"
Toalha de banho,PorSi,100 x 150 cm,"29,99 €","29,99 €/Unidade"
Modulus recon,Nerf,1 unidade,"45,95 €","45,95 €/Unidade"
Napolitanas creme cacau,PorSi,Embalagem de 320g,"1,77 €","5,53 €/Kg"
Mini tostas de trigo,Diatosta,Embalagem de 350 g,"2,39 €","6,83 €/Kg"
Queijo em cubos para saladas,PorSi,Embalagem de 150 g,"1,59 €","7,95 €/Kg"
"Pilha alcalina, hightech lr6X8",Domédia,1 unidade,"1,99 €","1,99 €/Unidade"
Sacos higiénicos para animal,Canaillou,4 x 20 unidades,"1,19 €","0,24 €/Kg"
Iogurte activia líquido 0% morango/kiwi,Danone,Embalagem de 4 x 155 g,"2,79 €","6,07 €/Kg"
Pasta dentífrica herbal branqueadora,Colgate,Embalagem de 75 ml,"2,39 €","31,87 €/L"
Lambrusco bianco,*,Garrafa de 750 ml,"2,09 €","2,79 €/L"
Comida húmida para cão almôndegas,PorSi,Embalagem de 1200 g,"0,75 €","2,50 €/Kg"
Grão de bico,PorSi,embalagem de 500 g,"0,99 €","1,98 €/Kg"
Leite Meio Gordo sem Lactose,Mimosa,Pack 4 x 200 ml,"0,83 €","0,83 €/L"
Mini tostas trigo super finas,PorSi,Embalagem de 100 g,"2,39 €","6,83 €/Kg"
Fralda cueca T5 - 12 a 18 kg,PorSi,20 unidades,"4,49 €","4,49 €/Unidade"
Lombinhos,Porco,1 un=500 gr aprox.,"3,99 €","3,99 €/Kg"
Fogareiro pintado,Larmil,1 unidade,"0,75 €","0,75 €/Unidade"
Tostas integrais,Diatosta,Embalagem de 225 g,"2,39 €","6,83 €/Kg"
Salsichas em lata,PorSi,Embalagem  de 120 g,"0,75 €","3,75 €/Kg"
Chá de infusão salutem nº 22 - sene folhas 10 saquet...,Salutem,Embalagem de 15g,"0,38 €","38,00 €/Kg"
Detergente em gel máquina lavar roupa universal,Persil,85 doses,"29,99 €","7,06 €/L"
Recipiente em Silicone P/ Cozinhar em Micro Ondas,Jata,1 un.,"3,29 €","3,29 €/Unidade"
Porto 10 anos,Valadao,Garrafa de 750 ml,"10,99 €","14,65 €/L"
Veículo captura demónios,Playmobil,1 unidade,"45,95 €","45,95 €/Unidade"
Água s/ gás,Luso,"Garrafa de 0,75 l","1,04 €","0,17 €/L"
"Luvas multiusos relevo antiderrapante, tamanho peque...",PorSi,Embalagem de 1 unidades,"2,40 €","2,40 €/Unidade"
Cerveja com álcool,Sagres,Garrafa de 1 l,"1,99 €/L","1,99 €/L"
Bacalhau com natas,PorSi,Embalagem de 800 g,"3,99 €","3,99 €/Kg"
Gel de Banho Corpo e Cabelo Hidratante,Baby Dove,Embalagem de 400 ml,"4,39 €","21,95 €/L"
Compal da horta concentrado tomate,Compal,Embalagem de 140g,"3,84 €","24,00 €/Kg"
Fruta para bebé maçã banana morango +8 meses,Nestle,Embalagem de 90g,"0,74 €","8,22 €/Kg"
Repelente de água,PorSi,Embalagem de 250 ml,"3,49 €","13,96 €/L"
Chá de infusão salutem naturventre 10 saquetas,Salutem,Embalagem de 15g,"0,38 €","38,00 €/Kg"
Leite com chocolate original,Ucal,Embalagem de 6 x 250 ml,"0,26 €","1,30 €/L"
Néctar clássico tutti frutti,Compal,Garrafa de 200 ml,"0,99 €","0,99 €/L"
Sidra maçã,Somersby,pack 4 x 0.33 l,"1,59 €","3,18 €/L"
Alimento seco p/ cão actividade intensa,PorSi,Embalagem de 4kg,"14,29 €","3,57 €/Kg"
Pastilhas fire canela,CHICLETS,Embalagem de 16 g,"0,99 €","58,24 €/Kg"
Infusão de camomila,PorSi,Embalagem de 33.7 g,"20,91 €/Kg","20,91 €/Kg"
Gelados mini colosse mini mix,PorSi,Embalagem com 8 unidades,"5,99 €","16,64 €/L"
Ganchos Perfumados Lavanda,Raid,2 unidades,"1,99 €","1,99 €/Unidade"
Sopa Creme de Marisco,PorSi,Embalagem de 80 g,"0,84 €","13,55 €/Kg"
"Refrigerante com gás cola, mini lata",Coca-Cola,pack 12 x 0.15 l,"0,40 €/L","0,40 €/L"
Iogurte natural 0%,PorSi Viva Bem,Embalagem de 6 x 125 g,"0,65 €","1,30 €/Kg"
"Alimento húmido para gato 7+, aves",Whiskas,Embalagem de 400g,"2,89 €","7,23 €/Kg"
Pizza marguerita,PorSi,Embalagem de 2 x 300 g,"2,16 €","6,17 €/Kg"
Vinho verde branco,Torre de menagem,"Garrafa de 0,75 l","3,09 €","3,09 €/L"
Salsichas Frankfurt em lata,Izidoro,Embalagem de 250g,"0,75 €","3,75 €/Kg"
Tarteletes com recheio avelã,PorSi,Embalagem de 91g,"2,15 €","2,87 €/Kg"
Sumo essencial kids,Compal,pack 3 x 0.11 l,"2,09 €","6,33 €/L"
Tira Nódoas,Sanytol,embalagem com 450g,"1,69 €","1,69 €/L"
Bife do Pojadouro,Novilho,Vendido ao peso a partir de 800 g,"7,19 €","8,99 €/Kg"
Café em cápsulas Dolce Gusto Sical,Nescafé,64 cápsulas,"59,82 €/Kg","59,82 €/Kg"
Doce de tomate com frutose,Salutem,Embalagem de 340g,"3,99 €","7,98 €/Kg"
Iogurte natural açucarado em frasco de vidro,PorSi,Embalagem de 2 x 125 g,"0,65 €","1,30 €/Kg"
Mini tosta trigo,Diatosta,Embalagem de 90 g,"2,39 €","6,83 €/Kg"
20 saquetas chá de pêssego manga,Lipton,Embalagem de 40g,"58,00 €/Kg","58,00 €/Kg"
"Refresco em pó, tropical",Tang,Embalagem de 30g,"0,75 €","18,75 €/Kg"
Creme de Barrar com Sabor a Manteiga,Becel,Embalagem de 400g,"1,39 €","6,95 €/L"
Bambolitos brancos,PorSi,Embalagem de 150g,"0,79 €","5,27 €/Kg"
Rebuçados de mentol,Sweet flav,Embalagem de 250 g,"0,77 €","3,85 €/Kg"
Néctar tutti-fruti,Compal,Pack 3 x 200 ml,"0,99 €","0,99 €/L"
Leite uht magro,Mimosa,Embalagem de 1 litro,"0,83 €","0,83 €/L"
Chá de infusão salutem nº 19 - rooibos (chá vermelho...,Salutem,Embalagem de 15g,"0,38 €","38,00 €/Kg"
Pasta delícias do mar,PorSi,250 g,"3,99 €","3,99 €/Kg"
Planta cozinha,Planta,Embalagem de 500g,"1,39 €","6,95 €/L"
Cebola Programa Origens,PorSi,Embalagem de 1 kg,"1,39 €","9,27 €/Kg"
Iogurte líquido morango/banana,PorSi,Embalagem de 4 x 160 g,"1,31 €","2,05 €/Kg"
Napolitas creme baunilha,PorSi,Embalagem de 320g,"2,05 €","5,13 €/Kg"
Caldo de galinha 16 cubos,Knorr,Embalagem de 160g,"3,84 €","24,00 €/Kg"
Manteiga de amendoim crocante,Prozis,Embalagem de 500g,"8,54 €/Kg","8,54 €/Kg"
Forma de papel para bolos 6. 8cm,PorSi,Embalagem com 60 unidades,"0,99 €","0,99 €/Unidade"
Vinho rosé,Lancers,Garrafa 0.75L,"3,99 €","5,32 €/L"
Polpa de maracuja,PorSi,Embalagem de 565g,"1,99 €","2,37 €/Kg"
Caixa de ferramentas 32 peças,Vicam,1 unidade,"45,95 €","45,95 €/Unidade"
Cerveja sem álcool,Super Bock,Pack 6 x 20 cl,"5,99 €","3,03 €/L"
Elásticos multifunções,Innovagoods,1 unidade,"3,99 €","3,99 €/Unidade"
Refrigerante sem gás de manga/laran,Joi,"Garrafa de 1,5 l","1,14 €","0,76 €/L"
Nectar vital equilibrio ananás/coco,Compal,Embalagem de 1 l,"0,99 €","0,99 €/L"
Bacalhau com broa,PorSi Select,350 g,"1,79 €","7,16 €/Kg"
Flan sabor a baunilha com caramelo,PorSi,Embalagem de 6 x 100 g,"0,99 €","1,65 €/Kg"
Pano multiusos felpo,PorSi,1 unidade,"1,79 €","1,79 €/Unidade"
Anti-embaciante,PorSi,Embalagem de 250 ml,"3,49 €","13,96 €/L"
Disco giratório cardio,Innovagoods,1 unidade,"3,99 €","3,99 €/Unidade"
Filtro Chá Aço Inoxidável,Gratta,1 unidade,"3,29 €","3,29 €/Unidade"
Café moagem normal: original,Buondi,Embalagem de 220g,"1,69 €","6,76 €/Kg"
Fraldas de Incontinência Elásticos Grandes,Lindor,20 Unidades,"9,99 €","9,99 €/Unidade"
Collant mousse muskade 20D,PorSi,Tamanho: m,"1,89 €","1,89 €/Unidade"
Paprika,PorSi,Saqueta com 50 g,"0,25 €","0,25 €/Kg"
Bifanas,Porco,Vendido ao peso a partir de 1 kg,"3,99 €","3,99 €/Kg"
Bolacha Maria Integral,PorSi,Embalagem de 600g,"0,98 €","3,27 €/Kg"
Chocolate kit kat,Kit kat,Embalagem de 210g,"11,92 €/Kg","11,92 €/Kg"
Nestum flocos de cereais integrais,Nestum,Embalagem de 250g,"2,49 €","9,96 €/Kg"
Fígado,Porco,Vendido ao peso a partir de 1 kg,"0,60 €","5,99 €/Kg"
Luvas Universal Média/Grande,Vileda,1 unidade,"2,40 €","2,40 €/Unidade"
Nata uht,Mimosa,embalagem de 200 ml,"0,75 €","3,75 €/L"
Licor de anis,Xarao,Garrafa de 700 ml,"16,99 €","24,27 €/L"
Bloco Sanitário Sólido Poder Activo Pinho,Sonasol,Embalagem de 2x50 g,"37,36 €/Kg","37,36 €/Kg"
Amaciador concentrado para roupa floral,PorSi,80 doses,"1,99 €","1,00 €/L"
La Croix Rosé,Peyrassol,0.75 litros,"6,89 €","9,19 €/L"
Whisky black bush,Bushmills,Garrafa de 700 ml,"19,99 €","19,99 €/L"
10 nuggets peito de frango e queijo,Capitão Iglo,Embalagem de 210g,"2,79 €","8,72 €/Kg"
Fermento de padeiro em pó,Fermipan,Embalagem de 4x11 g,"1,89 €","17,18 €/Kg"
Desinfetante p/ Cozinha,Sanytol,Embalagem de 750 ml,"2,89 €","5,25 €/L"
Mesa parque diversões,Baby Clementoni,1 unidade,"29,99 €","29,99 €/Unidade"
Creme de fixação para dentaduras,Labell,Embalagem de 50 g,"3,99 €","3,99 €/Unidade"
Gel de Banho Corpo e Cabelo Sensitive,Baby Dove,Embalagem de 400 ml,"4,39 €","21,95 €/L"
Leite uht magro,PorSi,Embalagem de 1 litro,"0,83 €","0,83 €/L"
Leite s/ lactose meio gordo,Mimosa,Garrafa de 1 l,"1,29 €","1,29 €/L"
Salsa folhas,PorSi,Saqueta de 12 g,"0,25 €","0,25 €/Kg"
Mesa Extensível Bolívia Antracite,Joluce,190x105x71 cm | Extensível até 250 cm,"119,99 €","119,99 €/Unidade"
Cappuccino intenso,Nescafe,Embalagem de 130g,"3,19 €","25,52 €/Kg"
Drageias de chocolate de leite,PorSi,200 g,"1,39 €","19,86 €/Kg"
Batata pré-frita mediterranean,MCCAIN,Embalagem de 750g,"1,39 €","1,39 €/Kg"
Presépio c/ 4 Figuras de Cerâmica,B. Couto,Dim.: 22cm,"6,99 €","6,99 €/Unidade"
Chá de plantas salutem - rooibos (chá vermelho) r,Salutem,Embalagem de 50g,"0,38 €","38,00 €/Kg"
Preparado de bolo de mármore,PorSi,528 g,"1,69 €","8,45 €/L"
Pasta de atum,Fides,Embalagem de 90g,"1,19 €","13,52 €/Kg"
Gelatina morango 10kcal,Royal,Embalagem de 30g,"0,55 €","61,11 €/Kg"
Batata frita gourmet,PorSi,Embalagem de 150g,"1,10 €","5,95 €/Kg"
Queijo flamengo em fatias,Terra Nostra,Embalagem de 200g,"1,96 €","9,80 €/Kg"
Sal de mesa,PorSi,Embalagem de 250 g,"0,25 €","0,25 €/Kg"
Filete de anchovas estendidas,General,Embalagem de 40g,"0,89 €","7,42 €/Kg"
Mini tostas integrais,PorSi,Embalagem de 180g,"2,39 €","6,83 €/Kg"
16 mini croquetes de carne,PorSi,Embalagem de 290 g,"1,79 €","7,16 €/Kg"
Óleo Cedro Líquido,PorSi,Embalagem de 200 ml,"1,39 €","1,26 €/L"
Arroz brajma,Cigala,Embalagem de 1 kg,"1,26 €","1,26 €/Kg"
Taolhão de banho,PorSi,100 x 150 cm,"29,99 €","29,99 €/Unidade"
Napolitanas creme cacau,PorSi,Embalagem de 320g,"2,05 €","5,13 €/Kg"
Cereais argolas de mel,PorSi,Embalagem de 375 g,"5,07 €/Kg","5,07 €/Kg"
Iogurte tipo grego stracciatella,PorSi,Embalagem de 500g,"1,49 €","2,98 €/Kg"
Moinho pimenta preta em grão,PorSi,Frasco com 45 g,"0,25 €","0,25 €/Kg"
Gelado fizz limão,Olá,Embalagem de 6 x 60 ml,"5,99 €","16,64 €/L"
Chá de infusão salutem nº 08 - procolesterol 10 saqu...,Salutem,Embalagem de 15g,"0,38 €","38,00 €/Kg"
Feijão branco,Compal,Lata de 410 ml,"2,19 €","2,81 €/Kg"
Fósforos longos,Quinas,Embalagem com 3 unidades,"1,50 €","1,50 €/Unidade"
Cereais chocapic,Nestle,Embalagem de 630g,"5,07 €/Kg","5,07 €/Kg"
Sumo 100% maçã,PorSi,"Embalagem de 1,5 l","1,09 €","0,73 €/L"
Chá de infusão salutem nº 25 - laranjeira flor 10 sa...,Salutem,Embalagem de 15g,"0,38 €","38,00 €/Kg"
Palito fry n' dip,MCCAIN,Embalagem de 500g,"1,39 €","1,39 €/Kg"
Veg bowls trigo sarraceno&brócolos 350g,Iglo green,Embalagem de 350g,"3,99 €","19,95 €/Kg"
Creme proteção de gengivas,Polident,Embalagem de 40 g,"3,99 €","3,99 €/Unidade"
Recarga mopa,PorSi,1 unidade,"2,20 €","2,20 €/Unidade"
Iogurte activia natural,Danone,Embalagem de 4 x 120 g,"2,79 €","6,07 €/Kg"
Água com gás,Vimeiro,pack 6 x 0.25 l,"2,85 €","2,85 €/L"
Néctar de 8 frutos,Bongo,Garrafa de 1 l,"0,99 €","0,99 €/L"
Iogurte morango skyr 0%,PorSi Viva Bem,150 g,"0,79 €","5,27 €/Kg"
Sombrinhas de Natal,Regina,Embalagem de 35 g,"1,35 €","38,57 €/Kg"
Café solúvel viena,Nescafe,Embalagem de 140g,"14,50 €/Kg","14,50 €/Kg"
Café Qalidus XXL,Delta Q,Embalagem com 60 cápsulas,"59,82 €/Kg","59,82 €/Kg"
Aperitivo pappadum simples,PATAKS,Embalagem de 100g,"0,79 €","7,90 €/Kg"
Whisky,Glen crina,Garrafa de 700 ml,"19,99 €","19,99 €/L"
"Fermento em pó, lata",Royal,Embalagem de 110g,"1,89 €","17,18 €/Kg"
Vermute rosso,Martini,Garrafa de 1 l,"11,99 €","11,99 €/L"
Arroz integral,PorSi Viva Bem,Embalagem de 1 kg,"1,79 €","1,79 €/Kg"
Delícias em forma de lagosta,Pescanova,Embalagem de 260g,"2,19 €","8,59 €/Kg"
Néctar vital equilíbrio frutos vermelhos,Compal,Garrafa de 200 ml,"0,99 €","0,99 €/L"
Nestum bolacha maria,Nestum,Embalagem de 250g,"2,49 €","9,96 €/Kg"
1ª papa láctea multifrutos sem glúten +4 meses,Cerelac,Embalagem de 250g,"4,99 €","4,99 €/Kg"
Café mistura peninsular,Delta,Embalagem de 250g,"0,99 €","3,96 €/Kg"
Iogurte líquido tutti-frutti,Danone,Embalagem de 4 x 155 g,"1,31 €","2,05 €/Kg"
Vela em número nº5,PorSi,1 unidade,"0,60 €","0,60 €/Unidade"
Tentáculos pota,PorSi,Embalagem de 800G,"5,49 €","6,86 €/Kg"
"Pensos diários respirare, 44 unidades",Carefree,Uma embalagem,"1,79 €","1,79 €/Unidade"
Chupa original,Chupachups,Embalagem de 120g,"3,40 €","28,33 €/Kg"
Queijo são jorge dop,PorSi Select,Embalagem de 400g,"6,99 €","13,98 €/Kg"
Cesto para o lixo bancada,PorSi,1 unidade,"17,00 €","17,00 €/Unidade"
Cheeseburger de Vaca,Snock,,"3,09 €","15,45 €/Kg"
Néctar de pera,PorSi,Pack 3 x 200 ml,"0,99 €","0,99 €/L"
Farinha sem fermento t65,PorSi,Embalagem de 5 kg,"1,99 €","1,99 €/Kg"
Nestum flocos de cereais com mel,Nestum,Embalagem de 300g,"2,49 €","9,96 €/Kg"
Mistura solúvel c/ 20% café granulado,PorSi,Embalagem de 200g,"0,99 €","3,96 €/Kg"
Chocolate em pó 70% cacau,STARBUCKS,Embalagem de 300g,"5,59 €","6,99 €/Kg"
Lambrusco rose,*,Garrafa de 750 ml,"2,09 €","2,79 €/L"
Camarão moçambique 60/80,PorSi,800 g,"8,99 €","25,69 €/Kg"
Queijinhos mini,Babybel,Embalagem de 240g,"4,39 €","18,29 €/Kg"
"Paté de sarinha, atum e marisco",Fides,Embalagem de 90g,"1,19 €","13,52 €/Kg"
Churritos,PorSi,Embalagem de 240g,"2,05 €","5,13 €/Kg"
Vinho branco,PorSi,embalagem de  3X187 ml,"0,85 €/L","0,85 €/L"
Bebida de Soja Chocolate,PorSi Viva Bem,Pack: 3 x 200 ml,"2,49 €","2,49 €/L"
Pensos banda,PorSi,100 x 6 cm,"0,79 €","0,79 €/Unidade"
6 empadas de galinha,PorSi,Embalagem de 330g,"1,79 €","7,16 €/Kg"
Limpa carpetes,PorSi,Embalagem de 1 litro,"2,49 €","2,49 €/L"
Dinossauros,Discovery Channel,set 30 peças,"10,99 €/Unidade","10,99 €/Unidade"
"Briquetes madeira, 12 unidades",Nova lenha,1 embalagem,"0,75 €","0,75 €/Unidade"
Água mineral natural alcalina,MONCHIQUE,"6x1,5l","1,04 €","0,17 €/L"
Pringles original,Pringles,Embalagem de 175g,"1,10 €","5,95 €/Kg"
Bolachas com pepitas de chocolate sem glúten,Schar,Embalagem de 200g,"0,79 €","5,27 €/Kg"
"Ambientador automático, fresh matic, oasis turquesa",Air Wick,Embalagem de 1 unidades,"11,99 €","11,99 €/Unidade"
Coca-cola light,Coca-Cola,Garrafa de 1 l,"0,40 €/L","0,40 €/L"
"Rolos de cozinha compactos, branco, máxima absorção,...",Renova,1 unidade,"4,99 €","4,99 €/Unidade"
Farinha rainha c/ fermento,Nacional,Embalagem de 1000 g,"1,99 €","1,99 €/Kg"
Ananás em rodelas,PorSi,Embalagem de 565 g,"1,99 €","2,37 €/Kg"
Mini Tostas de Trigo,PorSi,Embalagem de 350 g,"2,39 €","6,83 €/Kg"
Bebida energética,Red Bull,Garrafa de 360 ml,"1,39 €","5,56 €/L"
Gin premium hendricks 0.70l,Hendricks,Garrafa de 700 ml,"16,49 €","23,56 €/L"
Vinho verde branco alvarinho,Contacto,Garrafa de 0.75 l,"3,09 €","3,09 €/L"
Manga Avião,Fruta do Dia,1 un=500 gr (aprox.),"2,00 €","3,99 €/Kg"
Pastilhas limpa próteses,Labell,embalagem com 36 unidades,"3,99 €","3,99 €/Unidade"
Coxinhas de frango,PorSi,Embalagem de 360g,"3,99 €","9,98 €/Kg"
Leite de cabra uht meio gordo,President,Embalagem 1L,"0,83 €","0,83 €/L"
Leite pasteurizado meio gordo,Vigor,Garrafa de 1 l,"1,19 €","1,19 €/L"
Néctar pêssego,Compal,Pack 3 x 200 ml,"0,99 €","0,99 €/L"
Azeite virgem extra clássico,Gallo,Garrafa de 750 ml,"8,59 €","4,30 €/L"
Limpa máquinas de loiça limão,PorSi,Embalagem de 250 ml,"2,99 €","2,99 €/Unidade"
Queijo emmental ralado,PorSi,Embalagem de 200 g,"1,59 €","7,95 €/Kg"
Vinho tinto regional tejo reserva,Alorna,Garrafa de 0.75 l,"4,99 €","6,65 €/L"
10 saquetas chá frutos vermelhos,Lipton,Embalagem de 10g,"58,00 €/Kg","58,00 €/Kg"
Laranja Económica,Fruta do Dia,1 un = 250 gr  (aprox.),"0,50 €","1,99 €/Kg"
Colher de sopa de servir inox,Domédia,1 unidade,"3,29 €","3,29 €/Unidade"
Queijo grana padano D.O.P 16 meses de cura,PorSi Select,Embalagem de 180 g,"2,87 €","15,94 €/Kg"
Cebola Embalada,Nossa seleção,Embalagem de 1Kg (aprox.),"1,39 €","9,27 €/Kg"
Refrigerante sem gás laranja,Trina,"Garrafa de 1,5 l","1,14 €","0,76 €/L"
Collant opac microfibra preto 60D,PorSi,Tamanho: l,"1,89 €","1,89 €/Unidade"
Papel de alumínio,PorSi,50 metros,"1,11 €","1,11 €/Unidade"
Monopoly super maus perdedores,Monopoly,,"16,99 €/Unidade","16,99 €/Unidade"
"Sumo 100% fresh, laranja",Compal,Embalagem de 200 ml,"1,09 €","0,73 €/L"
Pensos Higiénicos Cottonlike Normal Abas,Evax,embalagem de 16 unidades,"2,69 €","2,69 €/Unidade"
Desinfetante de frutas e vegetais,Clean Essence,500 ml,"1,89 €/Kg","1,89 €/Kg"
Bolachas chips ahoy,Ca!,Embalagem de 130g,"0,90 €","6,00 €/Kg"
Régua 20 cm,Mab,1 un.,"2,49 €","2,49 €/Unidade"
Fiambre da Pá,PorSi,1 un = 150 gr (aprox.),"0,97 €","6,49 €/Kg"
Leite condensado magro,PorSi,Embalagem de 390 g,"1,09 €","2,75 €/Kg"
Pensos para bolhas,PorSi,20 unidades,"0,79 €","0,79 €/Unidade"
Queijo Flamengo em Barra,Terra Nostra,1 un = 150 gr (aprox.),"1,96 €","9,80 €/Kg"
"Refrigerante sem gás, laranja",Joi,"Garrafa de 1,5 l","1,14 €","0,76 €/L"
Pensos peles sensíveis sortidos,PorSi,20 unidades,"0,79 €","0,79 €/Unidade"
Bolachas marítimas clássicas,PorSi Viva Bem,Embalagem de 200g,"1,45 €","11,15 €/Kg"
Ração seca para gato adulto de peixe,PorSi,Embalagem 2 kg,"3,99 €","2,00 €/Kg"
Filetes de cavala em azeite,PorSi,Embalagem de 120 g,"0,89 €","7,42 €/Kg"
Bebida de soja com cálcio,PorSi Viva Bem,Embalagem de 1 litro,"2,49 €","2,49 €/L"
Maionese,PorSi,Embalagem de 260 g,"0,87 €","2,90 €/Kg"
Néctar de laranja e cenoura light,PorSi,Embalagem de 1 litro,"0,84 €","2,55 €/L"
4 hamburguers vaca s/ glúten,Capitão Iglo,Embalagem de 320g,"2,79 €","8,72 €/Kg"
"Pasta dentífrica, tripla ação",Labell,Embalagem de 75 ml,"2,39 €","31,87 €/L"
"Forma papel para bolos, 10. 5cm",PorSi,Embalagem com 60 unidades,"0,99 €","0,99 €/Unidade"
Concentrado de laranja,Sunquick,Garrafa de 700 ml,"3,89 €","5,19 €/L"
Camarão vannamei 24/40,Pescanova,Embalagem de 800g,"8,99 €","25,69 €/Kg"
Creme abrasivo original,Cif,Garrafa de 700 ml,"0,99 €","1,32 €/L"
Leite de pastagem meio-gordo,Terra Nostra,Embalagem de 1 litro,"0,83 €","0,83 €/L"
Saqueta puré de fruta e bolacha,PorSi,Embalagem de 90g,"0,74 €","8,22 €/Kg"
Soquete mousse 20d tabac t. único,PorSi,3 unidades,"1,89 €","1,89 €/Unidade"
Ambientador vela frutos vermelhos,PorSi,1 unidade,"4,99 €","4,99 €/Unidade"
Queijo Curado Amanteigado,Fonte Mourisca,1 un = 250 gr  (aprox.),"6,99 €","13,98 €/Kg"
Palmiers,PorSi,Embalagem de 720 g,"0,69 €","3,45 €/Kg"
Pensos peles sensíveis sortidos,PorSi,30 unidades,"0,79 €","0,79 €/Unidade"
Cerveja super bock,Super Bock,Pack 6 x 200 ml,"1,99 €/L","1,99 €/L"
Ambientador recarga oasis turquesa,Air Wick,Garrafa de 250 ml,"5,99 €","23,96 €/L"
Salsa folhas,PorSi,Embalagem de 10g,"0,25 €","0,25 €/Kg"
12 ovos codorniz,PorSi,Embalagem de 1 unidades,"2,55 €","2,55 €/Unidade"
Sopa de tomate,Knorr,Embalagem de 90g,"0,84 €","13,55 €/Kg"
Sopa Canja de Galinha c/ Aletria,PorSi,Embalagem de 75 g,"0,84 €","13,55 €/Kg"
Assento Auto,Bebéconfort,unidade,"54,99 €","54,99 €/Unidade"
Café lote bocage moagem única,Nicola,Embalagem de 250g,"9,16 €/Kg","9,16 €/Kg"
Achocolatado em Pó,Nesquik,Embalagem de 700g,"5,59 €","6,99 €/Kg"
Protetor Solar Spray Protect & Moisture SPF30,Nivea Sun,Embalagem de 270ml,"16,99 €","84,95 €/L"
Tablete de chocolate culinário 70% negro,PorSi,Embalagem de 200 g,"0,99 €","4,95 €/Kg"
Papel higiénico branco 2 folhas,PorSi,48 rolos,"1,99 €","1,99 €/Unidade"
Reizinhos 100gr,Pastelaria do Dia,,"8,99 €","11,24 €/Kg"
Tira gorduras pistola,Mistolin,Garrafa de 550 ml,"2,89 €","5,25 €/L"
Ambientador vela odor cozinha,PorSi,1 unidade,"4,99 €","4,99 €/Unidade"
Água mineral sem gás,Vitalis,Pack 6 x 1.5 l,"1,04 €","0,17 €/L"
Gelatina pronta a comer morango,Royal,Embalagem de 4 x 100 g,"2,29 €","5,73 €/Kg"
Cogumelos fatiados,PorSi,Embalagem de 400g,"1,98 €","1,98 €/Kg"
Óleo para travões,Redex,Embalagem de 250 ml,"11,99 €","11,99 €/L"
Preparado de bolo de chocolate,PorSi,500 g,"1,69 €","8,45 €/L"
Café descafeinado,PorSi,Embalagem de 250g,"1,59 €","6,36 €/Kg"
Senses Watermelon,Trident,1 un.,"0,99 €","58,24 €/Kg"
Ice tea de manga,PorSi,"Embalagem de 6x0,20 l","1,14 €","0,76 €/L"
Lava tudo antibacteriano floral,PorSi,"Garrafa de 1,5 l","0,99 €","0,50 €/L"
Cillit bang limpa vidros,Cillitbang,Garrafa de 500 ml,"3,19 €","6,38 €/L"
Rolo de Cozinha Touch 4D XL,Renova,Embalegem c/ 3 Rolos,"4,99 €","4,99 €/Unidade"
Puré de maçã sem adição açúcar,PorSi,700 g,"0,74 €","8,22 €/Kg"
Leite Hidratante Óleos Maravilhosos,Ultra Suave,Embalagem de 400 ml,"12,48 €/L","12,48 €/L"
Tábua de engomar park & go,Vileda,1 un.,"16,50 €","16,50 €/Unidade"
Tablete chocolate de leite,PorSi,embalagem de 100 g,"5,30 €/Kg","5,30 €/Kg"
Cabeça de Aipo,Legumes do Dia,1 un = 500 g (aprox.),"3,49 €","13,96 €/Kg"
Leite seleccionado meio gordo,Matinal,Garrafa de 1 l,"0,83 €","0,83 €/L"
Conjunto de 3 pinceis nº 4/8/12,Domédia,Uma embalagem,"4,69 €","4,69 €/Unidade"
Aguardente,1920,Garrafa de 700 ml,"12,79 €","18,27 €/L"
Molho tomate com azeitonas,PorSi,Frasco de 420g,"0,87 €","2,90 €/Kg"
Descafeinado,Buondi,10 cápsulas,"1,59 €","6,36 €/Kg"
Morcela assar fundao,PorSi,Embalagem de 250g,"1,49 €","7,45 €/Kg"
Vela número 0,Vahine,Embalagem de 1 unidades,"0,60 €","0,60 €/Unidade"
Ervilhas bio,PorSi Bio,Frasco com 290 g,"3,65 €","7,30 €/Kg"
Snacks croc.amendoim,PorSi,Embalagem de 90g,"0,79 €","7,90 €/Kg"
Cola apanha ratos,Neolar,Embalagem de 200 ml,"5,09 €","8,48 €/L"
6 Preservativos Adapta Nature,Control,,"4,49 €","4,49 €/Unidade"
"Fita Isoladora, 2 Rolos",Itools,1 unidade,"3,19 €","3,19 €/Unidade"
Barco da polícia e pick up,Pinypon Action,1 unidade,"17,99 €","17,99 €/Unidade"
Pão com Cereais 125 g,Pão do Dia,,"0,19 €","2,38 €/Kg"
Sumo 100% laranja,Compal,1 litro,"1,09 €","0,73 €/L"
Néctar vital equilibrio manga/maracujá,Compal,Embalagem de 1 l,"0,84 €","2,55 €/L"
Spray power&shine multiusos c/ lixívia,Cif,Garrafa de 750 ml,"0,79 €","0,79 €/L"
Almôndegas bolonhesa,Iglo,Embalagem de 400g,"3,99 €","9,98 €/Kg"
Areia para gatos 100% natural,PorSi,Embalagem de 5 kg,"1,19 €","0,24 €/Kg"
Leite condensado,PorSi,Embalagem de 397 g,"1,09 €","2,75 €/Kg"
Actimel tutti-frutti,Danone,Embalagem de 6 x 100g,"4,15 €/Kg","4,15 €/Kg"
Rabos,Porco,1 un = 250 gr  (aprox.),"0,60 €","5,99 €/Kg"
Sabonete líquido para as mãos de coco,Dove,embalagem de 250 ml,"1,19 €","3,97 €/L"
Legumes grelhados,PorSi,Embalagem de 750g,"1,98 €","1,98 €/Kg"
Pudim de chocolate,PorSi,Embalagem de 110g,"0,59 €","29,50 €/Kg"
Yopro líquido manga,Danone,Embalagem de 300g,"1,31 €","2,05 €/Kg"
Filetes primavera limão,Iglo,Embalagem de 230g,"1,79 €","7,16 €/Kg"
Lulas recheadas,Piteu,Embalagem de 120g,"0,89 €","7,42 €/Kg"
Farinha para pão integral,Nacional,Embalagem de 1 kg,"1,99 €","1,99 €/Kg"
Cerveja com álcool,Sagres,pack 24 x 0.25 l,"1,99 €/L","1,99 €/L"
Soro fisiológico,PorSi,Embalagem de 100 ml,"0,59 €","5,90 €/L"
Dispensador com sacos higiénicos para animal,Canaillou,2 x 20 unidades,"1,19 €","0,24 €/Kg"
Noodle banzai carne,Cigala,Embalagem de 70g,"0,99 €","1,98 €/Kg"
Prato para Bolo com Tampa,*,1 unidade,"7,99 €","7,99 €/Unidade"
Piaçaba com suporte,PorSi,1 unidade,"4,59 €","61,20 €/Kg"
Fraldas Activity Extra T5 |13-19 kg,Dodot,48 Unidade,"13,29 €/Unidade","13,29 €/Unidade"
Ice tea de pêssego,PorSi,"Embalagem de 1,5 l","1,14 €","0,76 €/L"
Chá de infusão salutem nº 46 - oliveira 10 saquetas,Salutem,Embalagem de 15g,"0,38 €","38,00 €/Kg"
Chá de infusão salutem nº 42 - carqueja 10 saquetas,Salutem,Embalagem de 15g,"0,38 €","38,00 €/Kg"
Trinca de arroz,PorSi,Embalagem de 1 kg,"14,29 €","3,57 €/Kg"
Atum posta em óleo vegetal,PorSi,Embalagem de 385g,"0,89 €","7,42 €/Kg"
Pensos peles sensíveis XL,PorSi,5 unidades,"0,79 €","0,79 €/Unidade"
Jardineira,Novilho,1 un = 200 gr (aprox.),"7,19 €","8,99 €/Kg"
Ambientador aerossol 5 em 1 frescura água,PorSi,300 ml,"0,99 €","3,30 €/L"
Ananás pedaços em calda,PorSi,Embalagem de 565g,"1,99 €","2,37 €/Kg"
Spray renova camurça preta,PorSi,Embalagem de 200 ml,"2,89 €","14,45 €/L"
Cápsulas de café qharacter,Delta Q,Embalagem de 60g,"59,82 €/Kg","59,82 €/Kg"
Ambientador recarga lavanda,Air Wick,Garrafa de 250 ml,"5,99 €","23,96 €/L"
Bolacha shortcake chocolate,Nacional,Embalagem de 180g,"1,69 €","6,76 €/Kg"
Mel rosmaninho 500g,SERRAMEL,Embalagem de 500G,"4,89 €","9,78 €/Kg"
Pudim caramelo,PorSi,Embalagem de 90g,"0,59 €","29,50 €/Kg"
Lâmpada LED Formato Clássico 8W E27 220-240V,Domédia,1 un.,"3,49 €","3,49 €/Unidade"
Refrigerante com gás free,Seven-up,"Garrafa de 1,25 l","0,40 €/L","0,40 €/L"
Batata pom'duchesse,PorSi,Embalagem de 600g,"1,39 €","1,39 €/Kg"
Cerveja branca,Super Bock,pack 30 x 0.20 l,"1,99 €/L","1,99 €/L"
"Ice tea, pêssego",PorSi,"Embalagem de 6x0,20 l","1,14 €","0,76 €/L"
Fraldas premium T4 - 9 a 15 kg,PorSi,50 unidades,"13,29 €/Unidade","13,29 €/Unidade"
Jaca em calda,Koala,Embalagem de 570g,"1,99 €","2,37 €/Kg"
Churrasqueira,Écoiffier,1 unidade,"14,99 €","14,99 €/Unidade"
Açafrão das Índias,PorSi,Embalagem de 50g,"0,25 €","0,25 €/Kg"
Gelado cornetto morango,Olá,Embalagem de 6 x 90 ml,"5,99 €","16,64 €/L"
Pudim flan,El mandari,Embalagem de 10g,"0,59 €","29,50 €/Kg"
vinho do Porto Ruby,Velhotes,"garrafa de 0,75 l","5,99 €","7,99 €/L"
Queijo de mistura curado,Seia,Embalagem de 250g,"5,99 €","23,96 €/Kg"
5 gouaches de cores primárias,Domédia,Uma embalagem,"4,69 €","4,69 €/Unidade"
Leite uht meio gordo,Mimosa,Embalagem de 1 litro,"0,83 €","0,83 €/L"
Formas de alumínio redondas 650 ml,PorSi,5 unidades,"1,29 €","1,29 €/Unidade"
Arroz agulha,Cigala,Embalagem de 1 kg,"1,26 €","1,26 €/Kg"
Banana da  Madeira,Fruta do Dia,1 un= 200 gr (aprox.),"0,58 €","2,89 €/Kg"
8 salsichas aves,Izidoro,Embalagem de 200g,"0,75 €","3,75 €/Kg"
Liégeois Sobremesa de Café,Páturages,Embalagem de 4x100 g,"1,56 €","3,90 €/Kg"
Estábulo Gelo Elsa e Nokk,Lego,1 unidade,"17,99 €","17,99 €/Unidade"
Cerveja com álcool,Sagres,"Embalagem de 0,33 l","1,99 €/L","1,99 €/L"
Molas de madeira,PorSi,36 unidades,"0,89 €","0,89 €/Unidade"
Batata pré-frita para forno,PorSi,Embalagem de 750 g,"1,39 €","1,39 €/Kg"
Magnum mini white mix,Olá,Embalagem de 6 x 55 ml,"5,99 €","16,64 €/L"
"Fiambre extra, fatiado",PorSi,Embalagem de 200g,"0,97 €","6,49 €/Kg"
Marmelada,Ferbar,Embalagem de 800g,"1,09 €","2,42 €/Kg"
Spray wc active clean wild,Ambipur,750 ml,"1,79 €","2,39 €/L"
Leite UHT Meio Gordo,PorSi,Embalagem de 200 ml,"0,83 €","0,83 €/L"
Tostas suecas integrais,PorSi,Embalagem de 225 g,"2,39 €","6,83 €/Kg"
Ovos | Classe: M,Ovitae,24 unidades,"1,59 €","1,59 €/Unidade"
Vinho doc alentejo tinto,Albarrada,Garrafa de 750 ml,"2,89 €","3,85 €/L"
Feijoada,Centralres,Vendido ao peso,"3,99 €","3,99 €/Kg"
Nestum chocolate,Nestum,Embalagem de 250g,"2,49 €","9,96 €/Kg"
Iogurte Activia Fibras Aveia & Frutos Secos,Danone,Embalagem 4x115g,"2,79 €","6,07 €/Kg"
Lava Tudo Perfumado Lavanda,PorSi,Embalagem de 2 l,"0,99 €","0,50 €/L"
Tablete de chocolate preto,Nestle,Embalagem de 130g,"0,99 €","4,95 €/Kg"
Mistura solúvel bolero,Nestle,Embalagem de 200g,"0,99 €","3,96 €/Kg"
"Borracha mini softy, pack de 3 unidades",Maped,1 embalagem,"4,69 €","4,69 €/Unidade"
Sementes de girassol,PorSi Viva Bem,Embalagem de 200 g,"1,59 €","10,60 €/Kg"
Escova para lavar,PorSi,1 unidade,"2,20 €","2,20 €/Unidade"
Bolo rei,Pastelaria do Dia,800 g,"8,99 €","11,24 €/Kg"
"Chocolate, tripack",Pintarolas,Embalagem de 70g,"1,39 €","19,86 €/Kg"
Estábulo Gelo Elsa e Nokk,Lego,1 unidade,"10,99 €/Unidade","10,99 €/Unidade"
Néctar de laranja,Bongo,Garrafa de 1 l,"0,99 €","0,99 €/L"
Corantes alimentares ducros,Vahine,Garrafa de 20 ml,"1,89 €","17,18 €/Kg"
"Queijo regional de vaca, cabra e ovelha curado",Qj.saloio,Embalagem de 190g,"5,99 €","23,96 €/Kg"
Dessert topping chocolate,Winsenia,Embalagem de 300g,"1,29 €","3,23 €/Kg"
"12 lápis de cor, 18cm",Domédia,Uma embalagem,"3,19 €","3,19 €/Unidade"
Vermute bianco,Martini,Garrafa de 1 l,"11,99 €","11,99 €/L"
Creme vegetal soja,Planta,Embalagem de 250 gr,"1,39 €","6,95 €/L"
Batata pré-frita noisette,PorSi,Embalagem de 1 kg,"1,39 €","1,39 €/Kg"
Galheteiro,Imf,1 conjunto,"4,29 €","4,29 €/Unidade"
Polpa de tomate em garrafa,Compal,Embalagem de 1 kg,"3,84 €","24,00 €/Kg"
Bolachas waffers com recheio de limão,Cuetara,Embalagem de 150 gr,"0,98 €","4,67 €/Kg"
Iogurte líquido frutos tropicais,Longa vida,Embalagem de 4 x 160 g,"1,31 €","2,05 €/Kg"
Brandy,Croft,Garrafa de 700 ml,"11,99 €","17,13 €/L"
Semente papoila,Salutem,Embalagem de 125g,"7,99 €","6,39 €/Kg"
Pó de talco,PorSi,Embalagem de 250g,"0,59 €","5,90 €/L"
Red Fish,Peixe Congelado,300 a 500 g,"3,99 €/Kg","3,99 €/Kg"
Queijo mini,Babybel,Embalagem de 6x20 g,"2,64 €","13,20 €/Kg"
Cordon bleu,PorSi,Embalagem de 1 kg,"2,79 €","8,72 €/Kg"
Sabao rosa e branco,PorSi,Embalagem de 400g,"1,19 €","2,98 €/Kg"
Sopa de Cebola,PorSi,Embalagem de 62 g,"0,84 €","13,55 €/Kg"
Pudim flan,PorSi,Embalagem de 4 x 5.6 g,"0,59 €","29,50 €/Kg"
Gomas beijinhos,PorSi,Embalagem de 300 g,"1,19 €","3,97 €/Kg"
Toalha em rolo papel azul,PorSi,1 Unidade,"3,45 €","3,45 €/Unidade"
Sementes de chia,PorSi Viva Bem,Embalagem de 150 g,"1,59 €","10,60 €/Kg"
Estojo Mickey,*,1 un.,"3,99 €","3,99 €/Unidade"
Batata Pré-Frita Croquettes,PorSi,Embalagem de 1 kg,"1,39 €","1,39 €/Kg"
Cerveja preta,Sagres,pack de 6 x 25 cl,"1,99 €/L","1,99 €/L"
Argolas Romana,PorSi,Embalagem de 400 g,"1,79 €","7,16 €/Kg"
Marcador Turbo Color x12,Giotto,Uma embalagem,"4,69 €","4,69 €/Unidade"
Licor frutos tropicais,Safari,Garrafa de 700 ml,"16,99 €","24,27 €/L"
Recarga Esfregona de Microfibras,PorSi,1 unidade,"0,89 €","0,89 €/Unidade"
Bebida de Amêndoa,PorSi Viva Bem,1 litro,"1,32 €","2,20 €/L"
Bacalhau com natas,PorSi,Embalagem de 380g,"1,79 €","7,16 €/Kg"
Oikos morango 110g x4,Danone,Embalagem de 440g,"1,49 €","2,98 €/Kg"
"Guardanapos brancos, 33x33cm, 2 folhas, 90 unidades",Renova,Uma embalagem,"1,29 €","1,29 €/Unidade"
Ataque do T-Rex,Playmobil,1 unidade,"17,99 €","17,99 €/Unidade"
Choco flakes,Cuetara,Embalagem de 500g,"5,07 €/Kg","5,07 €/Kg"
Pescada 3 Chile,Peixe Congelado,1 un= 1 kg (aprox.),"3,99 €/Kg","3,99 €/Kg"
Água s/ gás,Luso,Pack 6 x 1.5 l,"1,04 €","0,17 €/L"
Néctar 8 frutos,Bongo,Pack 6 x 200 ml,"0,99 €","0,99 €/L"
Lixívia Spray Mousse Flor,Neoblanc,Embalagem de 700ml,"1,09 €","0,55 €/L"
Lenços de bolso 6x10 - 3 folhas,PorSi,1 embalagem com 6 unidades,"0,89 €","0,89 €/Unidade"
Biscoitos integrais aveia e manteiga de amendoim,PorSi Viva Bem,Embalagem de 150g,"0,69 €","3,45 €/Kg"
Dentifríco anti-tártaro + branqueador,Colgate,Embalagem de 75 ml,"2,39 €","31,87 €/L"
"Sumo 100%, tutti-frutti",PorSi,"Embalagem de 1,5 l","1,09 €","0,73 €/L"
Cebolinho bio,PorSi Bio,30 g,"1,09 €","36,33 €/Kg"
Bolachas bambolitos chocolate e leite,PorSi,Embalagem de 150g,"0,79 €","5,27 €/Kg"
Lambrusco tinto,*,Garrafa de 750 ml,"2,09 €","2,79 €/L"
Fiambre da Pá,Salsicharia Limiana,1 un = 150 gr (aprox.),"0,97 €","6,49 €/Kg"
Ambientador vela maçã e canela,PorSi,1 unidade,"4,99 €","4,99 €/Unidade"
Bolacha cracker integral,Cuetara,Embalagem de 200g,"1,69 €","3,38 €/Kg"
Azeite virgem extra dop moura,PorSi Select,Embalagem de 0.75L,"8,59 €","4,30 €/L"
Cacau magro em pó,PorSi,Embalagem de 125 g,"1,04 €","8,32 €/Kg"
Vinagre vinho branco 250ml,Cristal,Garrafa de 250 ml,"0,35 €","0,70 €/L"
Decanter,Anilar,"Capacidade 1,5L","4,99 €","4,99 €/Unidade"
Água c/ gás limão,Frize,pack 4 x 0.25 l,"2,85 €","2,85 €/L"
40 filtros café número 4,Planteur,Embalagem com 40 filtros,"0,89 €","0,89 €/Unidade"
Bolacha tosta rica choco guay,Cuetara,Embalagem de 170g,"1,89 €","15,75 €/Kg"
Leite Bem Essencial cereais,Mimosa,Embalagem de 4 x 200 ml,"1,49 €","1,49 €/L"
Mimosa bem especial leite e amêndoa,Mimosa,Embalagem de 1 litro,"0,99 €","0,99 €/L"
Creme vegetal culinário,Vaqueiro,Embalagem de 250 g,"2,89 €","2,89 €/Kg"
Vinho rosé regional península de Setúbal,Selecção de Enófilos,Garrafa de 0.75 l,"8,59 €","11,45 €/L"
Guardanapos | Dim.: 30 x 33 cm,PorSi,Embalagem com 20 unidades,"1,29 €","1,29 €/Unidade"
Alecrim em folhas,PorSi,Embalagem de 25g,"0,25 €","0,25 €/Kg"
Chá de infusão salutem naturlinha 10 saquetas,Salutem,Embalagem de 15g,"0,38 €","38,00 €/Kg"
Gelatina morango 8 kcal,PorSi,Embalagem de 4 x 100 g,"2,29 €","5,73 €/Kg"
Manteiga pasteurizada com sal cuvet,Primor,Embalagem de 250g,"1,89 €","7,56 €/Kg"
Leite UHT Meio Gordo,PorSi,1 l,"0,83 €","0,83 €/L"
Pudim caseiro de laranja,Royal,Embalagem de 200g,"0,59 €","29,50 €/Kg"
Granola aveia fitness mel,Nestle,Embalagem de 300g,"5,59 €","8,87 €/Kg"
Paté Fígado Porco c/ Cogumelos,PorSi,75 g,"0,85 €","11,33 €/Kg"
20 saquetas chá de limão,Lipton,Embalagem de 40g,"58,00 €/Kg","58,00 €/Kg"
Lombos de salmão,PorSi,Embalagem de 300g,"4,39 €","10,98 €/Kg"
Vinho tinto alentejo,Loios,Garrafa de 750 ml,"2,89 €","3,85 €/L"
Tábua de engomar start,Vileda,1 unidade,"16,50 €","16,50 €/Unidade"
Croutons com azeite,PorSi,Embalagem de 150g,"2,39 €","6,83 €/Kg"
Geleira de 10 litros,Atlantic,1 un.,"5,99 €","5,99 €/Unidade"
Pizza romana,PorSi,Embalagem de 370g,"2,16 €","6,17 €/Kg"
Marmelada,PorSi,Embalagem de 450g,"1,09 €","2,42 €/Kg"
Modulus recon,Nerf,1 unidade,"14,99 €","14,99 €/Unidade"
Crepes de legumes,PorSi,Embalagem de 310g,"1,79 €","7,16 €/Kg"
"Vela em número, nº 6",PorSi,1 unidade,"0,60 €","0,60 €/Unidade"
Néctar clássico de pera,Compal,Garrafa de 200 ml,"0,99 €","0,99 €/L"
Cápsulas de café delta qualidus,Delta Q,Embalagem de 60g,"59,82 €/Kg","59,82 €/Kg"
Noodle banzai galinha,Cigala,Embalagem de 70g,"0,99 €","1,98 €/Kg"
Mirtilos,Salutem,Embalagem de 100g,"2,19 €","17,52 €/Kg"
Tablete de chocolate leite com amêndoas,PorSi Select,200 g,"6,50 €/Kg","6,50 €/Kg"
Esparguete integral,Salutem,Embalagem de 500g,"1,79 €","1,79 €/Kg"
Lava Tudo Amoniacal,Sonasol,"Garrafa de 1,3 l","0,99 €","0,50 €/L"
Diospiro de  Roer,Programa Origens,1 un = 250 gr  (aprox.),"1,89 €/Kg","1,89 €/Kg"
Peito de peru fatiado,PorSi,Embalagem de 200g,"2,25 €","11,25 €/Kg"
Vinho regional alentejano bag-in-box branco,Galitos,Garrafa de 5 l,"5,19 €","1,04 €/L"
Molho de maionese com alho e ervas,PorSi,Garrafa de 120 ml,"0,87 €","2,90 €/Kg"
Tablete de chocolate leite,Schogetten,Embalagem de 100g,"5,30 €/Kg","5,30 €/Kg"
Chupas Party Mix,PorSi,150 g,"3,40 €","28,33 €/Kg"
Cranberry desidratado,Salutem,Embalagem de 100g,"2,29 €","22,90 €/Kg"
Massa de argolinhas,Nacional,Embalagem de 250g,"0,99 €","1,98 €/Kg"
"Pensos diários maxiplus, 30 unidades",Evax,Uma embalagem,"1,79 €","1,79 €/Unidade"
Ambientador tealights baunilha,PorSi,embalagem com 18 unidades,"4,99 €","4,99 €/Unidade"
Tostas integrais,PorSi,Embalagem de 225g,"2,39 €","6,83 €/Kg"
Lixívia Spray Mousse Flor,Neoblanc,Embalagem de 700ml,"1,79 €","0,36 €/L"
Tira gorduras dia a dia,Mistolin,Garrafa de 750 ml,"1,79 €","2,39 €/L"
"Bacalhau graúdo inteiro salgado, seco",Bacalhau da Islândia,1 un= 2.5kg (aprox.),"8,73 €/Kg","8,73 €/Kg"
"Batata frita wavy, ondulada",PorSi,Embalagem de 90g,"1,10 €","5,95 €/Kg"
Fiambre da perna extra baixo teor de gordura fatias ...,PorSi Viva Bem,Embalagem de 200 g,"0,97 €","6,49 €/Kg"
Bebida de soja e chocolate,PorSi Viva Bem,Embalagem de 1 l,"2,49 €","2,49 €/L"
Crepe chocolate,PorSi,Embalagem de 540g,"3,99 €","7,39 €/Kg"
Café Moagem Universal Honduras,PorSi,Embalagem de 220g,"9,16 €/Kg","9,16 €/Kg"
Achocolatado zero% açúcares,Nesquik,Embalagem de 345g,"5,59 €","6,99 €/Kg"
Agrafador + 400 agrafos,Domédia,Uma embalagem,"4,99 €","4,99 €/Unidade"
Pao brioche fatiado,PorSi,Embalagem 500G,"0,99 €","1,65 €/Kg"
Feijoada transmontana,Nobre,Embalagem de 420g,"2,35 €","5,60 €/Kg"
Pack de 3 lâmpadas 6W LED E14,BDC,1 embalagem,"3,49 €","3,49 €/Unidade"
Barrinhas pescada com limão sem glúten,Pescanova,Embalagem de 300g,"1,79 €","7,16 €/Kg"
Mix do Bosque,Fruta Embalada,Embalagem com 175 gr,"2,19 €","17,52 €/Kg"
Descafeinado em cápsulas Pianíssimo 10x5g,PorSi Select,Embalagem de 50g,"1,59 €","6,36 €/Kg"
Favas ultracongeladas,PorSi,Embalagem de 400g,"1,98 €","1,98 €/Kg"
Fósforos cozinha,Quinas,Embalagem com 4 caixas por unidade,"1,50 €","1,50 €/Unidade"
Ambientador gel marinho,PorSi,150 g,"4,79 €","4,79 €/Unidade"
Toalhitas Bebé Nature,PorSi,64 unidades,"1,09 €/Unidade","1,09 €/Unidade"
Bolachas com recheio de chocolate,PorSi,Embalagem de 3 x 250 g,"2,15 €","2,87 €/Kg"
Lula,Peixe Congelado,1 un= 250 gr (aprox.),"3,99 €/Kg","3,99 €/Kg"
Porto special reserva,Cruz,"garrafa de 0,75 l","10,99 €","14,65 €/L"
Cereais nesquik,Nestle,Embalagem de 625g,"5,07 €/Kg","5,07 €/Kg"
Vela com número 4,PorSi,1 unidade,"0,60 €","0,60 €/Unidade"
Fruta para bebé banana laranja bolacha +6 meses,Nestle,Embalagem de 90g,"0,74 €","8,22 €/Kg"
Bola mistura,Pão do Dia,1 unidade= 80 g,"0,19 €","2,38 €/Kg"
Café torrado em grão,PorSi,250 g,"9,16 €/Kg","9,16 €/Kg"
Mortadela mini,PorSi,Embalagem de 350g,"0,85 €","11,33 €/Kg"
Caramelos de fruta multisabor single,Sugus,Embalagem de 50g,"1,19 €","4,76 €/Kg"
Desinfetante álcool gel,PorSi,100 ml,"4,99 €","4,99 €/Unidade"
Queijo Flamengo Fatias,PorSi,Embalagem 500G,"1,96 €","9,80 €/Kg"
Salada de fruta em calda,PorSi,Embalagem de 3 x 220 g,"1,99 €","2,37 €/Kg"
Nata uht para bater,Gresso,Garrafa de 200 ml,"0,75 €","3,75 €/L"
Bebida Solúvel Mokambo Chicória e Café,Nestle,Embalagem de 240g,"14,50 €/Kg","14,50 €/Kg"
"Caixa com saquetas de  pau de canela, 30 unidades",PorSi,Embalagem 90G,"0,25 €","0,25 €/Kg"
Refeição caseira almôndegas,Nobre,Embalagem de 420g,"2,35 €","5,60 €/Kg"
Acetona,PorSi,Embalagem de 200 ml,"1,89 €","9,45 €/L"
Queijo flamengo em Barra,Gresso,"Vendido ao peso, fatiado a partir de 100 gr","1,96 €","9,80 €/Kg"
"Cueca de incontinência, adulto, pequena",PorSi,Embalagem com 14 unidades,"9,99 €","9,99 €/Unidade"
Pó baratas e formigas,Baygon,Embalagem de 250 g,"5,49 €","13,73 €/L"
Bloco Sanitário Poder Activo Pinho,Sonasol,Embalagem de 50 g,"37,36 €/Kg","37,36 €/Kg"
Pack de 3 embalagens de polpa de tomate,Compal,Embalagem de 630g,"3,84 €","24,00 €/Kg"
Néctar de laranja e cenoura light,PorSi,Embalagem de 3 x 200 ml,"0,84 €","2,55 €/L"
Massa meada,PorSi,Embalagem de 500g,"0,99 €","1,98 €/Kg"
Tomate em pedaços,PorSi,Embalagem de 390g,"2,19 €","2,81 €/Kg"
Laranja biológica categoria II,PorSi Bio,Emb.: ± 500 g,"0,50 €","1,99 €/Kg"
Escova plástica (cores sortidas),PorSi,1 unidade,"0,89 €","0,89 €/Unidade"
Alheira de mirandela,PorSi Select,Embalagem de 200 g,"1,49 €","7,45 €/Kg"
Pipocas coloridas,Orcape,Embalagem de 100g,"0,79 €","7,90 €/Kg"
Vinho tinto doc dão,Cabriz,Garrafa de 0.75 l,"7,49 €","9,99 €/L"
Gelatina ananás 8 kcal,PorSi,Embalagem de 4 x 100 g,"2,29 €","5,73 €/Kg"
Esparguete s/ glúten,Milaneza,Embalagem de 500g,"2,69 €","5,38 €/Kg"
Balões latex rosa,PorSi,Embalagem com 24 unidades,"1,99 €","1,99 €/Unidade"
Óleo alimentar,Vêgê,Embalagem de 1 l,"3,39 €","3,39 €/L"
Tablete de chocolate oreo,Milka,Embalagem de 300g,"5,30 €/Kg","5,30 €/Kg"
Piripiri grão,PorSi,Saqueta de 20 g,"0,25 €","0,25 €/Kg"
Sopa rabo de boi económica,Knorr,Embalagem de 60g,"0,84 €","13,55 €/Kg"
Leite de transição 3 +10 meses,NAN,Embalagem de 800g,"23,99 €","29,99 €/Kg"
Lou Provence Rosé,Peyrassol,0.75 litros,"6,89 €","9,19 €/L"
"Bolachas relieve, mel e coco",PorSi,Embalagem de 700g,"2,82 €","9,40 €/Kg"
Fiambre da Perna Extra,PorSi,1 un = 150 gr (aprox.),"0,97 €","6,49 €/Kg"
Recarga rolo tira pelos,PorSi,1 unidade,"11,99 €","11,99 €/Unidade"
Organizador assento carro com capa,Jocca,Uma unidade,"7,49 €","7,49 €/Unidade"
Detergente líquido máquina de roupa lavanda,PorSi,86 Doses,"29,99 €","7,06 €/L"
Massa cuscus,Nacional,Embalagem de 250g,"0,99 €","1,98 €/Kg"
"Alimento para peixe, animin goldfish food",Tetra,Garrafa de 250 ml,"4,99 €","19,96 €/L"
Vinho branco alentejo,Loios,Garrafa de 750 ml,"2,89 €","3,85 €/L"
Carapau Pequeno,Peixe do Dia,1 un = 100 g (aprox.),"2,95 €/Kg","2,95 €/Kg"
Xarope de limão sem corantes,Paquito,Garrafa de 750 ml,"3,89 €","5,19 €/L"
Bolachas cereais e pepitas de chocolate,PorSi,Embalagem de 400 g,"0,90 €","6,00 €/Kg"
Pudim de chocolate,Boca Doce,Embalagem de 20g,"0,59 €","29,50 €/Kg"
Rebuçados drops recheio de fruta,PorSi,Embalagem de 250g,"1,08 €","5,40 €/Kg"
Vinho Regional de Lisboa Branco,Mundus,"Garrafa de 0,75L","2,09 €","2,79 €/L"
"Máquina depiladora descartável, Blue II Feminina",Gillette,Embalagem de 5+1 unidades,"3,09 €","3,09 €/Unidade"
Balões latex mistos,PorSi,Embalagem com 24 unidades,"1,99 €","1,99 €/Unidade"
Frango Inteiro Grande,Frango,1 un = 1.6 kg (aprox.),"3,98 €","2,49 €/Kg"
Vinho do Porto Tawny,Velhotes,"garrafa de 0,75 l","6,29 €","8,39 €/L"
Desumidificador Premium,HUMYDRY,450 g,"11,99 €","11,99 €/Unidade"
Mão,Borrego,1 un = 1 kg (aprox.),"16,49 €","10,99 €/Kg"
Queijo dop cura 4 meses fatias,Sao jorge,Embalagem de 400g,"6,99 €","13,98 €/Kg"
Gamba Rosa Moçambique,PorSi,Embalagem de 800 g,"8,99 €","25,69 €/Kg"
Sal marinho grosso,Vatel,Embalagem de 1 kg,"0,25 €","0,25 €/Kg"
Corvina inteira fresca (2 kg),Nossa seleção,Pescado no mar,"2,95 €/Kg","2,95 €/Kg"
Vinho rosé,Mateus,Garrafa de 750 ml,"3,99 €","5,32 €/L"
Bola Unicórnio 50 cm,Mondo,1 unidade,"4,99 €","4,99 €/Unidade"
Lasanha bolonhesa,Iglo,Embalagem de 300g,"2,16 €","6,17 €/Kg"
Ambientador aerossol 5 em 1 lavanda,PorSi,300 ml,"0,99 €","3,30 €/L"
Café moagem universal brasil,Delta,Embalagem de 220g,"1,69 €","6,76 €/Kg"
Cebola picada em pacote,PorSi,Embalagem de 40 g,"0,25 €","0,25 €/Kg"
Vela com número nº 6,PorSi,1 unidade,"0,60 €","0,60 €/Unidade"
Farinha láctea,PorSi,Embalagem de 1 kg,"4,99 €","4,99 €/Kg"
Leite Meio Gordo sem Lactose,Mimosa,Pack 4 x 200 ml,"0,99 €","0,99 €/L"
"Inseticida, recarga, elétrico, pack 2",Raid,1 embalagem com 2x27ml,"9,89 €","274,72 €/L"
Tinta Plástica Branca,Marilina,Embalagem de 15 l,"18,99 €","1,27 €/L"
Melancia Riscada,Fruta da Época,Vendido ao peso | 1 un = 4kg (aprox.),"2,48 €","0,99 €/Kg"
Formas de alumínio 950 ml,PorSi,5 unidades,"1,29 €","1,29 €/Unidade"
