Nome,Marca,Unidade,Preço Primário,Preço Secundário
"Lixívia, perfume fresco",Neoblanc,Embalagem de 4 l,"2,19 €","1,10 €/L"
Miolo de camarão 80/100,Pescanova,Embalagem de 350g,"8,99 €","25,69 €/Kg"
Saqueta de puré de fruta | maçã + banana + morango,PorSi,90 g,"0,74 €","8,22 €/Kg"
Ambientador arbremagique pinho,Arbre Magique,1 unidade,"1,99 €","1,99 €/Unidade"
Cabo de metal com rosca,PorSi,1.20 m,"2,20 €","2,20 €/Unidade"
Vinho tinto regional península de setúbal,Q.camarate,Garrafa de 0.75 l,"8,59 €","11,45 €/L"
Azeite,PorSi,Garrafa de 1 l,"3,19 €","4,25 €/L"
Vassoura cruzeta,PorSi,1 unidade,"2,20 €","2,20 €/Unidade"
Polvilho doce,PorSi,Embalagem de 500g,"2,29 €","4,58 €/Kg"
Sabonete sensitive,Palmolive,Embalagem de 4x90 g,"4,49 €","12,47 €/Kg"
Iogurte infantil c/ drageias coloridas,PorSi,140 g,"1,05 €","1,86 €/L"
Ovos Frescos de Galinhas Criadas ao Ar Livre Classe:...,PorSi Bio,Embalagem com 6 unidades,"2,19 €","2,19 €/Unidade"
Lula,Peixe Congelado,1 un= 250 gr (aprox.),"1,75 €","6,99 €/Kg"
Ração para gato esterilizado com peru,Friskies,Embalagem de 3 kg,"12,99 €","4,33 €/Kg"
Muesli Frutas,PorSi,500 g,"2,45 €","4,90 €/Kg"
Vinho doc douro tinto,Papa Figos,Garrafa de 0.75 l,"7,49 €","9,99 €/L"
Água c/ gás groselha,Frize,pack 4 x 0.25 l,"2,85 €","2,85 €/L"
Conjunto de medição,Maped,4 peças,"3,29 €","3,29 €/Unidade"
Empadão de carne produto pré-cozinhado ultracongelad...,PorSi,Embalagem de 350g,"7,99 €","7,99 €/Kg"
8 hamburguers s/ glúten frango,Capitão Iglo,Embalagem de 480g,"2,79 €","8,72 €/Kg"
Discos de algodão para bebé,PorSi,60 unidades,"3,99 €","3,99 €/Unidade"
Palitos superfinos,PorSi,Embalagem de 400 unidades,"1,50 €","1,50 €/Unidade"
Cebolinho,PorSi,Embalagem de 50g,"0,99 €","19,80 €/Kg"
Folhado de carne,Pastelaria do Dia,1 unidade = 90 g,"1,59 €","1,59 €/Unidade"
10 nuggets de frango,Capitão Iglo,Embalagem de 210g,"2,79 €","8,72 €/Kg"
Néctar clássico laranja,Compal,Embalagem de 1 l,"0,99 €","0,99 €/L"
Creme para calcanhares gretados,Scholl,Embalagem de 60 ml,"1,85 €","1,85 €/Unidade"
"Luvas multiusos relevo antiderrapante, tamanho médio",PorSi,Embalagem de 1 unidades,"2,40 €","2,40 €/Unidade"
Feijão frade,Caçarola,Embalagem de 500 g,"2,78 €/Kg","2,78 €/Kg"
Guardanapos 2 folhas azul e dourado,PorSi Select,40 unidades,"1,29 €","1,29 €/Unidade"
Framboesa,PorSi,Embalagem com 125g,"2,19 €","17,52 €/Kg"
Óleo de girassol,PorSi,garrafa de 3 litros,"3,39 €","3,39 €/L"
Buondi extreme cafe moido 12x200g,Buondi,Embalagem de 200g,"11,73 €/Kg","11,73 €/Kg"
Flocos de batata para puré,PorSi,Embalagem de 500g,"1,49 €","1,49 €/Kg"
Salsichas de porco,Nobre,Lata de 200g,"0,75 €","3,75 €/Kg"
Fraldas Activity Extra T5 |13-19 kg,Dodot,48 Unidade,"6,49 €","6,49 €/Unidade"
Desinfetante em gel p/ wc,Cif,Garrafa de 750 ml,"2,79 €","3,72 €/L"
Spray tira gorduras eco,PorSi,Garrafa de 750 ml,"0,79 €","0,79 €/L"
Sabonete Líquido Original,Dove,Embalagem de 250 ml,"1,19 €","3,97 €/L"
Salsichão fuet caseiro,Elpozo,Embalagem de 150g,"0,95 €","9,49 €/Kg"
Salsichas frasco hot dog,PorSi,Embalagem 540G,"0,75 €","3,75 €/Kg"
Massa filo,JR,Embalagem de 250g,"0,89 €","3,87 €/Kg"
Vinho branco regional península de setúbal,Joao pires,Garrafa de 0.75 l,"8,59 €","11,45 €/L"
Pensos Higiénicos Ultra Air Dry C/ Abas,Ausonia,embalagem com 14 un.,"4,99 €","4,99 €/Unidade"
Limpa Motores,PorSi,Embalagem de 1 l,"3,99 €","0,80 €/L"
Refrigerante c/ gás ananás,Sumol,pack 4 x 1.25 l,"0,79 €","0,40 €/L"
Doce light alperce,PorSi,Embalagem de 340g,"3,59 €","10,26 €/Kg"
Arroz Carolino,Saludães,Embalagem de 1 kg,"0,99 €","0,99 €/Kg"
Caramelos de fruta,PorSi,Embalagem de 250g,"1,10 €","4,40 €/Kg"
Linguas de gato,PorSi,Embalagem de 200 g,"0,69 €","3,45 €/Kg"
Atum posta em óleo,General,Embalagem de 110g,"0,89 €","7,42 €/Kg"
Cereais corn flakes,Kellogg's,Embalagem de 500g,"3,99 €","7,98 €/Kg"
"Vinho tinto regional, península de setúbal, bag-in-b...",Dom Campos,Garrafa de 5 l,"9,49 €","1,90 €/L"
Fraldas premium T4 - 9 a 15 kg,PorSi,50 unidades,"6,49 €","6,49 €/Unidade"
Feijao catarino,Caçarola,Embalagem de 500 g,"2,78 €/Kg","2,78 €/Kg"
Mistura solúvel brasa,Nestle,Embalagem de 200g,"1,64 €","6,56 €/Kg"
Mopa com cabo,PorSi,1 unidade,"0,89 €","0,89 €/Unidade"
Remove Insectos,PorSi,Embalagem de 1 l,"3,99 €","0,80 €/L"
Biscoitos brownies,PorSi,Embalagem de 230g,"0,90 €","6,00 €/Kg"
Iogurte Líquido Frutos Tropicais,PorSi,1 Embalagem 4X160G,"1,17 €","1,83 €/Kg"
Sangria,Casal Garcia,Garrafa de 750 ml,"2,19 €","1,46 €/L"
"Refrigerante com gás, ananás",Sumol,"Garrafa de 1,25 l","0,79 €","0,40 €/L"
"Azeitonas pretas sem caroço, frasco de 165 g",PorSi,Embalagem de 165g,"1,79 €","2,29 €/Kg"
Refresco em pó de ananás,PorSi,Embalagem de 40 g,"0,75 €","18,75 €/Kg"
Crispies de arroz +,Cemporcent,Embalagem de 250g,"1,09 €","1,09 €/Kg"
Limpador,Pronto,Embalagem de 750 ml,"2,29 €","2,29 €/L"
Grelha Quadrada Nº4 Zincada,Jomafe,"32x23 cm, 1 unidade","0,75 €","0,75 €/Unidade"
Bolachas crackers integrais,PorSi,Embalagem de 500g,"0,39 €","3,12 €/Kg"
Vinho tinto,Pias,Garrafa de 5 l,"5,19 €","1,04 €/L"
Farinha de trigo sem fermento t65,PorSi,Embalagem de 1 kg,"1,99 €","1,99 €/Kg"
Detergente liquido para máquina de lavar roupa activ...,Skip,Embalagem de 80 doses,"8,59 €","2,00 €/L"
Ice tea de pêssego,PorSi,Garrafa de 2 l,"1,14 €","0,76 €/L"
Refrigerante c/ gás laranja,Fanta,"Garrafa de 1,5 l","0,79 €","0,40 €/L"
Azeitona mista,PorSi,Embalagem de 210g,"0,40 €","3,99 €/Kg"
20 saquetas infusão limão gengibre,Lipton,Embalagem de 40g,"58,00 €/Kg","58,00 €/Kg"
Bola de Berlim chocolate,PorSi,85g,"0,30 €/Unidade","0,30 €/Unidade"
Bebida de Soja Natural,PorSi Viva Bem,Pack: 3 x 200 ml,"2,49 €","2,49 €/L"
Desodorizante spray beauty finish,Dove,Embalagem de 150 ml,"4,99 €","99,80 €/L"
Lixívia para roupa tradicional,Neoblanc,Embalagem de 2 l,"2,19 €","1,10 €/L"
Vermute bianco,Martini,Garrafa de 0.75 l,"17,09 €","22,79 €/L"
"Iogurte, sabor a morango",PorSi,Embalagem de 4 x 125 g,"1,87 €","1,25 €/Kg"
Linhaça dourada e moída,Cemporcent,Embalagem de 200g,"2,29 €","15,27 €/Kg"
Creme marisco,Knorr,Embalagem de 70g,"0,84 €","13,55 €/Kg"
Recarga inseticida elétrico líquido,Raid,45 noites,"6,99 €","6,99 €/Unidade"
Trufas de Cacau,PorSi Select,200 g,"18,76 €/Kg","18,76 €/Kg"
Muesli tropical,Cemporcent,Embalagem de 500g,"0,69 €","1,73 €/Kg"
Sacos do lixo wc 5 litros,PorSi,30 sacos,"1,79 €","1,79 €/Unidade"
Iogurte natural 0%,PorSi Viva Bem,Embalagem de 6 x 125 g,"0,99 €","1,98 €/Kg"
Desodorizante Spray Active Protection + Invisible,Rexona,Embalagem de 150 ml,"4,99 €","99,80 €/L"
Desodorizante roll-on talco,Dove,Embalagem de 50 ml,"4,99 €","99,80 €/L"
Iogurte pedaços frutimax frutos variados,PorSi,Embalagem de 8 x 125 g,"4,36 €","2,18 €/Kg"
Bolachas belgas manteiga,PorSi,Embalagem de 250g,"1,69 €","6,76 €/Kg"
Leite condensado,Nestle,Embalagem de 370g,"1,09 €","2,75 €/Kg"
Pensos resistentes à água,PorSi,Embalagem com 15 unidades,"1,69 €","1,69 €/Unidade"
Bife da Pá,Novilho,Vendido ao peso a partir de 800 g,"7,19 €","8,99 €/Kg"
Iogurte natural açucarado em frasco de vidro,PorSi,Embalagem de 2 x 125 g,"0,99 €","1,98 €/Kg"
Esferográfica Cristal Azul,Bic,Embalagem com 10 un.,"2,49 €","2,49 €/Unidade"
"Água com gás, sabor limão",PorSi,"Embalagem de 6x0,25 l","2,85 €","2,85 €/L"
Malha vegetal com Ricotta 110 g,Pastelaria do Dia,,"1,59 €","1,59 €/Unidade"
Leite uht magro com rosca,PorSi,1 litro,"0,81 €","0,81 €/L"
Couve Branca,Programa Origens,1 un = 1.5 kg (aprox.),"1,49 €","0,99 €/Kg"
Molho iogurte,PorSi,Garrafa de 285 ml,"0,70 €","2,33 €/Kg"
Vinagre de vinho branco,Cristal,Garrafa de 750 ml,"0,35 €","0,70 €/L"
Infusão tília,Cemporcent,Embalagem de 10 unidades,"20,91 €/Kg","20,91 €/Kg"
Patê figado de porco,La piara,Embalagem de 80g,"1,19 €","13,52 €/Kg"
Porto ruby,Valadao,Garrafa de 750 ml,"5,99 €","7,99 €/L"
Adoçante comprimidos,PorSi,Embalagem de 250 saquetas,"5,99 €","23,96 €/Kg"
Resguardo de colchão impermeável,PorSi,40 x 80 cm,"4,99 €","4,99 €/Unidade"
Limpa fornos,PorSi,500 ml,"1,29 €","1,72 €/L"
Batata frita palha,Pala-pala,Embalagem de 250g,"0,87 €","5,44 €/Kg"
Preparado para arroz de marisco,Brasmar,Embalagem de 450 g,"2,19 €","7,30 €/Kg"
Lapiseira Velocity + 12minas,Bic,1 unidade,"2,49 €","2,49 €/Unidade"
Gelatina de morango,Koala,Embalagem de 130g,"0,85 €","2,13 €/Kg"
Creme de amendoim cremoso 340g,Skippy,Embalagem de 340g,"4,19 €","12,32 €/Kg"
Bol. chip choco s/gluten 130g,Gullon,Embalagem de 130g,"2,69 €","20,69 €/Kg"
Gelado sandwich nata/chocolate,PorSi,Embalagem de 6x100 ml,"5,99 €","16,64 €/L"
"Patê de sardinha,atum e salmão",PorSi,Embalagem de 4 x 22 g,"1,19 €","13,52 €/Kg"
Preparado em pó para pudim flan,El mandari,Embalagem de 19.2 g,"0,59 €","29,50 €/Kg"
Aditivo em pó máquina pink,Vanish,Embalagem de 1.2 kg,"9,99 €","33,30 €/L"
Sacos do lixo jardim 130 litros,PorSi,10 sacos,"1,79 €","1,79 €/Unidade"
Massa macarronete riscado,PorSi,Embalagem de 500g,"0,89 €","1,78 €/Kg"
Brandy,Croft,Garrafa de 1 l,"15,49 €","15,49 €/L"
Pasta de Moldar Branca,DAS,Embalagem com 1 kg,"2,19 €","109,50 €/L"
Ovos | Classe: M,Ovitae,24 unidades,"1,39 €","1,39 €/Unidade"
Café lote bocage grão,Nicola,Embalagem de 1 kg,"3,59 €","14,36 €/Kg"
Banco monobloco branco,Joluce,1 unidade 36X36X46cm,"3,49 €","3,49 €/Unidade"
Polvilho azedo,PorSi,Embalagem de 500g,"2,29 €","4,58 €/Kg"
Queijo flamengo em fatias,Terra Nostra,Embalagem de 200g,"1,56 €","7,80 €/Kg"
Chispalhada com feijão,Nobre,Embalagem de 420g,"2,35 €","5,60 €/Kg"
Bombons praliné avelã,PorSi Select,100 g,"18,76 €/Kg","18,76 €/Kg"
Toalha em rolo papel branco,PorSi,1 Unidade,"2,99 €","2,99 €/Unidade"
Leite uht gordo com rosca,PorSi,Embalagem de 1 litro,"0,94 €","0,94 €/L"
Manteiga c/ sal,Mimosa,Embalagem de 250g,"1,69 €","6,76 €/Kg"
Lenços de bolso kids,Renova,Embalagem sortida com 8 unidades + 2 grátis,"0,89 €","0,89 €/Unidade"
Limpa injetores gasolina,PorSi,Embalagem de 250 ml,"14,99 €","14,99 €/L"
Babete Maleavel,Tigex,1 unidade,"5,99 €","5,99 €/Unidade"
Corn flakes,PorSi,Embalagem de 1 kg,"3,99 €","7,98 €/Kg"
Leite creme,El mandari,Embalagem de 90g,"0,79 €","5,27 €/Kg"
Flocos cereais chocolate,PorSi,Embalagem de 300g,"2,99 €","3,99 €/Kg"
Pudim de caramelo,Boca Doce,Embalagem de 20g,"0,59 €","29,50 €/Kg"
12 Caldos de carne,PorSi,Embalagem de 127 g,"3,84 €","24,00 €/Kg"
Adoçante liquido,PorSi,Garrafa de 125 ml,"5,99 €","23,96 €/Kg"
Queijo ovelha curado amanteigado,Seia,Embalagem de 250g,"15,96 €/Kg","15,96 €/Kg"
Queijo meio gordo,D. Pedro,Vendido ao peso a partir de 250 gr,"3,84 €","15,35 €/Kg"
Manteiga com sal,Milhafre,Embalagem de 250g,"1,69 €","6,76 €/Kg"
Pastilhas peppermint,Smint,Embalagem de 35 g,"3,09 €","38,63 €/Kg"
O Meu Primeiro Monopoly,Monopoly,,"17,99 €/Unidade","17,99 €/Unidade"
Peixe espada branco posta,PorSi,Higienizada Congelada,"6,50 €","12,99 €/Kg"
Jogo caça ao tesouro,Clementoni,1 unidade,"9,99 €/Unidade","9,99 €/Unidade"
Porto ruby,Ferreira,Garrafa de 750 ml,"5,99 €","7,99 €/L"
Bolacha de manteiga belga original,Saborosa,Embalagem de 220g,"1,69 €","6,76 €/Kg"
"Vinagre balsâmico, spray",Paladin,Garrafa de 250 ml,"0,35 €","0,70 €/L"
Desodorizante roll-on Invisible,Rexona,Embalagem de 50ml,"1,39 €","6,95 €/L"
Bloco Sanitário Sólido Poder Activo Pinho,Sonasol,Embalagem de 2x50 g,"2,99 €","74,75 €/Kg"
20 saquetas chá yellow label,Lipton,Embalagem de 30g,"0,89 €","44,50 €/Kg"
"Coloração permanente, castanho dourado, nº43",Nutrisse,1 unidade,"9,49 €/Unidade","9,49 €/Unidade"
Preparado em pó para pudim flan,El mandari,Embalagem de 19.2 g,"0,45 €","5,00 €/Kg"
Café moagem normal: original,Buondi,Embalagem de 220g,"11,73 €/Kg","11,73 €/Kg"
Máquina depilatória Miss Soleil,Bic,3 + 1 unidades,"4,29 €","4,29 €/Unidade"
Arroz extra longo branco,Oriente,Embalagem de 1kg,"0,99 €","0,99 €/Kg"
Comida Húmida para Gatinhos Mousse com Vitela,Gourmet Diamant,Embalagem de 85 g,"1,99 €","4,98 €/Kg"
Caldeirada de peixe ultracongelada,Brasmar,Embalagem de 700g,"2,19 €","7,30 €/Kg"
Abrasivo sanitário gel marinho,PorSi,embalagem de 1 litro,"0,99 €","0,99 €/L"
Guardanapos,PorSi,,"1,29 €","1,29 €/Unidade"
"Limpa vidros cristal, pistola",PorSi,Embalagem de 1 l,"3,19 €","6,38 €/L"
Sabao rosa e branco,PorSi,Embalagem de 400g,"1,09 €","2,73 €/Kg"
Moscatel do Douro,Selecção de Enófilos,"Garrafa de 0,75 l","6,79 €/L","6,79 €/L"
Luvas Multilatex M/L,Vileda,Embalagem com 100 un.,"2,40 €","2,40 €/Unidade"
"Vinho rosé, meio seco",Leziria,Garrafa de 750 ml,"3,99 €","5,32 €/L"
Creme vegetal sabor manteiga,PorSi,Embalagem de 500 g,"1,39 €","6,95 €/L"
Vinagre de vinho tinto,PorSi,Garrafa de 500 ml,"0,35 €","0,70 €/L"
Perna com Osso,Porco,1 un = 2 kg (aprox.),"3,99 €","3,99 €/Kg"
Toalhitas multiusos limão,PorSi,Embalagem de 80 unidades,"1,79 €","1,79 €/Unidade"
Preparado sobremesa vegan sem lactose,Nestle,Embalagem de 370g,"0,45 €","5,00 €/Kg"
Tomate frito,Heinz,Embalagem de 350g,"3,84 €","24,00 €/Kg"
Pães de leite,s. tomé,Embalagem de 300 g,"2,59 €","7,40 €/Kg"
Queijo ralado mix 3 queijos,PorSi,Embalagem de 200 g,"1,49 €","7,45 €/Kg"
Pão Centeio com Nozes,Garcia & Filhos,1 unidade= 400 g,"0,18 €","2,25 €/Kg"
Vinho tinto bag-in-box,Capataz,Embalagem de 5 l,"5,19 €","1,04 €/L"
Gelo picado,PorSi,Embalagem de 2 kg,"1,00 €","0,50 €/Kg"
Arroz carolino malandrinho,Malandrinh,Embalagem de 1 kg,"0,99 €","0,99 €/Kg"
"Vela em número, nº 8",PorSi,1 unidade,"0,60 €","0,60 €/Unidade"
"Postas pescada nº3, para fritar",PorSi,Embalagem de 600 g,"4,39 €","10,98 €/Kg"
"Pimenta preta, moída, em frasco",PorSi,Embalagem de 43 g,"0,25 €","0,25 €/Kg"
Refresco pó laranja,PorSi,Embalagem de 40g,"0,75 €","18,75 €/Kg"
Leite condensado cozido,Nestle,Embalagem de 400g,"1,09 €","2,75 €/Kg"
Snack dentastix grande,Pedigree,Embalagem de 270 g,"4,39 €","16,26 €/Kg"
Papel vegetal 8m,Vileda,1 unidade,"1,11 €","1,11 €/Unidade"
Pães de leite redondos,s. tomé,Embalagem de 300 g,"2,59 €","7,40 €/Kg"
Gel Intimo Suave,Corine de Farme,250 ml,"0,59 €","5,90 €/L"
Fiambre da pá fatiado,PorSi,200 g,"0,97 €","6,49 €/Kg"
Tremoço médio,PorSi,Embalagem de 350 g,"1,79 €","2,29 €/Kg"
Rolo de cozinha XXL,PorSi,1 rolo,"4,99 €","4,99 €/Unidade"
Queijo flamengo 0% lactose,PorSi Viva Bem,Embalagem de 150 g,"0,99 €","1,98 €/Kg"
"Bolachas, tubo",Oreo,Embalagem de 150g,"2,09 €","13,06 €/Kg"
Tortitas de milho sem sal,PorSi Viva Bem,Embalagem de 130g,"0,79 €","7,90 €/Kg"
Longa vida morango tu banana coco 8x120,Longa vida,Embalagem de 960g,"1,87 €","1,25 €/Kg"
Creme bio mãos e unhas,Labell Bio,75 ml,"2,49 €","41,50 €/L"
Néctar clássico tutti-frutti,Compal,Embalagem de 1 l,"0,99 €","0,99 €/L"
Gel de Duche Creme Care,Nivea,Embalagem de 750 ml,"6,99 €","9,32 €/L"
Whisky heritage blend,Logan,Garrafa de 700 ml,"23,99 €","34,27 €/L"
Água com gás,Castello,24 x 25 cl,"2,85 €","2,85 €/L"
Batata frita lisas originais,Lay's,Embalagem de 160g,"1,06 €","5,73 €/Kg"
Coxinhas de frango,PorSi,Embalagem de 360g,"7,99 €","7,99 €/Kg"
Batatas fritas lisas originais,Lay's,Embalagem de 282g,"1,06 €","5,73 €/Kg"
Vela com número nº 3,PorSi,1 unidade,"0,60 €","0,60 €/Unidade"
Spaghetti a bolonhesa 350g,Tuttipasta,Embalagem de 350g,"2,16 €","6,17 €/Kg"
Alimento húmido para cão borrego,Pedigree,Embalagem de 300g,"0,75 €","2,50 €/Kg"
Saqueta de puré de fruta | maçã + pêssego + banana +...,PorSi,90 g,"0,74 €","8,22 €/Kg"
Bolachas com cobertura de chocolate,PorSi,Embalagem de 150g,"0,79 €","5,27 €/Kg"
Creme para barrar,Nutella,Embalagem de 600g,"4,19 €","12,32 €/Kg"
Toalha em rolo papel bordeau,PorSi,1 Unidade,"2,99 €","2,99 €/Unidade"
Gel anti séptico deoprotect,Dystron,Garrafa de 400 ml,"7,69 €","19,23 €/L"
Vela em número nº4,PorSi,1 unidade,"0,60 €","0,60 €/Unidade"
Desodorizante roll-on dermo protectivo de gardénia,Feno,50 ml,"4,99 €","99,80 €/L"
Néctar light de manga/laranja,Compal,Pack 3 x 200 ml,"0,84 €","2,55 €/L"
Noodle banzai galinha,Cigala,Embalagem de 70g,"0,89 €","1,78 €/Kg"
Arroz agulha América do Sul,PorSi,Embalagem de 1 kg,"0,99 €","0,99 €/Kg"
Sacos cubos de gelo fecho manual,PorSi,Embalagem com 10 unidades,"1,11 €","1,11 €/Unidade"
Lâmpada LED Forma Chama 5.5W E14 220-240V,Domédia,1 un.,"2,99 €","2,99 €/Unidade"
After shave bálsamo sensitive,Labell Men,Embalagem de 100 ml,"1,16 €","4,64 €/L"
Spray renova camurça castanha,PorSi,Embalagem de 200 ml,"6,19 €","24,76 €/L"
Cerveja sagres,Sagres,20 x 0.25 l,"1,99 €/L","1,99 €/L"
"Vinho Alentejo, Private Collection, Tinto",Selecção de Enófilos,Garrafa de 0.75 l,"8,59 €","11,45 €/L"
Spray boost multiusos,Ajax,500 ml,"1,19 €","0,79 €/L"
Bolachas com recheio de chocolate,PorSi,Embalagem de 3 x 250 g,"2,78 €/Kg","2,78 €/Kg"
Amaciador para cabelos pintados,Labell,Embalagem de 200 ml,"1,00 €","5,00 €/L"
Pensos Higiénicos Cottonlike Normal Abas,Evax,embalagem de 16 unidades,"4,99 €","4,99 €/Unidade"
Inseticida elétrico líquido,Raid,45 noites,"6,99 €","6,99 €/Unidade"
Mel em frasco de vidro,PorSi,Embalagem de 250g,"4,89 €","9,78 €/Kg"
Braçadeiras Patrulha Pata,Mondo,1 Embalagem,"2,99 €","2,99 €/Unidade"
Abrótea,Peixe Congelado,1 un= 1.5 kg (aprox.),"1,75 €","6,99 €/Kg"
Desodorizante Spray Black & White Invisible,Nivea,150 ml,"4,99 €","99,80 €/L"
Batatas fritas ketchup,Ruffles,Embalagem de 150g,"1,19 €","6,43 €/Kg"
Refrigerante C/ Gás Zero,Coca-Cola,Garrafa de 1 l,"0,79 €","0,40 €/L"
Limpa pavimentos flutuantes,PorSi,Embalagem de 1 litro,"1,54 €","2,05 €/L"
Filetes de atum dos Açores em azeite c/ orégãos,PorSi Select,190 g,"0,89 €","7,42 €/Kg"
Papa infantil láctea banana laranja +6 meses,Cerelac,Embalagem de 250g,"4,49 €","4,49 €/Kg"
"Vinho Douro, Private Collection, Tinto",Selecção de Enófilos,Garrafa de 0.75 l,"8,59 €","11,45 €/L"
Bolachas marinheiras chia,Cemporcent,Embalagem de 200g,"1,45 €","11,15 €/Kg"
Iogurte pedaços morango,PorSi,Embalagem de 4x125g,"4,36 €","2,18 €/Kg"
Arroz estufado,Caçarola,Embalagem de 1 kg,"0,99 €","0,99 €/Kg"
Cobertura tábua de engomar,PorSi,Dim.: 120 x 42 cm,"4,00 €","4,00 €/Unidade"
Detergente líquido máquina de roupa sabão natural,PorSi,86 Doses,"8,59 €","2,00 €/L"
Achocolatado em Pó,Nesquik,Embalagem de 390g,"5,59 €","6,99 €/Kg"
"Rolos de cozinha compactos, branco, 2 unidades",PorSi,Uma embalagem,"4,99 €","4,99 €/Unidade"
Pêssego em calda metades,PorSi,Lata com 840 g,"1,99 €","2,37 €/Kg"
"Na-farinha de aveia 400g 3,2kg",Nacional,Embalagem de 400g,"1,99 €","1,99 €/Kg"
"Argolas, brancas, autocolante, 160 unidades, 13 mm",Domédia,1 embalagem,"2,19 €","109,50 €/L"
Bebida aveia,Alpro,Embalagem de 1 litro,"2,49 €","2,49 €/L"
Coxinhas de frango,PorSi,Embalagem de 360g,"9,30 €/Kg","9,30 €/Kg"
Goiabada,PorSi,600 g,"1,09 €","2,42 €/Kg"
Sal Himalaias Grosso,Origens Bio,1 Embalagem 500G,"0,25 €","0,25 €/Kg"
Bolachas infantil dinossauros,Artiach,Embalagem de 190g,"3,49 €","19,39 €/Kg"
Gomas brilho,PorSi,Embalagem de 300 g,"1,19 €","3,97 €/Kg"
10 nuggets de frango com cereais integrais,Capitão Iglo,Embalagem de 208 g,"2,79 €","8,72 €/Kg"
Framboesas 100% Naturais,PorSi,Embalagem de 750 g,"3,29 €","4,39 €/Kg"
Infusão lúcia lima,PorSi,Embalagem de 35 g,"20,91 €/Kg","20,91 €/Kg"
Nestum zero arroz,Nestum,Embalagem de 250 g,"4,49 €","4,49 €/Kg"
Vinho tinto doc douro,VILA REAL,Garrafa de 750 ml,"7,49 €","9,99 €/L"
Amaciador concentrado para roupa aloé vera,PorSi,80 doses,"3,74 €","0,96 €/L"
Vinho doc dão tinto,Grao vasco,Garrafa de 750 ml,"7,49 €","9,99 €/L"
Fuet extra,PorSi,170 g,"1,22 €","6,78 €/Kg"
Café solúvel creme,Nescafe,Embalagem de 100g,"14,50 €/Kg","14,50 €/Kg"
Creme vegetal p/ barrar reduz colesterol,PorSi Viva Bem,250 g,"1,39 €","6,95 €/L"
Bloco Sanitário Sólido Aqua,Sonasol,Embalagem de 2x50 g,"2,99 €","74,75 €/Kg"
Esfregona de Microfibras Completa,PorSi,1 unidade,"0,89 €","0,89 €/Unidade"
Massa cuscus,Nacional,Embalagem de 250g,"0,89 €","1,78 €/Kg"
Canja de galinha económica,Knorr,Embalagem de 60g,"0,84 €","13,55 €/Kg"
Batata frita de presunto,PorSi,Embalagem de 185 g,"1,19 €","6,43 €/Kg"
Batata frita ondulada wavy,PorSi,Embalagem de 185 g,"1,06 €","5,73 €/Kg"
"Máquina Tripla Matrix, + 5 unidades",Labell Men,Uma embalagem,"1,16 €","4,64 €/L"
"Queijo light, 16 unidades",A Vaca Que Ri,Embalagem de 280g,"2,39 €","19,92 €/Kg"
Pudim flan zero açúcares adicionados,El mandari,Embalagem de 30g,"0,59 €","29,50 €/Kg"
"Detergente manual de loiça, ultra limão",PorSi,Embalagem de 500 ml,"0,99 €","1,98 €/L"
Rebuçados fruta,PorSi,Embalagem de 250g,"1,00 €","5,00 €/Kg"
Paté de sardinha,PorSi,Embalagem de 4 x 22 g,"1,19 €","13,52 €/Kg"
Arroz agulha,B.sucesso,Embalagem de 1 kg,"0,99 €","0,99 €/Kg"
Massa macarronete riscado,Milaneza,Embalagem de 500g,"0,89 €","1,78 €/Kg"
Refrigerante c/ gás laranja,Sumol,pack 4 x 1.25 l,"0,79 €","0,40 €/L"
Óleo alimentar,Fula,Embalagem 1L,"3,39 €","3,39 €/L"
Caderno Agrafado Capa Preta Plastificada | A4 Pautad...,Domédia,1 unidade,"0,89 €","0,89 €/Unidade"
Tiras da Costela/Piano,Porco,1 un = 500 gr (aprox.),"3,99 €","3,99 €/Kg"
Mão de vaca com grão,Nobre,Embalagem de 420 g,"2,35 €","5,60 €/Kg"
Bolacha alfa,Nacional,Embalagem de 180g,"2,82 €","9,40 €/Kg"
Ovos | Classe: L,Ovitae,24 unidades,"1,39 €","1,39 €/Unidade"
Mistolin tira-nódoas,Mistolin,Garrafa de 500 ml,"1,54 €","2,05 €/L"
20 saquetas infusão camomila,Lipton,Embalagem de 10g,"20,91 €/Kg","20,91 €/Kg"
Mortadela de peru fatiada,PorSi,Embalagem de 200g,"0,80 €","10,67 €/Kg"
Biscoitos canudinho recheio cacau,PorSi,Embalagem de 300g,"2,82 €","9,40 €/Kg"
Ice tea pessêgo,Lipton,pack 6 x 0.25 l,"1,14 €","0,76 €/L"
Guardanapos de 1 folha azuis | dim.: 30 x 29 cm,PorSi,Embalagem com 70 unidades,"1,29 €","1,29 €/Unidade"
Saqueta de puré de fruta | maçã + banana,PorSi,90 g,"0,74 €","8,22 €/Kg"
Vinho regional alentejano reserva tinto,Encosta das Perdizes,Garrafa de 0.75 l,"2,89 €","3,85 €/L"
Lixivia perfume fresco,Neoblanc,Embalagem de 2 l,"2,59 €","1,30 €/L"
Conjunto de 3 pinceis nº 4/8/12,Domédia,Uma embalagem,"3,09 €","3,09 €/Unidade"
Pão de forma sem côdea especial torradas,Panrico,Embalagem de 510g,"0,99 €","1,65 €/Kg"
Jogo da Glória,Olivo,1 unidade,"9,99 €/Unidade","9,99 €/Unidade"
"Cerveja sem álcool, tara perdida",Super Bock,Pack 6 X 0.33 L,"5,99 €","3,03 €/L"
Queijo Curado Meio Gordo,Fonte Mourisca,Vendido ao peso a partir de 250 gr,"3,84 €","15,35 €/Kg"
Chocolate culinário,Pantagruel,Embalagem de 200g,"1,04 €","8,32 €/Kg"
"Cerveja com álcool, tara perdida",Kings Bräu,pack 24 x 0.25 l,"1,99 €/L","1,99 €/L"
Vermute Floreale sem Álcool,Martini,Garrafa de 750 ml,"11,99 €","11,99 €/L"
Leite de coco bio,PorSi Bio,400 ml,"1,89 €","10,50 €/Kg"
Elimina odores spray,Splendor,150 ml,"4,09 €","27,27 €/L"
Grão de bico,PorSi,Embalagem de 420g,"1,79 €","2,29 €/Kg"
Pó baratas e formigas,Baygon,Embalagem de 250 g,"4,99 €","19,96 €/Kg"
Nestum flocos de cereais integrais,Nestum,Embalagem de 250g,"2,99 €","3,99 €/Kg"
Café Qalidus XXL,Delta Q,Embalagem com 60 cápsulas,"54,36 €/Kg","54,36 €/Kg"
Rebuçados mini café,PorSi,Embalagem de 200g,"1,15 €","4,60 €/Kg"
Bicarbonato de sódio,PorSi,Embalagem de 500 g,"1,54 €","2,05 €/L"
Vinho tinto,Adega grande,Garrafa de 75 cl,"1,59 €","2,12 €/L"
Farinha de aveia integral,Cemporcent,Embalagem de 400g,"2,29 €","15,27 €/Kg"
Cerveja com álcool,Sagres,Lata de 500ml,"1,99 €/L","1,99 €/L"
Brandy,Croft,Garrafa de 700 ml,"15,49 €","15,49 €/L"
"Azeite clássico, virgem extra",Oliveira da Serra,Garrafa de 2 l,"3,19 €","4,25 €/L"
Vinho maduro tinto doc alentejano,P.ravessa,Garrafa de 750 ml,"2,89 €","3,85 €/L"
Mousse de chocolate,PorSi,Embalagem de 110 g,"0,99 €","1,65 €/Kg"
Café em cápsulas  qonvictus,Delta Q,Embalagem de 55 g,"54,36 €/Kg","54,36 €/Kg"
Tomate em pedaços,PorSi,Embalagem de 390g,"1,79 €","2,29 €/Kg"
Rebuçados drops recheio de fruta,PorSi,Embalagem de 250g,"1,00 €","5,00 €/Kg"
Espumosos tinto bruto attitude,Fita azul,Garrafa 0.75L,"3,99 €","5,32 €/L"
Cabo de metal com rosca,PorSi,1.35 m,"2,20 €","2,20 €/Unidade"
Lay's mediterrâneas originais,Lay's,Embalagem de 220g,"1,06 €","5,73 €/Kg"
Pasta de sardinha,Fides,Embalagem de 90g,"1,19 €","13,52 €/Kg"
Pedaços de tamboril,PorSi,Embalagem de 500G,"4,39 €","10,98 €/Kg"
Fruta para bebé multifrutas +4 meses,Nestle,Embalagem de 90g,"0,74 €","8,22 €/Kg"
5 gouaches de cores primárias,Domédia,Uma embalagem,"3,09 €","3,09 €/Unidade"
Fraldas agility T4 de 9 a 15 kg,PorSi,50 unidades,"6,49 €","6,49 €/Unidade"
Pudim de ananás,Boca Doce,Embalagem de 20g,"0,59 €","29,50 €/Kg"
Maionese,PorSi,Embalagem de 260 g,"0,70 €","2,33 €/Kg"
Bolacha recheada mega duo chocolate,Gullon,Embalagem de 500g,"2,15 €","2,87 €/Kg"
Salva Camas 60 x 60 cm,PorSi,Embalagem com 20 un.,"4,99 €","4,99 €/Unidade"
Barras de cereais golden grahams,Nestle,Embalagem de 150g,"1,29 €","10,24 €/Kg"
Vinho tinto,PorSi,embalagem de 1 litro,"0,85 €","0,85 €/L"
Limpa móveis cera abelhas,PorSi,Frasco de 300ml,"1,39 €","1,26 €/L"
Fermento em po 4x25g,PorSi,Embalagem de 100g,"1,89 €","17,18 €/Kg"
Comida húmida para cão de frango e arroz,PorSi,Lata de 400 g,"0,75 €","2,50 €/Kg"
Alimento húmido para cão vaca,Pedigree,Embalagem de 300g,"0,75 €","2,50 €/Kg"
"Escova dentes, proteção global suave, 2 unidades",Labell,1 embalagem,"4,99 €","4,99 €/Unidade"
Vela mágica pack de 10 unidades,PorSi,Uma embalagem,"0,60 €","0,60 €/Unidade"
Massa folhada s/ glúten,Pasta dia,Embalagem de 280g,"0,89 €","3,87 €/Kg"
"Cereais crusts, amêndoas e mel",PorSi,Embalagem de 380g,"2,29 €","6,11 €/Kg"
"Pensos diários respirare, 44 unidades",Carefree,Uma embalagem,"2,99 €","2,99 €/Unidade"
Manteiga com sal,Novacores,Embalagem de 250g,"1,69 €","6,76 €/Kg"
Goiaba,Ferbar,Embalagem de 300g,"1,09 €","2,42 €/Kg"
Ovos de Galinhas Criadas ao Ar Livre,PorSi,6 ovos frescos,"1,39 €","1,39 €/Unidade"
Vinagre balsâmico,PorSi,Embalagem de 250 ml,"0,35 €","0,70 €/L"
Sacos lixo com alças 25 litros,PorSi,30 unidades,"1,79 €","1,79 €/Unidade"
Detergente manual roupa,PorSi,Embalagem de 650g,"1,09 €","2,73 €/Kg"
Paté Fígado Porco c/ Cogumelos,PorSi,75 g,"0,80 €","10,67 €/Kg"
"Refresco em pó, manga",PorSi,Embalagem de 40g,"0,75 €","18,75 €/Kg"
Forma Pão de Ló Antiaderente 28cm,PorSi,1 unidade,"9,99 €","9,99 €/Unidade"
Óleo Performa 10W40,Galp,Embalagem de 1 l,"14,99 €","14,99 €/L"
Mistura de cogumelos,PorSi,Embalagem de 400g,"1,49 €","1,49 €/Kg"
Pensos banda,PorSi,100 x 6 cm,"1,69 €","1,69 €/Unidade"
"Recarga ambientador, toque&fresh relax zen",Glade,Embalagem de 10 ml,"349,00 €/L","349,00 €/L"
Creme Mãos Secrets Coco,Dove,75 ml,"2,49 €","41,50 €/L"
Amaciador Roupa lavanda,PorSi,Embalagem de 60 doses,"3,74 €","0,96 €/L"
Ice tea de limão,PorSi,"Embalagem de 6x0,20 l","1,14 €","0,76 €/L"
Whisky,Grants,Garrafa de 1 l,"19,99 €","19,99 €/L"
Papel Fotocópia A4 |80g,Navigator,,"2,19 €","109,50 €/L"
Salmão Fumado da Escócia,PorSi Select,Embalagem de 80 g,"3,35 €","22,33 €/Kg"
Manteiga sem sal,Mimosa,Embalagem de 250g,"1,69 €","6,76 €/Kg"
Mala criativa,Lego,1 unidade,"17,99 €/Unidade","17,99 €/Unidade"
"Tira nódoas, spray oxi",PorSi,Embalagem de 1 l,"1,69 €","1,69 €/L"
Abrasivo sanitário gel pinho,PorSi,embalagem de 1 litro,"0,99 €","0,99 €/L"
Forma Pudim Antiaderente 18cm,PorSi,1 unidade,"9,99 €","9,99 €/Unidade"
Pepperoni Rodelas,Porminho,Embalagem 2 x 75 g,"3,35 €","22,33 €/Kg"
Azeite virgem extra clássico,Gallo,Garrafa de 750 ml,"3,19 €","4,25 €/L"
SuperCeys,Ceys,1 unidade,"3,99 €","3,99 €/Unidade"
Infusão alcachofra e dente de leão,Cemporcent,Embalagem de 10 unidades,"20,91 €/Kg","20,91 €/Kg"
Detergente para loiça plus + limão,Super Pop,Embalagem de 1L,"0,99 €","1,98 €/L"
Estojo redondo,PorSi,1 unidade,"9,99 €","9,99 €/Unidade"
Sumo 100% maçã,PorSi,pack 3 x 200 ml,"1,09 €","0,73 €/L"
12 nuggets frango polme americano,Capitão Iglo,Embalagem de 220g,"7,99 €","7,99 €/Kg"
Resguardos de cama,PorSi,20 unidades de 80 x 180 cm,"4,99 €","4,99 €/Unidade"
Bolachas cacau com cereais e pepitas de chocolate,PorSi,Embalagem de 400 g,"0,90 €","6,00 €/Kg"
Amendoim com Casca,PorSi,Embalagem de 500g,"0,79 €","3,95 €/Kg"
Sumo 100% laranja,PorSi,Pack 3 x 200 ml,"1,09 €","0,73 €/L"
Ambientador vela maçã e canela,PorSi,1 unidade,"9,49 €","45,19 €/Kg"
Pastilhas café lote chávena,Delta,Embalagem de 110g,"54,36 €/Kg","54,36 €/Kg"
Barras cereais chocapic,Nestle,Embalagem de 150g,"1,29 €","10,24 €/Kg"
Molho tomate com azeitonas,PorSi,Frasco de 420g,"0,70 €","2,33 €/Kg"
Café moagem universal brasil,Delta,Embalagem de 220g,"9,16 €/Kg","9,16 €/Kg"
Meloa Gália,Fruta da Época,1 un = 1 kg (aprox.),"2,79 €","2,79 €/Kg"
Canela em pau,PorSi,Saqueta de 30 g,"0,25 €","0,25 €/Kg"
Preparado de bolo de mármore,PorSi,528 g,"0,45 €","5,00 €/Kg"
Cerveja c/ álcool mini,Super Bock,Pack 15 x 0.20 L,"1,99 €/L","1,99 €/L"
Massa de cotovelinhos,Nacional,Embalagem de 500g,"0,89 €","1,78 €/Kg"
Farinha láctea 5 frutos,PorSi,Embalagem de 500g,"4,49 €","4,49 €/Kg"
Marcador Turbo Color x12,Giotto,Uma embalagem,"3,09 €","3,09 €/Unidade"
Maruca à posta,PorSi,262 g,"6,50 €","12,99 €/Kg"
Leite uht meio gordo,PorSi,Embalagem com rosca de 1 l,"0,81 €","0,81 €/L"
Couve de bruxelas,PorSi,Embalagem de 750 g,"1,49 €","1,49 €/Kg"
Pasta de açúcar bege,PorSi,250 g,"1,49 €","1,49 €/Kg"
Red Fish Grande,Peixe Congelado,1 un = 500 gr (aprox.),"1,75 €","6,99 €/Kg"
Açúcar mascavado,PorSi,Embalagem de 500g,"1,49 €","1,49 €/Kg"
Colchonete em Espuma,Saurium,"Dim.: 180x60x1,2 cm","6,99 €","6,99 €/Unidade"
Mortadela mini,PorSi,Embalagem de 350g,"0,80 €","10,67 €/Kg"
Limpa Estofos de Pele,PorSi,Embalagem de 1 l,"3,99 €","0,80 €/L"
Trinca de arroz,PorSi,Embalagem de 1 kg,"15,69 €","3,92 €/Kg"
Gengibre,Legumes do Dia,1 un = 100 gr (aprox.),"0,33 €","3,29 €/Kg"
Chá fresh verde e pêssego,Cemporcent,Embalagem de 18g,"58,00 €/Kg","58,00 €/Kg"
8 salsichas bockwurst,PorSi,1 Frasco 720G,"0,75 €","3,75 €/Kg"
Ketchup,Calve,Embalagem de 280g,"0,70 €","2,33 €/Kg"
Azeite virgem extra dop trás-os-montes,PorSi Select,Embalagem 750 ml,"3,19 €","4,25 €/L"
Laranja Embalada Programa Origens,PorSi,embalagem de 2 kg,"0,69 €","2,29 €/Kg"
Limpa Móveis,PorSi,Embalagem de 300 ml,"1,39 €","1,26 €/L"
Spray bolor e sujidade,Cillitbang,Garrafa de 500 ml,"1,19 €","0,79 €/L"
Chocolate negro 90% cacau bio,Cemporcent,Embalagem de 100g,"2,99 €","29,90 €/Kg"
Marmelada sem conservantes,PorSi,Embalagem de 500g,"1,09 €","2,42 €/Kg"
Doce light framboesa,PorSi,Embalagem de 340g,"3,59 €","10,26 €/Kg"
Feijão manteiga,PorSi,Embalagem de 500g,"2,78 €/Kg","2,78 €/Kg"
Papel Higiénico Compacto Ultra Suave XXL,Colhogar,12 rolos,"1,99 €","1,99 €/Unidade"
Bolachas waffers morango,PorSi,Embalagem de 210g,"0,98 €","4,67 €/Kg"
Gelatina de ananás,Koala,Embalagem de 130g,"0,85 €","2,13 €/Kg"
Pratos para pic nic 19 cm azuis,PorSi,Embalagem com 6 unidades,"32,99 €","32,99 €/Unidade"
Pensos higiénicos liberty normal sem abas,Evax,Embalagem com 12 un.,"4,99 €","4,99 €/Unidade"
Na-esparguete bio 500g 10kg,Nacional,Embalagem de 500g,"0,89 €","1,78 €/Kg"
Atum posta em azeite,PorSi,Embalagem de 120g,"0,89 €","7,42 €/Kg"
Cerveja c/ álcool,Sagres,pack 15 x 0.33 l,"1,99 €/L","1,99 €/L"
Iogurte morango 000%,PorSi Viva Bem,Embalagem de 4 x 125 g,"4,36 €","2,18 €/Kg"
Alho-francês,PorSi,Embalagem de 750 g,"1,49 €","1,49 €/Kg"
Esferográfica Cor Sortida Média,Mab,Embalagem com 4 un.,"2,49 €","2,49 €/Unidade"
Vela em número nª2,PorSi,1 unidade,"0,60 €","0,60 €/Unidade"
Bambolitos pretos,PorSi,Embalagem de 150g,"0,79 €","5,27 €/Kg"
Leite desmaquilhante para peles secas,Labell,Embalagem de 250 ml,"1,15 €","4,60 €/L"
Pizza hawai,PorSi,Embalagem de 350g,"2,16 €","6,17 €/Kg"
Salmão Fumado da Noruega,PorSi,Embalagem de 100 g,"3,35 €","22,33 €/Kg"
Creme proteção de gengivas,Polident,Embalagem de 40 g,"7,39 €","105,57 €/Kg"
"Lixívia para roupa, azul, tradicional",Neoblanc,Embalagem de 1 l,"1,74 €","0,35 €/L"
Iogurte activia líquido cereais,Danone,Embalagem de 4 x 155 g,"3,21 €/Kg","3,21 €/Kg"
Atum posta em azeite,Bom petisc,Embalagem de 120 g,"0,89 €","7,42 €/Kg"
Fruta para bebé 4 frutas +4 meses,Nestle,Embalagem de 90g,"0,74 €","8,22 €/Kg"
Óleo de cedro,Mistolin,Embalagem de 360 ml,"1,39 €","1,26 €/L"
Lava tudo antibacteriano marinho,PorSi,Garrafa de 1.5 l,"0,99 €","0,50 €/L"
Luvas Universal Pequeno/Médio,Vileda,1 unidade,"2,40 €","2,40 €/Unidade"
Cogumelos inteiros,PorSi,Embalagem de 355 g,"1,79 €","2,29 €/Kg"
Alimento seco p/ cão raça pequena,PorSi Select,Embalagem de 3kg,"15,69 €","3,92 €/Kg"
Bolo Brigadeiro 800 g,Pastelaria do Dia,,"8,99 €","11,24 €/Kg"
Penso júnior,PorSi,20 unidades,"1,69 €","1,69 €/Unidade"
Azeiteira Inox Geo,Imf,500 ml,"17,99 €","17,99 €/Unidade"
Snack gato sticks salmao 6x5g,PorSi,Embalagem de 30g,"0,99 €","16,50 €/Kg"
Bagas de goji,Salutem,Embalagem de 100g,"2,29 €","15,27 €/Kg"
Chouriço fatiado,Campofrio,Embalagem de 80g,"0,95 €","9,49 €/Kg"
Caramelos de fruta,Penha,Embalagem de 250 g,"1,10 €","4,40 €/Kg"
Porto tawny,Ferreira,Garrafa de 750 ml,"6,29 €","8,39 €/L"
Spray lixívia e higiene,Cillitbang,Garrafa de 500 ml,"1,19 €","0,79 €/L"
Queijo flamengo em Barra,Gresso,"Vendido ao peso, fatiado a partir de 100 gr","1,56 €","7,80 €/Kg"
Balões latex mistos,PorSi,Embalagem com 24 unidades,"1,54 €","1,54 €/Unidade"
Guardanapos Red Label 1 folha |Vermelho,Renova,Dim: 30x32cm |70 unidades,"1,29 €","1,29 €/Unidade"
Feijão encarnado em frasco,PorSi,frasco de 540 g,"1,79 €","2,29 €/Kg"
Miolo de amêndoa sem pele inteira,PorSi,200 g,"0,79 €","3,95 €/Kg"
Fio dentário fluór+menta 50m,Labell,1 unidade,"3,49 €","3,49 €/Unidade"
Gelatina ananás 8 kcal,PorSi,Embalagem de 4 x 100 g,"0,85 €","2,13 €/Kg"
Toucinho fumado extra,PorSi,Embalagem de 200 g,"1,45 €","18,13 €/Kg"
Aperitivos 3d's cones,3d's,Embalagem de 90g,"0,79 €","7,90 €/Kg"
Vinho branco,PorSi,Bag-in-box de 5 litros,"0,85 €","0,85 €/L"
Mistura solúvel c/ 20% café granulado,PorSi,Embalagem de 200g,"1,64 €","6,56 €/Kg"
Refrigerante c/ gás,Coca-Cola,pack 6 x 0.33 l,"0,79 €","0,40 €/L"
Esfregona premium 2 em 1 completa,Vileda,1 un.,"0,89 €","0,89 €/Unidade"
Folhado de salsicha,PorSi,Embalagem de 6x60 g,"2,99 €","9,97 €/Kg"
Bolachas recheadas com morango e cheesecake,Oreo,Embalagem de 150g,"2,09 €","13,06 €/Kg"
Lava Tudo Perfumado Herbal,PorSi,Embalagem de 2 l,"0,99 €","0,50 €/L"
As minhas primeiras receitas - refeição esparguete c...,Nestle,Embalagem de 190g,"1,89 €","9,95 €/Kg"
Saqueta de puré de fruta | maçã + manga + pêssego,PorSi,90 g,"0,74 €","8,22 €/Kg"
Cabo de madeira com rosca,PorSi,1.20 m,"2,20 €","2,20 €/Unidade"
Tablete de chocolate culinário 70% negro,PorSi,Embalagem de 200 g,"1,04 €","8,32 €/Kg"
Pensos incontinência homem,PorSi,10 unidades,"1,95 €","1,95 €/Unidade"
Vela com número nº 0,PorSi,1 unidade,"0,60 €","0,60 €/Unidade"
"Pasta dentífrica, proteção branqueador",Labell,Embalagem de 75 ml,"2,39 €","31,87 €/L"
Limpa Estofos de Tecido,PorSi,Embalagem de 1 l,"3,99 €","0,80 €/L"
Arroz brajma,Cigala,Embalagem de 1 kg,"0,99 €","0,99 €/Kg"
Pensos Higiénicos Fina e Segura Normal,Evax,Embalagem c/ 24 Unidades,"4,99 €","4,99 €/Unidade"
Aguadente vinica velha,Património,Garrafa de 0.70 l,"12,79 €","18,27 €/L"
Ameijoa Branca Vietnamita,Marisco Congelado,Vendido a partir de 250 gr  (aprox.),"2,00 €","7,99 €/Kg"
Ração seca para gatinhos frango e legumes,PorSi,Embalagem de 2 kg,"12,99 €","4,33 €/Kg"
Inseticida moscas e mosquitos,Dum Dum,Garrafa de 300 ml,"4,49 €","14,97 €/L"
Frutose,PorSi,Boião de 410 g,"5,99 €","23,96 €/Kg"
Recarga Esfregona de Algodão,PorSi,1 unidade,"0,89 €","0,89 €/Unidade"
Toalha em rolo papel verde,PorSi,1 Unidade,"2,99 €","2,99 €/Unidade"
Alimento lácteo alperce +6 meses,Yogolino,Embalagem de 4 x 100 g,"5,98 €/Kg","5,98 €/Kg"
Bacalhau com broa,PorSi Select,350 g,"2,19 €","7,30 €/Kg"
Guardanapos com riscas verdes | Dim.: 33 x 33 cm,PorSi,Embalagem com 20 unidades,"1,29 €","1,29 €/Unidade"
Pastilhas limpa próteses,Labell,embalagem com 36 unidades,"7,39 €","105,57 €/Kg"
Beira interior colheita 2013,Beyra,Garrafa de 0.75 l,"6,49 €","8,65 €/L"
Iogurte líquido yoggi morango,Nestle,Embalagem de 4 x 160 g,"1,17 €","1,83 €/Kg"
Hambúrguer de frango,PorSi,Embalagem de 460g,"2,99 €","6,50 €/Kg"
Spray limpeza fornos e grelhas,PorSi,500 ml,"1,29 €","1,72 €/L"
Néctar pera,PorSi,Embalagem de 1 l,"0,99 €","0,99 €/L"
Gelado tiramisu,PorSi,Embalagem de 900 ml,"3,99 €","6,14 €/L"
Óleo Performa C3 5w30 Sintético,Galp,Embalagem de 1 l,"14,99 €","14,99 €/L"
Pilhas recarregáveis C HR14 2600mAh,Domédia,Embalagem com 2 unidades,"1,99 €","1,99 €/Unidade"
Fita adesiva,PorSi,5m x 2.5 cm,"1,69 €","1,69 €/Unidade"
Bloco Sanitário Poder Activo Pinho,Sonasol,Embalagem de 50 g,"2,99 €","74,75 €/Kg"
Massa de macarrão grande estriado,PorSi,Embalagem de 500g,"0,89 €","1,78 €/Kg"
Chocolate culinário branco,Pantagruel,Embalagem de 200g,"1,04 €","8,32 €/Kg"
Galão,PorSi,16 cápsulas,"15,92 €/Kg","15,92 €/Kg"
Vinho do porto dona antónia reserva branco,Ferreira,Garrafa de 0.75 l,"11,99 €","15,99 €/L"
"Lenços de bolso sensi, brancos, 10 unidades",Renova,Uma embalagem de 6x10,"0,89 €","0,89 €/Unidade"
Papa infantil láctea maçã +6 meses,Cerelac,Embalagem de 250g,"4,49 €","4,49 €/Kg"
Borracha para desenho técnico,Domédia,1 unidade,"3,09 €","3,09 €/Unidade"
Cogumelos laminados 1/2,PorSi,Embalagem de 355 g,"1,79 €","2,29 €/Kg"
Biscoitos canudinho simples,PorSi,Embalagem de 300g,"2,82 €","9,40 €/Kg"
Doce de cereja s/ açúcar adicionado,PorSi,Frasco com 220 g,"2,19 €","9,95 €/Kg"
15 panadinhos de peixe,PorSi,Embalagem de 450 g,"4,39 €","10,98 €/Kg"
Molho piri piri,Macarico,Embalagem de 200g,"0,70 €","2,33 €/Kg"
"Cerveja com álcool, lata",Super Bock,Garrafa de 500 ml,"1,99 €/L","1,99 €/L"
Manteiga magra,Matinal,Embalagem de 250g,"1,69 €","6,76 €/Kg"
Aperitivos tex mex,Doritos,Embalagem de 120g,"0,79 €","7,90 €/Kg"
Detergente pastilhas p/ máquina loiça oxyplus,Super Pop,Embalagem de 45 unidades,"1,49 €","5,96 €/L"
Senses Watermelon,Trident,1 un.,"3,09 €","38,63 €/Kg"
Creme de dia para pele seca,Labell,Embalagem de 50 ml,"2,99 €","59,80 €/L"
Manga em calda,It.saveurs,Embalagem de 250g,"1,99 €","2,37 €/Kg"
Molas plásticas,PorSi,15 unidades,"0,89 €","0,89 €/Unidade"
"Chocolate, tripack",Pintarolas,Embalagem de 70g,"11,98 €/Kg","11,98 €/Kg"
Leite de coco,PorSi,Embalagem de 400 ml,"3,84 €","24,00 €/Kg"
Pescada 3 Chile,Peixe Congelado,1 un= 1 kg (aprox.),"1,75 €","6,99 €/Kg"
Bolachas waffers baunilha,PorSi,Embalagem de 210g,"0,98 €","4,67 €/Kg"
Mel de montanha,PorSi Select,Frasco de 250 g,"4,89 €","9,78 €/Kg"
Azeitona verde inteira com alho,PorSi,Vendido ao peso a partir de 500 g,"0,40 €","3,99 €/Kg"
"Coloração permanente, caramelo avelã, nº 6.41",Excellence,1 unidade,"9,49 €/Unidade","9,49 €/Unidade"
Balde Limpeza Super Fácil Cinza + Espremedor,Vileda,1 unidade,"17,00 €","17,00 €/Unidade"
Saco Térmico Flexível Azul,Campingaz,1 unidade (cap.:15L),"12,00 €","12,00 €/Unidade"
Pickles em vinagre,PorSi,Embalagem de 200 g,"1,79 €","2,29 €/Kg"
Paté Fígado Porco c/ Vinho do Porto,PorSi,75 g,"0,80 €","10,67 €/Kg"
Água de rosas,Hidro,Embalagem de 200 ml,"0,76 €","0,76 €/Unidade"
Atum posta em óleo,Bom petisc,Embalagem de 120 g,"0,89 €","7,42 €/Kg"
6 Salsichas de porco,Nobre,Lata de 120g,"0,75 €","3,75 €/Kg"
Moscatel favaios,Favaios,Garrafa de 750 ml,"6,79 €/L","6,79 €/L"
Água c/ gás original,Frize,pack 6 x 0.25 l,"2,85 €","2,85 €/L"
Biscoitos integrais aveia e cacau,PorSi Viva Bem,Embalagem de 150g,"1,45 €","11,15 €/Kg"
Difusor elétrico sem fio para pastilhas,Ezalo,Embalagem de 1 unidades,"6,99 €","6,99 €/Unidade"
Presunto fatias,Damatta,Embalagem de 120 g,"2,79 €","13,95 €/Kg"
Água mineral sem gás,Fastio,Pack 4 x 1.5 l,"1,04 €","0,17 €/L"
Desinfetante álcool gel spray,PorSi,100 ml,"0,99 €","9,90 €/L"
Açúcar em saquetas,PorSi,Embalagem 1K,"1,49 €","1,49 €/Kg"
Vinho maduro branco,C.da eira,Garrafa de 1 l,"0,85 €","0,85 €/L"
Salsichas extra suculentas,Nobre,Frasco de 650 g,"0,75 €","3,75 €/Kg"
Iogurte natural açucarado,PorSi,Embalagem de 4x125g,"0,99 €","1,98 €/Kg"
Bolacha maria dourada,PorSi,Embalagem de 800g,"2,11 €/Kg","2,11 €/Kg"
Coco ralado bio,PorSi Bio,Embalagem de 200 g,"1,89 €","3,78 €/Kg"
Ovos Frescos Classe M,PorSi,12 unidades,"1,39 €","1,39 €/Unidade"
Arroz Thai Jasmim,PorSi,1 kg,"0,99 €","0,99 €/Kg"
"Toalhitas para bebé bio, 64 unidades",Pommette,1 embalagem,"1,09 €/Unidade","1,09 €/Unidade"
Vinagre de limpeza,PorSi,Embalagem de 1 l,"0,79 €","0,79 €/L"
Manteiga amendoim com pedaços,Calve,Embalagem de 350g,"4,19 €","12,32 €/Kg"
Bebida Energética Apple,Hell,250 ml,"0,79 €","3,16 €/L"
"Rolo de cozinha design xxl, 3 rolos",Renova,Embalagem de 3 unidades,"4,99 €","4,99 €/Unidade"
Ovos de galinha ao ar livre | Classe: M/L,Matinados,12 unidades,"1,39 €","1,39 €/Unidade"
Cenoura baby,PorSi,Embalagem de 400 g,"1,49 €","1,49 €/Kg"
Cerveja,Kings Bräu,Embalagem de 10x25 cl,"1,99 €/L","1,99 €/L"
Vermute rosso,Martini,Garrafa de 0.75 l,"17,09 €","22,79 €/L"
Queijo flamengo fatias light,PorSi,Embalagem de 200g,"1,56 €","7,80 €/Kg"
Guardanapos com riscas rosa | Dim.: 33 x 33 cm,PorSi,Embalagem com 20 unidades,"1,29 €","1,29 €/Unidade"
"Tablete de chocolate, black-white",Schogetten,Embalagem de 100g,"5,30 €/Kg","5,30 €/Kg"
Caderno A4 Pautado,PorSi,80 Folhas,"0,89 €","0,89 €/Unidade"
Reparador de móveis escuro,Pronto,Embalagem de 100 ml,"1,39 €","1,26 €/L"
Autobrilhante Incolor,Búfalo,Embalagem de 50 ml,"2,25 €","45,00 €/L"
Vela com número nº 5,PorSi,1 unidade,"0,60 €","0,60 €/Unidade"
Ketchup,PorSi,Embalagem de 560 g,"0,70 €","2,33 €/Kg"
Arroz Carolino,Cigala,Embalagem de 1 kg,"0,99 €","0,99 €/Kg"
Mopa com cabo,PorSi,1 unidade,"2,20 €","2,20 €/Unidade"
Posta pescada-do-cabo nº 5 para cozer,PorSi,Embalagem de 800 g,"4,39 €","10,98 €/Kg"
Iogurte activia líquido kiwi,Danone,Embalagem de 4 x 155 g,"3,21 €/Kg","3,21 €/Kg"
Chourico picante beiras,PorSi,Embalagem de 290g,"1,22 €","6,78 €/Kg"
Leite de coco light biológico,Origensbio,Garrafa de 400 ml,"1,59 €","1,59 €/L"
Espremedor,PorSi,1 unidade,"17,00 €","17,00 €/Unidade"
Almôndegas de bovino,PorSi,Embalagem de 400 g,"7,99 €","7,99 €/Kg"
Vela com número nº 8,PorSi,1 unidade,"0,60 €","0,60 €/Unidade"
Concentrado de frutas tropicais,Sunquick,Garrafa de 700 ml,"3,69 €","4,92 €/L"
Doce mirtilos e framboesa 0% açúcar,C.mateus,Embalagem de 280g,"3,59 €","10,26 €/Kg"
"Bebida láctea especial crescimento, 1-3 anos",Mimosa,Garrafa de 1 l,"0,26 €","1,30 €/L"
Gel Banho Excite,Axe,Embalagem de 400 ml,"5,99 €","14,98 €/L"
Pólen de abelhas,PorSi Select,Frasco de 130 g,"4,89 €","9,78 €/Kg"
Sobremesa gelificada de laranja,PorSi,Embalagem de 4x100g,"0,85 €","2,13 €/Kg"
Sumo 100% maçã,Compal,1 litro,"1,09 €","0,73 €/L"
Caldo de galinha 8 cubos,Knorr,Embalagem de 80g,"3,84 €","24,00 €/Kg"
Água sem gás,Penacova,Garrafa de 1.5 litros,"1,04 €","0,17 €/L"
Óleo Cedro Spray,PorSi,Embalagem de 250 ml,"1,39 €","1,26 €/L"
Tarteletes com recheio morango,PorSi,Embalagem de 96g,"2,09 €","13,06 €/Kg"
Queijo mini,Babybel,Embalagem de 6x20 g,"2,29 €","19,08 €/Kg"
Cápsulas de café delta qualidus,Delta Q,Embalagem de 60g,"54,36 €/Kg","54,36 €/Kg"
Pescada Pequena da Argentina -500g,Peixe Congelado,Pescado no mar,"4,39 €","10,98 €/Kg"
Pasta de Moldar Terracota,DAS,Embalagem com 1 kg,"2,19 €","109,50 €/L"
"Inseticida, recarga, elétrico, pack 2",Raid,1 embalagem com 2x27ml,"6,99 €","6,99 €/Unidade"
Café torrado 5 estrelas moagem grossa,Sical,Embalagem de 250g,"9,16 €/Kg","9,16 €/Kg"
Comida húmida para cão,PorSi,Embalagem de 300 g,"0,75 €","2,50 €/Kg"
Vinho branco,PorSi,embalagem de  3X187 ml,"0,85 €","0,85 €/L"
Sacos do lixo lavanda 50 litros,PorSi,15 unidades,"1,79 €","1,79 €/Unidade"
Iogurte líquido pinacolada,PorSi,Embalagem de 4 x 160 g,"1,17 €","1,83 €/Kg"
Batata Frita c/ Sal,Ruffles,Embalagem de 160 g,"1,06 €","5,73 €/Kg"
Refrigerante sem gás frutos tropicais,Trina,"Garrafa de 1,5 l","1,14 €","0,76 €/L"
Jenga,Mitama,1 unidade,"9,99 €/Unidade","9,99 €/Unidade"
Farelo de aveia,Salutem,Embalagem de 200g,"2,29 €","15,27 €/Kg"
"Carregador, 6 lâminas, 4 recargas",Labell Men,1 embalagem,"1,16 €","4,64 €/L"
Dentífrico júnior 7 a 12 anos,Colgate,Embalagem de 50 ml,"3,19 €","3,19 €/Unidade"
Petit gateau morango 4x80g,PorSi,Embalagem de 320g,"2,65 €","8,28 €/Kg"
Collant mousse preta 20D,PorSi,Tamanho: M,"1,89 €","1,89 €/Unidade"
Salsicha bockwurst 5 unidades,PorSi,Embalagem de 250g,"0,75 €","3,75 €/Kg"
Uno cartas,Mattel,1 unidade,"9,99 €/Unidade","9,99 €/Unidade"
Farinha p/ bolos fina,Nacional,Embalagem de 1Kg,"1,99 €","1,99 €/Kg"
Bacalhau Especial,Bacalhau da Noruega,1 un = 4 kg (aprox.),"8,73 €/Kg","8,73 €/Kg"
Iogurte grego natural magro,PorSi Viva Bem,Embalagem de 1 kg,"0,99 €","1,98 €/Kg"
Néctar classico de ananás,Compal,Garrafa de 200 ml,"0,99 €","0,99 €/L"
Favas ultracongeladas,PorSi,Embalagem de 400g,"1,49 €","1,49 €/Kg"
Creme p/ Calçado Preto,Búfalo,Embalagem de 40 ml,"2,75 €","36,67 €/L"
Açúcar baunilhado,Vahine,Embalagem de 40g,"1,49 €","1,49 €/Kg"
Cacetinho de Trigo,Pão do Dia,80 g,"0,18 €","2,25 €/Kg"
Pensos clássicos,PorSi,100 unidades,"1,69 €","1,69 €/Unidade"
Bloco Sanitário Poder Activo Lavanda,Sonasol,Embalagem de 2x50 g,"2,99 €","74,75 €/Kg"
Plantanatur detox rapid,PLANTANATU,Garrafa de 500 ml,"10,79 €","21,58 €/L"
Papel Fotocópia A4 |80g,Navigator,,"3,29 €","3,29 €/Unidade"
Cereais crack star,PorSi,Embalagem de 375 g,"5,07 €/Kg","5,07 €/Kg"
Gelatina de ananás,PorSi,Embalagem de 170g,"0,55 €","61,11 €/Kg"
Bolachas waffers chocolate,PorSi,Embalagem de 210g,"0,98 €","4,67 €/Kg"
"Pensos diários maxiplus, 30 unidades",Evax,Uma embalagem,"2,99 €","2,99 €/Unidade"
Massa de espirais,Nacional,Embalagem de 500g,"0,89 €","1,78 €/Kg"
Hamburguers de bovino,PorSi,Embalagem de 1 kg,"2,79 €","8,72 €/Kg"
Ambientador gel lavanda,PorSi,150 g,"0,79 €","5,27 €/Kg"
Película Aderente 60M,PorSi,1 unidade,"1,11 €","1,11 €/Unidade"
Miolo de ameijoa,PorSi,Embalagem de 250 g,"4,99 €","6,24 €/Kg"
Vela com número nº 1,PorSi,1 unidade,"0,60 €","0,60 €/Unidade"
Ricore,Nestle,Embalagem de 260g,"1,64 €","6,56 €/Kg"
Danone twix,Danone,Embalagem de 120g,"1,34 €","11,17 €/Kg"
Spray wc anticalcário,PorSi,embalagem de 750 ml,"3,49 €","4,65 €/L"
Iogurtes magros aroma morango,PorSi Viva Bem,Embalagem de 6 x 125 g,"0,99 €","1,32 €/Kg"
Mega bolsa com 60 peças,Mega Bloks,1 unidade,"17,99 €/Unidade","17,99 €/Unidade"
Ice tea pêssego,Lipton,Embalagem de 1L,"1,14 €","0,76 €/L"
Massa folhada margarina,PorSi,Embalagem de 230 g,"0,89 €","3,87 €/Kg"
Bolacha torrada,PorSi,Embalagem de 4 x 200 g,"2,11 €/Kg","2,11 €/Kg"
Xarope de limão sem corantes,Paquito,Garrafa de 750 ml,"3,69 €","4,92 €/L"
Feijao verde redondo,PorSi,Embalagem de 400g,"1,49 €","1,49 €/Kg"
Flocos de aveia,PorSi Viva Bem,Embalagem de 400g,"0,69 €","1,73 €/Kg"
Limpa carpetes,PorSi,Embalagem de 1 litro,"1,54 €","2,05 €/L"
Tampão Organic Super,O.B.,Embalagem com 16 unidades,"4,89 €","4,89 €/Unidade"
Bolachas de aveia,Triunfo,Embalagem de 190g,"2,82 €","9,40 €/Kg"
Amaciador nutri-protec,Labell,Embalagem de 200 ml,"1,00 €","5,00 €/L"
Lixívia Tradicional,PorSi,Embalagem de 5 l,"1,74 €","0,35 €/L"
Aguardente,Alma pura,Garrafa de 0.70 l,"12,79 €","18,27 €/L"
Máquina Descartável Depilatória Venus Plus,Gillette,4 un. + 2 grátis,"1,99 €","1,99 €/Unidade"
Sublinhador Brite Liner - 3+1,Bic,1 unidade,"2,49 €","2,49 €/Unidade"
Patê de sardinha,PorSi,Embalagem de 65 g,"1,19 €","13,52 €/Kg"
Pão Bijou Mistura,Pão do Dia,1 unidades = 45 g,"0,18 €","2,25 €/Kg"
Barra cereais nesquik delice,Nestle,Embalagem de 140g,"1,29 €","10,24 €/Kg"
Néctar light de laranja prisma,PorSi,Embalagem de 1 l,"0,84 €","2,55 €/L"
Bacalhau posta asa branca,PorSi,Embalagem de 800G,"6,39 €","7,99 €/Kg"
Lambrusco bianco,*,Garrafa de 750 ml,"6,89 €","9,19 €/L"
Ambientador elétrico flor de cerejeira,Air Wick,1 unidade,"8,99 €","8,99 €/Unidade"
Ovos Frescos Omega 3 de Galinhas Solo,PorSi Viva Bem,Embalagem com 6 unidades,"2,19 €","2,19 €/Unidade"
Mistura solúvel tofina despertar,Nestle,Embalagem de 200g,"1,64 €","6,56 €/Kg"
"Frigideira anti-aderente, 24cm",PorSi,1 unidade,"9,99 €","9,99 €/Unidade"
Chocolate kit kat,Kit kat,Embalagem de 130g,"11,92 €/Kg","11,92 €/Kg"
Esferográfica Azul Média,Mab,Embalagem com 4 un.,"2,49 €","2,49 €/Unidade"
Açúcar baunilhado,Globo,Embalagem de 70g,"1,49 €","1,49 €/Kg"
Café moagem universal timor,Delta,Embalagem de 220g,"9,16 €/Kg","9,16 €/Kg"
Miolo camarão 40/60,PorSi,Embalagem de 200g,"8,99 €","25,69 €/Kg"
10 douradinhos vegetais,Iglo green,Embalagem de 280g,"9,30 €/Kg","9,30 €/Kg"
Iogurte liquido infantil morango,PorSi,Embalagem de 6 x 94 ml,"1,05 €","1,86 €/L"
Ambientador tealights frutos vermelhos,PorSi,embalagem com 18 unidades,"9,49 €","45,19 €/Kg"
Gel wc tripla ação c/ lixívia,Harpic,Garrafa de 750 ml,"3,49 €","4,65 €/L"
Palhinhas de papel,PorSi,25 unidades,"0,60 €","0,60 €/Unidade"
12 nuggets frango polme americano,Capitão Iglo,Embalagem de 220g,"9,30 €/Kg","9,30 €/Kg"
Brandy,Macieira,Garrafa de 1 l,"15,49 €","15,49 €/L"
Infusão cidreira,Cemporcent,Embalagem de 10 unidades,"20,91 €/Kg","20,91 €/Kg"
Guardanapos de papel reciclado,PorSi,100 unidades,"1,29 €","1,29 €/Unidade"
Bases para pizza,PorSi,Embalagem de 3 x 125 g,"1,79 €","4,77 €/Kg"
Bife da Vazia,Novilho,Vendido ao peso a partir de 800 g,"7,19 €","8,99 €/Kg"
Creme autobrilhante preto,Splendor,40 ml,"2,25 €","45,00 €/L"
Manteiga com sal,Mimosa,Embalagem de 130g,"1,69 €","6,76 €/Kg"
"Vela em número, nº 7",PorSi,1 unidade,"0,60 €","0,60 €/Unidade"
20 saquetas infusão de lúcia lima,Lipton,Embalagem de 30g,"0,99 €","26,76 €/Kg"
Aguardente velha vsop,Antiqua,Garrafa de 700 ml,"12,79 €","18,27 €/L"
Presunto nacos,PorSi,Embalagem de 250g,"2,79 €","13,95 €/Kg"
Desodorizante Roll On Black & White Invisible Silky ...,Nivea,50 ml,"4,99 €","99,80 €/L"
Iguarias Pota com Alho,Pitéu,Embalagem de 120 g,"0,89 €","7,42 €/Kg"
Torta cacau com sabor a natas,PorSi,Embalagem de 300g,"2,05 €","5,13 €/Kg"
Creme fixação para dentaduras,Polident,Embalagem de 70 g,"7,39 €","105,57 €/Kg"
Desodorizante spray de baunilha,Labell,Embalagem de 200 ml,"4,99 €","99,80 €/L"
"Máquina depiladora descartável, Blue II Feminina",Gillette,Embalagem de 5+1 unidades,"4,29 €","4,29 €/Unidade"
Bolsinhas Perfumadas Anti Traça de Lavanda,Dum Dum,34 g,"5,99 €","176,18 €/Kg"
Colgate smiles escova de dente manual kids,Colgate,Embalagem de 2 unidades,"3,19 €","3,19 €/Unidade"
Aditivo em pó máquina roupa branca,Vanish,Embalagem de 1.2 kg,"9,99 €","33,30 €/L"
Lambrusco rosé,Sorbello,Garrafa de 0.75 l,"2,09 €","2,79 €/L"
Batata Roxa,Legumes do Dia,embalada - 10kg,"6,90 €","0,69 €/Kg"
Água mineral natural alcalina,MONCHIQUE,Garrafão de 5 l,"1,04 €","0,17 €/L"
Jardineira,PorSi,Embalagem de 750 g,"1,49 €","1,49 €/Kg"
Creme Mãos Hidratante,Labell,Embalagem de 100 ml,"2,49 €","41,50 €/L"
Bebida de soja,Shoyce,Embalagem de 1 litro,"2,49 €","2,49 €/L"
Caneta correctora  Shake & Squeeze 2+1,Bic,1 unidade,"2,49 €","2,49 €/Unidade"
Reparador de móveis normal,PorSi,Embalagem de 200 ml,"1,39 €","1,26 €/L"
Mortadela fatiada com azeitonas,PorSi,Embalagem de 200 g,"0,80 €","10,67 €/Kg"
Azeite,Oliveira da Serra,Embalagem de 750 ml,"3,19 €","4,25 €/L"
Frutos vermelhos,PorSi,Embalagem de 750 g,"3,29 €","4,39 €/Kg"
Esfregão esponja ergonómico salva unhas,PorSi,Embalagem de 2 unidades,"1,99 €","1,99 €/Unidade"
Manteiga magra meio sal,President,Embalagem de 250g,"1,69 €","6,76 €/Kg"
O Meu Primeiro Monopoly,Monopoly,,"9,99 €/Unidade","9,99 €/Unidade"
Perfume Crazy p/ Senhora,Rebel,100 ml,"6,95 €","69,50 €/L"
Rolo cozinha compacto 3 folhas,Foxy,1 unidade,"4,99 €","4,99 €/Unidade"
Mini tostas integrais super finas,PorSi,Embalagem de 100 g,"2,39 €","6,83 €/Kg"
"Atum em posta, em azeite",General,Embalagem de 110g,"0,89 €","7,42 €/Kg"
Ice tea limão,Lipton,pack 6 x 0.25 l,"1,14 €","0,76 €/L"
Nata pasteurizada,PorSi,Embalagem de 450 ml,"0,75 €","3,75 €/L"
Detergente liquido loiça clássico,PorSi,Garrafa de 1 litro,"0,99 €","1,98 €/L"
Cerveja com álcool,Sagres,Garrafa de 20 cl,"1,99 €/L","1,99 €/L"
Moscatel Roxo Setúbal,Alambre,Garrafa de 750 ml,"6,79 €/L","6,79 €/L"
Queijo emmental ralado,PorSi,Embalagem de 200 g,"1,49 €","7,45 €/Kg"
Iogurte grego stracciatella sem lactose,PorSi Viva Bem,Embalagem de 240g,"0,99 €","1,98 €/Kg"
Néctar vital equilibrio frutos vermelhos,Compal,Embalagem de 1 l,"0,99 €","0,99 €/L"
Maçã Fuji 70/75,Programa Origens,1 un = 150 gr (aprox.),"0,99 €/Kg","0,99 €/Kg"
Spray limpeza casa de banho,Cillitbang,Embalagem de 500 ml,"1,54 €","2,05 €/L"
Rebuçados sortido festa,Villa,Embalagem de 1 kg,"1,15 €","4,60 €/Kg"
Autobrilhante Preto,Búfalo,Embalagem de 50 ml,"2,25 €","45,00 €/L"
Salmão posta ao natural,PorSi Select,Lata de 120 g,"0,89 €","7,42 €/Kg"
Desodorizante spray sport 48h,Labell Men,Embalagem de 200 ml,"1,39 €","6,95 €/L"
Arroz agulha,Caçarola,Embalagem de 1 kg,"0,99 €","0,99 €/Kg"
Sangria pet,Don Simon,"Garrafa de 1,5 l","2,19 €","1,46 €/L"
Ambientador vela duo maçã,Air Wick,Embalagem de 210g,"9,49 €","45,19 €/Kg"
Farinha p/ bolos extra fina,Nacional,Embalagem de 1 kg,"1,99 €","1,99 €/Kg"
Vinagre de vinho branco,PorSi,Garrafa de 1 l,"0,35 €","0,70 €/L"
Sacos do lixo lavanda 30 litros,PorSi,20 sacos,"1,79 €","1,79 €/Unidade"
Cereais fitness chocolate preto,Nestle,Embalagem de 375g,"3,29 €","8,77 €/Kg"
Recarga Desumidificador Inodoro,HUMYDRY,embalagem de 450g,"2,99 €","6,64 €/Kg"
Bolacha com aveia,PorSi,Embalagem de 300 g,"0,98 €","3,27 €/Kg"
Trinca de arroz,PorSi,Embalagem de 5 kg,"15,69 €","3,92 €/Kg"
Abacaxi cortado,PorSi,Embalagem de 100 g,"1,19 €","11,90 €/Kg"
Mini tortitas milho c/ sal,PorSi Viva Bem,Embalagem de 200g,"1,45 €","11,15 €/Kg"
Sabonete Liquido Gel Antibacteriano,Labell,Embalagem de 300 ml,"1,19 €","3,97 €/L"
"Esquadro, 21 cm 60.",Domédia,1 unidade,"3,09 €","3,09 €/Unidade"
Creme de dia para pele normal,Labell,Embalagem de 50 ml,"2,99 €","59,80 €/L"
Vinagre vinho branco,PorSi,Garrafa de 500 ml,"0,35 €","0,70 €/L"
"Vinho tinto doc dão, reserva",Cabriz,Garrafa de 0.75 l,"7,49 €","9,99 €/L"
28 mini bolinhas bacalhau,PorSi,Embalagem de 300 g,"2,99 €","9,97 €/Kg"
"Hamburguers de frango, 4 x 80 g",PorSi,Embalagem de 320g,"2,79 €","8,72 €/Kg"
Arroz agulha Europa,PorSi,Embalagem de 1 kg,"0,99 €","0,99 €/Kg"
Sobremesa paturette baunilha,Páturages,Embalagem de 4 x 115 g,"0,99 €","1,65 €/Kg"
Bolachas starship chocolate,PorSi,Embalagem de 150g,"0,90 €","6,00 €/Kg"
Adoçante em pó,PorSi,250 saquetas,"5,99 €","23,96 €/Kg"
Magnum amêndoa,Olá,Embalagem de 6 x 55 ml,"5,99 €","16,64 €/L"
Pasta dentífrica gel kids,Labell,Embalagem de 50 ml,"3,19 €","3,19 €/Unidade"
Bacalhau espiritual,PorSi,Embalagem de 300g,"2,19 €","7,30 €/Kg"
Creme Depilatório Men Peles Sensíveis,Veet,Embalagem de 200 ml,"3,11 €","3,11 €/Unidade"
Vinho branco monbazillac  2012,Expertclub,Garrafa de 750 ml,"6,89 €","9,19 €/L"
Dentífrico infantil frutas naturais 3 aos 5 anos,Colgate,50 ml,"3,19 €","3,19 €/Unidade"
Massa bagos,PorSi,Embalagem de 250g,"0,89 €","1,78 €/Kg"
Pensos higiénicos liberty super abas,Evax,Embalagem com 10 un.,"4,99 €","4,99 €/Unidade"
Iogurte aroma varios sabores,PorSi,Embalagem de 12 x 125 g,"1,87 €","1,25 €/Kg"
Leite uht magro,Gresso,Embalagem de 1 litro,"0,81 €","0,81 €/L"
Óleo alimentar,Fula,Embalagem 3L,"3,39 €","3,39 €/L"
Côco ralado,PorSi,Embalagem de 200g,"1,29 €","3,23 €/Kg"
Renovador de Camurça em Spray Incolor,Búfalo,Embalagem de 250 ml,"6,19 €","24,76 €/L"
Tablete de chocolate leite,Nestle,Embalagem de 130g,"5,30 €/Kg","5,30 €/Kg"
Bolacha Maria sem lactose,PorSi Viva Bem,Embalagem de 200 g,"0,99 €","1,98 €/Kg"
Concentrado manga,Sunquick,Garrafa de 580 ml,"3,69 €","4,92 €/L"
Sabonete glicerina natural,Palmolive,Embalagem de 90 g,"4,49 €","12,47 €/Kg"
Iogurte tipo grego maracujá,PorSi,Embalagem de 4 x 125 g,"1,49 €","2,98 €/Kg"
Rolo cozinha branco 3 folhas,PorSi,3 rolos,"4,99 €","4,99 €/Unidade"
Cápsulas de café qharisma,Delta Q,Embalagem de 60g,"54,36 €/Kg","54,36 €/Kg"
Creme culinário de soja,Shoyce,Garrafa de 200 ml,"1,39 €","6,95 €/L"
Fruta para bebé banana maçã +4 meses,Nestle,Embalagem de 90g,"0,74 €","8,22 €/Kg"
Bicarbonato de sódio,PorSi,Saqueta de 75 g,"1,89 €","17,18 €/Kg"
Deo Spray Protect & Care,Nivea,50 ml,"4,99 €","99,80 €/L"
Tampão super,PorSi,Embalagem de 32 unidades,"4,89 €","4,89 €/Unidade"
Livro Hot Wheels,Europrice,,"5,99 €/Unidade","5,99 €/Unidade"
Gel wc anticalcário sem lixívia,PorSi,"Garrafa de 1,5 l","2,79 €","3,72 €/L"
Vela com número nº 9,PorSi,1 unidade,"0,60 €","0,60 €/Unidade"
Gelado viennetta morango,Olá,Embalagem de 650 ml,"3,99 €","6,14 €/L"
Batata frita lisa chips,PorSi,Embalagem de 185 g,"1,06 €","5,73 €/Kg"
16 mini croquetes de carne,PorSi,Embalagem de 290 g,"2,99 €","9,97 €/Kg"
"Néctar pêssego, prisma",PorSi,Embalagem de 1 l,"0,99 €","0,99 €/L"
Sementes de linhaça dourada,PorSi Viva Bem,Embalagem de 250 g,"1,59 €","10,60 €/Kg"
Massa spaghetti tricolore,Milaneza,Embalagem de 500 g,"0,89 €","1,78 €/Kg"
Marmelada,PorSi,Embalagem de 900g,"1,09 €","2,42 €/Kg"
Queijo fresco sem lactose,PorSi Viva Bem,Embalagem de 2 x 62.5 g,"1,69 €","6,76 €/Kg"
Pimentão doce saqueta,PorSi,Embalagem de 50 g,"0,25 €","0,25 €/Kg"
Ervilhas bio,PorSi Bio,Frasco com 290 g,"1,89 €","10,50 €/Kg"
Óleo 10w40 Semi-Sintectico,PorSi,Embalagem de 1 l,"14,99 €","14,99 €/L"
Sumo de toranja,Andros,Embalagem de 1 l,"1,09 €","0,73 €/L"
"Gel depilatório, peles sensiveis",Labell,Embalagem de 200 ml,"10,99 €","73,27 €/L"
Arroz de Pato,Centralres,Vendido ao peso,"6,25 €","12,49 €/Kg"
Adoçante à base de sucralose,PorSi Viva Bem,Embalagem de 17g,"5,99 €","23,96 €/Kg"
Paloco desfiado do pacifico,Peixe Fresco,Embalagem de 400 g,"8,73 €/Kg","8,73 €/Kg"
Biscoitos de canela,PorSi,Embalagem de 750g,"0,69 €","3,45 €/Kg"
Creme Dia Lift + Serum Preenchedor,Diadermine,Embalagem de 50 ml,"2,99 €","59,80 €/L"
Porto 10 anos,Velhotes,Garrafa de 0.75 l,"17,99 €","23,99 €/L"
Ketchup,PorSi,Embalagem de 300 g,"0,70 €","2,33 €/Kg"
"Desodorizante roll-on, pear & aloe vera",Dove,Embalagem de 50 ml,"4,99 €","99,80 €/L"
Creme abrasivo limão,Cif,Garrafa de 700 ml,"0,99 €","0,99 €/L"
Chocolate culinário em pó,Pantagruel,Embalagem de 130g,"1,04 €","8,32 €/Kg"
Sabonete leite & mel,Palmolive,Embalagem de 4x90 g,"4,49 €","12,47 €/Kg"
Escova para calçado,Sonaf,1 unidade,"4,09 €","27,27 €/L"
Bola mistura,Pão do Dia,1 unidade= 80 g,"0,18 €","2,25 €/Kg"
Soja nacos,PorSi Viva Bem,Embalagem de 400 g,"1,49 €","3,73 €/Kg"
Sumo 100% ananás/uva,PorSi,Pack 3 x 200 ml,"1,09 €","0,73 €/L"
Abrasivo sanitário anti-calcário,PorSi,embalagem de 1 litro,"0,99 €","0,99 €/L"
Leite com chocolate,Agros,Embalagem de 200 ml,"0,26 €","1,30 €/L"
Queijo mozzarella ralado,PorSi,Embalagem de 200 g,"1,49 €","7,45 €/Kg"
"Vela com número, nº2",PorSi,1 unidade,"0,60 €","0,60 €/Unidade"
Vinho branco península de setúbal,Pioneiro,Garrafa de 0.75 l,"8,59 €","11,45 €/L"
Biscoitos integrais aveia e cacau,PorSi Viva Bem,Embalagem de 150g,"0,69 €","3,45 €/Kg"
Farinha para bolos super fina,B.neve,Embalagem de 1 kg,"1,99 €","1,99 €/Kg"
Vinho do porto lágrima tinto,Ramos Pinto,"Garrafa de 0,75L","6,29 €","8,39 €/L"
Refresco em pó de morango,PorSi,Embalagem de 40g,"0,75 €","18,75 €/Kg"
Iogurte naturea natural,PorSi,Embalagem de 4 x 125 g,"0,99 €","1,98 €/Kg"
Comida húmida para cão de frango e legumes,PorSi,Lata de 400 g,"0,75 €","2,50 €/Kg"
Lenços faciais brancos 2 folhas,PorSi,150 unidades,"0,89 €","0,89 €/Unidade"
Guardanapos com riscas azuis | Dim.: 33 x 33 cm,PorSi,Embalagem com 20 unidades,"1,29 €","1,29 €/Unidade"
8 salsichas frankfurt,Izidoro,Embalagem de 200g,"0,75 €","3,75 €/Kg"
Arroz carolino vaporizado,Cacarola,Embalagem de 1 kg,"0,99 €","0,99 €/Kg"
Leite uht c/ chocolate,Ucal,Embalagem de 3 x 250 ml,"0,26 €","1,30 €/L"
Leite c/ chocolate,Gresso,Pack 4X200ml,"0,26 €","1,30 €/L"
Lápis de cera,Giotto,embalagem com 12 unidades,"3,09 €","3,09 €/Unidade"
Sopa económica de marisco,Knorr,Embalagem de 60g,"0,84 €","13,55 €/Kg"
Vinho Regional Lisboa Reserva Branco,Marginal,Garrafa de 0.75 l,"7,99 €","10,65 €/L"
Spray Neve,*,300 ml,"1,89 €/Unidade","1,89 €/Unidade"
"Azeite extra virgem, azeitonas verdes",Oliveira da Serra,Garrafa de 750 ml,"3,19 €","4,25 €/L"
Formas de alumínio redondas 650 ml,PorSi,5 unidades,"0,54 €","0,54 €/Unidade"
Toalhitas Sensitive |Recarga,Dodot,Pack: 4 x54 unidades,"1,09 €/Unidade","1,09 €/Unidade"
Esponja limpa camurça,PorSi,1 unidade,"6,19 €","24,76 €/L"
Vinho verde branco,3 marias,Garrafa de 1 l,"3,09 €","3,09 €/L"
Bolachas com recheio baunilha,PorSi,Embalagem de 500g,"2,78 €/Kg","2,78 €/Kg"
Francesinha,PorSi,Embalagem de 450G,"7,99 €","7,99 €/Kg"
"As minhas primeiras receitas - refeição batata, abób...",Nestle,Embalagem de 190g,"1,89 €","9,95 €/Kg"
Tapetes educativos p/ cães/gatos 60x60cm,PorSi,20 unidades,"5,99 €","5,99 €/Unidade"
Lava Tudo Flores Montanha,Sonasol,1.3 l,"0,99 €","0,50 €/L"
25 bombons de chocolate,Mon cheri,Embalagem de 260g,"18,76 €/Kg","18,76 €/Kg"
Massa cuscus,PorSi,Embalagem de 250g,"0,89 €","1,78 €/Kg"
Creme p/ Calçado Castanho,Búfalo,Embalagem de 50 ml,"2,75 €","36,67 €/L"
Martini Riserva Rubino,Martini,Garrafa de 750 ml,"17,09 €","22,79 €/L"
Mousse limpeza refresh,Labell,Embalagem com 150ml,"11,23 €/L","11,23 €/L"
Ambientador vela odor cozinha,PorSi,1 unidade,"9,49 €","45,19 €/Kg"
"Néctar de alperce, tetra",Compal,pack 3 x 200 ml,"0,99 €","0,99 €/L"
Desinfetante p/ WC,Sanytol,Embalagem de 750 ml,"3,49 €","4,65 €/L"
Iogurte grego oikos stracciatella,Danone,Embalagem de 4 x 110 g,"1,49 €","2,98 €/Kg"
Vinho regional lisboa reserva tinto,Marginal,Garrafa de 0.75 l,"7,99 €","10,65 €/L"
Lasanha,Nacional,Embalagem de 400g,"0,89 €","1,78 €/Kg"
Aguardente vínica,P.marante,Garrafa de 700 ml,"12,79 €","18,27 €/L"
Cerveja c/ álcool,Sagres,pack 30 x 0.25 L,"1,99 €/L","1,99 €/L"
Massa fusilli tricolor,Milaneza,Embalagem de 500g,"0,89 €","1,78 €/Kg"
Aguardente velha,S.domingos,Garrafa de 700 ml,"12,79 €","18,27 €/L"
Limpa injetores diesel,PorSi,Embalagem de 250 ml,"14,99 €","14,99 €/L"
Baby Pipi Comiditas,Vicam,1 unidade,"14,99 €/Unidade","14,99 €/Unidade"
Gel de banho naturals amêndoa e leite,Palmolive,500 ml,"6,99 €","9,32 €/L"
"Iogurte, sabor a tutti-fruti",PorSi,Embalagem de 4 x 125 g,"1,87 €","1,25 €/Kg"
Deo Roll On Protect & Care,Nivea,50 ml,"4,99 €","99,80 €/L"
Tortitas de arroz chocolate negro,PorSi Viva Bem,130 g,"1,45 €","11,15 €/Kg"
Melão Amarelo,Fruta do Dia,Vendido ao peso | 1 un = 2.5 kg (aprox.),"2,79 €","2,79 €/Kg"
Doce de abóbora c/ noz,Quinta de Jugais,Embalagem de 280g,"2,19 €","9,95 €/Kg"
Papel higiénico macio absorvente,PorSi,12 rolos,"1,99 €","1,99 €/Unidade"
"Palmilha de cortiça com latex, tamanho 42/43",Sonaf,1 unidade,"1,85 €","1,85 €/Unidade"
Mistura solúvel c/ 20% café pó,PorSi,Embalagem de 200g,"1,64 €","6,56 €/Kg"
Gelatina de morango,Royal,Embalagem de 114g,"0,55 €","61,11 €/Kg"
Infusão de menta,Tetley,Embalagem de 10g,"20,91 €/Kg","20,91 €/Kg"
Ervilhas,PorSi,Embalagem de 1 kg,"1,49 €","1,49 €/Kg"
Arroz carolino,Caçarola,Embalagem de 1kg,"0,99 €","0,99 €/Kg"
Iogurte pedaços frutos vermelhos,PorSi,Embalagem de 8 x 125 g,"4,36 €","2,18 €/Kg"
"Guardanapos brancos, 33x33cm, 2 folhas",PorSi,Embalagem com 100 unidades,"1,29 €","1,29 €/Unidade"
Pá do Lixo C/ Cabo,PorSi,1 un.,"2,20 €","2,20 €/Unidade"
Vinagre de sidra,PorSi,500 ml,"0,35 €","0,70 €/L"
"Luvas multiusos relevo antiderrapante, tamanho grand...",PorSi,Embalagem de 1 unidades,"2,40 €","2,40 €/Unidade"
Posta de atum ao natural,PorSi,Embalagem de 120g,"0,89 €","7,42 €/Kg"
Sementes de sésamo,PorSi Viva Bem,Embalagem de 200 g,"1,59 €","10,60 €/Kg"
Sangria branca,PorSi,Garrafa de 1.5 litros,"2,19 €","1,46 €/L"
Semente linhaça castanha,Salutem,Embalagem de 250g,"2,29 €","15,27 €/Kg"
Gelatina tutti-fruti,PorSi,Embalagem de 170g,"0,55 €","61,11 €/Kg"
"Absorvedores de odores, relax zen",Brise,Embalagem de 2x150g,"0,79 €","5,27 €/Kg"
Nata uht carbonara,Parmalat,Embalagem de 200 ml,"0,75 €","3,75 €/L"
Tablete de chocolate branco,Schogetten,Embalagem de 100g,"0,99 €","9,90 €/Kg"
Lombo s/ Osso,Porco,Vendido ao peso a partir de 1 kg,"3,99 €","3,99 €/Kg"
"Escova dentes, rotativa global, dura, 2 unidades",Labell,1 embalagem,"4,99 €","4,99 €/Unidade"
Sultana Dourada,PorSi,Embalagem de 200g,"0,79 €","3,95 €/Kg"
Vinho doc dão tinto,Santar,Garrafa de 0.75 l,"7,49 €","9,99 €/L"
Conjunto piquenique,Codil,Conjunto com 13 peças,"32,99 €","32,99 €/Unidade"
Papel higiénico compacto 2 folhas,PorSi,18 = 36 Rolos,"1,99 €","1,99 €/Unidade"
Cabeça sem Osso,Porco,1 un = 1 kg (aprox.),"2,49 €","2,49 €/Kg"
Sumo essencial manga,Compal,pack 3 x 0.11 l,"0,99 €","0,99 €/L"
Gel Styling Casual Black,Axe,Embalagem de 75 ml,"5,99 €","14,98 €/L"
Gel de banho júnior maçã e pera,Labell,Embalagem com 300 ml,"1,99 €","1,99 €/Unidade"
"Baton, soft rosa",Labello,Embalagem de 5 g,"2,29 €","458,00 €/Kg"
Pipoca doce para  microondas,PorSi,Embalagem de 300g,"0,79 €","7,90 €/Kg"
Bloco sanitário power 5 duo blue water ocean,Domestos,Embalagem de 1 unidades,"2,99 €","74,75 €/Kg"
Cominhos moídos,PorSi,Embalagem de 35g,"0,25 €","0,25 €/Kg"
Grão de bico,PorSi,Frasco com 540 g,"1,79 €","2,29 €/Kg"
Chantilly,Royal,Embalagem de 70g,"1,29 €","3,23 €/Kg"
20 saquetas chá verde pure,Lipton,Embalagem de 30g,"0,99 €","26,76 €/Kg"
Desinfetante Têxtil,Sanytol,Embalagem de 500 ml,"1,69 €","1,69 €/L"
Toalhetes Íntimos Suaves,Corine de Farme,Embalagem com 10 un.,"2,19 €","2,19 €/Unidade"
Cápsulas de café qharacter,Delta Q,Embalagem de 60g,"54,36 €/Kg","54,36 €/Kg"
Ambientador vela baunilha,Glade,1 unidade com 129 g,"9,49 €","45,19 €/Kg"
Infusão carqueja,Cemporcent,Embalagem de 10 unidades,"20,91 €/Kg","20,91 €/Kg"
Bagas de goji,Cemporcent,Embalagem de 125 g,"0,79 €","3,95 €/Kg"
Sumo maçã,Andros,Embalagem de 1 l,"3,99 €","3,99 €/L"
Creme vegetal para culinária,PorSi,Embalagem de 250g,"1,39 €","6,95 €/L"
Toalhitas Bebé Basic,PorSi,Embalagem de 72 unidades,"1,09 €/Unidade","1,09 €/Unidade"
Espumoso moscato,Selecção de Enófilos,"Garrafa de 0,75 l","3,99 €","5,32 €/L"
Pilha alcalina hightech lr03x8,Domédia,1 unidade,"1,99 €","1,99 €/Unidade"
"Alimento para cão júnior bio complex, com frango",HappyOne,Embalagem de 4 kg,"15,69 €","3,92 €/Kg"
Pirassununga (38º),Cachaca 51,Garrafa de 700 ml,"17,49 €","24,99 €/L"
Anticalcário,Viakal,Embalagem de 500 ml,"0,99 €","0,99 €/L"
Iogurte líquido dan'up milkshake straciatella,Danone,Embalagem de 4 x 155 g,"1,17 €","1,83 €/Kg"
Café Clássico,PorSi,10 cápsulas,"54,36 €/Kg","54,36 €/Kg"
Bombons de chocolate Negro,Merci,Embalagem de 250 g,"18,76 €/Kg","18,76 €/Kg"
Vinho regional tejo,Plexus,Garrafa de 750 ml,"2,09 €","2,79 €/L"
Esoumante prosecco branco,Gancia,Garrafa de 750 ml,"3,99 €","5,32 €/L"
Ice tea pêssego,Lipton,Garrafa de 2 l,"1,14 €","0,76 €/L"
"Refresco em pó, ananás",Tang,Embalagem de 30g,"0,75 €","18,75 €/Kg"
Bebida de cereais e café mokambo intenso,Nestle,Embalagem de 180g,"1,64 €","6,56 €/Kg"
"Recarga ambientador eléctrico, alfazema",PorSi,Embalagem de 25 ml,"1,79 €","1,79 €/Unidade"
Refresco pó laranja e morango,PorSi,Embalagem de 40g,"0,75 €","18,75 €/Kg"
Nata uht light para culinária,PorSi,embalagem de 200 ml,"0,75 €","3,75 €/L"
Grão de bico,PorSi,Embalagem de 820g,"1,79 €","2,29 €/Kg"
Livro Hot Wheels,Europrice,,"4,99 €","4,99 €/Unidade"
Bandas cera depilatórias corpo pele sensível,Labell,40 unidades,"3,11 €","3,11 €/Unidade"
8 rissóis de camarão,PorSi,Embalagem de 300g,"2,99 €","9,97 €/Kg"
Pai Natal de Chocolate,PorSi,Embalagem de 60 g,"2,29 €","17,62 €/Kg"
Vinho tinto,PorSi,embalagem de 5 litros,"5,19 €","1,04 €/L"
Ovos Galinha Solo S,PorSi,6 unidades,"1,39 €","1,39 €/Unidade"
Nata uht,Agros,Garrafa de 200 ml,"0,75 €","3,75 €/L"
"Vinho bairrada, reserva, tinto",Selecção de Enófilos,Garrafa de 0.75 l,"6,49 €","8,65 €/L"
Chocolate branco com recheio de avelã,Kinder,Embalagem de 160g,"2,29 €","17,62 €/Kg"
"Espumante cava bruto, reserva",Freixenet,Garrafa de 750 ml,"8,49 €","11,32 €/L"
Chá barriguinha,PLANTANATU,Embalagem de 10 unidades,"1,25 €","1,25 €/Unidade"
Gelatina de frutos tropicais,PorSi,Embalagem 2X85G,"0,55 €","61,11 €/Kg"
Líquido wc duraguard pinho da montanha,Harpic,Garrafa de 750 ml,"3,49 €","4,65 €/L"
Poncho,Patrulha Pata,1 unidade,"32,99 €","32,99 €/Unidade"
Champô Anti-Caspa,Pantene,360 ml,"5,59 €","13,98 €/L"
Bolachas com recheio de chocolate,PorSi,Embalagem de 500g,"2,78 €/Kg","2,78 €/Kg"
Lip Gloss #500,Rimmel,1 unidade,"1,15 €","4,60 €/L"
Açúcar granulado embalado em papel,Rar,Embalagem de 1 kg,"1,49 €","1,49 €/Kg"
Tablete de chocolate culinário negro,PorSi,Embalagem de 200 g,"1,04 €","8,32 €/Kg"
Manteiga sem sal terra nostra,Terra Nostra,Embalagem de 250g,"1,69 €","6,76 €/Kg"
Brócolos congelados,PorSi,Embalagem de 1 kg,"1,49 €","1,49 €/Kg"
Pasta dentífrica,Couto,Embalagem de 60 ml,"2,39 €","31,87 €/L"
Pastilhas 60 minutos Peppermint Botlle,Trident,Embalagem com 80g,"3,09 €","38,63 €/Kg"
Algodão zig zag pré-cortado,PorSi,Embalagem de 50 g,"1,69 €","1,69 €/Unidade"
Roupão banho criança rosa,PorSi,28 x 48 cm,"4,99 €","4,99 €/Unidade"
Pano limpa pó de flanela,PorSi,1 unidade,"1,79 €","1,79 €/Unidade"
Pizza de bolonhesa,PorSi,Embalagem de 350g,"2,16 €","6,17 €/Kg"
"Pensos diários, maxi, 40 unidades",Evax,Uma embalagem,"2,99 €","2,99 €/Unidade"
Molho bechamel,Parmalat,Embalagem de 200 ml,"0,75 €","3,75 €/L"
Papa infantil para preparar com leite +6 meses,Cerelac,Embalagem de 250g,"4,49 €","4,49 €/Kg"
Rebuçados cristais de neve,PorSi,Embalagem de 250g,"1,15 €","4,60 €/Kg"
Pratos para pic nic 23 cm azuis,PorSi,Embalagem com 4 unidades,"32,99 €","32,99 €/Unidade"
"Gel para o cabelo, pasta remix",Studio Line,Embalagem de 150 ml,"5,99 €","39,93 €/L"
Iogurte líquido morango/banana,PorSi,Embalagem de 4 x 160 g,"1,17 €","1,83 €/Kg"
Gomas spaghetti pica morango,Haribo,Embalagem de 80g,"1,19 €","3,97 €/Kg"
Iogurte morango 000%,PorSi Viva Bem,Embalagem de 4 x 125 g,"0,99 €","1,32 €/Kg"
Manteiga amendoim crocant,PorSi,Embalagem de 340g,"4,19 €","12,32 €/Kg"
Fralda cueca T5 - 12 a 18 kg,PorSi,20 unidades,"23,99 €","23,99 €/Unidade"
Néctar clássico pêssego,Compal,200 ml,"0,99 €","0,99 €/L"
Bolachas cream cracker,PorSi,Embalagem de 200g,"0,39 €","3,12 €/Kg"
Gogo SqueeZ Snack Morango,Gogo,Embalagem de 4 x 90g,"2,29 €","6,94 €/L"
Fralda Activity T3 - 6 a 10 kg,Dodot,66 unidades,"6,49 €","6,49 €/Unidade"
Snack gato sticks carne 6x5g porsi,PorSi,Embalagem de 30g,"0,99 €","16,50 €/Kg"
Crepe de ovo,PorSi,Embalagem de 540 g,"2,65 €","8,28 €/Kg"
"Creme depilatório para duche, peles sensiveis",Veet,Garrafa de 150 ml,"10,99 €","73,27 €/L"
Chourição,PorSi,"Vendido ao peso, fatiado a partir de 100 gr","0,95 €","9,49 €/Kg"
Adoçante em pó stevia,PorSi Viva Bem,Embalagem de 17g,"5,99 €","23,96 €/Kg"
Queijo fresco clássico,PorSi,Embalagem de 4 x 62.5 g,"1,69 €","6,76 €/Kg"
Maçã Golden 70/75,Fruta do Dia,1 un = 150 gr (aprox.),"0,99 €/Kg","0,99 €/Kg"
Café nyeri quénia moagem universal,Sical,Embalagem de 220g,"11,73 €/Kg","11,73 €/Kg"
Infusão de frutos vermelhos,Tetley,Embalagem de 20g,"58,00 €/Kg","58,00 €/Kg"
Cerveja sem álcool,Cheers,Pack 6 x 0.33 l,"5,99 €","3,03 €/L"
Ambientador gel marinho,PorSi,150 g,"0,79 €","5,27 €/Kg"
Condicionador cabelos loiros,Ultra Suave,Embalagem de 200 ml,"1,00 €","5,00 €/L"
Cola universal,Uhu,Embalagem de 20 ml,"2,19 €","109,50 €/L"
Gelatina pronta a comer light 10 kcal morango,Royal,Embalagem de 4 x 100 g,"0,85 €","2,13 €/Kg"
8 rissóis de carne,PorSi,Embalagem de 300g,"2,99 €","9,97 €/Kg"
Bloco sanitário com suporte azul,WC Pato,Embalagem de 40 g,"2,99 €","74,75 €/Kg"
Mistura de sementes,PorSi Viva Bem,Embalagem de 200 g,"1,59 €","10,60 €/Kg"
Mistura solúvel bolero,Nestle,Embalagem de 200g,"1,64 €","6,56 €/Kg"
20 saquetas chá digestão fácil,Lipton,Embalagem de 30g,"0,99 €","26,76 €/Kg"
Água s/ gás,Luso,"Garrafa de 5,4 l","1,04 €","0,17 €/L"
Farinha para bolos fina,Branca de Neve,Embalagem de 1 kg,"1,99 €","1,99 €/Kg"
Frutos silvestres lata,Koala,Embalagem de 415 g,"1,99 €","2,37 €/Kg"
10 saquetas infusão de camomila,Lipton,Embalagem de 10g,"20,91 €/Kg","20,91 €/Kg"
Chourição,Salsicharia Limiana,1 un = 100 gr (aprox.),"0,95 €","9,49 €/Kg"
Água c/ Gás Ananás,Frize,pack 4 x 0.25 l,"2,85 €","2,85 €/L"
Molho bechamel,PorSi,Embalagem de 200g,"0,70 €","2,33 €/Kg"
Leite com chocolate,PorSi,Embalagem de 200 ml,"0,26 €","1,30 €/L"
Creme descolorante,Veet,Garrafa de 150 ml,"10,99 €","73,27 €/L"
Pilha alcalina heightech lr6x4,Domédia,1 unidade,"1,99 €","1,99 €/Unidade"
Palitos redondos,PorSi,200 unidades embalados individualmente,"1,50 €","1,50 €/Unidade"
Esparguete,PorSi,Embalagem de 1 kg,"0,89 €","1,78 €/Kg"
Água sem gás,Vitalis,Garrafa de 0.5 l,"1,04 €","0,17 €/L"
Fel da terra planta inteira,Cemporcent,Embalagem de 40g,"1,09 €","1,09 €/Kg"
Renovador de Camurça em Spray Castanho,Búfalo,Embalagem de 250 ml,"6,19 €","24,76 €/L"
Guardanapos brancos 22x22cm | folha dupla,Renova,90 unidades,"1,29 €","1,29 €/Unidade"
Vinho tinto regional setúbal,Herdade da comporta,Garrafa de 0.75 l,"8,59 €","11,45 €/L"
Prato com naperon 30cm,PorSi,1 unidade,"0,54 €","0,54 €/Unidade"
Tablete de chocolate com avelãs,PorSi,Embalagem de 100 g,"6,50 €/Kg","6,50 €/Kg"
Sabonete líquido maçãs verdes,Labell,Embalagem de 500 ml,"1,19 €","3,97 €/L"
Papa infantil não láctea multicereais +6 meses,Cerelac,Embalagem de 250g,"4,49 €","4,49 €/Kg"
Licor de coco,On Off,"Garrafa de 0,70 l","7,49 €","10,70 €/L"
Bolacha princesa chocolate,Vieira,Embalagem de 200 g,"2,24 €","11,20 €/Kg"
Batata frita caseira,PorSi,Embalagem de 180g,"0,87 €","5,44 €/Kg"
Bolacha digestiva de aveia/chocolate,Gullon,Embalagem de 430g,"0,98 €","3,27 €/Kg"
Fósforos cozinha,Flamefast,Uma embalagem com 4 unidades,"1,50 €","1,50 €/Unidade"
Sidra de maçã,Somersby,Lata de 500 ml,"3,32 €/L","3,32 €/L"
Abrasivo sanitário pinho e eucalipto,PorSi,embalagem de 1 litro,"0,99 €","0,99 €/L"
Café moído torrado aroma originale,Belissimo,Embalagem de 200g,"9,16 €/Kg","9,16 €/Kg"
Roupão banho criança rosa,PorSi,28 x 48 cm,"12,00 €/Unidade","12,00 €/Unidade"
Pão de forma s/ côdea,Bimbo,Embalagem de 650 g,"0,99 €","1,65 €/Kg"
Snacks crocantes com bacon,PorSi,Embalagem de 60g,"0,79 €","7,90 €/Kg"
Crescido Asa Branca,Bacalhau da Noruega,1 un=1.5 Kg (aprox.),"8,73 €/Kg","8,73 €/Kg"
Massa folhada,Pasta dia,Embalagem de 230g,"0,89 €","3,87 €/Kg"
Caramelos de leite,Penha,Embalagem de 250g,"2,75 €","11,00 €/Kg"
Vinho verde branco,MIRANDA,"Garrafa de 0,75 l","3,09 €","3,09 €/L"
Asas,Peru,1 un = 500 gr (aprox.),"1,00 €","1,99 €/Kg"
Néctar ananás,PorSi,Pack 3 x 200 ml,"0,99 €","0,99 €/L"
Galinha penosa,Play-Doh,1 unidade,"9,99 €/Unidade","9,99 €/Unidade"
Sal cristal,PorSi,embalagem de 1 kg,"0,25 €","0,25 €/Kg"
Café solúvel clássico,Nescafe,Embalagem de 200g,"14,50 €/Kg","14,50 €/Kg"
6 taças vira,LAV,12 cm | 310 cc,"5,89 €","5,89 €/Unidade"
Vinho branco bag-in-box,Capataz,Embalagem de 5 l,"5,19 €","1,04 €/L"
Café em cápsulas aqtivus,Delta Q,Embalagem de 55 g,"54,36 €/Kg","54,36 €/Kg"
Refresco em pó de laranja,Tang,Embalagem de 30g,"0,75 €","18,75 €/Kg"
Gel Cabelo Styling Creme Cabelo,Nivea,Embalagem de 150 ml,"5,99 €","14,98 €/L"
Pão forma com côdea,PorSi,Embalagem de 600g,"0,99 €","1,65 €/Kg"
Maionese top down,Hellmman's,Embalagem de 238 g,"0,70 €","2,33 €/Kg"
Bolachas crackers s/ sal,Du bois,Embalagem de 500g,"0,39 €","3,12 €/Kg"
Alheira Especial de Trás-Os-Montes,PorSi,200 g,"1,39 €","6,95 €/Kg"
Leite condensado magro,Nestle,Embalagem de 390g,"1,09 €","2,75 €/Kg"
Coca-cola light,Coca-Cola,Garrafa de 1 l,"0,79 €","0,40 €/L"
Arroz carolino,PorSi,Embalagem de 1 kg,"0,99 €","0,99 €/Kg"
Ambientador eléctrico Relaxing Zen + recarga,Glade,1 unidade,"8,99 €","8,99 €/Unidade"
Estendal de roupa com abas resina,PorSi,20 metros,"0,89 €","0,89 €/Unidade"
Manjericão,PorSi,50 g,"0,99 €","19,80 €/Kg"
Feijão encarnado,PorSi,Embalagem de 820 g,"1,79 €","2,29 €/Kg"
Flocos de cereais com mel,PorSi,Embalagem de 750g,"2,99 €","3,99 €/Kg"
Bloco Sanitário Poder Activo Aqua,Sonasol,Embalagem de 50 g,"2,99 €","74,75 €/Kg"
Caramelo líquido,Royal,Embalagem de 400g,"1,29 €","3,23 €/Kg"
Pimenta preta grão,PorSi,Saqueta de 50 g,"0,25 €","0,25 €/Kg"
Ameijoa Castanha Vietnamita,Marisco Congelado,Venda ao Kilo,"2,00 €","7,99 €/Kg"
Marmelada com frutose,PorSi Viva Bem,Embalagem de 400g,"1,09 €","2,42 €/Kg"
Gelatina de morango,PorSi,Embalagem de 170g,"0,55 €","61,11 €/Kg"
Taolhão de banho,PorSi,100 x 150 cm,"12,00 €/Unidade","12,00 €/Unidade"
Pensos diários respirare,Carefree,embalagem com 20 unidades,"2,99 €","2,99 €/Unidade"
Bolachas com recheio baunilha,PorSi,Embalagem de 500g,"2,15 €","2,87 €/Kg"
Esfregão Ultra Fresh,Vileda,Embalagem de 2 + 1 Grátis,"1,99 €","1,99 €/Unidade"
Azeitona Preta Extra,PorSi,1 un = 100 gr (aprox.),"0,40 €","3,99 €/Kg"
"Limpa vidros, azul",PorSi,Embalagem de 5 l,"3,99 €","0,80 €/L"
Palmiers,PorSi,Embalagem de 720 g,"1,69 €","6,76 €/Kg"
Leite uht sem lactose magro,PorSi Viva Bem,1 litro,"0,99 €","0,99 €/L"
Lava tudo amigo dos animais,Xanpa,Embalagem de 1 l,"2,59 €","1,30 €/L"
"Salsichas aves, frasco com 5 unidad",Izidoro,Embalagem de 250g,"0,75 €","3,75 €/Kg"
"Vinho branco região da península de setúbal, bag in ...",Dom Campos,Garrafa de 5 l,"9,49 €","1,90 €/L"
Lata de Brilho Preto,Búfalo,Embalagem de 75 ml,"2,75 €","36,67 €/L"
Bolacha recheada mega duo chocolate,Gullon,Embalagem de 500g,"2,78 €/Kg","2,78 €/Kg"
Sabonete líquido mel,Feno,Embalagem de 300 ml,"1,19 €","3,97 €/L"
Chispalhada,PorSi,Embalagem de 420 g,"2,35 €","5,60 €/Kg"
Ambientador auto pinho,PorSi,1 unidade,"1,99 €","1,99 €/Unidade"
"Refrigerante sem gás, maracujá e la",Joi,"Garrafa de 1,5 l","1,14 €","0,76 €/L"
Saqueta de puré de fruta | maçã + pera,PorSi,90 g,"0,74 €","8,22 €/Kg"
Spray de lavagem a seco denim,Day 2,200 ml,"1,09 €","2,73 €/Kg"
Tira verniz,Labell,Embalagem de 200 ml,"2,49 €","41,50 €/L"
Tira gorduras dia a dia,Mistolin,Garrafa de 750 ml,"1,29 €","1,72 €/L"
Feijão manteiga caçarola,Cacarola,Embalagem de 500g,"2,78 €/Kg","2,78 €/Kg"
Creme vegetal para barrar,PorSi,Embalagem de 500 g,"1,39 €","6,95 €/L"
Legumes para sopa,PorSi,Embalagem de 1 kg,"1,49 €","1,49 €/Kg"
Feijão verde,PorSi,Embalagem de 750 g,"1,49 €","1,49 €/Kg"
Pasta dentífrica menta fresca,Aquafresh,Embalagem de 75 ml,"2,39 €","31,87 €/L"
Leite UHT Meio Gordo,PorSi,1 l,"0,81 €","0,81 €/L"
Rolo papel cozinha branco compacto,PorSi,Embalagem de 4 unidades,"4,99 €","4,99 €/Unidade"
Vinho tinto regional peninsula de setúbal,Fonte nico,Garrafa de 750 ml,"8,59 €","11,45 €/L"
Creme de corpo exfoliante,Labell,Embalagem de 150 ml,"0,76 €","0,76 €/Unidade"
Quiche lorraine,Monique Ranou,Embalagem de 400 g,"3,99 €","19,95 €/Kg"
Néctar vital equilibrio manga/laranja,Compal,Embalagem de 1 l,"0,84 €","2,55 €/L"
Iogurtes aroma 4 de morango + 4 de banana,PorSi,Embalagem de 8x125g,"1,87 €","1,25 €/Kg"
Batata pom'duchesse,PorSi,Embalagem de 600g,"2,39 €","3,98 €/Kg"
"Escova de cabelo, brushing média",Labell,Uma unidade,"5,95 €","5,95 €/Unidade"
Toucinho Fumado,PorSi,fatiado a partir de 100 gr,"1,45 €","18,13 €/Kg"
Mala criativa,Lego,1 unidade,"15,99 €/Unidade","15,99 €/Unidade"
Detergente manual de roupa,Omo,Embalagem de 540g,"1,09 €","2,73 €/Kg"
Romã,Fruta da Época,1 un = 250 gr  (aprox.),"1,89 €/Kg","1,89 €/Kg"
Chupa clássico,Chupachups,Embalagem de 10g,"3,40 €","28,33 €/Kg"
Esfregão de Teflon,Fino,1 unidade,"1,99 €","1,99 €/Unidade"
Maionese magra em frasco,Hellmman's,Embalagem de 460g,"0,70 €","2,33 €/Kg"
Lápis de cor 18 cm,Domédia,embalagem com 18 unidades,"3,09 €","3,09 €/Unidade"
Vinho verde branco,Aveleda,Garrafa de 750 ml,"3,09 €","3,09 €/L"
Cereais estrelitas,Nestle,Embalagem de 550g,"5,07 €/Kg","5,07 €/Kg"
Camarão 40/60,Congelado de Aquicultura,1 un = 250 gr  (aprox.),"2,00 €","7,99 €/Kg"
Café torrado lote chávena saco,Delta,Embalagem de 250g,"9,16 €/Kg","9,16 €/Kg"
Bombons de chocolate com laranja,Bom Roll,Embalagem de 150 g,"18,76 €/Kg","18,76 €/Kg"
Batata frita light,PorSi,Embalagem de 150g,"0,95 €","6,33 €/Kg"
Palmiers,PorSi,Embalagem de 100g,"1,69 €","6,76 €/Kg"
Guardanapos 2 folhas brancos e dourado,PorSi Select,50 unidades,"1,29 €","1,29 €/Unidade"
24 Caldos de carne,PorSi,Embalagem de 255  g,"3,84 €","24,00 €/Kg"
Lava tudo brilhante madeiras,PorSi,Embalagem de 1.1 litros,"0,99 €","0,50 €/L"
Sobremesa gelatina de ananás,PorSi,Embalagem 4X100G,"0,85 €","2,13 €/Kg"
Caixa de arrumação reciclada,PorSi,20 litros,"5,24 €","5,24 €/Unidade"
Barras de cereais com chocolate preto,PorSi,6 x 23 g,"1,29 €","10,24 €/Kg"
Magnésio + vitaminas,PLANTANATU,Embalagem de 1 unidades,"10,79 €","21,58 €/L"
Caderno Agrafado Capa Preta |A5 Pautado,Domédia,1 unidade,"0,89 €","0,89 €/Unidade"
"Formas de alumínio rectangulares com tampa, 600ml , ...",PorSi,Uma embalagem,"1,11 €","1,11 €/Unidade"
Adoçante com doseador,PorSi,Embalagem 100 comprimidos,"5,99 €","23,96 €/Kg"
Manga Refrigerante p/ Garrafas,AR,1 unidade,"4,19 €","4,19 €/Unidade"
Porto 10 anos,Valadao,Garrafa de 750 ml,"17,99 €","23,99 €/L"
Bandas de cera fria facial,Labell,Embalagem com 20 un. + 4 toalhitas de acabamento,"3,11 €","3,11 €/Unidade"
Nestum Mel,Nestlé,Embalagem de 3x300g,"4,49 €","4,49 €/Kg"
10 hamburguers 60% carne de bovino,PorSi,Embalagem de 1 kg,"2,79 €","8,72 €/Kg"
Chá preto,Tetley,Embalagem de 20g,"1,99 €","49,75 €/Kg"
Carlota cambalhota,Miss Concentra,1 unidade,"14,99 €/Unidade","14,99 €/Unidade"
"Toalhitas intimas, 20 unidades",Labell,Uma embalagem,"2,19 €","2,19 €/Unidade"
Papel higiénico reciclado 2 folhas,PorSi,12 rolos,"1,99 €","1,99 €/Unidade"
Bolachas brownie tubo,Oreo,Embalagem de 150g,"2,09 €","13,06 €/Kg"
Ovos Frescos Classe M,PorSi,12 unidades,"2,19 €","2,19 €/Unidade"
Detergente Líquido Máquina Roupa Lavanda,Xau,Embalagem com 62 doses,"8,59 €","2,00 €/L"
Chocolate culinário 70% cacau,Pantagruel,Embalagem de 200g,"1,04 €","8,32 €/Kg"
Bebida de Aveia,PorSi Viva Bem,1 l,"1,59 €","1,59 €/L"
Salada de fruta em calda,PorSi,Lata com 820 g,"1,99 €","2,37 €/Kg"
Ovos de galinha ao ar livre | Classe: M/L,Matinados,12 unidades,"2,19 €","2,19 €/Unidade"
Espirais s/ glúten,Milaneza,Embalagem de 500g,"2,69 €","5,38 €/Kg"
Na-esparguete bio 500g 10kg,Nacional,Embalagem de 500g,"1,89 €","3,78 €/Kg"
Vela em número nº1,PorSi,1 unidade,"0,60 €","0,60 €/Unidade"
Recarga rolo tira pelos,PorSi,1 unidade,"12,99 €","12,99 €/Unidade"
Filetes primavera receita original sem glúten 250g,Iglo,Embalagem de 250g,"9,30 €/Kg","9,30 €/Kg"
"Hamburgers de porco, 4x80g",PorSi,Embalagem de 320 g,"2,79 €","8,72 €/Kg"
Tampão normal com aplicador compacto,PorSi,Embalagem de 16 unidades,"4,89 €","4,89 €/Unidade"
"Iogurte pedaços, frutimax muesli",PorSi,Embalagem de 4 x 125 g,"4,36 €","2,18 €/Kg"
Bombons praliné amêndoa,PorSi Select,100 g,"18,76 €/Kg","18,76 €/Kg"
Doce morango 284g,ST.DALFOUR,Frasco de 284g,"2,19 €","9,95 €/Kg"
Cocktail melão,Bar Royal,Garrafa de 750 ml,"11,99 €","11,99 €/L"
Palhinhas brancas em biomaterial,PorSi,Embalagem com 25 unidades,"0,60 €","0,60 €/Unidade"
Queijo fatias -50% gordura,Terra Nostra,Embalagem de 400g,"2,39 €","19,92 €/Kg"
Esferográfica Preta Média,Mab,Embalagem com 4 un.,"2,49 €","2,49 €/Unidade"
Pasta dentífrica herbal,Colgate,Embalagem de 75 ml,"2,39 €","31,87 €/L"
Castanhas,PorSi,Embalagem de 500G,"3,29 €","4,39 €/Kg"
"Vela com número, nº 7",PorSi,1 unidade,"0,60 €","0,60 €/Unidade"
Mousse de chocolate preto,Páturages,Embalagem de 4x60 g,"0,99 €","1,65 €/Kg"
Leite seleccionado magro,Matinal,Garrafa de 1 l,"0,81 €","0,81 €/L"
Rebuçados recheio mel,PorSi,Embalagem de 200g,"0,77 €","3,85 €/Kg"
Queijo mascarpone,Galbani,Embalagem de 250 g,"3,84 €","15,36 €/Kg"
Fígado,Porco,Vendido ao peso a partir de 1 kg,"2,49 €","2,49 €/Kg"
Agrião Programa Origens,PorSi,embalagem de 170 g,"1,58 €","9,29 €/Kg"
Shampô azul concentrado,PorSi,Embalagem de 1 l,"3,99 €","0,80 €/L"
Pasta Dentífrica Menta Suave,Aquafresh,Embalagem de 75 ml,"2,39 €","31,87 €/L"
Fita adesiva,PorSi,5m x 1.25 cm,"1,69 €","1,69 €/Unidade"
Gelatina de melancia,Koala,Embalagem de 130g,"0,85 €","2,13 €/Kg"
Ambientador vela citronela,PorSi,1 unidade,"9,49 €","45,19 €/Kg"
Ração para gato júnior com frango,Purina One,Embalagem de 800 g,"12,99 €","4,33 €/Kg"
Café moagem normal: intenso,Buondi,Embalagem de 220g,"11,73 €/Kg","11,73 €/Kg"
Feijão catarino,PorSi,Embalagem 500G,"2,78 €/Kg","2,78 €/Kg"
Limpa Máquina Loiça Regular,Finish,,"1,49 €","5,96 €/L"
Nestum zero espelta/aveia,Nestum,Embalagem de 250 g,"4,49 €","4,49 €/Kg"
Pomada para calçado preto,Splendor,lata com 50 ml,"2,75 €","36,67 €/L"
20 saquetas infusão de cidreira,Lipton,Embalagem de 20g,"20,91 €/Kg","20,91 €/Kg"
Bacalhau posta média,PorSi,Embalagem de 800g,"6,39 €","7,99 €/Kg"
Rebuçados peitorais,Dr.bayard,Embalagem de 100g,"0,77 €","3,85 €/Kg"
Barras de cereais forma clássica,PorSi,Embalagem de 126g,"1,29 €","10,24 €/Kg"
Lixívia com detergente,PorSi,Embalagem de 2 l,"2,59 €","1,30 €/L"
Caderno Agrafado Capa Preta Plastificada | A5 Quadri...,Domédia,1 unidade,"0,89 €","0,89 €/Unidade"
Sementes de abóbora,Cemporcent,Embalagem de 150g,"2,29 €","15,27 €/Kg"
Nata uht p/ bater 0% lactose,Parmalat,Embalagem de 200 ml,"0,75 €","3,75 €/L"
Metades de pera em calda,PorSi,Lata de 820 g,"1,99 €","2,37 €/Kg"
Cereais recheados com chocolate e avelã,PorSi,Embalagem de 400g,"5,07 €/Kg","5,07 €/Kg"
Bolachas com recheio de chocolate,PorSi,Embalagem de 500g,"2,15 €","2,87 €/Kg"
Manteiga magra,PorSi,Embalagem de 250g,"1,69 €","6,76 €/Kg"
Natas para café,President,Embalagem de 10X10G,"0,75 €","3,75 €/L"
"Batata frita, receita camponesa",Lay's,Embalagem de 250g,"1,19 €","6,43 €/Kg"
"M&m's drageias de amendoim e chocolate de leite,",M&m's,Embalagem de 200g,"11,98 €/Kg","11,98 €/Kg"
Baby Fruta,Baby Clementoni,1 unidade,"9,99 €/Unidade","9,99 €/Unidade"
"Lenços de bolso, mentol, 10 unidades",Renova,Uma embalagem de 6x10,"0,89 €","0,89 €/Unidade"
"Acendalha branca, 32 cubos",PorSi,Uma embalagem,"0,75 €","0,75 €/Unidade"
Desinfetante em gel c/ lixívia,Cif,Garrafa de 750 ml,"2,79 €","3,72 €/L"
Desodorizante spray original,Dove,Garrafa de 150 ml,"4,99 €","99,80 €/L"
Caramelos de nata,PorSi,Embalagem de 250g,"2,75 €","11,00 €/Kg"
Manteiga com sal,Gresso,Embalagem de 250g,"1,69 €","6,76 €/Kg"
Recarga p/ Esfregona |Suave,Vileda,,"0,89 €","0,89 €/Unidade"
Molas plásticas amarelas,PorSi,50 unidades,"0,89 €","0,89 €/Unidade"
Desinfetante p/ Roupa,Sanytol,embalagem com 500ml,"1,69 €","1,69 €/L"
Espinafres salteado com alho,PorSi,Embalagem de 750g,"1,49 €","1,49 €/Kg"
Ecobag 30 L perfumado limão,Vileda,1 embalagem,"1,79 €","1,79 €/Unidade"
Cereais cookie crisp,Nestle,Embalagem de 380g,"5,07 €/Kg","5,07 €/Kg"
Bloco Sanitário Ativo Lavanda,Sonasol,Embalagem de 50 g,"2,99 €","74,75 €/Kg"
Pilha alcalina classic lr6x8,Domédia,1 unidade,"1,99 €","1,99 €/Unidade"
Rebuçados mentho-lyus sem açúcar,Halls,Embalagem de 31 g,"0,77 €","3,85 €/Kg"
Inseticida para baratas e formigas,Baygon,Embalagem de 400 ml,"4,49 €","14,97 €/L"
Ambientador vela baunilha,PorSi,1 unidade,"9,49 €","45,19 €/Kg"
Azeite Virgem,Oliveira da Serra,Embalagem de 750 ml,"3,19 €","4,25 €/L"
Baguete de alho,Panike,Embalagem de 350g,"3,40 €/Kg","3,40 €/Kg"
Creme p/ Calçado Castanho,Búfalo,Embalagem de 40 ml,"2,75 €","36,67 €/L"
Queijo mozzarella light ralado,PorSi Viva Bem,Embalagem de 150 g,"2,39 €","19,92 €/Kg"
Vinho Vinha da Fonte Setúbal branco,Casa Ermelinda Freitas,Garrafa de 0.75 l,"8,59 €","11,45 €/L"
Refrigerante c/ gás de laranja zero,Fanta,"Garrafa de 1,5 l","0,79 €","0,40 €/L"
Manteiga c/sal,Terra Nostra,Embalagem de 250g,"1,69 €","6,76 €/Kg"
Autocaravana de férias,Lego,1 unidade,"17,99 €/Unidade","17,99 €/Unidade"
Aguardente vínica velha,Alianca v.,Garrafa de 700 ml,"12,79 €","18,27 €/L"
Café em grão,Delta,Embalagem de 1 kg,"3,59 €","14,36 €/Kg"
Vinagre de vinho tinto,Cristal,Garrafa de 500 ml,"0,35 €","0,70 €/L"
Café 5 estrelas grão,Sical,Embalagem de 1 kg,"3,59 €","14,36 €/Kg"
"Paezinhos azeite, alho e salsa",PorSi,Embalagem de 160g,"2,39 €","6,83 €/Kg"
Leite condensado cozido,PorSi,Embalagem de 397 g,"1,09 €","2,75 €/Kg"
Cola Universal,Uhu,Embalagem de 2x20ml,"2,19 €","109,50 €/L"
Sopa da pedra,PorSi,Embalagem de 420 g,"2,35 €","5,60 €/Kg"
Polvo limpo,PorSi,Embalagem de 800 g,"9,59 €","11,99 €/Kg"
Sabonete,Feno,Embalagem de 4x90 g,"4,49 €","12,47 €/Kg"
Café torrado 5 estrelas moagem normal,Sical,Embalagem de 250g,"9,16 €/Kg","9,16 €/Kg"
Lixívia Roupa delicada,PorSi,Embalagem de 2 l,"2,19 €","1,10 €/L"
Iogurtes magros aroma manga,PorSi Viva Bem,Embalagem de 6 x 125 g,"0,99 €","1,32 €/Kg"
Nectar multivitaminas,Paquito,Embalagem de 2 l,"0,99 €","0,99 €/L"
Feijão com dobrada,PorSi,Embalagem de 420 g,"2,35 €","5,60 €/Kg"
Iogurte natural skyr 0%,PorSi Viva Bem,150 g,"1,34 €","11,17 €/Kg"
Leite creme,Royal,Embalagem de 90g,"0,79 €","5,27 €/Kg"
Vinho Tinto Regional Península de Setúbal,Selecção de Enófilos,750 ml,"8,59 €","11,45 €/L"
Manteiga com sal,Primor,Embalagem de 250g,"1,69 €","6,76 €/Kg"
Deo Roll On Dry Fresh,Nivea,50 ml,"4,99 €","99,80 €/L"
"Sumo 100%, laranja",PorSi,"Embalagem de 1,5 l","1,09 €","0,73 €/L"
10 salsichas de porco em lata,PorSi,Embalagem de 250G,"0,75 €","3,75 €/Kg"
"Abs odores lavanda, pack 2x150g",Glade,Embalagem de 2x150 g,"0,79 €","5,27 €/Kg"
"Queijo médio, metades",Casteloes,Embalagem de 580g,"4,00 €","15,99 €/Kg"
12 douradinhos forníssimo,Capitão Iglo,Embalagem de 300g,"9,30 €/Kg","9,30 €/Kg"
Resguardos de cama,PorSi,20 unidades de 60 x 90 cm,"4,99 €","4,99 €/Unidade"
Espuma de barbear para peles sensíveis,Labell Men,Embalagem de 250 ml,"1,16 €","4,64 €/L"
Autobrilhante Castanho,Búfalo,Embalagem de 50 ml,"2,25 €","45,00 €/L"
Bolacha de milho sem sal bio,Cemporcent,Embalagem de 110g,"1,45 €","11,15 €/Kg"
Guardanapos de 1 folha amarelos | dim.: 30 x 29 cm,PorSi,Embalagem com 70 unidades,"1,29 €","1,29 €/Unidade"
Mariscada,PorSi,Embalagem de 800g,"4,99 €","6,24 €/Kg"
Ultra magnésio +b6,PLANTANATU,Embalagem de 1 unidades,"10,79 €","21,58 €/L"
Formas de alumínio 600 ml,PorSi,5 unidades,"0,54 €","0,54 €/Unidade"
Salsichão fuet nobreza,Elpozo,Embalagem de 200 g,"0,95 €","9,49 €/Kg"
Farinha s/ fermento tipo 65,ESPIGA,Embalagem de 1 kg,"1,99 €","1,99 €/Kg"
Body Milk in Shower,Labell,Embalagem de 250 ml,"11,23 €/L","11,23 €/L"
8 pães de leite,PorSi,Embalagem de 280 g,"2,59 €","7,40 €/Kg"
Infusão nº 6 sem barriga,Cemporcent,Embalagem de 10 unidades,"20,91 €/Kg","20,91 €/Kg"
Spray para vidros,PorSi,750 ml,"3,19 €","6,38 €/L"
Milho tenro e doce,Bonduelle,Embalagem de 300 g,"1,79 €","2,29 €/Kg"
Puzzle Baby Shark,Clementoni,2 x 20 peças,"9,99 €/Unidade","9,99 €/Unidade"
Sopa de cozido,Knorr,Embalagem de 70g,"0,84 €","13,55 €/Kg"
Sopa de cebola económica,Knorr,Embalagem de 50g,"0,84 €","13,55 €/Kg"
Spray desinfetante cozinha,Lysol,Embalagem de 500 ml,"1,29 €","1,72 €/L"
Lula limpa 20/40,PorSi,Embalagem de 800 g,"9,59 €","11,99 €/Kg"
Carcaça Rústica 70 g,Pão do Dia,,"0,18 €","2,25 €/Kg"
Empadas soja,PorSi Viva Bem,Embalagem de 260g,"1,49 €","3,73 €/Kg"
Presunto fatiado,PorSi,Embalagem de 200g,"2,79 €","13,95 €/Kg"
Mostarda de Dijon,PorSi Select,190 g,"0,70 €","2,33 €/Kg"
Pensos higiénicos liberty normal abas,Evax,Embalagem com 12 un.,"4,99 €","4,99 €/Unidade"
Vinho verde,Felgueiras,Garrafa de 0.75 l,"3,09 €","3,09 €/L"
Lava tudo antibacteriano herbal,PorSi,Garrafa de 1.5 l,"0,99 €","0,50 €/L"
Autobrilhante Branco,Búfalo,Embalagem de 50 ml,"2,25 €","45,00 €/L"
Vassoura Simples Pluma,PorSi,unidade,"2,20 €","2,20 €/Unidade"
Adoçante em pó stevia,PorSi Viva Bem,Embalagem de 250 g,"5,99 €","23,96 €/Kg"
Luvas Multi Latex S/M,Vileda,10 unidade,"2,40 €","2,40 €/Unidade"
Vodka,ON/OFF,Garrafa 0.70L,"16,49 €","23,56 €/L"
Arroz vaporizado,Cigala,Embalagem de 1 kg,"0,99 €","0,99 €/Kg"
20 saquetas chá de frutos silvestres,Lipton,Embalagem de 30g,"58,00 €/Kg","58,00 €/Kg"
Chocolate culinário,Nestle,Embalagem de 200g,"1,04 €","8,32 €/Kg"
Massa meada,PorSi,Embalagem de 500g,"0,89 €","1,78 €/Kg"
Massa alimentícia spaghetti,Barilla,Embalagem de 500g,"1,09 €","1,09 €/Kg"
Bolacha maria oro +33% grátis,Cuetara,Embalagem de 800g,"2,11 €/Kg","2,11 €/Kg"
Atum posta ao natural,Bom petisc,Embalagem de 120 g,"0,89 €","7,42 €/Kg"
Batata pré-frita palito,PorSi,Embalagem de 1 kg,"2,39 €","3,98 €/Kg"
Bolachas cream cracker,PorSi,Embalagem de 600g,"0,39 €","3,12 €/Kg"
Lustrante Pneus,PorSi,Embalagem de 1 l,"3,99 €","0,80 €/L"
"Vinho rosé, região península de setúbal, bag in box",Dom Campos,Garrafa de 5 l,"9,49 €","1,90 €/L"
"Queijo light, mini",Babybel,Embalagem de 120g,"2,39 €","19,92 €/Kg"
Gomas tijolos ácidos,PorSi,Embalagem de 300 g,"1,19 €","3,97 €/Kg"
Champanhe meio seco,Delagne & Fils,"Garrafa de 0,75 l","19,99 €","26,65 €/L"
Nabo Roxo s/ Rama,Programa Origens,1 un = 200 gr  (aprox.),"1,49 €","0,99 €/Kg"
Adoçante com doseador,PorSi,Embalagem de 66g,"5,99 €","23,96 €/Kg"
Dentifríco 2 em 1 original,Theramed,Embalagem de 75 ml,"3,39 €","45,20 €/L"
Chocolate culinário em pó,PorSi,Embalagem de 125 g,"1,04 €","8,32 €/Kg"
Sardinha Congelada,Peixe Congelado,1 un = 250 gr  (aprox.),"1,75 €","6,99 €/Kg"
Água s/ gás,Fastio,Garrafa de 1 l,"1,04 €","0,17 €/L"
Smarties mini chocolate,SMARTIES,Embalagem de 187g,"11,98 €/Kg","11,98 €/Kg"
Mistura solúvel mokambo,Nestle,Embalagem de 200g,"1,64 €","6,56 €/Kg"
Baton sun protect fp30 hidrata e protege,Labello,1 un.,"3,69 €","3,69 €/Unidade"
Mistura de frutos exóticos,PorSi,Embalagem de 450 g,"3,29 €","4,39 €/Kg"
Chá infusão sene,Cemporcent,Embalagem de 13g,"0,89 €","44,50 €/Kg"
Pastéis de nata,PorSi,Embalagem de 6x60 g,"2,65 €","8,28 €/Kg"
"Escargots recheio de manteiga, salsa e alho",PorSi Select,89 g,"3,99 €","19,95 €/Kg"
Milho doce,PorSi,Embalagem de 400 g,"1,49 €","1,49 €/Kg"
Bolachas choco mini estrelas,Milka,Embalagem de 190g,"2,15 €","2,87 €/Kg"
Massas espirais tricolores,PorSi,Embalagem 500G,"0,89 €","1,78 €/Kg"
Mariscada,PorSi,Embalagem de 800g,"2,19 €","8,59 €/Kg"
Crepe maçã e canela,PorSi,Embalagem de 540 g,"2,65 €","8,28 €/Kg"
Salsichas de porco,Nobre,Lata de 250g,"0,75 €","3,75 €/Kg"
Natas uht com cogumelos,Parmalat,Embalagem de 200 ml,"0,75 €","3,75 €/L"
Néctar light manga/laranja,Compal,330 ml,"0,84 €","2,55 €/L"
Almofada antialérgica,PorSi,45 x 60 cm,"12,00 €/Unidade","12,00 €/Unidade"
Bolachas mini,Oreo,Embalagem de 160g,"2,09 €","13,06 €/Kg"
Cobertura tábua de engomar,PorSi,Dim.: 130 x 47 cm,"4,00 €","4,00 €/Unidade"
5 folhas de gelatina incolor,PorSi,Embalagem de 9 g,"0,55 €","61,11 €/Kg"
Café moagem universal brasil,Delta,Embalagem de 220g,"11,73 €/Kg","11,73 €/Kg"
Pudim de baunilha,PorSi,Embalagem de 90g,"0,59 €","29,50 €/Kg"
"Esferográfica, 4 cores",Bic,1 unidade,"2,49 €","2,49 €/Unidade"
Lava tudo brilhante madeiras,PorSi,Embalagem de 1.1 litros,"1,39 €","1,26 €/L"
Biscoitos de cacau,PorSi,Embalagem de 750g,"0,69 €","3,45 €/Kg"
Pudim baunilha,Boca Doce,Embalagem de 20g,"0,59 €","29,50 €/Kg"
As minhas primeiras receitas - refeição legumes com ...,Nestle,Embalagem de 190g,"1,89 €","9,95 €/Kg"
Anti-humidade + 3 recargas,HUMYDRY,1 embalagem,"12,99 €","12,99 €/Unidade"
Vinho rosé,C.mendes,Garrafa de 750 ml,"3,99 €","5,32 €/L"
Mel em frasco de vidro,Jorge v.f.,Embalagem de 500g,"4,89 €","9,78 €/Kg"
Bebida de soja de amêndoa,Alpro,Embalagem de 1 litro,"2,49 €","2,49 €/L"
Fio dentario 50m,Colgate,1 unidade,"3,49 €","3,49 €/Unidade"
Lixívia perfumada,PorSi,Embalagem de 5 l,"2,59 €","1,30 €/L"
Fruta para bebé maçã banana aveia +6 meses,Nestle,Embalagem de 90g,"0,74 €","8,22 €/Kg"
Sumo 100% maçã e frutos vermelhos,Compal,1 litro,"1,09 €","0,73 €/L"
Ambientador auto limão,PorSi,1 unidade,"1,99 €","1,99 €/Unidade"
Vassoura exterior alta,PorSi,Unidade,"2,20 €","2,20 €/Unidade"
Queijo mozzarella fatias,PorSi,Embalagem de 200 g,"1,56 €","7,80 €/Kg"
Delícia de bolacha,PorSi,Embalagem de 2x135 g,"1,79 €","13,26 €/Kg"
Bolachas digestivas go maçã,Triunfo,Embalagem de 170g,"0,98 €","3,27 €/Kg"
Manteiga magra,Mimosa,Embalagem de 250g,"1,69 €","6,76 €/Kg"
Creme culinário soja,PorSi Viva Bem,Embalagem de 200 ml,"0,99 €","4,95 €/L"
Queijo flamengo 0% lactose,PorSi Viva Bem,Embalagem de 150 g,"1,56 €","7,80 €/Kg"
Água mineral sem gás,Serra de Fafe,"Embalagem de 6x0,33 l","1,04 €","0,17 €/L"
Levedura de cerveja,Cemporcent,Embalagem de 150g,"2,29 €","15,27 €/Kg"
Sardinhas em azeite,PorSi,Embalagem de 120g,"0,89 €","7,42 €/Kg"
Molho bechamel,PorSi,Embalagem de 500 ml,"0,75 €","3,75 €/L"
Gelado magnum mini double chocolate e caramelo,Olá,Embalagem de 6 x 60 ml,"5,99 €","16,64 €/L"
Sultana Preta,PorSi,Embalagem de 200g,"0,79 €","3,95 €/Kg"
Leite especial cálcio + vitamina d m/g,Mimosa,Garrafa de 1 l,"1,29 €","1,29 €/L"
Madalenas de Laranja,Brioxa,12 Unidades - Embalagem de 500 g,"2,05 €","5,13 €/Kg"
"Coloração permanente, louro claro, nº80",Nutrisse,1 unidade,"9,49 €/Unidade","9,49 €/Unidade"
10 saquetas infusão de cidreira,Lipton,Embalagem de 20g,"20,91 €/Kg","20,91 €/Kg"
Presunto S/Osso,Pata branca,"Vendido ao peso, fatiado a partir de 200 g","2,79 €","13,95 €/Kg"
Torta natas com cobertura de cacau,PorSi,Embalagem de 300g,"2,05 €","5,13 €/Kg"
Vassoura Especial Lisa,PorSi,unidade,"2,20 €","2,20 €/Unidade"
Ambientador vela frutos vermelhos,PorSi,1 unidade,"9,49 €","45,19 €/Kg"
Sacos lixo eco 100 litros,PorSi,10 unidades,"1,79 €","1,79 €/Unidade"
Café moagem universal timor,Delta,Embalagem de 220g,"11,73 €/Kg","11,73 €/Kg"
Melancia Riscada,Fruta da Época,Vendido ao peso | 1 un = 4kg (aprox.),"2,79 €","2,79 €/Kg"
Mousse cabelo caracois,Labell,Embalagem de 200ml,"5,99 €","39,93 €/L"
Queijo fundido palitos,A Vaca Que Ri,Embalagem de 35g,"0,72 €","20,57 €/Kg"
Molho mad chips top down,Calve,Embalagem de 260g,"0,70 €","2,33 €/Kg"
Desentupidor de fole com cabo,PorSi,1 unidade,"17,00 €","17,00 €/Unidade"
Desentupidor gel turbo com lixívia,Destop,Garrafa de 1 l,"4,49 €","5,99 €/L"
Douradinhos estaladiços,Capitão Iglo,Embalagem de 340g,"9,30 €/Kg","9,30 €/Kg"
Lava Tudo Brilhante Madeira,Sonasol,"embalagem 1,1L","2,29 €","2,29 €/L"
Sabonete de leite de burra,Confianca,Embalagem de 75 g,"4,49 €","12,47 €/Kg"
Hambúrguer de peru,PorSi,Embalagem de 460g,"2,99 €","6,50 €/Kg"
Cone morango/baunilha,PorSi,Embalagem de 6 x 120 ml,"5,99 €","16,64 €/L"
2 Vieiras Gratinadas À Bretanha,PorSi Select,220 g,"3,99 €","19,95 €/Kg"
Filetes de pescada,PorSi,Embalagem de 400 g,"4,39 €","10,98 €/Kg"
Salsichas de soja,Cemporcent,Embalagem de 390g,"0,69 €","0,69 €/Kg"
Snack Gato Anti Bolas de Pelo,PorSi,Embalagem 60 g,"0,99 €","16,50 €/Kg"
Desinfetante Multiusos,Sanytol,Embalagem de 750 ml,"4,49 €","5,99 €/L"
Batata doce frita,PorSi,Embalagem de 150g,"1,06 €","5,73 €/Kg"
Vinho do Porto 10 anos,Cruz,"Garrafa de 0,75L c/ Caixa de Madeira","17,99 €","23,99 €/L"
Mel de Rosmaninho,PorSi Select,Frasco de 250 g,"4,89 €","9,78 €/Kg"
Limpa madeiras com sabão,PorSi,1.5 litros,"1,39 €","1,26 €/L"
Gin dry,Gordons,Garrafa de 700 ml,"16,49 €","23,56 €/L"
Polvo limpo,PorSi,Embalagem de 1 kg,"9,59 €","11,99 €/Kg"
Miolo de avelã,PorSi,Embalagem de 200 g,"0,79 €","3,95 €/Kg"
Bola de Futebol,Adidas,T.5 Glide,"17,99 €/Unidade","17,99 €/Unidade"
Alecrim,Margao,Embalagem de 20g,"0,25 €","0,25 €/Kg"
Brandy,ON/OFF,Garrafa de 700 ml,"15,49 €","15,49 €/L"
Camarão 60/80,Congelado de Aquicultura,1 un = 250 gr  (aprox.),"2,00 €","7,99 €/Kg"
Grão de bico,Caçarola,Embalagem de 500 g,"0,99 €","1,98 €/Kg"
Pedras limão/chá verde,P.salgadas,pack 4 x 0.25 l,"2,85 €","2,85 €/L"
Creme autobrilha incolor,Splendor,40 ml,"2,25 €","45,00 €/L"
Óleo de linhaça bio,Cemporcent,Garrafa de 250 ml,"3,39 €","3,39 €/L"
Cogumelos laminados,PorSi,780 g,"1,79 €","2,29 €/Kg"
Bolachas rosquilhas,PorSi,Embalagem de 600g,"1,69 €","6,76 €/Kg"
Katia Beijinhos,Miss Concentra,1 unidade,"14,99 €/Unidade","14,99 €/Unidade"
Nata uht,PorSi,Embalagem de 200 ml,"0,75 €","3,75 €/L"
Vinho do porto dona antónia reserva tinto,Ferreira,Garrafa de 0.75 l,"17,99 €","23,99 €/L"
Ice tea manga,Lipton,pack 6 x 0.25 l,"1,14 €","0,76 €/L"
Vinho verde branco alvarinho,Qm,Garrafa de 0.75 l,"3,09 €","3,09 €/L"
Bolachas cobertura de chocolate e avelã,PorSi,Embalagem de 150g,"0,79 €","5,27 €/Kg"
Pizza de Atum,PorSi,Embalagem de 350 g,"2,16 €","6,17 €/Kg"
Leite magro em pó,Páturages,Embalagem de 300 g,"2,79 €","9,30 €/Kg"
Desodorizante Roll-On Invisible Care,Dove,Embalagem de 50 ml,"4,99 €","99,80 €/L"
Jarro de 1 litro + 4 copos,Codil,1 conjunto,"0,54 €","0,54 €/Unidade"
Salame fat,Campofrio,Embalagem de 80g,"0,95 €","9,49 €/Kg"
Sidra frutos vermelhos,Somersby,pack 4 x 0.33 l,"3,32 €/L","3,32 €/L"
Tomate inteiro pelado,PorSi,Embalagem de 390 g,"1,79 €","2,29 €/Kg"
Petit gâteau chocolate negro belga,PorSi,Embalagem com 4 unidades,"2,65 €","8,28 €/Kg"
Iogurte líquido morango,PorSi,Embalagem de 8x160 ml,"1,17 €","1,83 €/Kg"
"Vela em número,  nº 0",PorSi,1 unidade,"0,60 €","0,60 €/Unidade"
Camarão 20/30,Congelado de Aquicultura,1 un = 250 gr  (aprox.),"2,00 €","7,99 €/Kg"
Bebida solúvel cereais+fibra frasco 200g,Delta,Embalagem de 200g,"14,50 €/Kg","14,50 €/Kg"
"Desodorizante spray, Lys e Aloe Vera",Labell,Embalagem de 200 ml,"4,99 €","99,80 €/L"
Pilha alcalina heightch lr14x2,Domédia,1 unidade,"1,99 €","1,99 €/Unidade"
Gelado magnum pint amêndoas,Olá,Embalagem de 440 ml,"3,99 €","6,14 €/L"
Queijo 3 Igrejas Cura 2m Pimentão,Santiago,Vendido ao peso a partir de 250 gr,"4,00 €","15,99 €/Kg"
Maionese Top Down,Calvé,Embalagem de 753 g,"0,70 €","2,33 €/Kg"
Detergente Líquido p/ Loiça Original,Fairy,"Embalagem de 1,19 l","0,99 €","1,98 €/L"
Recarga Ambientador Automático Sparkling Citrus,PorSi,Embalagem de 250 ml,"1,79 €","1,79 €/Unidade"
Chá verde menta,PorSi,Embalagem de 43.7 g,"0,99 €","26,76 €/Kg"
Champô Limão & Argila,Ultra Suave,Embalagem de 400 ml,"5,59 €","13,98 €/L"
"Lixívia para roupa, tradicional verde denso",PorSi,Embalagem de 2L,"1,74 €","0,35 €/L"
Pizza 4 estações,PorSi,Embalagem de 350g,"2,16 €","6,17 €/Kg"
Desodorizante Pure & Natural Roll-On,Nivea,50 ml,"4,99 €","99,80 €/L"
Vinh do porto ruby,Cruz,Garrafa de 750 ml,"5,99 €","7,99 €/L"
Recarga mopa,PorSi,1 unidade,"0,89 €","0,89 €/Unidade"
2 crocantes frango recheio queijo&fiambre 204g,Iglo,Embalagem de 200g,"2,29 €","2,29 €/Kg"
Luvas Multi Latex M/L,Vileda,10 unidade,"2,40 €","2,40 €/Unidade"
Cereais petalas chocolate,PorSi,Embalagem de 625g,"5,07 €/Kg","5,07 €/Kg"
Caixa de arrumação reciclada,PorSi,40 litros,"5,24 €","5,24 €/Unidade"
Bolacha tostada,PorSi,Embalagem de 800g,"2,11 €/Kg","2,11 €/Kg"
"Anti-calcário em pó, máquina roupa",PorSi,Embalagem de 800g,"1,69 €","1,69 €/L"
Azeite virgem extra seleção,PorSi,Garrafa de 750 ml,"3,19 €","4,25 €/L"
Vinho do porto special reserve,V.alegre,Garrafa de 750 ml,"17,99 €","23,99 €/L"
Esferográfica cristal bl 5 az,Bic,1 unidade,"2,49 €","2,49 €/Unidade"
Spray Limpa Cockpit,Redex,Embalagem de 600 ml + oferta pano micro-fibra,"3,99 €","0,80 €/L"
Sumo essencial manga,Compal,pack 3 x 0.11 l,"2,29 €","6,94 €/L"
Manteiga amendoim cremosa,PorSi,Embalagem de 340g,"4,19 €","12,32 €/Kg"
Cem porcento-flocos de aveia grossos,Cemporcent,Embalagem de 400g,"2,69 €","5,38 €/Kg"
Leite uht gordo,Mimosa,Embalagem de 1 litro,"0,94 €","0,94 €/L"
"Bebida láctea crescimento 1-3 anos, cereais",Nestle,Embalagem de 1 litro,"0,26 €","1,30 €/L"
Chouriço cebola beiras,PorSi,Embalagem de 300g,"1,22 €","6,78 €/Kg"
Compressas | dim.: 10 x 10 cm,PorSi,Embalagem com 100 unidades,"1,69 €","1,69 €/Unidade"
Vela em número nº9,PorSi,1 unidade,"0,60 €","0,60 €/Unidade"
"Fiambre extra, fatias finas",PorSi,Embalagem de 150 g,"0,97 €","6,49 €/Kg"
"Elixir bocal, menta",Labell,Embalagem de 500 ml,"1,29 €","2,58 €/L"
"Queijo, 16 porções",A Vaca Que Ri,Embalagem de 280g,"3,68 €","13,14 €/Kg"
"Creme para mãos, proteção intensiva",Atrix,Embalagem de 60 ml,"2,49 €","41,50 €/L"
Leite c/ Chocolate,Agros,Embalagem de 4 x 200 ml,"0,26 €","1,30 €/L"
Alho moído,PorSi,Saqueta de 50 g,"0,25 €","0,25 €/Kg"
"Vinho branco regional alentejano, bib",Galitos,Garrafa de 3 l,"5,19 €","1,04 €/L"
Pá económica,PorSi,1 unidade,"2,20 €","2,20 €/Unidade"
Queijo Curado Amanteigado,Queijaria das Pousadas,Vendido ao peso a partir de 250 g,"3,84 €","15,35 €/Kg"
Sumo 100% tomate,PorSi,Embalagem de 1.5 l,"1,09 €","0,73 €/L"
Néctar light de manga/laranja prism,PorSi,Embalagem de 1 l,"0,84 €","2,55 €/L"
Toalha de mãos,PorSi,50 x 100 cm,"12,00 €/Unidade","12,00 €/Unidade"
Salsichas de aves,Nobre,Lata de 200 g,"0,75 €","3,75 €/Kg"
Pack Super Burger,4Kidoh,1 unidade,"9,99 €/Unidade","9,99 €/Unidade"
Acetona perfumada com doseador,PorSi,Embalagem de 200 ml,"1,89 €","9,45 €/L"
Máquina depilação descartável Simply Venus 2,Gillette,3 Unid. + 1 Grátis,"1,99 €","1,99 €/Unidade"
Queijo em fatias,Terra Nostra,Embalagem de 400g,"1,56 €","7,80 €/Kg"
Óleo aloé vera,Johnson's Baby,Embalagem de 300 ml,"1,99 €","1,99 €/Unidade"
Azeite virgem extra seleção,PorSi,Garrafa de 250 ml,"3,19 €","4,25 €/L"
Porto tawny valadão,Valadao,Garrafa de 750 ml,"6,29 €","8,39 €/L"
Comida húmida para cão de vaca e frango,PorSi,Lata de 400 g,"0,75 €","2,50 €/Kg"
Aperitivos  fritos,Fritos,Embalagem 130G,"0,79 €","7,90 €/Kg"
"Limpa móveis pistola, multissuperfícies",Pronto,Embalagem de 500 ml,"1,19 €","0,79 €/L"
Snack gato salmao,PorSi,Embalagem de 60g,"0,99 €","16,50 €/Kg"
Pellets madeira,Nova lenha,Embalagem de 15kg,"10,99 €","0,73 €/Kg"
"Sacos para sandes, 100 unidades",PorSi,1 embalagem,"1,11 €","1,11 €/Unidade"
Soja grossa,Cemporcent,Embalagem de 400g,"1,49 €","3,73 €/Kg"
Leite Meio Gordo sem Lactose,Mimosa,Pack 4 x 200 ml,"0,81 €","0,81 €/L"
Cerveja com álcool,Super Bock,Garrafa de 1 l,"1,99 €/L","1,99 €/L"
Gogo SqueeZ Snack Banana,Gogo,Embalagem de 4 x 90g,"2,29 €","6,94 €/L"
Iogurte sólido sem lactose morango,Mimosa,Embalagem de 480g,"1,87 €","1,25 €/Kg"
Lamina Descartáveis Platina,Labell,Pack 10 unidades,"1,16 €","4,64 €/L"
Gel Banho Care&Orange,Nivea,Embalagem de 500 ml,"6,49 €","12,98 €/L"
Mirtilos 100% Naturais,PorSi,Embalagem de 250 g,"3,29 €","4,39 €/Kg"
Frutapura maçã e banana,Bledina,Embalagem de 85g,"2,29 €","6,94 €/L"
Balões latex vermelho,PorSi,Embalagem com 24 unidades,"1,54 €","1,54 €/Unidade"
Vinho regional lisboa branco,Marginal,Garrafa de 750 ml,"7,99 €","10,65 €/L"
Vinho tinto península de setúbal,Pioneiro,Garrafa de 0.75 l,"8,59 €","11,45 €/L"
"Desodorizante spray, pear & aloe vera",Dove,Embalagem de 150 ml,"4,99 €","99,80 €/L"
Lixívia Denso-Activa Harmonias Florais p/ Casa e Rou...,Neoblanc,Embalagem de 2 l,"1,74 €","0,35 €/L"
Croquetes vegetais,PorSi Viva Bem,Embalagem de 220g,"3,99 €","19,95 €/Kg"
Luvas de jardinagem,Itools,1 par,"3,19 €","3,19 €/Unidade"
40 filtros café número 4,Planteur,Embalagem com 40 filtros,"0,80 €","0,80 €/Unidade"
Recarga ambientador elétrico delícias de verão,Air Wick,Embalagem de 1 unidades,"1,79 €","1,79 €/Unidade"
Néctar clássico tutti-frutti,Compal,330 ml,"0,99 €","0,99 €/L"
Bolachas shortcake cacau,PorSi,Embalagem de 185 g,"1,69 €","6,76 €/Kg"
Tampão super com aplicador compacto,PorSi,Embalagem de 16 unidades,"4,89 €","4,89 €/Unidade"
Água s/ gás,S.estrela,"Pack 6 x 0,50 l","1,04 €","0,17 €/L"
Iogurte para bebé frutas variadas,Nestle,Embalagem de 4 x 100 g,"5,98 €/Kg","5,98 €/Kg"
Piaçaba com suporte,PorSi,1 unidade,"2,99 €","6,64 €/Kg"
Tomate triturado,Compal,Embalagem de 500g,"3,84 €","24,00 €/Kg"
Resguardo para bebé,PorSi,Dim.: 60 x 60 cm,"4,99 €","4,99 €/Unidade"
Ketchup top down,Calve,Embalagem de 550g,"0,70 €","2,33 €/Kg"
Pectina,Condi,Embalagem de 25g,"2,04 €","81,60 €/Kg"
Bombons de chocolate merci,Merci,Embalagem de 250g,"18,76 €/Kg","18,76 €/Kg"
Moscatel roxo c/ caixa,Pioneiro,Garrafa de 750 ml,"6,79 €/L","6,79 €/L"
Polpa de manga,Koala,Embalagem de 450g,"2,95 €","6,56 €/Kg"
Spray limpeza casa de banho,Cillitbang,Embalagem de 500 ml,"3,49 €","4,65 €/L"
Bolachas maria,PorSi,Embalagem de 800g,"2,11 €/Kg","2,11 €/Kg"
Ovos de galinha ao ar livre | Classe: M/L,Matinados,6 unidades,"2,19 €","2,19 €/Unidade"
Rolo de cozinha mega,PorSi,1 rolo,"4,99 €","4,99 €/Unidade"
Toalhita Azul,Dodot,Embalagem c/ Tampa | 64 un.,"1,09 €/Unidade","1,09 €/Unidade"
"Cobertura tipo chantilly, 2x38g",PorSi,Embalagem de 80g,"1,29 €","3,23 €/Kg"
Vinho de mesa tinto bag in box,Adega grande,Garrafa de 5 l,"5,19 €","1,04 €/L"
Massa fettuccine,PorSi,Embalagem de 500g,"0,89 €","1,78 €/Kg"
Caramelo líquido,PorSi,Embalagem de 400g,"1,29 €","3,23 €/Kg"
Orégãos em folha,PorSi,Embalagem de 10g,"0,25 €","0,25 €/Kg"
Bicarbonato de sódio,Globo,Embalagem de 230g,"1,89 €","17,18 €/Kg"
Chouriço corrente,PorSi,Embalagem de 200 g,"1,22 €","6,78 €/Kg"
Iogurte pedaços frutas variadas,PorSi,Embalagem de 16 x 125 g,"4,36 €","2,18 €/Kg"
2 toalhas de bidé,PorSi,30 x 50 cm,"12,00 €/Unidade","12,00 €/Unidade"
Contentor para água dobrável,Camp Active,Cap.: 10 L,"32,99 €","32,99 €/Unidade"
Costeletas do Lombo,Porco,Vendido ao peso a partir de 1 kg,"3,99 €","3,99 €/Kg"
Bolitas milho + chocolate sem glúten,Salutem,Embalagem de 250g,"2,69 €","5,38 €/Kg"
Bebida de Soja Baunilha,PorSi Viva Bem,1 l,"2,49 €","2,49 €/L"
"Escova de cabelo, pneumática javali",Labell,Uma unidade,"5,95 €","5,95 €/Unidade"
Senses Tropical,Trident,1 un.,"3,09 €","38,63 €/Kg"
Sardinha em azeite,PorSi Select,Lata de 120 g,"0,89 €","7,42 €/Kg"
Carrinho com boneco,Vicam,1 unidade,"14,99 €/Unidade","14,99 €/Unidade"
Xarope grenadine zero,Paquito,Garrafa de 750 ml,"3,69 €","4,92 €/L"
Alheira tradicional 180g,Prisca,Embalagem de 180g,"1,39 €","6,95 €/Kg"
Detergente Liquido Loiça Ultra Poder Limão,Fairy,Embalagem de 600 ml,"0,99 €","1,98 €/L"
Cereais golden e crispy,PorSi,Embalagem de 375 g,"5,07 €/Kg","5,07 €/Kg"
Cuecas Incontinência Maxi Grande,Lindor,Embalagem com 14 un.,"9,99 €","9,99 €/Unidade"
Manga Refrigerante p/ Garrafas,AR,1 unidade,"17,99 €","17,99 €/Unidade"
Vinho do porto tawny,Cruz,"Garrafa de 0,75 l","6,29 €","8,39 €/L"
Pimento Vermelho,Programa Origens,1 un=250 gr (aprox.),"0,23 €","2,29 €/Kg"
Levedura de cerveja,Salutem,Embalagem de 150g,"2,29 €","15,27 €/Kg"
Iogurte sólido sem lactose morango,Mimosa,Embalagem de 480g,"0,99 €","1,98 €/Kg"
Esparguete Clássica,Nacional,Embalagem de 500 g,"0,89 €","1,78 €/Kg"
Casa mateus temporada - morango   6x350g,Casa de Mateus,Embalagem de 350g,"3,59 €","10,26 €/Kg"
Milho para pipocas,Globo,Embalagem de 400g,"0,79 €","7,90 €/Kg"
Fogão p/Campismo Bistro,Campingaz,1 unidade,"32,99 €","32,99 €/Unidade"
Pilha alcalina classic lr03x8,Domédia,1 unidade,"1,99 €","1,99 €/Unidade"
Batata frita caseira,PorSi,Embalagem de 500g,"0,87 €","5,44 €/Kg"
Cerveja c/ álcool,Super Bock,pack 24 x 0.33 l,"1,99 €/L","1,99 €/L"
Lanche Misto,Pastelaria do Dia,1 unidade= 115 g,"1,59 €","1,59 €/Unidade"
Tempero para Frangos Ervas Aromáticas,PorSi,34 g,"3,84 €","24,00 €/Kg"
Cornflakes sem açúcar,Cemporcent,Embalagem de 250g,"0,69 €","1,73 €/Kg"
Desodorizante Roll'On Invisivel,Narta,Embalagem de 50 ml,"4,99 €","99,80 €/L"
Sacos lixo eco com atilho 50 litros,PorSi,15 unidades,"1,79 €","1,79 €/Unidade"
Detergente Líquido p/ Loiça Limão,Fairy,"Embalagem de 1,19 l","0,99 €","1,98 €/L"
Massa esparguete,Milaneza,Embalagem de 500g,"0,89 €","1,78 €/Kg"
Batata Branca,Legumes do Dia,10 kg,"6,90 €","0,69 €/Kg"
Aguardente bagaceira,Dinastia,"Garrafa de 0,70 l","12,79 €","18,27 €/L"
Spray desengordurante,Sonasol,Embalagem de 500 ml,"4,49 €","5,99 €/L"
Semente linhaça amarela,Salutem,Embalagem de 250g,"2,29 €","15,27 €/Kg"
Detergente liquido loiça limão,PorSi,Garrafa de 1 litro,"0,99 €","1,98 €/L"
"Hamburguers de vaca, 4x80g",PorSi,Embalagem de 320 g,"2,79 €","8,72 €/Kg"
Ananás em rodelas lata,PorSi,Embalagem de 820g,"1,99 €","2,37 €/Kg"
Princesas do mar,PorSi,Embalagem de 255 g,"2,19 €","8,59 €/Kg"
Creme abrasivo original,Cif,Garrafa de 700 ml,"0,99 €","0,99 €/L"
Rolo de Cozinha Branco Eco Compacto,PorSi,2 = 6 Rolos,"4,99 €","4,99 €/Unidade"
Lava Tudo Brilhante Floral,Sonasol,"embalagem 1,1L","0,99 €","0,50 €/L"
Máscara tesouros de mel,Garnier,Embalagem de 300 ml,"1,00 €","5,00 €/L"
Corrida de automóveis,Olivo,1 unidade,"17,99 €/Unidade","17,99 €/Unidade"
Pastel de Nata,PorSi,60G,"0,30 €/Unidade","0,30 €/Unidade"
Croissant simples,PorSi,Embalagem de 400g,"2,05 €","5,13 €/Kg"
Croissant recheado de cacau/avelã,PorSi,Embalagem de 315g,"2,05 €","5,13 €/Kg"
Nestum 5 cereais,Nestum,Embalagem de 250g,"2,99 €","3,99 €/Kg"
Pastilhas descafeinado,Delta,Embalagem de 110g,"54,36 €/Kg","54,36 €/Kg"
Posta Tradicional 9 Meses Cura,Riberalves,Embalagem de 550 g,"6,39 €","7,99 €/Kg"
Queijo flamengo barra,PorSi,"Vendido ao peso, fatiado a partir de 100 gr","1,56 €","7,80 €/Kg"
Gelatina de laranja,PorSi,Embalagem de 170g,"0,55 €","61,11 €/Kg"
Celicau Sem glúten,Salutem,Embalagem de 250g,"2,69 €","5,38 €/Kg"
Peito de frango,Salsicharia Limiana,"Vendido ao peso, fatiado","1,99 €","13,27 €/Kg"
Café solúvel gold,PorSi Select,Embalagem 100G,"14,50 €/Kg","14,50 €/Kg"
Queijo ilha ralado,PorSi,Embalagem de 200g,"1,49 €","7,45 €/Kg"
Anti-embaciante,PorSi,Embalagem de 250 ml,"3,99 €","0,80 €/L"
Pastilhas de Limpeza Aparelho Dentário,Polident,Embalagem com 30 unidades,"7,39 €","105,57 €/Kg"
Ice tea de limão,PorSi,Embalagem de 2 l,"1,14 €","0,76 €/L"
Balões latex rosa,PorSi,Embalagem com 24 unidades,"1,54 €","1,54 €/Unidade"
Alho Francês,Programa Origens,1 un = 300 g (aprox.),"0,69 €","2,29 €/Kg"
Discos de amamentação,PorSi,30 unidades,"3,99 €","3,99 €/Unidade"
Arroz agulha,Cigala,Embalagem de 1 kg,"0,99 €","0,99 €/Kg"
Sumo 100% ananás e uva,PorSi,1.5 l,"1,09 €","0,73 €/L"
Tagliatelle a carbonara 350g,Tuttipasta,Embalagem de 350G,"2,16 €","6,17 €/Kg"
Café em cápsulas dolce gusto ardenza,Nescafe,Embalagem de 110g,"54,36 €/Kg","54,36 €/Kg"
Esfregão Salva Unhas Fibra verde Plus,Vileda,Embalagem com 1+1 grátis,"1,99 €","1,99 €/Unidade"
Papel higiénico 2 folhas,PorSi,32 rolos,"1,99 €","1,99 €/Unidade"
Piri piri,Calve,Garrafa de 50 ml,"0,70 €","2,33 €/Kg"
Frutos do mar,Guylian,250 g,"18,76 €/Kg","18,76 €/Kg"
Limpa móveis multissuperfícies,PorSi,Frasco de 300ml,"1,39 €","1,26 €/L"
"Elásticos grandes coloridos, pack de 20 unidades",Domédia,1 embalagem,"2,19 €","109,50 €/L"
"Desodorizante spray, bio eficácia",Narta,Embalagem de 200 ml,"4,99 €","99,80 €/L"
Legumes grelhados,PorSi,Embalagem de 750g,"1,49 €","1,49 €/Kg"
Queijo Flamengo Fatias,PorSi,Embalagem 500G,"1,56 €","7,80 €/Kg"
"Cera liquida, lava e encera",PorSi,Embalagem de 750 ml,"1,54 €","2,05 €/L"
Nectarina,Programa Origens,1 un = 150 gr (aprox.),"0,30 €","1,99 €/Kg"
Bebida arroz bio,PorSi Bio,Embalagem de 1 litro,"1,59 €","1,59 €/L"
Espumante sem álcool para crianças,Look,Garrafa de 750 ml,"0,79 €","0,40 €/L"
Bolachas digestive muesli,Gullon,Embalagem de 370g,"1,45 €","11,15 €/Kg"
Fralda Cueca Activity Extra Tamanho 4,Dodot,Embalagem com 45 uni.,"23,99 €","23,99 €/Unidade"
Batata frita camponesa,PorSi,Embalagem de 175 g,"1,19 €","6,43 €/Kg"
Polvo Limpo Higienizado Congelado,PorSi,Inteiro 2 a 3 kg,"9,59 €","11,99 €/Kg"
Molho de whisky cocktail,Calve,Garrafa de 250 ml,"0,70 €","2,33 €/Kg"
Body Milk Cocoa,Nivea,Embalagem de 250 ml,"11,23 €/L","11,23 €/L"
Máquina de barbear descartável,Gillette,Embalagem com 4+1 unidades,"1,16 €","4,64 €/L"
Pera conference categoria: II,*,Vendido ao peso a partir de 300 g,"0,99 €/Kg","0,99 €/Kg"
Bolachas de água e sal,PorSi,Embalagem de 125g,"0,39 €","3,12 €/Kg"
Bolachas de chocolate leite,Milka,Embalagem de 150g,"0,79 €","5,27 €/Kg"
Pensos Higiénicos Cottonlike Super Com Abas,Evax,12 unidades,"4,99 €","4,99 €/Unidade"
Farinha láctea,PorSi,Embalagem de 1 kg,"4,49 €","4,49 €/Kg"
Fatia de salame de chocolate,PorSi,Embalagem 60G,"2,05 €","5,13 €/Kg"
Caderno Agrafado Capa Preta |A5 Quadriculado,Domédia,1 unidade,"0,89 €","0,89 €/Unidade"
Gressinos com azeitonas pretas,PorSi,Embalagem de 250g,"2,39 €","6,83 €/Kg"
Ravioli com tomate,Claude Léger,Embalagem 300G,"2,35 €","5,60 €/Kg"
Chouriço fatiado,Campofrio,Embalagem de 80g,"1,22 €","6,78 €/Kg"
Croutons azeite e alho,PorSi,Embalagem de 150g,"2,39 €","6,83 €/Kg"
Fiambre da Perna Extra,Nobre,1 un = 150 gr (aprox.),"0,97 €","6,49 €/Kg"
Guardanapos brancos folha tripla 33x33 cm,PorSi,70 unidades,"1,29 €","1,29 €/Unidade"
Mel em frasco com doseador,PorSi,Embalagem de 500g,"4,89 €","9,78 €/Kg"
Arroz Risotto,PorSi,Embalagem de 1 kg,"0,99 €","0,99 €/Kg"
Bolachas maria,PorSi,Embalagem de 200g,"2,11 €/Kg","2,11 €/Kg"
Água s/ Gás,Serra de Fafe,Garrafa 6L,"1,04 €","0,17 €/L"
Iogurte mix-in nesquik,Nestle,Embalagem de 2 x 115 g,"1,05 €","1,86 €/L"
Pudim morango,Boca Doce,Embalagem de 20g,"0,59 €","29,50 €/Kg"
Leite 0% lactose magro,Mimosa,Garrafa de 1 l,"1,29 €","1,29 €/L"
Refresco em pó de morango,Tang,Embalagem de 30g,"0,75 €","18,75 €/Kg"
Feijoada,PorSi,Embalagem de 420 g,"2,35 €","5,60 €/Kg"
Comida húmida para gato júnior,PorSi,Embalagem de 4 x 100 g,"1,99 €","4,98 €/Kg"
Bebida Energética Red Grape,Hell,250 ml,"0,79 €","3,16 €/L"
Caldo de galinha,PorSi,24 cubos,"3,84 €","24,00 €/Kg"
Saqueta puré de fruta e aveia,PorSi,Embalagem de 90g,"0,74 €","8,22 €/Kg"
"Pensos tecido, resistentes à água, 10 unidades",Hansaplast,1 embalagem,"1,69 €","1,69 €/Unidade"
Chocolate maxi 6 barritas,Kinder,Embalagem de 130g,"2,29 €","17,62 €/Kg"
Palitos super finos,PorSi,Embalagem de 85 unidades,"1,50 €","1,50 €/Unidade"
"Linguíca, 4 unidades",PorSi,Embalagem de 180 g,"1,22 €","6,78 €/Kg"
Chá de camomila e erva príncipe,Lipton,20 saquetas,"0,99 €","26,76 €/Kg"
Poncho,Patrulha Pata,1 unidade,"2,99 €","2,99 €/Unidade"
Verdinhos Grandes,Peixe do Dia,1 un= 100 gr (aprox.),"0,30 €","2,99 €/Kg"
Snack gato frango/queijo,PorSi,Embalagem de 60g,"0,99 €","16,50 €/Kg"
Colheres,Pommette,4 unidades,"5,99 €","5,99 €/Unidade"
Champô cacau&côco,Ultra Suave,Embalagem de 400 ml,"5,59 €","13,98 €/L"
Cereais chocapic,Nestle,Embalagem de 375 g,"5,07 €/Kg","5,07 €/Kg"
Vinagre de fruta,PorSi,Embalagem de 500 ml,"0,35 €","0,70 €/L"
Caderno Agrafado Capa Preta Plastificada | A5 Pautad...,Domédia,1 unidade,"0,89 €","0,89 €/Unidade"
Sardinhas,PorSi,embalagem com 1 kg,"4,39 €","10,98 €/Kg"
Queijo flamengo fatias light,PorSi,Embalagem de 200g,"2,39 €","19,92 €/Kg"
Água mineral natural alcalina,MONCHIQUE,1.5 l,"1,04 €","0,17 €/L"
Tostas de trigo,PorSi,Embalagem 225G,"2,39 €","6,83 €/Kg"
Lixívia para roupa delicada,Neoblanc,Embalagem de 1 l,"2,19 €","1,10 €/L"
Batata pré-frita tradition,MCCAIN,Embalagem de 1 kg,"2,39 €","3,98 €/Kg"
Toranja,Fruta do Dia,1 un = 300 gr  (aprox.),"0,69 €","2,29 €/Kg"
Chá preguiça intestinal,PLANTANATU,Embalagem de 10 unidades,"1,25 €","1,25 €/Unidade"
Bandas de cera fria peles normais,Veet,Embalagem de 20 unidades,"3,11 €","3,11 €/Unidade"
Refrigerante  c/ gás regular,Coca-Cola,pack 4 x 1 l,"0,79 €","0,40 €/L"
Cevada solúvel,Delta,Embalagem de 200 g,"14,50 €/Kg","14,50 €/Kg"
Queijo fatias -50% gordura,Terra Nostra,Embalagem de 400g,"1,56 €","7,80 €/Kg"
Caderno Agrafado Capa Preta |A4 Quadriculado,Domédia,1 unidade,"0,89 €","0,89 €/Unidade"
Areia para gatos mineral perfumada,PorSi,Embalagem de 5 kg,"1,19 €","0,24 €/Kg"
Ambientador vela odor tabaco,PorSi,1 unidade,"9,49 €","45,19 €/Kg"
Tablete chocolate branco,PorSi,Embalagem de 100g,"0,99 €","9,90 €/Kg"
Bebida láctea crescimento 3 anos+,Nestle,Embalagem de 1 litro,"0,26 €","1,30 €/L"
Bebida láctea crescimento 1 a 3 anos,Nestle,Embalagem de 1 litro,"0,26 €","1,30 €/L"
"Cotonetes, 100 unidades",Johnson's Baby,1 embalagem,"1,99 €","1,99 €/Unidade"
Leite de cabra uht meio gordo,President,Embalagem 1L,"0,81 €","0,81 €/L"
Amaciador  p/ roupa concentrado Aromaterapia,PorSi,Embalagem com 60 doses,"3,74 €","0,96 €/L"
Leite especial crescimento +3 anos,Mimosa,Garrafa de 1 l,"0,26 €","1,30 €/L"
Arroz agulha,Pato real,Embalagem de 1 kg,"0,99 €","0,99 €/Kg"
Jarro graduado,PorSi,Embalagem de 1 unidades,"0,54 €","0,54 €/Unidade"
Limpa madeiras ecológico,PorSi,1.5 litros,"1,39 €","1,26 €/L"
Toalhitas Refrescantes Rosto e Mãos,PorSi,Embalagem 3 x 10 un.,"1,10 €","1,10 €/Unidade"
Puré de batata,Saint Eloi,Embalagem de 500 g,"1,99 €","1,99 €/Kg"
Cocktail pessego,Bar Royal,Garrafa de 750 ml,"11,99 €","11,99 €/L"
Chá verde,PorSi,Embalagem de 37.5 g,"0,99 €","26,76 €/Kg"
"Vela em número, nº 3",PorSi,1 unidade,"0,60 €","0,60 €/Unidade"
Vinho branco regional península de setúbal,Lancers,Garrafa de 750 ml,"8,59 €","11,45 €/L"
Sopa de rabo de boi,Knorr,Embalagem de 70g,"0,84 €","13,55 €/Kg"
Macarronete integral,Cemporcent,Embalagem de 250g,"1,09 €","1,09 €/Kg"
Sopa de cebola,Knorr,Embalagem de 50g,"0,84 €","13,55 €/Kg"
Moinho 5 pimentas em grão,PorSi,Frasco com 40 g,"0,25 €","0,25 €/Kg"
Tira Nódoas em Gel Cores,Skip,1.6 l,"1,69 €","1,69 €/L"
Mistolin advanced lixívia,Mistolin,Garrafa de 500 ml,"1,54 €","2,05 €/L"
"Esferográfica cristal, 5 Uni",Bic,1 unidade,"2,49 €","2,49 €/Unidade"
Rolo de Cozinha Multi,Renova,4 Rolos,"4,99 €","4,99 €/Unidade"
Cappucinno,PorSi,Embalagem de 125 g,"15,92 €/Kg","15,92 €/Kg"
Pão forma de Rio Maior,*,500 g,"0,18 €","2,25 €/Kg"
"Cereais special k, frutos vermelhos",Kellogg's,Embalagem de 300g,"3,29 €","8,77 €/Kg"
Bacalhau desfiado,PorSi,Embalagem de 500g,"6,39 €","7,99 €/Kg"
Folhado de pizza,*,110 g,"1,59 €","1,59 €/Unidade"
Lambrusco tinto,*,Garrafa de 750 ml,"6,89 €","9,19 €/L"
Snack para gato crispies salmão e truta,Felix,Embalagem de 50g,"0,99 €","16,50 €/Kg"
Moscatel de Setúbal 20 anos,Alambre,Garrafa de 0.50 l,"6,79 €/L","6,79 €/L"
Achocolatado em pó,Nesquik,Embalagem de 800g,"5,59 €","6,99 €/Kg"
Lixivia perfume fresco,Neoblanc,Embalagem de 2 l,"1,74 €","0,35 €/L"
Açucar granulado,PorSi,Embalagem de 1 kg,"1,49 €","1,49 €/Kg"
Óleo Performa 15W40,Galp,Embalagem de 1 l,"14,99 €","14,99 €/L"
Gelatina de manga,Koala,Embalagem de 130g,"0,85 €","2,13 €/Kg"
Bebida de coco com arroz,PorSi Viva Bem,1 litro,"2,49 €","2,49 €/L"
Vinho tinto regional tejo reserva,Alorna,Garrafa de 0.75 l,"7,99 €","10,65 €/L"
Mostarda a'lancienne,PorSi Select,190 g,"0,70 €","2,33 €/Kg"
Ambientador gel floral,PorSi,150 g,"0,79 €","5,27 €/Kg"
Compasso Origin 3 peças,Maped,Uma embalagem,"3,09 €","3,09 €/Unidade"
Mistolin advanced anticalcário,Mistolin,Garrafa de 500 ml,"1,54 €","2,05 €/L"
Salsichas de porco em lata,PorSi,Embalagem de 200g,"0,75 €","3,75 €/Kg"
Frutapura maçã e pera,Bledina,Embalagem de 85g,"2,29 €","6,94 €/L"
Castanhas 80/100,Frutos secos,1 un = 250 gr  (aprox.),"0,95 €","3,79 €/Kg"
Sidra maçã,Somersby,pack 4 x 0.33 l,"3,32 €/L","3,32 €/L"
80 filtros nº4 com saquetas antitártaro,Planteur,Uma embalagem com 80 unidades,"0,80 €","0,80 €/Unidade"
Rum 3 anos havan club (40º),Havana,Garrafa de 700 ml,"17,49 €","24,99 €/L"
Batata doce para fritar,PorSi,Embalagem de 600g,"2,39 €","3,98 €/Kg"
Bebida de Arroz,PorSi Viva Bem,1 l,"1,59 €","1,59 €/L"
Batata Nova a Granel,Vitacress,1 un = 250 gr  (aprox.),"6,90 €","0,69 €/Kg"
Cha infusão verde,Cemporcent,Embalagem com 10 saquetas,"0,89 €","44,50 €/Kg"
Leite condensado magro cozido,Nestle,Embalagem de 390g,"1,09 €","2,75 €/Kg"
Bombons Luxo Belga,PorSi Select,Embalagem de 200 g,"18,76 €/Kg","18,76 €/Kg"
Nata uht 0% lactose,Parmalat,Embalagem de 200 ml,"0,75 €","3,75 €/L"
Croissants brioche,s. tomé,Embalagem de 200 g,"2,59 €","7,40 €/Kg"
Cerveja c/ álcool,Super Bock,pack 24 x 0.20 l,"1,99 €/L","1,99 €/L"
Ervilhas primavera 500g,Iglo,Embalagem de 500g,"1,49 €","1,49 €/Kg"
Tampão mini,PorSi,Embalagem de 32 unidades,"4,89 €","4,89 €/Unidade"
Café Moagem Universal do Brasil,PorSi,Embalagem de 220g,"9,16 €/Kg","9,16 €/Kg"
Mousse chocolate,PorSi,Embalagem de 150g,"0,79 €","5,27 €/Kg"
Vinho Vinha da Fonte Setúbal tinto,Casa Ermelinda Freitas,Garrafa de 0.75 l,"8,59 €","11,45 €/L"
Alimento lácteo cereais e bolachas maria +6 meses,Yogolino,Embalagem de 4 x 100 g,"5,98 €/Kg","5,98 €/Kg"
Balde de Limpeza com Espremedor,PorSi,unidade,"17,00 €","17,00 €/Unidade"
Sal Himalaias Grosso,Origens Bio,1 Embalagem 500G,"1,89 €","10,50 €/Kg"
Spray desinfetante cozinha,Lysol,Embalagem de 500 ml,"0,79 €","0,79 €/L"
Óleo de girassol,PorSi,garrafa de 1 litro,"3,39 €","3,39 €/L"
Smint tin eucalipto,Smint,Embalagem de 35 g,"1,00 €","5,00 €/Kg"
Feijão encarnado,PorSi,Embalagem de 420 g,"1,79 €","2,29 €/Kg"
Espremedor,PorSi,1 unidade,"0,89 €","0,89 €/Unidade"
Iogurte natural sem lactose,PorSi Viva Bem,4 x 125 g,"0,99 €","1,98 €/Kg"
Queijo de ovelha curado amanteigado,PorSi Select,250 g,"4,00 €","15,99 €/Kg"
Caderno Agrafado Capa Preta Plastificada | A4 Quadri...,Domédia,1 unidade,"0,89 €","0,89 €/Unidade"
Queijo fresco sem sal,PorSi,Embalagem de 4 x 62.5 g,"1,69 €","6,76 €/Kg"
Bacalhau Especial da Islândia,Bacalhau da Islândia,1 un = 4 kg (aprox.),"8,73 €/Kg","8,73 €/Kg"
Cesto multiusos com gancho,PorSi,1 unidade,"17,00 €","17,00 €/Unidade"
Kit de viagem,Colgate,pasta dentífrica + escova,"2,39 €","31,87 €/L"
Ervilhas,PorSi,Embalagem de 400 g,"1,49 €","1,49 €/Kg"
Tablete de chocolate negro,PorSi,Embalagem de 100 g,"0,99 €","4,95 €/Kg"
"Pães para hamburguer com sésamo, 4 unidades",Bimbo,embalagem de 220 g,"0,99 €","1,65 €/Kg"
"Lava tudo antibacteriano lavanda 1,5l",PorSi,Garrafa de 1.5 l,"0,99 €","0,50 €/L"
Café solúvel c/ cafeína,PorSi,Embalagem de 100g,"14,50 €/Kg","14,50 €/Kg"
"Cera de depilação oriental, pote",Labell,Embalagem de 250 ml,"3,11 €","3,11 €/Unidade"
Mel multifloral doseador,PorSi,Embalagem de 250g,"4,89 €","9,78 €/Kg"
Desumidificador e Ambientador Mini,HUMYDRY,embalagem de 75g,"2,99 €","6,64 €/Kg"
Adoçante em pó,Canderel,Embalagem de 90g,"5,99 €","23,96 €/Kg"
Água mineral sem gás,S.estrela,pack 4 x 1.5 l,"1,04 €","0,17 €/L"
Ambientador aerosol pure nenuco,Air Wick,Garrafa de 250 ml,"6,99 €","27,96 €/L"
Acetona,PorSi,Embalagem de 60 ml,"1,89 €","9,45 €/L"
Pensos higiénicos liberty noite abas,Evax,Embalagem com 9 un.,"4,99 €","4,99 €/Unidade"
Café torrado lote chávena máquina,Delta,Embalagem de 250g,"9,16 €/Kg","9,16 €/Kg"
Ambientador spray pure colónia de bebé,PorSi,250 ml,"6,99 €","27,96 €/L"
Achocolatado em pó,Ovomaltine,Embalagem de 400g,"5,59 €","6,99 €/Kg"
Boia para bebé,JCN,Dim: Ø 71 cm,"2,99 €","2,99 €/Unidade"
Loção corporal,Nivea,Embalagem de 400 ml,"11,23 €/L","11,23 €/L"
Rebuçados mel e limão,PorSi,Embalagem de 200g,"0,77 €","3,85 €/Kg"
Leite especial cálcio + vitamina d magro,Mimosa,Garrafa de 1 l,"1,29 €","1,29 €/L"
Fermento em pó,PorSi,Embalagem de 150 g,"1,89 €","17,18 €/Kg"
"Anti-calcário, máquina roupa, gel",Calgon,"Garrafa de 1,5 l","8,59 €","2,00 €/L"
Pão Alentejano,Pão do Dia,1 unidade = 400 g,"0,18 €","2,25 €/Kg"
Arroz integral,PorSi Viva Bem,Embalagem de 1 kg,"1,09 €","1,09 €/Kg"
Butter cookies,PorSi,Embalagem de 450g,"0,90 €","6,00 €/Kg"
Pilha alcalina classic lr20x2,Domédia,1 unidade,"1,99 €","1,99 €/Unidade"
Desinfetante álcool gel,PorSi,100 ml,"0,99 €","9,90 €/L"
Água com gás natural,Perrier,Embalagem de 750ml,"2,85 €","2,85 €/L"
Batata pré-frita palitos finos,PorSi,Embalagem de 2.5 kg,"2,39 €","3,98 €/Kg"
"Detergente líquido, manual loiça, original",Fairy,"Embalagem de 1,5 l","0,99 €","1,98 €/L"
Polpa de tomate em garrafa,Compal,Embalagem de 500g,"3,84 €","24,00 €/Kg"
Choco limpo 20/40,PorSi,Embalagem de 800 g,"9,59 €","11,99 €/Kg"
Iogurte ananás 000%,PorSi Viva Bem,Embalagem de 4 x 125 g,"4,36 €","2,18 €/Kg"
Limpa máquinas de loiça limão,PorSi,Embalagem de 250 ml,"1,49 €","5,96 €/L"
Renovador Camurça em Spray Preto,Búfalo,Embalagem de 250 ml,"6,19 €","24,76 €/L"
Nata uht para culinária,Parmalat,Embalagem de 200 ml,"0,75 €","3,75 €/L"
Vinho doc douro reserva tinto,Romanisco,Garrafa de 0.75 l,"7,49 €","9,99 €/L"
Rolos de papel multiusos 2 folhas,PorSi,1 unidade,"4,99 €","4,99 €/Unidade"
Desodorizante Roll'On Protect 5,Narta,Embalagem de 50 ml,"4,99 €","99,80 €/L"
Esponja limpa camurça,PorSi,1 unidade,"4,09 €","27,27 €/L"
Manteiga pasteurizada com sal cuvet,Primor,Embalagem de 250g,"1,69 €","6,76 €/Kg"
"Tesoura de escritório, 17 cm",Domédia,1 unidade,"2,19 €","109,50 €/L"
Discos de algodão para bebé,PorSi,60 unidades,"1,79 €","1,79 €/Unidade"
Esponja Autobrilhante Incolor,Búfalo,Unidade,"2,25 €","45,00 €/L"
"Desodorizante spray, protect.5",Narta,Embalagem de 200 ml,"4,99 €","99,80 €/L"
Leite creme,PorSi,Embalagem de 4x23g,"0,45 €","5,00 €/Kg"
Hambúrgueres de peru,PorSi,Embalagem de 4x80g,"2,79 €","8,72 €/Kg"
Cogumelos inteiros,PorSi,Embalagem de 185 g,"1,79 €","2,29 €/Kg"
Polpa de tomate com cebola e alho,Compal,Embalagem de 500g,"3,84 €","24,00 €/Kg"
Champô cabelos pintados,Labell,Embalagem de 250 ml,"5,59 €","13,98 €/L"
Tocha de bambu,BC,Dim.: 60 cm,"3,19 €","3,19 €/Unidade"
Salsa,PorSi,Embalagem de 50g,"0,99 €","19,80 €/Kg"
"Limpa vidros pistola, cristal",Ajax,Embalagem de 500 ml,"3,19 €","6,38 €/L"
"Frigideira anti-aderente, 20cm",PorSi,1 unidade,"9,99 €","9,99 €/Unidade"
Amaciador roupa concentrado lírios e morango,PorSi,60 doses,"3,74 €","0,96 €/L"
Sacos de congelação pequenos,PorSi,"50 unidades, 1 embalagem","1,11 €","1,11 €/Unidade"
Frutapura Pouch Frutos Variados,Bledina,Embalagem de 85g,"2,29 €","6,94 €/L"
Tablete de chocolate culinário negro,PorSi,Embalagem de 200 g,"0,99 €","4,95 €/Kg"
Bolachas starship tradicional,PorSi,Embalagem de 150g,"0,90 €","6,00 €/Kg"
Espinafres em folhas,PorSi,Embalagem de 750 g,"1,49 €","1,49 €/Kg"
Vinho regional península de setúbal,Dom Campos,Garrafa de 0.75 l,"8,59 €","11,45 €/L"
"Lenços de bolso sensitive, brancos, 10 unidades",Renova,1 embalagem de 18x10,"0,89 €","0,89 €/Unidade"
Posta de tintureira,PorSi,Embalagem de 500 g,"4,39 €","10,98 €/Kg"
Leite UHT Meio Gordo,PorSi,Embalagem de 200 ml,"0,81 €","0,81 €/L"
Lixivia perfumada,PorSi,Garrafa de 2 l,"2,59 €","1,30 €/L"
Caldo de galinha 24 cubos,Knorr,Embalagem de 240g,"3,84 €","24,00 €/Kg"
Mousse de chocolate leite,Páturages,Embalagem de 4x60 g,"0,99 €","1,65 €/Kg"
Fralda cueca T6 - 16 a 22 kg,PorSi,18 unidades,"23,99 €","23,99 €/Unidade"
Orégãos em folhas,PorSi,Saqueta com 10 g,"0,25 €","0,25 €/Kg"
Paté de atum,PorSi,Embalagem de 65 g,"1,19 €","13,52 €/Kg"
Atum ao natural,Ramirez,Embalagem de 120g,"0,89 €","7,42 €/Kg"
Adoçante com doseador,PorSi,Embalagem 300 comprimidos,"5,99 €","23,96 €/Kg"
Vinho regional península de setúbal reserva,Periquita,Garrafa de 0.75 l,"8,59 €","11,45 €/L"
Vinho bag-in-box branco,C.alqueva,Garrafa de 5 l,"9,49 €","1,90 €/L"
Lixívia tradicional,PorSi,Embalagem de 2 l,"1,74 €","0,35 €/L"
Néctar 8 frutos,Bongo,Pack 3 x 200 ml,"0,99 €","0,99 €/L"
"Pasta dentífrica, dentes/gensivas sensitive",Labell,Embalagem de 75 ml,"2,39 €","31,87 €/L"
Milho doce,PorSi,Embalagem de 3 x 140 g,"1,79 €","2,29 €/Kg"
Massa pevide,Nacional,Embalagem de 250g,"0,89 €","1,78 €/Kg"
Toalha em rolo papel rosa,PorSi,1 Unidade,"2,99 €","2,99 €/Unidade"
Sardinha Pequena,Peixe Congelado,1 un= 250 gr (aprox.),"1,75 €","6,99 €/Kg"
Guitarra,Panda,1 un.,"11,99 €/Unidade","11,99 €/Unidade"
Leite uht sem lactose magro,PorSi Viva Bem,1 litro,"0,81 €","0,81 €/L"
"Discos desmaquilhantes, 120 unidades",PorSi,Embalagem de 120 unidades,"0,76 €","0,76 €/Unidade"
Esferográfica Cristal Ouro e Prata x2,Bic,1 unidade,"2,49 €","2,49 €/Unidade"
Acetona,PorSi,Embalagem de 250 ml,"1,89 €","9,45 €/L"
Vinho maduro branco meio seco,Adega grande,Garrafa de 750 ml,"1,59 €","2,12 €/L"
"Escova de dentes, proteção global média, 2 unidades",Labell,Uma embalagem,"4,99 €","4,99 €/Unidade"
"Creme de muda de fralda, para bebé",Pommette,Embalagem de 100 ml,"0,59 €","5,90 €/L"
1ª papa láctea multifrutos sem glúten +4 meses,Cerelac,Embalagem de 250g,"4,49 €","4,49 €/Kg"
Vinho branco,PorSi,embalagem de 1 litro,"0,85 €","0,85 €/L"
Bolacha de manteiga belga c/ chocolate,Saborosa,Embalagem de 200g,"1,69 €","6,76 €/Kg"
Batata frita palha,PorSi,Embalagem de 160g,"0,87 €","5,44 €/Kg"
Eclair de Chocolate 75 g,Pastelaria do Dia,,"0,30 €/Unidade","0,30 €/Unidade"
Água sem gás,Penacova,Garrafão de 5 litros,"1,04 €","0,17 €/L"
Bacon Extra fatiado,Porminho,Embalagem 80g,"1,45 €","18,13 €/Kg"
Leite UHT Meio Gordo,Gresso,Embalagem de 1 l,"0,81 €","0,81 €/L"
"Sabonete líquido de leite de amêndoas, recarga",Palmolive,Embalagem de 300 ml,"1,19 €","3,97 €/L"
"Bolachas aperitivas, simples",Tuc,Embalagem de 100g,"2,82 €","9,40 €/Kg"
"Desodorizante spray, goiaba",Labell,Embalagem de 200 ml,"4,99 €","99,80 €/L"
Massas alimentícias laços,PorSi,Embalagem de 500g,"0,89 €","1,78 €/Kg"
Queijo de cabra curado,PorSi,Embalagem de 2x100 g,"3,79 €","37,90 €/Kg"
Gelatina pronta a comer morango,Royal,Embalagem de 4 x 100 g,"0,85 €","2,13 €/Kg"
Vinho regional de lisboa tinto,Marginal,Garrafa de 750 ml,"7,99 €","10,65 €/L"
Caramelos de leite,Penha,Embalagem de 100g,"2,75 €","11,00 €/Kg"
Crescido,Bacalhau da Noruega,1 un = 1.5 kg (aprox.),"8,73 €/Kg","8,73 €/Kg"
"Desodorizante roll-on, women tropic",Rexona,Embalagem de 50 ml,"4,99 €","99,80 €/L"
Tamaras,PorSi,Embalagem de 200g,"0,79 €","3,95 €/Kg"
Cerveja com álcool,Kings Bräu,"Embalagem de 0,33 l","1,99 €/L","1,99 €/L"
Caldeirada de bacalhau,PorSi,Embalagem de 1 kg,"6,39 €","7,99 €/Kg"
"Queijo em fatias, -50% gordura",Limiano,Embalagem de 200g,"1,56 €","7,80 €/Kg"
Desodorizante roll-on invisible dry,Dove,Embalagem de 50 ml,"4,99 €","99,80 €/L"
Leite condensado,PorSi,Lata de 1 kg,"1,09 €","2,75 €/Kg"
Esfregão Esponja Antibacteriano,Fino,1 unidade,"1,99 €","1,99 €/Unidade"
Spray calcário e sujidade,Cillitbang,Garrafa de 500 ml,"1,19 €","0,79 €/L"
Sabonete original,Palmolive,Embalagem de 4x90 g,"4,49 €","12,47 €/Kg"
Papa infantil não láctea bolacha maria +6 meses,Cerelac,Embalagem de 250g,"4,49 €","4,49 €/Kg"
Néctar vital equilibrio laranja/cenoura/manga,Compal,Embalagem de 1 l,"0,99 €","0,99 €/L"
Detergente Máquina Roupa Liquido Bebé,PorSi,50 doses,"3,55 €","2,37 €/L"
Kinder delice cacau,Kinder,Embalagem de 400g,"2,05 €","5,13 €/Kg"
Elixir junior,Aquafresh,Embalagem de 300 ml,"3,19 €","3,19 €/Unidade"
Iogurte líquido morango,PorSi,Embalagem de 4 x 160 g,"1,17 €","1,83 €/Kg"
"Refeição pronta, boião de legumes e vitela",Bledina,Embalagem de 200g,"1,89 €","9,95 €/Kg"
Napolitanas creme cacau,PorSi,Embalagem de 320g,"1,77 €","5,53 €/Kg"
Mini tostas de trigo,Diatosta,Embalagem de 350 g,"2,39 €","6,83 €/Kg"
Pré-lavagem power gel,Vanish,Garrafa de 200 ml,"8,59 €","2,00 €/L"
Jenga,Mitama,1 unidade,"17,99 €/Unidade","17,99 €/Unidade"
Super Cola,Vito,2 unidade,"3,99 €","3,99 €/Unidade"
"Pilha alcalina, hightech lr6X8",Domédia,1 unidade,"1,99 €","1,99 €/Unidade"
Pasta dentífrica herbal branqueadora,Colgate,Embalagem de 75 ml,"2,39 €","31,87 €/L"
Comida húmida para cão almôndegas,PorSi,Embalagem de 1200 g,"0,75 €","2,50 €/Kg"
Lambrusco bianco,*,Garrafa de 750 ml,"2,09 €","2,79 €/L"
Sacos higiénicos para animal,Canaillou,4 x 20 unidades,"1,19 €","0,24 €/Kg"
Grão de bico,PorSi,embalagem de 500 g,"0,99 €","1,98 €/Kg"
Mini tostas trigo super finas,PorSi,Embalagem de 100 g,"2,39 €","6,83 €/Kg"
Papillottes praliné,PorSi,Embalagem de 400 g,"18,76 €/Kg","18,76 €/Kg"
Esfregona tiras completa,PorSi,1 unidade,"1,99 €","1,99 €/Unidade"
Bandas de cera facial peles normais,Veet,Embalagem de 20 unidades,"3,11 €","3,11 €/Unidade"
Pai Natal de Chocolate,PorSi,Embalagem de 125 g,"2,29 €","17,62 €/Kg"
Batata frita palha,PorSi,Embalagem de 500g,"0,87 €","5,44 €/Kg"
Bolachas choco mini estrelas,Milka,Embalagem de 190g,"2,78 €/Kg","2,78 €/Kg"
Balões latex amarelos,PorSi,Embalagem com 24 unidades,"1,54 €","1,54 €/Unidade"
Manteiga s/ lactose,Primor,Embalagem de 130g,"1,69 €","6,76 €/Kg"
Rebuçado recheio morango,PorSi,Embalagem de 250g,"1,00 €","5,00 €/Kg"
Tostas integrais,Diatosta,Embalagem de 225 g,"2,39 €","6,83 €/Kg"
Salsichas em lata,PorSi,Embalagem  de 120 g,"0,75 €","3,75 €/Kg"
Sombrinhas decorativas,PorSi,Embalagem com 25 unidades,"1,54 €","1,54 €/Unidade"
Água s/ gás,Luso,"Garrafa de 0,75 l","1,04 €","0,17 €/L"
"Luvas multiusos relevo antiderrapante, tamanho peque...",PorSi,Embalagem de 1 unidades,"2,40 €","2,40 €/Unidade"
Cerveja com álcool,Sagres,Garrafa de 1 l,"1,99 €/L","1,99 €/L"
"Líquido refrigerante, verde 10%",PorSi,Embalagem de 5 l,"3,99 €","0,80 €/L"
Café espresso descafeinado intensidade 6,PorSi,16 cápsulas,"1,59 €","6,36 €/Kg"
Compal da horta concentrado tomate,Compal,Embalagem de 140g,"3,84 €","24,00 €/Kg"
Ameixa seca sem caroço bio,PorSi Bio,Embalagem de 150g,"0,30 €","1,99 €/Kg"
Vinho maduro tinto,Alto de Pias,Garrafa de 5 l,"5,19 €","1,04 €/L"
Leite com chocolate original,Ucal,Embalagem de 6 x 250 ml,"0,26 €","1,30 €/L"
Néctar clássico tutti frutti,Compal,Garrafa de 200 ml,"0,99 €","0,99 €/L"
Infusão de camomila,PorSi,Embalagem de 33.7 g,"20,91 €/Kg","20,91 €/Kg"
Spray desinfetante casa de banho,Lysol,Embalagem de 500 ml,"3,49 €","4,65 €/L"
Gelados mini colosse mini mix,PorSi,Embalagem com 8 unidades,"5,99 €","16,64 €/L"
Livro Pop-Ups - Animais,Europrice,1 unidade,"4,99 €","4,99 €/Unidade"
20 mini rissóis de camarão,PorSi,Embalagem de 300 g,"2,99 €","9,97 €/Kg"
Smint 2H intense mint,Smint,Embalagem de 35g,"1,00 €","5,00 €/Kg"
Sopa Creme de Marisco,PorSi,Embalagem de 80 g,"0,84 €","13,55 €/Kg"
Iogurte liquido infantil morango,PorSi,Embalagem de 6 x 94 ml,"1,17 €","1,83 €/Kg"
Bombons praliné arroz tufado,PorSi Select,100 g,"18,76 €/Kg","18,76 €/Kg"
Pizza marguerita,PorSi,Embalagem de 2 x 300 g,"2,16 €","6,17 €/Kg"
Vinho verde branco,Torre de menagem,"Garrafa de 0,75 l","3,09 €","3,09 €/L"
Vinho do porto finest reserve,Dow's,Garrafa de 0.75 l,"17,99 €","23,99 €/L"
Salsichas Frankfurt em lata,Izidoro,Embalagem de 250g,"0,75 €","3,75 €/Kg"
Tarteletes com recheio avelã,PorSi,Embalagem de 91g,"2,15 €","2,87 €/Kg"
Sumo essencial kids,Compal,pack 3 x 0.11 l,"2,09 €","6,33 €/L"
Noodle banzai carne,Cigala,Embalagem de 70g,"0,89 €","1,78 €/Kg"
"Creme de depilação duche, peles normais",Veet,Garrafa de 150 ml,"10,99 €","73,27 €/L"
Cevada solúvel,PorSi,Embalagem de 200g,"1,64 €","6,56 €/Kg"
Lima-limao zero,PorSi,Garrafa de 1.5 l,"0,79 €","0,40 €/L"
Desinfetante p/ Cozinha,Sanytol,Embalagem de 750 ml,"4,49 €","5,99 €/L"
Mini tosta trigo,Diatosta,Embalagem de 90 g,"2,39 €","6,83 €/Kg"
Leite pasteurizado meio gordo,Vigor,Garrafa de 1 l,"0,99 €","0,99 €/L"
Miolo berbigão,PorSi,Embalagem de 250g,"4,99 €","6,24 €/Kg"
"Livro de Receitas ""Mais Leve""",PorSi,1 unidade,"4,99 €","4,99 €/Unidade"
"Tampão mini, proconfort, 32 unidades",O.B.,Uma embalagem,"4,89 €","4,89 €/Unidade"
Pão ralado alho e salsa,PorSi,Embalagem de 240 g,"0,55 €","2,29 €/Kg"
"Refresco em pó, tropical",Tang,Embalagem de 30g,"0,75 €","18,75 €/Kg"
Vinho do porto white,Cruz,Garrafa de 750 ml,"11,99 €","15,99 €/L"
Bambolitos brancos,PorSi,Embalagem de 150g,"0,79 €","5,27 €/Kg"
Néctar tutti-fruti,Compal,Pack 3 x 200 ml,"0,99 €","0,99 €/L"
Bife de atum,PorSi,Embalagem de 400 g,"4,39 €","10,98 €/Kg"
Vinho maduro tinto,C.da eira,Garrafa de 250 ml,"0,85 €","0,85 €/L"
Repelente de água,PorSi,Embalagem de 250 ml,"3,99 €","0,80 €/L"
Manteiga magra baixo teor sal,President,Embalagem de 250g,"1,69 €","6,76 €/Kg"
Lâmpada LED Formato Clássico 10W E27 220-240V,Domédia,1 un.,"2,99 €","2,99 €/Unidade"
Yopro coco,Danone,Embalagem de 160g,"1,34 €","11,17 €/Kg"
Napolitas creme baunilha,PorSi,Embalagem de 320g,"2,05 €","5,13 €/Kg"
Bacalhau Graúdo Asa Branca,Bacalhau da Noruega,"1 un=2,5 kg (aprox.)","8,73 €/Kg","8,73 €/Kg"
Caldo de galinha 16 cubos,Knorr,Embalagem de 160g,"3,84 €","24,00 €/Kg"
Vinho rosé,Lancers,Garrafa 0.75L,"3,99 €","5,32 €/L"
Cenouras com peru +6 meses,Bledina,Embalagem de 2 x 200g,"1,89 €","9,95 €/Kg"
Polpa de maracuja,PorSi,Embalagem de 565g,"1,99 €","2,37 €/Kg"
Bolachinhas,Cerelac,Embalagem de 180g,"3,49 €","19,39 €/Kg"
"Licor de ginja ""mariquinhas"" 0,70l sem fruto",Mariquinha,Garrafa de 700 ml,"7,49 €","10,70 €/L"
Refrigerante sem gás de manga/laran,Joi,"Garrafa de 1,5 l","1,14 €","0,76 €/L"
Nectar vital equilibrio ananás/coco,Compal,Embalagem de 1 l,"0,99 €","0,99 €/L"
Gelatina frutos tropicais  10kcal,Royal,Embalagem de 30g,"0,55 €","61,11 €/Kg"
Flan sabor a baunilha com caramelo,PorSi,Embalagem de 6 x 100 g,"0,99 €","1,65 €/Kg"
Manteiga sem sal,Primor,Embalagem de 250g,"1,69 €","6,76 €/Kg"
Pano multiusos felpo,PorSi,1 unidade,"1,79 €","1,79 €/Unidade"
Farinha de milho integral,Cemporcent,Embalagem de 500g,"2,29 €","15,27 €/Kg"
Paprika,PorSi,Saqueta com 50 g,"0,25 €","0,25 €/Kg"
Pasta dentífrica branco intenso,Aquafresh,Embalagem de 75 ml,"2,39 €","31,87 €/L"
Bifanas,Porco,Vendido ao peso a partir de 1 kg,"3,99 €","3,99 €/Kg"
Bolacha Maria Integral,PorSi,Embalagem de 600g,"0,98 €","3,27 €/Kg"
Chocolate kit kat,Kit kat,Embalagem de 210g,"11,92 €/Kg","11,92 €/Kg"
"Shampoo, laranja",PorSi,Embalagem de 1 l,"3,99 €","0,80 €/L"
Limpa fornos,PorSi,500 ml,"1,54 €","2,05 €/L"
Luvas Universal Média/Grande,Vileda,1 unidade,"2,40 €","2,40 €/Unidade"
Nata uht,Mimosa,embalagem de 200 ml,"0,75 €","3,75 €/L"
Tampão normal,PorSi,Embalagem de 32 unidades,"4,89 €","4,89 €/Unidade"
Pota Inteira,Peixe Congelado,1 un= 200 gr (aprox.),"1,75 €","6,99 €/Kg"
Pescada do Pacífico,Peixe Congelado,"Congelada de 1 a 1,5 kg","1,75 €","6,99 €/Kg"
Bolachas de aveia e trigo integral,PorSi Viva Bem,Embalagem de 240g,"2,82 €","9,40 €/Kg"
Discoveries cappuccino,STARBUCKS,Embalagem de 220 ml,"15,92 €/Kg","15,92 €/Kg"
Spray limpa inox,Cif,Garrafa de 440 ml,"1,54 €","2,05 €/L"
10 nuggets peito de frango e queijo,Capitão Iglo,Embalagem de 210g,"2,79 €","8,72 €/Kg"
Piscina infantil,Bestway,Dim.: 152 x 38 cm,"2,99 €","2,99 €/Unidade"
Fermento de padeiro em pó,Fermipan,Embalagem de 4x11 g,"1,89 €","17,18 €/Kg"
Café em grão 5 estrelas,Sical,Embalagem de 250g,"3,59 €","14,36 €/Kg"
Leite uht magro,PorSi,Embalagem de 1 litro,"0,81 €","0,81 €/L"
Leite s/ lactose meio gordo,Mimosa,Garrafa de 1 l,"1,29 €","1,29 €/L"
Infusão cavalinha,Cemporcent,Embalagem de 10 unidades,"20,91 €/Kg","20,91 €/Kg"
Salsa folhas,PorSi,Saqueta de 12 g,"0,25 €","0,25 €/Kg"
Amaciador G. Maravilhosa,Ultra Suave,Embalagem de 400 ml,"1,00 €","5,00 €/L"
Snack para gato anti-hairball,Whiskas,Embalagem de 60g,"0,99 €","16,50 €/Kg"
Gelatina morango 10kcal,Royal,Embalagem de 30g,"0,55 €","61,11 €/Kg"
Inseticida baratas e formigas,Dum Dum,Embalagem de 400 ml,"4,49 €","14,97 €/L"
Café solúvel crema,Nescafe,Embalagem de 200g,"14,50 €/Kg","14,50 €/Kg"
Penso Higiénico Ultrafinos Normal Abas,PorSi,16 unidades,"4,99 €","4,99 €/Unidade"
Sal de mesa,PorSi,Embalagem de 250 g,"0,25 €","0,25 €/Kg"
Filete de anchovas estendidas,General,Embalagem de 40g,"0,89 €","7,42 €/Kg"
Mini tostas integrais,PorSi,Embalagem de 180g,"2,39 €","6,83 €/Kg"
Spray tira gorduras,PorSi,Embalagem de 750 ml,"1,29 €","1,72 €/L"
Óleo Cedro Líquido,PorSi,Embalagem de 200 ml,"1,39 €","1,26 €/L"
Napolitanas creme cacau,PorSi,Embalagem de 320g,"2,05 €","5,13 €/Kg"
Cereais argolas de mel,PorSi,Embalagem de 375 g,"5,07 €/Kg","5,07 €/Kg"
Iogurte tipo grego stracciatella,PorSi,Embalagem de 500g,"1,49 €","2,98 €/Kg"
Moinho pimenta preta em grão,PorSi,Frasco com 45 g,"0,25 €","0,25 €/Kg"
Creme depilatório para peles normais,Labell,Embalagem de 200 ml,"10,99 €","73,27 €/L"
Lixívia tradicional,PorSi,Embalagem de 1 l,"1,74 €","0,35 €/L"
Cereais chocapic,Nestle,Embalagem de 630g,"5,07 €/Kg","5,07 €/Kg"
Sumo 100% maçã,PorSi,"Embalagem de 1,5 l","1,09 €","0,73 €/L"
Palmilha cortiça com latex t 38/39,Sonaf,1 unidade,"1,85 €","1,85 €/Unidade"
Recarga mopa,PorSi,1 unidade,"2,20 €","2,20 €/Unidade"
Massa de pontinha grossa,Nacional,Embalagem de 250g,"0,89 €","1,78 €/Kg"
Massa quebrada margarina,PorSi,Embalagem de 230 g,"0,89 €","3,87 €/Kg"
Xarope grenadine,Paquito,Garrafa de 750 ml,"3,69 €","4,92 €/L"
Solha Congelada (200/400),Peixe Congelado,Pescado no mar,"1,75 €","6,99 €/Kg"
Água com gás,Vimeiro,pack 6 x 0.25 l,"2,85 €","2,85 €/L"
Refrigerante de cola zero,PorSi,Garrafa de 2 l,"0,79 €","0,40 €/L"
Gelatina morango 8 kcal,PorSi,Embalagem de 4 x 100 g,"0,85 €","2,13 €/Kg"
Desodorizante spray milk sensitive,Nivea,150 ml,"4,99 €","99,80 €/L"
Feijão frade,Compal,Lata de 410 ml,"1,79 €","2,29 €/Kg"
Cogumelos laminados,*,Embalagem de 250g,"2,79 €","11,16 €/Kg"
Rum carta blanca,Bacardi,Garrafa de 700 ml,"17,49 €","24,99 €/L"
Arroz basmati,PorSi,Embalagem de 1 kg,"0,99 €","0,99 €/Kg"
Ovos galinha solo m,PorSi,6 ovos,"1,39 €","1,39 €/Unidade"
Arroz basmati,Caçarola,Embalagem de 1 kg,"0,99 €","0,99 €/Kg"
Empadão de carne,PorSi,Embalagem de 1 kg,"7,99 €","7,99 €/Kg"
Aperitivo pappadum simples,PATAKS,Embalagem de 100g,"0,79 €","7,90 €/Kg"
Whisky,Glen crina,Garrafa de 700 ml,"19,99 €","19,99 €/L"
Ração seca para gato adulto de peixe,PorSi,Embalagem 2 kg,"12,99 €","4,33 €/Kg"
"Fermento em pó, lata",Royal,Embalagem de 110g,"1,89 €","17,18 €/Kg"
Vermute rosso,Martini,Garrafa de 1 l,"11,99 €","11,99 €/L"
Arroz integral,PorSi Viva Bem,Embalagem de 1 kg,"0,99 €","0,99 €/Kg"
Batata frita gourmet,PorSi,Embalagem de 150g,"1,06 €","5,73 €/Kg"
Queijo flamengo,Novacores,Embalagem de 320g,"1,56 €","7,80 €/Kg"
Cereais all bran,Kellogg's,Embalagem de 380g,"3,29 €","8,77 €/Kg"
Semente de chia,Salutem,Embalagem de 125g,"2,29 €","15,27 €/Kg"
Açúcar amarelo,PorSi,Embalagem de 1 kg,"1,49 €","1,49 €/Kg"
Néctar vital equilíbrio frutos vermelhos,Compal,Garrafa de 200 ml,"0,99 €","0,99 €/L"
Costeletas do Cachaço,Porco,Vendido ao peso a partir de 1 kg,"3,99 €","3,99 €/Kg"
Moelas congeladas,*,Embalagem de 1 kg,"2,29 €","2,29 €/Kg"
Creme de fixação para dentaduras,Labell,Embalagem de 50 g,"7,39 €","105,57 €/Kg"
Chupa original,Chupachups,Embalagem de 120g,"3,40 €","28,33 €/Kg"
Spray anti-bolores,Cif,435 ml,"1,54 €","2,05 €/L"
Cesto para o lixo bancada,PorSi,1 unidade,"17,00 €","17,00 €/Unidade"
Néctar de pera,PorSi,Pack 3 x 200 ml,"0,99 €","0,99 €/L"
Plantanatur gorduras dia e noite refeições,PLANTANATU,Embalagem de 1 unidades,"10,79 €","21,58 €/L"
Cem porcento-chá infusão sem barriga,Cemporcent,Embalagem de 13g,"0,89 €","44,50 €/Kg"
Travessa com naperon 45x36cm,PorSi,1 unidade,"0,54 €","0,54 €/Unidade"
Bolacha wafer baunilha,PorSi,Embalagem de 180g,"0,98 €","4,67 €/Kg"
Bebida de Soja Chocolate,PorSi Viva Bem,Pack: 3 x 200 ml,"2,49 €","2,49 €/L"
"Briquetes madeira, 12 unidades",Nova lenha,1 embalagem,"0,75 €","0,75 €/Unidade"
Água mineral natural alcalina,MONCHIQUE,"6x1,5l","1,04 €","0,17 €/L"
Queijo fatias -50% de gordura,Limiano,Embalagem de 400g,"1,56 €","7,80 €/Kg"
Peito de peru fatias,PorSi,Embalagem de 150g,"1,99 €","13,27 €/Kg"
Iogurte liquido stracciatella,PorSi,Embalagem de 4 x 160 g,"1,17 €","1,83 €/Kg"
"Rolos de cozinha compactos, branco, máxima absorção,...",Renova,1 unidade,"4,99 €","4,99 €/Unidade"
Farinha rainha c/ fermento,Nacional,Embalagem de 1000 g,"1,99 €","1,99 €/Kg"
Ananás em rodelas,PorSi,Embalagem de 565 g,"1,99 €","2,37 €/Kg"
Fraldas agility T5 de 13 a 18 kg,PorSi,44 unidades,"6,49 €","6,49 €/Unidade"
Mini Tostas de Trigo,PorSi,Embalagem de 350 g,"2,39 €","6,83 €/Kg"
Aroma de anis,Vahine,Embalagem de 20g,"1,89 €","17,18 €/Kg"
Galinha penosa,Play-Doh,1 unidade,"14,99 €/Unidade","14,99 €/Unidade"
Lixivia perfumada,PorSi,Garrafa de 2 l,"1,74 €","0,35 €/L"
Arroz agulha,Saludães,Embalagem de 1kg,"0,99 €","0,99 €/Kg"
Chá fresh preto e limão,Cemporcent,Embalagem de 18g,"58,00 €/Kg","58,00 €/Kg"
Soft 3 Funções,Nenuco,1 unidade,"14,99 €/Unidade","14,99 €/Unidade"
Azeite tradição,Oliveira da Serra,Embalagem 3L,"3,19 €","4,25 €/L"
Ambientador recarga lavanda,Air Wick,Garrafa de 250 ml,"1,79 €","1,79 €/Unidade"
Massa de argolinhas,Nacional,Embalagem de 250g,"0,89 €","1,78 €/Kg"
Néctar pêssego,Compal,Pack 3 x 200 ml,"0,99 €","0,99 €/L"
Sumo natural de uva preta bio,Cemporcent,Garrafa de 1 l,"2,49 €","2,49 €/L"
Esparguete fino,Nacional,Embalagem de 500g,"0,89 €","1,78 €/Kg"
Tostas multicereais sem glúten,PorSi Viva Bem,Embalagem de 140g,"2,69 €","20,69 €/Kg"
10 saquetas chá frutos vermelhos,Lipton,Embalagem de 10g,"58,00 €/Kg","58,00 €/Kg"
Fermento,Royal,Embalagem de 230g,"1,89 €","17,18 €/Kg"
Bebida de Amêndoa,PorSi Viva Bem,1 litro,"2,49 €","2,49 €/L"
Geleia de morango,Casa de Mateus,Embalagem de 345 g,"3,29 €","9,54 €/Kg"
Café mistura peninsular,Delta,Embalagem de 250g,"1,64 €","6,56 €/Kg"
Collant opac microfibra preto 60D,PorSi,Tamanho: l,"1,89 €","1,89 €/Unidade"
Especialidade de soja natural,PorSi Viva Bem,Embalagem de 4 x 100 g,"0,99 €","2,48 €/Kg"
Super articulações,PLANTANATU,Embalagem de 1 unidades,"10,79 €","21,58 €/L"
Papel de alumínio,PorSi,50 metros,"1,11 €","1,11 €/Unidade"
Recarga Panos p/ Madeira,Swiffer,18 un.,"1,79 €","1,79 €/Unidade"
Desinfetante de frutas e vegetais,Clean Essence,500 ml,"1,89 €/Kg","1,89 €/Kg"
Mostarda em frasco,Savora,Embalagem de 190g,"0,70 €","2,33 €/Kg"
Bolachas chips ahoy,Ca!,Embalagem de 130g,"0,90 €","6,00 €/Kg"
Spray power&shine vidros,Cif,Garrafa de 750 ml,"0,79 €","0,79 €/L"
Champô 3 em 1 karpex,Vanish,950 ml,"1,54 €","2,05 €/L"
Lata de Brilho Castanho,Búfalo,Embalagem de 75 ml,"2,75 €","36,67 €/L"
Fiambre da Pá,PorSi,1 un = 150 gr (aprox.),"0,97 €","6,49 €/Kg"
Leite condensado magro,PorSi,Embalagem de 390 g,"1,09 €","2,75 €/Kg"
8 hamburguers s/ glúten frango,Capitão Iglo,Embalagem de 480g,"11,44 €/Kg","11,44 €/Kg"
Gel de Banho Secrets Oil Coconut,Dove,Embalagem de 500 ml,"6,49 €","12,98 €/L"
"Refrigerante sem gás, laranja",Joi,"Garrafa de 1,5 l","1,14 €","0,76 €/L"
Farinha de trigo integral,Cemporcent,Embalagem de 500g,"2,29 €","15,27 €/Kg"
Filetes de cavala em azeite,PorSi,Embalagem de 120 g,"0,89 €","7,42 €/Kg"
Bebida de soja com cálcio,PorSi Viva Bem,Embalagem de 1 litro,"2,49 €","2,49 €/L"
Néctar de laranja e cenoura light,PorSi,Embalagem de 1 litro,"0,84 €","2,55 €/L"
4 hamburguers vaca s/ glúten,Capitão Iglo,Embalagem de 320g,"2,79 €","8,72 €/Kg"
"Pasta dentífrica, tripla ação",Labell,Embalagem de 75 ml,"2,39 €","31,87 €/L"
Piscina criança c/ repuxo,Bestway,Dim.: Ø 152 cm,"2,99 €","2,99 €/Unidade"
Iogurte líquido morango/cereais,PorSi,Embalagem de 4 x 160 g,"1,17 €","1,83 €/Kg"
Ambientador vela odor animais,PorSi,1 unidade,"9,49 €","45,19 €/Kg"
Iogurte líquido de frutos vermelhos,PorSi,Embalagem de 4 x 160 g,"1,17 €","1,83 €/Kg"
Saqueta puré de fruta e bolacha,PorSi,Embalagem de 90g,"0,74 €","8,22 €/Kg"
Detergentes máquina lavar loiça next generation,PorSi,30 pastilhas,"1,49 €","5,96 €/L"
Palmiers,PorSi,Embalagem de 720 g,"0,69 €","3,45 €/Kg"
Cerveja super bock,Super Bock,Pack 6 x 200 ml,"1,99 €/L","1,99 €/L"
Azeite virgem clássico,PorSi,Garrafa de 750 ml,"3,19 €","4,25 €/L"
Sidra,Kings Bräu,Pack 6 x 0.33 l,"3,32 €/L","3,32 €/L"
Sopa de tomate,Knorr,Embalagem de 90g,"0,84 €","13,55 €/Kg"
Desinfetante de frutas e vegetais,Clean Essence,500 ml,"0,33 €","3,29 €/Kg"
Café em cápsulas dolce gusto galão,Nescafe,Embalagem de 16 cápsulas,"54,36 €/Kg","54,36 €/Kg"
Sopa Canja de Galinha c/ Aletria,PorSi,Embalagem de 75 g,"0,84 €","13,55 €/Kg"
Refrigerante com gás de laranja,Sumol,"Garrafa de 1,25 l","0,79 €","0,40 €/L"
Esponja autobrilhante,PorSi,3 g,"2,25 €","45,00 €/L"
Café lote bocage moagem única,Nicola,Embalagem de 250g,"9,16 €/Kg","9,16 €/Kg"
Papel higiénico branco 2 folhas,PorSi,48 rolos,"1,99 €","1,99 €/Unidade"
Tablete de chocolate culinário 70% negro,PorSi,Embalagem de 200 g,"0,99 €","4,95 €/Kg"
Iogurte de morango sem lactose,PorSi Viva Bem,4 x 125 g,"1,87 €","1,25 €/Kg"
Alimento seco p/ cão actividade intensa,PorSi,Embalagem de 4kg,"15,69 €","3,92 €/Kg"
Massa de cotovelos grandes riscados,Milaneza,Embalagem de 500g,"0,89 €","1,78 €/Kg"
Queijo flamengo fatiado,PorSi,Embalagem de 200G,"1,56 €","7,80 €/Kg"
Creme depilatório para peles sensíveis,Labell,Embalagem de 200 ml,"10,99 €","73,27 €/L"
Café descafeinado,PorSi,Embalagem de 250g,"1,59 €","6,36 €/Kg"
Ice tea de manga,PorSi,"Embalagem de 6x0,20 l","1,14 €","0,76 €/L"
Lava tudo antibacteriano floral,PorSi,"Garrafa de 1,5 l","0,99 €","0,50 €/L"
Sumo essencial pera,Compal,pack 3 x 0.11 l,"0,99 €","0,99 €/L"
Puré de maçã sem adição açúcar,PorSi,700 g,"0,74 €","8,22 €/Kg"
Semente papoila,Salutem,Embalagem de 125g,"2,29 €","15,27 €/Kg"
Tablete chocolate de leite,PorSi,embalagem de 100 g,"5,30 €/Kg","5,30 €/Kg"
Pack 5 veículos sortidos,Hot Wheels,1 embalagem,"9,99 €/Unidade","9,99 €/Unidade"
Feijão manteiga,PorSi,Frasco com 540 g,"1,79 €","2,29 €/Kg"
Leite seleccionado meio gordo,Matinal,Garrafa de 1 l,"0,81 €","0,81 €/L"
Vinho do porto lbv 2004,Cruz,Garrafa de 0.75 l,"17,99 €","23,99 €/L"
Jogo da Glória,Olivo,1 unidade,"17,99 €/Unidade","17,99 €/Unidade"
Fita corretora mini pocket mouse,Tipp-Ex/Bic,embalagem com 2 unid. + 1 unid. grátis,"2,49 €","2,49 €/Unidade"
Queijinhos mini,Babybel,Embalagem de 240g,"0,72 €","20,57 €/Kg"
Penso de incontinência normal,Ausonia Discreet,Embalagem de 12 un.,"1,95 €","1,95 €/Unidade"
Snacks croc.amendoim,PorSi,Embalagem de 90g,"0,79 €","7,90 €/Kg"
6 Preservativos Adapta Nature,Control,,"4,49 €","4,49 €/Unidade"
Sumo 100% laranja,Compal,1 litro,"1,09 €","0,73 €/L"
Ambientador tealights canela,PorSi,embalagem com 18 unidades,"9,49 €","45,19 €/Kg"
Discos Sanitários Activos Aparelho Lavanda,WC Pato,Embalagem de 36 ml,"2,99 €","74,75 €/Kg"
Limpa carpetes,PorSi,Embalagem de 1 litro,"2,29 €","2,29 €/L"
Spray power&shine multiusos c/ lixívia,Cif,Garrafa de 750 ml,"0,79 €","0,79 €/L"
Sumo essencial pera,Compal,pack 3 x 0.11 l,"2,29 €","6,94 €/L"
Areia para gatos 100% natural,PorSi,Embalagem de 5 kg,"1,19 €","0,24 €/Kg"
Leite condensado,PorSi,Embalagem de 397 g,"1,09 €","2,75 €/Kg"
Cogumelos laminados,PorSi,Embalagem de 185 g,"1,79 €","2,29 €/Kg"
Corrida de automóveis,Olivo,1 unidade,"9,99 €/Unidade","9,99 €/Unidade"
Sabonete líquido para as mãos de coco,Dove,embalagem de 250 ml,"1,19 €","3,97 €/L"
Champô anti-caspa,Labell,Embalagem de 400 ml,"5,59 €","13,98 €/L"
Pudim de chocolate,PorSi,Embalagem de 110g,"0,59 €","29,50 €/Kg"
Ração para gato bolas de pelo com frango,Friskies,"Embalagem de 1,5kg","12,99 €","4,33 €/Kg"
Arroz vaporizado,PorSi,Embalagem de 1 kg,"0,99 €","0,99 €/Kg"
Bolachas cracker sem sal,PorSi,Embalagem de 500g,"0,39 €","3,12 €/Kg"
Cerveja com álcool,Sagres,pack 24 x 0.25 l,"1,99 €/L","1,99 €/L"
Ovos de galinha ao ar livre | Classe: M/L,Matinados,6 unidades,"1,39 €","1,39 €/Unidade"
Soro fisiológico,PorSi,Embalagem de 100 ml,"0,59 €","5,90 €/L"
Dispensador com sacos higiénicos para animal,Canaillou,2 x 20 unidades,"1,19 €","0,24 €/Kg"
Cocktail mix,PorSi,720 g,"2,99 €","9,97 €/Kg"
10 pães de leite,PorSi,Embalagem de 350g,"2,59 €","7,40 €/Kg"
Ice tea de pêssego,PorSi,"Embalagem de 1,5 l","1,14 €","0,76 €/L"
Bebida aveia sem açúcar,Alpro,Embalagem de 1 l,"2,49 €","2,49 €/L"
Leite uht magro,Mimosa,Embalagem de 1 litro,"0,81 €","0,81 €/L"
Linhaça dourada moída,Cemporcent,Embalagem de 200g,"2,29 €","15,27 €/Kg"
Molho de maionese com alho e ervas,PorSi,Garrafa de 120 ml,"0,70 €","2,33 €/Kg"
Ananás pedaços em calda,PorSi,Embalagem de 565g,"1,99 €","2,37 €/Kg"
Massa em espirais,PorSi,Embalagem de 500g,"0,89 €","1,78 €/Kg"
Rabos,Porco,1 un = 250 gr  (aprox.),"2,49 €","2,49 €/Kg"
Pensos de incontinência Maxi,Ausonia,Uma embalagem - 12Unidades,"1,95 €","1,95 €/Unidade"
Pensos Higiénicos Cottonlike com Abas Normal Plus,Evax,28 unidades,"4,99 €","4,99 €/Unidade"
Mel rosmaninho 500g,SERRAMEL,Embalagem de 500G,"4,89 €","9,78 €/Kg"
Pudim caramelo,PorSi,Embalagem de 90g,"0,59 €","29,50 €/Kg"
Leite evaporado,PorSi,Embalagem de 410g,"1,09 €","2,75 €/Kg"
Desodorizante spray invisível,Narta,Embalagem de 200 ml,"4,99 €","99,80 €/L"
"Ice tea, pêssego",PorSi,"Embalagem de 6x0,20 l","1,14 €","0,76 €/L"
"Mistura de couve flor, brócolos e cenoura",PorSi,Embalagem de 1 kg,"1,49 €","1,49 €/Kg"
Gelado cornetto morango,Olá,Embalagem de 6 x 90 ml,"5,99 €","16,64 €/L"
Toalha em rolo papel azul,PorSi,1 Unidade,"2,99 €","2,99 €/Unidade"
Pudim flan,El mandari,Embalagem de 10g,"0,59 €","29,50 €/Kg"
Leite uht meio gordo,Mimosa,Embalagem de 1 litro,"0,81 €","0,81 €/L"
Cerveja com álcool,Sagres,"Embalagem de 0,33 l","1,99 €/L","1,99 €/L"
Martini fiero,Martini,Garrafa de 750 ml,"11,99 €","11,99 €/L"
Molas de madeira,PorSi,36 unidades,"0,89 €","0,89 €/Unidade"
Iogurte sabor a coco,PorSi,Embalagem de 4 x 125 g,"1,87 €","1,25 €/Kg"
18 nuggets de frango,Capitão Iglo,Embalagem de 380g,"9,30 €/Kg","9,30 €/Kg"
Alimento lácteo banana +6 meses,Yogolino,Embalagem de 4 x 100 g,"5,98 €/Kg","5,98 €/Kg"
"Fiambre extra, fatiado",PorSi,Embalagem de 200g,"0,97 €","6,49 €/Kg"
Iogurte arôma de frutos vermelhos,PorSi,Embalagem de 8x125 g,"1,87 €","1,25 €/Kg"
Tostas suecas integrais,PorSi,Embalagem de 225 g,"2,39 €","6,83 €/Kg"
Sobremesa gelatina de morango,PorSi,Embalagem 4X100G,"0,85 €","2,13 €/Kg"
Crepe simples,PorSi,Embalagem de 630g,"2,65 €","8,28 €/Kg"
Bolachas crackers com sal,PorSi,Embalagem de 500g,"0,39 €","3,12 €/Kg"
Vinho doc alentejo tinto,Albarrada,Garrafa de 750 ml,"2,89 €","3,85 €/L"
Patê frango,La piara,Embalagem de 80g,"1,19 €","13,52 €/Kg"
Lava Tudo Perfumado Lavanda,PorSi,Embalagem de 2 l,"0,99 €","0,50 €/L"
Toalha de banho,PorSi,100 x 150 cm,"12,00 €/Unidade","12,00 €/Unidade"
Tablete de chocolate preto,Nestle,Embalagem de 130g,"0,99 €","4,95 €/Kg"
Iogurte grego natural açucarado sem lactose,PorSi Viva Bem,Embalagem de 240g,"0,99 €","1,98 €/Kg"
"Toalhitas Higiénicas Adulto, 64unidades",Labell,Uma embalagem,"0,76 €","0,76 €/Unidade"
Sementes de girassol,PorSi Viva Bem,Embalagem de 200 g,"1,59 €","10,60 €/Kg"
Queijinho fresco com morango,PorSi,Embalagem de 6 x 50 g,"1,69 €","6,76 €/Kg"
Escova para lavar,PorSi,1 unidade,"2,20 €","2,20 €/Unidade"
Batatas Pré-fritas Rosti com Cebola,PorSi,Embalagem com 600 g,"2,39 €","3,98 €/Kg"
Doseador boia,Gre,1 litro,"2,99 €","2,99 €/Unidade"
Vermute bianco,Martini,Garrafa de 1 l,"11,99 €","11,99 €/L"
Lixívia Tradicional,Neoblanc,Embalagem de 4 l,"1,74 €","0,35 €/L"
Areia para gato aglomerante,PorSi,Embalagem de 5 litros,"1,19 €","0,24 €/Kg"
Iogurte natural,PorSi,Embalagem 12 x 125 g,"0,99 €","1,98 €/Kg"
Polpa de cebola e alho,PorSi,Embalagem de 500 g,"3,84 €","24,00 €/Kg"
"Pasta dentífrica, 7-13 anos",Labell,Embalagem de 75 ml,"3,19 €","3,19 €/Unidade"
Chá preto frutos vermelhos,PorSi,Embalagem de 40g,"1,99 €","49,75 €/Kg"
Pó de talco,PorSi,Embalagem de 250g,"0,59 €","5,90 €/L"
Sopa de Cebola,PorSi,Embalagem de 62 g,"0,84 €","13,55 €/Kg"
Pudim flan,PorSi,Embalagem de 4 x 5.6 g,"0,59 €","29,50 €/Kg"
Gomas beijinhos,PorSi,Embalagem de 300 g,"1,19 €","3,97 €/Kg"
Desodorizante creme dermacare,Vasenol,Embalagem de 50 ml,"4,99 €","99,80 €/L"
Spray fornos e grelhadores,Cif,435 ml,"1,54 €","2,05 €/L"
Tarteletes com recheio avelã,PorSi,Embalagem de 91g,"2,78 €/Kg","2,78 €/Kg"
Moscatel de Setúbal Reserva,Selecção de Enófilos,Garrafa de 0.75 l,"6,79 €/L","6,79 €/L"
Sementes de chia,PorSi Viva Bem,Embalagem de 150 g,"1,59 €","10,60 €/Kg"
Concentrado de laranja,Sunquick,Garrafa de 700 ml,"3,69 €","4,92 €/L"
Infusão funcho,Cemporcent,Embalagem de 10 unidades,"20,91 €/Kg","20,91 €/Kg"
Rebuçados peitorais,Dr.bayard,Embalagem de 200g,"0,77 €","3,85 €/Kg"
Iogurte pedaços pêssego/alperce,PorSi,Embalagem de 4x125g,"4,36 €","2,18 €/Kg"
Bacalhau a bras,PorSi,Embalagem de 300g,"2,19 €","7,30 €/Kg"
Ervilhas bio,PorSi Bio,Frasco com 290 g,"1,79 €","2,29 €/Kg"
"Tiras limpa poros faciais, 6unidades",Labell,1 embalagem,"0,76 €","0,76 €/Unidade"
Recarga Esfregona de Microfibras,PorSi,1 unidade,"0,89 €","0,89 €/Unidade"
Petit gâteau,PorSi,Embalagem de  4 x 80 g,"2,65 €","8,28 €/Kg"
Assador Castanhas em Barro,Produto selecionado,Diam.: 17 cm,"4,99 €/Unidade","4,99 €/Unidade"
Ovos galinha solo L,PorSi,12 unidades,"1,39 €","1,39 €/Unidade"
Fralda cueca T4 - 8 a 14 kg,PorSi,22 unidades,"23,99 €","23,99 €/Unidade"
Sidra maçã,Somersby,"Pack 15x0,20 L","3,32 €/L","3,32 €/L"
"Guardanapos brancos, 33x33cm, 2 folhas, 90 unidades",Renova,Uma embalagem,"1,29 €","1,29 €/Unidade"
"Coloração permanente, vermelho ousado nº5.62",Nutrisse,1 unidade,"9,49 €/Unidade","9,49 €/Unidade"
Néctar 8 frutos,Bongo,Pack 6 x 200 ml,"0,99 €","0,99 €/L"
"Rebuçados de fruta, diamante",PorSi,Embalagem de 200 g,"1,00 €","5,00 €/Kg"
Dentifríco anti-tártaro + branqueador,Colgate,Embalagem de 75 ml,"2,39 €","31,87 €/L"
"Sumo 100%, tutti-frutti",PorSi,"Embalagem de 1,5 l","1,09 €","0,73 €/L"
Bolachas bambolitos chocolate e leite,PorSi,Embalagem de 150g,"0,79 €","5,27 €/Kg"
Lambrusco tinto,*,Garrafa de 750 ml,"2,09 €","2,79 €/L"
Fiambre da Pá,Salsicharia Limiana,1 un = 150 gr (aprox.),"0,97 €","6,49 €/Kg"
Alimento lácteo cereais e baunilha +6 meses,Yogolino,Embalagem de 4 x 100 g,"5,98 €/Kg","5,98 €/Kg"
Caderno Agrafado Capa Preta |A5 Liso,Domédia,1 unidade,"0,89 €","0,89 €/Unidade"
Cacau magro em pó,PorSi,Embalagem de 125 g,"1,04 €","8,32 €/Kg"
Moscatel de setúbal,Selecção de Enófilos,"Garrafa de 0,75 l","6,79 €/L","6,79 €/L"
Forma de papel para bolos 6. 8cm,PorSi,Embalagem com 60 unidades,"0,54 €","0,54 €/Unidade"
Vinagre vinho branco 250ml,Cristal,Garrafa de 250 ml,"0,35 €","0,70 €/L"
Jogo das escadas,Olivo,1 unidade,"9,99 €/Unidade","9,99 €/Unidade"
Água c/ gás limão,Frize,pack 4 x 0.25 l,"2,85 €","2,85 €/L"
Spray desinfetante multiusos,Lysol,Embalagem de 500 ml,"1,19 €","0,79 €/L"
Intensificador de perfume em gel para a roupa romanc...,Quanto,300 ml,"9,99 €","33,30 €/L"
Iogurte aroma de banana,PorSi,Embalagem de 4x125g,"1,87 €","1,25 €/Kg"
Café em cápsulas deqafeitatus,Delta Q,Embalagem de 55 g,"54,36 €/Kg","54,36 €/Kg"
Vinho rosé regional península de Setúbal,Selecção de Enófilos,Garrafa de 0.75 l,"8,59 €","11,45 €/L"
Guardanapos Gold 2 folhas,Renova,Dim.: 39x39cm,"1,29 €","1,29 €/Unidade"
Guardanapos | Dim.: 30 x 33 cm,PorSi,Embalagem com 20 unidades,"1,29 €","1,29 €/Unidade"
Maquina Depiladora Descartável Venus Basic,Gillette,Embalagem de 3 + 1 un. Grátis,"4,29 €","4,29 €/Unidade"
Alecrim em folhas,PorSi,Embalagem de 25g,"0,25 €","0,25 €/Kg"
Creme abrasivo de limão,PorSi,Embalagem de 750 ml,"0,99 €","0,99 €/L"
Iogurte de morango sem lactose,PorSi Viva Bem,4 x 125 g,"0,99 €","1,98 €/Kg"
Infusão melhores digestões,Cemporcent,Embalagem de 10 unidades,"20,91 €/Kg","20,91 €/Kg"
Gelatina ananás 10kcal,Royal,Embalagem de 30g,"0,55 €","61,11 €/Kg"
Ambientador tealights baunilha,PorSi,embalagem com 18 unidades,"9,49 €","45,19 €/Kg"
Cacetinho de trigo integral,Pão do Dia,90 g,"0,18 €","2,25 €/Kg"
Porto branco,Valadao,Garrafa de 750 ml,"11,99 €","15,99 €/L"
Sal marinho integral,Cemporcent,Embalagem de 1 kg,"0,69 €","0,69 €/Kg"
Azeite virgem extra seleção,PorSi,Garrafa de 2 l,"3,19 €","4,25 €/L"
Ração para Gato Esterilizado com Vaca,Purina One,"Embalagem de 1,5 kg","12,99 €","4,33 €/Kg"
Proti soja grânulos,Salutem,Embalagem de 400g,"1,49 €","3,73 €/Kg"
Gelo em cubos,PorSi,Embalagem de 2 kg,"1,00 €","0,50 €/Kg"
20 saquetas chá de limão,Lipton,Embalagem de 40g,"58,00 €/Kg","58,00 €/Kg"
Lombos de salmão,PorSi,Embalagem de 300g,"4,39 €","10,98 €/Kg"
Vinho tinto alentejo,Loios,Garrafa de 750 ml,"2,89 €","3,85 €/L"
Pizza romana,PorSi,Embalagem de 370g,"2,16 €","6,17 €/Kg"
Creme vegetal para cozinha,Becel,Embalagem de 450 g,"1,39 €","6,95 €/L"
Marmelada,PorSi,Embalagem de 450g,"1,09 €","2,42 €/Kg"
Abobora cubos,PorSi,Embalagem de 500g,"1,49 €","1,49 €/Kg"
Telemóvel Vibra e Capta,Chicco,1 unidade,"11,99 €/Unidade","11,99 €/Unidade"
"Vela em número, nº 6",PorSi,1 unidade,"0,60 €","0,60 €/Unidade"
Néctar clássico de pera,Compal,Garrafa de 200 ml,"0,99 €","0,99 €/L"
Termo drena rapid,PLANTANATU,Garrafa de 500 ml,"10,79 €","21,58 €/L"
Iogurte pedaços ananás,PorSi,Embalagem de 4 x 125 g,"4,36 €","2,18 €/Kg"
Tampão Organic Normal,O.B.,Embalagem com 16 unidades,"4,89 €","4,89 €/Unidade"
Tablete de chocolate leite com amêndoas,PorSi Select,200 g,"6,50 €/Kg","6,50 €/Kg"
Detergente líquido máquina de roupa lavanda,PorSi,86 Doses,"8,59 €","2,00 €/L"
Maionese,PorSi,Embalagem de 414 g,"0,70 €","2,33 €/Kg"
Tablete de chocolate leite,Schogetten,Embalagem de 100g,"5,30 €/Kg","5,30 €/Kg"
Sementes de girassol,Cemporcent,Embalagem de 150 G,"1,89 €","3,78 €/Kg"
Chupas Party Mix,PorSi,150 g,"3,40 €","28,33 €/Kg"
Fiambre da perna extra,PorSi,Pack Poupança de 2 x 170 g,"0,97 €","6,49 €/Kg"
Tostas integrais,PorSi,Embalagem de 225g,"2,39 €","6,83 €/Kg"
Vitamina c,PLANTANATU,Embalagem de 1 unidades,"10,79 €","21,58 €/L"
Bebida aveia-amêndoa,Alpro,Embalagem de 1 litro,"2,49 €","2,49 €/L"
Sacos do lixo perfumado 30 litros,PorSi,15 unidades,"1,79 €","1,79 €/Unidade"
"Bacalhau graúdo inteiro salgado, seco",Bacalhau da Islândia,1 un= 2.5kg (aprox.),"8,73 €/Kg","8,73 €/Kg"
Fiambre da perna extra baixo teor de gordura fatias ...,PorSi Viva Bem,Embalagem de 200 g,"0,97 €","6,49 €/Kg"
Desinfetante álcool gel com doseador,PorSi,500 ml,"0,99 €","9,90 €/L"
Bebida de soja e chocolate,PorSi Viva Bem,Embalagem de 1 l,"2,49 €","2,49 €/L"
Pião Parque Infantil,Clementoni,unidade,"16,99 €","16,99 €/Unidade"
Pao brioche fatiado,PorSi,Embalagem 500G,"0,99 €","1,65 €/Kg"
Tinta Plástica Branca,Marilina,Embalagem de 15 l,"16,99 €","1,13 €/L"
Morangos 100% Naturais,PorSi,Embalagem de 750 g,"3,29 €","4,39 €/Kg"
"Espuma cabelo, wet shine",Fru style,Embalagem de 200 ml,"5,99 €","39,93 €/L"
"Mini rissóis de carne, 20 unidades",PorSi,Embalagem de 300 g,"2,99 €","9,97 €/Kg"
Soja fina,PorSi Viva Bem,Embalagem de 400 g,"1,49 €","3,73 €/Kg"
Fralda Cueca Activity Extra Tamanho 5,Dodot,Embalagem com 40 uni.,"23,99 €","23,99 €/Unidade"
Toalhitas Bebé Nature,PorSi,64 unidades,"1,09 €/Unidade","1,09 €/Unidade"
Bolachas com recheio de chocolate,PorSi,Embalagem de 3 x 250 g,"2,15 €","2,87 €/Kg"
Vela com número 4,PorSi,1 unidade,"0,60 €","0,60 €/Unidade"
Pensos clássicos,PorSi,20 unidades,"1,69 €","1,69 €/Unidade"
Fruta para bebé banana laranja bolacha +6 meses,Nestle,Embalagem de 90g,"0,74 €","8,22 €/Kg"
Gel ativo com lixívia,PorSi,Embalagem de 1.5 l,"1,19 €","0,79 €/L"
Mistura sol sem café granulado,PorSi,Embalagem de 200g,"1,64 €","6,56 €/Kg"
Ovos galinha solo l,PorSi,6 ovos,"1,39 €","1,39 €/Unidade"
Licor Limoncello,Vila Massa,"Embalagem de 0,50 l","7,49 €","10,70 €/L"
Detergente líquido Ultra Concentrado Loiça Platinium...,PorSi,Embalagem de 500 ml,"0,99 €","1,98 €/L"
"Rebuçados sem açucar vita c, sabor citrinos",Halls,Embalagem de 32G,"0,77 €","3,85 €/Kg"
Azeite virgem extra gourmet,Gallo,Garrafa de 750 ml,"3,19 €","4,25 €/L"
Abrasivo sanitário gel citrinos,PorSi,embalagem de 1 litro,"0,99 €","0,99 €/L"
After Shave Bálsamo Sensitive Cool,Nivea Men,Embalagem de 100 ml,"1,16 €","4,64 €/L"
Bombons Frutos do Mar,PorSi Select,250 g,"18,76 €/Kg","18,76 €/Kg"
Pão ralado clássico,PorSi,Embalagem de 240 g,"0,55 €","2,29 €/Kg"
Salada de fruta em calda,PorSi,Embalagem de 3 x 220 g,"1,99 €","2,37 €/Kg"
Nata uht para bater,Gresso,Garrafa de 200 ml,"0,75 €","3,75 €/L"
Bebida Solúvel Mokambo Chicória e Café,Nestle,Embalagem de 240g,"14,50 €/Kg","14,50 €/Kg"
"Caixa com saquetas de  pau de canela, 30 unidades",PorSi,Embalagem 90G,"0,25 €","0,25 €/Kg"
Refeição caseira almôndegas,Nobre,Embalagem de 420g,"2,35 €","5,60 €/Kg"
Acetona,PorSi,Embalagem de 200 ml,"1,89 €","9,45 €/L"
"Cueca de incontinência, adulto, pequena",PorSi,Embalagem com 14 unidades,"9,99 €","9,99 €/Unidade"
Pack de 3 embalagens de polpa de tomate,Compal,Embalagem de 630g,"3,84 €","24,00 €/Kg"
Néctar de laranja e cenoura light,PorSi,Embalagem de 3 x 200 ml,"0,84 €","2,55 €/L"
Iogurte ananás 000%,PorSi Viva Bem,Embalagem de 4 x 125 g,"0,99 €","1,32 €/Kg"
Batata Pré-Frita Croquettes,PorSi,Embalagem de 1 kg,"2,39 €","3,98 €/Kg"
Escova plástica (cores sortidas),PorSi,1 unidade,"0,89 €","0,89 €/Unidade"
Loção tónica para pele seca,Labell,Embalagem de 250 ml,"0,76 €","0,76 €/Unidade"
Pipocas coloridas,Orcape,Embalagem de 100g,"0,79 €","7,90 €/Kg"
Vinho tinto doc dão,Cabriz,Garrafa de 0.75 l,"7,49 €","9,99 €/L"
Óleo alimentar,Vêgê,Embalagem de 1 l,"3,39 €","3,39 €/L"
Piripiri grão,PorSi,Saqueta de 20 g,"0,25 €","0,25 €/Kg"
Sopa rabo de boi económica,Knorr,Embalagem de 60g,"0,84 €","13,55 €/Kg"
"Bolachas relieve, mel e coco",PorSi,Embalagem de 700g,"2,82 €","9,40 €/Kg"
Ambientador spray pure flor de cerejeira,PorSi,250 ml,"6,99 €","27,96 €/L"
Fiambre da Perna Extra,PorSi,1 un = 150 gr (aprox.),"0,97 €","6,49 €/Kg"
"Espuma de cabelo, volume absoluto",Pantene,Embalagem de 200 ml,"5,99 €","39,93 €/L"
Vaso Tulipa,Gratta,Diâm.: 16 cm,"3,19 €","3,19 €/Unidade"
Manteiga com sal cuvete,LORETO,Embalagem de 250g,"1,69 €","6,76 €/Kg"
Doce light morango,PorSi,Embalagem de 340g,"3,59 €","10,26 €/Kg"
Cubos de tamboril,Mar Ibérica,Embalagem de 250 g,"4,39 €","10,98 €/Kg"
Kit de viagem,Colgate,pasta dentífrica + escova,"4,99 €","4,99 €/Unidade"
Bolachas cereais e pepitas de chocolate,PorSi,Embalagem de 400 g,"0,90 €","6,00 €/Kg"
Pudim de chocolate,Boca Doce,Embalagem de 20g,"0,59 €","29,50 €/Kg"
Iogurte mix-in smarties baunilha,Nestle,Embalagem de 2 x 128 g,"1,05 €","1,86 €/L"
15 douradinhos,Capitão Iglo,Embalagem de 420g,"2,99 €","9,97 €/Kg"
Moscatel de setúbal,Pioneiro,Garrafa de 750 ml,"7,49 €","10,70 €/L"
Vinho Regional de Lisboa Branco,Mundus,"Garrafa de 0,75L","2,09 €","2,79 €/L"
Leite 0% lactose meio gordo,Mimosa,Embalagem de 200 ml,"0,99 €","0,99 €/L"
Caderno de desenho A4,PorSi,24 folhas,"0,89 €","0,89 €/Unidade"
Vinho do Porto Tawny,Velhotes,"garrafa de 0,75 l","6,29 €","8,39 €/L"
2 Toalhas de bidé,PorSi,30 x 50 cm,"12,00 €/Unidade","12,00 €/Unidade"
Perolas perfumadas floral,PorSi,Embalagem de 275 g,"8,59 €","2,00 €/L"
Abrasivo wc gel ecologico,PorSi,Garrafa de 1 l,"0,99 €","0,99 €/L"
Cereais corn flakes s/ glúten,Nestle,Embalagem de 380g,"3,99 €","7,98 €/Kg"
Sal marinho grosso,Vatel,Embalagem de 1 kg,"0,25 €","0,25 €/Kg"
Nutella,Nutella,Embalagem de 700g,"4,19 €","12,32 €/Kg"
Vinho rosé,Mateus,Garrafa de 750 ml,"3,99 €","5,32 €/L"
Sumo essencial kids,Compal,pack 3 x 0.11 l,"2,29 €","6,94 €/L"
Cogumelos fatiados,PorSi,Embalagem de 400g,"1,49 €","1,49 €/Kg"
Guache,Giotto,6 x 7.5 ml,"3,09 €","3,09 €/Unidade"
"Salsa em folhas, pacote",Margao,Embalagem de 10g,"0,25 €","0,25 €/Kg"
Cebola picada em pacote,PorSi,Embalagem de 40 g,"0,25 €","0,25 €/Kg"
Vela com número nº 6,PorSi,1 unidade,"0,60 €","0,60 €/Unidade"
Faca para Churrasco 11 cm Inox,PorSi,1 unidade,"5,99 €","5,99 €/Unidade"
Leite Meio Gordo sem Lactose,Mimosa,Pack 4 x 200 ml,"0,99 €","0,99 €/L"
Borracha para lápis e tinta,Domédia,1 unidade,"3,09 €","3,09 €/Unidade"
Néctar de pera rocha e framboesa do Oeste Algarve,Compal,1 litro,"0,99 €","0,99 €/L"
