Nome,Marca,Unidade,Preço Primário,Preço Secundário
Saqueta de puré de fruta | maçã + banana + morango,PorSi,90 g,"0,74 €","8,22 €/Kg"
"Fita apanha moscas, com 4 unidades",Neokill,4 unidades,"5,09 €","8,48 €/L"
Chourição,Salsicharia Limiana,1 un = 100 gr (aprox.),"1,35 €","16,88 €/Kg"
Vinho tinto regional península de setúbal,Q.camarate,Garrafa de 0.75 l,"8,59 €","11,45 €/L"
Cenoura Granel,Legumes do Dia,1 un = 100 gr (aprox.),"0,10 €","0,95 €/Kg"
Coentros,Vitacress,embalagem de 40 g,"1,19 €","39,67 €/Kg"
Iogurte infantil c/ drageias coloridas,PorSi,140 g,"1,05 €","1,86 €/L"
Gel desinfetante casa de banho,Sonasol,Embalagem de 1.25 litros,"2,79 €","3,99 €/L"
"Queijo light, 8 porções",A Vaca Que Ri,Embalagem de 140 g,"2,39 €","19,92 €/Kg"
Vinho doc douro tinto,Papa Figos,Garrafa de 0.75 l,"7,49 €","9,99 €/L"
Cebolinho,PorSi,Embalagem de 50g,"0,99 €","19,80 €/Kg"
10 nuggets de frango,Capitão Iglo,Embalagem de 210g,"2,79 €","8,72 €/Kg"
Ambientador sense e spray lavanda e jasmim,Glade,18 ml,"3,74 €","3,74 €/Unidade"
"Coloração permanente, castanho claro cobre nº54",Nutrisse,1 unidade,"9,49 €/Unidade","9,49 €/Unidade"
Salsichas frasco hot dog,PorSi,Embalagem 540G,"0,75 €","3,75 €/Kg"
Queijo de nisa dop,PorSi Select,1 unidade = 280g (aprox.),"2,87 €","15,94 €/Kg"
Salsichão fuet nobreza,Elpozo,Embalagem de 200 g,"1,35 €","16,88 €/Kg"
Chocolate negro l'atelier com avelãs,Nestle,195 g,"16,67 €/Kg","16,67 €/Kg"
Vinho branco regional península de setúbal,Joao pires,Garrafa de 0.75 l,"8,59 €","11,45 €/L"
Queijo de cabra,Palhais,Embalagem de 200g,"1,89 €","10,50 €/Kg"
Vinho regional lisboa tinto reserva,Critterium,Garrafa de 0.75 l,"3,99 €","5,32 €/L"
Arroz Carolino,Saludães,Embalagem de 1 kg,"0,99 €","0,99 €/Kg"
Filetes de cavala em azeite virgem extra,Bom Petisco,Embalagem de 120g,"0,89 €","7,42 €/Kg"
Compasso Origin 3 peças,Maped,Uma embalagem,"4,79 €","4,79 €/Unidade"
Queijo Comté Le Montarlier,President,Embalagem de 225 g,"1,49 €","7,45 €/Kg"
30 cápsulas super rendimento,PLANTANATU,Embalagem de 1 unidades,"9,69 €","9,69 €/Unidade"
"Azeitonas pretas sem caroço, frasco de 165 g",PorSi,Embalagem de 165g,"1,79 €","2,29 €/Kg"
Collant opac microfibra preto 60D,PorSi,Tamanho: xl,"1,89 €/Unidade","1,89 €/Unidade"
Vinho tinto cotes du rhone,Expert Club,Garrafa de 75 cl,"6,89 €","9,19 €/L"
"Espuma de cabelo, volume absoluto",Pantene,Embalagem de 200 ml,"4,39 €","58,53 €/L"
Ice tea de pêssego,PorSi,Garrafa de 2 l,"1,14 €","0,76 €/L"
"Creme Hidratante de Dia, pele normal",Bioten,Embalagem de 50 ml,"2,99 €","59,80 €/L"
Chá de menta e eucalipto,Lipton,20 saquetas,"44,50 €/Kg","44,50 €/Kg"
Gelatina zero % pêssego,Koala,Embalagem de 130g,"0,85 €","2,13 €/Kg"
Wafers framboesa barras,Vieira,Embalagem de 150g,"0,98 €","4,67 €/Kg"
Mistura solúvel tofina despertar,Nestle,Embalagem de 200g,"0,99 €","3,96 €/Kg"
Álcool canforado 85%,PorSi,Embalagem de 250 ml,"1,69 €","1,69 €/Unidade"
Chourico vinho das beiras,PorSi,Embalagem de 280g,"1,22 €","6,78 €/Kg"
"Gel cabelo, hard cement",Fru style,Embalagem de 200 ml,"4,39 €","58,53 €/L"
Bala spray,Redex,Embalagem de 400 ml,"3,99 €","0,80 €/L"
Queijo brie cunhas 60%,President,Embalagem de 200 g,"1,49 €","7,45 €/Kg"
Sacos do lixo wc 5 litros,PorSi,30 sacos,"1,79 €","1,79 €/Unidade"
Gel Intimo,PorSi,Embalagem de 250 ml,"1,99 €","7,96 €/L"
Vinho do porto tawny,Cruz,"Garrafa de 0,75 l","16,99 €","22,65 €/L"
Vinho regional tejo 3 castas tinto,Fiuza,Garrafa de 750 ml,"3,99 €","5,32 €/L"
Lata de Brilho Preto,Búfalo,Embalagem de 75 ml,"0,99 €","19,80 €/L"
Cobertura de tartes,Vahine,Embalagem de 20g,"1,65 €","20,12 €/Kg"
Leite uht magro com rosca,PorSi,1 litro,"0,81 €","0,81 €/L"
Leite creme,Royal,Embalagem de 90g,"2,99 €","6,64 €/Kg"
Molho iogurte,PorSi,Garrafa de 285 ml,"0,70 €","2,33 €/Kg"
Patê figado de porco,La piara,Embalagem de 80g,"1,19 €","13,52 €/Kg"
Limpa fornos,PorSi,500 ml,"1,29 €","1,72 €/L"
Toucinho fumado extra,PorSi,Embalagem de 200 g,"1,99 €","9,95 €/Kg"
Choco limpo 10/30,Pescanova,Embalagem de 500g,"5,49 €","6,86 €/Kg"
Atum filete azeite biológico,Tenorio,Embalagem de 120g,"0,89 €","7,42 €/Kg"
Iogurte oikos natural,Danone,Embalagem de 4 x 110g,"1,49 €","2,98 €/Kg"
Gelatina de morango,Koala,Embalagem de 130g,"0,85 €","2,13 €/Kg"
Vinho DOC Trás-os-Montes Tinto,Terras de Mogadouro,750 ml,"7,49 €","9,99 €/L"
Bombons Caja Roja,Nestlé,Embalagem 400 g,"2,39 €","47,80 €/Kg"
Anti-traça Maçã Verde,Dum Dum,2 unidades,"5,99 €","176,18 €/Kg"
Ovos | Classe: M,Ovitae,24 unidades,"1,39 €","1,39 €/Unidade"
Mortadela de peru fatiada,PorSi,Embalagem de 200g,"1,05 €","6,99 €/Kg"
Queijo feta dop grego,Kolios,Embalagem de 200g,"7,45 €/Kg","7,45 €/Kg"
Queijo flamengo em fatias,Terra Nostra,Embalagem de 200g,"1,56 €","7,80 €/Kg"
Snack de milho com queijo,Cheetos,Embalagem de 75 g,"0,79 €","7,90 €/Kg"
Limpa injetores gasolina,PorSi,Embalagem de 250 ml,"14,99 €","14,99 €/L"
Folhado de Chocolate 60 g,PorSi,,"0,69 €","0,69 €/Unidade"
Profiteroles de nata,PorSi Select,Embalagem de 330 g,"2,49 €","7,55 €/Kg"
Refrigerante c/ gás zero s/ cafeína,Coca-Cola,pack 6 x 0.33 l,"0,40 €/L","0,40 €/L"
Crackers c/ sal superficie,GRAN PAVES,Embalagem de 250g,"0,39 €","3,12 €/Kg"
8 fantasias do mar,PorSi,Embalagem de 250g,"1,79 €","7,16 €/Kg"
12 Caldos de carne,PorSi,Embalagem de 127 g,"3,84 €","24,00 €/Kg"
Queijo Ralado Mozzarella,Galbani,Embalagem de 150 g,"7,45 €/Kg","7,45 €/Kg"
Pastilhas bubblicious,Bubbliciou,Embalagem de 70g,"1,29 €","18,43 €/Kg"
Queijo ilha ralado,Valformoso,Embalagem de 150g,"7,45 €/Kg","7,45 €/Kg"
Couve flor,PorSi,Embalagem de 750 kg,"1,89 €","1,89 €/Kg"
Mix cogumelos para carne,*,200 g,"1,00 €","4,99 €/Kg"
Iogurte mix-in smarties morango,Nestle,Embalagem de 2 x 128 g,"1,05 €","1,86 €/L"
Vegalia especialidade vegetariana de soja,Nobre,Lata com 8 unidades,"2,09 €","8,36 €/Kg"
Bolacha de manteiga belga original,Saborosa,Embalagem de 220g,"1,69 €","6,76 €/Kg"
Gelatina melancia 10kcal 31g,Royal,Embalagem de 30g,"0,55 €","61,11 €/Kg"
Bolachas Biscoff,Lotus,Embalagem de 250g,"1,69 €","6,76 €/Kg"
Lambrusco rose,*,Garrafa de 750 ml,"1,99 €","2,65 €/L"
Esterilizador 2 em 1 - Frio e Microondas,Neo Baby,1 unidade,"16,99 €","16,99 €/Unidade"
Leite uht sem lactose magro,PorSi Viva Bem,1 litro,"2,19 €","2,19 €/L"
Recargas ambientador elétrico sensual sandalwood & j...,Glade,Embalagem de 2 x 20 ml,"11,98 €","11,98 €/Unidade"
Vinagre de vinho tinto,PorSi,Garrafa de 500 ml,"0,35 €","0,70 €/L"
Anéis Empilháveis,Baby Clementoni,1 unidade,"12,99 €/Unidade","12,99 €/Unidade"
Gel WC Desincustrante,Neoblanc,Embalagem de 700 ml,"2,79 €","3,99 €/L"
Bebida energética ultra white,Monster,Garrafa de 500 ml,"5,96 €","5,96 €/L"
Toalhitas multiusos limão,PorSi,Embalagem de 80 unidades,"1,79 €","1,79 €/Unidade"
Tomate frito,Heinz,Embalagem de 350g,"3,84 €","24,00 €/Kg"
Creme abrasivo pink flowers,Cif,Garrafa de 700 ml,"0,99 €","1,32 €/L"
"Pimenta preta, moída, em frasco",PorSi,Embalagem de 43 g,"0,25 €","0,25 €/Kg"
Bolacha filipinos chocolate de leite,Artiach,Embalagem de 140g,"0,79 €","5,27 €/Kg"
Camarão Tigre 20/30 Congelado,Nossa seleção,,"2,00 €","7,99 €/Kg"
Fatias vegetarianas c/ ervas mediterrâneas,Nobre,Embalagem de 100g,"3,35 €","22,33 €/Kg"
Robalo de Viveiro,Programa Origens,1 un= 400 gr (aprox.),"4,80 €","11,99 €/Kg"
Redex magic spray,Redex,Embalagem de 300 ml,"3,99 €","0,80 €/L"
Condicionador cabelos loiros,Ultra Suave,Embalagem de 200 ml,"1,59 €","7,95 €/L"
Vinagre de sidra,Cristal,Garrafa de 500 ml,"0,35 €","0,70 €/L"
Fita corretora mini pocket mouse,Tipp-Ex/Bic,embalagem com 2 unid. + 1 unid. grátis,"2,79 €","2,79 €/Unidade"
Longa vida morango tu banana coco 8x120,Longa vida,Embalagem de 960g,"1,87 €","1,25 €/Kg"
Água com gás,Castello,24 x 25 cl,"2,85 €","2,85 €/L"
Alimento húmido para cão borrego,Pedigree,Embalagem de 300g,"0,75 €","2,50 €/Kg"
Achocolatado em Pó,Suchard,Embalagem de 500g,"5,39 €","7,19 €/Kg"
Bolachas com cobertura de chocolate de leite,Oreo,Embalagem de 250g,"0,79 €","4,49 €/Kg"
Nutella,Nutella,Embalagem de 700g,"4,29 €","12,62 €/Kg"
Infusão de camomila,Tetley,Embalagem de 10g,"85,00 €/Kg","85,00 €/Kg"
Refrigerante c/ gás ananás,Sumol,pack 4 x 1.25 l,"0,40 €/L","0,40 €/L"
Limpa carpetes,PorSi,Embalagem de 1 litro,"1,79 €","2,39 €/L"
Noodle banzai galinha,Cigala,Embalagem de 70g,"0,89 €","1,78 €/Kg"
Puzzle Canal Panda,Olivo,60 peças,"34,99 €","34,99 €/Unidade"
Peito de frango fatias finas,Nobre,Embalagem de 110g,"2,25 €","11,25 €/Kg"
Topping de morango,Winsenia,Embalagem de 300g,"1,29 €","3,23 €/Kg"
Cerveja sagres,Sagres,20 x 0.25 l,"1,99 €/L","1,99 €/L"
"Vinho Alentejo, Private Collection, Tinto",Selecção de Enófilos,Garrafa de 0.75 l,"8,59 €","11,45 €/L"
Chá preto,Tetley,Embalagem de 30g,"41,67 €/Kg","41,67 €/Kg"
Caldo verde sem batata,PorSi Viva Bem,Embalagem de 400 g,"1,99 €","2,49 €/Kg"
Meloa Canteloupe,Fruta do Dia,1un=800 g (aprox.),"1,00 €","3,99 €/Kg"
Empadão de carne,PorSi,Embalagem de 1 kg,"3,53 €","8,83 €/Kg"
Mel em frasco de vidro,PorSi,Embalagem de 250g,"4,89 €","9,78 €/Kg"
Pizza casa di mama salame 380g,Dr. Oetker,Embalagem de 390g,"2,16 €","6,17 €/Kg"
Creme para calçado castanho,PorSi,50 ml,"0,99 €","19,80 €/L"
28 mini bolinhas bacalhau,PorSi,Embalagem de 300 g,"1,79 €","7,16 €/Kg"
"Pasta dentífrica, dentes/gensivas sensitive",Labell,Embalagem de 75 ml,"2,55 €","34,00 €/L"
Quad racy pink 6v,Feber,1 un.,"99,99 €/Unidade","99,99 €/Unidade"
Pedras limão,P.salgadas,Garrafa de 1 l,"2,85 €","2,85 €/L"
Cadeira Auto Cosmo Grupo 0/1/2,Nania,unidade,"42,99 €","42,99 €/Unidade"
Máquina Depilatória Descartável Twin Lady,Bic,Embalagem com 10 un.,"5,49 €","5,49 €/Unidade"
The famous grouse ruby cask 700ml/1,F.grouse,Garrafa de 700 ml,"11,49 €","16,41 €/L"
Flocos de aveia finos bio 400g,Seara,Embalagem de 400g,"0,69 €","1,73 €/Kg"
Gomas brilho,PorSi,Embalagem de 300 g,"1,19 €","3,97 €/Kg"
10 nuggets de frango com cereais integrais,Capitão Iglo,Embalagem de 208 g,"2,79 €","8,72 €/Kg"
Iogurte naturea natural,PorSi,Embalagem de 4 x 125 g,"0,65 €","1,30 €/Kg"
"Alimento para peixe, animin goldfish food",Tetra,Garrafa de 250 ml,"11,49 €","45,96 €/L"
Vinho tinto doc douro,VILA REAL,Garrafa de 750 ml,"7,49 €","9,99 €/L"
Moscatel de setúbal,Dom Campos,Garrafa de 750 ml,"5,99 €","7,99 €/L"
Guardanapos brancos 30x30 cm,PorSi,Embalagem com 100 unidades,"1,29 €","1,29 €/Unidade"
"Queijo light, 16 unidades",A Vaca Que Ri,Embalagem de 280g,"2,39 €","19,92 €/Kg"
Chocolate em pó Starbucks 42% cacau,STARBUCKS,Embalagem de 330g,"5,39 €","7,19 €/Kg"
Chocolate sombrinhas,Regina,Embalagem de 15 g,"18,50 €/Kg","18,50 €/Kg"
Fralda de Incontinência c/ Elásticos Tamanho Grande,Lindor,Embalagem de 46 un.,"9,99 €","9,99 €/Unidade"
Paloco desfiado,PorSi,Embalagem de 500 g,"4,39 €","10,98 €/Kg"
8 rissóis de carne,PorSi,Embalagem de 300g,"1,79 €","7,16 €/Kg"
Lindahls pro+ liq tropical,Lindahls,Garrafa de 330 ml,"1,19 €","1,86 €/Kg"
Bolachinhas,Cerelac,Embalagem de 180g,"1,89 €","15,75 €/Kg"
20 saquetas infusão camomila,Lipton,Embalagem de 10g,"20,91 €/Kg","20,91 €/Kg"
Óleo de coco extra virgem,Koala,Garrafa de 180 ml,"3,39 €/L","3,39 €/L"
Preparado de bolo de canela,PorSi,500 g,"1,69 €","8,45 €/L"
Elixir junior,Aquafresh,Embalagem de 300 ml,"1,19 €","1,19 €/Unidade"
"Cerveja sem álcool, tara perdida",Super Bock,Pack 6 X 0.33 L,"5,99 €","3,03 €/L"
Infusão de tília,PorSi,Embalagem de 30g,"20,91 €/Kg","20,91 €/Kg"
Chocolate culinário,Pantagruel,Embalagem de 200g,"1,04 €","8,32 €/Kg"
Caderno Agrafado Capa Preta |A5 Liso,Domédia,1 unidade,"4,59 €","4,59 €/Unidade"
Tira nódoas em spray,Skip,Embalagem de 500 ml,"5,99 €","11,98 €/L"
Lindahls pro+ liq tropical,Lindahls,Garrafa de 330 ml,"5,97 €/Kg","5,97 €/Kg"
"Elixir bocal, dentes e gengivas",Listerine,Embalagem de 250 ml,"5,99 €","11,98 €/L"
Máscara Exfoliante Vermelha,L' Oreal,Embalagem de 50 ml,"0,76 €","0,76 €/Unidade"
Fralda de Incontinência c/ Elásticos Tamanho Médio,Lindor,Embalagem de 52 un.,"9,99 €","9,99 €/Unidade"
"Iogurte actimel, morango",Danone,Embalagem de 12 x 100 g,"4,15 €/Kg","4,15 €/Kg"
"Guardanapos gold, com cor, folha dupla, 40x40cm, 40 ...",Renova,1 embalagem,"1,29 €","1,29 €/Unidade"
Alimento lácteo sem açucar com sabor a morango/banan...,Yogolino,Embalagem de 4 x 100 gr,"2,89 €","7,23 €/Kg"
Nuggets de frango,PorSi,Embalagem de 360 g,"9,30 €/Kg","9,30 €/Kg"
Liquido brilhante sapato preto,PorSi,75 ml,"0,99 €","330,00 €/Kg"
Mousse d´or,Du Bois de la Roche,Embalagem de 200 g,"0,69 €","3,45 €/Kg"
"M&m's drageias de chocolate de leite,",M&m's,Embalagem de 200g,"11,98 €/Kg","11,98 €/Kg"
Farinheira do Ribatejo,PorSi,Embalagem de 180g,"1,49 €","7,45 €/Kg"
Yaos magro natural,Nestle,Embalagem de 4x110g,"1,49 €","2,98 €/Kg"
Fruta para bebé multifrutas +4 meses,Nestle,Embalagem de 90g,"0,74 €","8,22 €/Kg"
Aguardente Bagaceira Velha,CASAL DE VALLE PRADINHOS,"Garrafa 0,70 L","12,90 €","18,43 €/L"
Bolachas chiquilin energy,Artiach,Embalagem de 200g,"1,69 €","6,76 €/Kg"
Telemóvel Vibra e Capta,Chicco,1 unidade,"14,99 €/Unidade","14,99 €/Unidade"
Pudim de ananás,Boca Doce,Embalagem de 20g,"0,59 €","29,50 €/Kg"
Desinfetante em gel c/ lixívia,Cif,Garrafa de 750 ml,"2,79 €","3,99 €/L"
Refrigerante de cola zero,PorSi,Garrafa de 2 l,"0,40 €/L","0,40 €/L"
Petit gateau morango 4x80g,PorSi,Embalagem de 320g,"2,49 €","7,55 €/Kg"
Comida húmida para cão de frango e arroz,PorSi,Lata de 400 g,"0,75 €","2,50 €/Kg"
Bebida amêndoa torrada sem açúcar,Alpro,Embalagem de 1 litro,"2,49 €","2,49 €/L"
6 tulipas chocolate,Progelcone,Embalagem de 148 g,"2,82 €","9,40 €/Kg"
Nestlé tablete de chocolate negro e amendoa,Nestle,Embalagem de 270g,"16,67 €/Kg","16,67 €/Kg"
Costeleta do cachaço,Porco,Embalagem com 500 g (aprox.),"4,89 €","4,89 €/Kg"
Detergente manual roupa,PorSi,Embalagem de 650g,"1,09 €","2,73 €/Kg"
"Refrigerante com gás, laranja, lata",Fanta,pack 6 x 0.33 l,"0,40 €/L","0,40 €/L"
"Refresco em pó, manga",PorSi,Embalagem de 40g,"0,75 €","18,75 €/Kg"
Bolachas com duplo creme,Oreo,Embalagem de 190g,"0,79 €","4,49 €/Kg"
Detergente líquido baby,A+,24 doses,"3,55 €","2,37 €/L"
Porto lágrima,Ferreira,Garrafa 0.75L,"11,99 €","15,99 €/L"
Azeite virgem extra clássico,Gallo,Garrafa de 750 ml,"3,19 €","4,25 €/L"
Lâmpada LED Cápsula 2.8W G9 220-240V,Domédia,1 un.,"3,99 €","3,99 €/Unidade"
Batata pré-frita palitos finos,PorSi,Embalagem de 1 kg,"1,39 €","1,39 €/Kg"
Refrigerante c/ gás de laranja zero,Fanta,"Garrafa de 1,5 l","0,40 €/L","0,40 €/L"
Sumo 100% laranja,PorSi,Pack 3 x 200 ml,"1,09 €","0,73 €/L"
Barras cereais chocapic,Nestle,Embalagem de 150g,"1,29 €","10,24 €/Kg"
Limpa móveis cera abelhas,PorSi,Frasco de 300ml,"4,39 €","14,63 €/L"
Ambientador Arbre Baunilha,Arbre Magique,3 unidade,"2,89 €","2,89 €/Unidade"
Champanhe tradicional bruto,Delagne&fi,Garrafa de 750 ml,"19,99 €","26,65 €/L"
Café moagem universal brasil,Delta,Embalagem de 220g,"9,16 €/Kg","9,16 €/Kg"
Canela em pau,PorSi,Saqueta de 30 g,"0,25 €","0,25 €/Kg"
Cerveja c/ álcool mini,Super Bock,Pack 15 x 0.20 L,"1,99 €/L","1,99 €/L"
Farinha láctea 5 frutos,PorSi,Embalagem de 500g,"4,49 €","4,49 €/Kg"
Cuecas de incontinência Plus M,Ausonia,Uma embalagem - 9Unidades,"9,99 €","9,99 €/Unidade"
"Recarga Espanador, 10 unidades",Swiffer,Uma embalagem,"2,54 €","2,54 €/Unidade"
Sidra frutos vermelhos,Somersby,pack 4 x 0.33 l,"1,59 €","3,18 €/L"
Miolo de camarão 50/70,H2Gelo,Embalagem de 250  g,"8,99 €","25,69 €/Kg"
Alimento seco p/ cão raça pequena,PorSi Select,Embalagem de 3kg,"1,15 €/Kg","1,15 €/Kg"
Limpa Estofos de Pele,PorSi,Embalagem de 1 l,"3,99 €","0,80 €/L"
Barras de cereais fitness crunchy & caramelo,Nestle,Embalagem de 140g,"1,29 €","10,24 €/Kg"
"Fitness granola chocolate, amêndoas e quinoa com 51%...",Nestle,Embalagem de 300 g,"3,45 €","26,74 €/Kg"
Azeite virgem extra dop trás-os-montes,PorSi Select,Embalagem 750 ml,"3,19 €","4,25 €/L"
Café solúvel creme,Delta,Embalagem de 80 g,"14,50 €/Kg","14,50 €/Kg"
Marmelada sem conservantes,PorSi,Embalagem de 500g,"1,09 €","2,42 €/Kg"
Gin dry beefeater,Beefeater,Garrafa de 700 ml,"19,90 €","19,90 €/L"
Esfregão Power Inox,Vileda,2 unidades,"2,54 €","2,54 €/Unidade"
Confetis 80 gr sortido,Mercagranel,Embalagem de 80 gr,"0,54 €","0,54 €/Unidade"
"Farinha láctea 8 cereais, mel, 4 frutas",Nutriben,Embalagem de 300g,"4,49 €","4,49 €/Kg"
Bolachas waffers morango,PorSi,Embalagem de 210g,"0,98 €","4,67 €/Kg"
Piccolinis frankfurt,Buitoni,Embalagem de 270g,"2,16 €","6,17 €/Kg"
Pensos higiénicos liberty normal sem abas,Evax,Embalagem com 12 un.,"4,99 €","4,99 €/Unidade"
Na-esparguete bio 500g 10kg,Nacional,Embalagem de 500g,"0,89 €","1,78 €/Kg"
Atum posta em azeite,PorSi,Embalagem de 120g,"0,89 €","7,42 €/Kg"
Nuggets de frango grelhadinho,Capitão Iglo,Embalagem de 200g,"9,30 €/Kg","9,30 €/Kg"
Ambientador recarga oasis turquesa,Air Wick,Garrafa de 250 ml,"11,98 €","11,98 €/Unidade"
Amaciador concentrado para roupa aloé vera,PorSi,80 doses,"3,99 €","3,99 €/Unidade"
Sementes Abóbora Bio,Origens Bio,1 Embalagem 150G,"1,89 €","3,78 €/Kg"
Pera rocha categoria II Programa Origens,PorSi,Embalagem de 1.5 kg,"1,30 €/Kg","1,30 €/Kg"
Bambolitos pretos,PorSi,Embalagem de 150g,"0,79 €","5,27 €/Kg"
Couscous comespeciarias 4x125g,PorSi,Embalagem de 500g,"0,89 €","1,78 €/Kg"
Vmt reg alentejano 0.75l,T.xisto,Garrafa de 750 ml,"2,89 €","3,85 €/L"
"Lixívia para roupa, azul, tradicional",Neoblanc,Embalagem de 1 l,"1,74 €","0,35 €/L"
Salmão da escócia fumado,Martiko,Embalagem de 80g,"3,35 €","22,33 €/Kg"
Refeição Bio Puré de Ervilhas c/ batata e frango,Gerber,Embalagem de 190g,"1,89 €","9,95 €/Kg"
Lava tudo antibacteriano marinho,PorSi,Garrafa de 1.5 l,"0,99 €","0,50 €/L"
Bolo Brigadeiro 800 g,Pastelaria do Dia,,"8,99 €","11,24 €/Kg"
50 nuggets de frango,Capitão Iglo,Embalagem de 1042g,"2,79 €","8,72 €/Kg"
Refrigerante com gás de laranja,Sumol,"Garrafa de 1,25 l","0,40 €/L","0,40 €/L"
"Batata frita, multipack",Ruffles,Embalagem de 180g,"1,06 €","5,73 €/Kg"
Difusor,Anilar,Fragrância + Vela,"9,99 €","9,99 €/Unidade"
Biscottina com alho e salsa,RUSTICA,Embalagem de 100 g,"2,39 €","6,83 €/Kg"
"Espuma cabelo, wet shine",Fru style,Embalagem de 200 ml,"4,39 €","58,53 €/L"
Caramelos de fruta,Penha,Embalagem de 250 g,"1,10 €","4,40 €/Kg"
Abóbora Butternut,Legumes do Dia,1 un= 1 kg (aprox.),"0,10 €","0,95 €/Kg"
Spray lixívia e higiene,Cillitbang,Garrafa de 500 ml,"1,19 €","0,79 €/L"
"Pilha alcalina, hightech lr03x4",Domédia,1 unidade,"2,99 €","2,99 €/Unidade"
Miolo de amêndoa sem pele inteira,PorSi,200 g,"0,79 €","3,95 €/Kg"
Gelatina ananás 8 kcal,PorSi,Embalagem de 4 x 100 g,"0,85 €","2,13 €/Kg"
Vinho Regional de Lisboa Branco,Mundus,"Garrafa de 0,75L","1,99 €","2,65 €/L"
Coloração Permanente Castanho Chocolate |3.65,Palette,,"9,49 €/Unidade","9,49 €/Unidade"
Esfregona premium 2 em 1 completa,Vileda,1 un.,"0,89 €","0,89 €/Unidade"
Lava Tudo Perfumado Herbal,PorSi,Embalagem de 2 l,"0,99 €","0,50 €/L"
Presunto fatiado 6 meses,PorSi,Embalagem de 140 g,"2,79 €","13,95 €/Kg"
Vinho maduro branco,Leziria,Garrafa de 5 l,"5,19 €","1,04 €/L"
"Croissants com recheio de cacau, 5 unidades",Dulcesol,Embalagem de 230g,"2,05 €","5,13 €/Kg"
Iogurte líquido morango / framboesa corpos danone,Danone,Embalagem de 4 x 155 g,"1,19 €","1,86 €/Kg"
Tablete de chocolate culinário 70% negro,PorSi,Embalagem de 200 g,"1,04 €","8,32 €/Kg"
Limpa Estofos de Tecido,PorSi,Embalagem de 1 l,"3,99 €","0,80 €/L"
Vinho do porto lágrima branco,R.pinto,Garrafa de 750 ml,"11,99 €","15,99 €/L"
Pensos Higiénicos Fina e Segura Normal,Evax,Embalagem c/ 24 Unidades,"4,99 €","4,99 €/Unidade"
Favas ultracongeladas,PorSi,Embalagem de 1 kg,"1,89 €","1,89 €/Kg"
Cera Depilatória,Veet,Embalagem de 250 ml,"3,51 €","3,51 €/Unidade"
Danacol aveia,Danone,Embalagem de 6 x 100 g,"4,15 €/Kg","4,15 €/Kg"
"Creme revitalizante, noite",L'oreal,Embalagem de 50 ml,"2,99 €","59,80 €/L"
Batata palito forno express,MCCAIN,Embalagem de 500g,"1,39 €","1,39 €/Kg"
"Tira gorduras, pistola",Kh 7,Garrafa de 750 ml,"4,89 €","6,52 €/L"
Yofu soja e manga sem açúcar adicionado,Alpro,Embalagem de 400g,"3,29 €","6,58 €/Kg"
Spray limpeza fornos e grelhas,PorSi,500 ml,"1,29 €","1,72 €/L"
Néctar pera,PorSi,Embalagem de 1 l,"0,99 €","0,99 €/L"
Massa de macarrão grande estriado,PorSi,Embalagem de 500g,"0,89 €","1,78 €/Kg"
Cerveja com álcool,Corona,"Embalagem de 6x0,355L","1,99 €/L","1,99 €/L"
Fralda cueca T6 - 16 a 22 kg,PorSi,18 unidades,"8,49 €","8,49 €/Unidade"
Snack Delight XS,8in1,embalagem de 84g,"5,58 €/Kg","5,58 €/Kg"
Creme de cacau com avelã bio,Prisca,Embalagem de 400 g,"4,29 €","12,62 €/Kg"
Vinho do porto dona antónia reserva branco,Ferreira,Garrafa de 0.75 l,"11,99 €","15,99 €/L"
Bolacha maria de chocolate,Cuetara,Embalagem de 265g,"2,11 €/Kg","2,11 €/Kg"
Borracha para desenho técnico,Domédia,1 unidade,"3,09 €","3,09 €/Unidade"
Biscoitos canudinho simples,PorSi,Embalagem de 300g,"2,82 €","9,40 €/Kg"
Pasta dentífrica menta fresca,Aquafresh,Embalagem de 75 ml,"2,55 €","34,00 €/L"
Alimento lácteo morango +8 meses,Yogolino,Embalagem de 4 x 100 g,"2,89 €","7,23 €/Kg"
Moscatel de setúbal,Selecção de Enófilos,"Garrafa de 0,75 l","5,99 €","7,99 €/L"
Toalhitas básico,Dodot,embalagem com 54 unidades,"1,09 €/Unidade","1,09 €/Unidade"
Feijão preto cozido,PorSi,Embalagem de 420 g,"1,79 €","2,29 €/Kg"
Espetadas,Porco,1 un = 150 gr (aprox.),"4,89 €","4,89 €/Kg"
"Cerveja com álcool, lata",Super Bock,Garrafa de 500 ml,"1,99 €/L","1,99 €/L"
Detergente Máquina Loiça Pastilhas All in 1 Extra Po...,Sun,76 pastilhas,"2,99 €","2,99 €/Unidade"
Chocolate em pó,Canderel,Embalagem de 250g,"5,39 €","7,19 €/Kg"
Fuet extra,Campofrio,Embalagem de 170g,"1,22 €","6,78 €/Kg"
Manga em calda,It.saveurs,Embalagem de 250g,"1,99 €","2,37 €/Kg"
Molas plásticas,PorSi,15 unidades,"0,89 €","0,89 €/Unidade"
Gelatina pronta a comer ananás,Royal,Embalagem de 4 x 100 g,"0,85 €","2,13 €/Kg"
Tartaro de Salmão Fumado,PorSi Select,Embalagem de 110 g,"3,35 €","22,33 €/Kg"
Loção hidratante,Baby Dove,Embalagem de 200 ml,"0,59 €","5,90 €/L"
Tesoura advanced green,Maped,21 cm,"2,19 €","109,50 €/L"
Atum posta em óleo,Bom petisc,Embalagem de 120 g,"0,89 €","7,42 €/Kg"
Esfregão Esponja Style,Vileda,10 unidade,"2,54 €","2,54 €/Unidade"
Arroz Thai Jasmim,PorSi,1 kg,"0,99 €","0,99 €/Kg"
Cone chocolate,PorSi,Embalagem de 6 x 120 ml,"5,99 €","16,64 €/L"
Tapetes educativos p/ cães/gatos 60x60cm,PorSi,20 unidades,"8,75 €","8,75 €/Unidade"
Experiências Desafios Top,Odisseias,,"49,90 €","49,90 €/Unidade"
Bandas de Cera Depilatória Bikini,Veet,100ml + Bálsamo 50 Ml,"10,99 €","73,27 €/L"
Guardanapos com riscas rosa | Dim.: 33 x 33 cm,PorSi,Embalagem com 20 unidades,"1,29 €","1,29 €/Unidade"
Quadro magnético,Ambar Science,1 unidade,"6,20 €","6,20 €/Unidade"
Bolacha diet nature recheio iogurte,Gullon,Embalagem de 220g,"0,79 €","4,49 €/Kg"
Chá preto,Tetley,Embalagem de 20g,"41,67 €/Kg","41,67 €/Kg"
Alimento seco para cão alta energia,PorSi,Embalagem de 10kg,"1,15 €/Kg","1,15 €/Kg"
Mopa com cabo,PorSi,1 unidade,"2,20 €","2,20 €/Unidade"
Amaciador concentrado para roupa jojoba,PorSi,80 doses,"3,99 €","3,99 €/Unidade"
Posta pescada-do-cabo nº 5 para cozer,PorSi,Embalagem de 800 g,"4,39 €","10,98 €/Kg"
Vela com número nº 8,PorSi,1 unidade,"0,60 €","0,60 €/Unidade"
Hummus Caril Açafrão c/ Azeite Virgem Extra 100% Nat...,SONATURAL,Embalagem de 200g,"1,99 €","2,49 €/Kg"
Spray pedras,Cif,435 ml,"1,79 €","2,39 €/L"
Ambientador vela duo exotic baunilha,Air Wick,Embalagem de 210g,"9,49 €","45,19 €/Kg"
Tablete de chocolate leite com avelã,PorSi Select,200 g,"10,52 €/Kg","10,52 €/Kg"
Aroma baunilha fr.plast.200ml,Vahine,Garrafa de 200 ml,"1,65 €","20,12 €/Kg"
12 pastéis de bacalhau,PorSi,Embalagem de 300 g,"1,79 €","7,16 €/Kg"
Sobremesa gelificada de laranja,PorSi,Embalagem de 4x100g,"0,85 €","2,13 €/Kg"
Caldo de galinha 8 cubos,Knorr,Embalagem de 80g,"3,84 €","24,00 €/Kg"
Bocadelia de caranguejo,La piara,Embalagem de 170g,"1,19 €","13,52 €/Kg"
Gel Play Morango,Durex,Embalagem de 50 ml,"4,99 €","4,99 €/Unidade"
Bolacha vitalday aveia e chocolate,Gullon,Embalagem de 240g,"2,82 €","9,40 €/Kg"
Coloração Permanente Louro Escuro |6,Palette,,"9,49 €/Unidade","9,49 €/Unidade"
Café torrado 5 estrelas moagem grossa,Sical,Embalagem de 250g,"9,16 €/Kg","9,16 €/Kg"
Fralda Cueca de Banho 7 a 15 kg,Huggies,Embalagem com 12 un.,"8,49 €","8,49 €/Unidade"
Leite corporal,Nivea,Embalagem de 400 ml,"12,48 €/L","12,48 €/L"
Chá de maçã e canela,Tetley,Embalagem de 20g,"44,50 €/Kg","44,50 €/Kg"
Sumo s/ gás manga/cenoura,Santal,"Garrafa de 1,5 l","1,14 €","0,76 €/L"
Batata Frita c/ Sal,Ruffles,Embalagem de 160 g,"1,06 €","5,73 €/Kg"
Chocolate cereali 4 barritas,Kinder,Embalagem de 940g,"18,50 €/Kg","18,50 €/Kg"
Super articulações,PLANTANATU,Embalagem de 1 unidades,"9,69 €","9,69 €/Unidade"
Maçã Golden 70/75,Fruta do Dia,1 un = 150 gr (aprox.),"1,30 €/Kg","1,30 €/Kg"
Salsichas frescas de porco,PorSi,Embalagem de 400 g,"0,69 €","6,89 €/Kg"
Esparregado de espinafres sem lactose,PorSi Viva Bem,Embalagem de 360 g,"2,49 €","8,30 €/Kg"
Néctar classico de ananás,Compal,Garrafa de 200 ml,"0,99 €","0,99 €/L"
Lata de Brilho Castanho,Búfalo,Embalagem de 75 ml,"0,99 €","19,80 €/L"
Loção para bebé pink,Johnson's Baby,500 ml,"0,59 €","5,90 €/L"
Vinho rosé,Lancers,Garrafa 0.75L,"4,29 €","5,72 €/L"
Massa de espirais,Nacional,Embalagem de 500g,"0,89 €","1,78 €/Kg"
Iogurte líquido pinacolada,PorSi,Embalagem de 4 x 160 g,"1,19 €","1,86 €/Kg"
Limpa vidros cristal recarga,Ajax,Embalagem de 500 ml,"3,19 €","6,38 €/L"
Película Aderente 60M,PorSi,1 unidade,"1,11 €","1,11 €/Unidade"
Vela com número nº 1,PorSi,1 unidade,"0,60 €","0,60 €/Unidade"
Collant licra 15d musk M,PorSi,Embalagem de 1 unidades,"1,89 €/Unidade","1,89 €/Unidade"
Pate picante 73gr.                ce *24,La piara,Embalagem de 70g,"1,19 €","13,52 €/Kg"
Lixívia Tradicional,PorSi,Embalagem de 5 l,"1,74 €","0,35 €/L"
Fermento padeiro 44g condi,Condi,Embalagem de 40g,"1,65 €","20,12 €/Kg"
Barra cereais nesquik delice,Nestle,Embalagem de 140g,"1,29 €","10,24 €/Kg"
Néctar light de laranja prisma,PorSi,Embalagem de 1 l,"0,84 €","2,55 €/L"
Chocolate signature starbucks,STARBUCKS,Embalagem de 220 ml,"3,19 €","25,52 €/Kg"
Café lote bocage grão,Nicola,Embalagem de 1 kg,"9,16 €/Kg","9,16 €/Kg"
Spray desinfetante casa de banho,Lysol,Embalagem de 500 ml,"1,79 €","2,39 €/L"
Café moagem universal timor,Delta,Embalagem de 220g,"9,16 €/Kg","9,16 €/Kg"
Creme hidratante para bebé,Pommette,Embalagem de 100 ml,"0,59 €","5,90 €/L"
Esferográfica Cristal Ouro e Prata x2,Bic,1 unidade,"2,79 €","2,79 €/Unidade"
Laboratório Mecânica Mars Rover,Clementoni,1 unidade,"6,20 €","6,20 €/Unidade"
Quinoa branca,PorSi Viva Bem,Embalagem de 200 g,"1,39 €","6,95 €/Kg"
Torta cacau com sabor a natas,PorSi,Embalagem de 300g,"2,05 €","5,13 €/Kg"
Drageias de chocolate single,MALTESERS,Embalagem de 40g,"11,98 €/Kg","11,98 €/Kg"
Creme fixação para dentaduras,Polident,Embalagem de 70 g,"7,39 €","105,57 €/Kg"
Corn flakes,PorSi,Embalagem de 1 kg,"1,49 €","2,98 €/Kg"
Bloco cartolinas brancas A3,Firmo,25 folhas,"4,59 €","4,59 €/Unidade"
"Queijo flamengo, bola quartos",Agros,Embalagem de 350g,"1,56 €","7,80 €/Kg"
Conjunto multiusos de cozinha,Jocca,1 unidade,"18,99 €","18,99 €/Unidade"
Cereais muesli goji e mirtilos,Quaker,Embalagem de 350g,"3,99 €","11,40 €/Kg"
Massa alimentícia spaghetti,Barilla,Embalagem de 500g,"0,93 €/Kg","0,93 €/Kg"
"Pensos diários, maxi, 40 unidades",Evax,Uma embalagem,"1,79 €","1,79 €/Unidade"
Azeite,Oliveira da Serra,Embalagem de 750 ml,"3,19 €","4,25 €/L"
Leite infantil 3+ anos sem lactose,Mimosa,Garrafa de 1 l,"0,26 €","1,30 €/L"
Manteiga magra meio sal,President,Embalagem de 250g,"1,69 €","6,76 €/Kg"
Bolacha de Manteiga Belga c/ Chocolate Branco,Saborosa,Embalagem de 198 g,"1,69 €","6,76 €/Kg"
Lixívia Densa + Squeeze Harmonias Florais,Neoblanc,Embalagem de 1 l,"1,74 €","0,35 €/L"
Salada de Marisco,Amarras,Embalagem de 700 g,"2,19 €","8,59 €/Kg"
Néctar vital equilibrio frutos vermelhos,Compal,Embalagem de 1 l,"0,99 €","0,99 €/L"
Penso diário normal,PorSi,Embalagem de 64 unidades,"1,79 €","1,79 €/Unidade"
Rebuçados sortido festa,Villa,Embalagem de 1 kg,"1,15 €","4,60 €/Kg"
Pensos Incontinência Mulher Discreet Maxi Night,Tena,12 unidades,"1,95 €","1,95 €/Unidade"
Salmão posta ao natural,PorSi Select,Lata de 120 g,"0,89 €","7,42 €/Kg"
Banda cera fria peles sensíveis p/corpo,Veet,Embalagem de 20 unidades,"3,51 €","3,51 €/Unidade"
Sobremesa danette baunilha,Danone,Embalagem de 4 x 125 g,"1,45 €","3,15 €/Kg"
Ameixa Amarela,Fruta da Época,1 un = 250 gr  (aprox.),"2,49 €/Kg","2,49 €/Kg"
Espinafres em folhas,PorSi,Embalagem de 750 g,"1,89 €","1,89 €/Kg"
Iogurte líquido dan'up morango e banana,Danone,Embalagem de 4 x 155 g,"1,19 €","1,86 €/Kg"
Spray elimina odores do calçado,PorSi,embalagem de 100 ml,"5,29 €","35,27 €/L"
Arroz agulha Europa,PorSi,Embalagem de 1 kg,"0,99 €","0,99 €/Kg"
Vinho tinto,Alandra,Garrafa de 750 ml,"2,99 €","3,99 €/L"
Líquido wc active clean mint & jasmin,Ambipur,750 ml,"1,79 €","2,39 €/L"
Adoçante em pó,PorSi,250 saquetas,"5,99 €","23,96 €/Kg"
Iogurte líquido pinacolada corpos danone,Danone,Embalagem de 4 x 155 g,"1,19 €","1,86 €/Kg"
Café moagem universal portugal,Delta,Embalagem de 250g,"9,16 €/Kg","9,16 €/Kg"
Ambientador Arbre Pinho,Arbre Magique,3 unidade,"2,89 €","2,89 €/Unidade"
Côco ralado,PorSi,Embalagem de 200g,"1,29 €","3,23 €/Kg"
Mão,Borrego,1 un = 1 kg (aprox.),"19,49 €","12,99 €/Kg"
Tablete de chocolate leite,Nestle,Embalagem de 130g,"5,30 €/Kg","5,30 €/Kg"
Ambientador carro recarga aqua,Ambipur,1 unidade,"2,89 €","2,89 €/Unidade"
Iogurte tipo grego maracujá,PorSi,Embalagem de 4 x 125 g,"1,49 €","2,98 €/Kg"
Bolachas brownie tubo,Oreo,Embalagem de 150g,"0,79 €","4,49 €/Kg"
Leite creme,PorSi,Embalagem de 2x135 g,"0,55 €","2,75 €/Kg"
Sabonete líquido maçãs verdes,Labell,Embalagem de 500 ml,"2,18 €/L","2,18 €/L"
Pastilhas ice spearmint,CHICLETS,Embalagem de 17 g,"0,68 €","45,33 €/Kg"
Marmelada,PorSi,Embalagem de 900g,"1,09 €","2,42 €/Kg"
Pilhas Alcalinas AAA Optimum,Duracell,Blister 4 Pilhas,"2,99 €","2,99 €/Unidade"
Pimentão doce saqueta,PorSi,Embalagem de 50 g,"0,25 €","0,25 €/Kg"
"Frigideira anti-aderente, 28cm",PorSi,1 unidade,"9,99 €/Unidade","9,99 €/Unidade"
Iogurte activia líquido kiwi,Danone,Embalagem de 4 x 155 g,"2,79 €","6,07 €/Kg"
Sumo de toranja,Andros,Embalagem de 1 l,"1,09 €","0,73 €/L"
Adoçante à base de sucralose,PorSi Viva Bem,Embalagem de 17g,"5,99 €","23,96 €/Kg"
Bicarbonato de sódio,PorSi,Saqueta de 75 g,"1,65 €","20,12 €/Kg"
Casa Toilette Spring para gato,Anivite,Uma unidade,"1,19 €","0,24 €/Kg"
Biscoitos de canela,PorSi,Embalagem de 750g,"0,69 €","3,45 €/Kg"
Iogurte mix-in kit kat,Nestle,Embalagem de 2 x 115 g,"1,05 €","1,86 €/L"
Líquido sanitário ação total menta,WC Pato,Embalagem de 750 ml,"2,79 €","3,99 €/L"
Cereais Extra Chocolate e Avelã,Kellogg's,Embalagem de 375 g,"2,29 €","6,11 €/Kg"
Sementes de saúde para canto,Kiki,Embalagem de 150 g,"2,49 €","16,60 €/Kg"
Detergente para loiça plus + citrinos,Super Pop,Embalagem de 1L,"0,99 €","1,98 €/L"
Balde de Limpeza com Espremedor,PorSi,unidade,"2,50 €","2,50 €/Unidade"
Mel,Granja San Francisco,Embalagem de 500g,"4,89 €","9,78 €/Kg"
Pastel de Nata,Pastelaria do Dia,60 g,"0,69 €","0,69 €/Unidade"
Cebola picada,PorSi,Embalagem de 400 g,"1,89 €","1,89 €/Kg"
Manteiga amendoim com pedaços,Calve,Embalagem de 350g,"4,29 €","12,62 €/Kg"
Arroz extra longo integral,Saludaes,Embalagem de 1 kg,"0,99 €","0,99 €/Kg"
Gelado magnum pint amêndoas,Olá,Embalagem de 440 ml,"6,79 €","14,76 €/L"
Tablete de chocolate de leite,PorSi Select,Embalagem de 200g,"5,30 €/Kg","5,30 €/Kg"
Sidra de maçã,Somersby,Lata de 500 ml,"1,59 €","3,18 €/L"
Café solúvel sem cafeína,Nescafe,Embalagem de 20g,"14,50 €/Kg","14,50 €/Kg"
Spray Bruma Autobronzeadora,Ambre Solaire,Embalagem de 150 ml,"11,49 €","57,45 €/L"
Spray anti-bolores,Cif,435 ml,"1,79 €","2,39 €/L"
Biscoitos integrais aveia e cacau,PorSi Viva Bem,Embalagem de 150g,"0,69 €","3,45 €/Kg"
Fraldas de Incontinência Elásticos Médias,Lindor,20 Unidades,"9,99 €","9,99 €/Unidade"
Luva Nitrilica,Itools,1 unidade,"5,39 €","5,39 €/Unidade"
Biscoito para cão strips,Purina One,Embalagem de 90g,"5,58 €/Kg","5,58 €/Kg"
Lay's gourmet corte fino,Lay's,Embalagem de 150g,"1,06 €","5,73 €/Kg"
"Combinado Fiambre,Queijo e Carne",Pastelaria do Dia,,"0,65 €","0,65 €/Unidade"
Gaspacho,PorSi,1 litro,"0,84 €","13,55 €/Kg"
Big burger vegetais,Iglo green,Embalagem de 250g,"9,30 €/Kg","9,30 €/Kg"
Pasta dentífrica herbal,Colgate,Embalagem de 75 ml,"2,55 €","34,00 €/L"
8 salsichas frankfurt,Izidoro,Embalagem de 200g,"0,75 €","3,75 €/Kg"
Leite c/ chocolate,Gresso,Pack 4X200ml,"0,26 €","1,30 €/L"
Lápis de cera,Giotto,embalagem com 12 unidades,"3,09 €","3,09 €/Unidade"
Toalhitas Sensitive |Recarga,Dodot,Pack: 4 x54 unidades,"1,09 €/Unidade","1,09 €/Unidade"
"As minhas primeiras receitas - refeição batata, abób...",Nestle,Embalagem de 190g,"1,89 €","9,95 €/Kg"
Whisky 8 anos,Grant's,Garrafa de 0.70 l,"32,99 €","47,13 €/L"
Vinagre de limpeza,Dona Pureza,Embalagem de 1 l,"0,79 €","0,79 €/L"
"Leite uht, com café, galão alentejano",Serraleite,Embalagem de 1 l,"1,99 €","2,49 €/L"
Desengordurante de Vitrocerâmica/Indução 3 em 1 |Cre...,Vitroclen,Embalagem de 450 ml,"1,29 €","1,72 €/L"
Actimel magro natural,Danone,Embalagem de 6 x 100g,"4,15 €/Kg","4,15 €/Kg"
Miolo de mexilhão,PorSi,Embalagem de 250 g,"1,79 €","7,16 €/Kg"
Bandida do pomar frutos vermelhos lata 50cl,Bandida,Garrafa de 500 ml,"1,59 €","3,18 €/L"
Lasanha,Nacional,Embalagem de 400g,"0,89 €","1,78 €/Kg"
"Gomas bites pica, de morango",Fini,Embalagem de 100g,"1,19 €","3,97 €/Kg"
Copos de Shot,Aj simoes,12 copos,"1,10 €","1,10 €/Unidade"
Bebida de Amêndoa,PorSi Viva Bem,1 litro,"1,19 €","1,98 €/L"
"Iogurte, sabor a tutti-fruti",PorSi,Embalagem de 4 x 125 g,"1,87 €","1,25 €/Kg"
Recarga inseticidas elétrico,Raid,Embalagem de 3 x 27 ml,"7,69 €","7,69 €/Unidade"
Tortitas de arroz chocolate negro,PorSi Viva Bem,130 g,"1,45 €","11,15 €/Kg"
"Pensos para calos, 10 unidades",PorSi,1 embalagem,"1,69 €","1,69 €/Unidade"
Queijo Curado Amanteigado,Fonte Mourisca,1 un = 250 gr  (aprox.),"2,42 €","9,69 €/Kg"
Papel higiénico macio absorvente,PorSi,12 rolos,"1,99 €","1,99 €/Unidade"
Mirtilos Categoria: II,*,Embalagem de 500 g,"2,55 €","20,40 €/Kg"
Café lote normal moagem fina,PorSi,Embalagem de 250 g,"9,76 €/Kg","9,76 €/Kg"
Álcool Etílico Sanitário,PorSi,200 ml,"0,99 €","1,98 €/L"
Chá de alcachofra e dente-de-leão,PLANTANATU,Embalagem de 20g,"1,19 €","79,33 €/Kg"
20 saquetas infusão limão gengibre,Lipton,Embalagem de 40g,"44,50 €/Kg","44,50 €/Kg"
Esferográfica Cor Sortida Média,Mab,Embalagem com 4 un.,"2,79 €","2,79 €/Unidade"
Crocantes de frango piri piri 180g,Iglo,Embalagem de 180g,"4,99 €","24,95 €/Kg"
Amendoim com mel e sal,Frusel,Embalagem de 150g,"0,79 €","3,95 €/Kg"
Limpa vidros boost,Ajax,Embalagem de 500 ml,"3,19 €","6,38 €/L"
Cereais fitness,Nestle,Embalagem de 380g,"3,45 €","26,74 €/Kg"
Manteiga de amendoim crocante,Prozis,Embalagem de 500g,"4,29 €","12,62 €/Kg"
Bombons Hapiness,Trumpf,Embalagem de 400G,"2,39 €","47,80 €/Kg"
Lava tudo tijoleira,Cif,1.1 L,"4,39 €","14,63 €/L"
Caçarola Alumínio Anti-Aderente 24Cm,PorSi,1 unidade,"9,99 €/Unidade","9,99 €/Unidade"
Inseticida Aerossol Rapid Moscas e Mosquitos,Raid,1 Embalagem 600ml,"5,09 €","8,48 €/L"
Chantilly,Royal,Embalagem de 70g,"1,29 €","3,23 €/Kg"
Batata pré-frita cubos,PorSi,Embalagem de 1 kg,"1,39 €","1,39 €/Kg"
Cápsulas de café qharacter,Delta Q,Embalagem de 60g,"54,36 €/Kg","54,36 €/Kg"
Compasso eco simples,Bic,1 unidade,"2,19 €","109,50 €/L"
Chá de frutos vermelhos,Tetley,Embalagem de 30g,"44,50 €/Kg","44,50 €/Kg"
Mini salsichas cocktail,Nobre,lata de 180g,"0,75 €","3,75 €/Kg"
Cereais fitness chocolate,Nestle,Embalagem de 380g,"3,45 €","26,74 €/Kg"
Toalhitas Bebé Basic,PorSi,Embalagem de 72 unidades,"1,09 €/Unidade","1,09 €/Unidade"
Atum posta em óleo,Noro,Lata com 110 g,"0,89 €","7,42 €/Kg"
Boneca Caty 85 cm,Vicam,1 unidade,"27,99 €/Unidade","27,99 €/Unidade"
Le cassoulet,Claude leg,Embalagem de 840g,"2,35 €","5,60 €/Kg"
Queijo dop cura 12 meses,Sao jorge,Embalagem de 300g,"25,45 €/Kg","25,45 €/Kg"
Pringles flame kickin sour cream,Pringles,Embalagem de 160g,"1,19 €","6,43 €/Kg"
Amaciador de roupa peónia azul e citrus,Surf,90 doses,"8,99 €","2,25 €/L"
Ice tea pêssego,Lipton,Garrafa de 2 l,"1,14 €","0,76 €/L"
Refresco pó laranja e morango,PorSi,Embalagem de 40g,"0,75 €","18,75 €/Kg"
Spray Condicionador Penteia Fácil,Johnson's,Embalagem de 200 ml,"1,99 €","1,99 €/Unidade"
"Comida húmida para cão adulto com frango, vaca e bor...",Friskies,Embalagem de 400g,"0,75 €","2,50 €/Kg"
Queijo flamengo bio fatias,Terra Nostra,Embalagem de 150g,"1,56 €","7,80 €/Kg"
Desinfetante álcool gel com doseador,PorSi,500 ml,"0,99 €","1,98 €/L"
Fígado,Novilho,1 un = 100 gr (aprox.),"0,50 €","4,99 €/Kg"
Iogurte líquido infantil morango e banana,PorSi,Pack 6 x 100 g,"1,05 €","1,86 €/L"
Bebida aveia sem açúcar,Alpro,Embalagem de 1 l,"1,19 €","1,98 €/L"
"Vinagre virgem branco, spray",Paladin,Garrafa de 250 ml,"0,35 €","0,70 €/L"
Poncho,Patrulha Pata,1 unidade,"32,99 €","32,99 €/Unidade"
Soja fina,PorSi Viva Bem,Embalagem de 400 g,"2,09 €","8,36 €/Kg"
Gel de Banho Silk,Dove,Embalagem de 750 ml,"6,49 €","8,65 €/L"
Papaia Avião,Fruta do Dia,1 un = 500 g (aprox.),"2,29 €/Kg","2,29 €/Kg"
Carne Picada Mista,Porco/Novilho,1 un = 100 gr (aprox.),"3,29 €","8,23 €/Kg"
Manteiga sem sal terra nostra,Terra Nostra,Embalagem de 250g,"1,69 €","6,76 €/Kg"
Nestlé® smarties® drageias de chocolate de leite 38g,SMARTIES,Embalagem de 40g,"18,50 €/Kg","18,50 €/Kg"
Queijo fresco,Santiago,Embalagem de 80g,"2,39 €","19,92 €/Kg"
Paté Fígado Porco c/ Cogumelos,PorSi,75 g,"1,05 €","6,99 €/Kg"
Algodão zig zag pré-cortado,PorSi,Embalagem de 50 g,"1,69 €","1,69 €/Unidade"
Pano limpa pó de flanela,PorSi,1 unidade,"1,79 €","1,79 €/Unidade"
2 crocantes frango recheio queijo&fiambre 204g,Iglo,Embalagem de 200g,"4,99 €","24,95 €/Kg"
Peluche Piruetas,Panda,1 un.,"14,99 €/Unidade","14,99 €/Unidade"
Chocolate kit kat,Kit kat,Embalagem de 210g,"3,59 €","14,36 €/Kg"
Pratos para pic nic 23 cm azuis,PorSi,Embalagem com 4 unidades,"32,99 €","32,99 €/Unidade"
Toalhitas bebé natural care,Huggies,3 x 56 unidades,"1,09 €/Unidade","1,09 €/Unidade"
Esparregado de espinafres sem lactose,PorSi Viva Bem,Embalagem de 360 g,"2,59 €","5,40 €/Kg"
Bolachas cream cracker,PorSi,Embalagem de 200g,"0,39 €","3,12 €/Kg"
Assento Auto,Bebéconfort,unidade,"42,99 €","42,99 €/Unidade"
Snack gato sticks carne 6x5g porsi,PorSi,Embalagem de 30g,"0,99 €","16,50 €/Kg"
"Alimento para peixe, tetramin staple food",Tetra,Embalagem de 250 ml,"11,49 €","45,96 €/L"
Adoçante em pó stevia,PorSi Viva Bem,Embalagem de 17g,"5,99 €","23,96 €/Kg"
Cola universal,Uhu,Embalagem de 20 ml,"2,19 €","109,50 €/L"
Cerveja sem álcool,Cheers,Pack 6 x 0.33 l,"5,99 €","3,03 €/L"
Tortitas de arroz c/ iogurte,Bicentury,Embalagem de 130g,"1,45 €","11,15 €/Kg"
Collant mousse preta 20D,PorSi,Tamanho: xl,"1,89 €/Unidade","1,89 €/Unidade"
"Salsichas em frasco bockwurst, 5 un",Izidoro,Embalagem de 250g,"0,75 €","3,75 €/Kg"
Doce arando e mirtilo,ST.DALFOUR,Frasco de 284g,"2,19 €","9,95 €/Kg"
Café Solúvel Espresso Intenso,Nescafe,Embalagem de 100g,"14,50 €/Kg","14,50 €/Kg"
Vinagre balsâmico branco,Gallo,Garrafa de 250 ml,"0,35 €","0,70 €/L"
Molho bechamel,PorSi,Embalagem de 200g,"0,70 €","2,33 €/Kg"
Lixívia Denso-Activa Tradicional p/ Casa e Roupa,Neoblanc,Embalagem de 2 l,"1,74 €","0,35 €/L"
Farinheira das beiras,PorSi,Embalagem de 260G,"1,49 €","7,45 €/Kg"
Tablete de chocolate caramel peanut,Milka,Embalagem de 280g,"10,52 €/Kg","10,52 €/Kg"
Guardanapos brancos 22x22cm | folha dupla,Renova,90 unidades,"1,29 €","1,29 €/Unidade"
Whisky 12 anos,Chivas,Garrafa de 700 ml,"32,99 €","47,13 €/L"
Folhado de salsichas,Pastelaria do Dia,1 unidade = 110 g,"0,65 €","0,65 €/Unidade"
Tablete de chocolate culinário branco,PorSi,Embalagem de 180 g,"1,04 €","8,32 €/Kg"
Café moído torrado aroma originale,Belissimo,Embalagem de 200g,"9,16 €/Kg","9,16 €/Kg"
Lion barra cereais  25g,Nestle,Embalagem de 150g,"1,29 €","10,24 €/Kg"
Lima-limao zero,PorSi,Garrafa de 1.5 l,"0,40 €/L","0,40 €/L"
Sementes Chia Bio,Origens Bio,1 Embalagem 150G,"1,89 €","3,78 €/Kg"
Óleo Performa 10W40,Galp,Embalagem de 5 l,"14,99 €","14,99 €/L"
Máquina de barbear c/ 2 recargas de 6 lâminas,Labell Men,,"1,24 €","4,96 €/L"
Caramelos de leite,Penha,Embalagem de 250g,"2,75 €","11,00 €/Kg"
Alho seco bio,PorSi Bio,Embalagem de aprox. 600 g,"0,35 €","1,39 €/Kg"
Néctar ananás,PorSi,Pack 3 x 200 ml,"0,99 €","0,99 €/L"
Sal cristal,PorSi,embalagem de 1 kg,"0,25 €","0,25 €/Kg"
Café solúvel clássico,Nescafe,Embalagem de 200g,"14,50 €/Kg","14,50 €/Kg"
Queijo de ovelha curado amanteigado,PorSi Select,250 g,"25,45 €/Kg","25,45 €/Kg"
Vinho branco bag-in-box,Capataz,Embalagem de 5 l,"5,19 €","1,04 €/L"
Café em cápsulas aqtivus,Delta Q,Embalagem de 55 g,"54,36 €/Kg","54,36 €/Kg"
Amaciador  p/ roupa concentrado Aromaterapia,PorSi,Embalagem com 60 doses,"3,99 €","3,99 €/Unidade"
Vinho maduro branco,Ala dos namorados,Garrafa de 75 cl,"1,99 €","2,65 €/L"
Arroz carolino,PorSi,Embalagem de 1 kg,"0,99 €","0,99 €/Kg"
Reb. mentol s/acucar 115g,Villa,Embalagem de 120g,"2,30 €","57,50 €/Kg"
Queijo grana padano ralado,Galbani,Embalagem de 60 g,"7,45 €/Kg","7,45 €/Kg"
Gelatina de morango,PorSi,Embalagem de 170g,"0,55 €","61,11 €/Kg"
Paté de cogumelos com carne e fígado de suíno,Mortier,150 g,"1,05 €","6,99 €/Kg"
Camarão cozido 30/50,PorSi,Embalagem de 1 kg,"22,98 €/Kg","22,98 €/Kg"
Costeletas do Lombo,Borrego,1 un = 250 gr  (aprox.),"19,49 €","12,99 €/Kg"
Bolachas com recheio baunilha,PorSi,Embalagem de 500g,"2,15 €","2,87 €/Kg"
Açúcar mascavado claro,Rar,Embalagem de 500 g,"1,49 €","1,49 €/Kg"
"Limpa vidros, azul",PorSi,Embalagem de 5 l,"3,99 €","0,80 €/L"
Leite de crescimento 4 de 1 a 3 anos,NAN,Embalagem de 800g,"20,99 €","26,24 €/Kg"
Lava tudo amigo dos animais,Xanpa,Embalagem de 1 l,"2,59 €","1,30 €/L"
"Salsichas aves, frasco com 5 unidad",Izidoro,Embalagem de 250g,"0,75 €","3,75 €/Kg"
Bio miolo amendoa compele,PorSi Bio,Embalagem de 100g,"0,79 €","3,95 €/Kg"
"Refrigerante sem gás, maracujá e la",Joi,"Garrafa de 1,5 l","1,14 €","0,76 €/L"
Saqueta de puré de fruta | maçã + pera,PorSi,90 g,"0,74 €","8,22 €/Kg"
Arroz de pato,PorSi,Embalagem de 250 g,"2,99 €","11,96 €/Kg"
Iogurtes aroma 4 de morango + 4 de banana,PorSi,Embalagem de 8x125g,"1,87 €","1,25 €/Kg"
6 Salsichas Frescas Chipolatas com Ervas,PorSi,330 g,"0,69 €","6,89 €/Kg"
Casal garcia sweet 750ml/1,Casal Garcia,Garrafa de 750 ml,"3,09 €","3,09 €/L"
Detergente manual de roupa,Omo,Embalagem de 540g,"1,09 €","2,73 €/Kg"
Tábua de engomar,PorSi,Dim.: 110 x 32 cm,"16,50 €","16,50 €/Unidade"
Lápis de cor 18 cm,Domédia,embalagem com 18 unidades,"3,09 €","3,09 €/Unidade"
Sopa da horta,Nestle,Embalagem de 130g,"1,89 €","9,95 €/Kg"
Eclair de Chocolate 75 g,Pastelaria do Dia,,"0,69 €","0,69 €/Unidade"
Papa infantil não láctea 8 cereais e mel +6 meses,Cerelac,Embalagem de 250g,"4,49 €","4,49 €/Kg"
Pasta de Dentes Gengivas Sensíveis,Oral-B,Embalagem de 75 ml,"2,55 €","34,00 €/L"
Cereais estrelitas,Nestle,Embalagem de 550g,"5,07 €/Kg","5,07 €/Kg"
Nestum flocos de cereais integrais,Nestum,Embalagem de 250g,"2,19 €","8,76 €/Kg"
"Salsichas bockwurst em frasco, 8 unidades",Izidoro,Embalagem de 400g,"0,75 €","3,75 €/Kg"
Sobremesa gelatina de ananás,PorSi,Embalagem 4X100G,"0,85 €","2,13 €/Kg"
Coca-cola zero sem cafeína,Coca-Cola,"Garrafa de 1,75 l","0,40 €/L","0,40 €/L"
Barras de cereais com chocolate preto,PorSi,6 x 23 g,"1,29 €","10,24 €/Kg"
Bebida energética original,Burn,Garrafa de 500 ml,"5,96 €","5,96 €/L"
Queijo mozzarella ralado,PorSi,Embalagem de 200 g,"7,45 €/Kg","7,45 €/Kg"
Conjunto Maquilhagem Savana Leopard,Magic Studio,,"19,99 €","19,99 €/Unidade"
Óleo alimentar,PorSi,Garrafão de 3 litros,"3,39 €/L","3,39 €/L"
Inseticida multi-insectos,Dum Dum,Garrafa de 400 ml,"5,09 €","8,48 €/L"
Folhado de salsicha,PorSi,Embalagem de 6x60 g,"1,79 €","7,16 €/Kg"
Dinos cookienss 185g                 *10,Artiach,Embalagem de 190g,"1,89 €","15,75 €/Kg"
Adoçante com doseador,PorSi,Embalagem 100 comprimidos,"5,99 €","23,96 €/Kg"
Cadbury Milk Fingers,Cadbury,Embalagem de 114G,"2,39 €","47,80 €/Kg"
Legumes verdes para sopa,PorSi,Embalagem de 1 kg,"1,89 €","1,89 €/Kg"
Iogurte líquido magro morango,PorSi Viva Bem,Embalagem de 4x150 ml,"1,19 €","1,98 €/L"
Papel higiénico reciclado 2 folhas,PorSi,12 rolos,"1,99 €","1,99 €/Unidade"
Chocolate culinário 70% cacau,Pantagruel,Embalagem de 200g,"1,04 €","8,32 €/Kg"
Doce extra castanha,Bonnemaman,Embalagem de 370g,"2,19 €","9,95 €/Kg"
20 saquetas chá de limão,Lipton,Embalagem de 40g,"44,50 €/Kg","44,50 €/Kg"
Creme vegetal soja,Planta,Embalagem de 250 gr,"5,40 €/Kg","5,40 €/Kg"
Snack para gato original,Felix,Embalagem de 60g,"0,99 €","16,50 €/Kg"
Na-esparguete bio 500g 10kg,Nacional,Embalagem de 500g,"1,89 €","3,78 €/Kg"
Mochila Infantil,Spider-Man,1 un.,"15,99 €","15,99 €/Unidade"
Receita caseira de bolonhesa,Nobre,Embalagem de 420g,"2,35 €","5,60 €/Kg"
Dentífrico júnior +6 anos,Theramed,Embalagem com 75 ml,"1,19 €","1,19 €/Unidade"
Comida húmida para gato seleção de aves,Gourmet mp,Embalagem de 300g,"3,49 €","10,26 €/Kg"
Cocktail melão,Bar Royal,Garrafa de 750 ml,"11,99 €","11,99 €/L"
Farinha de trigo sem fermento t55,PorSi,Embalagem de 5 kg,"1,99 €","1,99 €/Kg"
Queijo fresco ligth,PorSi,Embalagem de 4 x 62.5 g,"2,39 €","19,92 €/Kg"
Queijo fatias -50% gordura,Terra Nostra,Embalagem de 400g,"2,39 €","19,92 €/Kg"
Lâmpada LED Forma Esférica 3.2W E14 220-240V,Domédia,1 un.,"3,99 €","3,99 €/Unidade"
Mix de frutas para smothie,PorSi,Embalagem de 450 g,"3,29 €","4,39 €/Kg"
Bebida láctea crescimento c/ bolacha maria,Nestle,Embalagem de 1 litro,"0,26 €","1,30 €/L"
20 mini rissóis de camarão,PorSi,Embalagem de 300 g,"1,79 €","7,16 €/Kg"
Recarga Ambientador Automático Essential Mist Lavand...,Air Wick,1 un.,"11,98 €","11,98 €/Unidade"
Polvo limpo,PorSi,Embalagem de 1 kg,"5,49 €","6,86 €/Kg"
Figo pingo mel,PorSi,Embalagem de 300 g,"1,89 €/Kg","1,89 €/Kg"
Fita adesiva,PorSi,5m x 1.25 cm,"1,69 €","1,69 €/Unidade"
Ice tea de limão,PorSi,"Embalagem de 1,5 l","1,14 €","0,76 €/L"
Iogurte líquido magro morango,PorSi Viva Bem,Embalagem de 4x150 ml,"1,19 €","1,86 €/Kg"
Canetas de Feltro Lavavel Kids - 14 +4,Bic,Uma embalagem,"4,79 €","4,79 €/Unidade"
Vinho rosé,Gatão,Garrafa de 0.75 l,"4,29 €","5,72 €/L"
20 saquetas chá detox,Lipton,Embalagem de 30g,"58,44 €/Kg","58,44 €/Kg"
Batata pré-frita palito,PorSi,Embalagem de 1 kg,"1,39 €","1,39 €/Kg"
Porto special reserva,Q.harris,Garrafa de 750 ml,"10,99 €","14,65 €/L"
Peito de frango,PorSi,Embalagem de 400 g,"2,72 €","6,80 €/Kg"
Leite Hidratante Delicadeza de Aveia,Ultra Suave,Embalagem de 400 ml,"12,48 €/L","12,48 €/L"
Lixívia com detergente,PorSi,Embalagem de 2 l,"2,59 €","1,30 €/L"
Ayam leite de coco,Ayam,Garrafa de 200 ml,"1,69 €","8,45 €/L"
Luvas descartáveis extra long m/g,Vileda,10 unidade,"4,29 €","4,29 €/Unidade"
Alimento seco p/ cão croquetes vaca,Pedigree,Embalagem de 3 kg,"1,15 €/Kg","1,15 €/Kg"
Manteiga com sal,Gresso,Embalagem de 250g,"1,69 €","6,76 €/Kg"
Recarga p/ Esfregona |Suave,Vileda,,"0,89 €","0,89 €/Unidade"
"Tesoura de escritório, 21cm",Domédia,1 unidade,"2,19 €","109,50 €/L"
"Bolas de algodão, cores, com 100 unidades",PorSi,1 embalagem,"1,69 €","1,69 €/Unidade"
Tinta Plástica Branca,Marilina,Embalagem de 15 l,"14,99 €","1,00 €/L"
Palito la reine,PorSi,Embalagem de 400 g,"0,69 €","3,45 €/Kg"
Guardanapos Decorados,Scottex,Embalagem 50 Unidades,"1,29 €","1,29 €/Unidade"
Borracha para desenho técnico,Domédia,1 unidade,"4,79 €","4,79 €/Unidade"
Bloco Sanitário Ativo Lavanda,Sonasol,Embalagem de 50 g,"2,99 €","74,75 €/Kg"
Wafers chocolate cubos,Vieira,Embalagem de 130g,"0,98 €","4,67 €/Kg"
Malagueta Vermelha,Legumes do Dia,1 un = 100 gr (aprox.),"0,75 €","2,99 €/Kg"
Vinho Vinha da Fonte Setúbal branco,Casa Ermelinda Freitas,Garrafa de 0.75 l,"8,59 €","11,45 €/L"
3 Pipetas de Repelente p/ Gato,Repul'7,1 unidade,"19,99 €","19,99 €/Unidade"
Caramelos de fruta,Penha,Embalagem de 100g,"1,10 €","4,40 €/Kg"
Cerveja c/ álcool radler,Sagres,pack 6 x 0.33 l,"1,99 €/L","1,99 €/L"
Manteiga c/sal,Terra Nostra,Embalagem de 250g,"1,69 €","6,76 €/Kg"
Vinagre de vinho tinto,Cristal,Garrafa de 500 ml,"0,35 €","0,70 €/L"
Pasta de Arquivo Marmoreada S/ Caixa,Domédia,1 un.,"2,29 €","2,29 €/Unidade"
Batata frita rodelas,PorSi,Embalagem de 2x70g,"1,06 €","5,73 €/Kg"
Leite condensado cozido,PorSi,Embalagem de 397 g,"1,09 €","2,75 €/Kg"
Cola Universal,Uhu,Embalagem de 2x20ml,"2,19 €","109,50 €/L"
Caixa Cubo Pearls,Jacquot,Embalagem de 200g,"2,39 €","47,80 €/Kg"
Sopa da pedra,PorSi,Embalagem de 420 g,"2,35 €","5,60 €/Kg"
Pilha alcalina classic lr20x2,Domédia,1 unidade,"2,99 €","2,99 €/Unidade"
"Azeitona Maçanilha retalhada com azeite, alho e orég...",PorSi,Vendido ao peso a partir de 500 g,"1,00 €","3,99 €/Kg"
Café torrado 5 estrelas moagem normal,Sical,Embalagem de 250g,"9,16 €/Kg","9,16 €/Kg"
Galão,PorSi,16 cápsulas,"3,19 €","25,52 €/Kg"
Areia para gatos biodegradável vegetal,PorSi,Embalagem de 8 litros,"1,19 €","0,24 €/Kg"
Lixívia Roupa delicada,PorSi,Embalagem de 2 l,"2,19 €","1,10 €/L"
Vinho Tinto Regional Península de Setúbal,Selecção de Enófilos,750 ml,"8,59 €","11,45 €/L"
"Refeição pronta, boião de frango e arroz",Bledina,Embalagem de 200g,"1,89 €","9,95 €/Kg"
Papel Premier p/ Fotocópia A4,Xerox,1 resma,"4,59 €","4,59 €/Unidade"
Leite e cereais bolacha maria +6 meses,Cerelac,Garrafa de 400 ml,"4,49 €","4,49 €/Kg"
Café solúvel intenso,Delta,Embalagem de 100g,"14,50 €/Kg","14,50 €/Kg"
Bolacha waffer bites avelã,Waferland,Embalagem de 125g,"0,98 €","4,67 €/Kg"
Shampoo Bebé Brilho Mágico,Johnson's Baby,Embalagem de 500 ml,"1,99 €","1,99 €/Unidade"
"Pera em metades, lata",PorSi,Embalagem de 420 g,"1,99 €","2,37 €/Kg"
Creme p/ barrar de chocolate e avelã,Milka,Embalagem de 340g,"4,29 €","12,62 €/Kg"
Salsichas frescas de porco,PorSi,Embalagem de 400 g,"1,99 €","9,48 €/Kg"
"Alimento húmido para cão, molho",César,Embalagem de 4x100 g,"0,75 €","2,50 €/Kg"
Mistura solúvel mokambo,Nestle,Embalagem de 200g,"0,99 €","3,96 €/Kg"
Licor de coco,On Off,"Garrafa de 0,70 l","16,99 €","24,27 €/L"
Aperitivo de amendoins tostados forno,Matutano,Embalagem de 120g,"0,79 €","7,90 €/Kg"
Sopa de cebola económica,Knorr,Embalagem de 50g,"0,84 €","13,55 €/Kg"
Manteiga fácil de barrar,President,Embalagem de 250g,"1,69 €","6,76 €/Kg"
Abacaxi cortado,PorSi,Embalagem de 100 g,"2,50 €","1,25 €/Kg"
Refrigerante c/ gás laranja,Sumol,Garrafa de 500 ml,"0,40 €/L","0,40 €/L"
Pipocas doces,Orcape,Embalagem de 100g,"0,79 €","7,90 €/Kg"
Mortadela fatiada com azeitonas,PorSi,Embalagem de 200 g,"1,05 €","6,99 €/Kg"
Bebida energética ripper,Monster,Garrafa de 500 ml,"5,96 €","5,96 €/L"
Vassoura Simples Pluma,PorSi,unidade,"2,20 €","2,20 €/Unidade"
Detergente máquina loiça tudo em 1 limão,Sun,70 pastilhas,"2,99 €","2,99 €/Unidade"
Bolacha maria oro +33% grátis,Cuetara,Embalagem de 800g,"2,11 €/Kg","2,11 €/Kg"
Atum posta ao natural,Bom petisc,Embalagem de 120 g,"0,89 €","7,42 €/Kg"
Cenoura baby,PorSi,Embalagem de 400 g,"1,89 €","1,89 €/Kg"
Bolachas cream cracker,PorSi,Embalagem de 600g,"0,39 €","3,12 €/Kg"
Nan 1 optipro leite inf.optipro desde nascim.800g,NAN,Embalagem de 800g,"20,99 €","26,24 €/Kg"
"Vinho rosé, região península de setúbal, bag in box",Dom Campos,Garrafa de 5 l,"9,49 €","1,90 €/L"
"Queijo light, mini",Babybel,Embalagem de 120g,"2,39 €","19,92 €/Kg"
Gomas tijolos ácidos,PorSi,Embalagem de 300 g,"1,19 €","3,97 €/Kg"
Super homem,PLANTANATU,Embalagem de 1 unidades,"9,69 €","9,69 €/Unidade"
Halls vita c morango sem açúcar,Halls,Embalagem de 32 g,"0,77 €","3,85 €/Kg"
Bolacha água e sal com azeite e azeitona doses,Vieira,Embalagem de 190g,"0,39 €","3,12 €/Kg"
Refrigerante com gás guaraná,Antartica,"Garrafa de 1,5 l","0,40 €/L","0,40 €/L"
"Forma de papel para bolos, 9 cm, 60 unidades",PorSi,Uma embalagem,"0,54 €","0,54 €/Unidade"
Whisky,F.grouse,Garrafa de 1 litro,"11,49 €","16,41 €/L"
"Semi-Frio de Morango, 700g",Nossa seleção,,"8,99 €","11,24 €/Kg"
Pão caseiro sem glúten,Schar,Embalagem de 240g,"2,99 €","7,97 €/Kg"
Gin pink,Big Boss,Garrafa de 700 ml,"19,90 €","19,90 €/L"
Bolachas choco mini estrelas,Milka,Embalagem de 190g,"2,15 €","2,87 €/Kg"
Salsicha Merguez,PorSi,1 un = 100 gr (aprox.),"0,69 €","6,89 €/Kg"
Queijo nisa dop,Monforqj,Embalagem de 300g,"2,87 €","15,94 €/Kg"
Meloa Gália,Fruta da Época,1 un = 1 kg (aprox.),"1,00 €","3,99 €/Kg"
Pudim de baunilha,PorSi,Embalagem de 90g,"0,59 €","29,50 €/Kg"
Vinho verde branco loureiro,Q.REGAINHO,Garrafa de 0.75 l,"1,65 €","2,20 €/L"
Detergente máquina lavar roupa tira nódoas,Xau+vanish,102 doses,"8,69 €","1,84 €/Kg"
Queijo mozzarella fatias,PorSi,Embalagem de 200 g,"1,56 €","7,80 €/Kg"
Nutripuffs de banana 8 meses s/ açúcar,Cerelac,Embalagem de 7g,"0,74 €","8,22 €/Kg"
Bolachas tosta rica,Cuetara,Embalagem de 570g,"1,89 €","15,75 €/Kg"
Bolachas Rosquilhas,Cuetara,Embalagem de 300g,"1,69 €","6,76 €/Kg"
Batatas forno ervas,Lay's,Embalagem de 130g,"1,19 €","6,43 €/Kg"
Moscatel do Douro,Selecção de Enófilos,"Garrafa de 0,75 l","5,99 €","7,99 €/L"
"Cera cabelo, indestructible",Studio Line,Embalagem de 75 ml,"4,39 €","58,53 €/L"
Favas ultracongeladas,PorSi,Embalagem de 400g,"1,89 €","1,89 €/Kg"
Pato com Miúdos Programa Origens,PorSi,"Vendido ao peso, 1 un=2.250 Kg (aprox.)","2,72 €","6,80 €/Kg"
Brócolos e couve-flor cortados,PorSi,500 g,"1,09 €","4,36 €/Kg"
Café torrado em grão,PorSi,Embalagem de 1 kg,"9,16 €/Kg","9,16 €/Kg"
Jogo de Viagem,Monopoly,,"9,99 €","9,99 €/Unidade"
Molho bechamel,PorSi,Embalagem de 500 ml,"0,75 €","3,75 €/L"
Queijo fresco magro,Santiago,Embalagem de 200g,"2,35 €","10,88 €/Kg"
Sultana Preta,PorSi,Embalagem de 200g,"0,79 €","3,95 €/Kg"
Sortido,Cuetara,Embalagem de 210g,"10,29 €/Kg","10,29 €/Kg"
Inseticida aerossol moscas. melgas e mosquitos,Baygon,Embalagem de 400 ml,"5,09 €","8,48 €/L"
"Anti-calcário, máquina roupa, gel",Calgon,"Garrafa de 1,5 l","8,69 €","1,84 €/Kg"
Bombons Quality Street,Nestlé,Embalagem de 265 g,"2,39 €","47,80 €/Kg"
Desodorizante Roll-On Floral Protect,FA,Embalagem de 50 ml,"4,69 €","31,27 €/L"
Ração para cão mini adulto nutri soft com frango,Friskies,"Embalagem de 1,4 kg","1,15 €/Kg","1,15 €/Kg"
Elimina odores spray,Splendor,150 ml,"5,29 €","35,27 €/L"
"Chá boa digestão, 10 saquetas",TLEY,Embalagem de 20g,"1,19 €","79,33 €/Kg"
"Alimento húmido para gato júnior, carne",Whiskas,Embalagem de 400g,"3,49 €","10,26 €/Kg"
Coca-cola zero,Coca-Cola,pack 2 x 1.75 l,"0,40 €/L","0,40 €/L"
Spray limpeza casa de banho,PorSi,750 ml,"1,79 €","2,39 €/L"
"Elixir bocal, cool mint",Sensodyne,Embalagem de 500 ml,"5,99 €","11,98 €/L"
Cone morango/baunilha,PorSi,Embalagem de 6 x 120 ml,"5,99 €","16,64 €/L"
Pao ralado classico 200g,ESPIGA,Embalagem de 200g,"0,55 €","2,29 €/Kg"
"Cerveja com álcool, lata",Super Bock,Garrafa de 330 ml,"1,99 €/L","1,99 €/L"
Bombons Fontessa,Trumpf,Embalagem de 400G,"2,39 €","47,80 €/Kg"
Batata doce frita,PorSi,Embalagem de 150g,"1,06 €","5,73 €/Kg"
Queijo Raclette Fatias,Páturages,Embalagem de 400 g,"1,56 €","7,80 €/Kg"
Miolo de avelã,PorSi,Embalagem de 200 g,"0,79 €","3,95 €/Kg"
Alecrim,Margao,Embalagem de 20g,"0,25 €","0,25 €/Kg"
Creme de limpeza com lixívia,PorSi,750 ml,"2,59 €","1,30 €/L"
Pão de trigo,MUSEU PAO,Embalagem de 450g,"0,99 €","1,65 €/Kg"
Cogumelos laminados,PorSi,780 g,"1,79 €","2,29 €/Kg"
Nata uht,PorSi,Embalagem de 200 ml,"0,75 €","3,75 €/L"
Vinho verde branco alvarinho,Qm,Garrafa de 0.75 l,"3,09 €","3,09 €/L"
Bio pimentos doces padrao,PorSi Bio,Embalagem de 250g,"0,75 €","2,99 €/Kg"
"Vinho DOC Bairrada, Branco",Selecção de Enófilos,Garrafa de 0.75 l,"2,92 €/L","2,92 €/L"
Leite magro em pó,Páturages,Embalagem de 300 g,"2,79 €","9,30 €/Kg"
Rebuçado recheio morango,PorSi,Embalagem de 250g,"2,30 €","57,50 €/Kg"
Refrigerante c/ gás,Coca-Cola,pack 6 x 0.33 l,"0,40 €/L","0,40 €/L"
Gel de banho bio kids,Corine de Farme,300 ml,"1,99 €","1,99 €/Unidade"
Chouriço com feijão,Nobre,Embalagem de 420g,"2,35 €","5,60 €/Kg"
"Alimento seco para gato adulto, bio complex, frango ...",HappyOne,Embalagem de 2 kg,"12,99 €","4,33 €/Kg"
"Creme anti-rugas revitalizante fps30, dia",L'oreal,Embalagem de 50 ml,"2,99 €","59,80 €/L"
Queijo brie 60% mg,Páturages,Embalagem de 200 g,"1,49 €","7,45 €/Kg"
Cocktail mango,Bar Royal,Garrafa de 750 ml,"8,49 €","11,32 €/L"
Café moagem universal angola,Delta,Embalagem de 220g,"9,76 €/Kg","9,76 €/Kg"
Champô Limão & Argila,Ultra Suave,Embalagem de 400 ml,"5,59 €","13,98 €/L"
"Lixívia para roupa, tradicional verde denso",PorSi,Embalagem de 2L,"1,74 €","0,35 €/L"
Tira Nódoas Acidentais,Iberia,Embalagem de 150 ml,"10,99 €","52,33 €/Kg"
Transportadora com porta metálica,Anivite,1 unidade,"19,99 €","19,99 €/Unidade"
Queijo de ovelha curado,H.da maia,Embalagem de 200g,"4,62 €","18,49 €/Kg"
Brandy,ON/OFF,Garrafa de 700 ml,"11,99 €","17,13 €/L"
Recarga mopa,PorSi,1 unidade,"0,89 €","0,89 €/Unidade"
Pizza casa di mama 4 queijos,Dr. Oetker,Embalagem de 410g,"2,16 €","6,17 €/Kg"
Queijo Roquefort AOC 52% M.G,Rocabret,Vendido ao peso a partir de 250 gr,"1,49 €","7,45 €/Kg"
Azeite virgem extra seleção,PorSi,Garrafa de 750 ml,"3,19 €","4,25 €/L"
"Esferográfica cristal, 5 Uni",Bic,1 unidade,"2,79 €","2,79 €/Unidade"
"Tesoura 6""",Time Office,1 unidade,"2,49 €","2,49 €/Unidade"
Limpa Couros,Bellapelle,Garrafa de 250 ml,"10,99 €","52,33 €/Kg"
Queijo mascarpone,Páturages,Embalagem 250G,"1,79 €","7,16 €/Kg"
Bolacha infantil dinossaurus mini dino chocolate,Artiach,Embalagem de 120g,"1,89 €","15,75 €/Kg"
Doce de Laranja com Farripas,ST.DALFOUR,Frasco de 284g,"2,19 €","9,95 €/Kg"
Batata frita caseira rodela,Pala-pala,Embalagem de 300g,"0,87 €","5,44 €/Kg"
Café solúvel + cereais,Delta,Embalagem de 200 g,"14,50 €/Kg","14,50 €/Kg"
Alho moído,PorSi,Saqueta de 50 g,"0,25 €","0,25 €/Kg"
Pá económica,PorSi,1 unidade,"2,20 €","2,20 €/Unidade"
Queijo curado alho e salsa,Nova Açores,Vendido ao peso,"25,45 €/Kg","25,45 €/Kg"
Néctar light de manga/laranja prism,PorSi,Embalagem de 1 l,"0,84 €","2,55 €/L"
Lambrusco rose,*,Garrafa de 750 ml,"6,89 €","9,19 €/L"
Confetis,Codipostal,1 un.,"0,59 €","0,59 €/Unidade"
Luva Animais da Quinta,Chicco,Uma unidade,"11,99 €/Unidade","11,99 €/Unidade"
Queijo em fatias,Terra Nostra,Embalagem de 400g,"1,56 €","7,80 €/Kg"
Óleo aloé vera,Johnson's Baby,Embalagem de 300 ml,"1,99 €","1,99 €/Unidade"
Super Cola 3 Mini Trio Power Flex,Loctite,Embalagem de 3x1 g,"3,99 €","133,00 €/Kg"
Pellets madeira,Nova lenha,Embalagem de 15kg,"10,99 €","0,73 €/Kg"
Nestle scm regular tubo 12x pt,Nestle,Embalagem de 450g,"1,09 €","2,75 €/Kg"
Chocolates maltesers,MALTESERS,Embalagem de 90g,"11,98 €/Kg","11,98 €/Kg"
Veiculo Hot wheels,Hot Wheels,1 unidade,"9,99 €/Unidade","9,99 €/Unidade"
Esponja limpa camurça,PorSi,1 unidade,"3,99 €","19,95 €/L"
Queijo Curado,Ilha Azul,Vendido ao peso a partir de 250 gr,"2,42 €","9,69 €/Kg"
Bolacha torrada com canela,PorSi,Embalagem de 2 x 250 g,"2,11 €/Kg","2,11 €/Kg"
Gel anti séptico deoprotect,Dystron,Garrafa de 400 ml,"1,99 €","7,96 €/L"
Miolo de ameijoa,PorSi,Embalagem de 250 g,"1,79 €","7,16 €/Kg"
Leite de pastagem magro,Terra Nostra,Embalagem de 1 l,"0,81 €","0,81 €/L"
Lixívia Denso-Activa Harmonias Florais p/ Casa e Rou...,Neoblanc,Embalagem de 2 l,"1,74 €","0,35 €/L"
Chocolate branco com recheio de avelã,Kinder,Embalagem de 160g,"18,50 €/Kg","18,50 €/Kg"
Bolachas shortcake cacau,PorSi,Embalagem de 185 g,"1,69 €","6,76 €/Kg"
Reparador de móveis normal,PorSi,Embalagem de 200 ml,"4,39 €","14,63 €/L"
Pectina,Condi,Embalagem de 25g,"2,04 €","81,60 €/Kg"
Coloração Permanente Castanho Escuro |3,Palette,,"9,49 €/Unidade","9,49 €/Unidade"
Sopa 100% de cogumelos,Knorr,embalagem com 57 g,"0,84 €","13,55 €/Kg"
Whisky tullamore dew,Tullamore,Garrafa de 700 ml,"11,49 €","16,41 €/L"
Vinho de mesa tinto bag in box,Adega grande,Garrafa de 5 l,"5,19 €","1,04 €/L"
Ração para cão com frango,Friskies,Embalagem de 4kg,"1,15 €/Kg","1,15 €/Kg"
Caramelo líquido,PorSi,Embalagem de 400g,"1,29 €","3,23 €/Kg"
Alface Romana,Legumes do Dia,1 un = 400 g (aprox.),"0,88 €","2,19 €/Kg"
Chouriço corrente,PorSi,Embalagem de 200 g,"1,22 €","6,78 €/Kg"
Bolacha digestive s/ gluten,Gullon,Embalagem de 150g,"4,29 €","20,43 €/Kg"
Refrigerante de lima-limão,Seven-up,"Garrafa de 1,25 l","0,40 €/L","0,40 €/L"
Muesli Frutas,PorSi,500 g,"3,99 €","11,40 €/Kg"
"Bicicleta roda 12"" Unicórnio",*,1 un.,"99,99 €/Unidade","99,99 €/Unidade"
Sardinha em azeite,PorSi Select,Lata de 120 g,"0,89 €","7,42 €/Kg"
Gogo SqueeZ Snack Maçã e Pera,Gogo,Embalagem de 4 x 90g,"2,29 €","6,94 €/L"
Alface Roxa,Legumes do Dia,1 un= 400 g (aprox.),"0,88 €","2,19 €/Kg"
Discoveries cappuccino,STARBUCKS,Embalagem de 220 ml,"3,19 €","25,52 €/Kg"
Bocadelia atum,La piara,Embalagem de 180g,"0,89 €","7,42 €/Kg"
Dicionário Verbos + Gramática Francês,Leya,1 unidade,"6,20 €","6,20 €/Unidade"
Milho para pipocas,Globo,Embalagem de 400g,"0,79 €","7,90 €/Kg"
Tablete de chocolate branco,Toblerone,Embalagem de 100g,"3,59 €","14,36 €/Kg"
Cerveja c/ álcool,Super Bock,pack 24 x 0.33 l,"1,99 €/L","1,99 €/L"
Couve Bróculo,Legumes do Dia,Vendido ao peso,"1,00 €","2,49 €/Kg"
Bicarbonato de sódio,Vatel,Embalagem de 400g,"1,65 €","20,12 €/Kg"
Café gold colômbia frasco,Nescafe,Embalagem de 100 g,"14,50 €/Kg","14,50 €/Kg"
Carne Picada Mista,Porco/Novilho,1 un = 100 gr (aprox.),"4,89 €","4,89 €/Kg"
Iogurte com Cereais Activia,Danone,Embalagem 4x115g,"2,79 €","6,07 €/Kg"
Detergente liquido loiça limão,PorSi,Garrafa de 1 litro,"0,99 €","1,98 €/L"
Tortitas de milho sem glúten,Bicentury,Embalagem de 130 g,"4,29 €","20,43 €/Kg"
Ambientador vela gota frutos vermelhos,Air Wick,Embalagem de 1 unidades,"9,49 €","45,19 €/Kg"
Maçã golden 60/65 categoria II Programa Origens,PorSi,Embalagem de 1.5 kg,"1,30 €/Kg","1,30 €/Kg"
Cereais crunch 375g,Nestle,Embalagem de 380g,"5,07 €/Kg","5,07 €/Kg"
Rolo de Cozinha Branco Eco Compacto,PorSi,2 = 6 Rolos,"4,99 €","4,99 €/Unidade"
Lava Tudo Brilhante Floral,Sonasol,"embalagem 1,1L","0,99 €","0,50 €/L"
Mix pimentos 3 cores,Legumes do dia,Embalagem de 500 g,"0,75 €","2,99 €/Kg"
Pastilhas descafeinado,Delta,Embalagem de 110g,"54,36 €/Kg","54,36 €/Kg"
Sabonete Líquido Original,Dove,Embalagem de 250 ml,"2,18 €/L","2,18 €/L"
Couve Penca (Portuguesa),Legumes do Dia,1 un= 1 kg (aprox.),"1,00 €","2,49 €/Kg"
Whisky,J&B,Garrafa de 700 ml,"11,49 €","16,41 €/L"
Filetes de pescada,Pescanova,Embalagem de 400g,"4,39 €","10,98 €/Kg"
Café nyeri quénia moagem universal,Sical,Embalagem de 220g,"9,76 €/Kg","9,76 €/Kg"
Creme Noite Lift + Serum Preenchedor,Diadermine,Embalagem de 50 ml,"2,99 €","59,80 €/L"
Queijo mistura de tapadas santo antónio,Herdade da maia,Embalagem de 220 g,"5,99 €","23,96 €/Kg"
Espumante tinto bruto,Alianca,Garrafa de 750 ml,"8,49 €","11,32 €/L"
Bolachas de manteiga,PorSi,Embalagem de 200 g,"1,69 €","6,76 €/Kg"
Bucal maça natural,Andros,Embalagem de 750 g,"2,04 €","81,60 €/Kg"
Batata pré-frita palito,PorSi,"Embalagem de 2,5 kg","1,39 €","1,39 €/Kg"
"Vinho bairrada, reserva, tinto",Selecção de Enófilos,Garrafa de 0.75 l,"2,92 €/L","2,92 €/L"
Batatas mediterrâneas originais,Lay's,Embalagem de 150g,"1,06 €","5,73 €/Kg"
Arroz agulha,Cigala,Embalagem de 1 kg,"0,99 €","0,99 €/Kg"
Sumo 100% ananás e uva,PorSi,1.5 l,"1,09 €","0,73 €/L"
Gomas ositos de oro,Haribo,Embalagem de 100g,"1,19 €","3,97 €/Kg"
Crocantes frango parmesão e ervas,Iglo,Embalagem de 180g,"9,30 €/Kg","9,30 €/Kg"
"Elásticos grandes coloridos, pack de 20 unidades",Domédia,1 embalagem,"2,19 €","109,50 €/L"
Cerveja preta 0.0%,Sagres,Lata de 330 ml,"5,99 €","3,03 €/L"
8 pães de leite,PorSi,Embalagem de 280 g,"7,40 €/Kg","7,40 €/Kg"
Bolachas digestive muesli,Gullon,Embalagem de 370g,"1,45 €","11,15 €/Kg"
Batata frita camponesa,PorSi,Embalagem de 175 g,"1,19 €","6,43 €/Kg"
Açúcar de coco bio,Origensbio,Embalagem de 250g,"2,99 €","5,98 €/Kg"
Queijo fresco magro,Matinal,Embalagem de 216 g,"2,35 €","10,88 €/Kg"
Queijo ralado 4 queijos,Valformoso,Embalagem de 150g,"7,45 €/Kg","7,45 €/Kg"
Cereais all bran,Kellogg's,Embalagem de 380g,"3,45 €","26,74 €/Kg"
Moscatel de setúbal,Adega de Palmela,Garrafa de 750 ml,"5,99 €","7,99 €/L"
Croutons azeite e alho,PorSi,Embalagem de 150g,"2,39 €","6,83 €/Kg"
Vinho do porto lbv 2004,Cruz,Garrafa de 0.75 l,"10,99 €","14,65 €/L"
Bolachas maria,PorSi,Embalagem de 200g,"2,11 €/Kg","2,11 €/Kg"
Leite 0% lactose magro,Mimosa,Garrafa de 1 l,"1,29 €","1,29 €/L"
Pepino,Legumes do Dia,1 un = 300 gr  (aprox.),"0,75 €","2,49 €/Kg"
Folhado Misto 90 g,Pastelaria do Dia,,"0,65 €","0,65 €/Unidade"
Farinha de trigo sem fermento t55,PorSi,Embalagem de 1 kg,"1,99 €","1,99 €/Kg"
Chá verde menta,PorSi,Embalagem de 43.7 g,"85,00 €/Kg","85,00 €/Kg"
Bolachas marítimas clássicas,PorSi Viva Bem,Embalagem de 200g,"2,82 €","9,40 €/Kg"
Cerveja 0.0%,Sagres,Pack 4 x 0.33 l,"5,99 €","3,03 €/L"
Batata pré-frita palitos finos,PorSi,Embalagem de 2.5 kg,"1,39 €","1,39 €/Kg"
Iogurte natural,Danone,Embalagem de 8x120g com 1 unidade grátis,"0,65 €","1,30 €/Kg"
Prepar arroz marisco sem gluten cv 0.8kg,Brasmar,Embalagem de 800g,"1,79 €","7,16 €/Kg"
Cereais fitness e fruits,Nestle,Embalagem de 380g,"3,45 €","26,74 €/Kg"
Creme vegetal sabor a manteiga,Becel,Embalagem de 450 g,"5,40 €/Kg","5,40 €/Kg"
Cápsulas de café com leite cappuccino,Nescafe,Embalagem com 16 cápsulas,"3,19 €","25,52 €/Kg"
Tesoura kidy pulse,Maped,12 cm,"2,19 €","109,50 €/L"
Gel pure 3 em 1,Garnier,Embalagem de 150 ml,"2,99 €","59,80 €/L"
Bolacha integral doce,Vieira,Embalagem de 180g,"0,98 €","3,27 €/Kg"
Desodorizante roll-on original,Lycia,Embalagem de 50 ml,"4,69 €","31,27 €/L"
Pilha alcalina classic lr14x2,Domédia,1 unidade,"2,99 €","2,99 €/Unidade"
Anona,Fruta do Dia,1 un = 250 gr  (aprox.),"2,29 €/Kg","2,29 €/Kg"
Toalhitas intimas com aloé vera,Carefree,20 unidades,"2,19 €","2,19 €/Unidade"
"Ambientador automático, fresh matic, oasis turquesa",Air Wick,Embalagem de 1 unidades,"3,74 €","3,74 €/Unidade"
"Papel higiénico compacto, folha dupla",Renova,4 = 12 rolos,"1,99 €","1,99 €/Unidade"
"Vela em número, nº 3",PorSi,1 unidade,"0,60 €","0,60 €/Unidade"
Vinho branco regional península de setúbal,Lancers,Garrafa de 750 ml,"8,59 €","11,45 €/L"
Snack para cão adulto com frango,Friskies,Embalagem de 200g,"5,58 €/Kg","5,58 €/Kg"
Solha Congelada (200/400),Peixe Congelado,Pescado no mar,"3,99 €/Kg","3,99 €/Kg"
Snack para gato de salmão e queijo,Catisfactions,Embalagem de 60g,"0,99 €","16,50 €/Kg"
Queijo vaca sem lactose,PorSi Viva Bem,250 g,"2,42 €","9,69 €/Kg"
Vinho maduro branco,Casal da eira,Embalagem de 250 ml,"0,85 €/L","0,85 €/L"
Wafers sem glúten de chocolate preto,Schar,Embalagem de 40 g,"4,29 €","20,43 €/Kg"
Lambrusco tinto,*,Garrafa de 750 ml,"6,89 €","9,19 €/L"
Snack para gato crispies salmão e truta,Felix,Embalagem de 50g,"0,99 €","16,50 €/Kg"
Gel wc anti-calcário,Harpic,Garrafa de 750 ml,"1,79 €","2,39 €/L"
Lixivia perfume fresco,Neoblanc,Embalagem de 2 l,"1,74 €","0,35 €/L"
Café lote normal moagem grossa,PorSi,Embalagem de 250 g,"9,76 €/Kg","9,76 €/Kg"
Mostarda a'lancienne,PorSi Select,190 g,"0,70 €","2,33 €/Kg"
Cacetinho de Trigo,Pão do Dia,80 g,"0,19 €","2,38 €/Kg"
Salada Ibérica Edição do Chef,Vitacress,Embalagem de 120g,"0,88 €","2,19 €/Kg"
Super tea matcha verde,Tetley,Embalagem de 40g,"44,50 €/Kg","44,50 €/Kg"
Cafe pastilhas 20x7g,PorSi,Embalagem de 140g,"54,36 €/Kg","54,36 €/Kg"
Luvas Multi Latex M/L,Vileda,10 unidade,"4,29 €","4,29 €/Unidade"
10 cápsulas café qanela,Delta Q,Embalagem de 60g,"54,36 €/Kg","54,36 €/Kg"
Limpa madeiras ecológico,PorSi,1.5 litros,"4,39 €","14,63 €/L"
Café Moagem Universal do Brasil,PorSi,Embalagem de 220g,"9,16 €/Kg","9,16 €/Kg"
"Salsichas wiennerwurt em frasco, 6 un",Nobre,Embalagem de 250g,"0,75 €","3,75 €/Kg"
Vinho Vinha da Fonte Setúbal tinto,Casa Ermelinda Freitas,Garrafa de 0.75 l,"8,59 €","11,45 €/L"
Conjunto higiene e hidratação,Baby Dove,,"3,99 €","3,99 €/Unidade"
"Queijo curado, amanteigado",Paiva,Embalagem de 550g,"25,45 €/Kg","25,45 €/Kg"
Anti-Traça Cedro,Dum Dum,2 unidades,"5,99 €","176,18 €/Kg"
Natas uht 3 queijos,Parmalat,Embalagem de 200 ml,"0,75 €","3,75 €/L"
Vinho doc dão branco,Grao vasco,Garrafa de 750 ml,"3,99 €","5,32 €/L"
Bebida de coco com arroz,PorSi Viva Bem,1 litro,"1,19 €","1,98 €/L"
Nestlé tablete de chocolate negro e amendoa,Nestle,Embalagem de 270g,"10,52 €/Kg","10,52 €/Kg"
Iogurte natural,Danone,Embalagem de 4 x 120 g,"0,65 €","1,30 €/Kg"
Creme de feijão c/ espinafres,Sopas Graciete,Garrafa de 400 ml,"1,99 €","2,49 €/Kg"
Nestum bolacha maria,Nestum,Embalagem de 250g,"2,19 €","8,76 €/Kg"
Tablete de chocolate extra fina leite/avelã,Nestle,Embalagem de 120g,"10,52 €/Kg","10,52 €/Kg"
Adoçante em pó,Canderel,Embalagem de 90g,"5,99 €","23,96 €/Kg"
Folhado de Maçã,*,1 unidade= 100 g,"0,69 €","0,69 €/Unidade"
Salsichão fuet caseiro,Elpozo,Embalagem de 150g,"1,35 €","16,88 €/Kg"
Alheira,Terras do Demo,Embalagem com 200 g,"1,49 €","7,45 €/Kg"
Pasta Dentífrica Menta Suave,Aquafresh,Embalagem de 75 ml,"2,55 €","34,00 €/L"
Leite especial cálcio + vitamina d magro,Mimosa,Garrafa de 1 l,"1,29 €","1,29 €/L"
Alimento p/ cão adulto bio complex c/ frango,HappyOne,Embalagem de 10 kg,"1,15 €/Kg","1,15 €/Kg"
Inseticida elétrico,Raid,2 Aparelhos + 2 Recargas de 27 ml | 45 Noites + 45 Noites,"7,69 €","7,69 €/Unidade"
Paella,It.saveurs,Embalagem de 300g,"2,35 €","5,60 €/Kg"
Buondi extreme cafe moido 12x200g,Buondi,Embalagem de 200g,"9,76 €/Kg","9,76 €/Kg"
Creme de Limpeza Facial com Chá Kombucha,Diadermine,40 g,"0,76 €","0,76 €/Unidade"
Mousse Caramelo,A leiteira,Embalagem de 4 x 60 g,"1,45 €","3,15 €/Kg"
Água com gás natural,Perrier,Embalagem de 750ml,"2,85 €","2,85 €/L"
Iogurte ananás 000%,PorSi Viva Bem,Embalagem de 4 x 125 g,"4,36 €","2,18 €/Kg"
Bolachas infantil dinossauros,Artiach,Embalagem de 190g,"1,89 €","15,75 €/Kg"
Creme bio mãos e unhas,Labell Bio,75 ml,"2,59 €","25,90 €/L"
Achocolatado em Pó,Nesquik,Embalagem de 700g,"5,39 €","7,19 €/Kg"
Belgian chocolate,Haagen daz,Embalagem de 460 ml,"6,79 €","14,76 €/L"
Spray fornos e grelhadores,Cif,435 ml,"1,79 €","2,39 €/L"
Vinho tinto,PorSi,embalagem de 1 litro,"0,85 €/L","0,85 €/L"
Vinho doc douro reserva tinto,Romanisco,Garrafa de 0.75 l,"7,49 €","9,99 €/L"
Bandas cera depilatórias corpo pele sensível,Labell,40 unidades,"3,51 €","3,51 €/Unidade"
Gomas favoritos açúcar,Haribo,Embalagem de 90g,"1,19 €","3,97 €/Kg"
"Gelatina com stevia, amora",Condi,Embalagem de 2x15 g,"0,55 €","61,11 €/Kg"
Sobremesa petit gourmand de chocolate,Páturages,Embalagem 6X60G,"1,05 €","1,86 €/L"
Polpa de tomate com cebola e alho,Compal,Embalagem de 500g,"3,84 €","24,00 €/Kg"
"Limpa móveis pistola, aloé vera",Pronto,Embalagem de 500 ml,"1,19 €","0,79 €/L"
Barra s.k frutos vermelhos,Kellogg's,Embalagem de 130g,"1,29 €","10,24 €/Kg"
Restaurador p/ móveis claro,Novycera,Garrafa de 170 ml,"4,39 €","14,63 €/L"
Pastilhas elásticas frost watermelon,Trident Max,Embalagem de 60 g,"0,68 €","45,33 €/Kg"
"Crepes queijo/fiambre, 6 unidades",Claude Léger,Embalagem de 300 g,"2,49 €","8,30 €/Kg"
Sacos de congelação pequenos,PorSi,"50 unidades, 1 embalagem","1,11 €","1,11 €/Unidade"
Frutapura Pouch Frutos Variados,Bledina,Embalagem de 85g,"2,29 €","6,94 €/L"
Vinho maduro branco,Alorna,Garrafa de 0.75 l,"1,65 €","2,20 €/L"
Vinho regional península de setúbal,Dom Campos,Garrafa de 0.75 l,"8,59 €","11,45 €/L"
Chá cherry love,Lipton,20 saquetas,"44,50 €/Kg","44,50 €/Kg"
Salsicha Picante,Porco,1 un = 100 gr (aprox.),"0,69 €","6,89 €/Kg"
Posta de tintureira,PorSi,Embalagem de 500 g,"4,39 €","10,98 €/Kg"
Aroma de morango,Rayners,Garrafa de 28 ml,"1,65 €","20,12 €/Kg"
Feijao frade,PorSi,Embalagem de 500g,"0,95 €","1,90 €/Kg"
Limpa fornos normal,Mr.muscle,Embalagem de 300 ml,"1,29 €","1,72 €/L"
Adoçante com doseador,PorSi,Embalagem 300 comprimidos,"5,99 €","23,96 €/Kg"
Vinho bag-in-box branco,C.alqueva,Garrafa de 5 l,"9,49 €","1,90 €/L"
Néctar 8 frutos,Bongo,Pack 3 x 200 ml,"0,99 €","0,99 €/L"
Detergente líquido p/ máquina lavar roupa cores,Woolite,"Garrafa de 1,65 l","8,69 €","1,84 €/Kg"
Leite C/ Chocolate,Mimosa,Embalagem de 4 x 200 ml,"0,26 €","1,30 €/L"
Rhum com coco,Malibu,Garrafa de 700 ml,"20,99 €","29,99 €/L"
Cadeira de refeição conversível,Asalvo,1 unidade,"42,99 €","42,99 €/Unidade"
Queijo mozzarela ralado,Valformoso,Embalagem de 150g,"7,45 €/Kg","7,45 €/Kg"
Apara lápis,Maped,1 unidade,"2,79 €","2,79 €/Unidade"
Pulseira Repelente c/ Citronela,Mercurochrome,,"0,58 €","0,58 €/Unidade"
Bolacha de manteiga belga c/ chocolate,Saborosa,Embalagem de 200g,"1,69 €","6,76 €/Kg"
Bebida de baunilha,Joya,Garrafa de 1 l,"1,59 €","1,59 €/L"
Lixívia Spray Mousse Flor,Neoblanc,Embalagem de 700ml,"2,59 €","1,30 €/L"
Creme de coentros sem batata,PorSi,Embalagem de 400 g,"1,99 €","2,49 €/Kg"
Oatibix aveia,Weetabix,Embalagem de 500g,"2,09 €","4,18 €/Kg"
Gelatina pronta a comer morango,Royal,Embalagem de 4 x 100 g,"0,85 €","2,13 €/Kg"
Óleo p/ Moto Performa M2T,Galp,Embalagem de 1 l,"14,99 €","14,99 €/L"
Cerveja com álcool,Kings Bräu,"Embalagem de 0,33 l","1,99 €/L","1,99 €/L"
Maria integral sem glúten,Gullon,Embalagem de 400 g,"4,29 €","20,43 €/Kg"
Creme para calçado incolor,PorSi,50 ml,"0,99 €","19,80 €/L"
Vassoura pequena,PorSi,unidade,"2,20 €","2,20 €/Unidade"
Porto ruby,Ferreira,Garrafa de 750 ml,"6,65 €/L","6,65 €/L"
Queijo roquefort,Páturages,Embalagem de 150 g,"1,49 €","7,45 €/Kg"
"Chocolate sombrinha, saquetas, 5 unidades",Lacasa,Embalagem de 50g,"2,39 €","47,80 €/Kg"
Fralda Cueca Extra Tamanho 4,Dodot,Embalagem com 58 uni.,"8,49 €","8,49 €/Unidade"
Bandas de Cera Depilatória Facial,Veet,Embalagem de 20 unidades,"3,51 €","3,51 €/Unidade"
Aditivo Para Limpeza de Filtro de Partículas,Stp,Embalagem de 200 ml,"14,99 €","14,99 €/L"
Azeitona galega mista retalhada,PorSi,Vendido ao peso a partir de 500 g,"1,00 €","3,99 €/Kg"
Manteiga s/ lactose,Primor,Embalagem de 130g,"1,69 €","6,76 €/Kg"
Sangria frutos vermelhos,Casal Garcia,Garrafa de 0.75 l,"2,39 €","1,59 €/L"
Queijo gouda fatias 0% lactose,PorSi Viva Bem,Embalagem de 150g,"2,39 €","19,92 €/Kg"
Lancheira térmica,Do Art,1 un.,"19,99 €","19,99 €/Unidade"
Sumo concentrado de laranja,GUD,Garrafa de 740 ml,"4,89 €","6,61 €/L"
Panos Esponja,Fino,3 unidades,"1,79 €","1,79 €/Unidade"
Sopa 100% de tomate,Knorr,embalagem com 70 g,"0,84 €","13,55 €/Kg"
Vinho verde branco,Presidente,Garrafa de 0.75 l,"3,09 €","3,09 €/L"
"Chá de mel, limão e ginseng",Tetley,Embalagem de 20g,"44,50 €/Kg","44,50 €/Kg"
Leite com chocolate original,Ucal,Embalagem de 6 x 250 ml,"0,26 €","1,30 €/L"
Pizza marguerita,PorSi,Embalagem de 2 x 300 g,"2,16 €","6,17 €/Kg"
Óleo Performa C3 5W30 Sintético,Galp,Embalagem de 5 l,"14,99 €","14,99 €/L"
Noodle banzai carne,Cigala,Embalagem de 70g,"0,89 €","1,78 €/Kg"
"Creme de depilação duche, peles normais",Veet,Garrafa de 150 ml,"10,99 €","73,27 €/L"
Salsichas extra suculentas de peru,Nobre,Frasco de 210g,"0,75 €","3,75 €/Kg"
Mini tosta trigo,Diatosta,Embalagem de 90 g,"2,39 €","6,83 €/Kg"
Leite UHT Meio Gordo,Gresso,Embalagem de 1 l,"0,78 €","0,78 €/L"
Leite em pó continuação 2 pro alfa,Nutriben,Embalagem de 800g,"20,99 €","26,24 €/Kg"
Óleo de coco biológico,Seara,Garrafa de 270 ml,"2,99 €","5,98 €/Kg"
Barras fitness com morango,Nestle,Embalagem de 140g,"3,45 €","26,74 €/Kg"
Queijo Roquefort Fatias,Société,embalagem de 100 g,"1,49 €","7,45 €/Kg"
Super tea detox com selénio,Tetley,Embalagem de 40g,"44,50 €/Kg","44,50 €/Kg"
Sacos do Lixo Ecobag 50 L,Vileda,Embalagem c/ 10 un.,"1,79 €","1,79 €/Unidade"
Cebolinho vaso aromáticas vivas,Aroma viva,Embalagem de 1 unidades,"1,19 €","39,67 €/Kg"
Cenouras com peru +6 meses,Bledina,Embalagem de 2 x 200g,"1,89 €","9,95 €/Kg"
Pasta de Arquivo Marmoreada S/ Caixa,Domédia,1 un.,"1,69 €","1,69 €/Unidade"
Iogurte liquido infantil morango,PorSi,Embalagem de 6 x 94 ml,"1,19 €","1,86 €/Kg"
Gel Banho Apollo,Axe,Embalagem de 400 ml,"5,99 €","14,98 €/L"
Pensos Higiênicos com Abas Super,Ausonia,embalagem com 12 un.,"4,99 €","4,99 €/Unidade"
Pilha Alcalina Plus 9V,Duracell,,"2,99 €","2,99 €/Unidade"
Refrigerante sem gás de manga/laran,Joi,"Garrafa de 1,5 l","1,14 €","0,76 €/L"
Amaciador G. Maravilhosa,Ultra Suave,Embalagem de 400 ml,"1,59 €","7,95 €/L"
"Vinho regional península de setúbal, colheita seleci...",Adega de Pegões,Garrafa de 0.75 l,"8,59 €","11,45 €/L"
Milho partido,Rac.zezere,Embalagem de 5 kg,"2,49 €","16,60 €/Kg"
Sidra maçãs ácidas,Bandida do Pomar,lata de 0.5 l,"1,59 €","3,18 €/L"
Renovador camurça preto,Splendor,Garrafa de 200 ml,"3,99 €","19,95 €/L"
"Absorvedores de odores, relax zen",Brise,Embalagem de 2x150g,"16,63 €/L","16,63 €/L"
Anéis Empilháveis,Baby Clementoni,1 unidade,"3,49 €","3,49 €/Unidade"
Leite uht magro,PorSi,Embalagem de 1 litro,"0,81 €","0,81 €/L"
Salsa folhas,PorSi,Saqueta de 12 g,"0,25 €","0,25 €/Kg"
Bastão de Cola,Domédia,10 g,"1,99 €","1,99 €/Unidade"
Achocolatado zero% açúcares,Nesquik,Embalagem de 345g,"5,39 €","7,19 €/Kg"
Filete de anchovas estendidas,General,Embalagem de 40g,"0,89 €","7,42 €/Kg"
Cd aroma moran/coco/f.silv 120gx8,Danone,Embalagem de 960g,"1,87 €","1,25 €/Kg"
Bandas de cera fria facial,Labell,Embalagem com 20 un. + 4 toalhitas de acabamento,"3,51 €","3,51 €/Unidade"
Napolitanas creme cacau,PorSi,Embalagem de 320g,"2,05 €","5,13 €/Kg"
Creme depilatório para peles normais,Labell,Embalagem de 200 ml,"10,99 €","73,27 €/L"
Lixívia tradicional,PorSi,Embalagem de 1 l,"1,74 €","0,35 €/L"
Luvas Comfort Extra S/M,Vileda,1 unidade,"4,29 €","4,29 €/Unidade"
Cereais chocapic,Nestle,Embalagem de 630g,"5,07 €/Kg","5,07 €/Kg"
Tortitas de Arroz com Chocolate Negro,Bicentury,Embalagem de 130g,"1,45 €","11,15 €/Kg"
"Agrafos nº24/6, 2000 unidades",Maped,Uma embalagem,"2,49 €","2,49 €/Unidade"
Néctar de 8 frutos,Bongo,Garrafa de 1 l,"0,99 €","0,99 €/L"
Ovos galinha solo m,PorSi,6 ovos,"1,39 €","1,39 €/Unidade"
Arroz basmati,Caçarola,Embalagem de 1 kg,"0,99 €","0,99 €/Kg"
Luvas Multilatex M/L,Vileda,Embalagem com 100 un.,"4,29 €","4,29 €/Unidade"
Café solúvel viena,Nescafe,Embalagem de 140g,"14,50 €/Kg","14,50 €/Kg"
Cera bolsa amarela,Novycera,Embalagem de 250g,"3,99 €","7,98 €/L"
Bracelete Desportiva p/ Telemóvel,Jocca,Cor Preto,"5,99 €","24,96 €/Kg"
Copo Country 22Cl,Cristal,1 unidade,"11,00 €","11,00 €/Unidade"
Anti-traça Alimentos,Raid,2 + 1 unidades,"5,99 €","176,18 €/Kg"
Óleo de girassol,PorSi,garrafa de 1 litro,"3,39 €/L","3,39 €/L"
Gel de Banho Corpo e Cabelo Hidratante,Baby Dove,Embalagem de 400 ml,"1,99 €","1,99 €/Unidade"
Vahine pepitas chocolate branco,Vahine,Embalagem de 100g,"1,69 €","8,45 €/L"
Caçarola Alumínio Anti-Aderente 20Cm,PorSi,1 unidade,"9,99 €/Unidade","9,99 €/Unidade"
"Rebuçados sem açúcar, mentho-lyus",Halls,Embalagem de 128 g,"0,77 €","3,85 €/Kg"
Cereais de cacau sem glúten,Schar,Embalagem de 250g,"2,99 €","7,97 €/Kg"
Whisky,William Lawson's,1 l,"11,49 €","16,41 €/L"
Amendoins Torrados,Nuts Original,Embalagem de 130 g,"0,79 €","7,90 €/Kg"
"Alimento húmido para cão, galinha e cordeiro",Pedigree,Embalagem de 400g,"0,75 €","2,50 €/Kg"
Bolacha wafer baunilha,PorSi,Embalagem de 180g,"0,98 €","4,67 €/Kg"
Condicionador Penteia Fácil,Johnson's Baby,500 ml,"1,99 €","1,99 €/Unidade"
Aperitivos de amendoim com sal e mel,Matutano,Embalagem de 150g,"0,79 €","7,90 €/Kg"
Água mineral natural alcalina,MONCHIQUE,"6x1,5l","1,04 €","0,17 €/L"
Creme culinário de soja,Valsoia,Embalagem de 200g,"2,89 €","2,89 €/Kg"
Fraldas agility T5 de 13 a 18 kg,PorSi,44 unidades,"6,49 €","6,49 €/Unidade"
Lima,Fruta do Dia,1 un = 200 gr (aprox.),"0,50 €","1,99 €/Kg"
Arroz agulha,Saludães,Embalagem de 1kg,"0,99 €","0,99 €/Kg"
Pringles flame kickin sour cream,Pringles,Embalagem de 160g,"0,79 €","7,90 €/Kg"
Néctar pêssego,Compal,Pack 3 x 200 ml,"0,99 €","0,99 €/L"
Snacktoon rupy frutos variados,Bledina,Embalagem de 100g,"2,29 €","6,94 €/L"
Esparguete fino,Nacional,Embalagem de 500g,"0,89 €","1,78 €/Kg"
Queijinhos Babybel Mix,Babybel,Embalagem de 180g,"0,82 €","23,43 €/Kg"
Laranja Económica,Fruta do Dia,1 un = 250 gr  (aprox.),"0,50 €","1,99 €/Kg"
"Ambientador spray, aerosol, exotic",Glade,Embalagem de 300 ml,"2,59 €","8,63 €/L"
Geleia de morango,Casa de Mateus,Embalagem de 345 g,"3,29 €","9,54 €/Kg"
Ambientador elétrico botanica Vetiver das Caraíbas &...,Air Wick,1 unidade,"3,74 €","3,74 €/Unidade"
Refrigerante sem gás laranja,Trina,"Garrafa de 1,5 l","1,14 €","0,76 €/L"
Feijão frade,Caçarola,Embalagem de 500 g,"0,95 €","1,90 €/Kg"
Desinfetante de frutas e vegetais,Clean Essence,500 ml,"1,89 €/Kg","1,89 €/Kg"
Mostarda em frasco,Savora,Embalagem de 190g,"0,70 €","2,33 €/Kg"
Bolachas chips ahoy,Ca!,Embalagem de 130g,"0,90 €","6,00 €/Kg"
Galão Enriquecido em Cálcio,Ucal,Embalagem 9x200ML  Oferta de Lancheira (Cor Sortida),"1,99 €","2,49 €/L"
Vinho regional lisboa tinto,Res.cortes,Garrafa de 750 ml,"3,99 €","5,32 €/L"
Aguardente Bagaceira Velha,Martha's,"Garrafa de 0,70L","11,99 €","17,13 €/L"
Anti-Traça Alimentos,Dum Dum,2 unidades,"5,99 €","176,18 €/Kg"
Iogurte 0% pedaços muesli e cereal,Longa vida,Embalagem de 4 x 120 g,"4,36 €","2,18 €/Kg"
Pão de Forma Cerealia 14 Cereais e Sementes 0% Açúca...,Panrico,Embalagem de 440g,"0,99 €","1,65 €/Kg"
Leite desmaquilhante para peles secas,Labell,Embalagem de 250 ml,"4,49 €","4,49 €/Unidade"
Pudim zero mirtilo 22g,Condi,Embalagem de 20g,"0,59 €","29,50 €/Kg"
Escova de Dentes Júnior,Aquafresh,1 unidade,"1,19 €","1,19 €/Unidade"
30 comprimidos super ginseng,PLANTANATU,Embalagem de 1 unidades,"9,69 €","9,69 €/Unidade"
Aguardente,Alma pura,Garrafa de 0.70 l,"12,90 €","18,43 €/L"
4 hamburguers vaca s/ glúten,Capitão Iglo,Embalagem de 320g,"2,79 €","8,72 €/Kg"
Camarão vannamei 24/40,Pescanova,Embalagem de 800g,"8,99 €","25,69 €/Kg"
Ambientador vela odor animais,PorSi,1 unidade,"9,49 €","45,19 €/Kg"
Saqueta puré de fruta e bolacha,PorSi,Embalagem de 90g,"0,74 €","8,22 €/Kg"
Feijao catarino,Caçarola,Embalagem de 500 g,"0,95 €","1,90 €/Kg"
Conjunto Trio Box Colors,Magic Studio,,"19,99 €","19,99 €/Unidade"
Água destilada,PorSi,Garrafão de 5 l,"8,99 €","8,99 €/Unidade"
Mix do Bosque,Fruta Embalada,Embalagem com 175 gr,"2,55 €","20,40 €/Kg"
Café em cápsulas dolce gusto galão,Nescafe,Embalagem de 16 cápsulas,"54,36 €/Kg","54,36 €/Kg"
Mistura para coelhos,Rac.zezere,Embalagem de 5 kg,"4,09 €","0,82 €/Kg"
Queijo flamengo fatiado,PorSi,Embalagem de 200G,"1,56 €","7,80 €/Kg"
Arroz carolino,Louro,Embalagem de 1 kg,"0,99 €","0,99 €/Kg"
Ambientador spray pure flor de cerejeira,PorSi,250 ml,"2,59 €","8,63 €/L"
Chá peso dia,PLANTANATU,Embalagem de 10 unidades,"1,19 €","79,33 €/Kg"
Bolachas mini,Oreo,Embalagem de 160g,"0,79 €","4,49 €/Kg"
Ambientador Arbre Lavanda,Arbre Magique,3 unidade,"2,89 €","2,89 €/Unidade"
Lava tudo antibacteriano floral,PorSi,"Garrafa de 1,5 l","0,99 €","0,50 €/L"
Inseticida Aerossol Casa&Plantas,Raid,1 Embalagem 600ml,"5,49 €","13,73 €/L"
Pensos Incontinência Mulher Lady Super,Tena,30 unidades,"1,95 €","1,95 €/Unidade"
Penso de incontinência normal,Ausonia Discreet,Embalagem de 12 un.,"1,95 €","1,95 €/Unidade"
Uvas cortadas,PorSi,100 g,"1,00 €","3,99 €/Kg"
Pão com Cereais 125 g,Pão do Dia,,"0,19 €","2,38 €/Kg"
Bolachas Vitalday crocantes aveia e chocolate de lei...,Gullon,Embalagem de 300g,"2,15 €","2,87 €/Kg"
"Jogo ""A Volta ao Mundo""",Clementoni,1 unidade,"6,20 €","6,20 €/Unidade"
Leite condensado,PorSi,Embalagem de 397 g,"1,09 €","2,75 €/Kg"
Cogumelos laminados,PorSi,Embalagem de 185 g,"1,79 €","2,29 €/Kg"
Actimel tutti-frutti,Danone,Embalagem de 6 x 100g,"4,15 €/Kg","4,15 €/Kg"
Filetes primavera limão,Iglo,Embalagem de 230g,"1,79 €","7,16 €/Kg"
Azeite de moura virgem extra bio,PorSi Bio,Garrafa de 500 ml,"3,19 €","4,25 €/L"
"Coloração permanente, preto natural, nº3",Excellence,1 unidade,"9,49 €/Unidade","9,49 €/Unidade"
Atum posta em óleo vegetal,PorSi,Embalagem de 385g,"0,89 €","7,42 €/Kg"
Melão Branco,Fruta do Dia,"Vendido ao peso,1 un= 2.5 kg (aprox.)","1,00 €","3,99 €/Kg"
Hortelã-menta vaso aromáticas vivas,Aroma viva,Embalagem de 1 unidades,"1,19 €","39,67 €/Kg"
Leite uht magro,Mimosa,Embalagem de 1 litro,"0,81 €","0,81 €/L"
Bolacha shortcake chocolate,Nacional,Embalagem de 180g,"1,69 €","6,76 €/Kg"
Pensos Higiénicos Cottonlike com Abas Normal Plus,Evax,28 unidades,"4,99 €","4,99 €/Unidade"
Leite evaporado,PorSi,Embalagem de 410g,"1,09 €","2,75 €/Kg"
Batata pom'duchesse,PorSi,Embalagem de 600g,"1,39 €","1,39 €/Kg"
Sardinhas em óleo picante,Ramirez,Embalagem de 130g,"0,89 €","7,42 €/Kg"
"Ice tea, pêssego",PorSi,"Embalagem de 6x0,20 l","1,14 €","0,76 €/L"
Chocolate pastilhas,Pantagruel,Embalagem de 200g,"1,04 €","8,32 €/Kg"
Gelado cornetto morango,Olá,Embalagem de 6 x 90 ml,"5,99 €","16,64 €/L"
Pudim flan,El mandari,Embalagem de 10g,"0,59 €","29,50 €/Kg"
"Bombons de chocolate, praleine",Schogetten,Embalagem de 100g,"5,30 €/Kg","5,30 €/Kg"
Vinho bag-in-box tinto,C.alqueva,Garrafa de 5 l,"9,49 €","1,90 €/L"
Batata pré-frita para forno,PorSi,Embalagem de 750 g,"1,39 €","1,39 €/Kg"
Salsichas extra suculentas de frango,Nobre,Frasco de 210g,"0,75 €","3,75 €/Kg"
Petit gâteau chocolate negro belga,PorSi,Embalagem com 4 unidades,"2,49 €","7,55 €/Kg"
Tablete de chocolate meio amargo,Toblerone,Embalagem de 100g,"16,67 €/Kg","16,67 €/Kg"
Yofu natural com coco,Alpro,Embalagem de 500 gr,"3,29 €","6,58 €/Kg"
Patê frango,La piara,Embalagem de 80g,"1,19 €","13,52 €/Kg"
Bombom Caja Roja,Nestlé,Embalagem de 100G,"2,39 €","47,80 €/Kg"
Bacon Extra Nacos,Porminho,200 g,"1,99 €","9,95 €/Kg"
"Leite uht, magro",Serraleite,Embalagem de 1 l,"0,81 €","0,81 €/L"
Escova para lavar,PorSi,1 unidade,"2,20 €","2,20 €/Unidade"
Bolachas ricanela,Cuetara,Embalagem de 400g + 100g grátis,"0,39 €","3,12 €/Kg"
Néctar de laranja,Bongo,Garrafa de 1 l,"0,99 €","0,99 €/L"
Liegeois de chocolate,Milchfrisc,Embalagem de 200g,"0,55 €","2,75 €/Kg"
Framboesa,PorSi,Embalagem com 125g,"2,55 €","20,40 €/Kg"
Leite seleccionado meio gordo,Matinal,Garrafa de 1 l,"0,78 €","0,78 €/L"
11 Nuggets de Proteína Vegetal,Iglo green,Embalagem de 250g,"2,49 €","8,30 €/Kg"
Vermute bianco,Martini,Garrafa de 1 l,"11,99 €","11,99 €/L"
Batata pré-frita noisette,PorSi,Embalagem de 1 kg,"1,39 €","1,39 €/Kg"
Polpa de tomate em garrafa,Compal,Embalagem de 1 kg,"3,84 €","24,00 €/Kg"
Polpa de cebola e alho,PorSi,Embalagem de 500 g,"3,84 €","24,00 €/Kg"
Balões latex verde,PorSi,Embalagem com 24 unidades,"0,59 €","0,59 €/Unidade"
Alga marinha tostada sushi nori,BLUEDRAGON,Embalagem de 11g,"2,99 €","271,82 €/Kg"
Pó de talco,PorSi,Embalagem de 250g,"0,59 €","5,90 €/L"
Pudim flan,PorSi,Embalagem de 4 x 5.6 g,"0,59 €","29,50 €/Kg"
2 filetes de robalo,Iglo,Embalagem de 200g,"1,79 €","7,16 €/Kg"
Café Torrado em Grão Colômbia,Delta,Embalagem de 220g,"9,16 €/Kg","9,16 €/Kg"
Vinho do porto special reserve,V.alegre,Garrafa de 750 ml,"10,99 €","14,65 €/L"
Limão,Programa Origens,embalagem de 500 g,"0,50 €","1,99 €/Kg"
Argolas Romana,PorSi,Embalagem de 400 g,"1,79 €","7,16 €/Kg"
5 gouaches de cores primárias,Domédia,Uma embalagem,"4,79 €","4,79 €/Unidade"
Leite de pastagem meio gordo,Terra Nostra,Embalagem de 1 l,"0,78 €","0,78 €/L"
Licor frutos tropicais,Safari,Garrafa de 700 ml,"16,99 €","24,27 €/L"
Cocktail limão,Bar Royal,Garrafa de 750 ml,"8,49 €","11,32 €/L"
Recarga Esfregona de Microfibras,PorSi,1 unidade,"0,89 €","0,89 €/Unidade"
Bacalhau com natas,PorSi,Embalagem de 380g,"1,79 €","7,16 €/Kg"
Balões latex rosa,PorSi,Embalagem com 24 unidades,"0,59 €","0,59 €/Unidade"
Bolachas bambolitos chocolate e leite,PorSi,Embalagem de 150g,"0,79 €","5,27 €/Kg"
Bloco de Notas Aderente Amarelo,Post-It,100 folhas,"2,19 €","109,50 €/L"
Lava tudo para pavimentos de madeira,Ajax,Embalagem de 1 litro,"4,39 €","14,63 €/L"
Delta solúvel intenso,Delta,Embalagem de 200g,"14,50 €/Kg","14,50 €/Kg"
Forma de papel para bolos 6. 8cm,PorSi,Embalagem com 60 unidades,"0,54 €","0,54 €/Unidade"
Água c/ gás limão,Frize,pack 4 x 0.25 l,"2,85 €","2,85 €/L"
Iogurte aroma de banana,PorSi,Embalagem de 4x125g,"1,87 €","1,25 €/Kg"
Café em cápsulas deqafeitatus,Delta Q,Embalagem de 55 g,"54,36 €/Kg","54,36 €/Kg"
Guardanapos Gold 2 folhas,Renova,Dim.: 39x39cm,"1,29 €","1,29 €/Unidade"
Guardanapos | Dim.: 30 x 33 cm,PorSi,Embalagem com 20 unidades,"1,29 €","1,29 €/Unidade"
Balões latex mistos,PorSi,Embalagem com 24 unidades,"0,59 €","0,59 €/Unidade"
Ambientador gel lavanda,PorSi,150 g,"16,63 €/L","16,63 €/L"
Pudim caseiro de laranja,Royal,Embalagem de 200g,"0,59 €","29,50 €/Kg"
Porto branco,Valadao,Garrafa de 750 ml,"11,99 €","15,99 €/L"
Prato sobremesa | diam.: 19 cm,Servotel,1 un.,"14,99 €","14,99 €/Unidade"
Pizza romana,PorSi,Embalagem de 370g,"2,16 €","6,17 €/Kg"
Marmelada,PorSi,Embalagem de 450g,"1,09 €","2,42 €/Kg"
Marcador Turbo Color x12,Giotto,Uma embalagem,"4,79 €","4,79 €/Unidade"
Crepes de legumes,PorSi,Embalagem de 310g,"1,79 €","7,16 €/Kg"
"Vela em número, nº 6",PorSi,1 unidade,"0,60 €","0,60 €/Unidade"
Néctar clássico de pera,Compal,Garrafa de 200 ml,"0,99 €","0,99 €/L"
Moscatel de Setúbal Superior 10 Anos,Bacalhôa,Garrafa de 0.75 l,"5,99 €","7,99 €/L"
Luvas Comfort Extra Médias / Grandes,Vileda,1 unidade,"4,29 €","4,29 €/Unidade"
Rolo Cozinha Meia Folha Adapt,Colhogar,2 rolos,"4,99 €","4,99 €/Unidade"
Fiambre da perna extra baixo teor de gordura fatias ...,PorSi Viva Bem,Embalagem de 200 g,"0,97 €","6,49 €/Kg"
Chocolate de leite e amêndoas,Milka,Embalagem de 125g,"10,52 €/Kg","10,52 €/Kg"
Café Moagem Universal Honduras,PorSi,Embalagem de 220g,"9,16 €/Kg","9,16 €/Kg"
Queijo fatiado cheddar,PorSi,Embalagem de 150 g,"1,56 €","7,80 €/Kg"
Pao brioche fatiado,PorSi,Embalagem 500G,"0,99 €","1,65 €/Kg"
Feijoada transmontana,Nobre,Embalagem de 420g,"2,35 €","5,60 €/Kg"
Falafel Grão de Bico e Especiarias Green Cuisine,Iglo green,Embalagem de 450g,"2,49 €","8,30 €/Kg"
"Limpa móveis, pistola",Agerul,Embalagem de 500 ml,"3,99 €","7,98 €/L"
Kit de viagem,Colgate,pasta dentífrica + escova,"2,55 €","34,00 €/L"
Forma de papel para bolos 6. 8cm,PorSi,Embalagem com 60 unidades,"1,10 €","1,10 €/Unidade"
Doce light alperce,PorSi,Embalagem de 340g,"4,89 €","19,56 €/Kg"
Gel ativo com lixívia,PorSi,Embalagem de 1.5 l,"1,19 €","0,79 €/L"
"Rebuçados sem açucar vita c, sabor citrinos",Halls,Embalagem de 32G,"0,77 €","3,85 €/Kg"
Caramelos e rebuçados,PorSi,Embalagem de 200g,"1,10 €","4,40 €/Kg"
Salada de fruta em calda,PorSi,Embalagem de 3 x 220 g,"1,99 €","2,37 €/Kg"
Acetona,PorSi,Embalagem de 200 ml,"1,89 €","9,45 €/L"
Café c/ cafeína intenso,Nescafe,Embalagem de 100g,"14,50 €/Kg","14,50 €/Kg"
Bifes da rabadilha de novilho,PorSi,Embalagem de 400 g,"3,29 €","8,23 €/Kg"
Escova plástica (cores sortidas),PorSi,1 unidade,"0,89 €","0,89 €/Unidade"
Piripiri grão,PorSi,Saqueta de 20 g,"0,25 €","0,25 €/Kg"
Esfregão de fibra com cabo depósito com detergente,Fino,embalagem com 5 un. + 1 un.,"2,54 €","2,54 €/Unidade"
Whisky 15 anos c/caixa,J&B,Garrafa de 700 ml,"32,99 €","47,13 €/L"
Spray renova camurça incolor,PorSi,Embalagem de 200 ml,"3,99 €","19,95 €/L"
Bolachas cream cracker sesamo,Vieira,Embalagem de 200g,"0,39 €","3,12 €/Kg"
Bolachas cereais e pepitas de chocolate,PorSi,Embalagem de 400 g,"0,90 €","6,00 €/Kg"
Iogurte mix-in smarties baunilha,Nestle,Embalagem de 2 x 128 g,"1,05 €","1,86 €/L"
Cereais fitness,Nestle,Embalagem de 630g,"3,45 €","26,74 €/Kg"
Almôndegas de bovino,PorSi,Embalagem de 400 g,"3,53 €","8,83 €/Kg"
Bolo de Arroz 70 g,*,,"0,69 €","0,69 €/Unidade"
Abobora cubos,PorSi,Embalagem de 500g,"1,89 €","1,89 €/Kg"
Lasanha bolonhesa,Iglo,Embalagem de 300g,"2,16 €","6,17 €/Kg"
Forra livros,Mab,,"1,69 €","1,69 €/Unidade"
Legumes grelhados,PorSi,Embalagem de 750g,"1,89 €","1,89 €/Kg"
Deco açucar rosa,Vahine,Embalagem de 82g,"1,65 €","20,12 €/Kg"
Borracha para lápis e tinta,Domédia,1 unidade,"3,09 €","3,09 €/Unidade"
Miolo de camarão 80/100,Pescanova,Embalagem de 350g,"8,99 €","25,69 €/Kg"
Cabo de metal com rosca,PorSi,1.20 m,"2,20 €","2,20 €/Unidade"
Cadeira Auto Befix Grupo 2/3,Nania,1 unidade,"42,99 €","42,99 €/Unidade"
Spray tira gorduras,Cillitbang,Garrafa de 500 ml,"1,19 €","0,79 €/L"
Whiskey bourbon,J.daniels,Garrafa de 700 ml,"32,99 €","47,13 €/L"
Bolacha de aveia e laranja sem glúten,Gullon,Embalagem de 180 g,"4,29 €","20,43 €/Kg"
Vassoura cruzeta,PorSi,1 unidade,"2,20 €","2,20 €/Unidade"
Framboesa,Fruta do Dia,Embalagem com 250g,"2,55 €","20,40 €/Kg"
Ração para gato esterilizado com peru,Friskies,Embalagem de 3 kg,"12,99 €","4,33 €/Kg"
"Abacaxi ""Avião"" categoria II",*,Vendido ao peso (1un = 1.5 kg aprox.),"2,50 €","1,25 €/Kg"
Secretos,Porco,1 un = 200 gr (aprox.),"4,89 €","4,89 €/Kg"
"Vinho rosé, meio seco",Leziria,Garrafa de 750 ml,"4,29 €","5,72 €/L"
Água c/ gás groselha,Frize,pack 4 x 0.25 l,"2,85 €","2,85 €/L"
Nestum 5 cereais,Nestum,Embalagem de 250g,"2,19 €","8,76 €/Kg"
Leite Bem Essencial Chocolate,Mimosa,Embalagem de 4 x 200 ml,"0,26 €","1,30 €/L"
Gelado magnum after dinner,Olá,Embalagem de 10 x 35 ml,"5,99 €","16,64 €/L"
Fraldas Activity Extra T5 |13-19 kg,Dodot,48 Unidade,"6,49 €","6,49 €/Unidade"
Escova para limpar camurça,Sonaf,1 unidade,"3,99 €","19,95 €/L"
Recarga para ambientador elétrico flor de cerejeira,Air Wick,19 ml,"11,98 €","11,98 €/Unidade"
Palito com pele original style,MCCAIN,Embalagem de 500g,"1,39 €","1,39 €/Kg"
Limpa Motores,PorSi,Embalagem de 1 l,"3,99 €","0,80 €/L"
"Ambientador spray, aerosol, relax zen",Glade,Embalagem de 300 ml,"2,59 €","8,63 €/L"
"Papel higiénico, seda, folha tripla, 4+2 rolos",Foxy,1 embalagem,"1,99 €","1,99 €/Unidade"
Grelha Quadrada Nº4 Zincada,Jomafe,"32x23 cm, 1 unidade","0,75 €","0,75 €/Unidade"
Farinha de trigo sem fermento t65,PorSi,Embalagem de 1 kg,"1,99 €","1,99 €/Kg"
Havana club-añejo 7 anos,Havana,Garrafa de 700 ml,"20,99 €","29,99 €/L"
Pai Natal de Chocolate,PorSi,Embalagem de 125 g,"18,50 €/Kg","18,50 €/Kg"
Bolachas cacau com recheio baunilha,PorSi,Embalagem de 176 g,"0,79 €","4,49 €/Kg"
Sublinhador Brite Liner - 3+1,Bic,1 unidade,"2,79 €","2,79 €/Unidade"
Bebida de Soja Natural,PorSi Viva Bem,Pack: 3 x 200 ml,"2,49 €","2,49 €/L"
Bolacha dibus sharkies s/ glúten,Gullon,Embalagem de 250g,"1,89 €","15,75 €/Kg"
Kit escovas de dentes,Tigex,1 conjunto,"9,79 €","9,79 €/Unidade"
Ambientador recarga lavanda,Air Wick,Garrafa de 250 ml,"11,98 €","11,98 €/Unidade"
"Gel banho, hidratante lactourea",Lactovit,Embalagem de 650 ml,"6,49 €","8,65 €/L"
Vermute rosso,Martini,Garrafa de 0.75 l,"5,90 €","8,43 €/L"
Spray recarga limpeza da cozinha,Cif,embalagem de 70 ml,"0,79 €","0,79 €/L"
Iogurte magro natural,Longa vida,Embalagem de 6 x 120 g,"0,99 €","1,32 €/Kg"
Serpentinas,Mercagranel,Embalagem 20 Rolos,"0,59 €","0,59 €/Unidade"
Mousse limpeza refresh,Labell,Embalagem com 150ml,"12,48 €/L","12,48 €/L"
Bolachas belgas manteiga,PorSi,Embalagem de 250g,"1,69 €","6,76 €/Kg"
Alface Programa Origens,PorSi,Embalagem de 150 g,"1,09 €","4,36 €/Kg"
Leite condensado,Nestle,Embalagem de 370g,"1,09 €","2,75 €/Kg"
Pensos resistentes à água,PorSi,Embalagem com 15 unidades,"1,69 €","1,69 €/Unidade"
Tampões ProComfort Normal,O.B.,1 Embalagem c/32 unidades,"3,99 €","3,99 €/Unidade"
"Água com gás, sabor limão",PorSi,"Embalagem de 6x0,25 l","2,85 €","2,85 €/L"
Escalopes,Peru,1 un = 150 gr (aprox.),"2,72 €","6,80 €/Kg"
Dourada,Programa Origens,1 un= 400 grs (aprox.),"4,80 €","11,99 €/Kg"
Comida húmida para gato carnes e legumes com molho,PorSi,Embalagem de 1.2 kg,"3,49 €","10,26 €/Kg"
Chocolate de leite L'Atelier com muesli e caramelo s...,Nestle,Embalagem de 170g,"1,19 €","11,90 €/Kg"
Creme Depilatório Peles Sensíveis,Veet,Embalagem de 200 ml,"3,29 €","3,29 €/Unidade"
Bebida de côco e arroz com cálcio,COCO DREAM,Garrafa de 1 l,"2,19 €","2,19 €/L"
Bolachas digestive chocolate,PorSi,Embalagem de 300g,"0,98 €","3,27 €/Kg"
Formas de alumínio 950 ml,PorSi,5 unidades,"1,10 €","1,10 €/Unidade"
Ervilhas bio,PorSi Bio,Frasco com 290 g,"2,99 €","5,98 €/Kg"
2 Vieiras Gratinadas À Bretanha,PorSi Select,220 g,"2,49 €","8,30 €/Kg"
Massa macarronete riscado,PorSi,Embalagem de 500g,"0,89 €","1,78 €/Kg"
Café solúvel c/ cafeína,Delta,Embalagem de 100g,"14,50 €/Kg","14,50 €/Kg"
Pavilhão Politileno Branco,*,Dim.: 2x3 m,"32,99 €","32,99 €/Unidade"
Papaia em calda,Globo,Embalagem de 425g,"1,99 €","2,37 €/Kg"
Big burger frango,Capitão Iglo,Embalagem de 230g,"3,53 €","8,83 €/Kg"
Senses Tropical,Trident,1 un.,"0,68 €","45,33 €/Kg"
Água de coco biológica,Isola,Garrafa de 500 ml,"1,59 €","1,59 €/L"
Leite uht gordo com rosca,PorSi,Embalagem de 1 litro,"0,94 €","0,94 €/L"
Vinho Dão Mélange à 3 Tinto,Carvalhais,Garrafa de 0.75 l,"3,99 €","5,32 €/L"
Panado de espinafres e queijo vegetariano,Garden Gourmet,Embalagem de 180g,"9,30 €/Kg","9,30 €/Kg"
Farinha de fubá de milho,Nacional,Embalagem de 1 kg,"1,99 €","1,99 €/Kg"
Café em grão 5 estrelas,Sical,Embalagem de 250g,"9,16 €/Kg","9,16 €/Kg"
Pudim de caramelo,Boca Doce,Embalagem de 20g,"0,59 €","29,50 €/Kg"
Cola Stic Renature,Uhu,Embalagem com 21 g,"2,49 €","2,49 €/Unidade"
Batata frita churrasco,PorSi,Embalagem de 185 g,"1,19 €","6,43 €/Kg"
Iogurte Oikos de Ananás,Danone,Embalagem de 4x110g,"1,49 €","2,98 €/Kg"
Pringles sour cream & onion,Pringles,Embalagem de 175g,"1,19 €","6,43 €/Kg"
Ração para gato adulto de interior,Friskies,Embalagem de 3 kg,"12,99 €","4,33 €/Kg"
Gogo SqueeZ Snack Pêssego,Gogo,Embalagem de 90g,"2,29 €","6,94 €/L"
Strudel de maçã,PorSi,Embalagem de 550 g,"2,49 €","7,55 €/Kg"
Adoçante green em pó,Canderel,Embalagem de 40g,"5,99 €","23,96 €/Kg"
Ambientador automático lavanda,PorSi,250 ml,"2,59 €","8,63 €/L"
Adoçante à base de sucralose em pó,PorSi,Embalagem de 90g,"5,99 €","23,96 €/Kg"
Mojito,Bacardi,Garrafa de 0.70 l,"20,99 €","29,99 €/L"
Fruta Compal Essencial Laranja,Compal,pack de 3 x 110 ml,"2,29 €","6,94 €/L"
Farinha coco bio,Origensbio,Embalagem de 250g,"1,89 €","3,78 €/Kg"
Abanico de palha com cabo,Larmil,1 unidade,"0,75 €","0,75 €/Unidade"
Arroz extra longo branco,Oriente,Embalagem de 1kg,"0,99 €","0,99 €/Kg"
Azeite Subtil,Gallo,Garrafa de 750 ml,"3,19 €","4,25 €/L"
Salsichas frescas de porco tipo brasileiro,PorSi,400 g,"0,69 €","6,89 €/Kg"
Fralda Cueca Extra Tamanho 3,Dodot,Embalagem com 64 uni.,"8,49 €","8,49 €/Unidade"
Mignonnettes Moir de Noir,Cote D'or,Embalagem de 240 g,"16,67 €/Kg","16,67 €/Kg"
Pizza barbecue,Campofrio,Embalagem de 410g,"0,99 €","4,30 €/Kg"
Barras de cereais de trigo integral com chocolate e ...,Nestle,Embalagem de 135 g,"1,29 €","10,24 €/Kg"
Cocktail de marisco,PorSi,Embalagem de 400 g,"2,19 €","8,59 €/Kg"
"Pasta de arquivo, lombada estreita, amarela",Domédia,1 unidade,"1,69 €","1,69 €/Unidade"
Bio muesli aveia/frutas,Simple,Embalagem de 400g,"3,99 €","11,40 €/Kg"
Sopa miso,BLUEDRAGON,Embalagem de 92g,"0,84 €","13,55 €/Kg"
"Vela em número, nº 8",PorSi,1 unidade,"0,60 €","0,60 €/Unidade"
Buondi café em grão,Buondi,Embalagem de 220g,"9,16 €/Kg","9,16 €/Kg"
Refresco pó laranja,PorSi,Embalagem de 40g,"0,75 €","18,75 €/Kg"
Recarga p/ Esfregona |Eco,Vileda,,"0,89 €","0,89 €/Unidade"
Twins,Gullon,pack 2 x 154 g,"1,45 €","11,15 €/Kg"
Cogumelo Portobello Laminado,Legumes do Dia,embalagem de 300 g,"1,00 €","4,99 €/Kg"
Leite com chocolate,Agros,Embalagem de 1 litro,"0,26 €","1,30 €/L"
Elixir Bocal Complete,Oral B,Embalagem de 500 ml,"5,99 €","11,98 €/L"
Gel Intimo Suave,Corine de Farme,250 ml,"0,59 €","5,90 €/L"
Cacetinho de trigo integral,Pão do Dia,90 g,"0,19 €","2,38 €/Kg"
Fiambre da pá fatiado,PorSi,200 g,"0,97 €","6,49 €/Kg"
"Rolos cozinha absorção Ultra, Maxi, 2 rolos",Foxy,1 embalagem,"4,99 €","4,99 €/Unidade"
Escova dentes kids minions bateria,Colgate,1 un.,"1,19 €","1,19 €/Unidade"
Knorr sopa gourmet b.doce e abobora 49gr,Knorr,Embalagem de 70g,"0,84 €","13,55 €/Kg"
Collant opac microfibras preto 60D,PorSi,Tamanho: m,"1,89 €/Unidade","1,89 €/Unidade"
Corn flakes sem açúcar bio,Origensbio,Embalagem de 250 g,"1,49 €","2,98 €/Kg"
Óleo Performa 5W40 Sintetico,Galp,Embalagem de 5 l com oferta limpa vidros Ecauto 5L,"14,99 €","14,99 €/L"
Rolo de cozinha reciclado,PorSi,4 rolos,"4,99 €","4,99 €/Unidade"
Chocolate Extra Dark,After Eight,Embalagem de 400 g,"2,39 €","47,80 €/Kg"
Sumo florida,Sunny d,"Embalagem de 0,31 l","3,99 €","3,99 €/L"
Espresso café arábica,PorSi,250 ml,"3,19 €","25,52 €/Kg"
Tremoços extra,PorSi,Vendido ao peso a partir de 500 g,"1,00 €","3,99 €/Kg"
Mousse chocolate leite,Alsa,Embalagem de 150g,"2,99 €","6,64 €/Kg"
Café torrado moído masaka,Sical,Embalagem de 220g,"9,16 €/Kg","9,16 €/Kg"
Batata frita lisas originais,Lay's,Embalagem de 160g,"1,06 €","5,73 €/Kg"
12 Preservativos Adapta Finíssimo XL,Control,,"4,99 €","4,99 €/Unidade"
Loção corporal,Nivea,Embalagem de 400 ml,"12,48 €/L","12,48 €/L"
Banda térmica alivio dor muscular 29x9cm,PorSi,Embalagem de 2 unidades,"1,69 €","1,69 €/Unidade"
Chá Aromatizado Pirâmide Mel/Limão/Ginseng,PorSi,20 x 2 g,"44,50 €/Kg","44,50 €/Kg"
Óleo extra virgem de coco,Origensbio,Garrafa de 200 ml,"3,39 €/L","3,39 €/L"
"Spray depilatório, peles sensiveis",Veet,Garrafa de 150 ml,"10,99 €","73,27 €/L"
Cuecas de incontinência Plus G,Ausonia,Uma embalagem - 8Unidades,"9,99 €","9,99 €/Unidade"
Filetes primavera cereais de espelta,Iglo,Embalagem de 250 g,"1,79 €","7,16 €/Kg"
Salsichas frescas | 3 Merguez e 3 Chipolata,PorSi,330 g,"1,99 €","9,48 €/Kg"
Queijo de vaca curado light amanteigado,PorSi,+/- 550 g,"25,45 €/Kg","25,45 €/Kg"
Néctar light de manga/laranja,Compal,Pack 3 x 200 ml,"0,84 €","2,55 €/L"
Sangria tinta,PorSi,Garrafa de 1.5 litros,"2,39 €","1,59 €/L"
Arroz agulha América do Sul,PorSi,Embalagem de 1 kg,"0,99 €","0,99 €/Kg"
Sacos cubos de gelo fecho manual,PorSi,Embalagem com 10 unidades,"1,11 €","1,11 €/Unidade"
Camisola segunda pele 30D preto t. único,PorSi,1 unidade,"4,69 €/Unidade","4,69 €/Unidade"
Lava Tudo Amoniacal,Sonasol,4 litros,"0,99 €","0,50 €/L"
Batata roxa,Legumes do Dia,Embalagem de 5 kg,"0,35 €","1,39 €/Kg"
Pão Regional Rio Maior Inteiro,Pão do Dia,1 unidade= 450 g,"0,19 €","2,38 €/Kg"
Pensos Higiénicos Cottonlike Normal Abas,Evax,embalagem de 16 unidades,"4,99 €","4,99 €/Unidade"
Insecticida Casa e Plantas,Raid,400 ml,"5,49 €","13,73 €/L"
Iogurte natural sem açúcares adicionados,Yogolino,Embalagem de 400g,"1,05 €","1,86 €/L"
"Escova dentes, slim soft, média",Colgate,1 unidade,"3,49 €","3,49 €/Unidade"
Queijo creme de camembert,Président,embalagem de 125 g,"1,49 €","7,45 €/Kg"
Papa infantil láctea banana laranja +6 meses,Cerelac,Embalagem de 250g,"4,49 €","4,49 €/Kg"
Iogurte pedaços morango,PorSi,Embalagem de 4x125g,"4,36 €","2,18 €/Kg"
"Rolos de cozinha compactos, branco, 2 unidades",PorSi,Uma embalagem,"4,99 €","4,99 €/Unidade"
"Argolas, brancas, autocolante, 160 unidades, 13 mm",Domédia,1 embalagem,"2,19 €","109,50 €/L"
Salsicha Fresca com Ervas,Porco,1 un = 100 gr (aprox.),"0,69 €","6,89 €/Kg"
Bola de yoga,Innovagoods,1 unidade,"4,49 €","4,49 €/Unidade"
Coxinhas de frango,PorSi,Embalagem de 360g,"9,30 €/Kg","9,30 €/Kg"
Cafe rossio m.unica 250g,Nicola,Embalagem de 250g,"9,76 €/Kg","9,76 €/Kg"
Dinosaurus chocoleche 340gr.         *12,Artiach,Embalagem de 340g,"1,89 €","15,75 €/Kg"
Vinho doc dão tinto,Santar,Garrafa de 0.75 l,"3,99 €","5,32 €/L"
Goiabada,PorSi,600 g,"1,09 €","2,42 €/Kg"
Sal Himalaias Grosso,Origens Bio,1 Embalagem 500G,"0,25 €","0,25 €/Kg"
Refrigerante  c/ gás regular,Coca-Cola,pack 4 x 1 l,"0,40 €/L","0,40 €/L"
Doce framboesa e romã,ST.DALFOUR,Frasco de 284g,"2,19 €","9,95 €/Kg"
Infusão lúcia lima,PorSi,Embalagem de 35 g,"20,91 €/Kg","20,91 €/Kg"
Achocolatado em saco,Nesquik,Embalagem de 1 kg,"5,39 €","7,19 €/Kg"
Leite c/ cacau original,Cacaolat,Garrafa de 1 l,"0,26 €","1,30 €/L"
Bolachas,Oreo,Embalagem de 220g,"0,79 €","4,49 €/Kg"
Nestum zero arroz,Nestum,Embalagem de 250 g,"4,49 €","4,49 €/Kg"
Amaciador Roupa Chá Branco & Peônia,Vernel,76 doses,"3,99 €","3,99 €/Unidade"
Rolhas de cortiça,PorSi,6 unidades,"10,99 €","10,99 €/Unidade"
"Pasta de limpeza com oxigénio activo, 48 unidades",Polident,Uma embalagem,"7,39 €","105,57 €/Kg"
Vinho do porto malvasia branco,Rcv,Garrafa de 750 ml,"11,99 €","15,99 €/L"
Café solúvel creme,Nescafe,Embalagem de 100g,"14,50 €/Kg","14,50 €/Kg"
Tablete de chocolate culinário branco,PorSi,Embalagem de 180 g,"1,19 €","11,90 €/Kg"
Canja de galinha económica,Knorr,Embalagem de 60g,"0,84 €","13,55 €/Kg"
Tampão Normal,O.B.,1 Embalagem c/32 unidades,"3,99 €","3,99 €/Unidade"
Batata frita ondulada wavy,PorSi,Embalagem de 185 g,"1,06 €","5,73 €/Kg"
Pilha alcalina heightech lr6x4,Domédia,1 unidade,"2,99 €","2,99 €/Unidade"
Pudim flan zero açúcares adicionados,El mandari,Embalagem de 30g,"0,59 €","29,50 €/Kg"
"Detergente manual de loiça, ultra limão",PorSi,Embalagem de 500 ml,"0,99 €","1,98 €/L"
Paté de sardinha,PorSi,Embalagem de 4 x 22 g,"1,19 €","13,52 €/Kg"
Puré de batata,PorSi,Embalagem com 750 g,"1,39 €","1,39 €/Kg"
Detergente em gel máquina lavar roupa universal,Persil,85 doses,"8,69 €","1,84 €/Kg"
Ice tea pessêgo,Lipton,pack 6 x 0.25 l,"1,14 €","0,76 €/L"
"Bolachas, cobertura com chocolate branco",Oreo,Embalagem de 250g,"0,79 €","5,27 €/Kg"
Pasta dentífrica herbal branqueadora,Colgate,Embalagem de 75 ml,"2,55 €","34,00 €/L"
Bebida energética,Red Bull,Pack 4 x 0.25 l,"5,96 €","5,96 €/L"
"Cerveja com álcool, tara perdida",Kings Bräu,pack 24 x 0.25 l,"1,99 €/L","1,99 €/L"
Vermute Floreale sem Álcool,Martini,Garrafa de 750 ml,"11,99 €","11,99 €/L"
Tablete de chocolate de leite,Toblerone,Embalagem de 100g,"5,30 €/Kg","5,30 €/Kg"
"Pasta de arquivo, lombada estreita, vermelha",Domédia,1 unidade,"1,69 €","1,69 €/Unidade"
Preparado para arroz de marisco,Brasmar,Embalagem de 450 g,"1,79 €","7,16 €/Kg"
Collant opac microfibra preto 60D,PorSi,Tamanho: l,"1,89 €/Unidade","1,89 €/Unidade"
Aguardente Vínica Velha,Curvada de Velha,Garrafa de 70 cl,"12,90 €","18,43 €/L"
Bombons Chocolate,Candycat,Embalagem de 230G,"2,39 €","47,80 €/Kg"
Café em cápsulas  qonvictus,Delta Q,Embalagem de 55 g,"54,36 €/Kg","54,36 €/Kg"
Batata pré-frita tradition,MCCAIN,Embalagem de 1 kg,"1,39 €","1,39 €/Kg"
Leite de pastagem meio-gordo,Terra Nostra,Embalagem de 1 litro,"0,78 €","0,78 €/L"
Gomas tropifrutti,Haribo,Embalagem de 100g,"1,19 €","3,97 €/Kg"
Café 5 estrelas moído tradição,Sical,Embalagem de 250g,"9,76 €/Kg","9,76 €/Kg"
Gomas funky mix,Haribo,Embalagem de 100g,"1,19 €","3,97 €/Kg"
Tortellini ricotta e espinafres,Rana,Embalagem de 250g,"0,99 €","4,30 €/Kg"
Liégeois Sobremesa de Café,Páturages,Embalagem de 4x100 g,"0,55 €","2,75 €/Kg"
"Adubo Liquido, Orquídea",KB,Embalagem de 250 ml,"2,99 €","11,96 €/L"
Bolacha recheada mega duo chocolate,Gullon,Embalagem de 500g,"2,15 €","2,87 €/Kg"
Barras de cereais golden grahams,Nestle,Embalagem de 150g,"1,29 €","10,24 €/Kg"
"Mala ""Aprendo a Somar e a Subtrair""",Educa,1 unidade,"6,20 €","6,20 €/Unidade"
Alimento húmido para cão vaca,Pedigree,Embalagem de 300g,"0,75 €","2,50 €/Kg"
Manteiga com sal,Novacores,Embalagem de 250g,"1,69 €","6,76 €/Kg"
Bolacha waffer cacau,Waferland,Embalagem de 175g,"0,98 €","4,67 €/Kg"
Vinagre balsâmico,PorSi,Embalagem de 250 ml,"0,35 €","0,70 €/L"
Sacos lixo com alças 25 litros,PorSi,30 unidades,"1,79 €","1,79 €/Unidade"
Puré de batata,Maggi,Embalagem de 250g,"1,99 €","1,99 €/Kg"
Mamão,Fruta do Dia,"1 un = 1,5 kg (aprox.)","2,29 €/Kg","2,29 €/Kg"
Limão,Fruta do Dia,1 un = 200 gr (aprox.),"0,50 €","1,99 €/Kg"
Fermento em po 4x25g,PorSi,Embalagem de 100g,"1,65 €","20,12 €/Kg"
Trinca de arroz,PorSi,Embalagem de 1 kg,"1,15 €/Kg","1,15 €/Kg"
Creme vegetal para barrar de chocolate,Tulicreme,Embalagem de 200g,"4,29 €","12,62 €/Kg"
Crocante frango integrais,Iglo,Embalagem de 180g,"9,30 €/Kg","9,30 €/Kg"
"Chocolate kit kat, single",Kit kat,Embalagem de 40g,"3,59 €","14,36 €/Kg"
Sumo 100% maçã,PorSi,pack 3 x 200 ml,"1,09 €","0,73 €/L"
Mousse de chocolate leite,Páturages,Embalagem de 4x60 g,"1,45 €","3,15 €/Kg"
"Sopa gourmet, cogumelos",Knorr,Embalagem de 60g,"0,84 €","13,55 €/Kg"
Vodka,ON/OFF,Garrafa 0.70L,"19,90 €","19,90 €/L"
Molho tomate com azeitonas,PorSi,Frasco de 420g,"0,70 €","2,33 €/Kg"
Massa de cotovelinhos,Nacional,Embalagem de 500g,"0,89 €","1,78 €/Kg"
Pastilhas peppermint,CHICLETS,Embalagem de 17 g,"0,68 €","45,33 €/Kg"
Pasta de açúcar bege,PorSi,250 g,"1,49 €","1,49 €/Kg"
Açúcar mascavado,PorSi,Embalagem de 500g,"1,49 €","1,49 €/Kg"
Batata pré-frita rodelas para saltear,PorSi,Embalagem de 1 kg,"1,39 €","1,39 €/Kg"
Autobrilhante Castanho,Búfalo,Embalagem de 50 ml,"0,99 €","330,00 €/Kg"
Camarão selvagem de Madagáscar 60/80,*,Vendido ao peso,"2,00 €","7,99 €/Kg"
Tablete triple caramelo,Milka,Embalagem de 90g,"5,30 €/Kg","5,30 €/Kg"
Ketchup,Calve,Embalagem de 280g,"0,70 €","2,33 €/Kg"
Whisky 10 anos,Bushmills,Garrafa de 700 ml,"32,99 €","47,13 €/L"
Tablete de chocolate de leite com amêndoas,PorSi,100 g,"10,52 €/Kg","10,52 €/Kg"
"Chocolate l'atelier com passas, amêndoas e avelãs",Nestle,195 g,"10,52 €/Kg","10,52 €/Kg"
Spray bolor e sujidade,Cillitbang,Garrafa de 500 ml,"1,19 €","0,79 €/L"
"Inseticida, recarga, elétrico, pack 2",Raid,1 embalagem com 2x27ml,"7,69 €","7,69 €/Unidade"
Forma Pão de Ló Antiaderente 24cm,PorSi,1 unidade,"9,99 €/Unidade","9,99 €/Unidade"
Dentifríco anti-tártaro + branqueador,Colgate,Embalagem de 75 ml,"2,55 €","34,00 €/L"
Alimento lácteo cereais e bolachas maria +6 meses,Yogolino,Embalagem de 4 x 100 g,"2,89 €","7,23 €/Kg"
Gelatina de ananás,Koala,Embalagem de 130g,"0,85 €","2,13 €/Kg"
Chili com carne,Itinéraire des Saveurs,Embalagem 300G,"2,35 €","5,60 €/Kg"
Mimosa bem especial leite e aveia,Mimosa,Embalagem de 1 litro,"2,19 €","2,19 €/L"
Leite de pastagem biológico meio gordo,Milhafre,1 litro,"0,78 €","0,78 €/L"
Cerveja c/ álcool,Sagres,pack 15 x 0.33 l,"1,99 €/L","1,99 €/L"
Pasta de açúcar branco,PorSi,250 g,"1,49 €","1,49 €/Kg"
Bolo de chocolate brownie,Milka,Embalagem de 150g,"1,69 €","8,45 €/L"
Atum posta em azeite,Bom petisc,Embalagem de 120 g,"0,89 €","7,42 €/Kg"
Elixir oil,Gliss,Embalagem de 75 ml,"1,59 €","7,95 €/L"
Cogumelos inteiros,PorSi,Embalagem de 355 g,"1,79 €","2,29 €/Kg"
Cobertura tábua de engomar,PorSi,Dim.: 120 x 42 cm,"16,50 €","16,50 €/Unidade"
Super pequeno almoço instantâneo de curcuma e abóbor...,Origensbio,Embalagem de 300 g,"11,44 €/Kg","11,44 €/Kg"
Cerveja 0.0%,Sagres,Lata 0.33 l,"5,99 €","3,03 €/L"
Manjericão margão,Margao,Embalagem de 13 g,"0,25 €","0,25 €/Kg"
Toping chocolate milka,Royal,Embalagem de 300g,"1,29 €","3,23 €/Kg"
Escova dentifrica 360º advanced média,Colgate,1 unidade,"3,49 €","3,49 €/Unidade"
Tinta Decorativa Verde,Domédia,2.5 litros,"14,99 €","1,00 €/L"
Fio dentário fluór+menta 50m,Labell,1 unidade,"3,49 €","3,49 €/Unidade"
Aperitivos 3d's cones,3d's,Embalagem de 90g,"0,79 €","7,90 €/Kg"
As minhas primeiras receitas - refeição esparguete c...,Nestle,Embalagem de 190g,"1,89 €","9,95 €/Kg"
Areia para gato,Catsan,Embalagem com 10 litros,"1,19 €","0,24 €/Kg"
Saqueta de puré de fruta | maçã + manga + pêssego,PorSi,90 g,"0,74 €","8,22 €/Kg"
Mistura para carnes,PorSi,Embalagem de 40g,"0,25 €","0,25 €/Kg"
Abrasivo wc gel ecologico,PorSi,Garrafa de 1 l,"0,99 €","1,32 €/L"
Frutose,PorSi,Boião de 410 g,"5,99 €","23,96 €/Kg"
Tablete de chocolate negro,PorSi,Embalagem de 100 g,"16,67 €/Kg","16,67 €/Kg"
Café grão bio,PorSi Bio,Embalagem de 250g,"9,16 €/Kg","9,16 €/Kg"
Pilha alcalina classic lr03x4,Domédia,1 unidade,"2,99 €","2,99 €/Unidade"
Faca chefe 20 cm madeira,PorSi,1 unidade,"3,65 €","3,65 €/Unidade"
Drops cream,Heller,Embalagem de 140g,"2,75 €","11,00 €/Kg"
Guardanapos com riscas verdes | Dim.: 33 x 33 cm,PorSi,Embalagem com 20 unidades,"1,29 €","1,29 €/Unidade"
Marcadores para colorir,Domédia,embalagem com 18 unidades,"3,09 €","3,09 €/Unidade"
Pastilhas limpa próteses,Labell,embalagem com 36 unidades,"7,39 €","105,57 €/Kg"
"Pasta dentífrica, proteção branqueador",Labell,Embalagem de 75 ml,"2,55 €","34,00 €/L"
Champô miracle volume + nutrição,Pantene,225 ml,"5,59 €","13,98 €/L"
Vinho Verde Loureiro Branco,Aveleda,Garrafa de 0.75 l,"3,09 €","3,09 €/L"
11 Nuggets de Proteína Vegetal Polme Estilo American...,Iglo green,Embalagem de 220g,"2,49 €","8,30 €/Kg"
Fita adesiva,PorSi,5m x 2.5 cm,"1,69 €","1,69 €/Unidade"
Collant mousse muskade 20D,PorSi,Tamanho: l,"1,89 €/Unidade","1,89 €/Unidade"
Queijo de azeitão dop,PorSi Select,Embalagem de 255 g,"25,45 €/Kg","25,45 €/Kg"
Gelatina pronta a comer light 10 kcal mirtilo,Royal,Embalagem de 4 x 100 g,"0,85 €","2,13 €/Kg"
"Creme para mãos, caixa familiar",Nivea,Embalagem de 250 ml,"2,59 €","25,90 €/L"
Chocolate culinário branco,Pantagruel,Embalagem de 200g,"1,04 €","8,32 €/Kg"
Corta unhas com tampa,Bebéconfort,1 unidade,"3,99 €","3,99 €/Unidade"
Papa infantil láctea maçã +6 meses,Cerelac,Embalagem de 250g,"4,49 €","4,49 €/Kg"
Circuito fechado rosa -5º,Redex,Embalagem de 5 l,"14,99 €","14,99 €/L"
Cogumelos laminados 1/2,PorSi,Embalagem de 355 g,"1,79 €","2,29 €/Kg"
Spray anti calcário,Cif,Garrafa de 435 ml,"3,19 €","6,38 €/L"
Doce de cereja s/ açúcar adicionado,PorSi,Frasco com 220 g,"2,19 €","9,95 €/Kg"
Spray Limpeza para aço inoxidável,Induclean,450 ml,"1,29 €","1,72 €/L"
Extra vitamina de a a z,PLANTANATU,Embalagem de 1 unidades,"9,69 €","9,69 €/Unidade"
Spray recarga limpeza da casa de banho,Cif,embalagem de 70 ml,"0,79 €","0,79 €/L"
Aperitivos tex mex,Doritos,Embalagem de 120g,"0,79 €","7,90 €/Kg"
Cama de Viagem,SafetyBaby,1 un.,"42,99 €","42,99 €/Unidade"
Creme de dia para pele seca,Labell,Embalagem de 50 ml,"2,99 €","59,80 €/L"
"Chocolate, tripack",Pintarolas,Embalagem de 70g,"11,98 €/Kg","11,98 €/Kg"
Cerveja c/ álcool,Super Bock,Pack 15 X 0. 33L,"1,99 €/L","1,99 €/L"
Pack de 3 lâmpadas 7W LED E27,BDC,1 embalagem,"3,99 €","3,99 €/Unidade"
Vinho branco península de setúbal,Periquita,Garrafa de 0.75 l,"8,59 €","11,45 €/L"
Bolachas waffers baunilha,PorSi,Embalagem de 210g,"0,98 €","4,67 €/Kg"
Pickles em vinagre,PorSi,Embalagem de 200 g,"1,79 €","2,29 €/Kg"
Água de rosas,Hidro,Embalagem de 200 ml,"0,76 €","0,76 €/Unidade"
6 Salsichas de porco,Nobre,Lata de 120g,"0,75 €","3,75 €/Kg"
Amaciador Roupa lavanda,PorSi,Embalagem de 60 doses,"3,99 €","3,99 €/Unidade"
Biscoitos integrais aveia e cacau,PorSi Viva Bem,Embalagem de 150g,"1,45 €","11,15 €/Kg"
Farinha para pão rústico,Nacional,Embalagem de 1 kg,"1,99 €","1,99 €/Kg"
Bolacha maria dourada,PorSi,Embalagem de 800g,"2,11 €/Kg","2,11 €/Kg"
Inseticida moscas e mosquitos,Dum Dum,Garrafa de 300 ml,"5,09 €","8,48 €/L"
Coco ralado bio,PorSi Bio,Embalagem de 200 g,"1,89 €","3,78 €/Kg"
Preparado de tarte de flã,PorSi,360 g,"1,69 €","8,45 €/L"
"Rolo de cozinha design xxl, 3 rolos",Renova,Embalagem de 3 unidades,"4,99 €","4,99 €/Unidade"
Tablete chocolate de iogurte morango,Milka,Embalagem de 100g,"5,30 €/Kg","5,30 €/Kg"
Queijo flamengo fatias light,PorSi,Embalagem de 200g,"1,56 €","7,80 €/Kg"
Mopa 1.2 spray max,Vileda,1 unidade,"2,20 €","2,20 €/Unidade"
Vela com número nº 5,PorSi,1 unidade,"0,60 €","0,60 €/Unidade"
Arroz Carolino,Cigala,Embalagem de 1 kg,"0,99 €","0,99 €/Kg"
Iogurte liquido proteína yopro morango/framboesa,Yopro,300 g,"1,19 €","1,86 €/Kg"
Chourico picante beiras,PorSi,Embalagem de 290g,"1,22 €","6,78 €/Kg"
"Máquina Tripla Matrix, + 5 unidades",Labell Men,Uma embalagem,"1,24 €","4,96 €/L"
Piscina fast set,Bestway,Dim.: 244 x 61 cm,"4,90 €","4,90 €/Unidade"
Serum Lift + Serum Preenchedor,Diadermine,Embalagem de 30ml,"2,99 €","59,80 €/L"
Muslitos do mar,Pescanova,Embalagem de 250 g,"2,19 €","8,59 €/Kg"
"Bebida láctea especial crescimento, 1-3 anos",Mimosa,Garrafa de 1 l,"0,26 €","1,30 €/L"
Iogurte 0% pedaços amora e framboesa,Longa vida,Embalagem de 4 x 120 g,"4,36 €","2,18 €/Kg"
Tablet waves caramelo,Milka,Embalagem de 81 g,"5,30 €/Kg","5,30 €/Kg"
Chouriço fatiado,Campofrio,Embalagem de 80g,"1,35 €","16,88 €/Kg"
Gel Banho Excite,Axe,Embalagem de 400 ml,"5,99 €","14,98 €/L"
Jogo Atmosfear,Educa,1 unidade,"34,99 €","34,99 €/Unidade"
Vinho regional alentejano tinto,Qta.carmo,Garrafa de 0.75 l,"2,89 €","3,85 €/L"
Ricore,Nestle,Embalagem de 260g,"0,99 €","3,96 €/Kg"
Alimento seco p/ cão sénior,HappyOne,Embalagem de 4 kg,"1,15 €/Kg","1,15 €/Kg"
Sobremesa danette chocolate,Danone,Embalagem de 4 x 125 g,"1,45 €","3,15 €/Kg"
Balde com pedal metalizado 26l,PorSi,Embalagem de 1 unidades,"2,50 €","2,50 €/Unidade"
Néctar ananás,Compal,pack 3 x 200 ml,"0,99 €","0,99 €/L"
30 douradinhos,Capitão Iglo,Embalagem de 840g,"4,39 €","10,98 €/Kg"
Ambientador aerossol 5 em 1 frescura água,PorSi,300 ml,"2,59 €","8,63 €/L"
Lava tudo amoniacal,Sonasol,"Garrafa de 3,5 l","0,99 €","0,50 €/L"
Batata frita ondulada wavy,PorSi,Embalagem de 180g,"1,06 €","5,73 €/Kg"
Farinha 8 cereais e mel,Nutriben,Embalagem de 300g,"4,49 €","4,49 €/Kg"
"M&m's drageias de chocolate de leite,",M&m's,Embalagem de 45g,"11,98 €/Kg","11,98 €/Kg"
Wafers com creme de cacau sem glúten,Schar,Embalagem de 120 g,"0,98 €","4,67 €/Kg"
Iogurte liquido sem lactose natural açucarado,PorSi Viva Bem,Embalagem de 4 x 160 g,"2,79 €","6,07 €/Kg"
Farinha p/ bolos fina,Nacional,Embalagem de 1Kg,"1,99 €","1,99 €/Kg"
Clementinas,Fruta do Dia,1 un = 100 gr  (aprox.),"0,50 €","1,99 €/Kg"
Iogurte tipo grego natural,PorSi,Embalagem de 12 x 125 g,"1,49 €","2,98 €/Kg"
Diospiro,Fruta da Época,1 un = 250 gr  (aprox.),"1,89 €/Kg","1,89 €/Kg"
Óleo Cedro Spray,PorSi,Embalagem de 250 ml,"4,39 €","14,63 €/L"
Cereais crack star,PorSi,Embalagem de 375 g,"5,07 €/Kg","5,07 €/Kg"
"Papel higiénico acolchoado, folha tripla, 9 rolos",Scottex,1 embalagem,"1,99 €","1,99 €/Unidade"
Cappuccino Café Solúvel Descafeinado,Nescafe,Embalagem de 125g | 10 Saquetas,"1,59 €","6,36 €/Kg"
"Batata frita caseira, rodela",Pala-pala,Embalagem de 180g,"0,87 €","5,44 €/Kg"
Esfregão Fibra Verde Grande XXL Gama Classic,Scotch-Brite,Embalagem de 1 unidades,"2,54 €","2,54 €/Unidade"
Preparado p/ arroz de marisco,Pescanova,Embalagem de 500g,"2,19 €","8,59 €/Kg"
Iogurtes magros aroma morango,PorSi Viva Bem,Embalagem de 6 x 125 g,"0,99 €","1,32 €/Kg"
Bolacha torrada,PorSi,Embalagem de 4 x 200 g,"2,11 €/Kg","2,11 €/Kg"
Aroma baunilha,Vahine,Embalagem de 20g,"1,65 €","20,12 €/Kg"
Flocos de aveia,PorSi Viva Bem,Embalagem de 400g,"0,69 €","1,73 €/Kg"
Iogurte activia cremoso frutos silvestres,Danone,Embalagem de 4 x 120 g,"1,49 €","2,98 €/Kg"
Amaciador jasmim e maçã,Surf,90 doses,"8,99 €","2,25 €/L"
Lixívia para roupa delicada,Neoblanc,Embalagem de 2 l,"2,19 €","1,10 €/L"
Refrigerante c/ gás,Pepsi,Pack 6 x 0.33 l,"0,40 €/L","0,40 €/L"
Pastilha Elástica Bottle Morango,Trident,Embalagem de 82 g,"0,68 €","45,33 €/Kg"
Lombo assado fatiado,PorSi,150 g,"2,49 €","16,60 €/Kg"
Bacalhau posta asa branca,PorSi,Embalagem de 800G,"6,39 €","7,99 €/Kg"
Lambrusco bianco,*,Garrafa de 750 ml,"6,89 €","9,19 €/L"
Leite infantil confort 1 desde o nascimento,NAN,Embalagem de 800g,"20,99 €","26,24 €/Kg"
Muesli original,Alpen,Embalagem de 550g,"3,99 €","11,40 €/Kg"
Recargas ambientador elétrico pure clean linen,Glade,Embalagem de 2 x 20 ml,"11,98 €","11,98 €/Unidade"
Achocolatado energy,Cola cao,Embalagem de 750g,"5,39 €","7,19 €/Kg"
Ambientador tealights frutos vermelhos,PorSi,embalagem com 18 unidades,"9,49 €","45,19 €/Kg"
Autobrilhante Branco,Búfalo,Embalagem de 50 ml,"0,99 €","330,00 €/Kg"
Inseticida elétrico líquido,Raid,45 noites,"7,69 €","7,69 €/Unidade"
Iogurte grego stracciatella sem lactose,PorSi Viva Bem,Embalagem de 240g,"2,59 €","5,40 €/Kg"
Snack zero chocolate branco c/ framboesa,Prozis,Embalagem de 40g,"0,69 €","1,73 €/Kg"
Manteiga com sal,Mimosa,Embalagem de 130g,"1,69 €","6,76 €/Kg"
"Vela em número, nº 7",PorSi,1 unidade,"0,60 €","0,60 €/Unidade"
Esparregado de espinafres,PorSi,Embalagem de 350 g,"1,89 €","1,89 €/Kg"
Sical 5est café moido,Sical,Embalagem de 220g,"9,16 €/Kg","9,16 €/Kg"
Spray limpeza casa de banho optimal 7,Ajax,Embalagem de 500 ml,"1,79 €","2,39 €/L"
Chourico carne das beiras,PorSi,Embalagem de 290g,"1,22 €","6,78 €/Kg"
Toalhitas,Dodot,4 x 64 un.,"1,09 €/Unidade","1,09 €/Unidade"
Bebida de soja,Shoyce,Embalagem de 1 litro,"2,49 €","2,49 €/L"
Nestum chocolate,Nestum,Embalagem de 250g,"2,19 €","8,76 €/Kg"
Sabonete,Feno,Embalagem de 4x90 g,"1,99 €","12,44 €/Kg"
Frutos vermelhos,PorSi,Embalagem de 750 g,"3,29 €","4,39 €/Kg"
Tablete de chocolate branco,Schogetten,Embalagem de 100g,"1,19 €","11,90 €/Kg"
Tostas mistura s/ glúten,MUSEU PAO,Embalagem de 140g,"4,29 €","20,43 €/Kg"
"Atum em posta, em azeite",General,Embalagem de 110g,"0,89 €","7,42 €/Kg"
Borracha para lápis e tinta,Domédia,1 unidade,"4,79 €","4,79 €/Unidade"
Nata pasteurizada,PorSi,Embalagem de 450 ml,"0,75 €","3,75 €/L"
Detergente liquido loiça clássico,PorSi,Garrafa de 1 litro,"0,99 €","1,98 €/L"
Cerveja com álcool,Sagres,Garrafa de 20 cl,"1,99 €/L","1,99 €/L"
Iglo c/ Avançado p/ 3 Pessoas,Saurium,,"34,99 €","34,99 €/Unidade"
Hambúrguers deluxe vegetarianos,Garden Gourmet,Embalagem de 180g,"2,49 €","8,30 €/Kg"
"Inseticida elétrico, trio, nigth & day",Raid,1 unidade,"7,69 €","7,69 €/Unidade"
Vinagre de vinho branco,PorSi,Garrafa de 1 l,"0,35 €","0,70 €/L"
"Alimento para peixe, tetra gammarus",Tetra,Embalagem de 250 ml,"11,49 €","45,96 €/L"
Máquina de barbear sensor excel universal,Gillette,1 unidade,"1,24 €","4,96 €/L"
"Creme de rosto de dia revitalift, laser",L'oreal,Embalagem de 50 ml,"2,99 €","59,80 €/L"
Vinagre vinho branco,PorSi,Garrafa de 500 ml,"0,35 €","0,70 €/L"
"Hamburguers de frango, 4 x 80 g",PorSi,Embalagem de 320g,"2,79 €","8,72 €/Kg"
Tostas sem glúten,Schar,Embalagem de 150g,"2,39 €","6,83 €/Kg"
Vinagre vinho branco 500ml,Cristal,Garrafa de 500 ml,"0,35 €","0,70 €/L"
Bolachas starship chocolate,PorSi,Embalagem de 150g,"0,90 €","6,00 €/Kg"
Creme anti-rugas reafirmante,Diadermine,Embalagem de 50 ml,"2,99 €","59,80 €/L"
"Queijo, 16 porções",A Vaca Que Ri,Embalagem de 280g,"4,68 €","11,70 €/Kg"
Alcachofra,Legumes do Dia,1 un = 300 gr (aprox.),"0,75 €","2,99 €/Kg"
Café em Cápsulas Dolce Gusto Sical,Nescafé,Embalagem de 3x16 cápsulas,"54,36 €/Kg","54,36 €/Kg"
Iogurte aroma varios sabores,PorSi,Embalagem de 12 x 125 g,"1,87 €","1,25 €/Kg"
Alho picado em pacote,Margao,Embalagem de 50g,"0,25 €","0,25 €/Kg"
Descafeinado,Nestlé,Embalagem de 100 g,"1,59 €","6,36 €/Kg"
Leite uht magro,Gresso,Embalagem de 1 litro,"0,81 €","0,81 €/L"
Pratos para pic nic 23 cm verdes,PorSi,Embalagem com 4 unidades,"32,99 €","32,99 €/Unidade"
Malha vegetal com Ricotta 110 g,Pastelaria do Dia,,"0,65 €","0,65 €/Unidade"
Bio fermento em pó,Vahine,Embalagem de 35g,"3,49 €","193,89 €/Kg"
Couve Lombarda,Legumes do Dia,1 un=1 kg (aprox.),"1,00 €","2,49 €/Kg"
Geleia de groselha,Bonnemaman,Embalagem de 370g,"3,29 €","9,54 €/Kg"
"Queijo flamengo, ralado",Terra Nostra,Embalagem de 150g,"7,45 €/Kg","7,45 €/Kg"
Aditivo em pó máquina pink,Vanish,Embalagem de 1.2 kg,"5,99 €","11,98 €/L"
Espumante sem álcool para crianças,Look,Garrafa de 750 ml,"0,40 €/L","0,40 €/L"
Fruta para bebé banana maçã +4 meses,Nestle,Embalagem de 90g,"0,74 €","8,22 €/Kg"
"Carteira etiquetas, 24x35",Domédia,1 unidade,"2,29 €","2,29 €/Unidade"
Arroz longo extra integral,Cacarola,Embalagem de 1 kg,"0,99 €","0,99 €/Kg"
"Cereais special k, frutos vermelhos",Kellogg's,Embalagem de 300g,"3,45 €","26,74 €/Kg"
Vela com número nº 9,PorSi,1 unidade,"0,60 €","0,60 €/Unidade"
Batata frita lisa chips,PorSi,Embalagem de 185 g,"1,06 €","5,73 €/Kg"
"Néctar pêssego, prisma",PorSi,Embalagem de 1 l,"0,99 €","0,99 €/L"
Banana,Fruta do Dia,1 un = 200 gr (aprox.),"0,24 €","1,19 €/Kg"
Empada de Frango 60 g,Fornada do Dia,,"0,65 €","0,65 €/Unidade"
Óleo 10w40 Semi-Sintectico,PorSi,Embalagem de 1 l,"14,99 €","14,99 €/L"
Queijo azul,PorSi,100 g,"1,99 €","9,95 €/Kg"
Whisky heritage blend,Logan,Garrafa de 700 ml,"32,99 €","47,13 €/L"
"Gel depilatório, peles sensiveis",Labell,Embalagem de 200 ml,"10,99 €","73,27 €/L"
Marcadores para colorir,Domédia,embalagem com 18 unidades,"4,79 €","4,79 €/Unidade"
Chocolate quente 90 segundos,Lacasa,Embalagem de 350g,"5,39 €","7,19 €/Kg"
Rum Spiced,Captain Morgan,"Garrafa de 0,70L","20,99 €","29,99 €/L"
"Refrigerante com gás, ananás",Sumol,"Garrafa de 1,25 l","0,40 €/L","0,40 €/L"
Ketchup,PorSi,Embalagem de 300 g,"0,70 €","2,33 €/Kg"
Café moído torrado aroma bellissimo,Belissimo,Embalagem de 200g,"9,16 €/Kg","9,16 €/Kg"
Creme p/ Calçado Incolor,Búfalo,Embalagem de 40 ml,"0,99 €","19,80 €/L"
Sabonete leite & mel,Palmolive,Embalagem de 4x90 g,"1,99 €","12,44 €/Kg"
Caçarola Alumínio Anti-Aderente 26Cm,PorSi,1 unidade,"9,99 €/Unidade","9,99 €/Unidade"
Crocantes de frango original,Iglo,Embalagem de 180g,"9,30 €/Kg","9,30 €/Kg"
Ambientador elétrico sensual sandalwood & jasmine + ...,Glade,1 unidade,"3,74 €","3,74 €/Unidade"
Queijo Camembert,President,Embalagem de 250 g,"1,49 €","7,45 €/Kg"
Chá verde matcha mirtilo,Tetley,20 saquetas,"44,50 €/Kg","44,50 €/Kg"
Snack para gato crispies vaca e frango,Felix,Embalagem de 50g,"0,99 €","16,50 €/Kg"
Caramelos de nata com recheio,Werthers,Embalagem de 140g,"2,75 €","11,00 €/Kg"
"Vela com número, nº2",PorSi,1 unidade,"0,60 €","0,60 €/Unidade"
Vinho branco península de setúbal,Pioneiro,Garrafa de 0.75 l,"8,59 €","11,45 €/L"
Alimento seco para gatinhos,HappyOne,"Embalagem de 1,5 kg","12,99 €","4,33 €/Kg"
Água c/ gás: limão/pepino/gengibre,Frize,pack 4 x 0.25 l,"2,85 €","2,85 €/L"
Aptamil  prosyneo ha 1,Aptamil,Embalagem de 800g,"20,99 €","26,24 €/Kg"
Coxinhas de frango,PorSi,Embalagem de 360g,"3,53 €","8,83 €/Kg"
Esfregão esponja ergonómico salva unhas,PorSi,Embalagem de 2 unidades,"2,54 €","2,54 €/Unidade"
Refresco em pó de morango,PorSi,Embalagem de 40g,"0,75 €","18,75 €/Kg"
Alho Francês,Legumes do Dia,1 un=300 gr (aprox.),"0,75 €","2,49 €/Kg"
Aveia instantânea em pó 1250 g bolacha,Prozis,"Embalagem de 1,25 kg","2,09 €","4,18 €/Kg"
Ambientador elétrico flor de cerejeira,Air Wick,1 unidade,"3,74 €","3,74 €/Unidade"
Queijo fresco natural,Matinal,Embalagem de 216g,"2,35 €","10,88 €/Kg"
Partida Chicote,*,Uma unidade,"3,49 €","3,49 €/Unidade"
Café moagem fina bio,PorSi Bio,Embalagem de 250g,"9,16 €/Kg","9,16 €/Kg"
Salsichas frescas de porco tipo brasileiro,PorSi,400 g,"1,99 €","9,48 €/Kg"
Leite pasteurizado meio gordo,Vigor,Garrafa de 1 l,"1,09 €","1,09 €/L"
Comida húmida para cão de frango e legumes,PorSi,Lata de 400 g,"0,75 €","2,50 €/Kg"
Lenços faciais brancos 2 folhas,PorSi,150 unidades,"0,89 €","0,89 €/Unidade"
Leite uht c/ chocolate,Ucal,Embalagem de 3 x 250 ml,"0,26 €","1,30 €/L"
Sopa económica de marisco,Knorr,Embalagem de 60g,"0,84 €","13,55 €/Kg"
Chocolate culinário,Nestle,Embalagem de 170 g,"1,04 €","8,32 €/Kg"
Galão enriquecido em cálcio,Ucal,Embalagem de 3 x 200 ml,"0,26 €","1,30 €/L"
Tablete de chocolate flor de sal,Cemoi,Embalagem de 100g,"16,67 €/Kg","16,67 €/Kg"
"Azeite extra virgem, azeitonas verdes",Oliveira da Serra,Garrafa de 750 ml,"3,19 €","4,25 €/L"
Caramelos de fruta,Penha,Embalagem de 500 g,"1,10 €","4,40 €/Kg"
Bolachas com recheio de cacau sem glúten,Schar,Embalagem de 250g,"2,15 €","2,87 €/Kg"
Vinho verde,Via Latina,Garrafa de 750 ml,"3,09 €","3,09 €/L"
Tablete chocolate creme de cacau,Milka,Embalagem de 100g,"5,30 €/Kg","5,30 €/Kg"
Óleo alimentar,Vêgê,Embalagem de 1 l,"3,39 €/L","3,39 €/L"
Body Milk Cocoa,Nivea,Embalagem de 250 ml,"12,48 €/L","12,48 €/L"
M&m's drageias de caramelo salgado e chocolate de le...,M&m's,Embalagem de 160g,"11,98 €/Kg","11,98 €/Kg"
Queijo parmigiano 12 meses de cura,Parmareggio,150 g,"1,79 €","7,16 €/Kg"
Vinho tinto bordeaux,CLOS DE LOS SIETE,Garrafa de 0.75 l,"6,89 €","9,19 €/L"
Couve Coração,Legumes do Dia,1 un = 1 kg (aprox.),"1,00 €","2,49 €/Kg"
Iogurte grego oikos stracciatella,Danone,Embalagem de 4 x 110 g,"1,49 €","2,98 €/Kg"
Iogurte Líquido Frutos Tropicais,PorSi,1 Embalagem 4X160G,"1,19 €","1,86 €/Kg"
Detergentes máquina lavar loiça ecológico,PorSi,26 pastilhas,"2,99 €","2,99 €/Unidade"
Rebuçados peitorais,Villa,Embalagem de 200 g,"0,77 €","3,85 €/Kg"
Conjunto de ferramentas,Itools,31 peças,"5,39 €","5,39 €/Unidade"
Manga Barco,Fruta do Dia,1 un = 500 gr (aprox.),"2,29 €/Kg","2,29 €/Kg"
Doce de abóbora c/ noz,Quinta de Jugais,Embalagem de 280g,"2,19 €","9,95 €/Kg"
Tonic premium indian,Fever-Tree,Garrafa de 500 ml,"5,96 €","5,96 €/L"
"Creme de noite, age perfect",L'oreal,Embalagem de 50 ml,"2,99 €","59,80 €/L"
Forma Pudim Antiaderente 18cm,PorSi,1 unidade,"9,99 €/Unidade","9,99 €/Unidade"
Queijo cabra curado,PorSi,300 g,"1,89 €","10,50 €/Kg"
Rebuçados de mentol,PorSi,Embalagem de 250g,"0,77 €","3,85 €/Kg"
Pá do Lixo C/ Cabo,PorSi,1 un.,"2,20 €","2,20 €/Unidade"
Rabos,Porco,1 un = 250 gr  (aprox.),"0,50 €","4,99 €/Kg"
Gelado viennetta morango,Olá,Embalagem de 650 ml,"6,79 €","14,76 €/L"
Kit de viagem,Colgate,pasta dentífrica + escova,"3,49 €","3,49 €/Unidade"
Planta cozinha,Planta,Embalagem de 500g,"5,40 €/Kg","5,40 €/Kg"
Tabuada Ratinho,Ratinho,1 un.,"6,20 €","6,20 €/Unidade"
Alimento lácteo banana +6 meses,Yogolino,Embalagem de 4 x 100 g,"2,89 €","7,23 €/Kg"
Mistura de cogumelos,PorSi,Embalagem de 400g,"1,89 €","1,89 €/Kg"
Nata uht carbonara,Parmalat,Embalagem de 200 ml,"0,75 €","3,75 €/L"
Conjunto piquenique,Codil,Conjunto com 13 peças,"32,99 €","32,99 €/Unidade"
Hambúrguer vegetariano,Garden Gourmet,Embalagem de 150g,"2,49 €","8,30 €/Kg"
Queijo de vaca/ovelha penela,Serqueijos,Embalagem de 250 g,"5,99 €","23,96 €/Kg"
Whisky,J&B,Garrafa de 1 l,"11,49 €","16,41 €/L"
Chocolate para culinária 85% cacau sem glúten,Regina,embalagem de 200 g,"1,04 €","8,32 €/Kg"
Grelos,Bonduelle,Embalagem de 400 g,"1,89 €","1,89 €/Kg"
Folhado de carne,Pastelaria do Dia,1 unidade = 90 g,"0,65 €","0,65 €/Unidade"
Vinho tinto doc dão,Cabriz,Garrafa de 0.75 l,"3,99 €","5,32 €/L"
Farinha s/ glúten p/ pão,Schar,Embalagem de 1 kg,"1,99 €","1,99 €/Kg"
Açúcar granulado,Rar,Embalagem de 1kg,"1,49 €","1,49 €/Kg"
Espumoso moscato,Selecção de Enófilos,"Garrafa de 0,75 l","3,99 €","5,32 €/L"
Cera líquida castanha,Splendor,Embalagem de 500 ml,"1,79 €","2,39 €/L"
Amendoins Torrados,Nuts Original,Embalagem de 130 g,"0,79 €","3,95 €/Kg"
Dawnut Açucarado,Pastelaria do Dia,48g,"0,69 €","0,69 €/Unidade"
Queijo em fatias,Limiano,Embalagem de 400g,"1,56 €","7,80 €/Kg"
Farinha,Maizena,Embalagem de 400g,"1,99 €","1,99 €/Kg"
Adoçante c/ doseador,Canderel,Embalagem de 10g,"5,99 €","23,96 €/Kg"
Açucar icing,Rar,Embalagem de 250 g,"1,49 €","1,49 €/Kg"
Esoumante prosecco branco,Gancia,Garrafa de 750 ml,"3,99 €","5,32 €/L"
Fermento químico,Vahine,Embalagem de 108g,"1,65 €","20,12 €/Kg"
Polaretti magic milk micro esferas solúveis sabor ch...,Dolfin,Embalagem de 30g,"5,39 €","7,19 €/Kg"
Aperitivos de amendoim com sal e mel,Matutano,Embalagem de 150g,"0,79 €","3,95 €/Kg"
Pomada Oxido de Zinco,Hygie'net,100 ml,"0,58 €","0,58 €/Unidade"
Ovos Galinha Solo S,PorSi,6 unidades,"1,39 €","1,39 €/Unidade"
Leite Bem Essencial morango,Mimosa,Embalagem de 4 x 200 ml,"1,99 €","2,49 €/L"
"Bolachas, tubo",Oreo,Embalagem de 150g,"0,79 €","4,49 €/Kg"
Bolachas mini alfa,Nacional,Embalagem de 120g,"2,82 €","9,40 €/Kg"
Bebida Energética Apple,Hell,250 ml,"5,96 €","5,96 €/L"
Champanhe rose bruto,Delagne & Fils,"Garrafa de 0,75 l","19,99 €","26,65 €/L"
"Espumante cava bruto, reserva",Freixenet,Garrafa de 750 ml,"8,49 €","11,32 €/L"
Champô Anti-Caspa,Pantene,360 ml,"5,59 €","13,98 €/L"
Iogurte tipo grego natural,PorSi,Embalagem de 12 x 125 g,"0,65 €","1,30 €/Kg"
Açúcar granulado embalado em papel,Rar,Embalagem de 1 kg,"1,49 €","1,49 €/Kg"
Tablete de chocolate culinário negro,PorSi,Embalagem de 200 g,"1,04 €","8,32 €/Kg"
"Iogurte sólido aroma morango, ananás e banana",Mimosa,Pack 8 x 120 g,"1,87 €","1,25 €/Kg"
Snack bio de arroz e trigo c/ banana,Gerber,Embalagem de 35g,"1,89 €","9,95 €/Kg"
Leite e cereais 8 cereais e mel +6 meses,Cerelac,Garrafa de 400 ml,"4,49 €","4,49 €/Kg"
Alface Lisa,Legumes do Dia,1 un= 400 g (aprox.),"0,88 €","2,19 €/Kg"
Laca volume,Nivea,Embalagem de 250 ml,"4,39 €","58,53 €/L"
Cera liquida amarela,Novycera,Garrafa de 500 ml,"3,99 €","7,98 €/L"
Creme culinário soja,PorSi Viva Bem,Embalagem de 200 ml,"3,99 €","26,60 €/L"
Aptamil  prosyneo ha 2,Aptamil,Embalagem de 800g,"20,99 €","26,24 €/Kg"
Orelhas,Porco,1 un = 250 gr (aprox.),"0,50 €","4,99 €/Kg"
Molho bechamel,Parmalat,Embalagem de 200 ml,"0,75 €","3,75 €/L"
Oleo alimentar,PorSi,Garrafa de 1 l,"3,39 €/L","3,39 €/L"
Batata frita light,Lay's,Embalagem de 140g,"0,95 €","6,33 €/Kg"
Bebida de soja pur bio,Joya,Garrafa de 1 l,"1,59 €","1,59 €/L"
Alimento Húmido p/Gato Salmão,Gourmet Perle,Embalagem de 8x85g,"3,49 €","10,26 €/Kg"
Penso de incontinência boutique extra,Ausonia Discreet,Embalagem de 8 un.,"1,95 €","1,95 €/Unidade"
Leite bem essencial chocolate,Mimosa,Embalagem de 200 ml,"0,26 €","1,30 €/L"
Caneca Vidro Bill 24Cl,Cristal,1 unidade,"11,00 €","11,00 €/Unidade"
Milka chocolate tablet cocoa,Milka,Embalagem de 100g,"16,67 €/Kg","16,67 €/Kg"
Gogo SqueeZ Snack Morango,Gogo,Embalagem de 4 x 90g,"2,29 €","6,94 €/L"
Creme Rosto Dia Pele Mista Antirrugas Q10 Plus,Nivea,Embalagem de 50 ml,"2,99 €","59,80 €/L"
"Vinho branco, denominação de origem controlada, dour...",VILA REAL,Garrafa de 750 ml,"7,49 €","9,99 €/L"
Spray vitrocerâmica/indução,PorSi,Embalagem de 500 ml,"1,79 €","2,39 €/L"
Gelatina pronta a comer light 10 kcal morango,Royal,Embalagem de 4 x 100 g,"0,85 €","2,13 €/Kg"
Azeite virgem extra dop moura,PorSi Select,Embalagem de 0.75L,"3,19 €","4,25 €/L"
Iogurte para bebé frutas variadas,Nestle,Embalagem de 4 x 100 g,"2,89 €","7,23 €/Kg"
"Snack de chocolate, pack de unidade",Snickers,Embalagem de 250g,"3,59 €","14,36 €/Kg"
Ambientador elétrico baunilha & magnólia asiática,Air Wick,Difusor + Recarga,"3,74 €","3,74 €/Unidade"
Nuggets pescada panada,Pescanova,Embalagem de 1Kg,"1,79 €","7,16 €/Kg"
Água s/ gás,Luso,"Garrafa de 5,4 l","1,04 €","0,17 €/L"
Frutos silvestres lata,Koala,Embalagem de 415 g,"1,99 €","2,37 €/Kg"
10 saquetas infusão de camomila,Lipton,Embalagem de 10g,"20,91 €/Kg","20,91 €/Kg"
Azeite virgem extra,Ouro elvas,Garrafa de 750 ml,"3,19 €","4,25 €/L"
Creme descolorante,Veet,Garrafa de 150 ml,"10,99 €","73,27 €/L"
Conjunto acessórios para vinho,Anilar,1 unidade,"10,99 €","10,99 €/Unidade"
Palitos redondos,PorSi,200 unidades embalados individualmente,"1,50 €","1,50 €/Unidade"
Mel de néctar multifloral bio,PorSi Bio,Frasco de 250g,"4,89 €","9,78 €/Kg"
Café em grão,Delta,Embalagem de 250g,"9,16 €/Kg","9,16 €/Kg"
Tosta integral,Diatosta,Embalagem de 510 g,"1,34 €","5,96 €/Kg"
Perna c/ Osso,Peru,1 un = 1 kg (aprox.),"2,72 €","6,80 €/Kg"
Creme para calçado preto,Splendor,80 ml,"0,99 €","19,80 €/L"
Vinho do porto special reserve,Velhotes,"garrafa de 0,75 l","10,99 €","14,65 €/L"
Braçadeiras Patrulha Pata,Mondo,1 Embalagem,"4,90 €","4,90 €/Unidade"
Brócolos congelados,PorSi,Embalagem de 1 kg,"1,89 €","1,89 €/Kg"
Snacks crocantes com bacon,PorSi,Embalagem de 60g,"0,79 €","7,90 €/Kg"
Burrata soloitalia,Soloitalia,Embalagem de 100g,"1,79 €","7,16 €/Kg"
Ambientador Difusor Frutos Vermelhos,PorSi,50 ml,"9,49 €","45,19 €/Kg"
Água com gás natural pet,P.salgadas,pack 6 x 0.33 l,"2,85 €","2,85 €/L"
Refrigerante de lima-limão,Seven-up,Pack 4 x 1.25 l,"0,40 €/L","0,40 €/L"
Sal Himalaias Grosso,Origens Bio,1 Embalagem 500G,"2,99 €","5,98 €/Kg"
Queijo ralado mix 3 queijos,PorSi,Embalagem de 200 g,"7,45 €/Kg","7,45 €/Kg"
Restaurador de Chão Envenizado Médio/Escuro,Novycera,Embalagem de 500 ml,"3,99 €","7,98 €/L"
Gelado carte d'or chocolate brownie,Olá,Embalagem de 900 ml,"6,79 €","14,76 €/L"
Leite condensado magro,Nestle,Embalagem de 390g,"1,09 €","2,75 €/Kg"
"Chave Umbrako, conjunto 10 peças",Itools,1 unidade,"5,39 €","5,39 €/Unidade"
Estendal de roupa com abas resina,PorSi,20 metros,"0,89 €","0,89 €/Unidade"
Chá preto frutos vermelhos,PorSi,Embalagem de 40g,"41,67 €/Kg","41,67 €/Kg"
Funcho rama,PorSi,20 g,"1,19 €","39,67 €/Kg"
2 Pesos p/ tornozelo e punho,Umbro,500 g,"4,49 €","4,49 €/Unidade"
Bloco Sanitário Poder Activo Aqua,Sonasol,Embalagem de 50 g,"2,99 €","74,75 €/Kg"
Pimenta preta grão,PorSi,Saqueta de 50 g,"0,25 €","0,25 €/Kg"
Ameijoa Castanha Vietnamita,Marisco Congelado,Venda ao Kilo,"2,00 €","7,99 €/Kg"
Boneca Caty 85 cm,Vicam,1 unidade,"11,99 €/Unidade","11,99 €/Unidade"
Marmelada com frutose,PorSi Viva Bem,Embalagem de 400g,"1,09 €","2,42 €/Kg"
Fralda Cueca de Banho |Tamanho 3 X/S,Pommette,Embalagem de 12 un.,"8,49 €","8,49 €/Unidade"
Vinho Tinto DOC Dão Touriga Nacional,Cabriz,Garrafa de 0.75 l,"3,99 €","5,32 €/L"
Tostas mistura sem glúten,PorSi Viva Bem,Embalagem de 140g,"4,29 €","20,43 €/Kg"
"Sacos do lixo WC canino 5l, 30 unidades",Silvex,Uma embalagem,"1,79 €","1,79 €/Unidade"
Aditivo gasolina sem chumbo,Redex,Embalagem de 250 ml,"4,99 €","19,96 €/L"
Queijo ovelha com pimentão,H.da maia,Embalagem de 200g,"4,62 €","18,49 €/Kg"
"Mistura de couve flor, brócolos e cenoura",PorSi,Embalagem de 1 kg,"1,89 €","1,89 €/Kg"
Brandy  (36º),Macieira,Garrafa de 700 ml,"11,99 €","17,13 €/L"
Tira gorduras dia a dia,Mistolin,Garrafa de 750 ml,"1,29 €","1,72 €/L"
Inseticida Elétrico Citronela,Dum Dum,1 unidade = 45 noites,"7,69 €","7,69 €/Unidade"
Faca de pão,Quittin,20 cm,"3,65 €","3,65 €/Unidade"
Café moagem normal: original,Buondi,Embalagem de 220g,"9,76 €/Kg","9,76 €/Kg"
Bifanas,Porco,Vendido ao peso a partir de 1 kg,"4,89 €","4,89 €/Kg"
Dobrada com feijão,Nobre,Embalagem de 420g,"2,35 €","5,60 €/Kg"
Moelleux de chocolate,PorSi Select,960 g,"2,49 €","7,55 €/Kg"
Creme de corpo exfoliante,Labell,Embalagem de 150 ml,"0,76 €","0,76 €/Unidade"
Néctar vital equilibrio manga/laranja,Compal,Embalagem de 1 l,"0,84 €","2,55 €/L"
Danacol natural,Danone,Embalagem de 6 x 100 g,"4,15 €/Kg","4,15 €/Kg"
"Pasta dentífrica, máxima proteção, fresca",Colgate,Embalagem de 75 ml,"2,55 €","34,00 €/L"
Carne picada com 15% matéria gorda,PorSi Select,embalagem de 400 g,"3,29 €","8,23 €/Kg"
Maionese magra em frasco,Hellmman's,Embalagem de 460g,"0,70 €","2,33 €/Kg"
Azeite Virgem Extra Clássico,Gallo,Garrafa de 2 l,"3,19 €","4,25 €/L"
Queijo de ovelha curado amanteigado,Seia,Embalagem de 500g,"4,62 €","18,49 €/Kg"
Chupa sortidos s/ açúcar,Chupachups,Embalagem de 70g,"2,29 €","5,73 €/L"
Café torrado classic universal,Delta,Embalagem de 250g,"9,16 €/Kg","9,16 €/Kg"
Vinho verde branco,Aveleda,Garrafa de 750 ml,"3,09 €","3,09 €/L"
Gin premium hendricks 0.70l,Hendricks,Garrafa de 700 ml,"19,90 €","19,90 €/L"
Bebida energética a-zero,Monster,Garrafa de 500 ml,"5,96 €","5,96 €/L"
Desentupidor express gel elimina odores,Destop,1 litro,"4,89 €","6,52 €/L"
10 hamburguers 60% carne de bovino,PorSi,Embalagem de 1 kg,"2,79 €","8,72 €/Kg"
Guitarra,Panda,1 un.,"12,99 €/Unidade","12,99 €/Unidade"
Cachaça,Velho do barreiro,Garrafa de 70 cl,"20,99 €","29,99 €/L"
Leite de pastagem biológico meio gordo,Milhafre,1 litro,"2,99 €","5,98 €/Kg"
Feijão branco,Compal,Lata de 410 ml,"1,79 €","2,29 €/Kg"
Queijo P'tits Fondants 8 Porções,PorSi,Embalagem de 140 g,"0,82 €","23,43 €/Kg"
Lava Tudo Brilhante Madeira,Sonasol,"embalagem 1,1L","3,99 €","7,98 €/L"
Vela em número nº1,PorSi,1 unidade,"0,60 €","0,60 €/Unidade"
Fralda cueca T4 - 8 a 14 kg,PorSi,22 unidades,"8,49 €","8,49 €/Unidade"
Penso de incontinência maxi,Ausonia Discreet,Embalagem de 8 un.,"1,95 €","1,95 €/Unidade"
Massa quebrada s/ glúten,Pasta dia,Embalagem de 230g,"0,99 €","4,30 €/Kg"
"Hamburgers de porco, 4x80g",PorSi,Embalagem de 320 g,"2,79 €","8,72 €/Kg"
"Iogurte pedaços, frutimax muesli",PorSi,Embalagem de 4 x 125 g,"4,36 €","2,18 €/Kg"
Discos Sanitários Activos Aparelho Marinho,WC Pato,Embalagem de 36 ml,"2,99 €","74,75 €/Kg"
"Comida húmida para cão vaca, frango e borrego",Friskies,Embalagem de 12 x 100 g,"0,75 €","2,50 €/Kg"
Amaciador roupa concentrado lírios e morango,PorSi,60 doses,"3,99 €","3,99 €/Unidade"
Rebuçados recheio mel,PorSi,Embalagem de 200g,"0,77 €","3,85 €/Kg"
Anti-humidade,HUMYDRY,1 embalagem,"8,99 €","8,99 €/Unidade"
Melão cortado,PorSi,100 g,"1,00 €","3,99 €/Kg"
15 douradinhos,Capitão Iglo,Embalagem de 420g,"1,79 €","7,16 €/Kg"
Feijão verde,PorSi,Embalagem de 750 g,"1,89 €","1,89 €/Kg"
Preparado sobremesa vegan sem lactose,Nestle,Embalagem de 370g,"1,69 €","8,45 €/L"
"Fita Castanha, 50mmx66m",Vito,1 unidade,"3,99 €","133,00 €/Kg"
Nata para culinária com sabores do mar,Parmalat,200 ml,"0,75 €","3,75 €/L"
Bechamel sem glúten,Parmalat,500 ml,"0,75 €","3,75 €/L"
Dentífrico júnior 7 a 12 anos,Colgate,Embalagem de 50 ml,"1,19 €","1,19 €/Unidade"
Sistema microfibras com pedal,Vileda,1 unidade,"0,89 €","0,89 €/Unidade"
Ricotta,Páturages,Uma unidade,"0,82 €","23,43 €/Kg"
"Compal vital laranja, cenoura e manga",Compal,Garrafa de 200 ml,"0,99 €","0,99 €/L"
20 saquetas infusão de cidreira,Lipton,Embalagem de 20g,"20,91 €/Kg","20,91 €/Kg"
Peito peru fumado fatias finas cuida-te +,Nobre,Embalagem de 110g,"2,25 €","11,25 €/Kg"
Bacalhau posta média,PorSi,Embalagem de 800g,"6,39 €","7,99 €/Kg"
Barras de cereais forma clássica,PorSi,Embalagem de 126g,"1,29 €","10,24 €/Kg"
Queijo p/ barrar s/ lactose,Philadelph,Embalagem de 150g,"4,68 €","11,70 €/Kg"
Xarope grenadine,Paquito,Garrafa de 750 ml,"4,89 €","6,61 €/L"
Detergente Líquido Máquina Roupa Lavanda,Xau,Embalagem com 62 doses,"8,69 €","1,84 €/Kg"
"Acendalha branca, 32 cubos",PorSi,Uma embalagem,"0,75 €","0,75 €/Unidade"
Amendoins mix original,Matutano,Embalagem de 130g,"0,79 €","7,90 €/Kg"
Chá verde pyr bring the boost,Lipton,Embalagem de 30g,"85,00 €/Kg","85,00 €/Kg"
Bombom Caja Roja,Nestlé,Embalagem de 200G,"2,39 €","47,80 €/Kg"
Molas plásticas amarelas,PorSi,50 unidades,"0,89 €","0,89 €/Unidade"
Molho inglês,Savora,Garrafa de 120 ml,"0,70 €","2,33 €/Kg"
Puré de feijão-verde e curgete,Bonduelle,Embalagem de 420g,"2,49 €","8,30 €/Kg"
Smint 2H intense mint,Smint,Embalagem de 35g,"2,30 €","57,50 €/Kg"
Creme de Mãos Hyaluronic,Bioten,Embalagem de 50ML,"2,59 €","25,90 €/L"
Bombom Praliné,Jacquot,Embalagem de 260g,"2,39 €","47,80 €/Kg"
Pera conference categoria: II,*,Vendido ao peso a partir de 300 g,"1,30 €/Kg","1,30 €/Kg"
Rebuçados mentho-lyus sem açúcar,Halls,Embalagem de 31 g,"0,77 €","3,85 €/Kg"
Esfregão de Teflon,Fino,1 unidade,"2,54 €","2,54 €/Unidade"
Creme vegetal para cozinha,Becel,Embalagem de 450 g,"5,40 €/Kg","5,40 €/Kg"
Azeite Virgem,Oliveira da Serra,Embalagem de 750 ml,"3,19 €","4,25 €/L"
Queijo mozzarella light ralado,PorSi Viva Bem,Embalagem de 150 g,"2,39 €","19,92 €/Kg"
"Coloração permanente, preto nº10",Nutrisse,1 unidade,"9,49 €/Unidade","9,49 €/Unidade"
Balde com tampa 11 litros,Codil,1 un.,"8,75 €","8,75 €/Unidade"
"Paezinhos azeite, alho e salsa",PorSi,Embalagem de 160g,"2,39 €","6,83 €/Kg"
Fio dental gentle suave,Sensodyne,1 unidade,"3,49 €","3,49 €/Unidade"
Queijo ilha ralado,PorSi,Embalagem de 200g,"7,45 €/Kg","7,45 €/Kg"
10 Preservativos Easy Way Nature,Control,,"4,99 €","4,99 €/Unidade"
Tesoura advanced green,Maped,21 cm,"1,99 €","1,99 €/Unidade"
Balões latex azul,PorSi,Embalagem com 24 unidades,"0,59 €","0,59 €/Unidade"
Iogurtes magros aroma manga,PorSi Viva Bem,Embalagem de 6 x 125 g,"0,99 €","1,32 €/Kg"
Tinta Decorativa Cinza,Domédia,2.5 litros,"14,99 €","1,00 €/L"
Nectar multivitaminas,Paquito,Embalagem de 2 l,"0,99 €","0,99 €/L"
Feijão com dobrada,PorSi,Embalagem de 420 g,"2,35 €","5,60 €/Kg"
"Chocolate m&m s, bag amendoim",M&m' s,Embalagem de 100 g,"11,98 €/Kg","11,98 €/Kg"
10 Preservativos Easy Way Finissímos,Control,,"4,99 €","4,99 €/Unidade"
Manteiga com sal,Primor,Embalagem de 250g,"1,69 €","6,76 €/Kg"
10 salsichas de porco em lata,PorSi,Embalagem de 250G,"0,75 €","3,75 €/Kg"
Recarga rolo tira pelos,PorSi,1 unidade,"8,99 €","8,99 €/Unidade"
Multi vitaminas 50+,PLANTANATU,Embalagem de 1 unidades,"9,69 €","9,69 €/Unidade"
Mistolin advanced anticalcário,Mistolin,Garrafa de 500 ml,"1,79 €","2,39 €/L"
Sabonete alfazema de monte,Confianca,Embalagem de 125 g,"1,99 €","12,44 €/Kg"
Pastilhas fire canela,CHICLETS,Embalagem de 16 g,"0,68 €","45,33 €/Kg"
Macarronete Massa Com Vegetais,Nacional,Embalagem de 500g,"0,89 €","1,78 €/Kg"
Sangria branca,PorSi,Garrafa de 1.5 litros,"2,39 €","1,59 €/L"
Lenços faciais brancos 3 folhas,PorSi,110 unidades,"0,89 €","0,89 €/Unidade"
Chouriço Extra Allnatural Fatiado,Elpozo,1 Embalagem 80G,"1,35 €","16,88 €/Kg"
Alimento seco p/ cão alta energia c/ frango,HappyOne,Embalagem de 4 kg,"1,15 €/Kg","1,15 €/Kg"
Beringela,Legumes do Dia,1 un=400 gr (aprox.),"0,75 €","2,99 €/Kg"
Bola de Berlim chocolate,PorSi,85g,"0,69 €","0,69 €/Unidade"
Sopa de cozido,Knorr,Embalagem de 70g,"0,84 €","13,55 €/Kg"
Spray desinfetante cozinha,Lysol,Embalagem de 500 ml,"1,29 €","1,72 €/L"
Água mineral sem gás,Serra de Fafe,Embalagem de 6x0.5l,"1,04 €","0,17 €/L"
Bolacha infantil dinossaurus mini dino cereais,Artiach,Embalagem de 120g,"1,89 €","15,75 €/Kg"
Mostarda de Dijon,PorSi Select,190 g,"0,70 €","2,33 €/Kg"
Chocolate mini,Kinder,Embalagem de 170g,"18,50 €/Kg","18,50 €/Kg"
Aperfeiçoador BB Cream Médio,Garnier,Embalagem de 50 ml,"2,99 €","59,80 €/L"
6 chamucas de carne,PorSi,Embalagem de 240g,"1,79 €","7,16 €/Kg"
Drageias de chocolate de leite,PorSi,200 g,"11,98 €/Kg","11,98 €/Kg"
Massa meada,PorSi,Embalagem de 500g,"0,89 €","1,78 €/Kg"
Lustrante Pneus,PorSi,Embalagem de 1 l,"3,99 €","0,80 €/L"
Peito,Borrego,1 un = 500 gr (aprox.),"19,49 €","12,99 €/Kg"
Máquina depilação descartável Simply Venus 2,Gillette,3 Unid. + 1 Grátis,"5,49 €","5,49 €/Unidade"
"Creme de rosto de noite revitalift, laser",L'oreal,Embalagem de 50 ml,"2,99 €","59,80 €/L"
Champanhe meio seco,Delagne & Fils,"Garrafa de 0,75 l","19,99 €","26,65 €/L"
Red Fish Grande,Peixe Congelado,1 un = 500 gr (aprox.),"3,99 €/Kg","3,99 €/Kg"
Topping p/saladas cebola frita,Florette,Embalagem de 70g,"3,84 €","24,00 €/Kg"
Dentífrico infantil frutas naturais 3 aos 5 anos,Colgate,50 ml,"1,19 €","1,19 €/Unidade"
Emulsão p/ higiene intima sensitive,Dystron,Embalagem com 200 ml,"1,99 €","7,96 €/L"
"Recarga ambientador eléctrico, alfazema",PorSi,Embalagem de 25 ml,"11,98 €","11,98 €/Unidade"
Marmelada,Quinta de Jugais,Embalagem de 500g,"1,09 €","2,42 €/Kg"
Detergente máquina roupa em gel universal,Persil,Embalagem de 42 doses,"8,69 €","1,84 €/Kg"
Lâmpada LED Forma Chama 5.5W E14 220-240V,Domédia,1 un.,"3,99 €","3,99 €/Unidade"
Iogurte líquido tutti-frutti,Danone,Embalagem de 4 x 155 g,"1,19 €","1,86 €/Kg"
Chiclets morango 16.8g,CHICLETS,Embalagem de 20g,"0,68 €","45,33 €/Kg"
Massa quebrada,Pasta dia,Embalagem de 230g,"0,99 €","4,30 €/Kg"
Creme vegetal culinário,Vaqueiro,Embalagem de 250 g,"5,40 €/Kg","5,40 €/Kg"
"Bloco sanitário blue activ, eucalio",Sonasol,Embalagem de 50 g,"2,99 €","74,75 €/Kg"
Queijo de cabra alho e ervas,Monforqueijo,180 g,"1,89 €","10,50 €/Kg"
Vinagre de sidra pet,Paladin,Garrafa de 500 ml,"0,35 €","0,70 €/L"
"Rebuçados de fruta, diamante",PorSi,Embalagem de 200 g,"2,30 €","57,50 €/Kg"
5 folhas de gelatina incolor,PorSi,Embalagem de 9 g,"0,55 €","61,11 €/Kg"
Lava tudo lavanda,Cif,"Garrafa de 1,4 l","0,99 €","0,50 €/L"
Pudim baunilha,Boca Doce,Embalagem de 20g,"0,59 €","29,50 €/Kg"
Milho inteiro,Rac.zezere,Embalagem de 5 kg,"2,49 €","16,60 €/Kg"
Bebida de soja de amêndoa,Alpro,Embalagem de 1 litro,"2,49 €","2,49 €/L"
Fio dentario 50m,Colgate,1 unidade,"3,49 €","3,49 €/Unidade"
Amaciador color-vive,Elvive,Embalagem de 200 ml,"1,59 €","7,95 €/L"
Vinho doc alentejo tinto,T.bolotas,Garrafa de 0.75 l,"2,89 €","3,85 €/L"
Compota de mirtilo sem açúcar bio,Pur Natur,Embalagem de 250g,"4,89 €","19,56 €/Kg"
Bolachas digestivas go maçã,Triunfo,Embalagem de 170g,"0,98 €","3,27 €/Kg"
Recarga Desumidificador Basic,HUMYDRY,embalagem de 3 x 250g,"3,49 €","7,76 €/Kg"
Iogurte danacol de morango,Danone,Embalagem de 12 x 100 g,"4,15 €/Kg","4,15 €/Kg"
Cubos pão trigo tostado,PorSi,Embalagem de 150g,"2,39 €","6,83 €/Kg"
Porto tawny,Ferreira,Garrafa de 750 ml,"16,99 €","22,65 €/L"
Sardinhas em azeite,PorSi,Embalagem de 120g,"0,89 €","7,42 €/Kg"
Leite de coco condensado 210g,Origensbio,Embalagem de 210g,"1,09 €","2,75 €/Kg"
Leite especial cálcio + vitamina d m/g,Mimosa,Garrafa de 1 l,"1,29 €","1,29 €/L"
"Coloração permanente, louro claro, nº80",Nutrisse,1 unidade,"9,49 €/Unidade","9,49 €/Unidade"
Sabonete líquido desinfetante nutritivo,Sanytol,Embalagem de 250 ml,"2,18 €/L","2,18 €/L"
Liquido abrilhantador castanho,PorSi,75 ml,"0,99 €","330,00 €/Kg"
Torta natas com cobertura de cacau,PorSi,Embalagem de 300g,"2,05 €","5,13 €/Kg"
Creme Muda Fralda,Baby Dove,Embalagem de 45 g,"0,59 €","5,90 €/L"
Desinfetante p/ WC,Sanytol,Embalagem de 750 ml,"1,79 €","2,39 €/L"
Coleira em nylon p/ cão  repelente 60cm,Repul' 7,Embalagem de 1 unidades,"19,99 €","19,99 €/Unidade"
"Queijo fundido, 24 porções",A Vaca Que Ri,Embalagem de 400g,"4,68 €","11,70 €/Kg"
Mauzão,Concentra,Uma unidade,"14,99 €","14,99 €/Unidade"
Molho mad chips top down,Calve,Embalagem de 260g,"0,70 €","2,33 €/Kg"
Douradinhos estaladiços,Capitão Iglo,Embalagem de 340g,"9,30 €/Kg","9,30 €/Kg"
Pensos diários salvaslip flexi & fresh normal,Evax,28 unidades,"1,79 €","1,79 €/Unidade"
"Chocolate sombrinha, saquetas, 5 unidades",Lacasa,Embalagem de 50g,"18,50 €/Kg","18,50 €/Kg"
Filetes de pescada,PorSi,Embalagem de 400 g,"4,39 €","10,98 €/Kg"
Luva Pele,Itools,1 unidade,"5,39 €","5,39 €/Unidade"
Guardanapos art de la table 33 x 33 cm,Renova,3 folhas | 50 unidades,"1,29 €","1,29 €/Unidade"
Snack Gato Anti Bolas de Pelo,PorSi,Embalagem 60 g,"0,99 €","16,50 €/Kg"
Limpa pavimentos flutuantes,PorSi,Embalagem de 1 litro,"1,79 €","2,39 €/L"
Desentupidor canos,Mr.muscle,Embalagem de 1 l,"4,89 €","6,52 €/L"
Bolachas mini prince recheadas com chocolate,PRINCE,Embalagem de 160 g,"1,89 €","15,75 €/Kg"
Snack para gato chezzy,Felix,Embalagem de 60g,"0,99 €","16,50 €/Kg"
Bebida de Aveia Bio,Joya,Embalagem de 1 l,"1,59 €","1,59 €/L"
Creme Depilatório Peles Normais,Veet,Embalagem de 200 ml,"3,29 €","3,29 €/Unidade"
Luvas Universal Média/Grande,Vileda,1 unidade,"4,29 €","4,29 €/Unidade"
Argolas do mar,Pescanova,Embalagem de 400g,"5,49 €","6,86 €/Kg"
Bolacha diet nature recheio creme,Gullon,Embalagem de 210g,"0,79 €","4,49 €/Kg"
Pedras limão/chá verde,P.salgadas,pack 4 x 0.25 l,"2,85 €","2,85 €/L"
"Espumante Danúbio, Bruto",Danúbio,Garrafa de 75 cl,"8,49 €","11,32 €/L"
Bolachas rosquilhas,PorSi,Embalagem de 600g,"1,69 €","6,76 €/Kg"
Desinfetante de frutas e vegetais,Clean Essence,500 ml,"0,75 €","2,99 €/Kg"
Ice tea manga,Lipton,pack 6 x 0.25 l,"1,14 €","0,76 €/L"
Bolachas cobertura de chocolate e avelã,PorSi,Embalagem de 150g,"0,79 €","5,27 €/Kg"
Pizza de Atum,PorSi,Embalagem de 350 g,"2,16 €","6,17 €/Kg"
Queijo Brie 60%,Produto selecionado,Vendido ao peso a partir de 250 gr,"1,49 €","7,45 €/Kg"
Lâmpada LED Forma Esférica 5.5W E27 220-240V,Domédia,1 un.,"3,99 €","3,99 €/Unidade"
Esfregona tiras completa,PorSi,1 unidade,"2,54 €","2,54 €/Unidade"
Salada Ibérica Programa Origens,PorSi,Embalagem de 150 g,"1,09 €","4,36 €/Kg"
Gogo SqueeZ Snack Maçã e Manga,Gogo,Embalagem de 4 x 90g,"2,29 €","6,94 €/L"
Actimel morango,Danone,Embalagem de 6 x 100g,"4,15 €/Kg","4,15 €/Kg"
Entremeada salgada,Prisca,Embalagem de 150g,"1,99 €","9,95 €/Kg"
"Vela em número,  nº 0",PorSi,1 unidade,"0,60 €","0,60 €/Unidade"
Granola aveia fitness mel,Nestle,Embalagem de 300g,"3,45 €","26,74 €/Kg"
Bebida solúvel cereais+fibra frasco 200g,Delta,Embalagem de 200g,"14,50 €/Kg","14,50 €/Kg"
Batata chef gourmet,MCCAIN,Embalagem de 500 g,"1,39 €","1,39 €/Kg"
Tomate em pedaços,Guloso,Embalagem de 390g,"3,84 €","24,00 €/Kg"
Vinho tinto regional terras dao bib 5l,Silgueiros,Embalagem de 5L,"3,99 €","5,32 €/L"
Maionese Top Down,Calvé,Embalagem de 753 g,"0,70 €","2,33 €/Kg"
Toucinho do céu,PorSi,Embalagem de 2x100 g,"0,55 €","2,75 €/Kg"
Manteiga amendoim crocant,PorSi,Embalagem de 340g,"4,29 €","12,62 €/Kg"
Pizza 4 estações,PorSi,Embalagem de 350g,"2,16 €","6,17 €/Kg"
Gronola de aveia chocolate,Nestle,Embalagem de 300g,"3,45 €","26,74 €/Kg"
Polvilho doce,PorSi,Embalagem de 500g,"2,99 €","271,82 €/Kg"
Limpa carpetes,PorSi,Embalagem de 1 litro,"3,99 €","7,98 €/L"
Esponja autobrilhante,PorSi,3 g,"0,99 €","330,00 €/Kg"
Corn flakes saco,PorSi,Embalagem de 500g,"1,49 €","2,98 €/Kg"
"Bloco sanitário azul, recarga",WC Pato,Embalagem de 2x40 g,"2,99 €","74,75 €/Kg"
Whisky 12 Anos,Dewar's,"Garrafa de 0,70L","32,99 €","47,13 €/L"
Spray Limpa Cockpit,Redex,Embalagem de 600 ml + oferta pano micro-fibra,"3,99 €","0,80 €/L"
Manteiga la motte sal do mar,President,Embalagem de 250 g,"1,69 €","6,76 €/Kg"
"Fita de Embalar Transparente, 50mmx66m",Vito,1 unidade,"3,99 €","133,00 €/Kg"
"Sumo 100%, tutti-frutti",PorSi,Embalagem de 3 x 200 ml,"1,09 €","0,73 €/L"
Leite uht gordo,Mimosa,Embalagem de 1 litro,"0,94 €","0,94 €/L"
Wafers framboesa cubos,Vieira,Embalagem de 130g,"0,98 €","4,67 €/Kg"
Molho de soja c/ dispensador redução sal,KIKKOMAN,150 ml,"3,99 €","26,60 €/L"
"Bebida láctea crescimento 1-3 anos, cereais",Nestle,Embalagem de 1 litro,"0,26 €","1,30 €/L"
Chouriço cebola beiras,PorSi,Embalagem de 300g,"1,22 €","6,78 €/Kg"
Vela em número nº9,PorSi,1 unidade,"0,60 €","0,60 €/Unidade"
Espargos Programa Origens,PorSi,250 g,"0,75 €","2,99 €/Kg"
Iogurte grego yaos natural,Nestle,Embalagem de 450g,"0,65 €","1,30 €/Kg"
Sumo 100% tomate,PorSi,Embalagem de 1.5 l,"1,09 €","0,73 €/L"
Mistura sol sem café granulado,PorSi,Embalagem de 200g,"0,99 €","3,96 €/Kg"
Creme autobrilhante castanho,Splendor,40 ml,"0,99 €","330,00 €/Kg"
"Cerveja sem álcool, preta",Super Bock,pack 6 x 0.33 l,"5,99 €","3,03 €/L"
Tosta rica mini go,Cuetara,Embalagem de 240g,"1,89 €","15,75 €/Kg"
Açorda de camarão,PorSi Select,Embalagem de 300g,"1,79 €","7,16 €/Kg"
"Limpa móveis pistola, multissuperfícies",Pronto,Embalagem de 500 ml,"1,19 €","0,79 €/L"
Bolachas cream cracker doses individuais,Vieira,Embalagem de 180g,"0,39 €","3,12 €/Kg"
Fita apanha moscas,Baygon,4 unidades,"5,09 €","8,48 €/L"
Café moagem universal portugal,Delta,Embalagem de 250g,"9,76 €/Kg","9,76 €/Kg"
Vinho tinto península de setúbal,Pioneiro,Garrafa de 0.75 l,"8,59 €","11,45 €/L"
Especialidade de soja natural,PorSi Viva Bem,Embalagem de 4 x 100 g,"3,29 €","6,58 €/Kg"
Chá Aromatizado Pirâmide Oriente/Canela,PorSi,20 x 2 g,"58,44 €/Kg","58,44 €/Kg"
Mel rosmaninho com doseador,SERRAMEL,Embalagem de 500 g,"4,89 €","9,78 €/Kg"
Néctar clássico tutti-frutti,Compal,330 ml,"0,99 €","0,99 €/L"
Couve Flor,Legumes do Dia,Vendido ao peso,"1,00 €","2,49 €/Kg"
Aguardente velha,S.domingos,Garrafa de 700 ml,"12,90 €","18,43 €/L"
Óleo extra virgem de coco,Origensbio,Garrafa de 500 ml,"3,39 €/L","3,39 €/L"
Dourada de Viveiro,Peixe do Dia,de 600 a 800g,"4,80 €","11,99 €/Kg"
Bombons Quality Street,Nestlé,Embalagem de 480 g,"2,39 €","47,80 €/Kg"
Spray limpa inox,Cif,Garrafa de 440 ml,"1,79 €","2,39 €/L"
Contentor para água dobrável,Camp Active,Cap.: 10 L,"32,99 €","32,99 €/Unidade"
Queijo Roquefort,SOCIETE,Vendido ao peso a partir de 250 gr,"1,99 €","9,95 €/Kg"
Moelas congeladas,*,Embalagem de 1 kg,"4,99 €","24,95 €/Kg"
Sumo concentrado de laranja/maracujá,GUD,Garrafa de 740 ml,"4,89 €","6,61 €/L"
Azeite virgem extra seleção ouro,Oliveira da Serra,Garrafa de 750 ml,"3,19 €","4,25 €/L"
Ketchup picante,Heinz,460 g,"0,70 €","2,33 €/Kg"
Adoçante stevia em pó,Regain,Embalagem de 250g,"5,99 €","23,96 €/Kg"
Bolachas waffers nice baunilha,Dailidoce,Embalagem de 250g,"0,98 €","4,67 €/Kg"
Topping morango,Branca de neve,Embalagem de 370g,"1,29 €","3,23 €/Kg"
"Óleo Visco 5000, 5w40",BP,Embalagem de 4 l,"14,99 €","14,99 €/L"
Desinfetante em gel p/ wc,Cif,Garrafa de 750 ml,"2,79 €","3,99 €/L"
Esparguete Clássica,Nacional,Embalagem de 500 g,"0,89 €","1,78 €/Kg"
Bicarbonato de sódio,Globo,Embalagem de 230g,"1,65 €","20,12 €/Kg"
"Vinho Bairrada, Tinto",Selecção de Enófilos,Garrafa de 0.75 l,"2,92 €/L","2,92 €/L"
Néctar de laranja do algarve,Compal,Garrafa de 200 ml,"0,99 €","0,99 €/L"
Batata frita caseira,PorSi,Embalagem de 500g,"0,87 €","5,44 €/Kg"
Couscous marroquino com vegetais desidratados,Trevijano,Embalagem de 300g,"2,99 €","271,82 €/Kg"
Iogurte líquido yoggi banana,Nestle,Embalagem de 4 x 160 g,"1,19 €","1,86 €/Kg"
Plantanatur detox rapid,PLANTANATU,Garrafa de 500 ml,"9,69 €","9,69 €/Unidade"
Tempero para Frangos Ervas Aromáticas,PorSi,34 g,"3,84 €","24,00 €/Kg"
Vinho regional lisboa reserva tinto,Marginal,Garrafa de 0.75 l,"3,99 €","5,32 €/L"
Detergente Líquido p/ Loiça Limão,Fairy,"Embalagem de 1,19 l","0,99 €","1,98 €/L"
Massa esparguete,Milaneza,Embalagem de 500g,"0,89 €","1,78 €/Kg"
Abrasivo sanitário pinho e eucalipto,PorSi,embalagem de 1 litro,"0,99 €","1,32 €/L"
Bebida de cereais e café mokambo intenso,Nestle,Embalagem de 180g,"0,99 €","3,96 €/Kg"
Biscoitos sem glúten,Gullon,Embalagem de 200 g,"4,29 €","20,43 €/Kg"
Gel Lubrificante Play Calor,Durex,Embalagem de 50 ml,"4,99 €","4,99 €/Unidade"
Creme Depilatório Men Peles Sensíveis,Veet,400 ml,"10,99 €","73,27 €/L"
Princesas do mar,PorSi,Embalagem de 255 g,"2,19 €","8,59 €/Kg"
Absorve cheiros p/ frigorífico,HUMYDRY,1 unidade,"16,63 €/L","16,63 €/L"
Polvilho azedo,PorSi,Embalagem de 500g,"2,99 €","271,82 €/Kg"
Prince biscuit-sandwich chocolate chocolate r,PRINCE,Embalagem de 300g,"2,15 €","2,87 €/Kg"
Queijo flamengo barra,PorSi,"Vendido ao peso, fatiado a partir de 100 gr","1,56 €","7,80 €/Kg"
Pensos peles sensíveis sortidos,PorSi,30 unidades,"1,69 €","1,69 €/Unidade"
Pão Rústico com Malte,Pão do Dia,1 unidade= 100 g,"0,19 €","2,38 €/Kg"
Ice tea de limão,PorSi,Embalagem de 2 l,"1,14 €","0,76 €/L"
Batata doce para fritar,PorSi,Embalagem de 600g,"1,39 €","1,39 €/Kg"
Pizza carbonara,Campofrio,Embalagem de 360g,"0,99 €","4,30 €/Kg"
Café em cápsulas dolce gusto ardenza,Nescafe,Embalagem de 110g,"54,36 €/Kg","54,36 €/Kg"
Piri piri,Calve,Garrafa de 50 ml,"0,70 €","2,33 €/Kg"
Alface frisada categoria: II Programa Origens,PorSi,Embalagem de 300 g,"0,88 €","2,19 €/Kg"
Comida húmida para gato indoor em molho com atum,Purina One,Embalagem de 340g,"3,49 €","10,26 €/Kg"
Alimento lácteo pera +6 meses,Yogolino,Embalagem de 4 x 100 g,"2,89 €","7,23 €/Kg"
Bebida arroz bio,PorSi Bio,Embalagem de 1 litro,"1,59 €","1,59 €/L"
Desentupidor de fole com cabo,PorSi,1 unidade,"2,50 €","2,50 €/Unidade"
Molho de whisky cocktail,Calve,Garrafa de 250 ml,"0,70 €","2,33 €/Kg"
Panado de espinafres e queijo vegetariano,Garden Gourmet,Embalagem de 180g,"2,49 €","8,30 €/Kg"
Bolacha cracker integral,Cuetara,Embalagem de 200g,"0,39 €","3,12 €/Kg"
Pensos Higiénicos Cottonlike Super Com Abas,Evax,12 unidades,"4,99 €","4,99 €/Unidade"
Gressinos com azeitonas pretas,PorSi,Embalagem de 250g,"2,39 €","6,83 €/Kg"
Ravioli com tomate,Claude Léger,Embalagem 300G,"2,35 €","5,60 €/Kg"
Bloco sanitário blue activ higiene,Sonasol,Embalagem de 50 g,"2,99 €","74,75 €/Kg"
"Chave de Fenda Cabo Bimat, 5.0x125mm",Itools,1 unidade,"5,39 €","5,39 €/Unidade"
Fiambre da Perna Extra,Nobre,1 un = 150 gr (aprox.),"0,97 €","6,49 €/Kg"
Queijo Curado Vaca/ Cabra/ Ovelha,PorSi,,"5,99 €","23,96 €/Kg"
Chouriço Nobreza,Elpozo,Vendido ao peso,"1,35 €","16,88 €/Kg"
Guardanapos brancos folha tripla 33x33 cm,PorSi,70 unidades,"1,29 €","1,29 €/Unidade"
Chocolate lion,Lion,Embalagem de 40g,"3,59 €","14,36 €/Kg"
Mel em frasco com doseador,PorSi,Embalagem de 500g,"4,89 €","9,78 €/Kg"
Coxa de frango,PorSi,Embalagem de 400 g,"2,72 €","6,80 €/Kg"
"Delta decaf. mu cx 3,520 kg - café torrado moído des...",Delta,Embalagem de 220g,"1,59 €","6,36 €/Kg"
Iogurte Grego Yaos Granola e Coco,Nestle,Embalagem de 115g,"1,49 €","2,98 €/Kg"
Queijo flamengo sticks 5x20g,PorSi,Embalagem de 100g,"1,56 €","7,80 €/Kg"
Desinfetante multissuperfícies,Xanpa,1 litro,"1,19 €","0,79 €/L"
Iogurte mix-in nesquik,Nestle,Embalagem de 2 x 115 g,"1,05 €","1,86 €/L"
Limpa móveis multissuperfícies,PorSi,Frasco de 300ml,"4,39 €","14,63 €/L"
Feijão catarino,PorSi,Embalagem 500G,"0,95 €","1,90 €/Kg"
Bolachas multicereais,PorSi,Embalagem de 400 g,"0,90 €","6,00 €/Kg"
Queijo ralado dispensador,PorSi,Embalagem de 80g,"7,45 €/Kg","7,45 €/Kg"
Refrigerante c/ gás ananás,Sumol,Garrafa de 500 ml,"0,40 €/L","0,40 €/L"
Saqueta puré de fruta e aveia,PorSi,Embalagem de 90g,"0,74 €","8,22 €/Kg"
Vinho regional alentejano bag-in-box tinto,Galitos,Garrafa de 5 l,"5,19 €","1,04 €/L"
Creme Corpo Goodness,Dove,Embalagem de 300 ml,"12,48 €/L","12,48 €/L"
Cola Especial Calçado,Pattex,Embalagem de 30 g,"3,99 €","133,00 €/Kg"
"Linguíca, 4 unidades",PorSi,Embalagem de 180 g,"1,22 €","6,78 €/Kg"
Experiências Jantar a Dois,Odisseias,,"49,90 €","49,90 €/Unidade"
Champô cacau&côco,Ultra Suave,Embalagem de 400 ml,"5,59 €","13,98 €/L"
Vinagre de fruta,PorSi,Embalagem de 500 ml,"0,35 €","0,70 €/L"
Queijo flamengo fatias light,PorSi,Embalagem de 200g,"2,39 €","19,92 €/Kg"
Comida Húmida para Gatinhos Mousse com Vitela,Gourmet Diamant,Embalagem de 85 g,"3,49 €","10,26 €/Kg"
Refrigerante sem gás de maçã,Trina,"Garrafa de 1,5 l","1,14 €","0,76 €/L"
Licor de anis,On Off,"Garrafa de 0,70 l","16,99 €","24,27 €/L"
Leite de pastagem uht meio gordo,Milhafre,1 litro,"0,78 €","0,78 €/L"
Polpa de manga,Koala,Embalagem de 450g,"4,19 €","7,35 €/Kg"
"Salsichas hot dog, frasco",Izidoro,Embalagem de 240g,"0,75 €","3,75 €/Kg"
Queijo fatias -50% gordura,Terra Nostra,Embalagem de 400g,"1,56 €","7,80 €/Kg"
Hortelã,Vitacress,embalagem de 40 g,"1,19 €","39,67 €/Kg"
Eau de Toilette Cars,Corine de Farme,Embalagem de 50 ml,"9,99 €","199,80 €/L"
Iogurte líquido yoggi cremoso pêssego/manga,Nestle,Embalagem de 4 x 160 g,"1,19 €","1,86 €/Kg"
Açúcar fino,Rar,Embalagem de 1000 g,"1,49 €","1,49 €/Kg"
Chocolate culinário 70% cacau,Nestle,Embalagem de 170 g,"1,04 €","8,32 €/Kg"
Patê de marisco,Fides,Embalagem de 90g,"1,19 €","13,52 €/Kg"
Arroz agulha,Pato real,Embalagem de 1 kg,"0,99 €","0,99 €/Kg"
Toalhitas Refrescantes Rosto e Mãos,PorSi,Embalagem 3 x 10 un.,"1,10 €","1,10 €/Unidade"
Desentupidor em gel canos com soda,PorSi,Embalagem de 1 litro,"1,79 €","2,39 €/L"
Puré de batata,Saint Eloi,Embalagem de 500 g,"1,99 €","1,99 €/Kg"
Cocktail pessego,Bar Royal,Garrafa de 750 ml,"11,99 €","11,99 €/L"
Sopa de cebola,Knorr,Embalagem de 50g,"0,84 €","13,55 €/Kg"
Moinho 5 pimentas em grão,PorSi,Frasco com 40 g,"0,25 €","0,25 €/Kg"
"Vinho tinto doc dão, reserva",Cabriz,Garrafa de 0.75 l,"3,99 €","5,32 €/L"
Máquina de barbear descartável,Gillette,Embalagem com 4+1 unidades,"1,24 €","4,96 €/L"
"Ambientador automático, fresh matic, pure",Air Wick,1 unidade,"3,74 €","3,74 €/Unidade"
Sobremesa paturette baunilha,Páturages,Embalagem de 4 x 115 g,"1,45 €","3,15 €/Kg"
Tostas crocantes sem glúten,Schar,Embalagem de 200 g,"2,39 €","6,83 €/Kg"
Óleo Performa 15W40,Galp,Embalagem de 1 l,"14,99 €","14,99 €/L"
Farinheira do fundão,PorSi,Embalagem de 250g,"1,49 €","7,45 €/Kg"
Creme Depilatório Peles Normais,Veet,Embalagem de 200 ml,"10,99 €","73,27 €/L"
Bolachas cobertas com chocolate sem glúten,Schar,Embalagem de 150g,"0,79 €","5,27 €/Kg"
Fatias vegetarianas c/ legumes,Nobre,Embalagem de 100g,"3,35 €","22,33 €/Kg"
Camarão cozido 30/40,Nossa seleção,Congelado,"2,00 €","7,99 €/Kg"
Almôndegas vegetarianas,Garden Gourmet,Embalagem de 200g,"2,49 €","8,30 €/Kg"
Tablete de chocolate culinário negro,PorSi,Embalagem de 200 g,"16,67 €/Kg","16,67 €/Kg"
Patafix branco,Uhu,Embalagem com 80 pastilhas adesivas,"2,49 €","2,49 €/Unidade"
Sangria branca,Don Simon,"Garrafa de 1,5 l","2,39 €","1,59 €/L"
Leite condensado magro cozido,Nestle,Embalagem de 390g,"1,09 €","2,75 €/Kg"
Amaciador concentrado para roupa floral,PorSi,80 doses,"3,99 €","3,99 €/Unidade"
Espremedor,PorSi,1 unidade,"0,89 €","0,89 €/Unidade"
Cocktail de azeitonas,PorSi,Vendido ao peso a partir de 250 g,"1,00 €","3,99 €/Kg"
Manjericão,PorSi,20 g,"1,19 €","39,67 €/Kg"
Camarão tigre 10/15 congelado,Nossa seleção,Vendido ao peso,"2,00 €","7,99 €/Kg"
Queijo Curado Trad.Pimentão,Alavão,Vendido ao peso a partir de 250 gr,"25,45 €/Kg","25,45 €/Kg"
Água mineral sem gás,S.estrela,pack 4 x 1.5 l,"1,04 €","0,17 €/L"
Polpa de tomate,PorSi,Embalagem de 500 g,"3,84 €","24,00 €/Kg"
Limpador,Pronto,Embalagem de 750 ml,"3,99 €","7,98 €/L"
Pensos higiénicos liberty noite abas,Evax,Embalagem com 9 un.,"4,99 €","4,99 €/Unidade"
Fralda Cueca Banho Splashers T5,Dodot,1 Embalagem c/10 unidades,"8,49 €","8,49 €/Unidade"
Batatas fritas sal marinho & vinagre balsâmico,Ket.chips,Embalagem de 150g,"1,19 €","6,43 €/Kg"
Café torrado lote chávena máquina,Delta,Embalagem de 250g,"9,16 €/Kg","9,16 €/Kg"
Rebuçados mel e limão,PorSi,Embalagem de 200g,"0,77 €","3,85 €/Kg"
Entremeada Novilho,Novilho,1 un=150 gr (aprox),"3,29 €","8,23 €/Kg"
Kiwi cortado,PorSi,100 g,"0,24 €","1,19 €/Kg"
Polpa de tomate em garrafa,Compal,Embalagem de 500g,"3,84 €","24,00 €/Kg"
Iogurte magro + gelatina morango,Mimosa,Embalagem de 4 x 120 g,"0,99 €","1,32 €/Kg"
Nata uht para culinária,Parmalat,Embalagem de 200 ml,"0,75 €","3,75 €/L"
Camisola segunda pele 30D branco t. único,PorSi,1 unidade,"4,69 €/Unidade","4,69 €/Unidade"
Manteiga pasteurizada com sal cuvet,Primor,Embalagem de 250g,"1,69 €","6,76 €/Kg"
Vinho tinto alentejo,ALABASTRO,"Garrafa de 0,75 l","2,89 €","3,85 €/L"
Pepinex,Legumes do Dia,1 un=400 g (aprox.),"0,75 €","2,99 €/Kg"
Iogurte Pedaços Pêssego,PorSi,Embalagem de 2x135 g,"1,87 €","1,25 €/Kg"
Hambúrgueres de peru,PorSi,Embalagem de 4x80g,"2,79 €","8,72 €/Kg"
Tablete chocolate collage caramelo,Milka,Embalagem de 90g,"5,30 €/Kg","5,30 €/Kg"
Desodorizante roll on dermo invisible,Sanex,Embalagem de 50 ml,"4,69 €","31,27 €/L"
Cogumelos inteiros,PorSi,Embalagem de 185 g,"1,79 €","2,29 €/Kg"
Soquete mousse 20d musk t. único,PorSi,3 unidades,"1,89 €/Unidade","1,89 €/Unidade"
Vodka Black,Jelzin,"Garrafa de 0,70L","19,90 €","19,90 €/L"
Paté de pato com Vinho do Porto,Mortier,150 g,"1,05 €","6,99 €/Kg"
Toalha de Mesa Anti Nódoas,VZT,Dim.: 150 x 150 cm,"4,99 €/Unidade","4,99 €/Unidade"
"Limpa vidros pistola, cristal",Ajax,Embalagem de 500 ml,"3,19 €","6,38 €/L"
Desodorizante spray energy,Labell Men,Embalagem de 200 ml,"1,39 €","6,95 €/L"
Tostas multicereais s/ glúten,MUSEU PAO,Embalagem de 140g,"4,29 €","20,43 €/Kg"
12 ovos codorniz,PorSi,Embalagem de 1 unidades,"2,19 €","2,19 €/Unidade"
Vinho rosé mateus emotion,Mateus,Garrafa de 750 ml,"4,29 €","5,72 €/L"
Lamina Descartáveis Platina,Labell,Pack 10 unidades,"1,24 €","4,96 €/L"
Gel de massagem,Durex,Embalagem de 200 ml,"4,99 €","4,99 €/Unidade"
Lixivia perfumada,PorSi,Garrafa de 2 l,"2,59 €","1,30 €/L"
Caldo de galinha 24 cubos,Knorr,Embalagem de 240g,"3,84 €","24,00 €/Kg"
Sidra maçã,Bandida,Lata de 500 ml,"1,59 €","3,18 €/L"
Cera acrílica encarnada,Novycera,Embalagem de 500 ml,"3,99 €","7,98 €/L"
Orégãos em folhas,PorSi,Saqueta com 10 g,"0,25 €","0,25 €/Kg"
Sardinha Pequena,Peixe do Dia,1 un = 100 gr (aprox.),"4,80 €","11,99 €/Kg"
Atum ao natural,Ramirez,Embalagem de 120g,"0,89 €","7,42 €/Kg"
Paté de atum,PorSi,Embalagem de 65 g,"1,19 €","13,52 €/Kg"
Comida húmida para gato com frango/vaca,Purina One,Embalagem de 340g,"3,49 €","10,26 €/Kg"
Crepe chocolate,PorSi,Embalagem de 540g,"2,49 €","7,55 €/Kg"
Acetona,PorSi,Embalagem de 250 ml,"1,89 €","9,45 €/L"
Ambientador spray de lavanda,Air Wick,Garrafa de 240 ml,"2,59 €","8,63 €/L"
"Creme de muda de fralda, para bebé",Pommette,Embalagem de 100 ml,"0,59 €","5,90 €/L"
Sopa de legumes,PorSi,Embalagem de 400 g,"1,99 €","2,49 €/Kg"
Batata frita palha,PorSi,Embalagem de 160g,"0,87 €","5,44 €/Kg"
"Bolachas aperitivas, simples",Tuc,Embalagem de 100g,"2,82 €","9,40 €/Kg"
Iogurte Pedaços Kiwi 0% Matéria Gorda/Açúcares,Danone,4 x 120 g,"4,15 €/Kg","4,15 €/Kg"
Bolacha shortcake,Nacional,Embalagem de 180g,"1,69 €","6,76 €/Kg"
Recarga Ambientador Automático Sparkling Citrus,PorSi,Embalagem de 250 ml,"11,98 €","11,98 €/Unidade"
Crescido,Bacalhau da Noruega,1 un = 1.5 kg (aprox.),"8,73 €/Kg","8,73 €/Kg"
Tamaras,PorSi,Embalagem de 200g,"0,79 €","3,95 €/Kg"
Chocolate de leite com avelãs,Nestle,Embalagem com 195 g,"10,52 €/Kg","10,52 €/Kg"
"Queijo ralado, 4 queijos",President,Embalagem de 150 g,"7,45 €/Kg","7,45 €/Kg"
Bolacha cookie sensations choco,Milka,Embalagem de 160g,"0,90 €","6,00 €/Kg"
Néctar vital equilibrio laranja/cenoura/manga,Compal,Embalagem de 1 l,"0,99 €","0,99 €/L"
"Sprite lima-limão sem açúcar embalagem 1,5 l.",Sprite,Garrafa de 1.5 l,"0,40 €/L","0,40 €/L"
Queijo meio gordo,D. Pedro,Vendido ao peso a partir de 250 gr,"2,42 €","9,69 €/Kg"
Mopa 1.2 spray max,Vileda,1 unidade,"0,89 €","0,89 €/Unidade"
Bolacha maria junior doces,Vieira,Embalagem de 280g,"2,11 €/Kg","2,11 €/Kg"
"Refeição pronta, boião de legumes e vitela",Bledina,Embalagem de 200g,"1,89 €","9,95 €/Kg"
Lixívia densa +,Neoblanc,Embalagem de 1 l,"1,74 €","0,35 €/L"
Napolitanas creme cacau,PorSi,Embalagem de 320g,"1,77 €","5,53 €/Kg"
Achocolatado em Pó,Nesquik,Embalagem de 390g,"5,39 €","7,19 €/Kg"
Grão de bico,PorSi,embalagem de 500 g,"0,99 €","1,98 €/Kg"
"Papel higiénico, Super Duplo 2 folha, 9=18rolos",Renova,Uma embalagem,"1,99 €","1,99 €/Unidade"
Mini Hambúrguer de Batata Doce e Quinoa Green Cuisin...,Iglo green,Embalagem de 270g,"2,49 €","8,30 €/Kg"
Café solúvel em saquetas,Nescafe,Embalagem de 45 g,"14,50 €/Kg","14,50 €/Kg"
Gelatina pronta a comer light 10 kcal melancia,Royal,Embalagem de 4 x 100 g,"0,85 €","2,13 €/Kg"
Salsichas em lata,PorSi,Embalagem  de 120 g,"0,75 €","3,75 €/Kg"
Batata doce em palitos,MCCAIN,Embalagem de 500 g,"1,39 €","1,39 €/Kg"
Camisola segunda pelo mousse muskade 30D t. único,PorSi,1 unidade,"1,89 €/Unidade","1,89 €/Unidade"
"Líquido refrigerante, verde 10%",PorSi,Embalagem de 5 l,"3,99 €","0,80 €/L"
Fruta para bebé maçã banana morango +8 meses,Nestle,Embalagem de 90g,"0,74 €","8,22 €/Kg"
Iogurte líquido morango,PorSi,Embalagem de 4 x 160 g,"1,19 €","1,86 €/Kg"
Desinfetante Multiusos,Sanytol,Embalagem de 750 ml,"4,89 €","6,52 €/L"
Kiwi categoria II - calibre 30/36,Fruta do Dia,1 un = 150 gr (aprox.),"0,24 €","1,19 €/Kg"
Sidra maçã,Somersby,pack 4 x 0.33 l,"1,59 €","3,18 €/L"
Rebuçados Sortido Fruta,Villa,Embalagem de 1000 g,"1,15 €","4,60 €/Kg"
Balde com pedal branco,PorSi,Capacidade: 7 litros,"2,50 €","2,50 €/Unidade"
Gel Banho Care&Orange,Nivea,Embalagem de 500 ml,"6,49 €","8,65 €/L"
Sumo 100% Frutos Tropicais,Paquito,Embalagem de 1 l,"1,09 €","0,73 €/L"
"Recarga Sabonete líquido, Amêndoas",Palmolive,Embalagem de 500 ml,"2,18 €/L","2,18 €/L"
Sopa Creme de Marisco,PorSi,Embalagem de 80 g,"0,84 €","13,55 €/Kg"
Snack chocolate leite,Kit kat,Embalagem de 125g,"1,19 €","11,90 €/Kg"
Vinho verde branco,Torre de menagem,"Garrafa de 0,75 l","3,09 €","3,09 €/L"
Ambientador spray pure colónia de bebé,PorSi,250 ml,"2,59 €","8,63 €/L"
Salsichas Frankfurt em lata,Izidoro,Embalagem de 250g,"0,75 €","3,75 €/Kg"
Lenços Bolso Colletion,Kleenex,Pack 15 unidades,"0,89 €","0,89 €/Unidade"
Coleira repelente para gatos,Repul' 7,Embalagem de 1 unidades,"8,75 €","8,75 €/Unidade"
Iogurte natural açucarado em frasco de vidro,PorSi,Embalagem de 2 x 125 g,"0,65 €","1,30 €/Kg"
Gel Lubrificante natural play,Durex,Embalagem de 50 ml,"4,99 €","4,99 €/Unidade"
"Bebida açucarada  tinto de verão, clássico",Sandevid,"Garrafa de 1,5 l","2,39 €","1,59 €/L"
Aguadente vinica velha,Património,Garrafa de 0.70 l,"12,90 €","18,43 €/L"
Vinho do porto white,Cruz,Garrafa de 750 ml,"11,99 €","15,99 €/L"
Néctar tutti-fruti,Compal,Pack 3 x 200 ml,"0,99 €","0,99 €/L"
Crepe simples,PorSi,Embalagem de 630g,"2,49 €","7,55 €/Kg"
"Aperitivos, amendoins no forno",Matutano,Embalagem de 200g,"0,79 €","7,90 €/Kg"
Bolacha dourada dietnature,Gullon,Embalagem de 330g,"2,11 €/Kg","2,11 €/Kg"
Cebola Roxa,Programa Origens,1 un = 500 gr (aprox.),"0,35 €","1,39 €/Kg"
Cereais fitness chocolate preto,Nestle,Embalagem de 375g,"3,45 €","26,74 €/Kg"
Cerveja sem álcool,Super Bock,Pack 6 x 20 cl,"5,99 €","3,03 €/L"
Clara liquida pasteurizado,Dovo,Embalagem de 320 ml,"2,19 €","2,19 €/Unidade"
Pano multiusos felpo,PorSi,1 unidade,"1,79 €","1,79 €/Unidade"
Gelatina frutos tropicais  10kcal,Royal,Embalagem de 30g,"0,55 €","61,11 €/Kg"
Manteiga sem sal,Primor,Embalagem de 250g,"1,69 €","6,76 €/Kg"
Azeite virgem extra bio frutado,Gallo,Garrafa de 750 ml,"3,19 €","4,25 €/L"
Fraldas de Incontinência Elásticos Grandes,Lindor,20 Unidades,"9,99 €","9,99 €/Unidade"
Espetadas de Peru,Peru,1 un = 150 gr (aprox.),"2,72 €","6,80 €/Kg"
Bolacha Maria Integral,PorSi,Embalagem de 600g,"0,98 €","3,27 €/Kg"
Tesoura kidy pulse,Maped,12 cm,"1,99 €","1,99 €/Unidade"
Vinho do porto 10 anos,Souza,Garrafa de 750 ml,"16,99 €","22,65 €/L"
Lambrusco tinto,*,Garrafa de 750 ml,"1,99 €","2,65 €/L"
Bebida arroz com cálcio,Rice Dream,Embalagem de 3 x 200 ml,"2,19 €","2,19 €/L"
"Escova de dentes macia, 7-13 anos",Labell,1 unidade,"1,19 €","1,19 €/Unidade"
Bebida energética,Red Bull,Garrafa de 360 ml,"5,96 €","5,96 €/L"
Batata frita com sal,Ruffles,Embalagem de 90g,"1,06 €","5,73 €/Kg"
Bacalhau em lombos,PorSi,Embalagem de 800g,"6,39 €","7,99 €/Kg"
Tablete de chocolate com avelãs,PorSi,Embalagem de 100 g,"10,52 €/Kg","10,52 €/Kg"
Crepe de ovo,PorSi,Embalagem de 540 g,"2,49 €","7,55 €/Kg"
Aperfeiçoador BB Cream Oil Free Médio,Garnier,Embalagem de 40 ml,"2,99 €","59,80 €/L"
Cappuccino intenso,Nescafe,Embalagem de 130g,"3,19 €","25,52 €/Kg"
Preparado de bolo de mármore,PorSi,528 g,"1,69 €","8,45 €/L"
Penso Higiénico Ultrafinos Normal Abas,PorSi,16 unidades,"4,99 €","4,99 €/Unidade"
Sal de mesa,PorSi,Embalagem de 250 g,"0,25 €","0,25 €/Kg"
Mini tostas integrais,PorSi,Embalagem de 180g,"2,39 €","6,83 €/Kg"
16 mini croquetes de carne,PorSi,Embalagem de 290 g,"1,79 €","7,16 €/Kg"
Batatas fritas sal marinho & pimenta preta,Ket.chips,Embalagem de 150g,"1,19 €","6,43 €/Kg"
Moinho pimenta preta em grão,PorSi,Frasco com 45 g,"0,25 €","0,25 €/Kg"
Gelado fizz limão,Olá,Embalagem de 6 x 60 ml,"5,99 €","16,64 €/L"
Casa mateus temporada - morango   6x350g,Casa de Mateus,Embalagem de 350g,"4,89 €","19,56 €/Kg"
Pão forma de Rio Maior,*,500 g,"0,19 €","2,38 €/Kg"
Cola Stic Renature,Uhu,Embalagem com 21 g,"2,19 €","109,50 €/L"
Recarga mopa,PorSi,1 unidade,"2,20 €","2,20 €/Unidade"
"Jogo ""Pintura Magica Veículos de Passageiros""",Ambar Science,1 unidade,"6,20 €","6,20 €/Unidade"
Bolacha cream cracker,Vieira,Embalagem de 200g,"0,39 €","3,12 €/Kg"
Arroz basmati,PorSi,Embalagem de 1 kg,"0,99 €","0,99 €/Kg"
Aperitivo pappadum simples,PATAKS,Embalagem de 100g,"0,79 €","7,90 €/Kg"
Tâmara seca sem caroço,PorSi Bio,Embalagem de 150g,"2,49 €/Kg","2,49 €/Kg"
Paio do lombo fatiado,Nobre,Embalagem de 100g,"2,79 €","13,95 €/Kg"
Salame fat,Campofrio,Embalagem de 80g,"1,35 €","16,88 €/Kg"
Vermute rosso,Martini,Garrafa de 1 l,"11,99 €","11,99 €/L"
Arroz integral,PorSi Viva Bem,Embalagem de 1 kg,"0,99 €","0,99 €/Kg"
Sidra de maçã,Somersby,pack 6 x 0.2 l,"1,59 €","3,18 €/L"
Bolacha de manteiga sem glúten,Schar,Embalagem de 165g,"4,29 €","20,43 €/Kg"
Café mistura peninsular,Delta,Embalagem de 250g,"0,99 €","3,96 €/Kg"
Leite uht meio gordo,Mimosa,Embalagem de 1 litro,"0,78 €","0,78 €/L"
Tentáculos pota,PorSi,Embalagem de 800G,"5,49 €","6,86 €/Kg"
Tampões Cotton Protection Regular,Tampax,16 unidades,"3,99 €","3,99 €/Unidade"
"Fermento em pó, lata",Royal,Embalagem de 110g,"1,65 €","20,12 €/Kg"
6 empadas de galinha,PorSi,Embalagem de 330g,"1,79 €","7,16 €/Kg"
Cola glitter,Mitama,pack 5 unidades,"2,19 €","109,50 €/L"
Qj red cheddar fatias 150g,KERRYGOLD,Embalagem de 150g,"1,56 €","7,80 €/Kg"
Comida húmida para gato seleção de peixes,Gourmet mp,Embalagem de 300g,"3,49 €","10,26 €/Kg"
Pizza fresca de fiambre e queijo,PorSi,400 g,"0,99 €","4,30 €/Kg"
Vinho regional península de setúbal branco,J.m.f.,Garrafa de 750 ml,"8,59 €","11,45 €/L"
Bochechas,Porco,1 un = 150 gr (aprox.),"4,89 €","4,89 €/Kg"
Melão Verde,Fruta da Época,Vendido ao peso | 1 un = 4kg (aprox.),"1,00 €","3,99 €/Kg"
Chocolate negro 85% cacau,Nestle,Embalagem de 120g,"16,67 €/Kg","16,67 €/Kg"
Mousse crocante baunilha,A leiteira,Embalagem 4 x 57 g,"1,45 €","3,15 €/Kg"
"Rolos de cozinha compactos, branco, máxima absorção,...",Renova,1 unidade,"4,99 €","4,99 €/Unidade"
Ananás em rodelas,PorSi,Embalagem de 565 g,"1,99 €","2,37 €/Kg"
Requeijão de ovelha,PorSi,Embalagem de 250g,"2,35 €","10,88 €/Kg"
Lixivia perfumada,PorSi,Garrafa de 2 l,"1,74 €","0,35 €/L"
Livro Sabores Light - Salteados,Girassol,1 unidade,"4,95 €","4,95 €/Unidade"
Ração para gato indoor,Purina One,Embalagem de 800g,"12,99 €","4,33 €/Kg"
Azeite tradição,Oliveira da Serra,Embalagem 3L,"3,19 €","4,25 €/L"
Detergente liquido para máquina de lavar roupa activ...,Skip,Embalagem de 80 doses,"8,69 €","1,84 €/Kg"
Limpa máquinas de loiça limão,PorSi,Embalagem de 250 ml,"2,99 €","2,99 €/Unidade"
Barras de plasticina pastel,Jovi,6 unidades,"2,19 €","109,50 €/L"
Bolacha maria doces,Vieira,Embalagem de 300g,"2,11 €/Kg","2,11 €/Kg"
Sabonete patti,Ach Brito,Embalagem de 160 g,"1,99 €","12,44 €/Kg"
Spray power&shine vidros,Cif,Garrafa de 750 ml,"0,79 €","0,79 €/L"
Leite condensado magro,PorSi,Embalagem de 390 g,"1,09 €","2,75 €/Kg"
Toalha em rolo papel verde,PorSi,1 Unidade,"19,99 €","19,99 €/Unidade"
Beira interior colheita 2014,Beyra,Garrafa de 0.75 l,"2,92 €/L","2,92 €/L"
Filetes de cavala em azeite,PorSi,Embalagem de 120 g,"0,89 €","7,42 €/Kg"
Néctar de laranja e cenoura light,PorSi,Embalagem de 1 litro,"0,84 €","2,55 €/L"
Prepar arroz marisco sem gluten cv 0.8kg,Brasmar,Embalagem de 800g,"2,19 €","8,59 €/Kg"
Discos Sanitários Activos Recarga Eucalipto,WC Pato,Embalagem de 2x36 ml,"2,99 €","74,75 €/Kg"
Recarga difusor elétrico recarga citronela,Dum Dum,1 unidade,"7,69 €","7,69 €/Unidade"
Palmiers,PorSi,Embalagem de 720 g,"0,69 €","3,45 €/Kg"
Termo ultra dreno-volume,PLANTANATU,Garrafa de 500 ml,"9,69 €","9,69 €/Unidade"
Óleo Bronzeador Coco,Ambre Solaire,Embalagem de 200 ml,"11,49 €","57,45 €/L"
Salsa folhas,PorSi,Embalagem de 10g,"0,25 €","0,25 €/Kg"
Óleo Gasolina 20w40,PorSi,Embalagem de 5 l,"14,99 €","14,99 €/L"
Café lote bocage moagem única,Nicola,Embalagem de 250g,"9,16 €/Kg","9,16 €/Kg"
Oreo flavors cookies birthday party rollpack 154 gr,Oreo,Embalagem de 150g,"0,79 €","4,49 €/Kg"
Gelado cornetto mini clássico,Olá,Embalagem de 8 x 60 ml,"5,99 €","16,64 €/L"
Tomates Cereja Vermelhos,PorSi Bio,Emb.: ± 200 g,"0,87 €","3,49 €/Kg"
Café descafeinado,PorSi,Embalagem de 250g,"1,59 €","6,36 €/Kg"
Bio miolo amendoa compele,PorSi Bio,Embalagem de 100g,"2,99 €","5,98 €/Kg"
Iogurte líquido morango/cereais,PorSi,Embalagem de 4 x 160 g,"1,19 €","1,86 €/Kg"
Leite Hidratante Óleos Maravilhosos,Ultra Suave,Embalagem de 400 ml,"12,48 €/L","12,48 €/L"
Laboratório Mecânica Camião de Mina,Clementoni,1 unidade,"6,20 €","6,20 €/Unidade"
Leite com chocolate light,Ucal,Embalagem de 6 x 250 ml,"0,26 €","1,30 €/L"
Alho picado,PorSi,Embalagem de 100 g,"3,29 €","4,39 €/Kg"
Amendoas laminadas 125g,Vahine,Embalagem de 130g,"1,65 €","20,12 €/Kg"
Caderno Agrafado Capa Preta |A4 Pautado,Domédia,1 unidade,"2,29 €","2,29 €/Unidade"
Mon cheri t5 53g,Mon cheri,Embalagem de 50g,"2,39 €","47,80 €/Kg"
Marsúpio cinza,Asalvo,1 unidade,"42,99 €","42,99 €/Unidade"
Mousse de chocolate preto,Páturages,Embalagem de 4x60 g,"1,45 €","3,15 €/Kg"
Sumo de laranja,Andros,Embalagem de 1 l,"1,09 €","0,73 €/L"
Arroz vaporizado,PorSi,Embalagem de 1 kg,"0,99 €","0,99 €/Kg"
Bolachas cracker sem sal,PorSi,Embalagem de 500g,"0,39 €","3,12 €/Kg"
20 saquetas chá de pêssego manga,Lipton,Embalagem de 40g,"44,50 €/Kg","44,50 €/Kg"
Balões latex vermelho,PorSi,Embalagem com 24 unidades,"0,59 €","0,59 €/Unidade"
Máquina Depilatória Descartável Miss Soleil Sensitiv...,Bic,1 + 2 Unidades Grátis,"5,49 €","5,49 €/Unidade"
"Infusãoo mirtilo/acai, 20 saquetas",Tetley,Embalagem de 40g,"20,91 €/Kg","20,91 €/Kg"
Iogurte grego natural açucarado sem lactose,PorSi Viva Bem,Embalagem de 240g,"2,59 €","5,40 €/Kg"
Molho de maionese com alho e ervas,PorSi,Garrafa de 120 ml,"0,70 €","2,33 €/Kg"
Ananás pedaços em calda,PorSi,Embalagem de 565g,"1,99 €","2,37 €/Kg"
Massa em espirais,PorSi,Embalagem de 500g,"0,89 €","1,78 €/Kg"
Condicionador spray penteia fácil,Johnson's Baby,Embalagem de 200 ml,"1,99 €","1,99 €/Unidade"
"Sabonete sólido, mel",Feno,Embalagem de 360g,"1,99 €","12,44 €/Kg"
Snack para gato seaside,Felix,Embalagem de 60g,"0,99 €","16,50 €/Kg"
Pudim caramelo,PorSi,Embalagem de 90g,"0,59 €","29,50 €/Kg"
Refrigerante com gás free,Seven-up,"Garrafa de 1,25 l","0,40 €/L","0,40 €/L"
Rum spiced,Bacardi,Garrafa de 700 ml,"20,99 €","29,99 €/L"
Corn flakes sem glúten,Schar,Embalagem de 250g,"2,99 €","7,97 €/Kg"
Tábua de queijos clássicos,Santiago,Embalagem de 270g,"25,45 €/Kg","25,45 €/Kg"
Açafrão das Índias,PorSi,Embalagem de 50g,"0,25 €","0,25 €/Kg"
Jogo de Viagem,Monopoly,,"3,49 €","3,49 €/Unidade"
18 nuggets de frango,Capitão Iglo,Embalagem de 380g,"9,30 €/Kg","9,30 €/Kg"
Iogurte arôma de frutos vermelhos,PorSi,Embalagem de 8x125 g,"1,87 €","1,25 €/Kg"
Massa de macarrão riscado,Nacional,Embalagem de 500g,"0,89 €","1,78 €/Kg"
Sobremesa gelatina de morango,PorSi,Embalagem 4X100G,"0,85 €","2,13 €/Kg"
Super Napolitana de Chocolate,Pastelaria do Dia,1 un = 120 g (aprox.),"0,69 €","0,69 €/Unidade"
Vinho doc alentejo tinto,Albarrada,Garrafa de 750 ml,"2,89 €","3,85 €/L"
Iogurte Activia Fibras Aveia & Frutos Secos,Danone,Embalagem 4x115g,"2,79 €","6,07 €/Kg"
"Recarga para ambientador elétrico, white bouquet duo",Air Wick,Embalagem de 2 unidades,"11,98 €","11,98 €/Unidade"
Ambientador elétrico pure clean linen + recarga,Glade,1 unidade,"3,74 €","3,74 €/Unidade"
Mistura solúvel bolero,Nestle,Embalagem de 200g,"0,99 €","3,96 €/Kg"
Espumante Super Reserva Bruto,Raposeira,Garrafa de 0.75 l,"8,49 €","11,32 €/L"
Bebida energética green,Monster,Garrafa de 500 ml,"5,96 €","5,96 €/L"
Quiche lorraine,Monique Ranou,Embalagem de 400 g,"2,49 €","8,30 €/Kg"
Vinho regional lisboa branco,Marginal,Garrafa de 750 ml,"3,99 €","5,32 €/L"
Furador com 2 furos,Domédia,1 unidade,"2,19 €","109,50 €/L"
Areia para gato aglomerante,PorSi,Embalagem de 5 litros,"1,19 €","0,24 €/Kg"
"Ovas lumpo, vermelhas",Martiko,Embalagem de 50 g,"0,89 €","7,42 €/Kg"
Snack para gato de galinha e pato,Catisfactions,Embalagem de 60g,"0,99 €","16,50 €/Kg"
Ultra magnésio +b6,PLANTANATU,Embalagem de 1 unidades,"9,69 €","9,69 €/Unidade"
Manteiga com sal e sem lactose,Mimosa,Embalagem de 250g,"2,59 €","5,40 €/Kg"
Super tea boost com vitamina b6,Tetley,Embalagem de 40g,"44,50 €/Kg","44,50 €/Kg"
Iogurte grego maçã e canela,Danone,Embalagem de 4 x 110 g,"1,49 €","2,98 €/Kg"
Iogurte pedaços pêssego/alperce,PorSi,Embalagem de 4x125g,"4,36 €","2,18 €/Kg"
Batata Pré-Frita Croquettes,PorSi,Embalagem de 1 kg,"1,39 €","1,39 €/Kg"
Batatas fritas onduladas originais,Ruffles,Embalagem de 282g,"1,06 €","5,73 €/Kg"
Ervilhas bio,PorSi Bio,Frasco com 290 g,"1,79 €","2,29 €/Kg"
Couve branca,Legumes do Dia,1 un= 1 kg aprox,"1,00 €","2,49 €/Kg"
Baton blackberry shine,Labello,1 un.,"0,58 €","0,58 €/Unidade"
Repelente Anti Mosquito Spray,Mercurochrome,Embalagem 100 ml,"0,58 €","0,58 €/Unidade"
Faca Pão 20 cm Preta,PorSi,1 unidade,"3,65 €","3,65 €/Unidade"
Assador Castanhas em Barro,Produto selecionado,Diam.: 17 cm,"4,99 €/Unidade","4,99 €/Unidade"
Activia topper muesli & arando,Danone,Embalagem de 170g,"2,79 €","6,07 €/Kg"
"Massa polir, em bisnaga",Redex,Embalagem de 125 ml,"3,99 €","0,80 €/L"
Abóbora Menina,Legumes do Dia,1 un= 1 kg (aprox.),"0,10 €","0,95 €/Kg"
"Sumo 100%, tutti-frutti",PorSi,"Embalagem de 1,5 l","1,09 €","0,73 €/L"
Mistolin tira-nódoas,Mistolin,Garrafa de 500 ml,"1,79 €","2,39 €/L"
Cerveja 0.0%,Heineken,Lata de 0.33 l,"5,99 €","3,03 €/L"
Tira Nódoas em Pó Cores,Skip,1 kg,"10,99 €","52,33 €/Kg"
Vinagre vinho branco 250ml,Cristal,Garrafa de 250 ml,"0,35 €","0,70 €/L"
Spray desinfetante multiusos,Lysol,Embalagem de 500 ml,"1,19 €","0,79 €/L"
Anti-humidade + 3 recargas,HUMYDRY,1 embalagem,"8,99 €","8,99 €/Unidade"
Bolacha tosta rica choco guay,Cuetara,Embalagem de 170g,"1,89 €","15,75 €/Kg"
Abacaxi,Fruta do Dia,1 un = 2kg ( aprox.),"2,50 €","1,25 €/Kg"
Ambientador tealights baunilha,PorSi,embalagem com 18 unidades,"9,49 €","45,19 €/Kg"
Inseticida Elétrico Melgas e Mosquitos 5 em 1,Dum Dum,1 unidade = 90 noites,"7,69 €","7,69 €/Unidade"
Preparado de carne de novilho (picada),PorSi,Embalagem de 400 g,"3,29 €","8,23 €/Kg"
Vinho tinto alentejo,Loios,Garrafa de 750 ml,"2,89 €","3,85 €/L"
Banha,PorSi,Embalagem de 940 g,"2,89 €","2,89 €/Kg"
Croutons com azeite,PorSi,Embalagem de 150g,"2,39 €","6,83 €/Kg"
"Rebuçados sem açúcar, spearmint",Halls,Embalagem de 4x32 g,"0,77 €","3,85 €/Kg"
Gel wc anticalcário sem lixívia,PorSi,"Garrafa de 1,5 l","2,79 €","3,99 €/L"
Azeite virgem delicado,Gallo,Garrafa de 750 ml,"3,19 €","4,25 €/L"
Lava Tudo Amoniacal,Sonasol,"Garrafa de 1,3 l","0,99 €","0,50 €/L"
Tablete de chocolate de leite,Cadbury,Embalagem de 110g,"5,30 €/Kg","5,30 €/Kg"
Anticongelante vermelho 20%,PorSi,Embalagem de 1 l,"3,99 €","0,80 €/L"
Mix cogumelos para massas,*,200 g,"1,00 €","4,99 €/Kg"
Tablete de chocolate leite,Schogetten,Embalagem de 100g,"5,30 €/Kg","5,30 €/Kg"
Mistura vegetais para wok,PorSi,Embalagem de 750g,"1,89 €","1,89 €/Kg"
Balões latex amarelos,PorSi,Embalagem com 24 unidades,"0,59 €","0,59 €/Unidade"
Vermute rosso,Martini,Embalagem de 10x6 cl,"5,90 €","8,43 €/L"
Mistura para aves,Rac.zezere,Embalagem de 5 kg,"2,49 €","16,60 €/Kg"
Snacks para Cão Markies Mini,Pedigree,Embalagem de 500 g,"5,58 €/Kg","5,58 €/Kg"
"Pensos diários maxiplus, 30 unidades",Evax,Uma embalagem,"1,79 €","1,79 €/Unidade"
Frutapura Pouch Banana Morango,Bledina,Embalagem de 85g,"2,29 €","6,94 €/L"
Sabao azul e branco,PorSi,Embalagem de 400g,"1,09 €","2,73 €/Kg"
Tostas integrais,PorSi,Embalagem de 225g,"2,39 €","6,83 €/Kg"
Bolacha cream cracker,Cuetara,Embalagem de 200g,"0,39 €","3,12 €/Kg"
"Amaciador de roupa, azul",Comfort,Garrafa de 4 l,"8,99 €","2,25 €/L"
Beira interior colheita 2013,Beyra,Garrafa de 0.75 l,"2,92 €/L","2,92 €/L"
Prato raso | diam.: 24 cm,Servotel,1 un.,"14,99 €","14,99 €/Unidade"
Toalhitas Bebé Nature,PorSi,64 unidades,"1,09 €/Unidade","1,09 €/Unidade"
Actimel natural,Danone,Embalagem de 600g,"4,15 €/Kg","4,15 €/Kg"
Choco limpo congelado,PorSi,Vendido ao peso a partir de 200 g (aprox.),"2,60 €","12,99 €/Kg"
Bola de Berlim c/ Creme,PorSi,100g,"0,69 €","0,69 €/Unidade"
Pensos clássicos,PorSi,20 unidades,"1,69 €","1,69 €/Unidade"
Detergente líquido Ultra Concentrado Loiça Platinium...,PorSi,Embalagem de 500 ml,"0,99 €","1,98 €/L"
Café torrado em grão,PorSi,250 g,"9,16 €/Kg","9,16 €/Kg"
"Luvas Multi 100, Tamanho Pequeno/Médio",Vileda,1 Embalagem,"4,29 €","4,29 €/Unidade"
Forra livros,Mab,,"2,19 €","109,50 €/L"
Achocolatado em pó extra chocolate,Nesquik,Embalagem de 390g,"5,39 €","7,19 €/Kg"
Preparado p/ mariscada s/ glúten,Pescanova,Embalagem de 500 g,"2,19 €","8,59 €/Kg"
"Saca rolhas a pilhas, preto/inox",Anilar,1 unidade,"18,99 €","18,99 €/Unidade"
Iogurte ananás 000%,PorSi Viva Bem,Embalagem de 4 x 125 g,"0,99 €","1,32 €/Kg"
Salsa,Vitacress,embalagem de 40 g,"1,19 €","39,67 €/Kg"
Alheira de mirandela,PorSi Select,Embalagem de 200 g,"1,49 €","7,45 €/Kg"
Sopa rabo de boi económica,Knorr,Embalagem de 60g,"0,84 €","13,55 €/Kg"
Lou Provence Rosé,Peyrassol,0.75 litros,"6,89 €","9,19 €/L"
Vodka red,Smirnoff,Garrafa de 1 l,"19,90 €","19,90 €/L"
"Escova de cabelo, pneumática javali",Labell,Uma unidade,"3,99 €","3,99 €/Unidade"
Barra s.k chocolate 6x21.5g,Kellogg's,Embalagem de 6X21.5G,"3,45 €","26,74 €/Kg"
Leite de limpeza age perfect,L'oreal,Embalagem de 200 ml,"0,76 €","0,76 €/Unidade"
Cubos de tamboril,Mar Ibérica,Embalagem de 250 g,"4,39 €","10,98 €/Kg"
Pudim de chocolate,Boca Doce,Embalagem de 20g,"0,59 €","29,50 €/Kg"
Queijo vaca sem lactose,PorSi Viva Bem,250 g,"2,59 €","5,40 €/Kg"
Papa infantil láctea 5 frutos +6 meses,Cerelac,Embalagem de 250g,"4,49 €","4,49 €/Kg"
Café gold alta rica frasco,Nescafe,Embalagem de 100 g,"14,50 €/Kg","14,50 €/Kg"
Sal marinho grosso,Vatel,Embalagem de 1 kg,"0,25 €","0,25 €/Kg"
Recarga Desumidificador Inodoro,HUMYDRY,embalagem de 450g,"3,49 €","7,76 €/Kg"
Vela com número nº 6,PorSi,1 unidade,"0,60 €","0,60 €/Unidade"
Pão Regional Rio Maior Inteiro,Pão do Dia,1 unidade= 900 g,"0,19 €","2,38 €/Kg"
Mistura solúvel brasa,Nestle,Embalagem de 200g,"0,99 €","3,96 €/Kg"
Biscoitos integrais sementes de agave,PorSi Viva Bem,Embalagem de 150g,"1,45 €","11,15 €/Kg"
Creme para barrar,Nutella,Embalagem de 600g,"4,29 €","12,62 €/Kg"
Colchão molas eco,LusoColchão,Dim.: 118 x 58 cm,"4,99 €/Unidade","4,99 €/Unidade"
Papel higiénico compacto,PorSi,24 rolos,"1,99 €","1,99 €/Unidade"
Iogurte Pedaços Amoras/Mirtilo,PorSi,Embalagem 2X135 g,"4,36 €","2,18 €/Kg"
Danette caramel 125g p4,Danone,Embalagem de 4 x 125 g,"1,45 €","3,15 €/Kg"
Papel higiénico perfumado bouquet folha tripla,Foxy,4 + 2 rolos,"1,99 €","1,99 €/Unidade"
Tofu biológico,PorSi Bio,Embalagem de 300g,"2,99 €","5,98 €/Kg"
Discos de algodão para bebé,PorSi,60 unidades,"3,99 €","3,99 €/Unidade"
Chá barriguinha,PLANTANATU,Embalagem de 10 unidades,"1,19 €","79,33 €/Kg"
Limpa vidros recarga tripla ação,Ajax,Embalagem de 500 ml,"3,19 €","6,38 €/L"
Gel de Banho Corpo e Cabelo Peles Sensiveis,Corine de Farme,Embalagem de 500 ml,"1,99 €","1,99 €/Unidade"
Gel de banho bio kids,Corine de Farme,300 ml,"6,49 €","8,65 €/L"
Tablete de chocolate leite/amêndoa,Nestle,Embalagem de 120g,"10,52 €/Kg","10,52 €/Kg"
Néctar clássico laranja,Compal,Embalagem de 1 l,"0,99 €","0,99 €/L"
Desinfetante p/ Cozinha,Sanytol,Embalagem de 750 ml,"4,89 €","6,52 €/L"
Guardanapos 2 folhas azul e dourado,PorSi Select,40 unidades,"1,29 €","1,29 €/Unidade"
Mortadela de peru com azeitonas,PorSi,1 un = 150 gr (aprox.),"1,05 €","6,99 €/Kg"
Salsichas de porco,Nobre,Lata de 200g,"0,75 €","3,75 €/Kg"
Spray tira gorduras eco,PorSi,Garrafa de 750 ml,"0,79 €","0,79 €/L"
Chá de cidreira e cereja,Lipton,20 saquetas,"85,00 €/Kg","85,00 €/Kg"
Marmelada em cubos,Ferbar,Embalagem de 200g,"1,09 €","2,42 €/Kg"
Creme autobrilhante preto,Splendor,40 ml,"0,99 €","330,00 €/Kg"
Linguas de gato,PorSi,Embalagem de 200 g,"0,69 €","3,45 €/Kg"
Biscoitos choco trio,Milka,Embalagem de 150g,"0,79 €","5,27 €/Kg"
Yofu morango estilo skyr,Alpro,Embalagem de 400g,"3,29 €","6,58 €/Kg"
"Vinho tinto regional, península de setúbal, bag-in-b...",Dom Campos,Garrafa de 5 l,"9,49 €","1,90 €/L"
Fraldas premium T4 - 9 a 15 kg,PorSi,50 unidades,"6,49 €","6,49 €/Unidade"
Óleo para fondue lapalisse,Lapalisse,Garrafa de 1 l,"3,39 €/L","3,39 €/L"
Remove Insectos,PorSi,Embalagem de 1 l,"3,99 €","0,80 €/L"
Biscoitos brownies,PorSi,Embalagem de 230g,"0,90 €","6,00 €/Kg"
Refresco em pó de ananás,PorSi,Embalagem de 40 g,"0,75 €","18,75 €/Kg"
Tablete de chocolate leite com amêndoas,PorSi Select,200 g,"10,52 €/Kg","10,52 €/Kg"
Reparador de móveis escuro,Pronto,Embalagem de 100 ml,"4,39 €","14,63 €/L"
Água mineral sem gás,Serra de Fafe,Embalagem de 6x1.5 lt,"1,04 €","0,17 €/L"
Chouriço Extra do Ribatejo,PorSi,200 g,"1,22 €","6,78 €/Kg"
Lenços Bolso 15X10 3f,PorSi,1 Unidade,"0,89 €","0,89 €/Unidade"
Camarão cozido 30/50,PorSi,Embalagem de 500 g,"22,98 €/Kg","22,98 €/Kg"
Chilli sem Carne,Iglo green,Embalagem de 400g,"2,49 €","8,30 €/Kg"
Espetadas,Frango,1 un= 150 gr (aprox.),"2,72 €","6,80 €/Kg"
Bolachas recheadas com morango e cheesecake,Oreo,Embalagem de 150g,"0,79 €","4,49 €/Kg"
Esferográfica cristal bl 5 az,Bic,1 unidade,"2,79 €","2,79 €/Unidade"
"Lava tudo, vinagre",Cif,"Garrafa de 1,4 l","0,99 €","0,50 €/L"
Adoçante comprimidos,PorSi,Embalagem de 250 saquetas,"5,99 €","23,96 €/Kg"
Reparador de móveis escuro,PorSi,Embalagem de 200 ml,"4,39 €","14,63 €/L"
Sacos do lixo jardim 130 litros,PorSi,10 sacos,"1,79 €","1,79 €/Unidade"
Ervilhas,PorSi,Embalagem de 400 g,"1,89 €","1,89 €/Kg"
Pasta de Moldar Branca,DAS,Embalagem com 1 kg,"2,19 €","109,50 €/L"
Comida húmida para gato júnior,PorSi,Embalagem de 4 x 100 g,"3,49 €","10,26 €/Kg"
Queijinho yoco suissi maxi de morango e banana,Nestle,Embalagem de 4 x 90 g,"1,05 €","1,86 €/L"
Tampões Compak Pearl Super Com Aplicador,Tampax,16 unidades,"3,99 €","3,99 €/Unidade"
Salmão Fumado Norueguês,Skandia,Embalagem de 80 g,"5,99 €","74,88 €/Kg"
Manteiga c/ sal,Mimosa,Embalagem de 250g,"1,69 €","6,76 €/Kg"
Lenços de bolso kids,Renova,Embalagem sortida com 8 unidades + 2 grátis,"0,89 €","0,89 €/Unidade"
Manteiga de cabra,Gr.fermage,Embalagem de 125g,"1,69 €","6,76 €/Kg"
Adoçante liquido,PorSi,Garrafa de 125 ml,"5,99 €","23,96 €/Kg"
Salsichas de porco tipo estrasburgo,Monique Ranou,Embalagem  de 210G,"1,99 €","9,48 €/Kg"
20 saquetas chá de baunilha c/ caramelo,Lipton,Embalagem de 40g,"58,44 €/Kg","58,44 €/Kg"
Desodorizante roll-on Invisible,Rexona,Embalagem de 50ml,"1,39 €","6,95 €/L"
Bolachas digestive finas de chocolate negro,Triunfo,Embalagem de 170 g,"0,79 €","5,27 €/Kg"
Vinho maduro tinto doc alentejo reserva,Albarrada,Garrafa de 75 cl,"2,89 €","3,85 €/L"
Manteiga com sal e sem lactose,Mimosa,Embalagem de 250g,"1,69 €","6,76 €/Kg"
Sabao rosa e branco,PorSi,Embalagem de 400g,"1,09 €","2,73 €/Kg"
Vermute Vibrante sem Álcool,Martini,Garrafa de 750 ml,"11,99 €","11,99 €/L"
Brandy,Croft,Garrafa de 1 l,"11,99 €","17,13 €/L"
Sopa de legumes,PorSi,800 g,"1,99 €","2,49 €/Kg"
"Pizza casa di mama, fiambre e cogumelos",Dr. Oetker,Embalagem de FIAM/COG.380G,"2,16 €","6,17 €/Kg"
Bolacha Maria sem lactose,PorSi Viva Bem,Embalagem de 200 g,"2,59 €","5,40 €/Kg"
Amendoas em po saq.125g,Vahine,Embalagem de 130g,"1,29 €","3,23 €/Kg"
Coelho inteiro,PorSi,Vendido ao peso,"2,72 €","6,80 €/Kg"
Cobertura de tartes,Vahine,Embalagem de 20g,"1,29 €","3,23 €/Kg"
Óleo para travões,Redex,Embalagem de 250 ml,"14,99 €","14,99 €/L"
Bolachas vitalday recheio avelã,Gullon,Embalagem de 220g,"2,82 €","9,40 €/Kg"
Aguardente velha vsop,Antiqua,Garrafa de 700 ml,"12,90 €","18,43 €/L"
"Postas pescada nº3, para fritar",PorSi,Embalagem de 600 g,"4,39 €","10,98 €/Kg"
Leite condensado cozido,Nestle,Embalagem de 400g,"1,09 €","2,75 €/Kg"
Bolachas integrais,PorSi,Embalagem de 200g,"0,98 €","3,27 €/Kg"
Mini Hambúrgueres Beterraba e Sementes de Linhaça Gr...,Iglo green,Embalagem de 270g,"2,49 €","8,30 €/Kg"
Tremoço médio,PorSi,Embalagem de 350 g,"1,79 €","2,29 €/Kg"
Jesuita,*,1 unidade = 75 g,"0,69 €","0,69 €/Unidade"
"Agrafos nº24/6, 2000 unidades",Maped,Uma embalagem,"1,99 €","1,99 €/Unidade"
Tortitas de milho sem sal,PorSi Viva Bem,Embalagem de 130g,"0,79 €","7,90 €/Kg"
Tira Nódoas Brancos em Pó,Skip,1 kg,"10,99 €","52,33 €/Kg"
Amaciador para cabelos pintados,Labell,Embalagem de 200 ml,"1,59 €","7,95 €/L"
Néctar clássico tutti-frutti,Compal,Embalagem de 1 l,"0,99 €","0,99 €/L"
Vinho branco,Enc.bairro,Bag-in-box de 5L,"5,19 €","1,04 €/L"
Elixir bocal total care,Listerine,Embalagem de 500 ml,"5,99 €","11,98 €/L"
Batatas fritas lisas originais,Lay's,Embalagem de 282g,"1,06 €","5,73 €/Kg"
Vela com número nº 3,PorSi,1 unidade,"0,60 €","0,60 €/Unidade"
Cevada torrada moída,PorSi,Embalagem de 250 g,"0,99 €","3,96 €/Kg"
Iglo Pop Up 2 Pessoas,Saurium,1 un.,"34,99 €","34,99 €/Unidade"
Amaciador concentrado spa,PorSi,80 doses,"3,99 €","3,99 €/Unidade"
Vinho regional tejo,Plexus,Garrafa de 750 ml,"1,99 €","2,65 €/L"
3 filetes de peixe recheados com espinafres,Iglo,Embalagem de 300g,"1,79 €","7,16 €/Kg"
Iogurte sólido sem lactose multifrutos,Mimosa,Embalagem de 480g,"2,59 €","5,40 €/Kg"
Bolacha maria junior doces,Vieira,Embalagem de 280g,"1,89 €","15,75 €/Kg"
Água com gás sabor a tangerina,Frize,"Pack 4x 0,25l","2,85 €","2,85 €/L"
Bolachas mini chips ahoy,Ca!,Embalagem de 160g,"0,90 €","6,00 €/Kg"
Queijo sandwich 10 fatias,A Vaca Que Ri,Embalagem de 200G,"1,56 €","7,80 €/Kg"
"Iogurte actimel, morango",Danone,Embalagem de 12 x 100 g,"2,79 €","6,07 €/Kg"
Bandas de cera axilas/bikini,Labell,Embalagem com 16 un. + 4 toalhitas de acabamento,"3,51 €","3,51 €/Unidade"
Spray de limpeza multiusos free & clear,Seventh Generation,Embalagem de 500 ml,"1,19 €","0,79 €/L"
Ice tea limão,Lipton,Embalagem de 1L,"1,14 €","0,76 €/L"
"Gel para o cabelo, wet shine",Fru style,Embalagem de 200 ml,"4,39 €","58,53 €/L"
Bife do Acém Redondo,Novilho,1 un = 250 gr  (aprox.),"3,29 €","8,23 €/Kg"
Batatas fritas ketchup,Ruffles,Embalagem de 150g,"1,19 €","6,43 €/Kg"
Queijo Parmigiano Regiano Curado,*,Vendido ao peso,"1,79 €","7,16 €/Kg"
"Vinho Douro, Private Collection, Tinto",Selecção de Enófilos,Garrafa de 0.75 l,"8,59 €","11,45 €/L"
"Na-farinha de aveia 400g 3,2kg",Nacional,Embalagem de 400g,"1,99 €","1,99 €/Kg"
2 filetes de dourada,Iglo,Embalagem de 200g,"1,79 €","7,16 €/Kg"
Alimento seco para gato Júnior,Whiskas,Embalagem de 950 g,"12,99 €","4,33 €/Kg"
6 cheeseburgers,PorSi,Embalagem de 750g,"2,79 €","8,72 €/Kg"
Moscatel de Setúbal Reserva,Selecção de Enófilos,Garrafa de 0.75 l,"5,99 €","7,99 €/L"
Queijo curado pequeno,Casteloes,Embalagem de 500g,"0,82 €","23,43 €/Kg"
Bolachas chiquilin ositos de mel,Artiach,Embalagem de 160g,"1,89 €","15,75 €/Kg"
Rebuçados mel e limão,Halls,Embalagem de 32 g,"0,77 €","3,85 €/Kg"
Barra choco krispies 120g,Kellogg's,Embalagem de 380g,"1,29 €","10,24 €/Kg"
Vinho do porto finest reserve,Dow's,Garrafa de 0.75 l,"10,99 €","14,65 €/L"
Fermento de padeiro,Vahine,Embalagem de 20g,"1,65 €","20,12 €/Kg"
Tomates Alongados,PorSi Bio,Emb.: ± 400 g,"0,87 €","3,49 €/Kg"
Alimento húmido cão gelatina júnior,Pedigree,Embalagem de 400g,"0,75 €","2,50 €/Kg"
Gomas bites brilho morango,Fini,Embalagem de 100g,"1,19 €","3,97 €/Kg"
Chá verde 20 saquetas,Lipton,Embalagem de 32g,"85,00 €/Kg","85,00 €/Kg"
Fiambre da perna extra fatias finas cuida-t+,Nobre,Embalagem de 110g,"0,97 €","6,49 €/Kg"
Garrafa de Água desporto,Lock&Lock,cap.: 700 ml,"4,49 €","4,49 €/Unidade"
"Guardanapos brancos, gold, folga dupla, 40x40cm, 75 ...",Renova,1 embalagem,"1,29 €","1,29 €/Unidade"
"Livro ""O Espião Israelita""",Leya,1 unidade,"17,50 €","17,50 €/Unidade"
"Gel para o cabelo, pasta remix",Studio Line,Embalagem de 150 ml,"4,39 €","58,53 €/L"
Cocktail de marisco,PorSi,Embalagem de 400 g,"1,79 €","7,16 €/Kg"
Leite de cabra uht meio gordo,President,Embalagem 1L,"0,78 €","0,78 €/L"
Bacalhau Graúdo,Bacalhau da Noruega,1 un = 2.5 kg (aprox.),"8,73 €/Kg","8,73 €/Kg"
Escova de dentes max white média,Colgate,1 + 1 unidades,"3,49 €","3,49 €/Unidade"
Deo Spray Black & White Active,Nivea,Embalagem de 150 ml,"4,69 €","31,27 €/L"
Salsichão fat,Campofrio,Embalagem de 80g,"1,35 €","16,88 €/Kg"
"Cera cabelo, Paste Urban",Axe,Embalagem de 130 ml,"4,39 €","58,53 €/L"
Lápis de cera,Giotto,embalagem com 12 unidades,"4,79 €","4,79 €/Unidade"
Café Qalidus XXL,Delta Q,Embalagem com 60 cápsulas,"54,36 €/Kg","54,36 €/Kg"
Rebuçados mini café,PorSi,Embalagem de 200g,"1,15 €","4,60 €/Kg"
Queijo Coulommiers,Páturages,Embalagem de 350 g,"1,49 €","7,45 €/Kg"
Palmiers,Du bois,Embalagem de 150g,"0,69 €","3,45 €/Kg"
Coleira em nylon p/ cão  repelente 75cm,Repul' 7,Embalagem de 1 unidades,"19,99 €","19,99 €/Unidade"
Arroz de pato,PorSi,Embalagem de 250 g,"2,35 €","5,60 €/Kg"
20 saquetas infusão de lúcia lima,Lipton,Embalagem de 30g,"85,00 €/Kg","85,00 €/Kg"
"Leite bem essencial, morango",Mimosa,Embalagem de 200 ml,"1,99 €","2,49 €/L"
Alho picado,Margao,Embalagem de 60g,"0,25 €","0,25 €/Kg"
Bolos cake e chococolate,Milka,Embalagem de 180g,"2,15 €","2,87 €/Kg"
Bol digestive hobnobs 300g,MCVITIES,Embalagem de 300g,"0,98 €","3,27 €/Kg"
Arroz de pato,PorSi,Embalagem de 400g,"3,53 €","8,83 €/Kg"
Tomate em pedaços,PorSi,Embalagem de 390g,"1,79 €","2,29 €/Kg"
Sanduiche Good4me Atum,Snock,130 g,"0,65 €","0,65 €/Unidade"
Toalhitas de Proteção Cor,K2R,Embalagem de 20 un.,"10,99 €","52,33 €/Kg"
Massa folhada margarina,PorSi,Embalagem de 230 g,"0,99 €","4,30 €/Kg"
Lay's mediterrâneas originais,Lay's,Embalagem de 220g,"1,06 €","5,73 €/Kg"
Lava tudo marinho,Cif,"Garrafa de 1,4 l","0,99 €","0,50 €/L"
Limpa ferros,Petex,1 unidade,"0,89 €","0,89 €/Unidade"
Fraldas agility T4 de 9 a 15 kg,PorSi,50 unidades,"6,49 €","6,49 €/Unidade"
Doce cereja 284g,ST.DALFOUR,Frasco de 284g,"2,19 €","9,95 €/Kg"
Bolachas digestive go aveia,Triunfo,Embalagem de 170g,"0,98 €","3,27 €/Kg"
Salva Camas 60 x 60 cm,PorSi,Embalagem com 20 un.,"4,99 €","4,99 €/Unidade"
Moscatel roxo c/ caixa,Pioneiro,Garrafa de 750 ml,"5,99 €","7,99 €/L"
Formas de alumínio 600 ml,PorSi,5 unidades,"1,10 €","1,10 €/Unidade"
Fraldas Bebé Seco T3 | 6-10 Kg,Dodot,Embalagem com 62 un.,"6,49 €","6,49 €/Unidade"
Pensos para picadas de insetos,PorSi,10 unidades,"1,69 €","1,69 €/Unidade"
Ambientador para a máquina da loiça de lima e limão,Finish,embalagem com 2 un.,"16,63 €/L","16,63 €/L"
Caldeirada de peixe ultracongelada,Brasmar,Embalagem de 700g,"1,79 €","7,16 €/Kg"
Ovos de Galinhas Criadas ao Ar Livre,PorSi,6 ovos frescos,"1,39 €","1,39 €/Unidade"
Queijo Curado kg,Castelões,1 un = 250 gr  (aprox.),"25,45 €/Kg","25,45 €/Kg"
Bolachas Chiquilin 0% Açucar,Artiach,Embalagem de 175 g,"2,82 €","9,40 €/Kg"
Shampo automóvel laranja,PorSi,Embalagem de 5 l,"3,99 €","0,80 €/L"
Perna de Peru,Programa Origens,"Vendido ao peso, 1un = 1kg (aprox)","2,72 €","6,80 €/Kg"
Leite de pastagem magro,Terra Nostra,Embalagem de 1 litro,"0,81 €","0,81 €/L"
Pepperoni Rodelas,Porminho,Embalagem 2 x 75 g,"3,35 €","22,33 €/Kg"
Detergente para loiça plus + limão,Super Pop,Embalagem de 1L,"0,99 €","1,98 €/L"
"Vinagre de sidra, spray",Paladin,Garrafa de 250 ml,"0,35 €","0,70 €/L"
Bebida de soja sem acucar 1l,Alpro,Embalagem de 1L,"2,49 €","2,49 €/L"
Bolachas cacau com cereais e pepitas de chocolate,PorSi,Embalagem de 400 g,"0,90 €","6,00 €/Kg"
Amendoim com Casca,PorSi,Embalagem de 500g,"0,79 €","3,95 €/Kg"
Ambientador vela maçã e canela,PorSi,1 unidade,"9,49 €","45,19 €/Kg"
Limpa Moveis Lavanda,Pronto,300 ml,"4,39 €","14,63 €/L"
Pastilhas café lote chávena,Delta,Embalagem de 110g,"54,36 €/Kg","54,36 €/Kg"
"Anti-calcário em pó, máquina roupa",PorSi,Embalagem de 800g,"10,99 €","52,33 €/Kg"
Creme abrasivo de limão,PorSi,Embalagem de 750 ml,"0,99 €","1,32 €/L"
Spray wc anticalcário,PorSi,embalagem de 750 ml,"1,79 €","2,39 €/L"
3 Pipetas de Repelente p/ Gato,Repul'7,1 unidade,"1,19 €","0,24 €/Kg"
Bacalhau espiritual,PorSi,Embalagem de 300g,"1,79 €","7,16 €/Kg"
Ambientador gel floral,PorSi,150 g,"16,63 €/L","16,63 €/L"
4 hamburguers frango s/ glúten,Capitão Iglo,Embalagem de 240g,"11,44 €/Kg","11,44 €/Kg"
Manteiga de amendoim crocante,Prozis,Embalagem de 500g,"3,44 €","4,71 €/Kg"
Feijão vermelho,Caçarola,Embalagem de 500 g,"0,95 €","1,90 €/Kg"
8 salsichas bockwurst,PorSi,1 Frasco 720G,"0,75 €","3,75 €/Kg"
"Papel higiénico super, folha dupla, 24 rolos",Renova,Uma embalagem,"1,99 €","1,99 €/Unidade"
Iogurte corpos danone + proteína ananás,Danone,Embalagem de 150g,"5,97 €/Kg","5,97 €/Kg"
"Ração para gato adulto com vaca, frango",Friskies,Embalagem de 4kg,"12,99 €","4,33 €/Kg"
Pez blister,PEZ,Embalagem de 70g,"2,30 €","57,50 €/Kg"
Chocolate c/ Rum e Passas,Ritter Sport,Embalagem de 100 g,"16,67 €/Kg","16,67 €/Kg"
Rosas de açúcar,Vahine,Embalagem de 2g,"1,29 €","3,23 €/Kg"
"Gel cabelo, efeito cimento, pote",Grafic,Embalagem de 300 ml,"4,39 €","58,53 €/L"
Papel Higiénico Compacto Ultra Suave XXL,Colhogar,12 rolos,"1,99 €","1,99 €/Unidade"
Luvas Multi Sensitive Médio/Grande,Vileda,40 unidade,"4,29 €","4,29 €/Unidade"
Carcaça Rústica 70 g,Pão do Dia,,"0,19 €","2,38 €/Kg"
Filetes primavera sementes de quinoa,Iglo,Embalagem de 250 g,"1,79 €","7,16 €/Kg"
Iogurte morango 000%,PorSi Viva Bem,Embalagem de 4 x 125 g,"4,36 €","2,18 €/Kg"
Leite Reparador Tesouros de Mel,Ultra Suave,Embalagem de 400 ml,"12,48 €/L","12,48 €/L"
Bolacha de mel sem glúten,Schar,Embalagem de 200g,"1,45 €","11,15 €/Kg"
Sortido Tertúlia,Frusel,Embalagem de 250 g,"1,89 €/Kg","1,89 €/Kg"
Creme proteção de gengivas,Polident,Embalagem de 40 g,"7,39 €","105,57 €/Kg"
Café moagem normal: intenso,Buondi,Embalagem de 220g,"9,76 €/Kg","9,76 €/Kg"
Abrasivo sanitário gel citrinos,PorSi,embalagem de 1 litro,"0,99 €","1,32 €/L"
Pano Suave C/ Microfibras,Vileda,2 + 1 Un. Grátis,"1,79 €","1,79 €/Unidade"
Penso júnior,PorSi,20 unidades,"1,69 €","1,69 €/Unidade"
Snack gato sticks salmao 6x5g,PorSi,Embalagem de 30g,"0,99 €","16,50 €/Kg"
Bolachas galettes bretonnes,Chabrior,Embalagem de 125 g,"1,69 €","6,76 €/Kg"
Guardanapos Red Label 1 folha |Vermelho,Renova,Dim: 30x32cm |70 unidades,"1,29 €","1,29 €/Unidade"
Aroma de anis,Vahine,Embalagem de 20g,"1,65 €","20,12 €/Kg"
Sardinha Congelada,Peixe Congelado,1 un = 250 gr  (aprox.),"3,99 €/Kg","3,99 €/Kg"
Luvas Universal Pequeno/Médio,Vileda,1 unidade,"4,29 €","4,29 €/Unidade"
Azeite Virgem Extra Suave,Gallo,Garrafa de 750 ml,"3,19 €","4,25 €/L"
Mistolin advanced lixívia,Mistolin,Garrafa de 500 ml,"1,79 €","2,39 €/L"
Fermento,Royal,Embalagem de 230g,"1,65 €","20,12 €/Kg"
Spray de lavagem a seco delicado,Day 2,200 ml,"1,09 €","2,73 €/Kg"
Máquina Descartável Depilatória Venus Plus,Gillette,4 un. + 2 grátis,"5,49 €","5,49 €/Unidade"
Cabo de madeira com rosca,PorSi,1.20 m,"2,20 €","2,20 €/Unidade"
Kit cuidados para cão,Sandimas,3 peças,"11,99 €","59,95 €/L"
Vela com número nº 0,PorSi,1 unidade,"0,60 €","0,60 €/Unidade"
Popietes,Novilho,1 un = 250 gr  (aprox.),"3,29 €","8,23 €/Kg"
Caldo carne 16 cubos,Knorr,Embalagem de 160g,"3,84 €","24,00 €/Kg"
Óleo de cedro,Mistolin,Embalagem de 360 ml,"4,39 €","14,63 €/L"
Arroz brajma,Cigala,Embalagem de 1 kg,"0,99 €","0,99 €/Kg"
Ameijoa Branca Vietnamita,Marisco Congelado,Vendido a partir de 250 gr  (aprox.),"2,00 €","7,99 €/Kg"
Autobrilhante castanho,Splendor,Embalagem de 50 ml,"0,99 €","330,00 €/Kg"
Feijão preto,Caçarola,Embalagem de 500 g,"0,95 €","1,90 €/Kg"
Queijo edam light fatias,PorSi Viva Bem,Embalagem de 150g,"2,39 €","19,92 €/Kg"
Cola stick,Uhu,Conjunto de 2 x 21 g,"2,19 €","109,50 €/L"
Água s/ gás frutos vermelhos,Luso,Garrafa de 1 l,"1,04 €","0,17 €/L"
Ração para gato adulto crunchy & tender com salmão,Friskies,"Embalagem de 1,5 kg","12,99 €","4,33 €/Kg"
8 hamburguers s/ glúten vaca,Capitão Iglo,Embalagem de 640g,"2,79 €","8,72 €/Kg"
Queijo fundido palitos,A Vaca Que Ri,Embalagem de 35g,"0,82 €","23,43 €/Kg"
Vinho DOC Dão Tinto,Dharma,"Garrafa de 0,75 L","3,99 €","5,32 €/L"
Óleo Performa C3 5w30 Sintético,Galp,Embalagem de 1 l,"14,99 €","14,99 €/L"
Mini meia mousse muskade 20D t. único,PorSi,Tamanho: m,"1,89 €/Unidade","1,89 €/Unidade"
Flan sabor a baunilha com caramelo,PorSi,Embalagem de 6 x 100 g,"1,45 €","3,15 €/Kg"
Whisky,Glen crina,Garrafa de 700 ml,"11,49 €","16,41 €/L"
Iogurte líquido de frutos vermelhos,PorSi,Embalagem de 4 x 160 g,"1,19 €","1,86 €/Kg"
Esferográfica Sortida Média,Mab,Embalagem com 10 un.,"2,79 €","2,79 €/Unidade"
Desodorizante e desinfetante para calçado,Sanytol,Embalagem de 150 ml,"5,29 €","35,27 €/L"
After shave bálsamo sensitive,Labell Men,Embalagem de 100 ml,"1,24 €","4,96 €/L"
Copo AF. Principe 20Cl,Cristal,1 unidade,"11,00 €","11,00 €/Unidade"
Melancia,Fruta da Época,Vendido ao peso | 1 un = 4kg (aprox.),"1,00 €","3,99 €/Kg"
15 panadinhos de peixe,PorSi,Embalagem de 450 g,"4,39 €","10,98 €/Kg"
Sabonete líquido para as mãos de coco,Dove,embalagem de 250 ml,"2,18 €/L","2,18 €/L"
Granulado PH menos,Gre,1.5 kg,"4,90 €","4,90 €/Unidade"
Tostas de trigo,Diatosta,Embalagem de 225 g,"2,39 €","6,83 €/Kg"
Queijo Saint Albray.,St.Albray,Vendido ao peso a partir de 250 gr,"1,49 €","7,45 €/Kg"
Leite de coco,PorSi,Embalagem de 400 ml,"3,84 €","24,00 €/Kg"
Creme de Mãos Xpress Absorv,Bioten,Embalagem de 100ML,"2,59 €","25,90 €/L"
Mel de montanha,PorSi Select,Frasco de 250 g,"4,89 €","9,78 €/Kg"
"Coloração permanente, caramelo avelã, nº 6.41",Excellence,1 unidade,"9,49 €/Unidade","9,49 €/Unidade"
Queijo Ovelha Curado,PorSi,Vendido ao peso a partir de 250 g,"4,62 €","18,49 €/Kg"
Húngaros,PorSi,Embalagem de 270G,"0,69 €","3,45 €/Kg"
Cereais corn flakes s/ glúten,Nestle,Embalagem de 380g,"1,49 €","2,98 €/Kg"
Água c/ gás original,Frize,pack 6 x 0.25 l,"2,85 €","2,85 €/L"
Gronola de aveia arandos/sementes,Nestle,Embalagem de 300g,"3,45 €","26,74 €/Kg"
Açúcar em saquetas,PorSi,Embalagem 1K,"1,49 €","1,49 €/Kg"
Salsichas extra suculentas,Nobre,Frasco de 650 g,"0,75 €","3,75 €/Kg"
"Chocolate de leite com passas, avelãs e amêndoas",Nestle,Embalagem com 195 g,"10,52 €/Kg","10,52 €/Kg"
Gel de Duche Creme Care,Nivea,Embalagem de 750 ml,"3,69 €","14,76 €/L"
Espumante Super Reserva Meio Seco,Raposeira,Garrafa de 0.75 l,"8,49 €","11,32 €/L"
"Bebida açucarada  tinto de verão, limão",Sandevid,"Garrafa de 1,5 l","2,39 €","1,59 €/L"
Ovos Frescos Classe M,PorSi,12 unidades,"1,39 €","1,39 €/Unidade"
12 nuggets frango polme americano,Capitão Iglo,Embalagem de 220g,"3,53 €","8,83 €/Kg"
Vinagre de limpeza,PorSi,Embalagem de 1 l,"0,79 €","0,79 €/L"
Feijão encarnado,PorSi,Embalagem 500G,"0,95 €","1,90 €/Kg"
"Espuma de cabelo, volume xxl",Fru style,Embalagem de 200 ml,"4,39 €","58,53 €/L"
Preparado para pão de ló,Branca de Neve,Embalagem de 440g,"1,69 €","8,45 €/L"
Chourição Extra Fatiado,Porminho,Embalagem de 80g,"1,35 €","16,88 €/Kg"
Filetes primavera alecrim e sal marinho,Iglo,Embalagem de 230g,"1,79 €","7,16 €/Kg"
Super Cola 3 Mini Trio C/ Oferta de 1 Tubo Grátis,Loctite,4 g,"3,99 €","133,00 €/Kg"
Bolachas de manteiga,Triunfo,Embalagem de 170g,"1,69 €","6,76 €/Kg"
Bolacha golden,Oreo,Embalagem de 154 g,"0,79 €","4,49 €/Kg"
Nata para culinária ligeira,Mimosa,Embalagem de 200 ml,"0,75 €","3,75 €/L"
Côtes-du-Rhône Tinto,Ferraton,0.75 litros,"6,89 €","9,19 €/L"
Gel WC Flores,Neoblanc,Embalagem de 700 ml,"2,79 €","3,99 €/L"
Abacaxi cortado c/ raspas de lima,PorSi,100 g,"2,50 €","1,25 €/Kg"
Lula limpa,Pescanova,Embalagem de 450g,"5,49 €","6,86 €/Kg"
Ketchup,PorSi,Embalagem de 560 g,"0,70 €","2,33 €/Kg"
Vinho do porto dona antónia reserva tinto,Ferreira,Garrafa de 0.75 l,"10,99 €","14,65 €/L"
Sauternes Grande Réserve,Kressmann,Garrafa de 0.375 l,"6,89 €","9,19 €/L"
Leite de coco light biológico,Origensbio,Garrafa de 400 ml,"1,59 €","1,59 €/L"
Iogurtes Corpos Danone Pedaços de Pêssego e Maracujá,Danone,Embalagem de 4 x 115 g,"4,36 €","2,18 €/Kg"
Caderno Espiral Capa Dura A4 Quadriculado,Domédia,1 un.,"2,29 €","2,29 €/Unidade"
"Chocolate m&m s, bag chocolate",M&m's,Embalagem de 100 g,"11,98 €/Kg","11,98 €/Kg"
Adoçante c/ doseador,Canderel,Embalagem de 30g,"5,99 €","23,96 €/Kg"
Sumo 100% maçã,Compal,1 litro,"1,09 €","0,73 €/L"
Creme de soja cacau e avelã,Valsoia,Embalagem de 400g,"3,99 €","26,60 €/L"
Água sem gás,Penacova,Garrafa de 1.5 litros,"1,04 €","0,17 €/L"
Porto ruby,Valadao,Garrafa de 750 ml,"6,65 €/L","6,65 €/L"
Limpa Tablier,PorSi,Embalagem de 1 l,"3,99 €","0,80 €/L"
Pescada Pequena da Argentina -500g,Peixe Congelado,Pescado no mar,"4,39 €","10,98 €/Kg"
Cápsulas de café delta qualidus,Delta Q,Embalagem de 60g,"54,36 €/Kg","54,36 €/Kg"
"Chocolate, extra single",Twix,Embalagem de 80g,"3,59 €","14,36 €/Kg"
Pasta de Moldar Terracota,DAS,Embalagem com 1 kg,"2,19 €","109,50 €/L"
Desodorizante Black & White Invisible,Nivea,150 ml,"4,69 €","31,27 €/L"
Fralda de Incontinência c/ Elásticos Tamanho Pequeno,Lindor,Embalagem de 40 un.,"9,99 €","9,99 €/Unidade"
Sacos do lixo lavanda 50 litros,PorSi,15 unidades,"1,79 €","1,79 €/Unidade"
Cereais corn flakes,Kellogg's,Embalagem de 500g,"1,49 €","2,98 €/Kg"
Bolachas crackers integral,Du bois,Embalagem de 500g,"0,39 €","3,12 €/Kg"
Aguardente bagaceira,Dinastia,"Garrafa de 0,70 l","12,90 €","18,43 €/L"
Aveia instantânea em pó,Prozis,"Embalagem de 1,25 kg","2,71 €/Kg","2,71 €/Kg"
Drops cafe,Heller,Embalagem de 140g,"2,75 €","11,00 €/Kg"
Spray Condicionador Brilho Mágico,Johnson's Baby,Embalagem de 200 ml,"1,99 €","1,99 €/Unidade"
Lápis de cor 18 cm,Domédia,embalagem com 18 unidades,"4,79 €","4,79 €/Unidade"
Bolacha digestiva go canela,Triunfo,Embalagem de 170g,"0,98 €","3,27 €/Kg"
Chocolate negro l'atelier com avelãs,Nestle,195 g,"10,52 €/Kg","10,52 €/Kg"
Bledina snacktoon molly maçã,Bledina,Embalagem de 100g,"2,29 €","6,94 €/L"
Bacalhau Especial,Bacalhau da Noruega,1 un = 4 kg (aprox.),"8,73 €/Kg","8,73 €/Kg"
Açúcar baunilhado,Vahine,Embalagem de 40g,"1,49 €","1,49 €/Kg"
Detergente em pó máquina de lavar roupa lavanda,PorSi,75 doses,"8,69 €","1,84 €/Kg"
Bolachas waffers chocolate,PorSi,Embalagem de 210g,"0,98 €","4,67 €/Kg"
Chá de camomila e erva príncipe,Lipton,20 saquetas,"85,00 €/Kg","85,00 €/Kg"
Bolachas chips ahoy,Ca!,Embalagem de 300g,"0,90 €","6,00 €/Kg"
Depilatório homem gel,Veet,Garrafa de 200 ml,"10,99 €","73,27 €/L"
"Coloração permanente, castanho tiramissu nº4.15",Nutrisse,1 unidade,"9,49 €/Unidade","9,49 €/Unidade"
Tablete de chocolate de leite,Nestle,Embalagem de 90g,"5,30 €/Kg","5,30 €/Kg"
Ice tea pêssego,Lipton,Embalagem de 1L,"1,14 €","0,76 €/L"
Cogumelo Portobello Pequeno,Legumes do Dia,embalagem de 300 g,"1,00 €","4,99 €/Kg"
Bolachas de aveia,Triunfo,Embalagem de 190g,"2,82 €","9,40 €/Kg"
Beterraba Cozida,*,Embalagem de 450 g,"0,75 €","2,99 €/Kg"
Margarina líquida,Vaqueiro,Embalagem de 500 ml,"2,89 €","2,89 €/Kg"
Gel wc tripla ação c/ lixívia,Harpic,Garrafa de 750 ml,"1,79 €","2,39 €/L"
Patê de sardinha,PorSi,Embalagem de 65 g,"1,19 €","13,52 €/Kg"
Vinho rosé,C.mendes,Garrafa de 750 ml,"4,29 €","5,72 €/L"
Queijo dop 7 meses,Sao jorge,Embalagem de 400g,"2,87 €","15,94 €/Kg"
Açúcar baunilhado,Globo,Embalagem de 70g,"1,49 €","1,49 €/Kg"
Carrinho de passeio bengala cinza,Mader,1 unidade,"42,99 €","42,99 €/Unidade"
Iogurte liquido infantil morango,PorSi,Embalagem de 6 x 94 ml,"1,05 €","1,86 €/L"
Almôndegas bolonhesa,Iglo,Embalagem de 400g,"3,53 €","8,83 €/Kg"
Palhinhas de papel,PorSi,25 unidades,"0,60 €","0,60 €/Unidade"
12 nuggets frango polme americano,Capitão Iglo,Embalagem de 220g,"9,30 €/Kg","9,30 €/Kg"
Liégeois Sobremesa de Caramelo,Páturages,Embalagem de 4x100 g,"0,55 €","2,75 €/Kg"
Guardanapos de papel reciclado,PorSi,100 unidades,"1,29 €","1,29 €/Unidade"
Bases para pizza,PorSi,Embalagem de 3 x 125 g,"1,79 €","4,77 €/Kg"
Escova de Dentes Júnior,Aquafresh,1 unidade,"3,49 €","3,49 €/Unidade"
Cola BricoCeys,Ceys,1 unidade,"3,99 €","133,00 €/Kg"
Lava tudo mosaico,Cif,1.1 L,"4,39 €","14,63 €/L"
Iguarias Pota com Alho,Pitéu,Embalagem de 120 g,"0,89 €","7,42 €/Kg"
Tablete de chocolate amêndoa e caramelo,Milka,Embalagem de 300g,"10,52 €/Kg","10,52 €/Kg"
Palmiers,Pastelaria do Dia,1 unidade= 100 g,"0,69 €","0,69 €/Unidade"
Descafeinado aroma e leveza,Nicola,12 cápsulas,"1,59 €","6,36 €/Kg"
"Porto, reserva",Calém,"garrafa de 0,75 l","10,99 €","14,65 €/L"
Aipo,Nossa seleção,Vendido ao peso,"1,19 €","39,67 €/Kg"
Rolo cozinha compacto 3 folhas,Foxy,1 unidade,"4,99 €","4,99 €/Unidade"
Banha,PorSi,Embalagem de 230 g,"2,89 €","2,89 €/Kg"
Ice tea limão,Lipton,pack 6 x 0.25 l,"1,14 €","0,76 €/L"
Almofada Viscoelástica Dim.: 45x60cm,*,1 Unidade,"8,99 €","8,99 €/Unidade"
Bolacha de canela,Snapy,Embalagem de 250g,"2,11 €/Kg","2,11 €/Kg"
Copo Country 35Cl,Cristal,1 unidade,"11,00 €","11,00 €/Unidade"
Camarão cozido 50/70,PorSi,Embalagem de 1 kg,"22,98 €/Kg","22,98 €/Kg"
Leite pasteurizado magro,Vigor,Garrafa de 1 l,"1,09 €","1,09 €/L"
Crackers sem glúten,Schar,Embalagem de 210 g,"4,29 €","20,43 €/Kg"
Desodorizante spray sport 48h,Labell Men,Embalagem de 200 ml,"1,39 €","6,95 €/L"
Lambrusco tinto,Sorbello,Garrafa de 0.75 l,"1,99 €","2,65 €/L"
Lâmpada LED Forma Esférica 25W E27,Domédia,1 un.,"3,99 €","3,99 €/Unidade"
Bol agua s. dose integral 186g,Vieira,Embalagem de 180g,"0,98 €","3,27 €/Kg"
Batata palha finíssima,PorSi Select,Embalagem de 180 g,"0,87 €","5,44 €/Kg"
Farinha p/ bolos extra fina,Nacional,Embalagem de 1 kg,"1,99 €","1,99 €/Kg"
Rebuçados café s/açúcar,Villa,Embalagem de 120g,"1,15 €","4,60 €/Kg"
Sacos do lixo lavanda 30 litros,PorSi,20 sacos,"1,79 €","1,79 €/Unidade"
Caderno Agrafado Capa Preta |A4 Liso,Domédia,1 unidade,"4,59 €","4,59 €/Unidade"
Bolacha com aveia,PorSi,Embalagem de 300 g,"0,98 €","3,27 €/Kg"
Mini tortitas milho c/ sal,PorSi Viva Bem,Embalagem de 200g,"1,45 €","11,15 €/Kg"
Massa folhada s/ glúten,Pasta dia,Embalagem de 280g,"0,99 €","4,30 €/Kg"
Palhais de portugal alho & ervas,Palhais,Embalagem de 200g,"1,89 €","10,50 €/Kg"
Gelatina pronta a comer melancia,Royal,Embalagem de 4 x 100 g,"0,85 €","2,13 €/Kg"
Pano Microfibras Colors XL,Vileda,Embalagem com 4 un.,"1,79 €","1,79 €/Unidade"
Creme custard baunilha,Condi,Embalagem de 150g,"1,69 €","8,45 €/L"
Cogumelos fatiados,PorSi,Embalagem de 400g,"1,89 €","1,89 €/Kg"
"Cerveja sem Álcool 0,0%",Carlsberg,Pack 6x25 cl,"5,99 €","3,03 €/L"
"Espuma cabelo, hidra caracóis",Fru style,Embalagem de 200 ml,"4,39 €","58,53 €/L"
Pensos higiénicos liberty super abas,Evax,Embalagem com 10 un.,"4,99 €","4,99 €/Unidade"
Massa bagos,PorSi,Embalagem de 250g,"0,89 €","1,78 €/Kg"
Queijo de azeitão dop,Santiago,Embalagem de 240g,"4,62 €","18,49 €/Kg"
Pensos higiénicos Cottonlike Super Plus Com Abas,Evax,10 unidades,"4,99 €","4,99 €/Unidade"
Comida húmida para gato esterilizado em molho com sa...,Purina One,4 x 85 g,"3,49 €","10,26 €/Kg"
Xarope grenadine zero,Paquito,Garrafa de 750 ml,"4,89 €","6,61 €/L"
Nata uht light,Mimosa,Embalagem de 200 ml,"0,75 €","3,75 €/L"
Espumante bruto,Cabriz,Garrafa de 750 ml,"8,49 €","11,32 €/L"
Iogurte magro + gelatina framboesa,Mimosa,Embalagem de 4 x 120 g,"0,99 €","1,32 €/Kg"
Muesli 3 chocolates,PorSi,500 g,"3,99 €","11,40 €/Kg"
Rolo cozinha branco 3 folhas,PorSi,3 rolos,"4,99 €","4,99 €/Unidade"
"Esferográfica, 4 cores",Bic,1 unidade,"2,79 €","2,79 €/Unidade"
Leite regular 3,Aptamil,Embalagem de 800 g,"20,99 €","26,24 €/Kg"
Vinho doc douro tinto,Tellu's,Garrafa de 750 ml,"7,49 €","9,99 €/L"
Sabonete Líquido Sensitive,Dettol,Embalagem de 250 ml,"2,18 €/L","2,18 €/L"
Skinny latte sem açúcar e sem lactose,STARBUCKS,embalagem de 220 ml,"2,19 €","2,19 €/L"
"Chave de Phillips Cabo Bimat, 3.0x150mm",Itools,1 unidade,"5,39 €","5,39 €/Unidade"
Creme Dia Lift + Serum Preenchedor,Diadermine,Embalagem de 50 ml,"2,99 €","59,80 €/L"
Queijo fresco meio gordo,PorSi,200 g,"2,35 €","10,88 €/Kg"
Chocolate culinário em pó,Pantagruel,Embalagem de 130g,"1,04 €","8,32 €/Kg"
"Creme protector contra assaduras, para bebé",Johnson's Baby,Embalagem de 100 ml,"0,59 €","5,90 €/L"
Desinfetante álcool gel spray,PorSi,100 ml,"0,99 €","1,98 €/L"
Esfregão c/ Esponja Salva Unhas Ergonómico / Confort...,Scotch-Brite,Embalagem de 2 unidades,"2,54 €","2,54 €/Unidade"
Sumo 100% ananás/uva,PorSi,Pack 3 x 200 ml,"1,09 €","0,73 €/L"
Leite com chocolate,Agros,Embalagem de 200 ml,"0,26 €","1,30 €/L"
2 Ligaduras elásticas,PorSi,4m x 6 cm,"1,69 €","1,69 €/Unidade"
Patê de salmão,La piara,Embalagem de 80g,"1,19 €","13,52 €/Kg"
Tablete chocolate branco,PorSi,Embalagem de 100g,"1,19 €","11,90 €/Kg"
Naperon redondo 35 cm,PorSi,Embalagem com 6 unidades,"1,10 €","1,10 €/Unidade"
Farinha para bolos super fina,B.neve,Embalagem de 1 kg,"1,99 €","1,99 €/Kg"
6 Preservativos + Gel  Nature |2 em 1,Control,,"4,99 €","4,99 €/Unidade"
Amido de milho,PorSi,Embalagem de 400g,"1,65 €","20,12 €/Kg"
"Queijo fresco, grande",PorSi,Embalagem de 250 g,"2,35 €","10,88 €/Kg"
Guardanapos com riscas azuis | Dim.: 33 x 33 cm,PorSi,Embalagem com 20 unidades,"1,29 €","1,29 €/Unidade"
Cereais de cacau sem glúten,Schar,Embalagem de 250g,"2,29 €","6,11 €/Kg"
Spray renova camurça preta,PorSi,Embalagem de 200 ml,"3,99 €","19,95 €/L"
SuperCeys,Ceys,1 unidade,"3,99 €","133,00 €/Kg"
Flan de ovos,PorSi,Embalagem 4 x 100 g,"0,55 €","2,75 €/Kg"
"Aperitivos, amendoins no forno",Matutano,Embalagem de 200g,"0,79 €","3,95 €/Kg"
"Luva Nitrilica, anti-Deslizante, Nr.10",Itools,1 unidade,"5,39 €","5,39 €/Unidade"
Tenda 2 pessoas,Bestway,Dim.: 220 x 120 x 90 cm,"34,99 €","34,99 €/Unidade"
Massa cuscus,PorSi,Embalagem de 250g,"0,89 €","1,78 €/Kg"
Queijo curado alho e salsa,Nova Açores,Vendido ao peso,"0,82 €","23,43 €/Kg"
Salame extra allnatural fatiado,Allnatural,Embalagem de 80g,"1,35 €","16,88 €/Kg"
Gelado magnum menta,Olá,Embalagem de 4 x 100 ml,"5,99 €","16,64 €/L"
"Super pastilhas, menta",Gorila,Embalagem de 32 g,"1,29 €","18,43 €/Kg"
Ambientador vela odor cozinha,PorSi,1 unidade,"9,49 €","45,19 €/Kg"
Sabonete líquido desinfetante hidratante,Sanytol,Embalagem de 250 ml,"2,18 €/L","2,18 €/L"
Detergente líquido manual loiça lavanda e alecrim,Fairy,Embalagem de 650 ml,"0,99 €","1,98 €/L"
"Fogareiro rectangular grande, com 4 pés fixos",Larmil,1 unidade,"0,75 €","0,75 €/Unidade"
Tampões Compak Pearl Regular Com Aplicador,Tampax,16 unidades,"3,99 €","3,99 €/Unidade"
Lixívia Spray Mousse Flor,Neoblanc,Embalagem de 700ml,"1,74 €","0,35 €/L"
"Alimento húmido para gato 7+, aves",Whiskas,Embalagem de 400g,"3,49 €","10,26 €/Kg"
Bebida doubleshot expresso,STARBUCKS,Embalagem de 200 ml,"3,19 €","25,52 €/Kg"
Preparo para bolo de chocolate,Branca de Neve,Embalagem de 450g,"1,69 €","8,45 €/L"
Veggie bowls bulgur & courgette 350g,Iglo green,Embalagem de 350g,"2,49 €","8,30 €/Kg"
Espirais s/ glúten,Milaneza,Embalagem de 500g,"2,99 €","7,97 €/Kg"
Massa fusilli tricolor,Milaneza,Embalagem de 500g,"0,89 €","1,78 €/Kg"
Forma Pão de Ló Antiaderente 28cm,PorSi,1 unidade,"9,99 €/Unidade","9,99 €/Unidade"
Tomates Cocktail Românticos Biológicos,PorSi Bio,Emb.: ± 200 g,"0,87 €","3,49 €/Kg"
Poncho,Patrulha Pata,1 unidade,"4,90 €","4,90 €/Unidade"
Refrigerante c/ gás zero,Coca-Cola,pack 4 x 1 l,"0,40 €/L","0,40 €/L"
Toranja,Fruta do Dia,1 un = 300 gr  (aprox.),"0,50 €","1,99 €/Kg"
Vinho branco,PorSi,embalagem de 1 litro,"0,85 €/L","0,85 €/L"
Gelatina de morango,Royal,Embalagem de 114g,"0,55 €","61,11 €/Kg"
Feuilletine,Du Bois de la Roche,Embalagem de 135 g,"0,39 €","3,12 €/Kg"
Infusão de menta,Tetley,Embalagem de 10g,"20,91 €/Kg","20,91 €/Kg"
Batata frita lisa,PorSi,Embalagem de 90g,"1,06 €","5,73 €/Kg"
Bolacha recheada mega duo cacau,Gullon,Embalagem de 500g,"2,15 €","2,87 €/Kg"
Iogurte Activia 0% aveia e linhaça,Danone,Embalagem de 4 x 120 g,"2,79 €","6,07 €/Kg"
Bebida de soja natural + cálcio,Joya,Garrafa de 1 l,"2,49 €","2,49 €/L"
"Guardanapos brancos, 33x33cm, 2 folhas",PorSi,Embalagem com 100 unidades,"1,29 €","1,29 €/Unidade"
Café torrado e moído 16 pastilhas,Sical,Embalagem de 104g,"54,36 €/Kg","54,36 €/Kg"
Posta de atum ao natural,PorSi,Embalagem de 120g,"0,89 €","7,42 €/Kg"
"Elixir bocal, menta",Labell,Embalagem de 500 ml,"5,99 €","11,98 €/L"
"Alimento para cão júnior bio complex, com frango",HappyOne,Embalagem de 4 kg,"1,15 €/Kg","1,15 €/Kg"
Tomate seco,PONTI,Embalagem de 280g,"3,84 €","24,00 €/Kg"
Iogurte activia aveia nozes,Danone,Embalagem de 4 x 120 g,"2,79 €","6,07 €/Kg"
Copo Galão,Cristal,1 unidade,"11,00 €","11,00 €/Unidade"
Gelatina tutti-fruti,PorSi,Embalagem de 170g,"0,55 €","61,11 €/Kg"
Pasta malte para bolas de pelo,Sandimas,100 g,"8,75 €","8,75 €/Unidade"
Spray renova camurça castanha,PorSi,Embalagem de 200 ml,"3,99 €","19,95 €/L"
Sultana Dourada,PorSi,Embalagem de 200g,"0,79 €","3,95 €/Kg"
Papel higiénico compacto 2 folhas,PorSi,18 = 36 Rolos,"1,99 €","1,99 €/Unidade"
Sumo essencial manga,Compal,pack 3 x 0.11 l,"0,99 €","0,99 €/L"
Snack bio arroz e trigo c/ banana e framboesa,Gerber,Embalagem de 35g,"1,89 €","9,95 €/Kg"
Escova de dentes infantil 3 a 6 anos,Labell,1 un.,"9,79 €","9,79 €/Unidade"
Pipoca doce para  microondas,PorSi,Embalagem de 300g,"0,79 €","7,90 €/Kg"
Grão de bico,PorSi,Frasco com 540 g,"1,79 €","2,29 €/Kg"
"Coloração permanente, óleo intenso, castanho praliné...",Syoss,1 unidade,"9,49 €/Unidade","9,49 €/Unidade"
Toalhetes Íntimos Suaves,Corine de Farme,Embalagem com 10 un.,"2,19 €","2,19 €/Unidade"
Ambientador vela baunilha,Glade,1 unidade com 129 g,"9,49 €","45,19 €/Kg"
Bebida de arroz e amêndoas,Joya,Garrafa de 1 l,"2,49 €","2,49 €/L"
Amêndoas peladas,Vahine,Embalagem de 125g,"0,79 €","3,95 €/Kg"
Chocolate Branco Milkybar,Nestle,Embalagem de 100g,"1,19 €","11,90 €/Kg"
"Carregador, 6 lâminas, 4 recargas",Labell Men,1 embalagem,"1,24 €","4,96 €/L"
Sumo maçã,Andros,Embalagem de 1 l,"3,99 €","3,99 €/L"
Baguete,PorSi,250 g,"0,19 €","2,38 €/Kg"
Caneta BL. Eye UB-150 Vermelho,Uni-Ball,1 embalagem,"2,79 €","2,79 €/Unidade"
Café moagem grossa bio,PorSi Bio,Embalagem de 250g,"9,16 €/Kg","9,16 €/Kg"
Collant licra 15d preto l,PorSi,Embalagem de 1 unidades,"1,89 €/Unidade","1,89 €/Unidade"
Cafe soluvel c/c 200g,Delta,Embalagem de 200g,"14,50 €/Kg","14,50 €/Kg"
Grão de bico,PorSi,Embalagem de 820g,"1,79 €","2,29 €/Kg"
Cerveja preta 0.0%,Sagres,Pack 4 x 0.33 l,"5,99 €","3,03 €/L"
Espargos Verdes,Legumes do Dia,embalagem com 250g,"0,75 €","2,99 €/Kg"
Bolacha Maria,Cuetara,Embalagem de 200g,"2,11 €/Kg","2,11 €/Kg"
Perolas perfumadas fresh,PorSi,Embalagem de 275 g,"8,69 €","1,84 €/Kg"
Creme vegetal sabor manteiga,PorSi,Embalagem de 500 g,"5,40 €/Kg","5,40 €/Kg"
Champô nutri proteção,Labell,Embalagem de 250 ml,"5,59 €","13,98 €/L"
Massa filo,JR,Embalagem de 250g,"0,99 €","4,30 €/Kg"
Alheira Especial de Trás-Os-Montes,PorSi,200 g,"1,49 €","7,45 €/Kg"
Iogurte líquido dan'up milkshake straciatella,Danone,Embalagem de 4 x 155 g,"1,19 €","1,86 €/Kg"
Livro Hot Wheels,Europrice,,"17,50 €","17,50 €/Unidade"
Faca santoku 16 cm,PorSi,1 unidade,"3,65 €","3,65 €/Unidade"
Cuecas Incontinência Maxi Médio,Lindor,Embalagem com 14 un.,"9,99 €","9,99 €/Unidade"
Vinho maduro tinto,C.da eira,Garrafa de 250 ml,"0,85 €/L","0,85 €/L"
20 saquetas green framboesa/romã,Lipton,Embalagem de 30g,"44,50 €/Kg","44,50 €/Kg"
Pizza de bolonhesa,PorSi,Embalagem de 350g,"2,16 €","6,17 €/Kg"
"Batata frita, presunto",Ruffles,Embalagem de 80g,"1,19 €","6,43 €/Kg"
Papa infantil para preparar com leite +6 meses,Cerelac,Embalagem de 250g,"4,49 €","4,49 €/Kg"
Pão clássico sem glúten,Schar,Embalagem de 300g,"0,99 €","1,65 €/Kg"
Leite creme,PorSi,Embalagem de 4x23g,"1,69 €","8,45 €/L"
Rebuçados cristais de neve,PorSi,Embalagem de 250g,"1,15 €","4,60 €/Kg"
Papel Anti-traça 4 Seasons,Raid,4 unidades,"5,99 €","176,18 €/Kg"
Tablete de chocolate negro com caramelo l' atelier,Nestle,115 g,"16,67 €/Kg","16,67 €/Kg"
Groselha,ALBERGARIA,Garrafa de 1 l,"4,89 €","6,61 €/L"
Luvas Descartáveis Colors 50 P/M,Vileda,,"4,29 €","4,29 €/Unidade"
Sobremesa de Arroz Doce,PorSi,Embalagem 2X135G,"0,55 €","2,75 €/Kg"
Infusão de camomila,Tetley,Embalagem de 10g,"20,91 €/Kg","20,91 €/Kg"
Fralda Activity T3 - 6 a 10 kg,Dodot,66 unidades,"6,49 €","6,49 €/Unidade"
"Tesoura 6""",Time Office,1 unidade,"1,99 €","1,99 €/Unidade"
Caramelos de fruta multisabor single,Sugus,Embalagem de 50g,"1,10 €","4,40 €/Kg"
Bolachas bio de chocolate chips organic,Gullón,250 g,"0,90 €","6,00 €/Kg"
Toalhitas Bebé Pure Extra Care,Huggies,Embalagem com 3 x 56 unidades,"1,09 €/Unidade","1,09 €/Unidade"
Sobremesa Paturette Caramelo,Páturages,Embalagem de 4x115g,"1,45 €","3,15 €/Kg"
Queijo mozzarella mini bolas,PorSi,Embalagem 125G,"1,79 €","7,16 €/Kg"
Maçã Granny Smith 70+,Fruta do Dia,1 un = 150 gr (aprox.),"1,30 €/Kg","1,30 €/Kg"
Mistura de sementes,PorSi Viva Bem,Embalagem de 200 g,"1,59 €","10,60 €/Kg"
"Pasta de arquivo, lombada estreita, verde",Domédia,1 unidade,"1,69 €","1,69 €/Unidade"
Toalha de Mesa Anti Nódoas,VZT,Dim.: 150 x 200 cm,"19,99 €","19,99 €/Unidade"
Máscara snorkel com suporte para câmara,JCN,1 unidade,"4,90 €","4,90 €/Unidade"
Farinha para bolos fina,Branca de Neve,Embalagem de 1 kg,"1,99 €","1,99 €/Kg"
Polvo limpo,PorSi,Embalagem de 800 g,"5,49 €","6,86 €/Kg"
Crackers s/ sal superficie,GRAN PAVES,Embalagem de 560g,"0,39 €","3,12 €/Kg"
"Alimento para cão adulto bio complex mix, com frango",HappyOne,Embalagem de 4 kg,"1,15 €/Kg","1,15 €/Kg"
Caramelos de nata,Werthers,Embalagem de 140g,"2,75 €","11,00 €/Kg"
Vinho tinto regional setúbal,Herdade da comporta,Garrafa de 0.75 l,"8,59 €","11,45 €/L"
Gomas açúcar,PorSi,Embalagem de 200 g,"1,19 €","3,97 €/Kg"
Prato com naperon 30cm,PorSi,1 unidade,"0,54 €","0,54 €/Unidade"
Pipetas repelente para cão,Repul' 7,Embalagem de 1 unidades,"19,99 €","19,99 €/Unidade"
Vinho branco arinto bucelas,P.regia,Garrafa de 750 ml,"3,99 €","5,32 €/L"
"Gel banho, sport for men",Nivea,Embalagem de 250 ml,"3,69 €","14,76 €/L"
Batata frita caseira,PorSi,Embalagem de 180g,"0,87 €","5,44 €/Kg"
Detergente líquido p/ máquina lavar roupa cores escu...,Woolite,"Garrafa de 1,65 l","8,69 €","1,84 €/Kg"
Yaos iogurte grego natural,Nestle,Embalagem de 4x110g,"0,65 €","1,30 €/Kg"
Bolacha digestiva de aveia/chocolate,Gullon,Embalagem de 430g,"0,98 €","3,27 €/Kg"
Soja polpa fruta,PorSi Viva Bem,Embalagem de 8 x 100 g,"3,29 €","6,58 €/Kg"
Farinha s/ glúten p/ pão,Schar,Embalagem de 1 kg,"2,99 €","7,97 €/Kg"
Alimento seco para gato steril,HappyOne,Embalagem de 2 kg,"12,99 €","4,33 €/Kg"
Vinho verde branco,MIRANDA,"Garrafa de 0,75 l","3,09 €","3,09 €/L"
Desinfetante Têxtil,Sanytol,Embalagem de 500 ml,"10,99 €","52,33 €/Kg"
Vinho do Porto Branco,Velhotes,"Garrafa de 0,75 l","11,99 €","15,99 €/L"
Sidra,Kings Bräu,Pack 6 x 0.33 l,"1,59 €","3,18 €/L"
Chuchu,Legumes do Dia,1 un = 250 gr  (aprox.),"0,75 €","2,99 €/Kg"
Gel Cabelo Styling Creme Cabelo,Nivea,Embalagem de 150 ml,"5,99 €","14,98 €/L"
Pão forma com côdea,PorSi,Embalagem de 600g,"0,99 €","1,65 €/Kg"
Queijo Brie Light Cunhas,President,Embalagem de 200 g,"1,49 €","7,45 €/Kg"
Maionese top down,Hellmman's,Embalagem de 238 g,"0,70 €","2,33 €/Kg"
Sangria branca,Casal Garcia,Garrafa de 750 ml,"2,39 €","1,59 €/L"
Asas de Frango,*,1 un = 100 gr (aprox.),"2,72 €","6,80 €/Kg"
Cebolinho bio,PorSi Bio,30 g,"1,19 €","39,67 €/Kg"
Manjericão,PorSi,50 g,"0,99 €","19,80 €/Kg"
Shampo repelente p/ cão,Repul' 7,Garrafa de 200 ml,"11,99 €","59,95 €/L"
Iogurte activia líquido morango,Danone,Embalagem de 4 x 155 g,"2,79 €","6,07 €/Kg"
Queijo mini,Babybel,Embalagem de 6x20 g,"1,49 €","7,45 €/Kg"
Esferográfica Cristal Azul,Bic,Embalagem com 10 un.,"2,79 €","2,79 €/Unidade"
Halls Vitamina C Melancia,Halls,Embalagem de 33g,"0,77 €","3,85 €/Kg"
Coco cortado,PorSi,100 g,"1,89 €/Kg","1,89 €/Kg"
Pensos diários flexiform,Carefree,Embalagem de 30 unidades,"1,79 €","1,79 €/Unidade"
Elixir bocal de mentol,Listerine,Embalagem de 250 ml,"5,99 €","11,98 €/L"
Braçadeira desportiva,POWERADE,"Ecrã c/ Contador de Passos, Tempo e Calorias","4,49 €","4,49 €/Unidade"
Yaos magro natural,Nestle,Embalagem de 4x110g,"0,99 €","1,32 €/Kg"
Spray de lavagem a seco denim,Day 2,200 ml,"1,09 €","2,73 €/Kg"
Desentupidor gel turbo com lixívia,Destop,Garrafa de 1 l,"4,89 €","6,52 €/L"
Bacalhau com azeite e alho,PorSi Select,Lata de 120 g,"0,89 €","7,42 €/Kg"
Rolo papel cozinha branco compacto,PorSi,Embalagem de 4 unidades,"4,99 €","4,99 €/Unidade"
Morcela de Arroz do Fundão,PorSi,"Vendido ao peso, 1 un=200 g (aprox.)","1,49 €","7,45 €/Kg"
Chocolate single 38g,Toff.crisp,Embalagem de 40g,"3,59 €","14,36 €/Kg"
Óleo bronzeador intenso Coco,Hawaiian Tropic,Embalagem de 200 ml,"11,49 €","57,45 €/L"
"Vinho tinto, bag in box",Capela Pias,Garrafa de 5 l,"9,49 €","1,90 €/L"
Saco Térmico Mickey,*,1 un.,"15,99 €","15,99 €/Unidade"
Romã,Fruta da Época,1 un = 250 gr  (aprox.),"1,89 €/Kg","1,89 €/Kg"
Ganchos Perfumados Lavanda,Raid,2 unidades,"5,99 €","176,18 €/Kg"
Queijinhos mini,Babybel,Embalagem de 240g,"0,82 €","23,43 €/Kg"
Spray desengordurante cozinha,Neoblanc,Embalagem de 500 ml,"2,59 €","1,30 €/L"
Whisky 12 anos,Grant's,Garrafa de 0.70 l,"32,99 €","47,13 €/L"
Pilhas recarregáveis longa duração AA HR3 1.2V 2100m...,Domédia,Embalagem com 4 unidades,"2,99 €","2,99 €/Unidade"
Hamburger espinafres,Veg In,Embalagem de 160g,"3,39 €","21,19 €/Kg"
Café torrado lote chávena saco,Delta,Embalagem de 250g,"9,16 €/Kg","9,16 €/Kg"
Palmiers,PorSi,Embalagem de 100g,"1,69 €","6,76 €/Kg"
Guardanapos 2 folhas brancos e dourado,PorSi Select,50 unidades,"1,29 €","1,29 €/Unidade"
Lava tudo brilhante madeiras,PorSi,Embalagem de 1.1 litros,"0,99 €","0,50 €/L"
Tesoura Essentials,Maped,13 cm,"2,19 €","109,50 €/L"
Caixa de arrumação reciclada,PorSi,20 litros,"5,24 €","5,24 €/Unidade"
"Formas de alumínio rectangulares com tampa, 600ml , ...",PorSi,Uma embalagem,"1,11 €","1,11 €/Unidade"
Flocos de aveia finos s/g bio 400g,Seara,Embalagem de 400g,"0,69 €","1,73 €/Kg"
Pai Natal,B. Couto,Dim.: 30cm,"14,99 €","14,99 €/Unidade"
Sabonete Deoprotect,Dystron,Embalagem de 80 g,"1,99 €","7,96 €/L"
Carcaça de Cereais 62 g,Pão do Dia,,"0,19 €","2,38 €/Kg"
"Vinho doc loureiro, verde",Selecção de Enófilos,Garrafa de 0.75 l,"3,09 €","3,09 €/L"
"Escova de dentes, proteção global média, 2 unidades",Labell,Uma embalagem,"3,49 €","3,49 €/Unidade"
Lambrusco bianco,*,Garrafa de 750 ml,"1,99 €","2,65 €/L"
Spray casa de banho brilhante,Sonasol,Embalagem de 500 ml,"0,99 €","0,50 €/L"
"Escova de cabelo, Pontas Nylon Premium",Labell,Uma unidade,"3,99 €","3,99 €/Unidade"
Mignonnettes Leite,Cote D'or,Embalagem de 240 g,"5,30 €/Kg","5,30 €/Kg"
"Pasta de arquivo, lombada larga, verde",Domédia,1 unidade,"1,69 €","1,69 €/Unidade"
Couve de bruxelas,PorSi,Embalagem de 750 g,"1,89 €","1,89 €/Kg"
Azeitona verde inteira com alho,PorSi,Vendido ao peso a partir de 500 g,"1,00 €","3,99 €/Kg"
Detergente líquido baby,Skip,22 doses,"3,55 €","2,37 €/L"
Spray óleo amêndoas doces,Hidro,Embalagem de 100 ml,"1,69 €","1,69 €/Unidade"
Cacau em pó,Pantagruel,Embalagem de 130g,"1,04 €","8,32 €/Kg"
Bolachas cookies 0% açúcares,Artiach,Embalagem de 120 g,"0,90 €","6,00 €/Kg"
"Frigideira anti-aderente, 24cm",PorSi,1 unidade,"9,99 €/Unidade","9,99 €/Unidade"
Super mix cacau pepitas,Origensbio,Embalagem de 100g,"3,99 €","39,90 €/Kg"
"Bolacha sem glúten, cioccolini",Schar,Embalagem de 150 g,"1,45 €","11,15 €/Kg"
Garrafeira,Plastiforte,Cap.: 9 garrafas,"10,99 €","10,99 €/Unidade"
Aguardente,1920,Garrafa de 700 ml,"12,90 €","18,43 €/L"
Feijão Verde,Legumes do Dia,1 un = 250 gr  (aprox.),"1,00 €","2,49 €/Kg"
"Vela com número, nº 7",PorSi,1 unidade,"0,60 €","0,60 €/Unidade"
Fruta para bebé maçã cenoura manga +6 meses,Nestle,Embalagem de 90g,"0,74 €","8,22 €/Kg"
Óleo alimentar,PorSi,Garrafa de 5 l,"3,39 €/L","3,39 €/L"
Fiambre  da Perna Torchonay,Onno,1 un = 150 gr (aprox.),"0,97 €","6,49 €/Kg"
Escova Dentes kids |Barbie,Colgate,1 unidade,"9,79 €","9,79 €/Unidade"
Shampô azul concentrado,PorSi,Embalagem de 1 l,"3,99 €","0,80 €/L"
Farinha de milho 500g,ESPIGA,Embalagem de 500g,"1,99 €","1,99 €/Kg"
Leite infantil 3+ anos sem lactose,Mimosa,Garrafa de 1 l,"2,19 €","2,19 €/L"
Paes de leite 10unid 350g,H.delicia,Embalagem de 350 g,"7,40 €/Kg","7,40 €/Kg"
Pescoço,Borrego,1 un = 500 gr (aprox.),"19,49 €","12,99 €/Kg"
Salsicha Fresca,Porco,1 un = 100 gr (aprox.),"0,69 €","6,89 €/Kg"
Gaspacho suave,ALVALLE,1 l,"0,84 €","13,55 €/Kg"
Barras fitness natural 141g,Nestle,Embalagem de 140g,"1,29 €","10,24 €/Kg"
Moscatel favaios,Favaios,Garrafa de 750 ml,"5,99 €","7,99 €/L"
Nakis milho com chocolate negro,Bicentury,Embalagem de 91 g,"1,45 €","11,15 €/Kg"
Achocolatado intenso 40% cacau,Nestle,Embalagem de 330g,"5,39 €","7,19 €/Kg"
Metades de pera em calda,PorSi,Lata de 820 g,"1,99 €","2,37 €/Kg"
Manteiga magra,PorSi,Embalagem de 250g,"1,69 €","6,76 €/Kg"
Bolachas com recheio de chocolate,PorSi,Embalagem de 500g,"2,15 €","2,87 €/Kg"
"Batata frita, receita camponesa",Lay's,Embalagem de 250g,"1,19 €","6,43 €/Kg"
"Lenços de bolso, mentol, 10 unidades",Renova,Uma embalagem de 6x10,"0,89 €","0,89 €/Unidade"
Tomate Kumato | categoria: II,*,Vendido ao peso,"0,87 €","3,49 €/Kg"
Caramelos de nata,PorSi,Embalagem de 250g,"2,75 €","11,00 €/Kg"
Magic coberto chocolate leite,Gullon,Embalagem de 240g,"2,15 €","2,87 €/Kg"
Bio fermento de padeiro,Vahine,Embalagem de 18g,"3,49 €","193,89 €/Kg"
Vinho doc dão tinto,Grao vasco,Garrafa de 750 ml,"3,99 €","5,32 €/L"
Creme Mãos Hidratante,Labell,Embalagem de 100 ml,"2,59 €","25,90 €/L"
Tiras braseadas vegetarianas,Garden Gourmet,Embalagem de 175g,"2,49 €","8,30 €/Kg"
Ambientador vela baunilha,PorSi,1 unidade,"9,49 €","45,19 €/Kg"
Powerade ice storm,POWERADE,Garrafa de 500 ml,"5,96 €","5,96 €/L"
Cebola,Programa Origens,1 un = 250 gr  (aprox.),"0,35 €","1,39 €/Kg"
Especialidade de coco com morango 4x100g,Andros,Embalagem de 400g,"0,55 €","2,75 €/Kg"
Geleia de marmelo,Casa de Mateus,345 g,"3,29 €","9,54 €/Kg"
Spray Limpa Placa Indução,Induclean,450 ml,"1,29 €","1,72 €/L"
Rocher t8 100g,Ferrero Rocher,Embalagem de 100g,"2,39 €","47,80 €/Kg"
Assador c/ Suporte + Velas Oval,Anilar,"Dim.: 39,5 x 27,5 x 6,6 cm","14,99 €","14,99 €/Unidade"
Guardanapos Red Label 1 Folha |Verde,Renova,Dim: 30x32cm |70 unidades,"1,29 €","1,29 €/Unidade"
Snack dentabits 40g,Whiskas,Embalagem de 40g,"0,99 €","16,50 €/Kg"
Alimento seco para cão raças pequenas,HappyOne,Embalagem de 2 kg,"1,15 €/Kg","1,15 €/Kg"
Whisky,Grants,Garrafa de 1 l,"11,49 €","16,41 €/L"
"Água perfumada, peles sensiveis",Corine de Farme,Embalagem de 250 ml,"0,59 €","5,90 €/L"
"Sumo 100%, laranja",PorSi,"Embalagem de 1,5 l","1,09 €","0,73 €/L"
Pai Natal de Chocolate,PorSi,Embalagem de 60 g,"18,50 €/Kg","18,50 €/Kg"
12 douradinhos forníssimo,Capitão Iglo,Embalagem de 300g,"9,30 €/Kg","9,30 €/Kg"
Cola de Contacto Liquida,Vito,1 unidade,"3,99 €","133,00 €/Kg"
Salsicha p/Churrasco Picante,Carne Sorraia,1 Embalagem 360G,"1,99 €","9,48 €/Kg"
Queijo mozzarella fresca,Galbani,Embalagem de 125 g,"1,79 €","7,16 €/Kg"
Guardanapos de 1 folha amarelos | dim.: 30 x 29 cm,PorSi,Embalagem com 70 unidades,"1,29 €","1,29 €/Unidade"
Alface Frisada,*,1 un= 400 g (aprox.),"0,88 €","2,19 €/Kg"
Farinha s/ fermento tipo 65,ESPIGA,Embalagem de 1 kg,"1,99 €","1,99 €/Kg"
Ambientador Elétrico Lavanda e Aloe,Glade,1 unidade,"3,74 €","3,74 €/Unidade"
Milho tenro e doce,Bonduelle,Embalagem de 300 g,"1,79 €","2,29 €/Kg"
Bolacha craker queijo,Tuc,Embalagem de 100g,"0,98 €","3,27 €/Kg"
Sobremesa Paturette Chocolate,Páturages,Embalagem de 4x115g,"1,45 €","3,15 €/Kg"
Óleo Multigasolina 20W40,Galp,Embalagem de 5 l,"14,99 €","14,99 €/L"
Presunto fatiado,PorSi,Embalagem de 200g,"2,79 €","13,95 €/Kg"
Água Micelar Vitamina C,Garnier,Embalagem de 400 ml,"0,76 €","0,76 €/Unidade"
Creme abrasivo limão,Cif,Garrafa de 700 ml,"0,99 €","1,32 €/L"
Bolachas digestive aveia e laranja,Gullon,Embalagem de 430g,"0,98 €","3,27 €/Kg"
Adoçante em pó stevia,PorSi Viva Bem,Embalagem de 250 g,"5,99 €","23,96 €/Kg"
Espinafres salteado com alho,PorSi,Embalagem de 750g,"1,89 €","1,89 €/Kg"
Vinho rosé frisante,Cacho Fresco,Garrafa de 0.75 l,"1,99 €","2,65 €/L"
Vinho Regional Península de Setúbal Branco,Herdade da comporta,Garrafa de 0.75 l,"8,59 €","11,45 €/L"
Aroma de limão,Vahine,Embalagem de 20g,"1,65 €","20,12 €/Kg"
Peito de peru,Salsicharia Limiana,"Vendido ao peso, fatiado","2,25 €","11,25 €/Kg"
Tablete de chocolate preto,Nestle,Embalagem de 130g,"16,67 €/Kg","16,67 €/Kg"
Bolacha maria,Cuetara,Embalagem de 3 x 200 g + 33% grátis,"2,11 €/Kg","2,11 €/Kg"
Perna de Frango do campo,PorSi Select,embalagem de 700 g (aprox.),"2,72 €","6,80 €/Kg"
Ilha Jurássica,Science4You,Uma unidade,"14,99 €","14,99 €/Unidade"
Alho moído,PorSi,Frasco com 45 g,"0,25 €","0,25 €/Kg"
"Inseticída, vaporizador, extra gt",Biokill,Garrafa de 380 ml,"5,09 €","8,48 €/L"
Cabide Anti-Humidade,HUMYDRY,450 g,"8,99 €","8,99 €/Unidade"
Spray nature cozinha,Cif,embalagem de 750 ml,"0,79 €","0,79 €/L"
Flocos de batata para puré,PorSi,Embalagem de 500g,"1,89 €","1,89 €/Kg"
Queimador extra forte,Prozis,Embalagem de 1 unidades,"9,69 €","9,69 €/Unidade"
Smarties mini chocolate,SMARTIES,Embalagem de 187g,"11,98 €/Kg","11,98 €/Kg"
Leite creme,El mandari,Embalagem de 90g,"2,99 €","6,64 €/Kg"
Mistura de frutos exóticos,PorSi,Embalagem de 450 g,"3,29 €","4,39 €/Kg"
Infusão cidreira,PorSi,Embalagem de 40g,"20,91 €/Kg","20,91 €/Kg"
"Cla ultra l-carnitina + chá verde, 30caps",PLANTANATU,Embalagem de 1 unidades,"9,69 €","9,69 €/Unidade"
Preparo para bolo de chocolate,Branca de Neve,Embalagem de 450g,"2,99 €","6,64 €/Kg"
"Inseticida max, concentrado sensitive",Dum Dum,Garrafa de 400 ml,"5,09 €","8,48 €/L"
"Barra especial k, chocolate de leite",Kellogg's,Embalagem de 130g,"1,29 €","10,24 €/Kg"
Leite Meio Gordo sem Lactose,Mimosa,Pack 4 x 200 ml,"0,78 €","0,78 €/L"
Rolo de Cozinha Gigaroll Branco,Renova,1 Rolo,"4,99 €","4,99 €/Unidade"
Salsichas de porco,Nobre,Lata de 250g,"0,75 €","3,75 €/Kg"
Natas uht com cogumelos,Parmalat,Embalagem de 200 ml,"0,75 €","3,75 €/L"
Lava tudo limão verde,Cif,"Garrafa de 1,4 l","0,99 €","0,50 €/L"
Osso Buco,Novilho,1un=150 gr aprox.,"3,29 €","8,23 €/Kg"
Pomada para calçado preto,Splendor,lata com 50 ml,"0,99 €","19,80 €/L"
Óleo Diesel 15w40,PorSi,Embalagem de 5 l,"14,99 €","14,99 €/L"
Papel Higiénico Acolchoado 3 Folhas,Scottex,1 embalagem,"1,99 €","1,99 €/Unidade"
As minhas primeiras receitas - refeição legumes com ...,Nestle,Embalagem de 190g,"1,89 €","9,95 €/Kg"
Sumo 100% fresco ananás,Paquito,Embalagem de 1 l,"1,09 €","0,73 €/L"
Champanhe bruto,Delagne & Fils,"Garrafa de 0,75 l","19,99 €","26,65 €/L"
Lixívia perfumada,PorSi,Embalagem de 5 l,"2,59 €","1,30 €/L"
Sumo 100% maçã e frutos vermelhos,Compal,1 litro,"1,09 €","0,73 €/L"
Pastilha Elástica Bottle Spearmint,Trident,Embalagem de 82 g,"0,68 €","45,33 €/Kg"
Sangria,Casal Garcia,Garrafa de 750 ml,"2,39 €","1,59 €/L"
Manteiga magra,Mimosa,Embalagem de 250g,"1,69 €","6,76 €/Kg"
Chupa clássico,Chupachups,Embalagem de 10g,"2,29 €","5,73 €/L"
Desinfetante p/ Roupa,Sanytol,embalagem com 500ml,"10,99 €","52,33 €/Kg"
Queijo flamengo 0% lactose,PorSi Viva Bem,Embalagem de 150 g,"1,56 €","7,80 €/Kg"
Água mineral sem gás,Serra de Fafe,"Embalagem de 6x0,33 l","1,04 €","0,17 €/L"
Pudim de ovos alsa,Alsa,Embalagem de 220g,"0,59 €","29,50 €/Kg"
"Escova dentes, rotativa global, dura, 2 unidades",Labell,1 embalagem,"3,49 €","3,49 €/Unidade"
8 rissóis de camarão,PorSi,Embalagem de 300g,"1,79 €","7,16 €/Kg"
Balde com pedal eco branco,PorSi,Capacidade: 52 litros,"2,50 €","2,50 €/Unidade"
Madalenas de Laranja,Brioxa,12 Unidades - Embalagem de 500 g,"2,05 €","5,13 €/Kg"
10 saquetas infusão de cidreira,Lipton,Embalagem de 20g,"20,91 €/Kg","20,91 €/Kg"
Presunto S/Osso,Pata branca,"Vendido ao peso, fatiado a partir de 200 g","2,79 €","13,95 €/Kg"
Zero snack 35 g chocolate duplo,Prozis,Embalagem de 40g,"0,69 €","1,73 €/Kg"
"Alimento para peixe, tetrapond stickslago",Tetra,Embalagem de 1 l,"11,49 €","45,96 €/L"
Máquina depilação Venus Breeze 2 em 1,Gillette,1 unidade,"5,49 €","5,49 €/Unidade"
Vassoura Especial Lisa,PorSi,unidade,"2,20 €","2,20 €/Unidade"
Queijo mascarpone,Galbani,Embalagem de 250 g,"1,79 €","7,16 €/Kg"
Pilha alcalina hightech lr03x8,Domédia,1 unidade,"2,99 €","2,99 €/Unidade"
Iogurte grego natural açucarado sem lactose,PorSi Viva Bem,Embalagem de 240g,"0,65 €","1,30 €/Kg"
Camarão 60/80,Congelado de Aquicultura,1 un = 250 gr  (aprox.),"2,00 €","7,99 €/Kg"
Leite 0% lactose meio gordo,Mimosa,Embalagem de 200 ml,"2,19 €","2,19 €/L"
Grão de bico,Caçarola,Embalagem de 500 g,"0,99 €","1,98 €/Kg"
Tablete de chocolate negro,PorSi Select,200 g,"10,52 €/Kg","10,52 €/Kg"
Gelatina limão 10kcal,Royal,Embalagem de 30g,"0,55 €","61,11 €/Kg"
Patê sardinha,La piara,Embalagem de 80g,"1,19 €","13,52 €/Kg"
Bolacha vitalday crocante original,Gullon,Embalagem de 270g,"2,82 €","9,40 €/Kg"
Kefir Natural,Nestle,Embalagem de 4 x 170 g,"0,65 €","1,30 €/Kg"
Spray desengordurante universal,Neoblanc,Embalagem de 500 ml,"2,59 €","1,30 €/L"
Chocolate negro com avelã e caramelo,Nestle,Embalagem com 115 g,"10,52 €/Kg","10,52 €/Kg"
Atum posta em óleo,Ramirez,Embalagem de 120g,"0,89 €","7,42 €/Kg"
Queijo de cabra com azeite&oregãos,Palhais,Embalagem de 130 g,"1,89 €","10,50 €/Kg"
Tomate inteiro pelado,PorSi,Embalagem de 390 g,"1,79 €","2,29 €/Kg"
Conjunto 4 Velas Litúrgicas Brancas,Codipostal,1 unidade,"1,59 €","1,59 €/Unidade"
Plantanatur slim rapid 30 comprimidos,PLANTANATU,Embalagem de 1 unidades,"9,69 €","9,69 €/Unidade"
Tablete de chocolate amendoim,Nestle,Embalagem de 90 g,"10,52 €/Kg","10,52 €/Kg"
Granulado PH mais,Gre,1 kg,"4,90 €","4,90 €/Unidade"
Salsichão fuet caseiro peru,Elpozo,Embalagem de 150g,"1,35 €","16,88 €/Kg"
Ração seca mix para cão adulto,PorSi,Embalagem de 20 kg,"1,15 €/Kg","1,15 €/Kg"
Cereais petalas chocolate,PorSi,Embalagem de 625g,"5,07 €/Kg","5,07 €/Kg"
Creme Depilatório Men Peles Sensíveis,Veet,Embalagem de 200 ml,"3,51 €","3,51 €/Unidade"
Caixa de arrumação reciclada,PorSi,40 litros,"5,24 €","5,24 €/Unidade"
Bolacha tostada,PorSi,Embalagem de 800g,"2,11 €/Kg","2,11 €/Kg"
Óleo de girassol,PorSi,garrafa de 3 litros,"3,39 €/L","3,39 €/L"
Lombos de pescada,PorSi,Embalagem de 400 g,"4,39 €","10,98 €/Kg"
Pilha alcalina classic lr03x8,Domédia,1 unidade,"2,99 €","2,99 €/Unidade"
Gel desinfectante de mãos,Top Brands,Garrafa de 500 ml,"0,99 €","1,98 €/L"
Compressas | dim.: 10 x 10 cm,PorSi,Embalagem com 100 unidades,"1,69 €","1,69 €/Unidade"
Flocos de quinoa bio,Seara,Embalagem de 400g,"0,69 €","1,73 €/Kg"
Limpa Máquina Loiça Regular,Finish,,"2,99 €","2,99 €/Unidade"
Preparado para crepes,Branca de Neve,Embalagem de 380g,"2,99 €","6,64 €/Kg"
"Fiambre extra, fatias finas",PorSi,Embalagem de 150 g,"0,97 €","6,49 €/Kg"
Nestlé® smarties® drageias de chocolate de leite 38g,SMARTIES,Embalagem de 40g,"11,98 €/Kg","11,98 €/Kg"
Limpa móveis lavanda,Novycera,Garrafa de 300 ml,"4,39 €","14,63 €/L"
Senses Watermelon,Trident,1 un.,"0,68 €","45,33 €/Kg"
"Refrigerante com gás cola zero sem cafeína, mini lat...",Coca-Cola,pack 12 x 0.15 l,"0,40 €/L","0,40 €/L"
Bolachas shortcake,PorSi,Embalagem de 233 g,"1,69 €","6,76 €/Kg"
Bicarbonato de sódio,PorSi,Embalagem de 500 g,"1,79 €","2,39 €/L"
Líquido wc duraguard pinho da montanha,Harpic,Garrafa de 750 ml,"1,79 €","2,39 €/L"
Vinho regional tejo 3 castas branco,Fiuza,Garrafa de 750 ml,"3,99 €","5,32 €/L"
Cereais Corn Flakes Original,Kellogg's,Embalagem de 380g,"1,49 €","2,98 €/Kg"
"Bolacha belvita soft brakes, cereais",Belvita,Embalagem de 250g,"0,98 €","3,27 €/Kg"
"Sacos para sandes, 100 unidades",PorSi,1 embalagem,"1,11 €","1,11 €/Unidade"
Aguarelas 30mm x 12,Giotto,1 unidade,"3,09 €","3,09 €/Unidade"
Iogurte sólido sem lactose morango,Mimosa,Embalagem de 480g,"1,87 €","1,25 €/Kg"
Azeite Subtil,Gallo,Garrafa de 2 l,"3,19 €","4,25 €/L"
vinho do Porto Ruby,Velhotes,"garrafa de 0,75 l","6,65 €/L","6,65 €/L"
A minha primeira quinta,Science4You,Uma unidade,"14,99 €","14,99 €/Unidade"
Desinfetante de máquinas,Sanytol,Embalagem de 250 ml,"1,79 €","2,39 €/L"
Ambientador para carro recarga open sky,Ambipur,1 unidade,"2,89 €","2,89 €/Unidade"
Queijo de cabra curado,PorSi,Embalagem de 2x100 g,"1,89 €","10,50 €/Kg"
Iogurte líquido danonino morango,Danone,Embalagem de 4 x 100 g,"1,05 €","1,86 €/L"
Pringles original,Pringles,Embalagem de 175g,"1,06 €","5,73 €/Kg"
Tomate triturado,Compal,Embalagem de 500g,"3,84 €","24,00 €/Kg"
Ketchup top down,Calve,Embalagem de 550g,"0,70 €","2,33 €/Kg"
Bolachas maria,PorSi,Embalagem de 800g,"2,11 €/Kg","2,11 €/Kg"
Preparado de bolo de iogurte,PorSi,500 g,"1,69 €","8,45 €/L"
"Cobertura tipo chantilly, 2x38g",PorSi,Embalagem de 80g,"1,29 €","3,23 €/Kg"
Flakes,Cuetara,Embalagem de 500g,"5,07 €/Kg","5,07 €/Kg"
Gelado carte d'or yogurt & forest fruit,Olá,Embalagem de 900 ml,"6,79 €","14,76 €/L"
Orégãos em folha,PorSi,Embalagem de 10g,"0,25 €","0,25 €/Kg"
Porto 10 anos,Velhotes,Garrafa de 0.75 l,"10,99 €","14,65 €/L"
Iogurte pedaços frutas variadas,PorSi,Embalagem de 16 x 125 g,"4,36 €","2,18 €/Kg"
Creme para barrar,Nutella,Embalagem de 200 g,"4,29 €","12,62 €/Kg"
Rebuçados de café,Villa,Embalagem de 200 g,"1,15 €","4,60 €/Kg"
Licor Jagermeister,JAGERMEIST,Garrafa de 700 ml,"16,99 €","24,27 €/L"
Pão São Coração,Museu do Pão,Embalagem 350 g,"2,99 €","7,97 €/Kg"
Máscara tesouros de mel,Garnier,Embalagem de 300 ml,"1,59 €","7,95 €/L"
Máquina Depilatória Venus Swirl,Gillette,1 unidade,"5,49 €","5,49 €/Unidade"
Bolacha diet nature 5 cereais,Gullon,Embalagem de 220g,"2,82 €","9,40 €/Kg"
Lombo curado fatiado,PorSi,100 g,"2,49 €","16,60 €/Kg"
Special k aveia mel,Kellogg's,Embalagem de 420g,"1,49 €","2,98 €/Kg"
Lâmpada LED Forma Esférica 5.5W E14 220-240V,Domédia,1 un.,"3,99 €","3,99 €/Unidade"
Cordon bleu,PorSi,Embalagem de 1 kg,"3,53 €","8,83 €/Kg"
Nata uht ligeira,Páturages,Embalagem de 2X250ML,"0,75 €","3,75 €/L"
Fogão p/Campismo Bistro,Campingaz,1 unidade,"32,99 €","32,99 €/Unidade"
Desumidificador Basic,HUMYDRY,embalagem de 250g,"3,49 €","7,76 €/Kg"
Snack bounty single 57g,BOUNTY,Embalagem de 60g,"3,59 €","14,36 €/Kg"
Lâmpada LED Forma Chama 3.2W E14 220-240V,Domédia,1 un.,"3,99 €","3,99 €/Unidade"
Maçã Jonagored 70+,Fruta do Dia,1 un = 150 gr (aprox.),"1,30 €/Kg","1,30 €/Kg"
Nutella b-ready t.2,Nutella,Embalagem de 50g,"18,50 €/Kg","18,50 €/Kg"
Palitos redondos,PorSi,Embalagem de 250 unidades,"1,50 €","1,50 €/Unidade"
Mangericão em vaso,Aroma viva,Embalagem de 1 unidades,"1,19 €","39,67 €/Kg"
"Pasta dentífrica, 7-13 anos",Labell,Embalagem de 75 ml,"1,19 €","1,19 €/Unidade"
"Hamburguers de vaca, 4x80g",PorSi,Embalagem de 320 g,"2,79 €","8,72 €/Kg"
Croissant recheado de cacau/avelã,PorSi,Embalagem de 315g,"2,05 €","5,13 €/Kg"
Cerveja c/ álcool radler,Sagres,pack 6 x 0.33 l,"1,59 €","3,18 €/L"
"Papel higiénico compacto, extra xxl, 6 rolos",Renova,Uma embalagem,"1,99 €","1,99 €/Unidade"
Tira nódoas em spray cores,Neoblanc,Embalagem de 700 ml,"10,99 €","52,33 €/Kg"
Salted caramel,Haagen daz,Embalagem de 460 ml,"6,79 €","14,76 €/L"
Gelatina de laranja,PorSi,Embalagem de 170g,"0,55 €","61,11 €/Kg"
Queijo Mozzarela Mini Bolas,Galbani,Embalagem de 150 g,"7,45 €/Kg","7,45 €/Kg"
Café solúvel gold,PorSi Select,Embalagem 100G,"14,50 €/Kg","14,50 €/Kg"
Queijo são jorge dop,PorSi Select,Embalagem de 400g,"2,42 €","9,69 €/Kg"
Chocolate Branco e Óreo,Milka,Embalagem de 100g,"1,19 €","11,90 €/Kg"
Schär bolacha chocolate o´s sem glúten,Schar,Embalagem de 165g,"1,45 €","11,15 €/Kg"
Manteiga de amendoim,Prozis,Embalagem de 1 kg,"4,29 €","12,62 €/Kg"
Whisky Malt c/ Tubo,Glen Crinan,Garrafa de 0.70 l,"11,49 €","16,41 €/L"
Pérolas de perfume unstoppables fresh,Lenor,Embalagem de 210g,"10,99 €","52,33 €/Kg"
Óleo spray protective dry f20,Hawaiian Tropic,Embalagem de 200 ml,"15,69 €","78,45 €/L"
Collant mousse 20d baltic xl,PorSi,Embalagem de 1 unidades,"1,89 €/Unidade","1,89 €/Unidade"
Presépio c/ 4 Figuras de Cerâmica,B. Couto,Dim.: 22cm,"14,99 €","14,99 €/Unidade"
Vinagre de vinho branco envelhecido,PorSi,Garrafa 250ML,"0,35 €","0,70 €/L"
Galão enriquecido com cálcio,Ucal,Embalagem de 600 ml,"1,99 €","2,49 €/L"
Papel higiénico 2 folhas,PorSi,32 rolos,"1,99 €","1,99 €/Unidade"
Bife da Alcatra,Novilho,1 un = 250 gr (aprox.),"3,29 €","8,23 €/Kg"
Cereais cruesli frutos secos,Quaker,Embalagem de 380g,"2,29 €","6,11 €/Kg"
Farinha láctea,PorSi,Embalagem de 1 kg,"4,49 €","4,49 €/Kg"
Sabonete líquido Marselha e Azeitona,Labell,Embalagem de 500 ml,"2,18 €/L","2,18 €/L"
Porto tawny valadão,Valadao,Garrafa de 750 ml,"16,99 €","22,65 €/L"
Coelho Dourado,Lindt,Embalagem de 100 gr,"18,50 €/Kg","18,50 €/Kg"
Creme de cenoura,PorSi,800 g,"1,99 €","2,49 €/Kg"
Champô 3 em 1 karpex,Vanish,950 ml,"1,79 €","2,39 €/L"
Clara de ovo liquida pasteurizada,Dovo,1 kg,"2,19 €","2,19 €/Unidade"
Água s/ Gás,Serra de Fafe,Garrafa 6L,"1,04 €","0,17 €/L"
"Fita Isoladora, 2 Rolos",Itools,1 unidade,"3,99 €","133,00 €/Kg"
Café solúvel descafeinado,PorSi,Embalagem de 100G,"14,50 €/Kg","14,50 €/Kg"
Bombons Presente Opus,Guylian,Embalagem de 180G,"2,39 €","47,80 €/Kg"
"Ambientador spray, aerosol, lavanda",Glade,Embalagem de 300 ml,"2,59 €","8,63 €/L"
Bolachas cereais passas e laranja,PorSi,Embalagem de 300 g,"0,90 €","6,00 €/Kg"
Palitos super finos,PorSi,Embalagem de 85 unidades,"1,50 €","1,50 €/Unidade"
Cueca Incontinência Boutique Plus M,Ausonia Discreet,Embalagem de 9 Un.,"9,99 €","9,99 €/Unidade"
Snack gato frango/queijo,PorSi,Embalagem de 60g,"0,99 €","16,50 €/Kg"
Cereais chocapic,Nestle,Embalagem de 375 g,"5,07 €/Kg","5,07 €/Kg"
Água mineral natural alcalina,MONCHIQUE,1.5 l,"1,04 €","0,17 €/L"
Tostas de trigo,PorSi,Embalagem 225G,"2,39 €","6,83 €/Kg"
Esferográfica Azul Média,Mab,Embalagem com 4 un.,"2,79 €","2,79 €/Unidade"
Tomate pelado,Guloso,Embalagem de 800g,"3,84 €","24,00 €/Kg"
Camarao vannamei 40/48,Pescanova,Embalagem de 800G,"8,99 €","25,69 €/Kg"
4 Salsichas de porco,PorSi,Embalagem de 500 g,"0,69 €","6,89 €/Kg"
Hambúrguer de caril 2x80g,Veg In,Embalagem de 160g,"2,09 €","8,36 €/Kg"
Insecticida recarga,Biokill,Embalagem de 375 ml,"5,09 €","8,48 €/L"
Leite uht magro,Mimosa,Embalagem de 200 ml,"0,81 €","0,81 €/L"
Bebida láctea crescimento 1 a 3 anos,Nestle,Embalagem de 1 litro,"0,26 €","1,30 €/L"
"Jogo ""Jogo Abelha Teimosa""",Ambar Science,1 unidade,"6,20 €","6,20 €/Unidade"
Magnum mini 3 chocolates,Olá,Embalagem de 6 x 55 ml,"5,99 €","16,64 €/L"
Salsa,PorSi Bio,20 g,"1,19 €","39,67 €/Kg"
"Frigideira anti-aderente, 20cm",PorSi,1 unidade,"9,99 €/Unidade","9,99 €/Unidade"
Xarope de limão sem corantes,Paquito,Garrafa de 750 ml,"4,89 €","6,61 €/L"
Rolo de Cozinha Multi,Renova,4 Rolos,"4,99 €","4,99 €/Unidade"
Moscatel de Setúbal 20 anos,Alambre,Garrafa de 0.50 l,"5,99 €","7,99 €/L"
12 Preservativos Adapta Finíssimo,Control,,"4,99 €","4,99 €/Unidade"
Collant mousse muskade 20D,PorSi,Tamanho: xl,"1,89 €/Unidade","1,89 €/Unidade"
Ciência dos vulcões,Ambar Science,1 unidade,"6,20 €","6,20 €/Unidade"
Gelatina de manga,Koala,Embalagem de 130g,"0,85 €","2,13 €/Kg"
Café Descafeinado,Nescafe,Embalagem de 100g,"1,59 €","6,36 €/Kg"
Chá de gengibre,PLANTANATU,Embalagem de 20g,"1,19 €","79,33 €/Kg"
Açúcar branco em saquetas,Rar,Embalagem com 170 saquetas,"1,49 €","1,49 €/Kg"
Almôndegas Vegetais Green Cuisine,Iglo green,Embalagem de 240g,"2,49 €","8,30 €/Kg"
Pastilhas Trident Senses Watermelon,Trident,6 x 23 g,"0,68 €","45,33 €/Kg"
Nata uht 0% lactose,Parmalat,Embalagem de 200 ml,"0,75 €","3,75 €/L"
Cerveja c/ álcool,Super Bock,pack 24 x 0.20 l,"1,99 €/L","1,99 €/L"
Spray desinfetante cozinha,Lysol,Embalagem de 500 ml,"0,79 €","0,79 €/L"
Tablete de chocolate choco jelly,Milka,Embalagem de 250g,"18,50 €/Kg","18,50 €/Kg"
Barras fitness com chocolate,Nestle,Embalagem de 140g,"3,45 €","26,74 €/Kg"
"Busca Polos, grande",Itools,1 unidade,"5,39 €","5,39 €/Unidade"
Tambor,Panda,1 un.,"12,99 €/Unidade","12,99 €/Unidade"
Álcool Etílico Sanitário,PorSi,200 ml,"1,69 €","1,69 €/Unidade"
Leite em pó crescimento 3 pro +,Nutriben,Embalagem de 800g,"20,99 €","26,24 €/Kg"
Esfregona super completa,Vileda,1 unidade,"0,89 €","0,89 €/Unidade"
"Lava tudo antibacteriano lavanda 1,5l",PorSi,Garrafa de 1.5 l,"0,99 €","0,50 €/L"
Quiona tricolor bio,Origensbio,Embalagem de 250g,"1,89 €","3,78 €/Kg"
Estendal de roupa com abas alumínio,PorSi,20 metros,"0,89 €","0,89 €/Unidade"
Recargas ambientador elétrico romantic vanilla bloss...,Glade,Embalagem de 2 x 20 ml,"11,98 €","11,98 €/Unidade"
"Lustrante pneus, em pistola",Arbo,Embalagem de 1 l,"3,99 €","0,80 €/L"
"Engoma fácil, pistola",PorSi,Embalagem de 750 ml,"10,99 €","52,33 €/Kg"
Cappuccino café arábica cacau magro em pó,PorSi,250 ml,"3,19 €","25,52 €/Kg"
Aroma de café,Rayners,Garrafa de 28 ml,"1,65 €","20,12 €/Kg"
Lombo Atum Descongelado,Peixe do Dia,1 unidade = 300 gr (aprox.),"4,80 €","11,99 €/Kg"
Elixir bocal dentes e gengivas,Listerine,Embalagem de 1 l,"5,99 €","11,98 €/L"
Iogurte liquido proteína yopro morango/framboesa,Yopro,300 g,"5,97 €/Kg","5,97 €/Kg"
Flauta,Hohner,1 unidade,"1,99 €","1,99 €/Unidade"
Yofu soja baunilha,Alpro,Embalagem de 500gr,"3,29 €","6,58 €/Kg"
Doce de morango,Casa de Mateus,Embalagem de 345g,"2,19 €","9,95 €/Kg"
Comida húmida para gato seleção de carnes,Gourmet mp,Embalagem de 300g,"3,49 €","10,26 €/Kg"
Vinho branco tejo chardonnay,Fiuza,Garrafa de 750 ml,"3,99 €","5,32 €/L"
Leite de transição Optipro 2 +6 meses,NAN,Embalagem de 800g,"20,99 €","26,24 €/Kg"
Rolos de papel multiusos 2 folhas,PorSi,1 unidade,"4,99 €","4,99 €/Unidade"
"Luva Nitrilica, anti-Deslizante, Nr.9",Itools,1 unidade,"5,39 €","5,39 €/Unidade"
Ambientador vela fresh berries,Glade,1 unidade com 129 g,"9,49 €","45,19 €/Kg"
Serrote com Ferro,Itools,1 unidade,"5,39 €","5,39 €/Unidade"
Champô cabelos pintados,Labell,Embalagem de 250 ml,"5,59 €","13,98 €/L"
Moscatel de Setúbal,Bacalhoa,Garrafa de 750 ml,"5,99 €","7,99 €/L"
Café em grão,Delta,Embalagem de 1 kg,"9,16 €/Kg","9,16 €/Kg"
Régua duplo decimetro,CA1,1 unidade,"2,49 €","2,49 €/Unidade"
Collant mousse preta 20D,PorSi,Tamanho: M,"1,89 €/Unidade","1,89 €/Unidade"
Kiwi,Zespri,embalagem de 500 g,"0,24 €","1,19 €/Kg"
"Lenços de bolso sensitive, brancos, 10 unidades",Renova,1 embalagem de 18x10,"0,89 €","0,89 €/Unidade"
Toalhita auto bronzeadora,Ambre Solaire,1 unidade,"11,49 €","57,45 €/L"
Sumo 100% Fruta Laranja Espremida,Compal,1 litro,"1,09 €","0,73 €/L"
Salsicha fresca merguez,PorSi,Embalagem de 330 g,"0,69 €","6,89 €/Kg"
Polpa tomate biológico,Guloso,Embalagem de 500g,"3,84 €","24,00 €/Kg"
Cerveja 0.0%,Heineken,Pack 6 x 0.25 l,"5,99 €","3,03 €/L"
Lâmpada LED Formato Clássico 10W E27 220-240V,Domédia,1 un.,"3,99 €","3,99 €/Unidade"
Lixívia tradicional,PorSi,Embalagem de 2 l,"1,74 €","0,35 €/L"
Faca Chefe 20 cm Preta,PorSi,1 unidade,"3,65 €","3,65 €/Unidade"
Experiências Fugas a Dois,Odisseias,,"49,90 €","49,90 €/Unidade"
Recarga sabonete líquido para as mãos de coco,Dove,500 ml,"2,18 €/L","2,18 €/L"
Milho doce,PorSi,Embalagem de 3 x 140 g,"1,79 €","2,29 €/Kg"
Massa pevide,Nacional,Embalagem de 250g,"0,89 €","1,78 €/Kg"
Saqueta pintarolas,Pintarolas,Embalagem de 40g,"11,98 €/Kg","11,98 €/Kg"
Lambrusco branco,Sorbello,Garrafa de 0.75 l,"6,89 €","9,19 €/L"
Sabonete sensitive,Palmolive,Embalagem de 4x90 g,"1,99 €","12,44 €/Kg"
Cotonetes para bebé,PorSi,Embalagem com 60 unidades,"0,58 €","0,58 €/Unidade"
1ª papa láctea multifrutos sem glúten +4 meses,Cerelac,Embalagem de 250g,"4,49 €","4,49 €/Kg"
Salsichas Frankfurt em lata,Izidoro,Embalagem de 120g,"0,75 €","3,75 €/Kg"
Alimento seco gato salmao 1.5k,Purina One,"Embalagem de 1,5 kg","12,99 €","4,33 €/Kg"
Whisky blended,Label 5,"Garrafa de 0,70 l","11,49 €","16,41 €/L"
Rojões,Porco,1 un = 250 gr  (aprox.),"4,89 €","4,89 €/Kg"
Bolachas extra pepitas xl,Ca!,Embalagem de 180g,"2,15 €","2,87 €/Kg"
Desodorizante de pés em spray,Protex,Embalagem de 150 ml,"5,59 €","37,27 €/L"
Tapa fugas,Redex,Embalagem de 250 ml,"14,99 €","14,99 €/L"
Pimento Verde,Legumes do Dia,1 un = 250 gr  (aprox.),"0,75 €","2,99 €/Kg"
Mousse de chocolate,PorSi,Embalagem de 110 g,"1,45 €","3,15 €/Kg"
Queijo de cabra curado,Seia,Embalagem de 430g,"1,89 €","10,50 €/Kg"
Chalotas,Legumes do Dia,embalagem de 250 g (aprox.),"0,35 €","1,39 €/Kg"
Rum anejo especial,Havana,Garrafa de 700 ml,"20,99 €","29,99 €/L"
"Queijo em fatias, -50% gordura",Limiano,Embalagem de 200g,"1,56 €","7,80 €/Kg"
Spray calcário e sujidade,Cillitbang,Garrafa de 500 ml,"1,19 €","0,79 €/L"
Papa infantil não láctea bolacha maria +6 meses,Cerelac,Embalagem de 250g,"4,49 €","4,49 €/Kg"
Recargas ambientador elétrico relaxing zen,Glade,Embalagem de 2 x 20 ml,"11,98 €","11,98 €/Unidade"
Detergente Máquina Roupa Liquido Bebé,PorSi,50 doses,"3,55 €","2,37 €/L"
Biscoitos integrais sementes de agave,PorSi Viva Bem,Embalagem de 150g,"0,69 €","3,45 €/Kg"
Vinagre balsâmico modena,Gallo,Garrafa de 500 ml,"0,35 €","0,70 €/L"
"Luvas multiusos relevo antiderrapante, tamanho médio",PorSi,Embalagem de 1 unidades,"4,29 €","4,29 €/Unidade"
Mini tostas de trigo,Diatosta,Embalagem de 350 g,"2,39 €","6,83 €/Kg"
Mauzão,Concentra,Uma unidade,"3,49 €","3,49 €/Unidade"
Iogurte activia líquido 0% morango/kiwi,Danone,Embalagem de 4 x 155 g,"2,79 €","6,07 €/Kg"
Comida húmida para cão almôndegas,PorSi,Embalagem de 1200 g,"0,75 €","2,50 €/Kg"
Mini tostas trigo super finas,PorSi,Embalagem de 100 g,"2,39 €","6,83 €/Kg"
Biscoito para cão nuggets,Purina One,Embalagem de 90g,"5,58 €/Kg","5,58 €/Kg"
Tablete chocolate negro trufa,Nestle,100 g,"16,67 €/Kg","16,67 €/Kg"
Bebida de aveia s/ gluten,Joya,Garrafa de 1 l,"11,44 €/Kg","11,44 €/Kg"
Twins,Gullon,pack 2 x 154 g,"0,79 €","4,49 €/Kg"
Barras de cereais frosties,Kellogg's,Embalagem de 150g,"1,29 €","10,24 €/Kg"
"Chocolate m&m s, amendoim",M&m' s,Embalagem de 45 g,"11,98 €/Kg","11,98 €/Kg"
Maçã Pink Lady 75/80,Fruta do Dia,1 un = 180 gr (aprox.),"1,30 €/Kg","1,30 €/Kg"
Café Solúvel Black Roast,Nescafe,Embalagem de 200g,"14,50 €/Kg","14,50 €/Kg"
Cerveja com álcool,Sagres,Garrafa de 1 l,"1,99 €/L","1,99 €/L"
Garrafa de Água desporto,Lock&Lock,cap.: 500 ml,"4,49 €","4,49 €/Unidade"
Café espresso descafeinado intensidade 6,PorSi,16 cápsulas,"1,59 €","6,36 €/Kg"
Compal da horta concentrado tomate,Compal,Embalagem de 140g,"3,84 €","24,00 €/Kg"
Gel de Banho Shea Butter & Vanilla,Dove,Embalagem de 750 ml,"6,49 €","8,65 €/L"
Pasta de amêndoa tricolor,Vahine,Embalagem de 150g,"1,29 €","3,23 €/Kg"
Néctar clássico tutti frutti,Compal,Garrafa de 200 ml,"0,99 €","0,99 €/L"
Vinho branco,PorSi,Bag-in-box de 5 litros,"0,85 €/L","0,85 €/L"
Infusão de camomila,PorSi,Embalagem de 33.7 g,"20,91 €/Kg","20,91 €/Kg"
Creme abrasivo ativo c/ lixívia,Cif,Garrafa de 700 ml,"0,99 €","1,32 €/L"
"Refrigerante com gás cola, mini lata",Coca-Cola,pack 12 x 0.15 l,"0,40 €/L","0,40 €/L"
Iogurte natural 0%,PorSi Viva Bem,Embalagem de 6 x 125 g,"0,65 €","1,30 €/Kg"
Collant mousse muskade 20D,PorSi,Tamanho: m,"1,89 €/Unidade","1,89 €/Unidade"
Geleira vintage,Polisur,12 litros,"19,99 €","19,99 €/Unidade"
Recarga inseticida eléctrico líquido anti melgas e m...,Raid,60 noites,"7,69 €","7,69 €/Unidade"
Cajus tostados no forno,Matutano,Embalagem de 90g,"0,79 €","7,90 €/Kg"
Pão da Avó 90 g,Pão do Dia,,"0,19 €","2,38 €/Kg"
"Cera cabelo, paste signature",Axe,Embalagem de 75 ml,"4,39 €","58,53 €/L"
Pão ralado alho e salsa,PorSi,Embalagem de 240 g,"0,55 €","2,29 €/Kg"
Bambolitos brancos,PorSi,Embalagem de 150g,"0,79 €","5,27 €/Kg"
Rebuçados de mentol,Sweet flav,Embalagem de 250 g,"0,77 €","3,85 €/Kg"
Gelatina pronta a comer light 10 kcal ananás,Royal,Embalagem de 4 x 100 g,"0,85 €","2,13 €/Kg"
"Tablete de chocolate l'ateliere passas, avelã e amên...",Nestle,Embalagem de 100g,"10,52 €/Kg","10,52 €/Kg"
Queijo em fatias original,Casteloes,Embalagem de 200g,"1,56 €","7,80 €/Kg"
Creme de Barrar com Sabor a Manteiga,Becel,Embalagem de 400g,"5,40 €/Kg","5,40 €/Kg"
Repelente de água,PorSi,Embalagem de 250 ml,"3,99 €","0,80 €/L"
Manteiga magra baixo teor sal,President,Embalagem de 250g,"1,69 €","6,76 €/Kg"
Snack bio base de milho e aveia c/ amendoim,Gerber,Embalagem de 35g,"1,89 €","9,95 €/Kg"
Tampão proteção de confiança,O.B.,1 Embalagem c/32 unidades,"3,99 €","3,99 €/Unidade"
Pré-lavagem power gel,Vanish,Garrafa de 200 ml,"8,69 €","1,84 €/Kg"
Pão Forno Pedra Centeio,Garcia & Filhos,1 un = 400 g (aprox.),"0,19 €","2,38 €/Kg"
Napolitas creme baunilha,PorSi,Embalagem de 320g,"2,05 €","5,13 €/Kg"
Courgette Categoria II,Legumes do Dia,,"0,75 €","2,49 €/Kg"
Detergente Manual p/ Lavar Roupa Regular,Gama,Embalagem de 510 g,"1,09 €","2,73 €/Kg"
Polpa de maracuja,PorSi,Embalagem de 565g,"1,99 €","2,37 €/Kg"
Bacalhau com broa,PorSi Select,350 g,"1,79 €","7,16 €/Kg"
"Creme de dia, age perfect",L'oreal,Embalagem de 50 ml,"2,99 €","59,80 €/L"
Gelatina de coco origem vegetal,Koala,Embalagem de 130g,"0,85 €","2,13 €/Kg"
Veggie bowls quinoa & abóbora 350g,Iglo green,Embalagem de 350g,"2,49 €","8,30 €/Kg"
Paprika,PorSi,Saqueta com 50 g,"0,25 €","0,25 €/Kg"
Bombons Presente Frutos do Mar,Guylian,Embalagem de 125G,"2,39 €","47,80 €/Kg"
Farinha nao láctea bolacha maria,PorSi,Embalagem de 250g,"4,49 €","4,49 €/Kg"
Bolachas crackers c/ sal,Du bois,Embalagem de 500g,"0,39 €","3,12 €/Kg"
Tomate Cacho,Legumes do Dia,1 un = 200 gr (aprox.),"0,87 €","3,49 €/Kg"
Cesto multiusos com gancho,PorSi,1 unidade,"2,50 €","2,50 €/Unidade"
Escova de Dentes Flex Interdental,Aquafresh,2 + 1 unidades,"3,49 €","3,49 €/Unidade"
La Croix Rosé,Peyrassol,0.75 litros,"6,89 €","9,19 €/L"
Creme Mãos Secrets Coco,Dove,75 ml,"2,59 €","25,90 €/L"
Toucinho fumado fatiado,PorSi,Embalagem de 200g,"1,99 €","9,95 €/Kg"
10 nuggets peito de frango e queijo,Capitão Iglo,Embalagem de 210g,"2,79 €","8,72 €/Kg"
Pensos térmicos alívio da dor muscular 13x10cm,PorSi,Embalagem de 2 unidades,"1,69 €","1,69 €/Unidade"
"Bolacha belvita soft brakes, frutos vermelhos",Belvita,Embalagem de 250g,"0,98 €","3,27 €/Kg"
Massa folhada,Pasta dia,Embalagem de 230g,"0,99 €","4,30 €/Kg"
Vinho maduro branco,C.da eira,Garrafa de 1 l,"0,85 €/L","0,85 €/L"
Batata pré-frita mediterranean,MCCAIN,Embalagem de 750g,"1,39 €","1,39 €/Kg"
Rabanetes,Legumes do dia,Embalagem 125g,"0,75 €","2,99 €/Kg"
Pasta de atum,Fides,Embalagem de 90g,"1,19 €","13,52 €/Kg"
Gelatina morango 10kcal,Royal,Embalagem de 30g,"0,55 €","61,11 €/Kg"
Detergente liquido maquina roupa frescura primavera,Xau,80 doses,"8,69 €","1,84 €/Kg"
Snack para gato anti-hairball,Whiskas,Embalagem de 60g,"0,99 €","16,50 €/Kg"
Sopa de caldo verde Programa Origens,PorSi,Embalagem de 250g,"1,09 €","4,36 €/Kg"
Spray tira gorduras,PorSi,Embalagem de 750 ml,"1,29 €","1,72 €/L"
Dawnut de chocolate,Pastelaria do Dia,1 unidade = 60 g,"0,69 €","0,69 €/Unidade"
"Jogo de Viagem, Cluedo",Hasbro,,"3,49 €","3,49 €/Unidade"
Cream cracker 200g,JACOB'S,Embalagem de 200g,"0,39 €","3,12 €/Kg"
Palito fry n' dip,MCCAIN,Embalagem de 500g,"1,39 €","1,39 €/Kg"
Massa de pontinha grossa,Nacional,Embalagem de 250g,"0,89 €","1,78 €/Kg"
Papel Higiénico Puríssimo 3 Folhas,Renova,Embalagem c/ 12 rolos,"1,99 €","1,99 €/Unidade"
Iogurte activia natural,Danone,Embalagem de 4 x 120 g,"2,79 €","6,07 €/Kg"
Desengordurante multiusos em pistola,Agerul,Embalagem de 750 ml,"4,89 €","6,52 €/L"
Creme p/ Calçado Preto,Búfalo,Embalagem de 40 ml,"0,99 €","19,80 €/L"
Gelatina morango 8 kcal,PorSi,Embalagem de 4 x 100 g,"0,85 €","2,13 €/Kg"
Feijão frade,Compal,Lata de 410 ml,"1,79 €","2,29 €/Kg"
"Alimento húmido para gato +1 ano, sabor a aves",Whiskas,Embalagem de 400g,"3,49 €","10,26 €/Kg"
Toalhitas limpa moveis,PorSi,Embalagem de 24 unidades,"4,39 €","14,63 €/L"
Ração seca para gato adulto de peixe,PorSi,Embalagem 2 kg,"12,99 €","4,33 €/Kg"
Caracol com passas,*,90g,"0,69 €","0,69 €/Unidade"
Costeleta,Novilho,1 un= 400 gr aprox.,"3,29 €","8,23 €/Kg"
Caffe latte go chill,Delta,230 ml,"3,19 €","25,52 €/Kg"
Tablete de chocolate culinário 70% negro,PorSi,Embalagem de 200 g,"16,67 €/Kg","16,67 €/Kg"
Néctar vital equilíbrio frutos vermelhos,Compal,Garrafa de 200 ml,"0,99 €","0,99 €/L"
Vela em número nº5,PorSi,1 unidade,"0,60 €","0,60 €/Unidade"
Creme de fixação para dentaduras,Labell,Embalagem de 50 g,"7,39 €","105,57 €/Kg"
"Pensos diários respirare, 44 unidades",Carefree,Uma embalagem,"1,79 €","1,79 €/Unidade"
Desinfetante álcool gel,PorSi,100 ml,"0,99 €","1,98 €/L"
Farinha sem fermento t65,PorSi,Embalagem de 5 kg,"1,99 €","1,99 €/Kg"
Toalha em rolo papel bordeau,PorSi,1 Unidade,"19,99 €","19,99 €/Unidade"
"Alimento seco para cão, croquetes pro adulto",PorSi Select,Embalagem de 4 Kg,"1,15 €/Kg","1,15 €/Kg"
Mistura solúvel c/ 20% café granulado,PorSi,Embalagem de 200g,"0,99 €","3,96 €/Kg"
Queijo Raclette 48% MG,Terrier,Vendido ao peso a partir de 250 gr,"1,49 €","7,45 €/Kg"
Vinho branco,PorSi,embalagem de  3X187 ml,"0,85 €/L","0,85 €/L"
Whisky Swing,Johnnie Walker,"Garrafa de 0,70 l","32,99 €","47,13 €/L"
"Briquetes madeira, 12 unidades",Nova lenha,1 embalagem,"0,75 €","0,75 €/Unidade"
Autocarro Formas e Cores,Baby Clementoni,1 unidade,"14,99 €/Unidade","14,99 €/Unidade"
Queijo fatias -50% de gordura,Limiano,Embalagem de 400g,"1,56 €","7,80 €/Kg"
Creme barrar nutela 350g,Nutella,Embalagem de 350G,"4,29 €","12,62 €/Kg"
Inseticida baratas e formigas,Dum Dum,Embalagem de 400 ml,"5,09 €","8,48 €/L"
Coca-cola light,Coca-Cola,Garrafa de 1 l,"0,40 €/L","0,40 €/L"
Mini Tostas de Trigo,PorSi,Embalagem de 350 g,"2,39 €","6,83 €/Kg"
15 barrinhas pescada,Pescanova,Embalagem de 450g,"9,30 €/Kg","9,30 €/Kg"
Ração seca para cão croquetes pro júnior,PorSi Select,Embalagem de 3 Kg,"1,15 €/Kg","1,15 €/Kg"
Ameixa Vermelha,Fruta da Época,1 un = 250 gr  (aprox.),"2,49 €/Kg","2,49 €/Kg"
Bolachas vitalday recheio iogurte c/ frutos vermelho...,Gullon,Embalagem de 220g,"1,45 €","11,15 €/Kg"
Óleo 15w40,PorSi,Embalagem de 5 l,"14,99 €","14,99 €/L"
Gin Ten Premium,Tanqueray,Garrafa de 0.70L,"19,90 €","19,90 €/L"
Hamburgueres sem glúten de peru,Kilom,Embalagem de 4 x 80 g,"3,53 €","8,83 €/Kg"
Magnésio + vitaminas,PLANTANATU,Embalagem de 1 unidades,"9,69 €","9,69 €/Unidade"
Forma Desmontável 30x7 cm,Rioja IMF,1 unidade,"9,99 €/Unidade","9,99 €/Unidade"
"Refrigerante sem gás, laranja",Joi,"Garrafa de 1,5 l","1,14 €","0,76 €/L"
Bolachas marítimas clássicas,PorSi Viva Bem,Embalagem de 200g,"1,45 €","11,15 €/Kg"
Fralda cueca T5 - 12 a 18 kg,PorSi,20 unidades,"8,49 €","8,49 €/Unidade"
Pimento vermelho biológico,PorSi Bio,500 g (aprox.),"0,75 €","2,99 €/Kg"
Batatas Pré-fritas Rosti com Cebola,PorSi,Embalagem com 600 g,"1,39 €","1,39 €/Kg"
Banana da  Madeira,Fruta do Dia,1 un= 200 gr (aprox.),"0,24 €","1,19 €/Kg"
Batata frita forno camponesas,Lay's,Embalagem de 130g,"1,19 €","6,43 €/Kg"
Gel de Banho Corpo e Cabelo Sensitive,Baby Dove,Embalagem de 400 ml,"1,99 €","1,99 €/Unidade"
Máscara Olhos Brow Drama Medium,Maybelline,1 unidade,"4,49 €","4,49 €/Unidade"
Pensos com Abas de Noite,Ausonia,embalagem com 9 un.,"4,99 €","4,99 €/Unidade"
Cookies sem glúten,Gullon,Embalagem de 200 g,"4,29 €","20,43 €/Kg"
Papel higiénico branco 2 folhas,PorSi,48 rolos,"1,99 €","1,99 €/Unidade"
Gel Duche Men Active Clean,Nivea Men,Embalagem de 500 ml,"5,99 €","14,98 €/L"
Água mineral sem gás,Vitalis,Pack 6 x 1.5 l,"1,04 €","0,17 €/L"
"Tesoura 6""",Time Office,1 unidade,"2,19 €","109,50 €/L"
Creme depilatório para peles sensíveis,Labell,Embalagem de 200 ml,"10,99 €","73,27 €/L"
Rum limon,Bacardi,Garrafa de 700 ml,"20,99 €","29,99 €/L"
Preparado de bolo de chocolate,PorSi,500 g,"1,69 €","8,45 €/L"
Cillit bang limpa vidros,Cillitbang,Garrafa de 500 ml,"3,19 €","6,38 €/L"
Rolo de Cozinha Touch 4D XL,Renova,Embalegem c/ 3 Rolos,"4,99 €","4,99 €/Unidade"
Pack 5 veículos sortidos,Hot Wheels,1 embalagem,"9,99 €/Unidade","9,99 €/Unidade"
Caderno Agrafado Capa Preta |A4 Pautado,Domédia,1 unidade,"4,59 €","4,59 €/Unidade"
Morcela assar fundao,PorSi,Embalagem de 250g,"1,49 €","7,45 €/Kg"
Depilatório homem gel,Veet,Garrafa de 200 ml,"3,29 €","3,29 €/Unidade"
Vela número 0,Vahine,Embalagem de 1 unidades,"0,60 €","0,60 €/Unidade"
6 Preservativos Adapta Nature,Control,,"4,99 €","4,99 €/Unidade"
Sumo 100% laranja,Compal,1 litro,"1,09 €","0,73 €/L"
Néctar vital equilibrio manga/maracujá,Compal,Embalagem de 1 l,"0,84 €","2,55 €/L"
Ambientador tealights canela,PorSi,embalagem com 18 unidades,"9,49 €","45,19 €/Kg"
Gogo SqueeZ Snack Maçã e Manga,Gogo,Embalagem de 90g,"2,29 €","6,94 €/L"
Batata Doce,Legumes do Dia,1 un = 250 gr  (aprox.),"0,35 €","1,39 €/Kg"
Spray power&shine multiusos c/ lixívia,Cif,Garrafa de 750 ml,"0,79 €","0,79 €/L"
20 saquetas chá de frutos silvestres,Lipton,Embalagem de 30g,"44,50 €/Kg","44,50 €/Kg"
Iogurte líquido yoggi morango/banana,Nestle,Embalagem de 4 x 160 g,"1,19 €","1,86 €/Kg"
Champô anti-caspa,Labell,Embalagem de 400 ml,"5,59 €","13,98 €/L"
Pudim de chocolate,PorSi,Embalagem de 110g,"0,59 €","29,50 €/Kg"
Ervilhas,Iglo,"Embalagem de 1,125 kg","1,89 €","1,89 €/Kg"
Vinho do Porto 10 anos,Cruz,"Garrafa de 0,75L c/ Caixa de Madeira","10,99 €","14,65 €/L"
Vinagre balsâmico modena,Gallo,Garrafa de 250 ml,"0,35 €","0,70 €/L"
Limpa vidros azul,PorSi,Embalagem de 1 l,"3,99 €","0,80 €/L"
Jaca em calda,Koala,Embalagem de 570g,"1,99 €","2,37 €/Kg"
Queijo de mistura curado,Seia,Embalagem de 250g,"5,99 €","23,96 €/Kg"
Suiss'fruits fruta 12x50g,PorSi,Embalagem de 600g,"1,05 €","1,86 €/L"
Pão forma cereais sem glúten,Schar,Embalagem de 300g,"2,99 €","7,97 €/Kg"
Cerveja com álcool,Sagres,"Embalagem de 0,33 l","1,99 €/L","1,99 €/L"
Martini fiero,Martini,Garrafa de 750 ml,"11,99 €","11,99 €/L"
Iogurte sabor a coco,PorSi,Embalagem de 4 x 125 g,"1,87 €","1,25 €/Kg"
Yofu com polpa de fruta,Alpro,Embalagem de 4x125 g,"3,29 €","6,58 €/Kg"
Conjunto de 3 pinceis nº 4/8/12,Domédia,Uma embalagem,"4,79 €","4,79 €/Unidade"
Creme Depilatório Peles Sensíveis,Veet,Embalagem de 400 ml,"10,99 €","73,27 €/L"
Lava tudo brilhante madeiras,PorSi,Embalagem de 1.1 litros,"4,39 €","14,63 €/L"
Magnum mini white mix,Olá,Embalagem de 6 x 55 ml,"5,99 €","16,64 €/L"
Spray limpa vidros,Ajax,Embalagem de 500 ml,"3,19 €","6,38 €/L"
Tostas suecas integrais,PorSi,Embalagem de 225 g,"2,39 €","6,83 €/Kg"
Azeitona preta,PorSi,Embalagem de 560 g,"1,79 €","2,29 €/Kg"
Lava Tudo Perfumado Lavanda,PorSi,Embalagem de 2 l,"0,99 €","0,50 €/L"
Tablete de chocolate leite c/ avelãs,Milka,Embalagem de 270g,"10,52 €/Kg","10,52 €/Kg"
Sementes de girassol,PorSi Viva Bem,Embalagem de 200 g,"1,59 €","10,60 €/Kg"
Whisky,Cutty Sark,Garrafa de 700 ml,"11,49 €","16,41 €/L"
Dessert topping chocolate,Winsenia,Embalagem de 300g,"1,29 €","3,23 €/Kg"
Pensos proteção calos,PorSi,embalagem com 9 unidades,"1,69 €","1,69 €/Unidade"
Collant mousse preta 20D,PorSi,Tamanho: l,"1,89 €/Unidade","1,89 €/Unidade"
Red Fish,Peixe Congelado,300 a 500 g,"3,99 €/Kg","3,99 €/Kg"
Bolacha de caramelo,Snapy,Embalagem de 250g,"2,11 €/Kg","2,11 €/Kg"
Fralda Cueca Banho Splashers T4,Dodot,1 Embalagem c/11 unidades,"8,49 €","8,49 €/Unidade"
Decomagia chocolate,Dr. Oetker,Embalagem de 70g,"1,29 €","3,23 €/Kg"
Sopa de Cebola,PorSi,Embalagem de 62 g,"0,84 €","13,55 €/Kg"
Creme Depilatório Peles Sensíveis,Veet,Embalagem de 200 ml,"10,99 €","73,27 €/L"
Sementes de chia,PorSi Viva Bem,Embalagem de 150 g,"1,59 €","10,60 €/Kg"
Aguarelas 30mm x 12,Giotto,1 unidade,"4,79 €","4,79 €/Unidade"
Iogurte oikos pêssego,Danone,Embalagem de 4 x 110g,"1,49 €","2,98 €/Kg"
Lenços de bolso folha tripla,PorSi,9 x 30 unidades,"0,89 €","0,89 €/Unidade"
Aperitivos de amendoins sal e mel,Matutano,Embalagem de 70g,"0,79 €","7,90 €/Kg"
Leite Meio Gordo sem Lactose,Mimosa,Pack 4 x 200 ml,"2,19 €","2,19 €/L"
Iogurte líquido infantil morango e banana,PorSi,Pack 6 x 100 g,"1,19 €","1,86 €/Kg"
Canjica branca,Do Brasil,Embalagem de 500 g,"2,99 €","271,82 €/Kg"
Achocolatado em pó,Ovomaltine,Embalagem de 400g,"5,39 €","7,19 €/Kg"
Salsicha p/Churrasco Aves,Carne Sorraia,1 Embalagem 360G,"1,99 €","9,48 €/Kg"
Água Micelar c/doseador,Labell,Embalagem de 500ml,"0,76 €","0,76 €/Unidade"
Lenços de bolso 4 folhas,PorSi,Embalagem de 18 x 10 unidades,"0,89 €","0,89 €/Unidade"
Ovos galinha solo L,PorSi,12 unidades,"1,39 €","1,39 €/Unidade"
Detergente Multiusos Spray,Ajax,Garrafa de 500 ml,"1,19 €","0,79 €/L"
"Coloração permanente, vermelho ousado nº5.62",Nutrisse,1 unidade,"9,49 €/Unidade","9,49 €/Unidade"
Água s/ gás,Luso,Pack 6 x 1.5 l,"1,04 €","0,17 €/L"
Boia pneu,Wet Fun,Dim: Ø 90 cm,"4,90 €","4,90 €/Unidade"
Lenços de bolso 6x10 - 3 folhas,PorSi,1 embalagem com 6 unidades,"0,89 €","0,89 €/Unidade"
Biscoitos integrais aveia e manteiga de amendoim,PorSi Viva Bem,Embalagem de 150g,"0,69 €","3,45 €/Kg"
Fiambre da Pá,Salsicharia Limiana,1 un = 150 gr (aprox.),"0,97 €","6,49 €/Kg"
"Detergente manual de loiça,limão",Fairy,Embalagem de 2x1.19L,"0,99 €","1,98 €/L"
Cacau magro em pó,PorSi,Embalagem de 125 g,"1,04 €","8,32 €/Kg"
Espinafres folhas natur+ 400g,Bonduelle,Embalagem de 400G,"1,89 €","1,89 €/Kg"
Manteiga c/ sal gourmet,Novacores,Embalagem de 250g,"1,69 €","6,76 €/Kg"
Esparguete s/ glúten,Milaneza,Embalagem de 500g,"2,99 €","7,97 €/Kg"
20 saquetas chá verde pure,Lipton,Embalagem de 30g,"85,00 €/Kg","85,00 €/Kg"
Inseticida ajustável eléctrico líquido anti melgas e...,Raid,60 noites,"7,69 €","7,69 €/Unidade"
Peluche Unicórnio Interativo,Baby Clementoni,unidade,"11,99 €/Unidade","11,99 €/Unidade"
Lombos de salmão,PorSi,Embalagem de 300g,"4,39 €","10,98 €/Kg"
Iogurte pedaços ananás,PorSi,Embalagem de 4 x 125 g,"4,36 €","2,18 €/Kg"
After shave gold,Denim,Embalagem de 100 ml,"1,24 €","4,96 €/L"
Inseticida para baratas e formigas,Baygon,Embalagem de 400 ml,"5,09 €","8,48 €/L"
Muesli nozes,PorSi,500 g,"3,99 €","11,40 €/Kg"
Doce quatro frutos,ST.DALFOUR,Frasco de 284g,"2,19 €","9,95 €/Kg"
Lula,Peixe Congelado,1 un= 250 gr (aprox.),"3,99 €/Kg","3,99 €/Kg"
Porto special reserva,Cruz,"garrafa de 0,75 l","10,99 €","14,65 €/L"
Bolacha digestive aveia 258g,Vieira,Embalagem de 258 g,"0,98 €","3,27 €/Kg"
Crepe maçã e canela,PorSi,Embalagem de 540 g,"2,49 €","7,55 €/Kg"
Ovos galinha solo l,PorSi,6 ovos,"1,39 €","1,39 €/Unidade"
Café moagem universal brasil,Delta,Embalagem de 220g,"9,76 €/Kg","9,76 €/Kg"
Feijão manteiga,Compal,Lata de 410 ml,"1,79 €","2,29 €/Kg"
Espumoso grand reale dessert,Gancia,Garrafa de 750 ml,"3,99 €","5,32 €/L"
Vinho regional lisboa reserva tinto,Mundus,Garrafa de 750 ml,"3,99 €","5,32 €/L"
Leite seleccionado leve,Matinal,Garrafa de 1 l,"0,81 €","0,81 €/L"
Pão ralado clássico,PorSi,Embalagem de 240 g,"0,55 €","2,29 €/Kg"
Super Cola,Vito,2 unidade,"3,99 €","133,00 €/Kg"
Nata uht para bater,Gresso,Garrafa de 200 ml,"0,75 €","3,75 €/L"
"Caixa com saquetas de  pau de canela, 30 unidades",PorSi,Embalagem 90G,"0,25 €","0,25 €/Kg"
"Batata frita wavy, ondulada",PorSi,Embalagem de 90g,"1,06 €","5,73 €/Kg"
"Jogo ""Happy Fit""",Ambar Science,1 unidade,"6,20 €","6,20 €/Unidade"
Resguardo para bebé,PorSi,Dim.: 60 x 60 cm,"4,99 €/Unidade","4,99 €/Unidade"
Loção tónica para pele seca,Labell,Embalagem de 250 ml,"0,76 €","0,76 €/Unidade"
Pipocas coloridas,Orcape,Embalagem de 100g,"0,79 €","7,90 €/Kg"
4 Salsichas de porco,PorSi,Embalagem de 500 g,"1,99 €","9,48 €/Kg"
Tablete de chocolate oreo,Milka,Embalagem de 300g,"5,30 €/Kg","5,30 €/Kg"
"Bolachas relieve, mel e coco",PorSi,Embalagem de 700g,"2,82 €","9,40 €/Kg"
"Limpa vidros, rosa",Redex,Embalagem de 5 l,"3,99 €","0,80 €/L"
Vinho branco alentejo,Loios,Garrafa de 750 ml,"2,89 €","3,85 €/L"
Manga fatiada,PorSi,Embalagem de 100 g,"2,29 €/Kg","2,29 €/Kg"
Queijo de Ovelha Meio Gordo,Seia,1 un = 450 g (aprox.),"4,62 €","18,49 €/Kg"
Intensificador de perfume em gel para a roupa romanc...,Quanto,300 ml,"5,99 €","11,98 €/L"
Leite Autobronzeador,Ambre Solaire,Embalagem de 150 ml,"11,49 €","57,45 €/L"
"Pimento Vermelho Assado, Inteiro",*,Embalagem de 500 g,"0,75 €","2,99 €/Kg"
Quanto íris 52d+4x8,Quanto,Garrafa de 1.12 l,"3,99 €","3,99 €/Unidade"
Sumo essencial kids,Compal,pack 3 x 0.11 l,"2,29 €","6,94 €/L"
"Salsa em folhas, pacote",Margao,Embalagem de 10g,"0,25 €","0,25 €/Kg"
Cebola picada em pacote,PorSi,Embalagem de 40 g,"0,25 €","0,25 €/Kg"
"Manga kent ""avião""",*,Embalagem de 350 g,"2,29 €/Kg","2,29 €/Kg"
Croissant de chocolate,Pastelaria do Dia,1 unidade = 100g (aprox.),"0,69 €","0,69 €/Unidade"
Bebida arroz,Alpro,Embalagem de 1 l,"2,19 €","2,19 €/L"
Moscatel de setúbal,Pioneiro,Garrafa de 750 ml,"16,99 €","24,27 €/L"
Néctar de pera rocha e framboesa do Oeste Algarve,Compal,1 litro,"0,99 €","0,99 €/L"
"Infusão de romã/framboesa, 20 saquetas",Tetley,Embalagem de 40g,"20,91 €/Kg","20,91 €/Kg"
"Lixívia, perfume fresco",Neoblanc,Embalagem de 4 l,"2,19 €","1,10 €/L"
Spray optimal 7 cozinha,Ajax,500 ml,"1,29 €","1,72 €/L"
"Maionese, frasco",Hellmman's,Embalagem de 210g,"0,70 €","2,33 €/Kg"
Tisana de chá verde/limão light,Pleno,"Garrafa de 1,5 l","1,14 €","0,76 €/L"
Azeite,PorSi,Garrafa de 1 l,"3,19 €","4,25 €/L"
Porto white,Ferreira,Garrafa de 750 ml,"11,99 €","15,99 €/L"
Vinho regional península de setúbal tinto,J.m.f.,Garrafa de 750 ml,"8,59 €","11,45 €/L"
Areia para Gato Absorvente 100% Natural,Friskies,Embalagem de 5 l,"1,19 €","0,24 €/Kg"
Crescido,Bacalhau da Islândia,1 un = 1.5 kg (aprox.),"8,73 €/Kg","8,73 €/Kg"
Ovos Frescos de Galinhas Criadas ao Ar Livre Classe:...,PorSi Bio,Embalagem com 6 unidades,"2,19 €","2,19 €/Unidade"
Gomas amora,Haribo,Embalagem de 100g,"1,19 €","3,97 €/Kg"
Vinho tinto regional alentejano,Tapada do Barão,Garrafa de 0.75 l,"2,89 €","3,85 €/L"
Pacote maçã e pêssego,Nestle,Embalagem de 90 g,"0,74 €","8,22 €/Kg"
8 hamburguers s/ glúten frango,Capitão Iglo,Embalagem de 480g,"2,79 €","8,72 €/Kg"
Creme para calçado castanho,Splendor,80 ml,"0,99 €","19,80 €/L"
Café solúvel,Delta,Embalagem de 200 g,"14,50 €/Kg","14,50 €/Kg"
Salsicha vegetal,Veg In,Embalagem de 1 kg,"1,99 €","9,48 €/Kg"
Palitos superfinos,PorSi,Embalagem de 400 unidades,"1,50 €","1,50 €/Unidade"
"Forma papel para bolos, 10. 5cm",PorSi,Embalagem com 60 unidades,"0,54 €","0,54 €/Unidade"
Gomas de ursos com brilho,Fini,Embalagem de 100g,"1,19 €","3,97 €/Kg"
Avental Maravilhas de Portugal,Do Art,1 un.,"8,99 €","8,99 €/Unidade"
Esfregona Microfibras Eco,Vileda,1 un.,"0,89 €","0,89 €/Unidade"
Halls vita c morango mtp 4x32g,Halls,Embalagem de 4X32G,"0,77 €","3,85 €/Kg"
Pensos Higiénicos Ultra Air Dry C/ Abas,Ausonia,embalagem com 14 un.,"4,99 €","4,99 €/Unidade"
Iogurtes Corpos Danone Pedaços de Coco,Danone,Embalagem de 4 x 115 g,"4,36 €","2,18 €/Kg"
Óleo Performa C3 5W40 Sintético,Galp,Embalagem de 1 l,"14,99 €","14,99 €/L"
Vieira-do-Peru Meia Concha Crua,PorSi Select,255 g,"11,99 €","47,02 €/Kg"
Caramelos de fruta,PorSi,Embalagem de 250g,"1,10 €","4,40 €/Kg"
Dicionário Verbos + Gramática Inglês,Leya,1 unidade,"6,20 €","6,20 €/Unidade"
"Máquina depiladora descartável, Blue II Feminina",Gillette,Embalagem de 5+1 unidades,"3,29 €","3,29 €/Unidade"
Atum posta em óleo,General,Embalagem de 110g,"0,89 €","7,42 €/Kg"
Gelado magnum mini double framboesa,Olá,Embalagem de 6 x 60 ml,"5,99 €","16,64 €/L"
Gin Premium |Blue Magic,Sharish,"Embalagem de 0,50L + Oferta 1 Copo","19,90 €","19,90 €/L"
Aguardente Velhíssima 25 Anos,Fim de Século,Garrafa 0.70L,"12,90 €","18,43 €/L"
Mopa com cabo,PorSi,1 unidade,"0,89 €","0,89 €/Unidade"
Lixívia WC Gel Higienizante,Neoblanc,Embalagem de 700ml,"1,74 €","0,35 €/L"
Bolachas crackers integrais,PorSi,Embalagem de 500g,"0,39 €","3,12 €/Kg"
Queijo de cabra atabafado,Monforqueijo,180 g,"1,89 €","10,50 €/Kg"
Pensos peles sensíveis XL,PorSi,5 unidades,"1,69 €","1,69 €/Unidade"
Bacalhau a bras,PorSi,Embalagem de 300g,"1,79 €","7,16 €/Kg"
Baile Real,Playmobil,1 unidade,"34,99 €","34,99 €/Unidade"
Removedor Pêlos 56 Folhas + 33%,Scotch-Brite,1 un.,"10,99 €","52,33 €/Kg"
Lixívia para roupa tradicional,Neoblanc,Embalagem de 2 l,"2,19 €","1,10 €/L"
Boudoirs,Du Bois de la Roche,Embalagem de 200 g,"0,69 €","3,45 €/Kg"
Bolacha tostada diet nature s/ açucares,Gullon,Embalagem de 400g,"1,45 €","11,15 €/Kg"
Plumas de porco preto,PorSi Select,250 g,"4,89 €","4,89 €/Kg"
"Iogurte, sabor a morango",PorSi,Embalagem de 4 x 125 g,"1,87 €","1,25 €/Kg"
Creme vegetal para barrar,PorSi,Embalagem de 500 g,"5,40 €/Kg","5,40 €/Kg"
Creme marisco,Knorr,Embalagem de 70g,"0,84 €","13,55 €/Kg"
Batata frita presunto,Ruffles,Embalagem de 150 g,"1,19 €","6,43 €/Kg"
Iogurte grego natural magro,PorSi Viva Bem,Embalagem de 1 kg,"0,65 €","1,30 €/Kg"
80 filtros nº4 com saquetas antitártaro,Planteur,Uma embalagem com 80 unidades,"0,89 €","0,89 €/Unidade"
Autobrilhante Preto,Búfalo,Embalagem de 50 ml,"0,99 €","330,00 €/Kg"
Pensos diários maxi,Carefree,Embalagem com 64 unidades,"1,79 €","1,79 €/Unidade"
Natas pasteurizadas para bater,Nestle,Embalagem de 200 ml,"0,75 €","3,75 €/L"
Iogurte pedaços frutimax frutos variados,PorSi,Embalagem de 8 x 125 g,"4,36 €","2,18 €/Kg"
Balão Happy New Year,Codipostal,46 cm,"0,59 €","0,59 €/Unidade"
Salsicha fresca merguez,PorSi,Embalagem de 330 g,"1,99 €","9,48 €/Kg"
Couve Roxa,Legumes do Dia,1 un= 1kg (aprox.),"1,00 €","2,49 €/Kg"
Vinagre de vinho branco,Cristal,Garrafa de 750 ml,"0,35 €","0,70 €/L"
Esfregona suave completa,Vileda,1 unidade,"0,89 €","0,89 €/Unidade"
Iogurte sólido sem lactose multifrutos,Mimosa,Embalagem de 480g,"1,87 €","1,25 €/Kg"
Dentífrico sensibilidade e gengivas,Sensodyne,Embalagem de 75 ml,"2,55 €","34,00 €/L"
Refrigerante c/ gás laranja,Sumol,pack 4 x 1.25 l,"0,40 €/L","0,40 €/L"
Lâmpada LED Formato Clássico 8W E27 220-240V,Domédia,1 un.,"3,99 €","3,99 €/Unidade"
Vinho regional tejo reserva tinto,Casaleiro,Garrafa de 0.75 l,"3,99 €","5,32 €/L"
Vinagre balsâmico de modena gourmet,Gallo,Garrafa de 250 ml,"0,35 €","0,70 €/L"
Batata frita palha,Pala-pala,Embalagem de 250g,"0,87 €","5,44 €/Kg"
Licor triple seco 16%,Olaias,Garrafa de 1 l,"16,99 €","24,27 €/L"
Gelado sandwich nata/chocolate,PorSi,Embalagem de 6x100 ml,"5,99 €","16,64 €/L"
"Patê de sardinha,atum e salmão",PorSi,Embalagem de 4 x 22 g,"1,19 €","13,52 €/Kg"
"Escova de cabelo, pneumática nylon",Labell,Embalagem com 1 unidade,"3,99 €","3,99 €/Unidade"
Crack.c/sal na superficie 560g,GRAN PAVES,Embalagem de 560g,"0,39 €","3,12 €/Kg"
Chocolate em pó 70% cacau,STARBUCKS,Embalagem de 300g,"5,39 €","7,19 €/Kg"
Manteiga amendoim cremosa,PorSi,Embalagem de 340g,"4,29 €","12,62 €/Kg"
Rolinhos black&white 71 grs,Vahine,Embalagem de 65g,"1,29 €","3,23 €/Kg"
Massa folhada retangular,Pasta dia,Embalagem de 250g,"0,89 €","1,78 €/Kg"
Escova dentífrica infantil bambu,Colgate,1 unidade,"1,19 €","1,19 €/Unidade"
Chispalhada com feijão,Nobre,Embalagem de 420g,"2,35 €","5,60 €/Kg"
Uno cartas,Mattel,1 unidade,"9,99 €","9,99 €/Unidade"
Palmiers de maçã e canela,Du bois,Embalagem de 150g,"0,69 €","3,45 €/Kg"
Lula limpa,Pescanova,Embalagem de 450g,"4,39 €","10,98 €/Kg"
10 croquetes de carne,PorSi,Embalagem de 300 g,"1,79 €","7,16 €/Kg"
Babete Maleavel,Tigex,1 unidade,"5,99 €","5,99 €/Unidade"
Iogurtes Corpos Danone Aroma Tutti/Morango/Ananás,Danone,Embalagem de 8 x 120 g,"1,87 €","1,25 €/Kg"
6 tulipas baunilha,Progelcone,Embalagem de 75 g,"2,49 €","7,55 €/Kg"
Manteiga com sal,Milhafre,Embalagem de 250g,"1,69 €","6,76 €/Kg"
Robalo de Viveiro,Peixe Fresco,de 200 a 600 g (aprox.),"4,80 €","11,99 €/Kg"
Sabonete original,Palmolive,Embalagem de 4x90 g,"1,99 €","12,44 €/Kg"
"Vinagre balsâmico, spray",Paladin,Garrafa de 250 ml,"0,35 €","0,70 €/L"
Danacol morango,Danone,Embalagem de 6 x 100 g,"4,15 €/Kg","4,15 €/Kg"
"Coloração permanente, castanho dourado, nº43",Nutrisse,1 unidade,"9,49 €/Unidade","9,49 €/Unidade"
Baguete,*,400 g,"0,19 €","2,38 €/Kg"
Cereais corn flakes s/ glúten chocolate,Nestle,Embalagem de 380g,"2,99 €","7,97 €/Kg"
Sombrinhas decorativas,PorSi,Embalagem com 25 unidades,"0,59 €","0,59 €/Unidade"
"Compressas hipoalergenicas, 100 unidades",Labell,Uma embalagem,"1,69 €","1,69 €/Unidade"
Sumo 100% pêssego e uva,PorSi,Pack 3 x 200 ml,"1,09 €","0,73 €/L"
"Esfregona, algodão, completa",PorSi,1 unidade,"0,89 €","0,89 €/Unidade"
Guardanapos,PorSi,,"1,29 €","1,29 €/Unidade"
"Limpa vidros cristal, pistola",PorSi,Embalagem de 1 l,"3,19 €","6,38 €/L"
Queijo flamengo 0% lactose,PorSi Viva Bem,Embalagem de 150 g,"2,59 €","5,40 €/Kg"
Creme Depilatório Duche Men Peles Normais,Veet,Embalagem com 150 ml,"10,99 €","73,27 €/L"
Queijo emmental ralado,PorSi Select,Embalagem de 200g,"7,45 €/Kg","7,45 €/Kg"
Collant mousse 20d baltic l,PorSi,Embalagem de 1 unidades,"1,89 €/Unidade","1,89 €/Unidade"
Iogurte liquido proteína yopro baunilha/cookies,Yopro,300 g,"5,97 €/Kg","5,97 €/Kg"
Chupas Party Mix,PorSi,150 g,"2,29 €","5,73 €/L"
Queijo brie gourmet,Président,embalagem de 200 g,"1,49 €","7,45 €/Kg"
Vinho tinto bag-in-box,Capataz,Embalagem de 5 l,"5,19 €","1,04 €/L"
Arroz carolino malandrinho,Malandrinh,Embalagem de 1 kg,"0,99 €","0,99 €/Kg"
Dettol sabonete líquido Lavanda,Dettol,Garrafa de 250 ml,"2,18 €/L","2,18 €/L"
Toalha de Mesa Anti Nódoas,VZT,Dim.: 150 x 150 cm,"19,99 €","19,99 €/Unidade"
Jardineira,Novilho,1 un = 200 gr (aprox.),"3,29 €","8,23 €/Kg"
Peito peru forno lenha fatias finas,Campofrio,Embalagem de 120g,"2,25 €","11,25 €/Kg"
Fermento em pó,PorSi,Embalagem de 150 g,"1,65 €","20,12 €/Kg"
Rolo de cozinha XXL,PorSi,1 rolo,"4,99 €","4,99 €/Unidade"
Gelatina mirtilo 10kcal 31g,Royal,Embalagem de 30g,"0,55 €","61,11 €/Kg"
Peito de peru forno a lenha,Primor,"Vendido ao peso, fatiado a partir de 100 gr","2,25 €","11,25 €/Kg"
Chispe da Perna,Porco,1 un = 800 gr (aprox.),"4,89 €","4,89 €/Kg"
Risott de cogumelos,Trevijano,Embalagem de 280g,"2,99 €","271,82 €/Kg"
Maracujá Roxo,Fruta da Época,1 un = 250 gr  (aprox.),"1,89 €/Kg","1,89 €/Kg"
Saqueta de puré de fruta | maçã + pêssego + banana +...,PorSi,90 g,"0,74 €","8,22 €/Kg"
Queijo Ovelha Curado,Meimoa,Vendido ao peso a partir de 250 gr,"4,62 €","18,49 €/Kg"
Bolachas com cobertura de chocolate,PorSi,Embalagem de 150g,"0,79 €","5,27 €/Kg"
Vinho Regional de Lisboa Rosé,Mundus,"Garrafa de 0,75 l","1,99 €","2,65 €/L"
Folhado de pizza,*,110 g,"0,65 €","0,65 €/Unidade"
Snack dentastix médio,Pedigree,Embalagem de 720 g,"5,58 €/Kg","5,58 €/Kg"
Castanha 70/90,Frutos secos,1 un = 250 gr  (aprox.),"1,37 €","5,49 €/Kg"
Vela em número nº4,PorSi,1 unidade,"0,60 €","0,60 €/Unidade"
Queijo snack gouda,PorSi,Embalagem de 100g,"1,56 €","7,80 €/Kg"
Gel de Banho Orquídea & Cashmere Extract,Nivea,Embalagem de 750 ml,"6,49 €","8,65 €/L"
Fralda Cueca de Banho 12 a 18 kg,Huggies,Embalagem com 11 un.,"8,49 €","8,49 €/Unidade"
Telemóvel Vibra e Capta,Chicco,1 unidade,"12,99 €/Unidade","12,99 €/Unidade"
Sacos do Lixo Style 30 L,Vileda,1 embalagem,"1,79 €","1,79 €/Unidade"
20 saquetas chá yellow label,Lipton,Embalagem de 30g,"58,44 €/Kg","58,44 €/Kg"
Patê de aves,Prisca,Embalagem de 90g,"1,19 €","13,52 €/Kg"
Água s/ gás limão,Luso,Garrafa de 1 l,"1,04 €","0,17 €/L"
Pernil,Porco,1 un = 1 kg (aprox.),"4,89 €","4,89 €/Kg"
Maria diet nature,Gullón,Embalagem de 400 g,"1,45 €","11,15 €/Kg"
Tampão Super,O.B.,1 Embalagem c/32 unidades,"3,99 €","3,99 €/Unidade"
Filetes de atum dos Açores em azeite c/ orégãos,PorSi Select,190 g,"0,89 €","7,42 €/Kg"
Gelado carte d'or tarte limão merengue,Olá,Embalagem de 900 ml,"6,79 €","14,76 €/L"
Arroz estufado,Caçarola,Embalagem de 1 kg,"0,99 €","0,99 €/Kg"
Gressinos com azeite,PorSi,Embalagem de 250g,"2,39 €","6,83 €/Kg"
Ambientador gel marinho,PorSi,150 g,"16,63 €/L","16,63 €/L"
Pêssego em calda metades,PorSi,Lata com 840 g,"1,99 €","2,37 €/Kg"
Bebida aveia,Alpro,Embalagem de 1 litro,"2,49 €","2,49 €/L"
Queijo para barrar light,PorSi Viva Bem,Embalagem de 200g,"2,39 €","19,92 €/Kg"
"Aditivo líquido para máquina  de lavar roupa, oxy5",X-TRA,"Embalagem de 1,2 l","8,69 €","1,84 €/Kg"
Anti-traça lavanda,Raid,2 unidades,"5,99 €","176,18 €/Kg"
Sabonete líquido mel,Feno,Embalagem de 300 ml,"2,18 €/L","2,18 €/L"
Lenços Bolso,Kleenex,Pack 12 unidades,"0,89 €","0,89 €/Unidade"
Fuet extra,PorSi,170 g,"1,22 €","6,78 €/Kg"
Esfregona de Microfibras Completa,PorSi,1 unidade,"0,89 €","0,89 €/Unidade"
Massa cuscus,Nacional,Embalagem de 250g,"0,89 €","1,78 €/Kg"
Elixir bocal dentes e gengivas,Listerine,,"5,99 €","11,98 €/L"
Batata frita de presunto,PorSi,Embalagem de 185 g,"1,19 €","6,43 €/Kg"
Snacks 3D Bacon,Lay's,Embalagem de 160g,"1,19 €","6,43 €/Kg"
Spray limpeza casa de banho,Cillitbang,Embalagem de 500 ml,"1,79 €","2,39 €/L"
Drageias Chocolate de leite,MALTESERS,"Embalagem de 148,5 g","11,98 €/Kg","11,98 €/Kg"
Arroz agulha,B.sucesso,Embalagem de 1 kg,"0,99 €","0,99 €/Kg"
Chá verde,PorSi,Embalagem de 37.5 g,"85,00 €/Kg","85,00 €/Kg"
Massa macarronete riscado,Milaneza,Embalagem de 500g,"0,89 €","1,78 €/Kg"
Mão de vaca com grão,Nobre,Embalagem de 420 g,"2,35 €","5,60 €/Kg"
Vinho tinto regional alentejano,Galitos,Garrafa de 3 l,"9,49 €","1,90 €/L"
Ovos | Classe: L,Ovitae,24 unidades,"1,39 €","1,39 €/Unidade"
"Gel de banho, sensitive 3 em 1",Labell Men,Embalagem de 250 ml,"5,99 €","14,98 €/L"
Biscoitos canudinho recheio cacau,PorSi,Embalagem de 300g,"2,82 €","9,40 €/Kg"
Tira Nódoas Branqueador,Sanytol,embalagem com 450g,"10,99 €","52,33 €/Kg"
Guardanapos de 1 folha azuis | dim.: 30 x 29 cm,PorSi,Embalagem com 70 unidades,"1,29 €","1,29 €/Unidade"
Aguardente vínica velha,Alianca v.,Garrafa de 700 ml,"12,90 €","18,43 €/L"
Lenços de bolso 4 folhas,PorSi,Embalagem de 15 x 9 unidades,"0,89 €","0,89 €/Unidade"
Saqueta de puré de fruta | maçã + banana,PorSi,90 g,"0,74 €","8,22 €/Kg"
Vinho regional alentejano reserva tinto,Encosta das Perdizes,Garrafa de 0.75 l,"2,89 €","3,85 €/L"
Lixivia perfume fresco,Neoblanc,Embalagem de 2 l,"2,59 €","1,30 €/L"
Recarga Sabonete Liquido Lavanda,Dettol,250 ml,"2,18 €/L","2,18 €/L"
Grão de bico,PorSi,Embalagem de 420g,"1,79 €","2,29 €/Kg"
Lichias em calda,Koala,Embalagem de 567g,"1,99 €","2,37 €/Kg"
"Chá preto, sem cafeína, 10 saquetas",Tetley,Embalagem de 20g,"41,67 €/Kg","41,67 €/Kg"
Chocolate Twix,Twix,Embalagem com 5 un.,"3,59 €","14,36 €/Kg"
Bife do Lombo,Novilho,1 un= 150 gr (aprox.),"3,29 €","8,23 €/Kg"
"Escova de cabelo, brushing média",Labell,Uma unidade,"3,99 €","3,99 €/Unidade"
Mariscada,PorSi,Embalagem de 800g,"1,79 €","7,16 €/Kg"
Molho de alho,Calve,Embalagem de 260g,"0,70 €","2,33 €/Kg"
Cerveja com álcool,Sagres,Lata de 500ml,"1,99 €/L","1,99 €/L"
Elixir bocal para crianças,Listerine,Embalagem de 500 ml,"5,99 €","11,98 €/L"
Vinho maduro tinto doc alentejano,P.ravessa,Garrafa de 750 ml,"2,89 €","3,85 €/L"
Salsichas frescas | 3 Merguez e 3 Chipolata,PorSi,330 g,"0,69 €","6,89 €/Kg"
Leitão assado,*,500 g,"8,99 €","17,98 €/Kg"
Espumosos tinto bruto attitude,Fita azul,Garrafa 0.75L,"3,99 €","5,32 €/L"
Cabo de metal com rosca,PorSi,1.35 m,"2,20 €","2,20 €/Unidade"
Pasta de sardinha,Fides,Embalagem de 90g,"1,19 €","13,52 €/Kg"
Pedaços de tamboril,PorSi,Embalagem de 500G,"4,39 €","10,98 €/Kg"
Cereais fitness,Nestle,Embalagem de 640 g + 320 g grátis,"3,45 €","26,74 €/Kg"
5 gouaches de cores primárias,Domédia,Uma embalagem,"3,09 €","3,09 €/Unidade"
"Luvas multiusos relevo antiderrapante, tamanho grand...",PorSi,Embalagem de 1 unidades,"4,29 €","4,29 €/Unidade"
Chourição,PorSi,"Vendido ao peso, fatiado a partir de 100 gr","1,35 €","16,88 €/Kg"
Maionese,PorSi,Embalagem de 260 g,"0,70 €","2,33 €/Kg"
Martini Riserva Rubino,Martini,Garrafa de 750 ml,"5,90 €","8,43 €/L"
Árvore de Natal,*,Dim.: 150cm,"14,99 €","14,99 €/Unidade"
"Cereais crusts, amêndoas e mel",PorSi,Embalagem de 380g,"2,29 €","6,11 €/Kg"
Tablete de chocolate de preto,Nestle,Embalagem de 90g,"16,67 €/Kg","16,67 €/Kg"
Farinha para bolos super fina,PorSi,Embalagem de 1 kg,"1,99 €","1,99 €/Kg"
Lombinhos,Porco,1 un=500 gr aprox.,"4,89 €","4,89 €/Kg"
Óleo Performa 10W40,Galp,Embalagem de 1 l,"14,99 €","14,99 €/L"
Pensos banda,PorSi,100 x 6 cm,"1,69 €","1,69 €/Unidade"
"Batata frita, queijo e ervas",PorSi,Embalagem de 190g,"1,19 €","6,43 €/Kg"
Petit gâteau,PorSi,Embalagem de  4 x 80 g,"2,49 €","7,55 €/Kg"
Papel Fotocópia A4 |80g,Navigator,,"2,19 €","109,50 €/L"
Super tea immune com vitamina c,Tetley,Embalagem de 40g,"44,50 €/Kg","44,50 €/Kg"
Salmão Fumado da Escócia,PorSi Select,Embalagem de 80 g,"3,35 €","22,33 €/Kg"
Queijo Brie Light Cunhas,President,Embalagem de 200 g,"2,39 €","19,92 €/Kg"
Resguardos de cama,PorSi,20 unidades de 80 x 180 cm,"4,99 €","4,99 €/Unidade"
Choco limpo 20/40,PorSi,Embalagem de 800 g,"5,49 €","6,86 €/Kg"
Mistura com 20% café torrada moída,PorSi,Embalagem de 250g,"0,99 €","3,96 €/Kg"
Óleo alimentar,Fula,Embalagem 1L,"3,39 €/L","3,39 €/L"
"Cera liquida, lava e encera",PorSi,Embalagem de 750 ml,"1,79 €","2,39 €/L"
Gelado tiramisu,PorSi,Embalagem de 900 ml,"6,79 €","14,76 €/L"
Queijo curado -30% gordura,Casteloes,500 g,"25,45 €/Kg","25,45 €/Kg"
Azeite virgem extra clássico,Gallo,Garrafa de 250 ml,"3,19 €","4,25 €/L"
Tubo de Confetis 30cm,*,1 un.,"0,59 €","0,59 €/Unidade"
Pensos para bolhas,PorSi,20 unidades,"1,69 €","1,69 €/Unidade"
Queijo flamengo ralado,PorSi,Embalagem de 200G,"1,56 €","7,80 €/Kg"
Croissant Creme,Pastelaria do Dia,1 unidade = 100g (aprox.),"0,69 €","0,69 €/Unidade"
Queijo mozzarella,PorSi,Embalagem 125G,"1,79 €","7,16 €/Kg"
Tablete de chocolate negro,Nestle,Embalagem de 100 g,"16,67 €/Kg","16,67 €/Kg"
Refrigerante C/ Gás Zero,Coca-Cola,Garrafa de 1 l,"0,40 €/L","0,40 €/L"
Abacate,Fruta do Dia,1 un. = 300 g (aprox.),"2,29 €/Kg","2,29 €/Kg"
Tablete chocolate chips ahoy,Milka,Embalagem de 100g,"5,30 €/Kg","5,30 €/Kg"
Whisky golden selection,Dimple,Garrafa de 700 ml,"32,99 €","47,13 €/L"
Puzzle Frozen,Clementoni,2 x 20 peças,"34,99 €","34,99 €/Unidade"
Bolachas bio de chocolate chips organic,Gullón,250 g,"2,99 €","5,98 €/Kg"
Spray tira nódoas,A+,Embalagem de 750 ml,"5,99 €","11,98 €/L"
Vela em número nª2,PorSi,1 unidade,"0,60 €","0,60 €/Unidade"
Batata Nova a Granel,Vitacress,1 un = 250 gr  (aprox.),"0,35 €","1,39 €/Kg"
Vodka,Moskovskay,Garrafa de 700 ml,"11,99 €","11,99 €/L"
Pizza hawai,PorSi,Embalagem de 350g,"2,16 €","6,17 €/Kg"
Dentifríco 2 em 1 super branqueador,Theramed,Embalagem de 75 ml,"3,39 €","45,20 €/L"
Fruta para bebé 4 frutas +4 meses,Nestle,Embalagem de 90g,"0,74 €","8,22 €/Kg"
Café dak lak vietnam moagem universal,Sical,Embalagem de 220g,"9,76 €/Kg","9,76 €/Kg"
Hamburger cogumelos,Veg In,Embalagem de 160g,"3,39 €","21,19 €/Kg"
Limpa Móveis,PorSi,Embalagem de 300 ml,"4,39 €","14,63 €/L"
Pão Centeio com Nozes,Garcia & Filhos,1 unidade= 400 g,"0,19 €","2,38 €/Kg"
Feijão encarnado em frasco,PorSi,frasco de 540 g,"1,79 €","2,29 €/Kg"
Fruta para bebé maçã banana +4 meses,Nestle,Embalagem de 4 x 100 g,"0,74 €","8,22 €/Kg"
Vinho branco tejo sauvignon,Fiuza,Garrafa de 750 ml,"3,99 €","5,32 €/L"
Queijo de vaca curado amanteigado,PorSi,+/- 550 g,"25,45 €/Kg","25,45 €/Kg"
"Caramelos de fruta, morango single",Sugus,Embalagem de 50g,"1,10 €","4,40 €/Kg"
Vinho branco,Alandra,Garrafa de 750 ml,"1,65 €","2,20 €/L"
Pastéis de nata,PorSi,Embalagem de 6x60 g,"2,49 €","7,55 €/Kg"
Cordon bleu,Iglo,Embalagem de 200g,"4,99 €","24,95 €/Kg"
Pão branco fatias sem glúten,Schar,Embalagem de 250g,"2,99 €","7,97 €/Kg"
Lixívia WC Gel Higienizante,Neoblanc,Embalagem de 700ml,"2,59 €","1,30 €/L"
Pensos incontinência homem,PorSi,10 unidades,"1,95 €","1,95 €/Unidade"
2 crocantes frango  recheio alho&ervas 204g,Iglo,Embalagem de 200g,"4,99 €","24,95 €/Kg"
Iogurte proteína framboesa,Lindahls,Embalagem de 150 g,"5,97 €/Kg","5,97 €/Kg"
Inseticida vaporizador,Biokill,Embalagem de 375 ml,"5,09 €","8,48 €/L"
MINI NACKIS PRESUNTO 70G,Bicentury,Embalagem de 70 g,"0,79 €","7,90 €/Kg"
Massa macarronete riscado,Nacional,Embalagem de 500g,"0,89 €","1,78 €/Kg"
Ração seca para gatinhos frango e legumes,PorSi,Embalagem de 2 kg,"12,99 €","4,33 €/Kg"
Colgate smiles escova de dente manual kids,Colgate,Embalagem de 2 unidades,"1,19 €","1,19 €/Unidade"
Rolo de Cozinha Megarollo,Scottex,Uma embalagem c/ 8 rolos,"4,99 €","4,99 €/Unidade"
Bombons Caixa Dourada c/ Laço,Belgian,Embalagem de 100G,"2,39 €","47,80 €/Kg"
Bacalhau à Brás,PorSi,Embalagem de 1 kg,"1,79 €","7,16 €/Kg"
Recarga Esfregona de Algodão,PorSi,1 unidade,"0,89 €","0,89 €/Unidade"
Pilha recarregável 170mAh 9V HR22,Domédia,1 unidade,"2,99 €","2,99 €/Unidade"
Fita cola transparente,Uhu,15mm x 33m,"2,49 €","2,49 €/Unidade"
Super Cola 3 Gel,Loctite,Embalagem de 3 g,"3,99 €","133,00 €/Kg"
Camisola segunda pele 40D preto t. único,PorSi,1 unidade,"4,69 €/Unidade","4,69 €/Unidade"
Leite e cereais pijama +6 meses,Cerelac,Garrafa de 400 ml,"4,49 €","4,49 €/Kg"
Pernil Fumado Ponte de Lima,PorSi,1 un = 800 gr (aprox.),"1,99 €","9,95 €/Kg"
Pizza ristorante s/ gluten mozzarela,Dr. Oetker,Embalagem de 370g,"2,16 €","6,17 €/Kg"
Recarga inseticida elétrico líquido,Raid,45 noites,"7,69 €","7,69 €/Unidade"
Vinho tinto regional alentejano,Galitos,Garrafa de 750 ml,"2,89 €","3,85 €/L"
Alimento lácteo cereais e baunilha +6 meses,Yogolino,Embalagem de 4 x 100 g,"2,89 €","7,23 €/Kg"
"Lenços de bolso sensi, brancos, 10 unidades",Renova,Uma embalagem de 6x10,"0,89 €","0,89 €/Unidade"
Refrigerante c/ gás light,Coca-Cola,pack 6 x 0.33 l,"0,40 €/L","0,40 €/L"
Melancia Riscada,Fruta da Época,Vendido ao peso | 1 un = 4kg (aprox.),"1,00 €","3,99 €/Kg"
Areia para gatos aglomerante compacta perfumada,PorSi,Embalagem de 4 kg,"1,19 €","0,24 €/Kg"
Molho piri piri,Macarico,Embalagem de 200g,"0,70 €","2,33 €/Kg"
Coentros em vaso,Aroma viva,Embalagem de 1 unidades,"1,19 €","39,67 €/Kg"
Manteiga magra,Matinal,Embalagem de 250g,"1,69 €","6,76 €/Kg"
Morcela de Ponte de Lima,PorSi,Vendido ao peso a partir de 750 g,"1,49 €","7,45 €/Kg"
Nestum flocos de cereais com mel,Nestum,Embalagem de 300g,"2,19 €","8,76 €/Kg"
Cachaça,Pitu,Garrafa de 700 ml,"20,99 €","29,99 €/L"
Fábrica de Invenções,Science4You,1 un.,"14,99 €","14,99 €/Unidade"
Cuecas Incontinência Unisexo Pants Super M,Tena,Unidade,"9,99 €","9,99 €/Unidade"
Batatas fritas sal marinho,Ket.chips,Embalagem de 150g,"1,19 €","6,43 €/Kg"
Iogurte morango skyr 0%,PorSi Viva Bem,150 g,"5,97 €/Kg","5,97 €/Kg"
Creme de coco,Koala,Garrafa de 165 ml,"1,09 €","2,75 €/Kg"
Luvas Multi Latex S/M,Vileda,10 unidade,"4,29 €","4,29 €/Unidade"
Presunto fatias,Damatta,Embalagem de 120 g,"2,79 €","13,95 €/Kg"
Queijo manchego D.O.P,PorSi Select,Embalagem de 250g,"2,87 €","15,94 €/Kg"
Iogurte natural açucarado,PorSi,Embalagem de 4x125g,"0,65 €","1,30 €/Kg"
Hamburger azeitona preta,Veg In,Embalagem de 160g,"3,39 €","21,19 €/Kg"
Bombons de Chocolate Leite,Merci,Embalagem de 250 g,"2,39 €","47,80 €/Kg"
"Fraldas Dry Fit, 2-5kg - Tamanho 1",Chicco,Embalagem de 27 unidades,"6,49 €","6,49 €/Unidade"
Queijo da Ilha DOP Cura 4 Meses,São Jorge,Vendido ao peso a partir de 250 gr,"2,87 €","15,94 €/Kg"
Ovas de bacalhau higienizadas congeladas,*,Vendido ao peso a partir de 250 g,"8,73 €/Kg","8,73 €/Kg"
Cerveja,Kings Bräu,Embalagem de 10x25 cl,"1,99 €/L","1,99 €/L"
Creme de amendoim cremoso 340g,Skippy,Embalagem de 340g,"4,29 €","12,62 €/Kg"
Água s/ gás,S.estrela,Garrafão de 6L,"1,04 €","0,17 €/L"
Toalhitas Activity |Recarga,Dodot,Pack: 4x54 unidades,"1,09 €/Unidade","1,09 €/Unidade"
"Pilha alcalina, hightech lr6X8",Domédia,1 unidade,"2,99 €","2,99 €/Unidade"
Laranja cortada,PorSi,100 g,"0,50 €","1,99 €/Kg"
Caderno Espiral Capa Dura A4 Quadriculado,Domédia,1 un.,"4,59 €","4,59 €/Unidade"
Pêssego em calda metades,PorSi,Lata com 420 g,"1,99 €","2,37 €/Kg"
Leite Uht Proteína Café,Mimosa,Pack 3 x 250 ml,"1,99 €","2,49 €/L"
Feijao branco fidalgo,Caçarola,Embalagem de 500 g,"0,95 €","1,90 €/Kg"
Puré de cenoura e abóbora,Bonduelle,Embalagem de 420g,"2,49 €","8,30 €/Kg"
Iogurte magro + gelatina maracujá,Mimosa,Embalagem de 4 x 120 g,"0,99 €","1,32 €/Kg"
Capa para tábua metálica,Vileda,1 un.,"16,50 €","16,50 €/Unidade"
Pólen de abelhas,PorSi Select,Frasco de 130 g,"4,89 €","9,78 €/Kg"
Batata Pré-Frita Dauphines,PorSi,500 g,"1,39 €","1,39 €/Kg"
Leite de coco condensado,Koala,Embalagem de 490 g,"1,09 €","2,75 €/Kg"
Restaurador p/ móveis escuro,Novycera,Garrafa de 170 ml,"4,39 €","14,63 €/L"
Comida húmida para cão,PorSi,Embalagem de 300 g,"0,75 €","2,50 €/Kg"
Refrigerante sem gás frutos tropicais,Trina,"Garrafa de 1,5 l","1,14 €","0,76 €/L"
Bolacha maria ruca doses,Vieira,Embalagem de 300g,"2,11 €/Kg","2,11 €/Kg"
Spray desinfetante elimina odores,Lysol,Embalagem de 400 ml,"1,19 €","0,79 €/L"
Salsicha bockwurst 5 unidades,PorSi,Embalagem de 250g,"0,75 €","3,75 €/Kg"
Corantes alimentares ducros,Vahine,Garrafa de 20 ml,"1,65 €","20,12 €/Kg"
Delícia de bolacha,PorSi,Embalagem de 2x135 g,"0,55 €","2,75 €/Kg"
100% clara de ovo líquida albumina,Prozis,Embalagem de 500g,"2,99 €","5,98 €/Kg"
Creme p/ barrar de chocolate e avelã,Milka,Embalagem de 600g,"4,29 €","12,62 €/Kg"
Pensos clássicos,PorSi,100 unidades,"1,69 €","1,69 €/Unidade"
Pilhas Alcalinas AA Optimum,Duracell,Blister 4 Pilhas,"2,99 €","2,99 €/Unidade"
Faca Pão 20 cm Inox,PorSi,1 unidade,"3,65 €","3,65 €/Unidade"
Gelatina de ananás,PorSi,Embalagem de 170g,"0,55 €","61,11 €/Kg"
Quiona branca bio,Origensbio,Embalagem de 250g,"1,89 €","3,78 €/Kg"
Hamburguers de bovino,PorSi,Embalagem de 1 kg,"2,79 €","8,72 €/Kg"
Leite uht c/ chocolate,Ucal,Garrafa de 1 l,"0,26 €","1,30 €/L"
Recarga para Esfregona Microfibra e Algodão,Vileda,,"0,89 €","0,89 €/Unidade"
Cebolinho,PorSi,20 g,"1,19 €","39,67 €/Kg"
Bolachas Choco Finas,Milka,Embalagem de 126g,"2,15 €","2,87 €/Kg"
Esfregão Ultra Fresh,Vileda,Embalagem de 2 + 1 Grátis,"2,54 €","2,54 €/Unidade"
Queijo cura especial barrado pimentão,Casteloes,500 g,"25,45 €/Kg","25,45 €/Kg"
Pringles hot & spicy,Pringles,Embalagem de 175g,"1,19 €","6,43 €/Kg"
Ovos Frescos Omega 3 de Galinhas Solo,PorSi Viva Bem,Embalagem com 6 unidades,"2,19 €","2,19 €/Unidade"
10 douradinhos vegetais,Iglo green,Embalagem de 280g,"9,30 €/Kg","9,30 €/Kg"
Tostas multicereais sem glúten,PorSi Viva Bem,Embalagem de 140g,"4,29 €","20,43 €/Kg"
Inseticida Elétrico Night&Day Pack Duplo,Raid,Embalagem de 2x300 mg,"7,69 €","7,69 €/Unidade"
"Inseticida recarga, elétrico, 45 noites",Raid,1 unidade,"7,69 €","7,69 €/Unidade"
Amendoas trituradas 125g,Vahine,Embalagem de 130g,"1,29 €","3,23 €/Kg"
Folha de alumínio,PorSi,30 metros,"1,11 €","1,11 €/Unidade"
Presunto nacos,PorSi,Embalagem de 250g,"2,79 €","13,95 €/Kg"
Leite regular 2,Aptamil,Embalagem de 800 g,"20,99 €","26,24 €/Kg"
Tomate coração de boi categoria: II,*,Vendido ao peso,"0,87 €","3,49 €/Kg"
Arroz longo extra integral,Cacarola,Embalagem de 1 kg,"0,93 €/Kg","0,93 €/Kg"
20 saquetas chá noite tranquila,Lipton,Embalagem de 30g,"58,44 €/Kg","58,44 €/Kg"
Trinca de arroz,PorSi,Embalagem de 5 kg,"1,15 €/Kg","1,15 €/Kg"
Bolsinhas Perfumadas Anti Traça de Lavanda,Dum Dum,34 g,"5,99 €","176,18 €/Kg"
Nescafe galao original 18(8x17g) pt ea,Nescafe,Embalagem de 136g,"3,19 €","25,52 €/Kg"
Água mineral natural alcalina,MONCHIQUE,Garrafão de 5 l,"1,04 €","0,17 €/L"
Café moagem universal angola,Delta,Embalagem de 220g,"9,16 €/Kg","9,16 €/Kg"
Autobrilhante preto,Splendor,Garrafa de 50 ml,"0,99 €","330,00 €/Kg"
Veg bowls trigo sarraceno&brócolos 350g,Iglo green,Embalagem de 350g,"2,49 €","8,30 €/Kg"
Mini tostas integrais super finas,PorSi,Embalagem de 100 g,"2,39 €","6,83 €/Kg"
Endívias,Legumes do Dia,450 g,"0,75 €","2,99 €/Kg"
Mousse cabelo caracois,Labell,Embalagem de 200ml,"4,39 €","58,53 €/L"
Toalhitas de Proteção Cor,K2R,Embalagem de 10 un.,"10,99 €","52,33 €/Kg"
Whisky Blended,Label 5,Garrafa de 1L,"11,49 €","16,41 €/L"
Gelado bomboniera,Olá,Embalagem de 140ML,"5,99 €","16,64 €/L"
Cheerios 375g,Nestle,Embalagem de 380g,"5,07 €/Kg","5,07 €/Kg"
24 etiquetas azuis,Domédia,Uma embalagem,"2,19 €","109,50 €/L"
Arroz agulha,Caçarola,Embalagem de 1 kg,"0,99 €","0,99 €/Kg"
Tomate pelado,Guloso,Embalagem de 390g,"3,84 €","24,00 €/Kg"
Ambientador vela duo maçã,Air Wick,Embalagem de 210g,"9,49 €","45,19 €/Kg"
Triciclo baby trico max,Injusa,1 un.,"99,99 €/Unidade","99,99 €/Unidade"
Brandy,Macieira,Garrafa de 1 l,"11,99 €","17,13 €/L"
Yofu de soja natural,Alpro,Embalagem de 4x125 g,"3,29 €","6,58 €/Kg"
Lagartos,PorSi,Embalagem de 300 gr,"0,69 €","3,45 €/Kg"
Whisky caskmates,Jameson,Garrafa de 700 ml,"11,49 €","16,41 €/L"
Vinho tinto,Enc.bairro,Bag-in-box de 5L,"5,19 €","1,04 €/L"
Creme de dia para pele normal,Labell,Embalagem de 50 ml,"2,99 €","59,80 €/L"
Não Mais Pregos Forte e Rápido,Pattex,Embalagem de 150 g,"3,99 €","133,00 €/Kg"
10 Cones de Baunilha,Progelcone,Embalagem de 110 g,"2,82 €","9,40 €/Kg"
Magnum amêndoa,Olá,Embalagem de 6 x 55 ml,"5,99 €","16,64 €/L"
Sumo clássico 100% maçã,Compal,Garrafa de 200 ml,"1,09 €","0,73 €/L"
Vinho branco monbazillac  2012,Expertclub,Garrafa de 750 ml,"6,89 €","9,19 €/L"
Gressinos sem glúten,Schar,Embalagem de 150g,"2,39 €","6,83 €/Kg"
Detergente líquido máquina de roupa lavanda,PorSi,86 Doses,"8,69 €","1,84 €/Kg"
Receita caseira de jardineira,Nobre,Embalagem de 420g,"2,35 €","5,60 €/Kg"
Bebida coco,Alpro,Embalagem de 1L,"2,49 €","2,49 €/L"
Pá + espanador,PorSi,1 conjunto,"2,20 €","2,20 €/Unidade"
Feijão branco,PorSi,Embalagem de 500g,"0,95 €","1,90 €/Kg"
Peito de peru,PorSi,"Vendido ao peso, fatiado a partir de 150 g","2,25 €","11,25 €/Kg"
Cápsulas de café qharisma,Delta Q,Embalagem de 60g,"54,36 €/Kg","54,36 €/Kg"
Bolachas Recheadas Com Chocolate,PRINCE,Embalagem de 178g,"2,15 €","2,87 €/Kg"
Sacos lixo eco com atilho 30 litros,PorSi,20 unidades,"1,79 €","1,79 €/Unidade"
Carapau Médio Fresco,Peixe do Dia,1 un = 150 gr (aprox.),"4,80 €","11,99 €/Kg"
Pão ralado crocante,ESPIGA,Embalagem de 150g,"0,55 €","2,29 €/Kg"
Queijo vaca e ovelha s. penela,Serqueijos,Embalagem de 500g,"5,99 €","23,96 €/Kg"
Feijão manteiga caçarola,Cacarola,Embalagem de 500g,"0,95 €","1,90 €/Kg"
Sementes de linhaça dourada,PorSi Viva Bem,Embalagem de 250 g,"1,59 €","10,60 €/Kg"
Na-far pão caseiro 6kg,Nacional,Embalagem de 1 kg,"1,99 €","1,99 €/Kg"
Massa spaghetti tricolore,Milaneza,Embalagem de 500 g,"0,89 €","1,78 €/Kg"
Pasta dentífrica gel kids,Labell,Embalagem de 50 ml,"1,19 €","1,19 €/Unidade"
Dettol sabonete líquido aloe vera x 12,Dettol,Garrafa de 250 ml,"2,18 €/L","2,18 €/L"
Paloco desfiado do pacifico,Peixe Fresco,Embalagem de 400 g,"8,73 €/Kg","8,73 €/Kg"
"Inseticida líquido, elétrico, apa",Raid,Embalagem de 21 ml,"7,69 €","7,69 €/Unidade"
Creme autobrilha incolor,Splendor,40 ml,"0,99 €","330,00 €/Kg"
After Shave Bálsamo Sensitive Cool,Nivea Men,Embalagem de 100 ml,"1,24 €","4,96 €/L"
"Chave de Phillips Cabo Bimat, 3.0x75mm",Itools,1 unidade,"5,39 €","5,39 €/Unidade"
Refrigerante c/ gás laranja,Fanta,"Garrafa de 1,5 l","0,40 €/L","0,40 €/L"
Bolacha princesa chocolate,Vieira,Embalagem de 200 g,"10,29 €/Kg","10,29 €/Kg"
Pastilhas elásticas splash morango e lima,Trident Max,Embalagem de 66 g,"0,68 €","45,33 €/Kg"
Compota de mirtilo sem açúcar bio,Pur Natur,Embalagem de 250g,"3,44 €","4,71 €/Kg"
"Alimento para cão adulto bio complex, com frango",HappyOne,Embalagem de 4 kg,"1,15 €/Kg","1,15 €/Kg"
Vinh do porto ruby,Cruz,Garrafa de 750 ml,"6,65 €/L","6,65 €/L"
Dinosaurus chocoleche 340gr.         *12,Artiach,Embalagem de 340g,"18,50 €/Kg","18,50 €/Kg"
6 Salsichas Frescas Chipolatas,PorSi,330 g,"0,69 €","6,89 €/Kg"
Espremedor,PorSi,1 unidade,"2,50 €","2,50 €/Unidade"
Creme de amendoim chunk 340g,Skippy,Embalagem de 340g,"4,29 €","12,62 €/Kg"
Saco de desporto 2 em 1 impermeável/tapete,Innovagoods,1 unidade,"4,49 €","4,49 €/Unidade"
Arroz carolino vaporizado,Cacarola,Embalagem de 1 kg,"0,99 €","0,99 €/Kg"
Danacol frutos exóticos,Danone,Embalagem de 6 x 100 g,"4,15 €/Kg","4,15 €/Kg"
Bandida do pomar maçã 4x25cl,Bandida,Garrafa de 1 l,"1,59 €","3,18 €/L"
Iogurte magro morango,Longa vida,Embalagem de 6 x 120 g,"0,99 €","1,32 €/Kg"
Salmão Fumado da Escócia,PorSi Select,Embalagem de 200 g,"3,35 €","22,33 €/Kg"
Chantilly,President,Embalagem de 250 g,"0,75 €","3,75 €/L"
Gomas happy cola,Haribo,Embalagem de 100g,"1,19 €","3,97 €/Kg"
Pepitas choc maxi,Vahine,Embalagem de 100g,"1,69 €","8,45 €/L"
Água com gás,Vimeiro,"Garrafa de 1,5 l","2,85 €","2,85 €/L"
Vinho verde branco,3 marias,Garrafa de 1 l,"3,09 €","3,09 €/L"
Tira Nódoas,Sanytol,embalagem com 450g,"10,99 €","52,33 €/Kg"
Probiótico Actimel Natural 0%,Danone,12 x 100 g,"0,65 €","1,30 €/Kg"
Tablete de chocolate leite bubbly,Milka,Embalagem de 90g,"5,30 €/Kg","5,30 €/Kg"
Lava Tudo Flores Montanha,Sonasol,1.3 l,"0,99 €","0,50 €/L"
Polpa tomate tetra,PorSi,Embalagem de 210g,"3,84 €","24,00 €/Kg"
Cappucinno,PorSi,Embalagem de 125 g,"3,19 €","25,52 €/Kg"
Recarga laminas labs,Gillette,9 unidades,"1,24 €","4,96 €/L"
10 Preservativos Ultrafeel,Control,,"4,99 €","4,99 €/Unidade"
"Alimento seco para gato adulto, galinha",Whiskas,"Embalagem de 1,75 kg","12,99 €","4,33 €/Kg"
"Néctar de alperce, tetra",Compal,pack 3 x 200 ml,"0,99 €","0,99 €/L"
Cesto para o lixo bancada,PorSi,1 unidade,"2,50 €","2,50 €/Unidade"
Conjunto de 12 calices ballon 25cl,Ballon,1 unidade,"11,00 €","11,00 €/Unidade"
Uva Red Globe,Fruta do Dia,1 un = 250 gr  (aprox.),"1,00 €","3,99 €/Kg"
Doseador boia,Gre,1 litro,"4,90 €","4,90 €/Unidade"
Bolacha vitalday crocante chocolate,Gullon,Embalagem de 280g,"2,82 €","9,40 €/Kg"
Cerveja c/ álcool,Sagres,pack 30 x 0.25 L,"1,99 €/L","1,99 €/L"
Limpa injetores diesel,PorSi,Embalagem de 250 ml,"14,99 €","14,99 €/L"
Bol. chip choco s/gluten 130g,Gullon,Embalagem de 130g,"4,29 €","20,43 €/Kg"
Inseticida rastejantes com aplicador,Baygon,Embalagem de 400 ml,"5,09 €","8,48 €/L"
Salmão selvagem alaska,Martiko,Embalagem de 80g,"3,35 €","22,33 €/Kg"
Alimento para cão junior,HappyOne,Embalagem de 10 kg,"1,15 €/Kg","1,15 €/Kg"
Biscoitos biológicos,Seara,Embalagem de 220g,"2,99 €","5,98 €/Kg"
Arroz carolino,Caçarola,Embalagem de 1kg,"0,99 €","0,99 €/Kg"
Iogurte pedaços frutos vermelhos,PorSi,Embalagem de 8 x 125 g,"4,36 €","2,18 €/Kg"
Vinagre de sidra,PorSi,500 ml,"0,35 €","0,70 €/L"
Máquina Depilatória Extra Smooth Sensitive,Gillette,1 unidade,"5,49 €","5,49 €/Unidade"
Mopa ultramax,Vileda,1 unidade,"2,50 €","2,50 €/Unidade"
Cereais bio chocapic,Nestle,Embalagem de 330g,"2,99 €","5,98 €/Kg"
Gel Styling Casual Black,Axe,Embalagem de 75 ml,"5,99 €","14,98 €/L"
Laca fixação forte,Elnett,Embalagem de 75 ml,"4,39 €","58,53 €/L"
Gel de banho júnior maçã e pera,Labell,Embalagem com 300 ml,"1,99 €","1,99 €/Unidade"
Bloco sanitário power 5 duo blue water ocean,Domestos,Embalagem de 1 unidades,"2,99 €","74,75 €/Kg"
Cominhos moídos,PorSi,Embalagem de 35g,"0,25 €","0,25 €/Kg"
Alimento seco p/ cão actividade intensa,PorSi,Embalagem de 4kg,"1,15 €/Kg","1,15 €/Kg"
Maçã starking 60/65 categoria II Programa Origens,PorSi,Embalagem de 1.5 kg,"1,30 €/Kg","1,30 €/Kg"
Banda cera facial peles sensíveis,Veet,Embalagem de 20 unidades,"3,51 €","3,51 €/Unidade"
Gomas favoritos pica,Haribo,Embalagem de 90g,"1,19 €","3,97 €/Kg"
Spray power&shine casa de banho,Cif,Garrafa de 750 ml,"0,79 €","0,79 €/L"
Tablete de chocolate leite,Cemoi,Embalagem de 100g,"5,30 €/Kg","5,30 €/Kg"
Ambientador auto pinho,PorSi,1 unidade,"2,89 €","2,89 €/Unidade"
Café Clássico,PorSi,10 cápsulas,"54,36 €/Kg","54,36 €/Kg"
Perna para Assar,Porco,1 un = 500 gr (aprox.),"4,89 €","4,89 €/Kg"
Base flexões 10 em 1,Jocca,1 unidade,"4,49 €","4,49 €/Unidade"
"Queijo fundido emmental, em fatias",President,Embalagem de 200 g,"1,56 €","7,80 €/Kg"
Liégeois Sobremesa de chocolate,Páturages,Embalagem de 4x100 g,"1,45 €","3,15 €/Kg"
Gin dry,Gordons,Garrafa de 700 ml,"19,90 €","19,90 €/L"
Nata uht light para culinária,PorSi,embalagem de 200 ml,"0,75 €","3,75 €/L"
Pão forma integral sem côdea,PorSi,Embalagem de 450g,"0,99 €","1,65 €/Kg"
Ambientador stick delicias de verão,Air Wick,Embalagem de 1 unidades,"9,49 €","45,19 €/Kg"
Reptomin alimento para tartarugas,Tetra,Garrafa de 250 ml,"11,49 €","45,96 €/L"
Creme vegetal soja,Planta,Embalagem de 250 gr,"2,09 €","8,36 €/Kg"
Bolachas oreo,Oreo,Embalagem de 440g,"0,79 €","4,49 €/Kg"
Compak Regular Tampões Com Aplicador,Tampax,22 unidades,"3,99 €","3,99 €/Unidade"
Vinho regional de lisboa tinto,Marginal,Garrafa de 750 ml,"3,99 €","5,32 €/L"
Vinho tinto,PorSi,embalagem de 5 litros,"5,19 €","1,04 €/L"
Café nespresso descafeinado intensidade 11,STARBUCKS,Embalagem com 10 unidades,"1,59 €","6,36 €/Kg"
Peito de peru forno a lenha fatias finas,Izidoro,110 g,"2,25 €","11,25 €/Kg"
Gelatina de frutos tropicais,PorSi,Embalagem 2X85G,"0,55 €","61,11 €/Kg"
Patê atum em escabeche,La piara,Embalagem de 80g,"1,19 €","13,52 €/Kg"
Corn flakes sem glúten,Schar,Embalagem de 250g,"2,29 €","6,11 €/Kg"
Lápis de Cor Color'Peps Animal,Maped,Embalagem com 12 un.,"3,09 €","3,09 €/Unidade"
Queijo ovelha curado amanteigado,Seia,Embalagem de 250g,"4,62 €","18,49 €/Kg"
Vahine pepitas de confeitaria macias fudge sabor car...,Vahine,Embalagem de 70g,"1,69 €","8,45 €/L"
Cola glitter perfumada,Mitama,21 g,"2,19 €","109,50 €/L"
Bolachas mini prince recheadas com chocolate,PRINCE,Embalagem de 160 g,"0,79 €","5,27 €/Kg"
Mistura pombos domésticos,Rac.zezere,Embalagem de 5 kg,"2,49 €","16,60 €/Kg"
Detergente Liquido Máquina Roupa Coco,Surf,88 doses,"8,69 €","1,84 €/Kg"
Borracha branca gigante,Domédia,1 unidade,"2,19 €","109,50 €/L"
Lasanha à bolonhesa,PorSi,Embalagem de 500G,"3,53 €","8,83 €/Kg"
Liquido em gel para WC Hibisco Rosa,Ambipur,Embalagem de 750 ml,"2,79 €","3,99 €/L"
Creme Suavizante Picadas de Insectos,Mercurochrome,Embalagem 50 ml,"0,58 €","0,58 €/Unidade"
Gomas spaghetti pica morango,Haribo,Embalagem de 80g,"1,19 €","3,97 €/Kg"
Iogurte morango 000%,PorSi Viva Bem,Embalagem de 4 x 125 g,"0,99 €","1,32 €/Kg"
Lasanha bolonhesa,Iglo,Embalagem de 300g,"3,53 €","8,83 €/Kg"
Moscatel de setúbal,Alambre,"Garrafa de 0,75L","5,99 €","7,99 €/L"
Néctar clássico pêssego,Compal,200 ml,"0,99 €","0,99 €/L"
Lasanha à bolonhesa,PorSi,Embalagem de 1 kg,"3,53 €","8,83 €/Kg"
"Creme depilatório para duche, peles sensiveis",Veet,Garrafa de 150 ml,"10,99 €","73,27 €/L"
Yofu com pedaços de morango,Alpro,Embalagem de 4x125 g,"3,29 €","6,58 €/Kg"
Salsichão extra allnatural fatiado,Allnatural,Embalagem de 80g,"1,35 €","16,88 €/Kg"
Bloco sanitário com suporte azul,WC Pato,Embalagem de 40 g,"2,99 €","74,75 €/Kg"
Cuecas Incontinência Unisexo Pants Super L,Tena,12 unidades,"9,99 €","9,99 €/Unidade"
Delta cappuccino 10x14g,Delta,Embalagem de 140g,"3,19 €","25,52 €/Kg"
Rolinhos waffletten milk,Bahlsen,Embalagem de 100g,"3,59 €","14,36 €/Kg"
Iogurte líquido morango/banana,PorSi,Embalagem de 4 x 160 g,"1,19 €","1,86 €/Kg"
Remov. de Verniz com Esponja,Labell,Embalagem de 75 ml,"4,49 €","4,49 €/Unidade"
Pilha alcalina hightech lr20x2,Domédia,1 unidade,"2,99 €","2,99 €/Unidade"
Leite com chocolate,PorSi,Embalagem de 200 ml,"0,26 €","1,30 €/L"
Pensos peles sensíveis sortidos,PorSi,20 unidades,"1,69 €","1,69 €/Unidade"
Esparguete,PorSi,Embalagem de 1 kg,"0,89 €","1,78 €/Kg"
Azeite virgem extra reserva,Gallo,Garrafa de 750 ml,"3,19 €","4,25 €/L"
Tostas suecas de trigo,PorSi,Embalagem de 225 g,"2,39 €","6,83 €/Kg"
Ecobag 30 L Perfumado,Vileda,1 embalagem,"1,79 €","1,79 €/Unidade"
"12 lápis de cor, 18cm",Domédia,Uma embalagem,"3,09 €","3,09 €/Unidade"
Leite uht meio gordo,PorSi,Embalagem com rosca de 1 l,"0,78 €","0,78 €/L"
Soja nacos,PorSi Viva Bem,Embalagem de 400 g,"2,09 €","8,36 €/Kg"
Néctar bio laranja,Paquito,"Embalagem de 1,5 l","1,59 €","1,59 €/L"
Vinho rosé,Mateus,Garrafa de 750 ml,"4,29 €","5,72 €/L"
10 saquetas chá frutos vermelhos,Lipton,Embalagem de 10g,"44,50 €/Kg","44,50 €/Kg"
Vinho branco tejo,Alorna,Garrafa de 750 ml,"3,99 €","5,32 €/L"
Spray Tira Gorduras,Agerul,Embalagem de 750 ml,"1,19 €","0,79 €/L"
Lula limpa 20/40,PorSi,Embalagem de 800 g,"5,49 €","6,86 €/Kg"
Café Torrado em Grão Indonésia,Delta,Embalagem de 220g,"9,16 €/Kg","9,16 €/Kg"
Bolachas crackers s/ sal,Du bois,Embalagem de 500g,"0,39 €","3,12 €/Kg"
Ambientador recarga delícias de verão,Air Wick,Garrafa de 250 ml,"11,98 €","11,98 €/Unidade"
Lipton limão zero pet,Lipton,Garrafa de 2 l,"1,14 €","0,76 €/L"
Feijão encarnado,PorSi,Embalagem de 820 g,"1,79 €","2,29 €/Kg"
Delícia semi-fria cheesecake,Royal,embalagem de 325 g,"1,69 €","8,45 €/L"
Camarão Moçambique 32/48,Pescanova,Embalagem de 800G,"8,99 €","25,69 €/Kg"
Caramelo líquido,Royal,Embalagem de 400g,"1,29 €","3,23 €/Kg"
"Frutapura pera, banana e alperce",Bledina,Embalagem de 85g,"2,29 €","6,94 €/L"
Morcela vegetal,Veg In,Embalagem de 200g,"1,49 €","7,45 €/Kg"
Gengibre,Legumes do Dia,1 un = 100 gr (aprox.),"0,75 €","2,99 €/Kg"
Chocolate kit kat,Kit kat,Embalagem de 130g,"3,59 €","14,36 €/Kg"
Palmiers,PorSi,Embalagem de 720 g,"1,69 €","6,76 €/Kg"
"Vinho branco região da península de setúbal, bag in ...",Dom Campos,Garrafa de 5 l,"9,49 €","1,90 €/L"
Pastilhas peppermint,Smint,Embalagem de 35 g,"0,68 €","45,33 €/Kg"
Yofu soja natural sem açúcar,Alpro,Embalagem de 500g,"3,29 €","6,58 €/Kg"
Chispalhada,PorSi,Embalagem de 420 g,"2,35 €","5,60 €/Kg"
Tequila,On Off,Garrafa de 70 cl,"11,99 €","11,99 €/L"
Vinho branco região do Dão,Dharma,Garrafa de 0.75 l,"3,99 €","5,32 €/L"
Cereais Forma Natura,PorSi,500 g,"3,45 €","26,74 €/Kg"
Carrinho ambulância,Feber,1 unidade,"99,99 €/Unidade","99,99 €/Unidade"
Marmelo,Fruta do Dia,1 un = 250 gr  (aprox.),"1,89 €/Kg","1,89 €/Kg"
Vinho tinto regional peninsula de setúbal,Fonte nico,Garrafa de 750 ml,"8,59 €","11,45 €/L"
Iogurte Pedaços Kiwi 0% Matéria Gorda/Açúcares,Danone,4 x 120 g,"4,36 €","2,18 €/Kg"
Licor Limoncello,Vila Massa,"Embalagem de 0,50 l","16,99 €","24,27 €/L"
Refrigerante s/ gás flórida,Sunny d,"Garrafa de 1,25 l","1,14 €","0,76 €/L"
Molho bechamel soja,Valsoia,Embalagem de 200g,"3,99 €","26,60 €/L"
Cogumelos Granel,Legumes do Dia,1 un = 200 gr (aprox.),"1,00 €","4,99 €/Kg"
Toalhitas para bebé melão,PorSi,Embalagem de 60 unidades,"1,09 €/Unidade","1,09 €/Unidade"
Batata frita light,PorSi,Embalagem de 150g,"0,95 €","6,33 €/Kg"
24 Caldos de carne,PorSi,Embalagem de 255  g,"3,84 €","24,00 €/Kg"
Cereais cruesli fruta,Quaker,Embalagem de 380g,"2,29 €","6,11 €/Kg"
Creme vegetal culinário,Vaqueiro,Embalagem de 1 kg,"5,40 €/Kg","5,40 €/Kg"
Curgete biológica,PorSi Bio,1 unidade = 300 gr (aprox.),"0,75 €","2,49 €/Kg"
Kinder chocolate t24,Kinder,Embalagem de 300g,"18,50 €/Kg","18,50 €/Kg"
Desodorizante roll-on invisible,Rexona,Embalagem de 50 ml,"4,69 €","31,27 €/L"
Massa quebrada margarina,PorSi,Embalagem de 230 g,"0,99 €","4,30 €/Kg"
Elixir total proteção placa bacteriana,Colgate,500 ml,"5,99 €","11,98 €/L"
"Mini rissóis de carne, 20 unidades",PorSi,Embalagem de 300 g,"1,79 €","7,16 €/Kg"
"Toalhitas intimas, 20 unidades",Labell,Uma embalagem,"2,19 €","2,19 €/Unidade"
Ovos Frescos Classe M,PorSi,12 unidades,"2,19 €","2,19 €/Unidade"
Pilha alcalina classic lr6x8,Domédia,1 unidade,"2,99 €","2,99 €/Unidade"
Vinho Tinto Douro Reserva,Duas Quintas,Garrafa de 750 ml,"3,09 €","3,09 €/L"
Rum carta blanca,Bacardi,Garrafa de 700 ml,"20,99 €","29,99 €/L"
Bebida de Aveia,PorSi Viva Bem,1 l,"1,59 €","1,59 €/L"
Costeletas,Borrego,1 un = 250 gr  (aprox.),"19,49 €","12,99 €/Kg"
Amaciador nutri-protec,Labell,Embalagem de 200 ml,"1,59 €","7,95 €/L"
Aperitivo de anis,Ricard,Garrafa de 700 ml,"5,90 €","8,43 €/L"
"Pasta de arquivo, lombada estreita, cinza",Domédia,1 unidade,"1,69 €","1,69 €/Unidade"
Doce morango 284g,ST.DALFOUR,Frasco de 284g,"2,19 €","9,95 €/Kg"
Castanhas,PorSi,Embalagem de 500G,"3,29 €","4,39 €/Kg"
Ananás rodelas em sumo,PorSi,Embalagem de 3 x 220 g,"1,99 €","2,37 €/Kg"
Leite seleccionado magro,Matinal,Garrafa de 1 l,"0,81 €","0,81 €/L"
Tinta Decorativa Preta,Domédia,2.5 litros,"14,99 €","1,00 €/L"
Aguardente velhíssima,São Domingos,Garrafa de 0.70 l,"12,90 €","18,43 €/L"
Lambrusco rosé,Sorbello,Garrafa de 0.75 l,"1,99 €","2,65 €/L"
10 compressas de gaze,PorSi,20 x 20 cm,"1,69 €","1,69 €/Unidade"
Alho-francês,PorSi,Embalagem de 750 g,"1,89 €","1,89 €/Kg"
Iogurte activia líquido cereais,Danone,Embalagem de 4 x 155 g,"2,79 €","6,07 €/Kg"
Gelatina de melancia,Koala,Embalagem de 130g,"0,85 €","2,13 €/Kg"
Ambientador vela citronela,PorSi,1 unidade,"9,49 €","45,19 €/Kg"
Ração para gato júnior com frango,Purina One,Embalagem de 800 g,"12,99 €","4,33 €/Kg"
Nestum zero espelta/aveia,Nestum,Embalagem de 250 g,"4,49 €","4,49 €/Kg"
Cereais recheados com chocolate e avelã,PorSi,Embalagem de 400g,"5,07 €/Kg","5,07 €/Kg"
Natas para café,President,Embalagem de 10X10G,"0,75 €","3,75 €/L"
Queijo fresco petits suisses  40% mg,Páturages,Embalagem 6X60G,"1,05 €","1,86 €/L"
"M&m's drageias de amendoim e chocolate de leite,",M&m's,Embalagem de 200g,"11,98 €/Kg","11,98 €/Kg"
Bolacha vitalday frutos vermelhos,Gullon,Embalagem de 240g,"2,82 €","9,40 €/Kg"
Gel de banho naturals amêndoa e leite,Palmolive,500 ml,"3,69 €","14,76 €/L"
Yopro líquido manga,Danone,Embalagem de 300g,"1,19 €","1,86 €/Kg"
Queijo creme de ervas finas,Philadelph,Embalagem de 150g,"4,68 €","11,70 €/Kg"
Creme vegetal para culinária,PorSi,Embalagem de 1 kg,"2,89 €","2,89 €/Kg"
Cereais cookie crisp,Nestle,Embalagem de 380g,"5,07 €/Kg","5,07 €/Kg"
Gin dry,Gibson's,Garrafa de 700 ml,"19,90 €","19,90 €/L"
Baguete de alho,Panike,Embalagem de 350g,"3,40 €/Kg","3,40 €/Kg"
Molho de soja,BLUEDRAGON,Garrafa de 150 ml,"3,99 €","26,60 €/L"
"Lapis para olhos, com show, 100ult, black",Maybelline,1 unidade,"4,49 €","4,49 €/Unidade"
Ervilhas primavera 500g,Iglo,Embalagem de 500g,"1,89 €","1,89 €/Kg"
Ameixa seca sem caroço bio,PorSi Bio,Embalagem de 150g,"2,49 €/Kg","2,49 €/Kg"
Pastilhas limão,Smint,Embalagem de 35 g,"2,30 €","57,50 €/Kg"
Água Mineral Natural 100% Reciclada,Vitalis,Garrafa de 1.5 l,"1,04 €","0,17 €/L"
Camisola segunda pele 40D musk t. único,PorSi,1 unidade,"4,69 €/Unidade","4,69 €/Unidade"
Pantagruel leite caramelo (10x),Pantagruel,Embalagem de 200g,"1,04 €","8,32 €/Kg"
Mistura solúvel c/ 20% café pó,PorSi,Embalagem de 200g,"0,99 €","3,96 €/Kg"
Resguardos de cama,PorSi,20 unidades de 60 x 90 cm,"4,99 €","4,99 €/Unidade"
"Inseticida eléctrico, recarga, night&day",Raid,1 unidade,"7,69 €","7,69 €/Unidade"
Queijo chevre,Palhais,Embalagem de 180g,"1,89 €","10,50 €/Kg"
12 Preservativos Adapta Non Stop,Control,,"4,99 €","4,99 €/Unidade"
Lima Elétrica Pés Velvet Smooth,Scholl,1 unidade,"5,59 €","37,27 €/L"
Uva Branca,Fruta do Dia,1 un = 250 gr  (aprox.),"1,00 €","3,99 €/Kg"
Pão da Avó Alongado,Pão do Dia,1 unidade =400 g,"0,19 €","2,38 €/Kg"
Spray para vidros,PorSi,750 ml,"3,19 €","6,38 €/L"
Cotonetes 100% biodegradáveis,PorSi,Embalagem de 200 unidades,"0,58 €","0,58 €/Unidade"
Jameson caskmates ipa 70cl,Jameson,Garrafa de 700 ml,"11,49 €","16,41 €/L"
Dentifríco p/ Dentes de Leite,Aquafresh,Embalagem de 50 ml,"1,19 €","1,19 €/Unidade"
Gomas cinema mix,Fini,Embalagem 100G,"1,19 €","3,97 €/Kg"
Pensos higiénicos liberty normal abas,Evax,Embalagem com 12 un.,"4,99 €","4,99 €/Unidade"
Vinho verde,Felgueiras,Garrafa de 0.75 l,"3,09 €","3,09 €/L"
Iogurte activia líquido 0% lima/limão,Danone,Embalagem de 4 x 155 g,"2,79 €","6,07 €/Kg"
Lava tudo antibacteriano herbal,PorSi,Garrafa de 1.5 l,"0,99 €","0,50 €/L"
Arroz vaporizado,Cigala,Embalagem de 1 kg,"0,99 €","0,99 €/Kg"
Chocolate culinário,Nestle,Embalagem de 200g,"1,04 €","8,32 €/Kg"
Cone baunilha,PorSi,embalagem 6 x 120 ml,"5,99 €","16,64 €/L"
Cevada solúvel,PorSi,Embalagem de 200g,"0,99 €","3,96 €/Kg"
"Fita Papel, 50mmx50m",Vito,1 unidade,"3,99 €","133,00 €/Kg"
"Papa de ovo, para passáros",Kiki,Embalagem de 300 g,"2,49 €","16,60 €/Kg"
Mimosa bem especial leite e amêndoa,Mimosa,Embalagem de 1 litro,"2,19 €","2,19 €/L"
Demaquilhante Dupla Ação,Nivea,1 embalagem de 125g,"0,76 €","0,76 €/Unidade"
Adoçante com doseador,PorSi,Embalagem de 66g,"5,99 €","23,96 €/Kg"
Dentifríco 2 em 1 original,Theramed,Embalagem de 75 ml,"3,39 €","45,20 €/L"
Elixir Nightly Reset,Listerine,400 ml,"5,99 €","11,98 €/L"
Chocolate culinário em pó,PorSi,Embalagem de 125 g,"1,04 €","8,32 €/Kg"
Cobertura tábua de engomar,PorSi,Dim.: 130 x 47 cm,"16,50 €","16,50 €/Unidade"
Almôndegas bolonhesa,Iglo,Embalagem de 400g,"2,79 €","8,72 €/Kg"
Gel desinfectante de mãos,Top Brands,Garrafa de 75 ml,"0,99 €","1,98 €/L"
Tablete triple chocolate,Milka,Embalagem de 90g,"5,30 €/Kg","5,30 €/Kg"
"Pasta de arquivo, lombada estreita, azul",Domédia,1 unidade,"2,29 €","2,29 €/Unidade"
Bolacha maria ruca doses,Vieira,Embalagem de 300g,"1,89 €","15,75 €/Kg"
Espuma de barbear para peles sensíveis,Labell Men,Embalagem de 250 ml,"1,24 €","4,96 €/L"
Mistolin tira gorduras desinfetante,Mistolin,Garrafa de 550 ml,"1,79 €","2,39 €/L"
Massas espirais tricolores,PorSi,Embalagem 500G,"0,89 €","1,78 €/Kg"
Mariscada,PorSi,Embalagem de 800g,"2,19 €","8,59 €/Kg"
Autocarro Formas e Cores,Baby Clementoni,1 unidade,"12,99 €/Unidade","12,99 €/Unidade"
Néctar light manga/laranja,Compal,330 ml,"0,84 €","2,55 €/L"
Cerveja branca,E.damm,Pack 6 x 0.25 l,"1,99 €/L","1,99 €/L"
Tampões Super Plus Compak Pearl,Tampax,16 unidades,"3,99 €","3,99 €/Unidade"
"Luvas multiusos relevo antiderrapante, tamanho peque...",PorSi,Embalagem de 1 unidades,"4,29 €","4,29 €/Unidade"
Resguardo para mesa,PorSi,Dim.: 140 x 300 cm,"19,99 €","19,99 €/Unidade"
Luvas descartáveis extra long p/m,Vileda,10 unidade,"4,29 €","4,29 €/Unidade"
Biscoitos de cacau,PorSi,Embalagem de 750g,"0,69 €","3,45 €/Kg"
Tábua de engomar,PorSi,Dim.: 120 x 38 cm,"16,50 €","16,50 €/Unidade"
Macchiato café arábica,PorSi,250 ml,"3,19 €","25,52 €/Kg"
Mel em frasco de vidro,Jorge v.f.,Embalagem de 500g,"4,89 €","9,78 €/Kg"
Fruta para bebé maçã banana aveia +6 meses,Nestle,Embalagem de 90g,"0,74 €","8,22 €/Kg"
Vassoura exterior alta,PorSi,Unidade,"2,20 €","2,20 €/Unidade"
Moscatel Roxo Setúbal,Alambre,Garrafa de 750 ml,"5,99 €","7,99 €/L"
Ambientador Anti-Tabaco,Ambipur,1 un.,"2,89 €","2,89 €/Unidade"
Collant mousse 20d baltic m,PorSi,Embalagem de 1 unidades,"1,89 €/Unidade","1,89 €/Unidade"
Queijo da ilha graciosa,*,Vendido ao peso,"2,42 €","9,69 €/Kg"
Pilha alcalina heightch lr14x2,Domédia,1 unidade,"2,99 €","2,99 €/Unidade"
Camarão cozido 20/30,PorSi,Embalagem de 500 g,"22,98 €/Kg","22,98 €/Kg"
Gelado magnum mini double chocolate e caramelo,Olá,Embalagem de 6 x 60 ml,"5,99 €","16,64 €/L"
Callippo super mix,Olá,Embalagem de 5 x 105 ml,"5,99 €","16,64 €/L"
Queijo emmental,President,Embalagem de 250 g,"1,49 €","7,45 €/Kg"
Vitamina c,PLANTANATU,Embalagem de 1 unidades,"9,69 €","9,69 €/Unidade"
Ambientador vela frutos vermelhos,PorSi,1 unidade,"9,49 €","45,19 €/Kg"
Sacos lixo eco 100 litros,PorSi,10 unidades,"1,79 €","1,79 €/Unidade"
Gressinos com sésamo,PorSi,Embalagem de 250 g,"2,39 €","6,83 €/Kg"
Creme de coentros sem batata,PorSi,800 g,"1,99 €","2,49 €/Kg"
"Bebida de soja biológica sem açúcar, natural",Provamel,Embalagem de 1 l,"2,49 €","2,49 €/L"
Feijao verde redondo,PorSi,Embalagem de 400g,"1,89 €","1,89 €/Kg"
Bolacha dibus sharkies s/ glúten,Gullon,Embalagem de 250g,"4,29 €","20,43 €/Kg"
Aparador elétrico sensitive precision branco,Veet,Embalagem de 1 unidades,"5,49 €","5,49 €/Unidade"
Double espresso go chill,Delta,Garrafa de 230 ml,"3,19 €","25,52 €/Kg"
Especialidade de soja chocolate,PorSi Viva Bem,Embalagem de 4 x 100 g,"3,29 €","6,58 €/Kg"
Mel de Rosmaninho,PorSi Select,Frasco de 250 g,"4,89 €","9,78 €/Kg"
Ração para gato adulto com bacalhau e legumes,Friskies,Embalagem de 4 kg,"12,99 €","4,33 €/Kg"
Refrigerante s/ gás califórnia,Sunny d,"Garrafa de 1,25 l","1,14 €","0,76 €/L"
12 Ovos Frescos Classe S,Campovo,Embalagem c/ 12 Unidades,"1,39 €","1,39 €/Unidade"
"Queijo light, 10 fatias",A Vaca Que Ri,Embalagem de 200g,"2,39 €","19,92 €/Kg"
Concentrado de laranja,Sunquick,Garrafa de 700 ml,"4,89 €","6,61 €/L"
Milho doce,PorSi,Embalagem de 400 g,"1,89 €","1,89 €/Kg"
Queijo white cheddar fatias,KERRYGOLD,Embalagem de 150g,"1,56 €","7,80 €/Kg"
"Rebuçados sem açúcar, mel/limão",Halls,Embalagem de 128 g,"0,77 €","3,85 €/Kg"
Lic.amendoa amarga zimbro,Zimbro,Garrafa de 0.70L,"16,99 €","24,27 €/L"
Nectar clássico maracujá,Compal,Garrafa de 1 l,"1,09 €","0,73 €/L"
Jarro de 1 litro + 4 copos,Codil,1 conjunto,"0,54 €","0,54 €/Unidade"
Cebola Amarela,Nossa seleção,1 un = 500 gr (aprox.),"0,35 €","1,39 €/Kg"
All bran plus,Kellogg's,Embalagem de 500g,"1,49 €","2,98 €/Kg"
Anticalcário,Viakal,Embalagem de 500 ml,"0,99 €","1,32 €/L"
Néctar light manga/laranja,Compal,Garrafa de 200 ml,"0,99 €","0,99 €/L"
Tomate Alongado,Legumes do Dia,1 un = 200 gr (aprox.),"0,87 €","3,49 €/Kg"
Batata frita palha,Pala-pala,Embalagem de 500g,"0,87 €","5,44 €/Kg"
Camarão 20/30,Congelado de Aquicultura,1 un = 250 gr  (aprox.),"2,00 €","7,99 €/Kg"
Alimento seco para gato de salmão,HappyOne,Embalagem de 2 kg,"12,99 €","4,33 €/Kg"
Detergente Líquido p/ Loiça Original,Fairy,"Embalagem de 1,19 l","0,99 €","1,98 €/L"
"Tira nódoas, spray oxi",PorSi,Embalagem de 1 l,"10,99 €","52,33 €/Kg"
Snack para gato frango,Felix,Embalagem de 50g,"0,99 €","16,50 €/Kg"
Camarão moçambique 30/40,PorSi,800 g,"8,99 €","25,69 €/Kg"
Leite natal 1,Nutriben,Embalagem de 800g,"20,99 €","26,24 €/Kg"
6 Salsichas Frescas Chipolatas,PorSi,330 g,"1,99 €","9,48 €/Kg"
Tomates Cereja Cocktail Biológicos,PorSi Bio,± 250 g,"0,87 €","3,49 €/Kg"
Creme vegetal para culinária,PorSi,Embalagem de 250g,"5,40 €/Kg","5,40 €/Kg"
"Drageias de chocolate, tubos",SMARTIES,Embalagem de 110g,"11,98 €/Kg","11,98 €/Kg"
Inseticida Eléctrico Night & Day,Raid,1 Difusor + 1 Recarga,"7,69 €","7,69 €/Unidade"
Sumo essencial manga,Compal,pack 3 x 0.11 l,"2,29 €","6,94 €/L"
Iogurte líquido morango,PorSi,Embalagem de 8x160 ml,"1,19 €","1,86 €/Kg"
Creme anti-rugas de dia revitalift,L'oreal,Embalagem de 50 ml,"2,99 €","59,80 €/L"
Leite c/ Chocolate,Agros,Embalagem de 4 x 200 ml,"0,26 €","1,30 €/L"
"Vinho branco regional alentejano, bib",Galitos,Garrafa de 3 l,"5,19 €","1,04 €/L"
Salsichas de aves,Nobre,Lata de 200 g,"0,75 €","3,75 €/Kg"
Acetona perfumada com doseador,PorSi,Embalagem de 200 ml,"1,89 €","9,45 €/L"
Peito de frango forno a lenha fatias finas,Izidoro,110 g,"2,25 €","11,25 €/Kg"
Azeite virgem extra seleção,PorSi,Garrafa de 250 ml,"3,19 €","4,25 €/L"
Cereais cruesli chocolate,Quaker,Embalagem de 380g,"2,29 €","6,11 €/Kg"
Recarga p/ ambientador elétrico flores,Ambipur,3 unidades,"11,98 €","11,98 €/Unidade"
Aperitivos  fritos,Fritos,Embalagem 130G,"0,79 €","7,90 €/Kg"
Snack gato salmao,PorSi,Embalagem de 60g,"0,99 €","16,50 €/Kg"
"Sabonete sólido, oliva",Feno,Embalagem de 4x90g,"1,99 €","12,44 €/Kg"
Sabonete Liquido Gel Antibacteriano,Labell,Embalagem de 300 ml,"2,18 €/L","2,18 €/L"
"Pasta dentífrica, tripla ação",Labell,Embalagem de 75 ml,"2,55 €","34,00 €/L"
Escova para calçado,Sonaf,1 unidade,"5,29 €","35,27 €/L"
Cerveja com álcool,Super Bock,Garrafa de 1 l,"1,99 €/L","1,99 €/L"
Gogo SqueeZ Snack Banana,Gogo,Embalagem de 4 x 90g,"2,29 €","6,94 €/L"
Queijinho dadoninho petitdino de morango,Danone,Embalagem de 6 x 50 g,"1,05 €","1,86 €/L"
Nata uht para bater,Parmalat,Embalagem de 200 ml,"0,75 €","3,75 €/L"
Iogurte sólido sem lactose morango,Mimosa,Embalagem de 480g,"2,59 €","5,40 €/Kg"
"Sangria tinta, bag in the box",Leziria,Garrafa de 5 l,"2,39 €","1,59 €/L"
Maracujá Roxo,Fruta da Época,1 un = 250 gr  (aprox.),"2,29 €/Kg","2,29 €/Kg"
"Escova dentes, proteção global suave, 2 unidades",Labell,1 embalagem,"3,49 €","3,49 €/Unidade"
"Drageias de chocolate, tubos",SMARTIES,Embalagem de 110g,"18,50 €/Kg","18,50 €/Kg"
Feijão preto 4/4,Compal,Lata de 850g,"1,79 €","2,29 €/Kg"
"Bracito trufa de chocolate, 4 unidades",Dulcesol,Embalagem de 240g,"2,05 €","5,13 €/Kg"
Iogurte líquido laranja,Danone,Embalagem de 6 x 100 g,"4,15 €/Kg","4,15 €/Kg"
Carte d'or cake romantica,Olá,Embalagem de 750 ml,"2,49 €","7,55 €/Kg"
Limpa fornos,PorSi,500 ml,"1,79 €","2,39 €/L"
Vinho Regional Lisboa Reserva Branco,Marginal,Garrafa de 0.75 l,"3,99 €","5,32 €/L"
Rolo de cozinha mega,PorSi,1 rolo,"4,99 €","4,99 €/Unidade"
Sacos para congelar zip & go 1 litro,Vileda,15 unidades,"1,11 €","1,11 €/Unidade"
Toalhita Azul,Dodot,Embalagem c/ Tampa | 64 un.,"1,09 €/Unidade","1,09 €/Unidade"
Massa fettuccine,PorSi,Embalagem de 500g,"0,89 €","1,78 €/Kg"
Leite pastagem uht terra nostra inteiro,Terra Nostra,Garrafa de 1 l,"1,09 €","1,09 €/L"
Bebida de Soja Baunilha,PorSi Viva Bem,1 l,"2,49 €","2,49 €/L"
Biscoitos integrais aveia e manteiga de amendoim,PorSi Viva Bem,Embalagem de 150g,"1,45 €","11,15 €/Kg"
Cerveja c/ álcool,Heineken,"Embalagem de 6x0,25 l","1,99 €/L","1,99 €/L"
Cabeça de Aipo,Legumes do Dia,1 un = 500 g (aprox.),"0,75 €","2,99 €/Kg"
Cereais golden e crispy,PorSi,Embalagem de 375 g,"5,07 €/Kg","5,07 €/Kg"
Azeite Virgem Extra Planícies do Sul,Gallo,Garrafa de 0.75 l,"3,19 €","4,25 €/L"
Açorda de camarão,PorSi Select,380 g,"1,79 €","7,16 €/Kg"
Queijo de cabra curado rolo,PorSi,Embalagem de 180 g,"1,89 €","10,50 €/Kg"
Faca para bife 11 cm preta,PorSi,1 unidade,"3,65 €","3,65 €/Unidade"
Absorvente de odores marine,Brise,Embalagem de 300 ml,"16,63 €/L","16,63 €/L"
Caldo Verde,ELS,Embalagem 350g,"0,75 €","2,99 €/Kg"
Sacos lixo eco com atilho 50 litros,PorSi,15 unidades,"1,79 €","1,79 €/Unidade"
Adoçante recarga,Canderel,Embalagem de 40g,"5,99 €","23,96 €/Kg"
Café 5 estrelas grão,Sical,Embalagem de 1 kg,"9,16 €/Kg","9,16 €/Kg"
Chá verde,Tetley,Embalagem de 20g,"85,00 €/Kg","85,00 €/Kg"
"Sabonete líquido de leite de amêndoas, recarga",Palmolive,Embalagem de 300 ml,"2,18 €/L","2,18 €/L"
Tomate  82/102,Legumes do Dia,1 un = 200 gr (aprox.),"0,87 €","3,49 €/Kg"
Ananás em rodelas lata,PorSi,Embalagem de 820g,"1,99 €","2,37 €/Kg"
Balões latex brancos,PorSi,Embalagem com 24 unidades,"0,59 €","0,59 €/Unidade"
Rolo tira pelos 12 folhas,PorSi,1 unidade,"8,99 €","8,99 €/Unidade"
Croissant simples,PorSi,Embalagem de 400g,"2,05 €","5,13 €/Kg"
Papel Fotocópia A4 |80g,Navigator,,"1,69 €","1,69 €/Unidade"
Queijo curado de cabra,Seia,Embalagem de 250g,"1,89 €","10,50 €/Kg"
Spray de lavagem a seco,Day 2,200 ml,"1,09 €","2,73 €/Kg"
Alimento lácteo alperce +6 meses,Yogolino,Embalagem de 4 x 100 g,"2,89 €","7,23 €/Kg"
Fralda Cueca T3,Dodot,Embalagem de 37 un.,"8,49 €","8,49 €/Unidade"
Multi vitaminas mulher,PLANTANATU,Embalagem de 30 Cápsulas,"9,69 €","9,69 €/Unidade"
Puré batata doce,PorSi,Embalagem de 750g,"2,49 €","8,30 €/Kg"
Açúcar demerara,Rar,Embalagem de 500 g,"1,49 €","1,49 €/Kg"
Coco Seco,Fruta do Dia,1 un= 500 gr (aprox.),"2,29 €/Kg","2,29 €/Kg"
Queijo emmental ralado,PorSi,Embalagem de 200 g,"7,45 €/Kg","7,45 €/Kg"
"Fita Teflon, 2 Rolos",Itools,1 unidade,"3,99 €","133,00 €/Kg"
Queijo Flamengo em Barra,Terra Nostra,1 un = 150 gr (aprox.),"1,56 €","7,80 €/Kg"
Bacalhau Corrente,Bacalhau da Noruega,1 un= 750 g (aprox.),"8,73 €/Kg","8,73 €/Kg"
Infusão de frutos vermelhos,Tetley,Embalagem de 20g,"44,50 €/Kg","44,50 €/Kg"
Faca cozinha 15 cm madeira,PorSi,1 unidade,"3,65 €","3,65 €/Unidade"
Delta chicória + cafe soluvel lata,Delta,Embalagem de 250g,"14,50 €/Kg","14,50 €/Kg"
Sopa de agrião,PorSi,800 g,"1,99 €","2,49 €/Kg"
Água mineral sem gás,Fastio,"Garrafa de 2,5 l","1,04 €","0,17 €/L"
Contact Ceys,Ceys,1 unidade,"3,99 €","133,00 €/Kg"
Soquete licra 15d preto t. único,PorSi,2 unidades,"1,89 €/Unidade","1,89 €/Unidade"
Queijo Flamengo Fatias,PorSi,Embalagem 500G,"1,56 €","7,80 €/Kg"
Iogurte proteína stracciatella,Lindahls,Embalagem de 150 g,"5,97 €/Kg","5,97 €/Kg"
Feijão preto,PorSi,Embalagem de 500g,"0,95 €","1,90 €/Kg"
Esferográfica Preta Média,Mab,Embalagem com 4 un.,"2,79 €","2,79 €/Unidade"
Bolachas de água e sal,PorSi,Embalagem de 125g,"0,39 €","3,12 €/Kg"
Néctar bio multifrutos,Paquito,"Embalagem 1,5 l","1,59 €","1,59 €/L"
Milho doce,Bonduelle,Embalagem de 150 g,"1,79 €","2,29 €/Kg"
Ervilhas,PorSi,Embalagem de 1 kg,"1,89 €","1,89 €/Kg"
Chouriço fatiado,Campofrio,Embalagem de 80g,"1,22 €","6,78 €/Kg"
Gel de Banho Coconut Milk,Dove,Embalagem de 750 ml,"6,49 €","8,65 €/L"
"Pedras salgadas gf 0,33 l",P.salgadas,"Garrafa de 1,98 l","2,85 €","2,85 €/L"
"Maionese, frasco",Hellmman's,Embalagem de 420g,"0,70 €","2,33 €/Kg"
Creme de cassis,P.dabot,Garrafa de 700 ml,"5,90 €","8,43 €/L"
Mauzão,Concentra,Uma unidade,"9,99 €","9,99 €/Unidade"
Skinny latte sem açúcar e sem lactose,STARBUCKS,embalagem de 220 ml,"3,19 €","25,52 €/Kg"
Lombos de salmao vacuo,PorSi,Embalagem de 500g,"4,39 €","10,98 €/Kg"
Óleo alimentar,Fula,Embalagem 3L,"3,39 €/L","3,39 €/L"
Arroz Risotto,PorSi,Embalagem de 1 kg,"0,99 €","0,99 €/Kg"
Pudim morango,Boca Doce,Embalagem de 20g,"0,59 €","29,50 €/Kg"
Esferográfica Vermelha Retratil 0.7mm,Mab,Embalagem com 1 un.,"2,79 €","2,79 €/Unidade"
Feijoada,PorSi,Embalagem de 420 g,"2,35 €","5,60 €/Kg"
Bombom coração original,Regina,Embalagem de 90g,"2,39 €","47,80 €/Kg"
Caldo de galinha,PorSi,24 cubos,"3,84 €","24,00 €/Kg"
Cheeseburger de frango,Snock,Embalagem de 100 g,"3,39 €","21,19 €/Kg"
Espumante cava bruto,Freixenet,pack 3 x 200 ml,"11,99 €","11,99 €/L"
Cogumelos laminados,Ferbar,Embalagem de 290g,"1,79 €","2,29 €/Kg"
Iogurte natural,PorSi,Embalagem 12 x 125 g,"0,65 €","1,30 €/Kg"
Gin dry bombay(40º) 0.70l,Bombay,Garrafa de 700 ml,"19,90 €","19,90 €/L"
5 rissóis de leitão,PorSi,Embalagem de 400g,"1,79 €","7,16 €/Kg"
Doce amoras,ST.DALFOUR,Frasco de 284g,"2,19 €","9,95 €/Kg"
Sangria pet,Don Simon,"Garrafa de 1,5 l","2,39 €","1,59 €/L"
Tarte de Flan,Pastelaria do Dia,embalagem com 650g,"8,99 €","11,24 €/Kg"
Tablete de chocolate,Chabrior,Embalagem de 250 g,"0,79 €","5,27 €/Kg"
Lixívia para roupa delicada,Neoblanc,Embalagem de 1 l,"2,19 €","1,10 €/L"
Alimento para cão adulto alta energia,HappyOne,Embalagem de 10 kg,"1,15 €/Kg","1,15 €/Kg"
Azeitona mista,PorSi,Embalagem de 210g,"1,00 €","3,99 €/Kg"
Salsa em vaso,Aroma viva,Embalagem de 1 unidades,"1,19 €","39,67 €/Kg"
Atum em azeite,Ramirez,Embalagem de 120g,"0,89 €","7,42 €/Kg"
Iogurte líquido magro frutos vermelhos,PorSi Viva Bem,Embalagem de 4x160 ml,"1,19 €","1,98 €/L"
Iogurte activia cremoso coco,Danone,Embalagem de 4 x 120 g,"1,49 €","2,98 €/Kg"
Capa Premium 2 em 1,Vileda,1 unidade,"16,50 €","16,50 €/Unidade"
Areia para gatos mineral perfumada,PorSi,Embalagem de 5 kg,"1,19 €","0,24 €/Kg"
Batata frita forno originais,Lay's,Embalagem de 150g,"0,87 €","5,44 €/Kg"
Cevada solúvel,Delta,Embalagem de 200 g,"14,50 €/Kg","14,50 €/Kg"
Chá barbas de milho,PLANTANATU,Embalagem de 10g,"1,19 €","79,33 €/Kg"
Ambientador vela odor tabaco,PorSi,1 unidade,"9,49 €","45,19 €/Kg"
Bebida láctea crescimento 3 anos+,Nestle,Embalagem de 1 litro,"0,26 €","1,30 €/L"
Toalhitas limpeza de vidros tripla ação,Ajax,40 unidades,"3,19 €","6,38 €/L"
"Cotonetes, 100 unidades",Johnson's Baby,1 embalagem,"1,99 €","1,99 €/Unidade"
Mousse de chocolate,Royal,Embalagem de 160g,"2,99 €","6,64 €/Kg"
Restaurador de Chão Envernizado Claro/Médio,Novycera,Embalagem de 500 ml,"3,99 €","7,98 €/L"
Leite especial crescimento +3 anos,Mimosa,Garrafa de 1 l,"0,26 €","1,30 €/L"
Jarro graduado,PorSi,Embalagem de 1 unidades,"0,54 €","0,54 €/Unidade"
Aveia natural,Quaker,Embalagem de 500g,"2,99 €","7,97 €/Kg"
Luvas Colors,Vileda,Tamanho: M/G,"1,79 €","1,79 €/Unidade"
Pirassununga (38º),Cachaca 51,Garrafa de 700 ml,"20,99 €","29,99 €/L"
Sopa de rabo de boi,Knorr,Embalagem de 70g,"0,84 €","13,55 €/Kg"
Palmiers,PorSi,Embalagem de 300 g,"1,69 €","6,76 €/Kg"
10 pães de leite,PorSi,Embalagem de 350g,"7,40 €/Kg","7,40 €/Kg"
Yofu com pedaços de mirtilo,Alpro,Embalagem de 4x125 g,"3,29 €","6,58 €/Kg"
Molho de soja com dispenser,KIKKOMAN,Garrafa de 150 ml,"3,99 €","26,60 €/L"
Bacalhau desfiado,PorSi,Embalagem de 500g,"6,39 €","7,99 €/Kg"
Vinho maduro branco meio seco,Adega grande,Garrafa de 750 ml,"1,65 €","2,20 €/L"
Açucar granulado,PorSi,Embalagem de 1 kg,"1,49 €","1,49 €/Kg"
Esponja limpa camurça,PorSi,1 unidade,"5,29 €","35,27 €/L"
Amaciador Concentrado Creations Flor Lótus Lima,Comfort,80 doses,"3,99 €","3,99 €/Unidade"
Seitan,Veg In,Embalagem de 250g,"2,99 €","5,98 €/Kg"
Compasso Origin 3 peças,Maped,Uma embalagem,"3,09 €","3,09 €/Unidade"
Salsichas de porco em lata,PorSi,Embalagem de 200g,"0,75 €","3,75 €/Kg"
Puzzle Spiderman,Clementoni,2 x 60 peças,"34,99 €","34,99 €/Unidade"
Bacalhau lombos,PorSi,Embalagem de 1.5 kg,"6,39 €","7,99 €/Kg"
Inseticida elétrico melgas e mosquitos,Dum Dum,1 unidade = 45 noites,"7,69 €","7,69 €/Unidade"
Iogurte líquido magro frutos vermelhos,PorSi Viva Bem,Embalagem de 4x160 ml,"1,19 €","1,86 €/Kg"
Cola Especial Plásticos,Pattex,Embalagem de 30 g,"3,99 €","133,00 €/Kg"
Bebida de Arroz,PorSi Viva Bem,1 l,"1,59 €","1,59 €/L"
Aguardente velha reserva,CRF,Garrafa de 700 ml,"12,90 €","18,43 €/L"
Camisola segunda pele mousse preta,ELDYS,tamanho único,"4,70 €","4,70 €/Unidade"
Flocos cereais chocolate,PorSi,Embalagem de 300g,"2,19 €","8,76 €/Kg"
"Fraldas Dry Fit, 3-6kg - Tamanho 2",Chicco,Embalagem de 50 unidades,"6,49 €","6,49 €/Unidade"
Queijo camembert 45% mg,Páturages,Embalagem de 250 g,"1,49 €","7,45 €/Kg"
Feijão encarnado,PorSi,Embalagem de 420 g,"1,79 €","2,29 €/Kg"
Bandas de cera fria peles normais,Veet,Embalagem de 20 unidades,"3,51 €","3,51 €/Unidade"
Creme calçado preto,PorSi,50 ml,"0,99 €","19,80 €/L"
Café torrado intensa,Nicola,Embalagem de 250 g,"9,16 €/Kg","9,16 €/Kg"
Café solúvel c/ cafeína,PorSi,Embalagem de 100g,"14,50 €/Kg","14,50 €/Kg"
Mel multifloral doseador,PorSi,Embalagem de 250g,"4,89 €","9,78 €/Kg"
Bolacha maria sem glúten,Schar,Embalagem de 200 g,"1,45 €","11,15 €/Kg"
"Café em grão, lote superior",Delta,Embalagem de 1 kg,"9,16 €/Kg","9,16 €/Kg"
"12 lápis de cor, 18cm",Domédia,Uma embalagem,"4,79 €","4,79 €/Unidade"
"Forma papel para bolos, 8. 4cm",PorSi,Embalagem com 60 unidades,"0,54 €","0,54 €/Unidade"
Acetona,PorSi,Embalagem de 60 ml,"1,89 €","9,45 €/L"
Sumo essencial kids,Compal,pack 3 x 0.11 l,"2,14 €","6,48 €/L"
Iogurte líquido yoggi morango,Nestle,Embalagem de 4 x 160 g,"1,19 €","1,86 €/Kg"
Desodorizante de Pés em Creme,Protex,Embalagem de 100 ml,"5,59 €","37,27 €/L"
Água Tónica Zero,Schweppes,Garrafa de 1 l,"5,96 €","5,96 €/L"
Canja c/ aletria,Knorr,Embalagem de 70g,"0,84 €","13,55 €/Kg"
Chocolate chunky,Kit kat,Embalagem de 160g,"3,59 €","14,36 €/Kg"
Ab bran flakes,Kellogg's,Embalagem de 375g,"1,49 €","2,98 €/Kg"
Fiambre Perna Extra Braseado Finissimas,Nobre,Embalagem de 120g,"0,97 €","6,49 €/Kg"
Comida húmida para gato duplo prazer com peixe do oc...,Gourmet Gold,Embalagem de 90g,"3,49 €","10,26 €/Kg"
Butter cookies,PorSi,Embalagem de 450g,"0,90 €","6,00 €/Kg"
"Detergente líquido, manual loiça, original",Fairy,"Embalagem de 1,5 l","0,99 €","1,98 €/L"
"Queijo fresco original, 1 unidade de 200 g",Santiago,Embalagem de 200g,"2,35 €","10,88 €/Kg"
Brandy,Constantin,Garrafa de 700 ml,"11,99 €","17,13 €/L"
Rebuçados fruta,PorSi,Embalagem de 250g,"2,30 €","57,50 €/Kg"
Ambientador eléctrico Relaxing Zen + recarga,Glade,1 unidade,"3,74 €","3,74 €/Unidade"
Empadão de carne produto pré-cozinhado ultracongelad...,PorSi,Embalagem de 350g,"3,53 €","8,83 €/Kg"
Spray optimal 7 com lixivia,Ajax,Embalagem de 500 ml,"1,79 €","2,39 €/L"
"Tesoura de escritório, 17 cm",Domédia,1 unidade,"2,19 €","109,50 €/L"
Cenoura biológica,PorSi Bio,Embalagem de aprox. 600 g,"0,10 €","0,95 €/Kg"
Toucinho Fumado,PorSi,fatiado a partir de 100 gr,"1,99 €","9,95 €/Kg"
Salsa,PorSi,Embalagem de 50g,"0,99 €","19,80 €/Kg"
Tarteletes com recheio morango,PorSi,Embalagem de 96g,"0,79 €","4,49 €/Kg"
Concentrado manga,Sunquick,Garrafa de 580 ml,"4,89 €","6,61 €/L"
Ovos Galinha Solo XL Categoria A,PorSi,6 unidades,"1,39 €","1,39 €/Unidade"
Chave de Bits + Conjunto de 20 Bits,Itools,1 unidade,"5,39 €","5,39 €/Unidade"
Dettol sabonete líquido frutos do bosque x 12,Dettol,Garrafa de 250 ml,"2,18 €/L","2,18 €/L"
"Cera de depilação oriental, pote",Labell,Embalagem de 250 ml,"3,51 €","3,51 €/Unidade"
Bolachas starship tradicional,PorSi,Embalagem de 150g,"0,90 €","6,00 €/Kg"
Ambientador carro difusor aqua,Ambipur,1 unidade,"2,89 €","2,89 €/Unidade"
Banheira c/ Acessórios,Vicam,1 unidade,"11,99 €/Unidade","11,99 €/Unidade"
Marmelada com noz,Quinta de Jugais,Embalagem de 500g,"1,09 €","2,42 €/Kg"
Liquido refrigerante verde 10%,PorSi,Embalagem de 1 l,"3,99 €","0,80 €/L"
Cereais lion chocolate/caramelo,Nestle,Embalagem de 400g,"1,29 €","10,24 €/Kg"
Detergentes máquina lavar loiça next generation,PorSi,30 pastilhas,"2,99 €","2,99 €/Unidade"
Vinho regional península de setúbal reserva,Periquita,Garrafa de 0.75 l,"8,59 €","11,45 €/L"
Alface frisada categoria: II Programa Origens,PorSi,Embalagem de 300 g,"1,09 €","4,36 €/Kg"
Pepitas 3 chocos,Vahine,Embalagem de 100g,"1,29 €","3,23 €/Kg"
Leite uht sem lactose magro,PorSi Viva Bem,1 litro,"0,81 €","0,81 €/L"
Meloa Gália Cortada,PorSi,100 g,"1,00 €","3,99 €/Kg"
"Discos desmaquilhantes, 120 unidades",PorSi,Embalagem de 120 unidades,"0,76 €","0,76 €/Unidade"
Tira gorduras recarga,Mistolin,Garrafa de 550 ml,"4,89 €","6,52 €/L"
Creme curgete com hortela,PorSi,Embalagem de 400g,"1,99 €","2,49 €/Kg"
Cerveja com álcool abadia,Super Bock,pack 6 x 0.33 l,"1,99 €/L","1,99 €/L"
Melão Amarelo,Fruta do Dia,Vendido ao peso | 1 un = 2.5 kg (aprox.),"1,00 €","3,99 €/Kg"
Sabonete de leite de burra,Confianca,Embalagem de 75 g,"1,99 €","12,44 €/Kg"
Barras de cereais nesquik,Nestle,Embalagem de 150g,"1,29 €","10,24 €/Kg"
Perna,Borrego,1 un = 1.5 kg (aprox.),"19,49 €","12,99 €/Kg"
Água sem gás,Penacova,Garrafão de 5 litros,"1,04 €","0,17 €/L"
Tira Nódoas em Gel Cores,Skip,1.6 l,"10,99 €","52,33 €/Kg"
Gelatina de origem vegetal de ananás 0%,Koala,Embalagem de 130g,"0,85 €","2,13 €/Kg"
Queijo flamengo ralado,Valformoso,Embalagem de 150g,"7,45 €/Kg","7,45 €/Kg"
Massas alimentícias laços,PorSi,Embalagem de 500g,"0,89 €","1,78 €/Kg"
Vinho branco frisante,Cacho Fresco,Garrafa de 0.75 l,"1,99 €","2,65 €/L"
Tesoura Essentials,Maped,13 cm,"1,99 €","1,99 €/Unidade"
Caramelos de leite,Penha,Embalagem de 100g,"2,75 €","11,00 €/Kg"
Tostas dietéticas,Diatosta,Embalagem de 225 g,"1,34 €","5,96 €/Kg"
Caldeirada de bacalhau,PorSi,Embalagem de 1 kg,"6,39 €","7,99 €/Kg"
Leite condensado,PorSi,Lata de 1 kg,"1,09 €","2,75 €/Kg"
Sumo 100% fresh maçã,Compal,Garrafa de 330 ml,"1,09 €","0,73 €/L"
Bolachas água e sal doces,Vieira,Embalagem de 170g,"0,98 €","3,27 €/Kg"
Kinder delice cacau,Kinder,Embalagem de 400g,"2,05 €","5,13 €/Kg"
Elixir Anti-Tartaro,Listerine,500 ml,"5,99 €","11,98 €/L"
Tablete de chocolate de culinária - sem açúcar,PorSi Viva Bem,Embalagem de 100 g,"1,04 €","8,32 €/Kg"
Sacos higiénicos para animal,Canaillou,4 x 20 unidades,"1,19 €","0,24 €/Kg"
Pastilha Elástica Bottle Frutos Vermelhos,Trident,Embalagem de 82 g,"0,68 €","45,33 €/Kg"
Vulcão brilhante,Clementoni,1 unidade,"6,20 €","6,20 €/Unidade"
Lixívia densa verde,Neoblanc,Embalagem de 1 l,"1,74 €","0,35 €/L"
Inseticida líquido elétrico recarga,Raid,Pack 3 x 27 ml,"7,69 €","7,69 €/Unidade"
Gressinos com chocolate,Schar,Embalagem de 52G,"2,39 €","6,83 €/Kg"
Tostas integrais,Diatosta,Embalagem de 225 g,"2,39 €","6,83 €/Kg"
Porto 10 anos,Valadao,Garrafa de 750 ml,"10,99 €","14,65 €/L"
Água s/ gás,Luso,"Garrafa de 0,75 l","1,04 €","0,17 €/L"
Bolachas chiquilin,Artiach,Embalagem de 180g,"1,69 €","6,76 €/Kg"
Flocos de cereais com mel,PorSi,Embalagem de 750g,"2,19 €","8,76 €/Kg"
Vinho tinto dão casa da passarela descoberta,Passarela,Garrafa de 750 ml,"3,99 €","5,32 €/L"
Vinho maduro tinto,Alto de Pias,Garrafa de 5 l,"5,19 €","1,04 €/L"
Máquina Depilatória Descartável 3 Sensitive,Bic,Embalagem com 4+2 unidades,"3,29 €","3,29 €/Unidade"
"Agrafos nº24/6, 2000 unidades",Maped,Uma embalagem,"1,69 €","1,69 €/Unidade"
Saco de cama criança,Saurium,1 un.,"34,99 €","34,99 €/Unidade"
Manteiga amendoim cremosa,Calve,Embalagem de 350g,"4,29 €","12,62 €/Kg"
Mel simples bio,Casaprisca,Embalagem de 250g,"4,89 €","9,78 €/Kg"
Tarteletes com recheio avelã,PorSi,Embalagem de 91g,"2,15 €","2,87 €/Kg"
Filetes primavera alho & ervas,Iglo,Embalagem de 230g,"1,79 €","7,16 €/Kg"
"Alimento seco para gato junior, galinha",Whiskas,Embalagem de 350g,"12,99 €","4,33 €/Kg"
Hambúrguer Vegeta Green Cuisine,Iglo green,Embalagem de 200g,"2,49 €","8,30 €/Kg"
Bife de atum,PorSi,Embalagem de 400 g,"4,39 €","10,98 €/Kg"
Alimento lácteo sem açucar com sabor a pêssego/banan...,Yogolino,Embalagem de 4 x 100 gr,"2,89 €","7,23 €/Kg"
Bastão de Cola,Domédia,10 g,"2,19 €","109,50 €/L"
Toalha em rolo papel branco,PorSi,1 Unidade,"19,99 €","19,99 €/Unidade"
Caldo de galinha 16 cubos,Knorr,Embalagem de 160g,"3,84 €","24,00 €/Kg"
Arroz integral,PorSi Viva Bem,Embalagem de 1 kg,"0,93 €/Kg","0,93 €/Kg"
Bandas de cera facial peles normais,Veet,Embalagem de 20 unidades,"3,51 €","3,51 €/Unidade"
Hortelã-menta,PorSi,20 g,"1,19 €","39,67 €/Kg"
Nectar vital equilibrio ananás/coco,Compal,Embalagem de 1 l,"0,99 €","0,99 €/L"
Dourada Pequena,Peixe do Dia,"Vendido ao peso, de 200 a 600 g","4,80 €","11,99 €/Kg"
Snack dentastix grande,Pedigree,Embalagem de 270 g,"5,58 €/Kg","5,58 €/Kg"
Folhado de salsicha com mostarda,Pastelaria do Dia,110 g,"0,65 €","0,65 €/Unidade"
"Bebidas leite, caramelo machiatto",STARBUCKS,Embalagem de 220 ml,"1,99 €","2,49 €/L"
"Shampoo, laranja",PorSi,Embalagem de 1 l,"3,99 €","0,80 €/L"
Queijo Feta Grego,PorSi Select,Embalagem de 200 g,"1,99 €","9,95 €/Kg"
Nata uht,Mimosa,embalagem de 200 ml,"0,75 €","3,75 €/L"
Licor de anis,Xarao,Garrafa de 700 ml,"16,99 €","24,27 €/L"
Pensos diários respirare,Carefree,embalagem com 20 unidades,"1,79 €","1,79 €/Unidade"
Ambientador elétrico + recarga alfazema,PorSi,1 unidade,"3,74 €","3,74 €/Unidade"
Aguardente bagaceira,S.domingos,Garrafa de 1 l,"12,90 €","18,43 €/L"
"Pastilhas fruit, frutos silvestres",Trident,Embalagem de 15 g,"0,68 €","45,33 €/Kg"
Leite s/ lactose meio gordo,Mimosa,Garrafa de 1 l,"1,29 €","1,29 €/L"
Cappucino go chill com aveia biológica,Delta,Embalagem de 230 ml,"3,19 €","25,52 €/Kg"
Perolas perfumadas floral,PorSi,Embalagem de 275 g,"8,69 €","1,84 €/Kg"
"Amaciador de roupa, pure",Comfort,Garrafa de 4 l,"8,99 €","2,25 €/L"
Fermento de padeiro em pó,Fermipan,Embalagem de 4x11 g,"1,65 €","20,12 €/Kg"
Café moagem universal timor,Delta,Embalagem de 220g,"9,76 €/Kg","9,76 €/Kg"
Café solúvel crema,Nescafe,Embalagem de 200g,"14,50 €/Kg","14,50 €/Kg"
Gomas favoritos classic,Haribo,Embalagem de 90g,"1,19 €","3,97 €/Kg"
Termo drena rapid,PLANTANATU,Garrafa de 500 ml,"9,69 €","9,69 €/Unidade"
Farinha láctea menos 40% açúcar,Cerelac,Embalagem de 250g,"4,49 €","4,49 €/Kg"
Cereais argolas de mel,PorSi,Embalagem de 375 g,"5,07 €/Kg","5,07 €/Kg"
Iogurte tipo grego stracciatella,PorSi,Embalagem de 500g,"1,49 €","2,98 €/Kg"
Copo de Gin 60 cl,Anilar,1 un.,"11,00 €","11,00 €/Unidade"
Sumo 100% maçã,PorSi,"Embalagem de 1,5 l","1,09 €","0,73 €/L"
20 saquetas chá digestão fácil,Lipton,Embalagem de 30g,"85,00 €/Kg","85,00 €/Kg"
Tablete de chocolate de leite com amêndoas - sem açú...,PorSi Viva Bem,Embalagem de 100 g,"10,52 €/Kg","10,52 €/Kg"
Whisky Malte 12 Anos,Singleton,Garrafa 0.70L,"34,99 €","49,99 €/L"
Água com gás,Vimeiro,pack 6 x 0.25 l,"2,85 €","2,85 €/L"
Pizza fiambre e queijo,Campofrio,Embalagem de 360g,"0,99 €","4,30 €/Kg"
Francesinha,PorSi,Embalagem de 450G,"3,53 €","8,83 €/Kg"
Medalhões de pescada,PorSi,Embalagem de 400 g,"4,39 €","10,98 €/Kg"
Cereais Corn Flakes Zero,Nacional,Embalagem de 375 g,"1,49 €","2,98 €/Kg"
Batata frita gourmet,PorSi,Embalagem de 150g,"1,06 €","5,73 €/Kg"
Conjunto Love Story Frizz,IDC,1 conjunto,"1,10 €","1,10 €/Unidade"
"Limpa vidros pistola, tripla acção",Ajax,Embalagem de 500 ml,"3,19 €","6,38 €/L"
Açúcar amarelo,PorSi,Embalagem de 1 kg,"1,49 €","1,49 €/Kg"
Mandioca,Legumes do Dia,1 un=500 gr (aprox.),"0,75 €","2,99 €/Kg"
Tempero em pó galinha,Knorr,Embalagem de 135g,"3,84 €","24,00 €/Kg"
Óleo Cedro Líquido,PorSi,Embalagem de 200 ml,"4,39 €","14,63 €/L"
Néctar de pera,PorSi,Pack 3 x 200 ml,"0,99 €","0,99 €/L"
Iogurte Bifidus Activia Chia Amêndoa 0%,Danone,Embalagem 4x120g,"2,79 €","6,07 €/Kg"
Coentros,PorSi,20 g,"1,19 €","39,67 €/Kg"
Agrafador + 400 agrafos,Domédia,Uma embalagem,"2,19 €","109,50 €/L"
"Pasta de arquivo, lombada estreita, azul",Domédia,1 unidade,"1,69 €","1,69 €/Unidade"
Leite de coco bio,PorSi Bio,400 ml,"2,99 €","5,98 €/Kg"
Camarão moçambique 60/80,PorSi,800 g,"8,99 €","25,69 €/Kg"
Travessa com naperon 45x36cm,PorSi,1 unidade,"0,54 €","0,54 €/Unidade"
"Paté de sarinha, atum e marisco",Fides,Embalagem de 90g,"1,19 €","13,52 €/Kg"
Churritos,PorSi,Embalagem de 240g,"2,05 €","5,13 €/Kg"
Nestum aveia e morango,Nestum,Embalagem de 250g,"2,19 €","8,76 €/Kg"
Bebida de Soja Chocolate,PorSi Viva Bem,Pack: 3 x 200 ml,"2,49 €","2,49 €/L"
"Líquido para ferro de engomar, rosas",PorSi,Embalagem de 2 l,"10,99 €","52,33 €/Kg"
Feijão manteiga,PorSi,Embalagem de 500g,"0,95 €","1,90 €/Kg"
Bolachas maria,Triunfo,Embalagem de 200g,"2,11 €/Kg","2,11 €/Kg"
Salada bacon,PorSi,Embalagem de 192 g,"2,35 €","5,60 €/Kg"
Leite pasteurizado gordo,Vigor,Garrafa de 1 l,"1,09 €","1,09 €/L"
Bolachas dinossauros dinoovos,Artiach,Embalagem de 140g,"1,89 €","15,75 €/Kg"
Farinha rainha c/ fermento,Nacional,Embalagem de 1000 g,"1,99 €","1,99 €/Kg"
Chá Aromatizado Pirâmide Baunilha/Caramelo,PorSi,20 x 2 g,"58,44 €/Kg","58,44 €/Kg"
"Escova de cabelo, esqueleto",Labell,Embalagem com 1 unidade,"3,99 €","3,99 €/Unidade"
Flocos de aveia bio,Seara,Embalagem de 400 g,"1,89 €","3,78 €/Kg"
Esteira desdobrável,Moveo,1 unidade,"4,49 €","4,49 €/Unidade"
Vinho do Porto Tawny,Velhotes,"garrafa de 0,75 l","16,99 €","22,65 €/L"
Elimina odores para calçado,Kiwi,Embalagem de 100 ml,"5,29 €","35,27 €/L"
Massa de argolinhas,Nacional,Embalagem de 250g,"0,89 €","1,78 €/Kg"
Tubo de Confetis 50 cm,Mercagranel,1 un.,"0,59 €","0,59 €/Unidade"
Queijo grana padano D.O.P 16 meses de cura,PorSi Select,Embalagem de 180 g,"2,87 €","15,94 €/Kg"
Gelatina pronta a comer tutti frutti,Royal,Embalagem de 4x100 g,"0,85 €","2,13 €/Kg"
Papel de alumínio,PorSi,50 metros,"1,11 €","1,11 €/Unidade"
Iogurte liquido stracciatella,PorSi,Embalagem de 4 x 160 g,"1,19 €","1,86 €/Kg"
Recarga Panos p/ Madeira,Swiffer,18 un.,"1,79 €","1,79 €/Unidade"
Apara lápis,Maped,1 unidade,"1,69 €","1,69 €/Unidade"
Fiambre da Pá,PorSi,1 un = 150 gr (aprox.),"0,97 €","6,49 €/Kg"
Pudim zero chocolate,Condi,27 g,"0,59 €","29,50 €/Kg"
8 hamburguers s/ glúten frango,Capitão Iglo,Embalagem de 480g,"11,44 €/Kg","11,44 €/Kg"
Luvas Super Grip M,Vileda,1 embalagem,"4,29 €","4,29 €/Unidade"
Pilha alcalina classic lr6x4,Domédia,1 unidade,"2,99 €","2,99 €/Unidade"
Recarga ambientador elétrico rosa bouquet,Air Wick,Embalagem de 1 unidades,"11,98 €","11,98 €/Unidade"
Bolacha chocodiet nature,Gullon,Embalagem de 270g,"0,79 €","5,27 €/Kg"
Café com cafeina solúvel,Delta,Embalagem de 20g,"14,50 €/Kg","14,50 €/Kg"
Bebida de soja com cálcio,PorSi Viva Bem,Embalagem de 1 litro,"2,49 €","2,49 €/L"
Tomates Redondos Kumato Biológicos,PorSi Bio,± 400 g,"0,87 €","3,49 €/Kg"
Beterraba sem Rama,Legumes do Dia,1 un=250 gr (aprox.),"0,75 €","2,99 €/Kg"
Bolacha digestive chocolate negro,MCVITIES,Embalagem de 300g,"0,98 €","3,27 €/Kg"
Puré de maçã em frasco,Andros,Embalagem de 730g,"3,44 €","4,71 €/Kg"
Cerveja super bock,Super Bock,Pack 6 x 200 ml,"1,99 €/L","1,99 €/L"
Azeite virgem clássico,PorSi,Garrafa de 750 ml,"3,19 €","4,25 €/L"
"Polpa de maracujá, em lata",Koala,Embalagem de 570g,"4,19 €","7,35 €/Kg"
Xarope morango,Paquito,Garrafa de 750 ml,"4,89 €","6,61 €/L"
Champagne,Dangin,"Garrafa de 0,75 l","5,90 €","8,43 €/L"
Pimento Vermelho,Legumes do Dia,1 un=250 gr (aprox.),"0,75 €","2,99 €/Kg"
Sopa de tomate,Knorr,Embalagem de 90g,"0,84 €","13,55 €/Kg"
Régua 50 cm,Mab,1 un.,"2,49 €","2,49 €/Unidade"
Sopa Canja de Galinha c/ Aletria,PorSi,Embalagem de 75 g,"0,84 €","13,55 €/Kg"
Super pequeno almoço instantâneo de curcuma e abóbor...,Origensbio,Embalagem de 300 g,"2,59 €","5,40 €/Kg"
Guardanapos Gold Maxi Natal 2 Folhas 39 x 39 cm,Renova,Embalagem com 75 un.,"1,29 €","1,29 €/Unidade"
Miolo de camarão 100/200,H2Gelo,Embalagem de 250  g,"8,99 €","25,69 €/Kg"
Pão de centeio,MUSEU PAO,Embalagem de 450g,"0,99 €","1,65 €/Kg"
Super Cola 3 Precisão C/ 50% Grátis,Loctite,7.5 g,"3,99 €","133,00 €/Kg"
Massa de cotovelos grandes riscados,Milaneza,Embalagem de 500g,"0,89 €","1,78 €/Kg"
Mala criativa,Lego,1 unidade,"34,99 €","34,99 €/Unidade"
Puré de maçã sem adição açúcar,PorSi,700 g,"0,74 €","8,22 €/Kg"
Bolachas Maria sem Açúcar,Vieira de Castro,Embalagem de 300 g,"2,11 €/Kg","2,11 €/Kg"
Tablete chocolate de leite,PorSi,embalagem de 100 g,"5,30 €/Kg","5,30 €/Kg"
Feijão manteiga,PorSi,Frasco com 540 g,"1,79 €","2,29 €/Kg"
Mistura saborosa,PorSi,Embalagem de 450g,"1,09 €","4,36 €/Kg"
Descafeinado,Buondi,10 cápsulas,"1,59 €","6,36 €/Kg"
Snacks croc.amendoim,PorSi,Embalagem de 90g,"0,79 €","7,90 €/Kg"
Collant licra 15d musk xl,PorSi,Embalagem de 1 unidades,"1,89 €/Unidade","1,89 €/Unidade"
Discos Sanitários Activos Aparelho Lavanda,WC Pato,Embalagem de 36 ml,"2,99 €","74,75 €/Kg"
Jardineira,PorSi,Embalagem de 400 g,"1,89 €","1,89 €/Kg"
Areia para gatos 100% natural,PorSi,Embalagem de 5 kg,"1,19 €","0,24 €/Kg"
Faca Chefe 15 cm Inox,PorSi,1 unidade,"3,65 €","3,65 €/Unidade"
Ração para gato bolas de pelo com frango,Friskies,"Embalagem de 1,5kg","12,99 €","4,33 €/Kg"
Lulas recheadas,Piteu,Embalagem de 120g,"0,89 €","7,42 €/Kg"
Farinha para pão integral,Nacional,Embalagem de 1 kg,"1,99 €","1,99 €/Kg"
Cerveja com álcool,Sagres,pack 24 x 0.25 l,"1,99 €/L","1,99 €/L"
Soro fisiológico,PorSi,Embalagem de 100 ml,"0,59 €","5,90 €/L"
Gomas starmix,Haribo,Embalagem de 90g,"1,19 €","3,97 €/Kg"
Ice tea de pêssego,PorSi,"Embalagem de 1,5 l","1,14 €","0,76 €/L"
Toalha em rolo papel azul,PorSi,1 Unidade,"19,99 €","19,99 €/Unidade"
Tónico de limpeza age perfect,L'oreal,Embalagem de 200 ml,"0,76 €","0,76 €/Unidade"
Esponja marinha natural,Neo Baby,1 unidade,"3,99 €","3,99 €/Unidade"
Mel rosmaninho 500g,SERRAMEL,Embalagem de 500G,"4,89 €","9,78 €/Kg"
Leite pasteurizado m/g sem lactose,Vigor,Garrafa de 1 l,"1,09 €","1,09 €/L"
Cera de depilação profissional,Veet,Garrafa de 300 ml,"3,51 €","3,51 €/Unidade"
Pilhas recarregáveis longa duração AAA HR03 1.2V 800...,Domédia,Embalagem com 4 unidades,"2,99 €","2,99 €/Unidade"
Polpa tomate biológico,Guloso,Embalagem de 500g,"2,99 €","5,98 €/Kg"
8 salsichas aves,Izidoro,Embalagem de 200g,"0,75 €","3,75 €/Kg"
Molas de madeira,PorSi,36 unidades,"0,89 €","0,89 €/Unidade"
Collant licra 15d preto xl,PorSi,Embalagem de 1 unidades,"1,89 €/Unidade","1,89 €/Unidade"
"Fiambre extra, fatiado",PorSi,Embalagem de 200g,"0,97 €","6,49 €/Kg"
Marmelada,Ferbar,Embalagem de 800g,"1,09 €","2,42 €/Kg"
Queijo de cabra gourmet,Palhais,Embalagem de 180g,"1,89 €","10,50 €/Kg"
Bolachas crackers com sal,PorSi,Embalagem de 500g,"0,39 €","3,12 €/Kg"
"Recarga ambientador, toque&fresh relax zen",Glade,Embalagem de 10 ml,"9,99 €","9,99 €/Unidade"
Gogo SqueeZ Snack de Maçã,Gogo,Embalagem de 4 x 90g,"2,29 €","6,94 €/L"
Creme vitalift 5,Men expert,Embalagem de 50 ml,"5,99 €","14,98 €/L"
"Queijo regional de vaca, cabra e ovelha curado",Qj.saloio,Embalagem de 190g,"5,99 €","23,96 €/Kg"
Iogurte vidro pedaços morango,PorSi,Embalagem de 2 x 135 g,"1,49 €","2,98 €/Kg"
Lixívia Tradicional,Neoblanc,Embalagem de 4 l,"1,74 €","0,35 €/L"
Bolachas waffers com recheio de limão,Cuetara,Embalagem de 150 gr,"0,98 €","4,67 €/Kg"
Infusão de tília,Tetley,Embalagem de 10g,"20,91 €/Kg","20,91 €/Kg"
Cordon bleu,PorSi,Embalagem de 1 kg,"2,79 €","8,72 €/Kg"
Gomas beijinhos,PorSi,Embalagem de 300 g,"1,19 €","3,97 €/Kg"
Gogo SqueeZ Snack Maçã,Gogo,Embalagem de 90g,"2,29 €","6,94 €/L"
"Tiras limpa poros faciais, 6unidades",Labell,1 embalagem,"0,76 €","0,76 €/Unidade"
Elimina odores shoe fresh,Kiwi,Embalagem de 100 ml,"5,29 €","35,27 €/L"
Cadeira Auto Ever Safe Grupo 1/2/3,Bebéconfort,unidade,"42,99 €","42,99 €/Unidade"
Oikos morango 110g x4,Danone,Embalagem de 440g,"1,49 €","2,98 €/Kg"
Doce pessego 284g,ST.DALFOUR,Frasco de 284g,"2,19 €","9,95 €/Kg"
"Guardanapos brancos, 33x33cm, 2 folhas, 90 unidades",Renova,Uma embalagem,"1,29 €","1,29 €/Unidade"
Choco flakes,Cuetara,Embalagem de 500g,"5,07 €/Kg","5,07 €/Kg"
Caderno A4 Agrafado Quadriculado,Firmo,1 un.,"4,59 €","4,59 €/Unidade"
Esparguete integral com aveia,Milaneza,Embalagem de 500g,"0,89 €","1,78 €/Kg"
Gel de Banho Deeply Nourishing,Dove,Embalagem de 750 ml,"6,49 €","8,65 €/L"
Pensos Incontinência Mulher Discreet Normal,Tena,Embalagem com 24 unidades,"1,95 €","1,95 €/Unidade"
Elixir Total Care Zero,Listerine,Embalagem de 500 ml,"5,99 €","11,98 €/L"
Alface Iceberg,Legumes do Dia,1 un= 400 g (aprox.),"0,88 €","2,19 €/Kg"
Detergente líquido máquina de roupa sabão natural,PorSi,86 Doses,"8,69 €","1,84 €/Kg"
40 filtros café número 4,Planteur,Embalagem com 40 filtros,"0,89 €","0,89 €/Unidade"
Bolacha waffer bites cacau,Waferland,Embalagem de 125g,"0,98 €","4,67 €/Kg"
Creme vegetal culinário,Vaqueiro,Embalagem de 250 g,"2,89 €","2,89 €/Kg"
Vinho rosé regional península de Setúbal,Selecção de Enófilos,Garrafa de 0.75 l,"8,59 €","11,45 €/L"
"Frutapura maçã, banana e frutos do bosque",Bledina,Embalagem de 85g,"2,29 €","6,94 €/L"
Alecrim em folhas,PorSi,Embalagem de 25g,"0,25 €","0,25 €/Kg"
Leite UHT Meio Gordo,PorSi,Embalagem de 200 ml,"0,78 €","0,78 €/L"
Gelatina ananás 10kcal,Royal,Embalagem de 30g,"0,55 €","61,11 €/Kg"
Azeite virgem extra seleção,PorSi,Garrafa de 2 l,"3,19 €","4,25 €/L"
Chocolate milkinis,Milka,Embalagem de 90g,"18,50 €/Kg","18,50 €/Kg"
Farinha láctea cerelac,Cerelac,Embalagem de 500g,"4,49 €","4,49 €/Kg"
Chupa original,Chupachups,Embalagem de 120g,"2,29 €","5,73 €/L"
Cápsulas de café com leite cappuccino,Nescafe,Embalagem com 16 cápsulas,"54,36 €/Kg","54,36 €/Kg"
Rebuçados drops recheio de fruta,PorSi,Embalagem de 250g,"2,30 €","57,50 €/Kg"
Peito de peru fatiado,PorSi,Embalagem de 200g,"2,25 €","11,25 €/Kg"
Maionese,PorSi,Embalagem de 414 g,"0,70 €","2,33 €/Kg"
Fiambre da perna extra,PorSi,Pack Poupança de 2 x 170 g,"0,97 €","6,49 €/Kg"
Sacos do lixo perfumado 30 litros,PorSi,15 unidades,"1,79 €","1,79 €/Unidade"
"Bacalhau graúdo inteiro salgado, seco",Bacalhau da Islândia,1 un= 2.5kg (aprox.),"8,73 €/Kg","8,73 €/Kg"
Bebida de soja e chocolate,PorSi Viva Bem,Embalagem de 1 l,"2,49 €","2,49 €/L"
Bastão de cola,Domédia,20 g,"2,19 €","109,50 €/L"
18 hamburguers s/ glúten vaca,Capitão Iglo,Pack familiar com 1.4 kg,"2,79 €","8,72 €/Kg"
Queijo dop cura 4 meses fatias,Sao jorge,Embalagem de 400g,"2,42 €","9,69 €/Kg"
Morangos 100% Naturais,PorSi,Embalagem de 750 g,"3,29 €","4,39 €/Kg"
Gelado magnum pint clássico,Olá,Embalagem de 440 ml,"6,79 €","14,76 €/L"
Descafeinado em cápsulas Pianíssimo 10x5g,PorSi Select,Embalagem de 50g,"1,59 €","6,36 €/Kg"
Resguardo para mesa,PorSi,Dim.: 140 x 200 cm,"19,99 €","19,99 €/Unidade"
Bolachas com recheio de chocolate,PorSi,Embalagem de 3 x 250 g,"2,15 €","2,87 €/Kg"
Cereais nesquik,Nestle,Embalagem de 625g,"5,07 €/Kg","5,07 €/Kg"
Vela com número 4,PorSi,1 unidade,"0,60 €","0,60 €/Unidade"
Fruta para bebé banana laranja bolacha +6 meses,Nestle,Embalagem de 90g,"0,74 €","8,22 €/Kg"
Azeite virgem extra gourmet,Gallo,Garrafa de 750 ml,"3,19 €","4,25 €/L"
Collant licra 15d musk l,PorSi,Embalagem de 1 unidades,"1,89 €/Unidade","1,89 €/Unidade"
Pizza ristorante speciale,Dr. Oetker,Embalagem de 330g,"2,16 €","6,17 €/Kg"
Bebida Solúvel Mokambo Chicória e Café,Nestle,Embalagem de 240g,"14,50 €/Kg","14,50 €/Kg"
Refeição caseira almôndegas,Nobre,Embalagem de 420g,"2,35 €","5,60 €/Kg"
"Cueca de incontinência, adulto, pequena",PorSi,Embalagem com 14 unidades,"9,99 €","9,99 €/Unidade"
Pó baratas e formigas,Baygon,Embalagem de 250 g,"5,49 €","13,73 €/L"
Pack de 3 embalagens de polpa de tomate,Compal,Embalagem de 630g,"3,84 €","24,00 €/Kg"
Risott mediterrâneo,Trevijano,Embalagem de 280g,"2,99 €","271,82 €/Kg"
Esfregão Salva Unhas Fibra verde Plus,Vileda,Embalagem com 1+1 grátis,"2,54 €","2,54 €/Unidade"
Néctar de laranja e cenoura light,PorSi,Embalagem de 3 x 200 ml,"0,84 €","2,55 €/L"
Queijo creme de salmão,Philadelph,Embalagem de 150g,"4,68 €","11,70 €/Kg"
Cappucino go chill com cacau,Delta,Embalagem de 230 ml,"3,19 €","25,52 €/Kg"
Royal gelatin,Royal,Embalagem de 400g,"0,85 €","2,13 €/Kg"
Pescada panada em forma de filete,Pescanova,Embalagem de 1 Kg,"4,39 €","10,98 €/Kg"
Creme de Mãos Intensivo,Nivea,Embalagem de 100 ml,"2,59 €","25,90 €/L"
Bolacha dibus mini angry birds,Gullon,Embalagem de 250g,"1,89 €","15,75 €/Kg"
"Loção Protector Solar, F15",Hawaiian Tropic,Embalagem de 100 ml,"15,69 €","78,45 €/L"
Champô Hidratante,Baby Dove,Embalagem de 400 ml,"1,99 €","1,99 €/Unidade"
Gin dry,Big Boss,Garrafa de 700 ml,"19,90 €","19,90 €/L"
Presépio Cerâmica 4 Figuras,B. Couto,Dim.: 20cm,"14,99 €","14,99 €/Unidade"
Croissant Brioche 85 g,Pastelaria do Dia,,"0,69 €","0,69 €/Unidade"
Chupas geladitos polaretti,Dolfin,Embalagem de 400 ml,"2,29 €","5,73 €/L"
Fita cola transparente,Uhu,15mm x 33m,"2,19 €","109,50 €/L"
Croissant de Manteiga,PorSi,50g,"0,69 €","0,69 €/Unidade"
Guache,Giotto,6 x 7.5 ml,"3,09 €","3,09 €/Unidade"
Fábrica louca,Play-Doh,1 unidade,"27,99 €/Unidade","27,99 €/Unidade"
