Nome,Marca,Unidade,Preço Primário,Preço Secundário
Dentifríco Flúor Gel,Colgate,Embalagem de 75 ml,"2,39 €","31,87 €/L"
Miolo de camarão 80/100,Pescanova,Embalagem de 350g,"8,99 €","25,69 €/Kg"
"Maionese, frasco",Hellmman's,Embalagem de 210g,"0,70 €","2,33 €/Kg"
Bebida Energética Apple,Hell,250 ml,"1,60 €","3,20 €/L"
Saqueta de puré de fruta | maçã + banana + morango,PorSi,90 g,"0,74 €","8,22 €/Kg"
Spray optimal 7 cozinha,Ajax,500 ml,"1,29 €","1,72 €/L"
Maleta infantário,Playmobil,1 unidade,"22,99 €","22,99 €/Unidade"
Maxi folhado queijo/fiambre,Pastelaria do Dia,1 unidade = 125 g,"0,65 €","0,65 €/Unidade"
Vinho tinto,Adega grande,Garrafa de 75 cl,"2,99 €","3,99 €/L"
Azeite,PorSi,Garrafa de 1 l,"3,19 €","4,25 €/L"
Areia para Gato Absorvente 100% Natural,Friskies,Embalagem de 5 l,"1,19 €","0,24 €/Kg"
Camarão cozido 40/60,PorSi,Embalagem de 500 g,"9,99 €","19,98 €/Kg"
Polvilho doce,PorSi,Embalagem de 500g,"2,29 €","4,58 €/Kg"
Limpa Motores,PorSi,Embalagem de 1 l,"3,49 €","13,96 €/L"
Papel higiénico compacto,PorSi,24 rolos,"1,99 €","1,99 €/Unidade"
Gel desinfetante casa de banho,Sonasol,Embalagem de 1.25 litros,"2,79 €","3,99 €/L"
Ração para gato esterilizado com peru,Friskies,Embalagem de 3 kg,"12,99 €","4,33 €/Kg"
Muesli Frutas,PorSi,500 g,"2,45 €","4,90 €/Kg"
Salsichas cocktail,PorSi,Lata com 180 g,"0,75 €","3,75 €/Kg"
Vinho doc douro tinto,Papa Figos,Garrafa de 0.75 l,"7,49 €","9,99 €/L"
"Vinho rosé, meio seco",Leziria,Garrafa de 750 ml,"4,29 €","5,72 €/L"
Água c/ gás groselha,Frize,pack 4 x 0.25 l,"2,85 €","2,85 €/L"
Travessas ovais cana em cana-de-açúcar 26.3 x 19.9 m...,PorSi,6 unidades,"1,15 €","1,15 €/Unidade"
Spray silicone,Arbo,Embalagem de 600 ml,"3,49 €","13,96 €/L"
Espadilha congelada,Peixe Congelado,Pescado no mar,"4,39 €","10,98 €/Kg"
Miolo de camarão cozido 40/60,Pescanova,Embalagem de 200 g,"8,99 €","25,69 €/Kg"
Bebida energética green,Monster,Garrafa de 500 ml,"1,60 €","3,20 €/L"
Milho partido,Rac.zezere,Embalagem de 5 kg,"2,49 €","2,49 €/Kg"
Cebolinho,PorSi,Embalagem de 50g,"0,99 €","19,80 €/Kg"
Sumo essencial de pêssego,Compal,pack 3 x 0.11 l,"0,99 €","0,99 €/L"
Remove Insectos,PorSi,Embalagem de 1 l,"3,49 €","13,96 €/L"
Renovador Camurça em Spray Preto,Búfalo,Embalagem de 250 ml,"5,09 €","50,90 €/L"
Néctar clássico laranja,Compal,Embalagem de 1 l,"0,99 €","0,99 €/L"
"Coloração permanente, castanho claro cobre nº54",Nutrisse,1 unidade,"9,49 €/Unidade","9,49 €/Unidade"
Guardanapos 2 folhas azul e dourado,PorSi Select,40 unidades,"1,29 €","1,29 €/Unidade"
"Forma de papel para bolos, 9 cm, 60 unidades",PorSi,Uma embalagem,"0,99 €","0,99 €/Unidade"
Depilatório homem gel,Veet,Garrafa de 200 ml,"12,99 €","12,99 €/Unidade"
Salsichas de porco,Nobre,Lata de 200g,"0,75 €","3,75 €/Kg"
Spray tira gorduras eco,PorSi,Garrafa de 750 ml,"0,79 €","0,79 €/L"
Salsichas frasco hot dog,PorSi,Embalagem 540G,"0,75 €","3,75 €/Kg"
Recarga para ambientador elétrico flor de cerejeira,Air Wick,19 ml,"11,98 €","11,98 €/Unidade"
Laca Cabelo Criação Brilho,Tresemmé,Embalagem de 300 ml,"4,99 €","24,95 €/L"
Lápis de cera,Giotto,embalagem com 12 unidades,"4,69 €","4,69 €/Unidade"
Iogurte sólido sem lactose morango,Mimosa,Embalagem de 480g,"2,49 €","9,96 €/Kg"
Iogurte liquido de pinacolada,PorSi,Embalagem de 1 kg,"1,17 €","1,83 €/Kg"
Vinho tinto regional peninsula de setúbal,Fonte nico,Garrafa de 750 ml,"2,99 €","3,99 €/L"
Bolo Rei c/ Castanhas,Pastelaria do Dia,1 un. = 600 g,"0,30 €/Unidade","0,30 €/Unidade"
Doce light alperce,PorSi,Embalagem de 340g,"3,59 €","10,26 €/Kg"
"Cueca de incontinência, adulto, pequena",PorSi,Embalagem com 14 unidades,"18,65 €","18,65 €/Unidade"
Gira a garrafa,Concentra,Uma unidade,"32,99 €/Unidade","32,99 €/Unidade"
Arroz Carolino,Saludães,Embalagem de 1 kg,"0,99 €","0,99 €/Kg"
Caramelos de fruta,PorSi,Embalagem de 250g,"1,10 €","4,40 €/Kg"
Linguas de gato,PorSi,Embalagem de 200 g,"0,69 €","3,45 €/Kg"
Biscoitos choco trio,Milka,Embalagem de 150g,"0,79 €","5,27 €/Kg"
Batata Branca,Legumes do Dia,10 kg,"0,65 €/Kg","0,65 €/Kg"
"Vinho tinto regional, península de setúbal, bag-in-b...",Dom Campos,Garrafa de 5 l,"9,49 €","1,90 €/L"
Fraldas premium T4 - 9 a 15 kg,PorSi,50 unidades,"6,49 €","6,49 €/Unidade"
Batmobile Rádio Controlo,Mondo,1 unidade,"22,99 €","22,99 €/Unidade"
Pensos Higiénicos Cottonlike Normal Abas,Evax,embalagem de 16 unidades,"2,59 €","2,59 €/Unidade"
Mistura solúvel brasa,Nestle,Embalagem de 200g,"1,64 €","6,56 €/Kg"
Iogurte Líquido Yoggi Frutos Tropicais s/ Lactose,Nestle,4x160g,"2,49 €","9,96 €/Kg"
Anti-Traça Alimentos,Dum Dum,2 unidades,"4,69 €","4,69 €/Unidade"
Biscoitos brownies,PorSi,Embalagem de 230g,"0,90 €","6,00 €/Kg"
Iogurte Líquido Frutos Tropicais,PorSi,1 Embalagem 4X160G,"1,17 €","1,83 €/Kg"
Álcool canforado 85%,PorSi,Embalagem de 250 ml,"0,59 €","1,18 €/L"
Limpador,Pronto,Embalagem de 750 ml,"2,29 €","2,29 €/L"
"Azeitonas pretas sem caroço, frasco de 165 g",PorSi,Embalagem de 165g,"1,79 €","2,29 €/Kg"
Refresco em pó de ananás,PorSi,Embalagem de 40 g,"0,75 €","18,75 €/Kg"
Comida húmida para gato duplo prazer com peixe do oc...,Gourmet Gold,Embalagem de 90g,"3,59 €","2,99 €/Kg"
Mel multifloral doseador,PorSi,Embalagem de 250g,"2,25 €","9,00 €/Kg"
Bolachas crackers integrais,PorSi,Embalagem de 500g,"0,39 €","3,12 €/Kg"
Vinho tinto,Pias,Garrafa de 5 l,"5,19 €","1,04 €/L"
Farinha de trigo sem fermento t65,PorSi,Embalagem de 1 kg,"1,99 €","1,99 €/Kg"
Bacalhau a bras,PorSi,Embalagem de 300g,"1,79 €","7,16 €/Kg"
Reparador de móveis escuro,Pronto,Embalagem de 100 ml,"4,39 €","14,63 €/L"
Champanhe tradicional bruto,Delagne&fi,Garrafa de 750 ml,"34,99 €","46,65 €/L"
Churrasqueira/Barbecue,Écoiffier,1 unidade,"32,99 €/Unidade","32,99 €/Unidade"
Milho para pipocas,Legumes secos,1 un = 100 gr. (aprox.),"0,26 €","2,59 €/Kg"
12 Preservativos Adapta Touch & Feel,Control,,"9,99 €","9,99 €/Unidade"
Bola de Berlim chocolate,PorSi,85g,"0,30 €/Unidade","0,30 €/Unidade"
Bebida de Soja Natural,PorSi Viva Bem,Pack: 3 x 200 ml,"2,49 €","2,49 €/L"
Fiambre da Pá Selecção,Nobre,Vendido ao peso,"0,97 €","6,49 €/Kg"
Pudim Rico em Proteína de Baunilha,Ehrmann,Embalagem de 200g,"1,19 €","2,59 €/Kg"
Ambientador recarga lavanda,Air Wick,Garrafa de 250 ml,"11,98 €","11,98 €/Unidade"
Slime Kit,Science4You,1 unidade,"24,90 €","24,90 €/Unidade"
Mel de montanha,PorSi Select,Frasco de 250 g,"2,25 €","9,00 €/Kg"
Cornflakes + gulosos,Cemporcent,Embalagem de 250g,"0,69 €","1,73 €/Kg"
Spray recarga limpeza da cozinha,Cif,embalagem de 70 ml,"0,79 €","0,79 €/L"
Creme marisco,Knorr,Embalagem de 70g,"0,84 €","13,55 €/Kg"
Balões latex azul,PorSi,Embalagem com 24 unidades,"1,54 €","1,54 €/Unidade"
Batata frita presunto,Ruffles,Embalagem de 150 g,"1,19 €","6,43 €/Kg"
Iogurte magro natural,Longa vida,Embalagem de 6 x 120 g,"0,99 €","1,32 €/Kg"
Elixir Anti-Tartaro,Listerine,500 ml,"6,49 €","12,98 €/L"
Bolachas,Oreo,Embalagem de 220g,"1,49 €","9,68 €/Kg"
Mousse limpeza refresh,Labell,Embalagem com 150ml,"12,48 €/L","12,48 €/L"
Camarão Selvagem Madagáscar 60/80,Nossa seleção,vendido ao peso,"7,79 €","12,99 €/Kg"
Cobertura de tartes,Vahine,Embalagem de 20g,"1,89 €","17,18 €/Kg"
Difusor elétrico sem fio para pastilhas,Ezalo,Embalagem de 1 unidades,"6,39 €","6,39 €/Unidade"
Bolo de sensação 1000g,Pastelaria do Dia,,"4,29 €","6,60 €/Kg"
Nestum aveia e maçã,Nestum,Embalagem de 250g,"2,99 €","3,99 €/Kg"
Leite de crescimento 4 de 1 a 3 anos,NAN,Embalagem de 800g,"22,39 €","27,99 €/Kg"
Iogurte fruta batida morango,Mimosa,Embalagem de 480g,"1,49 €","2,98 €/Kg"
Pensos diários maxi,Carefree,Embalagem com 64 unidades,"1,79 €","1,79 €/Unidade"
Iogurte Solido Bifidus Kiwi,Mimosa,Embalagem de 4 x 115g,"2,49 €","5,19 €/Kg"
Pensos com Abas de Noite,Ausonia,embalagem com 9 un.,"2,59 €","2,59 €/Unidade"
Detergente liquido para máquina de lavar roupa activ...,Skip,Embalagem de 80 doses,"13,99 €","3,29 €/L"
Bolachas belgas manteiga,PorSi,Embalagem de 250g,"1,69 €","6,76 €/Kg"
Cãozinho,Baby Clementoni,1 unidade,"32,99 €/Unidade","32,99 €/Unidade"
Lata de Brilho Preto,Búfalo,Embalagem de 75 ml,"0,99 €","19,80 €/L"
Espumante Bruto,Gancia,"Garrafa de 0,75 l","3,99 €","5,32 €/L"
"Água com gás, sabor limão",PorSi,"Embalagem de 6x0,25 l","2,85 €","2,85 €/L"
Elixir Nightly Reset,Listerine,400 ml,"6,49 €","12,98 €/L"
Vinho verde branco alvarinho,Qm,Garrafa de 0.75 l,"1,99 €","2,65 €/L"
10 saquetas chá yellow label,Lipton,Embalagem de 20g,"1,19 €","119,00 €/Kg"
Peito de frango,PorSi,"Vendido ao peso, fatiado a partir de 150 g","1,99 €","13,27 €/Kg"
Vinho regional tejo reserva tinto,Casaleiro,Garrafa de 0.75 l,"3,99 €","5,32 €/L"
Batata frita palha,Pala-pala,Embalagem de 250g,"0,87 €","5,44 €/Kg"
"Vinho maduro tinto, bag in the box",Capataz,Embalagem de 10 l,"5,19 €","1,04 €/L"
Biscoitos integrais aveia e manteiga de amendoim,PorSi Viva Bem,Embalagem de 150g,"1,20 €","3,90 €/Kg"
Lapiseira Velocity + 12minas,Bic,1 unidade,"2,49 €","2,49 €/Unidade"
Iogurte oikos natural,Danone,Embalagem de 4 x 110g,"1,49 €","2,98 €/Kg"
Tarteletes morango doses 192g,Vieira,Embalagem de 190g,"0,79 €","5,27 €/Kg"
Champô maçã,H&S,340 ml,"5,59 €","13,98 €/L"
Bol. chip choco s/gluten 130g,Gullon,Embalagem de 130g,"2,69 €","20,69 €/Kg"
"Patê de sardinha,atum e salmão",PorSi,Embalagem de 4 x 22 g,"1,19 €","13,52 €/Kg"
Resguardos de cama,PorSi,20 unidades de 80 x 180 cm,"10,99 €","10,99 €/Unidade"
"Escova de cabelo, pneumática nylon",Labell,Embalagem com 1 unidade,"3,99 €","3,99 €/Unidade"
Preparado em pó para pudim flan,El mandari,Embalagem de 19.2 g,"0,59 €","29,50 €/Kg"
Farinha de alfarroba bio,PorSi Bio,Embalagem de 200 g,"1,99 €","1,99 €/Kg"
Lambrusco tinto,*,Garrafa de 750 ml,"2,12 €/L","2,12 €/L"
Massa macarronete riscado,PorSi,Embalagem de 500g,"0,89 €","1,78 €/Kg"
Vinho DOC Trás-os-Montes Tinto,Terras de Mogadouro,750 ml,"7,49 €","9,99 €/L"
Ervilhas,PorSi,Embalagem de 400 g,"1,89 €","1,89 €/Kg"
Café solúvel c/ cafeína,Delta,Embalagem de 100g,"14,50 €/Kg","14,50 €/Kg"
Brandy,Croft,Garrafa de 1 l,"15,49 €","15,49 €/L"
Big burger frango,Capitão Iglo,Embalagem de 230g,"3,53 €","8,83 €/Kg"
Tampões Compak Pearl Super Com Aplicador,Tampax,16 unidades,"3,99 €","3,99 €/Unidade"
Queijo flamengo em fatias,Terra Nostra,Embalagem de 200g,"1,56 €","7,80 €/Kg"
Sardinha em tomate,PorSi,Embalagem de 120g,"9,08 €/Kg","9,08 €/Kg"
Pólen de abelhas,PorSi Select,Frasco de 130 g,"2,25 €","9,00 €/Kg"
Infusão nº 6 sem barriga,Cemporcent,Embalagem de 10 unidades,"0,99 €","76,15 €/Kg"
Senses Watermelon,Trident,1 un.,"0,89 €","59,33 €/Kg"
Espumante cava bruto,Freixenet,pack 3 x 200 ml,"8,99 €","14,98 €/L"
Leite uht gordo com rosca,PorSi,Embalagem de 1 litro,"0,94 €","0,94 €/L"
Palmiers de maçã e canela,Du bois,Embalagem de 150g,"0,69 €","3,45 €/Kg"
Manteiga c/ sal,Mimosa,Embalagem de 250g,"1,69 €","6,76 €/Kg"
Lula limpa,Pescanova,Embalagem de 450g,"4,39 €","10,98 €/Kg"
10 croquetes de carne,PorSi,Embalagem de 300 g,"1,79 €","7,16 €/Kg"
Conjunto Urban Floral,Nike,PERFUME 100ML + LOÇÃO CORPORAL 75ML + GEL DE BANHO 75ML,"13,49 €","13,49 €/Unidade"
"Baton, soft rosa",Labello,Embalagem de 5 g,"0,58 €","0,58 €/Unidade"
Bolachas brownie tubo,Oreo,Embalagem de 150g,"1,49 €","9,68 €/Kg"
Cuecas de incontinência grandes,Ausonia Discreet,Embalagem com 7 unidades,"18,65 €","18,65 €/Unidade"
Lixívia Roupa delicada,PorSi,Embalagem de 2 l,"0,60 €/L","0,60 €/L"
Régua 50 cm,Mab,1 un.,"0,80 €","0,80 €/Unidade"
"Engoma fácil, pistola",PorSi,Embalagem de 750 ml,"3,99 €","5,70 €/L"
Limpa injetores gasolina,PorSi,Embalagem de 250 ml,"14,99 €","14,99 €/L"
Flocos cereais chocolate,PorSi,Embalagem de 300g,"2,99 €","3,99 €/Kg"
Pastilhas 60 minutos Spearmint Botlle,Trident,Embalagem com 80g,"0,89 €","59,33 €/Kg"
Farinha de fubá de milho,Nacional,Embalagem de 1 kg,"1,99 €","1,99 €/Kg"
Café em grão 5 estrelas,Sical,Embalagem de 250g,"9,16 €/Kg","9,16 €/Kg"
Pudim de caramelo,Boca Doce,Embalagem de 20g,"0,59 €","29,50 €/Kg"
8 fantasias do mar,PorSi,Embalagem de 250g,"1,79 €","7,16 €/Kg"
Batata frita churrasco,PorSi,Embalagem de 185 g,"1,19 €","6,43 €/Kg"
12 Caldos de carne,PorSi,Embalagem de 127 g,"3,84 €","24,00 €/Kg"
Iogurte Oikos de Ananás,Danone,Embalagem de 4x110g,"1,49 €","2,98 €/Kg"
Gelado magnum after dinner,Olá,Embalagem de 10 x 35 ml,"1,99 €","4,15 €/L"
Pringles sour cream & onion,Pringles,Embalagem de 175g,"1,19 €","6,43 €/Kg"
Queijo meio gordo,D. Pedro,Vendido ao peso a partir de 250 gr,"3,84 €","15,35 €/Kg"
Água de rosas,Hidro,Embalagem de 200 ml,"23,70 €/L","23,70 €/L"
Couve flor,PorSi,Embalagem de 750 kg,"1,89 €","1,89 €/Kg"
Linhaça castanha moída,Cemporcent,Embalagem de 200g,"1,49 €","7,45 €/Kg"
Brandy,Constantin,Garrafa de 700 ml,"15,49 €","15,49 €/L"
Manteiga com sal,Milhafre,Embalagem de 250g,"1,69 €","6,76 €/Kg"
"Tampão normal, 32 unidades",Labell,1 embalagem,"3,99 €","3,99 €/Unidade"
Ração para gato adulto de interior,Friskies,Embalagem de 3 kg,"12,99 €","4,33 €/Kg"
Purificador de água,Tetra,Embalagem de 1 l,"7,29 €","7,29 €/L"
Sabonete original,Palmolive,Embalagem de 4x90 g,"1,99 €","12,44 €/Kg"
Coroa de Natal,*,Dim.: 40 cm,"19,99 €","19,99 €/Unidade"
Desodorizante roll-on Invisible,Rexona,Embalagem de 50ml,"1,39 €","6,95 €/L"
Bolachas digestive finas de chocolate negro,Triunfo,Embalagem de 170 g,"0,79 €","5,27 €/Kg"
Bloco Sanitário Sólido Poder Activo Pinho,Sonasol,Embalagem de 2x50 g,"2,99 €","74,75 €/Kg"
Creme de cenoura,PorSi,Embalagem de 400 g,"1,99 €","2,49 €/Kg"
"Coloração permanente, castanho dourado, nº43",Nutrisse,1 unidade,"9,49 €/Unidade","9,49 €/Unidade"
Infusão tília,Cemporcent,Embalagem de 10 unidades,"0,99 €","76,15 €/Kg"
Cereais corn flakes s/ glúten chocolate,Nestle,Embalagem de 380g,"2,99 €","7,97 €/Kg"
Fruta Compal Essencial Laranja,Compal,pack de 3 x 110 ml,"2,29 €","6,94 €/L"
Gelatina melancia 10kcal 31g,Royal,Embalagem de 30g,"0,55 €","61,11 €/Kg"
Preparado em pó para pudim flan,El mandari,Embalagem de 19.2 g,"0,45 €","5,00 €/Kg"
Iogurte Pedaços Kiwi 0% Matéria Gorda/Açúcares,Danone,4 x 120 g,"3,99 €","6,65 €/Kg"
Copos de papel brancos 200 ml,PorSi,25 unidades,"1,15 €","1,15 €/Unidade"
Renovador de Camurça em Spray Incolor,Búfalo,Embalagem de 250 ml,"5,09 €","50,90 €/L"
Arroz extra longo branco,Oriente,Embalagem de 1kg,"0,99 €","0,99 €/Kg"
Azeite Subtil,Gallo,Garrafa de 750 ml,"3,19 €","4,25 €/L"
Feijão preto cozido,PorSi,Embalagem de 820g,"1,79 €","2,29 €/Kg"
Mimos de pescada do cabo,Pescanova,Embalagem de 360g,"4,39 €","10,98 €/Kg"
Guardanapos,PorSi,,"1,29 €","1,29 €/Unidade"
Requeijão de vaca,PorSi,Embalagem de 200 g,"1,09 €","5,45 €/Kg"
Manteiga com sal e sem lactose,Mimosa,Embalagem de 250g,"1,69 €","6,76 €/Kg"
"Limpa vidros cristal, pistola",PorSi,Embalagem de 1 l,"3,19 €","6,38 €/L"
Pudim abade de priscos,*,130 ml,"1,89 €","13,50 €/L"
Moscatel do Douro,Selecção de Enófilos,"Garrafa de 0,75 l","6,79 €/L","6,79 €/L"
Creme Depilatório Duche Men Peles Normais,Veet,Embalagem com 150 ml,"10,99 €","73,27 €/L"
Nata uht para culinária,Parmalat,Embalagem de 200 ml,"1,12 €","5,60 €/L"
Vinho Verde Loureiro Branco,Aveleda,Garrafa de 0.75 l,"1,99 €","2,65 €/L"
Recargas ambientador elétrico sensual sandalwood & j...,Glade,Embalagem de 2 x 20 ml,"11,98 €","11,98 €/Unidade"
Ice tea pessêgo,Lipton,pack 6 x 0.25 l,"1,90 €","1,27 €/L"
Set Cozinha,Frozen,1 conjunto,"32,99 €/Unidade","32,99 €/Unidade"
Creme vegetal sabor manteiga,PorSi,Embalagem de 500 g,"1,39 €","6,95 €/L"
Chávena c/Asa 32Cl,Dume,1 unidade,"3,69 €","3,69 €/Unidade"
Sopa de legumes,PorSi,800 g,"1,99 €","2,49 €/Kg"
Vinagre de vinho tinto,PorSi,Garrafa de 500 ml,"0,35 €","0,70 €/L"
Adoçante à base de sucralose,PorSi Viva Bem,Embalagem de 17g,"6,21 €","6,21 €/Unidade"
"Cera cabelo, paste signature",Axe,Embalagem de 75 ml,"4,99 €","24,95 €/L"
"Esquadro, 21 cm 60.",Domédia,1 unidade,"4,69 €","4,69 €/Unidade"
Vinho Tinto DOC Dão Reserva,Catedral,Garrafa 75cl,"3,99 €","5,32 €/L"
Cocktail de marisco,PorSi,Embalagem de 400 g,"2,19 €","8,59 €/Kg"
Toalhitas multiusos limão,PorSi,Embalagem de 80 unidades,"1,79 €","1,79 €/Unidade"
Preparado sobremesa vegan sem lactose,Nestle,Embalagem de 370g,"0,45 €","5,00 €/Kg"
Tomate frito,Heinz,Embalagem de 350g,"3,84 €","24,00 €/Kg"
Cobertura de tartes,Vahine,Embalagem de 20g,"1,29 €","3,23 €/Kg"
Prato com naperon 30cm,PorSi,1 unidade,"0,99 €","0,99 €/Unidade"
Óleo para travões,Redex,Embalagem de 250 ml,"14,99 €","14,99 €/L"
Gel de banho bio kids,Corine de Farme,300 ml,"4,39 €","21,95 €/L"
Biscoitos Paciência,Fábrica Duriense,Embalagem 500G,"0,69 €","3,45 €/Kg"
Vinho tinto bag-in-box,Capataz,Embalagem de 5 l,"5,19 €","1,04 €/L"
Arroz carolino malandrinho,Malandrinh,Embalagem de 1 kg,"0,99 €","0,99 €/Kg"
"Vela em número, nº 8",PorSi,1 unidade,"0,60 €","0,60 €/Unidade"
Vinho do porto special reserve,Velhotes,"garrafa de 0,75 l","9,99 €","13,32 €/L"
Forma Pudim Antiaderente 18cm,PorSi,1 unidade,"11,99 €","11,99 €/Unidade"
Fralda cueca T4 - 8 a 14 kg,PorSi,22 unidades,"8,99 €","8,99 €/Unidade"
"Postas pescada nº3, para fritar",PorSi,Embalagem de 600 g,"4,39 €","10,98 €/Kg"
Refresco pó laranja,PorSi,Embalagem de 40g,"0,75 €","18,75 €/Kg"
Algodão zig zag pré-cortado,PorSi,Embalagem de 50 g,"0,59 €","1,18 €/L"
Boneca Caty 85 cm,Vicam,1 unidade,"23,99 €","23,99 €/Unidade"
Papel vegetal 8m,Vileda,1 unidade,"1,11 €","1,11 €/Unidade"
"Iogurte, sabor a morango",PorSi,Embalagem de 4 x 125 g,"2,59 €","5,40 €/Kg"
Queijo fresco ligth,PorSi,Embalagem de 4 x 62.5 g,"1,99 €","9,95 €/Kg"
"Rolos cozinha absorção Ultra, Maxi, 2 rolos",Foxy,1 embalagem,"4,99 €","4,99 €/Unidade"
Tremoço médio,PorSi,Embalagem de 350 g,"1,79 €","2,29 €/Kg"
Queijo fatias -50% gordura,Terra Nostra,Embalagem de 400g,"1,99 €","9,95 €/Kg"
Limpa máquinas de roupa tripla ação,PorSi,Embalagem de 250 ml,"13,99 €","3,29 €/L"
Rolo de cozinha XXL,PorSi,1 rolo,"4,99 €","4,99 €/Unidade"
Trotinete Unicórnio,Baby Clementoni,1 unidade,"32,99 €/Unidade","32,99 €/Unidade"
Gelatina mirtilo 10kcal 31g,Royal,Embalagem de 30g,"0,55 €","61,11 €/Kg"
Vinho Tinto Regional Península de Setúbal,Selecção de Enófilos,750 ml,"2,99 €","3,99 €/L"
Vinagre de sidra,Cristal,Garrafa de 500 ml,"0,35 €","0,70 €/L"
Tortitas de milho sem sal,PorSi Viva Bem,Embalagem de 130g,"0,79 €","7,90 €/Kg"
Rolo de cozinha reciclado,PorSi,4 rolos,"4,99 €","4,99 €/Unidade"
Creme bio mãos e unhas,Labell Bio,75 ml,"2,49 €","41,50 €/L"
"Croissants, 8 unidades,",Pasquier,Embalagem de 320 g,"2,05 €","5,13 €/Kg"
Queijo creme flamengo,President,Embalagem de 125 g,"3,68 €","13,14 €/Kg"
"Ambientador spray, aerosol, lavanda",Glade,Embalagem de 300 ml,"2,99 €","12,46 €/L"
Néctar clássico tutti-frutti,Compal,Embalagem de 1 l,"0,99 €","0,99 €/L"
Sabonete glicerina natural,Palmolive,Embalagem de 90 g,"1,99 €","12,44 €/Kg"
Espresso café arábica,PorSi,250 ml,"3,19 €","25,52 €/Kg"
Vinho branco,Enc.bairro,Bag-in-box de 5L,"5,19 €","1,04 €/L"
Whisky heritage blend,Logan,Garrafa de 700 ml,"23,99 €","34,27 €/L"
Gel de Duche Creme Care,Nivea,Embalagem de 750 ml,"6,99 €","9,32 €/L"
Batatas fritas lisas originais,Lay's,Embalagem de 282g,"1,06 €","5,73 €/Kg"
Cocktail mix,PorSi,720 g,"1,79 €","7,16 €/Kg"
Farinha nao láctea bolacha maria,PorSi,Embalagem de 250g,"3,39 €","13,56 €/Kg"
Vela com número nº 3,PorSi,1 unidade,"0,60 €","0,60 €/Unidade"
Kiwi amarelo Categoria: II,Fruta do Dia,embalagem de 400 g,"3,69 €","9,23 €/Kg"
Saqueta de puré de fruta | maçã + pêssego + banana +...,PorSi,90 g,"0,74 €","8,22 €/Kg"
Queijo de vaca/ovelha penela,Serqueijos,Embalagem de 250 g,"2,59 €","13,63 €/Kg"
Bolachas com cobertura de chocolate,PorSi,Embalagem de 150g,"0,79 €","5,27 €/Kg"
Achocolatado energy,Cola cao,Embalagem de 750g,"5,59 €","6,99 €/Kg"
Chá Aromatizado Pirâmide Mel/Limão/Ginseng,PorSi,20 x 2 g,"44,50 €/Kg","44,50 €/Kg"
"Creme de rosto de dia revitalift, laser",L'oreal,Embalagem de 50 ml,"14,99 €","299,80 €/L"
Peito peru forno lenha fatias finas,Campofrio,Embalagem de 120g,"1,99 €","13,27 €/Kg"
Manhãzitos® mini,Manhazitos,Embalagem de 84g,"2,05 €","5,13 €/Kg"
"Spray depilatório, peles sensiveis",Veet,Garrafa de 150 ml,"10,99 €","73,27 €/L"
Detergente líquido baby,A+,24 doses,"9,99 €","6,66 €/L"
Filetes primavera cereais de espelta,Iglo,Embalagem de 250 g,"1,79 €","7,16 €/Kg"
Iogurte sólido sem lactose multifrutos,Mimosa,Embalagem de 480g,"2,59 €","5,40 €/Kg"
Iogurte batido magro com mirtilos sem lactose,Mimosa,4 x 120 g,"0,99 €","1,32 €/Kg"
Vela em número nº4,PorSi,1 unidade,"0,60 €","0,60 €/Unidade"
Porto branco,Valadao,Garrafa de 750 ml,"6,65 €/L","6,65 €/L"
Queijo snack gouda,PorSi,Embalagem de 100g,"1,56 €","7,80 €/Kg"
"Forma papel para bolos, 8. 4cm",PorSi,Embalagem com 60 unidades,"0,99 €","0,99 €/Unidade"
Néctar light de manga/laranja,Compal,Pack 3 x 200 ml,"0,84 €","2,55 €/L"
Miolo de amêndoa com pele,Frutos secos,Vendido ao peso a partir de 100 g,"1,35 €","13,49 €/Kg"
Quanto íris 52d+4x8,Quanto,Garrafa de 1.12 l,"1,99 €","1,00 €/L"
Licor de anis,On Off,"Garrafa de 0,70 l","5,99 €","8,56 €/L"
Limpa carpetes,PorSi,Embalagem de 1 litro,"1,79 €","2,39 €/L"
Noodle banzai galinha,Cigala,Embalagem de 70g,"0,89 €","1,78 €/Kg"
Arroz agulha América do Sul,PorSi,Embalagem de 1 kg,"0,99 €","0,99 €/Kg"
Chouriço corrente,PorSi,Embalagem de 200 g,"1,00 €","5,00 €/Kg"
Kit de rega completo,Itools,5 peças,"5,39 €","5,39 €/Unidade"
Água com gás sabor a tangerina,Frize,"Pack 4x 0,25l","2,85 €","2,85 €/L"
Cerveja sagres,Sagres,20 x 0.25 l,"1,99 €/L","1,99 €/L"
Iogurte danacol de morango,Danone,Embalagem de 12 x 100 g,"3,99 €","6,65 €/Kg"
NASA: Kit Nave Espacial,Clementoni,1 unidade,"18,29 €","18,29 €/Unidade"
Queijo cabra cancela aberta 300gr,Santiago,Embalagem de 300g,"6,99 €","23,30 €/Kg"
Caldo verde sem batata,PorSi Viva Bem,Embalagem de 400 g,"1,99 €","2,49 €/Kg"
Queijo flamengo fatias light,PorSi,Embalagem de 200g,"1,99 €","9,95 €/Kg"
Creme p/ Calçado Castanho,Búfalo,Embalagem de 40 ml,"0,99 €","19,80 €/L"
Empadão de carne,PorSi,Embalagem de 1 kg,"3,53 €","8,83 €/Kg"
Braçadeiras Patrulha Pata,Mondo,1 Embalagem,"2,99 €","2,99 €/Unidade"
Sox Carlton,Nerf,1 unidade,"32,99 €/Unidade","32,99 €/Unidade"
Ice tea de limão,PorSi,"Embalagem de 6x0,20 l","1,90 €","1,27 €/L"
Água s/ gás limão,Luso,Garrafa de 1 l,"1,04 €","0,17 €/L"
28 mini bolinhas bacalhau,PorSi,Embalagem de 300 g,"1,79 €","7,16 €/Kg"
Shampo repelente p/ cão,Repul' 7,Garrafa de 200 ml,"11,98 €","59,90 €/L"
Iogurte aroma 0% tutti fruti/coco,Longa vida,Embalagem de 6 x 120 g,"0,99 €","1,32 €/Kg"
Gelado magnum pint clássico,Olá,Embalagem de 440 ml,"2,69 €","5,38 €/L"
Amaciador de roupa peónia azul e citrus,Surf,90 doses,"6,99 €","3,88 €/L"
Caneta BL. Eye UB-150 Preto,Uni-Ball,1 embalagem,"2,49 €","2,49 €/Unidade"
Arroz estufado,Caçarola,Embalagem de 1 kg,"0,99 €","0,99 €/Kg"
Gressinos com azeite,PorSi,Embalagem de 250g,"2,39 €","6,83 €/Kg"
Pensos higiénicos liberty normal sem abas,Evax,Embalagem com 12 un.,"2,59 €","2,59 €/Unidade"
Cobertura tábua de engomar,PorSi,Dim.: 120 x 42 cm,"4,00 €","4,00 €/Unidade"
"Escova de dentes, proteção global média, 2 unidades",Labell,Uma embalagem,"3,99 €","3,99 €/Unidade"
Achocolatado em Pó,Nesquik,Embalagem de 390g,"5,59 €","6,99 €/Kg"
Ambientador gel marinho,PorSi,150 g,"16,63 €/L","16,63 €/L"
"Rolos de cozinha compactos, branco, 2 unidades",PorSi,Uma embalagem,"4,99 €","4,99 €/Unidade"
Pêssego em calda metades,PorSi,Lata com 840 g,"1,99 €","2,37 €/Kg"
Leite com sabor a baunilha proteína,Yopro,Garrafa de 330 ml,"1,99 €","2,49 €/L"
"Forma papel para bolos, 6, 2cm, 60 unidades",PorSi,1 embalagem,"1,15 €","1,15 €/Unidade"
Paté Fígado Porco c/ Cogumelos,PorSi,75 g,"0,95 €","4,75 €/Kg"
Maruca,Peixe Congelado,de 600g a 1kg,"1,00 €","4,99 €/Kg"
Bebida aveia,Alpro,Embalagem de 1 litro,"2,49 €","2,49 €/L"
Coxinhas de frango,PorSi,Embalagem de 360g,"9,30 €/Kg","9,30 €/Kg"
Ambientador spray aerosol white bouquet,Air Wick,Garrafa de 240 ml,"2,99 €","12,46 €/L"
Cafe rossio m.unica 250g,Nicola,Embalagem de 250g,"9,76 €/Kg","9,76 €/Kg"
Vinho doc dão tinto,Santar,Garrafa de 0.75 l,"3,99 €","5,32 €/L"
Goiabada,PorSi,600 g,"1,09 €","2,42 €/Kg"
Refrigerante  c/ gás regular,Coca-Cola,pack 4 x 1 l,"0,40 €/L","0,40 €/L"
Ambientador Elétrico Lavanda e Aloe,Glade,1 unidade,"11,99 €","11,99 €/Unidade"
Pera conference categoria: II,*,Vendido ao peso a partir de 300 g,"0,22 €","1,49 €/Kg"
Gomas brilho,PorSi,Embalagem de 300 g,"1,19 €","3,97 €/Kg"
Laboratório mecânica monster truck,Clementoni,1 un.,"24,90 €","24,90 €/Unidade"
6 cheeseburgers,PorSi,Embalagem de 750g,"2,79 €","8,72 €/Kg"
Fermento de padeiro,Vahine,Embalagem de 20g,"1,89 €","17,18 €/Kg"
Achocolatado em pó extra chocolate,Nesquik,Embalagem de 390g,"5,59 €","6,99 €/Kg"
Creme Dia Lift + Serum Preenchedor,Diadermine,Embalagem de 50 ml,"14,99 €","299,80 €/L"
Bolachas chiquilin ositos de mel,Artiach,Embalagem de 160g,"1,89 €","15,75 €/Kg"
Rebuçados mel e limão,Halls,Embalagem de 32 g,"0,77 €","3,85 €/Kg"
Iogurte naturea natural,PorSi,Embalagem de 4 x 125 g,"0,65 €","1,30 €/Kg"
Framboesas 100% Naturais,PorSi,Embalagem de 750 g,"3,29 €","4,39 €/Kg"
Champô oil nutritive,Gliss,Embalagem de 250 ml,"5,59 €","13,98 €/L"
Vinho tinto doc douro,VILA REAL,Garrafa de 750 ml,"7,49 €","9,99 €/L"
"Pasta de limpeza com oxigénio activo, 48 unidades",Polident,Uma embalagem,"7,39 €","105,57 €/Kg"
Detergente líquido máquina de roupa sabão natural,PorSi,86 Doses,"13,99 €","3,29 €/L"
Café solúvel creme,Nescafe,Embalagem de 100g,"14,50 €/Kg","14,50 €/Kg"
Creme vegetal p/ barrar reduz colesterol,PorSi Viva Bem,250 g,"1,39 €","6,95 €/L"
Canja de galinha económica,Knorr,Embalagem de 60g,"0,84 €","13,55 €/Kg"
Rolls 6 unidades,Bimbo,Embalagem de 340g,"0,89 €","1,78 €/Kg"
Batata frita de presunto,PorSi,Embalagem de 185 g,"1,19 €","6,43 €/Kg"
Batata frita ondulada wavy,PorSi,Embalagem de 185 g,"1,06 €","5,73 €/Kg"
Guardanapos brancos 30x30 cm,PorSi,Embalagem com 100 unidades,"1,29 €","1,29 €/Unidade"
Morangos,Programa Origens,1 un = 250 gr  (aprox.),"1,99 €","15,92 €/Kg"
Spray limpeza casa de banho,Cillitbang,Embalagem de 500 ml,"1,79 €","2,39 €/L"
Pudim flan zero açúcares adicionados,El mandari,Embalagem de 30g,"0,59 €","29,50 €/Kg"
"Detergente manual de loiça, ultra limão",PorSi,Embalagem de 500 ml,"0,99 €","1,98 €/L"
Alimento húmido cão gelatina júnior,Pedigree,Embalagem de 400g,"0,75 €","2,50 €/Kg"
Rebuçados fruta,PorSi,Embalagem de 250g,"1,00 €","5,00 €/Kg"
Paté de sardinha,PorSi,Embalagem de 4 x 22 g,"1,19 €","13,52 €/Kg"
Arroz agulha,B.sucesso,Embalagem de 1 kg,"0,99 €","0,99 €/Kg"
Ultra One,Nerf,1 unidade,"32,99 €/Unidade","32,99 €/Unidade"
Powerade ice storm,POWERADE,Garrafa de 500 ml,"1,60 €","3,20 €/L"
Massa macarronete riscado,Milaneza,Embalagem de 500g,"0,89 €","1,78 €/Kg"
Fiambre da perna extra fatias finas cuida-t+,Nobre,Embalagem de 110g,"0,97 €","6,49 €/Kg"
8 rissóis de carne,PorSi,Embalagem de 300g,"1,79 €","7,16 €/Kg"
Bolachinhas,Cerelac,Embalagem de 180g,"1,89 €","15,75 €/Kg"
Óleo alimentar,Fula,Embalagem 1L,"3,39 €","3,39 €/L"
Cuecas de incontinência médias,Ausonia Discreet,Embalagem com 8 unidades,"18,65 €","18,65 €/Unidade"
Mão de vaca com grão,Nobre,Embalagem de 420 g,"2,35 €","5,60 €/Kg"
Vinho tinto regional alentejano,Galitos,Garrafa de 3 l,"9,49 €","1,90 €/L"
Iogurte magro morango sem lactose,Mimosa,Embalagem de 4x 120 g,"2,59 €","5,40 €/Kg"
Meloa Gália,Fruta da Época,1 un = 1 kg (aprox.),"2,99 €","2,99 €/Kg"
"Guardanapos brancos, gold, folga dupla, 40x40cm, 75 ...",Renova,1 embalagem,"1,29 €","1,29 €/Unidade"
Monopoly super recompensas,Monopoly,,"24,90 €","24,90 €/Unidade"
"Bolachas, cobertura com chocolate branco",Oreo,Embalagem de 250g,"0,79 €","5,27 €/Kg"
Pá + espanador,PorSi,1 conjunto,"2,99 €","2,99 €/Unidade"
Guardanapos de 1 folha azuis | dim.: 30 x 29 cm,PorSi,Embalagem com 70 unidades,"1,29 €","1,29 €/Unidade"
Iogurte líquido yoggi banana,Nestle,Embalagem de 4 x 160 g,"1,17 €","1,83 €/Kg"
Saqueta de puré de fruta | maçã + banana,PorSi,90 g,"0,74 €","8,22 €/Kg"
Leite uht gordo,Agros,Embalagem de 1 litro,"0,94 €","0,94 €/L"
Lixivia perfume fresco,Neoblanc,Embalagem de 2 l,"2,59 €","1,30 €/L"
Leite evaporado,PorSi,Embalagem de 410g,"4,00 €/Kg","4,00 €/Kg"
"Cerveja sem álcool, tara perdida",Super Bock,Pack 6 X 0.33 L,"5,99 €","3,03 €/L"
Sobremesa Paturette Chocolate,Páturages,Embalagem de 4x115g,"1,19 €","2,59 €/Kg"
Chocolate culinário,Pantagruel,Embalagem de 200g,"1,04 €","8,32 €/Kg"
Eau de Toilette Senhora Blue Seduction,António Banderas,Embalagem de 200ML,"24,99 €","124,95 €/L"
"Cerveja com álcool, tara perdida",Kings Bräu,pack 24 x 0.25 l,"1,99 €/L","1,99 €/L"
Creme Depilatório Peles Normais,Veet,Embalagem de 200 ml,"12,99 €","12,99 €/Unidade"
Bolachas oreo,Oreo,Embalagem de 440g,"1,49 €","9,68 €/Kg"
Couve Roxa,Programa Origens,1 un = 1 kg (aprox.),"1,99 €","1,99 €/Kg"
Infusão camomila,Cemporcent,Embalagem de 10 unidades,"0,99 €","76,15 €/Kg"
Leite de coco bio,PorSi Bio,400 ml,"1,89 €","10,50 €/Kg"
Pilha alcalina heightch lr14x2,Domédia,1 unidade,"4,09 €","4,09 €/Unidade"
1ª papa láctea multifrutos sem glúten +4 meses,Cerelac,Embalagem de 250g,"3,39 €","13,56 €/Kg"
Lava Tudo Amoniacal,Sonasol,4 litros,"1,89 €","1,26 €/L"
Marmelada,Ferbar,Embalagem de 400g,"1,09 €","2,42 €/Kg"
Grão de bico,PorSi,Embalagem de 420g,"1,79 €","2,29 €/Kg"
Preparado para arroz de marisco,Brasmar,Embalagem de 450 g,"1,79 €","7,16 €/Kg"
Pó baratas e formigas,Baygon,Embalagem de 250 g,"4,99 €","19,96 €/Kg"
Nestum flocos de cereais integrais,Nestum,Embalagem de 250g,"2,99 €","3,99 €/Kg"
"Toalhetes intimos sensitive, 15 unidades",Dystron,Uma embalagem,"2,89 €","2,89 €/Unidade"
Rebuçados mini café,PorSi,Embalagem de 200g,"1,15 €","4,60 €/Kg"
Nestum chocolate,Nestum,Embalagem de 250g,"2,99 €","3,99 €/Kg"
4 hamburguers frango s/ glúten,Capitão Iglo,Embalagem de 240g,"12,46 €/Kg","12,46 €/Kg"
Elite Shockwave,Nerf,1 unidade,"32,99 €/Unidade","32,99 €/Unidade"
"Escova de cabelo, brushing média",Labell,Uma unidade,"3,99 €","3,99 €/Unidade"
Cereais fitness e fruits,Nestle,Embalagem de 380g,"3,99 €","13,30 €/Kg"
Palmiers,Du bois,Embalagem de 150g,"0,69 €","3,45 €/Kg"
Bandas de cera depilatória axilas peles sensíveis,Veet,embalagem com 16 unidades,"6,99 €","6,99 €/Unidade"
Arroz de pato,PorSi,Embalagem de 250 g,"2,35 €","5,60 €/Kg"
Molho de alho,Calve,Embalagem de 260g,"0,70 €","2,33 €/Kg"
Iogurte com Cereais Activia,Danone,Embalagem 4x115g,"2,49 €","5,19 €/Kg"
Nata uht,Mimosa,embalagem de 200 ml,"1,12 €","5,60 €/L"
Moscatel de setúbal,Alambre,"Garrafa de 0,75L","6,79 €/L","6,79 €/L"
Cerveja com álcool,Sagres,Lata de 500ml,"1,99 €/L","1,99 €/L"
"Guardanapos gold, com cor, folha dupla, 40x40cm, 40 ...",Renova,1 embalagem,"1,29 €","1,29 €/Unidade"
Alimento lácteo sem açucar com sabor a morango/banan...,Yogolino,Embalagem de 4 x 100 gr,"2,89 €","7,23 €/Kg"
Café em cápsulas  qonvictus,Delta Q,Embalagem de 55 g,"54,36 €/Kg","54,36 €/Kg"
Bolos cake e chococolate,Milka,Embalagem de 180g,"2,15 €","2,87 €/Kg"
Vinho verde branco,Torre de menagem,"Garrafa de 0,75 l","1,99 €","2,65 €/L"
Arroz de pato,PorSi,Embalagem de 400g,"3,53 €","8,83 €/Kg"
Tomate em pedaços,PorSi,Embalagem de 390g,"1,79 €","2,29 €/Kg"
Café 5 estrelas moído tradição,Sical,Embalagem de 250g,"9,76 €/Kg","9,76 €/Kg"
Petit gâteau chocolate negro belga,PorSi,Embalagem com 4 unidades,"2,99 €","5,54 €/Kg"
Caracol com passas,*,90g,"0,30 €/Unidade","0,30 €/Unidade"
Rebuçados drops recheio de fruta,PorSi,Embalagem de 250g,"1,00 €","5,00 €/Kg"
Espumosos tinto bruto attitude,Fita azul,Garrafa 0.75L,"3,99 €","5,32 €/L"
"Refrigerante sem gás, laranja",Joi,"Garrafa de 1,5 l","1,90 €","1,27 €/L"
Massa folhada margarina,PorSi,Embalagem de 230 g,"0,99 €","4,30 €/Kg"
Tortellini ricotta e espinafres,Rana,Embalagem de 250g,"0,99 €","4,30 €/Kg"
Jesuita,*,1 unidade = 75 g,"0,30 €/Unidade","0,30 €/Unidade"
"M&m's drageias de chocolate de leite,",M&m's,Embalagem de 200g,"11,98 €/Kg","11,98 €/Kg"
Pasta de sardinha,Fides,Embalagem de 90g,"1,19 €","13,52 €/Kg"
Pedaços de tamboril,PorSi,Embalagem de 500G,"4,39 €","10,98 €/Kg"
Fruta para bebé multifrutas +4 meses,Nestle,Embalagem de 90g,"0,74 €","8,22 €/Kg"
Champô maçã,H&S,340 ml,"5,99 €","14,98 €/L"
Bolachas chiquilin energy,Artiach,Embalagem de 200g,"1,69 €","6,76 €/Kg"
Liégeois Sobremesa de Café,Páturages,Embalagem de 4x100 g,"0,55 €","2,75 €/Kg"
Pernas de Frango,Frango,1 un = 150 gr (aprox.),"3,98 €","2,49 €/Kg"
Fraldas agility T4 de 9 a 15 kg,PorSi,50 unidades,"6,49 €","6,49 €/Unidade"
Pudim de ananás,Boca Doce,Embalagem de 20g,"0,59 €","29,50 €/Kg"
Limpa ferros,Petex,1 unidade,"0,89 €","0,89 €/Unidade"
5 gouaches de cores primárias,Domédia,Uma embalagem,"3,09 €","3,09 €/Unidade"
Maionese,PorSi,Embalagem de 260 g,"0,70 €","2,33 €/Kg"
Bolachas digestive go aveia,Triunfo,Embalagem de 170g,"0,98 €","3,27 €/Kg"
Mistura para aves,Rac.zezere,Embalagem de 5 kg,"2,49 €","2,49 €/Kg"
Quadro magnético,Ambar Science,1 unidade,"24,90 €","24,90 €/Unidade"
Desinfetante em gel c/ lixívia,Cif,Garrafa de 750 ml,"2,79 €","3,99 €/L"
Estojo redondo,PorSi,1 unidade,"21,90 €","21,90 €/Unidade"
Refrigerante de cola zero,PorSi,Garrafa de 2 l,"0,40 €/L","0,40 €/L"
Fermento em po 4x25g,PorSi,Embalagem de 100g,"1,89 €","17,18 €/Kg"
Alimento húmido para cão vaca,Pedigree,Embalagem de 300g,"0,75 €","2,50 €/Kg"
Bebida amêndoa torrada sem açúcar,Alpro,Embalagem de 1 litro,"2,49 €","2,49 €/L"
Manteiga de alho,Mimosa,Embalagem de 200g,"1,69 €","6,76 €/Kg"
Fraldas Bebé Seco T3 | 6-10 Kg,Dodot,Embalagem com 62 un.,"6,49 €","6,49 €/Unidade"
"Cereais crusts, amêndoas e mel",PorSi,Embalagem de 380g,"2,29 €","6,11 €/Kg"
Manteiga com sal,Novacores,Embalagem de 250g,"1,69 €","6,76 €/Kg"
Ambientador para a máquina da loiça de lima e limão,Finish,embalagem com 2 un.,"16,63 €/L","16,63 €/L"
Caldeirada de peixe ultracongelada,Brasmar,Embalagem de 700g,"1,79 €","7,16 €/Kg"
Bolacha waffer cacau,Waferland,Embalagem de 175g,"0,98 €","4,67 €/Kg"
Moscatel de setúbal,Pioneiro,Garrafa de 750 ml,"5,99 €","8,56 €/L"
"Anti-calcário em pó, máquina roupa",PorSi,Embalagem de 800g,"3,99 €","5,70 €/L"
Farinha para bolos super fina,PorSi,Embalagem de 1 kg,"1,99 €","1,99 €/Kg"
Vinagre balsâmico,PorSi,Embalagem de 250 ml,"0,35 €","0,70 €/L"
Puré de batata,Maggi,Embalagem de 250g,"1,99 €","1,99 €/Kg"
Refrigerante c/ gás,Coca-Cola,pack 2 x 1.75 l,"0,40 €/L","0,40 €/L"
Ambientador spray de lavanda,Air Wick,Garrafa de 240 ml,"2,99 €","12,46 €/L"
Espumante cava meio seco reserva,Freixenet,Garrafa de 750 ml,"8,49 €","11,32 €/L"
Chocolate Extra Dark,After Eight,Embalagem de 400 g,"3,99 €","39,90 €/Kg"
"Refrigerante com gás, laranja, lata",Fanta,pack 6 x 0.33 l,"0,40 €/L","0,40 €/L"
"Refresco em pó, manga",PorSi,Embalagem de 40g,"0,75 €","18,75 €/Kg"
Pack cozinha + acessórios,Écoiffier,1 unidade,"22,99 €","22,99 €/Unidade"
Óleo Performa 10W40,Galp,Embalagem de 1 l,"14,99 €","14,99 €/L"
"Batata frita, queijo e ervas",PorSi,Embalagem de 190g,"1,19 €","6,43 €/Kg"
Creme Mãos Secrets Coco,Dove,75 ml,"2,49 €","41,50 €/L"
Jarro graduado,PorSi,Embalagem de 1 unidades,"0,99 €","0,99 €/Unidade"
Whisky,Grants,Garrafa de 1 l,"19,99 €","19,99 €/L"
Trinca de arroz,PorSi,Embalagem de 1 kg,"1,15 €/Kg","1,15 €/Kg"
Chá verde menta,PorSi,Embalagem de 43.7 g,"0,99 €","23,02 €/Kg"
Vermute Floreale sem Álcool,Martini,Garrafa de 750 ml,"8,99 €","14,98 €/L"
Ultra One,Nerf,1 unidade,"22,99 €","22,99 €/Unidade"
Carte d'or profiteroles,Olá,Embalagem de 900 ml,"2,69 €","5,38 €/L"
Monopoly super maus perdedores,Monopoly,,"32,99 €/Unidade","32,99 €/Unidade"
Leite de pastagem magro,Terra Nostra,Embalagem de 1 litro,"0,81 €","0,81 €/L"
Manteiga sem sal,Mimosa,Embalagem de 250g,"1,69 €","6,76 €/Kg"
"Dentífrico Senses Melancia, Pepino e Menta",Aquafresh,75 ml,"2,39 €","31,87 €/L"
Azeite virgem extra clássico,Gallo,Garrafa de 750 ml,"3,19 €","4,25 €/L"
Recarga mopa,PorSi,1 unidade,"2,99 €","2,99 €/Unidade"
Detergente para loiça plus + limão,Super Pop,Embalagem de 1L,"0,99 €","1,98 €/L"
Batata pré-frita palitos finos,PorSi,Embalagem de 1 kg,"1,39 €","1,39 €/Kg"
Limpa Estofos de Pele,PorSi,Embalagem de 1 l,"3,49 €","13,96 €/L"
Activia topper muesli & arando,Danone,Embalagem de 170g,"2,49 €","5,19 €/Kg"
Bolachas cacau com cereais e pepitas de chocolate,PorSi,Embalagem de 400 g,"0,90 €","6,00 €/Kg"
Ambientador vela maçã e canela,PorSi,1 unidade,"9,49 €","45,19 €/Kg"
"Sopa gourmet, cogumelos",Knorr,Embalagem de 60g,"0,84 €","13,55 €/Kg"
Sumo 100% laranja,PorSi,Pack 3 x 200 ml,"1,09 €","0,73 €/L"
"Pensos diários, longo e largo, 26 unidades",Labell,Uma embalagem,"1,79 €","1,79 €/Unidade"
Limpa Moveis Lavanda,Pronto,300 ml,"4,39 €","14,63 €/L"
Pastilhas café lote chávena,Delta,Embalagem de 110g,"54,36 €/Kg","54,36 €/Kg"
Barras cereais chocapic,Nestle,Embalagem de 150g,"1,29 €","10,24 €/Kg"
"Jogo ""Matemática Divertida""",Clementoni,1 unidade,"24,90 €","24,90 €/Unidade"
Molho tomate com azeitonas,PorSi,Frasco de 420g,"0,70 €","2,33 €/Kg"
Iogurte activia líquido morango,Danone,Embalagem de 4 x 155 g,"2,49 €","5,19 €/Kg"
Conjunto jogos de tabuleiro em madeira 7 em 1,Olivo,1 unidade,"32,99 €/Unidade","32,99 €/Unidade"
Spray wc anticalcário,PorSi,embalagem de 750 ml,"1,79 €","2,39 €/L"
Borracha para desenho técnico,Domédia,1 unidade,"4,69 €","4,69 €/Unidade"
Salsichão fuet nobreza,Elpozo,Embalagem de 200 g,"1,89 €","23,63 €/Kg"
Baguete,PorSi,250 g,"0,19 €","2,71 €/Kg"
Preparado de bolo de mármore,PorSi,528 g,"0,45 €","5,00 €/Kg"
Cerveja c/ álcool mini,Super Bock,Pack 15 x 0.20 L,"1,99 €/L","1,99 €/L"
Massa de cotovelinhos,Nacional,Embalagem de 500g,"0,89 €","1,78 €/Kg"
"Cotonetes, 100 unidades",Johnson's Baby,1 embalagem,"4,39 €","21,95 €/L"
Bacalhau espiritual,PorSi,Embalagem de 300g,"1,79 €","7,16 €/Kg"
Detergente Líquido Máquina Roupa Lavanda,Xau,Embalagem com 62 doses,"13,99 €","3,29 €/L"
Ambientador gel floral,PorSi,150 g,"16,63 €/L","16,63 €/L"
10 saquetas infusão de camomila,Lipton,Embalagem de 10g,"0,99 €","76,15 €/Kg"
Sabonete Líquido Sensitive,Dettol,Embalagem de 250 ml,"4,99 €","9,98 €/L"
Pensos de incontinência Micro,Ausonia,Uma embalagem - 28Unidades,"1,95 €","1,95 €/Unidade"
"Queijo light, 8 porções",A Vaca Que Ri,Embalagem de 140 g,"1,99 €","9,95 €/Kg"
Magnum amêndoa,Olá,Embalagem de 6 x 55 ml,"1,99 €","4,15 €/L"
Sidra frutos vermelhos,Somersby,pack 4 x 0.33 l,"1,59 €","3,18 €/L"
Azeite virgem extra clássico,Gallo,Garrafa de 250 ml,"3,19 €","4,25 €/L"
Leite uht meio gordo,PorSi,Embalagem com rosca de 1 l,"0,81 €","0,81 €/L"
Pasta de açúcar bege,PorSi,250 g,"1,49 €","1,49 €/Kg"
Jameson caskmates ipa 70cl,Jameson,Garrafa de 700 ml,"19,99 €","19,99 €/L"
Danette caramel 125g p4,Danone,Embalagem de 4 x 125 g,"1,19 €","2,59 €/Kg"
Açúcar mascavado,PorSi,Embalagem de 500g,"1,49 €","1,49 €/Kg"
"Pensos tecido, resistentes à água, 10 unidades",Hansaplast,1 embalagem,"0,59 €","1,18 €/L"
Sardinha em tomate picante,PorSi,Embalagem de 120g,"9,08 €/Kg","9,08 €/Kg"
Alimento seco p/ cão raça pequena,PorSi Select,Embalagem de 3kg,"1,15 €/Kg","1,15 €/Kg"
"Tampão com aplicador, compak super, 16 unidades",O.B.,1 embalagem,"3,99 €","3,99 €/Unidade"
Queijo flamengo ralado,PorSi,Embalagem de 200G,"1,56 €","7,80 €/Kg"
Moscatel de setúbal,Adega de Palmela,Garrafa de 750 ml,"6,79 €/L","6,79 €/L"
Creme p/ Calçado Incolor,Búfalo,Embalagem de 50 ml,"0,99 €","19,80 €/L"
Ketchup,Calve,Embalagem de 280g,"0,70 €","2,33 €/Kg"
Azeite virgem extra dop trás-os-montes,PorSi Select,Embalagem 750 ml,"3,19 €","4,25 €/L"
Papel Premier p/ Fotocópia A4,Xerox,1 resma,"5,79 €","5,79 €/Unidade"
Refrigerante C/ Gás Zero,Coca-Cola,Garrafa de 1 l,"0,40 €/L","0,40 €/L"
Café solúvel creme,Delta,Embalagem de 80 g,"14,50 €/Kg","14,50 €/Kg"
Feijão vermelho,Legumes secos,1 un = 100 gr. (aprox.),"0,26 €","2,59 €/Kg"
Marmelada sem conservantes,PorSi,Embalagem de 500g,"1,09 €","2,42 €/Kg"
Infusão de tília,Tetley,Embalagem de 10g,"0,99 €","76,15 €/Kg"
Doce light framboesa,PorSi,Embalagem de 340g,"3,59 €","10,26 €/Kg"
Chá infusão sene,Cemporcent,Embalagem de 13g,"1,19 €","119,00 €/Kg"
Cha infusão vermelho,Cemporcent,Embalagem com 10 saquetas,"1,19 €","119,00 €/Kg"
Bacalhau com azeite e alho,PorSi Select,Lata de 120 g,"9,08 €/Kg","9,08 €/Kg"
Ovos Galinha Solo XL Categoria A,PorSi,6 unidades,"4,10 €","4,10 €/Unidade"
Alimento lácteo cereais e bolachas maria +6 meses,Yogolino,Embalagem de 4 x 100 g,"2,89 €","7,23 €/Kg"
Pista Dragstrip Champion,Hot Wheels,1 embalagem,"22,99 €","22,99 €/Unidade"
Bolachas waffers morango,PorSi,Embalagem de 210g,"0,98 €","4,67 €/Kg"
Tira Nódoas,Sanytol,embalagem com 450g,"3,99 €","5,70 €/L"
Piccolinis frankfurt,Buitoni,Embalagem de 270g,"2,16 €","6,17 €/Kg"
Filetes primavera sementes de quinoa,Iglo,Embalagem de 250 g,"1,79 €","7,16 €/Kg"
Pão Bijou Mistura,Pão do Dia,1 unidades = 45 g,"0,19 €","2,71 €/Kg"
Cerveja c/ álcool,Sagres,pack 15 x 0.33 l,"1,99 €/L","1,99 €/L"
Pão de forma sem côdea 9 cereais,Panrico,Embalagem de 480g,"2,63 €/Kg","2,63 €/Kg"
Ambientador recarga oasis turquesa,Air Wick,Garrafa de 250 ml,"11,98 €","11,98 €/Unidade"
Meloa Cantalupe Bio | Categoria: II,PorSi Bio,Vendido ao peso,"1,08 €","10,79 €/Kg"
Pasta de açúcar branco,PorSi,250 g,"1,49 €","1,49 €/Kg"
Laboratório Mecânica Carro Bombeiros,Clementoni,1 unidade,"18,29 €","18,29 €/Unidade"
Vulcão brilhante,Clementoni,1 unidade,"24,90 €","24,90 €/Unidade"
Espanador XXL + 2 unidades jack junior,Swiffer,1 unidade,"1,79 €","1,79 €/Unidade"
Leite Reparador Tesouros de Mel,Ultra Suave,Embalagem de 400 ml,"12,48 €/L","12,48 €/L"
Vela em número nª2,PorSi,1 unidade,"0,60 €","0,60 €/Unidade"
Salsichão fuet caseiro peru,Elpozo,Embalagem de 150g,"1,89 €","23,63 €/Kg"
Bambolitos pretos,PorSi,Embalagem de 150g,"0,79 €","5,27 €/Kg"
"Desodorizante para pés, creme Sport",Protex,Embalagem de 50 ml,"4,99 €","99,80 €/L"
Leite desmaquilhante para peles secas,Labell,Embalagem de 250 ml,"1,15 €","4,60 €/L"
Pizza hawai,PorSi,Embalagem de 350g,"2,16 €","6,17 €/Kg"
Vitamina c,PLANTANATU,Embalagem de 1 unidades,"9,19 €","9,19 €/Unidade"
Creme proteção de gengivas,Polident,Embalagem de 40 g,"7,39 €","105,57 €/Kg"
"Lixívia para roupa, azul, tradicional",Neoblanc,Embalagem de 1 l,"1,74 €","0,35 €/L"
Café moagem normal: intenso,Buondi,Embalagem de 220g,"9,76 €/Kg","9,76 €/Kg"
Fruta para bebé 4 frutas +4 meses,Nestle,Embalagem de 90g,"0,74 €","8,22 €/Kg"
Atum posta em azeite,Bom petisc,Embalagem de 120 g,"9,08 €/Kg","9,08 €/Kg"
Inseticida vaporizador,Biokill,Embalagem de 375 ml,"5,69 €","15,17 €/L"
Cogumelos inteiros,PorSi,Embalagem de 355 g,"1,79 €","2,29 €/Kg"
Cerveja 0.0%,Sagres,Lata 0.33 l,"5,99 €","3,03 €/L"
50 nuggets de frango,Capitão Iglo,Embalagem de 1042g,"2,79 €","8,72 €/Kg"
Manjericão margão,Margao,Embalagem de 13 g,"0,25 €","0,25 €/Kg"
Queque,PorSi,1 unidade = 55 g,"0,30 €/Unidade","0,30 €/Unidade"
Refrigerante com gás de laranja,Sumol,"Garrafa de 1,25 l","0,40 €/L","0,40 €/L"
"Batata frita, multipack",Ruffles,Embalagem de 180g,"1,06 €","5,73 €/Kg"
Mariscada suprema,*,Embalagem de 800 g,"2,19 €","8,59 €/Kg"
Faca para bife 11 cm preta,PorSi,1 unidade,"5,90 €","5,90 €/Unidade"
Snack gato sticks salmao 6x5g,PorSi,Embalagem de 30g,"0,99 €","16,50 €/Kg"
Bubble robô que desenha,Clementoni,1 unidade,"22,99 €","22,99 €/Unidade"
Iogurte yoco squeezy de morango,Nestle,Embalagem de 4 x 80 g,"7,77 €/Kg","7,77 €/Kg"
Caramelos de fruta,Penha,Embalagem de 250 g,"1,10 €","4,40 €/Kg"
Porto tawny,Ferreira,Garrafa de 750 ml,"6,29 €","8,39 €/L"
Porto 10 anos,Valadao,Garrafa de 750 ml,"9,99 €","13,32 €/L"
Feijão encarnado em frasco,PorSi,frasco de 540 g,"1,79 €","2,29 €/Kg"
Camarão cozido 30/50,PorSi,Embalagem de 500 g,"9,99 €","19,98 €/Kg"
Fruta para bebé maçã banana +4 meses,Nestle,Embalagem de 4 x 100 g,"0,74 €","8,22 €/Kg"
Concentrado de frutas tropicais,Sunquick,Garrafa de 700 ml,"4,89 €","6,61 €/L"
Queijo de vaca curado amanteigado,PorSi,+/- 550 g,"25,45 €/Kg","25,45 €/Kg"
Detergente em gel máquina lavar roupa universal,Persil,85 doses,"13,99 €","3,29 €/L"
"Escova dentífrica infantil, minions, + 6 anos",Colgate,1 + 1 unidade grátis,"3,29 €","43,87 €/L"
Fígado,Porco,Vendido ao peso a partir de 1 kg,"0,50 €","4,99 €/Kg"
Gelatina ananás 8 kcal,PorSi,Embalagem de 4 x 100 g,"0,85 €","2,13 €/Kg"
Fio dentário fluór+menta 50m,Labell,1 unidade,"3,49 €","3,49 €/Unidade"
Wc lixívia gel original,Domestos,Garrafa de 750 ml,"2,79 €","3,99 €/L"
"Atum em posta, em azeite",General,Embalagem de 110g,"9,08 €/Kg","9,08 €/Kg"
Tablete de chocolate culinário branco,PorSi,Embalagem de 180 g,"0,99 €","9,90 €/Kg"
Aperitivos 3d's cones,3d's,Embalagem de 90g,"0,79 €","7,90 €/Kg"
Vinho do porto white,Cruz,Garrafa de 750 ml,"6,65 €/L","6,65 €/L"
Mistura solúvel c/ 20% café granulado,PorSi,Embalagem de 200g,"1,64 €","6,56 €/Kg"
Iogurte fruta batida pera,Mimosa,Embalagem de 480g,"1,49 €","2,98 €/Kg"
Nancy um dia de verão,Mattel,,"23,99 €","23,99 €/Unidade"
Pepsi max,Pepsi,Garrafa de 1.75 l,"0,40 €/L","0,40 €/L"
Vinho verde branco alvarinho,Contacto,Garrafa de 0.75 l,"1,99 €","2,65 €/L"
Mistolin advanced lixívia,Mistolin,Garrafa de 500 ml,"1,79 €","2,39 €/L"
"Pasta de arquivo, lombada larga, verde",Domédia,1 unidade,"2,79 €","2,79 €/Unidade"
Cachaço s/ Osso,Porco,,"1,57 €","6,29 €/Kg"
Queijo Serra da Estrela DOP,Queijo Lagos,Vendido ao peso,"6,99 €","23,30 €/Kg"
Noz com casca 28/30,Frutos secos,1 un = 200 gr (aprox.),"1,35 €","13,49 €/Kg"
Presunto fatiado 6 meses,PorSi,Embalagem de 140 g,"2,79 €","13,95 €/Kg"
As minhas primeiras receitas - refeição esparguete c...,Nestle,Embalagem de 190g,"1,89 €","9,95 €/Kg"
Spray de lavagem a seco delicado,Day 2,200 ml,"1,09 €","2,73 €/Kg"
Creme Rosto Dia Pele Mista Antirrugas Q10 Plus,Nivea,Embalagem de 50 ml,"14,99 €","299,80 €/L"
Saqueta de puré de fruta | maçã + manga + pêssego,PorSi,90 g,"0,74 €","8,22 €/Kg"
Tablete de chocolate culinário 70% negro,PorSi,Embalagem de 200 g,"1,04 €","8,32 €/Kg"
Pensos incontinência homem,PorSi,10 unidades,"1,95 €","1,95 €/Unidade"
Vela com número nº 0,PorSi,1 unidade,"0,60 €","0,60 €/Unidade"
Esfregona tiras completa,PorSi,1 unidade,"0,79 €","0,79 €/Unidade"
Caldo carne 16 cubos,Knorr,Embalagem de 160g,"3,84 €","24,00 €/Kg"
Gel de banho nourishing,Dove,Embalagem de 500 ml,"6,39 €/L","6,39 €/L"
Leite de pastagem meio-gordo,Terra Nostra,Embalagem de 1 litro,"0,81 €","0,81 €/L"
Frutapura maçã manga laranja,Bledina,Embalagem de 85g,"2,29 €","6,94 €/L"
Ameijoa Branca Vietnamita,Marisco Congelado,Vendido a partir de 250 gr  (aprox.),"2,00 €","7,99 €/Kg"
Vinho verde,Via Latina,Garrafa de 750 ml,"1,99 €","2,65 €/L"
Tarte de Flan,Pastelaria do Dia,embalagem com 650g,"4,29 €","6,60 €/Kg"
Nata uht carbonara,Parmalat,Embalagem de 200 ml,"1,12 €","5,60 €/L"
"Lustrante pneus, em pistola",Arbo,Embalagem de 1 l,"3,49 €","13,96 €/L"
Café grão bio,PorSi Bio,Embalagem de 250g,"9,16 €/Kg","9,16 €/Kg"
Bacalhau à Brás,PorSi,Embalagem de 1 kg,"1,79 €","7,16 €/Kg"
Bebida energética,Red Bull,Pack 4 x 0.25 l,"1,60 €","3,20 €/L"
Vinho do Porto 10 anos,Cruz,"Garrafa de 0,75L c/ Caixa de Madeira","9,99 €","13,32 €/L"
Água s/ gás frutos vermelhos,Luso,Garrafa de 1 l,"1,04 €","0,17 €/L"
Comida Húmida para Gatinhos Mousse com Vitela,Gourmet Diamant,Embalagem de 85 g,"3,59 €","2,99 €/Kg"
"Tira nódoas, spray oxi",PorSi,Embalagem de 1 l,"3,99 €","5,70 €/L"
Pão Regional Rio Maior Inteiro,Pão do Dia,1 unidade= 450 g,"0,19 €","2,71 €/Kg"
Ração para gato adulto crunchy & tender com salmão,Friskies,"Embalagem de 1,5 kg","12,99 €","4,33 €/Kg"
Pastilhas limpa próteses,Labell,embalagem com 36 unidades,"7,39 €","105,57 €/Kg"
Iogurte líquido yoggi morango,Nestle,Embalagem de 4 x 160 g,"1,17 €","1,83 €/Kg"
8 hamburguers s/ glúten vaca,Capitão Iglo,Embalagem de 640g,"2,79 €","8,72 €/Kg"
Iogurte activia líquido 0% lima/limão,Danone,Embalagem de 4 x 155 g,"2,49 €","5,19 €/Kg"
Pista dinossauro,HTI,com 3 carros,"22,99 €","22,99 €/Unidade"
Vinho DOC Dão Tinto,Dharma,"Garrafa de 0,75 L","3,99 €","5,32 €/L"
Spray limpeza fornos e grelhas,PorSi,500 ml,"1,29 €","1,72 €/L"
Vinho tinto regional setúbal,Herdade da comporta,Garrafa de 0.75 l,"2,99 €","3,99 €/L"
Néctar pera,PorSi,Embalagem de 1 l,"0,99 €","0,99 €/L"
Queijo flamengo 0% lactose,PorSi Viva Bem,Embalagem de 150 g,"2,49 €","9,96 €/Kg"
Óleo Performa C3 5w30 Sintético,Galp,Embalagem de 1 l,"14,99 €","14,99 €/L"
Baba de camelo,Brilha ali,140 ml,"1,89 €","13,50 €/L"
Massa de macarrão grande estriado,PorSi,Embalagem de 500g,"0,89 €","1,78 €/Kg"
Queijo de azeitão dop,PorSi Select,Embalagem de 255 g,"25,45 €/Kg","25,45 €/Kg"
Body Milk in Shower,Labell,Embalagem de 250 ml,"12,48 €/L","12,48 €/L"
Gelatina pronta a comer light 10 kcal mirtilo,Royal,Embalagem de 4 x 100 g,"0,85 €","2,13 €/Kg"
Cerveja com álcool,Corona,"Embalagem de 6x0,355L","1,99 €/L","1,99 €/L"
Bloco Sanitário Poder Activo Pinho,Sonasol,Embalagem de 50 g,"2,99 €","74,75 €/Kg"
Chocolate culinário branco,Pantagruel,Embalagem de 200g,"1,04 €","8,32 €/Kg"
Tablete de chocolate extra fina leite/avelã,Nestle,Embalagem de 120g,"10,89 €/Kg","10,89 €/Kg"
Alimento lácteo cereais e baunilha +6 meses,Yogolino,Embalagem de 4 x 100 g,"2,89 €","7,23 €/Kg"
Amaciador jasmim e maçã,Surf,90 doses,"6,99 €","3,88 €/L"
Vinho verde,Felgueiras,Garrafa de 0.75 l,"1,99 €","2,65 €/L"
Mistura para periquitos,Canto Alegre,Embalagem de 1K,"2,49 €","2,49 €/Kg"
Faca cozinha 15 cm madeira,PorSi,1 unidade,"5,90 €","5,90 €/Unidade"
Bolacha vitalday crocante original,Gullon,Embalagem de 270g,"3,09 €","10,30 €/Kg"
Iogurte líquido magro mirtilos chá verde sem lactose,Mimosa,4 x 156 ml,"2,49 €","9,96 €/Kg"
Iogurte Líquido Yoggi s/ lactose Stracciatela,Nestle,4 x 160 g,"2,49 €","9,96 €/Kg"
Folhado de Maçã,*,1 unidade= 100 g,"0,30 €/Unidade","0,30 €/Unidade"
"Lenços de bolso sensi, brancos, 10 unidades",Renova,Uma embalagem de 6x10,"0,89 €","0,89 €/Unidade"
Restaurador de Chão Envenizado Médio/Escuro,Novycera,Embalagem de 500 ml,"2,29 €","2,29 €/L"
Desodorizante e desinfetante para calçado,Sanytol,Embalagem de 150 ml,"5,29 €","35,27 €/L"
Borracha para desenho técnico,Domédia,1 unidade,"3,09 €","3,09 €/Unidade"
Inseticida moscas e mosquitos,Dum Dum,Garrafa de 300 ml,"5,69 €","15,17 €/L"
Cogumelos laminados 1/2,PorSi,Embalagem de 355 g,"1,79 €","2,29 €/Kg"
Lambrusco bianco,*,Garrafa de 750 ml,"2,12 €/L","2,12 €/L"
Copos em cana-de-açúcar 260 ml,PorSi,6 unidades,"1,15 €","1,15 €/Unidade"
Leite seleccionado leve,Matinal,pack 3 x 200 ml,"0,81 €","0,81 €/L"
Comida húmida para gato carnes e legumes com molho,PorSi,Embalagem de 1.2 kg,"3,59 €","2,99 €/Kg"
Spray anti calcário,Cif,Garrafa de 435 ml,"3,19 €","6,38 €/L"
Iogurte líquido tutti-frutti,Danone,Embalagem de 4 x 155 g,"1,17 €","1,83 €/Kg"
Escudo e Luva Capitão América,Avengers,1 un.,"22,99 €","22,99 €/Unidade"
Pensos Higiénicos Fina e Segura Maxi Super,Evax,Embalagem c/ 13 Unidades,"2,59 €","2,59 €/Unidade"
"Snack light de queijo flamengo, amêndoas e uvas pass...",Limiano,Embalagem de 120g,"1,99 €","9,95 €/Kg"
Areia para gatos aglomerante compacta perfumada,PorSi,Embalagem de 4 kg,"1,19 €","0,24 €/Kg"
Super Cola para Madeira,Vito,1 unidade,"1,79 €","1,79 €/Unidade"
15 panadinhos de peixe,PorSi,Embalagem de 450 g,"4,39 €","10,98 €/Kg"
Alimento lácteo morango +8 meses,Yogolino,Embalagem de 4 x 100 g,"2,89 €","7,23 €/Kg"
Molho piri piri,Macarico,Embalagem de 200g,"0,70 €","2,33 €/Kg"
Esfregão esponja ergonómico salva unhas,PorSi,Embalagem de 2 unidades,"0,79 €","0,79 €/Unidade"
Feijão preto cozido,PorSi,Embalagem de 420 g,"1,79 €","2,29 €/Kg"
Spray recarga limpeza da casa de banho,Cif,embalagem de 70 ml,"0,79 €","0,79 €/L"
"Cerveja com álcool, lata",Super Bock,Garrafa de 500 ml,"1,99 €/L","1,99 €/L"
Tostas de trigo,Diatosta,Embalagem de 225 g,"2,39 €","6,83 €/Kg"
Preparado de bolo de chocolate,PorSi,500 g,"0,45 €","5,00 €/Kg"
Bolachas creme canela,Gullon,Embalagem de 470g,"2,11 €/Kg","2,11 €/Kg"
Lava tudo antibacteriano marinho,PorSi,Garrafa de 1.5 l,"1,89 €","1,26 €/L"
Molas plásticas,PorSi,15 unidades,"0,89 €","0,89 €/Unidade"
Cerveja c/ álcool,Super Bock,Pack 15 X 0. 33L,"1,99 €/L","1,99 €/L"
Nata uht light para culinária,PorSi,embalagem de 200 ml,"1,12 €","5,60 €/L"
Leite de coco,PorSi,Embalagem de 400 ml,"3,84 €","24,00 €/Kg"
Bolachas waffers baunilha,PorSi,Embalagem de 210g,"0,98 €","4,67 €/Kg"
Pickles em vinagre,PorSi,Embalagem de 200 g,"1,79 €","2,29 €/Kg"
Húngaros,PorSi,Embalagem de 270G,"0,69 €","3,45 €/Kg"
Cereais corn flakes s/ glúten,Nestle,Embalagem de 380g,"1,49 €","2,98 €/Kg"
6 Salsichas de porco,Nobre,Lata de 120g,"0,75 €","3,75 €/Kg"
Moscatel favaios,Favaios,Garrafa de 750 ml,"6,79 €/L","6,79 €/L"
Aletria,Milaneza,Embalagem de 500g,"0,89 €","1,78 €/Kg"
Água c/ gás original,Frize,pack 6 x 0.25 l,"2,85 €","2,85 €/L"
Água mineral sem gás,Fastio,Pack 4 x 1.5 l,"1,04 €","0,17 €/L"
Desinfetante álcool gel spray,PorSi,100 ml,"0,99 €","9,90 €/L"
Açúcar em saquetas,PorSi,Embalagem 1K,"1,49 €","1,49 €/Kg"
Iogurte Pedaços Ananás 0% Matéria Gorda/Açúcares,Danone,4 x 120 g,"2,49 €","5,19 €/Kg"
Tampão com Aplicador Compak Super Plus,Tampax,Embalagem com 22 unidades,"3,99 €","3,99 €/Unidade"
Salsichas extra suculentas,Nobre,Frasco de 650 g,"0,75 €","3,75 €/Kg"
2 big burger vaca e queijo s/ glutén,Capitão Iglo,Embalagem de 200g,"2,79 €","8,72 €/Kg"
Churrasqueira/Barbecue,Écoiffier,1 unidade,"22,99 €","22,99 €/Unidade"
Maleta infantário,Playmobil,1 unidade,"32,99 €/Unidade","32,99 €/Unidade"
Salame fat,Campofrio,Embalagem de 80g,"1,89 €","23,63 €/Kg"
Pensos higiénicos liberty super abas,Evax,Embalagem com 10 un.,"2,59 €","2,59 €/Unidade"
Bebida espirituosa,1920,Garrafa de 1 l,"15,49 €","15,49 €/L"
Bolacha maria dourada,PorSi,Embalagem de 800g,"2,11 €/Kg","2,11 €/Kg"
Espumante Super Reserva Meio Seco,Raposeira,Garrafa de 0.75 l,"8,49 €","11,32 €/L"
Arroz Thai Jasmim,PorSi,1 kg,"0,99 €","0,99 €/Kg"
Caderno Agrafado Capa Preta |A5 Quadriculado,Domédia,1 unidade,"5,79 €","5,79 €/Unidade"
Vinagre de limpeza,PorSi,Embalagem de 1 l,"0,79 €","0,79 €/L"
Camarão cozido 50/70,PorSi,Embalagem de 500 g,"9,99 €","19,98 €/Kg"
Escova de Dentes Júnior,Aquafresh,1 unidade,"3,99 €","3,99 €/Unidade"
Lápis de cor 18 cm,Domédia,embalagem com 18 unidades,"4,69 €","4,69 €/Unidade"
"Rolo de cozinha design xxl, 3 rolos",Renova,Embalagem de 3 unidades,"4,99 €","4,99 €/Unidade"
Autocaravana de férias,Lego,1 unidade,"22,99 €","22,99 €/Unidade"
Bandas de Cera Depilatória Bikini,Veet,100ml + Bálsamo 50 Ml,"10,99 €","73,27 €/L"
Tablete chocolate de iogurte morango,Milka,Embalagem de 100g,"5,30 €/Kg","5,30 €/Kg"
Cerveja,Kings Bräu,Embalagem de 10x25 cl,"1,99 €/L","1,99 €/L"
Queijo flamengo fatias light,PorSi,Embalagem de 200g,"1,56 €","7,80 €/Kg"
Wc lixivia gel pink,Domestos,Garrafa de 750 ml,"1,74 €","0,35 €/L"
Filetes primavera alecrim e sal marinho,Iglo,Embalagem de 230g,"1,79 €","7,16 €/Kg"
Creepy Mix,Chupachups,Embalagem de 400g,"3,99 €","9,98 €/Kg"
Jarro de 1 litro + 4 copos,Codil,1 conjunto,"0,99 €","0,99 €/Unidade"
Autobrilhante Incolor,Búfalo,Embalagem de 50 ml,"2,25 €","45,00 €/L"
Bolachas de manteiga,Triunfo,Embalagem de 170g,"1,69 €","6,76 €/Kg"
Vela com número nº 5,PorSi,1 unidade,"0,60 €","0,60 €/Unidade"
Côtes-du-Rhône Tinto,Ferraton,0.75 litros,"6,89 €","9,19 €/L"
Peskitos de pescada panados,Pescanova,Embalagem de 1 Kg,"9,30 €/Kg","9,30 €/Kg"
Queijo brie cunhas 60%,President,Embalagem de 200 g,"1,45 €","7,25 €/Kg"
Gel WC Flores,Neoblanc,Embalagem de 700 ml,"2,79 €","3,99 €/L"
Barras fitness com morango,Nestle,Embalagem de 140g,"3,99 €","13,30 €/Kg"
Alimento seco para cão alta energia,PorSi,Embalagem de 10kg,"1,15 €/Kg","1,15 €/Kg"
Ketchup,PorSi,Embalagem de 560 g,"0,70 €","2,33 €/Kg"
Arroz Carolino,Cigala,Embalagem de 1 kg,"0,99 €","0,99 €/Kg"
Raptor Slash,Nerf,1 unidade,"32,99 €/Unidade","32,99 €/Unidade"
Pêssego em calda metades,PorSi,Lata com 420 g,"1,99 €","2,37 €/Kg"
Leite Uht Proteína Café,Mimosa,Pack 3 x 250 ml,"1,99 €","2,49 €/L"
Posta pescada-do-cabo nº 5 para cozer,PorSi,Embalagem de 800 g,"4,39 €","10,98 €/Kg"
Gin Beefeater Light,Beefeater,"Garrafa de 0,70 l","16,49 €","23,56 €/L"
Polvo limpo,PorSi,Embalagem de 800 g,"8,99 €","11,24 €/Kg"
Molho bechamel,Parmalat,Embalagem de 200 ml,"1,12 €","5,60 €/L"
Iogurte natural magro sem lactose,Mimosa,Embalagem de 4x 120 g,"2,49 €","9,96 €/Kg"
Vela com número nº 8,PorSi,1 unidade,"0,60 €","0,60 €/Unidade"
Hummus Caril Açafrão c/ Azeite Virgem Extra 100% Nat...,SONATURAL,Embalagem de 200g,"1,99 €","2,49 €/Kg"
Spray pedras,Cif,435 ml,"1,79 €","2,39 €/L"
Queijinhos Babybel Mix,Babybel,Embalagem de 180g,"4,39 €","18,29 €/Kg"
Muslitos do mar,Pescanova,Embalagem de 250 g,"2,19 €","8,59 €/Kg"
"Fita Isoladora, 2 Rolos",Itools,1 unidade,"1,79 €","1,79 €/Unidade"
"Bebida láctea especial crescimento, 1-3 anos",Mimosa,Garrafa de 1 l,"0,26 €","1,30 €/L"
Iogurte magro + gelatina maracujá,Mimosa,Embalagem de 4 x 120 g,"0,99 €","1,32 €/Kg"
12 pastéis de bacalhau,PorSi,Embalagem de 300 g,"1,79 €","7,16 €/Kg"
10 Preservativos Easy Way Finissímos,Control,,"9,99 €","9,99 €/Unidade"
Chourico vinho das beiras,PorSi,Embalagem de 280g,"1,00 €","5,00 €/Kg"
Leite creme,El mandari,Embalagem de 90g,"2,99 €","7,87 €/Kg"
Sumo 100% maçã,Compal,1 litro,"1,09 €","0,73 €/L"
Caldo de galinha 8 cubos,Knorr,Embalagem de 80g,"3,84 €","24,00 €/Kg"
Escova Dentes Suave Limpeza e Frescura,Sensodyne,1 un.,"3,99 €","3,99 €/Unidade"
Bocadelia de caranguejo,La piara,Embalagem de 170g,"1,19 €","13,52 €/Kg"
Porto ruby,Valadao,Garrafa de 750 ml,"6,65 €/L","6,65 €/L"
Sumo essencial de pêssego,Compal,pack 3 x 0.11 l,"2,29 €","6,94 €/L"
Batata Pré-Frita Dauphines,PorSi,500 g,"1,39 €","1,39 €/Kg"
Tiras da Costela/Piano,Porco,1 un = 500 gr (aprox.),"4,88 €","4,88 €/Kg"
Vinho branco,Alandra,Garrafa de 750 ml,"1,59 €","2,12 €/L"
Cápsulas de café delta qualidus,Delta Q,Embalagem de 60g,"54,36 €/Kg","54,36 €/Kg"
"Pastilhas fruit, frutos silvestres",Trident,Embalagem de 15 g,"0,89 €","59,33 €/Kg"
Molho 4 pimentas,PorSi,Embalagem de 120 ml,"0,70 €","2,33 €/Kg"
Mousse de chocolate,*,140 ml,"1,89 €","13,50 €/L"
Aventuras da Anna e Elsa,Lego,1 unidade,"32,99 €/Unidade","32,99 €/Unidade"
Café torrado 5 estrelas moagem grossa,Sical,Embalagem de 250g,"9,16 €/Kg","9,16 €/Kg"
Restaurador p/ móveis escuro,Novycera,Garrafa de 170 ml,"4,39 €","14,63 €/L"
Néctar ananás,Compal,pack 3 x 200 ml,"0,99 €","0,99 €/L"
Comida húmida para cão,PorSi,Embalagem de 300 g,"0,75 €","2,50 €/Kg"
Monster Truck Bone Shaker Rádio Controlo,Mondo,1 unidade,"22,99 €","22,99 €/Unidade"
30 douradinhos,Capitão Iglo,Embalagem de 840g,"4,39 €","10,98 €/Kg"
Leite corporal,Nivea,Embalagem de 400 ml,"12,48 €/L","12,48 €/L"
Bolachas digestive original,MCVITIES,Embalagem de 400g,"0,98 €","3,27 €/Kg"
Iogurte líquido pinacolada,PorSi,Embalagem de 4 x 160 g,"1,17 €","1,83 €/Kg"
Batata Frita c/ Sal,Ruffles,Embalagem de 160 g,"1,06 €","5,73 €/Kg"
Batata frita ondulada wavy,PorSi,Embalagem de 180g,"1,06 €","5,73 €/Kg"
12 Preservativos Adapta Non Stop,Control,,"9,99 €","9,99 €/Unidade"
Vinho branco regional península de setúbal,Lancers,Garrafa de 750 ml,"2,99 €","3,99 €/L"
Chouriço cebola beiras,PorSi,Embalagem de 300g,"1,00 €","5,00 €/Kg"
Bolachas crackers integral,Du bois,Embalagem de 500g,"0,39 €","3,12 €/Kg"
Farinha de alfarroba bio,PorSi Bio,Embalagem de 200 g,"1,39 €","9,27 €/Kg"
Spray desinfetante elimina odores,Lysol,Embalagem de 400 ml,"1,19 €","0,79 €/L"
Salsicha bockwurst 5 unidades,PorSi,Embalagem de 250g,"0,75 €","3,75 €/Kg"
Bolacha digestiva go canela,Triunfo,Embalagem de 170g,"0,98 €","3,27 €/Kg"
Farinha p/ bolos fina,Nacional,Embalagem de 1Kg,"1,99 €","1,99 €/Kg"
Néctar classico de ananás,Compal,Garrafa de 200 ml,"0,99 €","0,99 €/L"
Ambientador aerosol pure nenuco,Air Wick,Garrafa de 250 ml,"2,99 €","12,46 €/L"
Lata de Brilho Castanho,Búfalo,Embalagem de 75 ml,"0,99 €","19,80 €/L"
Papa infantil para preparar com leite +6 meses,Cerelac,Embalagem de 250g,"3,39 €","13,56 €/Kg"
Bollycao,Bollycao,Embalagem de 2 unidades,"2,05 €","5,13 €/Kg"
Jogo Joker Kids,Clementoni,1 un.,"24,90 €","24,90 €/Unidade"
Bebé Feliz Aniversário,Nenuco,1 unidade,"32,99 €/Unidade","32,99 €/Unidade"
Iogurte tipo grego natural,PorSi,Embalagem de 12 x 125 g,"1,49 €","2,98 €/Kg"
Bloco Sanitário Poder Activo Lavanda,Sonasol,Embalagem de 2x50 g,"2,99 €","74,75 €/Kg"
Manteiga amendoim cremosa,PorSi,Embalagem de 340g,"8,13 €/Kg","8,13 €/Kg"
Azeitona Preta Extra,PorSi,1 un = 100 gr (aprox.),"0,35 €","3,49 €/Kg"
Cereais crack star,PorSi,Embalagem de 375 g,"5,07 €/Kg","5,07 €/Kg"
Gelatina de ananás,PorSi,Embalagem de 170g,"0,55 €","61,11 €/Kg"
"Papel higiénico acolchoado, folha tripla, 9 rolos",Scottex,1 embalagem,"1,99 €","1,99 €/Unidade"
Bolachas waffers chocolate,PorSi,Embalagem de 210g,"0,98 €","4,67 €/Kg"
Massa de espirais,Nacional,Embalagem de 500g,"0,89 €","1,78 €/Kg"
Iogurte activia líquido 0% morango/kiwi,Danone,Embalagem de 4 x 155 g,"2,49 €","5,19 €/Kg"
Hamburguers de bovino,PorSi,Embalagem de 1 kg,"2,79 €","8,72 €/Kg"
Bife da Vazia,Novilho,Vendido ao peso a partir de 800 g,"11,59 €","14,49 €/Kg"
Carne p/ Assar,Novilho,Vendido ao peso a partir de 800 g,"11,59 €","14,49 €/Kg"
Depilatório homem gel,Veet,Garrafa de 200 ml,"10,99 €","73,27 €/L"
Limpa vidros cristal recarga,Ajax,Embalagem de 500 ml,"3,19 €","6,38 €/L"
Película Aderente 60M,PorSi,1 unidade,"1,11 €","1,11 €/Unidade"
Leite uht c/ chocolate,Ucal,Garrafa de 1 l,"0,26 €","1,30 €/L"
Coffee Shop 100% Chef,Écoiffier,1 unidade,"22,99 €","22,99 €/Unidade"
Vela com número nº 1,PorSi,1 unidade,"0,60 €","0,60 €/Unidade"
Ricore,Nestle,Embalagem de 260g,"1,64 €","6,56 €/Kg"
"Coloração permanente, castanho tiramissu nº4.15",Nutrisse,1 unidade,"9,49 €/Unidade","9,49 €/Unidade"
Tablete de chocolate de leite,Nestle,Embalagem de 90g,"5,30 €/Kg","5,30 €/Kg"
Iogurtes magros aroma morango,PorSi Viva Bem,Embalagem de 6 x 125 g,"0,99 €","1,32 €/Kg"
Martini fiero,Martini,Garrafa de 750 ml,"8,99 €","14,98 €/L"
Bolachas Choco Finas,Milka,Embalagem de 126g,"2,15 €","2,87 €/Kg"
Bolacha torrada,PorSi,Embalagem de 4 x 200 g,"2,11 €/Kg","2,11 €/Kg"
Flocos de aveia,PorSi Viva Bem,Embalagem de 400g,"0,69 €","1,73 €/Kg"
Borracha para lápis e tinta,Domédia,1 unidade,"4,69 €","4,69 €/Unidade"
Iogurte activia cremoso frutos silvestres,Danone,Embalagem de 4 x 120 g,"1,49 €","2,98 €/Kg"
Saco do Lixo Ecobag 20 litros,Vileda,20 Sacos,"2,19 €","2,19 €/Unidade"
Lixívia Tradicional,PorSi,Embalagem de 5 l,"1,74 €","0,35 €/L"
Bife do Lombo,Novilho,1 un= 150 gr (aprox.),"11,59 €","14,49 €/Kg"
Gel wc tripla ação c/ lixívia,Harpic,Garrafa de 750 ml,"1,79 €","2,39 €/L"
Porto 10 anos,Velhotes,Garrafa de 0.75 l,"9,99 €","13,32 €/L"
Fusion Cola,Faisão,Garrafa de 0.75 l,"2,19 €","1,46 €/L"
Bebida de soja proteína de chocolate 0% lactose,Shoyce,200 ml,"2,49 €","2,49 €/L"
Patê de sardinha,PorSi,Embalagem de 65 g,"1,19 €","13,52 €/Kg"
Máquina de barbear sensor excel universal,Gillette,1 unidade,"1,16 €","4,64 €/L"
Ambientador spray pure flor de cerejeira,PorSi,250 ml,"2,99 €","12,46 €/L"
Pilha recarregável 170mAh 9V HR22,Domédia,1 unidade,"4,09 €","4,09 €/Unidade"
Atum posta em óleo,Ramirez,Embalagem de 120g,"9,08 €/Kg","9,08 €/Kg"
Lombo assado fatiado,PorSi,150 g,"2,49 €","16,60 €/Kg"
Néctar light de laranja prisma,PorSi,Embalagem de 1 l,"0,84 €","2,55 €/L"
Queijinho yoco suissi maxi de morango e banana,Nestle,Embalagem de 4 x 90 g,"7,77 €/Kg","7,77 €/Kg"
Café lote bocage grão,Nicola,Embalagem de 1 kg,"9,16 €/Kg","9,16 €/Kg"
Suiço Longo c/ Pepitas de Chocolate,PorSi,1 un. = 100 g,"0,30 €/Unidade","0,30 €/Unidade"
Vinho rosé,C.mendes,Garrafa de 750 ml,"4,29 €","5,72 €/L"
Lambrusco bianco,*,Garrafa de 750 ml,"6,89 €","9,19 €/L"
Massa de cotovelinhos,PorSi,Embalagem de 500g,"0,89 €","1,78 €/Kg"
"Ambientador automático, fresh matic, pure",Air Wick,1 unidade,"11,99 €","11,99 €/Unidade"
Cereais +linha clássico,Nacional,Embalagem de 300g,"3,99 €","13,30 €/Kg"
Iogurte liquido natural açucarado,PorSi,Embalagem de 1 kg,"0,65 €","1,30 €/Kg"
Spray desinfetante casa de banho,Lysol,Embalagem de 500 ml,"1,79 €","2,39 €/L"
Esferográfica Azul Média,Mab,Embalagem com 4 un.,"2,49 €","2,49 €/Unidade"
Recargas ambientador elétrico pure clean linen,Glade,Embalagem de 2 x 20 ml,"11,98 €","11,98 €/Unidade"
Açúcar baunilhado,Globo,Embalagem de 70g,"1,49 €","1,49 €/Kg"
Inseticida multi-insectos,Dum Dum,Garrafa de 400 ml,"5,69 €","15,17 €/L"
Prato em forma de coelho,Do Art,Dim.: 15x14x15CM,"7,99 €","7,99 €/Unidade"
Ambientador tealights frutos vermelhos,PorSi,embalagem com 18 unidades,"9,49 €","45,19 €/Kg"
Jogo Aqui há festa,Clementoni,1 unidade,"24,90 €","24,90 €/Unidade"
Chapéu mágico,Mattel,1 unidade,"24,90 €","24,90 €/Unidade"
Brandy,Macieira,Garrafa de 1 l,"15,49 €","15,49 €/L"
Recarga p/ ambientador automático freshmatic flor de...,Air Wick,Embalagem de 250 ml,"11,98 €","11,98 €/Unidade"
Amaciador concentrado para roupa aloé vera,PorSi,80 doses,"1,99 €","1,00 €/L"
Mexedores para café de madeira,PorSi,100 unidades embaladas individualmente,"1,15 €","1,15 €/Unidade"
"Recarga Espanador, 10 unidades",Swiffer,Uma embalagem,"0,79 €","0,79 €/Unidade"
Guardanapos de papel reciclado,PorSi,100 unidades,"1,29 €","1,29 €/Unidade"
Adoçante em pó,PorSi,250 saquetas,"6,21 €","6,21 €/Unidade"
Lambrusco rose,*,Garrafa de 750 ml,"2,12 €/L","2,12 €/L"
Camarão Tigre Selvagem do Senegal 1/5,Nossa seleção,Congelado,"2,00 €","7,99 €/Kg"
Manteiga com sal,Mimosa,Embalagem de 130g,"1,69 €","6,76 €/Kg"
Compressas | dim.: 10 x 10 cm,PorSi,Embalagem com 100 unidades,"0,59 €","1,18 €/L"
Esparregado de espinafres,PorSi,Embalagem de 350 g,"1,89 €","1,89 €/Kg"
Lava tudo sabão natural mármore e terra cota,Ajax,1 l,"1,19 €","0,79 €/L"
Bolo de Arroz 70 g,*,,"0,30 €/Unidade","0,30 €/Unidade"
Tofu biológico,PorSi Bio,Embalagem de 300g,"1,89 €","10,50 €/Kg"
Presunto nacos,PorSi,Embalagem de 250g,"2,79 €","13,95 €/Kg"
Laboratório Mecânica Camião de Mina,Clementoni,1 unidade,"24,90 €","24,90 €/Unidade"
Trinca de arroz,PorSi,Embalagem de 5 kg,"1,15 €/Kg","1,15 €/Kg"
Quinoa branca,PorSi Viva Bem,Embalagem de 200 g,"1,39 €","6,95 €/Kg"
Pudim Rico em Proteína de Avelã,Ehrmann,Embalagem de 200g,"1,19 €","2,59 €/Kg"
Gelados Stracciatella Cookie,PorSi,Embalagem com 4 unidades,"1,99 €","4,15 €/L"
Torta cacau com sabor a natas,PorSi,Embalagem de 300g,"2,05 €","5,13 €/Kg"
Spray limpeza casa de banho optimal 7,Ajax,Embalagem de 500 ml,"1,79 €","2,39 €/L"
Creme fixação para dentaduras,Polident,Embalagem de 70 g,"7,39 €","105,57 €/Kg"
Leitão assado,*,500 g,"7,69 €","15,38 €/Kg"
Bolachas Chiquilin 0% Açucar,Artiach,Embalagem de 175 g,"3,09 €","10,30 €/Kg"
Corn flakes,PorSi,Embalagem de 1 kg,"1,49 €","2,98 €/Kg"
Croissant Brioche 85 g,Pastelaria do Dia,,"0,30 €/Unidade","0,30 €/Unidade"
Nescafe galao original 18(8x17g) pt ea,Nescafe,Embalagem de 136g,"3,19 €","25,52 €/Kg"
Oreo flavors cookies birthday party rollpack 154 gr,Oreo,Embalagem de 150g,"1,49 €","9,68 €/Kg"
Snack Cão Prodental,PorSi,Embalagem 180 g,"0,94 €","5,22 €/Kg"
Lulas recheadas,Piteu,Embalagem de 120g,"9,08 €/Kg","9,08 €/Kg"
"Queijo flamengo, bola quartos",Agros,Embalagem de 350g,"1,56 €","7,80 €/Kg"
Mochila 20 peças para brincar,*,1 unidade,"22,99 €","22,99 €/Unidade"
Creme Mãos Hidratante,Labell,Embalagem de 100 ml,"2,49 €","41,50 €/L"
Toalhitas,Dodot,4 x 64 un.,"1,09 €/Unidade","1,09 €/Unidade"
Croissant de Manteiga,PorSi,50g,"0,30 €/Unidade","0,30 €/Unidade"
Amaciador intense nature,Comfort,60 doses,"6,99 €","3,88 €/L"
"Pensos diários, maxi, 40 unidades",Evax,Uma embalagem,"1,79 €","1,79 €/Unidade"
Caneta correctora  Shake & Squeeze 2+1,Bic,1 unidade,"2,49 €","2,49 €/Unidade"
Azeite,Oliveira da Serra,Embalagem de 750 ml,"3,19 €","4,25 €/L"
Frutos vermelhos,PorSi,Embalagem de 750 g,"3,29 €","4,39 €/Kg"
Manteiga magra meio sal,President,Embalagem de 250g,"1,69 €","6,76 €/Kg"
Iogurte líquido dan'up morango e banana,Danone,Embalagem de 4 x 155 g,"1,17 €","1,83 €/Kg"
"Shampoo, laranja",PorSi,Embalagem de 1 l,"3,49 €","13,96 €/L"
Dawnut Glacé,Pastelaria do Dia,50g,"0,30 €/Unidade","0,30 €/Unidade"
"Jogo ""A Volta ao Mundo""",Clementoni,1 unidade,"24,90 €","24,90 €/Unidade"
Mini tostas integrais super finas,PorSi,Embalagem de 100 g,"2,39 €","6,83 €/Kg"
Creme de corpo exfoliante,Labell,Embalagem de 150 ml,"23,70 €/L","23,70 €/L"
Vinho verde branco,MIRANDA,"Garrafa de 0,75 l","1,99 €","2,65 €/L"
Detergente liquido loiça clássico,PorSi,Garrafa de 1 litro,"0,99 €","1,98 €/L"
Lixívia Densa + Squeeze Harmonias Florais,Neoblanc,Embalagem de 1 l,"1,74 €","0,35 €/L"
Monopoly Clássico,Hasbro,1 un.,"24,90 €","24,90 €/Unidade"
Cerveja com álcool,Sagres,Garrafa de 20 cl,"1,99 €/L","1,99 €/L"
Mel de Rosmaninho,PorSi Select,Frasco de 250 g,"2,25 €","9,00 €/Kg"
Néctar vital equilibrio frutos vermelhos,Compal,Embalagem de 1 l,"0,99 €","0,99 €/L"
Iogurte líquido frutos tropicais,Longa vida,Embalagem de 4 x 160 g,"1,17 €","1,83 €/Kg"
Cheerios 375g,Nestle,Embalagem de 380g,"5,07 €/Kg","5,07 €/Kg"
Vulcão,Science4You,1 unidade,"18,29 €","18,29 €/Unidade"
Penso diário normal,PorSi,Embalagem de 64 unidades,"1,79 €","1,79 €/Unidade"
Autobrilhante Preto,Búfalo,Embalagem de 50 ml,"2,25 €","45,00 €/L"
Papa infantil láctea maçã +6 meses,Cerelac,Embalagem de 250g,"3,39 €","13,56 €/Kg"
Arroz agulha,Caçarola,Embalagem de 1 kg,"0,99 €","0,99 €/Kg"
Sangria pet,Don Simon,"Garrafa de 1,5 l","2,19 €","1,46 €/L"
Ambientador vela duo maçã,Air Wick,Embalagem de 210g,"9,49 €","45,19 €/Kg"
Acetona,PorSi,Embalagem de 250 ml,"1,09 €","4,36 €/L"
Batata palha finíssima,PorSi Select,Embalagem de 180 g,"0,87 €","5,44 €/Kg"
20 saquetas chá digestão fácil,Lipton,Embalagem de 30g,"0,99 €","23,02 €/Kg"
Vinho Vinha da Fonte Setúbal branco,Casa Ermelinda Freitas,Garrafa de 0.75 l,"2,99 €","3,99 €/L"
Farinha p/ bolos extra fina,Nacional,Embalagem de 1 kg,"1,99 €","1,99 €/Kg"
Vinagre de vinho branco,PorSi,Garrafa de 1 l,"0,35 €","0,70 €/L"
Infusão cidreira,PorSi,Embalagem de 40g,"0,99 €","76,15 €/Kg"
Bolacha com aveia,PorSi,Embalagem de 300 g,"0,98 €","3,27 €/Kg"
Infusão cidreira,Cemporcent,Embalagem de 10 unidades,"0,99 €","76,15 €/Kg"
Vinho regional península de setúbal,Dom Campos,Garrafa de 0.75 l,"2,99 €","3,99 €/L"
Espinafres em folhas,PorSi,Embalagem de 750 g,"1,89 €","1,89 €/Kg"
Vinagre vinho branco,PorSi,Garrafa de 500 ml,"0,35 €","0,70 €/L"
Pensos banda,PorSi,100 x 6 cm,"0,59 €","1,18 €/L"
Yofu com pedaços de morango,Alpro,Embalagem de 4x125 g,"4,58 €/Kg","4,58 €/Kg"
Pastilha Elástica Bottle Frutos Vermelhos,Trident,Embalagem de 82 g,"0,89 €","59,33 €/Kg"
Infusão de camomila,PorSi,Embalagem de 33.7 g,"0,99 €","76,15 €/Kg"
"Hamburguers de frango, 4 x 80 g",PorSi,Embalagem de 320g,"2,79 €","8,72 €/Kg"
Douradinhos s/glúten,Capitão Iglo,Embalagem de 250g,"9,30 €/Kg","9,30 €/Kg"
"Lava tudo, vinagre",Cif,"Garrafa de 1,4 l","1,89 €","1,26 €/L"
Mistura para canários,Canto Alegre,Embalagem de 1K,"2,49 €","2,49 €/Kg"
Creme anti-rugas de dia revitalift,L'oreal,Embalagem de 50 ml,"14,99 €","299,80 €/L"
Arroz agulha Europa,PorSi,Embalagem de 1 kg,"0,99 €","0,99 €/Kg"
Vinagre vinho branco 500ml,Cristal,Garrafa de 500 ml,"0,35 €","0,70 €/L"
Vinho tinto,Alandra,Garrafa de 750 ml,"2,99 €","3,99 €/L"
Bolachas starship chocolate,PorSi,Embalagem de 150g,"0,90 €","6,00 €/Kg"
Vinho regional península de setúbal reserva,Periquita,Garrafa de 0.75 l,"2,99 €","3,99 €/L"
Cogumelos fatiados,PorSi,Embalagem de 400g,"1,89 €","1,89 €/Kg"
Preparado para crepes,Branca de Neve,Embalagem de 380g,"2,99 €","7,87 €/Kg"
"Cerveja sem Álcool 0,0%",Carlsberg,Pack 6x25 cl,"5,99 €","3,03 €/L"
Creme para calcanhares gretados,Scholl,Embalagem de 60 ml,"4,99 €","99,80 €/L"
Ambientador auto pinho,PorSi,1 unidade,"2,79 €","2,79 €/Unidade"
Paio das beiras,PorSi,Embalagem de 380g,"2,79 €","13,95 €/Kg"
Adoçante liquido,PorSi,Garrafa de 125 ml,"6,21 €","6,21 €/Unidade"
Vinho branco monbazillac  2012,Expertclub,Garrafa de 750 ml,"6,89 €","9,19 €/L"
Massa bagos,PorSi,Embalagem de 250g,"0,89 €","1,78 €/Kg"
Café moagem universal portugal,Delta,Embalagem de 250g,"9,16 €/Kg","9,16 €/Kg"
Macedonia de legumes,PorSi,Embalagem de 1 kg,"1,89 €","1,89 €/Kg"
Figo,Fruta da Época,1 un = 50 gr  (aprox.),"1,89 €/Kg","1,89 €/Kg"
Gin dry bombay(40º) 0.70l,Bombay,Garrafa de 700 ml,"16,49 €","23,56 €/L"
Queijo Camembert,President,Embalagem de 250 g,"1,45 €","7,25 €/Kg"
Leite uht magro,Gresso,Embalagem de 1 litro,"0,81 €","0,81 €/L"
Comboio Natal,*,23 peças,"19,99 €","19,99 €/Unidade"
Óleo alimentar,Fula,Embalagem 3L,"3,39 €","3,39 €/L"
Côco ralado,PorSi,Embalagem de 200g,"1,29 €","3,23 €/Kg"
Aguardente velhíssima,São Domingos,Garrafa de 0.70 l,"11,49 €","16,41 €/L"
Receita caseira de jardineira,Nobre,Embalagem de 420g,"2,35 €","5,60 €/Kg"
Bolachas marítimas clássicas,PorSi Viva Bem,Embalagem de 200g,"3,09 €","10,30 €/Kg"
"Jogo ""Pinta Narigudo""",Concentra,1 unidade,"24,90 €","24,90 €/Unidade"
Espumante bruto,Cabriz,Garrafa de 750 ml,"8,49 €","11,32 €/L"
Iogurte magro + gelatina framboesa,Mimosa,Embalagem de 4 x 120 g,"0,99 €","1,32 €/Kg"
Whisky Gold,Cardhu,0.70 l,"23,99 €","34,27 €/L"
Iogurte tipo grego maracujá,PorSi,Embalagem de 4 x 125 g,"1,49 €","2,98 €/Kg"
Rolo cozinha branco 3 folhas,PorSi,3 rolos,"4,99 €","4,99 €/Unidade"
Creme culinário de soja,Shoyce,Garrafa de 200 ml,"1,39 €","6,95 €/L"
Espumante sem álcool para crianças,Look,Garrafa de 750 ml,"0,40 €/L","0,40 €/L"
Fruta para bebé banana maçã +4 meses,Nestle,Embalagem de 90g,"0,74 €","8,22 €/Kg"
Cocktail pessego,Bar Royal,Garrafa de 750 ml,"8,99 €","14,98 €/L"
Bolachas Recheadas Com Chocolate,PRINCE,Embalagem de 178g,"2,15 €","2,87 €/Kg"
Bocadelia atum,La piara,Embalagem de 180g,"9,08 €/Kg","9,08 €/Kg"
Leite creme,PorSi,Embalagem de 2x135 g,"0,55 €","2,75 €/Kg"
Vela com número nº 9,PorSi,1 unidade,"0,60 €","0,60 €/Unidade"
Tablete de chocolate de leite com amêndoas - sem açú...,PorSi Viva Bem,Embalagem de 100 g,"10,89 €/Kg","10,89 €/Kg"
Batata frita lisa chips,PorSi,Embalagem de 185 g,"1,06 €","5,73 €/Kg"
"Néctar pêssego, prisma",PorSi,Embalagem de 1 l,"0,99 €","0,99 €/L"
Martini Riserva Rubino,Martini,Garrafa de 750 ml,"22,49 €","32,13 €/L"
Aveia instantânea em pó 1250 g bolacha,Prozis,"Embalagem de 1,25 kg","1,49 €","7,45 €/Kg"
Melão Amarelo,Fruta do Dia,Vendido ao peso | 1 un = 2.5 kg (aprox.),"2,99 €","2,99 €/Kg"
Sementes de linhaça dourada,PorSi Viva Bem,Embalagem de 250 g,"1,59 €","10,60 €/Kg"
Sangria branca,Don Simon,"Garrafa de 1,5 l","2,19 €","1,46 €/L"
Vinho do porto lbv 2004,Cruz,Garrafa de 0.75 l,"9,99 €","13,32 €/L"
Lava Tudo Amoniacal,Sonasol,"Garrafa de 1,3 l","1,89 €","1,26 €/L"
Massa spaghetti tricolore,Milaneza,Embalagem de 500 g,"0,89 €","1,78 €/Kg"
Marmelada,PorSi,Embalagem de 900g,"1,09 €","2,42 €/Kg"
Pimentão doce saqueta,PorSi,Embalagem de 50 g,"0,25 €","0,25 €/Kg"
Dentifríco p/ Dentes de Leite,Aquafresh,Embalagem de 50 ml,"3,29 €","43,87 €/L"
Kit de viagem,Colgate,pasta dentífrica + escova,"3,99 €","3,99 €/Unidade"
Pensos para bolhas,PorSi,20 unidades,"0,59 €","1,18 €/L"
Ervilhas bio,PorSi Bio,Frasco com 290 g,"1,89 €","10,50 €/Kg"
"Gel depilatório, peles sensiveis",Labell,Embalagem de 200 ml,"10,99 €","73,27 €/L"
"Lava e encera, aromas de alfazema",Novycera,Embalagem de 500 ml,"2,29 €","2,29 €/L"
Recarga laminas labs,Gillette,9 unidades,"1,16 €","4,64 €/L"
Paloco desfiado do pacifico,Peixe Fresco,Embalagem de 400 g,"8,73 €/Kg","8,73 €/Kg"
Peito de peru,PorSi,"Vendido ao peso, fatiado a partir de 150 g","1,99 €","13,27 €/Kg"
Palitos redondos,PorSi,200 unidades embalados individualmente,"1,15 €","1,15 €/Unidade"
Iogurte Bifidus Activia Chia Amêndoa 0%,Danone,Embalagem 4x120g,"2,49 €","5,19 €/Kg"
Biscoitos de canela,PorSi,Embalagem de 750g,"0,69 €","3,45 €/Kg"
Balde com tampa 11 litros,Codil,1 un.,"4,69 €","4,69 €/Unidade"
Disco giratório cardio,Innovagoods,1 unidade,"12,99 €","12,99 €/Unidade"
Pastéis de nata,PorSi,Embalagem de 6x60 g,"2,99 €","5,54 €/Kg"
Avião patrulheiro,Patrulha Pata,1 unidade,"22,99 €","22,99 €/Unidade"
Bolacha diet nature recheio creme,Gullon,Embalagem de 210g,"1,49 €","9,68 €/Kg"
Ketchup,PorSi,Embalagem de 300 g,"0,70 €","2,33 €/Kg"
"Refrigerante com gás, ananás",Sumol,"Garrafa de 1,25 l","0,40 €/L","0,40 €/L"
Vinho do porto special reserve,V.alegre,Garrafa de 750 ml,"9,99 €","13,32 €/L"
Detergente para loiça plus + citrinos,Super Pop,Embalagem de 1L,"0,99 €","1,98 €/L"
Framboesa,PorSi,Embalagem com 125g,"1,99 €","15,92 €/Kg"
Escova dentifrica 360º advanced média,Colgate,1 unidade,"3,99 €","3,99 €/Unidade"
Balde de Limpeza com Espremedor,PorSi,unidade,"2,50 €","2,50 €/Unidade"
Macedónia de legumes,PorSi,Embalagem de 400 g,"1,79 €","2,29 €/Kg"
Cebola picada,PorSi,Embalagem de 400 g,"1,89 €","1,89 €/Kg"
Pastilhas 60 minutos Peppermint Botlle,Trident,Embalagem com 80g,"0,89 €","59,33 €/Kg"
Chocolate culinário em pó,Pantagruel,Embalagem de 130g,"1,04 €","8,32 €/Kg"
Colheres sobremesa milho biodegradáveis,PorSi,6 unidades,"1,15 €","1,15 €/Unidade"
Tablete de chocolate de leite,PorSi Select,Embalagem de 200g,"5,30 €/Kg","5,30 €/Kg"
Sidra de maçã,Somersby,Lata de 500 ml,"1,59 €","3,18 €/L"
"Vinho doc loureiro, verde",Selecção de Enófilos,Garrafa de 0.75 l,"1,99 €","2,65 €/L"
Iogurte mix-in nesquik,Nestle,Embalagem de 2 x 115 g,"7,77 €/Kg","7,77 €/Kg"
Leite c/ chocolate meio-gordo s/ lactose,Agros,4 x 200 ml,"0,26 €","1,30 €/L"
Leite com chocolate,Agros,Embalagem de 200 ml,"0,26 €","1,30 €/L"
Iogurte grego stracciatella sem lactose,PorSi Viva Bem,Embalagem de 240g,"2,49 €","9,96 €/Kg"
Vinh do porto ruby,Cruz,Garrafa de 750 ml,"6,65 €/L","6,65 €/L"
"Alimento para cão adulto bio complex, com frango",HappyOne,Embalagem de 4 kg,"1,15 €/Kg","1,15 €/Kg"
Amido de milho,PorSi,Embalagem de 400g,"1,89 €","17,18 €/Kg"
Dentífrico Complete Elixir e Branqueador,Oral B,Embalagem de 75 ml,"2,39 €","31,87 €/L"
Braçadeiras Unicórnio,Mondo,1 Embalagem,"2,99 €","2,99 €/Unidade"
Snack para gato crispies vaca e frango,Felix,Embalagem de 50g,"0,99 €","16,50 €/Kg"
Água Tónica Zero,Schweppes,Garrafa de 1 l,"1,60 €","3,20 €/L"
Espremedor,PorSi,1 unidade,"2,50 €","2,50 €/Unidade"
Spray anti-bolores,Cif,435 ml,"1,79 €","2,39 €/L"
Laboratório Mecânica Mars Rover,Clementoni,1 unidade,"18,29 €","18,29 €/Unidade"
Peito frango fatias finas,PorSi,Embalagem de 150g,"1,99 €","13,27 €/Kg"
"Vela com número, nº2",PorSi,1 unidade,"0,60 €","0,60 €/Unidade"
Ambientador Arbre Baunilha,Arbre Magique,3 unidade,"2,79 €","2,79 €/Unidade"
Pão de forma sem côdea,Panrico,Embalagem de 650g,"2,63 €/Kg","2,63 €/Kg"
Alimento seco para gatinhos,HappyOne,"Embalagem de 1,5 kg","12,99 €","4,33 €/Kg"
Água c/ gás: limão/pepino/gengibre,Frize,pack 4 x 0.25 l,"2,85 €","2,85 €/L"
Farinha para bolos super fina,B.neve,Embalagem de 1 kg,"1,99 €","1,99 €/Kg"
Coxinhas de frango,PorSi,Embalagem de 360g,"3,53 €","8,83 €/Kg"
Luva Nitrilica,Itools,1 unidade,"5,39 €","5,39 €/Unidade"
Vinho do porto lágrima tinto,Ramos Pinto,"Garrafa de 0,75L","6,29 €","8,39 €/L"
Refresco em pó de morango,PorSi,Embalagem de 40g,"0,75 €","18,75 €/Kg"
Feijão branco cozido,PorSi,Embalagem de 820g,"1,79 €","2,29 €/Kg"
Café moagem fina bio,PorSi Bio,Embalagem de 250g,"9,16 €/Kg","9,16 €/Kg"
Whisky 8 anos,Grant's,Garrafa de 0.70 l,"23,99 €","34,27 €/L"
Loção hidratante,Baby Dove,Embalagem de 200 ml,"5,59 €","11,18 €/L"
Gelado bomboniera,Olá,Embalagem de 140ML,"1,99 €","4,15 €/L"
Azeitona mista,PorSi,Embalagem de 210g,"0,35 €","3,49 €/Kg"
Red Fish Grande,Peixe Congelado,1 un = 500 gr (aprox.),"1,00 €","4,99 €/Kg"
"Combinado Fiambre,Queijo e Carne",Pastelaria do Dia,,"0,65 €","0,65 €/Unidade"
Monster Truck Mega Wrex Rádio Controlo,Mondo,1 unidade,"22,99 €","22,99 €/Unidade"
Lenços faciais brancos 2 folhas,PorSi,150 unidades,"0,89 €","0,89 €/Unidade"
Arroz carolino vaporizado,Cacarola,Embalagem de 1 kg,"0,99 €","0,99 €/Kg"
Chocolate kit kat,Kit kat,Embalagem de 130g,"11,79 €/Kg","11,79 €/Kg"
Leite uht c/ chocolate,Ucal,Embalagem de 3 x 250 ml,"0,26 €","1,30 €/L"
Bandida do pomar maçã 4x25cl,Bandida,Garrafa de 1 l,"1,59 €","3,18 €/L"
Iogurte magro morango,Longa vida,Embalagem de 6 x 120 g,"0,99 €","1,32 €/Kg"
Creme para barrar,Nutella,Embalagem de 200 g,"8,13 €/Kg","8,13 €/Kg"
Lápis de cera,Giotto,embalagem com 12 unidades,"3,09 €","3,09 €/Unidade"
Travessa com naperon 45x23cm,PorSi,1 unidade,"1,15 €","1,15 €/Unidade"
Sopa económica de marisco,Knorr,Embalagem de 60g,"0,84 €","13,55 €/Kg"
Galão enriquecido em cálcio,Ucal,Embalagem de 3 x 200 ml,"0,26 €","1,30 €/L"
Bacalhau Postas,Riberalves,1 Embalagem 800G,"6,39 €","7,99 €/Kg"
Track Builder Caixa,Hot Wheels,1 embalagem,"22,99 €","22,99 €/Unidade"
"Azeite extra virgem, azeitonas verdes",Oliveira da Serra,Garrafa de 750 ml,"3,19 €","4,25 €/L"
Yoggi liquido morango,Nestle,Embalagem de 8x160g,"1,17 €","1,83 €/Kg"
Costeleta mista,Porco,1 un = 150 gr (aprox.),"4,88 €","4,88 €/Kg"
Vinho do Porto 10 Anos,Ramos Pinto,Garrafa de 0.75 l,"9,99 €","13,32 €/L"
Toalhitas Sensitive |Recarga,Dodot,Pack: 4 x54 unidades,"1,09 €/Unidade","1,09 €/Unidade"
Folhado de Chocolate 60 g,PorSi,,"0,30 €/Unidade","0,30 €/Unidade"
Água s/ gás,Luso,Garrafa de 7 l,"1,04 €","0,17 €/L"
Iogurte ananás 000%,PorSi Viva Bem,Embalagem de 4 x 125 g,"1,44 €","2,88 €/Kg"
Papa infantil láctea 5 frutos +6 meses,Cerelac,Embalagem de 250g,"3,39 €","13,56 €/Kg"
Biscoitos canudinho simples,PorSi,Embalagem de 300g,"3,09 €","10,30 €/Kg"
Bacalhau Especial,PorSi,"1 un= 3kg /3,5kg (aprox.)","8,73 €/Kg","8,73 €/Kg"
"Luva Nitrilica, anti-Deslizante, Nr.10",Itools,1 unidade,"5,39 €","5,39 €/Unidade"
Cappucinno,PorSi,Embalagem de 125 g,"3,19 €","25,52 €/Kg"
Tablete chocolate creme de cacau,Milka,Embalagem de 100g,"5,30 €/Kg","5,30 €/Kg"
Massa cuscus,PorSi,Embalagem de 250g,"0,89 €","1,78 €/Kg"
Trotinete Dragão,Baby Clementoni,1 unidade,"32,99 €/Unidade","32,99 €/Unidade"
Body Milk Cocoa,Nivea,Embalagem de 250 ml,"12,48 €/L","12,48 €/L"
Champanhe rose bruto,Delagne & Fils,"Garrafa de 0,75 l","34,99 €","46,65 €/L"
"Martelo Cabo de Borracha, 18mm",Itools,1 unidade,"5,39 €","5,39 €/Unidade"
"Escova de dentes, max fresh média",Colgate,Uma embalagem 1 un + 1 Grátis,"3,99 €","3,99 €/Unidade"
Vassoura Simples Pluma,PorSi,unidade,"2,99 €","2,99 €/Unidade"
Ambientador vela odor cozinha,PorSi,1 unidade,"9,49 €","45,19 €/Kg"
"Néctar de alperce, tetra",Compal,pack 3 x 200 ml,"0,99 €","0,99 €/L"
Detergente líquido manual loiça lavanda e alecrim,Fairy,Embalagem de 650 ml,"0,99 €","1,98 €/L"
Chocolate em pó,Canderel,Embalagem de 250g,"5,59 €","6,99 €/Kg"
Tampões Compak Pearl Regular Com Aplicador,Tampax,16 unidades,"3,99 €","3,99 €/Unidade"
Lixívia Spray Mousse Flor,Neoblanc,Embalagem de 700ml,"1,74 €","0,35 €/L"
Lixívia Spray Mousse,Neoblanc,Embalagem de 700ml,"1,74 €","0,35 €/L"
Bandida do pomar frutos vermelhos lata 50cl,Bandida,Garrafa de 500 ml,"1,59 €","3,18 €/L"
Iogurte grego oikos stracciatella,Danone,Embalagem de 4 x 110 g,"1,49 €","2,98 €/Kg"
Aguardente,Alma pura,Garrafa de 0.70 l,"11,49 €","16,41 €/L"
Carcaça de Cereais,Panpor,,"0,19 €","2,71 €/Kg"
Ovos galinha solo L,PorSi,12 unidades,"4,10 €","4,10 €/Unidade"
Massa fusilli tricolor,Milaneza,Embalagem de 500g,"0,89 €","1,78 €/Kg"
Cueca incontinência para Adultos Ausonia Tamanho Gra...,Lindor,Embalagem de 14 unidades,"18,65 €","18,65 €/Unidade"
Gel de banho naturals amêndoa e leite,Palmolive,500 ml,"6,99 €","9,32 €/L"
Lombo de bacalhau,PorSi,Vendido ao peso,"8,73 €/Kg","8,73 €/Kg"
Queijo de ovelha curado amanteigado,Seia,Embalagem de 500g,"6,99 €","23,30 €/Kg"
Refrigerante c/ gás zero,Coca-Cola,pack 4 x 1 l,"0,40 €/L","0,40 €/L"
Mochila,PorSi,Dim.: 40x30x18 cm,"21,90 €","21,90 €/Unidade"
Gelado fizz limão,Olá,Embalagem de 6 x 60 ml,"1,99 €","4,15 €/L"
"Vinho regional península de setúbal, colheita seleci...",Adega de Pegões,Garrafa de 0.75 l,"2,99 €","3,99 €/L"
Arroz doce especial,Saludaes,Embalagem de 500g,"0,99 €","0,99 €/Kg"
Abrótea,Peixe Congelado,1 un= 1.5 kg (aprox.),"1,00 €","4,99 €/Kg"
Vinho branco,PorSi,embalagem de 1 litro,"0,85 €/L","0,85 €/L"
Mistura solúvel c/ 20% café pó,PorSi,Embalagem de 200g,"1,64 €","6,56 €/Kg"
Gelatina de morango,Royal,Embalagem de 114g,"0,55 €","61,11 €/Kg"
Condicionador spray penteia fácil,Johnson's Baby,Embalagem de 200 ml,"4,39 €","21,95 €/L"
"Vinho Douro, Private Collection, Tinto",Selecção de Enófilos,Garrafa de 0.75 l,"2,99 €","3,99 €/L"
Batata frita lisa,PorSi,Embalagem de 90g,"1,06 €","5,73 €/Kg"
Queijo cabra curado,PorSi,300 g,"1,89 €","10,50 €/Kg"
Bebida de Amêndoa,PorSi Viva Bem,1 litro,"1,19 €","1,86 €/L"
Arroz carolino,Caçarola,Embalagem de 1kg,"0,99 €","0,99 €/Kg"
Café torrado e moído 16 pastilhas,Sical,Embalagem de 104g,"54,36 €/Kg","54,36 €/Kg"
Rebuçados de mentol,PorSi,Embalagem de 250g,"0,77 €","3,85 €/Kg"
"Guardanapos brancos, 33x33cm, 2 folhas",PorSi,Embalagem com 100 unidades,"1,29 €","1,29 €/Unidade"
Vinagre de sidra,PorSi,500 ml,"0,35 €","0,70 €/L"
Granola aveia fitness mel,Nestle,Embalagem de 300g,"3,99 €","13,30 €/Kg"
Gel Lubrificante Play Calor,Durex,Embalagem de 50 ml,"9,99 €","9,99 €/Unidade"
Sementes de sésamo,PorSi Viva Bem,Embalagem de 200 g,"1,59 €","10,60 €/Kg"
Sangria branca,PorSi,Garrafa de 1.5 litros,"2,19 €","1,46 €/L"
"Alimento para cão júnior bio complex, com frango",HappyOne,Embalagem de 4 kg,"1,15 €/Kg","1,15 €/Kg"
Limpa vidros boost,Ajax,Embalagem de 500 ml,"3,19 €","6,38 €/L"
Leite UHT Morango sem Lactose,Mimosa,Pack 3 x 250 ml,"0,99 €","0,99 €/L"
Alimento lácteo banana +6 meses,Yogolino,Embalagem de 4 x 100 g,"2,89 €","7,23 €/Kg"
Queijo edam light fatias,PorSi Viva Bem,Embalagem de 150g,"1,99 €","9,95 €/Kg"
Mistura de cogumelos,PorSi,Embalagem de 400g,"1,89 €","1,89 €/Kg"
Água Micelar Vitamina C,Garnier,Embalagem de 400 ml,"23,70 €/L","23,70 €/L"
Lava tudo tijoleira,Cif,1.1 L,"4,39 €","14,63 €/L"
Papa infantil não láctea bolacha maria +6 meses,Cerelac,Embalagem de 250g,"3,39 €","13,56 €/Kg"
Tablete de chocolate branco,Schogetten,Embalagem de 100g,"0,99 €","9,90 €/Kg"
Super mio robô,Clementoni,1 unidade,"22,99 €","22,99 €/Unidade"
"Snack de queijo flamengo, amêndoas e arandos",Limiano,Embalagem de 40g,"1,56 €","7,80 €/Kg"
Papel higiénico compacto 2 folhas,PorSi,18 = 36 Rolos,"1,99 €","1,99 €/Unidade"
Sumo essencial manga,Compal,pack 3 x 0.11 l,"0,99 €","0,99 €/L"
Gel Styling Casual Black,Axe,Embalagem de 75 ml,"5,99 €","14,98 €/L"
Gel de massagem,Durex,Embalagem de 200 ml,"9,99 €","9,99 €/Unidade"
Grelos,Bonduelle,Embalagem de 400 g,"1,89 €","1,89 €/Kg"
Snack bio arroz e trigo c/ banana e framboesa,Gerber,Embalagem de 35g,"1,89 €","9,95 €/Kg"
Pipoca doce para  microondas,PorSi,Embalagem de 300g,"0,79 €","7,90 €/Kg"
Bloco sanitário power 5 duo blue water ocean,Domestos,Embalagem de 1 unidades,"2,99 €","74,75 €/Kg"
Grão de bico,PorSi,Frasco com 540 g,"1,79 €","2,29 €/Kg"
Esfregão Fibra Verde Grande XXL Gama Classic,Scotch-Brite,Embalagem de 1 unidades,"0,79 €","0,79 €/Unidade"
Folhado de carne,Pastelaria do Dia,1 unidade = 90 g,"0,65 €","0,65 €/Unidade"
Cápsulas de café qharacter,Delta Q,Embalagem de 60g,"54,36 €/Kg","54,36 €/Kg"
Ambientador vela baunilha,Glade,1 unidade com 129 g,"9,49 €","45,19 €/Kg"
Bolacha vitalday aveia e chocolate,Gullon,Embalagem de 240g,"3,09 €","10,30 €/Kg"
Infusão de tília,PorSi,Embalagem de 30g,"0,99 €","76,15 €/Kg"
Vinho tinto doc dão,Cabriz,Garrafa de 0.75 l,"3,99 €","5,32 €/L"
Alimento seco p/ cão actividade intensa,PorSi,Embalagem de 4kg,"1,15 €/Kg","1,15 €/Kg"
Mini salsichas cocktail,Nobre,lata de 180g,"0,75 €","3,75 €/Kg"
"12 lápis de cor, 18cm",Domédia,Uma embalagem,"4,69 €","4,69 €/Unidade"
Açúcar granulado,Rar,Embalagem de 1kg,"1,49 €","1,49 €/Kg"
Toalhitas Bebé Basic,PorSi,Embalagem de 72 unidades,"1,09 €/Unidade","1,09 €/Unidade"
Mochila,PorSi,Dim.: 40X30X18CM,"21,90 €","21,90 €/Unidade"
Esfregão Ultra Fresh,Vileda,Embalagem de 2 + 1 Grátis,"0,79 €","0,79 €/Unidade"
Chá barbas de milho,PLANTANATU,Embalagem de 10g,"1,25 €","62,50 €/Kg"
Queijo Fresco Cabra Grande,Santiago,1 un.,"1,09 €","5,45 €/Kg"
"Gel banho, hidratante lactourea",Lactovit,Embalagem de 650 ml,"6,39 €/L","6,39 €/L"
Mel em frasco de vidro,PorSi,Embalagem de 250g,"2,25 €","9,00 €/Kg"
Café moagem grossa bio,PorSi Bio,Embalagem de 250g,"9,16 €/Kg","9,16 €/Kg"
Elite 2.0 Echo CS-10,Nerf,1 unidade,"22,99 €","22,99 €/Unidade"
Boneca Caty 85 cm,Vicam,1 unidade,"27,99 €/Unidade","27,99 €/Unidade"
Spray power&shine casa de banho,Cif,Garrafa de 750 ml,"0,79 €","0,79 €/L"
Pack cozinha + acessórios,Écoiffier,1 unidade,"32,99 €/Unidade","32,99 €/Unidade"
Espumoso moscato,Selecção de Enófilos,"Garrafa de 0,75 l","3,99 €","5,32 €/L"
Desentupidor canos,Mr.muscle,Embalagem de 1 l,"4,49 €","5,99 €/L"
Mortadela de peru,PorSi,1 un = 150 gr (aprox.),"0,95 €","4,75 €/Kg"
Iogurte líquido dan'up milkshake straciatella,Danone,Embalagem de 4 x 155 g,"1,17 €","1,83 €/Kg"
Queijo em fatias,Limiano,Embalagem de 400g,"1,56 €","7,80 €/Kg"
"Bolachas aperitivas, simples",Tuc,Embalagem de 100g,"3,09 €","10,30 €/Kg"
Açucar icing,Rar,Embalagem de 250 g,"1,49 €","1,49 €/Kg"
Lipton limão zero pet,Lipton,Garrafa de 2 l,"1,90 €","1,27 €/L"
Esoumante prosecco branco,Gancia,Garrafa de 750 ml,"3,99 €","5,32 €/L"
"Jogo ""Palavra Proibida""",Concentra,1 un.,"24,90 €","24,90 €/Unidade"
"Refresco em pó, ananás",Tang,Embalagem de 30g,"0,75 €","18,75 €/Kg"
Bebida de cereais e café mokambo intenso,Nestle,Embalagem de 180g,"1,64 €","6,56 €/Kg"
Refresco pó laranja e morango,PorSi,Embalagem de 40g,"0,75 €","18,75 €/Kg"
Grão de bico,PorSi,Embalagem de 820g,"1,79 €","2,29 €/Kg"
Cerveja preta 0.0%,Sagres,Pack 4 x 0.33 l,"5,99 €","3,03 €/L"
Nestum flocos de cereais com mel,Nestum,Embalagem de 300g,"2,99 €","3,99 €/Kg"
"Cera cabelo, Paste Urban",Axe,Embalagem de 130 ml,"4,99 €","24,95 €/L"
Ambientador stick delicias de verão,Air Wick,Embalagem de 1 unidades,"9,49 €","45,19 €/Kg"
Ambientador elétrico flor de cerejeira,Air Wick,1 unidade,"11,99 €","11,99 €/Unidade"
Leite creme,Royal,Embalagem de 90g,"2,99 €","7,87 €/Kg"
Pastel de Nata,Pastelaria do Dia,60 g,"0,30 €/Unidade","0,30 €/Unidade"
Adoçante recarga,Canderel,Embalagem de 40g,"6,21 €","6,21 €/Unidade"
Vinho regional de lisboa tinto,Marginal,Garrafa de 750 ml,"3,99 €","5,32 €/L"
Queijo flamengo bio fatias,Terra Nostra,Embalagem de 150g,"1,56 €","7,80 €/Kg"
Barras de plasticina pastel,Jovi,6 unidades,"1,99 €","1,99 €/Unidade"
Vinho tinto,PorSi,embalagem de 5 litros,"5,19 €","1,04 €/L"
Leite Bem Essencial morango,Mimosa,Embalagem de 4 x 200 ml,"1,99 €","2,49 €/L"
Tira Nódoas Brancos em Pó,Skip,1 kg,"3,99 €","5,70 €/L"
Fígado,Novilho,1 un = 100 gr (aprox.),"0,50 €","4,99 €/Kg"
Massa filo,JR,Embalagem de 250g,"0,99 €","4,30 €/Kg"
Vinho rosé regional península de Setúbal,Selecção de Enófilos,Garrafa de 0.75 l,"2,99 €","3,99 €/L"
Tapioca hidratada sem adição de açúcares,PorSi Viva Bem,Embalagem de 500 g,"0,69 €","1,73 €/Kg"
Vinho maduro tinto doc alentejo reserva,Albarrada,Garrafa de 75 cl,"16,99 €","22,65 €/L"
"Espumante cava bruto, reserva",Freixenet,Garrafa de 750 ml,"8,49 €","11,32 €/L"
Agrafador + 400 agrafos,Domédia,Uma embalagem,"1,06 €","1,06 €/Unidade"
"Jogo ""Paga e Cala""",Majora,1 unidade,"24,90 €","24,90 €/Unidade"
Gelatina de frutos tropicais,PorSi,Embalagem 2X85G,"0,55 €","61,11 €/Kg"
"Ambientador spray, aerosol, relax zen",Glade,Embalagem de 300 ml,"2,99 €","12,46 €/L"
Infusão carqueja,Cemporcent,Embalagem de 10 unidades,"0,99 €","76,15 €/Kg"
Champô Anti-Caspa,Pantene,360 ml,"5,59 €","13,98 €/L"
Iogurte tipo grego natural,PorSi,Embalagem de 12 x 125 g,"0,65 €","1,30 €/Kg"
Cuecas Incontinência Maxi Grande,Lindor,Embalagem com 14 un.,"18,65 €","18,65 €/Unidade"
Açúcar granulado embalado em papel,Rar,Embalagem de 1 kg,"1,49 €","1,49 €/Kg"
Tablete de chocolate culinário negro,PorSi,Embalagem de 200 g,"1,04 €","8,32 €/Kg"
The famous grouse ruby cask 700ml/1,F.grouse,Garrafa de 700 ml,"19,99 €","19,99 €/L"
Mini meia mousse muskade 20D t. único,PorSi,Tamanho: m,"1,99 €","1,99 €/Unidade"
Bebida de coco com arroz,PorSi Viva Bem,1 litro,"1,19 €","1,86 €/L"
Leite regular 3,Aptamil,Embalagem de 800 g,"22,39 €","27,99 €/Kg"
Crepe chocolate,PorSi,Embalagem de 540g,"2,99 €","5,54 €/Kg"
Máquina de café expresso,Écoiffier,1 unidade,"22,99 €","22,99 €/Unidade"
Snack bio de arroz e trigo c/ banana,Gerber,Embalagem de 35g,"1,89 €","9,95 €/Kg"
Pasta dentífrica,Couto,Embalagem de 60 ml,"2,39 €","31,87 €/L"
20 saquetas green framboesa/romã,Lipton,Embalagem de 30g,"44,50 €/Kg","44,50 €/Kg"
Queijo meio gordo fatias,Paiva,Embalagem de 180g,"1,56 €","7,80 €/Kg"
Pano limpa pó de flanela,PorSi,1 unidade,"1,79 €","1,79 €/Unidade"
Pizza de bolonhesa,PorSi,Embalagem de 350g,"2,16 €","6,17 €/Kg"
50 Jogos Reunidos,Clementoni,1 unidade,"24,90 €","24,90 €/Unidade"
Pão de queijo,*,1 un. = 20 g,"0,19 €","2,71 €/Kg"
Batata frita em azeite,PorSi,Embalagem de 150g,"1,19 €","6,43 €/Kg"
Régua duplo decimetro,CA1,1 unidade,"0,80 €","0,80 €/Unidade"
Iogurte proteína framboesa,Lindahls,Embalagem de 150 g,"1,39 €","9,59 €/Kg"
Molho bechamel,PorSi,Embalagem de 500 ml,"1,12 €","5,60 €/L"
Orelhas,Porco,1 un = 250 gr (aprox.),"0,50 €","4,99 €/Kg"
Set e Bolsa Médico,Peppa Pig,,"32,99 €/Unidade","32,99 €/Unidade"
6 colheres milho biodegradáveis,PorSi,Embalagem de 6 unidades,"1,15 €","1,15 €/Unidade"
Vinho tinto península de setúbal,Pioneiro,Garrafa de 0.75 l,"2,99 €","3,99 €/L"
Aditivo em pó oxi roupa branca,Vanish,Embalagem de 420 g,"9,99 €","36,33 €/Kg"
Rebuçados cristais de neve,PorSi,Embalagem de 250g,"1,15 €","4,60 €/Kg"
Iogurte líquido yoggi limonada,Nestle,Embalagem de 4 x 160 g,"1,17 €","1,83 €/Kg"
Detergente máquina lavar roupa tira nódoas,Xau+vanish,102 doses,"13,99 €","3,29 €/L"
Liquido em gel para WC Hibisco Rosa,Ambipur,Embalagem de 750 ml,"2,79 €","3,99 €/L"
Iogurte líquido morango/banana,PorSi,Embalagem de 4 x 160 g,"1,17 €","1,83 €/Kg"
Batata frita light,Lay's,Embalagem de 140g,"0,95 €","6,33 €/Kg"
Iogurte morango 000%,PorSi Viva Bem,Embalagem de 4 x 125 g,"0,99 €","1,32 €/Kg"
Lasanha bolonhesa,Iglo,Embalagem de 300g,"3,53 €","8,83 €/Kg"
Sobremesa de Arroz Doce,PorSi,Embalagem 2X135G,"0,55 €","2,75 €/Kg"
Liquido refrigerante verde 10%,PorSi,Embalagem de 1 l,"3,49 €","13,96 €/L"
Bolachas cream cracker,PorSi,Embalagem de 200g,"0,39 €","3,12 €/Kg"
Chouriço fatiado,Campofrio,Embalagem de 80g,"1,00 €","5,00 €/Kg"
Lasanha à bolonhesa,PorSi,Embalagem de 1 kg,"3,53 €","8,83 €/Kg"
Champanhe Monopole Blue Brut,Heidsieck,"Garrafa de 0,75L","34,99 €","46,65 €/L"
Amaciador concentrado spa,PorSi,80 doses,"1,99 €","1,00 €/L"
Gogo SqueeZ Snack Morango,Gogo,Embalagem de 4 x 90g,"2,29 €","6,94 €/L"
Fralda Activity T3 - 6 a 10 kg,Dodot,66 unidades,"6,49 €","6,49 €/Unidade"
Snack gato sticks carne 6x5g porsi,PorSi,Embalagem de 30g,"0,99 €","16,50 €/Kg"
Bolo chocolate,Condi,Embalagem de 450 g,"0,45 €","5,00 €/Kg"
Vinho Regional de Lisboa Branco,Mundus,"Garrafa de 0,75L","2,12 €/L","2,12 €/L"
"Creme depilatório para duche, peles sensiveis",Veet,Garrafa de 150 ml,"10,99 €","73,27 €/L"
Queijo são julião 300gr,Santiago,Embalagem de 300g,"6,99 €","23,30 €/Kg"
Rede com pequeno almoço,Écoiffier,1 unidade,"22,99 €","22,99 €/Unidade"
Cerveja sem álcool,Cheers,Pack 6 x 0.33 l,"5,99 €","3,03 €/L"
"Vinho branco, denominação de origem controlada, dour...",VILA REAL,Garrafa de 750 ml,"7,49 €","9,99 €/L"
"Adoçante, 1200 pastilhas com doseador",NEODOCE,Embalagem de 1200 pastilhas com doseador,"6,21 €","6,21 €/Unidade"
Máquina depilatória Miss Soleil,Bic,3 + 1 unidades,"12,99 €","12,99 €/Unidade"
Gel Lubrificante natural play,Durex,Embalagem de 50 ml,"9,99 €","9,99 €/Unidade"
Champô Extra Suave Flores de Amêndoa,Corine de Farme,Embalagem de 500 ml,"4,39 €","21,95 €/L"
Pensos peles sensíveis sortidos,PorSi,20 unidades,"0,59 €","1,18 €/L"
Gelatina pronta a comer light 10 kcal morango,Royal,Embalagem de 4 x 100 g,"0,85 €","2,13 €/Kg"
"Anti-calcário, máquina roupa, gel",Calgon,"Garrafa de 1,5 l","13,99 €","3,29 €/L"
Bloco sanitário com suporte azul,WC Pato,Embalagem de 40 g,"2,99 €","74,75 €/Kg"
Delta cappuccino 10x14g,Delta,Embalagem de 140g,"3,19 €","25,52 €/Kg"
Mousse Caramelo,A leiteira,Embalagem de 4 x 60 g,"1,19 €","2,59 €/Kg"
Nuggets pescada panada,Pescanova,Embalagem de 1Kg,"1,79 €","7,16 €/Kg"
"Salsichas em frasco bockwurst, 5 un",Izidoro,Embalagem de 250g,"0,75 €","3,75 €/Kg"
Vinho verde branco alvarinho,Pbrejoeira,Garrafa de 0.75 l,"1,99 €","2,65 €/L"
Queijo são jorge dop,PorSi Select,Embalagem de 400g,"3,84 €","15,35 €/Kg"
Esponja limpa camurça,PorSi,1 unidade,"5,09 €","50,90 €/L"
Popietes,Novilho,1 un = 250 gr  (aprox.),"1,57 €","6,29 €/Kg"
Pai Natal de Chocolate,PorSi,Embalagem de 60 g,"0,69 €","11,50 €/Kg"
Água s/ gás,Luso,"Garrafa de 5,4 l","1,04 €","0,17 €/L"
Farinha para bolos fina,Branca de Neve,Embalagem de 1 kg,"1,99 €","1,99 €/Kg"
Recarga sabonete líquido para as mãos de coco,Dove,500 ml,"4,99 €","9,98 €/L"
Milho inteiro,Rac.zezere,Embalagem de 5 kg,"2,49 €","2,49 €/Kg"
Aptamil  prosyneo ha 1,Aptamil,Embalagem de 800g,"22,39 €","27,99 €/Kg"
Queijo limiano amanteigado vaca e ovelha sem casca m...,Limiano,Embalagem de 450g,"25,45 €/Kg","25,45 €/Kg"
Água c/ Gás Ananás,Frize,pack 4 x 0.25 l,"2,85 €","2,85 €/L"
Crepe maçã e canela,PorSi,Embalagem de 540 g,"2,99 €","5,54 €/Kg"
Helicóptero da polícia,Playmobil,1 unidade,"22,99 €","22,99 €/Unidade"
Azeite virgem extra,Ouro elvas,Garrafa de 750 ml,"3,19 €","4,25 €/L"
Molho bechamel,PorSi,Embalagem de 200g,"0,70 €","2,33 €/Kg"
Bombom Caja Roja,Nestlé,Embalagem de 100G,"3,99 €","39,90 €/Kg"
Leite com chocolate,PorSi,Embalagem de 200 ml,"0,26 €","1,30 €/L"
Creme descolorante,Veet,Garrafa de 150 ml,"10,99 €","73,27 €/L"
Lixívia Denso-Activa Tradicional p/ Casa e Roupa,Neoblanc,Embalagem de 2 l,"1,74 €","0,35 €/L"
Barrinhas de  pescada panada,Pescanova,Embalagem de 1.2K,"9,30 €/Kg","9,30 €/Kg"
Esparguete,PorSi,Embalagem de 1 kg,"0,89 €","1,78 €/Kg"
Mandioca,Legumes do Dia,1 un=500 gr (aprox.),"0,47 €","4,69 €/Kg"
Azeite virgem extra reserva,Gallo,Garrafa de 750 ml,"3,19 €","4,25 €/L"
Tapetes educativos p/ cães/gatos 60x60cm,PorSi,20 unidades,"4,69 €","4,69 €/Unidade"
Água sem gás,Vitalis,Garrafa de 0.5 l,"1,04 €","0,17 €/L"
Moto Polícia c/ Luz e Som,Dickie Toys,15 cm,"22,99 €","22,99 €/Unidade"
Café em grão,Delta,Embalagem de 250g,"9,16 €/Kg","9,16 €/Kg"
Limão,Programa Origens,1 un = 200 gr (aprox.),"0,69 €","2,29 €/Kg"
Tostas suecas de trigo,PorSi,Embalagem de 225 g,"2,39 €","6,83 €/Kg"
Guardanapos brancos 22x22cm | folha dupla,Renova,90 unidades,"1,29 €","1,29 €/Unidade"
Salsicha Picante,Porco,1 un = 100 gr (aprox.),"0,60 €","5,99 €/Kg"
Recarga Desumidificador Lavanda,HUMYDRY,embalagem de 3x75 g,"6,29 €","27,96 €/Kg"
"12 lápis de cor, 18cm",Domédia,Uma embalagem,"3,09 €","3,09 €/Unidade"
Iogurte morango skyr 0%,PorSi Viva Bem,150 g,"1,39 €","9,59 €/Kg"
Vinho branco arinto bucelas,P.regia,Garrafa de 750 ml,"3,99 €","5,32 €/L"
Bolachas recheadas com morango e cheesecake,Oreo,Embalagem de 150g,"1,49 €","9,68 €/Kg"
Tosta integral,Diatosta,Embalagem de 510 g,"1,34 €","5,96 €/Kg"
Batata frita caseira,PorSi,Embalagem de 180g,"0,87 €","5,44 €/Kg"
Caderno Agrafado Capa Preta |A4 Pautado,Domédia,1 unidade,"5,79 €","5,79 €/Unidade"
NASA: Kit Nave Espacial,Clementoni,1 unidade,"24,90 €","24,90 €/Unidade"
Super Cola 3 Precisão C/ 50% Grátis,Loctite,7.5 g,"1,79 €","1,79 €/Unidade"
Folhado de salsichas,Pastelaria do Dia,1 unidade = 110 g,"0,65 €","0,65 €/Unidade"
"Iogurte sabor morango, banana e tutti frutti",Danone,Embalagem de 8 x 120 g com 1 grátis,"2,59 €","5,40 €/Kg"
Supermercado com carrinho,Écoiffier,,"22,99 €","22,99 €/Unidade"
Bolachas de aveia e trigo integral,PorSi Viva Bem,Embalagem de 240g,"3,09 €","10,30 €/Kg"
Tablete de chocolate culinário branco,PorSi,Embalagem de 180 g,"1,04 €","8,32 €/Kg"
Brócolos congelados,PorSi,Embalagem de 1 kg,"1,89 €","1,89 €/Kg"
Snacks crocantes com bacon,PorSi,Embalagem de 60g,"0,79 €","7,90 €/Kg"
Vinho frisante rosé,Lapadas,Garrafa de 750 ml,"2,12 €/L","2,12 €/L"
Lion barra cereais  25g,Nestle,Embalagem de 150g,"1,29 €","10,24 €/Kg"
Lima-limao zero,PorSi,Garrafa de 1.5 l,"0,40 €/L","0,40 €/L"
Crescido Asa Branca,Bacalhau da Noruega,1 un=1.5 Kg (aprox.),"8,73 €/Kg","8,73 €/Kg"
Aguardente Vínica Velha,Curvada de Velha,Garrafa de 70 cl,"11,49 €","16,41 €/L"
Óleo Performa 10W40,Galp,Embalagem de 5 l,"14,99 €","14,99 €/L"
Fuet extra,Campofrio,Embalagem de 170g,"1,00 €","5,00 €/Kg"
Tira Nódoas Branqueador,Sanytol,embalagem com 450g,"3,99 €","5,70 €/L"
Caramelos de leite,Penha,Embalagem de 250g,"2,75 €","11,00 €/Kg"
Água com gás natural pet,P.salgadas,pack 6 x 0.33 l,"2,85 €","2,85 €/L"
Néctar bio laranja,Paquito,"Embalagem de 1,5 l","1,59 €","1,59 €/L"
Néctar ananás,PorSi,Pack 3 x 200 ml,"0,99 €","0,99 €/L"
Sal cristal,PorSi,embalagem de 1 kg,"0,25 €","0,25 €/Kg"
Café solúvel clássico,Nescafe,Embalagem de 200g,"14,50 €/Kg","14,50 €/Kg"
Sidra,Kings Bräu,Pack 6 x 0.33 l,"1,59 €","3,18 €/L"
Vinho rosé,Mateus,Garrafa de 750 ml,"4,29 €","5,72 €/L"
Queijo ralado mix 3 queijos,PorSi,Embalagem de 200 g,"7,45 €/Kg","7,45 €/Kg"
"Limpa vidros, azul",PorSi,Embalagem de 5 l,"3,49 €","13,96 €/L"
10 saquetas chá frutos vermelhos,Lipton,Embalagem de 10g,"44,50 €/Kg","44,50 €/Kg"
Ice tea pêssego,Lipton,Embalagem de 1L,"1,90 €","1,27 €/L"
Plantanatur slim rapid 30 comprimidos,PLANTANATU,Embalagem de 1 unidades,"9,19 €","9,19 €/Unidade"
Queijo de ovelha curado amanteigado,PorSi Select,250 g,"25,45 €/Kg","25,45 €/Kg"
Bebida de amêndoa - 0% açúcar,Shoyce,Embalagem de 1 litro,"0,99 €","0,99 €/L"
Café em cápsulas aqtivus,Delta Q,Embalagem de 55 g,"54,36 €/Kg","54,36 €/Kg"
"Preservativo Perfect Fit, 6 unidades",Harmony,Uma embalagem,"9,99 €","9,99 €/Unidade"
Refresco em pó de laranja,Tang,Embalagem de 30g,"0,75 €","18,75 €/Kg"
Gel Cabelo Styling Creme Cabelo,Nivea,Embalagem de 150 ml,"5,99 €","14,98 €/L"
Rhum com coco,Malibu,Garrafa de 700 ml,"17,49 €","24,99 €/L"
Bolachas crackers s/ sal,Du bois,Embalagem de 500g,"0,39 €","3,12 €/Kg"
Ambientador recarga delícias de verão,Air Wick,Garrafa de 250 ml,"11,98 €","11,98 €/Unidade"
"Creme protector contra assaduras, para bebé",Johnson's Baby,Embalagem de 100 ml,"5,59 €","11,18 €/L"
Pudim Rico em Proteína de Caramelo,Ehrmann,Embalagem de 200g,"1,19 €","2,59 €/Kg"
Aguardente vínica,P.marante,Garrafa de 700 ml,"11,49 €","16,41 €/L"
Queijo fresco sem lactose,Matinal,Embalagem de 216g,"1,09 €","5,45 €/Kg"
Arroz carolino,PorSi,Embalagem de 1 kg,"0,99 €","0,99 €/Kg"
Ameijoa Branca 60/80,*,Congelada,"2,00 €","7,99 €/Kg"
Pão Rústico com Malte,Pão do Dia,1 unidade= 100 g,"0,19 €","2,71 €/Kg"
"Chave Umbrako, conjunto 10 peças",Itools,1 unidade,"5,39 €","5,39 €/Unidade"
Manjericão,PorSi,50 g,"0,99 €","19,80 €/Kg"
Grão de bico,Legumes secos,1 un = 100 gr. (aprox.),"0,26 €","2,59 €/Kg"
Feijão encarnado,PorSi,Embalagem de 820 g,"1,79 €","2,29 €/Kg"
Flocos de cereais com mel,PorSi,Embalagem de 750g,"2,99 €","3,99 €/Kg"
Caramelo líquido,Royal,Embalagem de 400g,"1,29 €","3,23 €/Kg"
Whisky bourbon cask,F.grouse,Garrafa de 700 ml,"19,99 €","19,99 €/L"
"Fitness granola chocolate, amêndoas e quinoa com 51%...",Nestle,Embalagem de 300 g,"3,99 €","13,30 €/Kg"
Ovos galinha solo m,PorSi,6 ovos,"4,10 €","4,10 €/Unidade"
Ameijoa Castanha Vietnamita,Marisco Congelado,Venda ao Kilo,"2,00 €","7,99 €/Kg"
Conjunto Urban Sparkling,Nike,EAU DE TOILETTE  + Gel de Duche + Leite Corporal,"13,49 €","13,49 €/Unidade"
Lixívia para roupa delicada,Neoblanc,Embalagem de 1 l,"0,60 €/L","0,60 €/L"
Marmelada com frutose,PorSi Viva Bem,Embalagem de 400g,"1,09 €","2,42 €/Kg"
Gelatina de morango,PorSi,Embalagem de 170g,"0,55 €","61,11 €/Kg"
Tisana de chá verde/limão light,Pleno,"Garrafa de 1,5 l","1,90 €","1,27 €/L"
Escova de dentes expert white media 360º,Colgate,1 unidade,"3,99 €","3,99 €/Unidade"
Cueca Incontinência Boutique Plus M,Ausonia Discreet,Embalagem de 9 Un.,"18,65 €","18,65 €/Unidade"
Adoçante com doseador,PorSi,Embalagem 100 comprimidos,"6,21 €","6,21 €/Unidade"
Vinho Tinto DOC Dão Touriga Nacional,Cabriz,Garrafa de 0.75 l,"3,99 €","5,32 €/L"
Pensos Higiénicos Fina e Segura Normal,Evax,Embalagem c/ 24 Unidades,"2,59 €","2,59 €/Unidade"
Mortadela mini,PorSi,Embalagem de 350g,"0,95 €","4,75 €/Kg"
"Espuma cabelo, wet shine",Fru style,Embalagem de 200 ml,"4,99 €","24,95 €/L"
Fralda cueca T5 - 12 a 18 kg,PorSi,20 unidades,"8,99 €","8,99 €/Unidade"
Bolachas com recheio baunilha,PorSi,Embalagem de 500g,"2,15 €","2,87 €/Kg"
Mousse de chocolate,PorSi,Embalagem de 110 g,"1,19 €","2,59 €/Kg"
Açúcar mascavado claro,Rar,Embalagem de 500 g,"1,49 €","1,49 €/Kg"
Creme Mãos Secrets Abacate,Dove,75 ml,"2,49 €","41,50 €/L"
Leite uht sem lactose magro,PorSi Viva Bem,1 litro,"0,99 €","0,99 €/L"
Doce de morango,Casa de Mateus,Embalagem de 345g,"2,99 €","8,67 €/Kg"
"Vinho branco região da península de setúbal, bag in ...",Dom Campos,Garrafa de 5 l,"9,49 €","1,90 €/L"
Pensos Incontinência Homem Men Diário,Tena,14 un.,"1,95 €","1,95 €/Unidade"
Toalhitas limpa vidros,Cif,20 unidades,"3,19 €","6,38 €/L"
Bifanas,Porco,Vendido ao peso a partir de 1 kg,"4,88 €","4,88 €/Kg"
Chispalhada,PorSi,Embalagem de 420 g,"2,35 €","5,60 €/Kg"
Iogurte mix-in kit kat,Nestle,Embalagem de 2 x 115 g,"7,77 €/Kg","7,77 €/Kg"
Salada de Marisco,*,Embalagem de 700 g,"4,99 €","6,24 €/Kg"
Saqueta de puré de fruta | maçã + pera,PorSi,90 g,"0,74 €","8,22 €/Kg"
Vinho branco região do Dão,Dharma,Garrafa de 0.75 l,"3,99 €","5,32 €/L"
Spray de lavagem a seco denim,Day 2,200 ml,"1,09 €","2,73 €/Kg"
Tira verniz,Labell,Embalagem de 200 ml,"2,49 €","41,50 €/L"
Tira gorduras dia a dia,Mistolin,Garrafa de 750 ml,"1,29 €","1,72 €/L"
Nata uht para bater,Parmalat,Embalagem de 200 ml,"1,12 €","5,60 €/L"
Chourico picante beiras,PorSi,Embalagem de 290g,"1,00 €","5,00 €/Kg"
Gel de Banho Coconut Milk,Dove,Embalagem de 750 ml,"6,39 €/L","6,39 €/L"
Creme Depilatório Men Peles Sensíveis,Veet,Embalagem de 200 ml,"6,99 €","6,99 €/Unidade"
Whisky 12 anos,Grant's,Garrafa de 0.70 l,"23,99 €","34,27 €/L"
Vinho verde branco,Presidente,Garrafa de 0.75 l,"1,99 €","2,65 €/L"
Recarga Sabonete Liquido Lavanda,Dettol,250 ml,"4,99 €","9,98 €/L"
Café moagem normal: original,Buondi,Embalagem de 220g,"9,76 €/Kg","9,76 €/Kg"
Pasta dentífrica menta fresca,Aquafresh,Embalagem de 75 ml,"2,39 €","31,87 €/L"
Leite UHT Meio Gordo,PorSi,1 l,"0,81 €","0,81 €/L"
Iogurte batido magro com mirtilos sem lactose,Mimosa,4 x 120 g,"2,49 €","9,96 €/Kg"
Dobrada com feijão,Nobre,Embalagem de 420g,"2,35 €","5,60 €/Kg"
"Jogo ""Descobre as palavras""",Clementoni,1 unidade,"24,90 €","24,90 €/Unidade"
Pré-lavagem power gel,Vanish,Garrafa de 200 ml,"13,99 €","3,29 €/L"
Quiche lorraine,Monique Ranou,Embalagem de 400 g,"3,99 €","19,95 €/Kg"
Mopa com cabo,PorSi,1 unidade,"2,99 €","2,99 €/Unidade"
Tronco de Natal Doce de Ovos,Pastelaria do Dia,800g,"4,29 €","6,60 €/Kg"
Néctar vital equilibrio manga/laranja,Compal,Embalagem de 1 l,"0,84 €","2,55 €/L"
Arroz de pato,PorSi,Embalagem de 250 g,"2,99 €","11,96 €/Kg"
Pensos higiénicos liberty normal abas,Evax,Embalagem com 12 un.,"2,59 €","2,59 €/Unidade"
Detergente manual de roupa,Omo,Embalagem de 540g,"1,09 €","2,73 €/Kg"
Iogurte grego natural açucarado sem lactose,PorSi Viva Bem,Embalagem de 240g,"2,49 €","9,96 €/Kg"
Romã,Fruta da Época,1 un = 250 gr  (aprox.),"1,89 €/Kg","1,89 €/Kg"
Lápis de cor 18 cm,Domédia,embalagem com 18 unidades,"3,09 €","3,09 €/Unidade"
Sobremesa danette baunilha,Danone,Embalagem de 4 x 125 g,"1,19 €","2,59 €/Kg"
Garagem 4 andares com acessórios,Fantástiko,1 unidade,"22,99 €","22,99 €/Unidade"
Cheeseburger Vaca,Snock,Embalagem de 100 g,"0,09 €","1,49 €/Kg"
Azeite Virgem Extra Clássico,Gallo,Garrafa de 2 l,"3,19 €","4,25 €/L"
Lata de Brilho Incolor,Búfalo,Embalagem de 75 ml,"0,99 €","19,80 €/L"
Café torrado classic universal,Delta,Embalagem de 250g,"9,16 €/Kg","9,16 €/Kg"
Cereais estrelitas,Nestle,Embalagem de 550g,"5,07 €/Kg","5,07 €/Kg"
Bolo recheio de chocolate multipack,Chipicao,Embalagem de 230g,"2,05 €","5,13 €/Kg"
Ovos | Classe: M,Ovitae,24 unidades,"4,10 €","4,10 €/Unidade"
Camarão 40/60,Congelado de Aquicultura,1 un = 250 gr  (aprox.),"2,00 €","7,99 €/Kg"
Café torrado lote chávena saco,Delta,Embalagem de 250g,"9,16 €/Kg","9,16 €/Kg"
"Salsichas bockwurst em frasco, 8 unidades",Izidoro,Embalagem de 400g,"0,75 €","3,75 €/Kg"
Batata frita light,PorSi,Embalagem de 150g,"0,95 €","6,33 €/Kg"
Nestum zero arroz,Nestum,Embalagem de 250 g,"3,39 €","13,56 €/Kg"
Guardanapos 2 folhas brancos e dourado,PorSi Select,50 unidades,"1,29 €","1,29 €/Unidade"
Néctar de pêssego,PorSi,Pack 3 x 200 ml,"0,99 €","0,99 €/L"
Escorredor grande completo,Écoiffier,1 unidade,"32,99 €/Unidade","32,99 €/Unidade"
Camião Betoneira,Lego,1 unidade,"22,99 €","22,99 €/Unidade"
Jenga,Mitama,1 unidade,"32,99 €/Unidade","32,99 €/Unidade"
Sobremesa gelatina de ananás,PorSi,Embalagem 4X100G,"0,85 €","2,13 €/Kg"
Faca Pão 20 cm Preta,PorSi,1 unidade,"5,90 €","5,90 €/Unidade"
Coca-cola zero sem cafeína,Coca-Cola,"Garrafa de 1,75 l","0,40 €/L","0,40 €/L"
Barras de cereais com chocolate preto,PorSi,6 x 23 g,"1,29 €","10,24 €/Kg"
Detergentes máquina lavar loiça ecológico,PorSi,26 pastilhas,"1,49 €","5,96 €/L"
Queijo mozzarella ralado,PorSi,Embalagem de 200 g,"7,45 €/Kg","7,45 €/Kg"
Toalhitas Limpeza Aquas,Kandoo,Embalagem c/ 50 un.,"1,09 €/Unidade","1,09 €/Unidade"
Ambientador elétrico baunilha & magnólia asiática,Air Wick,Difusor + Recarga,"11,99 €","11,99 €/Unidade"
Massa quebrada margarina,PorSi,Embalagem de 230 g,"0,99 €","4,30 €/Kg"
"Formas de alumínio rectangulares com tampa, 600ml , ...",PorSi,Uma embalagem,"1,11 €","1,11 €/Unidade"
Vinho maduro tinto doc alentejano,P.ravessa,Garrafa de 750 ml,"16,99 €","22,65 €/L"
Contentor para água dobrável,Camp Active,Cap.: 10 L,"1,99 €","1,99 €/Unidade"
"Mini rissóis de carne, 20 unidades",PorSi,Embalagem de 300 g,"1,79 €","7,16 €/Kg"
Legumes verdes para sopa,PorSi,Embalagem de 1 kg,"1,89 €","1,89 €/Kg"
Gin Ten Premium,Tanqueray,Garrafa de 0.70L,"16,49 €","23,56 €/L"
Perfect Pen,Loctite,Embalagem com 3 g,"1,79 €","1,79 €/Unidade"
Mega cozinha,Frozen,1 conjunto,"32,99 €/Unidade","32,99 €/Unidade"
10 hamburguers 60% carne de bovino,PorSi,Embalagem de 1 kg,"2,79 €","8,72 €/Kg"
Mousse de chocolate preto,Páturages,Embalagem de 4x60 g,"1,19 €","2,59 €/Kg"
Chá preto,Tetley,Embalagem de 20g,"1,99 €","49,75 €/Kg"
Ambientador elétrico sensual sandalwood & jasmine + ...,Glade,1 unidade,"11,99 €","11,99 €/Unidade"
"Escova de cabelo, Pontas Nylon Premium",Labell,Uma unidade,"3,99 €","3,99 €/Unidade"
Iogurte líquido laranja,Danone,Embalagem de 6 x 100 g,"3,99 €","6,65 €/Kg"
Bolacha vida equilíbrio ameixa e fibra,Cemporcent,Embalagem de 140g,"1,20 €","3,90 €/Kg"
Papel higiénico reciclado 2 folhas,PorSi,12 rolos,"1,99 €","1,99 €/Unidade"
Tarteletes com recheio morango,PorSi,Embalagem de 96g,"1,49 €","9,68 €/Kg"
"Queijo médio, metades",Casteloes,Embalagem de 580g,"25,45 €/Kg","25,45 €/Kg"
Ovos Frescos Classe M,PorSi,12 unidades,"2,19 €","2,19 €/Unidade"
"Abraçadeira 14cm, caixa com 12",Ecauto,1 unidade,"1,99 €","1,99 €/Unidade"
Fralda Cueca Activity Extra Tamanho 4,Dodot,Embalagem com 45 uni.,"8,99 €","8,99 €/Unidade"
Couve de bruxelas,PorSi,Embalagem de 750 g,"1,89 €","1,89 €/Kg"
Leite condensado,Nestle,Embalagem de 370g,"4,00 €/Kg","4,00 €/Kg"
Chocolate culinário 70% cacau,Pantagruel,Embalagem de 200g,"1,04 €","8,32 €/Kg"
Folar de Páscoa c/ Ovo,Pastelaria do Dia,450G,"4,29 €","6,60 €/Kg"
Tomate Azul | categoria: II,*,Vendido ao peso,"0,67 €","2,69 €/Kg"
Cacau em pó,Pantagruel,Embalagem de 130g,"1,04 €","8,32 €/Kg"
"Escova dentes, proteção global suave, 2 unidades",Labell,1 embalagem,"3,99 €","3,99 €/Unidade"
Tablete de chocolate leite/amêndoa,Nestle,Embalagem de 120g,"10,89 €/Kg","10,89 €/Kg"
Soja líquido frutos exóticos,PorSi Viva Bem,Embalagem de 4 x 150 ml,"4,58 €/Kg","4,58 €/Kg"
Balões latex brancos,PorSi,Embalagem com 24 unidades,"1,54 €","1,54 €/Unidade"
Vela em número nº1,PorSi,1 unidade,"0,60 €","0,60 €/Unidade"
Pensos térmicos alívio da dor muscular 13x10cm,PorSi,Embalagem de 2 unidades,"0,59 €","1,18 €/L"
Penso de incontinência maxi,Ausonia Discreet,Embalagem de 8 un.,"1,95 €","1,95 €/Unidade"
Queijo curado pequeno,Casteloes,Embalagem de 500g,"4,39 €","18,29 €/Kg"
"Hamburgers de porco, 4x80g",PorSi,Embalagem de 320 g,"2,79 €","8,72 €/Kg"
Sobremesa petit gourmand de chocolate,Páturages,Embalagem 6X60G,"7,77 €/Kg","7,77 €/Kg"
Pão Alentejano,Pão do Dia,1 unidade = 400 g,"0,19 €","2,71 €/Kg"
Esferográfica Preta Média,Mab,Embalagem com 4 un.,"2,49 €","2,49 €/Unidade"
Pasta dentífrica herbal,Colgate,Embalagem de 75 ml,"2,39 €","31,87 €/L"
Castanhas,PorSi,Embalagem de 500G,"3,29 €","4,39 €/Kg"
Recarga difusor elétrico recarga citronela,Dum Dum,1 unidade,"6,39 €","6,39 €/Unidade"
Fruta para bebé maçã cenoura manga +6 meses,Nestle,Embalagem de 90g,"0,74 €","8,22 €/Kg"
"Vela com número, nº 7",PorSi,1 unidade,"0,60 €","0,60 €/Unidade"
Mix de frutas para smothie,PorSi,Embalagem de 450 g,"3,29 €","4,39 €/Kg"
Manteiga com sal e sem lactose,Mimosa,Embalagem de 250g,"2,49 €","9,96 €/Kg"
Bebida láctea crescimento c/ bolacha maria,Nestle,Embalagem de 1 litro,"0,26 €","1,30 €/L"
Broa de milho doce,Pão do Dia,450 g,"0,19 €","2,71 €/Kg"
Leite seleccionado magro,Matinal,Garrafa de 1 l,"0,81 €","0,81 €/L"
Tira nódoas em spray cores,Neoblanc,Embalagem de 700 ml,"3,99 €","5,70 €/L"
20 mini rissóis de camarão,PorSi,Embalagem de 300 g,"1,79 €","7,16 €/Kg"
Discos Sanitários Activos Aparelho Marinho,WC Pato,Embalagem de 36 ml,"2,99 €","74,75 €/Kg"
"Comida húmida para cão vaca, frango e borrego",Friskies,Embalagem de 12 x 100 g,"0,75 €","2,50 €/Kg"
Açúcar areado amarelo,Rar,Embalagem de 1kg,"1,49 €","1,49 €/Kg"
Creme p/ Calçado Azul,Búfalo,Embalagem de 40 ml,"0,99 €","19,80 €/L"
"Espuma de cabelo, volume xxl",Fru style,Embalagem de 200 ml,"4,99 €","24,95 €/L"
15 douradinhos,Capitão Iglo,Embalagem de 420g,"1,79 €","7,16 €/Kg"
Feijão verde,PorSi,Embalagem de 750 g,"1,89 €","1,89 €/Kg"
Pasta Dentífrica Menta Suave,Aquafresh,Embalagem de 75 ml,"2,39 €","31,87 €/L"
Farinha de milho 500g,ESPIGA,Embalagem de 500g,"1,99 €","1,99 €/Kg"
Alho-francês,PorSi,Embalagem de 750 g,"1,89 €","1,89 €/Kg"
Ambientador vela gota baunilha,Air Wick,Embalagem de 1 unidades,"9,49 €","45,19 €/Kg"
Paes de leite 10unid 350g,H.delicia,Embalagem de 350 g,"7,40 €/Kg","7,40 €/Kg"
Iogurte de morango sem lactose,PorSi Viva Bem,4 x 125 g,"2,49 €","9,96 €/Kg"
Coffee Shop 100% Chef,Écoiffier,1 unidade,"32,99 €/Unidade","32,99 €/Unidade"
"Creme para mãos, caixa familiar",Nivea,Embalagem de 250 ml,"2,49 €","41,50 €/L"
Ração para gato júnior com frango,Purina One,Embalagem de 800 g,"12,99 €","4,33 €/Kg"
Esferográfica Vermelha Retratil 0.7mm,Mab,Embalagem com 1 un.,"2,49 €","2,49 €/Unidade"
Adoçante c/ doseador,Canderel,Embalagem de 30g,"6,21 €","6,21 €/Unidade"
Pilhas recarregáveis C HR14 2600mAh,Domédia,Embalagem com 2 unidades,"4,09 €","4,09 €/Unidade"
Vinho Vinha da Fonte Setúbal tinto,Casa Ermelinda Freitas,Garrafa de 0.75 l,"2,99 €","3,99 €/L"
Atum posta em óleo,General,Embalagem de 110g,"9,08 €/Kg","9,08 €/Kg"
Limpa Máquina Loiça Regular,Finish,,"1,49 €","5,96 €/L"
"Compal vital laranja, cenoura e manga",Compal,Garrafa de 200 ml,"0,99 €","0,99 €/L"
Mousse de Banho Silk Creme Care,Nivea,Embalagem de 200 ml,"6,39 €/L","6,39 €/L"
Monopoly Viaja Pelo Mundo,Hasbro,1 un.,"24,90 €","24,90 €/Unidade"
Bacalhau posta média,PorSi,Embalagem de 800g,"6,39 €","7,99 €/Kg"
Rebuçados peitorais,Dr.bayard,Embalagem de 100g,"0,77 €","3,85 €/Kg"
Barras de cereais forma clássica,PorSi,Embalagem de 126g,"1,29 €","10,24 €/Kg"
Leite Hidratante Delicadeza de Aveia,Ultra Suave,Embalagem de 400 ml,"12,48 €/L","12,48 €/L"
Água oxigenada,Labell,Embalagem de 500 ml,"0,59 €","1,18 €/L"
Mega Grua,Volvo,32 cm,"22,99 €","22,99 €/Unidade"
Lixívia com detergente,PorSi,Embalagem de 2 l,"2,59 €","1,30 €/L"
Gelado viennetta morango,Olá,Embalagem de 650 ml,"2,69 €","5,38 €/L"
Cheeseburger de frango,Snock,Embalagem de 100 g,"0,09 €","1,49 €/Kg"
Fralda Cueca Banho Splashers T4,Dodot,1 Embalagem c/11 unidades,"8,99 €","8,99 €/Unidade"
Cereais recheados com chocolate e avelã,PorSi,Embalagem de 400g,"5,07 €/Kg","5,07 €/Kg"
Bolachas com recheio de chocolate,PorSi,Embalagem de 500g,"2,15 €","2,87 €/Kg"
Manteiga magra,PorSi,Embalagem de 250g,"1,69 €","6,76 €/Kg"
Queijo para barrar light,PorSi Viva Bem,Embalagem de 200g,"1,99 €","9,95 €/Kg"
Xarope grenadine,Paquito,Garrafa de 750 ml,"4,89 €","6,61 €/L"
Cueca Incontinência Boutique Plus G,Ausonia Discreet,Embalagem de 8 Un.,"18,65 €","18,65 €/Unidade"
"Batata frita, receita camponesa",Lay's,Embalagem de 250g,"1,19 €","6,43 €/Kg"
Nestum aveia e morango,Nestum,Embalagem de 250g,"2,99 €","3,99 €/Kg"
Champanhe meio seco,Delagne & Fils,"Garrafa de 0,75 l","34,99 €","46,65 €/L"
Arroz integral,PorSi Viva Bem,Embalagem de 1 kg,"1,34 €","2,68 €/Kg"
"M&m's drageias de amendoim e chocolate de leite,",M&m's,Embalagem de 200g,"11,98 €/Kg","11,98 €/Kg"
Leite UHT Morango sem Lactose,Mimosa,Pack 3 x 250 ml,"1,99 €","2,49 €/L"
Lava tudo brilhante madeiras,PorSi,Embalagem de 1.1 litros,"1,89 €","1,26 €/L"
Quad boxer 12 cv,Feber,1 unidade,"129,99 €","129,99 €/Unidade"
"Lenços de bolso, mentol, 10 unidades",Renova,Uma embalagem de 6x10,"0,89 €","0,89 €/Unidade"
Leite uht meio gordo,Agros,Embalagem 1L,"0,81 €","0,81 €/L"
Vinho verde branco,Irreversível,Garrafa 0.75L,"1,99 €","2,65 €/L"
Camião Bombeiros c/ Luz e Som,Dickie Toys,15 cm,"22,99 €","22,99 €/Unidade"
Caramelos de nata,PorSi,Embalagem de 250g,"2,75 €","11,00 €/Kg"
Vinho do porto finest reserve,Dow's,Garrafa de 0.75 l,"9,99 €","13,32 €/L"
Magic coberto chocolate leite,Gullon,Embalagem de 240g,"2,15 €","2,87 €/Kg"
Manteiga com sal,Gresso,Embalagem de 250g,"1,69 €","6,76 €/Kg"
Molas plásticas amarelas,PorSi,50 unidades,"0,89 €","0,89 €/Unidade"
Gelados mini colosse mini mix,PorSi,Embalagem com 8 unidades,"1,99 €","4,15 €/L"
Molho inglês,Savora,Garrafa de 120 ml,"0,70 €","2,33 €/Kg"
Escova de dentes para criança 3 aos 5,Jordan,1 unidade,"3,29 €","43,87 €/L"
Iogurte mix-in smarties morango,Nestle,Embalagem de 2 x 128 g,"7,77 €/Kg","7,77 €/Kg"
"Pasta de arquivo, lombada estreita, vermelha",Domédia,1 unidade,"2,79 €","2,79 €/Unidade"
Vinho doc dão tinto,Grao vasco,Garrafa de 750 ml,"3,99 €","5,32 €/L"
Maçã Golden Premium,*,Calibre: 75/80,"0,22 €","1,49 €/Kg"
Cereais cookie crisp,Nestle,Embalagem de 380g,"5,07 €/Kg","5,07 €/Kg"
Papa infantil não láctea multicereais +6 meses,Cerelac,Embalagem de 250g,"3,39 €","13,56 €/Kg"
Guardanapos Decorados,Scottex,Embalagem 50 Unidades,"1,29 €","1,29 €/Unidade"
Bloco Sanitário Ativo Lavanda,Sonasol,Embalagem de 50 g,"2,99 €","74,75 €/Kg"
Chocolate Branco e Óreo,Milka,Embalagem de 100g,"0,99 €","9,90 €/Kg"
Rebuçados mentho-lyus sem açúcar,Halls,Embalagem de 31 g,"0,77 €","3,85 €/Kg"
Ambientador auto limão,PorSi,1 unidade,"2,79 €","2,79 €/Unidade"
Ambientador vela baunilha,PorSi,1 unidade,"9,49 €","45,19 €/Kg"
Azeite Virgem,Oliveira da Serra,Embalagem de 750 ml,"3,19 €","4,25 €/L"
Baguete de alho,Panike,Embalagem de 350g,"3,40 €/Kg","3,40 €/Kg"
Manga Refrigerante p/ Garrafas,AR,1 unidade,"3,49 €","3,49 €/Unidade"
Yoco squeezy sabor morango/banana,Nestle,Embalagem de 4 x 80 g,"2,59 €","5,40 €/Kg"
"Coloração permanente, preto nº10",Nutrisse,1 unidade,"9,49 €/Unidade","9,49 €/Unidade"
Conjunto Descoberta Fóssil,Jurassic World,1 un.,"24,90 €","24,90 €/Unidade"
Mix do Bosque,Fruta Embalada,Embalagem com 175 gr,"1,99 €","15,92 €/Kg"
Bolo de chocolate brownie,Milka,Embalagem de 150g,"0,45 €","5,00 €/Kg"
Crazy Chic Mala de Maquilhagem,Clementoni,1 unidade,"32,99 €/Unidade","32,99 €/Unidade"
Iogurte sólido sem lactose natural açucarado,Mimosa,Embalagem de 480g,"0,65 €","1,30 €/Kg"
Tostas mistura sem glúten,PorSi Viva Bem,Embalagem de 140g,"2,69 €","20,69 €/Kg"
Jogo Caça Fantasmas,Clementoni,1 unidade,"24,90 €","24,90 €/Unidade"
Twins,Gullon,pack 2 x 154 g,"1,49 €","9,68 €/Kg"
Cerveja c/ álcool radler,Sagres,pack 6 x 0.33 l,"1,99 €/L","1,99 €/L"
Eletrodomésticos Pequenos 100% Chef,Écoiffier,1 unidade,"22,99 €","22,99 €/Unidade"
Vinagre de vinho tinto,Cristal,Garrafa de 500 ml,"0,35 €","0,70 €/L"
Especialidade de coco com morango 4x100g,Andros,Embalagem de 400g,"0,55 €","2,75 €/Kg"
Couve Coração Programa Origens,PorSi,1 un = 1 kg (aprox.),"1,99 €","1,99 €/Kg"
Ervilhas primavera 500g,Iglo,Embalagem de 500g,"1,89 €","1,89 €/Kg"
Batata frita rodelas,PorSi,Embalagem de 2x70g,"1,06 €","5,73 €/Kg"
"Paezinhos azeite, alho e salsa",PorSi,Embalagem de 160g,"2,39 €","6,83 €/Kg"
Fio dental gentle suave,Sensodyne,1 unidade,"3,49 €","3,49 €/Unidade"
Spray Limpa Placa Indução,Induclean,450 ml,"1,29 €","1,72 €/L"
Couve Penca (Portuguesa) Programa Origens,PorSi,1 un = 1 kg (aprox.),"1,99 €","1,99 €/Kg"
Laboratório Mecânica Carro Bombeiros,Clementoni,1 unidade,"24,90 €","24,90 €/Unidade"
Leite condensado cozido,Nestle,Embalagem de 400g,"4,00 €/Kg","4,00 €/Kg"
Sopa da pedra,PorSi,Embalagem de 420 g,"2,35 €","5,60 €/Kg"
Recarga mopa 1.2 spray max,Vileda,1 unidade,"8,99 €","8,99 €/Unidade"
Café torrado 5 estrelas moagem normal,Sical,Embalagem de 250g,"9,16 €/Kg","9,16 €/Kg"
Pó de talco,PorSi,Embalagem de 250g,"5,59 €","11,18 €/L"
Areia para gatos biodegradável vegetal,PorSi,Embalagem de 8 litros,"1,19 €","0,24 €/Kg"
Iogurtes magros aroma manga,PorSi Viva Bem,Embalagem de 6 x 125 g,"0,99 €","1,32 €/Kg"
Super Cola,Vito,2 unidade,"1,79 €","1,79 €/Unidade"
Nectar multivitaminas,Paquito,Embalagem de 2 l,"0,99 €","0,99 €/L"
Feijão com dobrada,PorSi,Embalagem de 420 g,"2,35 €","5,60 €/Kg"
Buggy e Lagarto,Pinypon Action,1 unidade,"32,99 €/Unidade","32,99 €/Unidade"
Adoçante com doseador,PorSi,Embalagem de 66g,"6,21 €","6,21 €/Unidade"
Vermute rosso,Martini,Garrafa de 0.75 l,"22,49 €","32,13 €/L"
Bolacha vida equilíbrio aveia e canela,Cemporcent,Embalagem de 140g,"1,20 €","3,90 €/Kg"
Manteiga com sal,Primor,Embalagem de 250g,"1,69 €","6,76 €/Kg"
Massa Fresca Tagliatelle,PorSi,Embalagem de 250 g,"0,99 €","4,30 €/Kg"
"Refeição pronta, boião de frango e arroz",Bledina,Embalagem de 200g,"1,89 €","9,95 €/Kg"
Super Cola 3 Gel,Loctite,Embalagem de 3 g,"1,79 €","1,79 €/Unidade"
Jogo Joker,Clementoni,1 un.,"24,90 €","24,90 €/Unidade"
"Sumo 100%, laranja",PorSi,"Embalagem de 1,5 l","1,09 €","0,73 €/L"
Pantagruel leite caramelo (10x),Pantagruel,Embalagem de 200g,"1,04 €","8,32 €/Kg"
Toalhitas Sensitive,Baby Dove,embalagem com 50 unidades,"23,70 €/L","23,70 €/L"
10 salsichas de porco em lata,PorSi,Embalagem de 250G,"0,75 €","3,75 €/Kg"
Sultana Dourada,PorSi,Embalagem de 200g,"1,59 €","7,95 €/Kg"
Café solúvel intenso,Delta,Embalagem de 100g,"14,50 €/Kg","14,50 €/Kg"
Sangria tinta,PorSi,Garrafa de 1.5 litros,"2,19 €","1,46 €/L"
Bolacha waffer bites avelã,Waferland,Embalagem de 125g,"0,98 €","4,67 €/Kg"
Camarão cozido 60/95,PorSi,Embalagem de 500 g,"9,99 €","19,98 €/Kg"
12 douradinhos forníssimo,Capitão Iglo,Embalagem de 300g,"9,30 €/Kg","9,30 €/Kg"
Espuma de barbear para peles sensíveis,Labell Men,Embalagem de 250 ml,"1,16 €","4,64 €/L"
Mistolin advanced anticalcário,Mistolin,Garrafa de 500 ml,"1,79 €","2,39 €/L"
Sabonete alfazema de monte,Confianca,Embalagem de 125 g,"1,99 €","12,44 €/Kg"
Snack para gato mixed grill,Felix,Embalagem de 60 g,"0,99 €","16,50 €/Kg"
Batata branca para assar,*,Vendido ao peso,"0,65 €/Kg","0,65 €/Kg"
Bacalhau desfiado,Pescanova,Embalagem de 400 g,"6,39 €","7,99 €/Kg"
Esfregona premium 2 em 1 completa,Vileda,1 un.,"8,99 €","8,99 €/Unidade"
Autobrilhante Castanho,Búfalo,Embalagem de 50 ml,"2,25 €","45,00 €/L"
Guardanapos de 1 folha amarelos | dim.: 30 x 29 cm,PorSi,Embalagem com 70 unidades,"1,29 €","1,29 €/Unidade"
Vinho doc alentejo tinto,Albarrada,Garrafa de 750 ml,"16,99 €","22,65 €/L"
Mousse crocante baunilha,A leiteira,Embalagem 4 x 57 g,"1,19 €","2,59 €/Kg"
Mariscada,PorSi,Embalagem de 800g,"4,99 €","6,24 €/Kg"
Ambientador aerosol pure flor de cerejeira,Air Wick,Garrafa de 250 ml,"2,99 €","12,46 €/L"
Lustrante Pneus,PorSi,Embalagem de 1 l,"3,49 €","13,96 €/L"
Alimento seco p/ cão alta energia c/ frango,HappyOne,Embalagem de 4 kg,"1,15 €/Kg","1,15 €/Kg"
Farinha s/ fermento tipo 65,ESPIGA,Embalagem de 1 kg,"1,99 €","1,99 €/Kg"
Spray para vidros,PorSi,750 ml,"3,19 €","6,38 €/L"
Manteiga de amendoim crocante,Prozis,Embalagem de 500g,"3,99 €","7,98 €/Kg"
Milho tenro e doce,Bonduelle,Embalagem de 300 g,"1,79 €","2,29 €/Kg"
"Inseticída, vaporizador, extra gt",Biokill,Garrafa de 380 ml,"5,69 €","15,17 €/L"
Sopa de cozido,Knorr,Embalagem de 70g,"0,84 €","13,55 €/Kg"
Sopa de cebola económica,Knorr,Embalagem de 50g,"0,84 €","13,55 €/Kg"
Spray desinfetante cozinha,Lysol,Embalagem de 500 ml,"1,29 €","1,72 €/L"
Nuggets frango,PorSi,pack familiar de 1 kg,"2,79 €","8,72 €/Kg"
Água mineral sem gás,Serra de Fafe,Embalagem de 6x0.5l,"1,04 €","0,17 €/L"
Óleo Multigasolina 20W40,Galp,Embalagem de 5 l,"14,99 €","14,99 €/L"
Pescada da Africa do Sul,Peixe Congelado,Pescado no mar,"1,00 €","4,99 €/Kg"
Bolacha infantil dinossaurus mini dino cereais,Artiach,Embalagem de 120g,"1,89 €","15,75 €/Kg"
Manteiga fácil de barrar,President,Embalagem de 250g,"1,69 €","6,76 €/Kg"
Presunto fatiado,PorSi,Embalagem de 200g,"2,79 €","13,95 €/Kg"
Lixívia para roupa tradicional,Neoblanc,Embalagem de 2 l,"0,60 €/L","0,60 €/L"
Achocolatado intenso 40% cacau,Nestle,Embalagem de 330g,"5,59 €","6,99 €/Kg"
Mostarda de Dijon,PorSi Select,190 g,"0,70 €","2,33 €/Kg"
Pipocas doces,Orcape,Embalagem de 100g,"0,79 €","7,90 €/Kg"
Molho mil ilhas,PorSi,Garrafa de 120 ml,"0,70 €","2,33 €/Kg"
"Iogurte líquido yoggi, sem lactose, morango",Nestle,Embalagem de 4 x 160 g,"1,17 €","1,83 €/Kg"
Redfish Médio (200/500),Peixe Congelado,de 200 a 500g,"1,00 €","4,99 €/Kg"
Ovos | Classe: L,Ovitae,24 unidades,"4,10 €","4,10 €/Unidade"
Farinha láctea cerelac,Cerelac,Embalagem de 500g,"3,39 €","13,56 €/Kg"
Vodka,ON/OFF,Garrafa 0.70L,"16,49 €","23,56 €/L"
Arroz vaporizado,Cigala,Embalagem de 1 kg,"0,99 €","0,99 €/Kg"
Massa aletria,PorSi,Embalagem de 500g,"0,89 €","1,78 €/Kg"
Chocolate culinário,Nestle,Embalagem de 200g,"1,04 €","8,32 €/Kg"
Drageias de chocolate de leite,PorSi,200 g,"11,98 €/Kg","11,98 €/Kg"
Massa meada,PorSi,Embalagem de 500g,"0,89 €","1,78 €/Kg"
Iogurte activia natural,Danone,Embalagem de 4 x 120 g,"2,49 €","5,19 €/Kg"
Espinafres salteado com alho,PorSi,Embalagem de 750g,"1,89 €","1,89 €/Kg"
Espremedor,PorSi,1 unidade,"8,99 €","8,99 €/Unidade"
Atum posta ao natural,Bom petisc,Embalagem de 120 g,"9,08 €/Kg","9,08 €/Kg"
Cenoura baby,PorSi,Embalagem de 400 g,"1,89 €","1,89 €/Kg"
Barrinhas pescada sem glúten,Pescanova,Embalagem de 300g,"1,79 €","7,16 €/Kg"
Queijo vaca sem lactose,PorSi Viva Bem,250 g,"2,49 €","9,96 €/Kg"
Bolachas cream cracker,PorSi,Embalagem de 600g,"0,39 €","3,12 €/Kg"
Ração para Cão Delicate rico em Salmão,Purina One,Embalagem de 800g,"1,15 €/Kg","1,15 €/Kg"
"Vinho rosé, região península de setúbal, bag in box",Dom Campos,Garrafa de 5 l,"9,49 €","1,90 €/L"
Vinho tinto regional alentejano,Galitos,Garrafa de 750 ml,"16,99 €","22,65 €/L"
Nata uht 0% lactose,Parmalat,Embalagem de 200 ml,"1,12 €","5,60 €/L"
Gomas tijolos ácidos,PorSi,Embalagem de 300 g,"1,19 €","3,97 €/Kg"
Dentifríco 2 em 1 original,Theramed,Embalagem de 75 ml,"3,39 €","45,20 €/L"
Miolo de Camarão 80/100,Brasmar,Embalagem de 200 g,"8,99 €","25,69 €/Kg"
Bacalhau Graúdo Boa Pesca,PorSi,"Vendido ao peso, 1 un= 2.5 kg (aprox.)","8,73 €/Kg","8,73 €/Kg"
Halls vita c morango sem açúcar,Halls,Embalagem de 32 g,"0,77 €","3,85 €/Kg"
Chocolate culinário em pó,PorSi,Embalagem de 125 g,"1,04 €","8,32 €/Kg"
Spray nature cozinha,Cif,embalagem de 750 ml,"0,79 €","0,79 €/L"
Refrigerante com gás guaraná,Antartica,"Garrafa de 1,5 l","0,40 €/L","0,40 €/L"
Marmelada,Quinta de Jugais,Embalagem de 500g,"1,09 €","2,42 €/Kg"
Água s/ gás,Fastio,Garrafa de 1 l,"1,04 €","0,17 €/L"
Flocos de batata para puré,PorSi,Embalagem de 500g,"1,89 €","1,89 €/Kg"
Vinho Verde Branco Loureiro,Paço de Teixeiró,Garrafa de 75 cl,"1,99 €","2,65 €/L"
Smarties mini chocolate,SMARTIES,Embalagem de 187g,"11,98 €/Kg","11,98 €/Kg"
Mistura solúvel mokambo,Nestle,Embalagem de 200g,"1,64 €","6,56 €/Kg"
Mistura de frutos exóticos,PorSi,Embalagem de 450 g,"3,29 €","4,39 €/Kg"
Mousse cabelo caracois,Labell,Embalagem de 200ml,"4,99 €","24,95 €/L"
Tambor,Panda,1 un.,"13,99 €/Unidade","13,99 €/Unidade"
"Jogo ""Duelo de Gerações""",Clementoni,1 unidade,"24,90 €","24,90 €/Unidade"
Martelo perfurador,Einhell Kids,1 unidade,"32,99 €/Unidade","32,99 €/Unidade"
Tablete triple chocolate,Milka,Embalagem de 90g,"5,30 €/Kg","5,30 €/Kg"
"Pasta de arquivo, lombada estreita, azul",Domédia,1 unidade,"2,29 €","2,29 €/Unidade"
Sangria branca,Casal Garcia,Garrafa de 750 ml,"2,19 €","1,46 €/L"
Crazy Chic Pochete Maquilhagem,Clementoni,1 unidade,"32,99 €/Unidade","32,99 €/Unidade"
Mistolin tira gorduras desinfetante,Mistolin,Garrafa de 550 ml,"1,79 €","2,39 €/L"
Bolachas choco mini estrelas,Milka,Embalagem de 190g,"2,15 €","2,87 €/Kg"
Biscoitos Língua Laranja,Fábrica Duriense,Embalagem 500G,"0,69 €","3,45 €/Kg"
Mariscada,PorSi,Embalagem de 800g,"2,19 €","8,59 €/Kg"
Esparregado de espinafres sem lactose,PorSi Viva Bem,Embalagem de 360 g,"2,49 €","9,96 €/Kg"
Ice tea limão,Lipton,pack 6 x 0.25 l,"1,90 €","1,27 €/L"
Desinfetante p/ Roupa,Sanytol,embalagem com 500ml,"3,99 €","5,70 €/L"
Salsichas de porco,Nobre,Lata de 250g,"0,75 €","3,75 €/Kg"
"Jogo ""Da Banho ao Cão""",Concentra,1 unidade,"24,90 €","24,90 €/Unidade"
Néctar light manga/laranja,Compal,330 ml,"0,84 €","2,55 €/L"
Perolas perfumadas fresh,PorSi,Embalagem de 275 g,"13,99 €","3,29 €/L"
Spray nature casa de banho,Cif,embalagem de 750 ml,"1,79 €","2,39 €/L"
Tampões Super Plus Compak Pearl,Tampax,16 unidades,"3,99 €","3,99 €/Unidade"
Cobertura tábua de engomar,PorSi,Dim.: 130 x 47 cm,"4,00 €","4,00 €/Unidade"
Massa para pizza,PorSi,Embalagem de 260 g,"0,99 €","4,30 €/Kg"
5 folhas de gelatina incolor,PorSi,Embalagem de 9 g,"0,55 €","61,11 €/Kg"
Nabo Roxo s/ Rama,Programa Origens,1 un = 200 gr  (aprox.),"1,99 €","1,99 €/Kg"
Pudim de baunilha,PorSi,Embalagem de 90g,"0,59 €","29,50 €/Kg"
Creme abrasivo activo c/ lixívia,Cif,Garrafa de 500 ml,"2,59 €","1,30 €/L"
Pensos Incontinência Mulher Discreet Normal Night,Tena,10 unidades,"1,95 €","1,95 €/Unidade"
"Esferográfica, 4 cores",Bic,1 unidade,"2,49 €","2,49 €/Unidade"
Queijo fresco magro,Santiago,Embalagem de 200g,"1,09 €","5,45 €/Kg"
Biscoitos de cacau,PorSi,Embalagem de 750g,"0,69 €","3,45 €/Kg"
Pudim baunilha,Boca Doce,Embalagem de 20g,"0,59 €","29,50 €/Kg"
Bebida de soja de amêndoa,Alpro,Embalagem de 1 litro,"2,49 €","2,49 €/L"
Fio dentario 50m,Colgate,1 unidade,"3,49 €","3,49 €/Unidade"
Lixívia perfumada,PorSi,Embalagem de 5 l,"2,59 €","1,30 €/L"
Sumo 100% maçã e frutos vermelhos,Compal,1 litro,"1,09 €","0,73 €/L"
Caneta BL. Eye UB-150 Azul,Uni-Ball,1 embalagem,"2,49 €","2,49 €/Unidade"
Queijo mozzarella fatias,PorSi,Embalagem de 200 g,"1,56 €","7,80 €/Kg"
Nutripuffs de banana 8 meses s/ açúcar,Cerelac,Embalagem de 7g,"0,74 €","8,22 €/Kg"
Leite e cereais pijama +6 meses,Cerelac,Garrafa de 400 ml,"3,39 €","13,56 €/Kg"
Bolachas Rosquilhas,Cuetara,Embalagem de 300g,"1,69 €","6,76 €/Kg"
Mimosa bem especial leite e aveia,Mimosa,Embalagem de 1 litro,"0,99 €","0,99 €/L"
Bolachas digestivas go maçã,Triunfo,Embalagem de 170g,"0,98 €","3,27 €/Kg"
Vinho tinto alentejo,Loios,Garrafa de 750 ml,"16,99 €","22,65 €/L"
Manteiga magra,Mimosa,Embalagem de 250g,"1,69 €","6,76 €/Kg"
Favas ultracongeladas,PorSi,Embalagem de 400g,"1,89 €","1,89 €/Kg"
Queijo flamengo 0% lactose,PorSi Viva Bem,Embalagem de 150 g,"1,56 €","7,80 €/Kg"
Danacol morango,Danone,Embalagem de 6 x 100 g,"3,99 €","6,65 €/Kg"
Água mineral sem gás,Serra de Fafe,"Embalagem de 6x0,33 l","1,04 €","0,17 €/L"
8 rissóis de camarão,PorSi,Embalagem de 300g,"1,79 €","7,16 €/Kg"
"Jogo ""Super doc""",Clementoni,1 un.,"24,90 €","24,90 €/Unidade"
T-Rex para pintar,Jurassic World,1 un.,"24,90 €","24,90 €/Unidade"
Leite especial cálcio + vitamina d m/g,Mimosa,Garrafa de 1 l,"1,29 €","1,29 €/L"
Madalenas de Laranja,Brioxa,12 Unidades - Embalagem de 500 g,"2,05 €","5,13 €/Kg"
Gengibre desidratado em cubos,Cemporcent,Embalagem de 100g,"1,34 €","2,68 €/Kg"
"Coloração permanente, louro claro, nº80",Nutrisse,1 unidade,"9,49 €/Unidade","9,49 €/Unidade"
Ambientador stick perfume mulled wine,Air Wick,Embalagem de 1 unidades,"2,99 €","12,46 €/L"
Torta natas com cobertura de cacau,PorSi,Embalagem de 300g,"2,05 €","5,13 €/Kg"
"Tampão com aplicador, super compak, 20 unidades",Labell,1 embalagem,"3,99 €","3,99 €/Unidade"
A Minha Cozinha 100% chef,Smoby,1 unidade,"32,99 €/Unidade","32,99 €/Unidade"
Chá verde,PorSi,Embalagem de 37.5 g,"0,99 €","23,02 €/Kg"
Lava tudo antibacteriano herbal,PorSi,Garrafa de 1.5 l,"1,89 €","1,26 €/L"
Ambientador vela frutos vermelhos,PorSi,1 unidade,"9,49 €","45,19 €/Kg"
Elimina odores spray,Splendor,150 ml,"5,29 €","35,27 €/L"
Gressinos com sésamo,PorSi,Embalagem de 250 g,"2,39 €","6,83 €/Kg"
Creme de coentros sem batata,PorSi,800 g,"1,99 €","2,49 €/Kg"
Desinfetante p/ WC,Sanytol,Embalagem de 750 ml,"1,79 €","2,39 €/L"
Tequila,On Off,Garrafa de 70 cl,"8,99 €","14,98 €/L"
Snack dentastix grande,Pedigree,Embalagem de 270 g,"0,94 €","5,22 €/Kg"
Leite e cereais 8 cereais e mel +6 meses,Cerelac,Garrafa de 400 ml,"3,39 €","13,56 €/Kg"
Molho mad chips top down,Calve,Embalagem de 260g,"0,70 €","2,33 €/Kg"
Desentupidor gel turbo com lixívia,Destop,Garrafa de 1 l,"4,49 €","5,99 €/L"
Feijao verde redondo,PorSi,Embalagem de 400g,"1,89 €","1,89 €/Kg"
Vinho DOC Bairrada Tinto,Marquês de Marialva,Garrafa de 0.75 l,"2,92 €/L","2,92 €/L"
Bombom Caja Roja,Nestlé,Embalagem de 200G,"3,99 €","39,90 €/Kg"
Vinho regional alentejano tinto,Qta.carmo,Garrafa de 0.75 l,"16,99 €","22,65 €/L"
Coca-cola zero,Coca-Cola,pack 2 x 1.75 l,"0,40 €/L","0,40 €/L"
"Jogo ""Explosão""",Concentra,1 unidade,"24,90 €","24,90 €/Unidade"
Vinho tinto doc douro,Qta.cotto,Garrafa de 750 ml,"7,49 €","9,99 €/L"
Spray limpeza casa de banho,PorSi,750 ml,"1,79 €","2,39 €/L"
Mortadela de peru fatiada,PorSi,Embalagem de 200g,"0,95 €","4,75 €/Kg"
"Snack de queijo flamengo, nozes e uvas passas",Terra Nostra,Embalagem de 40g,"1,56 €","7,80 €/Kg"
"Cerveja com álcool, lata",Super Bock,Garrafa de 330 ml,"1,99 €/L","1,99 €/L"
2 Vieiras Gratinadas À Bretanha,PorSi Select,220 g,"3,99 €","19,95 €/Kg"
Filetes de pescada,PorSi,Embalagem de 400 g,"4,39 €","10,98 €/Kg"
Iogurte grego natural açucarado sem lactose,PorSi Viva Bem,Embalagem de 240g,"0,65 €","1,30 €/Kg"
Anti-traça lavanda,Raid,2 unidades,"4,69 €","4,69 €/Unidade"
Salsichas de soja,Cemporcent,Embalagem de 390g,"0,69 €","0,69 €/Kg"
Snack Gato Anti Bolas de Pelo,PorSi,Embalagem 60 g,"0,99 €","16,50 €/Kg"
Desinfetante Multiusos,Sanytol,Embalagem de 750 ml,"4,49 €","5,99 €/L"
Cabeça de corvina,Nossa seleção,Vendido ao peso,"3,19 €","3,99 €/Kg"
Entremeada s/ Entrecosto,Porco,Vendido ao peso a partir de 1 kg,"4,88 €","4,88 €/Kg"
Batata doce frita,PorSi,Embalagem de 150g,"1,06 €","5,73 €/Kg"
Double espresso go chill,Delta,Garrafa de 230 ml,"3,19 €","25,52 €/Kg"
Queijo em cubos para saladas,PorSi,Embalagem de 150 g,"7,45 €/Kg","7,45 €/Kg"
Queijo Raclette Fatias,Páturages,Embalagem de 400 g,"1,56 €","7,80 €/Kg"
Almôndegas Vegetais Green Cuisine,Iglo green,Embalagem de 240g,"3,99 €","19,95 €/Kg"
Gin dry,Gordons,Garrafa de 700 ml,"16,49 €","23,56 €/L"
Manteiga de amendoim cremosa,Prozis,Embalagem de 500g,"8,13 €/Kg","8,13 €/Kg"
Sumo florida,Sunny d,"Embalagem de 0,31 l","1,05 €","3,39 €/L"
Snack para gato chezzy,Felix,Embalagem de 60g,"0,99 €","16,50 €/Kg"
Mortadela fatiada,PorSi,Embalagem de 200 g,"0,95 €","4,75 €/Kg"
Brandy,ON/OFF,Garrafa de 700 ml,"15,49 €","15,49 €/L"
Camarão 60/80,Congelado de Aquicultura,1 un = 250 gr  (aprox.),"2,00 €","7,99 €/Kg"
Kit Jardinagem,Clementoni,1 un.,"24,90 €","24,90 €/Unidade"
Rena Decoração de Natal,*,Dim.: 17 cm,"19,99 €","19,99 €/Unidade"
Cera liquida amarela,Novycera,Garrafa de 500 ml,"2,29 €","2,29 €/L"
Mistura pombos domésticos,Rac.zezere,Embalagem de 5 kg,"2,49 €","2,49 €/Kg"
Gelatina limão 10kcal,Royal,Embalagem de 30g,"0,55 €","61,11 €/Kg"
Patê sardinha,La piara,Embalagem de 80g,"1,19 €","13,52 €/Kg"
Pedras limão/chá verde,P.salgadas,pack 4 x 0.25 l,"2,85 €","2,85 €/L"
Creme autobrilha incolor,Splendor,40 ml,"2,25 €","45,00 €/L"
"Massa polir, em bisnaga",Redex,Embalagem de 125 ml,"3,49 €","13,96 €/L"
Pêssego Vermelho A,Programa Origens,1 un = 150 gr (aprox.),"2,19 €","14,60 €/Kg"
Cogumelos laminados,PorSi,780 g,"1,79 €","2,29 €/Kg"
Bolachas rosquilhas,PorSi,Embalagem de 600g,"1,69 €","6,76 €/Kg"
"Alimento para peixe, tetramin staple food",Tetra,Embalagem de 250 ml,"7,29 €","7,29 €/L"
"Bolachas relieve, mel e coco",PorSi,Embalagem de 700g,"3,09 €","10,30 €/Kg"
Concentrado de laranja,Sunquick,Garrafa de 700 ml,"4,89 €","6,61 €/L"
Iogurte líquido de morango,Longa vida,Embalagem de 4 x 160 g,"1,17 €","1,83 €/Kg"
Milho doce,PorSi,Embalagem de 400 g,"1,89 €","1,89 €/Kg"
Bolachas marítimas clássicas,PorSi Viva Bem,Embalagem de 200g,"1,20 €","3,90 €/Kg"
Bolachas cobertura de chocolate e avelã,PorSi,Embalagem de 150g,"0,79 €","5,27 €/Kg"
Máscara Olhos Lash Sensational,Maybelline,1 unidade,"1,15 €","4,60 €/L"
Pizza de Atum,PorSi,Embalagem de 350 g,"2,16 €","6,17 €/Kg"
"Jogo ""Mistery English""",Clementoni,1 unidade,"24,90 €","24,90 €/Unidade"
Vegalia especialidade vegetariana de soja,Nobre,Lata com 8 unidades,"2,29 €","14,31 €/Kg"
Nectar clássico maracujá,Compal,Garrafa de 1 l,"1,09 €","0,73 €/L"
Creme Muda Fralda,Baby Dove,Embalagem de 45 g,"5,59 €","11,18 €/L"
Licor de coco,On Off,"Garrafa de 0,70 l","5,99 €","8,56 €/L"
Vinho Branco DOC Dão,Meia encosta,Garrafa de 0.75 l,"3,99 €","5,32 €/L"
"Vinho DOC Bairrada, Branco",Selecção de Enófilos,Garrafa de 0.75 l,"2,92 €/L","2,92 €/L"
"Tetina Silicone G. Largo, 6/18 Meses",Pommette,Embalagem de 2 unidades,"2,49 €","2,49 €/Unidade"
Spray desengordurante universal,Neoblanc,Embalagem de 500 ml,"2,59 €","1,30 €/L"
Bolachas de água e sal,Gullón,Embalagem de 200 g,"0,39 €","3,12 €/Kg"
All bran plus,Kellogg's,Embalagem de 500g,"1,49 €","2,98 €/Kg"
Refrigerante c/ gás,Coca-Cola,pack 6 x 0.33 l,"0,40 €/L","0,40 €/L"
Couve Flor,Programa Origens,1 un = 1 kg (aprox.),"1,99 €","1,99 €/Kg"
Dettol sabonete líquido frutos do bosque x 12,Dettol,Garrafa de 250 ml,"4,99 €","9,98 €/L"
Tomate inteiro pelado,PorSi,Embalagem de 390 g,"1,79 €","2,29 €/Kg"
Pão de forma s/ côdea,Bimbo,Embalagem de 650 g,"2,63 €/Kg","2,63 €/Kg"
Leite uht magro,Agros,Embalagem de 1 litro,"0,81 €","0,81 €/L"
Néctar light manga/laranja,Compal,Garrafa de 200 ml,"0,99 €","0,99 €/L"
Chouriço com feijão,Nobre,Embalagem de 420g,"2,35 €","5,60 €/Kg"
"Chá preto, sem cafeína, 10 saquetas",Tetley,Embalagem de 20g,"1,99 €","49,75 €/Kg"
"Vela em número,  nº 0",PorSi,1 unidade,"0,60 €","0,60 €/Unidade"
Batata frita palha,Pala-pala,Embalagem de 500g,"0,87 €","5,44 €/Kg"
Manhãzitos original,Manhazitos,Embalagem 6x2 unidades,"2,05 €","5,13 €/Kg"
Camarão 20/30,Congelado de Aquicultura,1 un = 250 gr  (aprox.),"2,00 €","7,99 €/Kg"
Limpa madeiras com sabão,PorSi,1.5 litros,"4,39 €","14,63 €/L"
Bebida solúvel cereais+fibra frasco 200g,Delta,Embalagem de 200g,"14,50 €/Kg","14,50 €/Kg"
"Frigideira anti-aderente, 28cm",PorSi,1 unidade,"11,99 €","11,99 €/Unidade"
"Bolachas maria, dorada",Gullón,Embalagem de 600 g,"2,11 €/Kg","2,11 €/Kg"
Carte d'or cake romantica,Olá,Embalagem de 750 ml,"2,99 €","5,54 €/Kg"
Vinho tinto regional terras dao bib 5l,Silgueiros,Embalagem de 5L,"3,99 €","5,32 €/L"
Maionese Top Down,Calvé,Embalagem de 753 g,"0,70 €","2,33 €/Kg"
Detergente Líquido p/ Loiça Original,Fairy,"Embalagem de 1,19 l","0,99 €","1,98 €/L"
Toucinho do céu,PorSi,Embalagem de 2x100 g,"0,55 €","2,75 €/Kg"
Champô Limão & Argila,Ultra Suave,Embalagem de 400 ml,"5,59 €","13,98 €/L"
"Lixívia para roupa, tradicional verde denso",PorSi,Embalagem de 2L,"1,74 €","0,35 €/L"
Snack para gato frango,Felix,Embalagem de 50g,"0,99 €","16,50 €/Kg"
Pizza 4 estações,PorSi,Embalagem de 350g,"2,16 €","6,17 €/Kg"
"Chocolate kit kat, single",Kit kat,Embalagem de 40g,"11,79 €/Kg","11,79 €/Kg"
NASA Estação Espacial,Clementoni,1 unidade,"32,99 €/Unidade","32,99 €/Unidade"
Corn flakes saco,PorSi,Embalagem de 500g,"1,49 €","2,98 €/Kg"
Ice tea de limão,PorSi,Embalagem de 2 l,"1,90 €","1,27 €/L"
Água com gás,PorSi,"Garrafa de 1,5 l","2,85 €","2,85 €/L"
"Bloco sanitário azul, recarga",WC Pato,Embalagem de 2x40 g,"2,99 €","74,75 €/Kg"
Ração seca mix para cão adulto,PorSi,Embalagem de 20 kg,"1,15 €/Kg","1,15 €/Kg"
Cereais petalas chocolate,PorSi,Embalagem de 625g,"5,07 €/Kg","5,07 €/Kg"
Bolacha tostada,PorSi,Embalagem de 800g,"2,11 €/Kg","2,11 €/Kg"
Pá económica,PorSi,1 unidade,"2,99 €","2,99 €/Unidade"
Leite e cereais bolacha maria +6 meses,Cerelac,Garrafa de 400 ml,"3,39 €","13,56 €/Kg"
Azeite virgem extra seleção,PorSi,Garrafa de 750 ml,"3,19 €","4,25 €/L"
Iogurte corpos danone + proteína ananás,Danone,Embalagem de 150g,"1,39 €","9,59 €/Kg"
Taças sobremesas em cana-de-açúcar 250 ml,PorSi,6 unidades,"1,15 €","1,15 €/Unidade"
Esferográfica cristal bl 5 az,Bic,1 unidade,"2,49 €","2,49 €/Unidade"
Manteiga la motte sal do mar,President,Embalagem de 250 g,"1,69 €","6,76 €/Kg"
Iogurtes Corpos Danone Pedaços de Coco,Danone,Embalagem de 4 x 115 g,"1,44 €","2,88 €/Kg"
Bolacha infantil dinossaurus mini dino chocolate,Artiach,Embalagem de 120g,"1,89 €","15,75 €/Kg"
"Sumo 100%, tutti-frutti",PorSi,Embalagem de 3 x 200 ml,"1,09 €","0,73 €/L"
Sumo essencial manga,Compal,pack 3 x 0.11 l,"2,29 €","6,94 €/L"
Batata frita caseira rodela,Pala-pala,Embalagem de 300g,"0,87 €","5,44 €/Kg"
Infusão lúcia lima,PorSi,Embalagem de 35 g,"0,99 €","76,15 €/Kg"
Queijo flamengo fatiado light,Paiva,Embalagem de 180g,"1,56 €","7,80 €/Kg"
Bolachas mini,Oreo,Embalagem de 160g,"1,49 €","9,68 €/Kg"
Leite uht gordo,Mimosa,Embalagem de 1 litro,"0,94 €","0,94 €/L"
Lava Tudo Flores Montanha,Sonasol,1.3 l,"1,89 €","1,26 €/L"
Química fantástica,Clementoni,1 un.,"24,90 €","24,90 €/Unidade"
Ganchos Perfumados Lavanda,Raid,2 unidades,"4,69 €","4,69 €/Unidade"
"Bebida láctea crescimento 1-3 anos, cereais",Nestle,Embalagem de 1 litro,"0,26 €","1,30 €/L"
Vermute rosso,Martini,Embalagem de 10x6 cl,"22,49 €","32,13 €/L"
Vinho verde branco loureiro,Q.REGAINHO,Garrafa de 0.75 l,"1,59 €","2,12 €/L"
"Creme para mãos, proteção intensiva",Atrix,Embalagem de 60 ml,"2,49 €","41,50 €/L"
"Queijo, 16 porções",A Vaca Que Ri,Embalagem de 280g,"3,68 €","13,14 €/Kg"
Alho moído,PorSi,Saqueta de 50 g,"0,25 €","0,25 €/Kg"
Iogurte grego yaos natural,Nestle,Embalagem de 450g,"0,65 €","1,30 €/Kg"
Leite c/ Chocolate,Agros,Embalagem de 4 x 200 ml,"0,26 €","1,30 €/L"
Pastilhas café platium,Delta,Embalagem de 110g,"54,36 €/Kg","54,36 €/Kg"
Sumo 100% tomate,PorSi,Embalagem de 1.5 l,"1,09 €","0,73 €/L"
Néctar light de manga/laranja prism,PorSi,Embalagem de 1 l,"0,84 €","2,55 €/L"
Lambrusco rose,*,Garrafa de 750 ml,"6,89 €","9,19 €/L"
Porto white,Ferreira,Garrafa de 750 ml,"6,65 €/L","6,65 €/L"
Bolachas marinheiras s/ sal,Cemporcent,Embalagem de 200g,"1,20 €","3,90 €/Kg"
"Creme anti-rugas revitalizante fps30, dia",L'oreal,Embalagem de 50 ml,"14,99 €","299,80 €/L"
Salsichas de aves,Nobre,Lata de 200 g,"0,75 €","3,75 €/Kg"
Cuecas Incontinência Homem Active Fit M,Tena,9 unidades,"18,65 €","18,65 €/Unidade"
"Cerveja sem álcool, preta",Super Bock,pack 6 x 0.33 l,"5,99 €","3,03 €/L"
Queijo em fatias,Terra Nostra,Embalagem de 400g,"1,56 €","7,80 €/Kg"
Penso Higiénico Ultra Maxi Confort,Labell,Embalagem com 16 un.,"2,59 €","2,59 €/Unidade"
Escova de dentes Hello Smile suave 9+,Jordan,1 unidade,"3,29 €","43,87 €/L"
Callippo super mix,Olá,Embalagem de 5 x 105 ml,"1,99 €","4,15 €/L"
Azeite virgem extra seleção,PorSi,Garrafa de 250 ml,"3,19 €","4,25 €/L"
Doce de framboesa,ST.DALFOUR,Frasco de 284g,"2,99 €","8,67 €/Kg"
"Refrigerante com gás cola zero sem cafeína, mini lat...",Coca-Cola,pack 12 x 0.15 l,"0,40 €/L","0,40 €/L"
Porto tawny valadão,Valadao,Garrafa de 750 ml,"6,29 €","8,39 €/L"
Aperitivos  fritos,Fritos,Embalagem 130G,"0,79 €","7,90 €/Kg"
"Limpa móveis pistola, multissuperfícies",Pronto,Embalagem de 500 ml,"1,19 €","0,79 €/L"
Snack gato salmao,PorSi,Embalagem de 60g,"0,99 €","16,50 €/Kg"
"Snack  de chocolate, pack de 3 unidades",Mars,Embalagem de 3x45 g,"11,79 €/Kg","11,79 €/Kg"
Leite Meio Gordo sem Lactose,Mimosa,Pack 4 x 200 ml,"0,81 €","0,81 €/L"
Licor beirão,Beirão,Garrafa de 700 ml,"22,49 €","32,13 €/L"
Cerveja com álcool,Super Bock,Garrafa de 1 l,"1,99 €/L","1,99 €/L"
Gogo SqueeZ Snack Banana,Gogo,Embalagem de 4 x 90g,"2,29 €","6,94 €/L"
6 Salsichas Frescas Chipolatas com Ervas,PorSi,330 g,"0,60 €","5,99 €/Kg"
Iogurte Activia Fibras Aveia & Frutos Secos,Danone,Embalagem 4x115g,"2,49 €","5,19 €/Kg"
Natas uht com cogumelos,Parmalat,Embalagem de 200 ml,"1,12 €","5,60 €/L"
Lamina Descartáveis Platina,Labell,Pack 10 unidades,"1,16 €","4,64 €/L"
Azeite Subtil,Gallo,Garrafa de 2 l,"3,19 €","4,25 €/L"
Café moagem universal portugal,Delta,Embalagem de 250g,"9,76 €/Kg","9,76 €/Kg"
Licor de amêndoa amarga,Produto selecionado,"Garrafa de 0,70 l","5,99 €","8,56 €/L"
Iogurte mix-in smarties baunilha,Nestle,Embalagem de 2 x 128 g,"7,77 €/Kg","7,77 €/Kg"
Mirtilos 100% Naturais,PorSi,Embalagem de 250 g,"3,29 €","4,39 €/Kg"
Shampo automóvel laranja,PorSi,Embalagem de 5 l,"3,49 €","13,96 €/L"
Chá de gengibre,PLANTANATU,Embalagem de 20g,"1,25 €","62,50 €/Kg"
vinho do Porto Ruby,Velhotes,"garrafa de 0,75 l","6,65 €/L","6,65 €/L"
Iogurte sólido sem lactose morango,Mimosa,Embalagem de 480g,"2,59 €","5,40 €/Kg"
Frutapura maçã e banana,Bledina,Embalagem de 85g,"2,29 €","6,94 €/L"
Bolacha torrada com canela,PorSi,Embalagem de 2 x 250 g,"2,11 €/Kg","2,11 €/Kg"
Danacol frutos exóticos,Danone,Embalagem de 6 x 100 g,"3,99 €","6,65 €/Kg"
Balões latex vermelho,PorSi,Embalagem com 24 unidades,"1,54 €","1,54 €/Unidade"
Desinfetante de máquinas,Sanytol,Embalagem de 250 ml,"1,79 €","2,39 €/L"
Baby Fruta,Baby Clementoni,1 unidade,"24,90 €","24,90 €/Unidade"
Lixívia Denso-Activa Harmonias Florais p/ Casa e Rou...,Neoblanc,Embalagem de 2 l,"1,74 €","0,35 €/L"
Nata uht light,Mimosa,Embalagem de 200 ml,"1,12 €","5,60 €/L"
Queijo de cabra curado,PorSi,Embalagem de 2x100 g,"1,89 €","10,50 €/Kg"
Sox Carlton,Nerf,1 unidade,"22,99 €","22,99 €/Unidade"
40 filtros café número 4,Planteur,Embalagem com 40 filtros,"0,80 €","0,80 €/Unidade"
Néctar clássico tutti-frutti,Compal,330 ml,"0,99 €","0,99 €/L"
Bolacha Maria sem lactose,PorSi Viva Bem,Embalagem de 200 g,"2,49 €","9,96 €/Kg"
"Refrigerante sem gás, maracujá e la",Joi,"Garrafa de 1,5 l","1,90 €","1,27 €/L"
Bandas de Cera Depilatória Facial,Veet,Embalagem de 20 unidades,"6,99 €","6,99 €/Unidade"
Pringles original,Pringles,Embalagem de 175g,"1,06 €","5,73 €/Kg"
Frango do Campo Inteiro c/ Miúdos Programa Origens,PorSi Select,Vendido ao peso,"3,98 €","2,49 €/Kg"
Bolachas shortcake cacau,PorSi,Embalagem de 185 g,"1,69 €","6,76 €/Kg"
Iogurte natural magro sem lactose,Mimosa,Embalagem de 4x 120 g,"0,99 €","1,32 €/Kg"
Água s/ gás,S.estrela,"Pack 6 x 0,50 l","1,04 €","0,17 €/L"
Calamares a romana 1k,Marnatura,Embalagem de 1K,"8,99 €","11,24 €/Kg"
Carro de Limpeza,Vicam,1 unidade,"32,99 €/Unidade","32,99 €/Unidade"
Nutella,Nutella,Embalagem de 700g,"8,13 €/Kg","8,13 €/Kg"
Reparador de móveis normal,PorSi,Embalagem de 200 ml,"4,39 €","14,63 €/L"
Tomate triturado,Compal,Embalagem de 500g,"3,84 €","24,00 €/Kg"
Pectina,Condi,Embalagem de 25g,"2,04 €","81,60 €/Kg"
Salsichão fuet caseiro,Elpozo,Embalagem de 150g,"1,89 €","23,63 €/Kg"
Bolachas maria,PorSi,Embalagem de 800g,"2,11 €/Kg","2,11 €/Kg"
Rolo de cozinha mega,PorSi,1 rolo,"4,99 €","4,99 €/Unidade"
Toalhita Azul,Dodot,Embalagem c/ Tampa | 64 un.,"1,09 €/Unidade","1,09 €/Unidade"
"Cobertura tipo chantilly, 2x38g",PorSi,Embalagem de 80g,"1,29 €","3,23 €/Kg"
Máquina de café expresso,Écoiffier,1 unidade,"32,99 €/Unidade","32,99 €/Unidade"
Vinho DOC Bairrada Branco,Marquês de Marialva,Garrafa de 0.75 l,"2,92 €/L","2,92 €/L"
Vulcão,Science4You,1 unidade,"24,90 €","24,90 €/Unidade"
Massa fettuccine,PorSi,Embalagem de 500g,"0,89 €","1,78 €/Kg"
Prato com naperon 35cm,PorSi,1 unidade,"1,15 €","1,15 €/Unidade"
Caramelo líquido,PorSi,Embalagem de 400g,"1,29 €","3,23 €/Kg"
Spray limpa inox,Cif,Garrafa de 440 ml,"1,79 €","2,39 €/L"
Refrigerante de lima-limão,Seven-up,"Garrafa de 1,25 l","0,40 €/L","0,40 €/L"
Bebida de Soja Baunilha,PorSi Viva Bem,1 l,"2,49 €","2,49 €/L"
"Vinho Alentejo, Private Collection, Tinto",Selecção de Enófilos,Garrafa de 0.75 l,"2,99 €","3,99 €/L"
Bolacha golden,Oreo,Embalagem de 154 g,"1,49 €","9,68 €/Kg"
Bolacha vitalday frutos vermelhos,Gullon,Embalagem de 240g,"3,09 €","10,30 €/Kg"
Sumo concentrado de laranja/maracujá,GUD,Garrafa de 740 ml,"4,89 €","6,61 €/L"
Shampô azul concentrado,PorSi,Embalagem de 1 l,"3,49 €","13,96 €/L"
Aditivo em pó oxi elimina odores,Vanish,Embalagem de 420 g,"9,99 €","36,33 €/Kg"
Cerveja c/ álcool,Heineken,"Embalagem de 6x0,25 l","1,99 €/L","1,99 €/L"
Lixívia com detergente,Domestos,Embalagem de 2 l,"2,59 €","1,30 €/L"
Azeite virgem extra seleção ouro,Oliveira da Serra,Garrafa de 750 ml,"3,19 €","4,25 €/L"
Ketchup picante,Heinz,460 g,"0,70 €","2,33 €/Kg"
Queijo limiano amanteigado vaca e ovelha sem casca o...,Limiano,Embalagem de 450g,"25,45 €/Kg","25,45 €/Kg"
Dawnut de chocolate,Pastelaria do Dia,1 unidade = 60 g,"0,30 €/Unidade","0,30 €/Unidade"
Cereais golden e crispy,PorSi,Embalagem de 375 g,"5,07 €/Kg","5,07 €/Kg"
Iogurte natural magro sem lactose,Mimosa,Embalagem de 4x 120 g,"0,65 €","1,30 €/Kg"
Vinho do porto tawny,Cruz,"Garrafa de 0,75 l","6,29 €","8,39 €/L"
Queijo de cabra curado rolo,PorSi,Embalagem de 180 g,"1,89 €","10,50 €/Kg"
Choco limpo 20/40,PorSi,Embalagem de 800 g,"8,99 €","11,24 €/Kg"
Esparguete Clássica,Nacional,Embalagem de 500 g,"0,89 €","1,78 €/Kg"
Lombo curado fatiado,PorSi,100 g,"2,49 €","16,60 €/Kg"
Casa mateus temporada - morango   6x350g,Casa de Mateus,Embalagem de 350g,"3,59 €","10,26 €/Kg"
Aditivo em pó oxi elimina odores,Vanish,Embalagem de 840 g,"9,99 €","36,33 €/Kg"
"Vinho Bairrada, Tinto",Selecção de Enófilos,Garrafa de 0.75 l,"2,92 €/L","2,92 €/L"
Cordon bleu,PorSi,Embalagem de 1 kg,"3,53 €","8,83 €/Kg"
Toalhetes Íntimos Suaves,Corine de Farme,Embalagem com 10 un.,"2,89 €","2,89 €/Unidade"
Néctar de laranja do algarve,Compal,Garrafa de 200 ml,"0,99 €","0,99 €/L"
Cereais fitness,Nestle,Embalagem de 380g,"3,99 €","13,30 €/Kg"
Wc lixivia gel pink,Domestos,Garrafa de 750 ml,"2,59 €","1,30 €/L"
Escova de Dentes Júnior,Aquafresh,1 unidade,"3,29 €","43,87 €/L"
Batata frita caseira,PorSi,Embalagem de 500g,"0,87 €","5,44 €/Kg"
Cerveja c/ álcool,Super Bock,pack 24 x 0.33 l,"1,99 €/L","1,99 €/L"
Absorvente de odores marine,Brise,Embalagem de 300 ml,"16,63 €/L","16,63 €/L"
Cereais bio chocapic,Nestle,Embalagem de 330g,"1,89 €","10,50 €/Kg"
Tempero para Frangos Ervas Aromáticas,PorSi,34 g,"3,84 €","24,00 €/Kg"
Posta de Bacalhau Longa Higienizada | Congelada,Pescanorte,± 600 a 800 g,"8,73 €/Kg","8,73 €/Kg"
Café gold colômbia frasco,Nescafe,Embalagem de 100 g,"14,50 €/Kg","14,50 €/Kg"
Vinho regional lisboa reserva tinto,Marginal,Garrafa de 0.75 l,"3,99 €","5,32 €/L"
Pão da Avó Alongado,Pão do Dia,1 unidade =400 g,"0,19 €","2,71 €/Kg"
Esparguete integral,Cemporcent,Embalagem de 500g,"1,34 €","2,68 €/Kg"
Massa esparguete,Milaneza,Embalagem de 500g,"0,89 €","1,78 €/Kg"
Salada Ibérica Edição do Chef,Vitacress,Embalagem de 120g,"2,09 €","17,42 €/Kg"
Dentifríco splash morango,Aquafresh,Embalagem de 75 ml,"3,29 €","43,87 €/L"
Detergente liquido loiça limão,PorSi,Garrafa de 1 litro,"0,99 €","1,98 €/L"
"Argolas, brancas, autocolante, 160 unidades, 13 mm",Domédia,1 embalagem,"1,06 €","1,06 €/Unidade"
Ambientador vela gota frutos vermelhos,Air Wick,Embalagem de 1 unidades,"9,49 €","45,19 €/Kg"
Creme Depilatório Men Peles Sensíveis,Veet,400 ml,"10,99 €","73,27 €/L"
Cereais crunch 375g,Nestle,Embalagem de 380g,"5,07 €/Kg","5,07 €/Kg"
"Hamburguers de vaca, 4x80g",PorSi,Embalagem de 320 g,"2,79 €","8,72 €/Kg"
"Linguíca, 4 unidades",PorSi,Embalagem de 180 g,"1,00 €","5,00 €/Kg"
Ananás em rodelas lata,PorSi,Embalagem de 820g,"1,99 €","2,37 €/Kg"
Princesas do mar,PorSi,Embalagem de 255 g,"2,19 €","8,59 €/Kg"
Ovos Frescos Classe M,PorSi,12 unidades,"4,10 €","4,10 €/Unidade"
Pensos peles sensíveis sortidos,PorSi,30 unidades,"0,59 €","1,18 €/L"
Rolo de Cozinha Branco Eco Compacto,PorSi,2 = 6 Rolos,"4,99 €","4,99 €/Unidade"
Salmão de viveiro à posta,Peixe Fresco,1 un. = 300 g (aprox.),"4,79 €","15,98 €/Kg"
Pastel de Nata,PorSi,60G,"0,30 €/Unidade","0,30 €/Unidade"
Croissant simples,PorSi,Embalagem de 400g,"2,05 €","5,13 €/Kg"
"Jogo ""O Meu Primeiro Alfabeto""",Clementoni,1 unidade,"24,90 €","24,90 €/Unidade"
"Jogo ""Faz Fita""",Majora,1 unidade,"24,90 €","24,90 €/Unidade"
Croissant recheado de cacau/avelã,PorSi,Embalagem de 315g,"2,05 €","5,13 €/Kg"
Cerveja c/ álcool radler,Sagres,pack 6 x 0.33 l,"1,59 €","3,18 €/L"
Queijo fundido vaca que ri palitos light 140g,A Vaca Que Ri,Embalagem de 140g,"1,99 €","9,95 €/Kg"
Nestum 5 cereais,Nestum,Embalagem de 250g,"2,99 €","3,99 €/Kg"
Pastilhas descafeinado,Delta,Embalagem de 110g,"54,36 €/Kg","54,36 €/Kg"
Posta Tradicional 9 Meses Cura,Riberalves,Embalagem de 550 g,"6,39 €","7,99 €/Kg"
Dentífrico infantil frutas naturais 3 aos 5 anos,Colgate,50 ml,"3,29 €","43,87 €/L"
Árvore de Natal,*,Dim.: 180 cm,"19,99 €","19,99 €/Unidade"
Infusão cavalinha,Cemporcent,Embalagem de 10 unidades,"0,99 €","76,15 €/Kg"
Pratos para pic nic 23 cm verdes,PorSi,Embalagem com 4 unidades,"1,99 €","1,99 €/Unidade"
Peito de frango fatias finas,Nobre,Embalagem de 110g,"1,99 €","13,27 €/Kg"
Gelatina de laranja,PorSi,Embalagem de 170g,"0,55 €","61,11 €/Kg"
Café solúvel gold,PorSi Select,Embalagem 100G,"14,50 €/Kg","14,50 €/Kg"
Spray de lavagem a seco,Day 2,200 ml,"1,09 €","2,73 €/Kg"
Alimento lácteo alperce +6 meses,Yogolino,Embalagem de 4 x 100 g,"2,89 €","7,23 €/Kg"
Toucador grande,Barbie,1 unidade,"32,99 €/Unidade","32,99 €/Unidade"
Gran cruz rosé porto cruz pink,Cruz,Garrafa de 750 ml,"22,49 €","32,13 €/L"
Gel de Banho Shea Butter & Vanilla,Dove,Embalagem de 750 ml,"6,39 €/L","6,39 €/L"
Jogo Scrabble Aprende Inglês,Hasbro,1 unidade,"24,90 €","24,90 €/Unidade"
Açúcar demerara,Rar,Embalagem de 500 g,"1,49 €","1,49 €/Kg"
Elite Shockwave,Nerf,1 unidade,"22,99 €","22,99 €/Unidade"
Espumante tinto bruto,Alianca,Garrafa de 750 ml,"8,49 €","11,32 €/L"
Miolo de Avelâ,Ferbar,Embalagem de  180 g,"1,59 €","7,95 €/Kg"
Bolachas de manteiga,PorSi,Embalagem de 200 g,"1,69 €","6,76 €/Kg"
Cha infusão verde,Cemporcent,Embalagem com 10 saquetas,"1,19 €","119,00 €/Kg"
Snack cão dentafresh pequeno,Pedigree,Embalagem de 110 g,"0,94 €","5,22 €/Kg"
"Vinho bairrada, reserva, tinto",Selecção de Enófilos,Garrafa de 0.75 l,"2,92 €/L","2,92 €/L"
Bolacha maria,PorSi,Doses Individuais 12 x 25 g,"2,11 €/Kg","2,11 €/Kg"
Pastilhas de Limpeza Aparelho Dentário,Polident,Embalagem com 30 unidades,"7,39 €","105,57 €/Kg"
Queijo emmental ralado,PorSi,Embalagem de 200 g,"7,45 €/Kg","7,45 €/Kg"
Perolas perfumadas floral,PorSi,Embalagem de 275 g,"13,99 €","3,29 €/L"
Mega balde dos animais,Baby Clementoni,1 un.,"32,99 €/Unidade","32,99 €/Unidade"
Feijão catarino,Legumes secos,1 un = 100 gr. (aprox.),"0,26 €","2,59 €/Kg"
Leite condensado magro,Nestle,Embalagem de 390g,"4,00 €/Kg","4,00 €/Kg"
Chupa clássico,Chupachups,Embalagem de 10g,"3,99 €","9,98 €/Kg"
Balões latex rosa,PorSi,Embalagem com 24 unidades,"1,54 €","1,54 €/Unidade"
Infusão de camomila,Tetley,Embalagem de 10g,"0,99 €","76,15 €/Kg"
Vinagre de vinho branco envelhecido,PorSi,Garrafa 250ML,"0,35 €","0,70 €/L"
Preparado de marisco,*,Embalagem de 1 Kg (aprox.),"2,00 €","7,99 €/Kg"
Infusão de frutos vermelhos,Tetley,Embalagem de 20g,"44,50 €/Kg","44,50 €/Kg"
Arroz agulha,Cigala,Embalagem de 1 kg,"0,99 €","0,99 €/Kg"
Delta chicória + cafe soluvel lata,Delta,Embalagem de 250g,"14,50 €/Kg","14,50 €/Kg"
Sumo 100% ananás e uva,PorSi,1.5 l,"1,09 €","0,73 €/L"
Sopa de agrião,PorSi,800 g,"1,99 €","2,49 €/Kg"
Crazy Chic Atelier de Joias,Clementoni,1 unidade,"32,99 €/Unidade","32,99 €/Unidade"
Dentífrico herbal naturals,Aquafresh,75 ml,"2,39 €","31,87 €/L"
Café em cápsulas dolce gusto ardenza,Nescafe,Embalagem de 110g,"54,36 €/Kg","54,36 €/Kg"
Whisky,F.grouse,Garrafa de 1 litro,"19,99 €","19,99 €/L"
Manga Refrigerante p/ Garrafas,AR,1 unidade,"4,29 €","4,29 €/Unidade"
Papel higiénico 2 folhas,PorSi,32 rolos,"1,99 €","1,99 €/Unidade"
Água mineral sem gás,Fastio,"Garrafa de 2,5 l","1,04 €","0,17 €/L"
Vermute Vibrante sem Álcool,Martini,Garrafa de 750 ml,"8,99 €","14,98 €/L"
Adoçante em pó stevia,PorSi Viva Bem,Embalagem de 17g,"6,21 €","6,21 €/Unidade"
"Jogo ""Inglês, Primeiras Palavras""",Clementoni,1 unidade,"24,90 €","24,90 €/Unidade"
Pão com Cereais 125 g,Pão do Dia,,"0,19 €","2,71 €/Kg"
Alimento lácteo pera +6 meses,Yogolino,Embalagem de 4 x 100 g,"2,89 €","7,23 €/Kg"
Queijo Flamengo Fatias,PorSi,Embalagem 500G,"1,56 €","7,80 €/Kg"
Concentrado maracujá mix,Sunquick,Garrafa de 580 ml,"4,89 €","6,61 €/L"
8 pães de leite,PorSi,Embalagem de 280 g,"7,40 €/Kg","7,40 €/Kg"
Bebida arroz bio,PorSi Bio,Embalagem de 1 litro,"1,59 €","1,59 €/L"
Cria o Cenário,Jurassic World,1 un.,"24,90 €","24,90 €/Unidade"
Vinho DOC Dão,Grão Vasco,"Garrafa de 1,5L","3,99 €","5,32 €/L"
Laboratório Mecânica Mars Rover,Clementoni,1 unidade,"24,90 €","24,90 €/Unidade"
Vinho doc alentejo tinto,T.bolotas,Garrafa de 0.75 l,"16,99 €","22,65 €/L"
Raptor Slash,Nerf,1 unidade,"22,99 €","22,99 €/Unidade"
Pão de forma integral,Bimbo,Embalagem de 480 g,"2,63 €/Kg","2,63 €/Kg"
Bolachas marinheiras linhaça,Cemporcent,Embalagem de 200 g,"1,20 €","3,90 €/Kg"
Batata frita camponesa,PorSi,Embalagem de 175 g,"1,19 €","6,43 €/Kg"
Molho de whisky cocktail,Calve,Garrafa de 250 ml,"0,70 €","2,33 €/Kg"
Gira a garrafa,Concentra,Uma unidade,"24,90 €","24,90 €/Unidade"
Anti-traça Maçã Verde,Dum Dum,2 unidades,"4,69 €","4,69 €/Unidade"
Bolachas de água e sal,PorSi,Embalagem de 125g,"0,39 €","3,12 €/Kg"
Néctar bio multifrutos,Paquito,"Embalagem 1,5 l","1,59 €","1,59 €/L"
Bolachas de chocolate leite,Milka,Embalagem de 150g,"0,79 €","5,27 €/Kg"
Spray renova camurça castanha,PorSi,Embalagem de 200 ml,"5,09 €","50,90 €/L"
20 saquetas chá noite tranquila,Lipton,Embalagem de 30g,"1,19 €","119,00 €/Kg"
Fatia de salame de chocolate,PorSi,Embalagem 60G,"2,05 €","5,13 €/Kg"
Gressinos com azeitonas pretas,PorSi,Embalagem de 250g,"2,39 €","6,83 €/Kg"
Slime Kit,Science4You,1 unidade,"18,29 €","18,29 €/Unidade"
Ervilhas,PorSi,Embalagem de 1 kg,"1,89 €","1,89 €/Kg"
Pensos peles sensíveis XL,PorSi,5 unidades,"0,59 €","1,18 €/L"
Copos de papel para café 100 ml,PorSi,25 unidades,"1,15 €","1,15 €/Unidade"
Escudo e Luva Capitão América,Avengers,1 un.,"32,99 €/Unidade","32,99 €/Unidade"
Croutons azeite e alho,PorSi,Embalagem de 150g,"2,39 €","6,83 €/Kg"
Fiambre da Perna Extra,Nobre,1 un = 150 gr (aprox.),"0,97 €","6,49 €/Kg"
Bebida Energética Red Grape,Hell,250 ml,"1,60 €","3,20 €/L"
Esfregona de Microfibras Completa,PorSi,1 unidade,"8,99 €","8,99 €/Unidade"
"Maionese, frasco",Hellmman's,Embalagem de 420g,"0,70 €","2,33 €/Kg"
Creme de cenoura,PorSi,800 g,"1,99 €","2,49 €/Kg"
Skinny latte sem açúcar e sem lactose,STARBUCKS,embalagem de 220 ml,"3,19 €","25,52 €/Kg"
Dawnut Açucarado,Pastelaria do Dia,48g,"0,30 €/Unidade","0,30 €/Unidade"
Creme de amendoim cremoso 340g,Skippy,Embalagem de 340g,"8,13 €/Kg","8,13 €/Kg"
Maruca,Nossa seleção,Congelada,"1,00 €","4,99 €/Kg"
Champô 3 em 1 karpex,Vanish,950 ml,"1,79 €","2,39 €/L"
"Gel banho, nutritivo",Lactovit,Embalagem de 650 ml,"6,39 €/L","6,39 €/L"
Iogurte magro morango sem lactose,Mimosa,Embalagem de 4x 120 g,"2,49 €","9,96 €/Kg"
"Delta decaf. mu cx 3,520 kg - café torrado moído des...",Delta,Embalagem de 220g,"1,59 €","6,36 €/Kg"
Insecticida recarga,Biokill,Embalagem de 375 ml,"5,69 €","15,17 €/L"
Arroz Risotto,PorSi,Embalagem de 1 kg,"0,99 €","0,99 €/Kg"
Bolachas maria,PorSi,Embalagem de 200g,"2,11 €/Kg","2,11 €/Kg"
Água s/ Gás,Serra de Fafe,Garrafa 6L,"1,04 €","0,17 €/L"
Desinfetante multissuperfícies,Xanpa,1 litro,"1,19 €","0,79 €/L"
Café solúvel descafeinado,PorSi,Embalagem de 100G,"14,50 €/Kg","14,50 €/Kg"
Pudim morango,Boca Doce,Embalagem de 20g,"0,59 €","29,50 €/Kg"
Leite 0% lactose magro,Mimosa,Garrafa de 1 l,"1,29 €","1,29 €/L"
Caju bio,*,Vendido ao peso a partir de 200 g,"1,35 €","13,49 €/Kg"
Refresco em pó de morango,Tang,Embalagem de 30g,"0,75 €","18,75 €/Kg"
Feijão catarino,PorSi,Embalagem 500G,"0,95 €","1,90 €/Kg"
25 Sacos do Lixo Escritório 19 L,Silvex,1 un.,"2,19 €","2,19 €/Unidade"
Folhado Misto 90 g,Pastelaria do Dia,,"0,65 €","0,65 €/Unidade"
Feijoada,PorSi,Embalagem de 420 g,"2,35 €","5,60 €/Kg"
Iogurte líquido yoggi cremoso pêssego/manga,Nestle,Embalagem de 4 x 160 g,"1,17 €","1,83 €/Kg"
Carro de Corrida de Rua,Lego,1 unidade,"22,99 €","22,99 €/Unidade"
Caldo de galinha,PorSi,24 cubos,"3,84 €","24,00 €/Kg"
Bolachas multicereais,PorSi,Embalagem de 400 g,"0,90 €","6,00 €/Kg"
Queijo ralado dispensador,PorSi,Embalagem de 80g,"7,45 €/Kg","7,45 €/Kg"
Paté Fígado Porco c/ Vinho do Porto,PorSi,75 g,"0,95 €","4,75 €/Kg"
Iogurte natural,PorSi,Embalagem 12 x 125 g,"0,65 €","1,30 €/Kg"
Bolachas cereais passas e laranja,PorSi,Embalagem de 300 g,"0,90 €","6,00 €/Kg"
Saqueta puré de fruta e aveia,PorSi,Embalagem de 90g,"0,74 €","8,22 €/Kg"
"Tampão com aplicador compak, normal, 16 unidades",O.B.,1 embalagem,"3,99 €","3,99 €/Unidade"
Creme Corpo Goodness,Dove,Embalagem de 300 ml,"12,48 €/L","12,48 €/L"
Snack gato frango/queijo,PorSi,Embalagem de 60g,"0,99 €","16,50 €/Kg"
Papa infantil láctea banana laranja +6 meses,Cerelac,Embalagem de 250g,"3,39 €","13,56 €/Kg"
Cereais chocapic,Nestle,Embalagem de 375 g,"5,07 €/Kg","5,07 €/Kg"
Champô cacau&côco,Ultra Suave,Embalagem de 400 ml,"5,59 €","13,98 €/L"
Vinagre de fruta,PorSi,Embalagem de 500 ml,"0,35 €","0,70 €/L"
Infusão nº 10 colestrol,Cemporcent,Embalagem de 10 unidades,"0,99 €","76,15 €/Kg"
Sardinhas,PorSi,embalagem com 1 kg,"4,39 €","10,98 €/Kg"
Serum Lift + Serum Preenchedor,Diadermine,Embalagem de 30ml,"14,99 €","299,80 €/L"
Chá sene,PLANTANATU,Embalagem Com 10 saquetas,"1,25 €","62,50 €/Kg"
Água mineral natural alcalina,MONCHIQUE,1.5 l,"1,04 €","0,17 €/L"
Tostas de trigo,PorSi,Embalagem 225G,"2,39 €","6,83 €/Kg"
Iogurte natural,Danone,Embalagem de 8x120g com 1 unidade grátis,"0,65 €","1,30 €/Kg"
Camarao vannamei 40/48,Pescanova,Embalagem de 800G,"8,99 €","25,69 €/Kg"
Detergente líquido baby,Skip,22 doses,"9,99 €","6,66 €/L"
Autocaravana de férias,Lego,1 unidade,"32,99 €/Unidade","32,99 €/Unidade"
Cápsulas de café com leite cappuccino,Nescafe,Embalagem com 16 cápsulas,"3,19 €","25,52 €/Kg"
Camião Reciclagem c/ Luz e Som,Dickie Toys,15 cm,"22,99 €","22,99 €/Unidade"
Toranja,Fruta do Dia,1 un = 300 gr  (aprox.),"0,69 €","2,29 €/Kg"
Dentífrico sensibilidade e gengivas,Sensodyne,Embalagem de 75 ml,"2,39 €","31,87 €/L"
Ambientador recarga bouquet,Air Wick,Garrafa de 250 ml,"11,98 €","11,98 €/Unidade"
Areia para gatos mineral perfumada,PorSi,Embalagem de 5 kg,"1,19 €","0,24 €/Kg"
Queijo fatias -50% gordura,Terra Nostra,Embalagem de 400g,"1,56 €","7,80 €/Kg"
Leite uht magro,Mimosa,Embalagem de 200 ml,"0,81 €","0,81 €/L"
Ambientador vela odor tabaco,PorSi,1 unidade,"9,49 €","45,19 €/Kg"
Bebida láctea crescimento 3 anos+,Nestle,Embalagem de 1 litro,"0,26 €","1,30 €/L"
Bebida láctea crescimento 1 a 3 anos,Nestle,Embalagem de 1 litro,"0,26 €","1,30 €/L"
Carro Polícia c/ Luz e Som,Dickie Toys,15 cm,"22,99 €","22,99 €/Unidade"
Leite especial crescimento +3 anos,Mimosa,Garrafa de 1 l,"0,26 €","1,30 €/L"
Frango Inteiro,Frango,1 un=2 Kg (aprox.),"3,98 €","2,49 €/Kg"
Toalhitas Refrescantes Rosto e Mãos,PorSi,Embalagem 3 x 10 un.,"1,10 €","1,10 €/Unidade"
Fortnite Blaster Six Shoote,Nerf,1 unidade,"22,99 €","22,99 €/Unidade"
Puré de batata,Saint Eloi,Embalagem de 500 g,"1,99 €","1,99 €/Kg"
"Vela em número, nº 3",PorSi,1 unidade,"0,60 €","0,60 €/Unidade"
Mel rosmaninho 500g,SERRAMEL,Embalagem de 500G,"2,25 €","9,00 €/Kg"
Iogurte líquido magro frutos vermelhos,PorSi Viva Bem,Embalagem de 4x160 ml,"1,17 €","1,83 €/Kg"
Sopa de rabo de boi,Knorr,Embalagem de 70g,"0,84 €","13,55 €/Kg"
Esparregado de espinafres sem lactose,PorSi Viva Bem,Embalagem de 360 g,"3,99 €","19,95 €/Kg"
Sopa de cebola,Knorr,Embalagem de 50g,"0,84 €","13,55 €/Kg"
Moinho 5 pimentas em grão,PorSi,Frasco com 40 g,"0,25 €","0,25 €/Kg"
Iogurte líquido magro frutos vermelhos,PorSi Viva Bem,Embalagem de 4x160 ml,"1,19 €","1,86 €/L"
"Bloco perfumado para maquina de loiça, limão",Sun,Embalagem de 1 unidades,"1,49 €","5,96 €/L"
"Vinho tinto doc dão, reserva",Cabriz,Garrafa de 0.75 l,"3,99 €","5,32 €/L"
Xarope de limão sem corantes,Paquito,Garrafa de 750 ml,"4,89 €","6,61 €/L"
10 pães de leite,PorSi,Embalagem de 350g,"7,40 €/Kg","7,40 €/Kg"
Canetas de Feltro Lavavel Kids - 14 +4,Bic,Uma embalagem,"4,69 €","4,69 €/Unidade"
Caixa registadora com calculadora e acessórios,Fantástiko,C/ Luz e Som,"22,99 €","22,99 €/Unidade"
Gengibre,Legumes do Dia,1 un = 100 gr (aprox.),"0,47 €","4,69 €/Kg"
Abrasivo wc gel ecologico,PorSi,Garrafa de 1 l,"1,39 €/L","1,39 €/L"
Bacalhau desfiado,PorSi,Embalagem de 500g,"6,39 €","7,99 €/Kg"
Fósforos compridos para lareira,Quinas,1 unidade,"1,15 €","1,15 €/Unidade"
Lambrusco tinto,*,Garrafa de 750 ml,"6,89 €","9,19 €/L"
Toalha em rolo papel verde,PorSi,1 Unidade,"3,45 €","3,45 €/Unidade"
Detergente Máquina Roupa Liquido Bebé,PorSi,50 doses,"9,99 €","6,66 €/L"
Snack para gato crispies salmão e truta,Felix,Embalagem de 50g,"0,99 €","16,50 €/Kg"
Achocolatado em pó,Nesquik,Embalagem de 800g,"5,59 €","6,99 €/Kg"
"Preservativo normal, 6 unidades",Harmony,1 embalagem,"9,99 €","9,99 €/Unidade"
"Escova dentes, rotativa global, dura, 2 unidades",Labell,1 embalagem,"3,99 €","3,99 €/Unidade"
Açucar granulado,PorSi,Embalagem de 1 kg,"1,49 €","1,49 €/Kg"
Lixivia perfume fresco,Neoblanc,Embalagem de 2 l,"1,74 €","0,35 €/L"
Óleo Performa 15W40,Galp,Embalagem de 1 l,"14,99 €","14,99 €/L"
Batman Helicóptero Rádio Controlo,Mondo,1 unidade,"22,99 €","22,99 €/Unidade"
Creme Depilatório Peles Normais,Veet,Embalagem de 200 ml,"10,99 €","73,27 €/L"
Esponja limpa camurça,PorSi,1 unidade,"5,29 €","35,27 €/L"
Mostarda a'lancienne,PorSi Select,190 g,"0,70 €","2,33 €/Kg"
Camarão cozido 30/40,Nossa seleção,Congelado,"2,00 €","7,99 €/Kg"
Salsichas de porco em lata,PorSi,Embalagem de 200g,"0,75 €","3,75 €/Kg"
Biscoitos Requife,Fábrica Duriense,Embalagem 500G,"0,69 €","3,45 €/Kg"
Frutapura maçã e pera,Bledina,Embalagem de 85g,"2,29 €","6,94 €/L"
Nata uht,Agros,Garrafa de 200 ml,"1,12 €","5,60 €/L"
Bacalhau lombos,PorSi,Embalagem de 1.5 kg,"6,39 €","7,99 €/Kg"
Queijo flamengo fatias light,Agros,Embalagem de 200g,"1,99 €","9,95 €/Kg"
Gelado cookie dough,PorSi Select,Embalagem de 500ml,"2,69 €","5,38 €/L"
80 filtros nº4 com saquetas antitártaro,Planteur,Uma embalagem com 80 unidades,"0,80 €","0,80 €/Unidade"
Sopa de agriao,PorSi,Embalagem de 400g,"1,99 €","2,49 €/Kg"
Rum 3 anos havan club (40º),Havana,Garrafa de 700 ml,"17,49 €","24,99 €/L"
Travessa com naperon 45x36cm,PorSi,1 unidade,"0,99 €","0,99 €/Unidade"
Mel de néctar multifloral bio,PorSi Bio,Frasco de 250g,"2,25 €","9,00 €/Kg"
Quad boxer 12 cv,Feber,1 unidade,"32,99 €/Unidade","32,99 €/Unidade"
Mel em frasco com doseador,PorSi,Embalagem de 500g,"2,25 €","9,00 €/Kg"
Bebida de Arroz,PorSi Viva Bem,1 l,"1,59 €","1,59 €/L"
"Escova dentes, slim soft, média",Colgate,1 unidade,"3,99 €","3,99 €/Unidade"
Limpa madeiras ecológico,PorSi,1.5 litros,"4,39 €","14,63 €/L"
Limpa Tablier,PorSi,Embalagem de 1 l,"3,49 €","13,96 €/L"
"Tampão com aplicador, normal, compak, 20 unidades",Labell,1 embalagem,"3,99 €","3,99 €/Unidade"
Cerveja c/ álcool,Super Bock,pack 24 x 0.20 l,"1,99 €/L","1,99 €/L"
Café Moagem Universal do Brasil,PorSi,Embalagem de 220g,"9,16 €/Kg","9,16 €/Kg"
"Queijo curado, amanteigado",Paiva,Embalagem de 550g,"25,45 €/Kg","25,45 €/Kg"
Spray desinfetante cozinha,Lysol,Embalagem de 500 ml,"0,79 €","0,79 €/L"
"Busca Polos, grande",Itools,1 unidade,"5,39 €","5,39 €/Unidade"
Feijão encarnado,PorSi,Embalagem de 420 g,"1,79 €","2,29 €/Kg"
Operação dinossauro,Jurassic World,1 un.,"24,90 €","24,90 €/Unidade"
Tablete de chocolate leite com avelã,PorSi Select,200 g,"10,89 €/Kg","10,89 €/Kg"
Spray 3 em 1 pet expert,Vanish,500 ml,"1,79 €","2,39 €/L"
Líquido Sanitário Ação Total Marine,WC Pato,Embalagem de 750 ml,"2,79 €","3,99 €/L"
Pescada 3 Chile,Peixe Congelado,1 un= 1 kg (aprox.),"1,00 €","4,99 €/Kg"
Salsicha Merguez,PorSi,1 un = 100 gr (aprox.),"0,60 €","5,99 €/Kg"
Vinho regional tejo,Plexus,Garrafa de 750 ml,"2,12 €/L","2,12 €/L"
Vinho doc dão branco,Grao vasco,Garrafa de 750 ml,"3,99 €","5,32 €/L"
Bacalhau Desfiado do Pacífico,Nossa Selecção,Embalagem de 400 g,"8,73 €/Kg","8,73 €/Kg"
Iogurte natural,Danone,Embalagem de 4 x 120 g,"0,65 €","1,30 €/Kg"
Kit de viagem,Colgate,pasta dentífrica + escova,"2,39 €","31,87 €/L"
Bote pirata,Pinypon Action,1 unidade,"22,99 €","22,99 €/Unidade"
Gel anti séptico sensitive,Dystron,Embalagem de 400 ml,"8,44 €","21,10 €/L"
Café torrado intensa,Nicola,Embalagem de 250 g,"9,16 €/Kg","9,16 €/Kg"
Snacks para Cão Markies Mini,Pedigree,Embalagem de 500 g,"0,94 €","5,22 €/Kg"
Grelos,PorSi,Embalagem de 750g,"1,89 €","1,89 €/Kg"
Café solúvel c/ cafeína,PorSi,Embalagem de 100g,"14,50 €/Kg","14,50 €/Kg"
"Douradinhos cereais integrais, 10 unidades",Capitão Iglo,Embalagem de 250g,"9,30 €/Kg","9,30 €/Kg"
"Tetina Silicone G. Largo, 0/6 Meses",Pommette,Embalagem de 2 unidades,"2,49 €","2,49 €/Unidade"
"Café em grão, lote superior",Delta,Embalagem de 1 kg,"9,16 €/Kg","9,16 €/Kg"
Cappuccino café arábica cacau magro em pó,PorSi,250 ml,"3,19 €","25,52 €/Kg"
Recarga ambientador elétrico oasis turquesa duo,Air Wick,Embalagem de 2 unidades,"11,98 €","11,98 €/Unidade"
Adoçante com doseador,PorSi,Embalagem 300 comprimidos,"6,21 €","6,21 €/Unidade"
Água mineral sem gás,S.estrela,pack 4 x 1.5 l,"1,04 €","0,17 €/L"
Dettol sabonete líquido Lavanda,Dettol,Garrafa de 250 ml,"4,99 €","9,98 €/L"
Café torrado lote chávena máquina,Delta,Embalagem de 250g,"9,16 €/Kg","9,16 €/Kg"
Iogurte fruta batida banana/laranja/bolacha,Mimosa,Embalagem de 480g,"1,49 €","2,98 €/Kg"
Vinho do porto malvasia branco,Rcv,Garrafa de 750 ml,"6,65 €/L","6,65 €/L"
Queijo bola fatias,Paiva,Embalagem de 180g,"1,56 €","7,80 €/Kg"
Leite com sabor a chocolate proteína,Yopro,Garrafa de 330 ml,"1,99 €","2,49 €/L"
Palitos redondos,PorSi,Embalagem de 250 unidades,"1,15 €","1,15 €/Unidade"
Canja c/ aletria,Knorr,Embalagem de 70g,"0,84 €","13,55 €/Kg"
Rebuçados mel e limão,PorSi,Embalagem de 200g,"0,77 €","3,85 €/Kg"
Garfo Mesa Conj.6 Madrid,Jomafe,1 unidade,"4,29 €","4,29 €/Unidade"
Camião de resgate,Patrulha Pata,1 unidade,"22,99 €","22,99 €/Unidade"
Biscoitos canudinho recheio cacau,PorSi,Embalagem de 300g,"3,09 €","10,30 €/Kg"
Leite especial cálcio + vitamina d magro,Mimosa,Garrafa de 1 l,"1,29 €","1,29 €/L"
Fermento em pó,PorSi,Embalagem de 150 g,"1,89 €","17,18 €/Kg"
Whisky 15 anos c/caixa,J&B,Garrafa de 700 ml,"23,99 €","34,27 €/L"
Inseticida elétrico líquido,Raid,45 noites,"6,39 €","6,39 €/Unidade"
Butter cookies,PorSi,Embalagem de 450g,"0,90 €","6,00 €/Kg"
Iogurte Pedaços Kiwi 0% Matéria Gorda/Açúcares,Danone,4 x 120 g,"1,44 €","2,88 €/Kg"
Buondi extreme cafe moido 12x200g,Buondi,Embalagem de 200g,"9,76 €/Kg","9,76 €/Kg"
10 Preservativos Ultrafeel,Control,,"9,99 €","9,99 €/Unidade"
Pastilhas ice spearmint,CHICLETS,Embalagem de 17 g,"0,89 €","59,33 €/Kg"
Água com gás natural,Perrier,Embalagem de 750ml,"2,85 €","2,85 €/L"
Camarão cozido 20/30,PorSi,Embalagem de 500 g,"9,99 €","19,98 €/Kg"
Polpa de tomate em garrafa,Compal,Embalagem de 500g,"3,84 €","24,00 €/Kg"
Detergente Máquina Roupa Liquido Bebé,Skip,25 doses,"9,99 €","6,66 €/L"
Queijo vaca e ovelha s. penela,Serqueijos,Embalagem de 500g,"2,59 €","13,63 €/Kg"
Bolachas infantil dinossauros,Artiach,Embalagem de 190g,"1,89 €","15,75 €/Kg"
Leite condensado cozido,PorSi,Embalagem de 397 g,"4,00 €/Kg","4,00 €/Kg"
Iogurte magro + gelatina morango,Mimosa,Embalagem de 4 x 120 g,"0,99 €","1,32 €/Kg"
Limpa máquinas de loiça limão,PorSi,Embalagem de 250 ml,"1,49 €","5,96 €/L"
Spray fornos e grelhadores,Cif,435 ml,"1,79 €","2,39 €/L"
Vinho tinto,PorSi,embalagem de 1 litro,"0,85 €/L","0,85 €/L"
Vinho doc douro reserva tinto,Romanisco,Garrafa de 0.75 l,"7,49 €","9,99 €/L"
Rolos de papel multiusos 2 folhas,PorSi,1 unidade,"4,99 €","4,99 €/Unidade"
"Luva Nitrilica, anti-Deslizante, Nr.9",Itools,1 unidade,"5,39 €","5,39 €/Unidade"
Peito peru fumado fatias finas cuida-te +,Nobre,Embalagem de 110g,"1,99 €","13,27 €/Kg"
Empadão de carne produto pré-cozinhado ultracongelad...,PorSi,Embalagem de 350g,"3,53 €","8,83 €/Kg"
Spray optimal 7 com lixivia,Ajax,Embalagem de 500 ml,"1,79 €","2,39 €/L"
"Pasta de arquivo, lombada estreita, azul",Domédia,1 unidade,"2,79 €","2,79 €/Unidade"
Manteiga pasteurizada com sal cuvet,Primor,Embalagem de 250g,"1,69 €","6,76 €/Kg"
Discos de algodão para bebé,PorSi,60 unidades,"1,79 €","1,79 €/Unidade"
Natas do céu,*,140 ml,"1,89 €","13,50 €/L"
Sacos cubos de gelo,PorSi,Embalagem com 15 unidades,"1,11 €","1,11 €/Unidade"
Serrote com Ferro,Itools,1 unidade,"5,39 €","5,39 €/Unidade"
Leite creme,PorSi,Embalagem de 4x23g,"0,45 €","5,00 €/Kg"
"Lixívia, perfume fresco",Neoblanc,Embalagem de 4 l,"0,60 €/L","0,60 €/L"
Spray casa de banho brilhante,Sonasol,Embalagem de 500 ml,"1,89 €","1,26 €/L"
Hambúrgueres de peru,PorSi,Embalagem de 4x80g,"2,79 €","8,72 €/Kg"
Polpa de tomate com cebola e alho,Compal,Embalagem de 500g,"3,84 €","24,00 €/Kg"
Faca chefe 20 cm madeira,PorSi,1 unidade,"5,90 €","5,90 €/Unidade"
Mousse de manga,*,140 ml,"1,89 €","13,50 €/L"
Magnum mini 3 chocolates,Olá,Embalagem de 6 x 55 ml,"1,99 €","4,15 €/L"
"Limpa vidros pistola, cristal",Ajax,Embalagem de 500 ml,"3,19 €","6,38 €/L"
Café em grão,Delta,Embalagem de 1 kg,"9,16 €/Kg","9,16 €/Kg"
Restaurador p/ móveis claro,Novycera,Garrafa de 170 ml,"4,39 €","14,63 €/L"
Desodorizante spray energy,Labell Men,Embalagem de 200 ml,"1,39 €","6,95 €/L"
Intensificador de fragrância máquina lavar roupa pér...,Comfort,Embalagem de 275 g,"9,99 €","36,33 €/Kg"
2 crocantes frango recheio queijo&fiambre 204g,Iglo,Embalagem de 200g,"4,99 €","24,46 €/Kg"
Concentrado manga,Sunquick,Garrafa de 580 ml,"4,89 €","6,61 €/L"
Camarão Tigre 6/8,Nossa seleção,vendido ao peso,"8,99 €","25,69 €/Kg"
Sacos de congelação pequenos,PorSi,"50 unidades, 1 embalagem","1,11 €","1,11 €/Unidade"
Frutapura Pouch Frutos Variados,Bledina,Embalagem de 85g,"2,29 €","6,94 €/L"
Mochila 20 peças para brincar,*,1 unidade,"32,99 €/Unidade","32,99 €/Unidade"
Tablete de chocolate culinário negro,PorSi,Embalagem de 200 g,"0,99 €","4,95 €/Kg"
Bolachas starship tradicional,PorSi,Embalagem de 150g,"0,90 €","6,00 €/Kg"
Vinho rosé mateus emotion,Mateus,Garrafa de 750 ml,"4,29 €","5,72 €/L"
Bandas de cera facial peles normais,Veet,Embalagem de 20 unidades,"6,99 €","6,99 €/Unidade"
Spray madeiras,Cif,435 ml,"4,39 €","14,63 €/L"
Acetona,PorSi,Embalagem de 60 ml,"1,09 €","4,36 €/L"
Sumo 100% Fruta Laranja Espremida,Compal,1 litro,"1,09 €","0,73 €/L"
Mortadela fatiada com azeitonas,PorSi,Embalagem de 200 g,"0,95 €","4,75 €/Kg"
Leite UHT Meio Gordo,PorSi,Embalagem de 200 ml,"0,81 €","0,81 €/L"
Limpa fornos normal,Mr.muscle,Embalagem de 300 ml,"1,29 €","1,72 €/L"
Caldo de galinha 24 cubos,Knorr,Embalagem de 240g,"3,84 €","24,00 €/Kg"
Sidra maçã,Bandida,Lata de 500 ml,"1,59 €","3,18 €/L"
Lic.amendoa amarga zimbro,Zimbro,Garrafa de 0.70L,"5,99 €","8,56 €/L"
"Toalhetes intimos protect, 15 unidades",Dystron,Uma embalagem,"2,89 €","2,89 €/Unidade"
Lixivia perfumada,PorSi,Garrafa de 2 l,"2,59 €","1,30 €/L"
Rissóis de leitão,*,,"0,09 €","1,49 €/Kg"
Cereais lion chocolate/caramelo,Nestle,Embalagem de 400g,"1,29 €","10,24 €/Kg"
"Tiras limpa poros faciais, 6unidades",Labell,1 embalagem,"23,70 €/L","23,70 €/L"
Cerveja 0.0%,Heineken,Pack 6 x 0.25 l,"5,99 €","3,03 €/L"
Paté de atum,PorSi,Embalagem de 65 g,"1,19 €","13,52 €/Kg"
Cocktail de marisco,PorSi,Embalagem de 400 g,"4,99 €","6,24 €/Kg"
Atum ao natural,Ramirez,Embalagem de 120g,"9,08 €/Kg","9,08 €/Kg"
Desinfetante Têxtil,Sanytol,Embalagem de 500 ml,"3,99 €","5,70 €/L"
Vinho bag-in-box branco,C.alqueva,Garrafa de 5 l,"9,49 €","1,90 €/L"
Lixívia tradicional,PorSi,Embalagem de 2 l,"1,74 €","0,35 €/L"
Néctar 8 frutos,Bongo,Pack 3 x 200 ml,"0,99 €","0,99 €/L"
"Pasta dentífrica, dentes/gensivas sensitive",Labell,Embalagem de 75 ml,"2,39 €","31,87 €/L"
Milho doce,PorSi,Embalagem de 3 x 140 g,"1,79 €","2,29 €/Kg"
Água Micelar c/doseador,Labell,Embalagem de 500ml,"23,70 €/L","23,70 €/L"
Anti-Traça Gel Lavanda,Dum Dum,2 unidades,"4,69 €","4,69 €/Unidade"
Massa pevide,Nacional,Embalagem de 250g,"0,89 €","1,78 €/Kg"
Detergente líquido máquina roupa sabão natural,PorSi,40 doses,"13,99 €","3,29 €/L"
Leite uht sem lactose magro,PorSi Viva Bem,1 litro,"0,81 €","0,81 €/L"
Farinha láctea 5 frutos,PorSi,Embalagem de 500g,"3,39 €","13,56 €/Kg"
"Pasta dentífrica, 7-13 anos",Labell,Embalagem de 75 ml,"3,29 €","43,87 €/L"
Lambrusco branco,Sorbello,Garrafa de 0.75 l,"6,89 €","9,19 €/L"
Esferográfica Cristal Ouro e Prata x2,Bic,1 unidade,"2,49 €","2,49 €/Unidade"
Vinho maduro branco meio seco,Adega grande,Garrafa de 750 ml,"1,59 €","2,12 €/L"
Amora,PorSi,Embalagem com 125g,"1,99 €","15,92 €/Kg"
Creme curgete com hortela,PorSi,Embalagem de 400g,"1,99 €","2,49 €/Kg"
Sabonete sensitive,Palmolive,Embalagem de 4x90 g,"1,99 €","12,44 €/Kg"
Cotonetes para bebé,PorSi,Embalagem com 60 unidades,"0,58 €","0,58 €/Unidade"
Cerveja com álcool abadia,Super Bock,pack 6 x 0.33 l,"1,99 €/L","1,99 €/L"
"Iogurte pedaços, frutimax muesli",PorSi,Embalagem de 4 x 125 g,"1,44 €","2,88 €/Kg"
Chá infusão nº3 prostal control,Cemporcent,Embalagem de 13g,"1,19 €","119,00 €/Kg"
Faca Mesa Conj.3 Madrid,Jomafe,1 unidade,"4,29 €","4,29 €/Unidade"
Bolachas marinheiras integrais,Cemporcent,Embalagem de 200g,"1,20 €","3,90 €/Kg"
Sopa de legumes,PorSi,Embalagem de 400 g,"1,99 €","2,49 €/Kg"
Salsichas Frankfurt em lata,Izidoro,Embalagem de 120g,"0,75 €","3,75 €/Kg"
Bolacha de manteiga belga c/ chocolate,Saborosa,Embalagem de 200g,"1,69 €","6,76 €/Kg"
Alimento seco gato salmao 1.5k,Purina One,"Embalagem de 1,5 kg","12,99 €","4,33 €/Kg"
Batata frita palha,PorSi,Embalagem de 160g,"0,87 €","5,44 €/Kg"
Barras de cereais nesquik,Nestle,Embalagem de 150g,"1,29 €","10,24 €/Kg"
Halls Mini Mints Menta,Halls,12.5 g,"1,00 €","5,00 €/Kg"
Sobremesa danette duplo baunilha e caramelo,Danone,Embalagem de 4 x 125 g,"1,19 €","2,59 €/Kg"
Eclair de Chocolate 75 g,Pastelaria do Dia,,"0,30 €/Unidade","0,30 €/Unidade"
Chá Aromatizado Pirâmide Baunilha/Caramelo,PorSi,20 x 2 g,"1,19 €","119,00 €/Kg"
Bolachas digestive finas de chocolate de leite,Triunfo,Embalagem de 170 g,"0,79 €","5,27 €/Kg"
Lixívia Spray Mousse Flor,Neoblanc,Embalagem de 700ml,"2,59 €","1,30 €/L"
Leite UHT Meio Gordo,Gresso,Embalagem de 1 l,"0,81 €","0,81 €/L"
Lixívia Spray Mousse,Neoblanc,Embalagem de 700ml,"2,59 €","1,30 €/L"
Queijo flamengo ralado,Valformoso,Embalagem de 150g,"7,45 €/Kg","7,45 €/Kg"
Creme de coentros sem batata,PorSi,Embalagem de 400 g,"1,99 €","2,49 €/Kg"
Filetes de atum dos Açores em azeite c/ orégãos,PorSi Select,190 g,"9,08 €/Kg","9,08 €/Kg"
Vinho tinto regional península de setúbal,Dom Campos,Garrafa de 10 l,"5,19 €","1,04 €/L"
Tapa fugas,Redex,Embalagem de 250 ml,"14,99 €","14,99 €/L"
Massas alimentícias laços,PorSi,Embalagem de 500g,"0,89 €","1,78 €/Kg"
Gelatina pronta a comer morango,Royal,Embalagem de 4 x 100 g,"0,85 €","2,13 €/Kg"
Palitos super finos,PorSi,Embalagem de 85 unidades,"1,15 €","1,15 €/Unidade"
Bolacha shortcake,Nacional,Embalagem de 180g,"1,69 €","6,76 €/Kg"
Recarga Ambientador Automático Sparkling Citrus,PorSi,Embalagem de 250 ml,"11,98 €","11,98 €/Unidade"
Gelado pecan deligh,PorSi Select,Embalagem de 500ml,"2,69 €","5,38 €/L"
Gelado carte d'or yogurt & forest fruit,Olá,Embalagem de 900 ml,"2,69 €","5,38 €/L"
Queijo de cabra curado,Seia,Embalagem de 430g,"1,89 €","10,50 €/Kg"
Vinho Regional Lisboa Reserva | Tinto,Romeira,Garrafa de 750 ml,"3,99 €","5,32 €/L"
Óleo p/ Moto Performa M2T,Galp,Embalagem de 1 l,"14,99 €","14,99 €/L"
Tostas dietéticas,Diatosta,Embalagem de 225 g,"1,34 €","5,96 €/Kg"
Sabonete líquido mel,Feno,Embalagem de 300 ml,"4,99 €","9,98 €/L"
Amaciador  p/ roupa concentrado Aromaterapia,PorSi,Embalagem com 60 doses,"1,99 €","1,00 €/L"
Cerveja com álcool,Kings Bräu,"Embalagem de 0,33 l","1,99 €/L","1,99 €/L"
"Queijo em fatias, -50% gordura",Limiano,Embalagem de 200g,"1,56 €","7,80 €/Kg"
Creme para calçado incolor,PorSi,50 ml,"0,99 €","19,80 €/L"
Spray renova camurça incolor,PorSi,Embalagem de 200 ml,"5,09 €","50,90 €/L"
Porto ruby,Ferreira,Garrafa de 750 ml,"6,65 €/L","6,65 €/L"
Rolo tira pelos 12 folhas,PorSi,1 unidade,"11,99 €","11,99 €/Unidade"
Bolacha cookie sensations choco,Milka,Embalagem de 160g,"0,90 €","6,00 €/Kg"
Néctar vital equilibrio laranja/cenoura/manga,Compal,Embalagem de 1 l,"0,99 €","0,99 €/L"
Crepe simples,PorSi,Embalagem de 630g,"2,99 €","5,54 €/Kg"
"Sprite lima-limão sem açúcar embalagem 1,5 l.",Sprite,Garrafa de 1.5 l,"0,40 €/L","0,40 €/L"
Bolachas água e sal doces,Vieira,Embalagem de 170g,"0,98 €","3,27 €/Kg"
Whisky Malt c/ Tubo,Glen Crinan,Garrafa de 0.70 l,"19,99 €","19,99 €/L"
Iogurte líquido morango,PorSi,Embalagem de 4 x 160 g,"1,17 €","1,83 €/Kg"
Tablete de chocolate de culinária - sem açúcar,PorSi Viva Bem,Embalagem de 100 g,"1,04 €","8,32 €/Kg"
Lixívia densa +,Neoblanc,Embalagem de 1 l,"1,74 €","0,35 €/L"
Napolitanas creme cacau,PorSi,Embalagem de 320g,"1,77 €","5,53 €/Kg"
Mini tostas de trigo,Diatosta,Embalagem de 350 g,"2,39 €","6,83 €/Kg"
Ice tea limão,Lipton,Embalagem de 1L,"1,90 €","1,27 €/L"
Pasta dentífrica herbal branqueadora,Colgate,Embalagem de 75 ml,"2,39 €","31,87 €/L"
Comida húmida para cão almôndegas,PorSi,Embalagem de 1200 g,"0,75 €","2,50 €/Kg"
"Queijo flamengo, fatias",Paiva,Embalagem de 180 g,"1,56 €","7,80 €/Kg"
Lancheira,PorSi,Dim.: 20X14X15CM,"21,90 €","21,90 €/Unidade"
Mini tostas trigo super finas,PorSi,Embalagem de 100 g,"2,39 €","6,83 €/Kg"
Lixívia densa verde,Neoblanc,Embalagem de 1 l,"1,74 €","0,35 €/L"
Plumas de porco preto,PorSi Select,250 g,"4,88 €","4,88 €/Kg"
Batata frita palha,PorSi,Embalagem de 500g,"0,87 €","5,44 €/Kg"
Iogurte morango 000%,PorSi Viva Bem,Embalagem de 4 x 125 g,"1,44 €","2,88 €/Kg"
Queijo Snack de Vaca,President,Embalagem de 180 g,"1,45 €","7,25 €/Kg"
Balões latex amarelos,PorSi,Embalagem com 24 unidades,"1,54 €","1,54 €/Unidade"
Preparado de bolo de canela,PorSi,500 g,"0,45 €","5,00 €/Kg"
Rebuçado recheio morango,PorSi,Embalagem de 250g,"1,00 €","5,00 €/Kg"
Manteiga s/ lactose,Primor,Embalagem de 130g,"1,69 €","6,76 €/Kg"
Requeijão Cabra,Saloio,170 g,"1,09 €","5,45 €/Kg"
Meia Baguete Integral,Pão do Dia,1 unidade= 100 g,"0,19 €","2,71 €/Kg"
Tostas integrais,Diatosta,Embalagem de 225 g,"2,39 €","6,83 €/Kg"
Salsichas em lata,PorSi,Embalagem  de 120 g,"0,75 €","3,75 €/Kg"
"Forma de papel para bolos, 9 cm, 60 unidades",PorSi,Uma embalagem,"1,15 €","1,15 €/Unidade"
Vinho branco regional península de setúbal,Joao pires,Garrafa de 0.75 l,"2,99 €","3,99 €/L"
Sombrinhas decorativas,PorSi,Embalagem com 25 unidades,"1,54 €","1,54 €/Unidade"
Sumo concentrado de laranja,GUD,Garrafa de 740 ml,"4,89 €","6,61 €/L"
Baby Clemmy Balde de Atividades,Clementoni,1 un.,"42,99 €","42,99 €/Unidade"
Água s/ gás,Luso,"Garrafa de 0,75 l","1,04 €","0,17 €/L"
Cerveja com álcool,Sagres,Garrafa de 1 l,"1,99 €/L","1,99 €/L"
Lixívia para roupa delicada,Neoblanc,Embalagem de 2 l,"0,60 €/L","0,60 €/L"
Panos Esponja,Fino,3 unidades,"1,79 €","1,79 €/Unidade"
Rissóis de peixe,Brilha ali,1 unidade = 60 gr,"0,65 €","0,65 €/Unidade"
Compal da horta concentrado tomate,Compal,Embalagem de 140g,"3,84 €","24,00 €/Kg"
Café espresso descafeinado intensidade 6,PorSi,16 cápsulas,"1,59 €","6,36 €/Kg"
Vinhos Branco Reserva Dão,Cabriz,"Garrafa de 0,75L","3,99 €","5,32 €/L"
Aguardente,1920,Garrafa de 700 ml,"11,49 €","16,41 €/L"
Fruta para bebé maçã banana morango +8 meses,Nestle,Embalagem de 90g,"0,74 €","8,22 €/Kg"
Repelente de água,PorSi,Embalagem de 250 ml,"3,49 €","13,96 €/L"
"Chá de mel, limão e ginseng",Tetley,Embalagem de 20g,"44,50 €/Kg","44,50 €/Kg"
Lava Tudo Perfumado Herbal,PorSi,Embalagem de 2 l,"1,89 €","1,26 €/L"
Vinho maduro tinto,Alto de Pias,Garrafa de 5 l,"5,19 €","1,04 €/L"
Leite com chocolate original,Ucal,Embalagem de 6 x 250 ml,"0,26 €","1,30 €/L"
Néctar clássico tutti frutti,Compal,Garrafa de 200 ml,"0,99 €","0,99 €/L"
Sidra maçã,Somersby,pack 4 x 0.33 l,"1,59 €","3,18 €/L"
Fralda cueca T6 - 16 a 22 kg,PorSi,18 unidades,"8,99 €","8,99 €/Unidade"
Balde com pedal branco,PorSi,Capacidade: 7 litros,"2,50 €","2,50 €/Unidade"
Tamarindo,Fruta do Dia,1 un = 100 gr (aprox.),"1,08 €","10,79 €/Kg"
Vinho branco,PorSi,Bag-in-box de 5 litros,"0,85 €/L","0,85 €/L"
"Inseticida, recarga, elétrico, pack 2",Raid,1 embalagem com 2x27ml,"6,39 €","6,39 €/Unidade"
Chuchu,Legumes do Dia,1 un = 250 gr  (aprox.),"0,47 €","4,69 €/Kg"
Queijo vaca sem lactose,PorSi Viva Bem,250 g,"3,84 €","15,35 €/Kg"
Recarga ambientador elétrico delícias de verão,Air Wick,Embalagem de 1 unidades,"11,98 €","11,98 €/Unidade"
Salsichão fat,Campofrio,Embalagem de 80g,"1,89 €","23,63 €/Kg"
Chá Aromatizado Pirâmide Oriente/Canela,PorSi,20 x 2 g,"1,19 €","119,00 €/Kg"
Senses Tropical,Trident,1 un.,"0,89 €","59,33 €/Kg"
Petit gâteau,PorSi,Embalagem de  4 x 80 g,"2,99 €","5,54 €/Kg"
"Tampão super, 32 unidades",Labell,1 embalagem,"3,99 €","3,99 €/Unidade"
Sopa Creme de Marisco,PorSi,Embalagem de 80 g,"0,84 €","13,55 €/Kg"
"Refrigerante com gás cola, mini lata",Coca-Cola,pack 12 x 0.15 l,"0,40 €/L","0,40 €/L"
Pizza marguerita,PorSi,Embalagem de 2 x 300 g,"2,16 €","6,17 €/Kg"
"Limpa jantes, em pistola",Arbo,Embalagem de 1 l,"3,49 €","13,96 €/L"
Ambientador eléctrico Relaxing Zen + recarga,Glade,1 unidade,"11,99 €","11,99 €/Unidade"
Salsichas Frankfurt em lata,Izidoro,Embalagem de 250g,"0,75 €","3,75 €/Kg"
Flan sabor a baunilha com caramelo,PorSi,Embalagem de 6 x 100 g,"1,19 €","2,59 €/Kg"
Sumo essencial kids,Compal,pack 3 x 0.11 l,"2,09 €","6,33 €/L"
Filetes primavera alho & ervas,Iglo,Embalagem de 230g,"1,79 €","7,16 €/Kg"
Óleo Performa C3 5W30 Sintético,Galp,Embalagem de 5 l,"14,99 €","14,99 €/L"
Noodle banzai carne,Cigala,Embalagem de 70g,"0,89 €","1,78 €/Kg"
Pao brioche fatiado,PorSi,Embalagem 500G,"2,63 €/Kg","2,63 €/Kg"
Cevada solúvel,PorSi,Embalagem de 200g,"1,64 €","6,56 €/Kg"
Twins,Gullon,pack 2 x 154 g,"1,20 €","3,90 €/Kg"
"Bolachas, tubo",Oreo,Embalagem de 150g,"1,49 €","9,68 €/Kg"
Rolinhos waffletten milk,Bahlsen,Embalagem de 100g,"11,79 €/Kg","11,79 €/Kg"
"Creme de depilação duche, peles normais",Veet,Garrafa de 150 ml,"10,99 €","73,27 €/L"
"Alimento seco para gato junior, galinha",Whiskas,Embalagem de 350g,"12,99 €","4,33 €/Kg"
Bateria Musical,Panda,1 unidade,"42,99 €","42,99 €/Unidade"
Desinfetante p/ Cozinha,Sanytol,Embalagem de 750 ml,"4,49 €","5,99 €/L"
Miolo berbigão,PorSi,Embalagem de 250g,"4,99 €","6,24 €/Kg"
Pão ralado alho e salsa,PorSi,Embalagem de 240 g,"0,55 €","2,29 €/Kg"
"Refresco em pó, tropical",Tang,Embalagem de 30g,"0,75 €","18,75 €/Kg"
Creme de Barrar com Sabor a Manteiga,Becel,Embalagem de 400g,"1,39 €","6,95 €/L"
Quadro magnético,Ambar Science,1 unidade,"18,29 €","18,29 €/Unidade"
Bambolitos brancos,PorSi,Embalagem de 150g,"0,79 €","5,27 €/Kg"
Rebuçados de mentol,Sweet flav,Embalagem de 250 g,"0,77 €","3,85 €/Kg"
Néctar tutti-fruti,Compal,Pack 3 x 200 ml,"0,99 €","0,99 €/L"
Vermute bianco,Martini,Garrafa de 0.75 l,"22,49 €","32,13 €/L"
Casal garcia sweet 750ml/1,Casal Garcia,Garrafa de 750 ml,"1,99 €","2,65 €/L"
Gelatina pronta a comer light 10 kcal ananás,Royal,Embalagem de 4 x 100 g,"0,85 €","2,13 €/Kg"
Faca Pão 20 cm Inox,PorSi,1 unidade,"5,90 €","5,90 €/Unidade"
Bife de atum,PorSi,Embalagem de 400 g,"4,39 €","10,98 €/Kg"
Alimento lácteo sem açucar com sabor a pêssego/banan...,Yogolino,Embalagem de 4 x 100 gr,"2,89 €","7,23 €/Kg"
Manteiga magra baixo teor sal,President,Embalagem de 250g,"1,69 €","6,76 €/Kg"
Moelas,Frango,1 un = 200 gr (aprox.),"0,50 €","4,99 €/Kg"
Napolitas creme baunilha,PorSi,Embalagem de 320g,"2,05 €","5,13 €/Kg"
Caldo de galinha 16 cubos,Knorr,Embalagem de 160g,"3,84 €","24,00 €/Kg"
Gel Íntimo Fresh,Corine de Farme,Embalagem de 250 ml,"8,44 €","21,10 €/L"
Polpa de maracuja,PorSi,Embalagem de 565g,"1,99 €","2,37 €/Kg"
Leite de limpeza age perfect,L'oreal,Embalagem de 200 ml,"23,70 €/L","23,70 €/L"
Gel Banho Apollo,Axe,Embalagem de 400 ml,"5,99 €","14,98 €/L"
Cerveja sem álcool,Super Bock,Pack 6 x 20 cl,"5,99 €","3,03 €/L"
Clara liquida pasteurizado,Dovo,Embalagem de 320 ml,"2,19 €","2,19 €/Unidade"
Nectar vital equilibrio ananás/coco,Compal,Embalagem de 1 l,"0,99 €","0,99 €/L"
Pano multiusos felpo,PorSi,1 unidade,"1,79 €","1,79 €/Unidade"
Gelatina frutos tropicais  10kcal,Royal,Embalagem de 30g,"0,55 €","61,11 €/Kg"
Manteiga sem sal,Primor,Embalagem de 250g,"1,69 €","6,76 €/Kg"
Martelo perfurador,Einhell Kids,1 unidade,"22,99 €","22,99 €/Unidade"
Pensos diários maxi cotton aloé,Carefree,Embalagem com 30 unidades,"1,79 €","1,79 €/Unidade"
Iogurte tipo grego natural açucarado,PorSi,1 kg,"1,49 €","2,98 €/Kg"
Party & Co Family,Diset,,"32,99 €/Unidade","32,99 €/Unidade"
Paprika,PorSi,Saqueta com 50 g,"0,25 €","0,25 €/Kg"
Pasta dentífrica branco intenso,Aquafresh,Embalagem de 75 ml,"2,39 €","31,87 €/L"
Chouriço fatiado,Campofrio,Embalagem de 80g,"1,89 €","23,63 €/Kg"
Bolacha Maria Integral,PorSi,Embalagem de 600g,"0,98 €","3,27 €/Kg"
Espremedor para balde de plástico,Fapil,1 unidade,"2,50 €","2,50 €/Unidade"
Bolachas crackers c/ sal,Du bois,Embalagem de 500g,"0,39 €","3,12 €/Kg"
Sidra maçãs ácidas,Bandida do Pomar,lata de 0.5 l,"1,59 €","3,18 €/L"
Rum spiced,Bacardi,Garrafa de 700 ml,"17,49 €","24,99 €/L"
Cesto multiusos com gancho,PorSi,1 unidade,"2,50 €","2,50 €/Unidade"
Amaciador concentrado para roupa floral,PorSi,80 doses,"1,99 €","1,00 €/L"
Bolachas com cobertura de chocolate de leite,Oreo,Embalagem de 250g,"1,49 €","9,68 €/Kg"
La Croix Rosé,Peyrassol,0.75 litros,"6,89 €","9,19 €/L"
Pensos diários respirare,Carefree,embalagem com 20 unidades,"1,79 €","1,79 €/Unidade"
Vinho Regional de Lisboa Rosé,Mundus,"Garrafa de 0,75 l","2,12 €/L","2,12 €/L"
Lula limpa,Pescanova,Embalagem de 450g,"8,99 €","11,24 €/Kg"
"Creme de rosto de noite revitalift, laser",L'oreal,Embalagem de 50 ml,"14,99 €","299,80 €/L"
10 nuggets peito de frango e queijo,Capitão Iglo,Embalagem de 210g,"2,79 €","8,72 €/Kg"
Vinho tinto regional tejo reserva,Alorna,Garrafa de 0.75 l,"3,99 €","5,32 €/L"
Manteiga de amendoim crocante,Prozis,Embalagem de 500g,"8,13 €/Kg","8,13 €/Kg"
Fermento de padeiro em pó,Fermipan,Embalagem de 4x11 g,"1,89 €","17,18 €/Kg"
Amêijoa Branca Congelada,*,Vendido ao peso a partir de 200 g,"2,00 €","7,99 €/Kg"
Bacalhau em lombos,PorSi,Embalagem de 800g,"6,39 €","7,99 €/Kg"
Ovos Galinha Solo S,PorSi,6 unidades,"4,10 €","4,10 €/Unidade"
Escova dentífrica infantil bambu,Colgate,1 unidade,"3,29 €","43,87 €/L"
Monopoly super maus perdedores,Monopoly,,"24,90 €","24,90 €/Unidade"
Pensos Higiénicos Cottonlike com Abas Normal Plus,Evax,28 unidades,"2,59 €","2,59 €/Unidade"
"Absorvedores de odores, relax zen",Brise,Embalagem de 2x150g,"16,63 €/L","16,63 €/L"
Gel de Banho Corpo e Cabelo Sensitive,Baby Dove,Embalagem de 400 ml,"4,39 €","21,95 €/L"
Leite uht magro,PorSi,Embalagem de 1 litro,"0,81 €","0,81 €/L"
Leite s/ lactose meio gordo,Mimosa,Garrafa de 1 l,"1,29 €","1,29 €/L"
Salsa folhas,PorSi,Saqueta de 12 g,"0,25 €","0,25 €/Kg"
Maria diet nature,Gullón,Embalagem de 400 g,"1,20 €","3,90 €/Kg"
Cappuccino intenso,Nescafe,Embalagem de 130g,"3,19 €","25,52 €/Kg"
Vinho do porto lágrima branco,R.pinto,Garrafa de 750 ml,"6,65 €/L","6,65 €/L"
Ice tea de manga,PorSi,"Embalagem de 6x0,20 l","1,90 €","1,27 €/L"
Travessas ovais em cana-de-açúcar 23.3 x 16.5 mm,PorSi,6 unidades,"1,15 €","1,15 €/Unidade"
Recarga inseticida elétrico líquido,Raid,45 noites,"6,39 €","6,39 €/Unidade"
Pasta de atum,Fides,Embalagem de 90g,"1,19 €","13,52 €/Kg"
Gelatina morango 10kcal,Royal,Embalagem de 30g,"0,55 €","61,11 €/Kg"
12 Macarons Sortidos,PorSi Select,Embalagem de 144 g,"2,99 €","5,54 €/Kg"
Snack para gato anti-hairball,Whiskas,Embalagem de 60g,"0,99 €","16,50 €/Kg"
Iogurte Pedaços Ananás 0% Matéria Gorda/Açúcares,Danone,4 x 120 g,"1,44 €","2,88 €/Kg"
Sidra maçã,Somersby,"Pack 15x0,20 L","1,59 €","3,18 €/L"
Café solúvel crema,Nescafe,Embalagem de 200g,"14,50 €/Kg","14,50 €/Kg"
Sal de mesa,PorSi,Embalagem de 250 g,"0,25 €","0,25 €/Kg"
Mini tostas integrais,PorSi,Embalagem de 180g,"2,39 €","6,83 €/Kg"
16 mini croquetes de carne,PorSi,Embalagem de 290 g,"1,79 €","7,16 €/Kg"
Spray tira gorduras,PorSi,Embalagem de 750 ml,"1,29 €","1,72 €/L"
Napolitanas creme cacau,PorSi,Embalagem de 320g,"2,05 €","5,13 €/Kg"
Cereais argolas de mel,PorSi,Embalagem de 375 g,"5,07 €/Kg","5,07 €/Kg"
Iogurte tipo grego stracciatella,PorSi,Embalagem de 500g,"1,49 €","2,98 €/Kg"
Moinho pimenta preta em grão,PorSi,Frasco com 45 g,"0,25 €","0,25 €/Kg"
5 manhãzitos,Bollycao,Embalagem com 175 g,"2,05 €","5,13 €/Kg"
Moscatel de setúbal,Dom Campos,Garrafa de 750 ml,"6,79 €/L","6,79 €/L"
Creme depilatório para peles normais,Labell,Embalagem de 200 ml,"10,99 €","73,27 €/L"
Lixívia tradicional,PorSi,Embalagem de 1 l,"1,74 €","0,35 €/L"
Calendário do advento,Clementoni,1 unidade,"32,99 €/Unidade","32,99 €/Unidade"
Toucador grande,Frozen,1 unidade,"32,99 €/Unidade","32,99 €/Unidade"
Leite de transição Optipro 2 +6 meses,NAN,Embalagem de 800g,"22,39 €","27,99 €/Kg"
Vinho do Porto Branco,Velhotes,"Garrafa de 0,75 l","6,65 €/L","6,65 €/L"
Cereais chocapic,Nestle,Embalagem de 630g,"5,07 €/Kg","5,07 €/Kg"
Papa infantil não láctea 8 cereais e mel +6 meses,Cerelac,Embalagem de 250g,"3,39 €","13,56 €/Kg"
A Minha Cozinha 100% chef,Smoby,1 unidade,"22,99 €","22,99 €/Unidade"
Lava tudo lavanda,Cif,"Garrafa de 1,4 l","1,89 €","1,26 €/L"
Feijão manteiga,PorSi,Embalagem de 420g,"1,79 €","2,29 €/Kg"
Pilhas recarregáveis D HR20 2600mAh,Domédia,Embalagem com 2 unidades,"4,09 €","4,09 €/Unidade"
Papel Higiénico Puríssimo 3 Folhas,Renova,Embalagem c/ 12 rolos,"1,99 €","1,99 €/Unidade"
Ilha do vulcão,Play-Doh,1 unidade,"22,99 €","22,99 €/Unidade"
Creme p/ Calçado Preto,Búfalo,Embalagem de 40 ml,"0,99 €","19,80 €/L"
Whisky Malte 12 Anos,Singleton,Garrafa 0.70L,"34,99 €","49,99 €/L"
Água com gás,Vimeiro,pack 6 x 0.25 l,"2,85 €","2,85 €/L"
Néctar de 8 frutos,Bongo,Garrafa de 1 l,"0,99 €","0,99 €/L"
Set Chá,Minnie,1 conjunto,"32,99 €/Unidade","32,99 €/Unidade"
Feijão frade,Compal,Lata de 410 ml,"1,79 €","2,29 €/Kg"
Bolacha cream cracker,Vieira,Embalagem de 200g,"0,39 €","3,12 €/Kg"
Arroz basmati,PorSi,Embalagem de 1 kg,"0,99 €","0,99 €/Kg"
Francesinha,PorSi,Embalagem de 450G,"3,53 €","8,83 €/Kg"
Café solúvel viena,Nescafe,Embalagem de 140g,"14,50 €/Kg","14,50 €/Kg"
Toucinho fumado extra,PorSi,Embalagem de 200 g,"2,19 €","10,95 €/Kg"
Toalhitas limpa moveis,PorSi,Embalagem de 24 unidades,"4,39 €","14,63 €/L"
Inseticida baratas e formigas,Dum Dum,Embalagem de 400 ml,"5,69 €","15,17 €/L"
Concentrado Laranja e Pêssego,Sunquick,Garrafa de 700 ml,"4,89 €","6,61 €/L"
Vulcão brilhante,Clementoni,1 unidade,"18,29 €","18,29 €/Unidade"
Morcela assar fundao,PorSi,Embalagem de 250g,"1,55 €","5,96 €/Kg"
"Fermento em pó, lata",Royal,Embalagem de 110g,"1,89 €","17,18 €/Kg"
Ice tea de manga,Lipton,Garrafa de 2 l,"1,90 €","1,27 €/L"
Bagas de cranberry,Cemporcent,Embalagem de 125 g,"1,59 €","7,95 €/Kg"
Arroz integral,PorSi Viva Bem,Embalagem de 1 kg,"0,99 €","0,99 €/Kg"
Queijo flamengo,Novacores,Embalagem de 320g,"1,56 €","7,80 €/Kg"
Sidra de maçã,Somersby,pack 6 x 0.2 l,"1,59 €","3,18 €/L"
Mopa com cabo,PorSi,1 unidade,"8,99 €","8,99 €/Unidade"
"Pensos para calos, 10 unidades",PorSi,1 embalagem,"0,59 €","1,18 €/L"
"Limpa vidros pistola, tripla acção",Ajax,Embalagem de 500 ml,"3,19 €","6,38 €/L"
Queijinho petit nesquik,Nestle,Embalagem de 6 x 60 g,"7,77 €/Kg","7,77 €/Kg"
Açúcar amarelo,PorSi,Embalagem de 1 kg,"1,49 €","1,49 €/Kg"
Caffe latte go chill,Delta,230 ml,"3,19 €","25,52 €/Kg"
Néctar vital equilíbrio frutos vermelhos,Compal,Garrafa de 200 ml,"0,99 €","0,99 €/L"
Fuet extra,PorSi,170 g,"1,00 €","5,00 €/Kg"
Especialidade de soja natural,PorSi Viva Bem,Embalagem de 4 x 100 g,"4,58 €/Kg","4,58 €/Kg"
Vela em número nº5,PorSi,1 unidade,"0,60 €","0,60 €/Unidade"
"Rebuçados sem açúcar, mentho-lyus",Halls,Embalagem de 128 g,"0,77 €","3,85 €/Kg"
Creme de fixação para dentaduras,Labell,Embalagem de 50 g,"7,39 €","105,57 €/Kg"
"Pensos diários respirare, 44 unidades",Carefree,Uma embalagem,"1,79 €","1,79 €/Unidade"
Maçã Golden 70/75,Fruta do Dia,1 un = 150 gr (aprox.),"0,22 €","1,49 €/Kg"
Óleo Cedro Líquido,PorSi,Embalagem de 200 ml,"4,39 €","14,63 €/L"
Ice tea pêssego,Lipton,Garrafa de 2 l,"1,90 €","1,27 €/L"
Néctar de pera,PorSi,Pack 3 x 200 ml,"0,99 €","0,99 €/L"
Tampões Cotton Protection Regular,Tampax,16 unidades,"3,99 €","3,99 €/Unidade"
"Alimento seco para cão, croquetes pro adulto",PorSi Select,Embalagem de 4 Kg,"1,15 €/Kg","1,15 €/Kg"
"Alimento húmido para cão, galinha e cordeiro",Pedigree,Embalagem de 400g,"0,75 €","2,50 €/Kg"
Iogurtes Corpos Danone Pedaços de Pêssego e Maracujá,Danone,Embalagem de 4 x 115 g,"1,44 €","2,88 €/Kg"
Nestle scm regular tubo 12x pt,Nestle,Embalagem de 450g,"4,00 €/Kg","4,00 €/Kg"
"Ice tea, pêssego",PorSi,"Embalagem de 6x0,20 l","1,90 €","1,27 €/L"
Bacalhau Crescido da Noruega,PorSi,1 un=1.5kg (aprox.),"8,73 €/Kg","8,73 €/Kg"
Camarão moçambique 60/80,PorSi,800 g,"8,99 €","25,69 €/Kg"
Queijinhos mini,Babybel,Embalagem de 240g,"4,39 €","18,29 €/Kg"
Churritos,PorSi,Embalagem de 240g,"2,05 €","5,13 €/Kg"
Lambrusco tinto,Sorbello,Garrafa de 0.75 l,"2,12 €/L","2,12 €/L"
Elite 2.0 Echo CS-10,Nerf,1 unidade,"32,99 €/Unidade","32,99 €/Unidade"
Vinho branco,PorSi,embalagem de  3X187 ml,"0,85 €/L","0,85 €/L"
6 empadas de galinha,PorSi,Embalagem de 330g,"1,79 €","7,16 €/Kg"
Pizza fresca de fiambre e queijo,PorSi,400 g,"0,99 €","4,30 €/Kg"
"Ração granulado, frangos (2fase)",Rac.zezere,Embalagem de 5 kg,"2,49 €","2,49 €/Kg"
Água mineral natural alcalina,MONCHIQUE,"6x1,5l","1,04 €","0,17 €/L"
Queijo fatias -50% de gordura,Limiano,Embalagem de 400g,"1,56 €","7,80 €/Kg"
Peito de peru fatias,PorSi,Embalagem de 150g,"1,99 €","13,27 €/Kg"
Iogurte liquido stracciatella,PorSi,Embalagem de 4 x 160 g,"1,17 €","1,83 €/Kg"
Bandas de cera fria peles normais,Veet,Embalagem de 20 unidades,"6,99 €","6,99 €/Unidade"
Feijão manteiga,PorSi,Embalagem de 500g,"0,95 €","1,90 €/Kg"
Bolachas maria,Triunfo,Embalagem de 200g,"2,11 €/Kg","2,11 €/Kg"
Salada bacon,PorSi,Embalagem de 192 g,"2,35 €","5,60 €/Kg"
Desinfetante de frutas e vegetais,Clean Essence,500 ml,"0,47 €","4,69 €/Kg"
Bola Mafra,Pão do Dia,1 un = 85G (aprox),"0,19 €","2,71 €/Kg"
Coca-cola light,Coca-Cola,Garrafa de 1 l,"0,40 €/L","0,40 €/L"
Bolachas dinossauros dinoovos,Artiach,Embalagem de 140g,"1,89 €","15,75 €/Kg"
Gelado brownie,PorSi Select,Embalagem de 500ml,"2,69 €","5,38 €/L"
"Rolos de cozinha compactos, branco, máxima absorção,...",Renova,1 unidade,"4,99 €","4,99 €/Unidade"
Leite meio-gordo bio,PorSi Bio,Garrafa de 1 litro,"0,81 €","0,81 €/L"
Farinha rainha c/ fermento,Nacional,Embalagem de 1000 g,"1,99 €","1,99 €/Kg"
Beterraba Cozida,*,Embalagem de 450 g,"0,47 €","4,69 €/Kg"
Ananás em rodelas,PorSi,Embalagem de 565 g,"1,99 €","2,37 €/Kg"
Queijinho dadoninho petitdino de morango,Danone,Embalagem de 6 x 50 g,"7,77 €/Kg","7,77 €/Kg"
Fraldas agility T5 de 13 a 18 kg,PorSi,44 unidades,"6,49 €","6,49 €/Unidade"
Mini Tostas de Trigo,PorSi,Embalagem de 350 g,"2,39 €","6,83 €/Kg"
Mel em frasco de vidro,Jorge v.f.,Embalagem de 500g,"2,25 €","9,00 €/Kg"
Detergente Líquido p/ Máquina de Lavar Roupa Bebé,A+,Embalagem 28 Doses,"9,99 €","6,66 €/L"
15 barrinhas pescada,Pescanova,Embalagem de 450g,"9,30 €/Kg","9,30 €/Kg"
Lixivia perfumada,PorSi,Garrafa de 2 l,"1,74 €","0,35 €/L"
Leite regular 2,Aptamil,Embalagem de 800 g,"22,39 €","27,99 €/Kg"
Arroz agulha,Saludães,Embalagem de 1kg,"0,99 €","0,99 €/Kg"
Ração seca para cão croquetes pro júnior,PorSi Select,Embalagem de 3 Kg,"1,15 €/Kg","1,15 €/Kg"
Ração para gato indoor,Purina One,Embalagem de 800g,"12,99 €","4,33 €/Kg"
Azeite tradição,Oliveira da Serra,Embalagem 3L,"3,19 €","4,25 €/L"
Queijo gouda fatias 0% lactose,PorSi Viva Bem,Embalagem de 150g,"1,99 €","9,95 €/Kg"
Rojões,Porco,1 un = 250 gr  (aprox.),"4,88 €","4,88 €/Kg"
Néctar pêssego,Compal,Pack 3 x 200 ml,"0,99 €","0,99 €/L"
Massa esparguete,PorSi,Embalagem de 500g,"0,89 €","1,78 €/Kg"
Esparguete fino,Nacional,Embalagem de 500g,"0,89 €","1,78 €/Kg"
Tostas multicereais sem glúten,PorSi Viva Bem,Embalagem de 140g,"2,69 €","20,69 €/Kg"
Fermento,Royal,Embalagem de 230g,"1,89 €","17,18 €/Kg"
Loção para bebé pink,Johnson's Baby,500 ml,"5,59 €","11,18 €/L"
Bolacha maria doces,Vieira,Embalagem de 300g,"2,11 €/Kg","2,11 €/Kg"
Geleia de morango,Casa de Mateus,Embalagem de 345 g,"3,29 €","9,54 €/Kg"
Café mistura peninsular,Delta,Embalagem de 250g,"1,64 €","6,56 €/Kg"
Papel de alumínio,PorSi,50 metros,"1,11 €","1,11 €/Unidade"
Queijo mozzarella fresca,Galbani,Embalagem de 125 g,"1,79 €","14,32 €/Kg"
Gel de Banho Orquídea & Cashmere Extract,Nivea,Embalagem de 750 ml,"6,39 €/L","6,39 €/L"
Recarga Panos p/ Madeira,Swiffer,18 un.,"1,79 €","1,79 €/Unidade"
Sabonete patti,Ach Brito,Embalagem de 160 g,"1,99 €","12,44 €/Kg"
Desinfetante de frutas e vegetais,Clean Essence,500 ml,"1,89 €/Kg","1,89 €/Kg"
Mostarda em frasco,Savora,Embalagem de 190g,"0,70 €","2,33 €/Kg"
Bife de Frango,Frango,Vendido ao peso a partir de 1 kg,"3,98 €","2,49 €/Kg"
Fiambre da Pá,PorSi,1 un = 150 gr (aprox.),"0,97 €","6,49 €/Kg"
"Creme de noite, age perfect",L'oreal,Embalagem de 50 ml,"14,99 €","299,80 €/L"
Bolacha chocodiet nature,Gullon,Embalagem de 270g,"0,79 €","5,27 €/Kg"
Re-New Branca,Pattex,Embalagem de 100 ml,"1,79 €","1,79 €/Unidade"
"Alimento húmido para gato 7+, aves",Whiskas,Embalagem de 400g,"3,59 €","2,99 €/Kg"
Café com cafeina solúvel,Delta,Embalagem de 20g,"14,50 €/Kg","14,50 €/Kg"
Queijo mozzarella light ralado,PorSi Viva Bem,Embalagem de 150 g,"1,99 €","9,95 €/Kg"
Bolachas Rosquilhas com Canela,Cuetara,Embalagem de 300g,"1,69 €","6,76 €/Kg"
Gelado cookies & cream,PorSi Select,Embalagem de 500ml,"2,69 €","5,38 €/L"
Filetes de cavala em azeite,PorSi,Embalagem de 120 g,"9,08 €/Kg","9,08 €/Kg"
Bebida de soja com cálcio,PorSi Viva Bem,Embalagem de 1 litro,"2,49 €","2,49 €/L"
Anti-Traça Cedro,Dum Dum,2 unidades,"4,69 €","4,69 €/Unidade"
Néctar de laranja e cenoura light,PorSi,Embalagem de 1 litro,"0,84 €","2,55 €/L"
4 hamburguers vaca s/ glúten,Capitão Iglo,Embalagem de 320g,"2,79 €","8,72 €/Kg"
"Pasta dentífrica, tripla ação",Labell,Embalagem de 75 ml,"2,39 €","31,87 €/L"
Discos Sanitários Activos Recarga Eucalipto,WC Pato,Embalagem de 2x36 ml,"2,99 €","74,75 €/Kg"
Iogurte líquido morango/cereais,PorSi,Embalagem de 4 x 160 g,"1,17 €","1,83 €/Kg"
Ambientador vela odor animais,PorSi,1 unidade,"9,49 €","45,19 €/Kg"
Bolacha digestive chocolate negro,MCVITIES,Embalagem de 300g,"0,98 €","3,27 €/Kg"
Solha 400/600,Peixe Congelado,1 un=500 gr (aprox.),"1,00 €","4,99 €/Kg"
Batatas Pré-fritas Rosti com Cebola,PorSi,Embalagem com 600 g,"1,39 €","1,39 €/Kg"
Iogurte líquido de frutos vermelhos,PorSi,Embalagem de 4 x 160 g,"1,17 €","1,83 €/Kg"
Saqueta puré de fruta e bolacha,PorSi,Embalagem de 90g,"0,74 €","8,22 €/Kg"
Detergentes máquina lavar loiça next generation,PorSi,30 pastilhas,"1,49 €","5,96 €/L"
Maçã Starking 70/75,Programa Origens,1 un = 150 gr (aprox.),"0,22 €","1,49 €/Kg"
Desengordurante de Vitrocerâmica/Indução 3 em 1 |Spr...,Vitroclen,Embalagem de 450 ml,"1,29 €","1,72 €/L"
Cerveja super bock,Super Bock,Pack 6 x 200 ml,"1,99 €/L","1,99 €/L"
Azeite virgem clássico,PorSi,Garrafa de 750 ml,"3,19 €","4,25 €/L"
Queijo fresco sem lactose,Matinal,Embalagem de 216g,"2,49 €","9,96 €/Kg"
Vinho Verde Branco Loureiro,QT.GOMARIZ,Garrafa de 750 ml,"1,59 €","2,12 €/L"
Gel de banho bio kids,Corine de Farme,300 ml,"6,39 €/L","6,39 €/L"
Bebida de aveia,Shoyce,Embalagem de 3 x 200 ml,"0,99 €","0,99 €/L"
Óleo Gasolina 20w40,PorSi,Embalagem de 5 l,"14,99 €","14,99 €/L"
Café lote bocage moagem única,Nicola,Embalagem de 250g,"9,16 €/Kg","9,16 €/Kg"
Papel higiénico branco 2 folhas,PorSi,48 rolos,"1,99 €","1,99 €/Unidade"
Jogo de Estratégia e Construção,Play Fun,1 unidade,"22,99 €","22,99 €/Unidade"
Tablete de chocolate culinário 70% negro,PorSi,Embalagem de 200 g,"0,99 €","4,95 €/Kg"
Mistura para coelhos,Rac.zezere,Embalagem de 5 kg,"4,09 €","0,82 €/Kg"
Recarga de Desumidificador Maçã,HUMYDRY,embalagem de 3 x 75g,"6,29 €","27,96 €/Kg"
Gel Duche Men Active Clean,Nivea Men,Embalagem de 500 ml,"5,99 €","14,98 €/L"
Água mineral sem gás,Vitalis,Pack 6 x 1.5 l,"1,04 €","0,17 €/L"
Arroz vaporizado,Pato real,Embalagem de 1kg,"0,99 €","0,99 €/Kg"
Iogurte líquido yoggi morango/banana,Nestle,Embalagem de 4 x 160 g,"1,17 €","1,83 €/Kg"
Massa de cotovelos grandes riscados,Milaneza,Embalagem de 500g,"0,89 €","1,78 €/Kg"
Queijo flamengo fatiado,PorSi,Embalagem de 200G,"1,56 €","7,80 €/Kg"
Arroz carolino,Louro,Embalagem de 1 kg,"0,99 €","0,99 €/Kg"
Rede com pequeno almoço,Écoiffier,1 unidade,"32,99 €/Unidade","32,99 €/Unidade"
Café descafeinado,PorSi,Embalagem de 250g,"1,59 €","6,36 €/Kg"
Sabonete líquido para as mãos de coco,Dove,embalagem de 250 ml,"4,99 €","9,98 €/L"
Bolachas com duplo creme,Oreo,Embalagem de 190g,"1,49 €","9,68 €/Kg"
Cillit bang limpa vidros,Cillitbang,Garrafa de 500 ml,"3,19 €","6,38 €/L"
Mimos de pescada,Pescanova,Embalagem de 1 kg,"4,39 €","10,98 €/Kg"
Sumo essencial pera,Compal,pack 3 x 0.11 l,"0,99 €","0,99 €/L"
Iogurte sólido sem lactose natural açucarado,Mimosa,Embalagem de 480g,"2,49 €","9,96 €/Kg"
Puré de maçã sem adição açúcar,PorSi,700 g,"0,74 €","8,22 €/Kg"
Leite Hidratante Óleos Maravilhosos,Ultra Suave,Embalagem de 400 ml,"12,48 €/L","12,48 €/L"
Tablete chocolate de leite,PorSi,embalagem de 100 g,"5,30 €/Kg","5,30 €/Kg"
Carro de Limpeza,Vicam,1 unidade,"22,99 €","22,99 €/Unidade"
Leite com chocolate light,Ucal,Embalagem de 6 x 250 ml,"0,26 €","1,30 €/L"
Feijão manteiga,PorSi,Frasco com 540 g,"1,79 €","2,29 €/Kg"
Leite seleccionado meio gordo,Matinal,Garrafa de 1 l,"0,81 €","0,81 €/L"
Tira gorduras recarga,Mistolin,Garrafa de 550 ml,"4,49 €","5,99 €/L"
Bóia Patrulha Pata 50 cm,Mondo,1 unidade,"2,99 €","2,99 €/Unidade"
Bolachas de aveia,Triunfo,Embalagem de 190g,"3,09 €","10,30 €/Kg"
Conjunto de 3 pinceis nº 4/8/12,Domédia,Uma embalagem,"4,69 €","4,69 €/Unidade"
Alho picado,PorSi,Embalagem de 100 g,"3,29 €","4,39 €/Kg"
Descafeinado,Buondi,10 cápsulas,"1,59 €","6,36 €/Kg"
Smooth Lâminas Para Máquina De Depilação,Venus,4 Unidades,"12,99 €","12,99 €/Unidade"
"Bolo com recheio de chocolate, multipack",Chipicao,Embalagem de 340g,"2,05 €","5,13 €/Kg"
Loção Sensitive,Baby Dove,Embalagem de 200 ml,"5,59 €","11,18 €/L"
Massa para pizza,PorSi,Embalagem de 260 g,"0,89 €","1,78 €/Kg"
Snacks croc.amendoim,PorSi,Embalagem de 90g,"0,79 €","7,90 €/Kg"
Palitos de bambu cocktail com 2 bicos,PorSi,Embalagem de 50 unidades,"1,15 €","1,15 €/Unidade"
Sumo 100% laranja,Compal,1 litro,"1,09 €","0,73 €/L"
Vassoura exterior alta,PorSi,Unidade,"2,99 €","2,99 €/Unidade"
Néctar vital equilibrio manga/maracujá,Compal,Embalagem de 1 l,"0,84 €","2,55 €/L"
Ambientador tealights canela,PorSi,embalagem com 18 unidades,"9,49 €","45,19 €/Kg"
Queijo curado mistura,PorSi,190 g,"2,59 €","13,63 €/Kg"
Caderno Agrafado Capa Preta |A4 Pautado,Domédia,1 unidade,"2,29 €","2,29 €/Unidade"
Iogurte magro morango sem lactose,Mimosa,Embalagem de 4x 120 g,"0,99 €","1,32 €/Kg"
Discos Sanitários Activos Aparelho Lavanda,WC Pato,Embalagem de 36 ml,"2,99 €","74,75 €/Kg"
Limpa carpetes,PorSi,Embalagem de 1 litro,"2,29 €","2,29 €/L"
Spray power&shine multiusos c/ lixívia,Cif,Garrafa de 750 ml,"0,79 €","0,79 €/L"
Sumo essencial pera,Compal,pack 3 x 0.11 l,"2,29 €","6,94 €/L"
Areia para gatos 100% natural,PorSi,Embalagem de 5 kg,"1,19 €","0,24 €/Kg"
Cogumelos laminados,PorSi,Embalagem de 185 g,"1,79 €","2,29 €/Kg"
20 saquetas chá de frutos silvestres,Lipton,Embalagem de 30g,"44,50 €/Kg","44,50 €/Kg"
Inseticida Elétrico Melgas e Mosquitos 5 em 1,Dum Dum,1 unidade = 90 noites,"6,39 €","6,39 €/Unidade"
Pudim de chocolate,PorSi,Embalagem de 110g,"0,59 €","29,50 €/Kg"
Ração para gato bolas de pelo com frango,Friskies,"Embalagem de 1,5kg","12,99 €","4,33 €/Kg"
Preparado de tarte de flã,PorSi,360 g,"0,45 €","5,00 €/Kg"
Farinha para pão integral,Nacional,Embalagem de 1 kg,"1,99 €","1,99 €/Kg"
Bolachas cracker sem sal,PorSi,Embalagem de 500g,"0,39 €","3,12 €/Kg"
Cerveja com álcool,Sagres,pack 24 x 0.25 l,"1,99 €/L","1,99 €/L"
Faca para Churrasco 11 cm Inox,PorSi,1 unidade,"5,90 €","5,90 €/Unidade"
Inseticida ajustável eléctrico líquido anti melgas e...,Raid,60 noites,"6,39 €","6,39 €/Unidade"
"Elásticos grandes coloridos, pack de 20 unidades",Domédia,1 embalagem,"1,06 €","1,06 €/Unidade"
Dispensador com sacos higiénicos para animal,Canaillou,2 x 20 unidades,"1,19 €","0,24 €/Kg"
Azeite de moura virgem extra bio,PorSi Bio,Garrafa de 500 ml,"3,19 €","4,25 €/L"
Skinny latte sem açúcar e sem lactose,STARBUCKS,embalagem de 220 ml,"0,99 €","0,99 €/L"
Cortina de banho 180 x 200 cm,C. Selecion,1 unidade,"6,29 €","27,96 €/Kg"
"Coloração permanente, preto natural, nº3",Excellence,1 unidade,"9,49 €/Unidade","9,49 €/Unidade"
"Pensos diários perfumados, em bolsa, 30 unidades",Labell,Uma embalagem,"1,79 €","1,79 €/Unidade"
Palitos superfinos,PorSi,Embalagem de 400 unidades,"1,15 €","1,15 €/Unidade"
Ervilhas,Iglo,"Embalagem de 1,125 kg","1,89 €","1,89 €/Kg"
Leite uht magro,Mimosa,Embalagem de 1 litro,"0,81 €","0,81 €/L"
Pudim Rico em Proteína de Chocolate,Ehrmann,Embalagem de 200g,"1,19 €","2,59 €/Kg"
Molho de maionese com alho e ervas,PorSi,Garrafa de 120 ml,"0,70 €","2,33 €/Kg"
Ananás pedaços em calda,PorSi,Embalagem de 565g,"1,99 €","2,37 €/Kg"
Massa em espirais,PorSi,Embalagem de 500g,"0,89 €","1,78 €/Kg"
Jogo Manhãs da Comercial,Clementoni,1 un.,"24,90 €","24,90 €/Unidade"
Pensos de incontinência Maxi,Ausonia,Uma embalagem - 12Unidades,"1,95 €","1,95 €/Unidade"
Bolacha shortcake chocolate,Nacional,Embalagem de 180g,"1,69 €","6,76 €/Kg"
Pudim caramelo,PorSi,Embalagem de 90g,"0,59 €","29,50 €/Kg"
Pincel de caiar,Itools,1 unidade,"5,39 €","5,39 €/Unidade"
Refrigerante com gás free,Seven-up,"Garrafa de 1,25 l","0,40 €/L","0,40 €/L"
Cacetinho,Pão do Dia,1 unidade= 90 g,"0,19 €","2,71 €/Kg"
Sardinhas em óleo picante,Ramirez,Embalagem de 130g,"9,08 €/Kg","9,08 €/Kg"
Bebida energética,Red Bull,Garrafa de 360 ml,"1,60 €","3,20 €/L"
Pastilhas frutos silvestres,Trident,Embalagem de 58 g,"0,89 €","59,33 €/Kg"
Cerveja branca,Super Bock,pack 30 x 0.20 l,"1,99 €/L","1,99 €/L"
Batata pom'duchesse,PorSi,Embalagem de 600g,"1,39 €","1,39 €/Kg"
Paté Fígado Porco c/ Pimenta Verde,PorSi,75 g,"0,95 €","4,75 €/Kg"
Açafrão das Índias,PorSi,Embalagem de 50g,"0,25 €","0,25 €/Kg"
Iogurte sólido sem lactose multifrutos,Mimosa,Embalagem de 480g,"2,49 €","9,96 €/Kg"
Spray renova camurça preta,PorSi,Embalagem de 200 ml,"5,09 €","50,90 €/L"
Pudim flan,El mandari,Embalagem de 10g,"0,59 €","29,50 €/Kg"
5 gouaches de cores primárias,Domédia,Uma embalagem,"4,69 €","4,69 €/Unidade"
Pilha alcalina hightech lr03x8,Domédia,1 unidade,"4,09 €","4,09 €/Unidade"
Sistema Solar,Clementoni,1 unidade,"32,99 €/Unidade","32,99 €/Unidade"
Vinho bag-in-box tinto,C.alqueva,Garrafa de 5 l,"9,49 €","1,90 €/L"
Gelado carte d'or chocolate brownie,Olá,Embalagem de 900 ml,"2,69 €","5,38 €/L"
8 salsichas aves,Izidoro,Embalagem de 200g,"0,75 €","3,75 €/Kg"
Molas de madeira,PorSi,36 unidades,"0,89 €","0,89 €/Unidade"
Escova para lavar,PorSi,1 unidade,"2,99 €","2,99 €/Unidade"
Amaciador color-vive,Elvive,Embalagem de 200 ml,"6,79 €","22,63 €/L"
Cabo de madeira com rosca,PorSi,1.20 m,"2,99 €","2,99 €/Unidade"
18 nuggets de frango,Capitão Iglo,Embalagem de 380g,"9,30 €/Kg","9,30 €/Kg"
Lava tudo brilhante madeiras,PorSi,Embalagem de 1.1 litros,"4,39 €","14,63 €/L"
Salsichas extra suculentas de frango,Nobre,Frasco de 210g,"0,75 €","3,75 €/Kg"
Pai Natal de Chocolate,PorSi,Embalagem de 125 g,"0,69 €","11,50 €/Kg"
Compasso eco simples,Bic,1 unidade,"1,99 €","1,99 €/Unidade"
Spray limpa vidros,Ajax,Embalagem de 500 ml,"3,19 €","6,38 €/L"
Marmelada,Ferbar,Embalagem de 800g,"1,09 €","2,42 €/Kg"
Queijo brie 60% mg,Páturages,Embalagem de 200 g,"1,45 €","7,25 €/Kg"
Tostas suecas integrais,PorSi,Embalagem de 225 g,"2,39 €","6,83 €/Kg"
Sobremesa gelatina de morango,PorSi,Embalagem 4X100G,"0,85 €","2,13 €/Kg"
Azeitona preta,PorSi,Embalagem de 560 g,"1,79 €","2,29 €/Kg"
Bolachas crackers com sal,PorSi,Embalagem de 500g,"0,39 €","3,12 €/Kg"
Desodorizante Calçado,Búfalo,Embalagem de 100 ml,"5,09 €","50,90 €/L"
Patê frango,La piara,Embalagem de 80g,"1,19 €","13,52 €/Kg"
"Recarga para ambientador elétrico, white bouquet duo",Air Wick,Embalagem de 2 unidades,"11,98 €","11,98 €/Unidade"
Tablete de chocolate preto,Nestle,Embalagem de 130g,"0,99 €","4,95 €/Kg"
"Chantilly, spray",Páturages,Embalagem de 250g,"1,12 €","5,60 €/L"
Pack 4 potes,Play-Doh,4 unidades,"32,99 €/Unidade","32,99 €/Unidade"
Gogo SqueeZ Snack de Maçã,Gogo,Embalagem de 4 x 90g,"2,29 €","6,94 €/L"
Creme vitalift 5,Men expert,Embalagem de 50 ml,"5,99 €","14,98 €/L"
Champô Caracóis Hidratados,Tresemmé,500 ml,"5,59 €","13,98 €/L"
Ambientador elétrico botanica Vetiver das Caraíbas &...,Air Wick,1 unidade,"11,99 €","11,99 €/Unidade"
Sementes de girassol,PorSi Viva Bem,Embalagem de 200 g,"1,59 €","10,60 €/Kg"
Salsicha fresca merguez,PorSi,Embalagem de 330 g,"0,60 €","5,99 €/Kg"
Bolachas vitalday recheio avelã,Gullon,Embalagem de 220g,"3,09 €","10,30 €/Kg"
Néctar de laranja,Bongo,Garrafa de 1 l,"0,99 €","0,99 €/L"
Liegeois de chocolate,Milchfrisc,Embalagem de 200g,"0,55 €","2,75 €/Kg"
Corantes alimentares ducros,Vahine,Garrafa de 20 ml,"1,89 €","17,18 €/Kg"
Dessert topping chocolate,Winsenia,Embalagem de 300g,"1,29 €","3,23 €/Kg"
Lava tudo antibacteriano floral,PorSi,"Garrafa de 1,5 l","1,89 €","1,26 €/L"
Vinho regional lisboa branco,Marginal,Garrafa de 750 ml,"3,99 €","5,32 €/L"
Lixívia Tradicional,Neoblanc,Embalagem de 4 l,"1,74 €","0,35 €/L"
Areia para gato aglomerante,PorSi,Embalagem de 5 litros,"1,19 €","0,24 €/Kg"
Polpa de tomate em garrafa,Compal,Embalagem de 1 kg,"3,84 €","24,00 €/Kg"
Polpa de cebola e alho,PorSi,Embalagem de 500 g,"3,84 €","24,00 €/Kg"
Bolachas waffers com recheio de limão,Cuetara,Embalagem de 150 gr,"0,98 €","4,67 €/Kg"
Carro de Corrida de Rua,Lego,1 unidade,"32,99 €/Unidade","32,99 €/Unidade"
Travessas retangulares em cana-de-açúcar 26 x 13 mm,PorSi,6 unidades,"1,15 €","1,15 €/Unidade"
Chá preto frutos vermelhos,PorSi,Embalagem de 40g,"1,99 €","49,75 €/Kg"
Cordon bleu,PorSi,Embalagem de 1 kg,"2,79 €","8,72 €/Kg"
Sopa de Cebola,PorSi,Embalagem de 62 g,"0,84 €","13,55 €/Kg"
Pudim flan,PorSi,Embalagem de 4 x 5.6 g,"0,59 €","29,50 €/Kg"
Sementes de chia,PorSi Viva Bem,Embalagem de 150 g,"1,59 €","10,60 €/Kg"
"Gel barbear, proglide 2em1 Sport",Gillette,Embalagem de 170 ml,"1,16 €","4,64 €/L"
Rebuçados peitorais,Dr.bayard,Embalagem de 200g,"0,77 €","3,85 €/Kg"
Piaçaba com suporte,PorSi,1 unidade,"6,29 €","27,96 €/Kg"
Iogurte grego maçã e canela,Danone,Embalagem de 4 x 110 g,"1,49 €","2,98 €/Kg"
Iogurte oikos pêssego,Danone,Embalagem de 4 x 110g,"1,49 €","2,98 €/Kg"
Gelado cornetto mini clássico,Olá,Embalagem de 8 x 60 ml,"1,99 €","4,15 €/L"
Sobremesa danette chocolate,Danone,Embalagem de 4 x 125 g,"1,19 €","2,59 €/Kg"
Lula limpa 20/40,PorSi,Embalagem de 800 g,"8,99 €","11,24 €/Kg"
Batata Pré-Frita Croquettes,PorSi,Embalagem de 1 kg,"1,39 €","1,39 €/Kg"
Creme p/ Calçado Castanho,Búfalo,Embalagem de 50 ml,"0,99 €","19,80 €/L"
Cerveja preta,Sagres,pack de 6 x 25 cl,"1,99 €/L","1,99 €/L"
Ervilhas bio,PorSi Bio,Frasco com 290 g,"1,79 €","2,29 €/Kg"
Argolas Romana,PorSi,Embalagem de 400 g,"1,79 €","7,16 €/Kg"
Queijo azul,PorSi,100 g,"1,89 €","18,90 €/Kg"
Pensos Higiénicos Cottonlike Super Com Abas,Evax,12 unidades,"2,59 €","2,59 €/Unidade"
Pensos Higiénicos Ultra Air Dry C/ Abas,Ausonia,embalagem com 14 un.,"2,59 €","2,59 €/Unidade"
Detergente líquido p/ máquina lavar roupa cores,Woolite,"Garrafa de 1,65 l","13,99 €","3,29 €/L"
Sabonete extra suave de limão,Labell,Embalagem de 2x100 g,"1,99 €","12,44 €/Kg"
Cereais fitness,Nestle,Embalagem de 630g,"3,99 €","13,30 €/Kg"
Aroma baunilha,Vahine,Embalagem de 20g,"1,89 €","17,18 €/Kg"
Iogurte de morango sem lactose,PorSi Viva Bem,4 x 125 g,"2,59 €","5,40 €/Kg"
Vinho Rosé Regional Península de Setúbal,Catarina,Garrafa de 750 ml,"2,99 €","3,99 €/L"
Conjunto Batman,Corine de Farme,,"22,99 €","22,99 €/Unidade"
Sardinha Pequena,Peixe Congelado,1 un= 250 gr (aprox.),"1,00 €","4,99 €/Kg"
Whisky tullamore dew,Tullamore,Garrafa de 700 ml,"19,99 €","19,99 €/L"
Oikos morango 110g x4,Danone,Embalagem de 440g,"1,49 €","2,98 €/Kg"
Detergente Multiusos Spray,Ajax,Garrafa de 500 ml,"1,19 €","0,79 €/L"
Facas milho biodegradáveis,PorSi,6 unidades,"1,15 €","1,15 €/Unidade"
"Guardanapos brancos, 33x33cm, 2 folhas, 90 unidades",Renova,Uma embalagem,"1,29 €","1,29 €/Unidade"
Choco flakes,Cuetara,Embalagem de 500g,"5,07 €/Kg","5,07 €/Kg"
Champô Hidratante,Baby Dove,Embalagem de 400 ml,"4,39 €","21,95 €/L"
Água s/ gás,Luso,Pack 6 x 1.5 l,"1,04 €","0,17 €/L"
Néctar 8 frutos,Bongo,Pack 6 x 200 ml,"0,99 €","0,99 €/L"
"Rebuçados de fruta, diamante",PorSi,Embalagem de 200 g,"1,00 €","5,00 €/Kg"
Linhaça dourada moída,Cemporcent,Embalagem de 200g,"1,49 €","7,45 €/Kg"
Fortnite Blaster Six Shoote,Nerf,1 unidade,"32,99 €/Unidade","32,99 €/Unidade"
Biscoitos integrais aveia e manteiga de amendoim,PorSi Viva Bem,Embalagem de 150g,"0,69 €","3,45 €/Kg"
Mortadela de peru com azeitonas,PorSi,1 un = 150 gr (aprox.),"0,95 €","4,75 €/Kg"
"Sumo 100%, tutti-frutti",PorSi,"Embalagem de 1,5 l","1,09 €","0,73 €/L"
Dentifríco anti-tártaro + branqueador,Colgate,Embalagem de 75 ml,"2,39 €","31,87 €/L"
Pensos Incontinência Mulher Discreet Normal,Tena,Embalagem com 24 unidades,"1,95 €","1,95 €/Unidade"
Bolachas bambolitos chocolate e leite,PorSi,Embalagem de 150g,"0,79 €","5,27 €/Kg"
Mistolin tira-nódoas,Mistolin,Garrafa de 500 ml,"1,79 €","2,39 €/L"
Camião Betoneira,Lego,1 unidade,"32,99 €/Unidade","32,99 €/Unidade"
Cerveja 0.0%,Heineken,Lata de 0.33 l,"5,99 €","3,03 €/L"
Lava tudo para pavimentos de madeira,Ajax,Embalagem de 1 litro,"4,39 €","14,63 €/L"
Cacau magro em pó,PorSi,Embalagem de 125 g,"1,04 €","8,32 €/Kg"
Monopoly super recompensas,Monopoly,,"32,99 €/Unidade","32,99 €/Unidade"
Moscatel de setúbal,Selecção de Enófilos,"Garrafa de 0,75 l","6,79 €/L","6,79 €/L"
Delta solúvel intenso,Delta,Embalagem de 200g,"14,50 €/Kg","14,50 €/Kg"
Vinagre vinho branco 250ml,Cristal,Garrafa de 250 ml,"0,35 €","0,70 €/L"
Leite condensado magro cozido,Nestle,Embalagem de 390g,"4,00 €/Kg","4,00 €/Kg"
Farelo de trigo,Cemporcent,Embalagem de 250g,"1,49 €","7,45 €/Kg"
Champanhe bruto,Delagne & Fils,"Garrafa de 0,75 l","34,99 €","46,65 €/L"
Água c/ gás limão,Frize,pack 4 x 0.25 l,"2,85 €","2,85 €/L"
Spray desinfetante multiusos,Lysol,Embalagem de 500 ml,"1,19 €","0,79 €/L"
Laboratório Mecânica Camião de Mina,Clementoni,1 unidade,"18,29 €","18,29 €/Unidade"
Bolacha waffer bites cacau,Waferland,Embalagem de 125g,"0,98 €","4,67 €/Kg"
Iogurte eleva com fermentos naturais framboesa e amê...,Mimosa,Embalagem de 4 x 115 g,"1,39 €","9,59 €/Kg"
"Inseticida líquido, elétrico, apa",Raid,Embalagem de 21 ml,"6,39 €","6,39 €/Unidade"
Anticongelante vermelho 20%,PorSi,Embalagem de 1 l,"3,49 €","13,96 €/L"
Mimosa bem especial leite e amêndoa,Mimosa,Embalagem de 1 litro,"0,99 €","0,99 €/L"
Atum posta em óleo,Bom petisc,Embalagem de 120 g,"9,08 €/Kg","9,08 €/Kg"
Set e Bolsa Médico,Peppa Pig,,"22,99 €","22,99 €/Unidade"
Cerveja super bock stout,Super Bock,Garrafa de 330 ml,"1,99 €/L","1,99 €/L"
Grelo Nabo Programa Origens,PorSi,1 un= 1 kg (aprox.),"2,84 €","2,84 €/Kg"
Gel de Banho Silk,Dove,Embalagem de 750 ml,"6,39 €/L","6,39 €/L"
Café em cápsulas deqafeitatus,Delta Q,Embalagem de 55 g,"54,36 €/Kg","54,36 €/Kg"
Guardanapos Gold 2 folhas,Renova,Dim.: 39x39cm,"1,29 €","1,29 €/Unidade"
Guardanapos | Dim.: 30 x 33 cm,PorSi,Embalagem com 20 unidades,"1,29 €","1,29 €/Unidade"
"Frutapura maçã, banana e frutos do bosque",Bledina,Embalagem de 85g,"2,29 €","6,94 €/L"
Frutose,PorSi,Boião de 410 g,"6,21 €","6,21 €/Unidade"
Grão de bico,Compal,Lata de 850g,"1,79 €","2,29 €/Kg"
Infusão funcho,Cemporcent,Embalagem de 10 unidades,"0,99 €","76,15 €/Kg"
Gelatina ananás 10kcal,Royal,Embalagem de 30g,"0,55 €","61,11 €/Kg"
Ambientador tealights baunilha,PorSi,embalagem com 18 unidades,"9,49 €","45,19 €/Kg"
Ambientador gel lavanda,PorSi,150 g,"16,63 €/L","16,63 €/L"
Desodorizante roll-on invisible,Rexona,Embalagem de 50 ml,"50,80 €/L","50,80 €/L"
Sal marinho integral,Cemporcent,Embalagem de 1 kg,"0,69 €","0,69 €/Kg"
Azeite virgem extra seleção,PorSi,Garrafa de 2 l,"3,19 €","4,25 €/L"
Garfos milho biodegradáveis,PorSi,6 unidades,"1,15 €","1,15 €/Unidade"
Lambrusco rosé,Sorbello,Garrafa de 0.75 l,"2,12 €/L","2,12 €/L"
Lombos de salmão,PorSi,Embalagem de 300g,"4,39 €","10,98 €/Kg"
Crepe de ovo,PorSi,Embalagem de 540 g,"2,99 €","5,54 €/Kg"
Gelado cornetto morango,Olá,Embalagem de 6 x 90 ml,"1,99 €","4,15 €/L"
Croutons com azeite,PorSi,Embalagem de 150g,"2,39 €","6,83 €/Kg"
Cápsulas de café com leite cappuccino,Nescafe,Embalagem com 16 cápsulas,"54,36 €/Kg","54,36 €/Kg"
Pizza romana,PorSi,Embalagem de 370g,"2,16 €","6,17 €/Kg"
Marmelada,PorSi,Embalagem de 450g,"1,09 €","2,42 €/Kg"
Chá de alcachofra e dente-de-leão,PLANTANATU,Embalagem de 20g,"1,25 €","62,50 €/Kg"
Couve lombardo Programa Origens,PorSi,,"1,99 €","1,99 €/Kg"
"Vela em número, nº 6",PorSi,1 unidade,"0,60 €","0,60 €/Unidade"
Néctar clássico de pera,Compal,Garrafa de 200 ml,"0,99 €","0,99 €/L"
Azeite virgem delicado,Gallo,Garrafa de 750 ml,"3,19 €","4,25 €/L"
"Frigideira anti-aderente, 24cm",PorSi,1 unidade,"11,99 €","11,99 €/Unidade"
"Jogo ""Pizza Express""",Clementoni,1 unidade,"24,90 €","24,90 €/Unidade"
Maionese,PorSi,Embalagem de 414 g,"0,70 €","2,33 €/Kg"
Mistura vegetais para wok,PorSi,Embalagem de 750g,"1,89 €","1,89 €/Kg"
Magnum mini white mix,Olá,Embalagem de 6 x 55 ml,"1,99 €","4,15 €/L"
"Pensos diários maxiplus, 30 unidades",Evax,Uma embalagem,"1,79 €","1,79 €/Unidade"
Frutapura Pouch Banana Morango,Bledina,Embalagem de 85g,"2,29 €","6,94 €/L"
Agrafador ergologic 24/6 +400 agrafos,Maped,1 unidade,"4,29 €","4,29 €/Unidade"
Sabao azul e branco,PorSi,Embalagem de 400g,"1,09 €","2,73 €/Kg"
Tostas integrais,PorSi,Embalagem de 225g,"2,39 €","6,83 €/Kg"
Macarronete integral,Cemporcent,Embalagem de 250g,"1,34 €","2,68 €/Kg"
Fiambre da perna extra baixo teor de gordura fatias ...,PorSi Viva Bem,Embalagem de 200 g,"0,97 €","6,49 €/Kg"
Pão de forma sem côdea especial torradas,Panrico,Embalagem de 510g,"2,63 €/Kg","2,63 €/Kg"
Farinheira das beiras,PorSi,Embalagem de 260G,"1,55 €","5,96 €/Kg"
Bolacha cream cracker,Cuetara,Embalagem de 200g,"0,39 €","3,12 €/Kg"
Recarga mopa 1.2 spray max,Vileda,1 unidade,"2,99 €","2,99 €/Unidade"
Bebida de soja e chocolate,PorSi Viva Bem,Embalagem de 1 l,"2,49 €","2,49 €/L"
Café Moagem Universal Honduras,PorSi,Embalagem de 220g,"9,16 €/Kg","9,16 €/Kg"
Achocolatado zero% açúcares,Nesquik,Embalagem de 345g,"5,59 €","6,99 €/Kg"
Ice tea de pêssego,PorSi,Garrafa de 2 l,"1,90 €","1,27 €/L"
Gel Play Morango,Durex,Embalagem de 50 ml,"9,99 €","9,99 €/Unidade"
Queijo fatiado cheddar,PorSi,Embalagem de 150 g,"1,56 €","7,80 €/Kg"
Feijoada transmontana,Nobre,Embalagem de 420g,"2,35 €","5,60 €/Kg"
Spray óleo amêndoas doces,Hidro,Embalagem de 100 ml,"0,59 €","1,18 €/L"
Carcaça Rústica 70 g,Pão do Dia,,"0,19 €","2,71 €/Kg"
Líquido sanitário ação total pinho,WC Pato,Embalagem de 750 ml,"2,79 €","3,99 €/L"
Morangos 100% Naturais,PorSi,Embalagem de 750 g,"3,29 €","4,39 €/Kg"
Jogo Não saias daqui,Clementoni,1 unidade,"24,90 €","24,90 €/Unidade"
Toalhitas Bebé Nature,PorSi,64 unidades,"1,09 €/Unidade","1,09 €/Unidade"
Bolachas com recheio de chocolate,PorSi,Embalagem de 3 x 250 g,"2,15 €","2,87 €/Kg"
Infusão de camomila,Tetley,Embalagem de 10g,"0,99 €","23,02 €/Kg"
Salmão posta ao natural,PorSi Select,Lata de 120 g,"9,08 €/Kg","9,08 €/Kg"
Cereais nesquik,Nestle,Embalagem de 625g,"5,07 €/Kg","5,07 €/Kg"
Vela com número 4,PorSi,1 unidade,"0,60 €","0,60 €/Unidade"
Fruta para bebé banana laranja bolacha +6 meses,Nestle,Embalagem de 90g,"0,74 €","8,22 €/Kg"
Gel pure 3 em 1,Garnier,Embalagem de 150 ml,"14,99 €","299,80 €/L"
Gel ativo com lixívia,PorSi,Embalagem de 1.5 l,"1,19 €","0,79 €/L"
Agrafador ergologic 24/6 +400 agrafos,Maped,1 unidade,"0,80 €","0,80 €/Unidade"
Ambientador elétrico pure clean linen + recarga,Glade,1 unidade,"11,99 €","11,99 €/Unidade"
Mistura sol sem café granulado,PorSi,Embalagem de 200g,"1,64 €","6,56 €/Kg"
Detergente líquido Ultra Concentrado Loiça Platinium...,PorSi,Embalagem de 500 ml,"0,99 €","1,98 €/L"
Feijão manteiga,Compal,Lata de 410 ml,"1,79 €","2,29 €/Kg"
Leite seleccionado leve,Matinal,Garrafa de 1 l,"0,81 €","0,81 €/L"
Pão ralado clássico,PorSi,Embalagem de 240 g,"0,55 €","2,29 €/Kg"
Creme custard baunilha,Condi,Embalagem de 150g,"0,45 €","5,00 €/Kg"
Salada de fruta em calda,PorSi,Embalagem de 3 x 220 g,"1,99 €","2,37 €/Kg"
Rebuçados peitorais dr. bentes originais,Dr.bentes,Embalagem de 100g,"0,77 €","3,85 €/Kg"
Bebida Solúvel Mokambo Chicória e Café,Nestle,Embalagem de 240g,"14,50 €/Kg","14,50 €/Kg"
Chocolate quente 90 segundos,Lacasa,Embalagem de 350g,"5,59 €","6,99 €/Kg"
"Caixa com saquetas de  pau de canela, 30 unidades",PorSi,Embalagem 90G,"0,25 €","0,25 €/Kg"
"Batata frita wavy, ondulada",PorSi,Embalagem de 90g,"1,06 €","5,73 €/Kg"
Pack de 3 embalagens de polpa de tomate,Compal,Embalagem de 630g,"3,84 €","24,00 €/Kg"
Resguardo para bebé,PorSi,Dim.: 60 x 60 cm,"4,99 €/Unidade","4,99 €/Unidade"
Café c/ cafeína intenso,Nescafe,Embalagem de 100g,"14,50 €/Kg","14,50 €/Kg"
Preparado de bolo de iogurte,PorSi,500 g,"0,45 €","5,00 €/Kg"
Preparado p/ mariscada s/ glúten,Pescanova,Embalagem de 500 g,"2,19 €","8,59 €/Kg"
Inseticida controller baratas,Raid,12 unidades,"6,39 €","6,39 €/Unidade"
Néctar de laranja e cenoura light,PorSi,Embalagem de 3 x 200 ml,"0,84 €","2,55 €/L"
Iogurte ananás 000%,PorSi Viva Bem,Embalagem de 4 x 125 g,"0,99 €","1,32 €/Kg"
Escova plástica (cores sortidas),PorSi,1 unidade,"0,89 €","0,89 €/Unidade"
Licor de anis,Xarao,Garrafa de 700 ml,"5,99 €","8,56 €/L"
Pipocas coloridas,Orcape,Embalagem de 100g,"0,79 €","7,90 €/Kg"
Feijão preto,Legumes secos,1 un = 100 gr. (aprox.),"0,26 €","2,59 €/Kg"
Óleo alimentar,Vêgê,Embalagem de 1 l,"3,39 €","3,39 €/L"
Tablete de chocolate oreo,Milka,Embalagem de 300g,"5,30 €/Kg","5,30 €/Kg"
Piripiri grão,PorSi,Saqueta de 20 g,"0,25 €","0,25 €/Kg"
Sopa rabo de boi económica,Knorr,Embalagem de 60g,"0,84 €","13,55 €/Kg"
Sementes de girassol,Cemporcent,Embalagem de 150 G,"1,39 €","9,27 €/Kg"
Lou Provence Rosé,Peyrassol,0.75 litros,"6,89 €","9,19 €/L"
Royal gelatin,Royal,Embalagem de 400g,"0,85 €","2,13 €/Kg"
Pescada panada em forma de filete,Pescanova,Embalagem de 1 Kg,"4,39 €","10,98 €/Kg"
"Escova de cabelo, pneumática javali",Labell,Uma unidade,"3,99 €","3,99 €/Unidade"
Fiambre da Perna Extra,PorSi,1 un = 150 gr (aprox.),"0,97 €","6,49 €/Kg"
Bebida aveia-amêndoa,Alpro,Embalagem de 1 litro,"1,19 €","1,86 €/L"
Recarga rolo tira pelos,PorSi,1 unidade,"11,99 €","11,99 €/Unidade"
Cuecas Incontinência Unisexo Pants Super M,Tena,Unidade,"18,65 €","18,65 €/Unidade"
Cubos de tamboril,Mar Ibérica,Embalagem de 250 g,"4,39 €","10,98 €/Kg"
Penso Higiénico Ultrafinos Normal Abas,PorSi,16 unidades,"2,59 €","2,59 €/Unidade"
Aptamil  prosyneo ha 2,Aptamil,Embalagem de 800g,"22,39 €","27,99 €/Kg"
Bolachas cream cracker sesamo,Vieira,Embalagem de 200g,"0,39 €","3,12 €/Kg"
Bolachas cereais e pepitas de chocolate,PorSi,Embalagem de 400 g,"0,90 €","6,00 €/Kg"
Espetadas,Porco,1 un = 150 gr (aprox.),"4,88 €","4,88 €/Kg"
Bolacha dibus mini angry birds,Gullon,Embalagem de 250g,"1,89 €","15,75 €/Kg"
Pudim de chocolate,Boca Doce,Embalagem de 20g,"0,59 €","29,50 €/Kg"
"Abs odores lavanda, pack 2x150g",Glade,Embalagem de 2x150 g,"16,63 €/L","16,63 €/L"
Pensos higiénicos liberty noite abas,Evax,Embalagem com 9 un.,"2,59 €","2,59 €/Unidade"
Doce de abóbora c/ noz,Quinta de Jugais,Embalagem de 280g,"2,99 €","8,67 €/Kg"
Balões latex verde,PorSi,Embalagem com 24 unidades,"1,54 €","1,54 €/Unidade"
Creme de Mãos Intensivo,Nivea,Embalagem de 100 ml,"2,49 €","41,50 €/L"
Máscara tesouros de mel,Garnier,Embalagem de 300 ml,"6,79 €","22,63 €/L"
Ultra AMP,Nerf,1 un.,"32,99 €/Unidade","32,99 €/Unidade"
Danacol natural,Danone,Embalagem de 6 x 100 g,"3,99 €","6,65 €/Kg"
Penso de incontinência boutique mini,Ausonia Discreet,Embalagem de 16 un.,"1,95 €","1,95 €/Unidade"
Amendoim cremoso,Cemporcent,Embalagem de 510g,"3,99 €","7,98 €/Kg"
Tira nódoas oxy limpa a seco sem deixar manchas,PorSi,Embalagem de 200 ml,"3,99 €","5,70 €/L"
Frango Inteiro Grande,Frango,1 un = 1.6 kg (aprox.),"3,98 €","2,49 €/Kg"
Eletrodomésticos Pequenos 100% Chef,Écoiffier,1 unidade,"32,99 €/Unidade","32,99 €/Unidade"
Vinho do Porto Tawny,Velhotes,"garrafa de 0,75 l","6,29 €","8,39 €/L"
Desumidificador Premium,HUMYDRY,450 g,"11,99 €","11,99 €/Unidade"
Cabo de metal com rosca,PorSi,1.20 m,"2,99 €","2,99 €/Unidade"
"Creme revitalizante, noite",L'oreal,Embalagem de 50 ml,"14,99 €","299,80 €/L"
Adoçante em pó,Canderel,Embalagem de 90g,"6,21 €","6,21 €/Unidade"
Abobora cubos,PorSi,Embalagem de 500g,"1,89 €","1,89 €/Kg"
Sal marinho grosso,Vatel,Embalagem de 1 kg,"0,25 €","0,25 €/Kg"
Helicóptero da polícia,Playmobil,1 unidade,"32,99 €/Unidade","32,99 €/Unidade"
Salsicha fresca merguez,PorSi,Embalagem de 330 g,"4,85 €","14,70 €/Kg"
Lasanha bolonhesa,Iglo,Embalagem de 300g,"2,16 €","6,17 €/Kg"
Recarga Esfregona de Microfibras,PorSi,1 unidade,"8,99 €","8,99 €/Unidade"
Sumo essencial kids,Compal,pack 3 x 0.11 l,"2,29 €","6,94 €/L"
"Sabonete líquido de leite de amêndoas, recarga",Palmolive,Embalagem de 300 ml,"4,99 €","9,98 €/L"
Batata Roxa,PorSi,10 kg,"0,65 €/Kg","0,65 €/Kg"
Legumes grelhados,PorSi,Embalagem de 750g,"1,89 €","1,89 €/Kg"
Cebola picada em pacote,PorSi,Embalagem de 40 g,"0,25 €","0,25 €/Kg"
Vela com número nº 6,PorSi,1 unidade,"0,60 €","0,60 €/Unidade"
Leite Meio Gordo sem Lactose,Mimosa,Pack 4 x 200 ml,"0,99 €","0,99 €/L"
Cereais Forma Natura,PorSi,500 g,"3,99 €","13,30 €/Kg"
Borracha para lápis e tinta,Domédia,1 unidade,"3,09 €","3,09 €/Unidade"
Ovo Escavação c/ 5 Surpresas,Jurassic World,1 un.,"24,90 €","24,90 €/Unidade"
Néctar de pera rocha e framboesa do Oeste Algarve,Compal,1 litro,"0,99 €","0,99 €/L"
