Nome,Marca,Unidade,Preço Primário,Preço Secundário
"Lixívia, perfume fresco",Neoblanc,Embalagem de 4 l,"2,19 €","1,10 €/L"
Miolo de camarão 80/100,Pescanova,Embalagem de 350g,"8,99 €","25,69 €/Kg"
Castanhas,PorSi,Embalagem de 500G,"4,99 €","9,98 €/Kg"
Dourada Pequena,Peixe do Dia,"Vendido ao peso, de 200 a 600 g","6,49 €/Kg","6,49 €/Kg"
Saqueta de puré de fruta | maçã + banana + morango,PorSi,90 g,"0,74 €","8,22 €/Kg"
Cabo de metal com rosca,PorSi,1.20 m,"2,20 €","2,20 €/Unidade"
Ambientador vela odor tabaco,PorSi,1 unidade,"4,99 €","4,99 €/Unidade"
Guardanapos 2 folhas vermelhos e dourado,PorSi Select,40 unidades,"1,29 €","1,29 €/Unidade"
Ambientador arbremagique pinho,Arbre Magique,1 unidade,"1,99 €","1,99 €/Unidade"
"Fita apanha moscas, com 4 unidades",Neokill,4 unidades,"5,09 €","8,48 €/L"
Borracha para lápis e tinta,Domédia,1 unidade,"3,19 €","3,19 €/Unidade"
Saco de cama criança,Saurium,1 un.,"14,99 €","14,99 €/Unidade"
Recarga rolo tira pelos,PorSi,1 unidade,"1,09 €","1,09 €/Unidade"
Maxi folhado queijo/fiambre,Pastelaria do Dia,1 unidade = 125 g,"0,65 €","0,65 €/Unidade"
Tisana de chá verde/limão light,Pleno,"Garrafa de 1,5 l","1,14 €","0,76 €/L"
Detergente Líquido p/ Loiça Original,Fairy,"Embalagem de 1,19 l","1,05 €","2,10 €/L"
Camisola segunda pele 30D preto t. único,PorSi,1 unidade,"4,69 €","4,69 €/Unidade"
Muesli 3 chocolates,PorSi,500 g,"2,24 €","4,48 €/Kg"
Porto white,Ferreira,Garrafa de 750 ml,"11,99 €","15,99 €/L"
Queijo fatias -50% gordura,Terra Nostra,Embalagem de 400g,"1,96 €","9,80 €/Kg"
Whiskey bourbon,J.daniels,Garrafa de 700 ml,"32,99 €","47,13 €/L"
Desumidificador e Ambientador Mini,HUMYDRY,embalagem de 75g,"4,59 €","61,20 €/Kg"
Vassoura cruzeta,PorSi,1 unidade,"2,20 €","2,20 €/Unidade"
Bebida energética ultra white,Monster,Garrafa de 500 ml,"5,39 €","5,39 €/L"
Carte d'or cake romantica,Olá,Embalagem de 750 ml,"2,57 €","7,79 €/Kg"
Spray casa de banho,Neoblanc,Embalagem de 500 ml,"2,59 €","1,30 €/L"
Água Tónica Zero,Schweppes,Garrafa de 1 l,"5,39 €","5,39 €/L"
Iogurte infantil c/ drageias coloridas,PorSi,140 g,"1,05 €","1,86 €/L"
Iogurte líquido morango,PorSi,Embalagem de 8x160 ml,"1,31 €","2,05 €/Kg"
"Queijo light, 8 porções",A Vaca Que Ri,Embalagem de 140 g,"2,39 €","19,92 €/Kg"
Tablete de chocolate negro,PorSi Select,200 g,"0,65 €","6,50 €/Kg"
Sobremesa banana/laranja/bolacha,Nestle,Embalagem de 4 x 100 g,"2,89 €","7,23 €/Kg"
Vinho tinto regional alentejano,Tapada do Barão,Garrafa de 0.75 l,"2,89 €","3,85 €/L"
"Limpa móveis pistola, aloé vera",Pronto,Embalagem de 500 ml,"1,29 €","0,86 €/L"
Vinho doc douro tinto,Papa Figos,Garrafa de 0.75 l,"7,49 €","9,99 €/L"
Água c/ gás groselha,Frize,pack 4 x 0.25 l,"2,85 €","2,85 €/L"
Pacote maçã e pêssego,Nestle,Embalagem de 90 g,"0,74 €","8,22 €/Kg"
"Luvas multiusos relevo antiderrapante, tamanho grand...",PorSi,Embalagem de 1 unidades,"0,69 €","0,69 €/Unidade"
Conjunto de medição,Maped,4 peças,"3,29 €","3,29 €/Unidade"
8 hamburguers s/ glúten frango,Capitão Iglo,Embalagem de 480g,"2,79 €","8,72 €/Kg"
Miolo de camarão cozido 40/60,Pescanova,Embalagem de 200 g,"8,99 €","25,69 €/Kg"
Limpa vidros recarga tripla ação,Ajax,Embalagem de 500 ml,"3,19 €","6,38 €/L"
Palitos superfinos,PorSi,Embalagem de 400 unidades,"1,50 €","1,50 €/Unidade"
"Iogurte pedaços, frutimax muesli",PorSi,Embalagem de 4 x 125 g,"4,38 €","2,19 €/Kg"
Cebolinho,PorSi,Embalagem de 50g,"0,99 €","19,80 €/Kg"
Sumo essencial de pêssego,Compal,pack 3 x 0.11 l,"0,99 €","0,99 €/L"
Gel de banho bio kids,Corine de Farme,300 ml,"6,49 €","8,65 €/L"
10 nuggets de frango,Capitão Iglo,Embalagem de 210g,"2,79 €","8,72 €/Kg"
Ambientador sense e spray lavanda e jasmim,Glade,18 ml,"3,74 €","3,74 €/Unidade"
Néctar clássico laranja,Compal,Embalagem de 1 l,"0,99 €","0,99 €/L"
Tintureira Posta,Peixe Congelado Higienizado,Vendido ao peso,"4,55 €","12,99 €/Kg"
"Coloração permanente, castanho claro cobre nº54",Nutrisse,1 unidade,"9,49 €/Unidade","9,49 €/Unidade"
Esfregona Microfibras Eco,Vileda,1 un.,"0,89 €","0,89 €/Unidade"
Guardanapos 2 folhas azul e dourado,PorSi Select,40 unidades,"1,29 €","1,29 €/Unidade"
Gelado magnum after dinner,Olá,Embalagem de 10 x 35 ml,"5,99 €","16,64 €/L"
Sortido tradição,Frusel,Embalagem de 250 g,"1,89 €/Kg","1,89 €/Kg"
Mortadela de peru com azeitonas,PorSi,1 un = 150 gr (aprox.),"1,05 €","6,99 €/Kg"
Bolachas digestive aveia e laranja,Gullon,Embalagem de 430g,"0,84 €","2,80 €/Kg"
Óleo de girassol,PorSi,garrafa de 3 litros,"3,39 €","3,39 €/L"
Manteiga magra baixo teor sal,President,Embalagem de 250g,"1,89 €","7,56 €/Kg"
"Forma de papel para bolos, 9 cm, 60 unidades",PorSi,Uma embalagem,"0,99 €","0,99 €/Unidade"
Estojo redondo,PorSi,1 unidade,"15,90 €","15,90 €/Unidade"
Salsichas de porco,Nobre,Lata de 200g,"0,75 €","3,75 €/Kg"
Esferográfica Cor Sortida Média,Mab,Embalagem com 4 un.,"2,69 €","2,69 €/Unidade"
Salsichas frasco hot dog,PorSi,Embalagem 540G,"0,75 €","3,75 €/Kg"
Plantanatur gorduras dia e noite refeições,PLANTANATU,Embalagem de 1 unidades,"7,59 €","126,50 €/Kg"
Salsichão fuet nobreza,Elpozo,Embalagem de 200 g,"1,35 €","16,88 €/Kg"
Ambientador carro difusor aqua,Ambipur,1 unidade,"1,99 €","1,99 €/Unidade"
Arroz estufado,Caçarola,Embalagem de 1 kg,"1,26 €","1,26 €/Kg"
Pensos Higiénicos Ultra Air Dry C/ Abas,Ausonia,embalagem com 14 un.,"4,99 €","4,99 €/Unidade"
Lápis de cera,Giotto,embalagem com 12 unidades,"4,69 €","4,69 €/Unidade"
Limpa Motores,PorSi,Embalagem de 1 l,"3,99 €","0,80 €/L"
Refrigerante c/ gás ananás,Sumol,pack 4 x 1.25 l,"0,79 €","0,40 €/L"
Café lote normal moagem grossa,PorSi,Embalagem de 250 g,"3,49 €","13,96 €/Kg"
Emulsão p/ higiene intima sensitive,Dystron,Embalagem com 200 ml,"7,69 €","19,23 €/L"
Óleo Performa C3 5W40 Sintético,Galp,Embalagem de 1 l,"14,99 €","14,99 €/L"
Papa infantil láctea maçã +6 meses,Cerelac,Embalagem de 250g,"4,99 €","4,99 €/Kg"
Batata doce frita,PorSi,Embalagem de 150g,"1,01 €","5,46 €/Kg"
Doce light alperce,PorSi,Embalagem de 340g,"3,59 €","10,26 €/Kg"
Polpa tomate biológico,Guloso,Embalagem de 500g,"3,65 €","7,30 €/Kg"
Doce de pêssego com frutose,Salutem,Embalagem de 330g,"3,99 €","7,98 €/Kg"
Linguas de gato,PorSi,Embalagem de 200 g,"0,69 €","3,45 €/Kg"
"Máquina depiladora descartável, Blue II Feminina",Gillette,Embalagem de 5+1 unidades,"3,29 €","3,29 €/Unidade"
Atum posta em óleo,General,Embalagem de 110g,"0,89 €","7,42 €/Kg"
Frutose,Cemporcent,Embalagem de 250g,"1,94 €","3,88 €/Kg"
"Vinho tinto regional, península de setúbal, bag-in-b...",Dom Campos,Garrafa de 5 l,"9,49 €","1,90 €/L"
Fraldas premium T4 - 9 a 15 kg,PorSi,50 unidades,"6,49 €","6,49 €/Unidade"
Arroz extra longo branco,Oriente,Embalagem de 1kg,"1,26 €","1,26 €/Kg"
Anti-Traça Alimentos,Dum Dum,2 unidades,"4,69 €","4,69 €/Unidade"
Mopa com cabo,PorSi,1 unidade,"0,89 €","0,89 €/Unidade"
Arroz vaporizado,Cigala,Embalagem de 1 kg,"1,26 €","1,26 €/Kg"
"Refrigerante com gás, ananás",Sumol,"Garrafa de 1,25 l","0,79 €","0,40 €/L"
Refresco em pó de ananás,PorSi,Embalagem de 40 g,"0,75 €","18,75 €/Kg"
Chá de gengibre,PLANTANATU,Embalagem de 20g,"1,19 €","1,19 €/Unidade"
Linhaça castanha moída,Cemporcent,Embalagem de 200g,"2,29 €","15,27 €/Kg"
Lixívia WC Gel Higienizante,Neoblanc,Embalagem de 700ml,"1,74 €","0,35 €/L"
Bolachas crackers integrais,PorSi,Embalagem de 500g,"0,39 €","3,12 €/Kg"
Pensos peles sensíveis XL,PorSi,5 unidades,"1,69 €","1,69 €/Unidade"
Creme vegetal culinário,Vaqueiro,Embalagem de 250 g,"1,59 €","6,36 €/Kg"
Havana club-añejo 7 anos,Havana,Garrafa de 700 ml,"20,99 €","29,99 €/L"
Bacalhau a bras,PorSi,Embalagem de 300g,"1,79 €","7,16 €/Kg"
Reparador de móveis escuro,Pronto,Embalagem de 100 ml,"4,39 €","14,63 €/L"
Bolachas cacau com recheio baunilha,PorSi,Embalagem de 176 g,"0,79 €","4,49 €/Kg"
Ovos de Galinhas Criadas ao Ar Livre,PorSi,6 ovos frescos,"1,59 €","1,59 €/Unidade"
Detergente liquido para máquina de lavar roupa activ...,Skip,Embalagem de 80 doses,"8,59 €","2,00 €/L"
Ice tea de pêssego,PorSi,Garrafa de 2 l,"1,14 €","0,76 €/L"
Bola de Berlim chocolate,PorSi,85g,"0,30 €/Unidade","0,30 €/Unidade"
Bombons Frutos do Mar,PorSi Select,250 g,"5,25 €","26,25 €/Kg"
Água mineral sem gás,Serra de Fafe,Embalagem de 6x1.5 lt,"1,04 €","0,17 €/L"
Bebida de Soja Natural,PorSi Viva Bem,Pack: 3 x 200 ml,"2,49 €","2,49 €/L"
Lixívia para roupa tradicional,Neoblanc,Embalagem de 2 l,"2,19 €","1,10 €/L"
"Óleo de girassol, 3 a's",Fula,Embalagem 1L,"3,39 €","3,39 €/L"
Cartucho com gás CP-250,Campingaz,1 unidade,"9,99 €","9,99 €/Unidade"
Bolacha dibus sharkies s/ glúten,Gullon,Embalagem de 250g,"1,89 €","15,75 €/Kg"
"Iogurte, sabor a morango",PorSi,Embalagem de 4 x 125 g,"1,87 €","1,25 €/Kg"
Café Solúvel Espresso Intenso,Nescafe,Embalagem de 100g,"1,45 €","14,50 €/Kg"
Cogumelos inteiros,PorSi,Embalagem de 355 g,"2,19 €","2,81 €/Kg"
Chouriço Extra do Ribatejo,PorSi,200 g,"1,22 €","6,78 €/Kg"
Seitan,Salutem,Embalagem de 300g,"0,69 €","0,69 €/Kg"
Mousse cabelo caracois,Labell,Embalagem de 200ml,"3,99 €","53,20 €/L"
Sopa de Caldo Verde,Brilha ali,Vendido ao peso,"1,25 €","3,13 €/Kg"
Azeite Subtil,Gallo,Garrafa de 750 ml,"3,29 €","4,39 €/L"
Bolachas barquette morango,Lu,Embalagem de 120g,"1,77 €","5,53 €/Kg"
Chourico vinho das beiras,PorSi,Embalagem de 280g,"1,22 €","6,78 €/Kg"
Bolachas marinheiras linhaça,Cemporcent,Embalagem de 200 g,"2,69 €","13,45 €/Kg"
Álcool canforado 85%,PorSi,Embalagem de 250 ml,"1,69 €","1,69 €/Unidade"
Lenços Bolso 15X10 3f,PorSi,1 Unidade,"0,89 €","0,89 €/Unidade"
Balões latex azul,PorSi,Embalagem com 24 unidades,"1,54 €","1,54 €/Unidade"
Bala spray,Redex,Embalagem de 400 ml,"3,99 €","0,80 €/L"
Mousse limpeza refresh,Labell,Embalagem com 150ml,"12,48 €/L","12,48 €/L"
Cobertura de tartes,Vahine,Embalagem de 20g,"1,89 €","17,18 €/Kg"
Cereais all bran,Kellogg's,Embalagem de 380g,"5,59 €","8,87 €/Kg"
Muesli tropical,Cemporcent,Embalagem de 500g,"0,69 €","1,73 €/Kg"
Faca santoku 16 cm,PorSi,1 unidade,"4,75 €","4,75 €/Unidade"
Anti-Traças Papel 4 Seasons Floral,Raid,1 Embalagem c/12 unidades,"4,69 €","4,69 €/Unidade"
Iogurte natural 0%,PorSi Viva Bem,Embalagem de 6 x 125 g,"0,99 €","1,98 €/Kg"
Iogurte fruta batida morango,Mimosa,Embalagem de 480g,"1,49 €","2,98 €/Kg"
Pensos diários maxi,Carefree,Embalagem com 64 unidades,"1,79 €","1,79 €/Unidade"
Bolachas recheadas com morango e cheesecake,Oreo,Embalagem de 150g,"0,79 €","4,49 €/Kg"
Leite condensado,Nestle,Embalagem de 370g,"1,09 €","2,75 €/Kg"
"Mistura de couve flor, brócolos e cenoura",PorSi,Embalagem de 1 kg,"1,98 €","1,98 €/Kg"
Pensos resistentes à água,PorSi,Embalagem com 15 unidades,"1,69 €","1,69 €/Unidade"
Iogurte natural açucarado em frasco de vidro,PorSi,Embalagem de 2 x 125 g,"0,99 €","1,98 €/Kg"
Removedor de bolores e fungos,Uhu,Embalagem de 500 ml,"1,79 €","2,39 €/L"
Ovos Galinha Solo S,PorSi,6 unidades,"1,59 €","1,59 €/Unidade"
"Fitness granola chocolate, amêndoas e quinoa com 51%...",Nestle,Embalagem de 300 g,"5,59 €","8,87 €/Kg"
Detergente para loiça plus + limão,Super Pop,Embalagem de 1L,"1,05 €","2,10 €/L"
"Água com gás, sabor limão",PorSi,"Embalagem de 6x0,25 l","2,85 €","2,85 €/L"
Ração para gato adulto com salmão e legumes,Friskies,Embalagem de 2 kg,"2,19 €","5,48 €/Kg"
Azeite virgem extra gourmet,Gallo,Garrafa de 750 ml,"3,29 €","4,39 €/L"
Lasanha à bolonhesa,PorSi,Embalagem de 1 kg,"3,99 €","9,98 €/Kg"
Snacks para Cão Markies Mini,Pedigree,Embalagem de 500 g,"1,09 €","6,06 €/Kg"
Cuvete para gelo com tampa,PorSi,1 unidade,"4,99 €","4,99 €/Unidade"
Collant opac microfibra preto 60D,PorSi,Tamanho: xl,"1,89 €","1,89 €/Unidade"
Cadeira Auto Ever Safe Grupo 1/2/3,Bebéconfort,unidade,"24,99 €","24,99 €/Unidade"
Comida húmida para gato carnes e legumes com molho,PorSi,Embalagem de 1.2 kg,"3,49 €","10,26 €/Kg"
Vinagre de vinho branco,Cristal,Garrafa de 750 ml,"0,35 €","0,70 €/L"
Detergente Máquina Roupa Liquido Bebé,PorSi,50 doses,"9,99 €","9,99 €/Unidade"
Esfregona suave completa,Vileda,1 unidade,"0,89 €","0,89 €/Unidade"
Oleo alimentar,PorSi,Garrafa de 1 l,"3,39 €","3,39 €/L"
Patê figado de porco,La piara,Embalagem de 80g,"1,19 €","13,52 €/Kg"
"Lava tudo, vinagre",Cif,"Garrafa de 1,4 l","0,99 €","0,50 €/L"
"Agrafos nº24/6, 2000 unidades",Maped,Uma embalagem,"1,35 €","1,35 €/Unidade"
Porto ruby,Valadao,Garrafa de 750 ml,"5,99 €","7,99 €/L"
Adoçante comprimidos,PorSi,Embalagem de 250 saquetas,"5,99 €","23,96 €/Kg"
Creme Depilatório Peles Sensíveis,Veet,Embalagem de 200 ml,"3,29 €","3,29 €/Unidade"
Noz com casca 28/30,Frutos secos,1 un = 200 gr (aprox.),"0,98 €","4,89 €/Kg"
Café solúvel clássico,Nescafe,Embalagem de 200g,"1,45 €","14,50 €/Kg"
Chip choco diet nature,Gullon,Embalagem de 130g,"0,79 €","5,27 €/Kg"
Batata frita palha,Pala-pala,Embalagem de 250g,"0,87 €","5,44 €/Kg"
Buondi extreme cafe moido 12x200g,Buondi,Embalagem de 200g,"3,49 €","13,96 €/Kg"
Leite uht gordo,Agros,Embalagem de 1 litro,"1,04 €","1,04 €/L"
Sopa de cozido,Knorr,Embalagem de 70g,"0,62 €","10,00 €/Kg"
Gelado magnum pint amêndoas,Olá,Embalagem de 440 ml,"2,62 €","2,62 €/L"
Bolachas maria,PorSi,Embalagem de 200g,"1,69 €","2,11 €/Kg"
Pilha alcalina classic lr20x2,Domédia,1 unidade,"1,49 €","1,49 €/Unidade"
Gelado sandwich nata/chocolate,PorSi,Embalagem de 6x100 ml,"5,99 €","16,64 €/L"
"Patê de sardinha,atum e salmão",PorSi,Embalagem de 4 x 22 g,"1,19 €","13,52 €/Kg"
Champô Purificante,Pantene,640ml,"5,59 €","13,98 €/L"
Reparador de móveis escuro,PorSi,Embalagem de 200 ml,"4,39 €","14,63 €/L"
Formas de alumínio 950 ml,PorSi,5 unidades,"1,10 €","1,10 €/Unidade"
Crack.c/sal na superficie 560g,GRAN PAVES,Embalagem de 560g,"0,39 €","3,12 €/Kg"
Collant mousse muskade 20D,PorSi,Tamanho: l,"1,89 €","1,89 €/Unidade"
Pescoços,Frango,1 un = 200 gr (aprox.),"0,50 €","4,99 €/Kg"
Comida húmida para gato júnior,PorSi,Embalagem de 4 x 100 g,"3,49 €","10,26 €/Kg"
"Cera cabelo, Paste Urban",Axe,Embalagem de 130 ml,"3,99 €","53,20 €/L"
Mortadela de peru fatiada,PorSi,Embalagem de 200g,"1,05 €","6,99 €/Kg"
Manteiga de amendoim cremosa,Prozis,Embalagem de 500g,"10,26 €/Kg","10,26 €/Kg"
Queijo curado mistura,PorSi,190 g,"2,89 €","15,21 €/Kg"
Bolacha Maria Integral,PorSi,Embalagem de 600g,"0,84 €","2,80 €/Kg"
Borrego Inteiro/Metades,Borrego,"1/2 un = 7 kg,  1 un = 14 kg (aprox.)","59,43 €","8,49 €/Kg"
Espetos para crustáceos,PorSi,1 unidade,"4,99 €","4,99 €/Unidade"
Polvilho azedo,PorSi,Embalagem de 500g,"2,29 €","4,58 €/Kg"
Chispalhada com feijão,Nobre,Embalagem de 420g,"2,35 €","5,60 €/Kg"
Leite uht gordo,Mimosa,Embalagem de 1 litro,"1,04 €","1,04 €/L"
Uno cartas,Mattel,1 unidade,"9,99 €","9,99 €/Unidade"
Infusão nº 6 sem barriga,Cemporcent,Embalagem de 10 unidades,"0,99 €","76,15 €/Kg"
Senses Watermelon,Trident,1 un.,"0,89 €","59,33 €/Kg"
Snack de milho com queijo,Cheetos,Embalagem de 75 g,"0,79 €","7,90 €/Kg"
Creme para calçado castanho,Splendor,80 ml,"2,49 €","31,13 €/L"
Livro Quero Conhecer Alfabeto,Europrice,1 unidade,"7,50 €","7,50 €/Unidade"
Lenços de bolso kids,Renova,Embalagem sortida com 8 unidades + 2 grátis,"0,89 €","0,89 €/Unidade"
Pão ralado clássico,PorSi,Embalagem de 240 g,"0,72 €","3,00 €/Kg"
10 croquetes de carne,PorSi,Embalagem de 300 g,"1,79 €","7,16 €/Kg"
Gelado menta & chocolate,PorSi,embalagem de 1 l,"2,62 €","2,62 €/L"
Babete Maleavel,Tigex,1 unidade,"5,99 €","5,99 €/Unidade"
Limpa injetores gasolina,PorSi,Embalagem de 250 ml,"14,99 €","14,99 €/L"
Galheteiro Suporte Redondo,Tasty,4 Peças,"4,99 €","4,99 €/Unidade"
Leite creme,El mandari,Embalagem de 90g,"0,79 €","5,27 €/Kg"
Twins,Gullon,pack 2 x 154 g,"2,69 €","13,45 €/Kg"
Pastilhas 60 minutos Spearmint Botlle,Trident,Embalagem com 80g,"0,89 €","59,33 €/Kg"
Polaretti magic milk micro esferas solúveis sabor bi...,Dolfin,Embalagem de 30g,"5,39 €","7,19 €/Kg"
Crackers c/ sal superficie,GRAN PAVES,Embalagem de 250g,"0,39 €","3,12 €/Kg"
8 fantasias do mar,PorSi,Embalagem de 250g,"1,79 €","7,16 €/Kg"
12 Caldos de carne,PorSi,Embalagem de 127 g,"3,84 €","24,00 €/Kg"
Adoçante liquido,PorSi,Garrafa de 125 ml,"5,99 €","23,96 €/Kg"
Abóbora Menina Programa Origens,PorSi,1 un= 1 kg (aprox.),"0,79 €/Kg","0,79 €/Kg"
Queijo meio gordo,D. Pedro,Vendido ao peso a partir de 250 gr,"3,84 €","15,35 €/Kg"
Cogumelos laminados 1/2,PorSi,Embalagem de 355 g,"2,19 €","2,81 €/Kg"
Iogurte mix-in smarties morango,Nestle,Embalagem de 2 x 128 g,"1,05 €","1,86 €/L"
Brandy,Constantin,Garrafa de 700 ml,"15,49 €","15,49 €/L"
Ketchup,PorSi,Embalagem de 300 g,"0,87 €","2,90 €/Kg"
Refrigerante c/ gás zero,Coca-Cola,pack 4 x 1 l,"0,79 €","0,40 €/L"
Granola + classica,Cemporcent,Embalagem de 375g,"1,94 €","3,88 €/Kg"
Bolacha cookie sensations choco,Milka,Embalagem de 160g,"0,79 €","5,27 €/Kg"
Queijo snack gouda,PorSi,Embalagem de 100g,"1,96 €","9,80 €/Kg"
Bolachas Maria sem Açúcar,Vieira de Castro,Embalagem de 300 g,"1,69 €","2,11 €/Kg"
Spray tira nódoas,A+,Embalagem de 750 ml,"9,99 €","36,33 €/Kg"
Arroz extra longo integral,Saludaes,Embalagem de 1 kg,"1,26 €","1,26 €/Kg"
Anéis Empilháveis,Baby Clementoni,1 unidade,"9,99 €","9,99 €/Unidade"
Porto ruby,Ferreira,Garrafa de 750 ml,"5,99 €","7,99 €/L"
Sabonete original,Palmolive,Embalagem de 4x90 g,"1,99 €","12,44 €/Kg"
"Vinagre balsâmico, spray",Paladin,Garrafa de 250 ml,"0,35 €","0,70 €/L"
As minhas primeiras receitas - refeição esparguete c...,Nestle,Embalagem de 190g,"2,19 €","11,53 €/Kg"
20 saquetas chá de baunilha c/ caramelo,Lipton,Embalagem de 40g,"58,44 €/Kg","58,44 €/Kg"
"Luvas multiusos relevo antiderrapante, tamanho médio",PorSi,Embalagem de 1 unidades,"0,69 €","0,69 €/Unidade"
Danacol morango,Danone,Embalagem de 6 x 100 g,"4,15 €/Kg","4,15 €/Kg"
Desodorizante roll-on Invisible,Rexona,Embalagem de 50ml,"1,39 €","6,95 €/L"
Brócolos e couve-flor cortados,PorSi,500 g,"5,16 €/Kg","5,16 €/Kg"
Adoçante à base de sucralose em pó,PorSi,Embalagem de 90g,"5,99 €","23,96 €/Kg"
Ambientador tealights frutos vermelhos,PorSi,embalagem com 18 unidades,"4,99 €","4,99 €/Unidade"
"Coloração permanente, castanho dourado, nº43",Nutrisse,1 unidade,"9,49 €/Unidade","9,49 €/Unidade"
Infusão tília,Cemporcent,Embalagem de 10 unidades,"0,99 €","76,15 €/Kg"
SuperCeys,Ceys,1 unidade,"2,99 €","99,67 €/Kg"
Cubos de bacon,Porminho,Embalagem de 2x75 g,"1,45 €","18,13 €/Kg"
Azeite,PorSi,Garrafa de 1 l,"3,29 €","4,39 €/L"
Creme vegetal para barrar de chocolate,Tulicreme,Embalagem de 200g,"10,26 €/Kg","10,26 €/Kg"
Sumo 100% pêssego e uva,PorSi,Pack 3 x 200 ml,"1,09 €","0,73 €/L"
Entremeada de novilho,PorSi,Embalagem de 400 g,"4,99 €","12,48 €/Kg"
"Esfregona, algodão, completa",PorSi,1 unidade,"0,89 €","0,89 €/Unidade"
Guardanapos,PorSi,,"1,29 €","1,29 €/Unidade"
Cogumelos laminados,PorSi,Embalagem de 185 g,"2,19 €","2,81 €/Kg"
"Limpa vidros cristal, pistola",PorSi,Embalagem de 1 l,"3,19 €","6,38 €/L"
Pickles em vinagre,PorSi,Embalagem de 200 g,"2,19 €","2,81 €/Kg"
Sobremesa paturette baunilha,Páturages,Embalagem de 4 x 115 g,"1,19 €","2,59 €/Kg"
Queijo Cabra 45% M.G,Bergelou,Vendido ao peso a partir de 250 gr,"1,45 €","7,25 €/Kg"
"Limpa móveis pistola, multissuperfícies",Pronto,Embalagem de 500 ml,"1,29 €","0,86 €/L"
Soja grossa,Cemporcent,Embalagem de 400g,"2,09 €","8,36 €/Kg"
Tampão proteção de confiança,O.B.,1 Embalagem c/32 unidades,"1,39 €","1,39 €/Unidade"
"Guardanapos brancos, 33x33cm, 2 folhas",PorSi,Embalagem com 100 unidades,"1,29 €","1,29 €/Unidade"
Papa infantil láctea 5 frutos +6 meses,Cerelac,Embalagem de 250g,"4,99 €","4,99 €/Kg"
Tira gorduras pistola,Mistolin,Garrafa de 550 ml,"4,89 €","6,52 €/L"
Pão ralado alho e salsa,PorSi,Embalagem de 240 g,"0,72 €","3,00 €/Kg"
Creme p/ Calçado Castanho,Búfalo,Embalagem de 40 ml,"2,49 €","31,13 €/L"
Iogurte liquido proteína yopro baunilha/cookies,Yopro,300 g,"5,97 €/Kg","5,97 €/Kg"
Vinagre de vinho tinto,PorSi,Garrafa de 500 ml,"0,35 €","0,70 €/L"
Anéis Empilháveis,Baby Clementoni,1 unidade,"12,99 €/Unidade","12,99 €/Unidade"
"Esquadro, 21 cm 60.",Domédia,1 unidade,"4,69 €","4,69 €/Unidade"
Cocktail de marisco,PorSi,Embalagem de 400 g,"2,19 €","8,59 €/Kg"
Amendoas em po saq.125g,Vahine,Embalagem de 130g,"1,29 €","3,23 €/Kg"
Toalhitas multiusos limão,PorSi,Embalagem de 80 unidades,"1,79 €","1,79 €/Unidade"
Tomate frito,Heinz,Embalagem de 350g,"3,84 €","24,00 €/Kg"
Cobertura de tartes,Vahine,Embalagem de 20g,"1,29 €","3,23 €/Kg"
Pães de leite,s. tomé,Embalagem de 300 g,"2,59 €","7,40 €/Kg"
Discos de amamentação,PorSi,30 unidades,"5,99 €","5,99 €/Unidade"
Compak Regular Tampões Com Aplicador,Tampax,22 unidades,"1,39 €","1,39 €/Unidade"
Queijo ralado mix 3 queijos,PorSi,Embalagem de 200 g,"1,49 €","7,45 €/Kg"
Óleo para travões,Redex,Embalagem de 250 ml,"14,99 €","14,99 €/L"
Vinho tinto bag-in-box,Capataz,Embalagem de 5 l,"5,19 €","1,04 €/L"
Gelo picado,PorSi,Embalagem de 2 kg,"1,00 €","0,50 €/Kg"
Bolachas vitalday recheio avelã,Gullon,Embalagem de 220g,"2,82 €","9,40 €/Kg"
Creme abrasivo pink flowers,Cif,Garrafa de 700 ml,"0,99 €","1,32 €/L"
Milho partido,Rac.zezere,Embalagem de 5 kg,"4,09 €","0,82 €/Kg"
"Vela em número, nº 8",PorSi,1 unidade,"0,60 €","0,60 €/Unidade"
Buondi café em grão,Buondi,Embalagem de 220g,"9,16 €/Kg","9,16 €/Kg"
Detergente Máquina Roupa Liquido Bebé,Skip,25 doses,"9,99 €","9,99 €/Unidade"
Bolachas starship chocolate,PorSi,Embalagem de 150g,"0,79 €","5,27 €/Kg"
"Pimenta preta, moída, em frasco",PorSi,Embalagem de 43 g,"0,25 €","0,25 €/Kg"
Refresco pó laranja,PorSi,Embalagem de 40g,"0,75 €","18,75 €/Kg"
Leite condensado cozido,Nestle,Embalagem de 400g,"1,09 €","2,75 €/Kg"
Pizza de bolonhesa,PorSi,Embalagem de 350g,"2,32 €","6,27 €/Kg"
Boneca Caty 85 cm,Vicam,1 unidade,"23,99 €","23,99 €/Unidade"
Liégeois Sobremesa de chocolate,Páturages,Embalagem de 4x100 g,"1,19 €","2,59 €/Kg"
Milho inteiro,Rac.zezere,Embalagem de 5 kg,"4,09 €","0,82 €/Kg"
"Queijo em fatias, -50% gordura",Limiano,Embalagem de 200g,"1,96 €","9,80 €/Kg"
Caramelos de fruta,Penha,Embalagem de 100g,"1,19 €","4,76 €/Kg"
Papel vegetal 8m,Vileda,1 unidade,"1,11 €","1,11 €/Unidade"
Elixir Bocal Complete,Oral B,Embalagem de 500 ml,"5,99 €","11,98 €/L"
Pães de leite redondos,s. tomé,Embalagem de 300 g,"2,59 €","7,40 €/Kg"
Cabeça sem Osso,Porco,1 un = 1 kg (aprox.),"0,50 €","4,99 €/Kg"
Vinho regional tejo 3 castas tinto,Fiuza,Garrafa de 750 ml,"4,99 €","6,65 €/L"
Livro do Bambi,Europrice,1 unidade,"7,50 €","7,50 €/Unidade"
Fiambre da pá fatiado,PorSi,200 g,"0,97 €","6,49 €/Kg"
"Rolos cozinha absorção Ultra, Maxi, 2 rolos",Foxy,1 embalagem,"4,99 €","4,99 €/Unidade"
Creme vegetal para culinária,PorSi,Embalagem de 250g,"1,59 €","6,36 €/Kg"
Rolo de cozinha XXL,PorSi,1 rolo,"4,99 €","4,99 €/Unidade"
Queijo flamengo 0% lactose,PorSi Viva Bem,Embalagem de 150 g,"0,99 €","1,98 €/Kg"
Detergente líquido Ultra Concentrado Loiça Platinium...,PorSi,Embalagem de 500 ml,"1,05 €","2,10 €/L"
Vinagre de sidra,Cristal,Garrafa de 500 ml,"0,35 €","0,70 €/L"
Bolachas marinheiras chia,Cemporcent,Embalagem de 200g,"2,69 €","13,45 €/Kg"
Tortitas de milho sem sal,PorSi Viva Bem,Embalagem de 130g,"0,79 €","7,90 €/Kg"
Tira Nódoas Brancos em Pó,Skip,1 kg,"10,99 €","52,33 €/Kg"
Rolo de cozinha reciclado,PorSi,4 rolos,"4,99 €","4,99 €/Unidade"
Longa vida morango tu banana coco 8x120,Longa vida,Embalagem de 960g,"1,87 €","1,25 €/Kg"
Livro Quero Conhecer os Números,Europrice,1 unidade,"7,50 €","7,50 €/Unidade"
Creme bio mãos e unhas,Labell Bio,75 ml,"2,49 €","41,50 €/L"
Sumo florida,Sunny d,"Embalagem de 0,31 l","3,99 €","3,99 €/L"
Vinho rosé regional península de Setúbal,Selecção de Enófilos,Garrafa de 0.75 l,"4,99 €","6,65 €/L"
Néctar clássico tutti-frutti,Compal,Embalagem de 1 l,"0,99 €","0,99 €/L"
Gelado viennetta morango,Olá,Embalagem de 650 ml,"2,62 €","2,62 €/L"
Espresso café arábica,PorSi,250 ml,"3,19 €","25,52 €/Kg"
Pao ralado classico 200g,ESPIGA,Embalagem de 200g,"0,72 €","3,00 €/Kg"
Sabonete glicerina natural,Palmolive,Embalagem de 90 g,"1,99 €","12,44 €/Kg"
Super Cola 3 Precisão C/ 50% Grátis,Loctite,7.5 g,"2,99 €","99,67 €/Kg"
Iogurte magro morango,Longa vida,Embalagem de 6 x 120 g,"1,09 €","1,45 €/Kg"
Eau de Toilette p/Senhora Nº26,Caravan,1 Frasco 150ml,"11,99 €","79,93 €/L"
Elixir bocal total care,Listerine,Embalagem de 500 ml,"5,99 €","11,98 €/L"
Mopa Maxi XXL + 8 Panos,Swiffer,1 unidade,"0,89 €","0,89 €/Unidade"
Loção corporal,Nivea,Embalagem de 400 ml,"12,48 €/L","12,48 €/L"
Recarga para balde com pedal 2 em 1,Vileda,1 unidade,"0,89 €","0,89 €/Unidade"
Vela com número nº 3,PorSi,1 unidade,"0,60 €","0,60 €/Unidade"
Alimento húmido para cão borrego,Pedigree,Embalagem de 300g,"0,75 €","2,50 €/Kg"
Saqueta de puré de fruta | maçã + pêssego + banana +...,PorSi,90 g,"0,74 €","8,22 €/Kg"
Banda térmica alivio dor muscular 29x9cm,PorSi,Embalagem de 2 unidades,"1,69 €","1,69 €/Unidade"
10 Hambúrgueres de porco,PorSi,Embalagem de 600g,"2,79 €","8,72 €/Kg"
Creme Depilatório Peles Sensíveis,Veet,Embalagem de 200 ml,"2,99 €","14,95 €/L"
Manhãzitos® mini,Manhazitos,Embalagem de 84g,"2,05 €","5,13 €/Kg"
Mistura solúvel c/ 20% café pó,PorSi,Embalagem de 200g,"0,79 €","3,16 €/Kg"
Chá sene,PLANTANATU,Embalagem Com 10 saquetas,"1,19 €","1,19 €/Unidade"
Tiras da Costela/Piano,Porco,1 un = 500 gr (aprox.),"1,20 €","4,79 €/Kg"
Ovos | Classe: L,Ovitae,24 unidades,"1,59 €","1,59 €/Unidade"
Amaciador concentrado spa,PorSi,80 doses,"3,99 €","3,99 €/Unidade"
Cuecas de incontinência Plus G,Ausonia,Uma embalagem - 8Unidades,"9,99 €","9,99 €/Unidade"
Manteiga de amendoim,Prozis,Embalagem de 1 kg,"10,26 €/Kg","10,26 €/Kg"
Gronola de aveia arandos/sementes,Nestle,Embalagem de 300g,"5,59 €","8,87 €/Kg"
Bolachas com cobertura de chocolate de leite,Oreo,Embalagem de 250g,"0,79 €","4,49 €/Kg"
Penso de incontinência boutique normal,Ausonia Discreet,Embalagem de 10 un.,"1,95 €","1,95 €/Unidade"
Gel anti séptico deoprotect,Dystron,Garrafa de 400 ml,"7,69 €","19,23 €/L"
Vinho tinto regional alentejo,Rocim,Garrafa de 0.75 l,"2,89 €","3,85 €/L"
Sopa de feijão verde,*,Vendido ao peso,"1,25 €","3,13 €/Kg"
Creme Muda Fralda,Baby Dove,Embalagem de 45 g,"0,55 €","5,50 €/L"
Creme depilatório para peles normais,Labell,Embalagem de 200 ml,"2,99 €","14,95 €/L"
Vela em número nº4,PorSi,1 unidade,"0,60 €","0,60 €/Unidade"
Peluche Unicórnio Interativo,Baby Clementoni,unidade,"23,99 €","23,99 €/Unidade"
Intensificador de perfume em gel para a roupa romanc...,Quanto,300 ml,"9,99 €","36,33 €/Kg"
Sabonete líquido maçãs verdes,Labell,Embalagem de 500 ml,"1,19 €","2,38 €/L"
"Forma papel para bolos, 8. 4cm",PorSi,Embalagem com 60 unidades,"0,99 €","0,99 €/Unidade"
Néctar light de manga/laranja,Compal,Pack 3 x 200 ml,"0,84 €","2,55 €/L"
Papa infantil não láctea bolacha maria +6 meses,Cerelac,Embalagem de 250g,"4,99 €","4,99 €/Kg"
Limpa carpetes,PorSi,Embalagem de 1 litro,"1,79 €","2,39 €/L"
Gel de Banho Orquídea & Cashmere Extract,Nivea,Embalagem de 750 ml,"6,49 €","8,65 €/L"
Sangria tinta,PorSi,Garrafa de 1.5 litros,"2,39 €","1,59 €/L"
Strudel de maçã,PorSi,Embalagem de 550 g,"2,57 €","7,79 €/Kg"
Telemóvel Vibra e Capta,Chicco,1 unidade,"12,99 €/Unidade","12,99 €/Unidade"
Água com gás sabor a tangerina,Frize,"Pack 4x 0,25l","2,85 €","2,85 €/L"
Batata Frita c/ Sal,Ruffles,Embalagem de 160 g,"1,01 €","5,46 €/Kg"
Mistura solúvel mokambo,Nestle,Embalagem de 200g,"0,79 €","3,16 €/Kg"
Corta massas plástico,PorSi,6 unidades,"4,99 €","4,99 €/Unidade"
Topping de morango,Winsenia,Embalagem de 300g,"1,29 €","3,23 €/Kg"
After shave bálsamo sensitive,Labell Men,Embalagem de 100 ml,"1,16 €","4,64 €/L"
Faqueiro essencial,PorSi,16 peças,"4,99 €","4,99 €/Unidade"
Mochila,Eastpak,Dim.: 40 x 38 x 18 cm,"15,90 €","15,90 €/Unidade"
Cerveja sagres,Sagres,20 x 0.25 l,"1,99 €/L","1,99 €/L"
Livro A Cinderela,Europrice,1 unidade,"7,50 €","7,50 €/Unidade"
Lava Tudo Amoniacal,Sonasol,4 litros,"0,99 €","0,50 €/L"
Elixir Bocal ProExpert Proteção Profunda,Oral B,Embalagem de 500 ml,"5,99 €","11,98 €/L"
Amaciador para cabelos pintados,Labell,Embalagem de 200 ml,"1,00 €","5,00 €/L"
Ração para gato adulto de interior,Friskies,"Embalagem de 1,5 kg","2,19 €","5,48 €/Kg"
Pão Regional Rio Maior Inteiro,Pão do Dia,1 unidade= 450 g,"0,19 €","2,38 €/Kg"
Ice tea limão,Lipton,Embalagem de 1L,"1,14 €","0,76 €/L"
Pensos Higiénicos Cottonlike Normal Abas,Evax,embalagem de 16 unidades,"4,99 €","4,99 €/Unidade"
20 saquetas chá yellow label,Lipton,Embalagem de 30g,"58,44 €/Kg","58,44 €/Kg"
Insecticida Casa e Plantas,Raid,400 ml,"5,49 €","13,73 €/L"
Azeite Virgem Extra Planícies do Sul,Gallo,Garrafa de 0.75 l,"3,29 €","4,39 €/L"
Mel em frasco de vidro,PorSi,Embalagem de 250g,"4,89 €","9,78 €/Kg"
Braçadeiras Patrulha Pata,Mondo,1 Embalagem,"2,99 €","2,99 €/Unidade"
Bombons praliné avelã,PorSi Select,100 g,"5,25 €","26,25 €/Kg"
Iogurte natural sem açúcares adicionados,Yogolino,Embalagem de 400g,"1,05 €","1,86 €/L"
28 mini bolinhas bacalhau,PorSi,Embalagem de 300 g,"1,79 €","7,16 €/Kg"
Tablete de chocolate de leite,Nestle,Embalagem de 90g,"0,53 €","5,30 €/Kg"
Massa em espirais,PorSi,Embalagem de 500g,"0,99 €","1,98 €/Kg"
Café solúvel crema,Nescafe,Embalagem de 200g,"1,45 €","14,50 €/Kg"
Água s/ gás limão,Luso,Garrafa de 1 l,"1,04 €","0,17 €/L"
"Escova dentes, slim soft, média",Colgate,1 unidade,"3,49 €","3,49 €/Unidade"
Refrigerante C/ Gás Zero,Coca-Cola,Garrafa de 1 l,"0,79 €","0,40 €/L"
Esferográfica Azul Retratil 0.7mm,Mab,Embalagem com 1 un.,"2,69 €","2,69 €/Unidade"
Shampo repelente p/ cão,Repul' 7,Garrafa de 200 ml,"11,98 €","59,90 €/L"
Queijo P'tits Fondants 8 Porções,PorSi,Embalagem de 140 g,"4,39 €","18,29 €/Kg"
Ervilhas primavera 500g,Iglo,Embalagem de 500g,"1,98 €","1,98 €/Kg"
"Anti-traça lav, pack económico",Raid,Embalagem de 6x3g,"4,69 €","4,69 €/Unidade"
Spray tira gorduras,PorSi,Embalagem de 750 ml,"1,79 €","2,39 €/L"
Quad racy pink 6v,Feber,1 un.,"99,99 €/Unidade","99,99 €/Unidade"
Filetes de atum dos Açores em azeite c/ orégãos,PorSi Select,190 g,"0,89 €","7,42 €/Kg"
Pedras limão,P.salgadas,Garrafa de 1 l,"2,85 €","2,85 €/L"
Gressinos com azeite,PorSi,Embalagem de 250g,"2,39 €","6,83 €/Kg"
Óleo alimentar,PorSi,Garrafão de 3 litros,"3,39 €","3,39 €/L"
Detergente líquido máquina de roupa sabão natural,PorSi,86 Doses,"8,59 €","2,00 €/L"
Cevada solúvel,PorSi,Embalagem de 200g,"0,79 €","3,16 €/Kg"
"Rolos de cozinha compactos, branco, 2 unidades",PorSi,Uma embalagem,"4,99 €","4,99 €/Unidade"
Pêssego em calda metades,PorSi,Lata com 840 g,"1,99 €","2,37 €/Kg"
Whisky Irish + copo,Bushmills,Garrafa de 700 ml,"32,99 €","47,13 €/L"
Gengibre desidratado,Salutem,Embalagem de 100g,"0,69 €","0,69 €/Kg"
Arroz integral,PorSi Viva Bem,Embalagem de 1 kg,"1,94 €","3,88 €/Kg"
Máquina Depilatória Descartável Twin Lady,Bic,Embalagem com 10 un.,"5,49 €","5,49 €/Unidade"
Coxinhas de frango,PorSi,Embalagem de 360g,"9,30 €/Kg","9,30 €/Kg"
Colgate smiles escova de dente manual kids,Colgate,Embalagem de 2 unidades,"0,99 €","0,99 €/Unidade"
Ração seca para cão croquetes pro júnior,PorSi Select,Embalagem de 3 Kg,"12,95 €","3,24 €/Kg"
The famous grouse ruby cask 700ml/1,F.grouse,Garrafa de 700 ml,"11,49 €","16,41 €/L"
Gomas brilho,PorSi,Embalagem de 300 g,"1,19 €","3,97 €/Kg"
Queijo para barrar light,PorSi Viva Bem,Embalagem de 200g,"2,39 €","19,92 €/Kg"
6 cheeseburgers,PorSi,Embalagem de 750g,"2,79 €","8,72 €/Kg"
Fermento de padeiro,Vahine,Embalagem de 20g,"1,89 €","17,18 €/Kg"
Moscatel de Setúbal Reserva,Selecção de Enófilos,Garrafa de 0.75 l,"5,99 €","7,99 €/L"
"Cerveja sem Álcool 0,0%",Super Bock,lata 33 cl,"5,99 €","3,03 €/L"
Bolachas chiquilin ositos de mel,Artiach,Embalagem de 160g,"1,89 €","15,75 €/Kg"
Caixa com 12 aguarelas + pincel,Domédia,1 unidade,"4,69 €","4,69 €/Unidade"
Biscoitos brownies,PorSi,Embalagem de 230g,"0,79 €","5,27 €/Kg"
Bolachas,Oreo,Embalagem de 220g,"0,79 €","4,49 €/Kg"
Iogurte liquido proteína yopro morango/framboesa,Yopro,300 g,"1,31 €","2,05 €/Kg"
Vinho tinto doc douro,VILA REAL,Garrafa de 750 ml,"7,49 €","9,99 €/L"
Milho doce,PorSi,Embalagem de 3 x 140 g,"2,19 €","2,81 €/Kg"
Leite em pó crescimento 3 pro +,Nutriben,Embalagem de 800g,"16,49 €","20,61 €/Kg"
Vinho doc dão tinto,Grao vasco,Garrafa de 750 ml,"7,49 €","9,99 €/L"
Amaciador Roupa Chá Branco & Peônia,Vernel,76 doses,"3,99 €","3,99 €/Unidade"
Fuet extra,PorSi,170 g,"1,22 €","6,78 €/Kg"
Vinho do porto finest reserve,Dow's,Garrafa de 0.75 l,"10,99 €","14,65 €/L"
Bolachas marinheiras integrais,Cemporcent,Embalagem de 200g,"2,69 €","13,45 €/Kg"
Vinho do porto malvasia branco,Rcv,Garrafa de 750 ml,"11,99 €","15,99 €/L"
Spray boost multiusos,Ajax,500 ml,"1,29 €","0,86 €/L"
Esfregona de Microfibras Completa,PorSi,1 unidade,"0,89 €","0,89 €/Unidade"
"Pandorino cacau, 4 unidades",Dulcesol,Embalagem de 240g,"2,05 €","5,13 €/Kg"
Iogurte líquido magro morango,PorSi Viva Bem,Embalagem de 4x150 ml,"1,31 €","2,05 €/Kg"
Spray de limpeza multiusos free & clear,Seventh Generation,Embalagem de 500 ml,"1,29 €","0,86 €/L"
Dentifríco p/ Dentes de Leite,Aquafresh,Embalagem de 50 ml,"0,99 €","0,99 €/Unidade"
Nestum 5 cereais,Nestum,Embalagem de 250g,"2,49 €","9,96 €/Kg"
Peito de peru forno a lenha,Primor,"Vendido ao peso, fatiado a partir de 100 gr","1,44 €","9,59 €/Kg"
"Queijo light, 16 unidades",A Vaca Que Ri,Embalagem de 280g,"2,39 €","19,92 €/Kg"
"Máquina Tripla Matrix, + 5 unidades",Labell Men,Uma embalagem,"1,16 €","4,64 €/L"
Guardanapos brancos 30x30 cm,PorSi,Embalagem com 100 unidades,"1,29 €","1,29 €/Unidade"
Sumo natural de uva preta bio,Cemporcent,Garrafa de 1 l,"1,32 €","2,20 €/L"
Spray limpeza casa de banho,Cillitbang,Embalagem de 500 ml,"1,79 €","2,39 €/L"
Aguarelas 30mm x 12,Giotto,1 unidade,"3,19 €","3,19 €/Unidade"
Paté de sardinha,PorSi,Embalagem de 4 x 22 g,"1,19 €","13,52 €/Kg"
"Papel Vegetal, 8mt",Fino,1 unidade,"1,11 €","1,11 €/Unidade"
Alimento húmido cão gelatina júnior,Pedigree,Embalagem de 400g,"0,75 €","2,50 €/Kg"
Puré de batata,PorSi,Embalagem com 750 g,"1,39 €","1,39 €/Kg"
Máquina depilatória Miss Soleil,Bic,3 + 1 unidades,"3,29 €","3,29 €/Unidade"
Analisador água piscina,Gre,,"2,99 €","2,99 €/Unidade"
Chá preto frutos vermelhos,PorSi,Embalagem de 40g,"1,69 €","56,33 €/Kg"
Cem porcento-chá infusão sem barriga,Cemporcent,Embalagem de 13g,"58,44 €/Kg","58,44 €/Kg"
Livro do Peter Pan,Europrice,1 unidade,"7,50 €","7,50 €/Unidade"
8 rissóis de carne,PorSi,Embalagem de 300g,"1,79 €","7,16 €/Kg"
Refrigerante c/ gás laranja,Sumol,pack 4 x 1.25 l,"0,79 €","0,40 €/L"
Bolachinhas,Cerelac,Embalagem de 180g,"1,89 €","15,75 €/Kg"
Óleo alimentar,Fula,Embalagem 1L,"3,39 €","3,39 €/L"
Mão de vaca com grão,Nobre,Embalagem de 420 g,"2,35 €","5,60 €/Kg"
Bolacha alfa,Nacional,Embalagem de 180g,"2,82 €","9,40 €/Kg"
C surtido cuetara 420gr.              *8,Cuetara,Embalagem de 420g,"3,09 €","14,71 €/Kg"
Bife,Peru,1 un = 900 gr (aprox.),"6,28 €","6,98 €/Kg"
Preparado de bolo de canela,PorSi,500 g,"1,69 €","8,45 €/L"
Ice tea pessêgo,Lipton,pack 6 x 0.25 l,"1,14 €","0,76 €/L"
Sacos do lixo perfumado 30 litros,PorSi,15 unidades,"1,89 €","1,89 €/Unidade"
Guardanapos de 1 folha azuis | dim.: 30 x 29 cm,PorSi,Embalagem com 70 unidades,"1,29 €","1,29 €/Unidade"
Azeite virgem extra clássico,Gallo,Garrafa de 750 ml,"3,29 €","4,39 €/L"
Collant licra 15d preto l,PorSi,Embalagem de 1 unidades,"1,89 €","1,89 €/Unidade"
Lenços de bolso 4 folhas,PorSi,Embalagem de 15 x 9 unidades,"0,89 €","0,89 €/Unidade"
Espinafres salteado com alho,PorSi,Embalagem de 750g,"1,98 €","1,98 €/Kg"
Saqueta de puré de fruta | maçã + banana,PorSi,90 g,"0,74 €","8,22 €/Kg"
Vinho regional alentejano reserva tinto,Encosta das Perdizes,Garrafa de 0.75 l,"2,89 €","3,85 €/L"
Cocktail de marisco,PorSi,Embalagem de 400 g,"1,79 €","7,16 €/Kg"
Lixivia perfume fresco,Neoblanc,Embalagem de 2 l,"2,59 €","1,30 €/L"
Bacalhau Graúdo,Bacalhau da Noruega,1 un = 2.5 kg (aprox.),"8,73 €/Kg","8,73 €/Kg"
Capa para tábua metálica,Vileda,1 un.,"74,99 €","74,99 €/Unidade"
"Cerveja sem álcool, tara perdida",Super Bock,Pack 6 X 0.33 L,"5,99 €","3,03 €/L"
Sobremesa Paturette Chocolate,Páturages,Embalagem de 4x115g,"1,19 €","2,59 €/Kg"
Chocolate culinário,Pantagruel,Embalagem de 200g,"1,04 €","8,32 €/Kg"
Escova de dentes max white média,Colgate,1 + 1 unidades,"3,49 €","3,49 €/Unidade"
"Cerveja com álcool, tara perdida",Kings Bräu,pack 24 x 0.25 l,"1,99 €/L","1,99 €/L"
Francesinha,PorSi,Embalagem de 450G,"3,99 €","9,98 €/Kg"
"Azeite extra virgem, azeitonas verdes",Oliveira da Serra,Garrafa de 750 ml,"3,29 €","4,39 €/L"
Tira Nódoas Diárias,Iberia,Embalagem de 200 ml,"10,99 €","52,33 €/Kg"
Deo Spray Black & White Active,Nivea,Embalagem de 150 ml,"4,69 €","31,27 €/L"
Aguardente bagaceira,S.domingos,Garrafa de 1 l,"11,49 €","16,41 €/L"
Livro Atlas Infantil dos Animais,Girassol,1 unidade,"7,50 €","7,50 €/Unidade"
Infusão camomila,Cemporcent,Embalagem de 10 unidades,"0,99 €","76,15 €/Kg"
Chupeta latex suave 0 meses,Neo Baby,Embalagem com 2 unidades,"5,99 €","5,99 €/Unidade"
Tâmara seca sem caroço,PorSi Bio,Embalagem de 150g,"1,59 €","10,60 €/Kg"
Marmelada,Ferbar,Embalagem de 400g,"1,09 €","2,42 €/Kg"
Leite seleccionado leve,Matinal,Garrafa de 1 l,"0,83 €","0,83 €/L"
Preparado para arroz de marisco,Brasmar,Embalagem de 450 g,"1,79 €","7,16 €/Kg"
Lichias em calda,Koala,Embalagem de 567g,"1,99 €","2,37 €/Kg"
Café solúvel intenso,Delta,Embalagem de 100g,"1,45 €","14,50 €/Kg"
Sumo natural de ananás bio,Cemporcent,Garrafa de 200 ml,"1,32 €","2,20 €/L"
"Elixir bocal, dentes e gengivas",Listerine,Embalagem de 250 ml,"5,99 €","11,98 €/L"
Doce de frutos do bosque com frutose,Salutem,Embalagem de 330g,"3,99 €","7,98 €/Kg"
Rebuçados mini café,PorSi,Embalagem de 200g,"1,15 €","4,60 €/Kg"
Flocos de batata para puré,PorSi,Embalagem de 500g,"1,98 €","1,98 €/Kg"
Coleira em nylon p/ cão  repelente 75cm,Repul' 7,Embalagem de 1 unidades,"19,99 €","19,99 €/Unidade"
Mariscada,PorSi,Embalagem de 800g,"1,79 €","7,16 €/Kg"
Farinheira de Sousel,PorSi,1 un = 120 g (aprox.),"1,49 €","7,45 €/Kg"
Arroz de pato,PorSi,Embalagem de 250 g,"2,35 €","5,60 €/Kg"
Vinho tinto,Adega grande,Garrafa de 75 cl,"1,59 €","2,12 €/L"
Arroz vaporizado,PorSi,Embalagem de 1 kg,"1,26 €","1,26 €/Kg"
Ração para gato indoor,Purina One,Embalagem de 800g,"2,19 €","5,48 €/Kg"
Cerveja com álcool,Sagres,Lata de 500ml,"1,99 €/L","1,99 €/L"
Brandy,Croft,Garrafa de 700 ml,"15,49 €","15,49 €/L"
Elixir bocal para crianças,Listerine,Embalagem de 500 ml,"5,99 €","11,98 €/L"
"Iogurte actimel, morango",Danone,Embalagem de 12 x 100 g,"4,15 €/Kg","4,15 €/Kg"
Alho picado,Margao,Embalagem de 60g,"0,25 €","0,25 €/Kg"
Eau de Toilette p/Senhora Nº32,Caravan,1 Frasco 150ml,"11,99 €","79,93 €/L"
Alimento lácteo sem açucar com sabor a morango/banan...,Yogolino,Embalagem de 4 x 100 gr,"2,89 €","7,23 €/Kg"
Salsicha Fresca,Porco,1 un = 100 gr (aprox.),"0,50 €","4,99 €/Kg"
Vinho maduro tinto doc alentejano,P.ravessa,Garrafa de 750 ml,"2,89 €","3,85 €/L"
Nuggets de frango,PorSi,Embalagem de 360 g,"9,30 €/Kg","9,30 €/Kg"
Recarga Esfregona Premium 2 em 1,Vileda,1 unidade,"0,89 €","0,89 €/Unidade"
Bolos cake e chococolate,Milka,Embalagem de 180g,"2,15 €","2,87 €/Kg"
Batata pré-frita tradition,MCCAIN,Embalagem de 1 kg,"1,39 €","1,39 €/Kg"
"Guardanapos gold, com cor, folha dupla, 40x40cm, 40 ...",Renova,1 embalagem,"1,29 €","1,29 €/Unidade"
Funil de plástico,PorSi,1 unidade,"4,99 €","4,99 €/Unidade"
Café com cafeina solúvel,Delta,Embalagem de 20g,"1,45 €","14,50 €/Kg"
Perfume p/ senhora Nº81,Caravan,1 Frasco 150ml,"11,99 €","79,93 €/L"
Creme depilatório para peles sensíveis,Labell,Embalagem de 200 ml,"2,99 €","14,95 €/L"
"Cera acrílica, madeira",PorSi,Embalagem de 750 ml,"2,49 €","2,49 €/L"
Pão de leite 8 un.,Bimbo,Embalagem de 280g,"2,59 €","7,40 €/Kg"
Batata frita camponesa,PorSi,Embalagem de 175 g,"1,18 €","6,38 €/Kg"
Espumosos tinto bruto attitude,Fita azul,Garrafa 0.75L,"3,99 €","5,32 €/L"
Mistura solúvel bolero,Nestle,Embalagem de 200g,"0,79 €","3,16 €/Kg"
Cabo de metal com rosca,PorSi,1.35 m,"2,20 €","2,20 €/Unidade"
Massa folhada margarina,PorSi,Embalagem de 230 g,"0,99 €","4,30 €/Kg"
Massa macarronete riscado,PorSi,Embalagem de 500g,"0,99 €","1,98 €/Kg"
Recarga Ambientador Automático Essential Mist Lavand...,Air Wick,1 un.,"5,99 €","23,96 €/L"
Detergente Manual p/ Lavar Roupa Regular,Gama,Embalagem de 510 g,"2,38 €","4,67 €/Kg"
"Bloco sanitário, Blue Active Floral",Sonasol,Embalagem de 50 g,"39,60 €/Kg","39,60 €/Kg"
Livro Já sei! Aprendizagem Essencial Matemática 3º A...,Girassol,1 unidade,"8,99 €","8,99 €/Unidade"
Pasta de sardinha,Fides,Embalagem de 90g,"1,19 €","13,52 €/Kg"
Super homem,PLANTANATU,Embalagem de 1 unidades,"7,59 €","126,50 €/Kg"
Fruta para bebé multifrutas +4 meses,Nestle,Embalagem de 90g,"0,74 €","8,22 €/Kg"
Eau de Toilette p/Senhora Nº2,Caravan,1 Frasco 150ml,"11,99 €","79,93 €/L"
Creme de cenoura,PorSi,Embalagem de 400 g,"1,25 €","3,13 €/Kg"
Lava tudo marinho,Cif,"Garrafa de 1,4 l","0,99 €","0,50 €/L"
Vinho branco regional península de setúbal,Joao pires,Garrafa de 0.75 l,"4,99 €","6,65 €/L"
Batata Branca,Legumes do Dia,10 kg,"0,69 €","0,07 €/Kg"
Fraldas agility T4 de 9 a 15 kg,PorSi,50 unidades,"6,49 €","6,49 €/Unidade"
Chourição,PorSi,"Vendido ao peso, fatiado a partir de 100 gr","1,35 €","16,88 €/Kg"
Filetes de pescada,Pescanova,Embalagem de 400g,"3,99 €","9,98 €/Kg"
Telemóvel Vibra e Capta,Chicco,1 unidade,"14,99 €/Unidade","14,99 €/Unidade"
Bolacha recheada mega duo chocolate,Gullon,Embalagem de 500g,"2,15 €","2,87 €/Kg"
Salva Camas 60 x 60 cm,PorSi,Embalagem com 20 un.,"4,99 €","4,99 €/Unidade"
Barras de cereais golden grahams,Nestle,Embalagem de 150g,"1,29 €","10,24 €/Kg"
Vinho tinto,PorSi,embalagem de 1 litro,"0,85 €","0,85 €/L"
Queimador extra forte,Prozis,Embalagem de 1 unidades,"7,59 €","126,50 €/Kg"
"Ração para gato adulto com coelho, frango e legumes",Friskies,Embalagem de 400g,"2,19 €","5,48 €/Kg"
Preparado para bolo de laranja,B.neve,Embalagem de 450g,"2,05 €","5,13 €/Kg"
Fermento em po 4x25g,PorSi,Embalagem de 100g,"1,89 €","17,18 €/Kg"
Formas de alumínio 600 ml,PorSi,5 unidades,"1,10 €","1,10 €/Unidade"
Comida húmida para cão de frango e arroz,PorSi,Lata de 400 g,"0,75 €","2,50 €/Kg"
Alimento húmido para cão vaca,Pedigree,Embalagem de 300g,"0,75 €","2,50 €/Kg"
Bebida amêndoa torrada sem açúcar,Alpro,Embalagem de 1 litro,"2,49 €","2,49 €/L"
Spray Casa Banho Anti Fungos,Pattex,Embalagem 500ML,"1,79 €","2,39 €/L"
Macarronete Massa Com Vegetais,Nacional,Embalagem de 500g,"0,99 €","1,98 €/Kg"
Queijo fatias -50% de gordura,Limiano,Embalagem de 400g,"1,96 €","9,80 €/Kg"
Fraldas Bebé Seco T3 | 6-10 Kg,Dodot,Embalagem com 62 un.,"6,49 €","6,49 €/Unidade"
Banda cera fria peles sensíveis p/corpo,Veet,Embalagem de 20 unidades,"6,99 €","6,99 €/Unidade"
Vela mágica pack de 10 unidades,PorSi,Uma embalagem,"0,60 €","0,60 €/Unidade"
"Cereais crusts, amêndoas e mel",PorSi,Embalagem de 380g,"2,29 €","6,11 €/Kg"
Caldeirada de peixe ultracongelada,Brasmar,Embalagem de 700g,"1,79 €","7,16 €/Kg"
Livro Já sei! Aprendizagem Essencial Português 4º An...,Girassol,1 unidade,"8,99 €","8,99 €/Unidade"
Bolacha waffer cacau,Waferland,Embalagem de 175g,"0,98 €","4,67 €/Kg"
Farinha para bolos super fina,PorSi,Embalagem de 1 kg,"1,99 €","1,99 €/Kg"
Vinagre balsâmico,PorSi,Embalagem de 250 ml,"0,35 €","0,70 €/L"
Puré de batata,Maggi,Embalagem de 250g,"1,99 €","1,99 €/Kg"
Ambientador arbremagique baunilha,Arbre Magique,1 unidade,"1,99 €","1,99 €/Unidade"
"Refresco em pó, manga",PorSi,Embalagem de 40g,"0,75 €","18,75 €/Kg"
Bolachas com duplo creme,Oreo,Embalagem de 190g,"0,79 €","4,49 €/Kg"
Óleo Performa 10W40,Galp,Embalagem de 1 l,"14,99 €","14,99 €/L"
Pensos banda,PorSi,100 x 6 cm,"1,69 €","1,69 €/Unidade"
Queijo mascarpone,Páturages,Embalagem 250G,"1,69 €","6,76 €/Kg"
Creme Mãos Secrets Coco,Dove,75 ml,"2,49 €","41,50 €/L"
Molho bechamel,PorSi,Embalagem de 200g,"0,87 €","2,90 €/Kg"
Quinoa branca,PorSi Viva Bem,Embalagem de 200 g,"1,19 €","2,38 €/Kg"
Shampo automóvel laranja,PorSi,Embalagem de 5 l,"3,99 €","0,80 €/L"
Baton para homem,Labello,5 g,"4,49 €","4,49 €/Unidade"
Ice tea de limão,PorSi,"Embalagem de 6x0,20 l","1,14 €","0,76 €/L"
Detergente manual roupa,PorSi,Embalagem de 650g,"2,38 €","4,67 €/Kg"
Gelado carte d'or chocolate brownie,Olá,Embalagem de 900 ml,"2,62 €","2,62 €/L"
Jarro graduado,PorSi,Embalagem de 1 unidades,"0,99 €","0,99 €/Unidade"
Conjunto Garfos de Sobremesa Prestige,PorSi,3 peças,"4,99 €","4,99 €/Unidade"
Spray nature cozinha,Cif,embalagem de 750 ml,"4,09 €","5,45 €/L"
"Dentífrico Senses Melancia, Pepino e Menta",Aquafresh,75 ml,"2,39 €","31,87 €/L"
"Snack de queijo flamengo, amêndoas e arandos",Limiano,Embalagem de 40g,"1,96 €","9,80 €/Kg"
Arbre magique black pine,Arbre Magique,1 unidade,"1,99 €","1,99 €/Unidade"
Eau de Toilette p/Senhora Nº30,Caravan,1 Frasco 150ml,"11,99 €","79,93 €/L"
Sumo 100% maçã,PorSi,pack 3 x 200 ml,"1,09 €","0,73 €/L"
Segredos aves,Margao,Embalagem de 10g,"0,25 €","0,25 €/Kg"
Batata pré-frita palitos finos,PorSi,Embalagem de 1 kg,"1,39 €","1,39 €/Kg"
Resguardos de cama,PorSi,20 unidades de 80 x 180 cm,"4,99 €","4,99 €/Unidade"
Amendoim com Casca,PorSi,Embalagem de 500g,"0,79 €","3,95 €/Kg"
Sumo 100% laranja,PorSi,Pack 3 x 200 ml,"1,09 €","0,73 €/L"
Feijao verde redondo,PorSi,Embalagem de 400g,"1,98 €","1,98 €/Kg"
Limpa Moveis Lavanda,Pronto,300 ml,"4,39 €","14,63 €/L"
Azeite virgem extra,Ouro elvas,Garrafa de 750 ml,"3,29 €","4,39 €/L"
Barras cereais chocapic,Nestle,Embalagem de 150g,"1,29 €","10,24 €/Kg"
Pastilhas café lote chávena,Delta,Embalagem de 110g,"54,36 €/Kg","54,36 €/Kg"
After shave gold,Denim,Embalagem de 100 ml,"1,16 €","4,64 €/L"
Snack chocolate leite,Kit kat,Embalagem de 125g,"0,99 €","9,90 €/Kg"
Recarga ambientador elétrico delícias de verão,Air Wick,Embalagem de 1 unidades,"5,99 €","23,96 €/L"
"Anti-calcário em pó, máquina roupa",PorSi,Embalagem de 800g,"10,99 €","52,33 €/Kg"
Creme abrasivo de limão,PorSi,Embalagem de 750 ml,"0,99 €","1,32 €/L"
Azeite virgem extra reserva,Gallo,Garrafa de 750 ml,"3,29 €","4,39 €/L"
Couve Flor,Programa Origens,1 un = 1 kg (aprox.),"1,20 €","2,99 €/Kg"
Folhado de Salsicha com Queijo 110 g,Fornada do Dia,,"0,65 €","0,65 €/Unidade"
Queijo fatiado cheddar,PorSi,Embalagem de 150 g,"1,96 €","9,80 €/Kg"
Spray wc anticalcário,PorSi,embalagem de 750 ml,"1,79 €","2,39 €/L"
Borracha para desenho técnico,Domédia,1 unidade,"4,69 €","4,69 €/Unidade"
Café moagem universal brasil,Delta,Embalagem de 220g,"9,16 €/Kg","9,16 €/Kg"
Leite seleccionado magro,Matinal,Garrafa de 1 l,"0,83 €","0,83 €/L"
Canela em pau,PorSi,Saqueta de 30 g,"0,25 €","0,25 €/Kg"
Bandas de cera fria bikini peles sensíveis,Veet,Embalagem de 16 unidades,"6,99 €","6,99 €/Unidade"
Cerveja c/ álcool mini,Super Bock,Pack 15 x 0.20 L,"1,99 €/L","1,99 €/L"
3 Pipetas de Repelente p/ Gato,Repul'7,1 unidade,"1,19 €","0,24 €/Kg"
Perna c/ Osso,Peru,1 un = 1 kg (aprox.),"6,28 €","6,98 €/Kg"
Bacalhau espiritual,PorSi,Embalagem de 300g,"1,79 €","7,16 €/Kg"
10 saquetas infusão de camomila,Lipton,Embalagem de 10g,"0,99 €","76,15 €/Kg"
"Cera liquida, lava e encera",PorSi,Embalagem de 750 ml,"1,79 €","2,39 €/L"
Almofada royal,Bestway,1 un.,"14,99 €","14,99 €/Unidade"
Vermute rosso,Martini,Embalagem de 10x6 cl,"17,09 €","22,79 €/L"
Cuecas de incontinência Plus M,Ausonia,Uma embalagem - 9Unidades,"9,99 €","9,99 €/Unidade"
Miolo berbigão,PorSi,Embalagem de 250g,"1,79 €","7,16 €/Kg"
Iogurtes magros aroma manga,PorSi Viva Bem,Embalagem de 6 x 125 g,"1,09 €","1,45 €/Kg"
"Recarga Espanador, 10 unidades",Swiffer,Uma embalagem,"2,54 €","2,54 €/Unidade"
Sidra frutos vermelhos,Somersby,pack 4 x 0.33 l,"1,59 €","3,18 €/L"
Queijo Brie M.Gorda 60%,President,Vendido ao peso a partir de 250 gr,"1,45 €","7,25 €/Kg"
Tablete chocolate chips ahoy,Milka,Embalagem de 100g,"0,53 €","5,30 €/Kg"
Leite uht meio gordo,PorSi,Embalagem com rosca de 1 l,"0,83 €","0,83 €/L"
Pasta de açúcar bege,PorSi,250 g,"1,49 €","1,49 €/Kg"
25 bombons de chocolate,Mon cheri,Embalagem de 260g,"5,25 €","26,25 €/Kg"
Açúcar mascavado,PorSi,Embalagem de 500g,"1,49 €","1,49 €/Kg"
Crepe simples,PorSi,Embalagem de 630g,"2,57 €","7,79 €/Kg"
Dettol sabonete líquido Lavanda,Dettol,Garrafa de 250 ml,"1,19 €","2,38 €/L"
Inteiro/Metades,Cabrito,"1/2 un = 2.5 kg, 1 un = 5 kg (aprox.)","59,43 €","8,49 €/Kg"
Azeite virgem clássico,PorSi,Garrafa de 750 ml,"3,29 €","4,39 €/L"
4 hamburguers frango s/ glúten,Capitão Iglo,Embalagem de 240g,"11,44 €/Kg","11,44 €/Kg"
Miolo de camarão 50/70,H2Gelo,Embalagem de 250  g,"8,99 €","25,69 €/Kg"
Batata pré-frita rodelas para saltear,PorSi,Embalagem de 1 kg,"1,39 €","1,39 €/Kg"
Colchonete em Espuma,Saurium,"Dim.: 180x60x1,2 cm","6,99 €","6,99 €/Unidade"
Limpa Estofos de Pele,PorSi,Embalagem de 1 l,"3,99 €","0,80 €/L"
Pensos para bolhas,PorSi,20 unidades,"1,69 €","1,69 €/Unidade"
Arroz de pato,PorSi,Embalagem de 400g,"3,99 €","9,98 €/Kg"
8 salsichas bockwurst,PorSi,1 Frasco 720G,"0,75 €","3,75 €/Kg"
"Iogurte líquido yoggi, sem lactose, morango",Nestle,Embalagem de 4 x 160 g,"1,31 €","2,05 €/Kg"
Barras de cereais fitness crunchy & caramelo,Nestle,Embalagem de 140g,"1,29 €","10,24 €/Kg"
"Queijo flamengo, ralado",Terra Nostra,Embalagem de 150g,"1,49 €","7,45 €/Kg"
Azeite virgem extra seleção,PorSi,Garrafa de 250 ml,"3,29 €","4,39 €/L"
"Papel higiénico super, folha dupla, 24 rolos",Renova,Uma embalagem,"1,99 €","1,99 €/Unidade"
Arroz carolino,PorSi,Embalagem de 1 kg,"1,26 €","1,26 €/Kg"
Iogurte corpos danone + proteína ananás,Danone,Embalagem de 150g,"5,97 €/Kg","5,97 €/Kg"
Chupeta latex suave + 4 meses,Neo Baby,Embalagem com 2 unidades,"5,99 €","5,99 €/Unidade"
Gel ativo com lixívia,PorSi,Embalagem de 1.5 l,"1,29 €","0,86 €/L"
Trufas de Cacau,PorSi Select,200 g,"5,25 €","26,25 €/Kg"
Massa bagos,PorSi,Embalagem de 250g,"0,99 €","1,98 €/Kg"
Whisky 10 anos,Bushmills,Garrafa de 700 ml,"32,99 €","47,13 €/L"
Gengibre desidratado em cubos,Cemporcent,Embalagem de 100g,"1,94 €","3,88 €/Kg"
12 ovos codorniz,PorSi,Embalagem de 1 unidades,"1,24 €","3,88 €/L"
Massas espirais tricolores,PorSi,Embalagem 500G,"0,99 €","1,98 €/Kg"
Mistura sol sem café granulado,PorSi,Embalagem de 200g,"0,79 €","3,16 €/Kg"
Batatas fritas lisas originais,Lay's,Embalagem de 282g,"1,01 €","5,46 €/Kg"
Mortadela de peru,PorSi,1 un = 150 gr (aprox.),"1,05 €","6,99 €/Kg"
Dentifrico Sensitive Multiproteção,Colgate,Embalagem 75 ml,"2,39 €","31,87 €/L"
Bebida energética a-zero,Monster,Garrafa de 500 ml,"5,39 €","5,39 €/L"
Iogurte líquido morango,PorSi,Embalagem de 4 x 160 g,"1,31 €","2,05 €/Kg"
Marmelada sem conservantes,PorSi,Embalagem de 500g,"1,09 €","2,42 €/Kg"
Infusão de tília,Tetley,Embalagem de 10g,"0,99 €","76,15 €/Kg"
Soquete licra 15d preto t. único,PorSi,2 unidades,"1,89 €","1,89 €/Unidade"
"Inseticida, recarga, elétrico, pack 2",Raid,1 embalagem com 2x27ml,"7,69 €","7,69 €/Unidade"
Presunto fatiado,PorSi,Embalagem de 200g,"2,59 €","12,95 €/Kg"
Vinho regional lisboa reserva tinto,Marginal,Garrafa de 0.75 l,"4,99 €","6,65 €/L"
"Detergente líquido, manual loiça, original",Fairy,"Embalagem de 1,5 l","1,05 €","2,10 €/L"
Infusão alcachofra e dente de leão,Cemporcent,Embalagem de 10 unidades,"0,99 €","76,15 €/Kg"
Alimento lácteo cereais e bolachas maria +6 meses,Yogolino,Embalagem de 4 x 100 g,"2,89 €","7,23 €/Kg"
Papel Higiénico Compacto Ultra Suave XXL,Colhogar,12 rolos,"1,99 €","1,99 €/Unidade"
Bolachas waffers morango,PorSi,Embalagem de 210g,"0,98 €","4,67 €/Kg"
Chili com carne,Itinéraire des Saveurs,Embalagem 300G,"2,35 €","5,60 €/Kg"
Tablete de chocolate leite bubbly,Milka,Embalagem de 90g,"0,53 €","5,30 €/Kg"
Caldo verde sem batata,PorSi Viva Bem,Embalagem de 400 g,"1,25 €","3,13 €/Kg"
Super Napolitana Creme 125 g,Pastelaria do Dia,1 un = 125 g (aprox.),"0,30 €/Unidade","0,30 €/Unidade"
Pensos higiénicos liberty normal sem abas,Evax,Embalagem com 12 un.,"4,99 €","4,99 €/Unidade"
Atum posta em azeite,PorSi,Embalagem de 120g,"0,89 €","7,42 €/Kg"
Nuggets de frango grelhadinho,Capitão Iglo,Embalagem de 200g,"9,30 €/Kg","9,30 €/Kg"
Amaciador concentrado para roupa aloé vera,PorSi,80 doses,"3,99 €","3,99 €/Unidade"
Pasta de açúcar branco,PorSi,250 g,"1,49 €","1,49 €/Kg"
Collant suavidade e conforto muskad 20D,PorSi,Tamanho: s/m,"1,89 €","1,89 €/Unidade"
Bolo de chocolate brownie,Milka,Embalagem de 150g,"1,69 €","8,45 €/L"
Espanador XXL + 2 unidades jack junior,Swiffer,1 unidade,"1,79 €","1,79 €/Unidade"
Vela em número nª2,PorSi,1 unidade,"0,60 €","0,60 €/Unidade"
Bolachas mini chips ahoy,Ca!,Embalagem de 160g,"0,79 €","5,27 €/Kg"
Leite desmaquilhante para peles secas,Labell,Embalagem de 250 ml,"1,15 €","4,60 €/L"
Sortido Tertúlia,Frusel,Embalagem de 250 g,"1,89 €/Kg","1,89 €/Kg"
Recarga mopa 1.2 spray max,Vileda,1 unidade,"0,89 €","0,89 €/Unidade"
"Lixívia para roupa, azul, tradicional",Neoblanc,Embalagem de 1 l,"1,74 €","0,35 €/L"
Tomate inteiro pelado,PorSi,Embalagem de 390 g,"2,19 €","2,81 €/Kg"
Atum posta em azeite,Bom petisc,Embalagem de 120 g,"0,89 €","7,42 €/Kg"
Bolachas de manteiga,Triunfo,Embalagem de 170g,"7,53 €/Kg","7,53 €/Kg"
Fruta para bebé 4 frutas +4 meses,Nestle,Embalagem de 90g,"0,74 €","8,22 €/Kg"
Lava tudo antibacteriano marinho,PorSi,Garrafa de 1.5 l,"0,99 €","0,50 €/L"
Bolacha dibus sharkies s/ glúten,Gullon,Embalagem de 250g,"2,69 €","10,76 €/Kg"
Pano Suave C/ Microfibras,Vileda,2 + 1 Un. Grátis,"1,79 €","1,79 €/Unidade"
Abrasivo sanitário gel citrinos,PorSi,embalagem de 1 litro,"0,99 €","1,32 €/L"
Chá peso dia,PLANTANATU,Embalagem de 10 unidades,"1,19 €","1,19 €/Unidade"
Aditivo em pó máquina pink,Vanish,Embalagem de 1.2 kg,"9,99 €","36,33 €/Kg"
Petit gâteau,PorSi,Embalagem de  4 x 80 g,"2,57 €","7,79 €/Kg"
Pictionary Portugal,Mattel,1 un.,"9,99 €","9,99 €/Unidade"
Chá preto,Tetley,Embalagem de 20g,"1,69 €","56,33 €/Kg"
Feijão frade,Compal,Lata de 410 ml,"2,19 €","2,81 €/Kg"
Cerveja 0.0%,Sagres,Lata 0.33 l,"5,99 €","3,03 €/L"
50 nuggets de frango,Capitão Iglo,Embalagem de 1042g,"2,79 €","8,72 €/Kg"
Nestum zero arroz,Nestum,Embalagem de 250 g,"4,99 €","4,99 €/Kg"
Penso júnior,PorSi,20 unidades,"1,69 €","1,69 €/Unidade"
Toalha de banho,PorSi,100 x 150 cm,"24,99 €","24,99 €/Unidade"
Snack gato sticks salmao 6x5g,PorSi,Embalagem de 30g,"0,99 €","16,50 €/Kg"
Sacos do lixo wc 5 litros,PorSi,30 sacos,"1,89 €","1,89 €/Unidade"
Bagas de goji,Salutem,Embalagem de 100g,"2,29 €","15,27 €/Kg"
Máscara Olhos Brow Drama Medium,Maybelline,1 unidade,"1,15 €","4,60 €/L"
"Sacos para gelo, fecho facil",Fino,1 embalagem de 240 unidades,"1,11 €","1,11 €/Unidade"
Porto tawny,Ferreira,Garrafa de 750 ml,"6,29 €","8,39 €/L"
Peito de frango forno a lenha,Primor,"Vendido ao peso, fatiado a partir de 100 gr","1,44 €","9,59 €/Kg"
Fralda Cueca Activity Extra Tamanho 5,Dodot,Embalagem com 40 uni.,"8,49 €","8,49 €/Unidade"
Molho de alho,Calve,Embalagem de 260g,"0,87 €","2,90 €/Kg"
Limpa Móveis,PorSi,Embalagem de 300 ml,"4,39 €","14,63 €/L"
Queijo limiano amanteigado vaca e ovelha sem casca o...,Limiano,Embalagem de 450g,"6,49 €","25,45 €/Kg"
Azeite de moura virgem extra bio,PorSi Bio,Garrafa de 500 ml,"3,29 €","4,39 €/L"
Pão Centeio com Nozes,Garcia & Filhos,1 unidade= 400 g,"0,19 €","2,38 €/Kg"
Guardanapos Red Label 1 folha |Vermelho,Renova,Dim: 30x32cm |70 unidades,"1,29 €","1,29 €/Unidade"
Iogurte liquido infantil morango,PorSi,Embalagem de 6 x 94 ml,"1,31 €","2,05 €/Kg"
Sardinha Congelada,Peixe Congelado,1 un = 250 gr  (aprox.),"3,99 €/Kg","3,99 €/Kg"
Fruta para bebé maçã banana +4 meses,Nestle,Embalagem de 4 x 100 g,"0,74 €","8,22 €/Kg"
Manteiga magra,PorSi,Embalagem de 250g,"1,89 €","7,56 €/Kg"
Escova dentifrica 360º advanced média,Colgate,1 unidade,"3,49 €","3,49 €/Unidade"
Concentrado de frutas tropicais,Sunquick,Garrafa de 700 ml,"4,89 €","6,61 €/L"
Whisky black bush,Bushmills,Garrafa de 700 ml,"11,49 €","16,41 €/L"
Miolo de amêndoa sem pele inteira,PorSi,200 g,"0,79 €","3,95 €/Kg"
8 salsicha soja,Izidoro,Embalagem de 180g,"2,09 €","8,36 €/Kg"
Fígado,Porco,Vendido ao peso a partir de 1 kg,"0,50 €","4,99 €/Kg"
Gelatina ananás 8 kcal,PorSi,Embalagem de 4 x 100 g,"0,85 €","2,13 €/Kg"
Fio dentário fluór+menta 50m,Labell,1 unidade,"3,49 €","3,49 €/Unidade"
Tablete de chocolate culinário branco,PorSi,Embalagem de 180 g,"0,99 €","9,90 €/Kg"
Toucinho fumado extra,PorSi,Embalagem de 200 g,"1,45 €","18,13 €/Kg"
Maionese magra em frasco,Hellmman's,Embalagem de 460g,"0,87 €","2,90 €/Kg"
Aperitivos 3d's cones,3d's,Embalagem de 90g,"0,79 €","7,90 €/Kg"
Vinho branco,PorSi,Bag-in-box de 5 litros,"0,85 €","0,85 €/L"
Spray bolor e sujidade,Cillitbang,Garrafa de 500 ml,"1,29 €","0,86 €/L"
Nancy um dia de verão,Mattel,,"23,99 €","23,99 €/Unidade"
Plantanatur slim rapid 30 comprimidos,PLANTANATU,Embalagem de 1 unidades,"7,59 €","126,50 €/Kg"
Refrigerante c/ gás,Coca-Cola,pack 6 x 0.33 l,"0,79 €","0,40 €/L"
Copos para pic nic 145 ml rosa,PorSi,Embalagem com 4 unidades,"9,99 €","9,99 €/Unidade"
Mistolin advanced lixívia,Mistolin,Garrafa de 500 ml,"1,79 €","2,39 €/L"
Bolacha digestive aveia 258g,Vieira,Embalagem de 258 g,"0,84 €","2,80 €/Kg"
Ração para gato adulto com bacalhau e legumes,Friskies,Embalagem de 4 kg,"2,19 €","5,48 €/Kg"
Lixívia Gel Brisa Marítima,Neoblanc,Embalagem de 700ml,"2,59 €","1,30 €/L"
Lava Tudo Perfumado Herbal,PorSi,Embalagem de 2 l,"0,99 €","0,50 €/L"
Queijo mozzarella,PorSi,Embalagem 125G,"1,69 €","6,76 €/Kg"
Iogurte ananás 000%,PorSi Viva Bem,Embalagem de 4 x 125 g,"1,09 €","1,45 €/Kg"
Lixívia WC Gel Higienizante,Neoblanc,Embalagem de 700ml,"2,59 €","1,30 €/L"
Base guarda sol em plástico,Ideegarden,45 litros,"18,99 €","18,99 €/Unidade"
Massas alimentícias laços,PorSi,Embalagem de 500g,"0,99 €","1,98 €/Kg"
"Croissants com recheio de cacau, 5 unidades",Dulcesol,Embalagem de 230g,"2,05 €","5,13 €/Kg"
Máquina Descartável Depilatória Venus Plus,Gillette,4 un. + 2 grátis,"5,49 €","5,49 €/Unidade"
Saqueta de puré de fruta | maçã + manga + pêssego,PorSi,90 g,"0,74 €","8,22 €/Kg"
Areia para gato,Catsan,Embalagem com 10 litros,"1,19 €","0,24 €/Kg"
Tablete de chocolate culinário 70% negro,PorSi,Embalagem de 200 g,"1,04 €","8,32 €/Kg"
Bebida de coco com arroz,PorSi Viva Bem,1 litro,"1,32 €","2,20 €/L"
Pensos incontinência homem,PorSi,10 unidades,"1,95 €","1,95 €/Unidade"
Vela com número nº 0,PorSi,1 unidade,"0,60 €","0,60 €/Unidade"
"Pasta dentífrica, proteção branqueador",Labell,Embalagem de 75 ml,"2,39 €","31,87 €/L"
Iogurte proteína framboesa,Lindahls,Embalagem de 150 g,"5,97 €/Kg","5,97 €/Kg"
Inseticida vaporizador,Biokill,Embalagem de 375 ml,"5,09 €","8,48 €/L"
Limpa Estofos de Tecido,PorSi,Embalagem de 1 l,"3,99 €","0,80 €/L"
O cacau + cremoso,Cemporcent,Embalagem de 180g,"2,29 €","22,90 €/Kg"
Caldo carne 16 cubos,Knorr,Embalagem de 160g,"3,84 €","24,00 €/Kg"
Óleo de cedro,Mistolin,Embalagem de 360 ml,"4,39 €","14,63 €/L"
Sortido Doce,Frusel,Embalagem de 330 g,"0,79 €","3,95 €/Kg"
Vinho do porto lágrima branco,R.pinto,Garrafa de 750 ml,"11,99 €","15,99 €/L"
"Iogurte sabor morango, banana e tutti frutti",Danone,Embalagem de 8 x 120 g com 1 grátis,"1,87 €","1,25 €/Kg"
Pensos Higiénicos Fina e Segura Normal,Evax,Embalagem c/ 24 Unidades,"4,99 €","4,99 €/Unidade"
Mistura para carnes,PorSi,Embalagem de 40g,"0,25 €","0,25 €/Kg"
Compasso Origin 3 peças,Maped,Uma embalagem,"3,19 €","3,19 €/Unidade"
Camarão cozido 30/40,PorSi,Embalagem de 500 g,"9,99 €","19,98 €/Kg"
Tablete chocolate de leite,PorSi,embalagem de 100 g,"0,53 €","5,30 €/Kg"
Danacol aveia,Danone,Embalagem de 6 x 100 g,"4,15 €/Kg","4,15 €/Kg"
Biscoitos integrais aveia e cacau,PorSi Viva Bem,Embalagem de 150g,"2,69 €","13,45 €/Kg"
Tarte de Flan,Pastelaria do Dia,embalagem com 650g,"4,29 €","6,60 €/Kg"
Vinho tinto regional terras dao bib 5l,Silgueiros,Embalagem de 5L,"7,49 €","9,99 €/L"
Abrasivo wc gel ecologico,PorSi,Garrafa de 1 l,"0,99 €","1,32 €/L"
Bolacha torrada,PorSi,Embalagem de 4 x 200 g,"1,69 €","2,11 €/Kg"
Palmilha recortável antiodor,Sonaf,1 unidade,"2,95 €","2,95 €/Unidade"
"Creme revitalizante, noite",L'oreal,Embalagem de 50 ml,"2,99 €","59,80 €/L"
Queijo Flamengo Bola,Quinta do Convento,,"6,49 €","25,45 €/Kg"
Limpador,Pronto,Embalagem de 750 ml,"2,49 €","2,49 €/L"
Recarga Esfregona de Algodão,PorSi,1 unidade,"0,89 €","0,89 €/Unidade"
Batata frita lisa,PorSi,Embalagem de 90g,"1,01 €","5,46 €/Kg"
Água s/ gás frutos vermelhos,Luso,Garrafa de 1 l,"1,04 €","0,17 €/L"
Arroz agulha,Caçarola,Embalagem de 1 kg,"1,26 €","1,26 €/Kg"
Posta pescada-do-cabo nº 5 para cozer,PorSi,Embalagem de 800 g,"3,99 €","9,98 €/Kg"
"Tira gorduras, pistola",Kh 7,Garrafa de 750 ml,"4,89 €","6,52 €/L"
Aguardente velha reserva,CRF,Garrafa de 700 ml,"11,49 €","16,41 €/L"
Espinafres em folhas,PorSi,Embalagem de 750 g,"1,98 €","1,98 €/Kg"
Guardanapos com riscas verdes | Dim.: 33 x 33 cm,PorSi,Embalagem com 20 unidades,"1,29 €","1,29 €/Unidade"
Pastilhas peppermint,Smint,Embalagem de 35 g,"0,89 €","59,33 €/Kg"
8 hamburguers s/ glúten vaca,Capitão Iglo,Embalagem de 640g,"2,79 €","8,72 €/Kg"
Aperitivo de anis,Ricard,Garrafa de 700 ml,"17,09 €","22,79 €/L"
Champô miracle volume + nutrição,Pantene,225 ml,"5,59 €","13,98 €/L"
Recarga inseticida elétrico líquido,Raid,45 noites,"7,69 €","7,69 €/Unidade"
Vinho Verde Loureiro Branco,Aveleda,Garrafa de 0.75 l,"3,09 €","3,09 €/L"
Néctar pera,PorSi,Embalagem de 1 l,"0,99 €","0,99 €/L"
Vinho tinto regional alentejano,Galitos,Garrafa de 750 ml,"2,89 €","3,85 €/L"
"Agrafos nº24/6, 2000 unidades",Maped,Uma embalagem,"3,29 €","3,29 €/Unidade"
Tablete de chocolate negro,Nestle,Embalagem de 100 g,"0,99 €","4,95 €/Kg"
Super Napolitana de Chocolate,Pastelaria do Dia,1 un = 120 g (aprox.),"0,30 €/Unidade","0,30 €/Unidade"
Fita adesiva,PorSi,5m x 2.5 cm,"1,69 €","1,69 €/Unidade"
Body Milk in Shower,Labell,Embalagem de 250 ml,"12,48 €/L","12,48 €/L"
Gelatina pronta a comer light 10 kcal mirtilo,Royal,Embalagem de 4 x 100 g,"0,85 €","2,13 €/Kg"
Chocolate culinário branco,Pantagruel,Embalagem de 200g,"1,04 €","8,32 €/Kg"
Rolls 6 unidades,Bimbo,Embalagem de 340g,"0,99 €","1,98 €/Kg"
Alimento lácteo cereais e baunilha +6 meses,Yogolino,Embalagem de 4 x 100 g,"2,89 €","7,23 €/Kg"
Fralda cueca T6 - 16 a 22 kg,PorSi,18 unidades,"8,49 €","8,49 €/Unidade"
Collant mousse muskade 20D,PorSi,Tamanho: xl,"1,89 €","1,89 €/Unidade"
Leite uht magro,Gresso,Embalagem de 1 litro,"0,83 €","0,83 €/L"
Pescada Pequena da Argentina -500g,Peixe Congelado,Pescado no mar,"3,99 €","9,98 €/Kg"
Vinho do porto dona antónia reserva branco,Ferreira,Garrafa de 0.75 l,"11,99 €","15,99 €/L"
Óleo alimentar,PorSi,Garrafa de 5 l,"3,39 €","3,39 €/L"
Grão de bico,PorSi,Frasco com 540 g,"2,19 €","2,81 €/Kg"
Creme vegetal,Planta,Embalagem de 1 kg,"1,59 €","6,36 €/Kg"
Folhado de Maçã,*,1 unidade= 100 g,"0,30 €/Unidade","0,30 €/Unidade"
"Espumante Danúbio, Meio Seco",Danúbio,Garrafa de 75 cl,"8,49 €","11,32 €/L"
"Chocolate kit kat, single",Kit kat,Embalagem de 40g,"2,24 €","29,87 €/Kg"
"Lenços de bolso sensi, brancos, 10 unidades",Renova,Uma embalagem de 6x10,"0,89 €","0,89 €/Unidade"
Desodorizante e desinfetante para calçado,Sanytol,Embalagem de 150 ml,"5,29 €","35,27 €/L"
Bolacha maria doces,Vieira,Embalagem de 300g,"1,69 €","2,11 €/Kg"
Circuito fechado rosa -5º,Redex,Embalagem de 5 l,"14,99 €","14,99 €/L"
Massa macarronete riscado,Milaneza,Embalagem de 500g,"0,99 €","1,98 €/Kg"
Manteiga com sal,Primor,Embalagem de 250g,"1,89 €","7,56 €/Kg"
Gambão 20/30,Marisco Congelado,Vendido a partir de 250 (aprox.),"1,99 €/Kg","1,99 €/Kg"
Biscoitos canudinho simples,PorSi,Embalagem de 300g,"2,82 €","9,40 €/Kg"
Spray anti calcário,Cif,Garrafa de 435 ml,"3,19 €","6,38 €/L"
Doce de cereja s/ açúcar adicionado,PorSi,Frasco com 220 g,"2,19 €","9,95 €/Kg"
Massa cuscus,PorSi,Embalagem de 250g,"0,99 €","1,98 €/Kg"
Areia para gatos aglomerante compacta perfumada,PorSi,Embalagem de 4 kg,"1,19 €","0,24 €/Kg"
Alimento lácteo morango +8 meses,Yogolino,Embalagem de 4 x 100 g,"2,89 €","7,23 €/Kg"
Moscatel de setúbal,Selecção de Enófilos,"Garrafa de 0,75 l","5,99 €","7,99 €/L"
Toalhitas básico,Dodot,embalagem com 54 unidades,"1,09 €/Unidade","1,09 €/Unidade"
Ambientador Difusor Frutos Vermelhos,PorSi,50 ml,"4,99 €","4,99 €/Unidade"
Collant licra 15d musk l,PorSi,Embalagem de 1 unidades,"1,89 €","1,89 €/Unidade"
Pratos para pic nic 19 cm azuis,PorSi,Embalagem com 6 unidades,"9,99 €","9,99 €/Unidade"
Powerade ice storm,POWERADE,Garrafa de 500 ml,"5,39 €","5,39 €/L"
Filetes Primavera Linhaça & Girassol,Iglo,Embalagem de 220g,"9,30 €/Kg","9,30 €/Kg"
Árvore de Natal,*,Dim.: 150cm,"24,99 €/Unidade","24,99 €/Unidade"
"Cerveja com álcool, lata",Super Bock,Garrafa de 500 ml,"1,99 €/L","1,99 €/L"
"Pilha alcalina, hightech lr03x4",Domédia,1 unidade,"1,49 €","1,49 €/Unidade"
Aperitivos tex mex,Doritos,Embalagem de 120g,"0,79 €","7,90 €/Kg"
Tostas de trigo,Diatosta,Embalagem de 225 g,"2,39 €","6,83 €/Kg"
Cachaça,Pitu,Garrafa de 700 ml,"20,99 €","29,99 €/L"
Creme de dia para pele seca,Labell,Embalagem de 50 ml,"2,99 €","59,80 €/L"
"Argolas, brancas, autocolante, 160 unidades, 13 mm",Domédia,1 embalagem,"2,69 €","2,69 €/Unidade"
Molas plásticas,PorSi,15 unidades,"0,89 €","0,89 €/Unidade"
Cerveja c/ álcool,Super Bock,Pack 15 X 0. 33L,"1,99 €/L","1,99 €/L"
Gelatina pronta a comer ananás,Royal,Embalagem de 4 x 100 g,"0,85 €","2,13 €/Kg"
Gel de Banho Secrets Oil Avocato,Dove,Embalagem de 500 ml,"6,49 €","8,65 €/L"
Leite de coco,PorSi,Embalagem de 400 ml,"3,84 €","24,00 €/Kg"
Café solúvel creme,Nescafe,Embalagem de 100g,"1,45 €","14,50 €/Kg"
Bolachas waffers baunilha,PorSi,Embalagem de 210g,"0,98 €","4,67 €/Kg"
Mel de montanha,PorSi Select,Frasco de 250 g,"4,89 €","9,78 €/Kg"
Pastilhas de Limpeza Dentífrica Branqueadora,Polident,Embalagem com 30 unidades,"9,79 €","122,38 €/Kg"
"Coloração permanente, caramelo avelã, nº 6.41",Excellence,1 unidade,"9,49 €/Unidade","9,49 €/Unidade"
Iogurte morango skyr 0%,PorSi Viva Bem,150 g,"5,97 €/Kg","5,97 €/Kg"
Húngaros,PorSi,Embalagem de 270G,"0,69 €","3,45 €/Kg"
Atum posta em óleo,Bom petisc,Embalagem de 120 g,"0,89 €","7,42 €/Kg"
6 Salsichas de porco,Nobre,Lata de 120g,"0,75 €","3,75 €/Kg"
Tablete de chocolate leite c/ avelãs,Milka,Embalagem de 270g,"0,65 €","6,50 €/Kg"
Filetes de pescada,PorSi,Embalagem de 400 g,"3,99 €","9,98 €/Kg"
Água c/ gás original,Frize,pack 6 x 0.25 l,"2,85 €","2,85 €/L"
Mopa Maxi XXL + 8 Panos,Swiffer,1 unidade,"1,79 €","1,79 €/Unidade"
Amaciador Roupa lavanda,PorSi,Embalagem de 60 doses,"3,99 €","3,99 €/Unidade"
Água mineral sem gás,Fastio,Pack 4 x 1.5 l,"1,04 €","0,17 €/L"
Pescada panada em forma de filete,Pescanova,Embalagem de 1 Kg,"3,99 €","9,98 €/Kg"
Saco p/ pão,Homespecial,Dim.: 55 x 35 cm,"24,99 €","24,99 €/Unidade"
Açúcar em saquetas,PorSi,Embalagem 1K,"1,49 €","1,49 €/Kg"
Vinho maduro branco,C.da eira,Garrafa de 1 l,"0,85 €","0,85 €/L"
Massa fusilli tricolor,Milaneza,Embalagem de 500g,"0,99 €","1,98 €/Kg"
Jardineira,PorSi,Embalagem de 750 g,"1,98 €","1,98 €/Kg"
Sacos do lixo lavanda 50 litros,PorSi,15 unidades,"1,89 €","1,89 €/Unidade"
Iogurte natural açucarado,PorSi,Embalagem de 4x125g,"0,99 €","1,98 €/Kg"
Creme p/ Calçado Castanho,Búfalo,Embalagem de 50 ml,"2,49 €","31,13 €/L"
Banda cera facial peles sensíveis,Veet,Embalagem de 20 unidades,"6,99 €","6,99 €/Unidade"
Farinha para pão rústico,Nacional,Embalagem de 1 kg,"1,99 €","1,99 €/Kg"
Grão de bico,PorSi,Embalagem de 820g,"2,19 €","2,81 €/Kg"
Lata de Brilho Castanho,Búfalo,Embalagem de 75 ml,"2,49 €","31,13 €/L"
Ketchup,Calve,Embalagem de 280g,"0,87 €","2,90 €/Kg"
Gel de Duche Creme Care,Nivea,Embalagem de 750 ml,"3,69 €","14,76 €/L"
Sacos lixo eco 100 litros,PorSi,10 unidades,"1,89 €","1,89 €/Unidade"
Bebida espirituosa,1920,Garrafa de 1 l,"15,49 €","15,49 €/L"
Inseticida moscas e mosquitos,Dum Dum,Garrafa de 300 ml,"5,09 €","8,48 €/L"
Cereais fitness,Nestle,Embalagem de 380g,"5,59 €","8,87 €/Kg"
"Bebida açucarada  tinto de verão, limão",Sandevid,"Garrafa de 1,5 l","2,39 €","1,59 €/L"
Papa infantil não láctea multicereais +6 meses,Cerelac,Embalagem de 250g,"4,99 €","4,99 €/Kg"
Mochila Baby Shark,Mitama,1 unidade,"15,90 €","15,90 €/Unidade"
Pinca esparguete inox,PorSi,Embalagem de 1 unidades,"4,99 €","4,99 €/Unidade"
Feijão encarnado,PorSi,Embalagem 500G,"0,95 €","1,90 €/Kg"
Cone chocolate,PorSi,Embalagem de 6 x 120 ml,"5,99 €","16,64 €/L"
Termo ultra dreno-volume,PLANTANATU,Garrafa de 500 ml,"7,59 €","126,50 €/Kg"
Caramelos de fruta,Penha,Embalagem de 500 g,"1,19 €","4,76 €/Kg"
X-ato mini,Maped,9 mm,"1,35 €","1,35 €/Unidade"
Tapetes educativos p/ cães/gatos 60x60cm,PorSi,20 unidades,"8,75 €","8,75 €/Unidade"
"Rolo de cozinha design xxl, 3 rolos",Renova,Embalagem de 3 unidades,"4,99 €","4,99 €/Unidade"
Chourição Extra Fatiado,Porminho,Embalagem de 80g,"1,35 €","16,88 €/Kg"
Clara liquida pasteurizado,Dovo,Embalagem de 320 ml,"1,24 €","3,88 €/L"
Refrigerante c/ gás laranja,Sumol,Garrafa de 500 ml,"0,79 €","0,40 €/L"
Snack bio arroz e trigo c/ banana e framboesa,Gerber,Embalagem de 35g,"2,19 €","11,53 €/Kg"
Cerveja,Kings Bräu,Embalagem de 10x25 cl,"1,99 €/L","1,99 €/L"
Vermute rosso,Martini,Garrafa de 0.75 l,"17,09 €","22,79 €/L"
Cebola picada,PorSi,Embalagem de 400 g,"1,98 €","1,98 €/Kg"
Bolacha diet nature recheio iogurte,Gullon,Embalagem de 220g,"0,79 €","4,49 €/Kg"
Guardanapos com riscas rosa | Dim.: 33 x 33 cm,PorSi,Embalagem com 20 unidades,"1,29 €","1,29 €/Unidade"
Liquido em gel para WC Hibisco Rosa,Ambipur,Embalagem de 750 ml,"2,49 €","3,32 €/L"
Wc lixivia gel pink,Domestos,Garrafa de 750 ml,"1,74 €","0,35 €/L"
Água s/ gás,S.estrela,Garrafão de 6L,"1,04 €","0,17 €/L"
Mopa 1.2 spray max,Vileda,1 unidade,"2,20 €","2,20 €/Unidade"
Jarro de 1 litro + 4 copos,Codil,1 conjunto,"0,99 €","0,99 €/Unidade"
"Toalhitas intimas, 20 unidades",Labell,Uma embalagem,"2,89 €","2,89 €/Unidade"
Autobrilhante Incolor,Búfalo,Embalagem de 50 ml,"2,25 €","45,00 €/L"
Canja c/ aletria,Knorr,Embalagem de 70g,"0,62 €","10,00 €/Kg"
Bolacha torrada com canela,PorSi,Embalagem de 2 x 250 g,"1,69 €","2,11 €/Kg"
Bolacha golden,Oreo,Embalagem de 154 g,"0,79 €","4,49 €/Kg"
Vela com número nº 5,PorSi,1 unidade,"0,60 €","0,60 €/Unidade"
Nata para culinária ligeira,Mimosa,Embalagem de 200 ml,"0,75 €","3,75 €/L"
Bolacha de manteiga belga original,Saborosa,Embalagem de 220g,"7,53 €/Kg","7,53 €/Kg"
Peskitos de pescada panados,Pescanova,Embalagem de 1 Kg,"9,30 €/Kg","9,30 €/Kg"
Toalhitas Activity |Recarga,Dodot,Pack: 4x54 unidades,"1,09 €/Unidade","1,09 €/Unidade"
"Queijo flamengo, fatias",Paiva,Embalagem de 180 g,"1,96 €","9,80 €/Kg"
Vinho do porto dona antónia reserva tinto,Ferreira,Garrafa de 0.75 l,"10,99 €","14,65 €/L"
Mopa com cabo,PorSi,1 unidade,"2,20 €","2,20 €/Unidade"
Pescada da Africa do Sul,Peixe Congelado,Pescado no mar,"3,99 €/Kg","3,99 €/Kg"
Molho inglês,Savora,Garrafa de 120 ml,"0,87 €","2,90 €/Kg"
Pêssego em calda metades,PorSi,Lata com 420 g,"1,99 €","2,37 €/Kg"
Amaciador concentrado para roupa jojoba,PorSi,80 doses,"3,99 €","3,99 €/Unidade"
Gin Beefeater Light,Beefeater,"Garrafa de 0,70 l","16,49 €","23,56 €/L"
Chourico picante beiras,PorSi,Embalagem de 290g,"1,22 €","6,78 €/Kg"
Vela com número nº 8,PorSi,1 unidade,"0,60 €","0,60 €/Unidade"
Mistura pombos domésticos,Rac.zezere,Embalagem de 5 kg,"4,09 €","0,82 €/Kg"
Queijinhos Babybel Mix,Babybel,Embalagem de 180g,"4,39 €","18,29 €/Kg"
Muslitos do mar,Pescanova,Embalagem de 250 g,"2,19 €","8,59 €/Kg"
Tablete de chocolate de leite com amêndoas - sem açú...,PorSi Viva Bem,Embalagem de 100 g,"0,65 €","6,50 €/Kg"
"Bebida láctea especial crescimento, 1-3 anos",Mimosa,Garrafa de 1 l,"0,26 €","1,30 €/L"
Café c/ cafeína intenso,Nescafe,Embalagem de 100g,"1,45 €","14,50 €/Kg"
Sabonete calmante de lavanda,Labell,Embalagem de 4x100 g,"1,99 €","12,44 €/Kg"
Luva Animais da Quinta,Chicco,Uma unidade,"23,99 €","23,99 €/Unidade"
12 pastéis de bacalhau,PorSi,Embalagem de 300 g,"1,79 €","7,16 €/Kg"
Adoçante c/ doseador,Canderel,Embalagem de 30g,"5,99 €","23,96 €/Kg"
Leite uht gordo com rosca,PorSi,Embalagem de 1 litro,"1,04 €","1,04 €/L"
Pólen de abelhas,PorSi Select,Frasco de 130 g,"4,89 €","9,78 €/Kg"
Sobremesa gelificada de laranja,PorSi,Embalagem de 4x100g,"0,85 €","2,13 €/Kg"
Gel Banho Excite,Axe,Embalagem de 400 ml,"5,99 €","14,98 €/L"
Sumo 100% maçã,Compal,1 litro,"1,09 €","0,73 €/L"
Caldo de galinha 8 cubos,Knorr,Embalagem de 80g,"3,84 €","24,00 €/Kg"
Vinho regional alentejano tinto,Qta.carmo,Garrafa de 0.75 l,"2,89 €","3,85 €/L"
Livro Pop-Ups - Animais,Europrice,1 unidade,"7,50 €","7,50 €/Unidade"
Água sem gás,Penacova,Garrafa de 1.5 litros,"1,04 €","0,17 €/L"
Batata Pré-Frita Dauphines,PorSi,500 g,"1,39 €","1,39 €/Kg"
Sumo essencial de pêssego,Compal,pack 3 x 0.11 l,"2,29 €","6,94 €/L"
Laca Cabelo Criação Brilho,Tresemmé,Embalagem de 300 ml,"3,99 €","53,20 €/L"
Limpa Tablier,PorSi,Embalagem de 1 l,"3,99 €","0,80 €/L"
11 Nuggets de Proteína Vegetal,Iglo green,Embalagem de 250g,"1,89 €","6,30 €/Kg"
Cápsulas de café delta qualidus,Delta Q,Embalagem de 60g,"54,36 €/Kg","54,36 €/Kg"
"Pastilhas fruit, frutos silvestres",Trident,Embalagem de 15 g,"0,89 €","59,33 €/Kg"
Iogurte liquido stracciatella,PorSi,Embalagem de 4 x 160 g,"1,31 €","2,05 €/Kg"
Bolacha vitalday aveia e chocolate,Gullon,Embalagem de 240g,"2,82 €","9,40 €/Kg"
Café gold colômbia frasco,Nescafe,Embalagem de 100 g,"1,45 €","14,50 €/Kg"
Café torrado 5 estrelas moagem grossa,Sical,Embalagem de 250g,"9,16 €/Kg","9,16 €/Kg"
Manteiga c/ sal,Mimosa,Embalagem de 250g,"1,89 €","7,56 €/Kg"
Néctar ananás,Compal,pack 3 x 200 ml,"0,99 €","0,99 €/L"
Comida húmida para cão,PorSi,Embalagem de 300 g,"0,75 €","2,50 €/Kg"
Mistura solúvel tofina despertar,Nestle,Embalagem de 200g,"0,79 €","3,16 €/Kg"
"Palmilha de cortiça com latex, tamanho 42/43",Sonaf,1 unidade,"2,95 €","2,95 €/Unidade"
Fralda de Incontinência c/ Elásticos Tamanho Pequeno,Lindor,Embalagem de 40 un.,"9,99 €","9,99 €/Unidade"
Colchão Insuflável p/ 1 Pessoa,Bestway,1 un.,"9,99 €","9,99 €/Unidade"
Fralda Cueca de Banho 7 a 15 kg,Huggies,Embalagem com 12 un.,"8,49 €","8,49 €/Unidade"
Massa fettuccine,PorSi,Embalagem de 500g,"0,99 €","1,98 €/Kg"
Vinho branco,PorSi,embalagem de  3X187 ml,"0,85 €","0,85 €/L"
Bambolitos brancos,PorSi,Embalagem de 150g,"0,69 €","4,60 €/Kg"
Wc lixívia gel original,Domestos,Garrafa de 750 ml,"2,49 €","3,32 €/L"
Leite corporal,Nivea,Embalagem de 400 ml,"12,48 €/L","12,48 €/L"
Escova de Camurça,Búfalo,Embalagem de 250 ml,"6,19 €","24,76 €/L"
Cereais corn flakes,Kellogg's,Embalagem de 500g,"1,49 €","2,98 €/Kg"
Ambientador spray aerosol white bouquet,Air Wick,Garrafa de 240 ml,"0,99 €","3,30 €/L"
Barras fitness com chocolate,Nestle,Embalagem de 140g,"5,59 €","8,87 €/Kg"
Eau de Toilette p/Senhora Nº47,Caravan,1 Frasco 150ml,"11,99 €","79,93 €/L"
Café dak lak vietnam moagem universal,Sical,Embalagem de 220g,"3,49 €","13,96 €/Kg"
"Carregador, 6 lâminas, 4 recargas",Labell Men,1 embalagem,"1,16 €","4,64 €/L"
Purificador de água,Tetra,Embalagem de 1 l,"7,99 €","7,99 €/L"
Batata frita lisa chips,PorSi,Embalagem de 185 g,"1,01 €","5,46 €/Kg"
Ameijoa Branca Vietnamita,Marisco Congelado,Vendido a partir de 250 gr  (aprox.),"1,99 €/Kg","1,99 €/Kg"
Manteiga com sal,Milhafre,Embalagem de 250g,"1,89 €","7,56 €/Kg"
Collant mousse preta 20D,PorSi,Tamanho: M,"1,89 €","1,89 €/Unidade"
Salsicha bockwurst 5 unidades,PorSi,Embalagem de 250g,"0,75 €","3,75 €/Kg"
Tabuleiro + 16 talheres,Tramontina,para churrasco,"4,99 €","4,99 €/Unidade"
Azeite,Oliveira da Serra,Embalagem de 750 ml,"3,29 €","4,39 €/L"
Leite UHT Meio Gordo,Gresso,Embalagem de 1 l,"0,83 €","0,83 €/L"
"Iogurte actimel, morango",Danone,Embalagem de 12 x 100 g,"2,79 €","5,81 €/Kg"
Creme de fixação para dentaduras,Labell,Embalagem de 50 g,"9,79 €","122,38 €/Kg"
"Vinho DOC Bairrada, Branco",Selecção de Enófilos,Garrafa de 0.75 l,"2,49 €","3,32 €/L"
Queijo mozzarella fatias,PorSi,Embalagem de 200 g,"1,96 €","9,80 €/Kg"
Farinha p/ bolos fina,Nacional,Embalagem de 1Kg,"1,99 €","1,99 €/Kg"
Delícia de bolacha,PorSi,Embalagem de 2x135 g,"0,55 €","2,75 €/Kg"
Iogurte grego natural magro,PorSi Viva Bem,Embalagem de 1 kg,"0,99 €","1,98 €/Kg"
Néctar classico de ananás,Compal,Garrafa de 200 ml,"0,99 €","0,99 €/L"
Iogurte ananás 000%,PorSi Viva Bem,Embalagem de 4 x 125 g,"4,38 €","2,19 €/Kg"
Bollycao,Bollycao,Embalagem de 2 unidades,"2,05 €","5,13 €/Kg"
Açúcar baunilhado,Vahine,Embalagem de 40g,"1,49 €","1,49 €/Kg"
Lasanha à bolonhesa,PorSi,Embalagem de 500G,"3,99 €","9,98 €/Kg"
Iogurte tipo grego natural,PorSi,Embalagem de 12 x 125 g,"1,49 €","2,98 €/Kg"
Vinho rosé,Lancers,Garrafa 0.75L,"4,29 €","5,72 €/L"
Framboesa mirtilo com xarope de milho,Cemporcent,Embalagem de 230g,"3,99 €","7,98 €/Kg"
Óleo Cedro Spray,PorSi,Embalagem de 250 ml,"4,39 €","14,63 €/L"
Café solúvel gold,PorSi Select,Embalagem 100G,"1,45 €","14,50 €/Kg"
Cereais crack star,PorSi,Embalagem de 375 g,"5,07 €/Kg","5,07 €/Kg"
Gelatina de ananás,PorSi,Embalagem de 170g,"0,55 €","61,11 €/Kg"
Farinha láctea cerelac,Cerelac,Embalagem de 500g,"4,99 €","4,99 €/Kg"
Arroz agulha Europa,PorSi,Embalagem de 1 kg,"1,26 €","1,26 €/Kg"
Snack bio de arroz e trigo c/ banana,Gerber,Embalagem de 35g,"2,19 €","11,53 €/Kg"
Escalopes,Frango,1 un = 150 gr (aprox.),"6,28 €","6,98 €/Kg"
Bolachas waffers chocolate,PorSi,Embalagem de 210g,"0,98 €","4,67 €/Kg"
Pizza de Atum,PorSi,Embalagem de 350 g,"2,32 €","6,27 €/Kg"
Piscina familiar,Bestway,Dim.: 262x157x46 cm,"2,99 €","2,99 €/Unidade"
Massa de cotovelos grandes riscados,Milaneza,Embalagem de 500g,"0,99 €","1,98 €/Kg"
Hamburguers de bovino,PorSi,Embalagem de 1 kg,"2,79 €","8,72 €/Kg"
Eau de Toilette p/Senhora Nº39,Caravan,1 Frasco 150ml,"11,99 €","79,93 €/L"
Cappuccino Café Solúvel Descafeinado,Nescafe,Embalagem de 125g | 10 Saquetas,"1,59 €","6,36 €/Kg"
Azeite virgem extra bio frutado,Gallo,Garrafa de 750 ml,"3,29 €","4,39 €/L"
Limpa vidros cristal recarga,Ajax,Embalagem de 500 ml,"3,19 €","6,38 €/L"
Esfregão Fibra Verde Grande XXL Gama Classic,Scotch-Brite,Embalagem de 1 unidades,"2,54 €","2,54 €/Unidade"
Película Aderente 60M,PorSi,1 unidade,"1,11 €","1,11 €/Unidade"
Bife de Frango,Frango,Vendido ao peso a partir de 1 kg,"6,28 €","6,98 €/Kg"
Azeitona preta,PorSi,Embalagem de 560 g,"2,19 €","2,81 €/Kg"
Leite uht c/ chocolate,Ucal,Garrafa de 1 l,"0,26 €","1,30 €/L"
Vela com número nº 1,PorSi,1 unidade,"0,60 €","0,60 €/Unidade"
Pilhas recarregáveis longa duração AAA HR03 1.2V 800...,Domédia,Embalagem com 4 unidades,"1,49 €","1,49 €/Unidade"
Bolachas Choco Finas,Milka,Embalagem de 126g,"2,15 €","2,87 €/Kg"
Bolachas digestive chocolate,PorSi,Embalagem de 300g,"0,84 €","2,80 €/Kg"
Delta chicória + cafe soluvel lata,Delta,Embalagem de 250g,"1,45 €","14,50 €/Kg"
Ice tea pêssego,Lipton,Embalagem de 1L,"1,14 €","0,76 €/L"
Milka chocolate tablet cocoa,Milka,Embalagem de 100g,"0,99 €","4,95 €/Kg"
Flocos de aveia,PorSi Viva Bem,Embalagem de 400g,"0,69 €","1,73 €/Kg"
Ameijoa Castanha Vietnamita,Marisco Congelado,Venda ao Kilo,"1,99 €/Kg","1,99 €/Kg"
Borracha para lápis e tinta,Domédia,1 unidade,"4,69 €","4,69 €/Unidade"
Chá Aromatizado Pirâmide Mel/Limão/Ginseng,PorSi,20 x 2 g,"1,19 €","59,50 €/Kg"
Amaciador jasmim e maçã,Surf,90 doses,"8,99 €","2,25 €/L"
Pasta de dentes max white expert white,Colgate,Embalagem de 75 ml,"2,39 €","31,87 €/L"
Pate picante 73gr.                ce *24,La piara,Embalagem de 70g,"1,19 €","13,52 €/Kg"
Bolachas de aveia,Triunfo,Embalagem de 190g,"2,82 €","9,40 €/Kg"
Margarina líquida,Vaqueiro,Embalagem de 500 ml,"2,89 €","2,89 €/Kg"
"Creme de muda de fralda, para bebé",Pommette,Embalagem de 100 ml,"0,55 €","5,50 €/L"
Mostarda de Dijon,PorSi Select,190 g,"0,87 €","2,90 €/Kg"
Lixívia para roupa delicada,Neoblanc,Embalagem de 2 l,"2,19 €","1,10 €/L"
Lixívia Tradicional,PorSi,Embalagem de 5 l,"1,74 €","0,35 €/L"
Gel wc tripla ação c/ lixívia,Harpic,Garrafa de 750 ml,"1,79 €","2,39 €/L"
Cha infusão verde,Cemporcent,Embalagem com 10 saquetas,"58,44 €/Kg","58,44 €/Kg"
Coador aço inox,PorSi,14 cm,"4,99 €","4,99 €/Unidade"
Creme barrar nutela 350g,Nutella,Embalagem de 350G,"10,26 €/Kg","10,26 €/Kg"
Patê de sardinha,PorSi,Embalagem de 65 g,"1,19 €","13,52 €/Kg"
"Tábua de madeira 13 x 45 x 1,5 cm",Jomafe,1 unidade,"4,99 €","4,99 €/Unidade"
Néctar light de laranja prisma,PorSi,Embalagem de 1 l,"0,84 €","2,55 €/L"
Lombo assado fatiado,PorSi,150 g,"2,49 €","16,60 €/Kg"
Bacalhau posta asa branca,PorSi,Embalagem de 800G,"6,39 €","7,99 €/Kg"
Café lote bocage grão,Nicola,Embalagem de 1 kg,"9,16 €/Kg","9,16 €/Kg"
Asas de Frango,*,1 un = 100 gr (aprox.),"6,28 €","6,98 €/Kg"
Leite uht magro,Agros,Embalagem de 1 litro,"0,83 €","0,83 €/L"
Molho piri piri,Macarico,Embalagem de 200g,"0,87 €","2,90 €/Kg"
Sacos do lixo lavanda 30 litros,PorSi,20 sacos,"1,89 €","1,89 €/Unidade"
"Frigideira anti-aderente, 24cm",PorSi,1 unidade,"9,99 €","9,99 €/Unidade"
Mistura de cogumelos,PorSi,Embalagem de 400g,"1,98 €","1,98 €/Kg"
Açúcar baunilhado,Globo,Embalagem de 70g,"1,49 €","1,49 €/Kg"
Café moagem universal timor,Delta,Embalagem de 220g,"9,16 €/Kg","9,16 €/Kg"
Iogurte liquido infantil morango,PorSi,Embalagem de 6 x 94 ml,"1,05 €","1,86 €/L"
Achocolatado energy,Cola cao,Embalagem de 750g,"5,39 €","7,19 €/Kg"
Mousse chocolate leite,Alsa,Embalagem de 300g,"0,79 €","5,27 €/Kg"
Palhinhas de papel,PorSi,25 unidades,"0,60 €","0,60 €/Unidade"
Chocolate kit kat,Kit kat,Embalagem de 130g,"2,24 €","29,87 €/Kg"
Doce de alperce com frutose,Salutem,Embalagem de 330g,"3,99 €","7,98 €/Kg"
Escorredor de talheres,PorSi,1 unidade,"4,99 €","4,99 €/Unidade"
Iogurte líquido yoggi morango/banana,Nestle,Embalagem de 4 x 160 g,"1,31 €","2,05 €/Kg"
12 nuggets frango polme americano,Capitão Iglo,Embalagem de 220g,"9,30 €/Kg","9,30 €/Kg"
Inseticida elétrico líquido,Raid,45 noites,"7,69 €","7,69 €/Unidade"
Brandy,Macieira,Garrafa de 1 l,"15,49 €","15,49 €/L"
"Bloco sanitário blue activ, eucalio",Sonasol,Embalagem de 50 g,"39,60 €/Kg","39,60 €/Kg"
Frutos vermelhos,PorSi,Embalagem de 750 g,"4,99 €","9,98 €/Kg"
Piscina com armação em ferro,Bestway,Dim.: 152 x 38 cm,"2,99 €","2,99 €/Unidade"
"Inseticida recarga, elétrico, 45 noites",Raid,1 unidade,"7,69 €","7,69 €/Unidade"
Tábua de engomar park & go,Vileda,1 un.,"74,99 €","74,99 €/Unidade"
Guardanapos de papel reciclado,PorSi,100 unidades,"1,29 €","1,29 €/Unidade"
Fel da terra planta inteira,Cemporcent,Embalagem de 40g,"1,94 €","3,88 €/Kg"
Creme autobrilhante preto,Splendor,40 ml,"2,25 €","45,00 €/L"
Escova de Dentes Júnior,Aquafresh,1 unidade,"3,49 €","3,49 €/Unidade"
Amendoas trituradas 125g,Vahine,Embalagem de 130g,"1,29 €","3,23 €/Kg"
Recarga mopa Descartável,Vileda,Pack 24 + 6 Grátis,"2,20 €","2,20 €/Unidade"
"Vela em número, nº 7",PorSi,1 unidade,"0,60 €","0,60 €/Unidade"
Couscous comespeciarias 4x125g,PorSi,Embalagem de 500g,"0,99 €","1,98 €/Kg"
Collant licra 15d musk M,PorSi,Embalagem de 1 unidades,"1,89 €","1,89 €/Unidade"
Bolo de Arroz 70 g,*,,"0,30 €/Unidade","0,30 €/Unidade"
Folha de alumínio,PorSi,30 metros,"1,11 €","1,11 €/Unidade"
Aveia instantânea em pó 1250 g bolacha,Prozis,"Embalagem de 1,25 kg","2,29 €","15,27 €/Kg"
Canja de galinha económica,Knorr,Embalagem de 60g,"0,62 €","10,00 €/Kg"
Discos Sanitários Activos Aparelho Lavanda,WC Pato,Embalagem de 36 ml,"39,60 €/Kg","39,60 €/Kg"
Lava tudo mosaico,Cif,1.1 L,"4,39 €","14,63 €/L"
20 saquetas chá noite tranquila,Lipton,Embalagem de 30g,"58,44 €/Kg","58,44 €/Kg"
Refrigerante c/ gás ananás,Sumol,Garrafa de 500 ml,"0,79 €","0,40 €/L"
Iguarias Pota com Alho,Pitéu,Embalagem de 120 g,"0,89 €","7,42 €/Kg"
Torta cacau com sabor a natas,PorSi,Embalagem de 300g,"2,05 €","5,13 €/Kg"
Iogurte líquido magro morango,PorSi Viva Bem,Embalagem de 4x150 ml,"1,32 €","2,20 €/L"
Spray limpeza casa de banho optimal 7,Ajax,Embalagem de 500 ml,"1,79 €","2,39 €/L"
Ração para gato adulto com atum e legumes selecionad...,Friskies,Embalagem de 2 kg,"2,19 €","5,48 €/Kg"
Chourico carne das beiras,PorSi,Embalagem de 290g,"1,22 €","6,78 €/Kg"
Corn flakes,PorSi,Embalagem de 1 kg,"1,49 €","2,98 €/Kg"
Nescafe galao original 18(8x17g) pt ea,Nescafe,Embalagem de 136g,"3,19 €","25,52 €/Kg"
Feijão encarnado,PorSi,Embalagem de 820 g,"2,19 €","2,81 €/Kg"
Lava Tudo Brilhante Madeira,Sonasol,"embalagem 1,1L","2,49 €","2,49 €/L"
Lambrusco rosé,Sorbello,Garrafa de 0.75 l,"2,09 €","2,79 €/L"
Leite e cereais pijama +6 meses,Cerelac,Garrafa de 400 ml,"4,99 €","4,99 €/Kg"
Água mineral natural alcalina,MONCHIQUE,Garrafão de 5 l,"1,04 €","0,17 €/L"
"Creme de depilação duche, peles normais",Veet,Garrafa de 150 ml,"2,99 €","14,95 €/L"
Café moagem universal angola,Delta,Embalagem de 220g,"9,16 €/Kg","9,16 €/Kg"
Pizza romana,PorSi,Embalagem de 370g,"2,32 €","6,27 €/Kg"
Creme Mãos Hidratante,Labell,Embalagem de 100 ml,"2,49 €","41,50 €/L"
Toalhitas,Dodot,4 x 64 un.,"1,09 €/Unidade","1,09 €/Unidade"
Pescada Média Argentina,Peixe Congelado,+ de 500 g,"3,99 €/Kg","3,99 €/Kg"
"Pensos diários, maxi, 40 unidades",Evax,Uma embalagem,"1,79 €","1,79 €/Unidade"
Sabonete,Feno,Embalagem de 4x90 g,"1,99 €","12,44 €/Kg"
Ambientador aerosol pure nenuco,Air Wick,Garrafa de 250 ml,"0,99 €","3,30 €/L"
Pilhas Alcalinas AA Optimum,Duracell,Blister 4 Pilhas,"1,49 €","1,49 €/Unidade"
Tábua de servir em madeira,Jomafe,Dim.: 15 x 26 x 1.5 cm,"4,99 €","4,99 €/Unidade"
Leite infantil 3+ anos sem lactose,Mimosa,Garrafa de 1 l,"0,26 €","1,30 €/L"
Infusão principe,Cemporcent,Embalagem de 10 unidades,"0,99 €","76,15 €/Kg"
Rolo cozinha compacto 3 folhas,Foxy,1 unidade,"4,99 €","4,99 €/Unidade"
Mini tostas integrais super finas,PorSi,Embalagem de 100 g,"2,39 €","6,83 €/Kg"
"Atum em posta, em azeite",General,Embalagem de 110g,"0,89 €","7,42 €/Kg"
Banha,PorSi,Embalagem de 230 g,"2,89 €","2,89 €/Kg"
Ice tea limão,Lipton,pack 6 x 0.25 l,"1,14 €","0,76 €/L"
Bolacha torrada 800g 33% grátis,Vieira,Embalagem de 800g,"1,69 €","2,11 €/Kg"
Sacos lixo eco com atilho 30 litros,PorSi,20 unidades,"1,89 €","1,89 €/Unidade"
Lixívia Densa + Squeeze Harmonias Florais,Neoblanc,Embalagem de 1 l,"1,74 €","0,35 €/L"
Fita Adesiva Brico Facil Especial Dupla Face,Ceys,1 unidade,"2,99 €","99,67 €/Kg"
Sapateira cozida,*,Embalagem de 1 unidades,"11,99 €","11,99 €/Unidade"
Ketchup,PorSi,Embalagem de 560 g,"0,87 €","2,90 €/Kg"
Queijo emmental ralado,PorSi,Embalagem de 200 g,"1,49 €","7,45 €/Kg"
Whisky Blended,Label 5,Garrafa de 1L,"11,49 €","16,41 €/L"
Bebida energética tropical edition,Red Bull,Garrafa de 250 ml,"5,39 €","5,39 €/L"
Néctar vital equilibrio frutos vermelhos,Compal,Embalagem de 1 l,"0,99 €","0,99 €/L"
Esparguete,PorSi,Embalagem de 1 kg,"0,99 €","1,98 €/Kg"
Gelado bomboniera,Olá,Embalagem de 140ML,"5,99 €","16,64 €/L"
Tostas multicereais sem glúten,PorSi Viva Bem,Embalagem de 140g,"2,69 €","10,76 €/Kg"
Cheerios 375g,Nestle,Embalagem de 380g,"5,07 €/Kg","5,07 €/Kg"
Perfume p/ senhora Nº46,Caravan,1 Frasco 150ml,"11,99 €","79,93 €/L"
Penso diário normal,PorSi,Embalagem de 64 unidades,"1,79 €","1,79 €/Unidade"
Autobrilhante Preto,Búfalo,Embalagem de 50 ml,"2,25 €","45,00 €/L"
Sopa Creme de Marisco,PorSi,Embalagem de 80 g,"0,62 €","10,00 €/Kg"
Ambientador vela baunilha,PorSi,1 unidade,"4,99 €","4,99 €/Unidade"
Tapete escorredor de loiça redondo,PorSi,1 unidade,"4,99 €","4,99 €/Unidade"
Base guarda sol em metal e cimento,Saurium,14 kg,"18,99 €","18,99 €/Unidade"
Salmão posta ao natural,PorSi Select,Lata de 120 g,"0,89 €","7,42 €/Kg"
Desodorizante spray sport 48h,Labell Men,Embalagem de 200 ml,"1,39 €","6,95 €/L"
Tomate pelado,Guloso,Embalagem de 390g,"3,84 €","24,00 €/Kg"
Balde praia dobrável,Gratta,18 x 16 cm,"2,99 €","2,99 €/Unidade"
Bolachas com cobertura de chocolate,PorSi,Embalagem de 150g,"0,69 €","4,60 €/Kg"
Cevada solúvel,Delta,Embalagem de 200 g,"1,45 €","14,50 €/Kg"
Mala de ferramentas com 57 peças,Saurium,1 unidade,"17,99 €","17,99 €/Unidade"
Batata palha finíssima,PorSi Select,Embalagem de 180 g,"0,87 €","5,44 €/Kg"
"Inseticida elétrico, trio, nigth & day",Raid,1 unidade,"7,69 €","7,69 €/Unidade"
Farinha p/ bolos extra fina,Nacional,Embalagem de 1 kg,"1,99 €","1,99 €/Kg"
Vinagre de vinho branco,PorSi,Garrafa de 1 l,"0,35 €","0,70 €/L"
Doce de ameixa com frutose,Salutem,Embalagem de 330g,"3,99 €","7,98 €/Kg"
10 saquetas chá frutos vermelhos,Lipton,Embalagem de 10g,"1,19 €","59,50 €/Kg"
Infusão cidreira,PorSi,Embalagem de 40g,"0,99 €","76,15 €/Kg"
Champanhe meio seco,Delagne & Fils,"Garrafa de 0,75 l","40,29 €","53,72 €/L"
Lagartos,PorSi,Embalagem de 300 gr,"0,69 €","3,45 €/Kg"
Bolachas cobertura de chocolate e avelã,PorSi,Embalagem de 150g,"0,69 €","4,60 €/Kg"
Leite e cereais 8 cereais e mel +6 meses,Cerelac,Garrafa de 400 ml,"4,99 €","4,99 €/Kg"
Sacos lixo eco com atilho 50 litros,PorSi,15 unidades,"1,89 €","1,89 €/Unidade"
Escorrega para água,Bestway,"Dim.: 4,88 m","2,99 €","2,99 €/Unidade"
Bolachas integrais,PorSi,Embalagem de 200g,"0,84 €","2,80 €/Kg"
Tablete de chocolate leite,Nestle,Embalagem de 130g,"0,53 €","5,30 €/Kg"
Infusão cidreira,Cemporcent,Embalagem de 10 unidades,"0,99 €","76,15 €/Kg"
Whisky caskmates,Jameson,Garrafa de 700 ml,"11,49 €","16,41 €/L"
20 saquetas chá digestão fácil,Lipton,Embalagem de 30g,"1,14 €","114,00 €/Kg"
"Creme de rosto de dia revitalift, laser",L'oreal,Embalagem de 50 ml,"2,99 €","59,80 €/L"
Tampões Compak Pearl Super Com Aplicador,Tampax,16 unidades,"1,39 €","1,39 €/Unidade"
Creme de dia para pele normal,Labell,Embalagem de 50 ml,"2,99 €","59,80 €/L"
Vinagre vinho branco,PorSi,Garrafa de 500 ml,"0,35 €","0,70 €/L"
Sacos Slide & Lock,Fino,"1 embalagem 15,L x15un","1,11 €","1,11 €/Unidade"
"Vinho tinto doc dão, reserva",Cabriz,Garrafa de 0.75 l,"7,49 €","9,99 €/L"
Papa infantil para preparar com leite +6 meses,Cerelac,Embalagem de 250g,"4,99 €","4,99 €/Kg"
Spray elimina odores do calçado,PorSi,embalagem de 100 ml,"5,29 €","35,27 €/L"
Pastilha Elástica Bottle Frutos Vermelhos,Trident,Embalagem de 82 g,"0,89 €","59,33 €/Kg"
Vira fritos de nylon cabo áqua,PorSi,1 unidade,"4,99 €","4,99 €/Unidade"
Infusão de camomila,PorSi,Embalagem de 33.7 g,"0,99 €","76,15 €/Kg"
"Hamburguers de frango, 4 x 80 g",PorSi,Embalagem de 320g,"2,79 €","8,72 €/Kg"
Pano Microfibras Colors XL,Vileda,Embalagem com 4 un.,"1,79 €","1,79 €/Unidade"
Gel de banho júnior frutos exóticos,Labell,Embalagem com 300 ml,"1,99 €","1,99 €/Unidade"
Livro Atlas de Portugal,Girassol,1 unidade,"7,50 €","7,50 €/Unidade"
"Saquetas de sais de fruto, laranja",Eno,Embalagem de 50g,"0,58 €","0,58 €/Unidade"
Vinagre vinho branco 500ml,Cristal,Garrafa de 500 ml,"0,35 €","0,70 €/L"
Líquido wc active clean mint & jasmin,Ambipur,750 ml,"1,79 €","2,39 €/L"
Adoçante em pó,PorSi,250 saquetas,"5,99 €","23,96 €/Kg"
Magnum amêndoa,Olá,Embalagem de 6 x 55 ml,"5,99 €","16,64 €/L"
Arroz carolino malandrinho,Malandrinh,Embalagem de 1 kg,"1,26 €","1,26 €/Kg"
Sumo clássico 100% maçã,Compal,Garrafa de 200 ml,"1,09 €","0,73 €/L"
Queijo ralado 4 queijos,Valformoso,Embalagem de 150g,"1,49 €","7,45 €/Kg"
Pensos higiénicos liberty super abas,Evax,Embalagem com 10 un.,"4,99 €","4,99 €/Unidade"
"Queijo, 16 porções",A Vaca Que Ri,Embalagem de 280g,"4,68 €","11,70 €/Kg"
Choco rice,Cemporcent,Embalagem de 250g,"0,69 €","1,73 €/Kg"
Café moagem universal portugal,Delta,Embalagem de 250g,"9,16 €/Kg","9,16 €/Kg"
Queijo em fatias,Terra Nostra,Embalagem de 400g,"1,96 €","9,80 €/Kg"
Iogurte aroma varios sabores,PorSi,Embalagem de 12 x 125 g,"1,87 €","1,25 €/Kg"
Gin dry bombay(40º) 0.70l,Bombay,Garrafa de 700 ml,"16,49 €","23,56 €/L"
Massa de macarrão grande estriado,PorSi,Embalagem de 500g,"0,99 €","1,98 €/Kg"
Óleo alimentar,Fula,Embalagem 3L,"3,39 €","3,39 €/L"
Pensos higiénicos Cottonlike Super Plus Com Abas,Evax,10 unidades,"4,99 €","4,99 €/Unidade"
Café solúvel c/ cafeína,Delta,Embalagem de 100g,"1,45 €","14,50 €/Kg"
"Chá preto, sem cafeína, 10 saquetas",Tetley,Embalagem de 20g,"1,69 €","56,33 €/Kg"
Côco ralado,PorSi,Embalagem de 200g,"1,29 €","3,23 €/Kg"
Sacos lixo com alças 25 litros,PorSi,30 unidades,"1,89 €","1,89 €/Unidade"
Receita caseira de jardineira,Nobre,Embalagem de 420g,"2,35 €","5,60 €/Kg"
Iogurte líquido infantil morango e banana,PorSi,Pack 6 x 100 g,"1,31 €","2,05 €/Kg"
Mesa caribe rattan antracite,Joluce,Dim.: 100 x 72 cm,"47,99 €","47,99 €/Unidade"
Nata uht light,Mimosa,Embalagem de 200 ml,"0,75 €","3,75 €/L"
Salsicha p/Churrasco Picante,Carne Sorraia,1 Embalagem 360G,"2,69 €","7,47 €/Kg"
Bebida láctea especial crescimento 1-3 anos,Mimosa,Embalagem de 200 ml,"0,26 €","1,30 €/L"
Pá + espanador,PorSi,1 conjunto,"2,20 €","2,20 €/Unidade"
Feijão branco,PorSi,Embalagem de 500g,"0,95 €","1,90 €/Kg"
Pilha alcalina classic lr14x2,Domédia,1 unidade,"1,49 €","1,49 €/Unidade"
Máquina de barbear c/ 2 recargas de 6 lâminas,Labell Men,,"1,16 €","4,64 €/L"
Espumante bruto,Cabriz,Garrafa de 750 ml,"8,49 €","11,32 €/L"
Tablete de chocolate leite/amêndoa,Nestle,Embalagem de 120g,"0,65 €","6,50 €/Kg"
Iogurte tipo grego maracujá,PorSi,Embalagem de 4 x 125 g,"1,49 €","2,98 €/Kg"
Rolo cozinha branco 3 folhas,PorSi,3 rolos,"4,99 €","4,99 €/Unidade"
Cápsulas de café qharisma,Delta Q,Embalagem de 60g,"54,36 €/Kg","54,36 €/Kg"
Pilhas recarregáveis longa duração AA HR3 1.2V 2100m...,Domédia,Embalagem com 4 unidades,"1,49 €","1,49 €/Unidade"
Ração para cão mini adulto nutri soft com frango,Friskies,"Embalagem de 1,4 kg","12,95 €","3,24 €/Kg"
Fruta para bebé banana maçã +4 meses,Nestle,Embalagem de 90g,"0,74 €","8,22 €/Kg"
Bolachas brownie tubo,Oreo,Embalagem de 150g,"0,79 €","4,49 €/Kg"
Vulcão brilhante,Clementoni,1 unidade,"8,99 €","8,99 €/Unidade"
Bicarbonato de sódio,PorSi,Saqueta de 75 g,"1,89 €","17,18 €/Kg"
Vinho doc douro tinto,Tellu's,Garrafa de 750 ml,"7,49 €","9,99 €/L"
Queijo ralado dispensador,PorSi,Embalagem de 80g,"1,49 €","7,45 €/Kg"
Leite creme,PorSi,Embalagem de 2x135 g,"0,55 €","2,75 €/Kg"
Vela com número nº 9,PorSi,1 unidade,"0,60 €","0,60 €/Unidade"
Folha de Alumínio,Fino,30 metros,"1,11 €","1,11 €/Unidade"
Bloco Sanitário Sólido Aqua,Sonasol,Embalagem de 2x50 g,"39,60 €/Kg","39,60 €/Kg"
"Néctar pêssego, prisma",PorSi,Embalagem de 1 l,"0,99 €","0,99 €/L"
Feijão manteiga caçarola,Cacarola,Embalagem de 500g,"0,95 €","1,90 €/Kg"
Sementes de linhaça dourada,PorSi Viva Bem,Embalagem de 250 g,"1,59 €","10,60 €/Kg"
"Detergente manual de loiça, ultra limão",PorSi,Embalagem de 500 ml,"1,05 €","2,10 €/L"
Carrinho da Polícia,Feber,1 unidade,"99,99 €/Unidade","99,99 €/Unidade"
Torrão crocante com chocolate,El almendr,Embalagem de 75g,"0,65 €","6,50 €/Kg"
Marmelada,PorSi,Embalagem de 900g,"1,09 €","2,42 €/Kg"
Pimentão doce saqueta,PorSi,Embalagem de 50 g,"0,25 €","0,25 €/Kg"
Feijão manteiga,Compal,Lata de 410 ml,"2,19 €","2,81 €/Kg"
Óleo 10w40 Semi-Sintectico,PorSi,Embalagem de 1 l,"14,99 €","14,99 €/L"
Rolo de madeira de 45.5 cm,PorSi,1 unidade,"4,99 €","4,99 €/Unidade"
Adoçante à base de sucralose,PorSi Viva Bem,Embalagem de 17g,"5,99 €","23,96 €/Kg"
Paloco desfiado do pacifico,Peixe Fresco,Embalagem de 400 g,"8,73 €/Kg","8,73 €/Kg"
"Vinho bairrada, reserva, tinto",Selecção de Enófilos,Garrafa de 0.75 l,"2,49 €","3,32 €/L"
Conjunto Facas de Mesa Prestige,PorSi,2 peças,"4,99 €","4,99 €/Unidade"
Biscoitos de canela,PorSi,Embalagem de 750g,"0,69 €","3,45 €/Kg"
Café solúvel c/ cafeína,PorSi,Embalagem de 100g,"1,45 €","14,50 €/Kg"
Creme Dia Lift + Serum Preenchedor,Diadermine,Embalagem de 50 ml,"2,99 €","59,80 €/L"
"Gel banho, nutritivo",Lactovit,Embalagem de 650 ml,"6,49 €","8,65 €/L"
Bloco Sanitário Poder Activo Aqua,Sonasol,Embalagem de 50 g,"39,60 €/Kg","39,60 €/Kg"
Batatas fritas ketchup,Ruffles,Embalagem de 150g,"1,18 €","6,38 €/Kg"
Iogurte mix-in kit kat,Nestle,Embalagem de 2 x 115 g,"1,05 €","1,86 €/L"
Café moído torrado aroma bellissimo,Belissimo,Embalagem de 200g,"9,16 €/Kg","9,16 €/Kg"
Sabonete leite & mel,Palmolive,Embalagem de 4x90 g,"1,99 €","12,44 €/Kg"
Arroz agulha América do Sul,PorSi,Embalagem de 1 kg,"1,26 €","1,26 €/Kg"
Cereais Extra Chocolate e Avelã,Kellogg's,Embalagem de 375 g,"2,29 €","6,11 €/Kg"
Framboesa,PorSi,Embalagem com 125g,"1,99 €","15,92 €/Kg"
Bebida Energética Apple,Hell,250 ml,"5,39 €","5,39 €/L"
Mel,Granja San Francisco,Embalagem de 500g,"4,89 €","9,78 €/Kg"
Crocantes de frango original,Iglo,Embalagem de 180g,"9,30 €/Kg","9,30 €/Kg"
Leite e cereais bolacha maria +6 meses,Cerelac,Garrafa de 400 ml,"4,99 €","4,99 €/Kg"
Balde de Limpeza com Espremedor,PorSi,unidade,"2,50 €","2,50 €/Unidade"
Chocolate culinário em pó,Pantagruel,Embalagem de 130g,"1,04 €","8,32 €/Kg"
Torrão crocante com chocolate,El almendr,Embalagem de 75g,"2,24 €","29,87 €/Kg"
Refrigerante de lima-limão,Seven-up,"Garrafa de 1,25 l","0,79 €","0,40 €/L"
Pano Microfibras Colors,Vileda,4 unidades,"1,79 €","1,79 €/Unidade"
Ambientador elétrico sensual sandalwood & jasmine + ...,Glade,1 unidade,"3,74 €","3,74 €/Unidade"
Colgate pasta de dentes sensation white 12x,Colgate,Garrafa de 75 ml,"3,09 €","41,20 €/L"
Esfregão c/ Esponja Salva Unhas Ergonómico / Confort...,Scotch-Brite,Embalagem de 2 unidades,"2,54 €","2,54 €/Unidade"
Sidra de maçã,Somersby,Lata de 500 ml,"1,59 €","3,18 €/L"
Sumo 100% ananás/uva,PorSi,Pack 3 x 200 ml,"1,09 €","0,73 €/L"
Ração para gato adulto de interior,Friskies,Embalagem de 3 kg,"2,19 €","5,48 €/Kg"
Espinafres folhas natur+ 400g,Bonduelle,Embalagem de 400G,"1,98 €","1,98 €/Kg"
Iogurte líquido magro frutos vermelhos,PorSi Viva Bem,Embalagem de 4x160 ml,"1,31 €","2,05 €/Kg"
Leite c/ chocolate meio-gordo s/ lactose,Agros,4 x 200 ml,"0,26 €","1,30 €/L"
Queijo mozzarella ralado,PorSi,Embalagem de 200 g,"1,49 €","7,45 €/Kg"
Amido de milho,PorSi,Embalagem de 400g,"1,89 €","17,18 €/Kg"
Dentífrico Complete Elixir e Branqueador,Oral B,Embalagem de 75 ml,"2,39 €","31,87 €/L"
Maionese Top Down,Calvé,Embalagem de 753 g,"0,87 €","2,90 €/Kg"
Braçadeiras Unicórnio,Mondo,1 Embalagem,"2,99 €","2,99 €/Unidade"
Barras fitness com morango,Nestle,Embalagem de 140g,"5,59 €","8,87 €/Kg"
Salmão Fumado da Noruega,PorSi,Embalagem de 100 g,"3,69 €","36,90 €/Kg"
2 Ligaduras elásticas,PorSi,4m x 6 cm,"1,69 €","1,69 €/Unidade"
Tampões Super Plus Compak Pearl,Tampax,16 unidades,"1,39 €","1,39 €/Unidade"
Esferográfica Azul Média,Mab,Embalagem com 4 un.,"2,69 €","2,69 €/Unidade"
Spray anti-bolores,Cif,435 ml,"1,79 €","2,39 €/L"
Patê de salmão,La piara,Embalagem de 80g,"1,19 €","13,52 €/Kg"
"Vela com número, nº2",PorSi,1 unidade,"0,60 €","0,60 €/Unidade"
Tratamento para piscinas infantis,Gre,Pack c/ 5 Doses,"2,99 €","2,99 €/Unidade"
Gestos,Hasbro,1 un.,"9,99 €","9,99 €/Unidade"
Biscoitos integrais aveia e cacau,PorSi Viva Bem,Embalagem de 150g,"0,69 €","3,45 €/Kg"
Farinha para bolos super fina,B.neve,Embalagem de 1 kg,"1,99 €","1,99 €/Kg"
Água c/ gás: limão/pepino/gengibre,Frize,pack 4 x 0.25 l,"2,85 €","2,85 €/L"
Vinho rosé frisante,Cacho Fresco,Garrafa de 0.75 l,"2,09 €","2,79 €/L"
Esfregão esponja ergonómico salva unhas,PorSi,Embalagem de 2 unidades,"2,54 €","2,54 €/Unidade"
Vinho do porto lágrima tinto,Ramos Pinto,"Garrafa de 0,75L","6,29 €","8,39 €/L"
Refresco em pó de morango,PorSi,Embalagem de 40g,"0,75 €","18,75 €/Kg"
Iogurte naturea natural,PorSi,Embalagem de 4 x 125 g,"0,99 €","1,98 €/Kg"
"Spray depilatório, peles sensiveis",Veet,Garrafa de 150 ml,"2,99 €","14,95 €/L"
Café moagem fina bio,PorSi Bio,Embalagem de 250g,"9,16 €/Kg","9,16 €/Kg"
"Combinado Fiambre,Queijo e Carne",Pastelaria do Dia,,"0,65 €","0,65 €/Unidade"
Comida húmida para cão de frango e legumes,PorSi,Lata de 400 g,"0,75 €","2,50 €/Kg"
Lenços faciais brancos 2 folhas,PorSi,150 unidades,"0,89 €","0,89 €/Unidade"
"Ambientador spray, aerosol, lavanda",Glade,Embalagem de 300 ml,"0,99 €","3,30 €/L"
Leite com sabor a baunilha proteína,Yopro,Garrafa de 330 ml,"4,82 €/L","4,82 €/L"
Guardanapos com riscas azuis | Dim.: 33 x 33 cm,PorSi,Embalagem com 20 unidades,"1,29 €","1,29 €/Unidade"
Chá de alcachofra e dente-de-leão,PLANTANATU,Embalagem de 20g,"1,19 €","1,19 €/Unidade"
8 salsichas frankfurt,Izidoro,Embalagem de 200g,"0,75 €","3,75 €/Kg"
"Escargots recheio de manteiga, salsa e alho",PorSi Select,89 g,"1,89 €","6,30 €/Kg"
Brócolos congelados,PorSi,Embalagem de 1 kg,"1,98 €","1,98 €/Kg"
Twinkle car com rádio controlo 12 v,Feber,1 unidade,"99,99 €/Unidade","99,99 €/Unidade"
Danacol frutos exóticos,Danone,Embalagem de 6 x 100 g,"4,15 €/Kg","4,15 €/Kg"
Leite uht c/ chocolate,Ucal,Embalagem de 3 x 250 ml,"0,26 €","1,30 €/L"
Vinho tinto cotes du rhone,Expert Club,Garrafa de 75 cl,"2,09 €","2,79 €/L"
Leite c/ chocolate,Gresso,Pack 4X200ml,"0,26 €","1,30 €/L"
Gel Play Morango,Durex,Embalagem de 50 ml,"4,49 €","4,49 €/Unidade"
"Película Aderente, 60Mt",Fino,1 unidade,"1,11 €","1,11 €/Unidade"
Preparado para crepes,Branca de Neve,Embalagem de 380g,"0,79 €","5,27 €/Kg"
"Livro ""Tudo o que preciso para o Natal...""",Yoyobooks,1 unidade,"7,50 €","7,50 €/Unidade"
Galão enriquecido em cálcio,Ucal,Embalagem de 3 x 200 ml,"0,26 €","1,30 €/L"
Flocos cereais chocolate,PorSi,Embalagem de 300g,"2,49 €","9,96 €/Kg"
Fralda Cueca Activity Extra Tamanho 6,Dodot,Embalagem com 37 uni.,"8,49 €","8,49 €/Unidade"
Toalhitas Sensitive |Recarga,Dodot,Pack: 4 x54 unidades,"1,09 €/Unidade","1,09 €/Unidade"
Gelado carte d'or yogurt & forest fruit,Olá,Embalagem de 900 ml,"2,62 €","2,62 €/L"
Esponja limpa camurça,PorSi,1 unidade,"6,19 €","24,76 €/L"
Eau de Toilette p/Senhora Nº27,Caravan,1 Frasco 150ml,"11,99 €","79,93 €/L"
Folhado de Chocolate 60 g,PorSi,,"0,30 €/Unidade","0,30 €/Unidade"
Água com gás,Vimeiro,"Garrafa de 1,5 l","2,85 €","2,85 €/L"
Vinho verde branco,3 marias,Garrafa de 1 l,"3,09 €","3,09 €/L"
Flan de ovos,PorSi,Embalagem 4 x 100 g,"0,55 €","2,75 €/Kg"
Cafeteira em alumínio 1 litro basic,PorSi,1 un.,"4,99 €","4,99 €/Unidade"
Sacos do lixo 18 litros,PorSi,15 sacos,"1,89 €","1,89 €/Unidade"
Manteiga com sal,Novacores,Embalagem de 250g,"1,89 €","7,56 €/Kg"
Lava Tudo Flores Montanha,Sonasol,1.3 l,"0,99 €","0,50 €/L"
Whisky 8 anos,Grant's,Garrafa de 0.70 l,"32,99 €","47,13 €/L"
Polpa tomate tetra,PorSi,Embalagem de 210g,"3,84 €","24,00 €/Kg"
Bolacha maria dourada,PorSi,Embalagem de 800g,"1,69 €","2,11 €/Kg"
Cappucinno,PorSi,Embalagem de 125 g,"3,19 €","25,52 €/Kg"
Vinho verde,Via Latina,Garrafa de 750 ml,"3,09 €","3,09 €/L"
Body Milk Cocoa,Nivea,Embalagem de 250 ml,"12,48 €/L","12,48 €/L"
Martini Riserva Rubino,Martini,Garrafa de 750 ml,"17,09 €","22,79 €/L"
Chá verde,Tetley,Embalagem de 20g,"1,14 €","114,00 €/Kg"
Eau de Toilette p/Senhora Nº45,Caravan,1 Frasco 150ml,"11,99 €","79,93 €/L"
Gelado magnum menta,Olá,Embalagem de 4 x 100 ml,"5,99 €","16,64 €/L"
Alheira Extra Trás os Montes,PorSi,"Vendido ao peso, 1un= 200 gr (aprox.)","1,49 €","7,45 €/Kg"
Queijo em fatias,Limiano,Embalagem de 400g,"1,96 €","9,80 €/Kg"
"Néctar de alperce, tetra",Compal,pack 3 x 200 ml,"0,99 €","0,99 €/L"
Actimel magro natural,Danone,Embalagem de 6 x 100g,"4,15 €/Kg","4,15 €/Kg"
Lixívia Spray Mousse Flor,Neoblanc,Embalagem de 700ml,"1,74 €","0,35 €/L"
Manteiga sem sal,Mimosa,Embalagem de 250g,"1,89 €","7,56 €/Kg"
Vinho branco península de setúbal,Periquita,Garrafa de 0.75 l,"4,99 €","6,65 €/L"
Miolo de mexilhão,PorSi,Embalagem de 250 g,"1,79 €","7,16 €/Kg"
Queijo flamengo 0% lactose,PorSi Viva Bem,Embalagem de 150 g,"1,96 €","9,80 €/Kg"
Tampões Compak Pearl Regular Com Aplicador,Tampax,16 unidades,"1,39 €","1,39 €/Unidade"
Bolacha vitalday crocante chocolate,Gullon,Embalagem de 280g,"2,82 €","9,40 €/Kg"
Aguardente,Alma pura,Garrafa de 0.70 l,"11,49 €","16,41 €/L"
Cerveja c/ álcool,Sagres,pack 30 x 0.25 L,"1,99 €/L","1,99 €/L"
Detergentes máquina lavar loiça ecológico,PorSi,26 pastilhas,"2,99 €","2,99 €/Unidade"
Copos de Shot,Aj simoes,12 copos,"1,10 €","1,10 €/Unidade"
Caixa de arrumação reciclada,PorSi,40 litros,"34,99 €","34,99 €/Unidade"
Infusão nº 5 emagrecimento,Cemporcent,Embalagem de 10 unidades,"0,99 €","76,15 €/Kg"
Azeite Subtil,Gallo,Garrafa de 2 l,"3,29 €","4,39 €/L"
Hamburgúer de queijo,Cemporcent,Embalagem de 160g,"0,69 €","0,69 €/Kg"
Massa de espirais,Nacional,Embalagem de 500g,"0,99 €","1,98 €/Kg"
Limpa injetores diesel,PorSi,Embalagem de 250 ml,"14,99 €","14,99 €/L"
Champanhe,Moet & chandon,"Garrafa de 0,75 l","40,29 €","53,72 €/L"
"Iogurte, sabor a tutti-fruti",PorSi,Embalagem de 4 x 125 g,"1,87 €","1,25 €/Kg"
Recarga inseticidas elétrico,Raid,Embalagem de 3 x 27 ml,"7,69 €","7,69 €/Unidade"
Manga Barco,Fruta do Dia,1 un = 500 gr (aprox.),"2,29 €/Kg","2,29 €/Kg"
"Pensos para calos, 10 unidades",PorSi,1 embalagem,"1,69 €","1,69 €/Unidade"
Doce de abóbora c/ noz,Quinta de Jugais,Embalagem de 280g,"2,19 €","9,95 €/Kg"
Papel higiénico macio absorvente,PorSi,12 rolos,"1,99 €","1,99 €/Unidade"
Pão Bijou 45 g,Pão do Dia,,"0,19 €","2,38 €/Kg"
Paloco desfiado,PorSi,Embalagem de 500 g,"3,99 €","9,98 €/Kg"
Gelatina de morango,Royal,Embalagem de 114g,"0,55 €","61,11 €/Kg"
"Creme de noite, age perfect",L'oreal,Embalagem de 50 ml,"2,99 €","59,80 €/L"
Bolacha recheada mega duo cacau,Gullon,Embalagem de 500g,"2,15 €","2,87 €/Kg"
Creme fixação para dentaduras,Polident,Embalagem de 70 g,"9,79 €","122,38 €/Kg"
Café torrado e moído 16 pastilhas,Sical,Embalagem de 104g,"54,36 €/Kg","54,36 €/Kg"
Polpa de manga,PorSi,Embalagem de 850g,"1,99 €","2,37 €/Kg"
Chá infusão nº3 prostal control,Cemporcent,Embalagem de 13g,"58,44 €/Kg","58,44 €/Kg"
Rebuçados de mentol,PorSi,Embalagem de 250g,"0,77 €","3,85 €/Kg"
Vinagre de sidra,PorSi,500 ml,"0,35 €","0,70 €/L"
"Azeitonas pretas sem caroço, frasco de 165 g",PorSi,Embalagem de 165g,"2,19 €","2,81 €/Kg"
Máquina Depilatória Extra Smooth Sensitive,Gillette,1 unidade,"5,49 €","5,49 €/Unidade"
Pá do Lixo C/ Cabo,PorSi,1 un.,"2,20 €","2,20 €/Unidade"
Mopa ultramax,Vileda,1 unidade,"2,50 €","2,50 €/Unidade"
Posta de atum ao natural,PorSi,Embalagem de 120g,"0,89 €","7,42 €/Kg"
Ketchup picante,Heinz,460 g,"0,87 €","2,90 €/Kg"
"Elixir bocal, menta",Labell,Embalagem de 500 ml,"5,99 €","11,98 €/L"
Spray power&shine vidros,Cif,Garrafa de 750 ml,"4,09 €","5,45 €/L"
Rabos,Porco,1 un = 250 gr  (aprox.),"0,50 €","4,99 €/Kg"
Rojões,Porco,1 un = 250 gr  (aprox.),"1,20 €","4,79 €/Kg"
Chá gordura localizada,PLANTANATU,Embalagem de 10 unidades,"1,19 €","1,19 €/Unidade"
Semente linhaça castanha,Salutem,Embalagem de 250g,"2,29 €","15,27 €/Kg"
Kit de viagem,Colgate,pasta dentífrica + escova,"3,49 €","3,49 €/Unidade"
Limpa vidros boost,Ajax,Embalagem de 500 ml,"3,19 €","6,38 €/L"
Leite UHT Morango sem Lactose,Mimosa,Pack 3 x 250 ml,"0,99 €","0,99 €/L"
Bolachas galettes bretonnes,Chabrior,Embalagem de 125 g,"7,53 €/Kg","7,53 €/Kg"
Alimento lácteo banana +6 meses,Yogolino,Embalagem de 4 x 100 g,"2,89 €","7,23 €/Kg"
Aguardente velha vsop,Antiqua,Garrafa de 700 ml,"11,49 €","16,41 €/L"
Ração para cão com frango,Friskies,Embalagem de 4kg,"12,95 €","3,24 €/Kg"
Gelatina tutti-fruti,PorSi,Embalagem de 170g,"0,55 €","61,11 €/Kg"
Manteiga sem sal terra nostra,Terra Nostra,Embalagem de 250g,"1,89 €","7,56 €/Kg"
"Absorvedores de odores, relax zen",Brise,Embalagem de 2x150g,"0,79 €","5,27 €/Kg"
Saco de cama para adulto,Saurium,1 unidade,"14,99 €","14,99 €/Unidade"
Nata uht carbonara,Parmalat,Embalagem de 200 ml,"0,75 €","3,75 €/L"
Tablete de chocolate branco,Schogetten,Embalagem de 100g,"0,99 €","9,90 €/Kg"
Sultana Dourada,PorSi,Embalagem de 200g,"0,79 €","3,95 €/Kg"
20 saquetas infusão camomila,Lipton,Embalagem de 10g,"0,99 €","76,15 €/Kg"
Vinho doc dão tinto,Santar,Garrafa de 0.75 l,"7,49 €","9,99 €/L"
Creme calçado preto bisnaga,Búfalo,50 ml,"2,49 €","31,13 €/L"
Bolachas digestive go aveia,Triunfo,Embalagem de 170g,"0,84 €","2,80 €/Kg"
Borracha para desenho técnico,Domédia,1 unidade,"3,19 €","3,19 €/Unidade"
Sumo essencial manga,Compal,pack 3 x 0.11 l,"0,99 €","0,99 €/L"
Gel Styling Casual Black,Axe,Embalagem de 75 ml,"5,99 €","14,98 €/L"
Bacalhau Posta Higienizada,PorSi,Vendido ao peso a partir de 350 g,"4,55 €","12,99 €/Kg"
Whisky,J&B,Garrafa de 1 l,"11,49 €","16,41 €/L"
Bolacha maria ruca doses,Vieira,Embalagem de 300g,"1,69 €","2,11 €/Kg"
Recarga para ambientador elétrico flor de cerejeira,Air Wick,19 ml,"5,99 €","23,96 €/L"
Chocolate para culinária 85% cacau sem glúten,Regina,embalagem de 200 g,"1,04 €","8,32 €/Kg"
Gel de banho júnior maçã e pera,Labell,Embalagem com 300 ml,"1,99 €","1,99 €/Unidade"
Inseticida Aerossol Rapid Moscas e Mosquitos,Raid,1 Embalagem 600ml,"5,09 €","8,48 €/L"
Sopa de tomate,Knorr,Embalagem de 90g,"0,62 €","10,00 €/Kg"
Pipoca doce para  microondas,PorSi,Embalagem de 300g,"0,79 €","7,90 €/Kg"
"Ração para gato adulto com vaca, frango",Friskies,Embalagem de 2000 g,"2,19 €","5,48 €/Kg"
Cominhos moídos,PorSi,Embalagem de 35g,"0,25 €","0,25 €/Kg"
Chantilly,Royal,Embalagem de 70g,"1,29 €","3,23 €/Kg"
Molho de nata para carne,Mimosa,Garrafa de 200 ml,"0,87 €","2,90 €/Kg"
Batata pré-frita cubos,PorSi,Embalagem de 1 kg,"1,39 €","1,39 €/Kg"
Cápsulas de café qharacter,Delta Q,Embalagem de 60g,"54,36 €/Kg","54,36 €/Kg"
Livro Pop-Ups - Transportes,Europrice,1 unidade,"7,50 €","7,50 €/Unidade"
Infusão de tília,PorSi,Embalagem de 30g,"0,99 €","76,15 €/Kg"
Bagas de goji,Cemporcent,Embalagem de 125 g,"0,79 €","3,95 €/Kg"
Mini salsichas cocktail,Nobre,lata de 180g,"0,75 €","3,75 €/Kg"
Sumo maçã,Andros,Embalagem de 1 l,"3,99 €","3,99 €/L"
Baguete,PorSi,250 g,"0,19 €","2,38 €/Kg"
"12 lápis de cor, 18cm",Domédia,Uma embalagem,"4,69 €","4,69 €/Unidade"
Arroz Carolino,Cigala,Embalagem de 1 kg,"1,26 €","1,26 €/Kg"
Açúcar granulado,Rar,Embalagem de 1kg,"1,49 €","1,49 €/Kg"
Toalhitas Bebé Basic,PorSi,Embalagem de 72 unidades,"1,09 €/Unidade","1,09 €/Unidade"
Atum posta em óleo,Noro,Lata com 110 g,"0,89 €","7,42 €/Kg"
Café moagem grossa bio,PorSi Bio,Embalagem de 250g,"9,16 €/Kg","9,16 €/Kg"
Ambientador carro recarga aqua,Ambipur,1 unidade,"1,99 €","1,99 €/Unidade"
Boneca Caty 85 cm,Vicam,1 unidade,"27,99 €/Unidade","27,99 €/Unidade"
Le cassoulet,Claude leg,Embalagem de 840g,"2,35 €","5,60 €/Kg"
Espumoso moscato,Selecção de Enófilos,"Garrafa de 0,75 l","3,99 €","5,32 €/L"
Faca Chefe 20 cm Preta,PorSi,1 unidade,"4,75 €","4,75 €/Unidade"
Bastão de Cola,Domédia,10 g,"1,19 €","1,19 €/Unidade"
Conjunto de 2 Almofadas,Analar,Tam.: 45 x 60 cm,"24,99 €","24,99 €/Unidade"
Infusão de menta,Tetley,Embalagem de 10g,"0,99 €","76,15 €/Kg"
Vinho Regional de Lisboa Rosé,Mundus,"Garrafa de 0,75 l","2,09 €","2,79 €/L"
Café Clássico,PorSi,10 cápsulas,"54,36 €/Kg","54,36 €/Kg"
"Refeição pronta, boião de frango e arroz",Bledina,Embalagem de 200g,"2,19 €","11,53 €/Kg"
Caderno Agrafado Capa Preta |A5 Quadriculado,Domédia,1 unidade,"1,09 €","1,09 €/Unidade"
Amaciador de roupa peónia azul e citrus,Surf,90 doses,"8,99 €","2,25 €/L"
Farinha,Maizena,Embalagem de 400g,"1,99 €","1,99 €/Kg"
Adoçante c/ doseador,Canderel,Embalagem de 10g,"5,99 €","23,96 €/Kg"
Açucar icing,Rar,Embalagem de 250 g,"1,49 €","1,49 €/Kg"
Vinho regional tejo,Plexus,Garrafa de 750 ml,"2,09 €","2,79 €/L"
Esoumante prosecco branco,Gancia,Garrafa de 750 ml,"3,99 €","5,32 €/L"
Ice tea pêssego,Lipton,Garrafa de 2 l,"1,14 €","0,76 €/L"
Polaretti magic milk micro esferas solúveis sabor ch...,Dolfin,Embalagem de 30g,"5,39 €","7,19 €/Kg"
Chá verde menta,PorSi,Embalagem de 43.7 g,"1,14 €","114,00 €/Kg"
Refresco pó laranja e morango,PorSi,Embalagem de 40g,"0,75 €","18,75 €/Kg"
Nata uht light para culinária,PorSi,embalagem de 200 ml,"0,75 €","3,75 €/L"
Pão forma integral sem côdea,PorSi,Embalagem de 450g,"0,99 €","1,65 €/Kg"
Bloco Sanitário Ativo Lavanda,Sonasol,Embalagem de 50 g,"39,60 €/Kg","39,60 €/Kg"
Cera liquida amarela,Novycera,Garrafa de 500 ml,"2,49 €","2,49 €/L"
Pão ralado crocante,ESPIGA,Embalagem de 150g,"0,72 €","3,00 €/Kg"
Creme vegetal soja,Planta,Embalagem de 250 gr,"2,09 €","8,36 €/Kg"
"Comida húmida para cão adulto com frango, vaca e bor...",Friskies,Embalagem de 400g,"0,75 €","2,50 €/Kg"
Bolachas oreo,Oreo,Embalagem de 440g,"0,79 €","4,49 €/Kg"
Pastel de Nata,Pastelaria do Dia,60 g,"0,30 €/Unidade","0,30 €/Unidade"
Taolhão de banho,PorSi,100 x 150 cm,"24,99 €","24,99 €/Unidade"
Vinho tinto,PorSi,embalagem de 5 litros,"5,19 €","1,04 €/L"
Puzzle Spiderman,Clementoni,2 x 60 peças,"15,99 €/Unidade","15,99 €/Unidade"
Fígado,Novilho,1 un = 100 gr (aprox.),"0,50 €","4,99 €/Kg"
Café nespresso descafeinado intensidade 11,STARBUCKS,Embalagem com 10 unidades,"1,59 €","6,36 €/Kg"
Creme para calçado castanho,PorSi,50 ml,"2,49 €","31,13 €/L"
Pudim zero pessego-maracuja 22g,Condi,Embalagem de 20g,"0,59 €","29,50 €/Kg"
"Batata frita wavy, ondulada",PorSi,Embalagem de 90g,"1,01 €","5,46 €/Kg"
"Bolachas, tubo",Oreo,Embalagem de 150g,"0,79 €","4,49 €/Kg"
Bolachas mini alfa,Nacional,Embalagem de 120g,"2,82 €","9,40 €/Kg"
Pão Bijou Mistura,Pão do Dia,1 unidades = 45 g,"0,19 €","2,38 €/Kg"
Vinho Regional Lisboa Reserva Branco,Marginal,Garrafa de 0.75 l,"4,99 €","6,65 €/L"
Iogurte líquido infantil morango e banana,PorSi,Pack 6 x 100 g,"1,05 €","1,86 €/L"
Halls Mini Mints Melancia,Halls,12.5 g,"2,30 €","57,50 €/Kg"
Café mistura peninsular,Delta,Embalagem de 250g,"0,79 €","3,16 €/Kg"
Nata uht,Agros,Garrafa de 200 ml,"0,75 €","3,75 €/L"
Tablete de chocolate,Chabrior,Embalagem de 250 g,"0,69 €","4,60 €/Kg"
Ambientador vela odor animais,PorSi,1 unidade,"4,99 €","4,99 €/Unidade"
Cereais fitness chocolate,Nestle,Embalagem de 380g,"5,59 €","8,87 €/Kg"
"Espumante cava bruto, reserva",Freixenet,Garrafa de 750 ml,"8,49 €","11,32 €/L"
Alheira Especial de Trás-Os-Montes,PorSi,200 g,"1,49 €","7,45 €/Kg"
Gelatina de frutos tropicais,PorSi,Embalagem 2X85G,"0,55 €","61,11 €/Kg"
Detergente liquido loiça clássico,PorSi,Garrafa de 1 litro,"1,05 €","2,10 €/L"
Patê atum em escabeche,La piara,Embalagem de 80g,"1,19 €","13,52 €/Kg"
"Alimento seco para gato adulto, galinha",Whiskas,"Embalagem de 1,75 kg","2,19 €","5,48 €/Kg"
Soja fina,PorSi Viva Bem,Embalagem de 400 g,"2,09 €","8,36 €/Kg"
Infusão carqueja,Cemporcent,Embalagem de 10 unidades,"0,99 €","76,15 €/Kg"
Escova de dentes infantil 3 a 6 anos,Labell,1 un.,"2,29 €","2,29 €/Unidade"
Dentífrico júnior 7 a 12 anos,Colgate,Embalagem de 50 ml,"0,99 €","0,99 €/Unidade"
Gel de Banho Silk,Dove,Embalagem de 750 ml,"6,49 €","8,65 €/L"
Mistura solúvel c/ 20% café granulado,PorSi,Embalagem de 200g,"0,79 €","3,16 €/Kg"
Champô Anti-Caspa,Pantene,360 ml,"5,59 €","13,98 €/L"
Feijão verde,PorSi,Embalagem de 750 g,"1,98 €","1,98 €/Kg"
Conjunto Facas para Bife Prestige,PorSi,2 peças,"4,99 €","4,99 €/Unidade"
Açúcar granulado embalado em papel,Rar,Embalagem de 1 kg,"1,49 €","1,49 €/Kg"
Tablete de chocolate culinário negro,PorSi,Embalagem de 200 g,"1,04 €","8,32 €/Kg"
"Fraldas Dry Fit, 4-9kg - Tamanho 3",Chicco,Embalagem de 42 unidades,"6,49 €","6,49 €/Unidade"
"Iogurte sólido aroma morango, ananás e banana",Mimosa,Pack 8 x 120 g,"1,87 €","1,25 €/Kg"
Alho-francês,PorSi,Embalagem de 750 g,"1,98 €","1,98 €/Kg"
Soro fisiológico,PorSi,Embalagem de 100 ml,"0,55 €","5,50 €/L"
Escova e pente,Neo Baby,1 unidade,"5,99 €","5,99 €/Unidade"
Cola Especial Calçado,Pattex,Embalagem de 30 g,"2,99 €","99,67 €/Kg"
Creme para calçado preto,Splendor,80 ml,"2,49 €","31,13 €/L"
"Alimento seco para gato junior, galinha",Whiskas,Embalagem de 350g,"2,19 €","5,48 €/Kg"
Liquido brilhante sapato preto,PorSi,75 ml,"2,25 €","45,00 €/L"
Pasta dentífrica,Couto,Embalagem de 60 ml,"2,39 €","31,87 €/L"
Papel Higiénico Original 2 folhas,Scottex,Embalagem c/ 16 Rolos,"1,99 €","1,99 €/Unidade"
Algodão zig zag pré-cortado,PorSi,Embalagem de 50 g,"1,69 €","1,69 €/Unidade"
Pano limpa pó de flanela,PorSi,1 unidade,"1,79 €","1,79 €/Unidade"
Livro O Patinho Feio,Europrice,1 unidade,"7,50 €","7,50 €/Unidade"
Coxa,Peru,1 un = 1 kg (aprox.),"6,28 €","6,98 €/Kg"
Creme culinário soja,PorSi Viva Bem,Embalagem de 200 ml,"3,99 €","26,60 €/L"
Queijo de ovelha curado amanteigado,PorSi Select,250 g,"6,49 €","25,45 €/Kg"
Vinho regional tejo reserva tinto,Casaleiro,Garrafa de 0.75 l,"4,99 €","6,65 €/L"
Mochila Eco Girl c/ Bolsa PC,Firmo,1 unidade,"15,90 €","15,90 €/Unidade"
Orelhas,Porco,1 un = 250 gr (aprox.),"0,50 €","4,99 €/Kg"
Molho bechamel,Parmalat,Embalagem de 200 ml,"0,75 €","3,75 €/L"
Livro Já sei! Aprendizagem Essencial Português 1º An...,Girassol,1 unidade,"8,99 €","8,99 €/Unidade"
Papa infantil láctea banana laranja +6 meses,Cerelac,Embalagem de 250g,"4,99 €","4,99 €/Kg"
Leite creme,PorSi,Embalagem de 4x23g,"1,69 €","8,45 €/L"
Rebuçados cristais de neve,PorSi,Embalagem de 250g,"1,15 €","4,60 €/Kg"
Arroz Risotto,PorSi,Embalagem de 1 kg,"1,26 €","1,26 €/Kg"
Creme Suavizante Picadas de Insectos,Mercurochrome,Embalagem 50 ml,"0,58 €","0,58 €/Unidade"
Toalhitas bebé natural care,Huggies,3 x 56 unidades,"1,09 €/Unidade","1,09 €/Unidade"
Penso de incontinência boutique extra,Ausonia Discreet,Embalagem de 8 un.,"1,95 €","1,95 €/Unidade"
Tablete de chocolate com avelãs,PorSi,Embalagem de 100 g,"0,65 €","6,50 €/Kg"
Moscatel de setúbal,Alambre,"Garrafa de 0,75L","5,99 €","7,99 €/L"
Néctar clássico pêssego,Compal,200 ml,"0,99 €","0,99 €/L"
Ambientador spray de lavanda,Air Wick,Garrafa de 240 ml,"0,99 €","3,30 €/L"
Jogo 4 Tapetes Alcatifa,PorSi,1 unidade,"7,49 €","7,49 €/Unidade"
Alimento seco p/ gato interior,PorSi Select,Embalagem de 2Kg,"2,19 €","5,48 €/Kg"
Bolachas cream cracker,PorSi,Embalagem de 200g,"0,39 €","3,12 €/Kg"
Creme para barrar,Nutella,Embalagem de 600g,"10,26 €/Kg","10,26 €/Kg"
Fralda Activity T3 - 6 a 10 kg,Dodot,66 unidades,"6,49 €","6,49 €/Unidade"
Creme Rosto Dia Pele Mista Antirrugas Q10 Plus,Nivea,Embalagem de 50 ml,"2,99 €","59,80 €/L"
Snack gato sticks carne 6x5g porsi,PorSi,Embalagem de 30g,"0,99 €","16,50 €/Kg"
Flocos de cereais com mel,PorSi,Embalagem de 750g,"2,49 €","9,96 €/Kg"
Ambientador tealights canela,PorSi,embalagem com 18 unidades,"4,99 €","4,99 €/Unidade"
Alface Frisada,*,1 un= 400 g (aprox.),"1,20 €","2,99 €/Kg"
Adoçante em pó stevia,PorSi Viva Bem,Embalagem de 17g,"5,99 €","23,96 €/Kg"
Ambientador gel marinho,PorSi,150 g,"0,79 €","5,27 €/Kg"
Cerveja sem álcool,Cheers,Pack 6 x 0.33 l,"5,99 €","3,03 €/L"
Spray vitrocerâmica/indução,PorSi,Embalagem de 500 ml,"1,79 €","2,39 €/L"
Pilha alcalina heightch lr14x2,Domédia,1 unidade,"1,49 €","1,49 €/Unidade"
Condicionador cabelos loiros,Ultra Suave,Embalagem de 200 ml,"1,00 €","5,00 €/L"
Iogurte liquido sem lactose natural açucarado,PorSi Viva Bem,Embalagem de 4 x 160 g,"2,79 €","5,81 €/Kg"
Toalhitas Bebé Pure Extra Care,Huggies,Embalagem com 3 x 56 unidades,"1,09 €/Unidade","1,09 €/Unidade"
Gelatina pronta a comer light 10 kcal morango,Royal,Embalagem de 4 x 100 g,"0,85 €","2,13 €/Kg"
Iogurte para bebé frutas variadas,Nestle,Embalagem de 4 x 100 g,"2,89 €","7,23 €/Kg"
Manteiga magra,Matinal,Embalagem de 250g,"1,89 €","7,56 €/Kg"
21 bombons de chocolate,F.prestige,Embalagem de 250g,"5,25 €","26,25 €/Kg"
Palmiers,PorSi,Embalagem de 100g,"7,53 €/Kg","7,53 €/Kg"
Ambientador elétrico baunilha & magnólia asiática,Air Wick,Difusor + Recarga,"3,74 €","3,74 €/Unidade"
Cuecas Incontinência Unisexo Pants Super L,Tena,12 unidades,"9,99 €","9,99 €/Unidade"
Delta cappuccino 10x14g,Delta,Embalagem de 140g,"3,19 €","25,52 €/Kg"
Caderno Espiral Universal A5 Quadriculado,Domédia,1 un.,"1,09 €","1,09 €/Unidade"
Nuggets pescada panada,Pescanova,Embalagem de 1Kg,"1,79 €","7,16 €/Kg"
"Salsichas em frasco bockwurst, 5 un",Izidoro,Embalagem de 250g,"0,75 €","3,75 €/Kg"
Sopa de Cebola,PorSi,Embalagem de 62 g,"0,62 €","10,00 €/Kg"
Água s/ gás,Luso,"Garrafa de 5,4 l","1,04 €","0,17 €/L"
Farinha para bolos fina,Branca de Neve,Embalagem de 1 kg,"1,99 €","1,99 €/Kg"
Tablete de chocolate leite com amêndoas,PorSi Select,200 g,"0,65 €","6,50 €/Kg"
Recargas ambientador elétrico romantic vanilla bloss...,Glade,Embalagem de 2 x 20 ml,"5,99 €","23,96 €/L"
Frutos silvestres lata,Koala,Embalagem de 415 g,"1,99 €","2,37 €/Kg"
Tremoço médio,PorSi,Embalagem de 350 g,"2,19 €","2,81 €/Kg"
Mortadela mini,PorSi,Embalagem de 350g,"1,05 €","6,99 €/Kg"
"Sabonete líquido de leite de amêndoas, recarga",Palmolive,Embalagem de 300 ml,"1,19 €","2,38 €/L"
As minhas primeiras receitas - refeição legumes com ...,Nestle,Embalagem de 190g,"2,19 €","11,53 €/Kg"
"Luvas multiusos relevo antiderrapante, tamanho peque...",PorSi,Embalagem de 1 unidades,"0,69 €","0,69 €/Unidade"
Aguardente vínica velha,Alianca v.,Garrafa de 700 ml,"11,49 €","16,41 €/L"
Quad racy 6v,Feber,1 un.,"99,99 €/Unidade","99,99 €/Unidade"
Água c/ Gás Ananás,Frize,pack 4 x 0.25 l,"2,85 €","2,85 €/L"
Chá cherry love,Lipton,20 saquetas,"1,19 €","59,50 €/Kg"
Vinagre balsâmico branco,Gallo,Garrafa de 250 ml,"0,35 €","0,70 €/L"
Polvo limpo,PorSi,Embalagem de 800 g,"5,49 €","6,86 €/Kg"
"Gel cabelo, hard cement",Fru style,Embalagem de 200 ml,"3,99 €","53,20 €/L"
Leite com chocolate,PorSi,Embalagem de 200 ml,"0,26 €","1,30 €/L"
Lixívia Denso-Activa Tradicional p/ Casa e Roupa,Neoblanc,Embalagem de 2 l,"1,74 €","0,35 €/L"
Palitos redondos,PorSi,200 unidades embalados individualmente,"1,50 €","1,50 €/Unidade"
Mel de néctar multifloral bio,PorSi Bio,Frasco de 250g,"4,89 €","9,78 €/Kg"
Água sem gás,Vitalis,Garrafa de 0.5 l,"1,04 €","0,17 €/L"
Renovador de Camurça em Spray Castanho,Búfalo,Embalagem de 250 ml,"6,19 €","24,76 €/L"
Café em grão,Delta,Embalagem de 250g,"9,16 €/Kg","9,16 €/Kg"
Pó de talco,PorSi,Embalagem de 250g,"0,55 €","5,50 €/L"
Ração para gato adulto com atum e legumes selecionad...,Friskies,Embalagem de 400g,"2,19 €","5,48 €/Kg"
Tostas suecas de trigo,PorSi,Embalagem de 225 g,"2,39 €","6,83 €/Kg"
Queijo mini,Babybel,Embalagem de 6x20 g,"1,45 €","7,25 €/Kg"
"Azeite clássico, virgem extra",Oliveira da Serra,Garrafa de 2 l,"3,29 €","4,39 €/L"
Guardanapos brancos 22x22cm | folha dupla,Renova,90 unidades,"1,29 €","1,29 €/Unidade"
Whisky 12 anos,Chivas,Garrafa de 700 ml,"32,99 €","47,13 €/L"
Queijo fresco natural,Matinal,Embalagem de 216g,"2,44 €","11,30 €/Kg"
Café lote normal moagem fina,PorSi,Embalagem de 250 g,"3,49 €","13,96 €/Kg"
Aditivo em pó máquina roupa branca,Vanish,Embalagem de 1.2 kg,"9,99 €","36,33 €/Kg"
Pipetas repelente para cão,Repul' 7,Embalagem de 1 unidades,"19,99 €","19,99 €/Unidade"
Cogumelos laminados,PorSi,780 g,"2,19 €","2,81 €/Kg"
Tosta integral,Diatosta,Embalagem de 510 g,"1,34 €","5,96 €/Kg"
"Gel banho, sport for men",Nivea,Embalagem de 250 ml,"3,69 €","14,76 €/L"
Batata frita caseira,PorSi,Embalagem de 180g,"0,87 €","5,44 €/Kg"
"Recarga ambientador eléctrico, alfazema",PorSi,Embalagem de 25 ml,"5,99 €","23,96 €/L"
Bolachas com geleia de framboesa,Chabrior,Embalagem de 150 g,"1,77 €","5,53 €/Kg"
Azeite Virgem Extra Clássico,Gallo,Garrafa de 2 l,"3,29 €","4,39 €/L"
Vinho regional de lisboa tinto,Marginal,Garrafa de 750 ml,"4,99 €","6,65 €/L"
Sacos do lixo jardim 130 litros,PorSi,10 sacos,"1,89 €","1,89 €/Unidade"
Vinho do porto special reserve,Velhotes,"garrafa de 0,75 l","10,99 €","14,65 €/L"
Café solúvel viena,Nescafe,Embalagem de 140g,"1,45 €","14,50 €/Kg"
Chá de maçã e canela,Tetley,Embalagem de 20g,"1,19 €","59,50 €/Kg"
Fósforos cozinha,Flamefast,Uma embalagem com 4 unidades,"1,50 €","1,50 €/Unidade"
Tablete de chocolate culinário branco,PorSi,Embalagem de 180 g,"1,04 €","8,32 €/Kg"
Cereais fitness chocolate preto,Nestle,Embalagem de 375g,"5,59 €","8,87 €/Kg"
Café moído torrado aroma originale,Belissimo,Embalagem de 200g,"9,16 €/Kg","9,16 €/Kg"
Pão de forma s/ côdea,Bimbo,Embalagem de 650 g,"0,99 €","1,65 €/Kg"
Snacks crocantes com bacon,PorSi,Embalagem de 60g,"0,79 €","7,90 €/Kg"
Papel higiénico branco folha quadrupla,PorSi,12 rolos,"1,99 €","1,99 €/Unidade"
Costeleta mista,Porco,1 un = 150 gr (aprox.),"1,20 €","4,79 €/Kg"
Lanche Misto,Pastelaria do Dia,1 unidade= 115 g,"0,65 €","0,65 €/Unidade"
Caramelos de leite,Penha,Embalagem de 250g,"2,75 €","11,00 €/Kg"
Vinho maduto tinto,Casal da eira,Embalagem de 1 l,"0,85 €","0,85 €/L"
Vinho verde branco,MIRANDA,"Garrafa de 0,75 l","3,09 €","3,09 €/L"
Água com gás natural pet,P.salgadas,pack 6 x 0.33 l,"2,85 €","2,85 €/L"
Néctar ananás,PorSi,Pack 3 x 200 ml,"0,99 €","0,99 €/L"
Vinho do Porto Branco,Velhotes,"Garrafa de 0,75 l","11,99 €","15,99 €/L"
Sal cristal,PorSi,embalagem de 1 kg,"0,25 €","0,25 €/Kg"
Sidra,Kings Bräu,Pack 6 x 0.33 l,"1,59 €","3,18 €/L"
Vinho rosé,Mateus,Garrafa de 750 ml,"4,29 €","5,72 €/L"
Camisola segunda pele 40D preto t. único,PorSi,1 unidade,"4,69 €","4,69 €/Unidade"
Sortido seleção,Chabrior,Embalagem de 380g,"3,09 €","14,71 €/Kg"
Iogurte pedaços pêssego/alperce,PorSi,Embalagem de 4x125g,"4,38 €","2,19 €/Kg"
Vinho branco bag-in-box,Capataz,Embalagem de 5 l,"5,19 €","1,04 €/L"
Café solúvel sem cafeína,Nescafe,Embalagem de 20g,"1,45 €","14,50 €/Kg"
Café em cápsulas aqtivus,Delta Q,Embalagem de 55 g,"54,36 €/Kg","54,36 €/Kg"
Refresco em pó de laranja,Tang,Embalagem de 30g,"0,75 €","18,75 €/Kg"
Chocolate negro com coco,Cemporcent,Embalagem de 125g,"2,29 €","22,90 €/Kg"
Faneca,Peixe do Dia,"Vendido ao peso, 1 un = 500 g (aprox.)","6,49 €/Kg","6,49 €/Kg"
Pão forma com côdea,PorSi,Embalagem de 600g,"0,99 €","1,65 €/Kg"
Café Torrado em Grão Indonésia,Delta,Embalagem de 220g,"9,16 €/Kg","9,16 €/Kg"
Bolachas crackers s/ sal,Du bois,Embalagem de 500g,"0,39 €","3,12 €/Kg"
Gel wc anticalcário sem lixívia,PorSi,"Garrafa de 1,5 l","2,49 €","3,32 €/L"
Lipton limão zero pet,Lipton,Garrafa de 2 l,"1,14 €","0,76 €/L"
Leite condensado magro,Nestle,Embalagem de 390g,"1,09 €","2,75 €/Kg"
Chocolate sombrinhas,Regina,Embalagem de 15 g,"3,29 €","20,56 €/Kg"
Coca-cola light,Coca-Cola,Garrafa de 1 l,"0,79 €","0,40 €/L"
Tábua de engomar,PorSi,Dim.: 120 x 38 cm,"74,99 €","74,99 €/Unidade"
Vinho regional lisboa branco,Marginal,Garrafa de 750 ml,"4,99 €","6,65 €/L"
Estendal de roupa com abas resina,PorSi,20 metros,"0,89 €","0,89 €/Unidade"
Manjericão,PorSi,50 g,"0,99 €","19,80 €/Kg"
Caramelo líquido,Royal,Embalagem de 400g,"1,29 €","3,23 €/Kg"
"Frutapura pera, banana e alperce",Bledina,Embalagem de 85g,"2,29 €","6,94 €/L"
Pimenta preta grão,PorSi,Saqueta de 50 g,"0,25 €","0,25 €/Kg"
Gel anti séptico sensitive,Dystron,Embalagem de 400 ml,"7,69 €","19,23 €/L"
Marmelada com frutose,PorSi Viva Bem,Embalagem de 400g,"1,09 €","2,42 €/Kg"
Gelatina de morango,PorSi,Embalagem de 170g,"0,55 €","61,11 €/Kg"
Insuflável camelo,Bestway,Dim.: 2.21 x 1.32 m,"2,99 €","2,99 €/Unidade"
Snack para cão adulto com frango,Friskies,Embalagem de 200g,"1,09 €","6,06 €/Kg"
"Ração para gato adulto com vaca, frango",Friskies,Embalagem de 4kg,"2,19 €","5,48 €/Kg"
Bolachas com recheio baunilha,PorSi,Embalagem de 500g,"2,15 €","2,87 €/Kg"
Açúcar mascavado claro,Rar,Embalagem de 500 g,"1,49 €","1,49 €/Kg"
Pasta dentífrica gel kids,Labell,Embalagem de 50 ml,"0,99 €","0,99 €/Unidade"
Cenoura baby,PorSi,Embalagem de 400 g,"1,98 €","1,98 €/Kg"
Borrego Inteiro/Metades,Borrego,"1/2 un = 7 kg, 1 un = 14 kg (aprox.)","59,43 €","8,49 €/Kg"
Pensos diários flexiform,Carefree,Embalagem de 30 unidades,"1,79 €","1,79 €/Unidade"
"Limpa vidros, azul",PorSi,Embalagem de 5 l,"3,99 €","0,80 €/L"
Dentífrico infantil frutas naturais 3 aos 5 anos,Colgate,50 ml,"0,99 €","0,99 €/Unidade"
Leite uht sem lactose magro,PorSi Viva Bem,1 litro,"0,99 €","0,99 €/L"
Caixa de arrumação reciclada,PorSi,20 litros,"34,99 €","34,99 €/Unidade"
"Salsichas aves, frasco com 5 unidad",Izidoro,Embalagem de 250g,"0,75 €","3,75 €/Kg"
"Vinho branco região da península de setúbal, bag in ...",Dom Campos,Garrafa de 5 l,"9,49 €","1,90 €/L"
Kit Jardim com 3 Peças,Itools,1 unidade,"4,39 €","4,39 €/Unidade"
Ração seca para gatinhos croquetes,PorSi,Embalagem de 400 g,"2,19 €","5,48 €/Kg"
Lixívia para roupa delicada,Vanish,Garrafa de 2 l,"2,19 €","1,10 €/L"
Elixir bocal de mentol,Listerine,Embalagem de 250 ml,"5,99 €","11,98 €/L"
Conjunto Colheres de Mesa Essencial,PorSi,3 peças,"4,99 €","4,99 €/Unidade"
Chispalhada,PorSi,Embalagem de 420 g,"2,35 €","5,60 €/Kg"
Lasanha,Nacional,Embalagem de 400g,"0,99 €","1,98 €/Kg"
"Refrigerante sem gás, maracujá e la",Joi,"Garrafa de 1,5 l","1,14 €","0,76 €/L"
Tequila,On Off,Garrafa de 70 cl,"11,99 €","11,99 €/L"
Saqueta de puré de fruta | maçã + pera,PorSi,90 g,"0,74 €","8,22 €/Kg"
Tira verniz,Labell,Embalagem de 200 ml,"2,49 €","41,50 €/L"
Batata frita rodelas,PorSi,Embalagem de 2x70g,"1,01 €","5,46 €/Kg"
Desentupidor gel turbo com lixívia,Destop,Garrafa de 1 l,"4,89 €","6,52 €/L"
Inseticida Elétrico Citronela,Dum Dum,1 unidade = 45 noites,"7,69 €","7,69 €/Unidade"
Bacalhau com azeite e alho,PorSi Select,Lata de 120 g,"0,89 €","7,42 €/Kg"
Creme Depilatório Men Peles Sensíveis,Veet,Embalagem de 200 ml,"6,99 €","6,99 €/Unidade"
Pizza marguerita,PorSi,Embalagem de 2 x 300 g,"2,32 €","6,27 €/Kg"
Pasta dentífrica menta fresca,Aquafresh,Embalagem de 75 ml,"2,39 €","31,87 €/L"
Carrinho ambulância,Feber,1 unidade,"99,99 €/Unidade","99,99 €/Unidade"
Dobrada com feijão,Nobre,Embalagem de 420g,"2,35 €","5,60 €/Kg"
Rolo papel cozinha branco compacto,PorSi,Embalagem de 4 unidades,"4,99 €","4,99 €/Unidade"
Ração seca para gato pro júnior,PorSi Select,Embalagem de 450 g,"2,19 €","5,48 €/Kg"
Marcadores para colorir,Domédia,embalagem com 18 unidades,"3,19 €","3,19 €/Unidade"
Creme de corpo exfoliante,Labell,Embalagem de 150 ml,"0,76 €","0,76 €/Unidade"
Coador redondo com tampa,PorSi,Capacidade: 4 l,"4,99 €","4,99 €/Unidade"
Néctar vital equilibrio manga/laranja,Compal,Embalagem de 1 l,"0,84 €","2,55 €/L"
Arroz de pato,PorSi,Embalagem de 250 g,"2,99 €","11,96 €/Kg"
Iogurtes aroma 4 de morango + 4 de banana,PorSi,Embalagem de 8x125g,"1,87 €","1,25 €/Kg"
Bloco Sanitário Poder Activo Lavanda,Sonasol,Embalagem de 2x50 g,"39,60 €/Kg","39,60 €/Kg"
Arroz basmati,PorSi,Embalagem de 1 kg,"1,26 €","1,26 €/Kg"
Toucinho Fumado,PorSi,fatiado a partir de 100 gr,"1,45 €","18,13 €/Kg"
Discos Sanitários Activos Aparelho Marinho,WC Pato,Embalagem de 36 ml,"39,60 €/Kg","39,60 €/Kg"
Danacol natural,Danone,Embalagem de 6 x 100 g,"4,15 €/Kg","4,15 €/Kg"
Mala criativa,Lego,1 unidade,"15,99 €/Unidade","15,99 €/Unidade"
Romã,Fruta da Época,1 un = 250 gr  (aprox.),"1,89 €/Kg","1,89 €/Kg"
Chupa clássico,Chupachups,Embalagem de 10g,"3,40 €","28,33 €/Kg"
Bolachas digestive finas de chocolate de leite,Triunfo,Embalagem de 170 g,"0,69 €","4,60 €/Kg"
Queijo flamengo ralado,PorSi,Embalagem de 200G,"1,96 €","9,80 €/Kg"
Spray desengordurante cozinha,Neoblanc,Embalagem de 500 ml,"2,59 €","1,30 €/L"
Arroz Thai Jasmim,PorSi,1 kg,"1,26 €","1,26 €/Kg"
Sobremesa danette baunilha,Danone,Embalagem de 4 x 125 g,"1,19 €","2,59 €/Kg"
Café solúvel descafeinado,PorSi,Embalagem de 100G,"1,45 €","14,50 €/Kg"
"Sprite lima-limão sem açúcar embalagem 1,5 l.",Sprite,Garrafa de 1.5 l,"0,79 €","0,40 €/L"
Whisky 12 anos,Grant's,Garrafa de 0.70 l,"32,99 €","47,13 €/L"
Bolachas digestive muesli,Gullon,Embalagem de 370g,"2,69 €","13,45 €/Kg"
Ração para gato esterilizado com peru,Friskies,"Embalagem de 1,5 kg","2,19 €","5,48 €/Kg"
Iogurte pedaços ananás,PorSi,Embalagem de 4 x 125 g,"4,38 €","2,19 €/Kg"
Vinho verde branco,Aveleda,Garrafa de 750 ml,"3,09 €","3,09 €/L"
Cereais estrelitas,Nestle,Embalagem de 550g,"5,07 €/Kg","5,07 €/Kg"
Bolo recheio de chocolate multipack,Chipicao,Embalagem de 230g,"2,05 €","5,13 €/Kg"
Toalhitas para bebé melão,PorSi,Embalagem de 60 unidades,"1,09 €/Unidade","1,09 €/Unidade"
Café torrado lote chávena saco,Delta,Embalagem de 250g,"9,16 €/Kg","9,16 €/Kg"
"Palmilha de cortiça com látex, tamanho 36/37",Sonaf,1 unidade,"2,95 €","2,95 €/Unidade"
"Salsichas bockwurst em frasco, 8 unidades",Izidoro,Embalagem de 400g,"0,75 €","3,75 €/Kg"
Batata frita light,PorSi,Embalagem de 150g,"0,95 €","6,33 €/Kg"
Guardanapos 2 folhas brancos e dourado,PorSi Select,50 unidades,"1,29 €","1,29 €/Unidade"
Lava tudo brilhante madeiras,PorSi,Embalagem de 1.1 litros,"0,99 €","0,50 €/L"
24 Caldos de carne,PorSi,Embalagem de 255  g,"3,84 €","24,00 €/Kg"
Néctar de pêssego,PorSi,Pack 3 x 200 ml,"0,99 €","0,99 €/L"
Semente girassol,Salutem,Embalagem de 200g,"2,29 €","15,27 €/Kg"
Sobremesa gelatina de ananás,PorSi,Embalagem 4X100G,"0,85 €","2,13 €/Kg"
Manteiga s/ lactose,Primor,Embalagem de 130g,"1,89 €","7,56 €/Kg"
Barras de cereais com chocolate preto,PorSi,6 x 23 g,"1,29 €","10,24 €/Kg"
Desodorizante roll-on invisible,Rexona,Embalagem de 50 ml,"4,69 €","31,27 €/L"
Massa quebrada margarina,PorSi,Embalagem de 230 g,"0,99 €","4,30 €/Kg"
Farinha láctea 5 frutos,PorSi,Embalagem de 500g,"4,99 €","4,99 €/Kg"
Bife do Acém Redondo,Novilho,1 un = 250 gr  (aprox.),"2,00 €","7,98 €/Kg"
Sopa rabo de boi económica,Knorr,Embalagem de 60g,"0,62 €","10,00 €/Kg"
Dinos cookienss 185g                 *10,Artiach,Embalagem de 190g,"1,89 €","15,75 €/Kg"
Adoçante com doseador,PorSi,Embalagem 100 comprimidos,"5,99 €","23,96 €/Kg"
Bebida energética ripper,Monster,Garrafa de 500 ml,"5,39 €","5,39 €/L"
Actimel morango-banana,Danone,Embalagem de 6 x 100 g,"4,15 €/Kg","4,15 €/Kg"
"Mini rissóis de carne, 20 unidades",PorSi,Embalagem de 300 g,"1,79 €","7,16 €/Kg"
Folhado de salsicha,PorSi,Embalagem de 6x60 g,"1,79 €","7,16 €/Kg"
Cereais Forma Natura,PorSi,500 g,"5,59 €","8,87 €/Kg"
Elixir total proteção placa bacteriana,Colgate,500 ml,"5,99 €","11,98 €/L"
Desentupidor express gel elimina odores,Destop,1 litro,"4,89 €","6,52 €/L"
Grão de bico,PorSi,Embalagem de 420g,"2,19 €","2,81 €/Kg"
"Vinho doc loureiro, verde",Selecção de Enófilos,Garrafa de 0.75 l,"3,09 €","3,09 €/L"
Mousse de chocolate preto,Páturages,Embalagem de 4x60 g,"1,19 €","2,59 €/Kg"
Guitarra,Panda,1 un.,"12,99 €/Unidade","12,99 €/Unidade"
"Escova de dentes, proteção global média, 2 unidades",Labell,Uma embalagem,"3,49 €","3,49 €/Unidade"
Spray casa de banho brilhante,Sonasol,Embalagem de 500 ml,"0,99 €","0,50 €/L"
Pastilha Elástica Bottle Spearmint,Trident,Embalagem de 82 g,"0,89 €","59,33 €/Kg"
Iogurte magro natural,Longa vida,Embalagem de 6 x 120 g,"1,09 €","1,45 €/Kg"
"Batata frita, receita camponesa",Lay's,Embalagem de 250g,"1,18 €","6,38 €/Kg"
Manteiga com sal,Mimosa,Embalagem de 130g,"1,89 €","7,56 €/Kg"
Soquete mousse 20d musk t. único,PorSi,3 unidades,"1,89 €","1,89 €/Unidade"
Creme vegetal para barrar,PorSi,Embalagem de 500 g,"1,59 €","6,36 €/Kg"
Papel higiénico reciclado 2 folhas,PorSi,12 rolos,"1,99 €","1,99 €/Unidade"
Painho de Sousel,PorSi,"Vendido ao peso, fatiado a partir de 100 gr","2,59 €","12,95 €/Kg"
Livro Pop-Ups - Quinta,Europrice,1 unidade,"7,50 €","7,50 €/Unidade"
Chocolate culinário 70% cacau,Pantagruel,Embalagem de 200g,"1,04 €","8,32 €/Kg"
Café moagem normal: intenso,Buondi,Embalagem de 220g,"3,49 €","13,96 €/Kg"
Arroz carolino vaporizado,Cacarola,Embalagem de 1 kg,"1,26 €","1,26 €/Kg"
Ração para gato adulto crunchy & tender com salmão,Friskies,"Embalagem de 1,5 kg","2,19 €","5,48 €/Kg"
Bolacha digestiva go canela,Triunfo,Embalagem de 170g,"0,84 €","2,80 €/Kg"
Marcadores para colorir,Domédia,embalagem com 18 unidades,"4,69 €","4,69 €/Unidade"
Rum carta blanca,Bacardi,Garrafa de 700 ml,"20,99 €","29,99 €/L"
Bebida de Aveia,PorSi Viva Bem,1 l,"1,59 €","1,59 €/L"
Cacau em pó,Pantagruel,Embalagem de 130g,"1,04 €","8,32 €/Kg"
Colher de arroz de nylon cabo áqua,PorSi,1 unidade,"4,99 €","4,99 €/Unidade"
Salada de fruta em calda,PorSi,Lata com 820 g,"1,99 €","2,37 €/Kg"
Piscina morango,Bestway,Dim.: 160 x 38 cm,"2,99 €","2,99 €/Unidade"
Espirais s/ glúten,Milaneza,Embalagem de 500g,"2,69 €","5,38 €/Kg"
Vela em número nº1,PorSi,1 unidade,"0,60 €","0,60 €/Unidade"
Tarteletes morango doses 192g,Vieira,Embalagem de 190g,"0,69 €","4,60 €/Kg"
Balões latex brancos,PorSi,Embalagem com 24 unidades,"1,54 €","1,54 €/Unidade"
Filetes primavera receita original sem glúten 250g,Iglo,Embalagem de 250g,"9,30 €/Kg","9,30 €/Kg"
Fralda cueca T4 - 8 a 14 kg,PorSi,22 unidades,"8,49 €","8,49 €/Unidade"
Penso de incontinência maxi,Ausonia Discreet,Embalagem de 8 un.,"1,95 €","1,95 €/Unidade"
Leite pastagem uht terra nostra inteiro,Terra Nostra,Garrafa de 1 l,"1,19 €","1,19 €/L"
"Refrigerante com gás cola, mini lata",Coca-Cola,pack 12 x 0.15 l,"0,79 €","0,40 €/L"
"Formas de alumínio rectangulares com tampa, 600ml , ...",PorSi,Uma embalagem,"1,11 €","1,11 €/Unidade"
Queijo curado pequeno,Casteloes,Embalagem de 500g,"4,39 €","18,29 €/Kg"
"Hamburgers de porco, 4x80g",PorSi,Embalagem de 320 g,"2,79 €","8,72 €/Kg"
Bandas de Cera Depilatória Bikini,Veet,100ml + Bálsamo 50 Ml,"2,99 €","14,95 €/L"
Leite com sabor a chocolate proteína,Yopro,Garrafa de 330 ml,"4,82 €/L","4,82 €/L"
Doce morango 284g,ST.DALFOUR,Frasco de 284g,"2,19 €","9,95 €/Kg"
Farinha de trigo sem fermento t55,PorSi,Embalagem de 5 kg,"1,99 €","1,99 €/Kg"
Cocktail melão,Bar Royal,Garrafa de 750 ml,"11,99 €","11,99 €/L"
Queijo fresco ligth,PorSi,Embalagem de 4 x 62.5 g,"2,39 €","19,92 €/Kg"
Queijo fatias -50% gordura,Terra Nostra,Embalagem de 400g,"2,39 €","19,92 €/Kg"
Azeite Virgem Extra Suave,Gallo,Garrafa de 750 ml,"3,29 €","4,39 €/L"
Pasta dentífrica herbal,Colgate,Embalagem de 75 ml,"2,39 €","31,87 €/L"
Penso diário salvaslip multiforma,Evax,embalagem de 34 unidades,"1,79 €","1,79 €/Unidade"
Ananás rodelas em sumo,PorSi,Embalagem de 3 x 220 g,"1,99 €","2,37 €/Kg"
Manteiga magra meio sal,President,Embalagem de 250g,"1,89 €","7,56 €/Kg"
Fruta para bebé maçã cenoura manga +6 meses,Nestle,Embalagem de 90g,"0,74 €","8,22 €/Kg"
"Vela com número, nº 7",PorSi,1 unidade,"0,60 €","0,60 €/Unidade"
Bebida láctea crescimento c/ bolacha maria,Nestle,Embalagem de 1 litro,"0,26 €","1,30 €/L"
20 mini rissóis de camarão,PorSi,Embalagem de 300 g,"1,79 €","7,16 €/Kg"
Especialidade de soja chocolate,PorSi Viva Bem,Embalagem de 4 x 100 g,"0,99 €","2,48 €/Kg"
Rebuçados recheio mel,PorSi,Embalagem de 200g,"0,77 €","3,85 €/Kg"
Eau de Toilette p/Senhora Nº1,Caravan,1 Frasco 150ml,"11,99 €","79,93 €/L"
Polvo limpo,PorSi,Embalagem de 1 kg,"5,49 €","6,86 €/Kg"
Whisky gold heritage,Label 5,"Garrafa de 0,70 l","11,49 €","16,41 €/L"
Açúcar areado amarelo,Rar,Embalagem de 1kg,"1,49 €","1,49 €/Kg"
20 saquetas green framboesa/romã,Lipton,Embalagem de 30g,"1,19 €","59,50 €/Kg"
15 douradinhos,Capitão Iglo,Embalagem de 420g,"1,79 €","7,16 €/Kg"
Spray wc active clean wild,Ambipur,750 ml,"1,79 €","2,39 €/L"
Shampô azul concentrado,PorSi,Embalagem de 1 l,"3,99 €","0,80 €/L"
Plasticina Kids Cores Sortidas,Bic,Caixa c/ 6 un.,"1,19 €","1,19 €/Unidade"
Pasta Dentífrica Menta Suave,Aquafresh,Embalagem de 75 ml,"2,39 €","31,87 €/L"
Fita adesiva,PorSi,5m x 1.25 cm,"1,69 €","1,69 €/Unidade"
Pilhas Alcalinas AAA Optimum,Duracell,Blister 4 Pilhas,"1,49 €","1,49 €/Unidade"
Vinho regional península de setúbal branco,J.m.f.,Garrafa de 750 ml,"4,99 €","6,65 €/L"
Ice tea de limão,PorSi,"Embalagem de 1,5 l","1,14 €","0,76 €/L"
Bolacha vida equilíbrio ameixa e fibra,Cemporcent,Embalagem de 140g,"2,69 €","13,45 €/Kg"
Sistema microfibras com pedal,Vileda,1 unidade,"0,89 €","0,89 €/Unidade"
Cha infusão vermelho,Cemporcent,Embalagem com 10 saquetas,"58,44 €/Kg","58,44 €/Kg"
Vinho rosé,Gatão,Garrafa de 0.75 l,"4,29 €","5,72 €/L"
20 saquetas chá detox,Lipton,Embalagem de 30g,"58,44 €/Kg","58,44 €/Kg"
Milho doce,PorSi,Embalagem de 400 g,"1,98 €","1,98 €/Kg"
Batata pré-frita palito,PorSi,Embalagem de 1 kg,"1,39 €","1,39 €/Kg"
Descascador de batata cabo áqua,PorSi,1 unidade,"4,99 €","4,99 €/Unidade"
Lápis de cera,Giotto,embalagem com 12 unidades,"3,19 €","3,19 €/Unidade"
Bacalhau posta média,PorSi,Embalagem de 800g,"6,39 €","7,99 €/Kg"
Rebuçados peitorais,Dr.bayard,Embalagem de 100g,"0,77 €","3,85 €/Kg"
Barras de cereais forma clássica,PorSi,Embalagem de 126g,"1,29 €","10,24 €/Kg"
Iogurte líquido magro frutos vermelhos,PorSi Viva Bem,Embalagem de 4x160 ml,"1,32 €","2,20 €/L"
Moscatel favaios,Favaios,Garrafa de 750 ml,"5,99 €","7,99 €/L"
Lixívia com detergente,PorSi,Embalagem de 2 l,"2,59 €","1,30 €/L"
Abre latas,PorSi,1 unidade,"4,99 €","4,99 €/Unidade"
Almôndegas de bovino,PorSi,Embalagem de 400 g,"3,99 €","9,98 €/Kg"
Sementes de abóbora,Cemporcent,Embalagem de 150g,"2,29 €","15,27 €/Kg"
Ayam leite de coco,Ayam,Garrafa de 200 ml,"1,69 €","8,45 €/L"
Nata uht p/ bater 0% lactose,Parmalat,Embalagem de 200 ml,"0,75 €","3,75 €/L"
Queijo p/ barrar s/ lactose,Philadelph,Embalagem de 150g,"4,68 €","11,70 €/Kg"
Metades de pera em calda,PorSi,Lata de 820 g,"1,99 €","2,37 €/Kg"
Cereais recheados com chocolate e avelã,PorSi,Embalagem de 400g,"5,07 €/Kg","5,07 €/Kg"
Bolachas com recheio de chocolate,PorSi,Embalagem de 500g,"2,15 €","2,87 €/Kg"
Natas para café,President,Embalagem de 10X10G,"0,75 €","3,75 €/L"
Xarope grenadine,Paquito,Garrafa de 750 ml,"4,89 €","6,61 €/L"
"M&m's drageias de amendoim e chocolate de leite,",M&m's,Embalagem de 200g,"11,98 €/Kg","11,98 €/Kg"
"Lenços de bolso, mentol, 10 unidades",Renova,Uma embalagem de 6x10,"0,89 €","0,89 €/Unidade"
"Acendalha branca, 32 cubos",PorSi,Uma embalagem,"0,75 €","0,75 €/Unidade"
Bolacha vitalday frutos vermelhos,Gullon,Embalagem de 240g,"2,82 €","9,40 €/Kg"
Chá preguiça intestinal,PLANTANATU,Embalagem de 10 unidades,"1,19 €","1,19 €/Unidade"
"Pensos, 20 unidades",Hansaplast,1 embalagem,"1,69 €","1,69 €/Unidade"
Caramelos de nata,PorSi,Embalagem de 250g,"2,75 €","11,00 €/Kg"
Spray tira gorduras eco,PorSi,Garrafa de 750 ml,"4,09 €","5,45 €/L"
Ambientador vela citronela,PorSi,1 unidade,"4,99 €","4,99 €/Unidade"
Recarga p/ Esfregona |Suave,Vileda,,"0,89 €","0,89 €/Unidade"
Gel de banho naturals amêndoa e leite,Palmolive,500 ml,"3,69 €","14,76 €/L"
Molas plásticas amarelas,PorSi,50 unidades,"0,89 €","0,89 €/Unidade"
Livro Quero Conhecer Cores,Europrice,1 unidade,"7,50 €","7,50 €/Unidade"
Super articulações,PLANTANATU,Embalagem de 1 unidades,"7,59 €","126,50 €/Kg"
Bolacha de milho sem sal bio,Cemporcent,Embalagem de 110g,"2,69 €","13,45 €/Kg"
Bolacha Maria,Cuetara,Embalagem de 200g,"1,69 €","2,11 €/Kg"
Creme vegetal para culinária,PorSi,Embalagem de 1 kg,"2,89 €","2,89 €/Kg"
Cozedor micro-ondas a vapor p/ arroz 2 l,Snips,1 un.,"4,99 €","4,99 €/Unidade"
Cereais fitness,Nestle,Embalagem de 630g,"5,59 €","8,87 €/Kg"
Tira nódoas em spray,Skip,Embalagem de 500 ml,"9,99 €","36,33 €/Kg"
Cereais cookie crisp,Nestle,Embalagem de 380g,"5,07 €/Kg","5,07 €/Kg"
Palito la reine,PorSi,Embalagem de 400 g,"0,69 €","3,45 €/Kg"
Azeitona mista,PorSi,Embalagem de 210g,"0,44 €","4,39 €/Kg"
Uva Branca sem grainha,Fruta do Dia,Embalagem de 500 g,"6,38 €/Kg","6,38 €/Kg"
Rebuçados mentho-lyus sem açúcar,Halls,Embalagem de 31 g,"0,77 €","3,85 €/Kg"
Esfregão de Teflon,Fino,1 unidade,"2,54 €","2,54 €/Unidade"
Bolachas starship tradicional,PorSi,Embalagem de 150g,"0,79 €","5,27 €/Kg"
Wafers chocolate cubos,Vieira,Embalagem de 130g,"0,98 €","4,67 €/Kg"
Baguete de alho,Panike,Embalagem de 350g,"3,40 €/Kg","3,40 €/Kg"
Eau de Toilette p/Senhora Nº3,Caravan,1 Frasco 150ml,"11,99 €","79,93 €/L"
"Coloração permanente, preto nº10",Nutrisse,1 unidade,"9,49 €/Unidade","9,49 €/Unidade"
3 Pipetas de Repelente p/ Gato,Repul'7,1 unidade,"19,99 €","19,99 €/Unidade"
Queijo bola fatias,Paiva,Embalagem de 180g,"1,96 €","9,80 €/Kg"
"Ração para gato júnior com frango, cenoura e leite",Friskies,Embalagem de 400g,"2,19 €","5,48 €/Kg"
Refrigerante c/ gás de laranja zero,Fanta,"Garrafa de 1,5 l","0,79 €","0,40 €/L"
Leite uht magro com rosca,PorSi,1 litro,"0,83 €","0,83 €/L"
Ração seca para gato croquetes rico em frango e arro...,PorSi Select,Embalagem de 1.5 kg,"2,19 €","5,48 €/Kg"
Cerveja c/ álcool radler,Sagres,pack 6 x 0.33 l,"1,99 €/L","1,99 €/L"
"Pasta de limpeza com oxigénio activo, 48 unidades",Polident,Uma embalagem,"9,79 €","122,38 €/Kg"
Vinagre de vinho tinto,Cristal,Garrafa de 500 ml,"0,35 €","0,70 €/L"
"Paezinhos azeite, alho e salsa",PorSi,Embalagem de 160g,"2,39 €","6,83 €/Kg"
Leite condensado cozido,PorSi,Embalagem de 397 g,"1,09 €","2,75 €/Kg"
Geleia de marmelo,Casa de Mateus,345 g,"3,29 €","9,54 €/Kg"
Panaché,Kings Bräu,"Embalagem de 10x0,25 l","1,59 €","3,18 €/L"
Caramelos e rebuçados,PorSi,Embalagem de 200g,"1,19 €","4,76 €/Kg"
Sopa da pedra,PorSi,Embalagem de 420 g,"2,35 €","5,60 €/Kg"
Esmagador em inox cabo oregon,PorSi,1 unidade,"4,99 €","4,99 €/Unidade"
Camisola segunda pelo mousse muskade 30D t. único,PorSi,1 unidade,"1,89 €","1,89 €/Unidade"
Ração seca cocktail para gato adulto,PorSi,Embalagem de 2 kg,"2,19 €","5,48 €/Kg"
Furador com 2 furos,Domédia,1 unidade,"2,69 €","2,69 €/Unidade"
Massa de macarrão riscado,Nacional,Embalagem de 500g,"0,99 €","1,98 €/Kg"
Bifes do dianteiro de novilho,PorSi,Embalagem de 400 g,"4,99 €","12,48 €/Kg"
Café torrado 5 estrelas moagem normal,Sical,Embalagem de 250g,"9,16 €/Kg","9,16 €/Kg"
Pastilhas limão,Smint,Embalagem de 35 g,"2,30 €","57,50 €/Kg"
Beira interior colheita 2014,Beyra,Garrafa de 0.75 l,"2,49 €","3,32 €/L"
Areia para gatos biodegradável vegetal,PorSi,Embalagem de 8 litros,"1,19 €","0,24 €/Kg"
Lixívia Roupa delicada,PorSi,Embalagem de 2 l,"2,19 €","1,10 €/L"
Guardanapos Red Label 1 Folha |Verde,Renova,Dim: 30x32cm |70 unidades,"1,29 €","1,29 €/Unidade"
Snack dentabits 40g,Whiskas,Embalagem de 40g,"0,99 €","16,50 €/Kg"
Nectar multivitaminas,Paquito,Embalagem de 2 l,"0,99 €","0,99 €/L"
Feijão com dobrada,PorSi,Embalagem de 420 g,"2,35 €","5,60 €/Kg"
"Chocolate m&m s, bag amendoim",M&m' s,Embalagem de 100 g,"11,98 €/Kg","11,98 €/Kg"
Colher de esparguete de nylon cabo áqua,PorSi,1 unidade,"4,99 €","4,99 €/Unidade"
Batata frita de presunto,PorSi,Embalagem de 185 g,"1,18 €","6,38 €/Kg"
Whisky,Grants,Garrafa de 1 l,"11,49 €","16,41 €/L"
Chá preto,Tetley,Embalagem de 30g,"1,69 €","56,33 €/Kg"
Bolacha com aveia,PorSi,Embalagem de 300 g,"0,84 €","2,80 €/Kg"
Cebola nova,Programa Origens,1 un = 250 gr  (aprox.),"0,69 €","0,07 €/Kg"
Chá preto 25 saquetas,PorSi,Embalagem de 44g,"1,69 €","56,33 €/Kg"
Spray desengordurante,Sonasol,Embalagem de 500 ml,"4,89 €","6,52 €/L"
"Sumo 100%, laranja",PorSi,"Embalagem de 1,5 l","1,09 €","0,73 €/L"
Pantagruel leite caramelo (10x),Pantagruel,Embalagem de 200g,"1,04 €","8,32 €/Kg"
10 salsichas de porco em lata,PorSi,Embalagem de 250G,"0,75 €","3,75 €/Kg"
Puzzle Frozen,Clementoni,2 x 20 peças,"15,99 €/Unidade","15,99 €/Unidade"
12 douradinhos forníssimo,Capitão Iglo,Embalagem de 300g,"9,30 €/Kg","9,30 €/Kg"
Resguardos de cama,PorSi,20 unidades de 60 x 90 cm,"4,99 €","4,99 €/Unidade"
Espuma de barbear para peles sensíveis,Labell Men,Embalagem de 250 ml,"1,16 €","4,64 €/L"
Mistura vegetais para wok,PorSi,Embalagem de 750g,"1,98 €","1,98 €/Kg"
Iogurte activia aveia nozes,Danone,Embalagem de 4 x 120 g,"2,79 €","5,81 €/Kg"
Mistolin advanced anticalcário,Mistolin,Garrafa de 500 ml,"1,79 €","2,39 €/L"
Snack para gato mixed grill,Felix,Embalagem de 60 g,"0,99 €","16,50 €/Kg"
"Pera em metades, lata",PorSi,Embalagem de 420 g,"1,99 €","2,37 €/Kg"
"Inseticida eléctrico, recarga, night&day",Raid,1 unidade,"7,69 €","7,69 €/Unidade"
Ambientador spray pure flor de cerejeira,PorSi,250 ml,"0,99 €","3,30 €/L"
Sortido,Cuetara,Embalagem de 210g,"3,09 €","14,71 €/Kg"
Autobrilhante Castanho,Búfalo,Embalagem de 50 ml,"2,25 €","45,00 €/L"
Guardanapos de 1 folha amarelos | dim.: 30 x 29 cm,PorSi,Embalagem com 70 unidades,"1,29 €","1,29 €/Unidade"
Sangria branca,PorSi,Garrafa de 1.5 litros,"2,39 €","1,59 €/L"
Lenços faciais brancos 3 folhas,PorSi,110 unidades,"0,89 €","0,89 €/Unidade"
Mopa Maxi XXL + 8 Panos,Swiffer,1 unidade,"2,20 €","2,20 €/Unidade"
Bombons Luxo Belga,PorSi Select,Embalagem de 200 g,"5,25 €","26,25 €/Kg"
Batata frita ondulada wavy,PorSi,Embalagem de 185 g,"1,01 €","5,46 €/Kg"
Farinha s/ fermento tipo 65,ESPIGA,Embalagem de 1 kg,"1,99 €","1,99 €/Kg"
Creme calçado preto,PorSi,50 ml,"2,49 €","31,13 €/L"
8 pães de leite,PorSi,Embalagem de 280 g,"2,59 €","7,40 €/Kg"
Aperitivo de amendoins tostados forno,Matutano,Embalagem de 120g,"0,79 €","7,90 €/Kg"
Manteiga de amendoim crocante,Prozis,Embalagem de 500g,"3,99 €","7,98 €/Kg"
Queijo de vaca curado light amanteigado,PorSi,+/- 550 g,"6,49 €","25,45 €/Kg"
Ambientador Elétrico Lavanda e Aloe,Glade,1 unidade,"3,74 €","3,74 €/Unidade"
Spray para vidros,PorSi,750 ml,"3,19 €","6,38 €/L"
Bife de atum,PorSi,Embalagem de 400 g,"3,99 €","9,98 €/Kg"
Vinho regional lisboa tinto reserva,Critterium,Garrafa de 0.75 l,"4,99 €","6,65 €/L"
Bombons praliné amêndoa,PorSi Select,100 g,"5,25 €","26,25 €/Kg"
Ambientador aerossol 5 em 1 flor laranjeira,PorSi,300 ml,"0,99 €","3,30 €/L"
Cotonetes 100% biodegradáveis,PorSi,Embalagem de 200 unidades,"0,58 €","0,58 €/Unidade"
Nuggets frango,PorSi,pack familiar de 1 kg,"2,79 €","8,72 €/Kg"
Óleo Multigasolina 20W40,Galp,Embalagem de 5 l,"14,99 €","14,99 €/L"
Bastão de cola,Domédia,20 g,"1,19 €","1,19 €/Unidade"
Pernas de Frango,Frango,1 un = 150 gr (aprox.),"6,28 €","6,98 €/Kg"
Toalha em rolo papel bordeau,PorSi,1 Unidade,"3,45 €","3,45 €/Unidade"
Bolacha infantil dinossaurus mini dino cereais,Artiach,Embalagem de 120g,"1,89 €","15,75 €/Kg"
Jameson caskmates ipa 70cl,Jameson,Garrafa de 700 ml,"11,49 €","16,41 €/L"
Lula recheada com carne,PorSi,Embalagem de 500 g,"1,89 €","6,30 €/Kg"
Proti soja grânulos,Salutem,Embalagem de 400g,"2,09 €","8,36 €/Kg"
Pipocas doces,Orcape,Embalagem de 100g,"0,79 €","7,90 €/Kg"
Mortadela fatiada com azeitonas,PorSi,Embalagem de 200 g,"1,05 €","6,99 €/Kg"
Creme para barrar,Nutella,Embalagem de 200 g,"10,26 €/Kg","10,26 €/Kg"
Água Micelar Vitamina C,Garnier,Embalagem de 400 ml,"0,76 €","0,76 €/Unidade"
Creme abrasivo limão,Cif,Garrafa de 700 ml,"0,99 €","1,32 €/L"
Pensos higiénicos liberty normal abas,Evax,Embalagem com 12 un.,"4,99 €","4,99 €/Unidade"
Eau de Toilette p/Homem Nº16,Caravan,1 Frasco 150ml,"11,99 €","79,93 €/L"
Bolachas rosquilhas,PorSi,Embalagem de 600g,"7,53 €/Kg","7,53 €/Kg"
Vinho verde,Felgueiras,Garrafa de 0.75 l,"3,09 €","3,09 €/L"
Iogurte pedaços frutimax frutos variados,PorSi,Embalagem de 8 x 125 g,"4,38 €","2,19 €/Kg"
Lava tudo antibacteriano herbal,PorSi,Garrafa de 1.5 l,"0,99 €","0,50 €/L"
Aperfeiçoador BB Cream Médio,Garnier,Embalagem de 50 ml,"2,99 €","59,80 €/L"
Vassoura Simples Pluma,PorSi,unidade,"2,20 €","2,20 €/Unidade"
Adoçante em pó stevia,PorSi Viva Bem,Embalagem de 250 g,"5,99 €","23,96 €/Kg"
Detergente máquina loiça tudo em 1 limão,Sun,70 pastilhas,"2,99 €","2,99 €/Unidade"
Vodka,ON/OFF,Garrafa 0.70L,"16,49 €","23,56 €/L"
Esparguete integral,Salutem,Embalagem de 500g,"1,94 €","3,88 €/Kg"
Chocolate culinário,Nestle,Embalagem de 200g,"1,04 €","8,32 €/Kg"
Cone baunilha,PorSi,embalagem 6 x 120 ml,"5,99 €","16,64 €/L"
Abrasivo sanitário anti-calcário,PorSi,embalagem de 1 litro,"0,99 €","1,32 €/L"
Atum posta ao natural,Bom petisc,Embalagem de 120 g,"0,89 €","7,42 €/Kg"
Papa infantil não láctea 8 cereais e mel +6 meses,Cerelac,Embalagem de 250g,"4,99 €","4,99 €/Kg"
Barrinhas pescada sem glúten,Pescanova,Embalagem de 300g,"1,79 €","7,16 €/Kg"
Bolachas cream cracker,PorSi,Embalagem de 600g,"0,39 €","3,12 €/Kg"
Creme Depilatório Duche Men Peles Normais,Veet,Embalagem com 150 ml,"2,99 €","14,95 €/L"
Lustrante Pneus,PorSi,Embalagem de 1 l,"3,99 €","0,80 €/L"
X-ato mini,Maped,9 mm,"1,19 €","1,19 €/Unidade"
Mistura solúvel brasa,Nestle,Embalagem de 200g,"0,79 €","3,16 €/Kg"
"Vinho rosé, região península de setúbal, bag in box",Dom Campos,Garrafa de 5 l,"9,49 €","1,90 €/L"
Bolachas cereais passas e laranja,PorSi,Embalagem de 300 g,"0,79 €","5,27 €/Kg"
Tablete chocolate de iogurte morango,Milka,Embalagem de 100g,"0,53 €","5,30 €/Kg"
Sabonete líquido para as mãos de coco,Dove,embalagem de 250 ml,"1,19 €","2,38 €/L"
"Creme de rosto de noite revitalift, laser",L'oreal,Embalagem de 50 ml,"2,99 €","59,80 €/L"
"Queijo light, mini",Babybel,Embalagem de 120g,"2,39 €","19,92 €/Kg"
Tablete de chocolate leite com avelã,PorSi Select,200 g,"0,65 €","6,50 €/Kg"
Gomas tijolos ácidos,PorSi,Embalagem de 300 g,"1,19 €","3,97 €/Kg"
Red Fish Grande,Peixe Congelado,1 un = 500 gr (aprox.),"3,99 €/Kg","3,99 €/Kg"
Demaquilhante Dupla Ação,Nivea,1 embalagem de 125g,"0,76 €","0,76 €/Unidade"
Sopa de cebola económica,Knorr,Embalagem de 50g,"0,62 €","10,00 €/Kg"
Adoçante com doseador,PorSi,Embalagem de 66g,"5,99 €","23,96 €/Kg"
Topping p/saladas cebola frita,Florette,Embalagem de 70g,"3,84 €","24,00 €/Kg"
Alho moído,PorSi,Frasco com 45 g,"0,25 €","0,25 €/Kg"
Halls vita c morango sem açúcar,Halls,Embalagem de 32 g,"0,77 €","3,85 €/Kg"
Elixir Nightly Reset,Listerine,400 ml,"5,99 €","11,98 €/L"
"Inseticída, vaporizador, extra gt",Biokill,Garrafa de 380 ml,"5,09 €","8,48 €/L"
Perolas perfumadas fresh,PorSi,Embalagem de 275 g,"8,59 €","2,00 €/L"
Chocolate culinário em pó,PorSi,Embalagem de 125 g,"1,04 €","8,32 €/Kg"
Desinfetante em gel p/ wc,Cif,Garrafa de 750 ml,"2,49 €","3,32 €/L"
Ambientador arbre magique côco,Arbre Magique,1 unidade,"1,99 €","1,99 €/Unidade"
20 saquetas infusão limão gengibre,Lipton,Embalagem de 40g,"1,19 €","59,50 €/Kg"
Bastão de Cola,Domédia,10 g,"1,35 €","1,35 €/Unidade"
Marmelada,Quinta de Jugais,Embalagem de 500g,"1,09 €","2,42 €/Kg"
Água s/ gás,Fastio,Garrafa de 1 l,"1,04 €","0,17 €/L"
Iglo Simples P/ 2 Pessoas,Saurium,1 un.,"14,99 €","14,99 €/Unidade"
Smarties mini chocolate,SMARTIES,Embalagem de 187g,"11,98 €/Kg","11,98 €/Kg"
Perfume p/ senhora Nº50,Caravan,1 Frasco 150ml,"11,99 €","79,93 €/L"
Faca Pão 20 cm Preta,PorSi,1 unidade,"4,75 €","4,75 €/Unidade"
Cenoura,PorSi,1 un = 100 gr  (aprox.),"0,79 €/Kg","0,79 €/Kg"
Spray limpa vidros,Ajax,Embalagem de 500 ml,"3,19 €","6,38 €/L"
Spray de lavagem a seco denim,Day 2,200 ml,"2,38 €","4,67 €/Kg"
Feijão encarnado,PorSi,Embalagem de 420 g,"2,19 €","2,81 €/Kg"
Verdinhos Grandes,Peixe do Dia,1 un= 100 gr (aprox.),"6,49 €/Kg","6,49 €/Kg"
Papel Anti-traça 4 Seasons,Raid,4 unidades,"4,69 €","4,69 €/Unidade"
Livro Hot Wheels,Europrice,,"7,50 €","7,50 €/Unidade"
"Inseticida max, concentrado sensitive",Dum Dum,Garrafa de 400 ml,"5,09 €","8,48 €/L"
Snack para gato com sabor a camarão Play Tubes,Felix,Embalagem de 50 g,"0,99 €","16,50 €/Kg"
"Vinho Douro, Private Collection, Tinto",Selecção de Enófilos,Garrafa de 0.75 l,"4,99 €","6,65 €/L"
Bolacha maria ruca doses,Vieira,Embalagem de 300g,"1,89 €","15,75 €/Kg"
Bolachas choco mini estrelas,Milka,Embalagem de 190g,"2,15 €","2,87 €/Kg"
Chocolate chunky,Kit kat,Embalagem de 160g,"2,24 €","29,87 €/Kg"
Mariscada,PorSi,Embalagem de 800g,"2,19 €","8,59 €/Kg"
Mistolin tira gorduras desinfetante,Mistolin,Garrafa de 550 ml,"1,79 €","2,39 €/L"
Vinho branco frisante,Cacho Fresco,Garrafa de 0.75 l,"2,09 €","2,79 €/L"
Cera Depilatória,Veet,Embalagem de 250 ml,"6,99 €","6,99 €/Unidade"
Rolo de Cozinha Gigaroll Branco,Renova,1 Rolo,"4,99 €","4,99 €/Unidade"
Salsichas de porco,Nobre,Lata de 250g,"0,75 €","3,75 €/Kg"
Natas uht com cogumelos,Parmalat,Embalagem de 200 ml,"0,75 €","3,75 €/L"
Abobora cubos,PorSi,Embalagem de 500g,"1,98 €","1,98 €/Kg"
Autocarro Formas e Cores,Baby Clementoni,1 unidade,"12,99 €/Unidade","12,99 €/Unidade"
Toalha de mãos,PorSi,50 x 100 cm,"24,99 €","24,99 €/Unidade"
Néctar light manga/laranja,Compal,330 ml,"0,84 €","2,55 €/L"
Vinagre de sidra pet,Paladin,Garrafa de 500 ml,"0,35 €","0,70 €/L"
Lava tudo limão verde,Cif,"Garrafa de 1,4 l","0,99 €","0,50 €/L"
Pastilhas de Limpeza Aparelho Dentário,Polident,Embalagem com 30 unidades,"9,79 €","122,38 €/Kg"
"Rebuçados de fruta, diamante",PorSi,Embalagem de 200 g,"2,30 €","57,50 €/Kg"
Chá de frutos vermelhos,Tetley,Embalagem de 30g,"1,19 €","59,50 €/Kg"
Arroz integral,PorSi Viva Bem,Embalagem de 1 kg,"1,26 €","1,26 €/Kg"
5 folhas de gelatina incolor,PorSi,Embalagem de 9 g,"0,55 €","61,11 €/Kg"
Caramelos de fruta,PorSi,Embalagem de 250g,"1,19 €","4,76 €/Kg"
Pudim de baunilha,PorSi,Embalagem de 90g,"0,59 €","29,50 €/Kg"
Luvas Universal Pequeno/Médio,Vileda,1 unidade,"0,69 €","0,69 €/Unidade"
Lava tudo lavanda,Cif,"Garrafa de 1,4 l","0,99 €","0,50 €/L"
Creme abrasivo activo c/ lixívia,Cif,Garrafa de 500 ml,"2,59 €","1,30 €/L"
Biscoitos de cacau,PorSi,Embalagem de 750g,"0,69 €","3,45 €/Kg"
"Bolachas, cobertura com chocolate branco",Oreo,Embalagem de 250g,"0,69 €","4,60 €/Kg"
Macchiato café arábica,PorSi,250 ml,"3,19 €","25,52 €/Kg"
Mel em frasco de vidro,Jorge v.f.,Embalagem de 500g,"4,89 €","9,78 €/Kg"
Bebida de soja de amêndoa,Alpro,Embalagem de 1 litro,"2,49 €","2,49 €/L"
Fio dentario 50m,Colgate,1 unidade,"3,49 €","3,49 €/Unidade"
Caramelos de fruta de laranja single,Sugus,Embalagem de 50g,"1,19 €","4,76 €/Kg"
20 saquetas chá de pêssego manga,Lipton,Embalagem de 40g,"1,19 €","59,50 €/Kg"
Pringles original,Pringles,Embalagem de 175g,"1,01 €","5,46 €/Kg"
Vinho doc alentejo tinto,T.bolotas,Garrafa de 0.75 l,"2,89 €","3,85 €/L"
Fruta para bebé maçã banana aveia +6 meses,Nestle,Embalagem de 90g,"0,74 €","8,22 €/Kg"
Sumo 100% maçã e frutos vermelhos,Compal,1 litro,"1,09 €","0,73 €/L"
Lixívia perfumada,PorSi,Embalagem de 5 l,"2,59 €","1,30 €/L"
Esparguete fino,Nacional,Embalagem de 500g,"0,99 €","1,98 €/Kg"
Feijão preto cozido,PorSi,Embalagem de 420 g,"2,19 €","2,81 €/Kg"
Profiteroles de nata,PorSi Select,Embalagem de 330 g,"2,57 €","7,79 €/Kg"
Bebida Solúvel Mokambo Chicória e Café,Nestle,Embalagem de 240g,"1,45 €","14,50 €/Kg"
Nutripuffs de banana 8 meses s/ açúcar,Cerelac,Embalagem de 7g,"0,74 €","8,22 €/Kg"
Vassoura exterior alta,PorSi,Unidade,"2,20 €","2,20 €/Unidade"
Ração seca de carne para gato adulto,PorSi,Embalagem de 4 kg,"2,19 €","5,48 €/Kg"
Bolachas tosta rica,Cuetara,Embalagem de 570g,"1,89 €","15,75 €/Kg"
Mimosa bem especial leite e aveia,Mimosa,Embalagem de 1 litro,"0,99 €","0,99 €/L"
Moscatel Roxo Setúbal,Alambre,Garrafa de 750 ml,"5,99 €","7,99 €/L"
Moscatel do Douro,Selecção de Enófilos,"Garrafa de 0,75 l","5,99 €","7,99 €/L"
Bolachas shortcake,PorSi,Embalagem de 233 g,"7,53 €/Kg","7,53 €/Kg"
Guardanapos Olé Branco 1 Folha,Renova do Bem,Dim.: 30x30cm,"1,29 €","1,29 €/Unidade"
Desinfetante p/ Roupa,Sanytol,embalagem com 500ml,"10,99 €","52,33 €/Kg"
Café torrado em grão,PorSi,Embalagem de 1 kg,"9,16 €/Kg","9,16 €/Kg"
Iogurte danacol de morango,Danone,Embalagem de 12 x 100 g,"4,15 €/Kg","4,15 €/Kg"
Água mineral sem gás,Serra de Fafe,"Embalagem de 6x0,33 l","1,04 €","0,17 €/L"
Aguarelas 30mm x 12,Giotto,1 unidade,"4,69 €","4,69 €/Unidade"
Cubos pão trigo tostado,PorSi,Embalagem de 150g,"2,39 €","6,83 €/Kg"
Pudim de ovos alsa,Alsa,Embalagem de 220g,"0,59 €","29,50 €/Kg"
Sardinhas em azeite,PorSi,Embalagem de 120g,"0,89 €","7,42 €/Kg"
"Escova dentes, rotativa global, dura, 2 unidades",Labell,1 embalagem,"3,49 €","3,49 €/Unidade"
8 rissóis de camarão,PorSi,Embalagem de 300g,"1,79 €","7,16 €/Kg"
Molho bechamel,PorSi,Embalagem de 500 ml,"0,75 €","3,75 €/L"
Ração seca para gatinhos frango e legumes,PorSi,Embalagem de 2 kg,"2,19 €","5,48 €/Kg"
Jogo de Viagem,Monopoly,,"9,99 €","9,99 €/Unidade"
Gelado magnum mini double chocolate e caramelo,Olá,Embalagem de 6 x 60 ml,"5,99 €","16,64 €/L"
Sultana Preta,PorSi,Embalagem de 200g,"0,79 €","3,95 €/Kg"
Leite especial cálcio + vitamina d m/g,Mimosa,Garrafa de 1 l,"1,29 €","1,29 €/L"
Stevia chocolate negro,Cemporcent,Embalagem de 100g,"2,29 €","22,90 €/Kg"
"Coloração permanente, louro claro, nº80",Nutrisse,1 unidade,"9,49 €/Unidade","9,49 €/Unidade"
Collant opac microfibras preto 60D,PorSi,Tamanho: m,"1,89 €","1,89 €/Unidade"
Callippo super mix,Olá,Embalagem de 5 x 105 ml,"5,99 €","16,64 €/L"
Zero snack 35 g chocolate duplo,Prozis,Embalagem de 40g,"0,69 €","1,73 €/Kg"
Inseticida aerossol moscas. melgas e mosquitos,Baygon,Embalagem de 400 ml,"5,09 €","8,48 €/L"
Torta natas com cobertura de cacau,PorSi,Embalagem de 300g,"2,05 €","5,13 €/Kg"
Gel Intimo Suave,Corine de Farme,250 ml,"0,55 €","5,50 €/L"
Máquina depilação Venus Breeze 2 em 1,Gillette,1 unidade,"5,49 €","5,49 €/Unidade"
"Alimento seco para cão, croquetes pro adulto",PorSi Select,Embalagem de 4 Kg,"12,95 €","3,24 €/Kg"
Vassoura Especial Lisa,PorSi,unidade,"2,20 €","2,20 €/Unidade"
Sacos do Lixo Style 30 L,Vileda,1 embalagem,"1,89 €","1,89 €/Unidade"
Elimina odores spray,Splendor,150 ml,"5,29 €","35,27 €/L"
Gressinos com sésamo,PorSi,Embalagem de 250 g,"2,39 €","6,83 €/Kg"
Cobertura tábua de engomar,PorSi,Dim.: 120 x 42 cm,"74,99 €","74,99 €/Unidade"
Bolachas shortcake cacau,PorSi,Embalagem de 185 g,"7,53 €/Kg","7,53 €/Kg"
3 garfos para bife 12 cm,PorSi,1 conjunto,"4,99 €","4,99 €/Unidade"
"Alimento húmido para gato júnior, carne",Whiskas,Embalagem de 400g,"3,49 €","10,26 €/Kg"
Arroz agulha,Saludães,Embalagem de 1kg,"1,26 €","1,26 €/Kg"
Coleira em nylon p/ cão  repelente 60cm,Repul' 7,Embalagem de 1 unidades,"19,99 €","19,99 €/Unidade"
"Queijo fundido, 24 porções",A Vaca Que Ri,Embalagem de 400g,"4,68 €","11,70 €/Kg"
Lombos de pescada,PorSi,Embalagem de 400 g,"3,99 €","9,98 €/Kg"
"Queijo flamengo, bola quartos",Agros,Embalagem de 350g,"1,96 €","9,80 €/Kg"
Amaciador color-vive,Elvive,Embalagem de 200 ml,"1,00 €","5,00 €/L"
Douradinhos estaladiços,Capitão Iglo,Embalagem de 340g,"9,30 €/Kg","9,30 €/Kg"
Queijo Flamengo Bola,Terra Nostra,1 un = 250 gr  (aprox.),"1,96 €","9,80 €/Kg"
Legumes para sopa,PorSi,Embalagem de 1 kg,"1,98 €","1,98 €/Kg"
Vinho tinto bordeaux,CLOS DE LOS SIETE,Garrafa de 0.75 l,"2,09 €","2,79 €/L"
Cogumelos inteiros,PorSi,Embalagem de 185 g,"2,19 €","2,81 €/Kg"
Iogurte mix-in chocapic,Nestle,Embalagem de 2 x 118 g,"1,05 €","1,86 €/L"
Spray limpeza casa de banho,PorSi,750 ml,"1,79 €","2,39 €/L"
Pensos diários salvaslip flexi & fresh normal,Evax,28 unidades,"1,79 €","1,79 €/Unidade"
Gaspacho,PorSi,1 litro,"0,62 €","10,00 €/Kg"
Cone morango/baunilha,PorSi,Embalagem de 6 x 120 ml,"5,99 €","16,64 €/L"
Amaciador rosa e rosmaninho,Surf,90 doses,"8,99 €","2,25 €/L"
"Cerveja com álcool, lata",Super Bock,Garrafa de 330 ml,"1,99 €/L","1,99 €/L"
Arroz agulha,B.sucesso,Embalagem de 1 kg,"1,26 €","1,26 €/Kg"
Pastilhas peppermint,CHICLETS,Embalagem de 17 g,"0,89 €","59,33 €/Kg"
Anti-traça lavanda,Raid,2 unidades,"4,69 €","4,69 €/Unidade"
Guardanapos art de la table 33 x 33 cm,Renova,3 folhas | 50 unidades,"1,29 €","1,29 €/Unidade"
Salsichas de soja,Cemporcent,Embalagem de 390g,"0,69 €","0,69 €/Kg"
Snack Gato Anti Bolas de Pelo,PorSi,Embalagem 60 g,"0,99 €","16,50 €/Kg"
Limpa pavimentos flutuantes,PorSi,Embalagem de 1 litro,"1,79 €","2,39 €/L"
Eau de Toilette p/Senhora Nº38,Caravan,1 Frasco 150ml,"11,99 €","79,93 €/L"
Desentupidor canos,Mr.muscle,Embalagem de 1 l,"4,89 €","6,52 €/L"
Double espresso go chill,Delta,Garrafa de 230 ml,"3,19 €","25,52 €/Kg"
Presunto nacos,PorSi,Embalagem de 250g,"2,59 €","12,95 €/Kg"
Mel de Rosmaninho,PorSi Select,Frasco de 250 g,"4,89 €","9,78 €/Kg"
"Bloco perfumado para maquina de loiça, limão",Sun,Embalagem de 1 unidades,"2,99 €","2,99 €/Unidade"
Gin dry,Gordons,Garrafa de 700 ml,"16,49 €","23,56 €/L"
Miolo de avelã,PorSi,Embalagem de 200 g,"0,79 €","3,95 €/Kg"
"Espuma cabelo, wet shine",Fru style,Embalagem de 200 ml,"3,99 €","53,20 €/L"
Caderno Agrafado Capa Preta |A4 Pautado,Domédia,1 unidade,"1,09 €","1,09 €/Unidade"
Snack para gato chezzy,Felix,Embalagem de 60g,"0,99 €","16,50 €/Kg"
Mostarda em frasco,Savora,Embalagem de 190g,"0,87 €","2,90 €/Kg"
Alecrim,Margao,Embalagem de 20g,"0,25 €","0,25 €/Kg"
Brandy,ON/OFF,Garrafa de 700 ml,"15,49 €","15,49 €/L"
Creme Depilatório Peles Normais,Veet,Embalagem de 200 ml,"3,29 €","3,29 €/Unidade"
Marcadores para colorir,Domédia,embalagem com 12 unidades,"4,69 €","4,69 €/Unidade"
Creme de limpeza com lixívia,PorSi,750 ml,"2,59 €","1,30 €/L"
Grão de bico,Caçarola,Embalagem de 500 g,"0,99 €","1,98 €/Kg"
100% clara de ovo líquida albumina,Prozis,Embalagem de 500g,"3,65 €","7,30 €/Kg"
Creme de Barrar com Sabor a Manteiga,Becel,Embalagem de 400g,"1,59 €","6,36 €/Kg"
Cem porcento-lentilhas vermelhas,Cemporcent,Embalagem de 500g,"1,94 €","3,88 €/Kg"
Patê sardinha,La piara,Embalagem de 80g,"1,19 €","13,52 €/Kg"
Pedras limão/chá verde,P.salgadas,pack 4 x 0.25 l,"2,85 €","2,85 €/L"
Empadão de carne produto pré-cozinhado ultracongelad...,PorSi,Embalagem de 350g,"3,99 €","9,98 €/Kg"
Creme proteção de gengivas,Polident,Embalagem de 40 g,"9,79 €","122,38 €/Kg"
Creme autobrilha incolor,Splendor,40 ml,"2,25 €","45,00 €/L"
Bolacha vitalday crocante original,Gullon,Embalagem de 270g,"2,82 €","9,40 €/Kg"
Eau de Toilette p/Senhora Nº40,Caravan,1 Frasco 150ml,"11,99 €","79,93 €/L"
Concentrado de laranja,Sunquick,Garrafa de 700 ml,"4,89 €","6,61 €/L"
"Aditivo líquido para máquina  de lavar roupa, oxy5",X-TRA,"Embalagem de 1,2 l","8,59 €","2,00 €/L"
Nata uht,PorSi,Embalagem de 200 ml,"0,75 €","3,75 €/L"
Iogurte líquido de frutos vermelhos,PorSi,Embalagem de 4 x 160 g,"1,31 €","2,05 €/Kg"
Escova de dentes expert white media 360º,Colgate,1 unidade,"3,49 €","3,49 €/Unidade"
Ice tea manga,Lipton,pack 6 x 0.25 l,"1,14 €","0,76 €/L"
"Rebuçados sem açúcar, mel/limão",Halls,Embalagem de 128 g,"0,77 €","3,85 €/Kg"
Máscara Olhos Lash Sensational,Maybelline,1 unidade,"1,15 €","4,60 €/L"
Nectar clássico maracujá,Compal,Garrafa de 1 l,"1,09 €","0,73 €/L"
Butter cookies,PorSi,Embalagem de 450g,"0,79 €","5,27 €/Kg"
10 saquetas infusão de cidreira,Lipton,Embalagem de 20g,"0,99 €","76,15 €/Kg"
Leite magro em pó,Páturages,Embalagem de 300 g,"2,79 €","9,30 €/Kg"
Rebuçado recheio morango,PorSi,Embalagem de 250g,"2,30 €","57,50 €/Kg"
Esfregona tiras completa,PorSi,1 unidade,"2,54 €","2,54 €/Unidade"
Spray desengordurante universal,Neoblanc,Embalagem de 500 ml,"2,59 €","1,30 €/L"
Atum posta em óleo,Ramirez,Embalagem de 120g,"0,89 €","7,42 €/Kg"
All bran plus,Kellogg's,Embalagem de 500g,"1,49 €","2,98 €/Kg"
Anticalcário,Viakal,Embalagem de 500 ml,"0,99 €","1,32 €/L"
Cueca incontinência para Adultos Ausonia Tamanho Gra...,Lindor,Embalagem de 14 unidades,"9,99 €","9,99 €/Unidade"
Actimel morango,Danone,Embalagem de 6 x 100g,"4,15 €/Kg","4,15 €/Kg"
Néctar light manga/laranja,Compal,Garrafa de 200 ml,"0,99 €","0,99 €/L"
Gel de banho bio kids,Corine de Farme,300 ml,"1,99 €","1,99 €/Unidade"
Chouriço com feijão,Nobre,Embalagem de 420g,"2,35 €","5,60 €/Kg"
"Vela em número,  nº 0",PorSi,1 unidade,"0,60 €","0,60 €/Unidade"
Ração para gato esterilizado com peru,Friskies,Embalagem de 3 kg,"2,19 €","5,48 €/Kg"
Limpa madeiras com sabão,PorSi,1.5 litros,"4,39 €","14,63 €/L"
"Creme anti-rugas revitalizante fps30, dia",L'oreal,Embalagem de 50 ml,"2,99 €","59,80 €/L"
Arroz carolino,Caçarola,Embalagem de 1kg,"1,26 €","1,26 €/Kg"
Ovos galinha solo l,PorSi,6 ovos,"1,59 €","1,59 €/Unidade"
Tomate em pedaços,Guloso,Embalagem de 390g,"3,84 €","24,00 €/Kg"
Cocktail mango,Bar Royal,Garrafa de 750 ml,"8,49 €","11,32 €/L"
Batata chef gourmet,MCCAIN,Embalagem de 500 g,"1,39 €","1,39 €/Kg"
Azeite virgem extra seleção ouro,Oliveira da Serra,Garrafa de 750 ml,"3,29 €","4,39 €/L"
Toucinho do céu,PorSi,Embalagem de 2x100 g,"0,55 €","2,75 €/Kg"
"Tira nódoas, spray oxi",PorSi,Embalagem de 1 l,"10,99 €","52,33 €/Kg"
Arroz carolino,Louro,Embalagem de 1 kg,"1,26 €","1,26 €/Kg"
"Lixívia para roupa, tradicional verde denso",PorSi,Embalagem de 2L,"1,74 €","0,35 €/L"
Tira Nódoas Acidentais,Iberia,Embalagem de 150 ml,"10,99 €","52,33 €/Kg"
Eau de Toilette p/Senhora Nº42,Caravan,1 Frasco 150ml,"11,99 €","79,93 €/L"
Desinfetante multissuperfícies,Xanpa,1 litro,"1,29 €","0,86 €/L"
Vinh do porto ruby,Cruz,Garrafa de 750 ml,"5,99 €","7,99 €/L"
Corn flakes saco,PorSi,Embalagem de 500g,"1,49 €","2,98 €/Kg"
"Folhas de tomilho, pacote",Margao,Embalagem de 20g,"0,25 €","0,25 €/Kg"
Recarga mopa,PorSi,1 unidade,"0,89 €","0,89 €/Unidade"
Cereais petalas chocolate,PorSi,Embalagem de 625g,"5,07 €/Kg","5,07 €/Kg"
Iogurte activia líquido morango,Danone,Embalagem de 4 x 155 g,"2,79 €","5,81 €/Kg"
Eau de Toilette p/Senhora Nº43,Caravan,1 Frasco 150ml,"11,99 €","79,93 €/L"
Mopa attractive plus completa,Vileda,Embalagem de 1 unidades,"2,20 €","2,20 €/Unidade"
Conjunto Garfos de Mesa Prestige,PorSi,3 peças,"4,99 €","4,99 €/Unidade"
Tampões Cotton Protection Regular,Tampax,16 unidades,"1,39 €","1,39 €/Unidade"
Iogurte pedaços morango,PorSi,Embalagem de 4x125g,"4,38 €","2,19 €/Kg"
Bolacha infantil dinossaurus mini dino chocolate,Artiach,Embalagem de 120g,"1,89 €","15,75 €/Kg"
Bombons praliné arroz tufado,PorSi Select,100 g,"5,25 €","26,25 €/Kg"
"Sumo 100%, tutti-frutti",PorSi,Embalagem de 3 x 200 ml,"1,09 €","0,73 €/L"
Inseticida Eléctrico Night & Day,Raid,1 Difusor + 1 Recarga,"7,69 €","7,69 €/Unidade"
Sumo essencial manga,Compal,pack 3 x 0.11 l,"2,29 €","6,94 €/L"
Bolachas de manteiga,PorSi,Embalagem de 200 g,"7,53 €/Kg","7,53 €/Kg"
Infusão lúcia lima,PorSi,Embalagem de 35 g,"0,99 €","76,15 €/Kg"
Cem porcento-flocos de aveia grossos,Cemporcent,Embalagem de 400g,"2,69 €","5,38 €/Kg"
"Pasta dentífrica, máxima proteção, fresca",Colgate,Embalagem de 75 ml,"2,39 €","31,87 €/L"
Copos para café 80 ml,Aj simoes,Embalagem com 25 unidades,"1,10 €","1,10 €/Unidade"
Mirtilos 100% Naturais,PorSi,Embalagem de 250 g,"4,99 €","9,98 €/Kg"
Faca Chefe 15 cm Inox,PorSi,1 unidade,"4,75 €","4,75 €/Unidade"
Queijo Feta Grego,PorSi Select,Embalagem de 200 g,"2,19 €","10,95 €/Kg"
"Bebida láctea crescimento 1-3 anos, cereais",Nestle,Embalagem de 1 litro,"0,26 €","1,30 €/L"
Molho de soja c/ dispensador redução sal,KIKKOMAN,150 ml,"3,99 €","26,60 €/L"
Compressas | dim.: 10 x 10 cm,PorSi,Embalagem com 100 unidades,"1,69 €","1,69 €/Unidade"
Biscoitos integrais aveia e manteiga de amendoim,PorSi Viva Bem,Embalagem de 150g,"2,69 €","13,45 €/Kg"
Ganchos Perfumados Lavanda,Raid,2 unidades,"4,69 €","4,69 €/Unidade"
Jarro Vidro,Anilar,Cap.: 1.2 L,"4,99 €","4,99 €/Unidade"
Limpa Máquina Loiça Regular,Finish,,"2,99 €","2,99 €/Unidade"
Ervilhas,PorSi,Embalagem de 400 g,"1,98 €","1,98 €/Kg"
Pastilhas limpa próteses,Labell,embalagem com 36 unidades,"9,79 €","122,38 €/Kg"
Vela em número nº9,PorSi,1 unidade,"0,60 €","0,60 €/Unidade"
"Fiambre extra, fatias finas",PorSi,Embalagem de 150 g,"0,97 €","6,49 €/Kg"
"Creme para mãos, proteção intensiva",Atrix,Embalagem de 60 ml,"2,49 €","41,50 €/L"
Alho moído,PorSi,Saqueta de 50 g,"0,25 €","0,25 €/Kg"
Leite c/ Chocolate,Agros,Embalagem de 4 x 200 ml,"0,26 €","1,30 €/L"
Pá económica,PorSi,1 unidade,"2,20 €","2,20 €/Unidade"
Pastilhas café platium,Delta,Embalagem de 110g,"54,36 €/Kg","54,36 €/Kg"
Sumo 100% tomate,PorSi,Embalagem de 1.5 l,"1,09 €","0,73 €/L"
Néctar light de manga/laranja prism,PorSi,Embalagem de 1 l,"0,84 €","2,55 €/L"
Salsichas de aves,Nobre,Lata de 200 g,"0,75 €","3,75 €/Kg"
Beira interior colheita 2013,Beyra,Garrafa de 0.75 l,"2,49 €","3,32 €/L"
"Cerveja sem álcool, preta",Super Bock,pack 6 x 0.33 l,"5,99 €","3,03 €/L"
Acetona perfumada com doseador,PorSi,Embalagem de 200 ml,"1,89 €","9,45 €/L"
Tosta rica mini go,Cuetara,Embalagem de 240g,"1,89 €","15,75 €/Kg"
Óleo aloé vera,Johnson's Baby,Embalagem de 300 ml,"1,99 €","1,99 €/Unidade"
Pera rocha categoria II Programa Origens,PorSi,Embalagem de 1.5 kg,"1,69 €/Kg","1,69 €/Kg"
Corações de Frango,Lusiaves,embalagem de 350 g (aprox.),"0,50 €","4,99 €/Kg"
Bicarbonato de sódio,PorSi,Embalagem de 500 g,"1,79 €","2,39 €/L"
Queijo flamengo,Novacores,Embalagem de 320g,"1,96 €","9,80 €/Kg"
Porto tawny valadão,Valadao,Garrafa de 750 ml,"6,29 €","8,39 €/L"
Alho picado,PorSi,Embalagem de 100 g,"4,99 €","9,98 €/Kg"
Cereais cruesli chocolate,Quaker,Embalagem de 380g,"2,29 €","6,11 €/Kg"
Líquido wc duraguard pinho da montanha,Harpic,Garrafa de 750 ml,"1,79 €","2,39 €/L"
Chá fresh preto e limão,Cemporcent,Embalagem de 18g,"1,19 €","59,50 €/Kg"
Aperitivos  fritos,Fritos,Embalagem 130G,"0,79 €","7,90 €/Kg"
Comida húmida para cão de vaca e frango,PorSi,Lata de 400 g,"0,75 €","2,50 €/Kg"
Snack gato salmao,PorSi,Embalagem de 60g,"0,99 €","16,50 €/Kg"
Escova para calçado,Sonaf,1 unidade,"5,29 €","35,27 €/L"
Pellets madeira,Nova lenha,Embalagem de 15kg,"10,99 €","0,73 €/Kg"
"Sacos para sandes, 100 unidades",PorSi,1 embalagem,"1,11 €","1,11 €/Unidade"
Cerveja com álcool,Super Bock,Garrafa de 1 l,"1,99 €/L","1,99 €/L"
Gogo SqueeZ Snack Banana,Gogo,Embalagem de 4 x 90g,"2,29 €","6,94 €/L"
Iogurte sólido sem lactose morango,Mimosa,Embalagem de 480g,"1,87 €","1,25 €/Kg"
Patê atum,La piara,Embalagem de 80g,"1,19 €","13,52 €/Kg"
Queijinho dadoninho petitdino de morango,Danone,Embalagem de 6 x 50 g,"1,05 €","1,86 €/L"
Ballantine's finest,Ballantin.,Garrafa de 700 ml,"15,99 €","22,84 €/L"
Veiculo Hot wheels,Hot Wheels,1 unidade,"9,99 €/Unidade","9,99 €/Unidade"
Special k choco,Kellogg's,Embalagem de 375g,"1,49 €","2,98 €/Kg"
Bolachas chips ahoy,Ca!,Embalagem de 130g,"0,79 €","5,27 €/Kg"
Couve flor,PorSi,Embalagem de 750 kg,"1,98 €","1,98 €/Kg"
Frutapura maçã e banana,Bledina,Embalagem de 85g,"2,29 €","6,94 €/L"
Balões latex vermelho,PorSi,Embalagem com 24 unidades,"1,54 €","1,54 €/Unidade"
Tábua de engomar,PorSi,Dim.: 110 x 32 cm,"74,99 €","74,99 €/Unidade"
Miolo de ameijoa,PorSi,Embalagem de 250 g,"1,79 €","7,16 €/Kg"
"Vinho Bairrada, Tinto",Selecção de Enófilos,Garrafa de 0.75 l,"2,49 €","3,32 €/L"
Lixívia Denso-Activa Harmonias Florais p/ Casa e Rou...,Neoblanc,Embalagem de 2 l,"1,74 €","0,35 €/L"
Especialidade soja baunilha,PorSi Viva Bem,Embalagem de 4 x 100 g,"0,99 €","2,48 €/Kg"
Esferográfica 4 Cores Multi-Function,Bic,1 un.,"2,69 €","2,69 €/Unidade"
Ração seca para gato adulto de peixe,PorSi,Embalagem 2 kg,"2,19 €","5,48 €/Kg"
Sardinha Pequena,Peixe Congelado,1 un= 250 gr (aprox.),"3,99 €/Kg","3,99 €/Kg"
Iogurte líquido danonino morango,Danone,Embalagem de 4 x 100 g,"1,05 €","1,86 €/L"
40 filtros café número 4,Planteur,Embalagem com 40 filtros,"0,80 €","0,80 €/Unidade"
Chá Aromatizado Pirâmide Oriente/Canela,PorSi,20 x 2 g,"58,44 €/Kg","58,44 €/Kg"
Néctar clássico tutti-frutti,Compal,330 ml,"0,99 €","0,99 €/L"
Iogurte tipo grego natural,PorSi,Embalagem de 12 x 125 g,"0,99 €","1,98 €/Kg"
Flocos de aveia finos integrais,Cemporcent,Embalagem de 400g,"0,69 €","1,73 €/Kg"
Ralador em inox,PorSi,1 unidade,"4,99 €","4,99 €/Unidade"
5 gouaches de cores primárias,Domédia,Uma embalagem,"3,19 €","3,19 €/Unidade"
"Escova dentes, proteção global suave, 2 unidades",Labell,1 embalagem,"3,49 €","3,49 €/Unidade"
Queijo em cubos para saladas,PorSi,Embalagem de 150 g,"1,49 €","7,45 €/Kg"
Bandas de Cera Depilatória Facial,Veet,Embalagem de 20 unidades,"6,99 €","6,99 €/Unidade"
Chocolate branco com recheio de avelã,Kinder,Embalagem de 160g,"3,29 €","20,56 €/Kg"
Água s/ gás,S.estrela,"Pack 6 x 0,50 l","1,04 €","0,17 €/L"
"Bracito trufa de chocolate, 4 unidades",Dulcesol,Embalagem de 240g,"2,05 €","5,13 €/Kg"
Reparador de móveis normal,PorSi,Embalagem de 200 ml,"4,39 €","14,63 €/L"
Tomate triturado,Compal,Embalagem de 500g,"3,84 €","24,00 €/Kg"
"Bloco de desenho A3, 24 folhas",Domédia,1 unidade,"3,29 €","3,29 €/Unidade"
Resguardo para bebé,PorSi,Dim.: 60 x 60 cm,"4,99 €","4,99 €/Unidade"
Caçarola Alumínio Anti-Aderente 20Cm,PorSi,1 unidade,"9,99 €","9,99 €/Unidade"
Multi vitaminas 50+,PLANTANATU,Embalagem de 1 unidades,"7,59 €","126,50 €/Kg"
Iogurte morango 000%,PorSi Viva Bem,Embalagem de 4 x 125 g,"1,09 €","1,45 €/Kg"
Palmiers,PorSi,Embalagem de 720 g,"7,53 €/Kg","7,53 €/Kg"
Limpa fornos,PorSi,500 ml,"1,79 €","2,39 €/L"
Rolo de cozinha mega,PorSi,1 rolo,"4,99 €","4,99 €/Unidade"
Ração seca para gato croquetes rico em salmão e arro...,PorSi Select,Embalagem de 1.5 kg,"2,19 €","5,48 €/Kg"
Cevada torrada moída,PorSi,Embalagem de 250 g,"0,79 €","3,16 €/Kg"
Toalhita Azul,Dodot,Embalagem c/ Tampa | 64 un.,"1,09 €/Unidade","1,09 €/Unidade"
"Cobertura tipo chantilly, 2x38g",PorSi,Embalagem de 80g,"1,29 €","3,23 €/Kg"
Vinho de mesa tinto bag in box,Adega grande,Garrafa de 5 l,"5,19 €","1,04 €/L"
Flakes,Cuetara,Embalagem de 500g,"5,07 €/Kg","5,07 €/Kg"
Chocolate negro 90% cacau bio,Cemporcent,Embalagem de 100g,"2,29 €","22,90 €/Kg"
Eau de Toilette p/Senhora Nº23,Caravan,1 Frasco 150ml,"11,99 €","79,93 €/L"
Caramelo líquido,PorSi,Embalagem de 400g,"1,29 €","3,23 €/Kg"
Orégãos em folha,PorSi,Embalagem de 10g,"0,25 €","0,25 €/Kg"
Bicarbonato de sódio,Globo,Embalagem de 230g,"1,89 €","17,18 €/Kg"
Spray limpa inox,Cif,Garrafa de 440 ml,"1,79 €","2,39 €/L"
Desinfetante em gel c/ lixívia,Cif,Garrafa de 750 ml,"2,49 €","3,32 €/L"
Molho mad chips top down,Calve,Embalagem de 260g,"0,87 €","2,90 €/Kg"
Bebida de Soja Baunilha,PorSi Viva Bem,1 l,"2,49 €","2,49 €/L"
Azeite tradição,Oliveira da Serra,Embalagem 3L,"3,29 €","4,39 €/L"
"Bicicleta roda 12"" Unicórnio",*,1 un.,"99,99 €/Unidade","99,99 €/Unidade"
Sumo concentrado de laranja/maracujá,GUD,Garrafa de 740 ml,"4,89 €","6,61 €/L"
Aditivo em pó oxi elimina odores,Vanish,Embalagem de 420 g,"9,99 €","36,33 €/Kg"
Cerveja c/ álcool,Heineken,"Embalagem de 6x0,25 l","1,99 €/L","1,99 €/L"
Cerveja c/ álcool branca,Franziskan,Garrafa de 500 ml,"1,99 €/L","1,99 €/L"
Leite de pastagem magro,Terra Nostra,Embalagem de 1 litro,"0,83 €","0,83 €/L"
Recarga mopa Descartável,Vileda,Pack 24 + 6 Grátis,"0,89 €","0,89 €/Unidade"
Muesli nozes,PorSi,500 g,"2,24 €","4,48 €/Kg"
Dawnut de chocolate,Pastelaria do Dia,1 unidade = 60 g,"0,30 €/Unidade","0,30 €/Unidade"
Cereais golden e crispy,PorSi,Embalagem de 375 g,"5,07 €/Kg","5,07 €/Kg"
Cuecas Incontinência Maxi Grande,Lindor,Embalagem com 14 un.,"9,99 €","9,99 €/Unidade"
Vinho do porto tawny,Cruz,"Garrafa de 0,75 l","6,29 €","8,39 €/L"
Vinho regional península de setúbal tinto,J.m.f.,Garrafa de 750 ml,"4,99 €","6,65 €/L"
Iogurte sólido sem lactose morango,Mimosa,Embalagem de 480g,"0,99 €","1,98 €/Kg"
Ambientador Anti-Tabaco,Ambipur,1 un.,"1,99 €","1,99 €/Unidade"
Queijo de cabra curado rolo,PorSi,Embalagem de 180 g,"1,89 €","10,50 €/Kg"
Bolacha diet nature 5 cereais,Gullon,Embalagem de 220g,"2,82 €","9,40 €/Kg"
Casa mateus temporada - morango   6x350g,Casa de Mateus,Embalagem de 350g,"3,59 €","10,26 €/Kg"
Aditivo em pó oxi elimina odores,Vanish,Embalagem de 840 g,"9,99 €","36,33 €/Kg"
Queijo de vaca curado amanteigado,PorSi,+/- 550 g,"6,49 €","25,45 €/Kg"
Toalhetes Íntimos Suaves,Corine de Farme,Embalagem com 10 un.,"2,89 €","2,89 €/Unidade"
Eau de Toilette p/Senhora Nº24,Caravan,1 Frasco 150ml,"11,99 €","79,93 €/L"
Nata uht ligeira,Páturages,Embalagem de 2X250ML,"0,75 €","3,75 €/L"
Iogurte líquido pinacolada,PorSi,Embalagem de 4 x 160 g,"1,31 €","2,05 €/Kg"
Milho para pipocas,Globo,Embalagem de 400g,"0,79 €","7,90 €/Kg"
20 saquetas chá verde pure,Lipton,Embalagem de 30g,"1,14 €","114,00 €/Kg"
Wc lixivia gel pink,Domestos,Garrafa de 750 ml,"2,59 €","1,30 €/L"
Tablete de chocolate de leite,PorSi Select,Embalagem de 200g,"0,53 €","5,30 €/Kg"
Batata frita caseira,PorSi,Embalagem de 500g,"0,87 €","5,44 €/Kg"
Moelas de Frango,Lusiaves,Embalagem de 350 g (aprox.),"0,50 €","4,99 €/Kg"
Cerveja c/ álcool,Super Bock,pack 24 x 0.33 l,"1,99 €/L","1,99 €/L"
Amendoas laminadas 125g,Vahine,Embalagem de 130g,"1,89 €","17,18 €/Kg"
"Chá de mel, limão e ginseng",Tetley,Embalagem de 20g,"1,19 €","59,50 €/Kg"
Cornflakes sem açúcar,Cemporcent,Embalagem de 250g,"0,69 €","1,73 €/Kg"
Adoçante recarga,Canderel,Embalagem de 40g,"5,99 €","23,96 €/Kg"
Abrasivo sanitário pinho e eucalipto,PorSi,embalagem de 1 litro,"0,99 €","1,32 €/L"
Queijo flamengo sticks 5x20g,PorSi,Embalagem de 100g,"1,96 €","9,80 €/Kg"
Café 5 estrelas grão,Sical,Embalagem de 1 kg,"9,16 €/Kg","9,16 €/Kg"
Semente linhaça amarela,Salutem,Embalagem de 250g,"2,29 €","15,27 €/Kg"
Palitos redondos,PorSi,Embalagem de 250 unidades,"1,50 €","1,50 €/Unidade"
Cereais crunch 375g,Nestle,Embalagem de 380g,"5,07 €/Kg","5,07 €/Kg"
"Hamburguers de vaca, 4x80g",PorSi,Embalagem de 320 g,"2,79 €","8,72 €/Kg"
Ananás em rodelas lata,PorSi,Embalagem de 820g,"1,99 €","2,37 €/Kg"
Princesas do mar,PorSi,Embalagem de 255 g,"2,19 €","8,59 €/Kg"
Creme autobrilhante castanho,Splendor,40 ml,"2,25 €","45,00 €/L"
Creme fixativo sem sabor,Polident,Embalagem de 2 x 40 g,"9,79 €","122,38 €/Kg"
Rolo de Cozinha Branco Eco Compacto,PorSi,2 = 6 Rolos,"4,99 €","4,99 €/Unidade"
Lava Tudo Brilhante Floral,Sonasol,"embalagem 1,1L","0,99 €","0,50 €/L"
Máscara tesouros de mel,Garnier,Embalagem de 300 ml,"1,00 €","5,00 €/L"
Sublinhador Brite Liner - 3+1,Bic,1 unidade,"2,69 €","2,69 €/Unidade"
Pastel de Nata,PorSi,60G,"0,30 €/Unidade","0,30 €/Unidade"
Maionese top down,Hellmman's,Embalagem de 238 g,"0,87 €","2,90 €/Kg"
Croissant simples,PorSi,Embalagem de 400g,"2,05 €","5,13 €/Kg"
Croissant recheado de cacau/avelã,PorSi,Embalagem de 315g,"2,05 €","5,13 €/Kg"
Cerveja c/ álcool radler,Sagres,pack 6 x 0.33 l,"1,59 €","3,18 €/L"
"Escova dentífrica infantil, minions, + 6 anos",Colgate,1 + 1 unidade grátis,"0,99 €","0,99 €/Unidade"
Corta pizza cabo áqua,PorSi,1 unidade,"4,99 €","4,99 €/Unidade"
Eau de Toilette p/Senhora Nº22,Caravan,1 Frasco 150ml,"11,99 €","79,93 €/L"
Iogurte activia líquido cereais,Danone,Embalagem de 4 x 155 g,"2,79 €","5,81 €/Kg"
Vinho Tinto Regional Península de Setúbal,Selecção de Enófilos,750 ml,"4,99 €","6,65 €/L"
Infusão cavalinha,Cemporcent,Embalagem de 10 unidades,"0,99 €","76,15 €/Kg"
"Cereais special k, frutos vermelhos",Kellogg's,Embalagem de 300g,"5,59 €","8,87 €/Kg"
Gelatina de laranja,PorSi,Embalagem de 170g,"0,55 €","61,11 €/Kg"
"Ambientador spray, aerosol, relax zen",Glade,Embalagem de 300 ml,"0,99 €","3,30 €/L"
Bolachas marítimas clássicas,PorSi Viva Bem,Embalagem de 200g,"2,69 €","13,45 €/Kg"
Snack bio base de milho e aveia c/ amendoim,Gerber,Embalagem de 35g,"2,19 €","11,53 €/Kg"
Guache,Giotto,6 x 7.5 ml,"3,19 €","3,19 €/Unidade"
Queijo ilha ralado,PorSi,Embalagem de 200g,"1,49 €","7,45 €/Kg"
Alimento lácteo alperce +6 meses,Yogolino,Embalagem de 4 x 100 g,"2,89 €","7,23 €/Kg"
Pensos peles sensíveis sortidos,PorSi,30 unidades,"1,69 €","1,69 €/Unidade"
Fralda Cueca T3,Dodot,Embalagem de 37 un.,"8,49 €","8,49 €/Unidade"
Bolacha digestiva de aveia/chocolate,Gullon,Embalagem de 430g,"0,84 €","2,80 €/Kg"
Leite de pastagem uht meio gordo,Milhafre,1 litro,"0,83 €","0,83 €/L"
Queijo flamengo fatiado,PorSi,Embalagem de 200G,"1,96 €","9,80 €/Kg"
Coco ralado bio,PorSi Bio,Embalagem de 200 g,"1,39 €","9,27 €/Kg"
Anti-embaciante,PorSi,Embalagem de 250 ml,"3,99 €","0,80 €/L"
Chá solúvel alívio respiratório,Cemporcent,Embalagem de 50g,"58,44 €/Kg","58,44 €/Kg"
Spray wc active clean citrus & waterlilly,Ambipur,750 ml,"1,79 €","2,39 €/L"
Ambientador vela gota frutos vermelhos,Air Wick,Embalagem de 1 unidades,"4,99 €","4,99 €/Unidade"
Azeitona Preta Extra,PorSi,1 un = 100 gr (aprox.),"0,44 €","4,39 €/Kg"
Batata pré-frita palito,PorSi,"Embalagem de 2,5 kg","1,39 €","1,39 €/Kg"
Lombo s/ Osso,Porco,Vendido ao peso a partir de 1 kg,"1,20 €","4,79 €/Kg"
Pérolas de perfume unstoppables fresh,Lenor,Embalagem de 210g,"10,99 €","52,33 €/Kg"
Ice tea de limão,PorSi,Embalagem de 2 l,"1,14 €","0,76 €/L"
Balões latex rosa,PorSi,Embalagem com 24 unidades,"1,54 €","1,54 €/Unidade"
Bicarbonato sodio fr.250g,Vahine,Embalagem de 250g,"1,89 €","17,18 €/Kg"
Infusão de camomila,Tetley,Embalagem de 10g,"0,99 €","76,15 €/Kg"
Vinagre de vinho branco envelhecido,PorSi,Garrafa 250ML,"0,35 €","0,70 €/L"
20 saquetas chá de limão,Lipton,Embalagem de 40g,"1,19 €","59,50 €/Kg"
Sumo 100% ananás e uva,PorSi,1.5 l,"1,09 €","0,73 €/L"
Boia Unicórnio 50 cm,Mondo,1 unidade,"2,99 €","2,99 €/Unidade"
Tomate pedaços biológico,Guloso,Embalagem de 390g,"3,84 €","24,00 €/Kg"
Lata de Brilho Incolor,Búfalo,Embalagem de 75 ml,"2,49 €","31,13 €/L"
Queijo Roquefort,SOCIETE,Vendido ao peso a partir de 250 gr,"2,19 €","10,95 €/Kg"
Batata frita presunto,Ruffles,Embalagem de 150 g,"1,18 €","6,38 €/Kg"
Café em cápsulas dolce gusto ardenza,Nescafe,Embalagem de 110g,"54,36 €/Kg","54,36 €/Kg"
Tablete de chocolate de leite com passas e avelãs,PorSi Select,Embalagem de 200g,"0,65 €","6,50 €/Kg"
Tablete de chocolate de preto,Nestle,Embalagem de 90g,"0,99 €","4,95 €/Kg"
Papel higiénico 2 folhas,PorSi,32 rolos,"1,99 €","1,99 €/Unidade"
Comida húmida para gato indoor em molho com atum,Purina One,Embalagem de 340g,"3,49 €","10,26 €/Kg"
Água mineral sem gás,Fastio,"Garrafa de 2,5 l","1,04 €","0,17 €/L"
Gelado magnum pint clássico,Olá,Embalagem de 440 ml,"2,62 €","2,62 €/L"
Escova de Dentes Júnior,Aquafresh,1 unidade,"0,99 €","0,99 €/Unidade"
Amaciador intense nature,Comfort,60 doses,"8,99 €","2,25 €/L"
Chá barbas de milho,PLANTANATU,Embalagem de 10g,"1,19 €","1,19 €/Unidade"
Cerveja preta 0.0%,Sagres,Lata de 330 ml,"5,99 €","3,03 €/L"
Alimento lácteo pera +6 meses,Yogolino,Embalagem de 4 x 100 g,"2,89 €","7,23 €/Kg"
Azeite virgem extra seleção,PorSi,Garrafa de 750 ml,"3,29 €","4,39 €/L"
Bebida arroz bio,PorSi Bio,Embalagem de 1 litro,"1,59 €","1,59 €/L"
Espumante sem álcool para crianças,Look,Garrafa de 750 ml,"0,79 €","0,40 €/L"
Desentupidor de fole com cabo,PorSi,1 unidade,"2,50 €","2,50 €/Unidade"
Feijão preto,PorSi,Embalagem de 500g,"0,95 €","1,90 €/Kg"
Queijo ilha ralado,Valformoso,Embalagem de 150g,"1,49 €","7,45 €/Kg"
Tábua de cozinha,PorSi,Dim.: 34x24 cm,"4,99 €","4,99 €/Unidade"
Máquina de barbear descartável,Gillette,Embalagem com 4+1 unidades,"1,16 €","4,64 €/L"
Bolachas água e sal doces,Vieira,Embalagem de 170g,"0,84 €","2,80 €/Kg"
Bolacha cracker integral,Cuetara,Embalagem de 200g,"0,39 €","3,12 €/Kg"
Bolachas de água e sal,PorSi,Embalagem de 125g,"0,39 €","3,12 €/Kg"
Fatia de salame de chocolate,PorSi,Embalagem 60G,"2,05 €","5,13 €/Kg"
Gressinos com azeitonas pretas,PorSi,Embalagem de 250g,"2,39 €","6,83 €/Kg"
Moscatel de setúbal,Adega de Palmela,Garrafa de 750 ml,"5,99 €","7,99 €/L"
"Palmilha de cortiça com latex, tamanho 40/41",Sonaf,1 unidade,"2,95 €","2,95 €/Unidade"
Croutons azeite e alho,PorSi,Embalagem de 150g,"2,39 €","6,83 €/Kg"
Peito de peru,PorSi,"Vendido ao peso, fatiado a partir de 150 g","1,44 €","9,59 €/Kg"
Fiambre da Perna Extra,Nobre,1 un = 150 gr (aprox.),"0,97 €","6,49 €/Kg"
Gel de Banho Coconut Milk,Dove,Embalagem de 750 ml,"6,49 €","8,65 €/L"
Maionese,PorSi,Embalagem de 414 g,"0,87 €","2,90 €/Kg"
Guardanapos brancos folha tripla 33x33 cm,PorSi,70 unidades,"1,29 €","1,29 €/Unidade"
Super Cola,Vito,2 unidade,"2,99 €","99,67 €/Kg"
Mauzão,Concentra,Uma unidade,"9,99 €","9,99 €/Unidade"
Mel em frasco com doseador,PorSi,Embalagem de 500g,"4,89 €","9,78 €/Kg"
Lentilhas vermelhas,Salutem,Embalagem de 500g,"1,94 €","3,88 €/Kg"
Dawnut Açucarado,Pastelaria do Dia,48g,"0,30 €/Unidade","0,30 €/Unidade"
Champô 3 em 1 karpex,Vanish,950 ml,"1,79 €","2,39 €/L"
Iogurte líquido dan'up morango e banana,Danone,Embalagem de 4 x 155 g,"1,31 €","2,05 €/Kg"
Vinho do porto lbv 2004,Cruz,Garrafa de 0.75 l,"10,99 €","14,65 €/L"
Ração para gato bolas de pelo com frango,Friskies,"Embalagem de 1,5kg","2,19 €","5,48 €/Kg"
Água s/ Gás,Serra de Fafe,Garrafa 6L,"1,04 €","0,17 €/L"
Mauzão,Concentra,Uma unidade,"31,99 €/Unidade","31,99 €/Unidade"
Iogurte mix-in nesquik,Nestle,Embalagem de 2 x 115 g,"1,05 €","1,86 €/L"
Leite 0% lactose magro,Mimosa,Garrafa de 1 l,"1,29 €","1,29 €/L"
Infusão melhores digestões,Cemporcent,Embalagem de 10 unidades,"0,99 €","76,15 €/Kg"
Queijo flamengo fatias light,PorSi,Embalagem de 200g,"1,96 €","9,80 €/Kg"
Refresco em pó de morango,Tang,Embalagem de 30g,"0,75 €","18,75 €/Kg"
Lencos bolso mentol 6x10 3f,PorSi,Embalagem de 6 unidades,"0,89 €","0,89 €/Unidade"
Pota Inteira,Peixe Congelado,1 un= 200 gr (aprox.),"3,99 €/Kg","3,99 €/Kg"
Batata frita lisas originais,Lay's,Embalagem de 160g,"1,01 €","5,46 €/Kg"
Feijão catarino,PorSi,Embalagem 500G,"0,95 €","1,90 €/Kg"
Limpa móveis multissuperfícies,PorSi,Frasco de 300ml,"4,39 €","14,63 €/L"
Folhado Misto 90 g,Pastelaria do Dia,,"0,65 €","0,65 €/Unidade"
Feijoada,PorSi,Embalagem de 420 g,"2,35 €","5,60 €/Kg"
Farinha de trigo sem fermento t55,PorSi,Embalagem de 1 kg,"1,99 €","1,99 €/Kg"
Ambientador Difusão Automático Essential Mist Lavand...,Air Wick,1 un.,"3,74 €","3,74 €/Unidade"
Recarga para mopa ultramax,Vileda,1 unidade,"2,20 €","2,20 €/Unidade"
Caldo de galinha,PorSi,24 cubos,"3,84 €","24,00 €/Kg"
Ketchup top down,Calve,Embalagem de 550g,"0,87 €","2,90 €/Kg"
Comida húmida para cão em saquetas de frango/borrego,Purina One,Embalagem de 400g,"0,75 €","2,50 €/Kg"
Saqueta puré de fruta e aveia,PorSi,Embalagem de 90g,"0,74 €","8,22 €/Kg"
Vinho regional alentejano bag-in-box tinto,Galitos,Garrafa de 5 l,"5,19 €","1,04 €/L"
Palitos super finos,PorSi,Embalagem de 85 unidades,"1,50 €","1,50 €/Unidade"
Creme Corpo Goodness,Dove,Embalagem de 300 ml,"12,48 €/L","12,48 €/L"
Conjunto Colheres de Mesa Prestige,PorSi,3 peças,"4,99 €","4,99 €/Unidade"
"Linguíca, 4 unidades",PorSi,Embalagem de 180 g,"1,22 €","6,78 €/Kg"
5 rissóis de leitão,PorSi,Embalagem de 400g,"1,79 €","7,16 €/Kg"
Mousse chocolate branco,Alsa,Embalagem de 133g,"0,79 €","5,27 €/Kg"
"As minhas primeiras receitas - refeição batata, abób...",Nestle,Embalagem de 190g,"2,19 €","11,53 €/Kg"
Cueca Incontinência Boutique Plus M,Ausonia Discreet,Embalagem de 9 Un.,"9,99 €","9,99 €/Unidade"
Snack gato frango/queijo,PorSi,Embalagem de 60g,"0,99 €","16,50 €/Kg"
Colheres,Pommette,4 unidades,"5,99 €","5,99 €/Unidade"
Champô cacau&côco,Ultra Suave,Embalagem de 400 ml,"5,59 €","13,98 €/L"
Cereais chocapic,Nestle,Embalagem de 375 g,"5,07 €/Kg","5,07 €/Kg"
Bolachas marítimas clássicas,PorSi Viva Bem,Embalagem de 200g,"2,82 €","9,40 €/Kg"
Vinagre de fruta,PorSi,Embalagem de 500 ml,"0,35 €","0,70 €/L"
Infusão nº 10 colestrol,Cemporcent,Embalagem de 10 unidades,"0,99 €","76,15 €/Kg"
Queijo flamengo fatias light,PorSi,Embalagem de 200g,"2,39 €","19,92 €/Kg"
Batata pré-frita palitos finos,PorSi,Embalagem de 2.5 kg,"1,39 €","1,39 €/Kg"
Comida Húmida para Gatinhos Mousse com Vitela,Gourmet Diamant,Embalagem de 85 g,"3,49 €","10,26 €/Kg"
Pastilha Elástica Bottle Morango,Trident,Embalagem de 82 g,"0,89 €","59,33 €/Kg"
Sangria pet,Don Simon,"Garrafa de 1,5 l","2,39 €","1,59 €/L"
Paturette croc choc bill,Páturages,Embalagem de 4x117g,"0,55 €","2,75 €/Kg"
Tostas de trigo,PorSi,Embalagem 225G,"2,39 €","6,83 €/Kg"
Tomate pelado,Guloso,Embalagem de 800g,"3,84 €","24,00 €/Kg"
Prepar arroz marisco sem gluten cv 0.8kg,Brasmar,Embalagem de 800g,"1,79 €","7,16 €/Kg"
Patas,Frango,1 un = 250 gr  (aprox.),"0,50 €","4,99 €/Kg"
Leite de coco bio,PorSi Bio,400 ml,"3,65 €","7,30 €/Kg"
Pringles sour cream & onion,Pringles,Embalagem de 175g,"1,18 €","6,38 €/Kg"
Licor de anis,On Off,"Garrafa de 0,70 l","16,99 €","24,27 €/L"
Cápsulas de café com leite cappuccino,Nescafe,Embalagem com 16 cápsulas,"3,19 €","25,52 €/Kg"
Ultra magnésio +b6,PLANTANATU,Embalagem de 1 unidades,"7,59 €","126,50 €/Kg"
Bloco Sanitário Poder Activo Pinho,Sonasol,Embalagem de 50 g,"39,60 €/Kg","39,60 €/Kg"
Dentífrico sensibilidade e gengivas,Sensodyne,Embalagem de 75 ml,"2,39 €","31,87 €/L"
Atum em azeite,Ramirez,Embalagem de 120g,"0,89 €","7,42 €/Kg"
Iogurte activia cremoso coco,Danone,Embalagem de 4 x 120 g,"1,49 €","2,98 €/Kg"
Gel pure 3 em 1,Garnier,Embalagem de 150 ml,"2,99 €","59,80 €/L"
Spray calcário e sujidade,Cillitbang,Garrafa de 500 ml,"1,29 €","0,86 €/L"
Areia para gatos mineral perfumada,PorSi,Embalagem de 5 kg,"1,19 €","0,24 €/Kg"
"Salsichas hot dog, frasco",Izidoro,Embalagem de 240g,"0,75 €","3,75 €/Kg"
Refrigerante  c/ gás regular,Coca-Cola,pack 4 x 1 l,"0,79 €","0,40 €/L"
Insecticida recarga,Biokill,Embalagem de 375 ml,"5,09 €","8,48 €/L"
Tablete chocolate branco,PorSi,Embalagem de 100g,"0,99 €","9,90 €/Kg"
Massa de pontinha grossa,Nacional,Embalagem de 250g,"0,99 €","1,98 €/Kg"
Bebida láctea crescimento 3 anos+,Nestle,Embalagem de 1 litro,"0,26 €","1,30 €/L"
Bebida láctea crescimento 1 a 3 anos,Nestle,Embalagem de 1 litro,"0,26 €","1,30 €/L"
Esponja brilho preto,Búfalo,1 embalagem,"2,25 €","45,00 €/L"
Parque aquático,Bestway,Dim.: 228 x 206 cm,"2,99 €","2,99 €/Unidade"
"Cotonetes, 100 unidades",Johnson's Baby,1 embalagem,"1,99 €","1,99 €/Unidade"
Leite pasteurizado gordo,Vigor,Garrafa de 1 l,"1,19 €","1,19 €/L"
Livro Já sei! Aprendizagem Essencial Matemática 1º A...,Girassol,1 unidade,"8,99 €","8,99 €/Unidade"
"Presunto Metades, 6 meses de cura",PorSi,"Vendido ao peso, fatiado a partir de 100 gr","2,59 €","12,95 €/Kg"
Açúcar fino,Rar,Embalagem de 1000 g,"1,49 €","1,49 €/Kg"
Chocolate culinário 70% cacau,Nestle,Embalagem de 170 g,"1,04 €","8,32 €/Kg"
"Ambientador automático, fresh matic, oasis turquesa",Air Wick,Embalagem de 1 unidades,"3,74 €","3,74 €/Unidade"
Leite especial crescimento +3 anos,Mimosa,Garrafa de 1 l,"0,26 €","1,30 €/L"
Semente pevide abóbora,Salutem,Embalagem de 200g,"2,29 €","15,27 €/Kg"
Magnum mini 3 chocolates,Olá,Embalagem de 6 x 55 ml,"5,99 €","16,64 €/L"
Toalhitas Refrescantes Rosto e Mãos,PorSi,Embalagem 3 x 10 un.,"1,10 €","1,10 €/Unidade"
"Papel higiénico compacto, folha dupla",Renova,4 = 12 rolos,"1,99 €","1,99 €/Unidade"
Desentupidor em gel canos com soda,PorSi,Embalagem de 1 litro,"1,79 €","2,39 €/L"
Puré de batata,Saint Eloi,Embalagem de 500 g,"1,99 €","1,99 €/Kg"
Cocktail pessego,Bar Royal,Garrafa de 750 ml,"11,99 €","11,99 €/L"
"Vela em número, nº 3",PorSi,1 unidade,"0,60 €","0,60 €/Unidade"
Pirassununga (38º),Cachaca 51,Garrafa de 700 ml,"20,99 €","29,99 €/L"
Milho tenro e doce,Bonduelle,Embalagem de 300 g,"2,19 €","2,81 €/Kg"
Moinho 5 pimentas em grão,PorSi,Frasco com 40 g,"0,25 €","0,25 €/Kg"
Chá fresh verde e pêssego,Cemporcent,Embalagem de 18g,"1,19 €","59,50 €/Kg"
Garfo de nylon cabo áqua,PorSi,1 unidade,"4,99 €","4,99 €/Unidade"
Xarope de limão sem corantes,Paquito,Garrafa de 750 ml,"4,89 €","6,61 €/L"
Clementinas,Fruta do Dia,1 un = 100 gr (aprox.),"0,50 €","1,99 €/Kg"
"Postas pescada nº3, para fritar",PorSi,Embalagem de 600 g,"3,99 €","9,98 €/Kg"
Molho de soja com dispenser,KIKKOMAN,Garrafa de 150 ml,"3,99 €","26,60 €/L"
Ovos galinha solo m,PorSi,6 ovos,"1,59 €","1,59 €/Unidade"
Canetas de Feltro Lavavel Kids - 14 +4,Bic,Uma embalagem,"4,69 €","4,69 €/Unidade"
"Ambientador automático, fresh matic, pure",Air Wick,1 unidade,"3,74 €","3,74 €/Unidade"
Iogurte activia líquido 0% lima/limão,Danone,Embalagem de 4 x 155 g,"2,79 €","5,81 €/Kg"
Ambientador automático lavanda,PorSi,250 ml,"0,99 €","3,30 €/L"
Moscatel de Setúbal 20 anos,Alambre,Garrafa de 0.50 l,"5,99 €","7,99 €/L"
Rolo de Cozinha Multi,Renova,4 Rolos,"4,99 €","4,99 €/Unidade"
Bacalhau desfiado,PorSi,Embalagem de 500g,"6,39 €","7,99 €/Kg"
Creme marisco,Knorr,Embalagem de 70g,"0,62 €","10,00 €/Kg"
Pão forma sem côdea,PorSi,Embalagem de 450g,"0,99 €","1,65 €/Kg"
Gel wc anti-calcário,Harpic,Garrafa de 750 ml,"1,79 €","2,39 €/L"
Pilha alcalina classic lr6x4,Domédia,1 unidade,"1,49 €","1,49 €/Unidade"
Lixivia perfume fresco,Neoblanc,Embalagem de 2 l,"1,74 €","0,35 €/L"
Açucar granulado,PorSi,Embalagem de 1 kg,"1,49 €","1,49 €/Kg"
Óleo Performa 15W40,Galp,Embalagem de 1 l,"14,99 €","14,99 €/L"
Manteiga com sal,Gresso,Embalagem de 250g,"1,89 €","7,56 €/Kg"
Empadão de carne,PorSi,Embalagem de 1 kg,"3,99 €","9,98 €/Kg"
Esponja limpa camurça,PorSi,1 unidade,"5,29 €","35,27 €/L"
Café Descafeinado,Nescafe,Embalagem de 100g,"1,59 €","6,36 €/Kg"
Ambientador gel floral,PorSi,150 g,"0,79 €","5,27 €/Kg"
Amaciador Concentrado Creations Flor Lótus Lima,Comfort,80 doses,"3,99 €","3,99 €/Unidade"
Biscoitos choco trio,Milka,Embalagem de 150g,"0,69 €","4,60 €/Kg"
Salsichas de porco em lata,PorSi,Embalagem de 200g,"0,75 €","3,75 €/Kg"
Frutapura maçã e pera,Bledina,Embalagem de 85g,"2,29 €","6,94 €/L"
Ração para gato júnior com frango,Friskies,"Embalagem de 1,5 kg","2,19 €","5,48 €/Kg"
Queijo curado -30% gordura,Casteloes,500 g,"6,49 €","25,45 €/Kg"
Cubos de tamboril,Mar Ibérica,Embalagem de 250 g,"3,99 €","9,98 €/Kg"
80 filtros nº4 com saquetas antitártaro,Planteur,Uma embalagem com 80 unidades,"0,80 €","0,80 €/Unidade"
Detergente máquina roupa em gel universal,Persil,Embalagem de 42 doses,"8,59 €","2,00 €/L"
Mistura com 20% café torrada moída,PorSi,Embalagem de 250g,"0,79 €","3,16 €/Kg"
Cafe pastilhas 20x7g,PorSi,Embalagem de 140g,"54,36 €/Kg","54,36 €/Kg"
Bebida solúvel cereais+fibra frasco 200g,Delta,Embalagem de 200g,"1,45 €","14,50 €/Kg"
Maçã Royal Gala 70/75,Programa Origens,1 un = 150 gr (aprox.),"1,69 €/Kg","1,69 €/Kg"
Açúcar branco em saquetas,Rar,Embalagem com 170 saquetas,"1,49 €","1,49 €/Kg"
Travessa com naperon 45x36cm,PorSi,1 unidade,"0,99 €","0,99 €/Unidade"
Super Cola 3 Mini Trio C/ Oferta de 1 Tubo Grátis,Loctite,4 g,"2,99 €","99,67 €/Kg"
Agrafador universal +400 agrafos,Maped,1 unidade,"1,35 €","1,35 €/Unidade"
Patafix branco,Uhu,Embalagem com 80 pastilhas adesivas,"2,49 €","2,49 €/Unidade"
10 cápsulas café qanela,Delta Q,Embalagem de 60g,"54,36 €/Kg","54,36 €/Kg"
Sopa de cebola,Knorr,Embalagem de 50g,"0,62 €","10,00 €/Kg"
Bebida de Arroz,PorSi Viva Bem,1 l,"1,59 €","1,59 €/L"
Palmilha cortiça com latex t 38/39,Sonaf,1 unidade,"2,95 €","2,95 €/Unidade"
Lata Cebo Protexol Incolor,Búfalo,Embalagem de 75 ml,"2,49 €","31,13 €/L"
Limpa madeiras ecológico,PorSi,1.5 litros,"4,39 €","14,63 €/L"
Leite condensado magro cozido,Nestle,Embalagem de 390g,"1,09 €","2,75 €/Kg"
Nata uht 0% lactose,Parmalat,Embalagem de 200 ml,"0,75 €","3,75 €/L"
Croissants brioche,s. tomé,Embalagem de 200 g,"2,59 €","7,40 €/Kg"
Cerveja c/ álcool,Super Bock,pack 24 x 0.20 l,"1,99 €/L","1,99 €/L"
Amaciador concentrado para roupa floral,PorSi,80 doses,"3,99 €","3,99 €/Unidade"
"Maionese, frasco",Hellmman's,Embalagem de 210g,"0,87 €","2,90 €/Kg"
Mousse chocolate,PorSi,Embalagem de 150g,"0,79 €","5,27 €/Kg"
Abóbora adoçada com xarope de milho,Cemporcent,Embalagem de 240g,"3,99 €","7,98 €/Kg"
"Escova de dentes macia, 7-13 anos",Labell,1 unidade,"0,99 €","0,99 €/Unidade"
Tablete de chocolate negro com avelãs - sem açúcar,PorSi Viva Bem,Embalagem de 100 g,"0,65 €","6,50 €/Kg"
Óleo de girassol,PorSi,garrafa de 1 litro,"3,39 €","3,39 €/L"
Manteiga c/sal,Terra Nostra,Embalagem de 250g,"1,89 €","7,56 €/Kg"
"Fraldas Dry Fit, 3-6kg - Tamanho 2",Chicco,Embalagem de 50 unidades,"6,49 €","6,49 €/Unidade"
Spray recarga limpeza da casa de banho,Cif,embalagem de 70 ml,"4,09 €","5,45 €/L"
Collant licra 15d musk xl,PorSi,Embalagem de 1 unidades,"1,89 €","1,89 €/Unidade"
Iogurte natural sem lactose,PorSi Viva Bem,4 x 125 g,"0,99 €","1,98 €/Kg"
Papel higiénico branco folha tripla,PorSi,12 rolos,"1,99 €","1,99 €/Unidade"
Feijão manteiga,PorSi,Frasco com 540 g,"2,19 €","2,81 €/Kg"
Gel desinfetante casa de banho,Sonasol,Embalagem de 1.25 litros,"2,49 €","3,32 €/L"
Tambor,Panda,1 un.,"12,99 €/Unidade","12,99 €/Unidade"
Ambientador aerossol 5 em 1 jasmim,PorSi,300 ml,"0,99 €","3,30 €/L"
Kit de viagem,Colgate,pasta dentífrica + escova,"2,39 €","31,87 €/L"
Café torrado intensa,Nicola,Embalagem de 250 g,"9,16 €/Kg","9,16 €/Kg"
Esfregona super completa,Vileda,1 unidade,"0,89 €","0,89 €/Unidade"
Pilha alcalina heightech lr6x4,Domédia,1 unidade,"1,49 €","1,49 €/Unidade"
Tablete de chocolate negro,PorSi,Embalagem de 100 g,"0,99 €","4,95 €/Kg"
"Pães para hamburguer com sésamo, 4 unidades",Bimbo,embalagem de 220 g,"0,99 €","1,65 €/Kg"
"Lava tudo antibacteriano lavanda 1,5l",PorSi,Garrafa de 1.5 l,"0,99 €","0,50 €/L"
Estendal de roupa com abas alumínio,PorSi,20 metros,"0,89 €","0,89 €/Unidade"
"Pizza casa di mama, fiambre e cogumelos",Dr. Oetker,Embalagem de FIAM/COG.380G,"2,32 €","6,27 €/Kg"
Carapau Médio Fresco,Peixe do Dia,1 un = 150 gr (aprox.),"6,49 €/Kg","6,49 €/Kg"
Anel dentição com pega,Neo Baby,1 unidade,"5,99 €","5,99 €/Unidade"
Loção hidratante,Baby Dove,Embalagem de 200 ml,"0,55 €","5,50 €/L"
Azeite virgem extra seleção,PorSi,Garrafa de 2 l,"3,29 €","4,39 €/L"
"Café em grão, lote superior",Delta,Embalagem de 1 kg,"9,16 €/Kg","9,16 €/Kg"
"Engoma fácil, pistola",PorSi,Embalagem de 750 ml,"10,99 €","52,33 €/Kg"
Cappuccino café arábica cacau magro em pó,PorSi,250 ml,"3,19 €","25,52 €/Kg"
Adoçante em pó,Canderel,Embalagem de 90g,"5,99 €","23,96 €/Kg"
Cubos gengibre (para mastigar),Cemporcent,Embalagem de 100g,"1,94 €","3,88 €/Kg"
Fralda Cueca Banho Splashers T3,Dodot,1 Embalagem c/12 unidades,"8,49 €","8,49 €/Unidade"
Champanhe bruto,Delagne & Fils,"Garrafa de 0,75 l","40,29 €","53,72 €/L"
Água mineral sem gás,S.estrela,pack 4 x 1.5 l,"1,04 €","0,17 €/L"
Agrafador + 400 agrafos,Domédia,Uma embalagem,"2,69 €","2,69 €/Unidade"
Polpa de tomate,PorSi,Embalagem de 500 g,"3,84 €","24,00 €/Kg"
Acetona,PorSi,Embalagem de 60 ml,"1,89 €","9,45 €/L"
Pensos higiénicos liberty noite abas,Evax,Embalagem com 9 un.,"4,99 €","4,99 €/Unidade"
Fralda Cueca Banho Splashers T5,Dodot,1 Embalagem c/10 unidades,"8,49 €","8,49 €/Unidade"
Molho de whisky cocktail,Calve,Garrafa de 250 ml,"0,87 €","2,90 €/Kg"
Salsichão fuet caseiro,Elpozo,Embalagem de 150g,"1,35 €","16,88 €/Kg"
Café torrado lote chávena máquina,Delta,Embalagem de 250g,"9,16 €/Kg","9,16 €/Kg"
Sobremesa Paturette Creamy Chocolate,Páturages,Embalagem de 4X115G,"1,19 €","2,59 €/Kg"
Iogurte fruta batida banana/laranja/bolacha,Mimosa,Embalagem de 480g,"1,49 €","2,98 €/Kg"
Stevia chocolate negro com avelãs,Cemporcent,Embalagem de 125g,"2,29 €","22,90 €/Kg"
Nabo Roxo s/ Rama,Programa Origens,1 un = 200 gr  (aprox.),"1,20 €","2,99 €/Kg"
"Alimento para cão adulto bio complex, com frango",HappyOne,Embalagem de 4 kg,"12,95 €","3,24 €/Kg"
Elixir bocal dentes e gengivas,Listerine,Embalagem de 1 l,"5,99 €","11,98 €/L"
Boia para bebé,JCN,Dim: Ø 71 cm,"2,99 €","2,99 €/Unidade"
Iogurte liquido proteína yopro morango/framboesa,Yopro,300 g,"5,97 €/Kg","5,97 €/Kg"
Espadilha congelada,Peixe Congelado,Pescado no mar,"3,99 €","9,98 €/Kg"
Rebuçados mel e limão,PorSi,Embalagem de 200g,"0,77 €","3,85 €/Kg"
Arroz Carolino,Saludães,Embalagem de 1 kg,"1,26 €","1,26 €/Kg"
Recargas ambientador elétrico pure clean linen,Glade,Embalagem de 2 x 20 ml,"5,99 €","23,96 €/L"
Leite especial cálcio + vitamina d magro,Mimosa,Garrafa de 1 l,"1,29 €","1,29 €/L"
Fermento em pó,PorSi,Embalagem de 150 g,"1,89 €","17,18 €/Kg"
Doce de morango,Casa de Mateus,Embalagem de 345g,"2,19 €","9,95 €/Kg"
"Anti-calcário, máquina roupa, gel",Calgon,"Garrafa de 1,5 l","8,59 €","2,00 €/L"
Comida húmida para gato duplo prazer com peixe do oc...,Gourmet Gold,Embalagem de 90g,"3,49 €","10,26 €/Kg"
Inseticida elétrico,Raid,2 Aparelhos + 2 Recargas de 27 ml | 45 Noites + 45 Noites,"7,69 €","7,69 €/Unidade"
Comida húmida para gato seleção de carnes,Gourmet mp,Embalagem de 300g,"3,49 €","10,26 €/Kg"
Paella,It.saveurs,Embalagem de 300g,"2,35 €","5,60 €/Kg"
"Maionese, frasco",Hellmman's,Embalagem de 420g,"0,87 €","2,90 €/Kg"
Pastilhas ice spearmint,CHICLETS,Embalagem de 17 g,"0,89 €","59,33 €/Kg"
Creme de Limpeza Facial com Chá Kombucha,Diadermine,40 g,"0,76 €","0,76 €/Unidade"
Salada toscana Programa Origens,PorSi,embalagem de 250 g,"5,16 €/Kg","5,16 €/Kg"
Iogurte Líquido Frutos Tropicais,PorSi,1 Embalagem 4X160G,"1,31 €","2,05 €/Kg"
Água com gás natural,Perrier,Embalagem de 750ml,"2,85 €","2,85 €/L"
12 vitaminas e 12 minerais - frasco comprimido,Forma+,Embalagem de 60g,"7,59 €","126,50 €/Kg"
Desinfetante álcool gel,PorSi,100 ml,"0,99 €","9,90 €/L"
Conjunto piquenique,Codil,Conjunto com 13 peças,"9,99 €","9,99 €/Unidade"
Collant licra 15d preto xl,PorSi,Embalagem de 1 unidades,"1,89 €","1,89 €/Unidade"
Caramelos de fruta,Penha,Embalagem de 250 g,"1,19 €","4,76 €/Kg"
Polpa de tomate em garrafa,Compal,Embalagem de 500g,"3,84 €","24,00 €/Kg"
Esparguete Clássica,Nacional,Embalagem de 500 g,"0,99 €","1,98 €/Kg"
Infusão nº 13 diabet control,Cemporcent,Embalagem de 10 unidades,"0,99 €","76,15 €/Kg"
Bolachas infantil dinossauros,Artiach,Embalagem de 190g,"1,89 €","15,75 €/Kg"
Achocolatado em Pó,Nesquik,Embalagem de 700g,"5,39 €","7,19 €/Kg"
Spray fornos e grelhadores,Cif,435 ml,"1,79 €","2,39 €/L"
Rebuçados fruta,PorSi,Embalagem de 250g,"2,30 €","57,50 €/Kg"
Ambientador eléctrico Relaxing Zen + recarga,Glade,1 unidade,"3,74 €","3,74 €/Unidade"
Renovador Camurça em Spray Preto,Búfalo,Embalagem de 250 ml,"6,19 €","24,76 €/L"
Nata uht para culinária,Parmalat,Embalagem de 200 ml,"0,75 €","3,75 €/L"
Rolos de papel multiusos 2 folhas,PorSi,1 unidade,"4,99 €","4,99 €/Unidade"
Manteiga amendoim crocant,PorSi,Embalagem de 340g,"10,26 €/Kg","10,26 €/Kg"
Tomate  57/102,*,1 un = 200 gr (aprox.),"0,46 €","2,29 €/Kg"
Spray optimal 7 com lixivia,Ajax,Embalagem de 500 ml,"1,79 €","2,39 €/L"
Esponja Autobrilhante Incolor,Búfalo,Unidade,"2,25 €","45,00 €/L"
Formas de alumínio redondas 55 ml,PorSi,20 unidades,"1,10 €","1,10 €/Unidade"
Sobremesa petit gourmand de chocolate,Páturages,Embalagem 6X60G,"1,05 €","1,86 €/L"
Iogurte Pedaços Pêssego,PorSi,Embalagem de 2x135 g,"1,87 €","1,25 €/Kg"
Bolacha de chocolate,Snapy,Embalagem de 250g,"1,69 €","2,11 €/Kg"
Hambúrgueres de peru,PorSi,Embalagem de 4x80g,"2,79 €","8,72 €/Kg"
Desodorizante roll on dermo invisible,Sanex,Embalagem de 50 ml,"4,69 €","31,27 €/L"
Snack Cão Prodental,PorSi,Embalagem 180 g,"1,09 €","6,06 €/Kg"
Polpa de tomate com cebola e alho,Compal,Embalagem de 500g,"3,84 €","24,00 €/Kg"
Cueca Incontinência Boutique Plus G,Ausonia Discreet,Embalagem de 8 Un.,"9,99 €","9,99 €/Unidade"
"Crepes queijo/fiambre, 6 unidades",Claude Léger,Embalagem de 300 g,"1,89 €","6,30 €/Kg"
Champô cabelos pintados,Labell,Embalagem de 250 ml,"5,59 €","13,98 €/L"
Malga com prato barro pintado,Anitex,1 unidade,"2,50 €","2,50 €/Unidade"
Tarteletes com recheio morango,PorSi,Embalagem de 96g,"0,79 €","4,49 €/Kg"
"Limpa vidros pistola, cristal",Ajax,Embalagem de 500 ml,"3,19 €","6,38 €/L"
Moscatel de Setúbal,Bacalhoa,Garrafa de 750 ml,"5,99 €","7,99 €/L"
Capa de edredão rosa,Domédia,Dim.: 240 cm + Duas Fronhas,"24,99 €","24,99 €/Unidade"
Massa esparguete,Milaneza,Embalagem de 500g,"0,99 €","1,98 €/Kg"
"Frigideira anti-aderente, 20cm",PorSi,1 unidade,"9,99 €","9,99 €/Unidade"
Café em grão,Delta,Embalagem de 1 kg,"9,16 €/Kg","9,16 €/Kg"
12 nuggets frango polme americano,Capitão Iglo,Embalagem de 220g,"3,99 €","9,98 €/Kg"
Desodorizante spray energy,Labell Men,Embalagem de 200 ml,"1,39 €","6,95 €/L"
Depilatório homem gel,Veet,Garrafa de 200 ml,"2,99 €","14,95 €/L"
Intensificador de fragrância máquina lavar roupa pér...,Comfort,Embalagem de 275 g,"9,99 €","36,33 €/Kg"
Concentrado manga,Sunquick,Garrafa de 580 ml,"4,89 €","6,61 €/L"
Sacos de congelação pequenos,PorSi,"50 unidades, 1 embalagem","1,11 €","1,11 €/Unidade"
Frutapura Pouch Frutos Variados,Bledina,Embalagem de 85g,"2,29 €","6,94 €/L"
Tablete de chocolate culinário negro,PorSi,Embalagem de 200 g,"0,99 €","4,95 €/Kg"
Lombinhos,Porco,1 un=500 gr aprox.,"1,20 €","4,79 €/Kg"
Bebida energética,Red Bull,Garrafa de 360 ml,"5,39 €","5,39 €/L"
Vinho rosé mateus emotion,Mateus,Garrafa de 750 ml,"4,29 €","5,72 €/L"
Iogurte líquido morango/cereais,PorSi,Embalagem de 4 x 160 g,"1,31 €","2,05 €/Kg"
"Lenços de bolso sensitive, brancos, 10 unidades",Renova,1 embalagem de 18x10,"0,89 €","0,89 €/Unidade"
Conjunto Sensuelle,Coquette,EAU DE TOILETTE 100 ML + R-ON 10 ML,"10,99 €","10,99 €/Unidade"
Dettol sabonete líquido frutos do bosque x 12,Dettol,Garrafa de 250 ml,"1,19 €","2,38 €/L"
Sumo 100% Fruta Laranja Espremida,Compal,1 litro,"1,09 €","0,73 €/L"
Marmelada com noz,Quinta de Jugais,Embalagem de 500g,"1,09 €","2,42 €/Kg"
Feijao frade,PorSi,Embalagem de 500g,"0,95 €","1,90 €/Kg"
20 saquetas infusão de cidreira,Lipton,Embalagem de 20g,"0,99 €","76,15 €/Kg"
Lixivia perfumada,PorSi,Garrafa de 2 l,"2,59 €","1,30 €/L"
Polpa tomate biológico,Guloso,Embalagem de 500g,"3,84 €","24,00 €/Kg"
Caldo de galinha 24 cubos,Knorr,Embalagem de 240g,"3,84 €","24,00 €/Kg"
Sidra maçã,Bandida,Lata de 500 ml,"1,59 €","3,18 €/L"
"Toalhetes intimos protect, 15 unidades",Dystron,Uma embalagem,"2,89 €","2,89 €/Unidade"
Cereais lion chocolate/caramelo,Nestle,Embalagem de 400g,"1,29 €","10,24 €/Kg"
"Tampão mini, 24 unidades",Labell,1 embalagem,"1,39 €","1,39 €/Unidade"
Orégãos em folhas,PorSi,Saqueta com 10 g,"0,25 €","0,25 €/Kg"
Paté de atum,PorSi,Embalagem de 65 g,"1,19 €","13,52 €/Kg"
Atum ao natural,Ramirez,Embalagem de 120g,"0,89 €","7,42 €/Kg"
Adoçante com doseador,PorSi,Embalagem 300 comprimidos,"5,99 €","23,96 €/Kg"
Lixívia tradicional,PorSi,Embalagem de 2 l,"1,74 €","0,35 €/L"
Vinho bag-in-box branco,C.alqueva,Garrafa de 5 l,"9,49 €","1,90 €/L"
Detergentes máquina lavar loiça next generation,PorSi,30 pastilhas,"2,99 €","2,99 €/Unidade"
Néctar 8 frutos,Bongo,Pack 3 x 200 ml,"0,99 €","0,99 €/L"
"Pasta dentífrica, dentes/gensivas sensitive",Labell,Embalagem de 75 ml,"2,39 €","31,87 €/L"
Saqueta pintarolas,Pintarolas,Embalagem de 40g,"11,98 €/Kg","11,98 €/Kg"
Queijo de azeitão dop,PorSi Select,Embalagem de 255 g,"6,49 €","25,45 €/Kg"
Café moagem normal: original,Buondi,Embalagem de 220g,"3,49 €","13,96 €/Kg"
Leite C/ Chocolate,Mimosa,Embalagem de 4 x 200 ml,"0,26 €","1,30 €/L"
Leite uht sem lactose magro,PorSi Viva Bem,1 litro,"0,83 €","0,83 €/L"
Lixívia Spray Multiusos,Neoblanc,Embalagem de 650ml,"2,59 €","1,30 €/L"
"Discos desmaquilhantes, 120 unidades",PorSi,Embalagem de 120 unidades,"0,76 €","0,76 €/Unidade"
Detergente liquido loiça limão,PorSi,Garrafa de 1 litro,"1,05 €","2,10 €/L"
Acetona,PorSi,Embalagem de 250 ml,"1,89 €","9,45 €/L"
Vinho maduro branco meio seco,Adega grande,Garrafa de 750 ml,"1,59 €","2,12 €/L"
Molho iogurte,PorSi,Garrafa de 285 ml,"0,87 €","2,90 €/Kg"
Tira gorduras recarga,Mistolin,Garrafa de 550 ml,"4,89 €","6,52 €/L"
Sabonete sensitive,Palmolive,Embalagem de 4x90 g,"1,99 €","12,44 €/Kg"
Camisola segunda pele 40D musk t. único,PorSi,1 unidade,"4,69 €","4,69 €/Unidade"
Vinho tinto península de setúbal,Pioneiro,Garrafa de 0.75 l,"4,99 €","6,65 €/L"
Rhum com coco,Malibu,Garrafa de 700 ml,"20,99 €","29,99 €/L"
Cotonetes para bebé,PorSi,Embalagem com 60 unidades,"0,58 €","0,58 €/Unidade"
Cerveja com álcool abadia,Super Bock,pack 6 x 0.33 l,"1,99 €/L","1,99 €/L"
Lentilhas vemelhas,PorSi Viva Bem,Embalagem de 500 g,"1,19 €","2,38 €/Kg"
Vinho branco,PorSi,embalagem de 1 litro,"0,85 €","0,85 €/L"
Salsichas Frankfurt em lata,Izidoro,Embalagem de 120g,"0,75 €","3,75 €/Kg"
Loção para bebé pink,Johnson's Baby,500 ml,"0,55 €","5,50 €/L"
Ervilhas bio,PorSi Bio,Frasco com 290 g,"2,19 €","2,81 €/Kg"
Batata frita palha,PorSi,Embalagem de 160g,"0,87 €","5,44 €/Kg"
Barras de cereais nesquik,Nestle,Embalagem de 150g,"1,29 €","10,24 €/Kg"
Whisky blended,Label 5,"Garrafa de 0,70 l","11,49 €","16,41 €/L"
Água sem gás,Penacova,Garrafão de 5 litros,"1,04 €","0,17 €/L"
Bacon Extra fatiado,Porminho,Embalagem 80g,"1,45 €","18,13 €/Kg"
Pomada para calçado preto,Splendor,lata com 50 ml,"2,49 €","31,13 €/L"
Morcela de Sousel,PorSi,1 un = 450 gr (aprox.),"1,49 €","7,45 €/Kg"
Perna de Frango do campo,PorSi Select,embalagem de 700 g (aprox.),"6,28 €","6,98 €/Kg"
Tira Nódoas em Gel Cores,Skip,1.6 l,"10,99 €","52,33 €/Kg"
Iogurte tutti fruti,Danone,Embalagem de 12 x 100 g,"4,15 €/Kg","4,15 €/Kg"
Lixívia Spray Mousse Flor,Neoblanc,Embalagem de 700ml,"2,59 €","1,30 €/L"
"Bloco sanitário azul, recarga",WC Pato,Embalagem de 2x40 g,"39,60 €/Kg","39,60 €/Kg"
Vinho tinto regional península de setúbal,Dom Campos,Garrafa de 10 l,"5,19 €","1,04 €/L"
"Bolachas aperitivas, simples",Tuc,Embalagem de 100g,"2,82 €","9,40 €/Kg"
Tapa fugas,Redex,Embalagem de 250 ml,"14,99 €","14,99 €/L"
Gelatina pronta a comer morango,Royal,Embalagem de 4 x 100 g,"0,85 €","2,13 €/Kg"
Queijo em fatias original,Casteloes,Embalagem de 200g,"1,96 €","9,80 €/Kg"
"Líquido sanitário extra power, marinho",WC Pato,Embalagem de 750 ml,"2,49 €","3,32 €/L"
Iogurte liquido sem lactose morango e banana,PorSi Viva Bem,Embalagem de 4 x 160 g,"2,79 €","5,81 €/Kg"
Sobremesa Paturette Caramelo,Páturages,Embalagem de 4x115g,"1,19 €","2,59 €/Kg"
Champanhe brut,Pommery,Garrafa de 0.75 l,"40,29 €","53,72 €/L"
Óleo p/ Moto Performa M2T,Galp,Embalagem de 1 l,"14,99 €","14,99 €/L"
Caramelos de leite,Penha,Embalagem de 100g,"2,75 €","11,00 €/Kg"
Manteiga magra,Mimosa,Embalagem de 250g,"1,89 €","7,56 €/Kg"
Rum anejo especial,Havana,Garrafa de 700 ml,"20,99 €","29,99 €/L"
Moelas congeladas,*,Embalagem de 1 kg,"2,49 €","2,49 €/Kg"
Tostas dietéticas,Diatosta,Embalagem de 225 g,"1,34 €","5,96 €/Kg"
Tamaras,PorSi,Embalagem de 200g,"0,79 €","3,95 €/Kg"
Cerveja com álcool,Kings Bräu,"Embalagem de 0,33 l","1,99 €/L","1,99 €/L"
Feijão encarnado em frasco,PorSi,frasco de 540 g,"2,19 €","2,81 €/Kg"
Caldeirada de bacalhau,PorSi,Embalagem de 1 kg,"6,39 €","7,99 €/Kg"
Vassoura pequena,PorSi,unidade,"2,20 €","2,20 €/Unidade"
Spray optimal 7 cozinha,Ajax,500 ml,"1,79 €","2,39 €/L"
Leite condensado,PorSi,Lata de 1 kg,"1,09 €","2,75 €/Kg"
Massa de cotovelinhos,Nacional,Embalagem de 500g,"0,99 €","1,98 €/Kg"
Laca fixação forte,Elnett,Embalagem de 75 ml,"3,99 €","53,20 €/L"
Batata frita gourmet,PorSi,Embalagem de 150g,"1,01 €","5,46 €/Kg"
Batata Roxa,Legumes do Dia,embalada - 10kg,"0,69 €","0,07 €/Kg"
Néctar vital equilibrio laranja/cenoura/manga,Compal,Embalagem de 1 l,"0,99 €","0,99 €/L"
Sumo 100% fresh maçã,Compal,Garrafa de 330 ml,"1,09 €","0,73 €/L"
Mistura de frutos exóticos,PorSi,Embalagem de 450 g,"4,99 €","9,98 €/Kg"
Couve de bruxelas,PorSi,Embalagem de 750 g,"1,98 €","1,98 €/Kg"
Banana,Fruta do Dia,1 un = 200 gr (aprox.),"0,22 €","1,09 €/Kg"
Kinder delice cacau,Kinder,Embalagem de 400g,"2,05 €","5,13 €/Kg"
Elixir Anti-Tartaro,Listerine,500 ml,"5,99 €","11,98 €/L"
Mopa 1.2 spray max,Vileda,1 unidade,"0,89 €","0,89 €/Unidade"
Chá infusão sene,Cemporcent,Embalagem de 13g,"58,44 €/Kg","58,44 €/Kg"
Eau de Toilette p/Senhora Nº21,Caravan,1 Frasco 150ml,"11,99 €","79,93 €/L"
Lixívia densa +,Neoblanc,Embalagem de 1 l,"1,74 €","0,35 €/L"
Napolitanas creme cacau,PorSi,Embalagem de 320g,"1,77 €","5,53 €/Kg"
Café moagem universal brasil,Delta,Embalagem de 220g,"3,49 €","13,96 €/Kg"
Bolachas multicereais,PorSi,Embalagem de 400 g,"0,79 €","5,27 €/Kg"
Achocolatado em Pó,Nesquik,Embalagem de 390g,"5,39 €","7,19 €/Kg"
Mini tostas de trigo,Diatosta,Embalagem de 350 g,"2,39 €","6,83 €/Kg"
Fogão p/Campismo Bistro,Campingaz,1 unidade,"9,99 €","9,99 €/Unidade"
Super tea boost com vitamina b6,Tetley,Embalagem de 40g,"1,19 €","59,50 €/Kg"
Sacos higiénicos para animal,Canaillou,4 x 20 unidades,"1,19 €","0,24 €/Kg"
Pasta dentífrica herbal branqueadora,Colgate,Embalagem de 75 ml,"2,39 €","31,87 €/L"
Comida húmida para cão almôndegas,PorSi,Embalagem de 1200 g,"0,75 €","2,50 €/Kg"
Lambrusco bianco,*,Garrafa de 750 ml,"2,09 €","2,79 €/L"
Alimento seco p/ cão actividade intensa,PorSi,Embalagem de 4kg,"12,95 €","3,24 €/Kg"
Grão de bico,PorSi,embalagem de 500 g,"0,99 €","1,98 €/Kg"
Leite Meio Gordo sem Lactose,Mimosa,Pack 4 x 200 ml,"0,83 €","0,83 €/L"
Mini tostas trigo super finas,PorSi,Embalagem de 100 g,"2,39 €","6,83 €/Kg"
Lixívia Gel Brisa Marítima,Neoblanc,Embalagem de 700ml,"1,74 €","0,35 €/L"
Baby Clemmy Balde de Atividades,Clementoni,1 un.,"14,99 €/Unidade","14,99 €/Unidade"
"Papel higiénico, Super Duplo 2 folha, 9=18rolos",Renova,Uma embalagem,"1,99 €","1,99 €/Unidade"
Lixívia densa verde,Neoblanc,Embalagem de 1 l,"1,74 €","0,35 €/L"
Bebida Energética Red Grape,Hell,250 ml,"5,39 €","5,39 €/L"
Batata frita palha,PorSi,Embalagem de 500g,"0,87 €","5,44 €/Kg"
Balões latex amarelos,PorSi,Embalagem com 24 unidades,"1,54 €","1,54 €/Unidade"
Infusão de camomila,Tetley,Embalagem de 10g,"1,14 €","114,00 €/Kg"
Inseticida líquido elétrico recarga,Raid,Pack 3 x 27 ml,"7,69 €","7,69 €/Unidade"
Tampão Normal,O.B.,1 Embalagem c/32 unidades,"1,39 €","1,39 €/Unidade"
Tostas integrais,Diatosta,Embalagem de 225 g,"2,39 €","6,83 €/Kg"
"Tábua de madeira 20 x 35 x 1,8 cm",Jomafe,1 unidade,"4,99 €","4,99 €/Unidade"
Twins,Gullon,pack 2 x 154 g,"0,79 €","4,49 €/Kg"
Salsichas em lata,PorSi,Embalagem  de 120 g,"0,75 €","3,75 €/Kg"
Manteiga de amendoim crocante,Prozis,Embalagem de 500g,"10,26 €/Kg","10,26 €/Kg"
Sangria frutos vermelhos,Casal Garcia,Garrafa de 0.75 l,"2,39 €","1,59 €/L"
Bolachas maria,Triunfo,Embalagem de 200g,"1,69 €","2,11 €/Kg"
Sombrinhas decorativas,PorSi,Embalagem com 25 unidades,"1,54 €","1,54 €/Unidade"
Água sem gás,PorSi,Garrafão de 6 l,"1,04 €","0,17 €/L"
Sumo concentrado de laranja,GUD,Garrafa de 740 ml,"4,89 €","6,61 €/L"
Água s/ gás,Luso,"Garrafa de 0,75 l","1,04 €","0,17 €/L"
Cerveja com álcool,Sagres,Garrafa de 1 l,"1,99 €/L","1,99 €/L"
Detergente líquido manual loiça lavanda e alecrim,Fairy,Embalagem de 650 ml,"1,05 €","2,10 €/L"
Panos Esponja,Fino,3 unidades,"1,79 €","1,79 €/Unidade"
"Líquido refrigerante, verde 10%",PorSi,Embalagem de 5 l,"3,99 €","0,80 €/L"
Mistura para aves,Rac.zezere,Embalagem de 5 kg,"4,09 €","0,82 €/Kg"
Conjunto Colheres de Sobremesa Prestige,PorSi,3 peças,"4,99 €","4,99 €/Unidade"
Café espresso descafeinado intensidade 6,PorSi,16 cápsulas,"1,59 €","6,36 €/Kg"
Compal da horta concentrado tomate,Compal,Embalagem de 140g,"3,84 €","24,00 €/Kg"
Gel de Banho Shea Butter & Vanilla,Dove,Embalagem de 750 ml,"6,49 €","8,65 €/L"
Fruta para bebé maçã banana morango +8 meses,Nestle,Embalagem de 90g,"0,74 €","8,22 €/Kg"
Aguardente,1920,Garrafa de 700 ml,"11,49 €","16,41 €/L"
Amaciador roupa citrus,Bot.origin,45 doses,"8,99 €","2,25 €/L"
Gin dry beefeater,Beefeater,Garrafa de 700 ml,"16,49 €","23,56 €/L"
Rolo tira pelos 12 folhas,PorSi,1 unidade,"1,09 €","1,09 €/Unidade"
Vinho maduro tinto,Alto de Pias,Garrafa de 5 l,"5,19 €","1,04 €/L"
Batata frita churrasco,PorSi,Embalagem de 185 g,"1,18 €","6,38 €/Kg"
Leite com chocolate original,Ucal,Embalagem de 6 x 250 ml,"0,26 €","1,30 €/L"
Máquina Depilatória Descartável 3 Sensitive,Bic,Embalagem com 4+2 unidades,"3,29 €","3,29 €/Unidade"
Aveia instantânea em pó,Prozis,"Embalagem de 1,25 kg","0,69 €","0,69 €/Kg"
Sopa Canja de Galinha c/ Aletria,PorSi,Embalagem de 75 g,"0,62 €","10,00 €/Kg"
Crepe chocolate,PorSi,Embalagem de 540g,"2,57 €","7,79 €/Kg"
Néctar clássico tutti frutti,Compal,Garrafa de 200 ml,"0,99 €","0,99 €/L"
Sidra maçã,Somersby,pack 4 x 0.33 l,"1,59 €","3,18 €/L"
Balde com pedal branco,PorSi,Capacidade: 7 litros,"2,50 €","2,50 €/Unidade"
Gel Banho Care&Orange,Nivea,Embalagem de 500 ml,"6,49 €","8,65 €/L"
Lápis evolution nº 2 HB,Bic,1 embalagem,"2,69 €","2,69 €/Unidade"
Gelados mini colosse mini mix,PorSi,Embalagem com 8 unidades,"5,99 €","16,64 €/L"
Senses Tropical,Trident,1 un.,"0,89 €","59,33 €/Kg"
Creme abrasivo ativo c/ lixívia,Cif,Garrafa de 700 ml,"0,99 €","1,32 €/L"
Conjunto Start,Maped,3 peças,"1,59 €","1,59 €/Unidade"
Bolachas de chocolate leite,Milka,Embalagem de 150g,"0,69 €","4,60 €/Kg"
Vinho verde branco,Torre de menagem,"Garrafa de 0,75 l","3,09 €","3,09 €/L"
Trolley 28 l,PR World,1 un.,"34,99 €","34,99 €/Unidade"
Salsichas Frankfurt em lata,Izidoro,Embalagem de 250g,"0,75 €","3,75 €/Kg"
Tarteletes com recheio avelã,PorSi,Embalagem de 91g,"2,15 €","2,87 €/Kg"
Vinho branco península de setúbal,Pioneiro,Garrafa de 0.75 l,"4,99 €","6,65 €/L"
Flan sabor a baunilha com caramelo,PorSi,Embalagem de 6 x 100 g,"1,19 €","2,59 €/Kg"
Sumo essencial kids,Compal,pack 3 x 0.11 l,"2,09 €","6,33 €/L"
Lenços Bolso Colletion,Kleenex,Pack 15 unidades,"0,89 €","0,89 €/Unidade"
Óleo Performa C3 5W30 Sintético,Galp,Embalagem de 5 l,"14,99 €","14,99 €/L"
"Máquina descartável, sensor 3 sensitive",Gillette,8 uni - 1 embalagem,"1,16 €","4,64 €/L"
Ricore,Nestle,Embalagem de 260g,"0,79 €","3,16 €/Kg"
Salsichas extra suculentas de peru,Nobre,Frasco de 210g,"0,75 €","3,75 €/Kg"
Lima-limao zero,PorSi,Garrafa de 1.5 l,"0,79 €","0,40 €/L"
Gel Lubrificante natural play,Durex,Embalagem de 50 ml,"4,49 €","4,49 €/Unidade"
Coleira repelente para gatos,Repul' 7,Embalagem de 1 unidades,"8,75 €","8,75 €/Unidade"
Espetadas de Peru,Peru,1 un = 150 gr (aprox.),"6,28 €","6,98 €/Kg"
Bolacha chocodiet nature,Gullon,Embalagem de 270g,"0,69 €","4,60 €/Kg"
Mini tosta trigo,Diatosta,Embalagem de 90 g,"2,39 €","6,83 €/Kg"
"Bebida açucarada  tinto de verão, clássico",Sandevid,"Garrafa de 1,5 l","2,39 €","1,59 €/L"
Recarga inseticida eléctrico líquido anti melgas e m...,Raid,60 noites,"7,69 €","7,69 €/Unidade"
Tampões ProComfort Normal,O.B.,1 Embalagem c/32 unidades,"1,39 €","1,39 €/Unidade"
Baton fruit shine morango,Labello,1 Unidade,"0,58 €","0,58 €/Unidade"
Bolachas digestivas go maçã,Triunfo,Embalagem de 170g,"0,84 €","2,80 €/Kg"
18 hamburguers de frango s/ glúten,Capitão Iglo,Embalagem de 1 kg,"11,44 €/Kg","11,44 €/Kg"
Esparguete integral com aveia,Milaneza,Embalagem de 500g,"0,99 €","1,98 €/Kg"
"Refresco em pó, tropical",Tang,Embalagem de 30g,"0,75 €","18,75 €/Kg"
Vinho do porto white,Cruz,Garrafa de 750 ml,"11,99 €","15,99 €/L"
Néctar tutti-fruti,Compal,Pack 3 x 200 ml,"0,99 €","0,99 €/L"
Bolachas maria,PorSi,Embalagem de 800g,"1,69 €","2,11 €/Kg"
Leite uht magro,Mimosa,Embalagem de 1 litro,"0,83 €","0,83 €/L"
Gelatina pronta a comer light 10 kcal ananás,Royal,Embalagem de 4 x 100 g,"0,85 €","2,13 €/Kg"
Medalhões de pescada,PorSi,Embalagem de 400 g,"3,99 €","9,98 €/Kg"
Vinho maduro tinto,C.da eira,Garrafa de 250 ml,"0,85 €","0,85 €/L"
Ervilhas,Iglo,"Embalagem de 1,125 kg","1,98 €","1,98 €/Kg"
Repelente de água,PorSi,Embalagem de 250 ml,"3,99 €","0,80 €/L"
Moelas,Frango,1 un = 200 gr (aprox.),"0,50 €","4,99 €/Kg"
"Espuma cabelo, hidra caracóis",Fru style,Embalagem de 200 ml,"3,99 €","53,20 €/L"
Iogurte líquido morango/banana,PorSi,Embalagem de 4 x 160 g,"1,31 €","2,05 €/Kg"
Pão Forno Pedra Centeio,Garcia & Filhos,1 un = 400 g (aprox.),"0,19 €","2,38 €/Kg"
Napolitas creme baunilha,PorSi,Embalagem de 320g,"2,05 €","5,13 €/Kg"
Caldo de galinha 16 cubos,Knorr,Embalagem de 160g,"3,84 €","24,00 €/Kg"
Tablete de chocolate oreo,Milka,Embalagem de 300g,"0,53 €","5,30 €/Kg"
Piscina 3D,Bestway,Dim.: 262 x 175 cm,"2,99 €","2,99 €/Unidade"
Gelado carte d'or tarte limão merengue,Olá,Embalagem de 900 ml,"2,62 €","2,62 €/L"
"Gel depilatório, peles sensiveis",Labell,Embalagem de 200 ml,"2,99 €","14,95 €/L"
Polpa de maracuja,PorSi,Embalagem de 565g,"1,99 €","2,37 €/Kg"
Costeletas do Cachaço,Porco,Vendido ao peso a partir de 1 kg,"1,20 €","4,79 €/Kg"
Gel Banho Apollo,Axe,Embalagem de 400 ml,"5,99 €","14,98 €/L"
Pensos Higiênicos com Abas Super,Ausonia,embalagem com 12 un.,"4,99 €","4,99 €/Unidade"
Concha de nylon cabo áqua,PorSi,1 unidade,"4,99 €","4,99 €/Unidade"
Cerveja sem álcool,Super Bock,Pack 6 x 20 cl,"5,99 €","3,03 €/L"
Refrigerante c/ gás light,Coca-Cola,pack 6 x 0.33 l,"0,79 €","0,40 €/L"
Refrigerante sem gás de manga/laran,Joi,"Garrafa de 1,5 l","1,14 €","0,76 €/L"
Nectar vital equilibrio ananás/coco,Compal,Embalagem de 1 l,"0,99 €","0,99 €/L"
"Creme de dia, age perfect",L'oreal,Embalagem de 50 ml,"2,99 €","59,80 €/L"
Pano multiusos felpo,PorSi,1 unidade,"1,79 €","1,79 €/Unidade"
Nestum aveia e maçã,Nestum,Embalagem de 250g,"2,49 €","9,96 €/Kg"
Azeite Virgem,Oliveira da Serra,Embalagem de 750 ml,"3,29 €","4,39 €/L"
Pensos diários maxi cotton aloé,Carefree,Embalagem com 30 unidades,"1,79 €","1,79 €/Unidade"
"Tábua de madeira 13 x 35 x 1,8 cm",Jomafe,1 unidade,"4,99 €","4,99 €/Unidade"
Iogurte activia líquido kiwi,Danone,Embalagem de 4 x 155 g,"2,79 €","5,81 €/Kg"
"Detergente manual de loiça,limão",Fairy,Embalagem de 2x1.19L,"1,05 €","2,10 €/L"
Compota frutos vermelhos 60% fruta,Cemporcent,Embalagem de 280g,"3,99 €","7,98 €/Kg"
Creme Depilatório Men Peles Sensíveis,Veet,400 ml,"2,99 €","14,95 €/L"
Collant mousse muskade 20D,PorSi,Tamanho: m,"1,89 €","1,89 €/Unidade"
Moscatel do douro aperitivo,Favaito,pack: 10 x 55 ml,"5,99 €","7,99 €/L"
Paprika,PorSi,Saqueta com 50 g,"0,25 €","0,25 €/Kg"
Pasta dentífrica branco intenso,Aquafresh,Embalagem de 75 ml,"2,39 €","31,87 €/L"
Kit escovas de dentes,Tigex,1 conjunto,"2,29 €","2,29 €/Unidade"
Chá verde,PorSi,Embalagem de 37.5 g,"1,14 €","114,00 €/Kg"
Nestum flocos de cereais integrais,Nestum,Embalagem de 250g,"2,49 €","9,96 €/Kg"
"Shampoo, laranja",PorSi,Embalagem de 1 l,"3,99 €","0,80 €/L"
Pilha alcalina classic lr03x4,Domédia,1 unidade,"1,49 €","1,49 €/Unidade"
Bolachas crackers c/ sal,Du bois,Embalagem de 500g,"0,39 €","3,12 €/Kg"
Nata uht,Mimosa,embalagem de 200 ml,"0,75 €","3,75 €/L"
Sidra maçãs ácidas,Bandida do Pomar,lata de 0.5 l,"1,59 €","3,18 €/L"
Licor de anis,Xarao,Garrafa de 700 ml,"16,99 €","24,27 €/L"
Bolachas de aveia e trigo integral,PorSi Viva Bem,Embalagem de 240g,"2,82 €","9,40 €/Kg"
Cesto multiusos com gancho,PorSi,1 unidade,"2,50 €","2,50 €/Unidade"
Iogurtes magros aroma morango,PorSi Viva Bem,Embalagem de 6 x 125 g,"1,09 €","1,45 €/Kg"
Mix de sementes tradicional,Cemporcent,Embalagem de 250g,"1,94 €","3,88 €/Kg"
Escova de Dentes Flex Interdental,Aquafresh,2 + 1 unidades,"3,49 €","3,49 €/Unidade"
Pensos diários respirare,Carefree,embalagem com 20 unidades,"1,79 €","1,79 €/Unidade"
Ervilhas,PorSi,Embalagem de 1 kg,"1,98 €","1,98 €/Kg"
10 nuggets peito de frango e queijo,Capitão Iglo,Embalagem de 210g,"2,79 €","8,72 €/Kg"
Piscina infantil,Bestway,Dim.: 152 x 38 cm,"2,99 €","2,99 €/Unidade"
Fermento de padeiro em pó,Fermipan,Embalagem de 4x11 g,"1,89 €","17,18 €/Kg"
Bebida energética,Red Bull,Pack 4 x 0.25 l,"5,39 €","5,39 €/L"
Bolacha maria de chocolate,Cuetara,Embalagem de 265g,"1,69 €","2,11 €/Kg"
Bacalhau em lombos,PorSi,Embalagem de 800g,"6,39 €","7,99 €/Kg"
Spray Solar Cenoura FP6,Nivea Sun,1 Embalagem 200ml,"13,99 €","69,95 €/L"
Ambientador elétrico + recarga alfazema,PorSi,1 unidade,"3,74 €","3,74 €/Unidade"
Salada de Marisco,*,Embalagem de 700 g,"1,79 €","7,16 €/Kg"
Pão forma familiar normal,Bimbo,embalagem de 700 g,"0,99 €","1,65 €/Kg"
Pensos térmicos alívio da dor muscular 13x10cm,PorSi,Embalagem de 2 unidades,"1,69 €","1,69 €/Unidade"
Leite uht magro,PorSi,Embalagem de 1 litro,"0,83 €","0,83 €/L"
Leite s/ lactose meio gordo,Mimosa,Garrafa de 1 l,"1,29 €","1,29 €/L"
Cappucino go chill com aveia biológica,Delta,Embalagem de 230 ml,"3,19 €","25,52 €/Kg"
Salsa folhas,PorSi,Saqueta de 12 g,"0,25 €","0,25 €/Kg"
Focinho,Porco,1 un = 300 gr (aprox.),"0,50 €","4,99 €/Kg"
Cappuccino intenso,Nescafe,Embalagem de 130g,"3,19 €","25,52 €/Kg"
Batata pré-frita mediterranean,MCCAIN,Embalagem de 750g,"1,39 €","1,39 €/Kg"
Preparado de bolo de mármore,PorSi,528 g,"1,69 €","8,45 €/L"
Refrigerante com gás free,Seven-up,"Garrafa de 1,25 l","0,79 €","0,40 €/L"
Amaciador G. Maravilhosa,Ultra Suave,Embalagem de 400 ml,"1,00 €","5,00 €/L"
Snack para gato anti-hairball,Whiskas,Embalagem de 60g,"0,99 €","16,50 €/Kg"
Gelatina morango 10kcal,Royal,Embalagem de 30g,"0,55 €","61,11 €/Kg"
Sidra maçã,Somersby,"Pack 15x0,20 L","1,59 €","3,18 €/L"
Queijo flamengo em fatias,Terra Nostra,Embalagem de 200g,"1,96 €","9,80 €/Kg"
Penso Higiénico Ultrafinos Normal Abas,PorSi,16 unidades,"4,99 €","4,99 €/Unidade"
Sal de mesa,PorSi,Embalagem de 250 g,"0,25 €","0,25 €/Kg"
Mini tostas integrais,PorSi,Embalagem de 180g,"2,39 €","6,83 €/Kg"
4 copos cerveja 32cl,Pasabahce,+ Taça Cap.: 22 cl,"4,99 €","4,99 €/Unidade"
16 mini croquetes de carne,PorSi,Embalagem de 290 g,"1,79 €","7,16 €/Kg"
Conjunto Facas de Mesa Essencial,PorSi,3 peças,"4,99 €","4,99 €/Unidade"
Snack dentastix médio,Pedigree,Embalagem de 720 g,"1,09 €","6,06 €/Kg"
Arroz brajma,Cigala,Embalagem de 1 kg,"1,26 €","1,26 €/Kg"
Napolitanas creme cacau,PorSi,Embalagem de 320g,"2,05 €","5,13 €/Kg"
Cereais argolas de mel,PorSi,Embalagem de 375 g,"5,07 €/Kg","5,07 €/Kg"
Iogurte tipo grego stracciatella,PorSi,Embalagem de 500g,"1,49 €","2,98 €/Kg"
Moinho pimenta preta em grão,PorSi,Frasco com 45 g,"0,25 €","0,25 €/Kg"
5 manhãzitos,Bollycao,Embalagem com 175 g,"2,05 €","5,13 €/Kg"
Gelado fizz limão,Olá,Embalagem de 6 x 60 ml,"5,99 €","16,64 €/L"
Lixívia tradicional,PorSi,Embalagem de 1 l,"1,74 €","0,35 €/L"
Alimento seco p/ gato pro adulto,PorSi Select,Embalagem de 2Kg,"2,19 €","5,48 €/Kg"
Feijão branco,Compal,Lata de 410 ml,"2,19 €","2,81 €/Kg"
20 saquetas infusão de lúcia lima,Lipton,Embalagem de 30g,"1,14 €","114,00 €/Kg"
Presunto fatiado 6 meses,PorSi,Embalagem de 140 g,"2,59 €","12,95 €/Kg"
Recarga Ambientador Elétrico 3 Volumes Anti-Tabaco,Ambipur,,"5,99 €","23,96 €/L"
Cereais chocapic,Nestle,Embalagem de 630g,"5,07 €/Kg","5,07 €/Kg"
Sumo 100% maçã,PorSi,"Embalagem de 1,5 l","1,09 €","0,73 €/L"
Iogurte aroma 0% tutti fruti/coco,Longa vida,Embalagem de 6 x 120 g,"1,09 €","1,45 €/Kg"
Papillottes praliné,PorSi,Embalagem de 400 g,"5,25 €","26,25 €/Kg"
Recarga mopa,PorSi,1 unidade,"2,20 €","2,20 €/Unidade"
"Agrafos nº24/6, 2000 unidades",Maped,Uma embalagem,"2,49 €","2,49 €/Unidade"
Peito de frango,PorSi,"Vendido ao peso, fatiado a partir de 150 g","1,44 €","9,59 €/Kg"
Doce de morango 60% fruta,Cemporcent,Embalagem de 280g,"3,99 €","7,98 €/Kg"
Água com gás,Vimeiro,pack 6 x 0.25 l,"2,85 €","2,85 €/L"
Refrigerante de cola zero,PorSi,Garrafa de 2 l,"0,79 €","0,40 €/L"
Gelatina morango 8 kcal,PorSi,Embalagem de 4 x 100 g,"0,85 €","2,13 €/Kg"
Néctar de 8 frutos,Bongo,Garrafa de 1 l,"0,99 €","0,99 €/L"
"Creme protector contra assaduras, para bebé",Johnson's Baby,Embalagem de 100 ml,"0,55 €","5,50 €/L"
Bolachas vitalday recheio iogurte c/ frutos vermelho...,Gullon,Embalagem de 220g,"2,69 €","13,45 €/Kg"
Almofada antialérgica,PorSi,45 x 60 cm,"24,99 €","24,99 €/Unidade"
Bolacha cream cracker,Vieira,Embalagem de 200g,"0,39 €","3,12 €/Kg"
Proti soja naco,Salutem,Embalagem de 400g,"2,09 €","8,36 €/Kg"
Vinho branco regional península de setúbal,Lancers,Garrafa de 750 ml,"4,99 €","6,65 €/L"
Toalhitas limpa moveis,PorSi,Embalagem de 24 unidades,"4,39 €","14,63 €/L"
Cereais Corn Flakes Zero,Nacional,Embalagem de 375 g,"1,49 €","2,98 €/Kg"
Resguardo para mesa,PorSi,Dim.: 140 x 200 cm,"24,99 €","24,99 €/Unidade"
"Fermento em pó, lata",Royal,Embalagem de 110g,"1,89 €","17,18 €/Kg"
Vermute rosso,Martini,Garrafa de 1 l,"11,99 €","11,99 €/L"
Livro Quero Conhecer o Meu Mundo,Europrice,1 unidade,"7,50 €","7,50 €/Unidade"
Pão de forma integral,Bimbo,Embalagem de 480 g,"0,99 €","1,65 €/Kg"
Sidra de maçã,Somersby,pack 6 x 0.2 l,"1,59 €","3,18 €/L"
"Limpa vidros pistola, tripla acção",Ajax,Embalagem de 500 ml,"3,19 €","6,38 €/L"
Bolachas cereais e pepitas de chocolate,PorSi,Embalagem de 400 g,"0,79 €","5,27 €/Kg"
Gel de Banho Corpo e Cabelo Hidratante,Baby Dove,Embalagem de 400 ml,"1,99 €","1,99 €/Unidade"
Iogurte Pedaços Amoras/Mirtilo,PorSi,Embalagem 2X135 g,"4,38 €","2,19 €/Kg"
Açúcar amarelo,PorSi,Embalagem de 1 kg,"1,49 €","1,49 €/Kg"
Caffe latte go chill,Delta,230 ml,"3,19 €","25,52 €/Kg"
Nestum bolacha maria,Nestum,Embalagem de 250g,"2,49 €","9,96 €/Kg"
Néctar vital equilíbrio frutos vermelhos,Compal,Garrafa de 200 ml,"0,99 €","0,99 €/L"
Sopa económica de marisco,Knorr,Embalagem de 60g,"0,62 €","10,00 €/Kg"
1ª papa láctea multifrutos sem glúten +4 meses,Cerelac,Embalagem de 250g,"4,99 €","4,99 €/Kg"
Iogurte líquido tutti-frutti,Danone,Embalagem de 4 x 155 g,"1,31 €","2,05 €/Kg"
Vela em número nº5,PorSi,1 unidade,"0,60 €","0,60 €/Unidade"
Tentáculos pota,PorSi,Embalagem de 800G,"5,49 €","6,86 €/Kg"
"Pensos diários respirare, 44 unidades",Carefree,Uma embalagem,"1,79 €","1,79 €/Unidade"
Chupa original,Chupachups,Embalagem de 120g,"3,40 €","28,33 €/Kg"
Óleo Cedro Líquido,PorSi,Embalagem de 200 ml,"4,39 €","14,63 €/L"
Néctar de pera,PorSi,Pack 3 x 200 ml,"0,99 €","0,99 €/L"
Farinha sem fermento t65,PorSi,Embalagem de 5 kg,"1,99 €","1,99 €/Kg"
Milho doce,Bonduelle,Embalagem de 150 g,"2,19 €","2,81 €/Kg"
Nestum flocos de cereais com mel,Nestum,Embalagem de 300g,"2,49 €","9,96 €/Kg"
"Alimento húmido para cão, galinha e cordeiro",Pedigree,Embalagem de 400g,"0,75 €","2,50 €/Kg"
Lambrusco rose,*,Garrafa de 750 ml,"2,09 €","2,79 €/L"
Queijinhos mini,Babybel,Embalagem de 240g,"4,39 €","18,29 €/Kg"
Churritos,PorSi,Embalagem de 240g,"2,05 €","5,13 €/Kg"
Bloco sanitário de flores/lavanda,Harpic,Embalagem de 38 g,"39,60 €/Kg","39,60 €/Kg"
Bebida de Soja Chocolate,PorSi Viva Bem,Pack: 3 x 200 ml,"2,49 €","2,49 €/L"
Limpa carpetes,PorSi,Embalagem de 1 litro,"2,49 €","2,49 €/L"
"Briquetes madeira, 12 unidades",Nova lenha,1 embalagem,"0,75 €","0,75 €/Unidade"
Pizza fresca de fiambre e queijo,PorSi,400 g,"0,99 €","4,30 €/Kg"
Autocarro Formas e Cores,Baby Clementoni,1 unidade,"14,99 €/Unidade","14,99 €/Unidade"
Água mineral natural alcalina,MONCHIQUE,"6x1,5l","1,04 €","0,17 €/L"
Sopa de legumes,PorSi,Embalagem de 400 g,"1,25 €","3,13 €/Kg"
Parque aquático,Bestway,Dim.: 239 x 206 cm,"2,99 €","2,99 €/Unidade"
Bebida energética green,Monster,Garrafa de 500 ml,"5,39 €","5,39 €/L"
Bolacha shortcake chocolate,Nacional,Embalagem de 180g,"7,53 €/Kg","7,53 €/Kg"
Bandas de cera fria peles normais,Veet,Embalagem de 20 unidades,"6,99 €","6,99 €/Unidade"
Tofu biológico,PorSi Bio,Embalagem de 300g,"3,65 €","7,30 €/Kg"
Feijão manteiga,PorSi,Embalagem de 500g,"0,95 €","1,90 €/Kg"
"Gel para o cabelo, pasta remix",Studio Line,Embalagem de 150 ml,"3,99 €","53,20 €/L"
Salada bacon,PorSi,Embalagem de 192 g,"2,35 €","5,60 €/Kg"
"Creme de rosto revital laser, serum",L'oreal,Embalagem de 30 ml,"2,99 €","59,80 €/L"
Vinagre de limpeza,Dona Pureza,Embalagem de 1 l,"4,09 €","5,45 €/L"
Crispy burgers de proteína vegetal,Iglo green,Embalagem de 200g,"1,89 €","6,30 €/Kg"
Vinho Vinha da Fonte Setúbal tinto,Casa Ermelinda Freitas,Garrafa de 0.75 l,"4,99 €","6,65 €/L"
Creme vegetal sabor manteiga,PorSi,Embalagem de 500 g,"1,59 €","6,36 €/Kg"
"Rolos de cozinha compactos, branco, máxima absorção,...",Renova,1 unidade,"4,99 €","4,99 €/Unidade"
Farinha rainha c/ fermento,Nacional,Embalagem de 1000 g,"1,99 €","1,99 €/Kg"
Ananás em rodelas,PorSi,Embalagem de 565 g,"1,99 €","2,37 €/Kg"
Infusão de frutos vermelhos,Tetley,Embalagem de 20g,"1,19 €","59,50 €/Kg"
Fraldas agility T5 de 13 a 18 kg,PorSi,44 unidades,"6,49 €","6,49 €/Unidade"
Mini Tostas de Trigo,PorSi,Embalagem de 350 g,"2,39 €","6,83 €/Kg"
Chá Aromatizado Pirâmide Baunilha/Caramelo,PorSi,20 x 2 g,"58,44 €/Kg","58,44 €/Kg"
Espremedor super,Fapil,1 unidade,"2,50 €","2,50 €/Unidade"
Lixivia perfumada,PorSi,Garrafa de 2 l,"1,74 €","0,35 €/L"
Pepitas chocolate com leite,Vahine,Embalagem de 100g,"1,29 €","3,23 €/Kg"
Spray recarga limpeza da cozinha,Cif,embalagem de 70 ml,"4,09 €","5,45 €/L"
Coxinhas de frango,PorSi,Embalagem de 360g,"3,99 €","9,98 €/Kg"
Massa pevide,Nacional,Embalagem de 250g,"0,99 €","1,98 €/Kg"
Batata frita ondulada wavy,PorSi,Embalagem de 180g,"1,01 €","5,46 €/Kg"
Néctar pêssego,Compal,Pack 3 x 200 ml,"0,99 €","0,99 €/L"
Limpa máquinas de loiça limão,PorSi,Embalagem de 250 ml,"2,99 €","2,99 €/Unidade"
Vinho tinto regional tejo reserva,Alorna,Garrafa de 0.75 l,"4,99 €","6,65 €/L"
Fósforos compridos para lareira,Quinas,1 unidade,"1,50 €","1,50 €/Unidade"
Laranja Económica,Fruta do Dia,1 un = 250 gr  (aprox.),"0,50 €","1,99 €/Kg"
Fermento,Royal,Embalagem de 230g,"1,89 €","17,18 €/Kg"
Insuflável lounge candy,Bestway,1 unidade,"2,99 €","2,99 €/Unidade"
Geleia de morango,Casa de Mateus,Embalagem de 345 g,"3,29 €","9,54 €/Kg"
Cuecas Incontinência Homem Active Fit M,Tena,9 unidades,"9,99 €","9,99 €/Unidade"
Resguardo para mesa,PorSi,Dim.: 140 x 200 cm,"3,45 €","3,45 €/Unidade"
Ambientador elétrico botanica Vetiver das Caraíbas &...,Air Wick,1 unidade,"3,74 €","3,74 €/Unidade"
Collant opac microfibra preto 60D,PorSi,Tamanho: l,"1,89 €","1,89 €/Unidade"
Carrinho de passeio bengala cinza,Mader,1 unidade,"24,99 €","24,99 €/Unidade"
Especialidade de soja natural,PorSi Viva Bem,Embalagem de 4 x 100 g,"0,99 €","2,48 €/Kg"
Papel de alumínio,PorSi,50 metros,"1,11 €","1,11 €/Unidade"
Alcahfora plus,Forma+,Garrafa de 500 ml,"11,09 €","22,18 €/L"
Recarga Panos p/ Madeira,Swiffer,18 un.,"1,79 €","1,79 €/Unidade"
Ração seca de peixe para gato adulto,PorSi,Embalagem de 4 kg,"2,19 €","5,48 €/Kg"
Sabonete patti,Ach Brito,Embalagem de 160 g,"1,99 €","12,44 €/Kg"
Batatas fritas onduladas originais,Ruffles,Embalagem de 282g,"1,01 €","5,46 €/Kg"
Lapiseira Velocity + 12minas,Bic,1 unidade,"2,69 €","2,69 €/Unidade"
Tira Nódoas Brancos em Gel,Skip,"1,6 l","10,99 €","52,33 €/Kg"
Fiambre da Pá,PorSi,1 un = 150 gr (aprox.),"0,97 €","6,49 €/Kg"
Tampão Super,O.B.,1 Embalagem c/32 unidades,"1,39 €","1,39 €/Unidade"
Leite condensado magro,PorSi,Embalagem de 390 g,"1,09 €","2,75 €/Kg"
8 hamburguers s/ glúten frango,Capitão Iglo,Embalagem de 480g,"11,44 €/Kg","11,44 €/Kg"
Queijo Flamengo em Barra,Terra Nostra,1 un = 150 gr (aprox.),"1,96 €","9,80 €/Kg"
"Refrigerante sem gás, laranja",Joi,"Garrafa de 1,5 l","1,14 €","0,76 €/L"
Pudim zero mirtilo 22g,Condi,Embalagem de 20g,"0,59 €","29,50 €/Kg"
Comida húmida de vaca para cão,Friskies,Embalagem de 4 x 100 g,"0,75 €","2,50 €/Kg"
Bolachas marinheiras s/ sal,Cemporcent,Embalagem de 200g,"2,69 €","13,45 €/Kg"
Fralda cueca T5 - 12 a 18 kg,PorSi,20 unidades,"8,49 €","8,49 €/Unidade"
Filetes de cavala em azeite,PorSi,Embalagem de 120 g,"0,89 €","7,42 €/Kg"
Bolachas bambolitos chocolate e leite,PorSi,Embalagem de 150g,"0,69 €","4,60 €/Kg"
Bebida de soja com cálcio,PorSi Viva Bem,Embalagem de 1 litro,"2,49 €","2,49 €/L"
Maionese,PorSi,Embalagem de 260 g,"0,87 €","2,90 €/Kg"
Néctar de laranja e cenoura light,PorSi,Embalagem de 1 litro,"0,84 €","2,55 €/L"
4 hamburguers vaca s/ glúten,Capitão Iglo,Embalagem de 320g,"2,79 €","8,72 €/Kg"
"Pasta dentífrica, tripla ação",Labell,Embalagem de 75 ml,"2,39 €","31,87 €/L"
Prepar arroz marisco sem gluten cv 0.8kg,Brasmar,Embalagem de 800g,"2,19 €","8,59 €/Kg"
Piscina criança c/ repuxo,Bestway,Dim.: Ø 152 cm,"2,99 €","2,99 €/Unidade"
Camarão vannamei 24/40,Pescanova,Embalagem de 800g,"8,99 €","25,69 €/Kg"
Creme abrasivo original,Cif,Garrafa de 700 ml,"0,99 €","1,32 €/L"
Leite de pastagem meio-gordo,Terra Nostra,Embalagem de 1 litro,"0,83 €","0,83 €/L"
Saqueta puré de fruta e bolacha,PorSi,Embalagem de 90g,"0,74 €","8,22 €/Kg"
Ração para gato júnior com frango,Purina One,Embalagem de 800 g,"2,19 €","5,48 €/Kg"
Feijao catarino,Caçarola,Embalagem de 500 g,"0,95 €","1,90 €/Kg"
Palmiers,PorSi,Embalagem de 720 g,"0,69 €","3,45 €/Kg"
Gel de Banho Corpo e Cabelo Sensitive,Baby Dove,Embalagem de 400 ml,"1,99 €","1,99 €/Unidade"
Cerveja super bock,Super Bock,Pack 6 x 200 ml,"1,99 €/L","1,99 €/L"
Vinho frutado branco,Flor do Campo,Garrafa 0.75L,"1,59 €","2,12 €/L"
Ambientador recarga oasis turquesa,Air Wick,Garrafa de 250 ml,"5,99 €","23,96 €/L"
Gelado tiramisu,PorSi,Embalagem de 900 ml,"2,62 €","2,62 €/L"
Salsa folhas,PorSi,Embalagem de 10g,"0,25 €","0,25 €/Kg"
Couve Bróculo,Legumes do Dia,Vendido ao peso,"1,20 €","2,99 €/Kg"
Conjunto Fleurs Du Paradis,Coquette,EAU DE TOILETTE 100 ML + R-ON 10 ML,"10,99 €","10,99 €/Unidade"
Pedaços de tamboril,PorSi,Embalagem de 500G,"3,99 €","9,98 €/Kg"
Vinho maduro branco,Casal da eira,Embalagem de 250 ml,"0,85 €","0,85 €/L"
Bebida de cereais e café mokambo intenso,Nestle,Embalagem de 180g,"0,79 €","3,16 €/Kg"
Café em cápsulas dolce gusto galão,Nescafe,Embalagem de 16 cápsulas,"54,36 €/Kg","54,36 €/Kg"
Cabeça c/ Osso,Porco,1 un = 1.5 kg (aprox.),"0,50 €","4,99 €/Kg"
Refrigerante com gás de laranja,Sumol,"Garrafa de 1,25 l","0,79 €","0,40 €/L"
Esponja autobrilhante,PorSi,3 g,"2,25 €","45,00 €/L"
Café lote bocage moagem única,Nicola,Embalagem de 250g,"9,16 €/Kg","9,16 €/Kg"
Papel higiénico branco 2 folhas,PorSi,48 rolos,"1,99 €","1,99 €/Unidade"
Tablete de chocolate culinário 70% negro,PorSi,Embalagem de 200 g,"0,99 €","4,95 €/Kg"
Mistura para coelhos,Rac.zezere,Embalagem de 5 kg,"4,09 €","0,82 €/Kg"
Ambientador vela odor cozinha,PorSi,1 unidade,"4,99 €","4,99 €/Unidade"
Água mineral sem gás,Vitalis,Pack 6 x 1.5 l,"1,04 €","0,17 €/L"
Iogurte de morango sem lactose,PorSi Viva Bem,4 x 125 g,"1,87 €","1,25 €/Kg"
Iogurte pedaços frutos vermelhos,PorSi,Embalagem de 8 x 125 g,"4,38 €","2,19 €/Kg"
Gelado cornetto mini clássico,Olá,Embalagem de 8 x 60 ml,"5,99 €","16,64 €/L"
Bambolitos pretos,PorSi,Embalagem de 150g,"0,69 €","4,60 €/Kg"
Entrecosto,Porco,Vendido ao peso a partir de 1 kg,"1,20 €","4,79 €/Kg"
Bolachas mini,Oreo,Embalagem de 160g,"0,79 €","4,49 €/Kg"
Café descafeinado,PorSi,Embalagem de 250g,"1,59 €","6,36 €/Kg"
Rum limon,Bacardi,Garrafa de 700 ml,"20,99 €","29,99 €/L"
Ice tea de manga,PorSi,"Embalagem de 6x0,20 l","1,14 €","0,76 €/L"
Lava tudo antibacteriano floral,PorSi,"Garrafa de 1,5 l","0,99 €","0,50 €/L"
Cillit bang limpa vidros,Cillitbang,Garrafa de 500 ml,"3,19 €","6,38 €/L"
Café solúvel + cereais,Delta,Embalagem de 200 g,"1,45 €","14,50 €/Kg"
Sumo essencial pera,Compal,pack 3 x 0.11 l,"0,99 €","0,99 €/L"
Puré de maçã sem adição açúcar,PorSi,700 g,"0,74 €","8,22 €/Kg"
Semente papoila,Salutem,Embalagem de 125g,"2,29 €","15,27 €/Kg"
Pack 5 veículos sortidos,Hot Wheels,1 embalagem,"9,99 €/Unidade","9,99 €/Unidade"
Uva Preta s/ Graínha,Vale da Rosa,Embalagem 500g,"6,38 €/Kg","6,38 €/Kg"
Spray multiusos citrus,Bot.origin,Garrafa de 500 ml,"1,29 €","0,86 €/L"
Leite com chocolate light,Ucal,Embalagem de 6 x 250 ml,"0,26 €","1,30 €/L"
30 douradinhos,Capitão Iglo,Embalagem de 840g,"3,99 €","9,98 €/Kg"
Tiras de bacon fumado,PorSi,Embalagem de 300g,"1,45 €","18,13 €/Kg"
Bóia Patrulha Pata 50 cm,Mondo,1 unidade,"2,99 €","2,99 €/Unidade"
Vinho regional península de setúbal,Dom Campos,Garrafa de 0.75 l,"4,99 €","6,65 €/L"
Trinca de arroz,PorSi,Embalagem de 1 kg,"12,95 €","3,24 €/Kg"
Conjunto de 3 pinceis nº 4/8/12,Domédia,Uma embalagem,"4,69 €","4,69 €/Unidade"
Gel WC Desincustrante,Neoblanc,Embalagem de 700 ml,"2,49 €","3,32 €/L"
Snack dentastix grande,Pedigree,Embalagem de 270 g,"1,09 €","6,06 €/Kg"
Molho tomate com azeitonas,PorSi,Frasco de 420g,"0,87 €","2,90 €/Kg"
Inseticida Aerossol Casa&Plantas,Raid,1 Embalagem 600ml,"5,49 €","13,73 €/L"
Morcela assar fundao,PorSi,Embalagem de 250g,"1,49 €","7,45 €/Kg"
Leite infantil 3+ anos sem lactose,Mimosa,Garrafa de 1 l,"0,99 €","0,99 €/L"
Depilatório homem gel,Veet,Garrafa de 200 ml,"3,29 €","3,29 €/Unidade"
Vela número 0,Vahine,Embalagem de 1 unidades,"0,60 €","0,60 €/Unidade"
Penso de incontinência normal,Ausonia Discreet,Embalagem de 12 un.,"1,95 €","1,95 €/Unidade"
Doce de morango com frutose,Salutem,Embalagem de 330g,"3,99 €","7,98 €/Kg"
Ervilhas bio,PorSi Bio,Frasco com 290 g,"3,65 €","7,30 €/Kg"
Snacks croc.amendoim,PorSi,Embalagem de 90g,"0,79 €","7,90 €/Kg"
6 Preservativos Adapta Nature,Control,,"4,49 €","4,49 €/Unidade"
Pão com Cereais 125 g,Pão do Dia,,"0,19 €","2,38 €/Kg"
Sumo 100% laranja,Compal,1 litro,"1,09 €","0,73 €/L"
24 bombons de chocolate,Ferrero Rocher,Embalagem de 300g,"5,25 €","26,25 €/Kg"
Melaço de cana,Cemporcent,Embalagem de 370g,"3,99 €","7,98 €/Kg"
Néctar vital equilibrio manga/maracujá,Compal,Embalagem de 1 l,"0,84 €","2,55 €/L"
Quebra noz inox,Jomafe,1 unidade,"4,99 €","4,99 €/Unidade"
Sumo natural de maçã bio,Cemporcent,Garrafa de 1 l,"1,32 €","2,20 €/L"
Sumo essencial pera,Compal,pack 3 x 0.11 l,"2,29 €","6,94 €/L"
Areia para gatos 100% natural,PorSi,Embalagem de 5 kg,"1,19 €","0,24 €/Kg"
Leite condensado,PorSi,Embalagem de 397 g,"1,09 €","2,75 €/Kg"
Actimel tutti-frutti,Danone,Embalagem de 6 x 100g,"4,15 €/Kg","4,15 €/Kg"
Café moagem universal timor,Delta,Embalagem de 220g,"3,49 €","13,96 €/Kg"
"Batata frita, queijo e ervas",PorSi,Embalagem de 190g,"1,18 €","6,38 €/Kg"
Champô anti-caspa,Labell,Embalagem de 400 ml,"5,59 €","13,98 €/L"
Sumo de laranja,Andros,Embalagem de 1 l,"1,09 €","0,73 €/L"
Pudim de chocolate,PorSi,Embalagem de 110g,"0,59 €","29,50 €/Kg"
Yopro líquido manga,Danone,Embalagem de 300g,"1,31 €","2,05 €/Kg"
Legumes grelhados,PorSi,Embalagem de 750g,"1,98 €","1,98 €/Kg"
Edredão + almofada,Analar,Dim.: 260 x 240 cm,"24,99 €","24,99 €/Unidade"
Lulas recheadas,Piteu,Embalagem de 120g,"0,89 €","7,42 €/Kg"
Bolachas cracker sem sal,PorSi,Embalagem de 500g,"0,39 €","3,12 €/Kg"
Cerveja com álcool,Sagres,pack 24 x 0.25 l,"1,99 €/L","1,99 €/L"
Barras fitness chocolate de leite,Nestle,Embalagem de 135 g,"1,29 €","10,24 €/Kg"
Noodle banzai carne,Cigala,Embalagem de 70g,"0,99 €","1,98 €/Kg"
Máquina Depilatória Descartável Miss Soleil Sensitiv...,Bic,1 + 2 Unidades Grátis,"5,49 €","5,49 €/Unidade"
Piaçaba com suporte,PorSi,1 unidade,"4,59 €","61,20 €/Kg"
Vinho regional tejo 3 castas branco,Fiuza,Garrafa de 750 ml,"4,99 €","6,65 €/L"
10 pães de leite,PorSi,Embalagem de 350g,"2,59 €","7,40 €/Kg"
Ice tea de pêssego,PorSi,"Embalagem de 1,5 l","1,14 €","0,76 €/L"
Leite uht meio gordo,Agros,Embalagem 1L,"0,83 €","0,83 €/L"
Atum posta em óleo vegetal,PorSi,Embalagem de 385g,"0,89 €","7,42 €/Kg"
Livro Pop-Ups - Oceanos,Europrice,1 unidade,"7,50 €","7,50 €/Unidade"
Linhaça dourada moída,Cemporcent,Embalagem de 200g,"2,29 €","15,27 €/Kg"
Ambientador aerossol 5 em 1 frescura água,PorSi,300 ml,"0,99 €","3,30 €/L"
Pudim Rico em Proteína de Chocolate,Ehrmann,Embalagem de 200g,"1,19 €","2,59 €/Kg"
Fralda Cueca Activity Extra Tamanho 4,Dodot,Embalagem com 45 uni.,"8,49 €","8,49 €/Unidade"
Bolacha maria oro +33% grátis,Cuetara,Embalagem de 800g,"1,69 €","2,11 €/Kg"
Condicionador spray penteia fácil,Johnson's Baby,Embalagem de 200 ml,"1,99 €","1,99 €/Unidade"
Vinho do Porto 10 anos,Cruz,"Garrafa de 0,75L c/ Caixa de Madeira","10,99 €","14,65 €/L"
Pensos de incontinência Maxi,Ausonia,Uma embalagem - 12Unidades,"1,95 €","1,95 €/Unidade"
"Sabonete sólido, mel",Feno,Embalagem de 360g,"1,99 €","12,44 €/Kg"
Pensos Higiénicos Cottonlike com Abas Normal Plus,Evax,28 unidades,"4,99 €","4,99 €/Unidade"
Vinagre balsâmico modena,Gallo,Garrafa de 250 ml,"0,35 €","0,70 €/L"
Mel rosmaninho 500g,SERRAMEL,Embalagem de 500G,"4,89 €","9,78 €/Kg"
Pudim caramelo,PorSi,Embalagem de 90g,"0,59 €","29,50 €/Kg"
Gel Barbear Mach3 Conforto Extra,Gillette,Embalagem de 200 ml,"1,16 €","4,64 €/L"
Snack para gato seaside,Felix,Embalagem de 60g,"0,99 €","16,50 €/Kg"
Laboratório Mecânica Camião de Mina,Clementoni,1 unidade,"8,99 €","8,99 €/Unidade"
Alimento seco p/ cão raça pequena,PorSi Select,Embalagem de 3kg,"12,95 €","3,24 €/Kg"
Leite evaporado,PorSi,Embalagem de 410g,"1,09 €","2,75 €/Kg"
Batata pom'duchesse,PorSi,Embalagem de 600g,"1,39 €","1,39 €/Kg"
Sardinhas em óleo picante,Ramirez,Embalagem de 130g,"0,89 €","7,42 €/Kg"
"Creme depilatório para duche, peles sensiveis",Veet,Garrafa de 150 ml,"2,99 €","14,95 €/L"
Cerveja branca,Super Bock,pack 30 x 0.20 l,"1,99 €/L","1,99 €/L"
Farelo de trigo,Cemporcent,Embalagem de 250g,"2,29 €","15,27 €/Kg"
Laca volume,Nivea,Embalagem de 250 ml,"3,99 €","53,20 €/L"
Ração para gato com pele e pelo sensíveis,Purina One,Embalagem de 800g,"2,19 €","5,48 €/Kg"
"Ice tea, pêssego",PorSi,"Embalagem de 6x0,20 l","1,14 €","0,76 €/L"
Café moagem universal angola,Delta,Embalagem de 220g,"3,49 €","13,96 €/Kg"
Sabonete regular,Dove,Embalagem de 400 g,"1,99 €","12,44 €/Kg"
Chá noite super tranquila,PLANTANATU,Embalagem de 10 unidades,"1,19 €","1,19 €/Unidade"
Açafrão das Índias,PorSi,Embalagem de 50g,"0,25 €","0,25 €/Kg"
Queijo Brie 60%,Produto selecionado,Vendido ao peso a partir de 250 gr,"1,45 €","7,25 €/Kg"
Gelado cornetto morango,Olá,Embalagem de 6 x 90 ml,"5,99 €","16,64 €/L"
Molho cervejeira 8 cubos,Knorr,Embalagem de 70g,"3,84 €","24,00 €/Kg"
Pudim flan,El mandari,Embalagem de 10g,"0,59 €","29,50 €/Kg"
vinho do Porto Ruby,Velhotes,"garrafa de 0,75 l","5,99 €","7,99 €/L"
Maquina Depiladora Descartável Venus Basic,Gillette,Embalagem de 3 + 1 un. Grátis,"3,29 €","3,29 €/Unidade"
5 gouaches de cores primárias,Domédia,Uma embalagem,"4,69 €","4,69 €/Unidade"
Suiss'fruits fruta 12x50g,PorSi,Embalagem de 600g,"1,05 €","1,86 €/L"
Vinho bag-in-box tinto,C.alqueva,Garrafa de 5 l,"9,49 €","1,90 €/L"
Leite uht meio gordo,Mimosa,Embalagem de 1 litro,"0,83 €","0,83 €/L"
Ambientador recarga delícias de verão,Air Wick,Garrafa de 250 ml,"5,99 €","23,96 €/L"
Arroz agulha,Cigala,Embalagem de 1 kg,"1,26 €","1,26 €/Kg"
Farinha láctea menos 40% açúcar,Cerelac,Embalagem de 250g,"4,99 €","4,99 €/Kg"
8 salsichas aves,Izidoro,Embalagem de 200g,"0,75 €","3,75 €/Kg"
Xarope de groselha,Xarão,Garrafa de 1 l,"4,89 €","6,61 €/L"
Plantanatur detox rapid,PLANTANATU,Garrafa de 500 ml,"7,59 €","126,50 €/Kg"
Martini fiero,Martini,Garrafa de 750 ml,"11,99 €","11,99 €/L"
Molas de madeira,PorSi,36 unidades,"0,89 €","0,89 €/Unidade"
Iogurte sabor a coco,PorSi,Embalagem de 4 x 125 g,"1,87 €","1,25 €/Kg"
Ração para gato adulto com coelho,Friskies,Embalagem de 4 kg,"2,19 €","5,48 €/Kg"
Spray power&shine multiusos c/ lixívia,Cif,Garrafa de 750 ml,"4,09 €","5,45 €/L"
2 toalhas de bidé,PorSi,30 x 50 cm,"24,99 €","24,99 €/Unidade"
Batata pré-frita para forno,PorSi,Embalagem de 750 g,"1,39 €","1,39 €/Kg"
Lava tudo brilhante madeiras,PorSi,Embalagem de 1.1 litros,"4,39 €","14,63 €/L"
Salsichas extra suculentas de frango,Nobre,Frasco de 210g,"0,75 €","3,75 €/Kg"
Recargas ambientador elétrico relaxing zen,Glade,Embalagem de 2 x 20 ml,"5,99 €","23,96 €/L"
Massa alimentícia spaghetti,Barilla,Embalagem de 500g,"1,94 €","3,88 €/Kg"
Alimento seco p/ cão croquetes vaca,Pedigree,Embalagem de 3 kg,"12,95 €","3,24 €/Kg"
Magnum mini white mix,Olá,Embalagem de 6 x 55 ml,"5,99 €","16,64 €/L"
"Fiambre extra, fatiado",PorSi,Embalagem de 200g,"0,97 €","6,49 €/Kg"
Marmelada,Ferbar,Embalagem de 800g,"1,09 €","2,42 €/Kg"
Queijo flamengo fatiado light,Paiva,Embalagem de 180g,"1,96 €","9,80 €/Kg"
Queijo brie 60% mg,Páturages,Embalagem de 200 g,"1,45 €","7,25 €/Kg"
Picanha,Bovino,1 un = 1.250 kg (aprox.),"2,00 €","7,98 €/Kg"
Tostas suecas integrais,PorSi,Embalagem de 225 g,"2,39 €","6,83 €/Kg"
Iogurte arôma de frutos vermelhos,PorSi,Embalagem de 8x125 g,"1,87 €","1,25 €/Kg"
Sobremesa gelatina de morango,PorSi,Embalagem 4X100G,"0,85 €","2,13 €/Kg"
Bagas de cranberry,Cemporcent,Embalagem de 125 g,"0,79 €","3,95 €/Kg"
Leite UHT Meio Gordo,PorSi,Embalagem de 200 ml,"0,83 €","0,83 €/L"
Bolachas crackers com sal,PorSi,Embalagem de 500g,"0,39 €","3,12 €/Kg"
Entremeada s/ Entrecosto,Porco,Vendido ao peso a partir de 1 kg,"1,20 €","4,79 €/Kg"
Ovos | Classe: M,Ovitae,24 unidades,"1,59 €","1,59 €/Unidade"
Patê frango,La piara,Embalagem de 80g,"1,19 €","13,52 €/Kg"
Nestum chocolate,Nestum,Embalagem de 250g,"2,49 €","9,96 €/Kg"
Ambientador elétrico pure clean linen + recarga,Glade,1 unidade,"3,74 €","3,74 €/Unidade"
Lava Tudo Perfumado Lavanda,PorSi,Embalagem de 2 l,"0,99 €","0,50 €/L"
Tablete de chocolate preto,Nestle,Embalagem de 130g,"0,99 €","4,95 €/Kg"
Gogo SqueeZ Snack de Maçã,Gogo,Embalagem de 4 x 90g,"2,29 €","6,94 €/L"
Cola Especial Plásticos,Pattex,Embalagem de 30 g,"2,99 €","99,67 €/Kg"
"Toalhitas Higiénicas Adulto, 64unidades",Labell,Uma embalagem,"0,76 €","0,76 €/Unidade"
Refrigerante com gás guaraná,Antartica,"Garrafa de 1,5 l","0,79 €","0,40 €/L"
Sementes de girassol,PorSi Viva Bem,Embalagem de 200 g,"1,59 €","10,60 €/Kg"
Escova para lavar,PorSi,1 unidade,"2,20 €","2,20 €/Unidade"
Esferográfica Cristal Ouro e Prata x2,Bic,1 unidade,"2,69 €","2,69 €/Unidade"
Bolachas ricanela,Cuetara,Embalagem de 400g + 100g grátis,"0,39 €","3,12 €/Kg"
Lombos de salmão,PorSi,Embalagem de 300g,"3,99 €","9,98 €/Kg"
Néctar de laranja,Bongo,Garrafa de 1 l,"0,99 €","0,99 €/L"
Saca rolhas tipo1,Jomafe,1 unidade,"3,99 €","3,99 €/Unidade"
Corantes alimentares ducros,Vahine,Garrafa de 20 ml,"1,89 €","17,18 €/Kg"
Whisky,Cutty Sark,Garrafa de 700 ml,"11,49 €","16,41 €/L"
Liegeois de chocolate,Milchfrisc,Embalagem de 200g,"0,55 €","2,75 €/Kg"
Tesoura de trinchar,PorSi,1 unidade,"4,99 €","4,99 €/Unidade"
Iogurte vidro pedaços morango,PorSi,Embalagem de 2 x 135 g,"1,49 €","2,98 €/Kg"
Dessert topping chocolate,Winsenia,Embalagem de 300g,"1,29 €","3,23 €/Kg"
Pensos proteção calos,PorSi,embalagem com 9 unidades,"1,69 €","1,69 €/Unidade"
Detergente líquido p/ máquina lavar roupa cores,Woolite,"Garrafa de 1,65 l","8,59 €","2,00 €/L"
Azeite virgem delicado,Gallo,Garrafa de 750 ml,"3,29 €","4,39 €/L"
"12 lápis de cor, 18cm",Domédia,Uma embalagem,"3,19 €","3,19 €/Unidade"
Vermute bianco,Martini,Garrafa de 1 l,"11,99 €","11,99 €/L"
Doseador boia,Gre,1 litro,"2,99 €","2,99 €/Unidade"
Batata pré-frita noisette,PorSi,Embalagem de 1 kg,"1,39 €","1,39 €/Kg"
Recarga mopa 1.2 spray max,Vileda,1 unidade,"2,20 €","2,20 €/Unidade"
Lixívia Tradicional,Neoblanc,Embalagem de 4 l,"1,74 €","0,35 €/L"
Areia para gato aglomerante,PorSi,Embalagem de 5 litros,"1,19 €","0,24 €/Kg"
Polpa de tomate em garrafa,Compal,Embalagem de 1 kg,"3,84 €","24,00 €/Kg"
Iogurte natural,PorSi,Embalagem 12 x 125 g,"0,99 €","1,98 €/Kg"
Polpa de cebola e alho,PorSi,Embalagem de 500 g,"3,84 €","24,00 €/Kg"
Chá peso noite,PLANTANATU,Embalagem de 10 unidades,"1,19 €","1,19 €/Unidade"
Iogurte líquido pinacolada corpos danone,Danone,Embalagem de 4 x 155 g,"1,31 €","2,05 €/Kg"
Flocos de trigo integral,Cemporcent,Embalagem de 400g,"0,69 €","1,73 €/Kg"
Red Fish,Peixe Congelado,300 a 500 g,"3,99 €/Kg","3,99 €/Kg"
Pudim flan,PorSi,Embalagem de 4 x 5.6 g,"0,59 €","29,50 €/Kg"
Gomas beijinhos,PorSi,Embalagem de 300 g,"1,19 €","3,97 €/Kg"
Café Torrado em Grão Colômbia,Delta,Embalagem de 220g,"9,16 €/Kg","9,16 €/Kg"
Sementes de chia,PorSi Viva Bem,Embalagem de 150 g,"1,59 €","10,60 €/Kg"
Vinho tinto regional peninsula de setúbal,Fonte nico,Garrafa de 750 ml,"4,99 €","6,65 €/L"
Café moagem universal portugal,Delta,Embalagem de 250g,"3,49 €","13,96 €/Kg"
Rebuçados peitorais,Dr.bayard,Embalagem de 200g,"0,77 €","3,85 €/Kg"
"Gel barbear, proglide 2em1 Sport",Gillette,Embalagem de 170 ml,"1,16 €","4,64 €/L"
Iogurte oikos pêssego,Danone,Embalagem de 4 x 110g,"1,49 €","2,98 €/Kg"
Lenços de bolso folha tripla,PorSi,9 x 30 unidades,"0,89 €","0,89 €/Unidade"
Batata Pré-Frita Croquettes,PorSi,Embalagem de 1 kg,"1,39 €","1,39 €/Kg"
Aperitivos de amendoins sal e mel,Matutano,Embalagem de 70g,"0,79 €","7,90 €/Kg"
Iogurte morango 000%,PorSi Viva Bem,Embalagem de 4 x 125 g,"4,38 €","2,19 €/Kg"
Argolas Romana,PorSi,Embalagem de 400 g,"1,79 €","7,16 €/Kg"
Baton blackberry shine,Labello,1 un.,"0,58 €","0,58 €/Unidade"
Bolacha integral doce,Vieira,Embalagem de 180g,"0,84 €","2,80 €/Kg"
Repelente Anti Mosquito Spray,Mercurochrome,Embalagem 100 ml,"0,58 €","0,58 €/Unidade"
2 Toalhas de bidé,PorSi,30 x 50 cm,"24,99 €","24,99 €/Unidade"
Marcador Turbo Color x12,Giotto,Uma embalagem,"4,69 €","4,69 €/Unidade"
Lenços de bolso 4 folhas,PorSi,Embalagem de 18 x 10 unidades,"0,89 €","0,89 €/Unidade"
Licor frutos tropicais,Safari,Garrafa de 700 ml,"16,99 €","24,27 €/L"
Leite UHT Morango sem Lactose,Mimosa,Pack 3 x 250 ml,"4,82 €/L","4,82 €/L"
Aroma baunilha,Vahine,Embalagem de 20g,"1,89 €","17,18 €/Kg"
Massa spaghetti tricolore,Milaneza,Embalagem de 500 g,"0,99 €","1,98 €/Kg"
Cocktail limão,Bar Royal,Garrafa de 750 ml,"8,49 €","11,32 €/L"
Recarga Esfregona de Microfibras,PorSi,1 unidade,"0,89 €","0,89 €/Unidade"
Carapau Pequeno,Peixe do Dia,1 un = 100 g (aprox.),"6,49 €/Kg","6,49 €/Kg"
Bacalhau com natas,PorSi,Embalagem de 380g,"1,79 €","7,16 €/Kg"
Bebida de Amêndoa,PorSi Viva Bem,1 litro,"1,32 €","2,20 €/L"
Spray renova camurça incolor,PorSi,Embalagem de 200 ml,"6,19 €","24,76 €/L"
Edredão + almofada,Analar,Dim.: 160 x 220 cm,"24,99 €","24,99 €/Unidade"
Leite regular 3,Aptamil,Embalagem de 800 g,"16,49 €","20,61 €/Kg"
Assador Castanhas em Barro,Produto selecionado,Diam.: 17 cm,"4,99 €/Unidade","4,99 €/Unidade"
Creme vegetal culinário,Vaqueiro,Embalagem de 1 kg,"1,59 €","6,36 €/Kg"
"Guardanapos brancos, 33x33cm, 2 folhas, 90 unidades",Renova,Uma embalagem,"1,29 €","1,29 €/Unidade"
Costeletas do Lombo,Porco,Vendido ao peso a partir de 1 kg,"1,20 €","4,79 €/Kg"
Choco flakes,Cuetara,Embalagem de 500g,"5,07 €/Kg","5,07 €/Kg"
"Espuma de cabelo, volume absoluto",Pantene,Embalagem de 200 ml,"3,99 €","53,20 €/L"
"Coloração permanente, vermelho ousado nº5.62",Nutrisse,1 unidade,"9,49 €/Unidade","9,49 €/Unidade"
Bebida essencial frutos vermelhos,Compal,Pack 3 x 0.11 l,"2,29 €","6,94 €/L"
Pescada 3 Chile,Peixe Congelado,1 un= 1 kg (aprox.),"3,99 €/Kg","3,99 €/Kg"
Água s/ gás,Luso,Pack 6 x 1.5 l,"1,04 €","0,17 €/L"
Néctar 8 frutos,Bongo,Pack 6 x 200 ml,"0,99 €","0,99 €/L"
Lenços de bolso 6x10 - 3 folhas,PorSi,1 embalagem com 6 unidades,"0,89 €","0,89 €/Unidade"
Biscoitos integrais aveia e manteiga de amendoim,PorSi Viva Bem,Embalagem de 150g,"0,69 €","3,45 €/Kg"
"Massa polir, em bisnaga",Redex,Embalagem de 125 ml,"3,99 €","0,80 €/L"
Dentifríco anti-tártaro + branqueador,Colgate,Embalagem de 75 ml,"2,39 €","31,87 €/L"
"Sumo 100%, tutti-frutti",PorSi,"Embalagem de 1,5 l","1,09 €","0,73 €/L"
Vitamina c,PLANTANATU,Embalagem de 1 unidades,"7,59 €","126,50 €/Kg"
Rhum negrita white,Negrita,Garrafa de 700 ml,"20,99 €","29,99 €/L"
Gel de Banho Deeply Nourishing,Dove,Embalagem de 750 ml,"6,49 €","8,65 €/L"
Pensos Incontinência Mulher Discreet Normal,Tena,Embalagem com 24 unidades,"1,95 €","1,95 €/Unidade"
Lambrusco tinto,*,Garrafa de 750 ml,"2,09 €","2,79 €/L"
Mistolin tira-nódoas,Mistolin,Garrafa de 500 ml,"1,79 €","2,39 €/L"
Fiambre da Pá,Salsicharia Limiana,1 un = 150 gr (aprox.),"0,97 €","6,49 €/Kg"
16 bombons,Ferrero Rocher,Embalagem de 200g,"5,25 €","26,25 €/Kg"
Ambientador vela maçã e canela,PorSi,1 unidade,"4,99 €","4,99 €/Unidade"
Cera de depilação profissional,Veet,Garrafa de 300 ml,"6,99 €","6,99 €/Unidade"
Cacau magro em pó,PorSi,Embalagem de 125 g,"1,04 €","8,32 €/Kg"
Cuecas Incontinência Homem Active Fit L,Tena,8 Unidades,"9,99 €","9,99 €/Unidade"
Tira Nódoas em Pó Cores,Skip,1 kg,"10,99 €","52,33 €/Kg"
Vinagre vinho branco 250ml,Cristal,Garrafa de 250 ml,"0,35 €","0,70 €/L"
Elixir Total Care Zero,Listerine,Embalagem de 500 ml,"5,99 €","11,98 €/L"
Conjunto taças com tampa,Renberg,5 unidades,"4,99 €","4,99 €/Unidade"
Água c/ gás limão,Frize,pack 4 x 0.25 l,"2,85 €","2,85 €/L"
Arroz agulha,Pato real,Embalagem de 1 kg,"1,26 €","1,26 €/Kg"
Iogurte aroma de banana,PorSi,Embalagem de 4x125g,"1,87 €","1,25 €/Kg"
Bolacha tosta rica choco guay,Cuetara,Embalagem de 170g,"1,89 €","15,75 €/Kg"
"Sacos do lixo WC canino 5l, 30 unidades",Silvex,Uma embalagem,"1,89 €","1,89 €/Unidade"
Liquido abrilhantador castanho,PorSi,75 ml,"2,25 €","45,00 €/L"
Paio das beiras,PorSi,Embalagem de 380g,"2,59 €","12,95 €/Kg"
Pizza 4 estações,PorSi,Embalagem de 350g,"2,32 €","6,27 €/Kg"
Creme vegetal soja,Planta,Embalagem de 250 gr,"1,59 €","6,36 €/Kg"
Mimosa bem especial leite e amêndoa,Mimosa,Embalagem de 1 litro,"0,99 €","0,99 €/L"
Bombons Chocolate Leite,Lindt,Embalagem de 200g,"5,25 €","26,25 €/Kg"
Creme vegetal culinário,Vaqueiro,Embalagem de 250 g,"2,89 €","2,89 €/Kg"
Abacaxi,Fruta do Dia,1 un = 2kg ( aprox.),"2,50 €","1,25 €/Kg"
Espreguiçadeira malibu verde,Joluce,1 unidade,"2,99 €","2,99 €/Unidade"
Café em cápsulas deqafeitatus,Delta Q,Embalagem de 55 g,"54,36 €/Kg","54,36 €/Kg"
Guardanapos Gold 2 folhas,Renova,Dim.: 39x39cm,"1,29 €","1,29 €/Unidade"
Guardanapos | Dim.: 30 x 33 cm,PorSi,Embalagem com 20 unidades,"1,29 €","1,29 €/Unidade"
"Frutapura maçã, banana e frutos do bosque",Bledina,Embalagem de 85g,"2,29 €","6,94 €/L"
Leite de transição 3 +10 meses,NAN,Embalagem de 800g,"16,49 €","20,61 €/Kg"
Alecrim em folhas,PorSi,Embalagem de 25g,"0,25 €","0,25 €/Kg"
Iogurte activia líquido 0% morango/kiwi,Danone,Embalagem de 4 x 155 g,"2,79 €","5,81 €/Kg"
Iogurte de morango sem lactose,PorSi Viva Bem,4 x 125 g,"0,99 €","1,98 €/Kg"
Coca-cola zero,Coca-Cola,pack 2 x 1.75 l,"0,79 €","0,40 €/L"
Travessa em inox,PorSi,Dim.: 25 x 18 cm,"2,50 €","2,50 €/Unidade"
Mini meia mousse muskade 20D t. único,PorSi,Tamanho: m,"1,89 €","1,89 €/Unidade"
Manteiga pasteurizada com sal cuvet,Primor,Embalagem de 250g,"1,89 €","7,56 €/Kg"
Bolacha de manteiga belga c/ chocolate,Saborosa,Embalagem de 200g,"7,53 €/Kg","7,53 €/Kg"
Manteiga amendoim cremosa,PorSi,Embalagem de 340g,"10,26 €/Kg","10,26 €/Kg"
Infusão funcho,Cemporcent,Embalagem de 10 unidades,"0,99 €","76,15 €/Kg"
Gelatina ananás 10kcal,Royal,Embalagem de 30g,"0,55 €","61,11 €/Kg"
Azeite virgem extra clássico,Gallo,Garrafa de 250 ml,"3,29 €","4,39 €/L"
Recarga  para esfregona tiras,PorSi,1 unidade,"0,89 €","0,89 €/Unidade"
Leite UHT Meio Gordo,PorSi,1 l,"0,83 €","0,83 €/L"
Pudim caseiro de laranja,Royal,Embalagem de 200g,"0,59 €","29,50 €/Kg"
Porto branco,Valadao,Garrafa de 750 ml,"11,99 €","15,99 €/L"
Sal marinho integral,Cemporcent,Embalagem de 1 kg,"0,69 €","0,69 €/Kg"
"Elásticos grandes coloridos, pack de 20 unidades",Domédia,1 embalagem,"2,69 €","2,69 €/Unidade"
Caderno Agrafado Capa Preta |A5 Pautado,Domédia,1 unidade,"1,09 €","1,09 €/Unidade"
Sopa de rabo de boi,Knorr,Embalagem de 70g,"0,62 €","10,00 €/Kg"
Gelo em cubos,PorSi,Embalagem de 2 kg,"1,00 €","0,50 €/Kg"
Granola aveia fitness mel,Nestle,Embalagem de 300g,"5,59 €","8,87 €/Kg"
Inseticida ajustável eléctrico líquido anti melgas e...,Raid,60 noites,"7,69 €","7,69 €/Unidade"
Café 5 estrelas moído tradição,Sical,Embalagem de 250g,"3,49 €","13,96 €/Kg"
Vinho tinto alentejo,Loios,Garrafa de 750 ml,"2,89 €","3,85 €/L"
Banha,PorSi,Embalagem de 940 g,"2,89 €","2,89 €/Kg"
Ração seca de carne para gato adulto,PorSi,Embalagem de 2 kg,"2,19 €","5,48 €/Kg"
Croutons com azeite,PorSi,Embalagem de 150g,"2,39 €","6,83 €/Kg"
Cápsulas de café com leite cappuccino,Nescafe,Embalagem com 16 cápsulas,"54,36 €/Kg","54,36 €/Kg"
15 panadinhos de peixe,PorSi,Embalagem de 450 g,"3,99 €","9,98 €/Kg"
Bolacha shortcake,Nacional,Embalagem de 180g,"7,53 €/Kg","7,53 €/Kg"
Rebuçados drops recheio de fruta,PorSi,Embalagem de 250g,"2,30 €","57,50 €/Kg"
Marmelada,PorSi,Embalagem de 450g,"1,09 €","2,42 €/Kg"
Fiambre da Perna Extra,Izidoro,Vendido ao peso,"0,97 €","6,49 €/Kg"
Cá drenó volum,PLANTANATU,Embalagem de 10 unidades,"1,19 €","1,19 €/Unidade"
Detergente Multiusos Spray,Ajax,Garrafa de 500 ml,"1,29 €","0,86 €/L"
"Esferográfica, 4 cores",Bic,1 unidade,"2,69 €","2,69 €/Unidade"
Azeite virgem extra dop trás-os-montes,PorSi Select,Embalagem 750 ml,"3,29 €","4,39 €/L"
Crepes de legumes,PorSi,Embalagem de 310g,"1,79 €","7,16 €/Kg"
Néctar clássico de pera,Compal,Garrafa de 200 ml,"0,99 €","0,99 €/L"
"Vela em número, nº 6",PorSi,1 unidade,"0,60 €","0,60 €/Unidade"
Noodle banzai galinha,Cigala,Embalagem de 70g,"0,99 €","1,98 €/Kg"
Lava Tudo Amoniacal,Sonasol,"Garrafa de 1,3 l","0,99 €","0,50 €/L"
Formas de alumínio redondas 650 ml,PorSi,5 unidades,"1,10 €","1,10 €/Unidade"
Anticongelante vermelho 20%,PorSi,Embalagem de 1 l,"3,99 €","0,80 €/L"
Detergente líquido máquina de roupa lavanda,PorSi,86 Doses,"8,59 €","2,00 €/L"
Molho de maionese com alho e ervas,PorSi,Garrafa de 120 ml,"0,87 €","2,90 €/Kg"
Café solúvel creme,Delta,Embalagem de 80 g,"1,45 €","14,50 €/Kg"
Pastilhas fire canela,CHICLETS,Embalagem de 16 g,"0,89 €","59,33 €/Kg"
Chupas Party Mix,PorSi,150 g,"3,40 €","28,33 €/Kg"
"Pensos diários maxiplus, 30 unidades",Evax,Uma embalagem,"1,79 €","1,79 €/Unidade"
Massa de argolinhas,Nacional,Embalagem de 250g,"0,99 €","1,98 €/Kg"
Queijo mozzarella mini bolas,PorSi,Embalagem 125G,"1,69 €","6,76 €/Kg"
Inseticida para baratas e formigas,Baygon,Embalagem de 400 ml,"5,09 €","8,48 €/L"
Fiambre da perna extra,PorSi,Pack Poupança de 2 x 170 g,"0,97 €","6,49 €/Kg"
Tostas integrais,PorSi,Embalagem de 225g,"2,39 €","6,83 €/Kg"
Ambientador tealights baunilha,PorSi,embalagem com 18 unidades,"4,99 €","4,99 €/Unidade"
Tira gorduras dia a dia,Mistolin,Garrafa de 750 ml,"1,79 €","2,39 €/L"
Rolo Cozinha Meia Folha Adapt,Colhogar,2 rolos,"4,99 €","4,99 €/Unidade"
Fiambre da perna extra baixo teor de gordura fatias ...,PorSi Viva Bem,Embalagem de 200 g,"0,97 €","6,49 €/Kg"
Queijo Flamengo Fatias Light,Agros,Embalagem de 170g,"2,39 €","19,92 €/Kg"
Bolacha cream cracker,Cuetara,Embalagem de 200g,"0,39 €","3,12 €/Kg"
Bebida de soja e chocolate,PorSi Viva Bem,Embalagem de 1 l,"2,49 €","2,49 €/L"
Café Moagem Universal Honduras,PorSi,Embalagem de 220g,"9,16 €/Kg","9,16 €/Kg"
Edredão + almofada,Analar,Dim.: 240 x 220 cm,"24,99 €","24,99 €/Unidade"
Feijoada transmontana,Nobre,Embalagem de 420g,"2,35 €","5,60 €/Kg"
"Amaciador de roupa, azul",Comfort,Garrafa de 4 l,"8,99 €","2,25 €/L"
18 hamburguers s/ glúten vaca,Capitão Iglo,Pack familiar com 1.4 kg,"2,79 €","8,72 €/Kg"
Doce quatro frutos,ST.DALFOUR,Frasco de 284g,"2,19 €","9,95 €/Kg"
"Limpa vidros, azul",Arbo,Embalagem de 1 l,"3,19 €","6,38 €/L"
Descafeinado em cápsulas Pianíssimo 10x5g,PorSi Select,Embalagem de 50g,"1,59 €","6,36 €/Kg"
Fósforos cozinha,Quinas,Embalagem com 4 caixas por unidade,"1,50 €","1,50 €/Unidade"
Favas ultracongeladas,PorSi,Embalagem de 400g,"1,98 €","1,98 €/Kg"
Toalhitas Bebé Nature,PorSi,64 unidades,"1,09 €/Unidade","1,09 €/Unidade"
Bolacha tostada,PorSi,Embalagem de 800g,"1,69 €","2,11 €/Kg"
"Livro ""A Magia do Ballet""",Girassol,1 unidade,"7,50 €","7,50 €/Unidade"
Bolachas com recheio de chocolate,PorSi,Embalagem de 3 x 250 g,"2,15 €","2,87 €/Kg"
Actimel natural,Danone,Embalagem de 600g,"4,15 €/Kg","4,15 €/Kg"
Porto special reserva,Cruz,"garrafa de 0,75 l","10,99 €","14,65 €/L"
Farinha de centeio,Cemporcent,Embalagem de 500g,"2,29 €","15,27 €/Kg"
Pastilhas melão e melancia,Trident,Embalagem de 20g,"0,89 €","59,33 €/Kg"
Creme Depilatório Peles Normais,Veet,Embalagem de 200 ml,"2,99 €","14,95 €/L"
Pensos Higiénicos Fina e Segura Maxi Super,Evax,Embalagem c/ 13 Unidades,"4,99 €","4,99 €/Unidade"
Cereais nesquik,Nestle,Embalagem de 625g,"5,07 €/Kg","5,07 €/Kg"
Vela com número 4,PorSi,1 unidade,"0,60 €","0,60 €/Unidade"
Pensos clássicos,PorSi,20 unidades,"1,69 €","1,69 €/Unidade"
Fruta para bebé banana laranja bolacha +6 meses,Nestle,Embalagem de 90g,"0,74 €","8,22 €/Kg"
Bola mistura,Pão do Dia,1 unidade= 80 g,"0,19 €","2,38 €/Kg"
Azeite virgem extra dop moura,PorSi Select,Embalagem de 0.75L,"3,29 €","4,39 €/L"
Iogurte pedaços frutas variadas,PorSi,Embalagem de 16 x 125 g,"4,38 €","2,19 €/Kg"
"Rebuçados sem açucar vita c, sabor citrinos",Halls,Embalagem de 32G,"0,77 €","3,85 €/Kg"
Café torrado em grão,PorSi,250 g,"9,16 €/Kg","9,16 €/Kg"
Termo forte beringela/limão,PLANTANATU,Garrafa de 500 ml,"7,59 €","126,50 €/Kg"
Espumoso grand reale dessert,Gancia,Garrafa de 750 ml,"3,99 €","5,32 €/L"
After Shave Bálsamo Sensitive Cool,Nivea Men,Embalagem de 100 ml,"1,16 €","4,64 €/L"
Bebida aveia sem açúcar,Alpro,Embalagem de 1 l,"1,32 €","2,20 €/L"
Caramelos de fruta multisabor single,Sugus,Embalagem de 50g,"1,19 €","4,76 €/Kg"
Queijo Flamengo Fatias,PorSi,Embalagem 500G,"1,96 €","9,80 €/Kg"
Salada de fruta em calda,PorSi,Embalagem de 3 x 220 g,"1,99 €","2,37 €/Kg"
Achocolatado em pó extra chocolate,Nesquik,Embalagem de 390g,"5,39 €","7,19 €/Kg"
Nata uht para bater,Gresso,Garrafa de 200 ml,"0,75 €","3,75 €/L"
"Caixa com saquetas de  pau de canela, 30 unidades",PorSi,Embalagem 90G,"0,25 €","0,25 €/Kg"
Refeição caseira almôndegas,Nobre,Embalagem de 420g,"2,35 €","5,60 €/Kg"
"Pasta dentífrica, 7-13 anos",Labell,Embalagem de 75 ml,"0,99 €","0,99 €/Unidade"
Acetona,PorSi,Embalagem de 200 ml,"1,89 €","9,45 €/L"
"Cueca de incontinência, adulto, pequena",PorSi,Embalagem com 14 unidades,"9,99 €","9,99 €/Unidade"
Pó baratas e formigas,Baygon,Embalagem de 250 g,"5,49 €","13,73 €/L"
Pack de 3 embalagens de polpa de tomate,Compal,Embalagem de 630g,"3,84 €","24,00 €/Kg"
Lancheira,PorSi,Dim.: 20X14X15CM,"15,90 €","15,90 €/Unidade"
Cuvete para gelo,PorSi,1 unidade,"4,99 €","4,99 €/Unidade"
Néctar de laranja e cenoura light,PorSi,Embalagem de 3 x 200 ml,"0,84 €","2,55 €/L"
Massa meada,PorSi,Embalagem de 500g,"0,99 €","1,98 €/Kg"
Lentilhas verdes,Cemporcent,Embalagem de 500g,"1,94 €","3,88 €/Kg"
Tomate em pedaços,PorSi,Embalagem de 390g,"2,19 €","2,81 €/Kg"
"Cera cabelo, indestructible",Studio Line,Embalagem de 75 ml,"3,99 €","53,20 €/L"
Escova plástica (cores sortidas),PorSi,1 unidade,"0,89 €","0,89 €/Unidade"
Loção tónica para pele seca,Labell,Embalagem de 250 ml,"0,76 €","0,76 €/Unidade"
Alheira de mirandela,PorSi Select,Embalagem de 200 g,"1,49 €","7,45 €/Kg"
Pipocas coloridas,Orcape,Embalagem de 100g,"0,79 €","7,90 €/Kg"
Vinho tinto doc dão,Cabriz,Garrafa de 0.75 l,"7,49 €","9,99 €/L"
Creme vegetal para cozinha,Becel,Embalagem de 450 g,"1,59 €","6,36 €/Kg"
Esparguete s/ glúten,Milaneza,Embalagem de 500g,"2,69 €","5,38 €/Kg"
Óleo alimentar,Vêgê,Embalagem de 1 l,"3,39 €","3,39 €/L"
Cappucino go chill com cacau,Delta,Embalagem de 230 ml,"3,19 €","25,52 €/Kg"
Chá barriguinha,PLANTANATU,Embalagem de 10 unidades,"1,19 €","1,19 €/Unidade"
Peito de peru fatias,PorSi,Embalagem de 150g,"1,44 €","9,59 €/Kg"
Piripiri grão,PorSi,Saqueta de 20 g,"0,25 €","0,25 €/Kg"
Sementes de girassol,Cemporcent,Embalagem de 150 G,"1,39 €","9,27 €/Kg"
"Bolachas relieve, mel e coco",PorSi,Embalagem de 700g,"2,82 €","9,40 €/Kg"
"Livro ""Histórias Fantásticas com Unicórnios""",Girassol,1 unidade,"7,50 €","7,50 €/Unidade"
Fiambre da Perna Extra,PorSi,1 un = 150 gr (aprox.),"0,97 €","6,49 €/Kg"
Faca para Churrasco 11 cm Inox,PorSi,1 unidade,"4,75 €","4,75 €/Unidade"
Queijo fundido vaca que ri palitos light 140g,A Vaca Que Ri,Embalagem de 140g,"2,39 €","19,92 €/Kg"
Massa cuscus,Nacional,Embalagem de 250g,"0,99 €","1,98 €/Kg"
Alimento seco p/ cão sénior,HappyOne,Embalagem de 4 kg,"12,95 €","3,24 €/Kg"
Arroz basmati,Caçarola,Embalagem de 1 kg,"1,26 €","1,26 €/Kg"
Whisky 15 anos c/caixa,J&B,Garrafa de 700 ml,"32,99 €","47,13 €/L"
Lancheira térmica,Do Art,1 un.,"3,99 €","3,99 €/Unidade"
Leite de limpeza age perfect,L'oreal,Embalagem de 200 ml,"0,76 €","0,76 €/Unidade"
Chiclets morango 16.8g,CHICLETS,Embalagem de 20g,"0,89 €","59,33 €/Kg"
Bolacha dibus mini angry birds,Gullon,Embalagem de 250g,"1,89 €","15,75 €/Kg"
Pudim de chocolate,Boca Doce,Embalagem de 20g,"0,59 €","29,50 €/Kg"
Iogurte mix-in smarties baunilha,Nestle,Embalagem de 2 x 128 g,"1,05 €","1,86 €/L"
Balões latex verde,PorSi,Embalagem com 24 unidades,"1,54 €","1,54 €/Unidade"
20 saquetas chá de frutos silvestres,Lipton,Embalagem de 30g,"1,19 €","59,50 €/Kg"
Livro O Polegarzito,Europrice,1 unidade,"7,50 €","7,50 €/Unidade"
Spray power&shine casa de banho,Cif,Garrafa de 750 ml,"4,09 €","5,45 €/L"
Ambientador aerosol pure flor de cerejeira,Air Wick,Garrafa de 250 ml,"0,99 €","3,30 €/L"
Creme de Mãos Intensivo,Nivea,Embalagem de 100 ml,"2,49 €","41,50 €/L"
Detergente manual de roupa,Omo,Embalagem de 540g,"2,38 €","4,67 €/Kg"
Vinho Regional de Lisboa Branco,Mundus,"Garrafa de 0,75L","2,09 €","2,79 €/L"
Penso de incontinência boutique mini,Ausonia Discreet,Embalagem de 16 un.,"1,95 €","1,95 €/Unidade"
Vinho do Porto Tawny,Velhotes,"garrafa de 0,75 l","6,29 €","8,39 €/L"
Alimento seco p/gato adulto cocktail,PorSi,Embalagem de 4Kg,"2,19 €","5,48 €/Kg"
Perolas perfumadas floral,PorSi,Embalagem de 275 g,"8,59 €","2,00 €/L"
Cafe soluvel c/c 200g,Delta,Embalagem de 200g,"1,45 €","14,50 €/Kg"
Sal marinho grosso,Vatel,Embalagem de 1 kg,"0,25 €","0,25 €/Kg"
Livro da Selva,Europrice,1 unidade,"7,50 €","7,50 €/Unidade"
Sumo essencial kids,Compal,pack 3 x 0.11 l,"2,29 €","6,94 €/L"
Lambrusco branco,Sorbello,Garrafa de 0.75 l,"2,09 €","2,79 €/L"
Ambientador aerossol 5 em 1 lavanda,PorSi,300 ml,"0,99 €","3,30 €/L"
Recarga p/ ambientador elétrico flores,Ambipur,3 unidades,"5,99 €","23,96 €/L"
Peito de frango forno a lenha fatias finas,Izidoro,110 g,"1,44 €","9,59 €/Kg"
Cebola picada em pacote,PorSi,Embalagem de 40 g,"0,25 €","0,25 €/Kg"
Infusão hipericão,Cemporcent,Embalagem de 10 unidades,"0,99 €","76,15 €/Kg"
Nutella,Nutella,Embalagem de 700g,"10,26 €/Kg","10,26 €/Kg"
Vela com número nº 6,PorSi,1 unidade,"0,60 €","0,60 €/Unidade"
Farinha láctea,PorSi,Embalagem de 1 kg,"4,99 €","4,99 €/Kg"
Leite Meio Gordo sem Lactose,Mimosa,Pack 4 x 200 ml,"0,99 €","0,99 €/L"
Compasso Origin 3 peças,Maped,Uma embalagem,"4,69 €","4,69 €/Unidade"
Moscatel de setúbal,Pioneiro,Garrafa de 750 ml,"16,99 €","24,27 €/L"
"Vinho Alentejo, Private Collection, Tinto",Selecção de Enófilos,Garrafa de 0.75 l,"4,99 €","6,65 €/L"
