Nome,Marca,Unidade,Preço Primário,Preço Secundário
Dentifríco Flúor Gel,Colgate,Embalagem de 75 ml,"2,39 €","31,87 €/L"
Alecrim,Margao,Embalagem de 20g,"0,66 €","22,00 €/Kg"
Miolo de camarão 80/100,Pescanova,Embalagem de 350g,"8,99 €","25,69 €/Kg"
Saqueta de puré de fruta | maçã + banana + morango,PorSi,90 g,"0,74 €","8,22 €/Kg"
Ambientador vela odor tabaco,PorSi,1 unidade,"4,99 €","4,99 €/Unidade"
"Lixívia, perfume fresco",Neoblanc,Embalagem de 4 l,"2,19 €","1,10 €/L"
Pratos sobremesa em cana-de-açúcar 15.5 mm,PorSi,6 unidades,"1,15 €","1,15 €/Unidade"
Maxi folhado queijo/fiambre,Pastelaria do Dia,1 unidade = 125 g,"0,65 €","0,65 €/Unidade"
Toucinho Fumado,PorSi,fatiado a partir de 100 gr,"2,79 €","9,30 €/Kg"
Detergente Líquido p/ Loiça Original,Fairy,"Embalagem de 1,19 l","1,05 €","2,10 €/L"
Vinho tinto,Adega grande,Garrafa de 75 cl,"2,99 €","3,99 €/L"
Camisola segunda pele 30D preto t. único,PorSi,1 unidade,"4,69 €","4,69 €/Unidade"
Porto white,Ferreira,Garrafa de 750 ml,"11,99 €","15,99 €/L"
Queijo fatias -50% gordura,Terra Nostra,Embalagem de 400g,"1,96 €","9,80 €/Kg"
Biscoitos integrais sementes de agave,PorSi Viva Bem,Embalagem de 150g,"1,45 €","11,15 €/Kg"
Vassoura cruzeta,PorSi,1 unidade,"2,20 €","2,20 €/Unidade"
Polvilho doce,PorSi,Embalagem de 500g,"2,29 €","4,58 €/Kg"
Salsicha Picante,Porco,1 un = 100 gr (aprox.),"0,65 €","6,49 €/Kg"
Sabonete sensitive,Palmolive,Embalagem de 4x90 g,"4,49 €","12,47 €/Kg"
Papel higiénico compacto,PorSi,24 rolos,"1,99 €","1,99 €/Unidade"
Iogurte infantil c/ drageias coloridas,PorSi,140 g,"1,05 €","1,86 €/L"
Copos para caipirinha,PorSi,6 unidades,"1,15 €","1,15 €/Unidade"
Salada bacon,PorSi,Embalagem de 192 g,"2,99 €","11,96 €/Kg"
Vinho tinto regional alentejano,Tapada do Barão,Garrafa de 0.75 l,"2,89 €","3,85 €/L"
Salsichas cocktail,PorSi,Lata com 180 g,"0,75 €","3,75 €/Kg"
Vinho doc douro tinto,Papa Figos,Garrafa de 0.75 l,"7,49 €","9,99 €/L"
"Vinho rosé, meio seco",Leziria,Garrafa de 750 ml,"4,29 €","5,72 €/L"
Jesuita,*,1 unidade = 75 g,"1,19 €","1,19 €/Unidade"
Discos de algodão para bebé,PorSi,60 unidades,"3,99 €","3,99 €/Unidade"
Queijo tres igrejas cura 2 meses,Santiago,Vendido ao peso a partir de 250 gr,"3,35 €","13,39 €/Kg"
"Iogurte pedaços, frutimax muesli",PorSi,Embalagem de 4 x 125 g,"4,38 €","2,19 €/Kg"
Cebolinho,PorSi,Embalagem de 50g,"0,99 €","19,80 €/Kg"
Néctar clássico laranja,Compal,Embalagem de 1 l,"0,99 €","0,99 €/L"
Leite Bem Essencial Chocolate,Mimosa,Embalagem de 4 x 200 ml,"0,26 €","1,30 €/L"
"Coloração permanente, castanho claro cobre nº54",Nutrisse,1 unidade,"9,49 €/Unidade","9,49 €/Unidade"
Feijão frade,Caçarola,Embalagem de 500 g,"2,78 €/Kg","2,78 €/Kg"
Guardanapos 2 folhas azul e dourado,PorSi Select,40 unidades,"1,29 €","1,29 €/Unidade"
Senses Watermelon,Trident,1 un.,"3,09 €","37,68 €/Kg"
Óleo de girassol,PorSi,garrafa de 3 litros,"3,39 €","3,39 €/L"
Crepe simples,PorSi,Embalagem de 630g,"3,99 €","7,39 €/Kg"
Salsichas de porco,Nobre,Lata de 200g,"0,75 €","3,75 €/Kg"
Compasso Origin 5 peças,Maped,Uma embalagem,"1,69 €","1,69 €/Unidade"
Salsichão fuet caseiro,Elpozo,Embalagem de 150g,"0,95 €","9,49 €/Kg"
Farinheira das beiras,PorSi,1 unidade = 730 g (aprox.),"1,39 €","6,95 €/Kg"
Limpa vidros azul,PorSi,Embalagem de 1 l,"1,99 €","1,99 €/L"
Arroz estufado,Caçarola,Embalagem de 1 kg,"1,26 €","1,26 €/Kg"
Vinho tinto regional peninsula de setúbal,Fonte nico,Garrafa de 750 ml,"2,99 €","3,99 €/L"
Papa infantil láctea maçã +6 meses,Cerelac,Embalagem de 250g,"4,99 €","4,99 €/Kg"
Batata doce frita,PorSi,Embalagem de 150g,"1,01 €","5,46 €/Kg"
Pilha alcalina classic lr14x2,Domédia,1 unidade,"2,56 €","2,56 €/Unidade"
Creme autobrilhante preto,Splendor,40 ml,"0,99 €","330,00 €/Kg"
Bebida de cereais e café mokambo intenso,Nestle,Embalagem de 180g,"2,29 €","11,45 €/Kg"
Rúcula Selvagem Programa Origens,PorSi,Embalagem de 100g,"0,99 €","9,90 €/Kg"
"Máquina depiladora descartável, Blue II Feminina",Gillette,Embalagem de 5+1 unidades,"3,29 €","3,29 €/Unidade"
Cereais corn flakes,Kellogg's,Embalagem de 500g,"3,99 €","7,98 €/Kg"
Croissants brioche,s. tomé,Embalagem de 200 g,"7,40 €/Kg","7,40 €/Kg"
"Vinho tinto regional, península de setúbal, bag-in-b...",Dom Campos,Garrafa de 5 l,"9,49 €","1,90 €/L"
Pensos Higiénicos Cottonlike Normal Abas,Evax,embalagem de 16 unidades,"2,59 €","2,59 €/Unidade"
Feijao catarino,Caçarola,Embalagem de 500 g,"2,78 €/Kg","2,78 €/Kg"
Gelado magnum mini double framboesa,Olá,Embalagem de 6 x 60 ml,"5,99 €","16,64 €/L"
Anti-Traça Alimentos,Dum Dum,2 unidades,"4,69 €","4,69 €/Unidade"
Achocolatado em pó extra chocolate,Nesquik,Embalagem de 390g,"6,64 €/Kg","6,64 €/Kg"
Bolacha dibus mini angry birds,Gullon,Embalagem de 250g,"2,33 €/Kg","2,33 €/Kg"
Arroz vaporizado,Cigala,Embalagem de 1 kg,"1,26 €","1,26 €/Kg"
Sangria,Casal Garcia,Garrafa de 750 ml,"2,19 €","1,46 €/L"
Refresco em pó de ananás,PorSi,Embalagem de 40 g,"0,75 €","18,75 €/Kg"
Mel multifloral doseador,PorSi,Embalagem de 250g,"2,25 €","9,00 €/Kg"
Bolachas crackers integrais,PorSi,Embalagem de 500g,"0,39 €","3,12 €/Kg"
10 Cones de Baunilha,Progelcone,Embalagem de 110 g,"2,98 €","9,93 €/Kg"
Argolas do mar,Pescanova,Embalagem de 400g,"9,59 €","11,99 €/Kg"
Couve Bróculo,Programa Origens,1 un = 600 g (aprox.),"1,99 €","1,99 €/Kg"
Leite infantil confort 1 desde o nascimento,NAN,Embalagem de 800g,"23,99 €","29,99 €/Kg"
Chá verde,Tetley,Embalagem de 20g,"0,99 €","23,02 €/Kg"
Alho moído,PorSi,Saqueta de 50 g,"0,66 €","22,00 €/Kg"
Maçã Golden 70/75,Fruta do Dia,1 un = 150 gr (aprox.),"0,34 €","1,89 €/Kg"
Bebida de Soja Natural,PorSi Viva Bem,Pack: 3 x 200 ml,"2,49 €","2,49 €/L"
Lixívia para roupa tradicional,Neoblanc,Embalagem de 2 l,"2,19 €","1,10 €/L"
Cogumelos inteiros,PorSi,Embalagem de 355 g,"2,19 €","2,81 €/Kg"
Azeite Subtil,Gallo,Garrafa de 750 ml,"3,29 €","4,39 €/L"
Creme vegetal p/ barrar reduz colesterol,PorSi Viva Bem,250 g,"1,99 €","3,98 €/Kg"
Mel de montanha,PorSi Select,Frasco de 250 g,"2,25 €","9,00 €/Kg"
Coador Chá Aço Inoxidável,Gratta,1 unidade,"19,99 €","19,99 €/Unidade"
"Bloco sanitário, Blue Active Floral",Sonasol,Embalagem de 50 g,"37,36 €/Kg","37,36 €/Kg"
Petit gâteau,PorSi,Embalagem de  4 x 80 g,"3,99 €","7,39 €/Kg"
Serpentinas,Mercagranel,Embalagem 20 Rolos,"0,59 €","0,59 €/Unidade"
Bolachas,Oreo,Embalagem de 220g,"1,49 €","9,68 €/Kg"
Mousse limpeza refresh,Labell,Embalagem com 150ml,"12,48 €/L","12,48 €/L"
Toranja,Fruta do Dia,1 un = 300 gr  (aprox.),"0,47 €","1,89 €/Kg"
Iogurte natural 0%,PorSi Viva Bem,Embalagem de 6 x 125 g,"0,99 €","1,98 €/Kg"
Puré de batata,Maggi,Embalagem de 250g,"1,49 €","1,49 €/Kg"
Bombons praliné avelã,PorSi Select,100 g,"5,29 €","33,06 €/Kg"
Bolachas belgas manteiga,PorSi,Embalagem de 250g,"1,69 €","6,76 €/Kg"
Leite condensado,Nestle,Embalagem de 370g,"1,09 €","2,75 €/Kg"
"Mistura de couve flor, brócolos e cenoura",PorSi,Embalagem de 1 kg,"1,98 €","1,98 €/Kg"
Pensos resistentes à água,PorSi,Embalagem com 15 unidades,"1,69 €","1,69 €/Unidade"
Fermento padeiro 44g condi,Condi,Embalagem de 40g,"1,89 €","17,18 €/Kg"
Azeite virgem extra gourmet,Gallo,Garrafa de 750 ml,"3,29 €","4,39 €/L"
Chá fresh verde e pêssego,Cemporcent,Embalagem de 18g,"44,50 €/Kg","44,50 €/Kg"
Açorda de camarão,PorSi Select,Embalagem de 300g,"1,99 €","4,98 €/Kg"
Inseticida Aerossol Casa&Plantas,Raid,1 Embalagem 600ml,"6,59 €","10,98 €/L"
Vinagre de vinho branco,Cristal,Garrafa de 750 ml,"0,35 €","0,70 €/L"
Iogurte aroma de banana,PorSi,Embalagem de 4x125g,"0,69 €","1,38 €/Kg"
Patê figado de porco,La piara,Embalagem de 80g,"1,19 €","13,52 €/Kg"
Porto ruby,Valadao,Garrafa de 750 ml,"5,99 €","7,99 €/L"
Adoçante comprimidos,PorSi,Embalagem de 250 saquetas,"5,99 €","23,96 €/Kg"
Peito de frango,PorSi,"Vendido ao peso, fatiado a partir de 150 g","1,99 €","13,27 €/Kg"
Lâmpada LED Formato Clássico 8W E27 220-240V,Domédia,1 un.,"3,99 €","3,99 €/Unidade"
Chip choco diet nature,Gullon,Embalagem de 130g,"0,79 €","5,27 €/Kg"
Batata frita palha,Pala-pala,Embalagem de 250g,"0,87 €","5,44 €/Kg"
Sopa de cozido,Knorr,Embalagem de 70g,"0,62 €","10,00 €/Kg"
Reparador de móveis escuro,PorSi,Embalagem de 200 ml,"4,39 €","14,63 €/L"
"Patê de sardinha,atum e salmão",PorSi,Embalagem de 4 x 22 g,"1,19 €","13,52 €/Kg"
Lambrusco tinto,*,Garrafa de 750 ml,"2,12 €/L","2,12 €/L"
Queijo Curado Trad.Pimentão,Alavão,Vendido ao peso a partir de 250 gr,"3,35 €","13,39 €/Kg"
Super Napolitana Creme 125 g,Pastelaria do Dia,1 un = 125 g (aprox.),"1,19 €","1,19 €/Unidade"
"Alimento seco para gato adulto, galinha",Whiskas,"Embalagem de 1,75 kg","4,87 €","2,44 €/Kg"
Conjunto Colheres de Mesa Prestige,PorSi,3 peças,"0,65 €","0,65 €/Unidade"
Mistura solúvel bolero,Nestle,Embalagem de 200g,"2,29 €","11,45 €/Kg"
Borrego Inteiro/Metades,Borrego,"1/2 un = 7 kg,  1 un = 14 kg (aprox.)","59,43 €","8,49 €/Kg"
Polvilho azedo,PorSi,Embalagem de 500g,"2,29 €","4,58 €/Kg"
Sardinha em tomate,PorSi,Embalagem de 120g,"9,08 €/Kg","9,08 €/Kg"
Pólen de abelhas,PorSi Select,Frasco de 130 g,"2,25 €","9,00 €/Kg"
Leite uht gordo,Mimosa,Embalagem de 1 litro,"1,04 €","1,04 €/L"
Infusão nº 6 sem barriga,Cemporcent,Embalagem de 10 unidades,"0,99 €","76,15 €/Kg"
Refrigerante s/ gás califórnia,Sunny d,"Garrafa de 1,25 l","1,90 €","1,27 €/L"
Snack de milho com queijo,Cheetos,Embalagem de 75 g,"0,79 €","7,90 €/Kg"
"Baton, soft rosa",Labello,Embalagem de 5 g,"0,58 €","0,58 €/Unidade"
Bolacha digestive aveia 258g,Vieira,Embalagem de 258 g,"1,19 €","5,95 €/Kg"
Pão ralado clássico,PorSi,Embalagem de 240 g,"0,72 €","3,00 €/Kg"
Bolachas brownie tubo,Oreo,Embalagem de 150g,"1,49 €","9,68 €/Kg"
Couve Branca,Programa Origens,1 un = 1.5 kg (aprox.),"1,99 €","1,99 €/Kg"
Corn flakes,PorSi,Embalagem de 1 kg,"3,99 €","7,98 €/Kg"
Queijo Flamengo Bola,Queijaria de Celorico,Vendido ao peso a partir de 100 g,"1,96 €","9,80 €/Kg"
"Máquina depilatória descartável, bikini",Labell,1 embalagem - 3 unidades,"3,29 €","3,29 €/Unidade"
Pedras limão,P.salgadas,Garrafa de 1 l,"1,99 €/L","1,99 €/L"
"Engoma fácil, pistola",PorSi,Embalagem de 750 ml,"3,99 €","5,70 €/L"
Café em grão 5 estrelas,Sical,Embalagem de 250g,"9,16 €/Kg","9,16 €/Kg"
Pudim de caramelo,Boca Doce,Embalagem de 20g,"0,59 €","29,50 €/Kg"
12 ovos codorniz,PorSi,Embalagem de 1 unidades,"1,15 €","1,15 €/Unidade"
12 Caldos de carne,PorSi,Embalagem de 127 g,"3,84 €","24,00 €/Kg"
Adoçante liquido,PorSi,Garrafa de 125 ml,"5,99 €","23,96 €/Kg"
Abóbora Menina Programa Origens,PorSi,1 un= 1 kg (aprox.),"0,79 €/Kg","0,79 €/Kg"
Cogumelos laminados 1/2,PorSi,Embalagem de 355 g,"2,19 €","2,81 €/Kg"
Linhaça castanha moída,Cemporcent,Embalagem de 200g,"1,49 €","7,45 €/Kg"
Iogurte mix-in smarties morango,Nestle,Embalagem de 2 x 128 g,"1,05 €","1,86 €/L"
Ketchup,PorSi,Embalagem de 300 g,"0,87 €","2,90 €/Kg"
Bolacha cookie sensations choco,Milka,Embalagem de 160g,"0,79 €","5,27 €/Kg"
Atum posta em óleo,Noro,Lata com 110 g,"9,08 €/Kg","9,08 €/Kg"
Água c/ gás: limão/pepino/gengibre,Frize,pack 4 x 0.25 l,"1,99 €/L","1,99 €/L"
Gogo SqueeZ Snack Pêssego,Gogo,Embalagem de 90g,"2,29 €","6,94 €/L"
Preparado para arroz de marisco,Brasmar,Embalagem de 450 g,"1,99 €","4,98 €/Kg"
Perca posta,PorSi,Embalagem de 400g,"3,00 €","9,99 €/Kg"
Desodorizante roll-on Invisible,Rexona,Embalagem de 50ml,"1,39 €","6,95 €/L"
Batido de baunilha,Forma+,Embalagem de 700g,"13,90 €","19,86 €/Kg"
Ambientador tealights frutos vermelhos,PorSi,embalagem com 18 unidades,"4,99 €","4,99 €/Unidade"
Adoçante à base de sucralose em pó,PorSi,Embalagem de 90g,"5,99 €","23,96 €/Kg"
20 saquetas chá yellow label,Lipton,Embalagem de 30g,"0,89 €","44,50 €/Kg"
"Coloração permanente, castanho dourado, nº43",Nutrisse,1 unidade,"9,49 €/Unidade","9,49 €/Unidade"
Infusão tília,Cemporcent,Embalagem de 10 unidades,"0,99 €","76,15 €/Kg"
Café moagem normal: original,Buondi,Embalagem de 220g,"8,76 €/Kg","8,76 €/Kg"
Cereais corn flakes s/ glúten chocolate,Nestle,Embalagem de 380g,"2,99 €","7,97 €/Kg"
Gelatina melancia 10kcal 31g,Royal,Embalagem de 30g,"0,55 €","61,11 €/Kg"
Copos de papel brancos 200 ml,PorSi,25 unidades,"1,15 €","1,15 €/Unidade"
Garfo de nylon cabo áqua,PorSi,1 unidade,"0,65 €","0,65 €/Unidade"
Azeite,PorSi,Garrafa de 1 l,"3,29 €","4,39 €/L"
Sumo 100% pêssego e uva,PorSi,Pack 3 x 200 ml,"1,09 €","0,73 €/L"
Guardanapos,PorSi,,"1,29 €","1,29 €/Unidade"
Requeijão de vaca,PorSi,Embalagem de 200 g,"1,09 €","5,45 €/Kg"
Meloa Gália,Fruta da Época,1 un = 1 kg (aprox.),"2,48 €","0,99 €/Kg"
Borracha para desenho técnico,Domédia,1 unidade,"1,69 €","1,69 €/Unidade"
Cogumelos laminados,PorSi,Embalagem de 185 g,"2,19 €","2,81 €/Kg"
"Limpa vidros cristal, pistola",PorSi,Embalagem de 1 l,"3,19 €","6,38 €/L"
Sal marinho grosso,Vatel,Embalagem de 1 kg,"0,66 €","22,00 €/Kg"
Pickles em vinagre,PorSi,Embalagem de 200 g,"2,19 €","2,81 €/Kg"
Sobremesa paturette baunilha,Páturages,Embalagem de 4 x 115 g,"1,19 €","2,59 €/Kg"
Nata uht para culinária,Parmalat,Embalagem de 200 ml,"1,12 €","5,60 €/L"
Sardinhas em azeite,PorSi,Embalagem de 120g,"9,08 €/Kg","9,08 €/Kg"
Ice tea pessêgo,Lipton,pack 6 x 0.25 l,"1,90 €","1,27 €/L"
Papa infantil láctea 5 frutos +6 meses,Cerelac,Embalagem de 250g,"4,99 €","4,99 €/Kg"
Queijo flamengo fatias light,PorSi,Embalagem de 200g,"1,95 €","9,75 €/Kg"
Perolas perfumadas fresh,PorSi,Embalagem de 275 g,"29,99 €","7,06 €/L"
Cebola picada em pacote,PorSi,Embalagem de 40 g,"0,66 €","22,00 €/Kg"
Pão ralado alho e salsa,PorSi,Embalagem de 240 g,"0,72 €","3,00 €/Kg"
Vinagre de vinho tinto,PorSi,Garrafa de 500 ml,"0,35 €","0,70 €/L"
Comida húmida para gato duplo prazer com peixe do oc...,Gourmet Gold,Embalagem de 90g,"2,75 €","6,88 €/Kg"
Toalhitas multiusos limão,PorSi,Embalagem de 80 unidades,"1,79 €","1,79 €/Unidade"
Tomate frito,Heinz,Embalagem de 350g,"3,84 €","24,00 €/Kg"
Gelo picado,PorSi,Embalagem de 2 kg,"1,00 €","0,50 €/Kg"
"Vela em número, nº 8",PorSi,1 unidade,"0,60 €","0,60 €/Unidade"
Bolachas starship chocolate,PorSi,Embalagem de 150g,"0,79 €","5,27 €/Kg"
Pastéis de nata,PorSi,Embalagem de 6x60 g,"3,99 €","7,39 €/Kg"
Dettol sabonete líquido Lavanda,Dettol,Garrafa de 250 ml,"2,18 €/L","2,18 €/L"
Refresco pó laranja,PorSi,Embalagem de 40g,"0,75 €","18,75 €/Kg"
Leite condensado cozido,Nestle,Embalagem de 400g,"1,09 €","2,75 €/Kg"
Doce de tomate 60% fruta,Cemporcent,Embalagem de 280g,"2,69 €","8,15 €/Kg"
Lombo curado fatiado,PorSi,100 g,"25,90 €/Kg","25,90 €/Kg"
Toalha de Mesa Anti Nódoas,VZT,Dim.: 150 x 150 cm,"19,99 €","19,99 €/Unidade"
Framboesa mirtilo com xarope de milho,Cemporcent,Embalagem de 230g,"2,69 €","8,15 €/Kg"
Liégeois Sobremesa de chocolate,Páturages,Embalagem de 4x100 g,"1,19 €","2,59 €/Kg"
Espetos de madeira para churrasco 24 cm,PorSi,Embalagem de 20 unidades,"0,65 €","0,65 €/Unidade"
"Queijo em fatias, -50% gordura",Limiano,Embalagem de 200g,"1,96 €","9,80 €/Kg"
Creme de amendoim chunk 340g,Skippy,Embalagem de 340g,"4,39 €","12,91 €/Kg"
Fralda cueca T4 - 8 a 14 kg,PorSi,22 unidades,"4,49 €","4,49 €/Unidade"
Peito de peru,Salsicharia Limiana,"Vendido ao peso, fatiado","1,99 €","13,27 €/Kg"
Crepe maçã e canela,PorSi,Embalagem de 540 g,"3,99 €","7,39 €/Kg"
Fiambre da pá fatiado,PorSi,200 g,"0,97 €","6,49 €/Kg"
"Mini rissóis de carne, 20 unidades",PorSi,Embalagem de 300 g,"1,99 €","4,98 €/Kg"
Tablete de chocolate negro,PorSi Select,200 g,"10,89 €/Kg","10,89 €/Kg"
Rolo de cozinha XXL,PorSi,1 rolo,"4,99 €","4,99 €/Unidade"
Gelatina mirtilo 10kcal 31g,Royal,Embalagem de 30g,"0,55 €","61,11 €/Kg"
Vinho Tinto Regional Península de Setúbal,Selecção de Enófilos,750 ml,"2,99 €","3,99 €/L"
Queijo flamengo 0% lactose,PorSi Viva Bem,Embalagem de 150 g,"0,99 €","1,98 €/Kg"
Folhado de Maçã,*,1 unidade= 100 g,"1,19 €","1,19 €/Unidade"
Detergente líquido Ultra Concentrado Loiça Platinium...,PorSi,Embalagem de 500 ml,"1,05 €","2,10 €/L"
Vinho doc palmela tinto,Selecção de Enófilos,Garrafa de 0.75 l,"2,99 €","3,99 €/L"
Vinagre de sidra,Cristal,Garrafa de 500 ml,"0,35 €","0,70 €/L"
Tortitas de milho sem sal,PorSi Viva Bem,Embalagem de 130g,"0,79 €","7,90 €/Kg"
Néctar clássico tutti-frutti,Compal,Embalagem de 1 l,"0,99 €","0,99 €/L"
Gel de Duche Creme Care,Nivea,Embalagem de 750 ml,"6,99 €","9,32 €/L"
Whisky heritage blend,Logan,Garrafa de 700 ml,"23,99 €","34,27 €/L"
Algodão limpa metais,Duraglit,Embalagem de 75 g,"8,99 €","14,98 €/L"
Tremoços extra,PorSi,Vendido ao peso a partir de 500 g,"1,00 €","3,99 €/Kg"
Mopa Maxi XXL + 8 Panos,Swiffer,1 unidade,"0,89 €","0,89 €/Unidade"
Loção corporal,Nivea,Embalagem de 400 ml,"12,48 €/L","12,48 €/L"
Vela com número nº 3,PorSi,1 unidade,"0,60 €","0,60 €/Unidade"
Refrigerante sem gás de manga/laran,Joi,"Garrafa de 1,5 l","1,90 €","1,27 €/L"
Café Nespresso Roast Intensidade 11,STARBUCKS,Embalagem com 10 unidades,"54,36 €/Kg","54,36 €/Kg"
Alimento húmido para cão borrego,Pedigree,Embalagem de 300g,"0,75 €","2,50 €/Kg"
Canjinha de Frango do Campo Lusitano,PorSi Select,Embalagem de 750 g (aprox.),"1,50 €","5,99 €/Kg"
Néctar frutos vermelhos,PorSi,Embalagem de 200 ml,"0,99 €","0,99 €/L"
Saqueta de puré de fruta | maçã + pêssego + banana +...,PorSi,90 g,"0,74 €","8,22 €/Kg"
Banda térmica alivio dor muscular 29x9cm,PorSi,Embalagem de 2 unidades,"1,69 €","1,69 €/Unidade"
Raspador de citrinos cabo áqua,PorSi,1 unidade,"0,65 €","0,65 €/Unidade"
Chocolate kit kat,Kit kat,Embalagem de 130g,"16,72 €/Kg","16,72 €/Kg"
"Alimento seco para gato adulto, vaca",Whiskas,"Embalagem de 1,75 kg","4,87 €","2,44 €/Kg"
Rabanetes,Legumes do dia,Embalagem 125g,"0,47 €","4,69 €/Kg"
Miolo de ameijoa,PorSi,Embalagem de 250 g,"2,49 €","9,96 €/Kg"
"Spray depilatório, peles sensiveis",Veet,Garrafa de 150 ml,"10,99 €","73,27 €/L"
Champô anti-caspa,Labell,Embalagem de 400 ml,"1,67 €","4,18 €/L"
Peito de peru forno a lenha,Primor,"Vendido ao peso, fatiado a partir de 100 gr","1,99 €","13,27 €/Kg"
Cabrito Inteiro/Metades,PorSi,1/2 un = 7 kg <br> 1 un = 14 kg (aprox.),"59,43 €","8,49 €/Kg"
Vela em número nº4,PorSi,1 unidade,"0,60 €","0,60 €/Unidade"
Limpa fornos,PorSi,500 ml,"2,99 €/L","2,99 €/L"
Limpa máquinas de roupa tripla ação,PorSi,Embalagem de 250 ml,"29,99 €","7,06 €/L"
Papa infantil não láctea bolacha maria +6 meses,Cerelac,Embalagem de 250g,"4,99 €","4,99 €/Kg"
Sacos cubos de gelo fecho manual,PorSi,Embalagem com 10 unidades,"1,11 €","1,11 €/Unidade"
Leite uht magro,Mimosa,Embalagem de 200 ml,"0,83 €","0,83 €/L"
Batata Frita c/ Sal,Ruffles,Embalagem de 160 g,"1,01 €","5,46 €/Kg"
Grelhador liso anti-aderente 26 cm,PorSi,Unidade 1,"19,99 €","19,99 €/Unidade"
Bacalhau espiritual,PorSi,Embalagem de 300g,"1,99 €","4,98 €/Kg"
Spray renova camurça castanha,PorSi,Embalagem de 200 ml,"6,19 €","24,76 €/L"
Cerveja sagres,Sagres,20 x 0.25 l,"1,99 €/L","1,99 €/L"
Leite 0% lactose magro,Mimosa,Garrafa de 1 l,"0,94 €/L","0,94 €/L"
Salmão posta,PorSi,Embalagem de 400g,"3,00 €","9,99 €/Kg"
Lava Tudo Amoniacal,Sonasol,4 litros,"0,99 €","0,50 €/L"
Chá preto,Tetley,Embalagem de 30g,"41,67 €/Kg","41,67 €/Kg"
Amaciador para cabelos pintados,Labell,Embalagem de 200 ml,"1,00 €","5,00 €/L"
Maçã golden 60/65 categoria II Programa Origens,PorSi,Embalagem de 1.5 kg,"0,34 €","1,89 €/Kg"
"Escova dentes, slim soft, média",Colgate,1 unidade,"3,49 €","3,49 €/Unidade"
Massa em espirais,PorSi,Embalagem de 500g,"0,99 €","1,98 €/Kg"
Shampo repelente p/ cão,Repul' 7,Garrafa de 200 ml,"11,98 €","59,90 €/L"
Ração para gato bolas de pelo com frango,Friskies,"Embalagem de 1,5kg","4,87 €","2,44 €/Kg"
Ervilhas primavera 500g,Iglo,Embalagem de 500g,"1,98 €","1,98 €/Kg"
Faqueiro prestige,PorSi,24 peças,"0,65 €","0,65 €/Unidade"
Bolachas marinheiras chia,Cemporcent,Embalagem de 200g,"1,45 €","11,15 €/Kg"
Gressinos com azeite,PorSi,Embalagem de 250g,"2,39 €","6,83 €/Kg"
Aditivo em pó máquina roupa branca,Vanish,Embalagem de 1.2 kg,"3,09 €","3,09 €/Kg"
Café solúvel clássico,Nescafe,Embalagem de 200g,"1,14 €","57,00 €/Kg"
"Rolos de cozinha compactos, branco, 2 unidades",PorSi,Uma embalagem,"4,99 €","4,99 €/Unidade"
Pêssego em calda metades,PorSi,Lata com 840 g,"1,99 €","2,37 €/Kg"
"Argolas, brancas, autocolante, 160 unidades, 13 mm",Domédia,1 embalagem,"2,19 €","109,50 €/L"
Vinho doc dão tinto,Grao vasco,Garrafa de 750 ml,"9,49 €","12,65 €/L"
Paté Fígado Porco c/ Cogumelos,PorSi,75 g,"0,95 €","4,75 €/Kg"
Arroz integral,PorSi Viva Bem,Embalagem de 1 kg,"1,94 €","3,88 €/Kg"
Bebida aveia,Alpro,Embalagem de 1 litro,"2,49 €","2,49 €/L"
Coxinhas de frango,PorSi,Embalagem de 360g,"9,30 €/Kg","9,30 €/Kg"
Noz com casca 28/30,Frutos secos,1 un = 200 gr (aprox.),"4,99 €/Kg","4,99 €/Kg"
Colgate smiles escova de dente manual kids,Colgate,Embalagem de 2 unidades,"0,99 €","0,99 €/Unidade"
Goiabada,PorSi,600 g,"1,09 €","2,42 €/Kg"
Refrigerante  c/ gás regular,Coca-Cola,pack 4 x 1 l,"0,40 €/L","0,40 €/L"
Gomas brilho,PorSi,Embalagem de 300 g,"1,19 €","3,97 €/Kg"
Choco Pequeno,Peixe Congelado,1 un= 200 gr (aprox.),"3,99 €/Kg","3,99 €/Kg"
Queijo vaca e ovelha s. penela,Serqueijos,Embalagem de 500g,"3,99 €","15,96 €/Kg"
6 cheeseburgers,PorSi,Embalagem de 750g,"2,79 €","8,72 €/Kg"
Batata Roxa Nova Granel,Legumes do Dia,1 un = 250 gr  (aprox.),"1,19 €","1,19 €/Kg"
Moscatel de Setúbal Reserva,Selecção de Enófilos,Garrafa de 0.75 l,"5,99 €","7,99 €/L"
Achocolatado em Pó,Nesquik,Embalagem de 390g,"6,64 €/Kg","6,64 €/Kg"
Queijo Meio Gordo,Queijaria das Pousadas,Vendido ao peso a partir de 250 g,"2,42 €","9,69 €/Kg"
Queijo curado pequeno,Casteloes,Embalagem de 500g,"0,82 €","23,43 €/Kg"
Framboesas 100% Naturais,PorSi,Embalagem de 750 g,"3,29 €","4,39 €/Kg"
12 Talheres Cabo de Madeira,Tramontina,,"0,65 €","0,65 €/Unidade"
Biscoitos brownies,PorSi,Embalagem de 230g,"0,79 €","5,27 €/Kg"
Iogurte liquido proteína yopro morango/framboesa,Yopro,300 g,"1,31 €","2,05 €/Kg"
Sabonete líquido mel,Feno,Embalagem de 300 ml,"2,18 €/L","2,18 €/L"
Bolachas mini alfa,Nacional,Embalagem de 120g,"2,98 €","9,93 €/Kg"
Vinho tinto doc douro,VILA REAL,Garrafa de 750 ml,"7,49 €","9,99 €/L"
"Escova de cabelo, Pontas Nylon Premium",Labell,Uma unidade,"5,99 €","5,99 €/Unidade"
Milho doce,PorSi,Embalagem de 3 x 140 g,"2,19 €","2,81 €/Kg"
Moscatel de setúbal,Dom Campos,Garrafa de 750 ml,"5,99 €","7,99 €/L"
"Pasta de limpeza com oxigénio activo, 48 unidades",Polident,Uma embalagem,"7,39 €","105,57 €/Kg"
Creme Mãos Hidratante,Labell,Embalagem de 100 ml,"1,03 €","10,30 €/L"
Creme abrasivo original,Cif,Garrafa de 700 ml,"4,99 €","7,13 €/L"
Esfregona de Microfibras Completa,PorSi,1 unidade,"0,89 €","0,89 €/Unidade"
Grão de bico,Compal,Lata de 850g,"2,19 €","2,81 €/Kg"
Biscoitos de cacau,PorSi,Embalagem de 750g,"2,29 €","3,05 €/Kg"
Petit gâteau chocolate negro belga,PorSi,Embalagem com 4 unidades,"3,99 €","7,39 €/Kg"
Dentifríco p/ Dentes de Leite,Aquafresh,Embalagem de 50 ml,"0,99 €","0,99 €/Unidade"
"Máquina Tripla Matrix, + 5 unidades",Labell Men,Uma embalagem,"1,16 €","4,64 €/L"
Spray limpeza casa de banho,Cillitbang,Embalagem de 500 ml,"1,79 €","2,39 €/L"
Paté de sardinha,PorSi,Embalagem de 4 x 22 g,"1,19 €","13,52 €/Kg"
Farinha para bolos fina,Branca de Neve,Embalagem de 1 kg,"1,49 €","1,49 €/Kg"
Óleo alimentar,Fula,Embalagem 1L,"3,39 €","3,39 €/L"
Pilha alcalina heightch lr14x2,Domédia,1 unidade,"2,56 €","2,56 €/Unidade"
Pó baratas e formigas,Baygon,Embalagem de 250 g,"6,59 €","10,98 €/L"
Corta pasta cabo áqua,PorSi,1 unidade,"0,65 €","0,65 €/Unidade"
Caderno Ecosmart A5 Pautado,Ambar,100 Folhas,"0,99 €","0,99 €/Unidade"
Sacos do lixo perfumado 30 litros,PorSi,15 unidades,"1,89 €","1,89 €/Unidade"
Martini fiero,Martini,Garrafa de 750 ml,"3,99 €","5,32 €/L"
Guardanapos de 1 folha azuis | dim.: 30 x 29 cm,PorSi,Embalagem com 70 unidades,"1,29 €","1,29 €/Unidade"
Azeite virgem extra clássico,Gallo,Garrafa de 750 ml,"3,29 €","4,39 €/L"
Rebuçado recheio morango,PorSi,Embalagem de 250g,"1,19 €","4,76 €/Kg"
Saqueta de puré de fruta | maçã + banana,PorSi,90 g,"0,74 €","8,22 €/Kg"
Vinho regional alentejano reserva tinto,Encosta das Perdizes,Garrafa de 0.75 l,"2,89 €","3,85 €/L"
Iogurte líquido magro frutos vermelhos,PorSi Viva Bem,Embalagem de 4x160 ml,"2,19 €","2,19 €/L"
Nata pasteurizada,PorSi,Embalagem de 450 ml,"1,12 €","5,60 €/L"
Lixivia perfume fresco,Neoblanc,Embalagem de 2 l,"2,59 €","1,30 €/L"
"Cerveja sem álcool, tara perdida",Super Bock,Pack 6 X 0.33 L,"5,99 €","3,03 €/L"
Sobremesa Paturette Chocolate,Páturages,Embalagem de 4x115g,"1,19 €","2,59 €/Kg"
Filtro Chá Aço Inoxidável,Gratta,1 unidade,"19,99 €","19,99 €/Unidade"
Farinha nao láctea bolacha maria,PorSi,Embalagem de 250g,"4,99 €","4,99 €/Kg"
Escova de dentes max white média,Colgate,1 + 1 unidades,"3,49 €","3,49 €/Unidade"
"Cerveja com álcool, tara perdida",Kings Bräu,pack 24 x 0.25 l,"1,99 €/L","1,99 €/L"
Francesinha,PorSi,Embalagem de 450G,"3,99 €","9,98 €/Kg"
Bolachas oreo,Oreo,Embalagem de 440g,"1,49 €","9,68 €/Kg"
Couve Roxa,Programa Origens,1 un = 1 kg (aprox.),"1,99 €","1,99 €/Kg"
Infusão camomila,Cemporcent,Embalagem de 10 unidades,"0,99 €","76,15 €/Kg"
Tablete de chocolate de leite,Toblerone,Embalagem de 100g,"5,30 €/Kg","5,30 €/Kg"
Tâmara seca sem caroço,PorSi Bio,Embalagem de 150g,"1,59 €","10,60 €/Kg"
Leite de coco bio,PorSi Bio,400 ml,"1,89 €","10,50 €/Kg"
Marmelada,Ferbar,Embalagem de 400g,"1,09 €","2,42 €/Kg"
Sardinha em azeite,PorSi Select,Lata de 120 g,"9,08 €/Kg","9,08 €/Kg"
Leite seleccionado leve,Matinal,Garrafa de 1 l,"0,83 €","0,83 €/L"
"Chá preto, sem cafeína, 10 saquetas",Tetley,Embalagem de 20g,"41,67 €/Kg","41,67 €/Kg"
Café Qalidus XXL,Delta Q,Embalagem com 60 cápsulas,"54,36 €/Kg","54,36 €/Kg"
Rebuçados mini café,PorSi,Embalagem de 200g,"1,15 €","4,60 €/Kg"
Flocos de batata para puré,PorSi,Embalagem de 500g,"1,98 €","1,98 €/Kg"
Damasco Programa Origens,PorSi,Vendido ao peso,"3,29 €","18,80 €/Kg"
Conjunto Garfos de Mesa Essencial,PorSi,3 peças,"0,65 €","0,65 €/Unidade"
Colher para arroz de inox cabo oregon,PorSi,1 unidade,"0,65 €","0,65 €/Unidade"
Loção tónica para pele seca,Labell,Embalagem de 250 ml,"23,70 €/L","23,70 €/L"
Coleira em nylon p/ cão  repelente 75cm,Repul' 7,Embalagem de 1 unidades,"19,99 €","19,99 €/Unidade"
Cereais fitness,Nestle,Embalagem de 380g,"3,79 €","29,38 €/Kg"
Nata uht,Mimosa,embalagem de 200 ml,"1,12 €","5,60 €/L"
Cerveja com álcool,Sagres,Lata de 500ml,"1,99 €/L","1,99 €/L"
"Queijo light, 8 porções",A Vaca Que Ri,Embalagem de 140 g,"1,95 €","9,75 €/Kg"
"Leite bem essencial, morango",Mimosa,Embalagem de 200 ml,"1,99 €","2,49 €/L"
"Guardanapos gold, com cor, folha dupla, 40x40cm, 40 ...",Renova,1 embalagem,"1,29 €","1,29 €/Unidade"
Vinho maduro tinto doc alentejano,P.ravessa,Garrafa de 750 ml,"2,89 €","3,85 €/L"
Café em cápsulas  qonvictus,Delta Q,Embalagem de 55 g,"54,36 €/Kg","54,36 €/Kg"
Bolos cake e chococolate,Milka,Embalagem de 180g,"2,15 €","2,87 €/Kg"
Conjunto Colheres de Mesa Essencial,PorSi,3 peças,"0,65 €","0,65 €/Unidade"
Morcela de Assar do Fundão,PorSi,"Vendido ao peso, 1 un= 500 g (aprox.)","1,39 €","6,95 €/Kg"
Pimentão doce saqueta,PorSi,Embalagem de 50 g,"0,66 €","22,00 €/Kg"
Palmiers,PorSi,Embalagem de 720 g,"2,29 €","3,05 €/Kg"
Bolachas digestive aveia e laranja,Gullon,Embalagem de 430g,"1,19 €","5,95 €/Kg"
Batata frita camponesa,PorSi,Embalagem de 175 g,"1,18 €","6,38 €/Kg"
Espumosos tinto bruto attitude,Fita azul,Garrafa 0.75L,"3,99 €","5,32 €/L"
4 filetes de pescada panados c/ limão,Pescanova,Embalagem de 400g,"9,30 €/Kg","9,30 €/Kg"
"Refrigerante sem gás, laranja",Joi,"Garrafa de 1,5 l","1,90 €","1,27 €/L"
Cabo de metal com rosca,PorSi,1.35 m,"2,20 €","2,20 €/Unidade"
Massa folhada margarina,PorSi,Embalagem de 230 g,"0,99 €","4,30 €/Kg"
Massa macarronete riscado,PorSi,Embalagem de 500g,"0,99 €","1,98 €/Kg"
Massa de cotovelinhos,PorSi,Embalagem de 500g,"0,99 €","1,98 €/Kg"
Tomate Alongado,Programa Origens,1 un = 200 gr (aprox.),"0,46 €","2,29 €/Kg"
Eclair de Chocolate 75 g,Pastelaria do Dia,,"1,19 €","1,19 €/Unidade"
Água s/ gás frutos vermelhos,Luso,Garrafa de 1 l,"0,75 €","0,13 €/L"
Fruta para bebé multifrutas +4 meses,Nestle,Embalagem de 90g,"0,74 €","8,22 €/Kg"
Bolachas chiquilin ositos de mel,Artiach,Embalagem de 160g,"2,33 €/Kg","2,33 €/Kg"
Conjunto Colheres de Sobremesa Prestige,PorSi,3 peças,"0,65 €","0,65 €/Unidade"
Filetes de pescada,Pescanova,Embalagem de 400g,"3,99 €","9,98 €/Kg"
Bolacha recheada mega duo chocolate,Gullon,Embalagem de 500g,"2,15 €","2,87 €/Kg"
Snack gato sticks salmao 6x5g,PorSi,Embalagem de 30g,"0,85 €","14,17 €/Kg"
Salva Camas 60 x 60 cm,PorSi,Embalagem com 20 un.,"4,99 €","4,99 €/Unidade"
Miúdos de Frango do Campo Lusitano,PorSi Select,embalagem de 700 g (aprox.),"1,50 €","5,99 €/Kg"
Refrigerante de cola zero,PorSi,Garrafa de 2 l,"0,40 €/L","0,40 €/L"
Lion barra cereais  25g,Nestle,Embalagem de 150g,"3,79 €","29,15 €/Kg"
Recarga removedor de pelos - 56 folhas,Scotch bri,Embalagem de 1 unidades,"8,75 €","8,75 €/Unidade"
Fermento em po 4x25g,PorSi,Embalagem de 100g,"1,89 €","17,18 €/Kg"
Comida húmida para cão de frango e arroz,PorSi,Lata de 400 g,"0,75 €","2,50 €/Kg"
Alimento húmido para cão vaca,Pedigree,Embalagem de 300g,"0,75 €","2,50 €/Kg"
Bebida Solúvel Mokambo Chicória e Café,Nestle,Embalagem de 240g,"1,14 €","57,00 €/Kg"
Bebida amêndoa torrada sem açúcar,Alpro,Embalagem de 1 litro,"2,49 €","2,49 €/L"
Queijo fatias -50% de gordura,Limiano,Embalagem de 400g,"1,96 €","9,80 €/Kg"
"Cereais crusts, amêndoas e mel",PorSi,Embalagem de 380g,"2,29 €","6,11 €/Kg"
Tampões Super Plus Compak Pearl,Tampax,16 unidades,"4,89 €","4,89 €/Unidade"
Polvo inteiro limpo,*,Vendido ao peso,"3,00 €","9,99 €/Kg"
"Anti-calcário em pó, máquina roupa",PorSi,Embalagem de 800g,"3,99 €","5,70 €/L"
"Alimento para peixe, tetrapond stickslago",Tetra,Embalagem de 1 l,"9,19 €","36,76 €/L"
Refrigerante c/ gás,Coca-Cola,pack 2 x 1.75 l,"0,40 €/L","0,40 €/L"
"Refrigerante com gás, laranja, lata",Fanta,pack 6 x 0.33 l,"0,40 €/L","0,40 €/L"
"Refresco em pó, manga",PorSi,Embalagem de 40g,"0,75 €","18,75 €/Kg"
Ração para Gato Esterilizado com Vaca,Purina One,"Embalagem de 1,5 kg","4,87 €","2,44 €/Kg"
Bolachas soft bakes recheio chocolate,Belvita,Embalagem de 250g,"2,15 €","2,87 €/Kg"
Bolachinhas,Cerelac,Embalagem de 180g,"2,33 €/Kg","2,33 €/Kg"
Molho bechamel,PorSi,Embalagem de 200g,"0,87 €","2,90 €/Kg"
Trinca de arroz,PorSi,Embalagem de 1 kg,"1,15 €/Kg","1,15 €/Kg"
Whisky,Grants,Garrafa de 1 l,"19,99 €","19,99 €/L"
Papel Fotocópia A4 |80g,Navigator,,"2,19 €","109,50 €/L"
Super tea immune com vitamina c,Tetley,Embalagem de 40g,"44,50 €/Kg","44,50 €/Kg"
Chá verde menta,PorSi,Embalagem de 43.7 g,"0,99 €","23,02 €/Kg"
Porto lágrima,Ferreira,Garrafa 0.75L,"11,99 €","15,99 €/L"
SuperCeys,Ceys,1 unidade,"3,99 €","3,99 €/Unidade"
Barras fitness com chocolate,Nestle,Embalagem de 140g,"3,79 €","29,38 €/Kg"
Resguardos de cama,PorSi,20 unidades de 80 x 180 cm,"4,99 €","4,99 €/Unidade"
Refrigerante c/ gás de laranja zero,Fanta,"Garrafa de 1,5 l","0,40 €/L","0,40 €/L"
Orégãos em folhas,PorSi,Saqueta com 10 g,"0,66 €","22,00 €/Kg"
Bebida de soja sem acucar 1l,Alpro,Embalagem de 1L,"2,49 €","2,49 €/L"
Strudel de maçã,PorSi,Embalagem de 550 g,"3,99 €","7,39 €/Kg"
Limpa Moveis Lavanda,Pronto,300 ml,"4,39 €","14,63 €/L"
Formas de alumínio para quiches 1510 ml,PorSi,5 unidades,"1,15 €","1,15 €/Unidade"
Azeite virgem extra,Ouro elvas,Garrafa de 750 ml,"3,29 €","4,39 €/L"
Pastilhas café lote chávena,Delta,Embalagem de 110g,"54,36 €/Kg","54,36 €/Kg"
After shave gold,Denim,Embalagem de 100 ml,"1,16 €","4,64 €/L"
Leite de transição Optipro 2 +6 meses,NAN,Embalagem de 800g,"23,99 €","29,99 €/Kg"
Limpa móveis cera abelhas,PorSi,Frasco de 300ml,"4,39 €","14,63 €/L"
Concha de nylon cabo áqua,PorSi,1 unidade,"0,65 €","0,65 €/Unidade"
Folhado de Salsicha com Queijo 110 g,Fornada do Dia,,"0,65 €","0,65 €/Unidade"
Queijo fatiado cheddar,PorSi,Embalagem de 150 g,"1,96 €","9,80 €/Kg"
Spray wc anticalcário,PorSi,embalagem de 750 ml,"1,79 €","2,39 €/L"
Café moagem universal brasil,Delta,Embalagem de 220g,"9,16 €/Kg","9,16 €/Kg"
Cerveja c/ álcool mini,Super Bock,Pack 15 x 0.20 L,"1,99 €/L","1,99 €/L"
3 Pipetas de Repelente p/ Gato,Repul'7,1 unidade,"1,19 €","0,24 €/Kg"
Formas de alumínio retangulares 1260 ml,PorSi,5 unidades,"1,15 €","1,15 €/Unidade"
"Cotonetes, 100 unidades",Johnson's Baby,1 embalagem,"4,39 €","21,95 €/L"
Gambão 20/30,Marisco Congelado,Vendido a partir de 250 (aprox.),"2,00 €","7,99 €/Kg"
Guache,Giotto,6 x 7.5 ml,"1,69 €","1,69 €/Unidade"
10 saquetas infusão de camomila,Lipton,Embalagem de 10g,"0,99 €","76,15 €/Kg"
Pastilha Elástica Bottle Frutos Vermelhos,Trident,Embalagem de 82 g,"3,09 €","37,68 €/Kg"
Iogurtes magros aroma manga,PorSi Viva Bem,Embalagem de 6 x 125 g,"1,09 €","1,45 €/Kg"
Leite com chocolate sem lactose,Ucal,Embalagem de 6 x 250 ml,"0,99 €","0,99 €/L"
Pasta de açúcar bege,PorSi,250 g,"1,49 €","1,49 €/Kg"
Bebida Energética Red Grape,Hell,250 ml,"2,48 €/L","2,48 €/L"
Vira fritos de nylon cabo áqua,PorSi,1 unidade,"0,65 €","0,65 €/Unidade"
Açúcar mascavado,PorSi,Embalagem de 500g,"1,49 €","1,49 €/Kg"
Frutos do mar,Guylian,250 g,"5,29 €","33,06 €/Kg"
Azeite virgem clássico,PorSi,Garrafa de 750 ml,"3,29 €","4,39 €/L"
Miolo de camarão 50/70,H2Gelo,Embalagem de 250  g,"8,99 €","25,69 €/Kg"
Sardinha em tomate picante,PorSi,Embalagem de 120g,"9,08 €/Kg","9,08 €/Kg"
Pensos para bolhas,PorSi,20 unidades,"1,69 €","1,69 €/Unidade"
Tampões Compak Pearl Regular Com Aplicador,Tampax,16 unidades,"4,89 €","4,89 €/Unidade"
Bolacha torrada 800g 33% grátis,Vieira,Embalagem de 800g,"2,11 €/Kg","2,11 €/Kg"
Arroz de pato,PorSi,Embalagem de 400g,"3,99 €","9,98 €/Kg"
Caixas doseadoras,Pommette,2 unidades,"4,99 €","4,99 €/Unidade"
Água c/ gás limão,Frize,pack 4 x 0.25 l,"1,99 €/L","1,99 €/L"
Morcela de Ponte de Lima,PorSi,Vendido ao peso a partir de 750 g,"1,39 €","6,95 €/Kg"
Azeite virgem extra seleção,PorSi,Garrafa de 250 ml,"3,29 €","4,39 €/L"
Arroz carolino,PorSi,Embalagem de 1 kg,"1,26 €","1,26 €/Kg"
Gel ativo com lixívia,PorSi,Embalagem de 1.5 l,"1,29 €","0,86 €/L"
Massa bagos,PorSi,Embalagem de 250g,"0,99 €","1,98 €/Kg"
Gengibre desidratado em cubos,Cemporcent,Embalagem de 100g,"1,94 €","3,88 €/Kg"
Pão gémeos,*,250 g,"0,18 €","2,00 €/Kg"
Baton para homem,Labello,5 g,"6,49 €","129,80 €/L"
Refrigerante C/ Gás Zero,Coca-Cola,Garrafa de 1 l,"0,40 €/L","0,40 €/L"
Batatas fritas lisas originais,Lay's,Embalagem de 282g,"1,01 €","5,46 €/Kg"
Chocolate negro 72% cacau,Cemporcent,Embalagem de 100g,"2,99 €","29,90 €/Kg"
Dawnut de chocolate,Pastelaria do Dia,1 unidade = 60 g,"1,19 €","1,19 €/Unidade"
Chocolate negro 90% cacau bio,Cemporcent,Embalagem de 100g,"2,99 €","29,90 €/Kg"
Iogurte liquido sem lactose natural açucarado,PorSi Viva Bem,Embalagem de 4 x 160 g,"3,21 €/Kg","3,21 €/Kg"
Bolachas marítimas clássicas,PorSi Viva Bem,Embalagem de 200g,"2,98 €","9,93 €/Kg"
Marmelada sem conservantes,PorSi,Embalagem de 500g,"1,09 €","2,42 €/Kg"
Infusão de tília,Tetley,Embalagem de 10g,"0,99 €","76,15 €/Kg"
Farinheira do Fundão,PorSi,"Vendido ao peso, 1 unidade =200 gr (aprox.)","1,39 €","6,95 €/Kg"
Creme curgete com hortela,PorSi,Embalagem de 400g,"2,90 €","5,79 €/Kg"
Doce light framboesa,PorSi,Embalagem de 340g,"3,59 €","10,26 €/Kg"
"Luvas multiusos relevo antiderrapante, tamanho peque...",PorSi,Embalagem de 1 unidades,"2,99 €","2,99 €/Unidade"
Presunto fatiado,PorSi,Embalagem de 200g,"2,59 €","12,95 €/Kg"
"Aperitivos, amendoins no forno",Matutano,Embalagem de 200g,"1,59 €","7,95 €/Kg"
Pão forma de Rio Maior,*,500 g,"0,18 €","2,00 €/Kg"
"Detergente líquido, manual loiça, original",Fairy,"Embalagem de 1,5 l","1,05 €","2,10 €/L"
Bacalhau com azeite e alho,PorSi Select,Lata de 120 g,"9,08 €/Kg","9,08 €/Kg"
Alimento lácteo cereais e bolachas maria +6 meses,Yogolino,Embalagem de 4 x 100 g,"2,89 €","7,23 €/Kg"
Chouriço corrente,PorSi,Embalagem de 200 g,"1,14 €","5,70 €/Kg"
Papel Higiénico Compacto Ultra Suave XXL,Colhogar,12 rolos,"1,99 €","1,99 €/Unidade"
Bolachas waffers morango,PorSi,Embalagem de 210g,"0,98 €","4,67 €/Kg"
Tablete chocolate chips ahoy,Milka,Embalagem de 100g,"5,30 €/Kg","5,30 €/Kg"
Kiwi Biológico,PorSi Bio,Emb.: ± 500 g,"1,99 €","3,98 €/Kg"
Sopa de legumes,PorSi,Embalagem de 400 g,"2,90 €","5,79 €/Kg"
Mistura solúvel mokambo,Nestle,Embalagem de 200g,"2,29 €","11,45 €/Kg"
Bloco Sanitário Ativo Lavanda,Sonasol,Embalagem de 50 g,"37,36 €/Kg","37,36 €/Kg"
Cerveja c/ álcool,Sagres,pack 15 x 0.33 l,"1,99 €/L","1,99 €/L"
Conjunto Facas de Mesa Essencial,PorSi,3 peças,"0,65 €","0,65 €/Unidade"
Vinho maduro branco,Ala dos namorados,Garrafa de 75 cl,"2,12 €/L","2,12 €/L"
Barras de cereais golden grahams,Nestle,Embalagem de 150g,"3,79 €","29,15 €/Kg"
Pasta de açúcar branco,PorSi,250 g,"1,49 €","1,49 €/Kg"
Farinheira de Sousel,PorSi,1 un = 120 g (aprox.),"1,39 €","6,95 €/Kg"
Barra s.k chocolate 6x21.5g,Kellogg's,Embalagem de 6X21.5G,"3,79 €","29,38 €/Kg"
Vela em número nª2,PorSi,1 unidade,"0,60 €","0,60 €/Unidade"
Bolachas mini chips ahoy,Ca!,Embalagem de 160g,"0,79 €","5,27 €/Kg"
Leite desmaquilhante para peles secas,Labell,Embalagem de 250 ml,"1,15 €","4,60 €/L"
Mirtilos,Salutem,Embalagem de 100g,"3,29 €","18,80 €/Kg"
Dentifríco 2 em 1 super branqueador,Theramed,Embalagem de 75 ml,"3,39 €","45,20 €/L"
Pizza hawai,PorSi,Embalagem de 350g,"2,16 €","6,17 €/Kg"
"Cueca de incontinência, adulto, pequena",PorSi,Embalagem com 14 unidades,"20,79 €","20,79 €/Unidade"
Vinho regional de lisboa tinto,Marginal,Garrafa de 750 ml,"6,49 €","8,65 €/L"
Creme proteção de gengivas,Polident,Embalagem de 40 g,"7,39 €","105,57 €/Kg"
Recarga mopa 1.2 spray max,Vileda,1 unidade,"0,89 €","0,89 €/Unidade"
Tomates Cereja Púrpura Biológicos,PorSi Bio,± 200 g,"0,46 €","2,29 €/Kg"
Tomate inteiro pelado,PorSi,Embalagem de 390 g,"2,19 €","2,81 €/Kg"
Vinho branco,Enc.bairro,Bag-in-box de 5L,"8,59 €","1,72 €/L"
Atum posta em azeite,Bom petisc,Embalagem de 120 g,"9,08 €/Kg","9,08 €/Kg"
Iogurte activia líquido cereais,Danone,Embalagem de 4 x 155 g,"3,21 €/Kg","3,21 €/Kg"
Iogurte activia líquido morango,Danone,Embalagem de 4 x 155 g,"3,21 €/Kg","3,21 €/Kg"
Fruta para bebé 4 frutas +4 meses,Nestle,Embalagem de 90g,"0,74 €","8,22 €/Kg"
Pano Suave C/ Microfibras,Vileda,2 + 1 Un. Grátis,"1,79 €","1,79 €/Unidade"
Cera liquida lava encera,PorSi,Garrafa de 750 ml,"8,99 €","14,98 €/L"
Bolo Brigadeiro 800 g,Pastelaria do Dia,,"8,99 €","11,24 €/Kg"
Cerveja 0.0%,Sagres,Lata 0.33 l,"5,99 €","3,03 €/L"
Feijão frade,Compal,Lata de 410 ml,"2,19 €","2,81 €/Kg"
Nestum zero arroz,Nestum,Embalagem de 250 g,"4,99 €","4,99 €/Kg"
Penso júnior,PorSi,20 unidades,"1,69 €","1,69 €/Unidade"
Refrigerante com gás de laranja,Sumol,"Garrafa de 1,25 l","0,40 €/L","0,40 €/L"
Esfregão de fibra com cabo depósito com detergente,Fino,embalagem com 5 un. + 1 un.,"0,79 €","0,79 €/Unidade"
Ração para gato júnior com frango,Purina One,Embalagem de 800 g,"4,87 €","2,44 €/Kg"
Biscottina com alho e salsa,RUSTICA,Embalagem de 100 g,"2,39 €","6,83 €/Kg"
Sacos do lixo wc 5 litros,PorSi,30 sacos,"1,89 €","1,89 €/Unidade"
Molho de alho,Calve,Embalagem de 260g,"0,87 €","2,90 €/Kg"
Farinha de milho 500g,ESPIGA,Embalagem de 500g,"1,49 €","1,49 €/Kg"
Azeite de moura virgem extra bio,PorSi Bio,Garrafa de 500 ml,"3,29 €","4,39 €/L"
Iogurte liquido infantil morango,PorSi,Embalagem de 6 x 94 ml,"1,31 €","2,05 €/Kg"
Sardinha Congelada,Peixe Congelado,1 un = 250 gr  (aprox.),"3,99 €/Kg","3,99 €/Kg"
Manteiga magra,PorSi,Embalagem de 250g,"1,89 €","7,56 €/Kg"
Compasso Stop System,Maped,3 peças,"1,69 €","1,69 €/Unidade"
"Atum em posta, em azeite",General,Embalagem de 110g,"9,08 €/Kg","9,08 €/Kg"
16 mini croquetes de carne,PorSi,Embalagem de 290 g,"1,99 €","4,98 €/Kg"
Aperitivos 3d's cones,3d's,Embalagem de 90g,"0,79 €","7,90 €/Kg"
Pepsi max,Pepsi,Garrafa de 1.75 l,"0,40 €/L","0,40 €/L"
Batedor de ovos cabo áqua,PorSi,1 unidade,"0,65 €","0,65 €/Unidade"
Lava Tudo Perfumado Herbal,PorSi,Embalagem de 2 l,"0,99 €","0,50 €/L"
Xarope grenadine zero,Paquito,Garrafa de 750 ml,"5,79 €","8,27 €/L"
Iogurte ananás 000%,PorSi Viva Bem,Embalagem de 4 x 125 g,"1,09 €","1,45 €/Kg"
Gelado carte d'or tarte limão merengue,Olá,Embalagem de 900 ml,"5,49 €","6,10 €/L"
Massas alimentícias laços,PorSi,Embalagem de 500g,"0,99 €","1,98 €/Kg"
Vinho Tinto DOC Dão Touriga Nacional,Cabriz,Garrafa de 0.75 l,"9,49 €","12,65 €/L"
Saqueta de puré de fruta | maçã + manga + pêssego,PorSi,90 g,"0,74 €","8,22 €/Kg"
Cabo de madeira com rosca,PorSi,1.20 m,"2,20 €","2,20 €/Unidade"
Tablete de chocolate culinário 70% negro,PorSi,Embalagem de 200 g,"1,04 €","8,32 €/Kg"
Pensos incontinência homem,PorSi,10 unidades,"1,95 €","1,95 €/Unidade"
Vela com número nº 0,PorSi,1 unidade,"0,60 €","0,60 €/Unidade"
"Pasta dentífrica, proteção branqueador",Labell,Embalagem de 75 ml,"2,39 €","31,87 €/L"
Inseticida vaporizador,Biokill,Embalagem de 375 ml,"5,09 €","8,48 €/L"
Esfregona tiras completa,PorSi,1 unidade,"0,79 €","0,79 €/Unidade"
Biscoitos integrais aveia e manteiga de amendoim,PorSi Viva Bem,Embalagem de 150g,"2,29 €","3,05 €/Kg"
Óleo de cedro,Mistolin,Embalagem de 360 ml,"4,39 €","14,63 €/L"
Café com cafeina solúvel,Delta,Embalagem de 20g,"1,14 €","57,00 €/Kg"
Café moagem universal angola,Delta,Embalagem de 220g,"8,76 €/Kg","8,76 €/Kg"
Camarão cozido 30/40,PorSi,Embalagem de 500 g,"9,99 €","19,98 €/Kg"
Ameijoa Branca Vietnamita,Marisco Congelado,Vendido a partir de 250 gr  (aprox.),"2,00 €","7,99 €/Kg"
Frutose,PorSi,Boião de 410 g,"5,99 €","23,96 €/Kg"
Luvas Universal Média/Grande,Vileda,1 unidade,"2,99 €","2,99 €/Unidade"
Pães de leite,s. tomé,Embalagem de 300 g,"7,40 €/Kg","7,40 €/Kg"
Café grão bio,PorSi Bio,Embalagem de 250g,"9,16 €/Kg","9,16 €/Kg"
"Creme revitalizante, noite",L'oreal,Embalagem de 50 ml,"2,99 €","59,80 €/L"
Tampão proteção de confiança,O.B.,1 Embalagem c/32 unidades,"4,89 €","4,89 €/Unidade"
Recarga Esfregona de Algodão,PorSi,1 unidade,"0,89 €","0,89 €/Unidade"
Puré batata doce,PorSi,Embalagem de 750g,"2,09 €","5,81 €/Kg"
Batata frita lisa,PorSi,Embalagem de 90g,"1,01 €","5,46 €/Kg"
Limpador,Pronto,Embalagem de 750 ml,"2,49 €","2,49 €/L"
Arroz agulha,Caçarola,Embalagem de 1 kg,"1,26 €","1,26 €/Kg"
Posta pescada-do-cabo nº 5 para cozer,PorSi,Embalagem de 800 g,"3,99 €","9,98 €/Kg"
"Tira gorduras, pistola",Kh 7,Garrafa de 750 ml,"4,89 €","6,52 €/L"
Espinafres em folhas,PorSi,Embalagem de 750 g,"1,98 €","1,98 €/Kg"
Guardanapos com riscas verdes | Dim.: 33 x 33 cm,PorSi,Embalagem com 20 unidades,"1,29 €","1,29 €/Unidade"
Copos de papel riscas rosas 20 cl,PorSi,10 unidades,"1,15 €","1,15 €/Unidade"
Queijo fundido palitos,A Vaca Que Ri,Embalagem de 35g,"0,82 €","23,43 €/Kg"
Spray lixívia e higiene,Cillitbang,Garrafa de 500 ml,"1,29 €","0,86 €/L"
Vinho Verde Loureiro Branco,Aveleda,Garrafa de 0.75 l,"3,09 €","3,09 €/L"
Néctar pera,PorSi,Embalagem de 1 l,"0,99 €","0,99 €/L"
Vinho tinto regional setúbal,Herdade da comporta,Garrafa de 0.75 l,"2,99 €","3,99 €/L"
Vinho tinto regional alentejano,Galitos,Garrafa de 750 ml,"2,89 €","3,85 €/L"
Açafrão das Índias,PorSi,Embalagem de 50g,"0,66 €","22,00 €/Kg"
Filetes primavera alho & ervas,Iglo,Embalagem de 230g,"1,99 €","4,98 €/Kg"
Chocolate culinário branco,Pantagruel,Embalagem de 200g,"1,04 €","8,32 €/Kg"
Rolls 6 unidades,Bimbo,Embalagem de 340g,"0,99 €","1,98 €/Kg"
Tablete de chocolate extra fina leite/avelã,Nestle,Embalagem de 120g,"10,89 €/Kg","10,89 €/Kg"
Galão,PorSi,16 cápsulas,"15,92 €/Kg","15,92 €/Kg"
Macedonia de legumes,PorSi,Embalagem de 1 kg,"1,98 €","1,98 €/Kg"
Queijo curado alho e salsa,Nova Açores,Vendido ao peso,"3,35 €","13,39 €/Kg"
Vinho do porto dona antónia reserva branco,Ferreira,Garrafa de 0.75 l,"11,99 €","15,99 €/L"
"Lenços de bolso sensi, brancos, 10 unidades",Renova,Uma embalagem de 6x10,"0,89 €","0,89 €/Unidade"
Licor triple seco 16%,Olaias,Garrafa de 1 l,"7,49 €","10,70 €/L"
Desodorizante e desinfetante para calçado,Sanytol,Embalagem de 150 ml,"5,29 €","35,27 €/L"
Detergente Manual de Loiça Rosa & Cetim,Fairy,Embalagem de 500 ml,"1,05 €","2,10 €/L"
Massa macarronete riscado,Milaneza,Embalagem de 500g,"0,99 €","1,98 €/Kg"
Bombons Luxo Belga,PorSi Select,Embalagem de 200 g,"5,29 €","33,06 €/Kg"
Manteiga com sal,Primor,Embalagem de 250g,"1,89 €","7,56 €/Kg"
Copos em cana-de-açúcar 260 ml,PorSi,6 unidades,"1,15 €","1,15 €/Unidade"
Spray anti calcário,Cif,Garrafa de 435 ml,"3,19 €","6,38 €/L"
Refrigerante c/ gás light,Coca-Cola,pack 6 x 0.33 l,"0,40 €/L","0,40 €/L"
Doce de cereja s/ açúcar adicionado,PorSi,Frasco com 220 g,"2,19 €","9,95 €/Kg"
Pensos Higiénicos Fina e Segura Maxi Super,Evax,Embalagem c/ 13 Unidades,"2,59 €","2,59 €/Unidade"
Massa cuscus,PorSi,Embalagem de 250g,"0,99 €","1,98 €/Kg"
Areia para gatos aglomerante compacta perfumada,PorSi,Embalagem de 4 kg,"1,19 €","0,24 €/Kg"
Esfregão esponja ergonómico salva unhas,PorSi,Embalagem de 2 unidades,"0,79 €","0,79 €/Unidade"
Tablete de chocolate culinário branco,PorSi,Embalagem de 180 g,"16,72 €/Kg","16,72 €/Kg"
Bolachas cream cracker sesamo,Vieira,Embalagem de 186 g,"0,39 €","3,12 €/Kg"
Árvore de Natal,*,Dim.: 150cm,"24,99 €/Unidade","24,99 €/Unidade"
"Cerveja com álcool, lata",Super Bock,Garrafa de 500 ml,"1,99 €/L","1,99 €/L"
Aperitivos tex mex,Doritos,Embalagem de 120g,"0,79 €","7,90 €/Kg"
Creme de dia para pele seca,Labell,Embalagem de 50 ml,"2,99 €","59,80 €/L"
Manga em calda,It.saveurs,Embalagem de 250g,"1,99 €","2,37 €/Kg"
Cerveja c/ álcool,Super Bock,Pack 15 X 0. 33L,"1,99 €/L","1,99 €/L"
Leite de coco,PorSi,Embalagem de 400 ml,"3,84 €","24,00 €/Kg"
12 Preservativos Adapta Finíssimo,Control,,"4,49 €","4,49 €/Unidade"
Bolacha vitalday frutos vermelhos,Gullon,Embalagem de 240g,"2,98 €","9,93 €/Kg"
"Queijo regional de vaca, cabra e ovelha curado",Qj.saloio,Embalagem de 190g,"3,99 €","15,96 €/Kg"
Bolachas waffers baunilha,PorSi,Embalagem de 210g,"0,98 €","4,67 €/Kg"
Café moagem universal portugal,Delta,Embalagem de 250g,"8,76 €/Kg","8,76 €/Kg"
"Coloração permanente, caramelo avelã, nº 6.41",Excellence,1 unidade,"9,49 €/Unidade","9,49 €/Unidade"
Bagas de goji,Salutem,Embalagem de 100g,"1,49 €","7,45 €/Kg"
Iogurte morango skyr 0%,PorSi Viva Bem,150 g,"5,97 €/Kg","5,97 €/Kg"
Creme de coco,Koala,Garrafa de 165 ml,"1,09 €","2,75 €/Kg"
Filetes de pescada,PorSi,Embalagem de 400 g,"3,99 €","9,98 €/Kg"
6 Salsichas de porco,Nobre,Lata de 120g,"0,75 €","3,75 €/Kg"
Detergente máquina roupa em gel universal,Persil,Embalagem de 42 doses,"29,99 €","7,06 €/L"
Mopa Maxi XXL + 8 Panos,Swiffer,1 unidade,"1,79 €","1,79 €/Unidade"
Desinfetante álcool gel spray,PorSi,100 ml,"0,99 €","9,90 €/L"
Queijo manchego D.O.P,PorSi Select,Embalagem de 250g,"2,87 €","15,94 €/Kg"
Salsa folhas,PorSi,Saqueta de 12 g,"0,66 €","22,00 €/Kg"
Açúcar em saquetas,PorSi,Embalagem 1K,"1,49 €","1,49 €/Kg"
Massa fusilli tricolor,Milaneza,Embalagem de 500g,"0,99 €","1,98 €/Kg"
Salsichas extra suculentas,Nobre,Frasco de 650 g,"0,75 €","3,75 €/Kg"
Jardineira,PorSi,Embalagem de 750 g,"1,98 €","1,98 €/Kg"
Sacos do lixo lavanda 50 litros,PorSi,15 unidades,"1,89 €","1,89 €/Unidade"
Iogurte natural açucarado,PorSi,Embalagem de 4x125g,"0,99 €","1,98 €/Kg"
Grão de bico,PorSi,Embalagem de 820g,"2,19 €","2,81 €/Kg"
Pensos higiénicos liberty super abas,Evax,Embalagem com 10 un.,"2,59 €","2,59 €/Unidade"
Ketchup,Calve,Embalagem de 280g,"0,87 €","2,90 €/Kg"
Bolacha maria dourada,PorSi,Embalagem de 800g,"2,11 €/Kg","2,11 €/Kg"
Inseticida moscas e mosquitos,Dum Dum,Garrafa de 300 ml,"5,09 €","8,48 €/L"
Papa infantil não láctea multicereais +6 meses,Cerelac,Embalagem de 250g,"4,99 €","4,99 €/Kg"
Vinho do porto lágrima tinto,Ramos Pinto,"Garrafa de 0,75L","5,99 €","7,99 €/L"
Vinagre de limpeza,PorSi,Embalagem de 1 l,"0,79 €","0,79 €/L"
"Rolo de cozinha design xxl, 3 rolos",Renova,Embalagem de 3 unidades,"4,99 €","4,99 €/Unidade"
Tablete chocolate de iogurte morango,Milka,Embalagem de 100g,"5,30 €/Kg","5,30 €/Kg"
Cerveja,Kings Bräu,Embalagem de 10x25 cl,"1,99 €/L","1,99 €/L"
Cebola picada,PorSi,Embalagem de 400 g,"1,98 €","1,98 €/Kg"
Guardanapos com riscas rosa | Dim.: 33 x 33 cm,PorSi,Embalagem com 20 unidades,"1,29 €","1,29 €/Unidade"
Água mineral sem gás,Vitalis,Pack 6 x 1.5 l,"0,75 €","0,13 €/L"
Choco limpo congelado,PorSi,Vendido ao peso a partir de 200 g (aprox.),"4,20 €","13,99 €/Kg"
Canja c/ aletria,Knorr,Embalagem de 70g,"0,62 €","10,00 €/Kg"
Vela com número nº 5,PorSi,1 unidade,"0,60 €","0,60 €/Unidade"
Chá preto,Tetley,Embalagem de 20g,"41,67 €/Kg","41,67 €/Kg"
Chá de camomila e erva príncipe,Lipton,20 saquetas,"0,99 €","23,02 €/Kg"
Pescada da Africa do Sul,Peixe Congelado,Pescado no mar,"3,99 €/Kg","3,99 €/Kg"
Molho inglês,Savora,Garrafa de 120 ml,"0,87 €","2,90 €/Kg"
Pêssego em calda metades,PorSi,Lata com 420 g,"1,99 €","2,37 €/Kg"
Iogurte activia líquido kiwi,Danone,Embalagem de 4 x 155 g,"3,21 €/Kg","3,21 €/Kg"
Molho bechamel,Parmalat,Embalagem de 200 ml,"1,12 €","5,60 €/L"
Vela com número nº 8,PorSi,1 unidade,"0,60 €","0,60 €/Unidade"
Estendal de roupa com abas resina,PorSi,20 metros,"36,00 €","36,00 €/Unidade"
24 bombons de chocolate,Ferrero Rocher,Embalagem de 300g,"5,29 €","33,06 €/Kg"
Conjunto Colheres de Café Prestige,PorSi,3 peças,"0,65 €","0,65 €/Unidade"
Muslitos do mar,Pescanova,Embalagem de 250 g,"2,19 €","8,59 €/Kg"
Vinho Regional Lisboa Reserva Branco,Marginal,Garrafa de 0.75 l,"6,49 €","8,65 €/L"
Tónico de limpeza age perfect,L'oreal,Embalagem de 200 ml,"23,70 €/L","23,70 €/L"
"Bebida láctea especial crescimento, 1-3 anos",Mimosa,Garrafa de 1 l,"0,26 €","1,30 €/L"
Néctar de laranja e cenoura light,PorSi,Embalagem de 3 x 200 ml,"1,69 €","1,69 €/L"
"Acendalhas ecológica, com 32 unidades",Diprochama,1 embalagem,"1,19 €","1,19 €/Unidade"
Corta pizza cabo áqua,PorSi,1 unidade,"0,65 €","0,65 €/Unidade"
Spray humidade e sujidade,PorSi,500 ml,"8,99 €","14,98 €/L"
Leite uht gordo com rosca,PorSi,Embalagem de 1 litro,"1,04 €","1,04 €/L"
Capa para tábua metálica,Vileda,1 un.,"16,50 €","16,50 €/Unidade"
Sumo 100% maçã,Compal,1 litro,"1,09 €","0,73 €/L"
Caldo de galinha 8 cubos,Knorr,Embalagem de 80g,"3,84 €","24,00 €/Kg"
Vinho regional alentejano tinto,Qta.carmo,Garrafa de 0.75 l,"2,89 €","3,85 €/L"
Detergente manual roupa,PorSi,Embalagem de 650g,"1,19 €","2,98 €/Kg"
Limão,Programa Origens,1 un = 200 gr (aprox.),"0,47 €","1,89 €/Kg"
Gogo SqueeZ Snack Banana,Gogo,Embalagem de 90g,"2,29 €","6,94 €/L"
Cheeseburger de frango,Snock,Embalagem de 100 g,"1,89 €","18,90 €/Kg"
Vinho branco,Alandra,Garrafa de 750 ml,"1,59 €","2,12 €/L"
Cápsulas de café delta qualidus,Delta Q,Embalagem de 60g,"54,36 €/Kg","54,36 €/Kg"
Iogurte liquido stracciatella,PorSi,Embalagem de 4 x 160 g,"1,31 €","2,05 €/Kg"
Feijão preto,Caçarola,Embalagem de 500 g,"2,78 €/Kg","2,78 €/Kg"
Balde com pedal metalizado 26l,PorSi,Embalagem de 1 unidades,"2,50 €","2,50 €/Unidade"
"Anti-calcário, máquina roupa, gel",Calgon,"Garrafa de 1,5 l","29,99 €","7,06 €/L"
Farinha de alfarroba bio,PorSi Bio,Embalagem de 200 g,"1,49 €","1,49 €/Kg"
Néctar ananás,Compal,pack 3 x 200 ml,"0,99 €","0,99 €/L"
Manteiga c/ sal,Mimosa,Embalagem de 250g,"1,89 €","7,56 €/Kg"
Comida húmida para cão,PorSi,Embalagem de 300 g,"0,75 €","2,50 €/Kg"
Corvina fresca à posta,PorSi,Embalagem de 400 g,"3,00 €","9,99 €/Kg"
Massa fettuccine,PorSi,Embalagem de 500g,"0,99 €","1,98 €/Kg"
Bambolitos brancos,PorSi,Embalagem de 150g,"0,69 €","4,60 €/Kg"
Leite corporal,Nivea,Embalagem de 400 ml,"12,48 €/L","12,48 €/L"
Formas de alumínio redondas 650 ml,PorSi,5 unidades,"1,15 €","1,15 €/Unidade"
Chá de maçã e canela,Tetley,Embalagem de 20g,"44,50 €/Kg","44,50 €/Kg"
"Carregador, 6 lâminas, 4 recargas",Labell Men,1 embalagem,"1,16 €","4,64 €/L"
Batata frita lisa chips,PorSi,Embalagem de 185 g,"1,01 €","5,46 €/Kg"
Farinha de alfarroba bio,PorSi Bio,Embalagem de 200 g,"1,39 €","9,27 €/Kg"
Comida Húmida para Gatinhos Mousse com Vitela,Gourmet Diamant,Embalagem de 85 g,"2,75 €","6,88 €/Kg"
Manteiga com sal,Milhafre,Embalagem de 250g,"1,89 €","7,56 €/Kg"
Discos Sanitários Activos Aparelho Marinho,WC Pato,Embalagem de 36 ml,"37,36 €/Kg","37,36 €/Kg"
Saco p/ pão,Homespecial,Dim.: 55 x 35 cm,"19,99 €","19,99 €/Unidade"
Azeite,Oliveira da Serra,Embalagem de 750 ml,"3,29 €","4,39 €/L"
Leite UHT Meio Gordo,Gresso,Embalagem de 1 l,"0,83 €","0,83 €/L"
Queijo mozzarella fatias,PorSi,Embalagem de 200 g,"1,96 €","9,80 €/Kg"
Formas de alumínio 3200 ml,PorSi,5 unidades,"1,15 €","1,15 €/Unidade"
Uno cartas,Mattel,1 unidade,"9,99 €/Unidade","9,99 €/Unidade"
Água mineral sem gás,Serra de Fafe,"Embalagem de 6x0,33 l","0,75 €","0,13 €/L"
Bacalhau Especial,Bacalhau da Noruega,1 un = 4 kg (aprox.),"8,73 €/Kg","8,73 €/Kg"
Super Napolitana de Chocolate,Pastelaria do Dia,1 un = 120 g (aprox.),"1,19 €","1,19 €/Unidade"
Néctar classico de ananás,Compal,Garrafa de 200 ml,"0,99 €","0,99 €/L"
Iogurte ananás 000%,PorSi Viva Bem,Embalagem de 4 x 125 g,"4,38 €","2,19 €/Kg"
Cem porcento-flocos de aveia grossos,Cemporcent,Embalagem de 400g,"2,99 €","7,97 €/Kg"
Creme p/ Calçado Preto,Búfalo,Embalagem de 40 ml,"2,75 €","36,67 €/L"
Pensos clássicos,PorSi,100 unidades,"1,69 €","1,69 €/Unidade"
Vinho rosé,Lancers,Garrafa 0.75L,"4,29 €","5,72 €/L"
Banda cera facial peles sensíveis,Veet,Embalagem de 20 unidades,"3,11 €","3,11 €/Unidade"
Óleo Cedro Spray,PorSi,Embalagem de 250 ml,"4,39 €","14,63 €/L"
Cereais crack star,PorSi,Embalagem de 375 g,"5,07 €/Kg","5,07 €/Kg"
Gelatina de ananás,PorSi,Embalagem de 170g,"0,55 €","61,11 €/Kg"
"Papel higiénico acolchoado, folha tripla, 9 rolos",Scottex,1 embalagem,"1,99 €","1,99 €/Unidade"
Arroz agulha Europa,PorSi,Embalagem de 1 kg,"1,26 €","1,26 €/Kg"
Queijo Curado Apimentado,Fonte Mourisca,Vendido ao peso a partir de 250 gr,"3,35 €","13,39 €/Kg"
Bolachas waffers chocolate,PorSi,Embalagem de 210g,"0,98 €","4,67 €/Kg"
Cocktail mix,PorSi,720 g,"1,99 €","4,98 €/Kg"
Massa de cotovelos grandes riscados,Milaneza,Embalagem de 500g,"0,99 €","1,98 €/Kg"
6 empadas de galinha,PorSi,Embalagem de 330g,"1,99 €","4,98 €/Kg"
Hamburguers de bovino,PorSi,Embalagem de 1 kg,"2,79 €","8,72 €/Kg"
Ambientador gel lavanda,PorSi,150 g,"0,79 €","5,27 €/Kg"
Película Aderente 60M,PorSi,1 unidade,"1,11 €","1,11 €/Unidade"
"Batata frita caseira, rodela",Pala-pala,Embalagem de 180g,"0,87 €","5,44 €/Kg"
Azeitona preta,PorSi,Embalagem de 560 g,"2,19 €","2,81 €/Kg"
Água s/ gás limão,Luso,Garrafa de 1 l,"0,75 €","0,13 €/L"
Vela com número nº 1,PorSi,1 unidade,"0,60 €","0,60 €/Unidade"
Conjunto Facas para Bife Prestige,PorSi,2 peças,"0,65 €","0,65 €/Unidade"
Tablete de chocolate de leite,Nestle,Embalagem de 90g,"5,30 €/Kg","5,30 €/Kg"
Queijo de ovelha curado amanteigado,PorSi Select,250 g,"3,35 €","13,39 €/Kg"
Bolacha torrada,PorSi,Embalagem de 4 x 200 g,"2,11 €/Kg","2,11 €/Kg"
Lixívia para roupa delicada,Neoblanc,Embalagem de 2 l,"2,19 €","1,10 €/L"
Pate picante 73gr.                ce *24,La piara,Embalagem de 70g,"1,19 €","13,52 €/Kg"
Mostarda de Dijon,PorSi Select,190 g,"0,87 €","2,90 €/Kg"
Leite creme,PorSi,Embalagem de 4x23g,"0,49 €","5,44 €/Kg"
Lixívia Tradicional,PorSi,Embalagem de 5 l,"1,74 €","0,35 €/L"
Tesoura de trinchar,PorSi,1 unidade,"0,65 €","0,65 €/Unidade"
Molho mil ilhas,PorSi,Garrafa de 120 ml,"0,87 €","2,90 €/Kg"
Vinho maduto tinto,Casal da eira,Embalagem de 1 l,"0,85 €/L","0,85 €/L"
Refrigerante c/ gás,Pepsi,Pack 6 x 0.33 l,"0,40 €/L","0,40 €/L"
Atum posta em óleo,Ramirez,Embalagem de 120g,"9,08 €/Kg","9,08 €/Kg"
Café lote bocage grão,Nicola,Embalagem de 1 kg,"9,16 €/Kg","9,16 €/Kg"
Vinho rosé,C.mendes,Garrafa de 750 ml,"4,29 €","5,72 €/L"
Sacos do lixo lavanda 30 litros,PorSi,20 sacos,"1,89 €","1,89 €/Unidade"
Mistura de cogumelos,PorSi,Embalagem de 400g,"1,98 €","1,98 €/Kg"
Açúcar baunilhado,Globo,Embalagem de 70g,"1,49 €","1,49 €/Kg"
Muesli Frutas,PorSi,500 g,"2,39 €","4,78 €/Kg"
Café moagem universal timor,Delta,Embalagem de 220g,"9,16 €/Kg","9,16 €/Kg"
Iogurte liquido infantil morango,PorSi,Embalagem de 6 x 94 ml,"1,05 €","1,86 €/L"
Palhinhas de papel,PorSi,25 unidades,"0,60 €","0,60 €/Unidade"
Salsa folhas,PorSi,Embalagem de 10g,"0,66 €","22,00 €/Kg"
Spray anti-bolores,Cif,435 ml,"8,99 €","14,98 €/L"
Amaciador concentrado para roupa aloé vera,PorSi,80 doses,"1,99 €","1,00 €/L"
Mexedores para café de madeira,PorSi,100 unidades embaladas individualmente,"1,15 €","1,15 €/Unidade"
Guardanapos de papel reciclado,PorSi,100 unidades,"1,29 €","1,29 €/Unidade"
Lambrusco rose,*,Garrafa de 750 ml,"2,12 €/L","2,12 €/L"
Papillottes praliné,PorSi,Embalagem de 400 g,"5,29 €","33,06 €/Kg"
"Vela em número, nº 7",PorSi,1 unidade,"0,60 €","0,60 €/Unidade"
Couscous comespeciarias 4x125g,PorSi,Embalagem de 500g,"0,99 €","1,98 €/Kg"
Folha de alumínio,PorSi,30 metros,"1,11 €","1,11 €/Unidade"
Canja de galinha económica,Knorr,Embalagem de 60g,"0,62 €","10,00 €/Kg"
Esparregado de espinafres sem lactose,PorSi Viva Bem,Embalagem de 360 g,"2,09 €","5,81 €/Kg"
Porto tawny valadão,Valadao,Garrafa de 750 ml,"5,99 €","7,99 €/L"
Feijao branco fidalgo,Caçarola,Embalagem de 500 g,"2,78 €/Kg","2,78 €/Kg"
Jardineira,PorSi,Embalagem de 400 g,"1,98 €","1,98 €/Kg"
Creme fixação para dentaduras,Polident,Embalagem de 70 g,"7,39 €","105,57 €/Kg"
Toucinho fumado extra,PorSi,Embalagem de 200 g,"2,79 €","9,30 €/Kg"
Feijão encarnado,PorSi,Embalagem de 820 g,"2,19 €","2,81 €/Kg"
Oreo flavors cookies birthday party rollpack 154 gr,Oreo,Embalagem de 150g,"1,49 €","9,68 €/Kg"
Lulas recheadas,Piteu,Embalagem de 120g,"9,08 €/Kg","9,08 €/Kg"
Leite e cereais pijama +6 meses,Cerelac,Garrafa de 400 ml,"4,99 €","4,99 €/Kg"
Café solúvel creme,Nescafe,Embalagem de 100g,"1,14 €","57,00 €/Kg"
Copos de papel riscas azuis 20 cl,PorSi,10 unidades,"1,15 €","1,15 €/Unidade"
Café moagem universal angola,Delta,Embalagem de 220g,"9,16 €/Kg","9,16 €/Kg"
Leite Protector Solar FPS 30 Manteiga de Karité |Cor...,Ambre Solaire,Embalagem 50 ml,"6,49 €","129,80 €/L"
Salsichas Frescas Chipolatas,PorSi,Embalagem com 1 kg (aprox.),"0,65 €","6,49 €/Kg"
"Vinho DOC Bairrada, Tinto",Selecção de Enófilos,"Garrafa de 1,5 L","2,92 €/L","2,92 €/L"
2 Toalhas de bidé,PorSi,30 x 50 cm,"19,99 €","19,99 €/Unidade"
Pescada Média Argentina,Peixe Congelado,+ de 500 g,"3,99 €/Kg","3,99 €/Kg"
"Pensos diários, maxi, 40 unidades",Evax,Uma embalagem,"1,79 €","1,79 €/Unidade"
Frutos vermelhos,PorSi,Embalagem de 750 g,"3,29 €","4,39 €/Kg"
Infusão principe,Cemporcent,Embalagem de 10 unidades,"0,99 €","76,15 €/Kg"
Recarga difusor elétrico melgas e mosquitos,Dum Dum,18 ml,"15,99 €","26,65 €/Kg"
Rolo cozinha compacto 3 folhas,Foxy,1 unidade,"4,99 €","4,99 €/Unidade"
Mini tostas integrais super finas,PorSi,Embalagem de 100 g,"2,39 €","6,83 €/Kg"
Banha,PorSi,Embalagem de 230 g,"2,89 €","2,89 €/Kg"
Tomates Cereja Alongados,PorSi Bio,Emb.: ± 200 g,"0,46 €","2,29 €/Kg"
Batata Pré-Frita Dauphines,PorSi,500 g,"2,39 €","3,98 €/Kg"
Vira fritos de inox cabo oregon,PorSi,1 unidade,"0,65 €","0,65 €/Unidade"
Creme vegetal para culinária,PorSi,Embalagem de 250g,"1,99 €","3,98 €/Kg"
Bombons praliné arroz tufado,PorSi Select,100 g,"5,29 €","33,06 €/Kg"
Vinho regional lisboa branco,Marginal,Garrafa de 750 ml,"6,49 €","8,65 €/L"
Ketchup,PorSi,Embalagem de 560 g,"0,87 €","2,90 €/Kg"
Mel de Rosmaninho,PorSi Select,Frasco de 250 g,"2,25 €","9,00 €/Kg"
Néctar vital equilibrio frutos vermelhos,Compal,Embalagem de 1 l,"0,99 €","0,99 €/L"
Mistura Tomates Cereja Biológicos,PorSi Bio,Emb.: ± 200 g,"0,46 €","2,29 €/Kg"
"Salsa em folhas, pacote",Margao,Embalagem de 10g,"0,66 €","22,00 €/Kg"
Cheerios 375g,Nestle,Embalagem de 380g,"5,07 €/Kg","5,07 €/Kg"
Penso diário normal,PorSi,Embalagem de 64 unidades,"1,79 €","1,79 €/Unidade"
Sopa Creme de Marisco,PorSi,Embalagem de 80 g,"0,62 €","10,00 €/Kg"
Ambientador vela baunilha,PorSi,1 unidade,"4,99 €","4,99 €/Unidade"
Bolachas mini prince recheadas com chocolate,PRINCE,Embalagem de 160 g,"2,33 €/Kg","2,33 €/Kg"
Desodorizante spray sport 48h,Labell Men,Embalagem de 200 ml,"1,39 €","6,95 €/L"
Tomate pelado,Guloso,Embalagem de 390g,"3,84 €","24,00 €/Kg"
Sangria pet,Don Simon,"Garrafa de 1,5 l","2,19 €","1,46 €/L"
Bolachas com cobertura de chocolate,PorSi,Embalagem de 150g,"0,69 €","4,60 €/Kg"
Paio do Lombo,PorSi,"Vendido ao peso, a partir de 100g","2,59 €","12,95 €/Kg"
Brandy,Macieira,Garrafa de 1 l,"11,99 €","17,13 €/L"
Vinagre de vinho branco,PorSi,Garrafa de 1 l,"0,35 €","0,70 €/L"
Leite e cereais 8 cereais e mel +6 meses,Cerelac,Garrafa de 400 ml,"4,99 €","4,99 €/Kg"
Infusão cidreira,PorSi,Embalagem de 40g,"0,99 €","76,15 €/Kg"
Bolachas cobertura de chocolate e avelã,PorSi,Embalagem de 150g,"0,69 €","4,60 €/Kg"
Cranberry desidratado,Salutem,Embalagem de 100g,"0,69 €","0,69 €/Kg"
Infusão cidreira,Cemporcent,Embalagem de 10 unidades,"0,99 €","76,15 €/Kg"
Mini tortitas milho c/ sal,PorSi Viva Bem,Embalagem de 200g,"1,45 €","11,15 €/Kg"
"Creme de rosto de dia revitalift, laser",L'oreal,Embalagem de 50 ml,"2,99 €","59,80 €/L"
Orelhas,Porco,1 un = 250 gr (aprox.),"1,50 €","5,99 €/Kg"
Vinho regional península de setúbal,Dom Campos,Garrafa de 0.75 l,"2,99 €","3,99 €/L"
Vinagre vinho branco,PorSi,Garrafa de 500 ml,"0,35 €","0,70 €/L"
Creme de dia para pele normal,Labell,Embalagem de 50 ml,"2,99 €","59,80 €/L"
Dourada limpa fresca,PorSi,Embalagem de 400g,"3,00 €","9,99 €/Kg"
Cereais fitness chocolate,Nestle,Embalagem de 380g,"3,79 €","29,38 €/Kg"
Spray elimina odores do calçado,PorSi,embalagem de 100 ml,"5,29 €","35,27 €/L"
Escumadeira de inox cabo oregon,PorSi,1 unidade,"0,65 €","0,65 €/Unidade"
Grelos,PorSi,Embalagem de 750g,"1,98 €","1,98 €/Kg"
"Hamburguers de frango, 4 x 80 g",PorSi,Embalagem de 320g,"2,79 €","8,72 €/Kg"
Cuecas Incontinência Unisexo Pants Super L,Tena,12 unidades,"20,79 €","20,79 €/Unidade"
Queijo de cabra alho e ervas,Monforqueijo,180 g,"4,69 €","26,06 €/Kg"
Cubos de bacon,Porminho,Embalagem de 2x75 g,"2,79 €","9,30 €/Kg"
Vinagre vinho branco 500ml,Cristal,Garrafa de 500 ml,"0,35 €","0,70 €/L"
Vinho tinto,Alandra,Garrafa de 750 ml,"2,99 €","3,99 €/L"
Iogurte de morango sem lactose,PorSi Viva Bem,4 x 125 g,"0,69 €","1,38 €/Kg"
Adoçante em pó,PorSi,250 saquetas,"5,99 €","23,96 €/Kg"
Vinho regional península de setúbal reserva,Periquita,Garrafa de 0.75 l,"2,99 €","3,99 €/L"
Magnum amêndoa,Olá,Embalagem de 6 x 55 ml,"5,99 €","16,64 €/L"
Arroz carolino malandrinho,Malandrinh,Embalagem de 1 kg,"1,26 €","1,26 €/Kg"
Sumo clássico 100% maçã,Compal,Garrafa de 200 ml,"1,09 €","0,73 €/L"
Creme anti-rugas reafirmante,Diadermine,Embalagem de 50 ml,"2,99 €","59,80 €/L"
Café moagem universal portugal,Delta,Embalagem de 250g,"9,16 €/Kg","9,16 €/Kg"
Salada Ibérica Programa Origens,PorSi,Embalagem de 150 g,"0,99 €","9,90 €/Kg"
Queijo em fatias,Terra Nostra,Embalagem de 400g,"1,96 €","9,80 €/Kg"
Descafeinado,Nestlé,Embalagem de 100 g,"1,59 €","6,36 €/Kg"
Massa de macarrão grande estriado,PorSi,Embalagem de 500g,"0,99 €","1,98 €/Kg"
Óleo alimentar,Fula,Embalagem 3L,"3,39 €","3,39 €/L"
Côco ralado,PorSi,Embalagem de 200g,"1,29 €","3,23 €/Kg"
Renovador de Camurça em Spray Incolor,Búfalo,Embalagem de 250 ml,"6,19 €","24,76 €/L"
Tablete de chocolate leite,Nestle,Embalagem de 130g,"5,30 €/Kg","5,30 €/Kg"
Vinho branco tejo sauvignon,Fiuza,Garrafa de 750 ml,"6,49 €","8,65 €/L"
Bolacha Maria sem lactose,PorSi Viva Bem,Embalagem de 200 g,"0,99 €","1,98 €/Kg"
Pá + espanador,PorSi,1 conjunto,"2,20 €","2,20 €/Unidade"
Bicarbonato de sódio,PorSi,Embalagem de 500 g,"8,99 €","14,98 €/L"
Maçã Golden 70/75,Programa Origens,1 un = 180 gr (aprox.),"0,34 €","1,89 €/Kg"
Máquina de barbear c/ 2 recargas de 6 lâminas,Labell Men,,"1,16 €","4,64 €/L"
Whisky Gold,Cardhu,0.70 l,"23,99 €","34,27 €/L"
Sabonete glicerina natural,Palmolive,Embalagem de 90 g,"4,49 €","12,47 €/Kg"
Rolo cozinha branco 3 folhas,PorSi,3 rolos,"4,99 €","4,99 €/Unidade"
Cápsulas de café qharisma,Delta Q,Embalagem de 60g,"54,36 €/Kg","54,36 €/Kg"
Massa Fresca Lasanha,PorSi,Embalagem de 250 g,"0,99 €","4,30 €/Kg"
Filete de anchovas estendidas,General,Embalagem de 40g,"9,08 €/Kg","9,08 €/Kg"
Bicarbonato de sódio,PorSi,Saqueta de 75 g,"1,89 €","17,18 €/Kg"
Sabonete líquido maçãs verdes,Labell,Embalagem de 500 ml,"2,18 €/L","2,18 €/L"
Vela com número nº 9,PorSi,1 unidade,"0,60 €","0,60 €/Unidade"
Tablete de chocolate de leite com amêndoas - sem açú...,PorSi Viva Bem,Embalagem de 100 g,"10,89 €/Kg","10,89 €/Kg"
"Néctar pêssego, prisma",PorSi,Embalagem de 1 l,"0,99 €","0,99 €/L"
Sementes de linhaça dourada,PorSi Viva Bem,Embalagem de 250 g,"1,59 €","10,60 €/Kg"
Sangria branca,Don Simon,"Garrafa de 1,5 l","2,19 €","1,46 €/L"
"Detergente manual de loiça, ultra limão",PorSi,Embalagem de 500 ml,"1,05 €","2,10 €/L"
Marmelada,PorSi,Embalagem de 900g,"1,09 €","2,42 €/Kg"
Sopa 100% de cogumelos,Knorr,embalagem com 57 g,"0,62 €","10,00 €/Kg"
Ervilhas bio,PorSi Bio,Frasco com 290 g,"1,89 €","10,50 €/Kg"
"Gel depilatório, peles sensiveis",Labell,Embalagem de 200 ml,"10,99 €","73,27 €/L"
Nestum bolacha maria,Nestum,Embalagem de 250g,"3,29 €","4,39 €/Kg"
Topping caramelo,Branca de neve,Embalagem de 380g,"1,29 €","3,23 €/Kg"
Dettol sabonete líquido aloe vera x 12,Dettol,Garrafa de 250 ml,"2,18 €/L","2,18 €/L"
Adoçante à base de sucralose,PorSi Viva Bem,Embalagem de 17g,"5,99 €","23,96 €/Kg"
Paloco desfiado do pacifico,Peixe Fresco,Embalagem de 400 g,"8,73 €/Kg","8,73 €/Kg"
Atum posta,PorSi,Embalagem de 400g,"3,00 €","9,99 €/Kg"
Borrego de Leite,PorSi,1/2 un = 7 kg | 1 un = 14 kg (aprox.),"59,43 €","8,49 €/Kg"
Amaciador Roupa lavanda,PorSi,Embalagem de 60 doses,"1,99 €","1,00 €/L"
Chocolate,After Eight,Embalagem de 200g,"5,29 €","33,06 €/Kg"
Peito de peru,PorSi,"Vendido ao peso, fatiado a partir de 150 g","1,99 €","13,27 €/Kg"
Biscoitos integrais sementes de agave,PorSi Viva Bem,Embalagem de 150g,"2,29 €","3,05 €/Kg"
Gel de banho júnior maçã e pera,Labell,Embalagem com 300 ml,"4,39 €","21,95 €/L"
Limpa ferros,Petex,1 unidade,"36,00 €","36,00 €/Unidade"
Iogurte mix-in kit kat,Nestle,Embalagem de 2 x 115 g,"1,05 €","1,86 €/L"
"Refrigerante com gás, ananás",Sumol,"Garrafa de 1,25 l","0,40 €/L","0,40 €/L"
Arroz agulha América do Sul,PorSi,Embalagem de 1 kg,"1,26 €","1,26 €/Kg"
Balde de Limpeza com Espremedor,PorSi,unidade,"2,50 €","2,50 €/Unidade"
Leite e cereais bolacha maria +6 meses,Cerelac,Garrafa de 400 ml,"4,99 €","4,99 €/Kg"
Água com gás,PorSi,"Garrafa de 1,5 l","1,99 €/L","1,99 €/L"
Chocolate culinário em pó,Pantagruel,Embalagem de 130g,"1,04 €","8,32 €/Kg"
Refrigerante c/ gás laranja,Fanta,"Garrafa de 1,5 l","0,40 €/L","0,40 €/L"
Pano Microfibras Colors,Vileda,4 unidades,"1,79 €","1,79 €/Unidade"
Sabonete leite & mel,Palmolive,Embalagem de 4x90 g,"4,49 €","12,47 €/Kg"
Tablete de chocolate de leite,PorSi Select,Embalagem de 200g,"5,30 €/Kg","5,30 €/Kg"
Soja nacos,PorSi Viva Bem,Embalagem de 400 g,"1,49 €","3,73 €/Kg"
Discos de amamentação,PorSi,30 unidades,"4,99 €","4,99 €/Unidade"
Sumo 100% ananás/uva,PorSi,Pack 3 x 200 ml,"1,09 €","0,73 €/L"
Iogurte líquido magro frutos vermelhos,PorSi Viva Bem,Embalagem de 4x160 ml,"1,31 €","2,05 €/Kg"
Café moagem universal brasil,Delta,Embalagem de 220g,"8,76 €/Kg","8,76 €/Kg"
Iogurte sabor a coco,PorSi,Embalagem de 4 x 125 g,"0,69 €","1,38 €/Kg"
Amido de milho,PorSi,Embalagem de 400g,"1,89 €","17,18 €/Kg"
Espremedor,PorSi,1 unidade,"2,50 €","2,50 €/Unidade"
Patê de salmão,La piara,Embalagem de 80g,"1,19 €","13,52 €/Kg"
Escamador peixe cabo áqua,PorSi,1 unidade,"0,65 €","0,65 €/Unidade"
Peito frango fatias finas,PorSi,Embalagem de 150g,"1,99 €","13,27 €/Kg"
"Vela com número, nº2",PorSi,1 unidade,"0,60 €","0,60 €/Unidade"
Moelleux de chocolate,PorSi Select,960 g,"3,99 €","7,39 €/Kg"
Iogurte arôma de frutos vermelhos,PorSi,Embalagem de 8x125 g,"0,69 €","1,38 €/Kg"
Amaciador concentrado para roupa jojoba,PorSi,80 doses,"1,99 €","1,00 €/L"
Ambientador elétrico flor de cerejeira,Air Wick,1 unidade,"3,74 €","3,74 €/Unidade"
Café moagem fina bio,PorSi Bio,Embalagem de 250g,"9,16 €/Kg","9,16 €/Kg"
Whisky 8 anos,Grant's,Garrafa de 0.70 l,"23,99 €","34,27 €/L"
Comida húmida para cão de frango e legumes,PorSi,Lata de 400 g,"0,75 €","2,50 €/Kg"
Lenços faciais brancos 2 folhas,PorSi,150 unidades,"0,89 €","0,89 €/Unidade"
Cereais fitness chocolate preto,Nestle,Embalagem de 375g,"3,79 €","29,38 €/Kg"
Argolas Romana,PorSi,Embalagem de 400 g,"1,99 €","4,98 €/Kg"
8 salsichas frankfurt,Izidoro,Embalagem de 200g,"0,75 €","3,75 €/Kg"
Brócolos congelados,PorSi,Embalagem de 1 kg,"1,98 €","1,98 €/Kg"
Vinho tinto cotes du rhone,Expert Club,Garrafa de 75 cl,"2,09 €","2,79 €/L"
Bandida do pomar maçã 4x25cl,Bandida,Garrafa de 1 l,"1,59 €","3,18 €/L"
Leite c/ chocolate,Gresso,Pack 4X200ml,"0,26 €","1,30 €/L"
Azeitona galega mista inteira,PorSi,Vendido ao peso a partir de 500 g,"1,00 €","3,99 €/Kg"
Nestum aveia e morango,Nestum,Embalagem de 250g,"3,29 €","4,39 €/Kg"
Preparado para crepes,Branca de Neve,Embalagem de 380g,"0,79 €","5,27 €/Kg"
Posta de bacalhau do atlântico,Pescanova,Embalagem de 700 g,"6,39 €","7,99 €/Kg"
Esponja limpa camurça,PorSi,1 unidade,"6,19 €","24,76 €/L"
Vinho verde branco,3 marias,Garrafa de 1 l,"3,09 €","3,09 €/L"
Petit gateau morango 4x80g,PorSi,Embalagem de 320g,"3,99 €","7,39 €/Kg"
"Cera cabelo, indestructible",Studio Line,Embalagem de 75 ml,"5,99 €","39,93 €/L"
Manteiga com sal,Novacores,Embalagem de 250g,"1,89 €","7,56 €/Kg"
Lava Tudo Flores Montanha,Sonasol,1.3 l,"0,99 €","0,50 €/L"
Vinho verde,Via Latina,Garrafa de 750 ml,"3,09 €","3,09 €/L"
Vinagre de limpeza,Dona Pureza,Embalagem de 1 l,"0,79 €","0,79 €/L"
Queijo curado alho e salsa,Nova Açores,Vendido ao peso,"0,82 €","23,43 €/Kg"
Faca Pão 20 cm Inox,PorSi,1 unidade,"6,99 €","6,99 €/Unidade"
Sopa de Caldo Verde,Brilha ali,Vendido ao peso,"2,90 €","5,79 €/Kg"
Queijo em fatias,Limiano,Embalagem de 400g,"1,96 €","9,80 €/Kg"
"Néctar de alperce, tetra",Compal,pack 3 x 200 ml,"0,99 €","0,99 €/L"
Lixívia Spray Mousse,Neoblanc,Embalagem de 700ml,"1,74 €","0,35 €/L"
Preparado sobremesa vegan sem lactose,Nestle,Embalagem de 370g,"0,49 €","5,44 €/Kg"
Bandida do pomar frutos vermelhos lata 50cl,Bandida,Garrafa de 500 ml,"1,59 €","3,18 €/L"
Queijo flamengo 0% lactose,PorSi Viva Bem,Embalagem de 150 g,"1,96 €","9,80 €/Kg"
Bolacha digestiva de aveia/chocolate,Gullon,Embalagem de 430g,"1,19 €","5,95 €/Kg"
Cerveja c/ álcool,Sagres,pack 30 x 0.25 L,"1,99 €/L","1,99 €/L"
Água s/ gás,Luso,"Garrafa de 5,4 l","0,75 €","0,13 €/L"
Mistura para aves,Rac.zezere,Embalagem de 5 kg,"4,24 €","0,85 €/Kg"
Infusão nº 5 emagrecimento,Cemporcent,Embalagem de 10 unidades,"0,99 €","76,15 €/Kg"
Azeite Subtil,Gallo,Garrafa de 2 l,"3,29 €","4,39 €/L"
Massa de espirais,Nacional,Embalagem de 500g,"0,99 €","1,98 €/Kg"
Gel de banho naturals amêndoa e leite,Palmolive,500 ml,"6,99 €","9,32 €/L"
Tortitas de arroz chocolate negro,PorSi Viva Bem,130 g,"1,45 €","11,15 €/Kg"
Doce de abóbora c/ noz,Quinta de Jugais,Embalagem de 280g,"2,19 €","9,95 €/Kg"
Queijo Curado Amanteigado,Fonte Mourisca,1 un = 250 gr  (aprox.),"2,42 €","9,69 €/Kg"
"Vinho regional península de setúbal, colheita seleci...",Adega de Pegões,Garrafa de 0.75 l,"2,99 €","3,99 €/L"
"Chocolate, extra single",Twix,Embalagem de 80g,"16,72 €/Kg","16,72 €/Kg"
Vinho do Porto Tawny,Velhotes,"garrafa de 0,75 l","5,99 €","7,99 €/L"
Condicionador spray penteia fácil,Johnson's Baby,Embalagem de 200 ml,"4,39 €","21,95 €/L"
Vinho branco,PorSi,embalagem de 1 litro,"0,85 €/L","0,85 €/L"
Gelatina de morango,Royal,Embalagem de 114g,"0,55 €","61,11 €/Kg"
"Vinho Douro, Private Collection, Tinto",Selecção de Enófilos,Garrafa de 0.75 l,"2,99 €","3,99 €/L"
"Creme de noite, age perfect",L'oreal,Embalagem de 50 ml,"2,99 €","59,80 €/L"
Bolacha recheada mega duo cacau,Gullon,Embalagem de 500g,"2,15 €","2,87 €/Kg"
"Snack  de chocolate, pack de 3 unidades",Mars,Embalagem de 3x45 g,"16,72 €/Kg","16,72 €/Kg"
Café torrado e moído 16 pastilhas,Sical,Embalagem de 104g,"54,36 €/Kg","54,36 €/Kg"
"Guardanapos brancos, 33x33cm, 2 folhas",PorSi,Embalagem com 100 unidades,"1,29 €","1,29 €/Unidade"
Rebuçados de mentol,PorSi,Embalagem de 250g,"0,77 €","3,85 €/Kg"
Pá do Lixo C/ Cabo,PorSi,1 un.,"2,20 €","2,20 €/Unidade"
Vinagre de sidra,PorSi,500 ml,"0,35 €","0,70 €/L"
"Azeitonas pretas sem caroço, frasco de 165 g",PorSi,Embalagem de 165g,"2,19 €","2,81 €/Kg"
Chocolate chunky,Kit kat,Embalagem de 160g,"16,72 €/Kg","16,72 €/Kg"
Ketchup picante,Heinz,460 g,"0,87 €","2,90 €/Kg"
Sangria branca,PorSi,Garrafa de 1.5 litros,"2,19 €","1,46 €/L"
Kit de viagem,Colgate,pasta dentífrica + escova,"3,49 €","3,49 €/Unidade"
Alimento lácteo banana +6 meses,Yogolino,Embalagem de 4 x 100 g,"2,89 €","7,23 €/Kg"
"Inseticida recarga, elétrico, 45 noites",Raid,1 unidade,"15,99 €","26,65 €/Kg"
"Absorvedores de odores, relax zen",Brise,Embalagem de 2x150g,"0,79 €","5,27 €/Kg"
Creme para barrar,Nutella,Embalagem de 200 g,"4,39 €","12,91 €/Kg"
Bolachas água e sal doces,Vieira,Embalagem de 170g,"1,19 €","5,95 €/Kg"
20 saquetas infusão camomila,Lipton,Embalagem de 10g,"0,99 €","76,15 €/Kg"
Papel higiénico compacto 2 folhas,PorSi,18 = 36 Rolos,"1,99 €","1,99 €/Unidade"
Fiambre Peito de Peru,Primor,Vendido ao peso a partir de 100 g,"1,99 €","13,27 €/Kg"
Sumo essencial manga,Compal,pack 3 x 0.11 l,"0,99 €","0,99 €/L"
Leite especial cálcio + vitamina d magro,Mimosa,Garrafa de 1 l,"0,94 €/L","0,94 €/L"
Inseticida Aerossol Rapid Moscas e Mosquitos,Raid,1 Embalagem 600ml,"5,09 €","8,48 €/L"
Pera Rocha 60/65,Programa Origens,1 un = 130 gr (aprox.),"0,34 €","1,89 €/Kg"
Pipoca doce para  microondas,PorSi,Embalagem de 300g,"0,79 €","7,90 €/Kg"
Queijo de ovelha curado amanteigado,Seia,Embalagem de 500g,"4,50 €","17,99 €/Kg"
Café solúvel intenso,Delta,Embalagem de 100g,"1,14 €","57,00 €/Kg"
Toalhetes Íntimos Suaves,Corine de Farme,Embalagem com 10 un.,"2,19 €","2,19 €/Unidade"
Cápsulas de café qharacter,Delta Q,Embalagem de 60g,"54,36 €/Kg","54,36 €/Kg"
Alimento seco p/ cão actividade intensa,PorSi,Embalagem de 4kg,"1,15 €/Kg","1,15 €/Kg"
Abre latas cabo áqua,PorSi,1 unidade,"0,65 €","0,65 €/Unidade"
Mini salsichas cocktail,Nobre,lata de 180g,"0,75 €","3,75 €/Kg"
Arroz Carolino,Cigala,Embalagem de 1 kg,"1,26 €","1,26 €/Kg"
Bebida Energética Apple,Hell,250 ml,"2,48 €/L","2,48 €/L"
Crispies de arroz +,Cemporcent,Embalagem de 250g,"1,94 €","3,88 €/Kg"
Toalhitas Bebé Basic,PorSi,Embalagem de 72 unidades,"1,09 €/Unidade","1,09 €/Unidade"
Bucal maça natural,Andros,Embalagem de 750 g,"3,39 €","4,52 €/Kg"
Cereais Forma Natura,PorSi,500 g,"3,79 €","29,38 €/Kg"
Flocos de cereais com mel,PorSi,Embalagem de 750g,"3,29 €","4,39 €/Kg"
Mel em frasco de vidro,PorSi,Embalagem de 250g,"2,25 €","9,00 €/Kg"
Café moagem grossa bio,PorSi Bio,Embalagem de 250g,"9,16 €/Kg","9,16 €/Kg"
Spray power&shine casa de banho,Cif,Garrafa de 750 ml,"0,79 €","0,79 €/L"
Espumoso moscato,Selecção de Enófilos,"Garrafa de 0,75 l","3,99 €","5,32 €/L"
Infusão de menta,Tetley,Embalagem de 10g,"0,99 €","76,15 €/Kg"
Café Clássico,PorSi,10 cápsulas,"54,36 €/Kg","54,36 €/Kg"
Adoçante c/ doseador,Canderel,Embalagem de 10g,"5,99 €","23,96 €/Kg"
Esoumante prosecco branco,Gancia,Garrafa de 750 ml,"3,99 €","5,32 €/L"
"Refresco em pó, ananás",Tang,Embalagem de 30g,"0,75 €","18,75 €/Kg"
Ambientador vela baunilha,Glade,1 unidade com 129 g,"4,99 €","4,99 €/Unidade"
Refresco pó laranja e morango,PorSi,Embalagem de 40g,"0,75 €","18,75 €/Kg"
Cerveja preta 0.0%,Sagres,Pack 4 x 0.33 l,"5,99 €","3,03 €/L"
Vinho regional alentejano bag-in-box branco,Galitos,Garrafa de 5 l,"8,59 €","1,72 €/L"
Peito de frango forno a lenha,Primor,"Vendido ao peso, fatiado a partir de 100 gr","1,99 €","13,27 €/Kg"
"Luvas multiusos relevo antiderrapante, tamanho médio",PorSi,Embalagem de 1 unidades,"2,99 €","2,99 €/Unidade"
Bandas cera depilatórias corpo pele sensível,Labell,40 unidades,"3,11 €","3,11 €/Unidade"
Ambientador recarga bouquet,Air Wick,Garrafa de 250 ml,"5,99 €","23,96 €/L"
Melão Branco,Fruta do Dia,"Vendido ao peso,1 un= 2.5 kg (aprox.)","2,48 €","0,99 €/Kg"
Recarga Desumidificador Basic,HUMYDRY,embalagem de 3 x 250g,"4,99 €","19,96 €/Kg"
Leite Bem Essencial morango,Mimosa,Embalagem de 4 x 200 ml,"1,99 €","2,49 €/L"
Café nespresso descafeinado intensidade 11,STARBUCKS,Embalagem com 10 unidades,"1,59 €","6,36 €/Kg"
Massa filo,JR,Embalagem de 250g,"0,99 €","4,30 €/Kg"
"Batata frita wavy, ondulada",PorSi,Embalagem de 90g,"1,01 €","5,46 €/Kg"
Papel Fotocópia A4 |80g,Navigator,,"5,99 €","5,99 €/Unidade"
Vinho rosé regional península de Setúbal,Selecção de Enófilos,Garrafa de 0.75 l,"2,99 €","3,99 €/L"
Tablete de chocolate leite c/ avelãs,Milka,Embalagem de 270g,"10,89 €/Kg","10,89 €/Kg"
Ambientador vela odor animais,PorSi,1 unidade,"4,99 €","4,99 €/Unidade"
Travessa com naperon 45x36cm,PorSi,1 unidade,"1,19 €","1,19 €/Unidade"
Gelatina de frutos tropicais,PorSi,Embalagem 2X85G,"0,55 €","61,11 €/Kg"
Piri piri,Calve,Garrafa de 50 ml,"0,87 €","2,90 €/Kg"
Detergente liquido loiça clássico,PorSi,Garrafa de 1 litro,"1,05 €","2,10 €/L"
Salsichas Frescas Chipolatas,PorSi,Embalagem com 1 kg (aprox.),"12,19 €","12,19 €/Kg"
Spray limpeza fornos e grelhas,PorSi,500 ml,"8,99 €","14,98 €/L"
Infusão carqueja,Cemporcent,Embalagem de 10 unidades,"0,99 €","76,15 €/Kg"
Galheteiro Suporte Redondo,Tasty,4 Peças,"0,65 €","0,65 €/Unidade"
Feijão verde,PorSi,Embalagem de 750 g,"1,98 €","1,98 €/Kg"
Bolacha vitalday crocante chocolate,Gullon,Embalagem de 280g,"2,98 €","9,93 €/Kg"
Açúcar granulado embalado em papel,Rar,Embalagem de 1 kg,"1,49 €","1,49 €/Kg"
Tablete de chocolate culinário negro,PorSi,Embalagem de 200 g,"1,04 €","8,32 €/Kg"
Creme abrasivo de limão,PorSi,Embalagem de 750 ml,"4,99 €","7,13 €/L"
Mini meia mousse muskade 20D t. único,PorSi,Tamanho: m,"1,99 €","1,99 €/Unidade"
Proti soja naco,Salutem,Embalagem de 400g,"1,49 €","3,73 €/Kg"
Caldeirada,Bacalhau,Embalagem de 400 g,"8,73 €/Kg","8,73 €/Kg"
Alheira Extra Trás os Montes,PorSi,"Vendido ao peso, 1un= 200 gr (aprox.)","1,39 €","6,95 €/Kg"
Soro fisiológico,PorSi,Embalagem de 100 ml,"0,55 €","5,50 €/L"
Folhado de salsicha,PorSi,Embalagem de 6x60 g,"1,99 €","4,98 €/Kg"
Café intenso,Buondi,10 cápsulas,"54,36 €/Kg","54,36 €/Kg"
Molas plásticas,PorSi,15 unidades,"36,00 €","36,00 €/Unidade"
Nestlé® smarties® drageias de chocolate de leite 38g,SMARTIES,Embalagem de 40g,"18,50 €/Kg","18,50 €/Kg"
Vinho maduro tinto,C.da eira,Garrafa de 250 ml,"0,85 €/L","0,85 €/L"
Mistura solúvel c/ 20% café pó,PorSi,Embalagem de 200g,"2,29 €","11,45 €/Kg"
Vinho tinto bag-in-box,Capataz,Embalagem de 5 l,"8,59 €","1,72 €/L"
Pasta dentífrica,Couto,Embalagem de 60 ml,"2,39 €","31,87 €/L"
4 Costeletas pé de Borrego,PorSi,Embalagem ± 400 g,"59,43 €","8,49 €/Kg"
Refrigerante s/ gás flórida,Sunny d,"Garrafa de 1,25 l","1,90 €","1,27 €/L"
Algodão zig zag pré-cortado,PorSi,Embalagem de 50 g,"1,69 €","1,69 €/Unidade"
Pano limpa pó de flanela,PorSi,1 unidade,"1,79 €","1,79 €/Unidade"
Carcaça de Cereais,Panpor,,"0,18 €","2,00 €/Kg"
Creme culinário soja,PorSi Viva Bem,Embalagem de 200 ml,"3,99 €","26,60 €/L"
Molho bechamel,PorSi,Embalagem de 500 ml,"1,12 €","5,60 €/L"
Spray tira nódoas,Kh 7,Garrafa de 750 ml,"3,99 €","5,70 €/L"
Caderno Agrafado Capa Preta Plastificada | A4 Quadri...,Domédia,1 unidade,"0,99 €","0,99 €/Unidade"
Pão clássico sem glúten,Schar,Embalagem de 300g,"0,99 €","1,65 €/Kg"
Vinho tinto península de setúbal,Pioneiro,Garrafa de 0.75 l,"2,99 €","3,99 €/L"
Rebuçados cristais de neve,PorSi,Embalagem de 250g,"1,15 €","4,60 €/Kg"
Arroz Risotto,PorSi,Embalagem de 1 kg,"1,26 €","1,26 €/Kg"
Cornflakes sem açúcar,Cemporcent,Embalagem de 250g,"2,09 €","8,36 €/Kg"
"Gel para o cabelo, pasta remix",Studio Line,Embalagem de 150 ml,"5,99 €","39,93 €/L"
Batata frita light,Lay's,Embalagem de 140g,"0,95 €","6,33 €/Kg"
Leite bem essencial chocolate,Mimosa,Embalagem de 200 ml,"0,26 €","1,30 €/L"
Moscatel de setúbal,Alambre,"Garrafa de 0,75L","5,99 €","7,99 €/L"
Néctar clássico pêssego,Compal,200 ml,"0,99 €","0,99 €/L"
Sopa de feijão verde,*,Vendido ao peso,"2,90 €","5,79 €/Kg"
Água mineral sem gás,S.estrela,pack 4 x 1.5 l,"0,75 €","0,13 €/L"
Bolachas cream cracker,PorSi,Embalagem de 200g,"0,39 €","3,12 €/Kg"
Borracha universal com stick,Maped,1 unidade,"1,69 €","1,69 €/Unidade"
Amaciador concentrado spa,PorSi,80 doses,"1,99 €","1,00 €/L"
Farinha s/ fermento tipo 65,ESPIGA,Embalagem de 1 kg,"1,49 €","1,49 €/Kg"
Detergente Manual p/ Lavar Roupa Regular,Gama,Embalagem de 510 g,"1,19 €","2,98 €/Kg"
Fio dental gentle suave,Sensodyne,1 unidade,"0,85 €","0,85 €/Unidade"
Gogo SqueeZ Snack Morango,Gogo,Embalagem de 4 x 90g,"2,29 €","6,94 €/L"
Vinho Regional de Lisboa Branco,Mundus,"Garrafa de 0,75L","2,12 €/L","2,12 €/L"
"Creme depilatório para duche, peles sensiveis",Veet,Garrafa de 150 ml,"10,99 €","73,27 €/L"
Inseticida Elétrico Night&Day Pack Duplo,Raid,Embalagem de 2x300 mg,"15,99 €","26,65 €/Kg"
Chourição,PorSi,"Vendido ao peso, fatiado a partir de 100 gr","0,95 €","9,49 €/Kg"
Cacetinho de trigo integral,Pão do Dia,90 g,"0,18 €","2,00 €/Kg"
Adoçante em pó stevia,PorSi Viva Bem,Embalagem de 17g,"5,99 €","23,96 €/Kg"
Ambientador gel marinho,PorSi,150 g,"0,79 €","5,27 €/Kg"
Cola universal,Uhu,Embalagem de 20 ml,"2,19 €","109,50 €/L"
Cerveja sem álcool,Cheers,Pack 6 x 0.33 l,"5,99 €","3,03 €/L"
"Vinho branco, denominação de origem controlada, dour...",VILA REAL,Garrafa de 750 ml,"7,49 €","9,99 €/L"
Cereais fitness,Nestle,Embalagem de 630g,"3,79 €","29,38 €/Kg"
Condicionador cabelos loiros,Ultra Suave,Embalagem de 200 ml,"1,00 €","5,00 €/L"
Miolo de avelã,PorSi,Embalagem de 200 g,"1,59 €","7,95 €/Kg"
Manteiga magra,Matinal,Embalagem de 250g,"1,89 €","7,56 €/Kg"
Leite Hidratante After Sun,Ambre Solaire,Embalagem de 200 ml,"9,99 €","49,95 €/L"
Conjunto Colheres de Café Essencial,PorSi,3 peças,"0,65 €","0,65 €/Unidade"
Mistura de sementes,PorSi Viva Bem,Embalagem de 200 g,"1,59 €","10,60 €/Kg"
Cevada solúvel,PorSi,Embalagem de 200g,"2,29 €","11,45 €/Kg"
Sopa de Cebola,PorSi,Embalagem de 62 g,"0,62 €","10,00 €/Kg"
Gelados Stracciatella Cookie,PorSi,Embalagem com 4 unidades,"5,99 €","16,64 €/L"
Doce arando e mirtilo,ST.DALFOUR,Frasco de 284g,"2,19 €","9,95 €/Kg"
Toalha de Mesa Anti Nódoas,VZT,Dim.: 150 x 200 cm,"19,99 €","19,99 €/Unidade"
Estendal de roupa com abas alumínio,PorSi,20 metros,"36,00 €","36,00 €/Unidade"
Recargas ambientador elétrico romantic vanilla bloss...,Glade,Embalagem de 2 x 20 ml,"5,99 €","23,96 €/L"
Frutos silvestres lata,Koala,Embalagem de 415 g,"1,99 €","2,37 €/Kg"
Tremoço médio,PorSi,Embalagem de 350 g,"2,19 €","2,81 €/Kg"
Abrasivo sanitário gel citrinos,PorSi,embalagem de 1 litro,"4,99 €","7,13 €/L"
Chourição,Salsicharia Limiana,1 un = 100 gr (aprox.),"0,95 €","9,49 €/Kg"
Lixívia Denso-Activa Tradicional p/ Casa e Roupa,Neoblanc,Embalagem de 2 l,"1,74 €","0,35 €/L"
Leite com chocolate,PorSi,Embalagem de 200 ml,"0,26 €","1,30 €/L"
Crackers s/ sal superficie,GRAN PAVES,Embalagem de 560g,"0,39 €","3,12 €/Kg"
Creme descolorante,Veet,Garrafa de 150 ml,"10,99 €","73,27 €/L"
Pensos peles sensíveis sortidos,PorSi,20 unidades,"1,69 €","1,69 €/Unidade"
Tomates Cocktail Românticos Biológicos,PorSi Bio,Emb.: ± 200 g,"0,46 €","2,29 €/Kg"
Esparregado de espinafres sem lactose,PorSi Viva Bem,Embalagem de 360 g,"0,99 €","1,98 €/Kg"
Palitos redondos,PorSi,200 unidades embalados individualmente,"1,50 €","1,50 €/Unidade"
Mandioca,Legumes do Dia,1 un=500 gr (aprox.),"0,47 €","4,69 €/Kg"
Gelado magnum pint amêndoas,Olá,Embalagem de 440 ml,"5,49 €","6,10 €/L"
Café em grão,Delta,Embalagem de 250g,"9,16 €/Kg","9,16 €/Kg"
Pó de talco,PorSi,Embalagem de 250g,"0,55 €","5,50 €/L"
Tostas suecas de trigo,PorSi,Embalagem de 225 g,"2,39 €","6,83 €/Kg"
Caramelos de nata,Werthers,Embalagem de 140g,"2,75 €","11,00 €/Kg"
Halls Mini Mints Melancia,Halls,12.5 g,"1,19 €","4,76 €/Kg"
Pipetas repelente para cão,Repul' 7,Embalagem de 1 unidades,"19,99 €","19,99 €/Unidade"
Cogumelos laminados,PorSi,780 g,"2,19 €","2,81 €/Kg"
Licor de coco,On Off,"Garrafa de 0,70 l","7,49 €","10,70 €/L"
Bolachas recheadas com morango e cheesecake,Oreo,Embalagem de 150g,"1,49 €","9,68 €/Kg"
"Recarga ambientador eléctrico, alfazema",PorSi,Embalagem de 25 ml,"5,99 €","23,96 €/L"
Cuecas Incontinência Unisexo Pants Super M,Tena,Unidade,"20,79 €","20,79 €/Unidade"
Pão de leite 8 un.,Bimbo,Embalagem de 280g,"7,40 €/Kg","7,40 €/Kg"
Azeite Virgem Extra Clássico,Gallo,Garrafa de 2 l,"3,29 €","4,39 €/L"
Sacos do lixo jardim 130 litros,PorSi,10 sacos,"1,89 €","1,89 €/Unidade"
Vinho do porto special reserve,Velhotes,"garrafa de 0,75 l","10,99 €","14,65 €/L"
Tomates Cereja Vermelhos,PorSi Bio,Emb.: ± 200 g,"0,46 €","2,29 €/Kg"
Tablete de chocolate culinário branco,PorSi,Embalagem de 180 g,"1,04 €","8,32 €/Kg"
Pão de forma s/ côdea,Bimbo,Embalagem de 650 g,"0,99 €","1,65 €/Kg"
Snacks crocantes com bacon,PorSi,Embalagem de 60g,"0,79 €","7,90 €/Kg"
Lima-limao zero,PorSi,Garrafa de 1.5 l,"0,40 €/L","0,40 €/L"
Crescido Asa Branca,Bacalhau da Noruega,1 un=1.5 Kg (aprox.),"8,73 €/Kg","8,73 €/Kg"
Maionese light,PorSi,Frasco de 414 g,"0,87 €","2,90 €/Kg"
Chá fresh preto e limão,Cemporcent,Embalagem de 18g,"44,50 €/Kg","44,50 €/Kg"
Lombo de Bacalhau Higienizado,PorSi,"Vendido ao peso, 1 un  = 300 gr (aprox.)","4,20 €","13,99 €/Kg"
Lanche Misto,Pastelaria do Dia,1 unidade= 115 g,"0,65 €","0,65 €/Unidade"
Caneca Maravilhas de Portugal,Do Art,1 unidade,"7,00 €","7,00 €/Unidade"
Caramelos de leite,Penha,Embalagem de 250g,"2,75 €","11,00 €/Kg"
Mostarda a'lancienne,PorSi Select,190 g,"0,87 €","2,90 €/Kg"
Néctar bio laranja,Paquito,"Embalagem de 1,5 l","1,59 €","1,59 €/L"
Néctar ananás,PorSi,Pack 3 x 200 ml,"0,99 €","0,99 €/L"
Vinho regional lisboa reserva tinto,Marginal,Garrafa de 0.75 l,"6,49 €","8,65 €/L"
Vinho do Porto Branco,Velhotes,"Garrafa de 0,75 l","11,99 €","15,99 €/L"
Vinho rosé,Mateus,Garrafa de 750 ml,"4,29 €","5,72 €/L"
Queijo ralado mix 3 queijos,PorSi,Embalagem de 200 g,"7,45 €/Kg","7,45 €/Kg"
10 saquetas chá frutos vermelhos,Lipton,Embalagem de 10g,"44,50 €/Kg","44,50 €/Kg"
Ice tea pêssego,Lipton,Embalagem de 1L,"1,90 €","1,27 €/L"
Iogurte pedaços pêssego/alperce,PorSi,Embalagem de 4x125g,"4,38 €","2,19 €/Kg"
Creme de avelãs e cacau para barrar sem glúten,Cemporcent,Embalagem de 200g,"3,99 €","19,95 €/Kg"
Café em cápsulas aqtivus,Delta Q,Embalagem de 55 g,"54,36 €/Kg","54,36 €/Kg"
Bloco sanitário blue activ higiene,Sonasol,Embalagem de 50 g,"37,36 €/Kg","37,36 €/Kg"
Refresco em pó de laranja,Tang,Embalagem de 30g,"0,75 €","18,75 €/Kg"
Néctar light de laranja prisma,PorSi,Embalagem de 1 l,"1,69 €","1,69 €/L"
Tampões Compak Pearl Super Com Aplicador,Tampax,16 unidades,"4,89 €","4,89 €/Unidade"
Alho Seco,Programa Origens,Vendido a partir de 100 gr,"1,19 €","1,19 €/Kg"
Rhum com coco,Malibu,Garrafa de 700 ml,"17,49 €","24,99 €/L"
Faca para Churrasco 11 cm Inox,PorSi,1 unidade,"6,99 €","6,99 €/Unidade"
Pão forma com côdea,PorSi,Embalagem de 600g,"0,99 €","1,65 €/Kg"
Bolachas crackers s/ sal,Du bois,Embalagem de 500g,"0,39 €","3,12 €/Kg"
Queijo de vaca/ovelha penela,Serqueijos,Embalagem de 250 g,"3,99 €","15,96 €/Kg"
Bombons de chocolate com creme,Jacquot,Embalagem de 100 g,"5,29 €","33,06 €/Kg"
Alheira Especial de Trás-Os-Montes,PorSi,200 g,"1,39 €","6,95 €/Kg"
Leite condensado magro,Nestle,Embalagem de 390g,"1,09 €","2,75 €/Kg"
Palmiers,Pastelaria do Dia,1 unidade= 100 g,"1,19 €","1,19 €/Unidade"
Chá preto frutos vermelhos,PorSi,Embalagem de 40g,"41,67 €/Kg","41,67 €/Kg"
Limpa carpetes,PorSi,Embalagem de 1 litro,"8,99 €","14,98 €/L"
Água sem gás,Penacova,Garrafão de 5 litros,"0,75 €","0,13 €/L"
Gogo SqueeZ Snack Morango,Gogo,Embalagem de 90g,"2,29 €","6,94 €/L"
Caramelo líquido,Royal,Embalagem de 400g,"1,29 €","3,23 €/Kg"
Cerveja pack económico,Super Bock,pack 6 x 0.33 l,"1,99 €/L","1,99 €/L"
Máquina Descartável Depilatória Venus Plus,Gillette,4 un. + 2 grátis,"6,29 €","6,29 €/Unidade"
Marmelada com frutose,PorSi Viva Bem,Embalagem de 400g,"1,09 €","2,42 €/Kg"
Gelatina de morango,PorSi,Embalagem de 170g,"0,55 €","61,11 €/Kg"
Snack para cão adulto com frango,Friskies,Embalagem de 200g,"1,09 €","6,06 €/Kg"
Rebuçados fruta,PorSi,Embalagem de 250g,"1,19 €","4,76 €/Kg"
Tisana de chá verde/limão light,Pleno,"Garrafa de 1,5 l","1,90 €","1,27 €/L"
Bolachas com recheio baunilha,PorSi,Embalagem de 500g,"2,15 €","2,87 €/Kg"
Açúcar mascavado claro,Rar,Embalagem de 500 g,"1,49 €","1,49 €/Kg"
Pasta dentífrica gel kids,Labell,Embalagem de 50 ml,"0,99 €","0,99 €/Unidade"
Batata branca para assar,*,Vendido ao peso,"1,19 €","1,19 €/Kg"
Caderno Ecosmart A4 Liso,Ambar,100 Folhas,"0,99 €","0,99 €/Unidade"
Couscous tradicional,Cemporcent,Embalagem de 500g,"1,94 €","3,88 €/Kg"
Palmiers,PorSi,Embalagem de 720 g,"1,69 €","6,76 €/Kg"
Leite uht sem lactose magro,PorSi Viva Bem,1 litro,"0,99 €","0,99 €/L"
Lava tudo amigo dos animais,Xanpa,Embalagem de 1 l,"2,59 €","1,30 €/L"
"Salsichas aves, frasco com 5 unidad",Izidoro,Embalagem de 250g,"0,75 €","3,75 €/Kg"
"Vinho branco região da península de setúbal, bag in ...",Dom Campos,Garrafa de 5 l,"9,49 €","1,90 €/L"
Lata de Brilho Preto,Búfalo,Embalagem de 75 ml,"2,75 €","36,67 €/L"
Vinho tinto doc dão,Cabriz,Garrafa de 0.75 l,"9,49 €","12,65 €/L"
Rum anejo especial,Havana,Garrafa de 700 ml,"17,49 €","24,99 €/L"
Água c/ gás original,Frize,pack 6 x 0.25 l,"1,99 €/L","1,99 €/L"
Barra s.k frutos vermelhos,Kellogg's,Embalagem de 130g,"3,79 €","29,15 €/Kg"
Brandy  (36º),Macieira,Garrafa de 700 ml,"11,99 €","17,13 €/L"
Saqueta de puré de fruta | maçã + pera,PorSi,90 g,"0,74 €","8,22 €/Kg"
Aguardente bagaceira,S.domingos,Garrafa de 1 l,"14,27 €","20,39 €/L"
Desentupidor gel turbo com lixívia,Destop,Garrafa de 1 l,"4,89 €","6,52 €/L"
Feijão manteiga caçarola,Cacarola,Embalagem de 500g,"2,78 €/Kg","2,78 €/Kg"
Bombons de chocolate merci,Merci,Embalagem de 250g,"5,29 €","33,06 €/Kg"
Posta de Corvina-Prata Congelada,PorSi,Vendido ao peso a partir de 200 g (aprox.),"4,20 €","13,99 €/Kg"
Gel de Banho Coconut Milk,Dove,Embalagem de 750 ml,"6,39 €/L","6,39 €/L"
10 croquetes de carne,PorSi,Embalagem de 300 g,"1,99 €","4,98 €/Kg"
Luvas Multi Sensitive Médio/Grande,Vileda,40 unidade,"2,99 €","2,99 €/Unidade"
Pasta dentífrica menta fresca,Aquafresh,Embalagem de 75 ml,"2,39 €","31,87 €/L"
Pataniscas de bacalhau,*,60 g,"1,99 €","4,98 €/Kg"
Farinha p/ bolos fina,Nacional,Embalagem de 1Kg,"1,49 €","1,49 €/Kg"
Pensos higiénicos Cottonlike Super Plus Com Abas,Evax,10 unidades,"2,59 €","2,59 €/Unidade"
Pera rocha categoria II Programa Origens,PorSi,Embalagem de 1.5 kg,"0,34 €","1,89 €/Kg"
Arroz de pato,PorSi,Embalagem de 250 g,"2,99 €","11,96 €/Kg"
Batata pom'duchesse,PorSi,Embalagem de 600g,"2,39 €","3,98 €/Kg"
Pensos higiénicos liberty normal abas,Evax,Embalagem com 12 un.,"2,59 €","2,59 €/Unidade"
Casal garcia sweet 750ml/1,Casal Garcia,Garrafa de 750 ml,"3,09 €","3,09 €/L"
Arroz basmati,PorSi,Embalagem de 1 kg,"1,26 €","1,26 €/Kg"
"Vinho tinto, bag in box",Capela Pias,Garrafa de 5 l,"9,49 €","1,90 €/L"
Pera conference categoria: II,*,Vendido ao peso a partir de 300 g,"0,34 €","1,89 €/Kg"
Romã,Fruta da Época,1 un = 250 gr  (aprox.),"1,89 €/Kg","1,89 €/Kg"
Bombons Frutos do Mar,PorSi Select,250 g,"5,29 €","33,06 €/Kg"
Queijo flamengo ralado,PorSi,Embalagem de 200G,"1,96 €","9,80 €/Kg"
Abre latas multiusos cabo áqua,PorSi,1 unidade,"0,65 €","0,65 €/Unidade"
Canela em pau,PorSi,Saqueta de 30 g,"0,66 €","22,00 €/Kg"
Acendalhas Sólidas Brancas,Diprochama,,"1,19 €","1,19 €/Unidade"
Snack gato sticks carne 6x5g porsi,PorSi,Embalagem de 30g,"0,85 €","14,17 €/Kg"
Iogurte pedaços ananás,PorSi,Embalagem de 4 x 125 g,"4,38 €","2,19 €/Kg"
Creme de cenoura,PorSi,Embalagem de 400 g,"2,90 €","5,79 €/Kg"
"Pimenta preta, moída, em frasco",PorSi,Embalagem de 43 g,"0,66 €","22,00 €/Kg"
Cereais estrelitas,Nestle,Embalagem de 550g,"5,07 €/Kg","5,07 €/Kg"
Toalhitas para bebé melão,PorSi,Embalagem de 60 unidades,"1,09 €/Unidade","1,09 €/Unidade"
Água sem gás,PorSi,Garrafão de 6 l,"0,75 €","0,13 €/L"
Camarão 40/60,Congelado de Aquicultura,1 un = 250 gr  (aprox.),"2,00 €","7,99 €/Kg"
Café torrado lote chávena saco,Delta,Embalagem de 250g,"9,16 €/Kg","9,16 €/Kg"
Batata frita light,PorSi,Embalagem de 150g,"0,95 €","6,33 €/Kg"
Guardanapos 2 folhas brancos e dourado,PorSi Select,50 unidades,"1,29 €","1,29 €/Unidade"
Lava tudo brilhante madeiras,PorSi,Embalagem de 1.1 litros,"0,99 €","0,50 €/L"
24 Caldos de carne,PorSi,Embalagem de 255  g,"3,84 €","24,00 €/Kg"
Néctar de pêssego,PorSi,Pack 3 x 200 ml,"0,99 €","0,99 €/L"
Cereais cruesli fruta,Quaker,Embalagem de 380g,"2,29 €","6,11 €/Kg"
Sobremesa gelatina de ananás,PorSi,Embalagem 4X100G,"0,85 €","2,13 €/Kg"
Almofadas Eco Anti-Alérgicas,Jobitex,2 unidades,"19,99 €","19,99 €/Unidade"
Queijo mozzarella ralado,PorSi,Embalagem de 200 g,"7,45 €/Kg","7,45 €/Kg"
Spray limpeza casa de banho,Cillitbang,Embalagem de 500 ml,"8,99 €","14,98 €/L"
Rebuçados drops recheio de fruta,PorSi,Embalagem de 250g,"1,19 €","4,76 €/Kg"
Massa quebrada margarina,PorSi,Embalagem de 230 g,"0,99 €","4,30 €/Kg"
Pré-lavagem power gel,Vanish,Garrafa de 200 ml,"29,99 €","7,06 €/L"
Farinha láctea 5 frutos,PorSi,Embalagem de 500g,"4,99 €","4,99 €/Kg"
"Formas de alumínio rectangulares com tampa, 600ml , ...",PorSi,Uma embalagem,"1,11 €","1,11 €/Unidade"
Adoçante com doseador,PorSi,Embalagem 100 comprimidos,"5,99 €","23,96 €/Kg"
Bandas de cera fria facial,Labell,Embalagem com 20 un. + 4 toalhitas de acabamento,"3,11 €","3,11 €/Unidade"
10 hamburguers 60% carne de bovino,PorSi,Embalagem de 1 kg,"2,79 €","8,72 €/Kg"
"Vinho doc loureiro, verde",Selecção de Enófilos,Garrafa de 0.75 l,"3,09 €","3,09 €/L"
Mousse de chocolate preto,Páturages,Embalagem de 4x60 g,"1,19 €","2,59 €/Kg"
"Escova de dentes, proteção global média, 2 unidades",Labell,Uma embalagem,"3,49 €","3,49 €/Unidade"
Manga Refrigerante p/ Garrafas,AR,1 unidade,"0,65 €","0,65 €/Unidade"
Uvas cortadas,PorSi,100 g,"2,48 €","0,99 €/Kg"
"Toalhitas intimas, 20 unidades",Labell,Uma embalagem,"2,19 €","2,19 €/Unidade"
Limpa fornos,PorSi,500 ml,"8,99 €","14,98 €/L"
Papel higiénico reciclado 2 folhas,PorSi,12 rolos,"1,99 €","1,99 €/Unidade"
Pescada África do Sul,Peixe Congelado,De 600g a 900g,"3,99 €/Kg","3,99 €/Kg"
Painho de Sousel,PorSi,"Vendido ao peso, fatiado a partir de 100 gr","2,59 €","12,95 €/Kg"
Tarteletes com recheio morango,PorSi,Embalagem de 96g,"1,49 €","9,68 €/Kg"
Chocolate culinário 70% cacau,Pantagruel,Embalagem de 200g,"1,04 €","8,32 €/Kg"
Morcela de Trás os Montes,PorSi,"Vendido ao peso, 1 un = 200 gr (aprox.)","1,39 €","6,95 €/Kg"
"Bolachas aperitivas, simples",Tuc,Embalagem de 100g,"2,98 €","9,93 €/Kg"
Arroz carolino vaporizado,Cacarola,Embalagem de 1 kg,"1,26 €","1,26 €/Kg"
Tomates Cacho Redondos Biológicos,PorSi Bio,± 400 g,"0,46 €","2,29 €/Kg"
Vinho Tinto Douro Reserva,Duas Quintas,Garrafa de 750 ml,"3,09 €","3,09 €/L"
Bebida de Aveia,PorSi Viva Bem,1 l,"1,59 €","1,59 €/L"
Cacau em pó,Pantagruel,Embalagem de 130g,"1,04 €","8,32 €/Kg"
Vela em número nº1,PorSi,1 unidade,"0,60 €","0,60 €/Unidade"
Tablete de chocolate leite/amêndoa,Nestle,Embalagem de 120g,"10,89 €/Kg","10,89 €/Kg"
"Hamburgers de porco, 4x80g",PorSi,Embalagem de 320 g,"2,79 €","8,72 €/Kg"
Doce morango 284g,ST.DALFOUR,Frasco de 284g,"2,19 €","9,95 €/Kg"
Pasta dentífrica herbal,Colgate,Embalagem de 75 ml,"2,39 €","31,87 €/L"
Castanhas,PorSi,Embalagem de 500G,"3,29 €","4,39 €/Kg"
Spray limpeza fornos e grelhas,PorSi,500 ml,"2,99 €/L","2,99 €/L"
"Vela com número, nº 7",PorSi,1 unidade,"0,60 €","0,60 €/Unidade"
Manteiga magra meio sal,President,Embalagem de 250g,"1,89 €","7,56 €/Kg"
Caixa de Arrumação 45 L C/ Rodas,Fapil,1 un.,"8,90 €","8,90 €/Unidade"
Bebida láctea crescimento c/ bolacha maria,Nestle,Embalagem de 1 litro,"0,26 €","1,30 €/L"
Tira nódoas em spray cores,Neoblanc,Embalagem de 700 ml,"3,99 €","5,70 €/L"
Rebuçados recheio mel,PorSi,Embalagem de 200g,"0,77 €","3,85 €/Kg"
Salsa Molho Programa Origens,PorSi,Embalagem de 50g,"0,89 €","17,80 €/Kg"
Açúcar areado amarelo,Rar,Embalagem de 1kg,"1,49 €","1,49 €/Kg"
Mistura sol sem café granulado,PorSi,Embalagem de 200g,"2,29 €","11,45 €/Kg"
Tomates Cereja Cocktail Biológicos,PorSi Bio,± 250 g,"0,46 €","2,29 €/Kg"
Mão de vaca com grão,Nobre,Embalagem de 420 g,"2,99 €","11,96 €/Kg"
Diospiro de roer persimon | categoria: II,Fruta da Época,1 un = 250 gr  (aprox.),"1,89 €/Kg","1,89 €/Kg"
Fita adesiva,PorSi,5m x 1.25 cm,"1,69 €","1,69 €/Unidade"
Topping chocolate belga,Branca de neve,Embalagem de 390g,"1,29 €","3,23 €/Kg"
Feijão catarino,PorSi,Embalagem 500G,"2,78 €/Kg","2,78 €/Kg"
Vinho Vinha da Fonte Setúbal tinto,Casa Ermelinda Freitas,Garrafa de 0.75 l,"2,99 €","3,99 €/L"
Nabo Roxo sem Rama,Legumes do Dia,1 un = 200 gr (aprox.),"1,99 €","1,99 €/Kg"
Milho doce,PorSi,Embalagem de 400 g,"1,98 €","1,98 €/Kg"
Limpa Máquina Loiça Regular,Finish,,"1,49 €","5,96 €/L"
"Compal vital laranja, cenoura e manga",Compal,Garrafa de 200 ml,"0,99 €","0,99 €/L"
Pomada para calçado preto,Splendor,lata com 50 ml,"2,75 €","36,67 €/L"
Esmagador de nylon cabo áqua,PorSi,1 unidade,"0,65 €","0,65 €/Unidade"
Bacalhau posta média,PorSi,Embalagem de 800g,"6,39 €","7,99 €/Kg"
Leite Hidratante Delicadeza de Aveia,Ultra Suave,Embalagem de 400 ml,"12,48 €/L","12,48 €/L"
Lixívia com detergente,PorSi,Embalagem de 2 l,"2,59 €","1,30 €/L"
Queijo de vaca curado amanteigado,PorSi,+/- 550 g,"3,35 €","13,39 €/Kg"
"Cera para móveis, spray",Pronto,Embalagem de 300 ml,"8,99 €","14,98 €/L"
Metades de pera em calda,PorSi,Lata de 820 g,"1,99 €","2,37 €/Kg"
Cereais recheados com chocolate e avelã,PorSi,Embalagem de 400g,"5,07 €/Kg","5,07 €/Kg"
Aguardente,Alma pura,Garrafa de 0.70 l,"14,27 €","20,39 €/L"
Bolachas digestive go aveia,Triunfo,Embalagem de 170g,"1,19 €","5,95 €/Kg"
Bolacha Maria Integral,PorSi,Embalagem de 600g,"1,19 €","5,95 €/Kg"
Mistura para carnes,PorSi,Embalagem de 40g,"0,66 €","22,00 €/Kg"
Pilha alcalina classic lr20x2,Domédia,1 unidade,"2,56 €","2,56 €/Unidade"
Saco carvão vegetal,BBQ Lovers,Embalagem de 5 kg,"1,19 €","1,19 €/Unidade"
Amendoins mix original,Matutano,Embalagem de 130g,"0,79 €","7,90 €/Kg"
Café solúvel gold,PorSi Select,Embalagem 100G,"1,14 €","57,00 €/Kg"
Ambientador vela citronela,PorSi,1 unidade,"4,99 €","4,99 €/Unidade"
Recarga p/ Esfregona |Suave,Vileda,,"0,89 €","0,89 €/Unidade"
Óleo especial fritura,Fula,Garrafa de 1 l,"3,39 €","3,39 €/L"
"Limpa vidros, azul",PorSi,Embalagem de 5 l,"1,99 €","1,99 €/L"
Creme vegetal para culinária,PorSi,Embalagem de 1 kg,"2,89 €","2,89 €/Kg"
Tira Nódoas Spray a Seco,Iberia,Embalagem de 200 ml,"3,99 €","5,70 €/L"
Morcela de Arroz do Fundão,PorSi,"Vendido ao peso, 1 un=200 g (aprox.)","1,39 €","6,95 €/Kg"
Cereais cookie crisp,Nestle,Embalagem de 380g,"5,07 €/Kg","5,07 €/Kg"
Abrasivo sanitário gel marinho,PorSi,embalagem de 1 litro,"4,99 €","7,13 €/L"
Rebuçados mentho-lyus sem açúcar,Halls,Embalagem de 31 g,"0,77 €","3,85 €/Kg"
Bolachas starship tradicional,PorSi,Embalagem de 150g,"0,79 €","5,27 €/Kg"
Manga Refrigerante p/ Garrafas,AR,1 unidade,"3,49 €","3,49 €/Unidade"
Creme p/ Calçado Castanho,Búfalo,Embalagem de 40 ml,"2,75 €","36,67 €/L"
3 Pipetas de Repelente p/ Gato,Repul'7,1 unidade,"19,99 €","19,99 €/Unidade"
"Espuma de cabelo, volume xxl",Fru style,Embalagem de 200 ml,"5,99 €","39,93 €/L"
Mix do Bosque,Fruta Embalada,Embalagem com 175 gr,"3,29 €","18,80 €/Kg"
Vinagre de vinho tinto,Cristal,Garrafa de 500 ml,"0,35 €","0,70 €/L"
Couve Coração Programa Origens,PorSi,1 un = 1 kg (aprox.),"1,99 €","1,99 €/Kg"
Rhum negrita white,Negrita,Garrafa de 700 ml,"17,49 €","24,99 €/L"
Leite condensado cozido,PorSi,Embalagem de 397 g,"1,09 €","2,75 €/Kg"
Refrigerante sem gás frutos tropicais,Trina,"Garrafa de 1,5 l","1,90 €","1,27 €/L"
Trufas de Cacau,PorSi Select,200 g,"5,29 €","33,06 €/Kg"
Polvo limpo,PorSi,Embalagem de 800 g,"9,59 €","11,99 €/Kg"
Lula recheada com carne,PorSi,Embalagem de 500 g,"2,09 €","5,81 €/Kg"
Queijo ilha ralado,PorSi,Embalagem de 200g,"7,45 €/Kg","7,45 €/Kg"
Sabonete,Feno,Embalagem de 4x90 g,"4,49 €","12,47 €/Kg"
Cuecas Incontinência Maxi Grande,Lindor,Embalagem com 14 un.,"20,79 €","20,79 €/Unidade"
Areia para gatos biodegradável vegetal,PorSi,Embalagem de 8 litros,"1,19 €","0,24 €/Kg"
Nectar multivitaminas,Paquito,Embalagem de 2 l,"0,99 €","0,99 €/L"
Leite creme,Royal,Embalagem de 90g,"0,79 €","5,27 €/Kg"
Batata frita de presunto,PorSi,Embalagem de 185 g,"1,18 €","6,38 €/Kg"
Vinho regional lisboa reserva tinto,Mundus,Garrafa de 750 ml,"6,49 €","8,65 €/L"
Detergente liquido para máquina de lavar roupa activ...,Skip,Embalagem de 80 doses,"29,99 €","7,06 €/L"
Spray desengordurante,Sonasol,Embalagem de 500 ml,"4,89 €","6,52 €/L"
Queijo fresco ligth,PorSi,Embalagem de 4 x 62.5 g,"1,95 €","9,75 €/Kg"
Queijo fatias -50% gordura,Terra Nostra,Embalagem de 400g,"1,95 €","9,75 €/Kg"
"Sumo 100%, laranja",PorSi,"Embalagem de 1,5 l","1,09 €","0,73 €/L"
8 rissóis de carne,PorSi,Embalagem de 300g,"1,99 €","4,98 €/Kg"
Óleo p/ Moto Performa M2T,Galp,Embalagem de 1 l,"5,99 €","5,99 €/L"
"Abs odores lavanda, pack 2x150g",Glade,Embalagem de 2x150 g,"0,79 €","5,27 €/Kg"
Sultana Dourada,PorSi,Embalagem de 200g,"1,59 €","7,95 €/Kg"
Beterraba s/ Rama,Programa Origens,1 un = 250 gr  (aprox.),"0,47 €","4,69 €/Kg"
Bolachas de aveia e trigo integral,PorSi Viva Bem,Embalagem de 240g,"2,98 €","9,93 €/Kg"
Café solúvel descafeinado,PorSi,Embalagem de 100G,"1,14 €","57,00 €/Kg"
12 douradinhos forníssimo,Capitão Iglo,Embalagem de 300g,"9,30 €/Kg","9,30 €/Kg"
Resguardos de cama,PorSi,20 unidades de 60 x 90 cm,"4,99 €","4,99 €/Unidade"
Espuma de barbear para peles sensíveis,Labell Men,Embalagem de 250 ml,"1,16 €","4,64 €/L"
Mistura vegetais para wok,PorSi,Embalagem de 750g,"1,98 €","1,98 €/Kg"
Bacalhau desfiado,Pescanova,Embalagem de 400 g,"6,39 €","7,99 €/Kg"
Sopa de caldo verde Programa Origens,PorSi,Embalagem de 250g,"0,99 €","9,90 €/Kg"
Vinho do porto tawny,Cruz,"Garrafa de 0,75 l","5,99 €","7,99 €/L"
Bolacha de milho sem sal bio,Cemporcent,Embalagem de 110g,"1,45 €","11,15 €/Kg"
Guardanapos de 1 folha amarelos | dim.: 30 x 29 cm,PorSi,Embalagem com 70 unidades,"1,29 €","1,29 €/Unidade"
Mopa Maxi XXL + 8 Panos,Swiffer,1 unidade,"2,20 €","2,20 €/Unidade"
Polvilho doce,Do Brasil,500 g,"1,49 €","1,49 €/Kg"
Pão Alentejano,Pão do Dia,1 unidade = 400 g,"0,18 €","2,00 €/Kg"
Batata frita ondulada wavy,PorSi,Embalagem de 185 g,"1,01 €","5,46 €/Kg"
Ambientador Elétrico Lavanda e Aloe,Glade,1 unidade,"3,74 €","3,74 €/Unidade"
"Gel banho, hidratante",Labell,Embalagem de 750 ml,"6,39 €/L","6,39 €/L"
Pipocas doces,Orcape,Embalagem de 100g,"0,79 €","7,90 €/Kg"
Feijão vermelho,Caçarola,Embalagem de 500 g,"2,78 €/Kg","2,78 €/Kg"
Manteiga amendoim cremosa,PorSi,Embalagem de 340g,"4,39 €","12,91 €/Kg"
Vinho regional península de setúbal tinto,J.m.f.,Garrafa de 750 ml,"2,99 €","3,99 €/L"
Vinho verde,Felgueiras,Garrafa de 0.75 l,"3,09 €","3,09 €/L"
Iogurte pedaços frutimax frutos variados,PorSi,Embalagem de 8 x 125 g,"4,38 €","2,19 €/Kg"
Lava tudo antibacteriano herbal,PorSi,Garrafa de 1.5 l,"0,99 €","0,50 €/L"
Cevada solúvel,Delta,Embalagem de 200 g,"1,14 €","57,00 €/Kg"
Adoçante em pó stevia,PorSi Viva Bem,Embalagem de 250 g,"5,99 €","23,96 €/Kg"
Esparguete integral,Salutem,Embalagem de 500g,"1,94 €","3,88 €/Kg"
Chocolate culinário,Nestle,Embalagem de 200g,"1,04 €","8,32 €/Kg"
Batatas forno ervas,Lay's,Embalagem de 130g,"1,18 €","6,38 €/Kg"
Bolacha maria oro +33% grátis,Cuetara,Embalagem de 800g,"2,11 €/Kg","2,11 €/Kg"
Aperitivos de amendoim com sal e mel,Matutano,Embalagem de 150g,"1,59 €","7,95 €/Kg"
Atum posta ao natural,Bom petisc,Embalagem de 120 g,"9,08 €/Kg","9,08 €/Kg"
Achocolatado intenso 40% cacau,Nestle,Embalagem de 330g,"6,64 €/Kg","6,64 €/Kg"
Vinho branco bag-in-box,Capataz,Embalagem de 5 l,"8,59 €","1,72 €/L"
Spray renova camurça preta,PorSi,Embalagem de 200 ml,"6,19 €","24,76 €/L"
Café dak lak vietnam moagem universal,Sical,Embalagem de 220g,"8,76 €/Kg","8,76 €/Kg"
Bolacha maria,Cuetara,Embalagem de 3 x 200 g + 33% grátis,"2,11 €/Kg","2,11 €/Kg"
Inseticida Elétrico Citronela,Dum Dum,1 unidade = 45 noites,"15,99 €","26,65 €/Kg"
Bolachas cereais passas e laranja,PorSi,Embalagem de 300 g,"0,79 €","5,27 €/Kg"
Gel wc anticalcário sem lixívia,PorSi,"Garrafa de 1,5 l","3,19 €","4,25 €/L"
Gomas tijolos ácidos,PorSi,Embalagem de 300 g,"1,19 €","3,97 €/Kg"
Aditivo Máquina Roupa em Pó Oxi action Pink,Vanish,420 g,"3,09 €","3,09 €/Kg"
Red Fish Grande,Peixe Congelado,1 un = 500 gr (aprox.),"3,99 €/Kg","3,99 €/Kg"
Dispensador de Bebidas,Anilar,3.5 litros,"19,99 €","19,99 €/Unidade"
Sopa de cebola económica,Knorr,Embalagem de 50g,"0,62 €","10,00 €/Kg"
Dentifríco 2 em 1 original,Theramed,Embalagem de 75 ml,"3,39 €","45,20 €/L"
"Bloco sanitário blue activ, eucalio",Sonasol,Embalagem de 50 g,"37,36 €/Kg","37,36 €/Kg"
Halls vita c morango sem açúcar,Halls,Embalagem de 32 g,"0,77 €","3,85 €/Kg"
"Forma papel para bolos, 10. 5cm",PorSi,Embalagem com 60 unidades,"1,19 €","1,19 €/Unidade"
Chocolate culinário em pó,PorSi,Embalagem de 125 g,"1,04 €","8,32 €/Kg"
Refrigerante com gás guaraná,Antartica,"Garrafa de 1,5 l","0,40 €/L","0,40 €/L"
Salsichão fuet caseiro peru,Elpozo,Embalagem de 150g,"0,95 €","9,49 €/Kg"
Mistura de frutos exóticos,PorSi,Embalagem de 450 g,"3,29 €","4,39 €/Kg"
Cenoura,PorSi,1 un = 100 gr  (aprox.),"0,79 €/Kg","0,79 €/Kg"
Discos Sanitários Activos Aparelho Lavanda,WC Pato,Embalagem de 36 ml,"37,36 €/Kg","37,36 €/Kg"
Chili com carne,Itinéraire des Saveurs,Embalagem 300G,"2,99 €","11,96 €/Kg"
Colher para esparguete cabo áqua,PorSi,1 unidade,"0,65 €","0,65 €/Unidade"
Chá infusão sene,Cemporcent,Embalagem de 13g,"0,89 €","44,50 €/Kg"
Vinho de mesa tinto bag in box,Adega grande,Garrafa de 5 l,"8,59 €","1,72 €/L"
Gel Banho Excite,Axe,Embalagem de 400 ml,"1,49 €","4,97 €/L"
Feijão encarnado,PorSi,Embalagem de 420 g,"2,19 €","2,81 €/Kg"
Sopa da pedra,Centralres,Vendido ao peso a partir de 500 g,"2,90 €","5,79 €/Kg"
Agrafador universal +400 agrafos,Maped,1 unidade,"1,29 €","1,29 €/Unidade"
Sangria branca,Casal Garcia,Garrafa de 750 ml,"2,19 €","1,46 €/L"
Frango inteiro com miúdos,PorSi,Embalagem com 1.4 kg (aprox.),"3,98 €","2,49 €/Kg"
Talheres de madeira,PorSi,12 unidades (6 garfos + 6 facas),"1,15 €","1,15 €/Unidade"
Queijo de Ovelha Curado Apimentado,PorSi,,"4,50 €","17,99 €/Kg"
Bolachas choco mini estrelas,Milka,Embalagem de 190g,"2,15 €","2,87 €/Kg"
Piripiri grão,PorSi,Saqueta de 20 g,"0,66 €","22,00 €/Kg"
Desinfetante p/ Roupa,Sanytol,embalagem com 500ml,"3,99 €","5,70 €/L"
Salsichas de porco,Nobre,Lata de 250g,"0,75 €","3,75 €/Kg"
Abobora cubos,PorSi,Embalagem de 500g,"1,98 €","1,98 €/Kg"
Queijo nisa dop,Monforqj,Embalagem de 300g,"2,87 €","15,94 €/Kg"
Chouriço Extra do Ribatejo,PorSi,200 g,"1,14 €","5,70 €/Kg"
Cocktail mango,Bar Royal,Garrafa de 750 ml,"3,99 €","5,32 €/L"
Cafe soluvel c/c 200g,Delta,Embalagem de 200g,"1,14 €","57,00 €/Kg"
Massa para pizza,PorSi,Embalagem de 260 g,"0,99 €","4,30 €/Kg"
Arroz integral,PorSi Viva Bem,Embalagem de 1 kg,"1,26 €","1,26 €/Kg"
5 folhas de gelatina incolor,PorSi,Embalagem de 9 g,"0,55 €","61,11 €/Kg"
Caramelos de fruta,PorSi,Embalagem de 250g,"1,19 €","4,76 €/Kg"
Pudim de baunilha,PorSi,Embalagem de 90g,"0,59 €","29,50 €/Kg"
Fraldas Bebé Seco T3 | 6-10 Kg,Dodot,Embalagem com 62 un.,"8,49 €","8,49 €/Unidade"
"Cereais special k, frutos vermelhos",Kellogg's,Embalagem de 300g,"3,79 €","29,38 €/Kg"
Pudim baunilha,Boca Doce,Embalagem de 20g,"0,59 €","29,50 €/Kg"
Batata Roxa,Legumes do Dia,embalada - 10kg,"1,19 €","1,19 €/Kg"
Leite com chocolate sem lactose,Ucal,Embalagem de 6 x 250 ml,"0,26 €","1,30 €/L"
Bebida de soja de amêndoa,Alpro,Embalagem de 1 litro,"2,49 €","2,49 €/L"
Luvas Comfort Extra Médias / Grandes,Vileda,1 unidade,"2,99 €","2,99 €/Unidade"
Lixívia perfumada,PorSi,Embalagem de 5 l,"2,59 €","1,30 €/L"
Pringles original,Pringles,Embalagem de 175g,"1,01 €","5,46 €/Kg"
Vinho doc alentejo tinto,T.bolotas,Garrafa de 0.75 l,"2,89 €","3,85 €/L"
Sumo 100% maçã e frutos vermelhos,Compal,1 litro,"1,09 €","0,73 €/L"
Esparguete fino,Nacional,Embalagem de 500g,"0,99 €","1,98 €/Kg"
Mistura solúvel tofina despertar,Nestle,Embalagem de 200g,"2,29 €","11,45 €/Kg"
Moscatel Roxo Setúbal,Alambre,Garrafa de 750 ml,"5,99 €","7,99 €/L"
Moscatel do Douro,Selecção de Enófilos,"Garrafa de 0,75 l","5,99 €","7,99 €/L"
Knorr sopa gourmet b.doce e abobora 49gr,Knorr,Embalagem de 70g,"0,62 €","10,00 €/Kg"
Fio dentário fluór+menta 50m,Labell,1 unidade,"0,85 €","0,85 €/Unidade"
Escumadeira inox cabo áqua,PorSi,1 unidade,"0,65 €","0,65 €/Unidade"
Cubos pão trigo tostado,PorSi,Embalagem de 150g,"2,39 €","6,83 €/Kg"
Gelado magnum pint clássico,Olá,Embalagem de 440 ml,"5,49 €","6,10 €/L"
Néctar vital equilibrio manga/maracujá,Compal,Embalagem de 1 l,"1,69 €","1,69 €/L"
Gelado magnum mini double chocolate e caramelo,Olá,Embalagem de 6 x 60 ml,"5,99 €","16,64 €/L"
"Coloração permanente, louro claro, nº80",Nutrisse,1 unidade,"9,49 €/Unidade","9,49 €/Unidade"
Callippo super mix,Olá,Embalagem de 5 x 105 ml,"5,99 €","16,64 €/L"
Torta natas com cobertura de cacau,PorSi,Embalagem de 300g,"2,05 €","5,13 €/Kg"
Gel Intimo Suave,Corine de Farme,250 ml,"0,55 €","5,50 €/L"
Chá verde,PorSi,Embalagem de 37.5 g,"0,99 €","23,02 €/Kg"
Vassoura Especial Lisa,PorSi,unidade,"2,20 €","2,20 €/Unidade"
Ração para cão mini adulto nutri soft com frango,Friskies,"Embalagem de 1,4 kg","1,15 €/Kg","1,15 €/Kg"
Elimina odores spray,Splendor,150 ml,"5,29 €","35,27 €/L"
Snack gato salmao,PorSi,Embalagem de 60g,"0,85 €","14,17 €/Kg"
Gressinos com sésamo,PorSi,Embalagem de 250 g,"2,39 €","6,83 €/Kg"
Alho Francês,Programa Origens,1 un = 300 g (aprox.),"0,75 €","2,49 €/Kg"
Mousse cabelo caracois,Labell,Embalagem de 200ml,"5,99 €","39,93 €/L"
Coleira em nylon p/ cão  repelente 60cm,Repul' 7,Embalagem de 1 unidades,"19,99 €","19,99 €/Unidade"
Maçã Jonagored 70/75,Programa Origens,1 un = 150 gr (aprox.),"0,34 €","1,89 €/Kg"
Amaciador color-vive,Elvive,Embalagem de 200 ml,"1,00 €","5,00 €/L"
Douradinhos estaladiços,Capitão Iglo,Embalagem de 340g,"9,30 €/Kg","9,30 €/Kg"
Coca-cola zero,Coca-Cola,pack 2 x 1.75 l,"0,40 €/L","0,40 €/L"
Cogumelos inteiros,PorSi,Embalagem de 185 g,"2,19 €","2,81 €/Kg"
Spray limpeza casa de banho,PorSi,750 ml,"1,79 €","2,39 €/L"
Mortadela de peru fatiada,PorSi,Embalagem de 200g,"0,95 €","4,75 €/Kg"
"Cerveja com álcool, lata",Super Bock,Garrafa de 330 ml,"1,99 €/L","1,99 €/L"
Arroz agulha,B.sucesso,Embalagem de 1 kg,"1,26 €","1,26 €/Kg"
Anti-traça lavanda,Raid,2 unidades,"4,69 €","4,69 €/Unidade"
Salsichas de soja,Cemporcent,Embalagem de 390g,"0,69 €","0,69 €/Kg"
Desentupidor canos,Mr.muscle,Embalagem de 1 l,"4,89 €","6,52 €/L"
Presunto nacos,PorSi,Embalagem de 250g,"2,59 €","12,95 €/Kg"
Queijo em cubos para saladas,PorSi,Embalagem de 150 g,"7,45 €/Kg","7,45 €/Kg"
Doce de amora com frutose,Salutem,Embalagem de 330g,"2,69 €","8,15 €/Kg"
Polvo limpo,PorSi,Embalagem de 1 kg,"9,59 €","11,99 €/Kg"
Salmão Posta,Peixe do Dia,1 un = 250 gr  (aprox.),"3,00 €","9,99 €/Kg"
Spray fornos e grelhadores,Cif,435 ml,"8,99 €","14,98 €/L"
Amaciador roupa concentrado lírios e morango,PorSi,60 doses,"1,99 €","1,00 €/L"
Mostarda em frasco,Savora,Embalagem de 190g,"0,87 €","2,90 €/Kg"
Mortadela fatiada,PorSi,Embalagem de 200 g,"0,95 €","4,75 €/Kg"
Semente papoila,Salutem,Embalagem de 125g,"1,49 €","7,45 €/Kg"
Ecobag 30 L Perfumado,Vileda,1 embalagem,"1,89 €","1,89 €/Unidade"
Camarão 60/80,Congelado de Aquicultura,1 un = 250 gr  (aprox.),"2,00 €","7,99 €/Kg"
Nestum 5 cereais,Nestum,Embalagem de 250g,"3,29 €","4,39 €/Kg"
Hambúrguer Vegeta Green Cuisine,Iglo green,Embalagem de 200g,"2,09 €","5,81 €/Kg"
Gelatina limão 10kcal,Royal,Embalagem de 30g,"0,55 €","61,11 €/Kg"
Concha inox cabo áqua,PorSi,1 unidade,"0,65 €","0,65 €/Unidade"
Bolachas rosquilhas,PorSi,Embalagem de 600g,"1,69 €","6,76 €/Kg"
Gel desinfetante casa de banho,Sonasol,Embalagem de 1.25 litros,"3,19 €","4,25 €/L"
"Frigideira anti-aderente, 28cm",PorSi,1 unidade,"9,99 €","9,99 €/Unidade"
"Rebuçados sem açúcar, mel/limão",Halls,Embalagem de 128 g,"0,77 €","3,85 €/Kg"
Nectar clássico maracujá,Compal,Garrafa de 1 l,"1,09 €","0,73 €/L"
Butter cookies,PorSi,Embalagem de 450g,"0,79 €","5,27 €/Kg"
Massa para pizza,PorSi,Embalagem de 260 g,"0,99 €","1,98 €/Kg"
Coentro Molho Programa Origens,PorSi,Embalagem de 50g,"0,89 €","17,80 €/Kg"
"Vinho DOC Bairrada, Branco",Selecção de Enófilos,Garrafa de 0.75 l,"2,92 €/L","2,92 €/L"
Leite magro em pó,Páturages,Embalagem de 300 g,"2,79 €","9,30 €/Kg"
Lâmpada LED Forma Esférica 5.5W E27 220-240V,Domédia,1 un.,"3,99 €","3,99 €/Unidade"
Espetada de peixe,PorSi,Embalagem de 400 g,"3,00 €","9,99 €/Kg"
Salame fat,Campofrio,Embalagem de 80g,"0,95 €","9,49 €/Kg"
Painho do Ribatejo,PorSi,"Vendido ao peso, fatiado a partir de 100 gr","2,59 €","12,95 €/Kg"
20 saquetas chá de baunilha c/ caramelo,Lipton,Embalagem de 40g,"0,89 €","44,50 €/Kg"
Couve Flor,Programa Origens,1 un = 1 kg (aprox.),"1,99 €","1,99 €/Kg"
Comida húmida para gato júnior,PorSi,Embalagem de 4 x 100 g,"2,75 €","6,88 €/Kg"
Cereais all bran,Kellogg's,Embalagem de 380g,"3,79 €","29,38 €/Kg"
Néctar light manga/laranja,Compal,Garrafa de 200 ml,"0,99 €","0,99 €/L"
Iogurte líquido yoggi morango,Nestle,Embalagem de 4 x 160 g,"1,31 €","2,05 €/Kg"
Preparado de tarte de flã,PorSi,360 g,"0,49 €","5,44 €/Kg"
Delícia de bolacha,PorSi,Embalagem de 2x135 g,"1,49 €","3,73 €/Kg"
Tamaras,PorSi,Embalagem de 200g,"1,59 €","7,95 €/Kg"
"Vela em número,  nº 0",PorSi,1 unidade,"0,60 €","0,60 €/Unidade"
Manhãzitos original,Manhazitos,Embalagem 6x2 unidades,"2,05 €","5,13 €/Kg"
Camarão 20/30,Congelado de Aquicultura,1 un = 250 gr  (aprox.),"2,00 €","7,99 €/Kg"
Molas de madeira,PorSi,36 unidades,"36,00 €","36,00 €/Unidade"
Arroz carolino,Caçarola,Embalagem de 1kg,"1,26 €","1,26 €/Kg"
Queijo Flamengo Bola,Limiano,1 un = 250 gr  (aprox.),"1,96 €","9,80 €/Kg"
"Caixa com saquetas de  pau de canela, 30 unidades",PorSi,Embalagem 90G,"0,66 €","22,00 €/Kg"
Concha de inox cabo oregon,PorSi,1 unidade,"0,65 €","0,65 €/Unidade"
Azeite virgem extra seleção ouro,Oliveira da Serra,Garrafa de 750 ml,"3,29 €","4,39 €/L"
Arroz carolino,Louro,Embalagem de 1 kg,"1,26 €","1,26 €/Kg"
"Lixívia para roupa, tradicional verde denso",PorSi,Embalagem de 2L,"1,74 €","0,35 €/L"
Pizza 4 estações,PorSi,Embalagem de 350g,"2,16 €","6,17 €/Kg"
Dobrada com feijão,Nobre,Embalagem de 420g,"2,99 €","11,96 €/Kg"
Vinho tinto regional tejo reserva,Alorna,Garrafa de 0.75 l,"6,49 €","8,65 €/L"
Anticalcário,Viakal,Embalagem de 500 ml,"4,99 €","7,13 €/L"
"Batata frita, multipack",Ruffles,Embalagem de 180g,"1,01 €","5,46 €/Kg"
Ice tea de limão,PorSi,Embalagem de 2 l,"1,90 €","1,27 €/L"
Esponja autobrilhante,PorSi,3 g,"0,99 €","330,00 €/Kg"
Brandy,ON/OFF,Garrafa de 700 ml,"11,99 €","17,13 €/L"
Caixa de médico,Vicam,31 peças,"10,99 €/Unidade","10,99 €/Unidade"
Ração seca mix para cão adulto,PorSi,Embalagem de 20 kg,"1,15 €/Kg","1,15 €/Kg"
Coelho Inteiro Programa Origens,PorSi,1 un = 1 kg (aprox.),"3,98 €","2,49 €/Kg"
Cereais petalas chocolate,PorSi,Embalagem de 625g,"5,07 €/Kg","5,07 €/Kg"
Régua duplo decimetro,CA1,1 unidade,"1,29 €","1,29 €/Unidade"
Iogurte pedaços morango,PorSi,Embalagem de 4x125g,"4,38 €","2,19 €/Kg"
Sumo essencial manga,Compal,pack 3 x 0.11 l,"2,29 €","6,94 €/L"
Batata frita caseira rodela,Pala-pala,Embalagem de 300g,"0,87 €","5,44 €/Kg"
Infusão lúcia lima,PorSi,Embalagem de 35 g,"0,99 €","76,15 €/Kg"
Bacalhau a bras,PorSi,Embalagem de 300g,"1,99 €","4,98 €/Kg"
Bolachas mini,Oreo,Embalagem de 160g,"1,49 €","9,68 €/Kg"
Batata frita forno camponesas,Lay's,Embalagem de 130g,"1,18 €","6,38 €/Kg"
Água s/ gás,Luso,Pack 6 x 1.5 l,"0,75 €","0,13 €/L"
Ganchos Perfumados Lavanda,Raid,2 unidades,"4,69 €","4,69 €/Unidade"
"Bebida láctea crescimento 1-3 anos, cereais",Nestle,Embalagem de 1 litro,"0,26 €","1,30 €/L"
Compressas | dim.: 10 x 10 cm,PorSi,Embalagem com 100 unidades,"1,69 €","1,69 €/Unidade"
Ervilhas,PorSi,Embalagem de 400 g,"1,98 €","1,98 €/Kg"
Creme anti-rugas de dia revitalift,L'oreal,Embalagem de 50 ml,"2,99 €","59,80 €/L"
Vinho verde branco loureiro,Q.REGAINHO,Garrafa de 0.75 l,"1,59 €","2,12 €/L"
Vela em número nº9,PorSi,1 unidade,"0,60 €","0,60 €/Unidade"
"Fiambre extra, fatias finas",PorSi,Embalagem de 150 g,"0,97 €","6,49 €/Kg"
"Elixir bocal, menta",Labell,Embalagem de 500 ml,"1,29 €","2,58 €/L"
"Queijo, 16 porções",A Vaca Que Ri,Embalagem de 280g,"3,68 €","13,14 €/Kg"
Leite c/ Chocolate,Agros,Embalagem de 4 x 200 ml,"0,26 €","1,30 €/L"
Cereais fitness e fruits,Nestle,Embalagem de 380g,"3,79 €","29,38 €/Kg"
Pá económica,PorSi,1 unidade,"2,20 €","2,20 €/Unidade"
Esmagador de alhos cabo áqua,PorSi,1 unidade,"0,65 €","0,65 €/Unidade"
Salsichas de aves,Nobre,Lata de 200 g,"0,75 €","3,75 €/Kg"
Creme autobrilhante castanho,Splendor,40 ml,"0,99 €","330,00 €/Kg"
"Cerveja sem álcool, preta",Super Bock,pack 6 x 0.33 l,"5,99 €","3,03 €/L"
Acetona perfumada com doseador,PorSi,Embalagem de 200 ml,"1,89 €","9,45 €/L"
Toalha de Mesa,Homespecial,Dim.: 150 x 150 cm,"19,99 €","19,99 €/Unidade"
Cogumelo branco,*,Embalagem de 300g,"1,49 €","4,97 €/Kg"
Flocos de aveia finos integrais,Cemporcent,Embalagem de 400g,"2,09 €","8,36 €/Kg"
Aperitivos  fritos,Fritos,Embalagem 130G,"0,79 €","7,90 €/Kg"
Sabonete Liquido Gel Antibacteriano,Labell,Embalagem de 300 ml,"2,18 €/L","2,18 €/L"
Bolachas cream cracker doses individuais,Vieira,Embalagem de 180g,"0,39 €","3,12 €/Kg"
Pellets madeira,Nova lenha,Embalagem de 15kg,"10,99 €","0,73 €/Kg"
"Sacos para sandes, 100 unidades",PorSi,1 embalagem,"1,11 €","1,11 €/Unidade"
Soja grossa,Cemporcent,Embalagem de 400g,"1,49 €","3,73 €/Kg"
"Agrafos nº24/6, 2000 unidades",Maped,Uma embalagem,"5,99 €","5,99 €/Unidade"
Cerveja com álcool,Super Bock,Garrafa de 1 l,"1,99 €/L","1,99 €/L"
Gogo SqueeZ Snack Banana,Gogo,Embalagem de 4 x 90g,"2,29 €","6,94 €/L"
Fita apanha moscas,Baygon,4 unidades,"5,09 €","8,48 €/L"
Couve flor,PorSi,Embalagem de 750 kg,"1,98 €","1,98 €/Kg"
Queijo Curado,Ilha Azul,Vendido ao peso a partir de 250 gr,"2,42 €","9,69 €/Kg"
Bolacha torrada com canela,PorSi,Embalagem de 2 x 250 g,"2,11 €/Kg","2,11 €/Kg"
Queijo flamengo barra,PorSi,"Vendido ao peso, fatiado a partir de 100 gr","1,96 €","9,80 €/Kg"
Lixívia Denso-Activa Harmonias Florais p/ Casa e Rou...,Neoblanc,Embalagem de 2 l,"1,74 €","0,35 €/L"
Esferográfica 4 Cores Multi-Function,Bic,1 un.,"2,69 €","2,69 €/Unidade"
Nata uht light,Mimosa,Embalagem de 200 ml,"1,12 €","5,60 €/L"
Sardinha Pequena,Peixe Congelado,1 un= 250 gr (aprox.),"3,99 €/Kg","3,99 €/Kg"
40 filtros café número 4,Planteur,Embalagem com 40 filtros,"0,80 €","0,80 €/Unidade"
"Refrigerante sem gás, maracujá e la",Joi,"Garrafa de 1,5 l","1,90 €","1,27 €/L"
"Escova dentes, proteção global suave, 2 unidades",Labell,1 embalagem,"3,49 €","3,49 €/Unidade"
Frango do Campo Inteiro c/ Miúdos Programa Origens,PorSi Select,Vendido ao peso,"3,98 €","2,49 €/Kg"
Bolachas shortcake cacau,PorSi,Embalagem de 185 g,"1,69 €","6,76 €/Kg"
Bombons de chocolate negro 70% cacau lindor,Lindt,Embalagem de 75 g,"5,29 €","33,06 €/Kg"
Luvas Multilatex M/L,Vileda,Embalagem com 100 un.,"2,99 €","2,99 €/Unidade"
Bolachas maria,PorSi,Embalagem de 800g,"2,11 €/Kg","2,11 €/Kg"
Iogurte morango 000%,PorSi Viva Bem,Embalagem de 4 x 125 g,"1,09 €","1,45 €/Kg"
Rolo de cozinha mega,PorSi,1 rolo,"4,99 €","4,99 €/Unidade"
Milho partido,Rac.zezere,Embalagem de 5 kg,"4,24 €","0,85 €/Kg"
Sacos para congelar zip & go 1 litro,Vileda,15 unidades,"1,11 €","1,11 €/Unidade"
Toalhita Azul,Dodot,Embalagem c/ Tampa | 64 un.,"1,09 €/Unidade","1,09 €/Unidade"
"Cobertura tipo chantilly, 2x38g",PorSi,Embalagem de 80g,"1,29 €","3,23 €/Kg"
Queijo 3 Igrejas Cura 2m Pimentão,Santiago,Vendido ao peso a partir de 250 gr,"3,35 €","13,39 €/Kg"
"Infusãoo mirtilo/acai, 20 saquetas",Tetley,Embalagem de 40g,"0,99 €","76,15 €/Kg"
Caramelo líquido,PorSi,Embalagem de 400g,"1,29 €","3,23 €/Kg"
Porto 10 anos,Velhotes,Garrafa de 0.75 l,"10,99 €","14,65 €/L"
Tira nódoas roupa em pó oxy white,PorSi,Embalagem de 1 kg,"29,99 €","7,06 €/L"
Ração para cão com frango,Friskies,Embalagem de 4kg,"1,15 €/Kg","1,15 €/Kg"
Molho mad chips top down,Calve,Embalagem de 260g,"0,87 €","2,90 €/Kg"
Refrigerante de lima-limão,Seven-up,"Garrafa de 1,25 l","0,40 €/L","0,40 €/L"
Bebida de Soja Baunilha,PorSi Viva Bem,1 l,"2,49 €","2,49 €/L"
Azeite tradição,Oliveira da Serra,Embalagem 3L,"3,29 €","4,39 €/L"
"Vinho Alentejo, Private Collection, Tinto",Selecção de Enófilos,Garrafa de 0.75 l,"2,99 €","3,99 €/L"
Rebuçados de café,Villa,Embalagem de 200 g,"1,15 €","4,60 €/Kg"
Bolacha golden,Oreo,Embalagem de 154 g,"1,49 €","9,68 €/Kg"
Biscoitos integrais aveia e manteiga de amendoim,PorSi Viva Bem,Embalagem de 150g,"1,45 €","11,15 €/Kg"
Desentupidor de canos,PorSi,Embalagem de 1 litro,"8,99 €","14,98 €/L"
Tábua de servir em madeira,Jomafe,Dim.: 15 x 26 x 1.5 cm,"0,65 €","0,65 €/Unidade"
Cereais golden e crispy,PorSi,Embalagem de 375 g,"5,07 €/Kg","5,07 €/Kg"
Topping morango,Branca de neve,Embalagem de 370g,"1,29 €","3,23 €/Kg"
Gogo SqueeZ Snack Maçã e Pera,Gogo,Embalagem de 4 x 90g,"2,29 €","6,94 €/L"
Snack para gato chezzy,Felix,Embalagem de 60g,"0,85 €","14,17 €/Kg"
Casa mateus temporada - morango   6x350g,Casa de Mateus,Embalagem de 350g,"3,59 €","10,26 €/Kg"
"Vinho Bairrada, Tinto",Selecção de Enófilos,Garrafa de 0.75 l,"2,92 €/L","2,92 €/L"
Queijo fresco meio gordo,PorSi,200 g,"1,09 €","5,45 €/Kg"
Lâmpada LED Forma Esférica 5.5W E14 220-240V,Domédia,1 un.,"3,99 €","3,99 €/Unidade"
Milho para pipocas,Globo,Embalagem de 400g,"0,79 €","7,90 €/Kg"
Néctar de laranja do algarve,Compal,Garrafa de 200 ml,"0,99 €","0,99 €/L"
Carapau Pequeno,Peixe Congelado,1 un= 120 gr (aprox.),"3,99 €/Kg","3,99 €/Kg"
Tapete escorredor de loiça redondo,PorSi,1 unidade,"0,65 €","0,65 €/Unidade"
Bacalhau Posta Higienizada,PorSi,Vendido ao peso a partir de 350 g,"4,20 €","13,99 €/Kg"
Cerveja c/ álcool,Super Bock,pack 24 x 0.33 l,"1,99 €/L","1,99 €/L"
Espargos Verdes,Legumes do Dia,embalagem com 250g,"0,47 €","4,69 €/Kg"
Tempero para Frangos Ervas Aromáticas,PorSi,34 g,"3,84 €","24,00 €/Kg"
Laranja categoria II,Fruta do Dia,"Vendido ao peso, 1 unidade = 180 g (aprox.)","0,47 €","1,89 €/Kg"
Maquina depilatório twin lady,Bic,Embalagem de 5 + 1 un.,"6,29 €","6,29 €/Unidade"
Fuet extra,PorSi,170 g,"1,14 €","5,70 €/Kg"
Sopa portuguesa programa origens,PorSi,embalagem de 300 g,"0,99 €","9,90 €/Kg"
Lasanha vegetariana,*,Vendido ao peso,"2,99 €","11,96 €/Kg"
Batata chef gourmet,MCCAIN,Embalagem de 500 g,"2,39 €","3,98 €/Kg"
Peru Fêmea c/ Miúdos Programa Origens,PorSi,1 un= 5kg (aprox.),"3,98 €","2,49 €/Kg"
Café 5 estrelas grão,Sical,Embalagem de 1 kg,"9,16 €/Kg","9,16 €/Kg"
"Sabonete líquido de leite de amêndoas, recarga",Palmolive,Embalagem de 300 ml,"2,18 €/L","2,18 €/L"
Palitos redondos,PorSi,Embalagem de 250 unidades,"1,50 €","1,50 €/Unidade"
Pastilha Elástica Bottle Morango,Trident,Embalagem de 82 g,"3,09 €","37,68 €/Kg"
Iogurtes aroma 4 de morango + 4 de banana,PorSi,Embalagem de 8x125g,"0,69 €","1,38 €/Kg"
"Hamburguers de vaca, 4x80g",PorSi,Embalagem de 320 g,"2,79 €","8,72 €/Kg"
Ananás em rodelas lata,PorSi,Embalagem de 820g,"1,99 €","2,37 €/Kg"
12 pastéis de bacalhau,PorSi,Embalagem de 300 g,"1,99 €","4,98 €/Kg"
Princesas do mar,PorSi,Embalagem de 255 g,"2,19 €","8,59 €/Kg"
Rolo de Cozinha Branco Eco Compacto,PorSi,2 = 6 Rolos,"4,99 €","4,99 €/Unidade"
Máscara tesouros de mel,Garnier,Embalagem de 300 ml,"1,00 €","5,00 €/L"
Maionese top down,Hellmman's,Embalagem de 238 g,"0,87 €","2,90 €/Kg"
Croissant simples,PorSi,Embalagem de 400g,"2,05 €","5,13 €/Kg"
"Sopa gourmet, cogumelos",Knorr,Embalagem de 60g,"0,62 €","10,00 €/Kg"
Croissant recheado de cacau/avelã,PorSi,Embalagem de 315g,"2,05 €","5,13 €/Kg"
Vermute rosso,Martini,Embalagem de 10x6 cl,"10,65 €/L","10,65 €/L"
Posta Tradicional 9 Meses Cura,Riberalves,Embalagem de 550 g,"6,39 €","7,99 €/Kg"
Pastilhas descafeinado,Delta,Embalagem de 110g,"54,36 €/Kg","54,36 €/Kg"
Sabonete Líquido Original,Dove,Embalagem de 250 ml,"2,18 €/L","2,18 €/L"
Acendedor carvão,Koopman,1 unidade,"1,19 €","1,19 €/Unidade"
Infusão cavalinha,Cemporcent,Embalagem de 10 unidades,"0,99 €","76,15 €/Kg"
Creme calçado preto,PorSi,50 ml,"2,75 €","36,67 €/L"
Gelatina de laranja,PorSi,Embalagem de 170g,"0,55 €","61,11 €/Kg"
Estante ardósia,Alpina,3 pisos,"0,65 €","0,65 €/Unidade"
Cebola Programa Origens,PorSi,Embalagem de 1 kg,"1,19 €","1,19 €/Kg"
Peito de frango,Salsicharia Limiana,"Vendido ao peso, fatiado","1,99 €","13,27 €/Kg"
Queijo são jorge dop,PorSi Select,Embalagem de 400g,"2,42 €","9,69 €/Kg"
Lula limpa,Pescanova,Embalagem de 450g,"9,59 €","11,99 €/Kg"
Gel de Banho Shea Butter & Vanilla,Dove,Embalagem de 750 ml,"6,39 €/L","6,39 €/L"
Queijo flamengo fatiado,PorSi,Embalagem de 200G,"1,96 €","9,80 €/Kg"
Coco ralado bio,PorSi Bio,Embalagem de 200 g,"1,39 €","9,27 €/Kg"
Açúcar demerara,Rar,Embalagem de 500 g,"1,49 €","1,49 €/Kg"
Fraldas premium T4 - 9 a 15 kg,PorSi,50 unidades,"8,49 €","8,49 €/Unidade"
Spray wc active clean citrus & waterlilly,Ambipur,750 ml,"1,79 €","2,39 €/L"
Bolachas de manteiga,PorSi,Embalagem de 200 g,"1,69 €","6,76 €/Kg"
Ambientador vela gota frutos vermelhos,Air Wick,Embalagem de 1 unidades,"4,99 €","4,99 €/Unidade"
"Vinho bairrada, reserva, tinto",Selecção de Enófilos,Garrafa de 0.75 l,"2,92 €/L","2,92 €/L"
Bolacha maria,PorSi,Doses Individuais 12 x 25 g,"2,11 €/Kg","2,11 €/Kg"
Infusão de camomila,Tetley,Embalagem de 10g,"0,99 €","76,15 €/Kg"
Vinagre de vinho branco envelhecido,PorSi,Garrafa 250ML,"0,35 €","0,70 €/L"
Sopa da pedra,PorSi,Embalagem de 420 g,"2,99 €","11,96 €/Kg"
Infusão de frutos vermelhos,Tetley,Embalagem de 20g,"44,50 €/Kg","44,50 €/Kg"
Discos de amamentação,PorSi,30 unidades,"3,99 €","3,99 €/Unidade"
Caracol com passas,*,90g,"1,19 €","1,19 €/Unidade"
Mochila Vintage Flower,Ambar,1 unidade,"14,90 €","14,90 €/Unidade"
Batata frita presunto,Ruffles,Embalagem de 150 g,"1,18 €","6,38 €/Kg"
Café em cápsulas dolce gusto ardenza,Nescafe,Embalagem de 110g,"54,36 €/Kg","54,36 €/Kg"
Whisky,F.grouse,Garrafa de 1 litro,"19,99 €","19,99 €/L"
Cappuccino café arábica cacau magro em pó,PorSi,250 ml,"15,92 €/Kg","15,92 €/Kg"
Papel higiénico 2 folhas,PorSi,32 rolos,"1,99 €","1,99 €/Unidade"
Cereais cruesli frutos secos,Quaker,Embalagem de 380g,"2,29 €","6,11 €/Kg"
Feijão com dobrada,PorSi,Embalagem de 420 g,"2,99 €","11,96 €/Kg"
20 mini rissóis de camarão,PorSi,Embalagem de 300 g,"1,99 €","4,98 €/Kg"
Conjunto Facas Sobremesa Prestige,PorSi,2 peças,"0,65 €","0,65 €/Unidade"
Vinho branco península de setúbal,Periquita,Garrafa de 0.75 l,"2,99 €","3,99 €/L"
Cerveja preta 0.0%,Sagres,Lata de 330 ml,"5,99 €","3,03 €/L"
Pato com Miúdos Programa Origens,PorSi,"Vendido ao peso, 1 un=2.250 Kg (aprox.)","3,98 €","2,49 €/Kg"
Doce de framboesa,ST.DALFOUR,Frasco de 284g,"2,19 €","9,95 €/Kg"
Alimento lácteo pera +6 meses,Yogolino,Embalagem de 4 x 100 g,"2,89 €","7,23 €/Kg"
Azeite virgem extra seleção,PorSi,Garrafa de 750 ml,"3,29 €","4,39 €/L"
Conjunto Facas de Mesa Prestige,PorSi,2 peças,"0,65 €","0,65 €/Unidade"
Bebida arroz bio,PorSi Bio,Embalagem de 1 litro,"1,59 €","1,59 €/L"
Caderno Agrafado Capa Preta Plastificada | A5 Quadri...,Domédia,1 unidade,"0,99 €","0,99 €/Unidade"
Bolachas digestive muesli,Gullon,Embalagem de 370g,"1,45 €","11,15 €/Kg"
Flauta plástica moderna,Maped,1 unidade,"1,29 €","1,29 €/Unidade"
Máquina de barbear descartável,Gillette,Embalagem com 4+1 unidades,"1,16 €","4,64 €/L"
Anti-traça Maçã Verde,Dum Dum,2 unidades,"4,69 €","4,69 €/Unidade"
Corta frutos cabo áqua,PorSi,1 unidade,"0,65 €","0,65 €/Unidade"
Bolachas de água e sal,PorSi,Embalagem de 125g,"0,39 €","3,12 €/Kg"
Néctar bio multifrutos,Paquito,"Embalagem 1,5 l","1,59 €","1,59 €/L"
Fatia de salame de chocolate,PorSi,Embalagem 60G,"2,05 €","5,13 €/Kg"
Gressinos com azeitonas pretas,PorSi,Embalagem de 250g,"2,39 €","6,83 €/Kg"
Sabonete líquido Marselha e Azeitona,Labell,Embalagem de 500 ml,"2,18 €/L","2,18 €/L"
Copos de papel para café 100 ml,PorSi,25 unidades,"1,15 €","1,15 €/Unidade"
Moscatel de setúbal,Adega de Palmela,Garrafa de 750 ml,"5,99 €","7,99 €/L"
Croutons azeite e alho,PorSi,Embalagem de 150g,"2,39 €","6,83 €/Kg"
Sopa de peixe,Brilha ali,Vendido ao peso,"2,90 €","5,79 €/Kg"
Maionese,PorSi,Embalagem de 414 g,"0,87 €","2,90 €/Kg"
Guardanapos brancos folha tripla 33x33 cm,PorSi,70 unidades,"1,29 €","1,29 €/Unidade"
Lula limpa,Pescanova,Embalagem de 450g,"3,99 €","9,98 €/Kg"
Vinho tinto,Pias,Garrafa de 5 l,"8,59 €","1,72 €/L"
Vinho do porto lbv 2004,Cruz,Garrafa de 0.75 l,"10,99 €","14,65 €/L"
Bolachas maria,PorSi,Embalagem de 200g,"2,11 €/Kg","2,11 €/Kg"
Iogurte mix-in nesquik,Nestle,Embalagem de 2 x 115 g,"1,05 €","1,86 €/L"
Pudim morango,Boca Doce,Embalagem de 20g,"0,59 €","29,50 €/Kg"
Infusão melhores digestões,Cemporcent,Embalagem de 10 unidades,"0,99 €","76,15 €/Kg"
Queijo flamengo fatias light,PorSi,Embalagem de 200g,"1,96 €","9,80 €/Kg"
Refresco em pó de morango,Tang,Embalagem de 30g,"0,75 €","18,75 €/Kg"
Pota Inteira,Peixe Congelado,1 un= 200 gr (aprox.),"3,99 €/Kg","3,99 €/Kg"
Batata frita lisas originais,Lay's,Embalagem de 160g,"1,01 €","5,46 €/Kg"
Folhado Misto 90 g,Pastelaria do Dia,,"0,65 €","0,65 €/Unidade"
"Shampoo, laranja",PorSi,Embalagem de 1 l,"1,99 €","1,99 €/L"
Caldo de galinha,PorSi,24 cubos,"3,84 €","24,00 €/Kg"
Queijo ralado dispensador,PorSi,Embalagem de 80g,"7,45 €/Kg","7,45 €/Kg"
Maçã Golden Premium,*,Calibre: 75/80,"0,34 €","1,89 €/Kg"
Paté Fígado Porco c/ Vinho do Porto,PorSi,75 g,"0,95 €","4,75 €/Kg"
Refrigerante c/ gás ananás,Sumol,Garrafa de 500 ml,"0,40 €/L","0,40 €/L"
"Pensos tecido, resistentes à água, 10 unidades",Hansaplast,1 embalagem,"1,69 €","1,69 €/Unidade"
Palitos super finos,PorSi,Embalagem de 85 unidades,"1,50 €","1,50 €/Unidade"
Creme Corpo Goodness,Dove,Embalagem de 300 ml,"12,48 €/L","12,48 €/L"
"Bolachas relieve, mel e coco",PorSi,Embalagem de 700g,"2,98 €","9,93 €/Kg"
Mix de Batata Doce,*,1 kg,"1,19 €","1,19 €/Kg"
Cereais chocapic,Nestle,Embalagem de 375 g,"5,07 €/Kg","5,07 €/Kg"
Néctar biológico de maçã,Paquito,"Embalagem de 1,5 l","1,59 €","1,59 €/L"
Vinagre de fruta,PorSi,Embalagem de 500 ml,"0,35 €","0,70 €/L"
Infusão nº 10 colestrol,Cemporcent,Embalagem de 10 unidades,"0,99 €","76,15 €/Kg"
Crepe de ovo,PorSi,Embalagem de 540 g,"3,99 €","7,39 €/Kg"
Garfo de inox cabo oregon,PorSi,1 unidade,"0,65 €","0,65 €/Unidade"
Tostas de trigo,PorSi,Embalagem 225G,"2,39 €","6,83 €/Kg"
Pães de leite redondos,s. tomé,Embalagem de 300 g,"7,40 €/Kg","7,40 €/Kg"
Tomate pelado,Guloso,Embalagem de 800g,"3,84 €","24,00 €/Kg"
Tira cápsulas cabo áqua,PorSi,1 unidade,"0,65 €","0,65 €/Unidade"
Creme de coentros sem batata,PorSi,Embalagem de 400 g,"2,90 €","5,79 €/Kg"
Azeitona mista,PorSi,Embalagem de 210g,"1,00 €","3,99 €/Kg"
Capa Premium 2 em 1,Vileda,1 unidade,"16,50 €","16,50 €/Unidade"
Areia para gatos mineral perfumada,PorSi,Embalagem de 5 kg,"1,19 €","0,24 €/Kg"
Batata frita forno originais,Lay's,Embalagem de 150g,"0,87 €","5,44 €/Kg"
Insecticida recarga,Biokill,Embalagem de 375 ml,"5,09 €","8,48 €/L"
Bebida láctea crescimento 3 anos+,Nestle,Embalagem de 1 litro,"0,26 €","1,30 €/L"
Toalhão de banho,PorSi,100 x 150 cm,"19,99 €","19,99 €/Unidade"
Cocktail melão,Bar Royal,Garrafa de 750 ml,"3,99 €","5,32 €/L"
Farinha para bolos super fina,B.neve,Embalagem de 1 kg,"1,49 €","1,49 €/Kg"
"Presunto Metades, 6 meses de cura",PorSi,"Vendido ao peso, fatiado a partir de 100 gr","2,59 €","12,95 €/Kg"
Vahine pepitas chocolate branco,Vahine,Embalagem de 100g,"0,49 €","5,44 €/Kg"
Patê de marisco,Fides,Embalagem de 90g,"1,19 €","13,52 €/Kg"
Aguardente velha vsop,Antiqua,Garrafa de 700 ml,"14,27 €","20,39 €/L"
Toalha de banho,PorSi,100 x 150 cm,"19,99 €","19,99 €/Unidade"
Magnum mini 3 chocolates,Olá,Embalagem de 6 x 55 ml,"5,99 €","16,64 €/L"
Kiwi amarelo Categoria: II,Fruta do Dia,embalagem de 400 g,"1,99 €","3,98 €/Kg"
Toalhitas Refrescantes Rosto e Mãos,PorSi,Embalagem 3 x 10 un.,"1,10 €","1,10 €/Unidade"
"Papel higiénico compacto, folha dupla",Renova,4 = 12 rolos,"1,99 €","1,99 €/Unidade"
8 salsichas aves,PorSi,Embalagem de 200 g,"0,75 €","3,75 €/Kg"
"Vela em número, nº 3",PorSi,1 unidade,"0,60 €","0,60 €/Unidade"
Mel rosmaninho 500g,SERRAMEL,Embalagem de 500G,"2,25 €","9,00 €/Kg"
Milho tenro e doce,Bonduelle,Embalagem de 300 g,"2,19 €","2,81 €/Kg"
Solha Congelada (200/400),Peixe Congelado,Pescado no mar,"3,99 €/Kg","3,99 €/Kg"
10 pães de leite,PorSi,Embalagem de 350g,"7,40 €/Kg","7,40 €/Kg"
"Postas pescada nº3, para fritar",PorSi,Embalagem de 600 g,"3,99 €","9,98 €/Kg"
Molho de soja com dispenser,KIKKOMAN,Garrafa de 150 ml,"3,99 €","26,60 €/L"
Salpicão de Ponte de Lima,PorSi,Vendido ao peso a partir de 750 g,"0,95 €","9,49 €/Kg"
Gengibre,Legumes do Dia,1 un = 100 gr (aprox.),"0,47 €","4,69 €/Kg"
Rolo de Cozinha Multi,Renova,4 Rolos,"4,99 €","4,99 €/Unidade"
Limpa fornos normal,Mr.muscle,Embalagem de 300 ml,"2,99 €/L","2,99 €/L"
Cappucinno,PorSi,Embalagem de 125 g,"15,92 €/Kg","15,92 €/Kg"
Bacalhau desfiado,PorSi,Embalagem de 500g,"6,39 €","7,99 €/Kg"
Vinho maduro branco,Casal da eira,Embalagem de 250 ml,"0,85 €/L","0,85 €/L"
Creme marisco,Knorr,Embalagem de 70g,"0,62 €","10,00 €/Kg"
Água mineral sem gás,Serra de Fafe,Embalagem de 6x0.5l,"0,75 €","0,13 €/L"
Borrego Inteiro/Metades,PorSi,1/2 un = 7 kg <br> 1 un = 14 kg (aprox.),"59,43 €","8,49 €/Kg"
Orégãos em folha,PorSi,Embalagem de 10g,"0,66 €","22,00 €/Kg"
Lixivia perfume fresco,Neoblanc,Embalagem de 2 l,"1,74 €","0,35 €/L"
Açucar granulado,PorSi,Embalagem de 1 kg,"1,49 €","1,49 €/Kg"
Manteiga com sal,Gresso,Embalagem de 250g,"1,89 €","7,56 €/Kg"
Esponja limpa camurça,PorSi,1 unidade,"5,29 €","35,27 €/L"
Meloa Cantalupe Bio | Categoria: II,PorSi Bio,Vendido ao peso,"1,52 €","1,69 €/Kg"
Ambientador gel floral,PorSi,150 g,"0,79 €","5,27 €/Kg"
Salsichas de porco em lata,PorSi,Embalagem de 200g,"0,75 €","3,75 €/Kg"
Queijo Ovelha Curado,PorSi,Vendido ao peso a partir de 250 g,"4,50 €","17,99 €/Kg"
Bacalhau lombos,PorSi,Embalagem de 1.5 kg,"6,39 €","7,99 €/Kg"
Spray desengordurante cozinha,PorSi,750 ml,"8,99 €","14,98 €/L"
Cubos de tamboril,Mar Ibérica,Embalagem de 250 g,"3,99 €","9,98 €/Kg"
80 filtros nº4 com saquetas antitártaro,Planteur,Uma embalagem com 80 unidades,"0,80 €","0,80 €/Unidade"
Espátula de nylon cabo áqua,PorSi,1 unidade,"0,65 €","0,65 €/Unidade"
Rum 3 anos havan club (40º),Havana,Garrafa de 700 ml,"17,49 €","24,99 €/L"
Batata doce para fritar,PorSi,Embalagem de 600g,"2,39 €","3,98 €/Kg"
Mel de néctar multifloral bio,PorSi Bio,Frasco de 250g,"2,25 €","9,00 €/Kg"
Focinho,Porco,1 un = 300 gr (aprox.),"1,50 €","5,99 €/Kg"
Sopa de cebola,Knorr,Embalagem de 50g,"0,62 €","10,00 €/Kg"
Mel em frasco com doseador,PorSi,Embalagem de 500g,"2,25 €","9,00 €/Kg"
Bebida de Arroz,PorSi Viva Bem,1 l,"1,59 €","1,59 €/L"
Limpa madeiras ecológico,PorSi,1.5 litros,"4,39 €","14,63 €/L"
Cha infusão verde,Cemporcent,Embalagem com 10 saquetas,"0,89 €","44,50 €/Kg"
Água c/ gás groselha,Frize,pack 4 x 0.25 l,"1,99 €/L","1,99 €/L"
Leite condensado magro cozido,Nestle,Embalagem de 390g,"1,09 €","2,75 €/Kg"
Cerveja c/ álcool,Super Bock,pack 24 x 0.20 l,"1,99 €/L","1,99 €/L"
Café Moagem Universal do Brasil,PorSi,Embalagem de 220g,"9,16 €/Kg","9,16 €/Kg"
"Maionese, frasco",Hellmman's,Embalagem de 210g,"0,87 €","2,90 €/Kg"
Mousse chocolate,PorSi,Embalagem de 150g,"0,79 €","5,27 €/Kg"
"Salsichas wiennerwurt em frasco, 6 un",Nobre,Embalagem de 250g,"0,75 €","3,75 €/Kg"
Queque,PorSi,1 unidade = 55 g,"1,19 €","1,19 €/Unidade"
"Escova de dentes macia, 7-13 anos",Labell,1 unidade,"0,99 €","0,99 €/Unidade"
Maçã Starking 70/75,Programa Origens,1 un = 150 gr (aprox.),"0,34 €","1,89 €/Kg"
Mistura solúvel c/ 20% café granulado,PorSi,Embalagem de 200g,"2,29 €","11,45 €/Kg"
Espremedor,PorSi,1 unidade,"0,89 €","0,89 €/Unidade"
Iogurte natural sem lactose,PorSi Viva Bem,4 x 125 g,"0,99 €","1,98 €/Kg"
Irish whiskey original,Bushmills,Garrafa de 700 ml,"19,99 €","19,99 €/L"
Tablete de chocolate leite com avelã,PorSi Select,200 g,"10,89 €/Kg","10,89 €/Kg"
Bombons finos quadrados,Lindt,Embalagem 125 g,"5,29 €","33,06 €/Kg"
Feijão manteiga,PorSi,Frasco com 540 g,"2,19 €","2,81 €/Kg"
Chocolate Branco e Óreo,Milka,Embalagem de 100g,"16,72 €/Kg","16,72 €/Kg"
Barras fitness natural 141g,Nestle,Embalagem de 140g,"3,79 €","29,15 €/Kg"
Cocktail de azeitonas,PorSi,Vendido ao peso a partir de 250 g,"1,00 €","3,99 €/Kg"
Vinho regional tejo,Plexus,Garrafa de 750 ml,"2,12 €/L","2,12 €/L"
"Alimento húmido para gato +1 ano, sabor a aves",Whiskas,Embalagem de 400g,"2,75 €","6,88 €/Kg"
Barras fitness com morango,Nestle,Embalagem de 140g,"3,79 €","29,38 €/Kg"
Kit de viagem,Colgate,pasta dentífrica + escova,"2,39 €","31,87 €/L"
Água s/ gás,Luso,"Garrafa de 0,75 l","0,75 €","0,13 €/L"
Café torrado intensa,Nicola,Embalagem de 250 g,"9,16 €/Kg","9,16 €/Kg"
Vermute rosso,Martini,Garrafa de 0.75 l,"10,65 €/L","10,65 €/L"
"Pães para hamburguer com sésamo, 4 unidades",Bimbo,embalagem de 220 g,"0,99 €","1,65 €/Kg"
"Lava tudo antibacteriano lavanda 1,5l",PorSi,Garrafa de 1.5 l,"0,99 €","0,50 €/L"
Naperon redondo 35 cm,PorSi,Embalagem com 6 unidades,"1,15 €","1,15 €/Unidade"
"Cera de depilação oriental, pote",Labell,Embalagem de 250 ml,"3,11 €","3,11 €/Unidade"
Algodão limpa pratas,Duraglit,Embalagem de 75 g,"8,99 €","14,98 €/L"
Loção hidratante,Baby Dove,Embalagem de 200 ml,"0,55 €","5,50 €/L"
"Esquadro, 21 cm 60.",Domédia,1 unidade,"1,69 €","1,69 €/Unidade"
Azeite virgem extra seleção,PorSi,Garrafa de 2 l,"3,29 €","4,39 €/L"
Dawnut Açucarado,Pastelaria do Dia,48g,"1,19 €","1,19 €/Unidade"
Limpa alcatifa mousse activa,Vanish,600 ml,"8,99 €","14,98 €/L"
Cubos gengibre (para mastigar),Cemporcent,Embalagem de 100g,"1,94 €","3,88 €/Kg"
Anticongelante vermelho 20%,PorSi,Embalagem de 1 l,"1,99 €","1,99 €/L"
20 saquetas chá noite tranquila,Lipton,Embalagem de 30g,"0,89 €","44,50 €/Kg"
Farinha rainha c/ fermento,Nacional,Embalagem de 1000 g,"1,49 €","1,49 €/Kg"
Acetona,PorSi,Embalagem de 60 ml,"1,89 €","9,45 €/L"
Molho de whisky cocktail,Calve,Garrafa de 250 ml,"0,87 €","2,90 €/Kg"
Café torrado lote chávena máquina,Delta,Embalagem de 250g,"9,16 €/Kg","9,16 €/Kg"
Iogurte liquido proteína yopro morango/framboesa,Yopro,300 g,"5,97 €/Kg","5,97 €/Kg"
Rebuçados mel e limão,PorSi,Embalagem de 200g,"0,77 €","3,85 €/Kg"
Arroz Carolino,Saludães,Embalagem de 1 kg,"1,26 €","1,26 €/Kg"
Mistolin tira gorduras desinfetante,Mistolin,Garrafa de 550 ml,"8,99 €","14,98 €/L"
Água com gás,Vimeiro,pack 6 x 0.25 l,"1,99 €/L","1,99 €/L"
Fermento em pó,PorSi,Embalagem de 150 g,"1,89 €","17,18 €/Kg"
Doce de morango,Casa de Mateus,Embalagem de 345g,"2,19 €","9,95 €/Kg"
Mojito,Bacardi,Garrafa de 0.70 l,"17,49 €","24,99 €/L"
Tira gorduras dia a dia,Mistolin,Garrafa de 750 ml,"2,99 €/L","2,99 €/L"
"Maionese, frasco",Hellmman's,Embalagem de 420g,"0,87 €","2,90 €/Kg"
Garfo inox cabo áqua,PorSi,1 unidade,"0,65 €","0,65 €/Unidade"
Iogurte Líquido Frutos Tropicais,PorSi,1 Embalagem 4X160G,"1,31 €","2,05 €/Kg"
Desinfetante álcool gel,PorSi,100 ml,"0,99 €","9,90 €/L"
Grão de bico,Caçarola,Embalagem de 500 g,"2,18 €/Kg","2,18 €/Kg"
Achocolatado em pó,Ovomaltine,Embalagem de 400g,"6,64 €/Kg","6,64 €/Kg"
Caramelos de fruta,Penha,Embalagem de 250 g,"1,19 €","4,76 €/Kg"
Polpa de tomate em garrafa,Compal,Embalagem de 500g,"3,84 €","24,00 €/Kg"
Esparguete Clássica,Nacional,Embalagem de 500 g,"0,99 €","1,98 €/Kg"
Infusão nº 13 diabet control,Cemporcent,Embalagem de 10 unidades,"0,99 €","76,15 €/Kg"
Limpa máquinas de loiça limão,PorSi,Embalagem de 250 ml,"1,49 €","5,96 €/L"
"Toalhitas Higiénicas Adulto, 64unidades",Labell,Uma embalagem,"23,70 €/L","23,70 €/L"
Ambientador eléctrico Relaxing Zen + recarga,Glade,1 unidade,"3,74 €","3,74 €/Unidade"
Vinho tinto,PorSi,embalagem de 1 litro,"0,85 €/L","0,85 €/L"
Tiras de bacon fumado,PorSi,Embalagem de 300g,"2,79 €","9,30 €/Kg"
Abóbora Butternut,Programa Origens,1 un = 1 kg (aprox.),"0,79 €/Kg","0,79 €/Kg"
Vinho doc douro reserva tinto,Romanisco,Garrafa de 0.75 l,"7,49 €","9,99 €/L"
Queijo Curado kg,Castelões,1 un = 250 gr  (aprox.),"3,35 €","13,39 €/Kg"
Rolos de papel multiusos 2 folhas,PorSi,1 unidade,"4,99 €","4,99 €/Unidade"
Spray optimal 7 com lixivia,Ajax,Embalagem de 500 ml,"1,79 €","2,39 €/L"
"Linguíca, 4 unidades",PorSi,Embalagem de 180 g,"1,14 €","5,70 €/Kg"
Discos de algodão para bebé,PorSi,60 unidades,"1,79 €","1,79 €/Unidade"
Sacos cubos de gelo,PorSi,Embalagem com 15 unidades,"1,11 €","1,11 €/Unidade"
Snack gato frango/queijo,PorSi,Embalagem de 60g,"0,85 €","14,17 €/Kg"
Hambúrgueres de peru,PorSi,Embalagem de 4x80g,"2,79 €","8,72 €/Kg"
Snack Cão Prodental,PorSi,Embalagem 180 g,"1,09 €","6,06 €/Kg"
Polpa de tomate com cebola e alho,Compal,Embalagem de 500g,"3,84 €","24,00 €/Kg"
Malga com prato barro pintado,Anitex,1 unidade,"2,50 €","2,50 €/Unidade"
Desumidificador Basic,HUMYDRY,embalagem de 250g,"4,99 €","19,96 €/Kg"
Salsa,PorSi,Embalagem de 50g,"0,99 €","19,80 €/Kg"
"Limpa vidros pistola, cristal",Ajax,Embalagem de 500 ml,"3,19 €","6,38 €/L"
Moscatel de Setúbal,Bacalhoa,Garrafa de 750 ml,"5,99 €","7,99 €/L"
Massa esparguete,Milaneza,Embalagem de 500g,"0,99 €","1,98 €/Kg"
"Frigideira anti-aderente, 20cm",PorSi,1 unidade,"9,99 €","9,99 €/Unidade"
Café em grão,Delta,Embalagem de 1 kg,"9,16 €/Kg","9,16 €/Kg"
Sacos de congelação pequenos,PorSi,"50 unidades, 1 embalagem","1,11 €","1,11 €/Unidade"
Taolhão de banho,PorSi,100 x 150 cm,"19,99 €","19,99 €/Unidade"
Cera acrílica pavimento cerâmica,PorSi,750 ml,"8,99 €","14,98 €/L"
Tablete de chocolate culinário negro,PorSi,Embalagem de 200 g,"0,99 €","4,95 €/Kg"
Vinho rosé mateus emotion,Mateus,Garrafa de 750 ml,"4,29 €","5,72 €/L"
"Lenços de bolso sensitive, brancos, 10 unidades",Renova,1 embalagem de 18x10,"0,89 €","0,89 €/Unidade"
Pimenta preta grão,PorSi,Saqueta de 50 g,"0,66 €","22,00 €/Kg"
"Luvas multiusos relevo antiderrapante, tamanho grand...",PorSi,Embalagem de 1 unidades,"2,99 €","2,99 €/Unidade"
Caras de Bacalhau,Peixe Congelado,"Vendido ao peso, 1 un = 500g (aprox.)","6,39 €","7,99 €/Kg"
"Inseticida, recarga, elétrico, pack 2",Raid,1 embalagem com 2x27ml,"15,99 €","26,65 €/Kg"
Sumo 100% Fruta Laranja Espremida,Compal,1 litro,"1,09 €","0,73 €/L"
Mortadela fatiada com azeitonas,PorSi,Embalagem de 200 g,"0,95 €","4,75 €/Kg"
Marmelada com noz,Quinta de Jugais,Embalagem de 500g,"1,09 €","2,42 €/Kg"
20 saquetas infusão de cidreira,Lipton,Embalagem de 20g,"0,99 €","76,15 €/Kg"
Senses Tropical,Trident,1 un.,"3,09 €","37,68 €/Kg"
Caldo de galinha 24 cubos,Knorr,Embalagem de 240g,"3,84 €","24,00 €/Kg"
Sidra maçã,Bandida,Lata de 500 ml,"1,59 €","3,18 €/L"
Lixivia perfumada,PorSi,Garrafa de 2 l,"2,59 €","1,30 €/L"
Laranja Económica,Fruta do Dia,1 un = 250 gr  (aprox.),"0,47 €","1,89 €/Kg"
Aguardente vínica velha,Alianca v.,Garrafa de 700 ml,"14,27 €","20,39 €/L"
"Tiras limpa poros faciais, 6unidades",Labell,1 embalagem,"23,70 €/L","23,70 €/L"
Adoçante com doseador,PorSi,Embalagem 300 comprimidos,"5,99 €","23,96 €/Kg"
Paté de atum,PorSi,Embalagem de 65 g,"1,19 €","13,52 €/Kg"
Lâmpada LED Formato Clássico 10W E27 220-240V,Domédia,1 un.,"3,99 €","3,99 €/Unidade"
Atum ao natural,Ramirez,Embalagem de 120g,"9,08 €/Kg","9,08 €/Kg"
Lixívia tradicional,PorSi,Embalagem de 2 l,"1,74 €","0,35 €/L"
Néctar 8 frutos,Bongo,Pack 3 x 200 ml,"0,99 €","0,99 €/L"
"Pasta dentífrica, dentes/gensivas sensitive",Labell,Embalagem de 75 ml,"2,39 €","31,87 €/L"
Pepitas 3 chocos,Vahine,Embalagem de 100g,"1,29 €","3,23 €/Kg"
Farinheira do fundão,PorSi,Embalagem de 250g,"1,39 €","6,95 €/Kg"
Leite uht sem lactose magro,PorSi Viva Bem,1 litro,"0,83 €","0,83 €/L"
Bolachas integrais,PorSi,Embalagem de 200g,"1,19 €","5,95 €/Kg"
Leite C/ Chocolate,Mimosa,Embalagem de 4 x 200 ml,"0,26 €","1,30 €/L"
Spray limpeza casa de banho,PorSi,750 ml,"8,99 €","14,98 €/L"
Lay's gourmet corte fino,Lay's,Embalagem de 150g,"1,01 €","5,46 €/Kg"
Pratos para pic nic 23 cm azuis,PorSi,Embalagem com 4 unidades,"1,99 €","1,99 €/Unidade"
Detergente liquido loiça limão,PorSi,Garrafa de 1 litro,"1,05 €","2,10 €/L"
Acetona,PorSi,Embalagem de 250 ml,"1,89 €","9,45 €/L"
Vinho maduro branco meio seco,Adega grande,Garrafa de 750 ml,"1,59 €","2,12 €/L"
Molho iogurte,PorSi,Garrafa de 285 ml,"0,87 €","2,90 €/Kg"
Tira gorduras recarga,Mistolin,Garrafa de 550 ml,"4,89 €","6,52 €/L"
Cotonetes para bebé,PorSi,Embalagem com 60 unidades,"0,58 €","0,58 €/Unidade"
Snack para gato crispies salmão e truta,Felix,Embalagem de 50g,"0,85 €","14,17 €/Kg"
Cerveja com álcool abadia,Super Bock,pack 6 x 0.33 l,"1,99 €/L","1,99 €/L"
Tira nódoas roupa em pó oxy white,PorSi,Embalagem de 1 kg,"3,09 €","3,09 €/Kg"
Formas de alumínio redondas com tampa 100 ml,PorSi,20 unidades,"1,15 €","1,15 €/Unidade"
Salsichas Frankfurt em lata,Izidoro,Embalagem de 120g,"0,75 €","3,75 €/Kg"
Ervilhas bio,PorSi Bio,Frasco com 290 g,"2,19 €","2,81 €/Kg"
Batata frita palha,PorSi,Embalagem de 160g,"0,87 €","5,44 €/Kg"
Grelos,Bonduelle,Embalagem de 400 g,"1,98 €","1,98 €/Kg"
Palmilha recortável antiodor,Sonaf,1 unidade,"5,59 €","37,27 €/L"
Lixívia Spray Mousse,Neoblanc,Embalagem de 700ml,"2,59 €","1,30 €/L"
Snack para gato original,Felix,Embalagem de 60g,"0,85 €","14,17 €/Kg"
Desodorizante de pés em spray,Protex,Embalagem de 150 ml,"5,59 €","37,27 €/L"
Iguarias Pota com Alho,Pitéu,Embalagem de 120 g,"9,08 €/Kg","9,08 €/Kg"
Queijo em fatias original,Casteloes,Embalagem de 200g,"1,96 €","9,80 €/Kg"
Abrasivo wc gel ecologico,PorSi,Garrafa de 1 l,"4,99 €","7,13 €/L"
Saco de rede para roupa,PorSi,Dim.: 30 x 25 cm,"36,00 €","36,00 €/Unidade"
Sobremesa Paturette Caramelo,Páturages,Embalagem de 4x115g,"1,19 €","2,59 €/Kg"
Melão Amarelo,Fruta do Dia,Vendido ao peso | 1 un = 2.5 kg (aprox.),"2,48 €","0,99 €/Kg"
Champanhe brut,Pommery,Garrafa de 0.75 l,"40,29 €","53,72 €/L"
Crescido,Bacalhau da Noruega,1 un = 1.5 kg (aprox.),"8,73 €/Kg","8,73 €/Kg"
Farinha para pão integral,Nacional,Embalagem de 1 kg,"1,49 €","1,49 €/Kg"
Amaciador  p/ roupa concentrado Aromaterapia,PorSi,Embalagem com 60 doses,"1,99 €","1,00 €/L"
Cerveja com álcool,Kings Bräu,"Embalagem de 0,33 l","1,99 €/L","1,99 €/L"
Feijão encarnado em frasco,PorSi,frasco de 540 g,"2,19 €","2,81 €/Kg"
Caldeirada de bacalhau,PorSi,Embalagem de 1 kg,"6,39 €","7,99 €/Kg"
Creme de limpeza ecológico,PorSi,750 ml,"8,99 €","14,98 €/L"
Vassoura pequena,PorSi,unidade,"2,20 €","2,20 €/Unidade"
Leite condensado,PorSi,Lata de 1 kg,"1,09 €","2,75 €/Kg"
Massa de cotovelinhos,Nacional,Embalagem de 500g,"0,99 €","1,98 €/Kg"
Batata frita gourmet,PorSi,Embalagem de 150g,"1,01 €","5,46 €/Kg"
Néctar vital equilibrio laranja/cenoura/manga,Compal,Embalagem de 1 l,"0,99 €","0,99 €/L"
Couve de bruxelas,PorSi,Embalagem de 750 g,"1,98 €","1,98 €/Kg"
Cominhos moídos,PorSi,Embalagem de 35g,"0,66 €","22,00 €/Kg"
Detergente Máquina Roupa Liquido Bebé,PorSi,50 doses,"3,55 €","2,37 €/L"
"Sprite lima-limão sem açúcar embalagem 1,5 l.",Sprite,Garrafa de 1.5 l,"0,40 €/L","0,40 €/L"
Aguardente vínica,P.marante,Garrafa de 700 ml,"14,27 €","20,39 €/L"
Queijo meio gordo,D. Pedro,Vendido ao peso a partir de 250 gr,"2,42 €","9,69 €/Kg"
Vinagre balsâmico modena,Gallo,Garrafa de 500 ml,"0,35 €","0,70 €/L"
Colher de gelado cabo áqua,PorSi,1 unidade,"0,65 €","0,65 €/Unidade"
Café moagem normal: intenso,Buondi,Embalagem de 220g,"8,76 €/Kg","8,76 €/Kg"
Chourico picante beiras,PorSi,Embalagem de 290g,"1,14 €","5,70 €/Kg"
Café solúvel viena,Nescafe,Embalagem de 140g,"1,14 €","57,00 €/Kg"
Tablete de chocolate de culinária - sem açúcar,PorSi Viva Bem,Embalagem de 100 g,"1,04 €","8,32 €/Kg"
Bolachas vitalday recheio avelã,Gullon,Embalagem de 220g,"2,98 €","9,93 €/Kg"
Napolitanas creme cacau,PorSi,Embalagem de 320g,"1,77 €","5,53 €/Kg"
Mini tostas de trigo,Diatosta,Embalagem de 350 g,"2,39 €","6,83 €/Kg"
Bolachas multicereais,PorSi,Embalagem de 400 g,"0,79 €","5,27 €/Kg"
Água sem gás,Vitalis,Garrafa de 0.5 l,"0,75 €","0,13 €/L"
Besugo Médio,Peixe do Dia,1 un = 300 gr (aprox.),"3,00 €","9,99 €/Kg"
Ice tea limão,Lipton,Embalagem de 1L,"1,90 €","1,27 €/L"
"Vinho tinto doc dão, reserva",Cabriz,Garrafa de 0.75 l,"9,49 €","12,65 €/L"
Sacos higiénicos para animal,Canaillou,4 x 20 unidades,"1,19 €","0,24 €/Kg"
Pasta dentífrica herbal branqueadora,Colgate,Embalagem de 75 ml,"2,39 €","31,87 €/L"
Creme abrasivo limão,Cif,Garrafa de 700 ml,"4,99 €","7,13 €/L"
Leite Meio Gordo sem Lactose,Mimosa,Pack 4 x 200 ml,"0,83 €","0,83 €/L"
Mini tostas trigo super finas,PorSi,Embalagem de 100 g,"2,39 €","6,83 €/Kg"
Bebida de Amêndoa,PorSi Viva Bem,1 litro,"2,19 €","2,19 €/L"
Fralda cueca T5 - 12 a 18 kg,PorSi,20 unidades,"4,49 €","4,49 €/Unidade"
Azeitona galega mista retalhada,PorSi,Vendido ao peso a partir de 500 g,"1,00 €","3,99 €/Kg"
Queijo de Serpa DOP,PorSi Select,1 un = 250 gr  (aprox.),"2,87 €","15,94 €/Kg"
Aditivo têxtil desinfetante,PorSi,500 ml,"8,99 €","14,98 €/L"
Cera de depilação profissional,Veet,Garrafa de 300 ml,"3,11 €","3,11 €/Unidade"
Tostas integrais,Diatosta,Embalagem de 225 g,"2,39 €","6,83 €/Kg"
Chispalhada,PorSi,Embalagem de 420 g,"2,99 €","11,96 €/Kg"
Limpa Tablier,PorSi,Embalagem de 1 l,"1,99 €","1,99 €/L"
Detergente em gel máquina lavar roupa universal,Persil,85 doses,"29,99 €","7,06 €/L"
Vinho branco regional península de setúbal,Joao pires,Garrafa de 0.75 l,"2,99 €","3,99 €/L"
Porto 10 anos,Valadao,Garrafa de 750 ml,"10,99 €","14,65 €/L"
Mistura de azeitonas,PorSi,Vendido ao peso a partir de 500 g,"1,00 €","3,99 €/Kg"
Pratos rasos em cana-de-açúcar 210 x 19 mm,PorSi,6 unidades,"1,15 €","1,15 €/Unidade"
Whisky gold heritage,Label 5,"Garrafa de 0,70 l","19,99 €","19,99 €/L"
Cerveja com álcool,Sagres,Garrafa de 1 l,"1,99 €/L","1,99 €/L"
Compal da horta concentrado tomate,Compal,Embalagem de 140g,"3,84 €","24,00 €/Kg"
Desinfetante Multiusos,Sanytol,Embalagem de 750 ml,"4,89 €","6,52 €/L"
"Chá de mel, limão e ginseng",Tetley,Embalagem de 20g,"44,50 €/Kg","44,50 €/Kg"
Batata frita churrasco,PorSi,Embalagem de 185 g,"1,18 €","6,38 €/Kg"
Máquina Depilatória Descartável 3 Sensitive,Bic,Embalagem com 4+2 unidades,"3,29 €","3,29 €/Unidade"
Mimos de pescada do cabo,Pescanova,Embalagem de 360g,"3,99 €","9,98 €/Kg"
Néctar clássico tutti frutti,Compal,Garrafa de 200 ml,"0,99 €","0,99 €/L"
Sidra maçã,Somersby,pack 4 x 0.33 l,"1,59 €","3,18 €/L"
Tira verniz,Labell,Embalagem de 200 ml,"1,03 €","10,30 €/L"
Chuchu,Legumes do Dia,1 un = 250 gr  (aprox.),"0,47 €","4,69 €/Kg"
Lápis evolution nº 2 HB,Bic,1 embalagem,"2,69 €","2,69 €/Unidade"
Rum limon,Bacardi,Garrafa de 700 ml,"17,49 €","24,99 €/L"
Pizza marguerita,PorSi,Embalagem de 2 x 300 g,"2,16 €","6,17 €/Kg"
Vinho verde branco,Torre de menagem,"Garrafa de 0,75 l","3,09 €","3,09 €/L"
Salsichas Frankfurt em lata,Izidoro,Embalagem de 250g,"0,75 €","3,75 €/Kg"
Tarteletes com recheio avelã,PorSi,Embalagem de 91g,"2,15 €","2,87 €/Kg"
Flan sabor a baunilha com caramelo,PorSi,Embalagem de 6 x 100 g,"1,19 €","2,59 €/Kg"
Sumo essencial kids,Compal,pack 3 x 0.11 l,"2,09 €","6,33 €/L"
Fralda cueca T6 - 16 a 22 kg,PorSi,18 unidades,"4,49 €","4,49 €/Unidade"
"Alimento seco para gato, atum",Whiskas,"Embalagem de 1,75 kg","4,87 €","2,44 €/Kg"
"Creme de depilação duche, peles normais",Veet,Garrafa de 150 ml,"10,99 €","73,27 €/L"
"Bolachas, tubo",Oreo,Embalagem de 150g,"1,49 €","9,68 €/Kg"
Coleira repelente para gatos,Repul' 7,Embalagem de 1 unidades,"8,75 €","8,75 €/Unidade"
Água s/ gás,S.estrela,"Pack 6 x 0,50 l","0,75 €","0,13 €/L"
Vinho regional lisboa tinto reserva,Critterium,Garrafa de 0.75 l,"6,49 €","8,65 €/L"
"Refresco em pó, tropical",Tang,Embalagem de 30g,"0,75 €","18,75 €/Kg"
Rebuçados de mentol,Sweet flav,Embalagem de 250 g,"0,77 €","3,85 €/Kg"
Néctar tutti-fruti,Compal,Pack 3 x 200 ml,"0,99 €","0,99 €/L"
Leite uht magro,Mimosa,Embalagem de 1 litro,"0,83 €","0,83 €/L"
Nata uht para bater,Gresso,Garrafa de 200 ml,"1,12 €","5,60 €/L"
Vinho maduro branco,Alorna,Garrafa de 0.75 l,"1,59 €","2,12 €/L"
Óleo aloé vera,Johnson's Baby,Embalagem de 300 ml,"4,39 €","21,95 €/L"
5 gouaches de cores primárias,Domédia,Uma embalagem,"1,69 €","1,69 €/Unidade"
Collant opac microfibra preto 60D,PorSi,Tamanho: l,"1,99 €","1,99 €/Unidade"
Luvas Universal Pequeno/Médio,Vileda,1 unidade,"2,99 €","2,99 €/Unidade"
Tomates Cereja Cacho,PorSi Bio,Emb.: ± 200 g,"0,46 €","2,29 €/Kg"
Caldo de galinha 16 cubos,Knorr,Embalagem de 160g,"3,84 €","24,00 €/Kg"
Doce de morango,PorSi Select,200 g,"2,19 €","9,95 €/Kg"
Fosforos especiais 20 cm,PorSi,Embalagem de 1 unidades,"1,19 €","1,19 €/Unidade"
Salmão Fumado da Escócia,PorSi Select,Embalagem de 80 g,"3,49 €","43,63 €/Kg"
Polpa de maracuja,PorSi,Embalagem de 565g,"1,99 €","2,37 €/Kg"
Leite de limpeza age perfect,L'oreal,Embalagem de 200 ml,"23,70 €/L","23,70 €/L"
"Aperitivos, amendoins no forno",Matutano,Embalagem de 200g,"0,79 €","7,90 €/Kg"
Cerveja sem álcool,Super Bock,Pack 6 x 20 cl,"5,99 €","3,03 €/L"
Concentrado de laranja,Sunquick,Garrafa de 700 ml,"5,79 €","8,27 €/L"
Bombons de chocolate,Mon cheri,Embalagem de 160g,"5,29 €","33,06 €/Kg"
Nectar vital equilibrio ananás/coco,Compal,Embalagem de 1 l,"0,99 €","0,99 €/L"
Gelatina frutos tropicais  10kcal,Royal,Embalagem de 30g,"0,55 €","61,11 €/Kg"
"Creme de dia, age perfect",L'oreal,Embalagem de 50 ml,"2,99 €","59,80 €/L"
Azeite Virgem,Oliveira da Serra,Embalagem de 750 ml,"3,29 €","4,39 €/L"
Conjunto Colheres de Sobremesa Essencial,PorSi,3 peças,"0,65 €","0,65 €/Unidade"
Nestum zero espelta/aveia,Nestum,Embalagem de 250 g,"4,99 €","4,99 €/Kg"
15 bombons de chocolate,Collection,Embalagem de 170g,"5,29 €","33,06 €/Kg"
Gel de Banho Secrets Oil Avocato,Dove,Embalagem de 500 ml,"6,39 €/L","6,39 €/L"
Spray limpa inox,Cif,Garrafa de 440 ml,"8,99 €","14,98 €/L"
Moscatel do douro aperitivo,Favaito,pack: 10 x 55 ml,"5,99 €","7,99 €/L"
Bolo de Arroz 70 g,*,,"1,19 €","1,19 €/Unidade"
Pasta dentífrica branco intenso,Aquafresh,Embalagem de 75 ml,"2,39 €","31,87 €/L"
"Briquetes madeira, 12 unidades",Nova lenha,1 embalagem,"1,19 €","1,19 €/Unidade"
Morcela de Sousel,PorSi,1 un = 450 gr (aprox.),"1,39 €","6,95 €/Kg"
Sidra maçãs ácidas,Bandida do Pomar,lata de 0.5 l,"1,59 €","3,18 €/L"
Bloco Sanitário Sólido Poder Activo Pinho,Sonasol,Embalagem de 2x50 g,"37,36 €/Kg","37,36 €/Kg"
Cabides para criança,PorSi,5 unidades,"36,00 €","36,00 €/Unidade"
Chá Aromatizado Pirâmide Baunilha/Caramelo,PorSi,20 x 2 g,"0,89 €","44,50 €/Kg"
Bolachas com cobertura de chocolate de leite,Oreo,Embalagem de 250g,"1,49 €","9,68 €/Kg"
Mix de sementes tradicional,Cemporcent,Embalagem de 250g,"1,94 €","3,88 €/Kg"
Amaciador concentrado para roupa floral,PorSi,80 doses,"1,99 €","1,00 €/L"
Pensos diários respirare,Carefree,embalagem com 20 unidades,"1,79 €","1,79 €/Unidade"
Ervilhas,PorSi,Embalagem de 1 kg,"1,98 €","1,98 €/Kg"
Vinho Regional de Lisboa Rosé,Mundus,"Garrafa de 0,75 l","2,12 €/L","2,12 €/L"
10 nuggets peito de frango e queijo,Capitão Iglo,Embalagem de 210g,"2,79 €","8,72 €/Kg"
Fermento de padeiro em pó,Fermipan,Embalagem de 4x11 g,"1,89 €","17,18 €/Kg"
Shoyce aveia& amendoa 0%,Shoyce,Garrafa de 1 l,"2,19 €","2,19 €/L"
Sabao azul e branco,PorSi,Embalagem de 400g,"1,19 €","2,98 €/Kg"
Batata frita em azeite,PorSi,Embalagem de 150g,"1,18 €","6,38 €/Kg"
Vinho regional tejo 3 castas tinto,Fiuza,Garrafa de 750 ml,"6,49 €","8,65 €/L"
Ambientador elétrico + recarga alfazema,PorSi,1 unidade,"3,74 €","3,74 €/Unidade"
Pão forma familiar normal,Bimbo,embalagem de 700 g,"0,99 €","1,65 €/Kg"
Pensos Higiénicos Cottonlike com Abas Normal Plus,Evax,28 unidades,"2,59 €","2,59 €/Unidade"
Bebida aveia sem açúcar,Alpro,Embalagem de 1 l,"2,19 €","2,19 €/L"
Açorda de camarão,PorSi Select,380 g,"1,99 €","4,98 €/Kg"
Leite uht magro,PorSi,Embalagem de 1 litro,"0,83 €","0,83 €/L"
Chourico carne das beiras,PorSi,Embalagem de 290g,"1,14 €","5,70 €/Kg"
Vinho maduro branco,C.da eira,Garrafa de 1 l,"0,85 €/L","0,85 €/L"
Ice tea de manga,PorSi,"Embalagem de 6x0,20 l","1,90 €","1,27 €/L"
Gelatina morango 10kcal,Royal,Embalagem de 30g,"0,55 €","61,11 €/Kg"
Queijo flamengo em fatias,Terra Nostra,Embalagem de 200g,"1,96 €","9,80 €/Kg"
Mini tostas integrais,PorSi,Embalagem de 180g,"2,39 €","6,83 €/Kg"
Arroz brajma,Cigala,Embalagem de 1 kg,"1,26 €","1,26 €/Kg"
Napolitanas creme cacau,PorSi,Embalagem de 320g,"2,05 €","5,13 €/Kg"
Cereais argolas de mel,PorSi,Embalagem de 375 g,"5,07 €/Kg","5,07 €/Kg"
Iogurte tipo grego stracciatella,PorSi,Embalagem de 500g,"1,49 €","2,98 €/Kg"
Creme depilatório para peles normais,Labell,Embalagem de 200 ml,"10,99 €","73,27 €/L"
Gelado fizz limão,Olá,Embalagem de 6 x 60 ml,"5,99 €","16,64 €/L"
Lixívia tradicional,PorSi,Embalagem de 1 l,"1,74 €","0,35 €/L"
Bolacha alfa,Nacional,Embalagem de 180g,"2,98 €","9,93 €/Kg"
Presunto fatiado 6 meses,PorSi,Embalagem de 140 g,"2,59 €","12,95 €/Kg"
Fósforos longos,Quinas,Embalagem com 3 unidades,"1,50 €","1,50 €/Unidade"
Cereais chocapic,Nestle,Embalagem de 630g,"5,07 €/Kg","5,07 €/Kg"
Sumo 100% maçã,PorSi,"Embalagem de 1,5 l","1,09 €","0,73 €/L"
Biscoitos canudinho recheio cacau,PorSi,Embalagem de 300g,"2,98 €","9,93 €/Kg"
Caderno espiral capa dura A4 | 160 folhas | pautado,Domédia,1 unidade,"0,99 €","0,99 €/Unidade"
Conjunto Garfos de Sobremesa Prestige,PorSi,3 peças,"0,65 €","0,65 €/Unidade"
Papel Higiénico Puríssimo 3 Folhas,Renova,Embalagem c/ 12 rolos,"1,99 €","1,99 €/Unidade"
Feijoada,PorSi,Embalagem de 420 g,"2,99 €","11,96 €/Kg"
Lombos de salmao vacuo,PorSi,Embalagem de 500g,"3,99 €","9,98 €/Kg"
Carte d'or cake romantica,Olá,Embalagem de 750 ml,"3,99 €","7,39 €/Kg"
Toalha de Mesa,Homespecial,Dim.: 150 x 250 cm,"19,99 €","19,99 €/Unidade"
Néctar de 8 frutos,Bongo,Garrafa de 1 l,"0,99 €","0,99 €/L"
"Creme protector contra assaduras, para bebé",Johnson's Baby,Embalagem de 100 ml,"0,55 €","5,50 €/L"
Tomate coração de boi categoria: II,*,Vendido ao peso,"0,46 €","2,29 €/Kg"
Colher de arroz de nylon cabo áqua,PorSi,1 unidade,"0,65 €","0,65 €/Unidade"
Rum carta blanca,Bacardi,Garrafa de 700 ml,"17,49 €","24,99 €/L"
Ovos galinha solo m,PorSi,6 ovos,"1,39 €","1,39 €/Unidade"
Toalhitas limpa moveis,PorSi,Embalagem de 24 unidades,"4,39 €","14,63 €/L"
"Fermento em pó, lata",Royal,Embalagem de 110g,"1,89 €","17,18 €/Kg"
Ice tea de manga,Lipton,Garrafa de 2 l,"1,90 €","1,27 €/L"
Bagas de cranberry,Cemporcent,Embalagem de 125 g,"1,59 €","7,95 €/Kg"
Vira fritos inox cabo áqua,PorSi,1 unidade,"0,65 €","0,65 €/Unidade"
Pão de forma integral,Bimbo,Embalagem de 480 g,"0,99 €","1,65 €/Kg"
Iogurte Pedaços Amoras/Mirtilo,PorSi,Embalagem 2X135 g,"4,38 €","2,19 €/Kg"
Néctar vital equilíbrio frutos vermelhos,Compal,Garrafa de 200 ml,"0,99 €","0,99 €/L"
Sopa económica de marisco,Knorr,Embalagem de 60g,"0,62 €","10,00 €/Kg"
Moelas congeladas,*,Embalagem de 1 kg,"2,29 €","2,29 €/Kg"
Iogurte líquido tutti-frutti,Danone,Embalagem de 4 x 155 g,"1,31 €","2,05 €/Kg"
Vela em número nº5,PorSi,1 unidade,"0,60 €","0,60 €/Unidade"
Colher de esparguete de inox cabo oregon,PorSi,1 unidade,"0,65 €","0,65 €/Unidade"
Creme de fixação para dentaduras,Labell,Embalagem de 50 g,"7,39 €","105,57 €/Kg"
"Pensos diários respirare, 44 unidades",Carefree,Uma embalagem,"1,79 €","1,79 €/Unidade"
Óleo Cedro Líquido,PorSi,Embalagem de 200 ml,"4,39 €","14,63 €/L"
Ice tea pêssego,Lipton,Garrafa de 2 l,"1,90 €","1,27 €/L"
Néctar de pera,PorSi,Pack 3 x 200 ml,"0,99 €","0,99 €/L"
Toalha em rolo papel bordeau,PorSi,1 Unidade,"19,99 €","19,99 €/Unidade"
Detergente Liquido Loiça Ultra Poder Limão,Fairy,Embalagem de 600 ml,"1,05 €","2,10 €/L"
Milho doce,Bonduelle,Embalagem de 150 g,"2,19 €","2,81 €/Kg"
Requeijão de ovelha,PorSi,Embalagem de 250g,"1,09 €","5,45 €/Kg"
"Alimento húmido para cão, galinha e cordeiro",Pedigree,Embalagem de 400g,"0,75 €","2,50 €/Kg"
Robalo viveiro (400/600 gr) inteiro fresco,Nossa seleção,Peixe de aquacultura,"3,00 €","9,99 €/Kg"
"Ice tea, pêssego",PorSi,"Embalagem de 6x0,20 l","1,90 €","1,27 €/L"
Lambrusco rose,*,Garrafa de 750 ml,"2,09 €","2,79 €/L"
Vinho branco,PorSi,embalagem de  3X187 ml,"0,85 €/L","0,85 €/L"
Limpa carpetes,PorSi,Embalagem de 1 litro,"2,49 €","2,49 €/L"
Pizza fresca de fiambre e queijo,PorSi,400 g,"0,99 €","4,30 €/Kg"
Aperitivos de amendoim com sal e mel,Matutano,Embalagem de 150g,"0,79 €","7,90 €/Kg"
Peito de peru fatias,PorSi,Embalagem de 150g,"1,99 €","13,27 €/Kg"
Cognac VSOP,Rémy Martin,"Garrafa de 0.70 l, com caixa","3,99 €","5,32 €/L"
Queijo Curado Meio Gordo,Fonte Mourisca,Vendido ao peso a partir de 250 gr,"2,42 €","9,69 €/Kg"
Desinfetante de frutas e vegetais,Clean Essence,500 ml,"0,47 €","4,69 €/Kg"
Bolachas mini prince recheadas com chocolate,PRINCE,Embalagem de 160 g,"0,69 €","4,60 €/Kg"
Inseticida baratas e formigas,Dum Dum,Embalagem de 400 ml,"5,09 €","8,48 €/L"
Coca-cola light,Coca-Cola,Garrafa de 1 l,"0,40 €/L","0,40 €/L"
Descascador de batata cabo áqua,PorSi,1 unidade,"0,65 €","0,65 €/Unidade"
Caderno Agrafado Capa Preta |A5 Quadriculado,Domédia,1 unidade,"0,99 €","0,99 €/Unidade"
Chocolate em pó 70% cacau,STARBUCKS,Embalagem de 300g,"6,64 €/Kg","6,64 €/Kg"
"Rolos de cozinha compactos, branco, máxima absorção,...",Renova,1 unidade,"4,99 €","4,99 €/Unidade"
Granola aveia fitness mel,Nestle,Embalagem de 300g,"3,79 €","29,38 €/Kg"
Mini Tostas de Trigo,PorSi,Embalagem de 350 g,"2,39 €","6,83 €/Kg"
Mel em frasco de vidro,Jorge v.f.,Embalagem de 500g,"2,25 €","9,00 €/Kg"
Snack chocolate leite,Kit kat,Embalagem de 125g,"16,72 €/Kg","16,72 €/Kg"
Lixivia perfumada,PorSi,Garrafa de 2 l,"1,74 €","0,35 €/L"
Vinho verde branco alvarinho,Contacto,Garrafa de 0.75 l,"3,09 €","3,09 €/L"
Ração seca para cão croquetes pro júnior,PorSi Select,Embalagem de 3 Kg,"1,15 €/Kg","1,15 €/Kg"
Alho moído,PorSi,Frasco com 45 g,"0,66 €","22,00 €/Kg"
Massa pevide,Nacional,Embalagem de 250g,"0,99 €","1,98 €/Kg"
Coxinhas de frango,PorSi,Embalagem de 360g,"3,99 €","9,98 €/Kg"
Batata frita ondulada wavy,PorSi,Embalagem de 180g,"1,01 €","5,46 €/Kg"
Spray tira gorduras desinfetante c/ lixivia,Mistolin,550 ml,"8,99 €","14,98 €/L"
Bolachas tosta rica,Cuetara,Embalagem de 570g,"2,33 €/Kg","2,33 €/Kg"
Creme vegetal para barrar,PorSi,Embalagem de 500 g,"1,99 €","3,98 €/Kg"
Snack para gato seaside,Felix,Embalagem de 60g,"0,85 €","14,17 €/Kg"
Néctar pêssego,Compal,Pack 3 x 200 ml,"0,99 €","0,99 €/L"
Bolacha maria doces,Vieira,Embalagem de 300g,"2,11 €/Kg","2,11 €/Kg"
Queijo grana padano D.O.P 16 meses de cura,PorSi Select,Embalagem de 180 g,"2,87 €","15,94 €/Kg"
Café moagem universal timor,Delta,Embalagem de 220g,"8,76 €/Kg","8,76 €/Kg"
Ambientador elétrico botanica Vetiver das Caraíbas &...,Air Wick,1 unidade,"3,74 €","3,74 €/Unidade"
Papel de alumínio,PorSi,50 metros,"1,11 €","1,11 €/Unidade"
Gel de Banho Orquídea & Cashmere Extract,Nivea,Embalagem de 750 ml,"6,39 €/L","6,39 €/L"
Recarga Panos p/ Madeira,Swiffer,18 un.,"1,79 €","1,79 €/Unidade"
Desinfetante de frutas e vegetais,Clean Essence,500 ml,"1,89 €/Kg","1,89 €/Kg"
Escumadeira de nylon cabo áqua,PorSi,1 unidade,"0,65 €","0,65 €/Unidade"
Lapiseira Velocity + 12minas,Bic,1 unidade,"2,69 €","2,69 €/Unidade"
Pão Centeio com Nozes,Garcia & Filhos,1 unidade= 400 g,"0,18 €","2,00 €/Kg"
Fiambre da Pá,PorSi,1 un = 150 gr (aprox.),"0,97 €","6,49 €/Kg"
Leite condensado magro,PorSi,Embalagem de 390 g,"1,09 €","2,75 €/Kg"
Creme barrar nutela 350g,Nutella,Embalagem de 350G,"4,39 €","12,91 €/Kg"
Queijo Flamengo em Barra,Terra Nostra,1 un = 150 gr (aprox.),"1,96 €","9,80 €/Kg"
Estendal Universal,Vileda,,"36,00 €","36,00 €/Unidade"
Collant suavidade e conforto muskad 20D,PorSi,Tamanho: s/m,"1,99 €","1,99 €/Unidade"
Beira interior colheita 2014,Beyra,Garrafa de 0.75 l,"2,92 €/L","2,92 €/L"
Bolachas marítimas clássicas,PorSi Viva Bem,Embalagem de 200g,"1,45 €","11,15 €/Kg"
Laranja biológica categoria II,PorSi Bio,Emb.: ± 500 g,"0,47 €","1,89 €/Kg"
Filetes de cavala em azeite,PorSi,Embalagem de 120 g,"9,08 €/Kg","9,08 €/Kg"
Bolachas bambolitos chocolate e leite,PorSi,Embalagem de 150g,"0,69 €","4,60 €/Kg"
Maionese,PorSi,Embalagem de 260 g,"0,87 €","2,90 €/Kg"
Bebida de soja com cálcio,PorSi Viva Bem,Embalagem de 1 litro,"2,49 €","2,49 €/L"
"Gel para o cabelo, wet shine",Fru style,Embalagem de 200 ml,"5,99 €","39,93 €/L"
Anti-Traça Cedro,Dum Dum,2 unidades,"4,69 €","4,69 €/Unidade"
Preparado de bolo de mármore,PorSi,528 g,"0,49 €","5,44 €/Kg"
Camarão vannamei 24/40,Pescanova,Embalagem de 800g,"8,99 €","25,69 €/Kg"
Batata pré-frita mediterranean,MCCAIN,Embalagem de 750g,"2,39 €","3,98 €/Kg"
Ambientador vela frutos vermelhos,PorSi,1 unidade,"4,99 €","4,99 €/Unidade"
Cerveja super bock,Super Bock,Pack 6 x 200 ml,"1,99 €/L","1,99 €/L"
Ambientador spray pure flor de cerejeira,PorSi,250 ml,"2,99 €","11,96 €/L"
Conjunto Fleurs Du Paradis,Coquette,EAU DE TOILETTE 100 ML + R-ON 10 ML,"10,99 €","10,99 €/Unidade"
"Líquido sanitário extra power, marinho",WC Pato,Embalagem de 750 ml,"3,19 €","4,25 €/L"
Pedaços de tamboril,PorSi,Embalagem de 500G,"3,99 €","9,98 €/Kg"
Cabides,PorSi,8 unidades,"36,00 €","36,00 €/Unidade"
Colher de esparguete de nylon cabo áqua,PorSi,1 unidade,"0,65 €","0,65 €/Unidade"
Café lote bocage moagem única,Nicola,Embalagem de 250g,"9,16 €/Kg","9,16 €/Kg"
Papel higiénico branco 2 folhas,PorSi,48 rolos,"1,99 €","1,99 €/Unidade"
Tablete de chocolate culinário 70% negro,PorSi,Embalagem de 200 g,"0,99 €","4,95 €/Kg"
Miolo de camarão 100/200,H2Gelo,Embalagem de 250  g,"8,99 €","25,69 €/Kg"
Barras de cereais fitness crunchy & caramelo,Nestle,Embalagem de 140g,"3,79 €","29,15 €/Kg"
Ambientador vela odor cozinha,PorSi,1 unidade,"4,99 €","4,99 €/Unidade"
Concha molhos de inox cabo oregon,PorSi,1 unidade,"0,65 €","0,65 €/Unidade"
Croquetes vegetais,PorSi Viva Bem,Embalagem de 220g,"2,09 €","5,81 €/Kg"
"Agrafos nº24/6, 2000 unidades",Maped,Uma embalagem,"1,29 €","1,29 €/Unidade"
Escova de Dentes 1-2-3 Shiny Clean,Oral B,4 unidades,"3,49 €","3,49 €/Unidade"
Iogurte pedaços frutos vermelhos,PorSi,Embalagem de 8 x 125 g,"4,38 €","2,19 €/Kg"
Gelado cornetto mini clássico,Olá,Embalagem de 8 x 60 ml,"5,99 €","16,64 €/L"
Bola de Berlim chocolate,PorSi,85g,"1,19 €","1,19 €/Unidade"
Bambolitos pretos,PorSi,Embalagem de 150g,"0,69 €","4,60 €/Kg"
Creme depilatório para peles sensíveis,Labell,Embalagem de 200 ml,"10,99 €","73,27 €/L"
"Acendalha ecológicas, 32 cubos",PorSi,Uma embalagem,"1,19 €","1,19 €/Unidade"
Perna de Frango do campo,PorSi Select,embalagem de 700 g (aprox.),"3,98 €","2,49 €/Kg"
Caixa de arrumação reciclada,PorSi,20 litros,"8,90 €","8,90 €/Unidade"
Café descafeinado,PorSi,Embalagem de 250g,"1,59 €","6,36 €/Kg"
Bolachas com duplo creme,Oreo,Embalagem de 190g,"1,49 €","9,68 €/Kg"
Lava tudo antibacteriano floral,PorSi,"Garrafa de 1,5 l","0,99 €","0,50 €/L"
Presunto S/Osso,Pata branca,"Vendido ao peso, fatiado a partir de 200 g","2,59 €","12,95 €/Kg"
Cafe rossio m.unica 250g,Nicola,Embalagem de 250g,"8,76 €/Kg","8,76 €/Kg"
Puré de maçã sem adição açúcar,PorSi,700 g,"0,74 €","8,22 €/Kg"
Leite Hidratante Óleos Maravilhosos,Ultra Suave,Embalagem de 400 ml,"12,48 €/L","12,48 €/L"
Tablete chocolate de leite,PorSi,embalagem de 100 g,"5,30 €/Kg","5,30 €/Kg"
Leite seleccionado meio gordo,Matinal,Garrafa de 1 l,"0,83 €","0,83 €/L"
Paprika,PorSi,Saqueta com 50 g,"0,66 €","22,00 €/Kg"
Snack dentastix grande,Pedigree,Embalagem de 270 g,"1,09 €","6,06 €/Kg"
Néctar light de manga/laranja prism,PorSi,Embalagem de 1 l,"1,69 €","1,69 €/L"
Molho tomate com azeitonas,PorSi,Frasco de 420g,"0,87 €","2,90 €/Kg"
Alho picado,PorSi,Embalagem de 100 g,"3,29 €","4,39 €/Kg"
Penso de incontinência normal,Ausonia Discreet,Embalagem de 12 un.,"1,95 €","1,95 €/Unidade"
Snacks croc.amendoim,PorSi,Embalagem de 90g,"0,79 €","7,90 €/Kg"
6 Preservativos Adapta Nature,Control,,"4,49 €","4,49 €/Unidade"
Ração seca para gatinhos frango e legumes,PorSi,Embalagem de 2 kg,"4,87 €","2,44 €/Kg"
Palitos de bambu cocktail com 2 bicos,PorSi,Embalagem de 50 unidades,"1,15 €","1,15 €/Unidade"
Sumo 100% laranja,Compal,1 litro,"1,09 €","0,73 €/L"
Spray power&shine multiusos c/ lixívia,Cif,Garrafa de 750 ml,"0,79 €","0,79 €/L"
Mistolin advanced anticalcário,Mistolin,Garrafa de 500 ml,"8,99 €","14,98 €/L"
Areia para gatos 100% natural,PorSi,Embalagem de 5 kg,"1,19 €","0,24 €/Kg"
Leite condensado,PorSi,Embalagem de 397 g,"1,09 €","2,75 €/Kg"
20 saquetas chá de frutos silvestres,Lipton,Embalagem de 30g,"44,50 €/Kg","44,50 €/Kg"
"Batata frita, queijo e ervas",PorSi,Embalagem de 190g,"1,18 €","6,38 €/Kg"
Pilha alcalina hightech lr20x2,Domédia,1 unidade,"2,56 €","2,56 €/Unidade"
Legumes grelhados,PorSi,Embalagem de 750g,"1,98 €","1,98 €/Kg"
Pudim de chocolate,PorSi,Embalagem de 110g,"0,59 €","29,50 €/Kg"
Bolachas cracker sem sal,PorSi,Embalagem de 500g,"0,39 €","3,12 €/Kg"
20 saquetas chá de pêssego manga,Lipton,Embalagem de 40g,"44,50 €/Kg","44,50 €/Kg"
Cerveja com álcool,Sagres,pack 24 x 0.25 l,"1,99 €/L","1,99 €/L"
Noodle banzai carne,Cigala,Embalagem de 70g,"0,99 €","1,98 €/Kg"
Maçã Fuji 70/75,Programa Origens,1 un = 150 gr (aprox.),"0,34 €","1,89 €/Kg"
Vinho maduro tinto,Alto de Pias,Garrafa de 5 l,"8,59 €","1,72 €/L"
Tomates Alongados,PorSi Bio,Emb.: ± 400 g,"0,46 €","2,29 €/Kg"
Creme bio mãos e unhas,Labell Bio,75 ml,"1,03 €","10,30 €/L"
Vinho do Porto 10 anos,Cruz,"Garrafa de 0,75L c/ Caixa de Madeira","10,99 €","14,65 €/L"
Vinagre balsâmico modena,Gallo,Garrafa de 250 ml,"0,35 €","0,70 €/L"
Pudim caramelo,PorSi,Embalagem de 90g,"0,59 €","29,50 €/Kg"
"Inseticida líquido, elétrico, apa",Raid,Embalagem de 21 ml,"15,99 €","26,65 €/Kg"
Chá camomila,Cemporcent,Embalagem de 40g,"1,79 €","44,75 €/Kg"
Leite evaporado,PorSi,Embalagem de 410g,"1,09 €","2,75 €/Kg"
Tomates Cereja Kumato Biológicos,PorSi Bio,± 200 g,"0,46 €","2,29 €/Kg"
Queijo Brie 60%,Produto selecionado,Vendido ao peso a partir de 250 gr,"1,45 €","7,25 €/Kg"
Gelado cornetto morango,Olá,Embalagem de 6 x 90 ml,"5,99 €","16,64 €/L"
Pudim flan,El mandari,Embalagem de 10g,"0,59 €","29,50 €/Kg"
vinho do Porto Ruby,Velhotes,"garrafa de 0,75 l","5,99 €","7,99 €/L"
Leite uht meio gordo,Mimosa,Embalagem de 1 litro,"0,83 €","0,83 €/L"
Sabonete regular,Dove,Embalagem de 400 g,"4,49 €","12,47 €/Kg"
Arroz agulha,Cigala,Embalagem de 1 kg,"1,26 €","1,26 €/Kg"
Ambientador recarga delícias de verão,Air Wick,Garrafa de 250 ml,"5,99 €","23,96 €/L"
"Borracha mini softy, pack de 3 unidades",Maped,1 embalagem,"1,69 €","1,69 €/Unidade"
Puré de batata,Saint Eloi,Embalagem de 500 g,"1,49 €","1,49 €/Kg"
Lava tudo brilhante madeiras,PorSi,Embalagem de 1.1 litros,"4,39 €","14,63 €/L"
Salsichas extra suculentas de frango,Nobre,Frasco de 210g,"0,75 €","3,75 €/Kg"
Champô miracle volume + nutrição,Pantene,225 ml,"1,67 €","4,18 €/L"
Magnum mini white mix,Olá,Embalagem de 6 x 55 ml,"5,99 €","16,64 €/L"
"Fiambre extra, fatiado",PorSi,Embalagem de 200g,"0,97 €","6,49 €/Kg"
Queijo brie 60% mg,Páturages,Embalagem de 200 g,"1,45 €","7,25 €/Kg"
Leite UHT Meio Gordo,PorSi,Embalagem de 200 ml,"0,83 €","0,83 €/L"
Tostas suecas integrais,PorSi,Embalagem de 225 g,"2,39 €","6,83 €/Kg"
Sobremesa gelatina de morango,PorSi,Embalagem 4X100G,"0,85 €","2,13 €/Kg"
Bolachas crackers com sal,PorSi,Embalagem de 500g,"0,39 €","3,12 €/Kg"
Vinho doc alentejo tinto,Albarrada,Garrafa de 750 ml,"2,89 €","3,85 €/L"
Lava Tudo Perfumado Lavanda,PorSi,Embalagem de 2 l,"0,99 €","0,50 €/L"
Tablete de chocolate preto,Nestle,Embalagem de 130g,"0,99 €","4,95 €/Kg"
Gogo SqueeZ Snack de Maçã,Gogo,Embalagem de 4 x 90g,"2,29 €","6,94 €/L"
"Alimento húmido para gato 7+, aves",Whiskas,Embalagem de 400g,"2,75 €","6,88 €/Kg"
Sementes de girassol,PorSi Viva Bem,Embalagem de 200 g,"1,59 €","10,60 €/Kg"
Néctar vital equilibrio manga/laranja,Compal,Embalagem de 1 l,"1,69 €","1,69 €/L"
Esferográfica Cristal Ouro e Prata x2,Bic,1 unidade,"2,69 €","2,69 €/Unidade"
Lombos de salmão,PorSi,Embalagem de 300g,"3,99 €","9,98 €/Kg"
Néctar de laranja,Bongo,Garrafa de 1 l,"0,99 €","0,99 €/L"
Semente linhaça castanha,Salutem,Embalagem de 250g,"1,49 €","7,45 €/Kg"
Batatas Pré-fritas Rosti com Cebola,PorSi,Embalagem com 600 g,"2,39 €","3,98 €/Kg"
Queijo Roquefort AOC 52% M.G,Rocabret,Vendido ao peso a partir de 250 gr,"1,45 €","7,25 €/Kg"
Xarope de limão sem corantes,Paquito,Garrafa de 750 ml,"5,79 €","8,27 €/L"
Recarga mopa 1.2 spray max,Vileda,1 unidade,"2,20 €","2,20 €/Unidade"
Lixívia Tradicional,Neoblanc,Embalagem de 4 l,"1,74 €","0,35 €/L"
Areia para gato aglomerante,PorSi,Embalagem de 5 litros,"1,19 €","0,24 €/Kg"
Polpa de tomate em garrafa,Compal,Embalagem de 1 kg,"3,84 €","24,00 €/Kg"
Iogurte natural,PorSi,Embalagem 12 x 125 g,"0,99 €","1,98 €/Kg"
Polpa de cebola e alho,PorSi,Embalagem de 500 g,"3,84 €","24,00 €/Kg"
Toalha de mãos,PorSi,50 x 100 cm,"19,99 €","19,99 €/Unidade"
Bolachas cacau com cereais e pepitas de chocolate,PorSi,Embalagem de 400 g,"0,79 €","5,27 €/Kg"
6 tulipas baunilha,Progelcone,Embalagem de 75 g,"3,99 €","7,39 €/Kg"
Red Fish,Peixe Congelado,300 a 500 g,"3,99 €/Kg","3,99 €/Kg"
Sabao rosa e branco,PorSi,Embalagem de 400g,"1,19 €","2,98 €/Kg"
20 saquetas chá verde pure,Lipton,Embalagem de 30g,"0,99 €","23,02 €/Kg"
Pudim flan,PorSi,Embalagem de 4 x 5.6 g,"0,59 €","29,50 €/Kg"
Gomas beijinhos,PorSi,Embalagem de 300 g,"1,19 €","3,97 €/Kg"
Sementes de chia,PorSi Viva Bem,Embalagem de 150 g,"1,59 €","10,60 €/Kg"
Macchiato café arábica,PorSi,250 ml,"15,92 €/Kg","15,92 €/Kg"
Água sem gás,Penacova,Garrafa de 1.5 litros,"0,75 €","0,13 €/L"
Iogurte grego maçã e canela,Danone,Embalagem de 4 x 110 g,"1,49 €","2,98 €/Kg"
Iogurte oikos pêssego,Danone,Embalagem de 4 x 110g,"1,49 €","2,98 €/Kg"
Iogurte morango 000%,PorSi Viva Bem,Embalagem de 4 x 125 g,"4,38 €","2,19 €/Kg"
Gogo SqueeZ Snack Maçã,Gogo,Embalagem de 90g,"2,29 €","6,94 €/L"
Queijo azul,PorSi,100 g,"1,89 €","18,90 €/Kg"
Biscoitos canudinho simples,PorSi,Embalagem de 300g,"2,98 €","9,93 €/Kg"
Pensos Higiénicos Cottonlike Super Com Abas,Evax,12 unidades,"2,59 €","2,59 €/Unidade"
Pensos Higiénicos Ultra Air Dry C/ Abas,Ausonia,embalagem com 14 un.,"2,59 €","2,59 €/Unidade"
Bolacha chocomax mini,Nacional,Embalagem de 120 g,"0,79 €","5,27 €/Kg"
"Plastidecor, 12 unidades",Bic,Uma embalagem,"1,69 €","1,69 €/Unidade"
Massa spaghetti tricolore,Milaneza,Embalagem de 500 g,"0,99 €","1,98 €/Kg"
Recarga Esfregona de Microfibras,PorSi,1 unidade,"0,89 €","0,89 €/Unidade"
Spray renova camurça incolor,PorSi,Embalagem de 200 ml,"6,19 €","24,76 €/L"
Queijo camembert 45% mg,Páturages,Embalagem de 250 g,"1,45 €","7,25 €/Kg"
Luvas Multi Latex S/M,Vileda,10 unidade,"2,99 €","2,99 €/Unidade"
"Iogurte, sabor a morango",PorSi,Embalagem de 4 x 125 g,"0,69 €","1,38 €/Kg"
Batata Branca,Legumes do Dia,10 kg,"1,19 €","1,19 €/Kg"
Oikos morango 110g x4,Danone,Embalagem de 440g,"1,49 €","2,98 €/Kg"
Facas milho biodegradáveis,PorSi,6 unidades,"1,15 €","1,15 €/Unidade"
Doce pessego 284g,ST.DALFOUR,Frasco de 284g,"2,19 €","9,95 €/Kg"
"Guardanapos brancos, 33x33cm, 2 folhas, 90 unidades",Renova,Uma embalagem,"1,29 €","1,29 €/Unidade"
"Borracha mini softy, pack de 3 unidades",Maped,1 embalagem,"2,69 €","2,69 €/Unidade"
Bebida essencial frutos vermelhos,Compal,Pack 3 x 0.11 l,"2,29 €","6,94 €/L"
Pescada 3 Chile,Peixe Congelado,1 un= 1 kg (aprox.),"3,99 €/Kg","3,99 €/Kg"
Bolachas infantil dinossauros,Artiach,Embalagem de 190g,"2,33 €/Kg","2,33 €/Kg"
Linhaça dourada moída,Cemporcent,Embalagem de 200g,"1,49 €","7,45 €/Kg"
"Fitness granola chocolate, amêndoas e quinoa com 51%...",Nestle,Embalagem de 300 g,"3,79 €","29,38 €/Kg"
Dentifríco anti-tártaro + branqueador,Colgate,Embalagem de 75 ml,"2,39 €","31,87 €/L"
"Sumo 100%, tutti-frutti",PorSi,"Embalagem de 1,5 l","1,09 €","0,73 €/L"
Gel desentupidor de canos,Destop,Garrafa de 1 l,"8,99 €","14,98 €/L"
Morcela assar fundao,PorSi,Embalagem de 250g,"1,39 €","6,95 €/Kg"
Lambrusco tinto,*,Garrafa de 750 ml,"2,09 €","2,79 €/L"
Fiambre da Pá,Salsicharia Limiana,1 un = 150 gr (aprox.),"0,97 €","6,49 €/Kg"
Tomates Redondos Kumato Biológicos,PorSi Bio,± 400 g,"0,46 €","2,29 €/Kg"
Ambientador vela maçã e canela,PorSi,1 unidade,"4,99 €","4,99 €/Unidade"
2 toalhas de bidé,PorSi,30 x 50 cm,"19,99 €","19,99 €/Unidade"
Cacau magro em pó,PorSi,Embalagem de 125 g,"1,04 €","8,32 €/Kg"
Vinagre vinho branco 250ml,Cristal,Garrafa de 250 ml,"0,35 €","0,70 €/L"
Farelo de trigo,Cemporcent,Embalagem de 250g,"1,49 €","7,45 €/Kg"
Arroz agulha,Pato real,Embalagem de 1 kg,"1,26 €","1,26 €/Kg"
Pratos de papel brancos 18 cm,PorSi,10 unidades,"1,15 €","1,15 €/Unidade"
Detergente líquido p/ máquina lavar roupa cores,Woolite,"Garrafa de 1,65 l","29,99 €","7,06 €/L"
Atum posta em óleo,Bom petisc,Embalagem de 120 g,"9,08 €/Kg","9,08 €/Kg"
Couscous,PorSi,Embalagem de 5 x 100 g,"0,99 €","1,98 €/Kg"
Guardanapos Gold 2 folhas,Renova,Dim.: 39x39cm,"1,29 €","1,29 €/Unidade"
Bolacha digestiva go canela,Triunfo,Embalagem de 170g,"1,19 €","5,95 €/Kg"
Iogurte de morango sem lactose,PorSi Viva Bem,4 x 125 g,"0,99 €","1,98 €/Kg"
Cera acrílica pavimento vermelho,PorSi,750 ml,"8,99 €","14,98 €/L"
Manteiga pasteurizada com sal cuvet,Primor,Embalagem de 250g,"1,89 €","7,56 €/Kg"
Esparguete s/ glúten,Milaneza,Embalagem de 500g,"2,99 €","7,97 €/Kg"
Chá earl grey,Lipton,Embalagem de 40g,"44,50 €/Kg","44,50 €/Kg"
Gelatina ananás 10kcal,Royal,Embalagem de 30g,"0,55 €","61,11 €/Kg"
Leite UHT Meio Gordo,PorSi,1 l,"0,83 €","0,83 €/L"
Desodorizante roll-on invisible,Rexona,Embalagem de 50 ml,"50,80 €/L","50,80 €/L"
Sal marinho integral,Cemporcent,Embalagem de 1 kg,"0,69 €","0,69 €/Kg"
Sopa de rabo de boi,Knorr,Embalagem de 70g,"0,62 €","10,00 €/Kg"
Gelo em cubos,PorSi,Embalagem de 2 kg,"1,00 €","0,50 €/Kg"
Garfos milho biodegradáveis,PorSi,6 unidades,"1,15 €","1,15 €/Unidade"
Lambrusco rosé,Sorbello,Garrafa de 0.75 l,"2,12 €/L","2,12 €/L"
Vinho tinto alentejo,Loios,Garrafa de 750 ml,"2,89 €","3,85 €/L"
Croutons com azeite,PorSi,Embalagem de 150g,"2,39 €","6,83 €/Kg"
Marmelada,PorSi,Embalagem de 450g,"1,09 €","2,42 €/Kg"
Pastilha Elástica Bottle Spearmint,Trident,Embalagem de 82 g,"3,09 €","37,68 €/Kg"
Couve lombardo Programa Origens,PorSi,,"1,99 €","1,99 €/Kg"
Azeite virgem extra dop trás-os-montes,PorSi Select,Embalagem 750 ml,"3,29 €","4,39 €/L"
"Vela em número, nº 6",PorSi,1 unidade,"0,60 €","0,60 €/Unidade"
5 manhãzitos choco chips,Manhazitos,Embalagem de 175 g,"7,40 €/Kg","7,40 €/Kg"
Néctar clássico de pera,Compal,Garrafa de 200 ml,"0,99 €","0,99 €/L"
Noodle banzai galinha,Cigala,Embalagem de 70g,"0,99 €","1,98 €/Kg"
Saco de pastelaria,*,650 ml,"0,65 €","0,65 €/Unidade"
Liégeois Sobremesa de Caramelo,Páturages,Embalagem de 4x100 g,"1,49 €","3,73 €/Kg"
Molho de maionese com alho e ervas,PorSi,Garrafa de 120 ml,"0,87 €","2,90 €/Kg"
"Pensos diários maxiplus, 30 unidades",Evax,Uma embalagem,"1,79 €","1,79 €/Unidade"
Inseticida para baratas e formigas,Baygon,Embalagem de 400 ml,"5,09 €","8,48 €/L"
Massa esparguete,PorSi,Embalagem de 500g,"0,99 €","1,98 €/Kg"
Tostas integrais,PorSi,Embalagem de 225g,"2,39 €","6,83 €/Kg"
"Champô, anti-caspa",Labell Men,Embalagem de 300 ml,"1,49 €","4,97 €/L"
Formas de alumínio redondas 1400 ml,PorSi,5 unidades,"1,15 €","1,15 €/Unidade"
Edredão + almofada,Analar,Dim.: 160 x 220 cm,"19,99 €","19,99 €/Unidade"
Nestum aveia e maçã,Nestum,Embalagem de 250g,"3,29 €","4,39 €/Kg"
Bebida de soja e chocolate,PorSi Viva Bem,Embalagem de 1 l,"2,49 €","2,49 €/L"
Crepe chocolate,PorSi,Embalagem de 540g,"3,99 €","7,39 €/Kg"
Bastão de cola,Domédia,20 g,"2,19 €","109,50 €/L"
Café Moagem Universal Honduras,PorSi,Embalagem de 220g,"9,16 €/Kg","9,16 €/Kg"
Ice tea de pêssego,PorSi,Garrafa de 2 l,"1,90 €","1,27 €/L"
Queijo dop cura 4 meses fatias,Sao jorge,Embalagem de 400g,"2,42 €","9,69 €/Kg"
Doce quatro frutos,ST.DALFOUR,Frasco de 284g,"2,19 €","9,95 €/Kg"
Morangos 100% Naturais,PorSi,Embalagem de 750 g,"3,29 €","4,39 €/Kg"
Reptomin alimento para tartarugas,Tetra,Garrafa de 250 ml,"9,19 €","36,76 €/L"
Descafeinado em cápsulas Pianíssimo 10x5g,PorSi Select,Embalagem de 50g,"1,59 €","6,36 €/Kg"
Soja fina,PorSi Viva Bem,Embalagem de 400 g,"1,49 €","3,73 €/Kg"
Favas ultracongeladas,PorSi,Embalagem de 400g,"1,98 €","1,98 €/Kg"
Beira interior colheita 2013,Beyra,Garrafa de 0.75 l,"2,92 €/L","2,92 €/L"
Toalhitas Bebé Nature,PorSi,64 unidades,"1,09 €/Unidade","1,09 €/Unidade"
Bolachas com recheio de chocolate,PorSi,Embalagem de 3 x 250 g,"2,15 €","2,87 €/Kg"
Nestum flocos de cereais integrais,Nestum,Embalagem de 250g,"3,29 €","4,39 €/Kg"
Porto special reserva,Cruz,"garrafa de 0,75 l","10,99 €","14,65 €/L"
Agrafador pocket universal nº10,Maped,1 unidade,"1,29 €","1,29 €/Unidade"
Infusão de camomila,Tetley,Embalagem de 10g,"0,99 €","23,02 €/Kg"
Salmão posta ao natural,PorSi Select,Lata de 120 g,"9,08 €/Kg","9,08 €/Kg"
Cereais nesquik,Nestle,Embalagem de 625g,"5,07 €/Kg","5,07 €/Kg"
Creme de amendoim cremoso 340g,Skippy,Embalagem de 340g,"4,39 €","12,91 €/Kg"
Pensos clássicos,PorSi,20 unidades,"1,69 €","1,69 €/Unidade"
Vela com número 4,PorSi,1 unidade,"0,60 €","0,60 €/Unidade"
Pernil Fumado Ponte de Lima,PorSi,1 un = 800 gr (aprox.),"2,79 €","9,30 €/Kg"
Azeite virgem extra dop moura,PorSi Select,Embalagem de 0.75L,"3,29 €","4,39 €/L"
Iogurte pedaços frutas variadas,PorSi,Embalagem de 16 x 125 g,"4,38 €","2,19 €/Kg"
Licor Limoncello,Vila Massa,"Embalagem de 0,50 l","7,49 €","10,70 €/L"
Jarro Vidro,Anilar,Cap.: 1.2 L,"0,65 €","0,65 €/Unidade"
"Rebuçados sem açucar vita c, sabor citrinos",Halls,Embalagem de 32G,"0,77 €","3,85 €/Kg"
Espumoso grand reale dessert,Gancia,Garrafa de 750 ml,"3,99 €","5,32 €/L"
Queijo Flamengo Fatias,PorSi,Embalagem 500G,"1,96 €","9,80 €/Kg"
Salada de fruta em calda,PorSi,Embalagem de 3 x 220 g,"1,99 €","2,37 €/Kg"
Bloco Sanitário Poder Activo Pinho,Sonasol,Embalagem de 50 g,"37,36 €/Kg","37,36 €/Kg"
Acetona,PorSi,Embalagem de 200 ml,"1,89 €","9,45 €/L"
Bandas de cera axilas/bikini,Labell,Embalagem com 16 un. + 4 toalhitas de acabamento,"3,11 €","3,11 €/Unidade"
Pack de 3 embalagens de polpa de tomate,Compal,Embalagem de 630g,"3,84 €","24,00 €/Kg"
Molho 4 pimentas,PorSi,Embalagem de 120 ml,"0,87 €","2,90 €/Kg"
Lentilhas verdes,Cemporcent,Embalagem de 500g,"1,94 €","3,88 €/Kg"
Massa meada,PorSi,Embalagem de 500g,"0,99 €","1,98 €/Kg"
Tomate em pedaços,PorSi,Embalagem de 390g,"2,19 €","2,81 €/Kg"
Robalo limpo fresco,PorSi,Embalagem de 400g,"3,00 €","9,99 €/Kg"
Pipocas coloridas,Orcape,Embalagem de 100g,"0,79 €","7,90 €/Kg"
Creme vegetal sabor manteiga,PorSi,Embalagem de 500 g,"1,99 €","3,98 €/Kg"
Óleo alimentar,Vêgê,Embalagem de 1 l,"3,39 €","3,39 €/L"
Tablete de chocolate oreo,Milka,Embalagem de 300g,"5,30 €/Kg","5,30 €/Kg"
Snack para gato de galinha e pato,Catisfactions,Embalagem de 60g,"0,85 €","14,17 €/Kg"
Sementes de girassol,Cemporcent,Embalagem de 150 G,"1,39 €","9,27 €/Kg"
Fiambre da Perna Extra,PorSi,1 un = 150 gr (aprox.),"0,97 €","6,49 €/Kg"
Arroz basmati,Caçarola,Embalagem de 1 kg,"1,26 €","1,26 €/Kg"
Prato com naperon 30cm,PorSi,1 unidade,"1,19 €","1,19 €/Unidade"
Penso Higiénico Ultrafinos Normal Abas,PorSi,16 unidades,"2,59 €","2,59 €/Unidade"
Pudim de chocolate,Boca Doce,Embalagem de 20g,"0,59 €","29,50 €/Kg"
Flocos cereais chocolate,PorSi,Embalagem de 300g,"3,29 €","4,39 €/Kg"
Bolachas de aveia,Triunfo,Embalagem de 190g,"2,98 €","9,93 €/Kg"
Moscatel de setúbal,Pioneiro,Garrafa de 750 ml,"7,49 €","10,70 €/L"
Leite 0% lactose meio gordo,Mimosa,Embalagem de 200 ml,"0,99 €","0,99 €/L"
Tira nódoas oxy limpa a seco sem deixar manchas,PorSi,Embalagem de 200 ml,"3,99 €","5,70 €/L"
Frango Inteiro Grande,Frango,1 un = 1.6 kg (aprox.),"3,98 €","2,49 €/Kg"
Bombons praliné amêndoa,PorSi Select,100 g,"5,29 €","33,06 €/Kg"
Saco Carvão Especial Castanha,BBQ Lovers,Embalagem de 3 kg,"1,19 €","1,19 €/Unidade"
Barras de cereais nesquik,Nestle,Embalagem de 150g,"3,79 €","29,15 €/Kg"
Estojo redondo,PorSi,1 unidade,"14,90 €","14,90 €/Unidade"
Água sem gás,PorSi,Pack de 6 x 0.33 l,"0,75 €","0,13 €/L"
Amendoim com Casca,PorSi,Embalagem de 500g,"1,59 €","7,95 €/Kg"
Esponja mágica tira manchas e riscos,PorSi,Embalagem com 2 unidades,"0,79 €","0,79 €/Unidade"
8 rissóis de camarão,PorSi,Embalagem de 300g,"1,99 €","4,98 €/Kg"
Sumo essencial kids,Compal,pack 3 x 0.11 l,"2,29 €","6,94 €/L"
Lambrusco branco,Sorbello,Garrafa de 0.75 l,"2,09 €","2,79 €/L"
Gronola de aveia arandos/sementes,Nestle,Embalagem de 300g,"3,79 €","29,38 €/Kg"
Bolacha com aveia,PorSi,Embalagem de 300 g,"1,19 €","5,95 €/Kg"
Pistachios com sal,PorSi,Embalagem de 200g,"1,59 €","7,95 €/Kg"
Infusão hipericão,Cemporcent,Embalagem de 10 unidades,"0,99 €","76,15 €/Kg"
Vela com número nº 6,PorSi,1 unidade,"0,60 €","0,60 €/Unidade"
Farinha p/ bolos extra fina,Nacional,Embalagem de 1 kg,"1,49 €","1,49 €/Kg"
Leite Meio Gordo sem Lactose,Mimosa,Pack 4 x 200 ml,"0,99 €","0,99 €/L"
Farinha láctea,PorSi,Embalagem de 1 kg,"4,99 €","4,99 €/Kg"
Leite creme,PorSi,Embalagem de 2x135 g,"1,49 €","3,73 €/Kg"
Melancia Riscada,Fruta da Época,Vendido ao peso | 1 un = 4kg (aprox.),"2,48 €","0,99 €/Kg"
Néctar de pera rocha e framboesa do Oeste Algarve,Compal,1 litro,"0,99 €","0,99 €/L"
