Nome,Marca,Unidade,Preço Primário,Preço Secundário
Gin Beefeater Light,Beefeater,"Garrafa de 0,70 l","19,79 €","19,79 €/L"
Miolo de camarão 80/100,Pescanova,Embalagem de 350g,"8,99 €","25,69 €/Kg"
"Maionese, frasco",Hellmman's,Embalagem de 210g,"0,70 €","2,33 €/Kg"
Dourada Pequena,Peixe do Dia,"Vendido ao peso, de 200 a 600 g","6,49 €/Kg","6,49 €/Kg"
Saqueta de puré de fruta | maçã + banana + morango,PorSi,90 g,"0,74 €","8,22 €/Kg"
Spray optimal 7 cozinha,Ajax,500 ml,"1,29 €","1,72 €/L"
Leite de pastagem uht meio gordo,Milhafre,1 litro,"0,81 €","0,81 €/L"
Leite uht sem lactose meio gordo,PorSi Viva Bem,1 litro,"0,81 €","0,81 €/L"
"Fita apanha moscas, com 4 unidades",Neokill,4 unidades,"5,09 €","8,48 €/L"
Spray tira gorduras,Cillitbang,Garrafa de 500 ml,"1,19 €","0,79 €/L"
Recarga rolo tira pelos,PorSi,1 unidade,"1,09 €","1,09 €/Unidade"
Maxi folhado queijo/fiambre,Pastelaria do Dia,1 unidade = 125 g,"0,65 €","0,65 €/Unidade"
Tisana de chá verde/limão light,Pleno,"Garrafa de 1,5 l","1,14 €","0,76 €/L"
Camisola segunda pele 30D preto t. único,PorSi,1 unidade,"4,69 €","4,69 €/Unidade"
Azeite,PorSi,Garrafa de 1 l,"3,19 €","4,25 €/L"
Porto white,Ferreira,Garrafa de 750 ml,"11,99 €","15,99 €/L"
Biscoitos integrais sementes de agave,PorSi Viva Bem,Embalagem de 150g,"1,45 €","11,15 €/Kg"
Garrafa de Água desporto,Lock&Lock,cap.: 350 ml,"6,99 €","6,99 €/Unidade"
Polvilho doce,PorSi,Embalagem de 500g,"2,29 €","4,58 €/Kg"
Bebida energética ultra white,Monster,Garrafa de 500 ml,"5,39 €","5,39 €/L"
Toalhitas Sensitive |Recarga,Dodot,Pack: 4 x54 unidades,"0,90 €","0,90 €/Unidade"
Queijo vaca sem lactose,PorSi Viva Bem,250 g,"0,99 €","1,98 €/Kg"
Toalha de Mesa Anti Nódoas,VZT,Dim.: 150 x 150 cm,"13,99 €","13,99 €/Unidade"
Água Tónica Zero,Schweppes,Garrafa de 1 l,"5,39 €","5,39 €/L"
Telemóvel Vibra e Capta,Chicco,1 unidade,"25,95 €","25,95 €/Unidade"
Iogurte Pedaços Amoras/Mirtilo,PorSi,Embalagem 2X135 g,"4,36 €","2,18 €/Kg"
Iogurte infantil c/ drageias coloridas,PorSi,140 g,"1,05 €","1,86 €/L"
Chá de maçã e canela,Tetley,Embalagem de 20g,"58,00 €/Kg","58,00 €/Kg"
Ovos Frescos de Galinhas Criadas ao Ar Livre Classe:...,PorSi Bio,Embalagem com 6 unidades,"2,19 €","2,19 €/Unidade"
Papel higiénico compacto,PorSi,24 rolos,"1,99 €","1,99 €/Unidade"
Gel desinfetante casa de banho,Sonasol,Embalagem de 1.25 litros,"2,79 €","3,99 €/L"
Ração para gato esterilizado com peru,Friskies,Embalagem de 3 kg,"12,99 €","4,33 €/Kg"
Salsa em vaso,Aroma viva,Embalagem de 1 unidades,"0,99 €","19,80 €/Kg"
"Queijo light, 8 porções",A Vaca Que Ri,Embalagem de 140 g,"2,39 €","19,92 €/Kg"
"Abacaxi ""Avião"" categoria II",*,Vendido ao peso (1un = 1.5 kg aprox.),"2,50 €","1,25 €/Kg"
Tablete de chocolate negro,PorSi Select,200 g,"0,65 €","6,50 €/Kg"
Sobremesa banana/laranja/bolacha,Nestle,Embalagem de 4 x 100 g,"2,89 €","7,23 €/Kg"
Vinho tinto regional alentejano,Tapada do Barão,Garrafa de 0.75 l,"2,89 €","3,85 €/L"
Papel higiénico perfumado bouquet folha tripla,Foxy,4 + 2 rolos,"1,99 €","1,99 €/Unidade"
"Jogo ""Quem sou eu?""",Clementoni,1 unidade,"9,99 €/Unidade","9,99 €/Unidade"
Requeijão light,Saloio,Embalagem de 170g,"1,09 €","5,45 €/Kg"
Vinho doc douro tinto,Papa Figos,Garrafa de 0.75 l,"7,49 €","9,99 €/L"
"Vinho rosé, meio seco",Leziria,Garrafa de 750 ml,"4,29 €","5,72 €/L"
Água c/ gás groselha,Frize,pack 4 x 0.25 l,"2,85 €","2,85 €/L"
Whisky 15 anos c/caixa,J&B,Garrafa de 700 ml,"38,49 €","54,99 €/L"
Pacote maçã e pêssego,Nestle,Embalagem de 90 g,"0,74 €","8,22 €/Kg"
Pensos clássicos,PorSi,20 unidades,"2,86 €","2,86 €/Unidade"
8 hamburguers s/ glúten frango,Capitão Iglo,Embalagem de 480g,"2,79 €","8,72 €/Kg"
Gelatina zero % morango,Koala,Embalagem de 130g,"0,85 €","2,13 €/Kg"
Nestum 5 cereais,Nestum,Embalagem de 250g,"2,19 €","8,76 €/Kg"
Requeijao natural,Saloio,Embalagem de 170g,"1,09 €","5,45 €/Kg"
Queijo Brie M.Gorda 60%,President,Vendido ao peso a partir de 250 gr,"2,60 €","13,00 €/Kg"
Miolo de camarão cozido 40/60,Pescanova,Embalagem de 200 g,"8,99 €","25,69 €/Kg"
Chá barriguinha,PLANTANATU,Embalagem de 10 unidades,"1,19 €","79,33 €/Kg"
Limpa vidros recarga tripla ação,Ajax,Embalagem de 500 ml,"3,19 €","6,38 €/L"
Queijo cura especial barrado pimentão,Casteloes,500 g,"6,49 €","25,45 €/Kg"
Amaciador concentrado para roupa alfazema,PorSi,80 doses,"3,74 €","0,96 €/L"
"Forma papel para bolos, 10. 5cm",PorSi,Embalagem com 60 unidades,"0,54 €","0,54 €/Unidade"
Cebolinho,PorSi,Embalagem de 50g,"0,99 €","19,80 €/Kg"
Sumo essencial de pêssego,Compal,pack 3 x 0.11 l,"0,99 €","0,99 €/L"
Palitos superfinos,PorSi,Embalagem de 400 unidades,"1,50 €","1,50 €/Unidade"
Milho partido,Rac.zezere,Embalagem de 5 kg,"2,49 €","2,49 €/Kg"
10 nuggets de frango,Capitão Iglo,Embalagem de 210g,"2,79 €","8,72 €/Kg"
Ambientador sense e spray lavanda e jasmim,Glade,18 ml,"3,74 €","3,74 €/Unidade"
Néctar clássico laranja,Compal,Embalagem de 1 l,"0,99 €","0,99 €/L"
Desinfetante p/ Cozinha,Sanytol,Embalagem de 750 ml,"4,89 €","6,52 €/L"
Leite Bem Essencial Chocolate,Mimosa,Embalagem de 4 x 200 ml,"0,26 €","1,30 €/L"
"Coloração permanente, castanho claro cobre nº54",Nutrisse,1 unidade,"9,49 €/Unidade","9,49 €/Unidade"
Panado de espinafres e queijo vegetariano,Garden Gourmet,Embalagem de 180g,"1,89 €","6,30 €/Kg"
Feijão frade,Caçarola,Embalagem de 500 g,"2,78 €/Kg","2,78 €/Kg"
Guardanapos 2 folhas azul e dourado,PorSi Select,40 unidades,"1,29 €","1,29 €/Unidade"
Gelado magnum after dinner,Olá,Embalagem de 10 x 35 ml,"5,99 €","16,64 €/L"
Framboesa,PorSi,Embalagem com 125g,"2,19 €","17,52 €/Kg"
Sortido tradição,Frusel,Embalagem de 250 g,"1,89 €/Kg","1,89 €/Kg"
Mortadela de peru com azeitonas,PorSi,1 un = 150 gr (aprox.),"1,05 €","6,99 €/Kg"
Óleo de girassol,PorSi,garrafa de 3 litros,"3,39 €","3,39 €/L"
Rum Spiced,Captain Morgan,"Garrafa de 0,70L","17,49 €","24,99 €/L"
Chocolate negro com avelã e caramelo,Nestle,Embalagem com 115 g,"0,65 €","6,50 €/Kg"
Flocos de batata para puré,PorSi,Embalagem de 500g,"1,49 €","1,49 €/Kg"
Salsichas de porco,Nobre,Lata de 200g,"0,75 €","3,75 €/Kg"
Cebola Roxa,Programa Origens,1 un = 500 gr (aprox.),"0,89 €/Kg","0,89 €/Kg"
Fraldas Activity Extra T5 |13-19 kg,Dodot,48 Unidade,"6,49 €","6,49 €/Unidade"
Spray tira gorduras eco,PorSi,Garrafa de 750 ml,"0,79 €","0,79 €/L"
Conjunto Sensuelle,Coquette,EAU DE TOILETTE 100 ML + R-ON 10 ML,"12,99 €","12,99 €/Unidade"
Salsichão fuet caseiro,Elpozo,Embalagem de 150g,"0,95 €","9,49 €/Kg"
Salsichas frasco hot dog,PorSi,Embalagem 540G,"0,75 €","3,75 €/Kg"
Queijo de nisa dop,PorSi Select,1 unidade = 280g (aprox.),"2,87 €","15,94 €/Kg"
Pensos Higiénicos Ultra Air Dry C/ Abas,Ausonia,embalagem com 14 un.,"4,99 €","4,99 €/Unidade"
Lápis de cera,Giotto,embalagem com 12 unidades,"4,69 €","4,69 €/Unidade"
Iogurtes Corpos Danone Pedaços de Coco,Danone,Embalagem de 4 x 115 g,"4,36 €","2,18 €/Kg"
Refrigerante c/ gás ananás,Sumol,pack 4 x 1.25 l,"0,79 €","0,40 €/L"
Broa de Milho,Pão do Dia,1 unidade= 400 g,"0,19 €","2,38 €/Kg"
Óleo Performa C3 5W40 Sintético,Galp,Embalagem de 1 l,"14,99 €","14,99 €/L"
Detergente Manual de Loiça Rosa & Cetim,Fairy,Embalagem de 500 ml,"0,99 €","1,98 €/L"
Doce light alperce,PorSi,Embalagem de 340g,"3,59 €","10,26 €/Kg"
Água destilada,PorSi,Garrafão de 5 l,"1,09 €","1,09 €/Unidade"
Caramelos de fruta,PorSi,Embalagem de 250g,"1,10 €","4,40 €/Kg"
Linguas de gato,PorSi,Embalagem de 200 g,"0,69 €","3,45 €/Kg"
"Papel higiénico, seda, folha tripla, 4+2 rolos",Foxy,1 embalagem,"1,99 €","1,99 €/Unidade"
Amaciador concentrado spa,PorSi,80 doses,"3,74 €","0,96 €/L"
Xarope de chocolate zero,Prozis,Embalagem de 290g,"3,99 €","7,98 €/Kg"
Atum posta em óleo,General,Embalagem de 110g,"0,89 €","7,42 €/Kg"
Frutose,Cemporcent,Embalagem de 250g,"1,94 €","3,88 €/Kg"
"Vinho tinto regional, península de setúbal, bag-in-b...",Dom Campos,Garrafa de 5 l,"9,49 €","1,90 €/L"
Fraldas premium T4 - 9 a 15 kg,PorSi,50 unidades,"6,49 €","6,49 €/Unidade"
"Alimento para peixe, tetra gammarus",Tetra,Embalagem de 250 ml,"10,59 €","42,36 €/L"
Gin dry,Gordons,Garrafa de 700 ml,"19,79 €","19,79 €/L"
Feijao catarino,Caçarola,Embalagem de 500 g,"2,78 €/Kg","2,78 €/Kg"
Melão Verde,Programa Origens,Vendido ao peso | 1 un = 2.5 kg (aprox.),"2,79 €","2,79 €/Kg"
Mistura solúvel brasa,Nestle,Embalagem de 200g,"1,64 €","6,56 €/Kg"
Cogumelo Portobello Laminado,Legumes do Dia,embalagem de 300 g,"0,98 €","4,89 €/Kg"
Gelado magnum mini double framboesa,Olá,Embalagem de 6 x 60 ml,"5,99 €","16,64 €/L"
Mopa com cabo,PorSi,1 unidade,"0,89 €","0,89 €/Unidade"
Remove Insectos,PorSi,Embalagem de 1 l,"3,99 €","0,80 €/L"
Biscoitos brownies,PorSi,Embalagem de 230g,"0,90 €","6,00 €/Kg"
Iogurte Líquido Frutos Tropicais,PorSi,1 Embalagem 4X160G,"1,17 €","1,83 €/Kg"
Limpador,Pronto,Embalagem de 750 ml,"2,29 €","2,29 €/L"
"Refrigerante com gás, ananás",Sumol,"Garrafa de 1,25 l","0,79 €","0,40 €/L"
"Azeitonas pretas sem caroço, frasco de 165 g",PorSi,Embalagem de 165g,"1,79 €","2,29 €/Kg"
Refresco em pó de ananás,PorSi,Embalagem de 40 g,"0,75 €","18,75 €/Kg"
Baton sun protect fp30 hidrata e protege,Labello,1 un.,"3,99 €","3,99 €/Unidade"
Lixívia WC Gel Higienizante,Neoblanc,Embalagem de 700ml,"1,74 €","0,35 €/L"
Sobremesa Paturette Caramelo,Páturages,Embalagem de 4x115g,"0,99 €","1,65 €/Kg"
Comida húmida para gato duplo prazer com peixe do oc...,Gourmet Gold,Embalagem de 90g,"3,59 €","2,99 €/Kg"
Comida húmida para gato seleção de carnes,Gourmet mp,Embalagem de 300g,"3,59 €","2,99 €/Kg"
Vinho Vinha da Fonte Setúbal branco,Casa Ermelinda Freitas,Garrafa de 0.75 l,"5,99 €","7,99 €/L"
Farinha de trigo sem fermento t65,PorSi,Embalagem de 1 kg,"1,99 €","1,99 €/Kg"
Panquecas de aveia c/ proteína pepitas chocolate,Prozis,Embalagem de 400g,"11,99 €","29,98 €/Kg"
Lâmpada  iodo h1 12v 55w,Ecauto,1 unidade,"3,49 €","3,49 €/Unidade"
Bacalhau a bras,PorSi,Embalagem de 300g,"1,79 €","7,16 €/Kg"
Pai Natal de Chocolate,PorSi,Embalagem de 125 g,"18,50 €/Kg","18,50 €/Kg"
Bolachas cacau com recheio baunilha,PorSi,Embalagem de 176 g,"0,79 €","4,49 €/Kg"
Ice tea de pêssego,PorSi,Garrafa de 2 l,"1,14 €","0,76 €/L"
Refrigerante c/ gás laranja,Fanta,"Garrafa de 1,5 l","0,79 €","0,40 €/L"
Amaciador concentrado máquina roupa suprême glamour,Vernel,Embalagem de 1.05 l,"3,74 €","0,96 €/L"
Caju com piri-piri,Frutos secos,,"1,45 €","5,79 €/Kg"
Champanhe tradicional bruto,Delagne&fi,Garrafa de 750 ml,"34,99 €","46,65 €/L"
Queijo curado fatias sem lactose 2x150g,Casteloes,Embalagem de 2x150g,"1,56 €","7,80 €/Kg"
20 saquetas infusão limão gengibre,Lipton,Embalagem de 40g,"58,00 €/Kg","58,00 €/Kg"
Bola de Berlim chocolate,PorSi,85g,"0,30 €/Unidade","0,30 €/Unidade"
Água mineral sem gás,Serra de Fafe,Embalagem de 6x1.5 lt,"1,04 €","0,17 €/L"
Bebida de Soja Natural,PorSi Viva Bem,Pack: 3 x 200 ml,"2,49 €","2,49 €/L"
Lixívia para roupa tradicional,Neoblanc,Embalagem de 2 l,"2,19 €","1,10 €/L"
Bolacha tostada diet nature s/ açucares,Gullon,Embalagem de 400g,"1,45 €","11,15 €/Kg"
Bolacha dibus sharkies s/ glúten,Gullon,Embalagem de 250g,"1,89 €","15,75 €/Kg"
"Iogurte, sabor a morango",PorSi,Embalagem de 4 x 125 g,"1,87 €","1,25 €/Kg"
Café Solúvel Espresso Intenso,Nescafe,Embalagem de 100g,"1,45 €","14,50 €/Kg"
Sabão super,Clarim,Embalagem de 400g,"1,09 €","2,73 €/Kg"
Chouriço Extra do Ribatejo,PorSi,200 g,"1,22 €","6,78 €/Kg"
Mousse cabelo caracois,Labell,Embalagem de 200ml,"3,99 €","53,20 €/L"
Chourico vinho das beiras,PorSi,Embalagem de 280g,"1,22 €","6,78 €/Kg"
Creme marisco,Knorr,Embalagem de 70g,"0,84 €","13,55 €/Kg"
Iogurte magro natural,Longa vida,Embalagem de 6 x 120 g,"0,99 €","1,32 €/Kg"
Serpentinas,Mercagranel,Embalagem 20 Rolos,"0,59 €","0,59 €/Unidade"
Mousse limpeza refresh,Labell,Embalagem com 150ml,"12,48 €/L","12,48 €/L"
Toalhitas básico,Dodot,embalagem com 54 unidades,"0,90 €","0,90 €/Unidade"
Muesli tropical,Cemporcent,Embalagem de 500g,"0,69 €","1,73 €/Kg"
Sacos do lixo wc 5 litros,PorSi,30 sacos,"1,79 €","1,79 €/Unidade"
Óleo extra virgem de coco,Origensbio,Garrafa de 500 ml,"3,39 €","3,39 €/L"
Vinho Tinto Regional Península de Setúbal,Selecção de Enófilos,750 ml,"5,99 €","7,99 €/L"
Iogurte natural 0%,PorSi Viva Bem,Embalagem de 6 x 125 g,"0,99 €","1,98 €/Kg"
"Fraldas Dry Fit, 12-25kg - Tamanho 5",Chicco,Embalagem de 34 unidades,"6,49 €","6,49 €/Unidade"
Iogurte fruta batida morango,Mimosa,Embalagem de 480g,"1,49 €","2,98 €/Kg"
Pensos diários maxi,Carefree,Embalagem com 64 unidades,"1,79 €","1,79 €/Unidade"
Bolachas recheadas com morango e cheesecake,Oreo,Embalagem de 150g,"0,79 €","4,49 €/Kg"
Natas pasteurizadas para bater,Nestle,Embalagem de 200 ml,"0,75 €","3,75 €/L"
Iogurte pedaços frutimax frutos variados,PorSi,Embalagem de 8 x 125 g,"4,36 €","2,18 €/Kg"
Bolachas belgas manteiga,PorSi,Embalagem de 250g,"1,69 €","6,76 €/Kg"
Elixir Anti-Tartaro,Listerine,500 ml,"1,29 €","2,58 €/L"
Leite condensado,Nestle,Embalagem de 370g,"1,09 €","2,75 €/Kg"
Chá de frutos vermelhos,Tetley,Embalagem de 30g,"58,00 €/Kg","58,00 €/Kg"
"Queijo médio, metades",Casteloes,Embalagem de 580g,"6,49 €","25,45 €/Kg"
Tampões ProComfort Normal,O.B.,1 Embalagem c/32 unidades,"3,99 €","3,99 €/Unidade"
Lata de Brilho Preto,Búfalo,Embalagem de 75 ml,"0,99 €","19,80 €/L"
Esferográfica Cristal Azul,Bic,Embalagem com 10 un.,"2,49 €","2,49 €/Unidade"
"Água com gás, sabor limão",PorSi,"Embalagem de 6x0,25 l","2,85 €","2,85 €/L"
Iogurte activia líquido kiwi,Danone,Embalagem de 4 x 155 g,"2,49 €","5,19 €/Kg"
"Bolas de algodão, cores, com 100 unidades",PorSi,1 embalagem,"2,86 €","2,86 €/Unidade"
Balão Happy New Year,Codipostal,46 cm,"0,59 €","0,59 €/Unidade"
Infusão tília,Cemporcent,Embalagem de 10 unidades,"0,89 €","68,46 €/Kg"
Amaciador Roupa Concentrado Essência Sunfresh,Comfort,58 doses,"3,74 €","0,96 €/L"
Collant opac microfibra preto 60D,PorSi,Tamanho: xl,"1,89 €","1,89 €/Unidade"
Leite uht magro com rosca,PorSi,1 litro,"0,81 €","0,81 €/L"
Farelo de trigo,Cemporcent,Embalagem de 250g,"1,89 €","12,60 €/Kg"
Amaciador roupa concentrado lírios e morango,Comfort,50 doses,"3,74 €","0,96 €/L"
Pasta dentífrica branco intenso,Aquafresh,Embalagem de 75 ml,"2,29 €","38,17 €/L"
Molho iogurte,PorSi,Garrafa de 285 ml,"0,70 €","2,33 €/Kg"
Vinagre de vinho branco,Cristal,Garrafa de 750 ml,"0,35 €","0,70 €/L"
Melão Branco,Programa Origens,Vendido ao peso | 1 un = 2.5 kg (aprox.),"2,79 €","2,79 €/Kg"
Esfregona suave completa,Vileda,1 unidade,"0,89 €","0,89 €/Unidade"
Pasta de Arquivo Marmoreada S/ Caixa,Domédia,1 un.,"1,09 €","1,09 €/Unidade"
Oleo alimentar,PorSi,Garrafa de 1 l,"3,39 €","3,39 €/L"
Patê figado de porco,La piara,Embalagem de 80g,"1,19 €","13,52 €/Kg"
Iogurte sólido sem lactose multifrutos,Mimosa,Embalagem de 480g,"1,87 €","1,25 €/Kg"
"Lava tudo, vinagre",Cif,"Garrafa de 1,4 l","0,99 €","0,50 €/L"
"Agrafos nº24/6, 2000 unidades",Maped,Uma embalagem,"1,35 €","1,35 €/Unidade"
Porto ruby,Valadao,Garrafa de 750 ml,"5,99 €","7,99 €/L"
Adoçante comprimidos,PorSi,Embalagem de 250 saquetas,"5,99 €","23,96 €/Kg"
Limpa fornos,PorSi,500 ml,"1,29 €","1,72 €/L"
"Infusão de romã/framboesa, 20 saquetas",Tetley,Embalagem de 40g,"0,89 €","68,46 €/Kg"
Café solúvel clássico,Nescafe,Embalagem de 200g,"1,45 €","14,50 €/Kg"
Licor triple seco 16%,Olaias,Garrafa de 1 l,"16,99 €","24,27 €/L"
Vinagre balsâmico de modena gourmet,Gallo,Garrafa de 250 ml,"0,35 €","0,70 €/L"
Batata frita palha,Pala-pala,Embalagem de 250g,"0,87 €","5,44 €/Kg"
Buondi extreme cafe moido 12x200g,Buondi,Embalagem de 200g,"3,49 €","13,96 €/Kg"
Lapiseira Velocity + 12minas,Bic,1 unidade,"2,49 €","2,49 €/Unidade"
Gelado magnum pint amêndoas,Olá,Embalagem de 440 ml,"2,62 €","2,62 €/L"
Lombos de tamboril,PorSi,1 unidade = 275g (aprox.),"1,92 €","6,99 €/Kg"
Iogurte oikos natural,Danone,Embalagem de 4 x 110g,"1,49 €","2,98 €/Kg"
Gelatina de morango,Koala,Embalagem de 130g,"0,85 €","2,13 €/Kg"
Tarteletes morango doses 192g,Vieira,Embalagem de 190g,"0,79 €","5,27 €/Kg"
Bolachas maria,PorSi,Embalagem de 200g,"1,69 €","2,11 €/Kg"
Creme de amendoim cremoso 340g,Skippy,Embalagem de 340g,"4,19 €","12,32 €/Kg"
Bife da Alcatra,Novilho,1 un = 200 gr (aprox.),"2,62 €","10,49 €/Kg"
Gelado sandwich nata/chocolate,PorSi,Embalagem de 6x100 ml,"5,99 €","16,64 €/L"
"Patê de sardinha,atum e salmão",PorSi,Embalagem de 4 x 22 g,"1,19 €","13,52 €/Kg"
Bol. chip choco s/gluten 130g,Gullon,Embalagem de 130g,"2,69 €","20,69 €/Kg"
Champô Purificante,Pantene,640ml,"5,59 €","13,98 €/L"
Gestos,Hasbro,1 un.,"23,99 €/Unidade","23,99 €/Unidade"
Crack.c/sal na superficie 560g,GRAN PAVES,Embalagem de 560g,"0,39 €","3,12 €/Kg"
Aditivo em pó máquina pink,Vanish,Embalagem de 1.2 kg,"9,99 €","33,30 €/L"
Sacos do lixo jardim 130 litros,PorSi,10 sacos,"1,79 €","1,79 €/Unidade"
Massa macarronete riscado,PorSi,Embalagem de 500g,"0,89 €","1,78 €/Kg"
Super tea detox com selénio,Tetley,Embalagem de 40g,"58,00 €/Kg","58,00 €/Kg"
Collant mousse muskade 20D,PorSi,Tamanho: l,"1,89 €","1,89 €/Unidade"
Paturette croc choc bill,Páturages,Embalagem de 4x117g,"1,49 €","3,73 €/Kg"
Manteiga de amendoim cremosa,Prozis,Embalagem de 500g,"4,19 €","12,32 €/Kg"
Rolinhos black&white 71 grs,Vahine,Embalagem de 65g,"1,29 €","3,23 €/Kg"
Pescoços,Frango,1 un = 200 gr (aprox.),"0,50 €","4,99 €/Kg"
Vinho maduro tinto,Alto de Pias,Garrafa de 5 l,"8,89 €","1,78 €/L"
Anti-traça Maçã Verde,Dum Dum,2 unidades,"5,99 €","176,18 €/Kg"
Big burger frango,Capitão Iglo,Embalagem de 230g,"3,53 €","8,83 €/Kg"
Amaciador para roupa concentrado jasmim e maçã verde,Quanto,76 doses,"3,74 €","0,96 €/L"
Ovos | Classe: M,Ovitae,24 unidades,"1,39 €","1,39 €/Unidade"
Queijinho yoco suissi maxi de morango e banana,Nestle,Embalagem de 4 x 90 g,"1,05 €","1,86 €/L"
Camarão cozido 60/95,PorSi,Vendido ao peso a partir de 500 g,"7,00 €","19,99 €/Kg"
Mortadela de peru fatiada,PorSi,Embalagem de 200g,"1,05 €","6,99 €/Kg"
Polvilho azedo,PorSi,Embalagem de 500g,"2,29 €","4,58 €/Kg"
Queijo flamengo em fatias,Terra Nostra,Embalagem de 200g,"1,56 €","7,80 €/Kg"
Chispalhada com feijão,Nobre,Embalagem de 420g,"2,35 €","5,60 €/Kg"
Amaciador concentrado máquina roupa suprême romance,Vernel,Embalagem de 1.05 l,"3,74 €","0,96 €/L"
Senses Watermelon,Trident,1 un.,"0,89 €","59,33 €/Kg"
Leite uht gordo com rosca,PorSi,Embalagem de 1 litro,"0,94 €","0,94 €/L"
Manteiga c/ sal,Mimosa,Embalagem de 250g,"1,69 €","6,76 €/Kg"
Lenços de bolso kids,Renova,Embalagem sortida com 8 unidades + 2 grátis,"0,89 €","0,89 €/Unidade"
Lula limpa,Pescanova,Embalagem de 450g,"4,39 €","10,98 €/Kg"
10 croquetes de carne,PorSi,Embalagem de 300 g,"1,79 €","7,16 €/Kg"
Limpa injetores gasolina,PorSi,Embalagem de 250 ml,"14,99 €","14,99 €/L"
Gelado menta & chocolate,PorSi,embalagem de 1 l,"2,62 €","2,62 €/L"
Babete Maleavel,Tigex,1 unidade,"5,99 €","5,99 €/Unidade"
Manteiga de cabra,Gr.fermage,Embalagem de 125g,"1,69 €","6,76 €/Kg"
Panado de espinafres e queijo vegetariano,Garden Gourmet,Embalagem de 180g,"9,30 €/Kg","9,30 €/Kg"
Profiteroles de nata,PorSi Select,Embalagem de 330 g,"2,49 €","7,55 €/Kg"
Café em grão 5 estrelas,Sical,Embalagem de 250g,"9,16 €/Kg","9,16 €/Kg"
Crackers c/ sal superficie,GRAN PAVES,Embalagem de 250g,"0,39 €","3,12 €/Kg"
Pudim de caramelo,Boca Doce,Embalagem de 20g,"0,59 €","29,50 €/Kg"
8 fantasias do mar,PorSi,Embalagem de 250g,"1,79 €","7,16 €/Kg"
Tomate 67/82,Legumes do Dia,1 un = 200 gr (aprox.),"0,87 €","3,49 €/Kg"
12 Caldos de carne,PorSi,Embalagem de 127 g,"3,84 €","24,00 €/Kg"
Adoçante liquido,PorSi,Garrafa de 125 ml,"5,99 €","23,96 €/Kg"
Batata Nova a Granel,Vitacress,1 un = 250 gr  (aprox.),"0,89 €/Kg","0,89 €/Kg"
Iogurte Oikos de Ananás,Danone,Embalagem de 4x110g,"1,49 €","2,98 €/Kg"
Livro Plim! Aprendo e Pratico Frações 3º Ano,Leya,1 unidade,"5,31 €","5,31 €/Unidade"
Abóbora Menina Programa Origens,PorSi,1 un= 1 kg (aprox.),"0,79 €/Kg","0,79 €/Kg"
Pringles sour cream & onion,Pringles,Embalagem de 175g,"1,19 €","6,43 €/Kg"
Queijo ovelha curado amanteigado,Seia,Embalagem de 250g,"15,96 €/Kg","15,96 €/Kg"
Maçã starking 60/65 categoria II Programa Origens,PorSi,Embalagem de 1.5 kg,"1,69 €/Kg","1,69 €/Kg"
Iogurte mix-in smarties morango,Nestle,Embalagem de 2 x 128 g,"1,05 €","1,86 €/L"
Soja fina,Cemporcent,Embalagem de 400g,"1,89 €","12,60 €/Kg"
Refrigerante c/ gás zero,Coca-Cola,pack 4 x 1 l,"0,79 €","0,40 €/L"
Manteiga com sal,Milhafre,Embalagem de 250g,"1,69 €","6,76 €/Kg"
Granola + classica,Cemporcent,Embalagem de 375g,"1,94 €","3,88 €/Kg"
Bolachas Maria sem Açúcar,Vieira de Castro,Embalagem de 300 g,"1,69 €","2,11 €/Kg"
Cogumelo Portobello Pequeno,Legumes do Dia,embalagem de 300 g,"0,98 €","4,89 €/Kg"
Ração para gato adulto de interior,Friskies,Embalagem de 3 kg,"12,99 €","4,33 €/Kg"
Jogo caça ao tesouro,Clementoni,1 unidade,"9,99 €/Unidade","9,99 €/Unidade"
Leite de pastagem biológico meio gordo,Milhafre,1 litro,"1,29 €","1,29 €/L"
Gogo SqueeZ Snack Pêssego,Gogo,Embalagem de 90g,"2,29 €","6,94 €/L"
Porto ruby,Ferreira,Garrafa de 750 ml,"5,99 €","7,99 €/L"
Strudel de maçã,PorSi,Embalagem de 550 g,"2,49 €","7,55 €/Kg"
Bolacha de manteiga belga original,Saborosa,Embalagem de 220g,"1,69 €","6,76 €/Kg"
"Vinagre balsâmico, spray",Paladin,Garrafa de 250 ml,"0,35 €","0,70 €/L"
Vinho DOC Bairrada Tinto,Marquês de Marialva,Garrafa de 0.75 l,"2,49 €","3,32 €/L"
Vegalia especialidade vegetariana de soja,Nobre,Lata com 8 unidades,"2,09 €","8,36 €/Kg"
Sabonete original,Palmolive,Embalagem de 4x90 g,"1,99 €","12,44 €/Kg"
20 saquetas chá de baunilha c/ caramelo,Lipton,Embalagem de 40g,"58,44 €/Kg","58,44 €/Kg"
Batata Branca miúda,Legumes do Dia,Embalagem de 1 kg (aprox.),"0,89 €/Kg","0,89 €/Kg"
Danacol morango,Danone,Embalagem de 6 x 100 g,"4,15 €/Kg","4,15 €/Kg"
Desodorizante roll-on Invisible,Rexona,Embalagem de 50ml,"1,39 €","6,95 €/L"
Bolachas digestive finas de chocolate negro,Triunfo,Embalagem de 170 g,"0,79 €","5,27 €/Kg"
Adoçante à base de sucralose em pó,PorSi,Embalagem de 90g,"5,99 €","23,96 €/Kg"
Creme de cenoura,PorSi,Embalagem de 400 g,"1,99 €","2,49 €/Kg"
"Coloração permanente, castanho dourado, nº43",Nutrisse,1 unidade,"9,49 €/Unidade","9,49 €/Unidade"
Baguete,*,400 g,"0,19 €","2,38 €/Kg"
Creme vegetal para barrar de chocolate,Tulicreme,Embalagem de 200g,"4,19 €","12,32 €/Kg"
Fruta Compal Essencial Laranja,Compal,pack de 3 x 110 ml,"2,29 €","6,94 €/L"
Gelatina melancia 10kcal 31g,Royal,Embalagem de 30g,"0,55 €","61,11 €/Kg"
Vinho maduro tinto doc alentejo reserva,Albarrada,Garrafa de 75 cl,"2,89 €","3,85 €/L"
Cereais corn flakes s/ glúten chocolate,Nestle,Embalagem de 380g,"2,99 €","7,97 €/Kg"
Sombrinhas decorativas,PorSi,Embalagem com 25 unidades,"0,59 €","0,59 €/Unidade"
Álcool canforado 85%,PorSi,Embalagem de 250 ml,"2,86 €","2,86 €/Unidade"
Alimento seco p/ cão sénior,HappyOne,Embalagem de 4 kg,"22,99 €","1,15 €/Kg"
Jogo Operação,Hasbro,1 unidade,"9,99 €/Unidade","9,99 €/Unidade"
Azeite Subtil,Gallo,Garrafa de 750 ml,"3,19 €","4,25 €/L"
Grelos,Bonduelle,Embalagem de 400 g,"1,49 €","1,49 €/Kg"
Sumo 100% pêssego e uva,PorSi,Pack 3 x 200 ml,"1,09 €","0,73 €/L"
Pão de Ló Real,Pastelaria do Dia,600 g,"8,99 €","11,24 €/Kg"
"Esfregona, algodão, completa",PorSi,1 unidade,"0,89 €","0,89 €/Unidade"
Guardanapos,PorSi,,"1,29 €","1,29 €/Unidade"
Requeijão de vaca,PorSi,Embalagem de 200 g,"1,09 €","5,45 €/Kg"
Gengibre,Legumes do Dia,1 un = 100 gr (aprox.),"0,62 €","2,49 €/Kg"
Manteiga com sal e sem lactose,Mimosa,Embalagem de 250g,"1,69 €","6,76 €/Kg"
"Limpa vidros cristal, pistola",PorSi,Embalagem de 1 l,"3,19 €","6,38 €/L"
Leite com sabor a baunilha proteína,Yopro,Garrafa de 330 ml,"2,15 €","9,77 €/L"
Queijo mozzarela ralado,Valformoso,Embalagem de 150g,"1,49 €","7,45 €/Kg"
"Jogo ""Gira a Garrafa""",Concentra,1 unidade,"9,99 €/Unidade","9,99 €/Unidade"
Soja grossa,Cemporcent,Embalagem de 400g,"2,09 €","8,36 €/Kg"
Sabao rosa e branco,PorSi,Embalagem de 400g,"1,09 €","2,73 €/Kg"
Creme Depilatório Duche Men Peles Normais,Veet,Embalagem com 150 ml,"10,99 €","73,27 €/L"
Brandy,Croft,Garrafa de 1 l,"11,99 €","17,13 €/L"
Fralda Cueca Extra Tamanho 3,Dodot,Embalagem com 64 uni.,"8,49 €","8,49 €/Unidade"
Recargas ambientador elétrico sensual sandalwood & j...,Glade,Embalagem de 2 x 20 ml,"11,98 €","11,98 €/Unidade"
Perolas perfumadas fresh,PorSi,Embalagem de 275 g,"29,99 €","7,06 €/L"
Tira gorduras pistola,Mistolin,Garrafa de 550 ml,"4,89 €","6,52 €/L"
Creme vegetal sabor manteiga,PorSi,Embalagem de 500 g,"1,39 €","6,95 €/L"
Lâmpada tubulares 12v 5w,Ecauto,1 unidade,"3,49 €","3,49 €/Unidade"
Granulado PH menos,Gre,1.5 kg,"2,99 €","2,99 €/Unidade"
Sopa de legumes,PorSi,800 g,"1,99 €","2,49 €/Kg"
Iogurte liquido proteína yopro baunilha/cookies,Yopro,300 g,"5,97 €/Kg","5,97 €/Kg"
Vinagre de vinho tinto,PorSi,Garrafa de 500 ml,"0,35 €","0,70 €/L"
Salada Ibérica Programa Origens,PorSi,Embalagem de 150 g,"0,99 €","0,99 €/Kg"
"Esquadro, 21 cm 60.",Domédia,1 unidade,"4,69 €","4,69 €/Unidade"
Barras de cereais de trigo integral com chocolate e ...,Nestle,Embalagem de 135 g,"1,29 €","10,24 €/Kg"
Gel WC Desincustrante,Neoblanc,Embalagem de 700 ml,"2,79 €","3,99 €/L"
Laboratório Mecânica Camião de Mina,Clementoni,1 unidade,"9,99 €/Unidade","9,99 €/Unidade"
Cocktail de marisco,PorSi,Embalagem de 400 g,"2,19 €","8,59 €/Kg"
Amendoas em po saq.125g,Vahine,Embalagem de 130g,"1,29 €","3,23 €/Kg"
Toalhitas multiusos limão,PorSi,Embalagem de 80 unidades,"1,79 €","1,79 €/Unidade"
Lombo s/ Osso,Porco,Vendido ao peso a partir de 1 kg,"4,89 €","4,89 €/Kg"
Tomate frito,Heinz,Embalagem de 350g,"3,84 €","24,00 €/Kg"
Cobertura de tartes,Vahine,Embalagem de 20g,"1,29 €","3,23 €/Kg"
Pães de leite,s. tomé,Embalagem de 300 g,"2,59 €","7,40 €/Kg"
Chá gordura localizada,PLANTANATU,Embalagem de 10 unidades,"1,19 €","79,33 €/Kg"
Óleo para travões,Redex,Embalagem de 250 ml,"14,99 €","14,99 €/L"
Queijo ralado mix 3 queijos,PorSi,Embalagem de 200 g,"1,49 €","7,45 €/Kg"
Bolachas vitalday recheio avelã,Gullon,Embalagem de 220g,"2,82 €","9,40 €/Kg"
"Vela em número, nº 8",PorSi,1 unidade,"0,60 €","0,60 €/Unidade"
Arroz agulha,Cigala,Embalagem de 1 kg,"0,99 €/Kg","0,99 €/Kg"
Buondi café em grão,Buondi,Embalagem de 220g,"9,16 €/Kg","9,16 €/Kg"
"Postas pescada nº3, para fritar",PorSi,Embalagem de 600 g,"4,39 €","10,98 €/Kg"
"Pimenta preta, moída, em frasco",PorSi,Embalagem de 43 g,"0,25 €","0,25 €/Kg"
Refresco pó laranja,PorSi,Embalagem de 40g,"0,75 €","18,75 €/Kg"
Leite condensado cozido,Nestle,Embalagem de 400g,"1,09 €","2,75 €/Kg"
Macarronete integral,Cemporcent,Embalagem de 250g,"1,94 €","3,88 €/Kg"
Bolachas integrais,PorSi,Embalagem de 200g,"0,98 €","3,27 €/Kg"
"Briquetes madeira, 12 unidades",Nova lenha,1 embalagem,"4,99 €","4,99 €/Unidade"
Boneca Caty 85 cm,Vicam,1 unidade,"23,99 €","23,99 €/Unidade"
Sementes de linhaça,Cemporcent,Embalagem de 250G,"1,89 €","3,78 €/Kg"
Pisa a Caca,Hasbro,,"17,99 €/Unidade","17,99 €/Unidade"
Papel vegetal 8m,Vileda,1 unidade,"1,11 €","1,11 €/Unidade"
Camarão Tigre 20/30 Congelado,Nossa seleção,,"2,00 €","7,99 €/Kg"
Pães de leite redondos,s. tomé,Embalagem de 300 g,"2,59 €","7,40 €/Kg"
Vinho regional tejo 3 castas tinto,Fiuza,Garrafa de 750 ml,"4,99 €","6,65 €/L"
Gel Intimo Suave,Corine de Farme,250 ml,"0,59 €","5,90 €/L"
Farinha de soja,Cemporcent,Embalagem de 500g,"2,09 €","8,36 €/Kg"
Fiambre da pá fatiado,PorSi,200 g,"0,97 €","6,49 €/Kg"
"Rolos cozinha absorção Ultra, Maxi, 2 rolos",Foxy,1 embalagem,"4,99 €","4,99 €/Unidade"
Peito peru forno lenha fatias finas,Campofrio,Embalagem de 120g,"2,25 €","11,25 €/Kg"
Tremoço médio,PorSi,Embalagem de 350 g,"1,79 €","2,29 €/Kg"
Knorr sopa gourmet b.doce e abobora 49gr,Knorr,Embalagem de 70g,"0,84 €","13,55 €/Kg"
Rolo de cozinha XXL,PorSi,1 rolo,"4,99 €","4,99 €/Unidade"
Creme calçado preto bisnaga,Búfalo,50 ml,"0,99 €","19,80 €/L"
Gelatina mirtilo 10kcal 31g,Royal,Embalagem de 30g,"0,55 €","61,11 €/Kg"
Peito de peru forno a lenha,Primor,"Vendido ao peso, fatiado a partir de 100 gr","2,25 €","11,25 €/Kg"
Corn flakes sem açúcar bio,Origensbio,Embalagem de 250 g,"1,49 €","2,98 €/Kg"
Queijo flamengo 0% lactose,PorSi Viva Bem,Embalagem de 150 g,"0,99 €","1,98 €/Kg"
Gin London Dry,Gordons,Garrafa de 1 l,"19,79 €","19,79 €/L"
"Pasta dentífrica, dentes/gensivas sensitive",Labell,Embalagem de 75 ml,"2,29 €","38,17 €/L"
Óleo Performa 5W40 Sintetico,Galp,Embalagem de 5 l com oferta limpa vidros Ecauto 5L,"14,99 €","14,99 €/L"
Caldo Verde,Sopas Portuguesas,Embalagem de 400 ml,"1,99 €","2,49 €/Kg"
Vinagre de sidra,Cristal,Garrafa de 500 ml,"0,35 €","0,70 €/L"
Tortitas de milho sem sal,PorSi Viva Bem,Embalagem de 130g,"0,79 €","7,90 €/Kg"
Chispe da Perna,Porco,1 un = 800 gr (aprox.),"4,89 €","4,89 €/Kg"
Rolo de cozinha reciclado,PorSi,4 rolos,"4,99 €","4,99 €/Unidade"
"Bloco de desenho A4, 24 folhas",Domédia,1 unidade,"1,69 €","1,69 €/Unidade"
Néctar clássico tutti-frutti,Compal,Embalagem de 1 l,"0,99 €","0,99 €/L"
Maracujá Roxo,Fruta da Época,1 un = 250 gr  (aprox.),"1,89 €/Kg","1,89 €/Kg"
Gelado viennetta morango,Olá,Embalagem de 650 ml,"2,62 €","2,62 €/L"
Sabonete glicerina natural,Palmolive,Embalagem de 90 g,"1,99 €","12,44 €/Kg"
Iogurte sólido sem lactose natural açucarado,Mimosa,Embalagem de 480g,"0,99 €","1,98 €/Kg"
Estojo bebé,Bebéconfort,1 unidade,"24,99 €","24,99 €/Unidade"
Batata frita lisas originais,Lay's,Embalagem de 160g,"1,06 €","5,73 €/Kg"
Batatas fritas lisas originais,Lay's,Embalagem de 282g,"1,06 €","5,73 €/Kg"
12 Preservativos Adapta Finíssimo XL,Control,,"4,49 €","4,49 €/Unidade"
Loção corporal,Nivea,Embalagem de 400 ml,"12,48 €/L","12,48 €/L"
Vela com número nº 3,PorSi,1 unidade,"0,60 €","0,60 €/Unidade"
Alimento húmido para cão borrego,Pedigree,Embalagem de 300g,"0,75 €","2,50 €/Kg"
Bebé Feliz Aniversário,Nenuco,1 unidade,"17,99 €/Unidade","17,99 €/Unidade"
Saqueta de puré de fruta | maçã + pêssego + banana +...,PorSi,90 g,"0,74 €","8,22 €/Kg"
Chocolate em pó 70% cacau,STARBUCKS,Embalagem de 300g,"8,59 €/Kg","8,59 €/Kg"
Whisky,Cutty Sark,Garrafa de 700 ml,"23,49 €","23,49 €/L"
Bolachas com cobertura de chocolate,PorSi,Embalagem de 150g,"0,79 €","5,27 €/Kg"
"Pães de leite, embalagem de",PorSi,Embalagem de 210g,"2,59 €","7,40 €/Kg"
Folhado de pizza,*,110 g,"0,65 €","0,65 €/Unidade"
10 Hambúrgueres de porco,PorSi,Embalagem de 600g,"2,79 €","8,72 €/Kg"
Manhãzitos® mini,Manhazitos,Embalagem de 84g,"2,05 €","5,13 €/Kg"
Arroz Risotto,PorSi,Embalagem de 1 kg,"0,99 €/Kg","0,99 €/Kg"
Creme para barrar,Nutella,Embalagem de 600g,"4,19 €","12,32 €/Kg"
"Spray depilatório, peles sensiveis",Veet,Garrafa de 150 ml,"10,99 €","73,27 €/L"
Amaciador concentrado spa,PorSi,80 doses,"3,99 €","3,99 €/Unidade"
Cuecas de incontinência Plus G,Ausonia,Uma embalagem - 8Unidades,"9,99 €","9,99 €/Unidade"
Cãozinho,Baby Clementoni,1 unidade,"17,99 €/Unidade","17,99 €/Unidade"
Bolachas com cobertura de chocolate de leite,Oreo,Embalagem de 250g,"0,79 €","4,49 €/Kg"
Peluche Unicórnio Interativo,Baby Clementoni,unidade,"23,99 €","23,99 €/Unidade"
"Vinho Douro, Private Collection, Tinto",Selecção de Enófilos,Garrafa de 0.75 l,"5,99 €","7,99 €/L"
Iogurte batido magro com mirtilos sem lactose,Mimosa,4 x 120 g,"0,99 €","1,32 €/Kg"
Vela em número nº4,PorSi,1 unidade,"0,60 €","0,60 €/Unidade"
Queijo snack gouda,PorSi,Embalagem de 100g,"1,56 €","7,80 €/Kg"
Néctar light de manga/laranja,Compal,Pack 3 x 200 ml,"0,84 €","2,55 €/L"
Bombons Caixa Dourada c/ Laço,Belgian,Embalagem de 100G,"2,99 €","29,90 €/Kg"
Limpa carpetes,PorSi,Embalagem de 1 litro,"1,79 €","2,39 €/L"
Gel de Banho Orquídea & Cashmere Extract,Nivea,Embalagem de 750 ml,"6,49 €","8,65 €/L"
Sangria tinta,PorSi,Garrafa de 1.5 litros,"2,39 €","1,59 €/L"
Poncho,Patrulha Pata,1 unidade,"0,99 €","0,99 €/Unidade"
Bolacha maria junior doces,Vieira,Embalagem de 280g,"1,89 €","15,75 €/Kg"
Noodle banzai galinha,Cigala,Embalagem de 70g,"0,89 €","1,78 €/Kg"
Fralda Cueca de Banho 12 a 18 kg,Huggies,Embalagem com 11 un.,"8,49 €","8,49 €/Unidade"
Creme de Mãos Intensivo,Nivea,Embalagem de 100 ml,"1,03 €","10,30 €/L"
Sacos cubos de gelo fecho manual,PorSi,Embalagem com 10 unidades,"1,11 €","1,11 €/Unidade"
Recarga mopa Descartável,Vileda,Pack 24 + 6 Grátis,"2,99 €","2,99 €/Unidade"
Água com gás sabor a tangerina,Frize,"Pack 4x 0,25l","2,85 €","2,85 €/L"
Coissant Folhado,*,50g,"0,30 €/Unidade","0,30 €/Unidade"
Bolachas mini chips ahoy,Ca!,Embalagem de 160g,"0,90 €","6,00 €/Kg"
Peito de frango fatias finas,Nobre,Embalagem de 110g,"2,25 €","11,25 €/Kg"
Sacos do Lixo Style 30 L,Vileda,1 embalagem,"1,79 €","1,79 €/Unidade"
Topping de morango,Winsenia,Embalagem de 300g,"1,29 €","3,23 €/Kg"
After shave bálsamo sensitive,Labell Men,Embalagem de 100 ml,"1,16 €","4,64 €/L"
Cerveja sagres,Sagres,20 x 0.25 l,"1,99 €/L","1,99 €/L"
Lava Tudo Amoniacal,Sonasol,4 litros,"0,99 €","0,50 €/L"
Amaciador para cabelos pintados,Labell,Embalagem de 200 ml,"1,00 €","5,00 €/L"
Caldo verde sem batata,PorSi Viva Bem,Embalagem de 400 g,"1,99 €","2,49 €/Kg"
"Alimento húmido para gato júnior, carne",Whiskas,Embalagem de 400g,"3,59 €","2,99 €/Kg"
Pão Regional Rio Maior Inteiro,Pão do Dia,1 unidade= 450 g,"0,19 €","2,38 €/Kg"
Ice tea limão,Lipton,Embalagem de 1L,"1,14 €","0,76 €/L"
Sementes de chia,Cemporcent,Embalagem de 150G,"1,89 €","3,78 €/Kg"
Pensos Higiénicos Cottonlike Normal Abas,Evax,embalagem de 16 unidades,"4,99 €","4,99 €/Unidade"
20 saquetas chá yellow label,Lipton,Embalagem de 30g,"58,44 €/Kg","58,44 €/Kg"
Insecticida Casa e Plantas,Raid,400 ml,"5,49 €","13,73 €/L"
Adubo Liquido,Amaflora,475 ml,"4,69 €","9,87 €/L"
Mel em frasco de vidro,PorSi,Embalagem de 250g,"4,89 €","9,78 €/Kg"
Peito de peru fatias,PorSi,Embalagem de 150g,"2,25 €","11,25 €/Kg"
Braçadeiras Patrulha Pata,Mondo,1 Embalagem,"2,99 €","2,99 €/Unidade"
Sabonete líquido desinfetante hidratante,Sanytol,Embalagem de 250 ml,"1,09 €","2,18 €/L"
Alimento seco p/ cão alta energia c/ frango,HappyOne,Embalagem de 4 kg,"22,99 €","1,15 €/Kg"
Amaciador roupa concentrado rubi,Quanto,76 doses,"3,74 €","0,96 €/L"
Creme para calçado castanho,PorSi,50 ml,"0,99 €","19,80 €/L"
28 mini bolinhas bacalhau,PorSi,Embalagem de 300 g,"1,79 €","7,16 €/Kg"
Água s/ gás limão,Luso,Garrafa de 1 l,"1,04 €","0,17 €/L"
Batatas fritas ketchup,Ruffles,Embalagem de 150g,"1,19 €","6,43 €/Kg"
"Escova dentes, slim soft, média",Colgate,1 unidade,"3,49 €","3,49 €/Unidade"
Shampo repelente p/ cão,Repul' 7,Garrafa de 200 ml,"11,98 €","59,90 €/L"
Refrigerante C/ Gás Zero,Coca-Cola,Garrafa de 1 l,"0,79 €","0,40 €/L"
Salsichão Nobreza,Elpozo,vendido ao peso,"0,95 €","9,49 €/Kg"
Iogurte aroma 0% tutti fruti/coco,Longa vida,Embalagem de 6 x 120 g,"0,99 €","1,32 €/Kg"
Whisky 10 anos,Bushmills,Garrafa de 700 ml,"38,49 €","54,99 €/L"
Piaçaba com suporte,PorSi,1 unidade,"6,99 €","27,96 €/Kg"
Filetes de atum dos Açores em azeite c/ orégãos,PorSi Select,190 g,"0,89 €","7,42 €/Kg"
Leite pastagem uht terra nostra inteiro,Terra Nostra,Garrafa de 1 l,"0,99 €","0,99 €/L"
Papa infantil láctea banana laranja +6 meses,Cerelac,Embalagem de 250g,"4,49 €","4,49 €/Kg"
Pedras limão,P.salgadas,Garrafa de 1 l,"2,85 €","2,85 €/L"
Bolachas marinheiras chia,Cemporcent,Embalagem de 200g,"1,45 €","11,15 €/Kg"
Iogurte pedaços morango,PorSi,Embalagem de 4x125g,"4,36 €","2,18 €/Kg"
Gressinos com azeite,PorSi,Embalagem de 250g,"2,39 €","6,83 €/Kg"
Pasta dentífrica herbal branqueadora,Colgate,Embalagem de 75 ml,"2,29 €","38,17 €/L"
Iogurte sólido sem lactose multifrutos,Mimosa,Embalagem de 480g,"0,99 €","1,98 €/Kg"
Arroz agulha,Pato real,Embalagem de 1 kg,"0,99 €/Kg","0,99 €/Kg"
Ambientador gel marinho,PorSi,150 g,"16,63 €/L","16,63 €/L"
Protetor de cantos,Pommette,embalagem com 4 unidades,"1,99 €","1,99 €/Unidade"
Pêssego em calda metades,PorSi,Lata com 840 g,"1,99 €","2,37 €/Kg"
"Rolos de cozinha compactos, branco, 2 unidades",PorSi,Uma embalagem,"4,99 €","4,99 €/Unidade"
Estojo de maquilhagem Urban Style,Clementoni,1 unidade,"17,99 €/Unidade","17,99 €/Unidade"
"Na-farinha de aveia 400g 3,2kg",Nacional,Embalagem de 400g,"1,99 €","1,99 €/Kg"
"Argolas, brancas, autocolante, 160 unidades, 13 mm",Domédia,1 embalagem,"2,19 €","109,50 €/L"
Infusão camomila,Cemporcent,Embalagem de 10 unidades,"0,89 €","68,46 €/Kg"
Arroz integral,PorSi Viva Bem,Embalagem de 1 kg,"1,94 €","3,88 €/Kg"
Bebida aveia,Alpro,Embalagem de 1 litro,"2,49 €","2,49 €/L"
Cabos de Bateria 400 Ampere,Carpoint,1 un.,"3,49 €","3,49 €/Unidade"
Coxinhas de frango,PorSi,Embalagem de 360g,"9,30 €/Kg","9,30 €/Kg"
Vinho doc dão tinto,Santar,Garrafa de 0.75 l,"3,99 €","5,32 €/L"
Alimento seco para gato Júnior,Whiskas,Embalagem de 950 g,"12,99 €","4,33 €/Kg"
Goiabada,PorSi,600 g,"1,09 €","2,42 €/Kg"
Gomas brilho,PorSi,Embalagem de 300 g,"1,19 €","3,97 €/Kg"
Queijo para barrar light,PorSi Viva Bem,Embalagem de 200g,"2,39 €","19,92 €/Kg"
Leite c/ Chocolate Bem Especial 0% lactose,Mimosa,pack 4 x 200 ml,"0,26 €","1,30 €/L"
Puzzle Spiderman,Clementoni,2 x 60 peças,"29,99 €","29,99 €/Unidade"
Moscatel de Setúbal Reserva,Selecção de Enófilos,Garrafa de 0.75 l,"5,99 €","7,99 €/L"
Queijo curado pequeno,Casteloes,Embalagem de 500g,"0,82 €","23,43 €/Kg"
Queijo Meio Gordo,Queijaria das Pousadas,Vendido ao peso a partir de 250 g,"2,42 €","9,69 €/Kg"
Rebuçados mel e limão,Halls,Embalagem de 32 g,"0,77 €","3,85 €/Kg"
10 nuggets de frango com cereais integrais,Capitão Iglo,Embalagem de 208 g,"2,79 €","8,72 €/Kg"
Framboesas 100% Naturais,PorSi,Embalagem de 750 g,"3,29 €","4,39 €/Kg"
Champô oil nutritive,Gliss,Embalagem de 250 ml,"5,59 €","13,98 €/L"
Cebolinho vaso aromáticas vivas,Aroma viva,Embalagem de 1 unidades,"0,99 €","19,80 €/Kg"
Leite c/ cacau original,Cacaolat,Garrafa de 1 l,"0,26 €","1,30 €/L"
Bolachas,Oreo,Embalagem de 220g,"0,79 €","4,49 €/Kg"
Nestum zero arroz,Nestum,Embalagem de 250 g,"4,49 €","4,49 €/Kg"
Vinho tinto doc douro,VILA REAL,Garrafa de 750 ml,"7,49 €","9,99 €/L"
Amaciador concentrado para roupa aloé vera,PorSi,80 doses,"3,74 €","0,96 €/L"
Chá sene,PLANTANATU,Embalagem Com 10 saquetas,"1,19 €","79,33 €/Kg"
Amaciador Roupa Chá Branco & Peônia,Vernel,76 doses,"3,99 €","3,99 €/Unidade"
Fuet extra,PorSi,170 g,"1,22 €","6,78 €/Kg"
Vinho do porto finest reserve,Dow's,Garrafa de 0.75 l,"10,99 €","14,65 €/L"
"Pasta de limpeza com oxigénio activo, 48 unidades",Polident,Uma embalagem,"7,39 €","105,57 €/Kg"
Creme Mãos Hidratante,Labell,Embalagem de 100 ml,"1,03 €","10,30 €/L"
"Carteira etiquetas, 24x35",Domédia,1 unidade,"1,09 €","1,09 €/Unidade"
Vinho do porto malvasia branco,Rcv,Garrafa de 750 ml,"11,99 €","15,99 €/L"
Creme vegetal p/ barrar reduz colesterol,PorSi Viva Bem,250 g,"1,39 €","6,95 €/L"
EDT Mulher Nº43 (150ML+EDT 30ML),Caravan,1 unidade,"12,99 €","12,99 €/Unidade"
Bloco Sanitário Sólido Aqua,Sonasol,Embalagem de 2x50 g,"2,99 €","74,75 €/Kg"
Massa cuscus,Nacional,Embalagem de 250g,"0,89 €","1,78 €/Kg"
Canja de galinha económica,Knorr,Embalagem de 60g,"0,84 €","13,55 €/Kg"
"Pandorino cacau, 4 unidades",Dulcesol,Embalagem de 240g,"2,05 €","5,13 €/Kg"
"Jogo ""Da Banho ao Cão""",Concentra,1 unidade,"9,99 €/Unidade","9,99 €/Unidade"
Rolls 6 unidades,Bimbo,Embalagem de 340g,"0,89 €","1,78 €/Kg"
Tampão Normal,O.B.,1 Embalagem c/32 unidades,"3,99 €","3,99 €/Unidade"
Batata frita de presunto,PorSi,Embalagem de 185 g,"1,19 €","6,43 €/Kg"
Batata frita ondulada wavy,PorSi,Embalagem de 185 g,"1,06 €","5,73 €/Kg"
Dentifríco p/ Dentes de Leite,Aquafresh,Embalagem de 50 ml,"0,99 €","0,99 €/Unidade"
"Máquina Tripla Matrix, + 5 unidades",Labell Men,Uma embalagem,"1,16 €","4,64 €/L"
"Queijo light, 16 unidades",A Vaca Que Ri,Embalagem de 280g,"2,39 €","19,92 €/Kg"
Drageias Chocolate de leite,MALTESERS,"Embalagem de 148,5 g","11,98 €/Kg","11,98 €/Kg"
Pudim flan zero açúcares adicionados,El mandari,Embalagem de 30g,"0,59 €","29,50 €/Kg"
Fralda de Incontinência c/ Elásticos Tamanho Grande,Lindor,Embalagem de 46 un.,"9,99 €","9,99 €/Unidade"
"Detergente manual de loiça, ultra limão",PorSi,Embalagem de 500 ml,"0,99 €","1,98 €/L"
Rebuçados fruta,PorSi,Embalagem de 250g,"1,00 €","5,00 €/Kg"
Paté de sardinha,PorSi,Embalagem de 4 x 22 g,"1,19 €","13,52 €/Kg"
Guardanapos brancos 30x30 cm,PorSi,Embalagem com 100 unidades,"1,29 €","1,29 €/Unidade"
Spray limpeza casa de banho,Cillitbang,Embalagem de 500 ml,"1,79 €","2,39 €/L"
"Papel Vegetal, 8mt",Fino,1 unidade,"1,11 €","1,11 €/Unidade"
Banda térmica alivio dor muscular 29x9cm,PorSi,Embalagem de 2 unidades,"2,86 €","2,86 €/Unidade"
Cabos de Bateria 200 Ampere,Carpoint,1 un.,"3,49 €","3,49 €/Unidade"
Alimento húmido cão gelatina júnior,Pedigree,Embalagem de 400g,"0,75 €","2,50 €/Kg"
Vinho rosé regional península de Setúbal,Selecção de Enófilos,Garrafa de 0.75 l,"5,99 €","7,99 €/L"
Chocolate sombrinhas,Regina,Embalagem de 15 g,"18,50 €/Kg","18,50 €/Kg"
Chá preto frutos vermelhos,PorSi,Embalagem de 40g,"1,69 €","56,33 €/Kg"
Cem porcento-chá infusão sem barriga,Cemporcent,Embalagem de 13g,"58,44 €/Kg","58,44 €/Kg"
Paloco desfiado,PorSi,Embalagem de 500 g,"4,39 €","10,98 €/Kg"
Massa macarronete riscado,Milaneza,Embalagem de 500g,"0,89 €","1,78 €/Kg"
Fiambre da perna extra fatias finas cuida-t+,Nobre,Embalagem de 110g,"0,97 €","6,49 €/Kg"
Refrigerante c/ gás laranja,Sumol,pack 4 x 1.25 l,"0,79 €","0,40 €/L"
Bolachinhas,Cerelac,Embalagem de 180g,"1,89 €","15,75 €/Kg"
Óleo alimentar,Fula,Embalagem 1L,"3,39 €","3,39 €/L"
Queijo Curado Apimentado,Montanha,Vendido ao peso a partir de 250 gr,"2,42 €","9,69 €/Kg"
8 rissóis de carne,PorSi,Embalagem de 300g,"1,79 €","7,16 €/Kg"
Mão de vaca com grão,Nobre,Embalagem de 420 g,"2,35 €","5,60 €/Kg"
"Pasta dentífrica, máxima proteção, fresca",Colgate,Embalagem de 75 ml,"2,29 €","38,17 €/L"
Vinho tinto regional alentejano,Galitos,Garrafa de 3 l,"9,49 €","1,90 €/L"
Crazy Chic Sereia Make Up,Clementoni,1 unidade,"9,99 €/Unidade","9,99 €/Unidade"
Bolacha alfa,Nacional,Embalagem de 180g,"2,82 €","9,40 €/Kg"
Ovos | Classe: L,Ovitae,24 unidades,"1,39 €","1,39 €/Unidade"
Sumo concentrado de laranja,GUD,Garrafa de 740 ml,"3,69 €","4,92 €/L"
Biscoitos canudinho recheio cacau,PorSi,Embalagem de 300g,"2,82 €","9,40 €/Kg"
Queijo de ovelha curado amanteigado,Seia,Embalagem de 500g,"15,96 €/Kg","15,96 €/Kg"
10 Preservativos Ultrafeel,Control,,"4,49 €","4,49 €/Unidade"
Mistura Cocktail,*,Vendido ao peso,"1,45 €","5,79 €/Kg"
Preparado de bolo de canela,PorSi,500 g,"1,69 €","8,45 €/L"
"Bolachas, cobertura com chocolate branco",Oreo,Embalagem de 250g,"0,79 €","5,27 €/Kg"
Ice tea pessêgo,Lipton,pack 6 x 0.25 l,"1,14 €","0,76 €/L"
Pá + espanador,PorSi,1 conjunto,"2,99 €","2,99 €/Unidade"
Guardanapos de 1 folha azuis | dim.: 30 x 29 cm,PorSi,Embalagem com 70 unidades,"1,29 €","1,29 €/Unidade"
Collant licra 15d preto l,PorSi,Embalagem de 1 unidades,"1,89 €","1,89 €/Unidade"
Lenços de bolso 4 folhas,PorSi,Embalagem de 15 x 9 unidades,"0,89 €","0,89 €/Unidade"
Iogurte líquido yoggi banana,Nestle,Embalagem de 4 x 160 g,"1,17 €","1,83 €/Kg"
Saqueta de puré de fruta | maçã + banana,PorSi,90 g,"0,74 €","8,22 €/Kg"
Leite uht gordo,Agros,Embalagem de 1 litro,"0,94 €","0,94 €/L"
Vinho regional alentejano reserva tinto,Encosta das Perdizes,Garrafa de 0.75 l,"2,89 €","3,85 €/L"
Cocktail de marisco,PorSi,Embalagem de 400 g,"1,79 €","7,16 €/Kg"
Resguardo para mesa,PorSi,Dim.: 140 x 200 cm,"13,99 €","13,99 €/Unidade"
Lixivia perfume fresco,Neoblanc,Embalagem de 2 l,"2,59 €","1,30 €/L"
Bacalhau Graúdo,Bacalhau da Noruega,1 un = 2.5 kg (aprox.),"8,73 €/Kg","8,73 €/Kg"
2 Pesos p/ tornozelo e punho,Umbro,500 g,"6,99 €","6,99 €/Unidade"
Pão de forma sem côdea especial torradas,Panrico,Embalagem de 510g,"0,99 €","1,65 €/Kg"
Jogo da Glória,Olivo,1 unidade,"9,99 €/Unidade","9,99 €/Unidade"
"Cerveja sem álcool, tara perdida",Super Bock,Pack 6 X 0.33 L,"5,99 €","3,03 €/L"
Chocolate culinário,Pantagruel,Embalagem de 200g,"1,04 €","8,32 €/Kg"
Escova de dentes max white média,Colgate,1 + 1 unidades,"3,49 €","3,49 €/Unidade"
"Cerveja com álcool, tara perdida",Kings Bräu,pack 24 x 0.25 l,"1,99 €/L","1,99 €/L"
Queijo mozzarella,PorSi,Embalagem 125G,"1,59 €","6,36 €/Kg"
Vermute Floreale sem Álcool,Martini,Garrafa de 750 ml,"11,99 €","11,99 €/L"
Deo Spray Black & White Active,Nivea,Embalagem de 150 ml,"4,69 €","31,27 €/L"
Leite uht sem lactose meio gordo,PorSi Viva Bem,1 litro,"0,99 €","0,99 €/L"
Marmelada,Ferbar,Embalagem de 400g,"1,09 €","2,42 €/Kg"
Toranja,Fruta do Dia,1 un = 300 gr  (aprox.),"0,25 €","2,49 €/Kg"
Grão de bico,PorSi,Embalagem de 420g,"1,79 €","2,29 €/Kg"
Nerf Tricerablast,Nerf,1 un.,"17,99 €/Unidade","17,99 €/Unidade"
Preparado para arroz de marisco,Brasmar,Embalagem de 450 g,"1,79 €","7,16 €/Kg"
Café solúvel intenso,Delta,Embalagem de 100g,"1,45 €","14,50 €/Kg"
Vinho tinto península de setúbal,Pioneiro,Garrafa de 0.75 l,"5,99 €","7,99 €/L"
Queijo mini light,Babybel,Embalagem de 12 x 20 g,"2,39 €","19,92 €/Kg"
Café Qalidus XXL,Delta Q,Embalagem com 60 cápsulas,"54,36 €/Kg","54,36 €/Kg"
Rebuçados mini café,PorSi,Embalagem de 200g,"1,15 €","4,60 €/Kg"
Refrigerante de lima-limão,Seven-up,Pack 4 x 1.25 l,"0,79 €","0,40 €/L"
Vinho tinto,PorSi,embalagem de 5 litros,"8,89 €","1,78 €/L"
Amaciador Roupa Concentrado Intense Sport,Comfort,60 doses,"3,74 €","0,96 €/L"
"Alimento para peixe, tetramin staple food",Tetra,Embalagem de 250 ml,"10,59 €","42,36 €/L"
Palmiers,Du bois,Embalagem de 150g,"0,69 €","3,45 €/Kg"
Cogumelo portobello grande,Legumes do Dia,vendido ao peso,"0,98 €","4,89 €/Kg"
Amaciador Roupa Bosque,PorSi,Embalagem de 60 doses,"3,74 €","0,96 €/L"
Coleira em nylon p/ cão  repelente 75cm,Repul' 7,Embalagem de 1 unidades,"19,99 €","19,99 €/Unidade"
Mariscada,PorSi,Embalagem de 800g,"1,79 €","7,16 €/Kg"
Arroz de pato,PorSi,Embalagem de 250 g,"2,35 €","5,60 €/Kg"
Molho de alho,Calve,Embalagem de 260g,"0,70 €","2,33 €/Kg"
T-Rex e Pteranodon,Clementoni,1 unidade,"17,99 €/Unidade","17,99 €/Unidade"
Super tea immune com vitamina c,Tetley,Embalagem de 40g,"58,00 €/Kg","58,00 €/Kg"
Cerveja com álcool,Sagres,Lata de 500ml,"1,99 €/L","1,99 €/L"
Whisky caskmates,Jameson,Garrafa de 700 ml,"23,49 €","23,49 €/L"
"Iogurte actimel, morango",Danone,Embalagem de 12 x 100 g,"4,15 €/Kg","4,15 €/Kg"
Alho picado,Margao,Embalagem de 60g,"0,25 €","0,25 €/Kg"
Recarga Esfregona Premium 2 em 1,Vileda,1 unidade,"0,89 €","0,89 €/Unidade"
Alimento lácteo sem açucar com sabor a morango/banan...,Yogolino,Embalagem de 4 x 100 gr,"2,89 €","7,23 €/Kg"
Vinho maduro tinto doc alentejano,P.ravessa,Garrafa de 750 ml,"2,89 €","3,85 €/L"
"Guardanapos gold, com cor, folha dupla, 40x40cm, 40 ...",Renova,1 embalagem,"1,29 €","1,29 €/Unidade"
Café em cápsulas  qonvictus,Delta Q,Embalagem de 55 g,"54,36 €/Kg","54,36 €/Kg"
Nuggets de frango,PorSi,Embalagem de 360 g,"9,30 €/Kg","9,30 €/Kg"
Bolos cake e chococolate,Milka,Embalagem de 180g,"2,15 €","2,87 €/Kg"
Tablete de chocolate extra fina leite/avelã,Nestle,Embalagem de 120g,"0,65 €","6,50 €/Kg"
Batata pré-frita tradition,MCCAIN,Embalagem de 1 kg,"1,39 €","1,39 €/Kg"
Arroz de pato,PorSi,Embalagem de 400g,"3,53 €","8,83 €/Kg"
Tomate em pedaços,PorSi,Embalagem de 390g,"1,79 €","2,29 €/Kg"
Café com cafeina solúvel,Delta,Embalagem de 20g,"1,45 €","14,50 €/Kg"
Maçã Pink Lady 70/75,Fruta do Dia,1 un = 150 gr (aprox.),"1,69 €/Kg","1,69 €/Kg"
Caracol com passas,*,90g,"0,30 €/Unidade","0,30 €/Unidade"
Gomas funky mix,Haribo,Embalagem de 100g,"1,19 €","3,97 €/Kg"
Bife da Alcatra,Novilho,1 un = 250 gr (aprox.),"2,62 €","10,49 €/Kg"
Arroz basmati,PorSi,Embalagem de 1 kg,"0,99 €/Kg","0,99 €/Kg"
Pão de leite 8 un.,Bimbo,Embalagem de 280g,"2,59 €","7,40 €/Kg"
Arroz basmati,Caçarola,Embalagem de 1 kg,"0,99 €/Kg","0,99 €/Kg"
Rebuçados drops recheio de fruta,PorSi,Embalagem de 250g,"1,00 €","5,00 €/Kg"
Espumosos tinto bruto attitude,Fita azul,Garrafa 0.75L,"3,99 €","5,32 €/L"
4 filetes de pescada panados c/ limão,Pescanova,Embalagem de 400g,"9,30 €/Kg","9,30 €/Kg"
Mousse d´or,Du Bois de la Roche,Embalagem de 200 g,"0,69 €","3,45 €/Kg"
Massa folhada margarina,PorSi,Embalagem de 230 g,"0,99 €","4,30 €/Kg"
Caixa registadora,Play-Doh,1 unidade,"9,99 €/Unidade","9,99 €/Unidade"
Lay's mediterrâneas originais,Lay's,Embalagem de 220g,"1,06 €","5,73 €/Kg"
Clementinas,Fruta do Dia,1 un = 100 gr (aprox.),"0,25 €","2,49 €/Kg"
Livro O Patinho Feio,Europrice,1 unidade,"3,79 €/Unidade","3,79 €/Unidade"
10 saquetas infusão de camomila,Lipton,Embalagem de 10g,"0,89 €","68,46 €/Kg"
Pasta de sardinha,Fides,Embalagem de 90g,"1,19 €","13,52 €/Kg"
Pedaços de tamboril,PorSi,Embalagem de 500G,"4,39 €","10,98 €/Kg"
Farinheira do Ribatejo,PorSi,Embalagem de 180g,"1,49 €","7,45 €/Kg"
Creme vegetal culinário,Vaqueiro,Embalagem de 1 kg,"1,39 €","6,95 €/L"
Fruta para bebé multifrutas +4 meses,Nestle,Embalagem de 90g,"0,74 €","8,22 €/Kg"
Lava tudo marinho,Cif,"Garrafa de 1,4 l","0,99 €","0,50 €/L"
Kit Jardinagem,Clementoni,1 un.,"9,99 €/Unidade","9,99 €/Unidade"
"Luvas multiusos relevo antiderrapante, tamanho grand...",PorSi,Embalagem de 1 unidades,"4,29 €","4,29 €/Unidade"
Limpa ferros,Petex,1 unidade,"0,89 €","0,89 €/Unidade"
Fraldas agility T4 de 9 a 15 kg,PorSi,50 unidades,"6,49 €","6,49 €/Unidade"
Pudim de ananás,Boca Doce,Embalagem de 20g,"0,59 €","29,50 €/Kg"
5 gouaches de cores primárias,Domédia,Uma embalagem,"3,09 €","3,09 €/Unidade"
Bolacha recheada mega duo chocolate,Gullon,Embalagem de 500g,"2,15 €","2,87 €/Kg"
Bolachas digestive go aveia,Triunfo,Embalagem de 170g,"0,98 €","3,27 €/Kg"
Salva Camas 60 x 60 cm,PorSi,Embalagem com 20 un.,"4,99 €","4,99 €/Unidade"
Barras de cereais golden grahams,Nestle,Embalagem de 150g,"1,29 €","10,24 €/Kg"
Vinho tinto,PorSi,embalagem de 1 litro,"0,85 €","0,85 €/L"
Vinho branco,Enc.bairro,Bag-in-box de 5L,"8,89 €","1,78 €/L"
"Alimento para cão adulto bio complex, com frango",HappyOne,Embalagem de 4 kg,"22,99 €","1,15 €/Kg"
Desinfetante em gel c/ lixívia,Cif,Garrafa de 750 ml,"2,79 €","3,99 €/L"
Mistura para aves,Rac.zezere,Embalagem de 5 kg,"2,49 €","2,49 €/Kg"
Moscatel roxo c/ caixa,Pioneiro,Garrafa de 750 ml,"5,99 €","7,99 €/L"
Limpa móveis cera abelhas,PorSi,Frasco de 300ml,"1,39 €","1,26 €/L"
Iogurte bio 5 sementes e mel,Páturages,Embalagem de 4 x 125 g,"5,97 €/Kg","5,97 €/Kg"
Preparado para bolo de laranja,B.neve,Embalagem de 450g,"2,05 €","5,13 €/Kg"
Petit gateau morango 4x80g,PorSi,Embalagem de 320g,"2,49 €","7,55 €/Kg"
Comida húmida para cão de frango e arroz,PorSi,Lata de 400 g,"0,75 €","2,50 €/Kg"
Alimento húmido para cão vaca,Pedigree,Embalagem de 300g,"0,75 €","2,50 €/Kg"
Bebida amêndoa torrada sem açúcar,Alpro,Embalagem de 1 litro,"2,49 €","2,49 €/L"
Manteiga de alho,Mimosa,Embalagem de 200g,"1,69 €","6,76 €/Kg"
Fraldas Bebé Seco T3 | 6-10 Kg,Dodot,Embalagem com 62 un.,"6,49 €","6,49 €/Unidade"
Banda cera fria peles sensíveis p/corpo,Veet,Embalagem de 20 unidades,"6,99 €","6,99 €/Unidade"
"Cereais crusts, amêndoas e mel",PorSi,Embalagem de 380g,"2,29 €","6,11 €/Kg"
Chuchu,Legumes do Dia,1 un = 250 gr  (aprox.),"0,62 €","2,49 €/Kg"
Manteiga com sal,Novacores,Embalagem de 250g,"1,69 €","6,76 €/Kg"
Ambientador para a máquina da loiça de lima e limão,Finish,embalagem com 2 un.,"16,63 €/L","16,63 €/L"
Caldeirada de peixe ultracongelada,Brasmar,Embalagem de 700g,"1,79 €","7,16 €/Kg"
Achocolatado em saco,Nesquik,Embalagem de 1 kg,"8,59 €/Kg","8,59 €/Kg"
Ovos de Galinhas Criadas ao Ar Livre,PorSi,6 ovos frescos,"1,39 €","1,39 €/Unidade"
Farinha para bolos super fina,PorSi,Embalagem de 1 kg,"1,99 €","1,99 €/Kg"
Vinagre balsâmico,PorSi,Embalagem de 250 ml,"0,35 €","0,70 €/L"
Puré de batata,Maggi,Embalagem de 250g,"1,99 €","1,99 €/Kg"
Detergente manual roupa,PorSi,Embalagem de 650g,"1,09 €","2,73 €/Kg"
Lombinhos,Porco,1 un=500 gr aprox.,"4,89 €","4,89 €/Kg"
Agar agar gelificante em saquetas,Cemporcent,Embalagem de 8g,"3,99 €","7,98 €/Kg"
"Refresco em pó, manga",PorSi,Embalagem de 40g,"0,75 €","18,75 €/Kg"
Queijo Curado de Cabra,Mourisca,Vendido ao peso a partir de 250 gr,"1,89 €","10,50 €/Kg"
Caldo verde Programa Origens,PorSi,Embalagem de 250 g,"0,99 €","0,99 €/Kg"
Bolachas com duplo creme,Oreo,Embalagem de 190g,"0,79 €","4,49 €/Kg"
Óleo Performa 10W40,Galp,Embalagem de 1 l,"14,99 €","14,99 €/L"
Mistura de cogumelos,PorSi,Embalagem de 400g,"1,49 €","1,49 €/Kg"
Mamão,Fruta do Dia,"1 un = 1,5 kg (aprox.)","2,29 €/Kg","2,29 €/Kg"
Monopoly Edição Batoteiros,Hasbro,1 unidade,"9,99 €/Unidade","9,99 €/Unidade"
"Batata frita, queijo e ervas",PorSi,Embalagem de 190g,"1,19 €","6,43 €/Kg"
"Recarga ambientador, toque&fresh relax zen",Glade,Embalagem de 10 ml,"349,00 €/L","349,00 €/L"
Petit gâteau,PorSi,Embalagem de  4 x 80 g,"2,49 €","7,55 €/Kg"
Salsichas de porco tipo estrasburgo,Monique Ranou,Embalagem  de 210G,"2,09 €","9,95 €/Kg"
"Escova de cabelo, pneumática javali",Labell,Uma unidade,"1,99 €","1,99 €/Unidade"
Amaciador Roupa lavanda,PorSi,Embalagem de 60 doses,"3,74 €","0,96 €/L"
Ice tea de limão,PorSi,"Embalagem de 6x0,20 l","1,14 €","0,76 €/L"
Gelado carte d'or chocolate brownie,Olá,Embalagem de 900 ml,"2,62 €","2,62 €/L"
Linhaça dourada e moída,Cemporcent,Embalagem de 200g,"1,89 €","12,60 €/Kg"
Película aderente,Vileda,embalagem com 50 m,"1,11 €","1,11 €/Unidade"
Porto lágrima,Ferreira,Garrafa 0.75L,"11,99 €","15,99 €/L"
Salmão Fumado da Escócia,PorSi Select,Embalagem de 80 g,"3,35 €","22,33 €/Kg"
Leite de pastagem magro,Terra Nostra,Embalagem de 1 litro,"0,81 €","0,81 €/L"
Mala criativa,Lego,1 unidade,"17,99 €/Unidade","17,99 €/Unidade"
Jogo Aqui há festa,Clementoni,1 unidade,"9,99 €/Unidade","9,99 €/Unidade"
Pepperoni Rodelas,Porminho,Embalagem 2 x 75 g,"3,35 €","22,33 €/Kg"
Azeite virgem extra clássico,Gallo,Garrafa de 750 ml,"3,19 €","4,25 €/L"
Recarga mopa,PorSi,1 unidade,"2,99 €","2,99 €/Unidade"
Assento Auto,Bebéconfort,unidade,"89,90 €","89,90 €/Unidade"
Detergente para loiça plus + limão,Super Pop,Embalagem de 1L,"0,99 €","1,98 €/L"
Dentifríco anti-tártaro + branqueador,Colgate,Embalagem de 75 ml,"2,29 €","38,17 €/L"
Bolacha maria,Cuetara,Embalagem de 3 x 200 g + 33% grátis,"1,69 €","2,11 €/Kg"
Sumo 100% maçã,PorSi,pack 3 x 200 ml,"1,09 €","0,73 €/L"
Batata pré-frita palitos finos,PorSi,Embalagem de 1 kg,"1,39 €","1,39 €/Kg"
Resguardos de cama,PorSi,20 unidades de 80 x 180 cm,"4,99 €","4,99 €/Unidade"
Bebida de soja sem acucar 1l,Alpro,Embalagem de 1L,"2,49 €","2,49 €/L"
Bolachas cacau com cereais e pepitas de chocolate,PorSi,Embalagem de 400 g,"0,90 €","6,00 €/Kg"
Amendoim com Casca,PorSi,Embalagem de 500g,"0,79 €","3,95 €/Kg"
"Sopa gourmet, cogumelos",Knorr,Embalagem de 60g,"0,84 €","13,55 €/Kg"
Sumo 100% laranja,PorSi,Pack 3 x 200 ml,"1,09 €","0,73 €/L"
Choco limpo 20/40,PorSi,Embalagem de 800 g,"5,49 €","6,86 €/Kg"
Ambientador vela maçã e canela,PorSi,1 unidade,"9,49 €","45,19 €/Kg"
Pastilhas café lote chávena,Delta,Embalagem de 110g,"54,36 €/Kg","54,36 €/Kg"
Barras cereais chocapic,Nestle,Embalagem de 150g,"1,29 €","10,24 €/Kg"
After shave gold,Denim,Embalagem de 100 ml,"1,16 €","4,64 €/L"
Forma Pão de Ló Antiaderente 28cm,PorSi,1 unidade,"11,99 €","11,99 €/Unidade"
Vinho Regional de Lisboa Branco,Mundus,"Garrafa de 0,75L","2,29 €","3,05 €/L"
Snack chocolate leite,Kit kat,Embalagem de 125g,"0,99 €","9,90 €/Kg"
"Anti-calcário em pó, máquina roupa",PorSi,Embalagem de 800g,"10,99 €","52,33 €/Kg"
Ambientador Arbre Baunilha,Arbre Magique,3 unidade,"2,89 €","2,89 €/Unidade"
Miolo de amêndoa com pele,Frutos secos,Vendido ao peso a partir de 100 g,"1,45 €","5,79 €/Kg"
Creme abrasivo de limão,PorSi,Embalagem de 750 ml,"0,99 €","1,32 €/L"
Molho tomate com azeitonas,PorSi,Frasco de 420g,"0,70 €","2,33 €/Kg"
Iogurte activia líquido morango,Danone,Embalagem de 4 x 155 g,"2,49 €","5,19 €/Kg"
Iogurte activia líquido cereais,Danone,Embalagem de 4 x 155 g,"2,49 €","5,19 €/Kg"
Folhado de Salsicha com Queijo 110 g,Fornada do Dia,,"0,65 €","0,65 €/Unidade"
Croissant Brioche com chocolate,Pastelaria do Dia,1 un = 100 g (aprox.),"0,30 €/Unidade","0,30 €/Unidade"
Spray wc anticalcário,PorSi,embalagem de 750 ml,"1,79 €","2,39 €/L"
Borracha para desenho técnico,Domédia,1 unidade,"4,69 €","4,69 €/Unidade"
Café moagem universal brasil,Delta,Embalagem de 220g,"9,16 €/Kg","9,16 €/Kg"
Meloa Gália,Fruta da Época,1 un = 1 kg (aprox.),"2,79 €","2,79 €/Kg"
Canela em pau,PorSi,Saqueta de 30 g,"0,25 €","0,25 €/Kg"
Bandas de cera fria bikini peles sensíveis,Veet,Embalagem de 16 unidades,"6,99 €","6,99 €/Unidade"
Cerveja c/ álcool mini,Super Bock,Pack 15 x 0.20 L,"1,99 €/L","1,99 €/L"
Baton para homem,Labello,5 g,"3,99 €","3,99 €/Unidade"
Dettol sabonete líquido frutos do bosque x 12,Dettol,Garrafa de 250 ml,"1,09 €","2,18 €/L"
Massa de cotovelinhos,Nacional,Embalagem de 500g,"0,89 €","1,78 €/Kg"
3 Pipetas de Repelente p/ Gato,Repul'7,1 unidade,"1,19 €","0,24 €/Kg"
Gambão 20/30,Marisco Congelado,Vendido a partir de 250 (aprox.),"2,00 €","7,99 €/Kg"
Bacalhau espiritual,PorSi,Embalagem de 300g,"1,79 €","7,16 €/Kg"
Ambientador gel floral,PorSi,150 g,"16,63 €/L","16,63 €/L"
Pizza ristorante s/ gluten salame,Dr. Oetker,Embalagem de 320g,"2,16 €","6,17 €/Kg"
"Cera liquida, lava e encera",PorSi,Embalagem de 750 ml,"1,79 €","2,39 €/L"
Farinha láctea 5 frutos,PorSi,Embalagem de 500g,"4,49 €","4,49 €/Kg"
Cuecas de incontinência Plus M,Ausonia,Uma embalagem - 9Unidades,"9,99 €","9,99 €/Unidade"
"Recarga Espanador, 10 unidades",Swiffer,Uma embalagem,"2,54 €","2,54 €/Unidade"
Miolo berbigão,PorSi,Embalagem de 250g,"1,79 €","7,16 €/Kg"
Sidra frutos vermelhos,Somersby,pack 4 x 0.33 l,"1,59 €","3,18 €/L"
Azeite virgem extra clássico,Gallo,Garrafa de 250 ml,"3,19 €","4,25 €/L"
Tablete chocolate chips ahoy,Milka,Embalagem de 100g,"0,53 €","5,30 €/Kg"
Leite uht meio gordo,PorSi,Embalagem com rosca de 1 l,"0,81 €","0,81 €/L"
"Piscina Prateada, Cap.512L",Bestway,Dim.:152X43cm,"2,99 €","2,99 €/Unidade"
Vinho regional península de setúbal tinto,J.m.f.,Garrafa de 750 ml,"5,99 €","7,99 €/L"
Pasta de açúcar bege,PorSi,250 g,"1,49 €","1,49 €/Kg"
Açúcar mascavado,PorSi,Embalagem de 500g,"1,49 €","1,49 €/Kg"
Arroz selvagem,Caçarola,Embalagem de 500 g,"0,99 €/Kg","0,99 €/Kg"
4 hamburguers frango s/ glúten,Capitão Iglo,Embalagem de 240g,"11,44 €/Kg","11,44 €/Kg"
Miolo de camarão 50/70,H2Gelo,Embalagem de 250  g,"8,99 €","25,69 €/Kg"
Batata pré-frita rodelas para saltear,PorSi,Embalagem de 1 kg,"1,39 €","1,39 €/Kg"
Colchonete em Espuma,Saurium,"Dim.: 180x60x1,2 cm","6,99 €","6,99 €/Unidade"
Pão de forma sem côdea,Panrico,Embalagem de 650g,"0,99 €","1,65 €/Kg"
Queijo flamengo ralado,PorSi,Embalagem de 200G,"1,56 €","7,80 €/Kg"
Lava tudo mosaico,Cif,1.1 L,"1,39 €","1,26 €/L"
8 salsichas bockwurst,PorSi,1 Frasco 720G,"0,75 €","3,75 €/Kg"
Barras de cereais fitness crunchy & caramelo,Nestle,Embalagem de 140g,"1,29 €","10,24 €/Kg"
"Fitness granola chocolate, amêndoas e quinoa com 51%...",Nestle,Embalagem de 300 g,"3,45 €","26,74 €/Kg"
"Queijo flamengo, ralado",Terra Nostra,Embalagem de 150g,"1,49 €","7,45 €/Kg"
"Papel higiénico super, folha dupla, 24 rolos",Renova,Uma embalagem,"1,99 €","1,99 €/Unidade"
Ketchup,Calve,Embalagem de 280g,"0,70 €","2,33 €/Kg"
Iogurte corpos danone + proteína ananás,Danone,Embalagem de 150g,"5,97 €/Kg","5,97 €/Kg"
"Queijo curado, amanteigado",Paiva,Embalagem de 550g,"6,49 €","25,45 €/Kg"
Azeite virgem extra dop trás-os-montes,PorSi Select,Embalagem 750 ml,"3,19 €","4,25 €/L"
"Alimento seco para cão, croquetes pro adulto",PorSi Select,Embalagem de 4 Kg,"22,99 €","1,15 €/Kg"
"Ração para gato adulto com vaca, frango",Friskies,Embalagem de 4kg,"12,99 €","4,33 €/Kg"
Limpa Móveis,PorSi,Embalagem de 300 ml,"1,39 €","1,26 €/L"
Arroz extra longo branco,Oriente,Embalagem de 1kg,"0,99 €/Kg","0,99 €/Kg"
Bebida energética a-zero,Monster,Garrafa de 500 ml,"5,39 €","5,39 €/L"
Spray bolor e sujidade,Cillitbang,Garrafa de 500 ml,"1,19 €","0,79 €/L"
Marmelada sem conservantes,PorSi,Embalagem de 500g,"1,09 €","2,42 €/Kg"
Soquete licra 15d preto t. único,PorSi,2 unidades,"1,89 €","1,89 €/Unidade"
Arroz vaporizado,Cigala,Embalagem de 1 kg,"0,99 €/Kg","0,99 €/Kg"
Bola Fiambre/ Queijo/ Bacon/ Chourição,Nutriva,,"0,65 €","0,65 €/Unidade"
"Inseticida, recarga, elétrico, pack 2",Raid,1 embalagem com 2x27ml,"7,69 €","7,69 €/Unidade"
Feijão manteiga,PorSi,Embalagem de 500g,"2,78 €/Kg","2,78 €/Kg"
Vinho regional lisboa reserva tinto,Marginal,Garrafa de 0.75 l,"4,99 €","6,65 €/L"
10 Barrinhas salmão panadas sem glúten,Pescanova,300 g,"1,79 €","7,16 €/Kg"
Abacate,Fruta do Dia,1 un. = 300 g (aprox.),"2,29 €/Kg","2,29 €/Kg"
Alimento lácteo cereais e bolachas maria +6 meses,Yogolino,Embalagem de 4 x 100 g,"2,89 €","7,23 €/Kg"
Papel Higiénico Compacto Ultra Suave XXL,Colhogar,12 rolos,"1,99 €","1,99 €/Unidade"
Bolachas waffers morango,PorSi,Embalagem de 210g,"0,98 €","4,67 €/Kg"
Gelatina de ananás,Koala,Embalagem de 130g,"0,85 €","2,13 €/Kg"
Chili com carne,Itinéraire des Saveurs,Embalagem 300G,"2,35 €","5,60 €/Kg"
Carcaça Rústica 70 g,Pão do Dia,,"0,19 €","2,38 €/Kg"
Tablete de chocolate leite bubbly,Milka,Embalagem de 90g,"0,53 €","5,30 €/Kg"
Super Napolitana Creme 125 g,Pastelaria do Dia,1 un = 125 g (aprox.),"0,30 €/Unidade","0,30 €/Unidade"
Vinho branco bag-in-box,Capataz,Embalagem de 5 l,"8,89 €","1,78 €/L"
Piccolinis frankfurt,Buitoni,Embalagem de 270g,"2,16 €","6,17 €/Kg"
Na-esparguete bio 500g 10kg,Nacional,Embalagem de 500g,"0,89 €","1,78 €/Kg"
Atum posta em azeite,PorSi,Embalagem de 120g,"0,89 €","7,42 €/Kg"
Cerveja c/ álcool,Sagres,pack 15 x 0.33 l,"1,99 €/L","1,99 €/L"
Nuggets de frango grelhadinho,Capitão Iglo,Embalagem de 200g,"9,30 €/Kg","9,30 €/Kg"
Ambientador recarga oasis turquesa,Air Wick,Garrafa de 250 ml,"11,98 €","11,98 €/Unidade"
Amaciador concentrado para roupa aloé vera,PorSi,80 doses,"3,99 €","3,99 €/Unidade"
Iogurte morango 000%,PorSi Viva Bem,Embalagem de 4 x 125 g,"4,36 €","2,18 €/Kg"
Pasta de açúcar branco,PorSi,250 g,"1,49 €","1,49 €/Kg"
Alho-francês,PorSi,Embalagem de 750 g,"1,49 €","1,49 €/Kg"
Bolo de chocolate brownie,Milka,Embalagem de 150g,"1,69 €","8,45 €/L"
Queijo Curado Trad.Pimentão,Alavão,Vendido ao peso a partir de 250 gr,"6,49 €","25,45 €/Kg"
Esferográfica Cor Sortida Média,Mab,Embalagem com 4 un.,"2,49 €","2,49 €/Unidade"
Vela em número nª2,PorSi,1 unidade,"0,60 €","0,60 €/Unidade"
Bambolitos pretos,PorSi,Embalagem de 150g,"0,79 €","5,27 €/Kg"
"Cera acrílica, madeira",PorSi,Embalagem de 750 ml,"2,29 €","2,29 €/L"
Leite desmaquilhante para peles secas,Labell,Embalagem de 250 ml,"1,15 €","4,60 €/L"
Dentifríco 2 em 1 super branqueador,Theramed,Embalagem de 75 ml,"3,39 €","45,20 €/L"
Couscous comespeciarias 4x125g,PorSi,Embalagem de 500g,"0,89 €","1,78 €/Kg"
Pizza hawai,PorSi,Embalagem de 350g,"2,16 €","6,17 €/Kg"
Salmão Fumado da Noruega,PorSi,Embalagem de 100 g,"3,35 €","22,33 €/Kg"
Ração seca para cão croquetes pro júnior,PorSi Select,Embalagem de 3 Kg,"22,99 €","1,15 €/Kg"
Líxivia Super Gel Regular,Neoblanc,Embalagem de 750ml,"1,74 €","0,35 €/L"
Creme proteção de gengivas,Polident,Embalagem de 40 g,"7,39 €","105,57 €/Kg"
Amaciador concentrado ouro e orquídea,Quanto,132 doses,"3,74 €","0,96 €/L"
"Lixívia para roupa, azul, tradicional",Neoblanc,Embalagem de 1 l,"1,74 €","0,35 €/L"
Fruta para bebé 4 frutas +4 meses,Nestle,Embalagem de 90g,"0,74 €","8,22 €/Kg"
Atum posta em azeite,Bom petisc,Embalagem de 120 g,"0,89 €","7,42 €/Kg"
Esponja limpa camurça,PorSi,1 unidade,"2,89 €","14,45 €/L"
Óleo de cedro,Mistolin,Embalagem de 360 ml,"1,39 €","1,26 €/L"
Lava tudo antibacteriano marinho,PorSi,Garrafa de 1.5 l,"0,99 €","0,50 €/L"
Abrasivo sanitário gel citrinos,PorSi,embalagem de 1 litro,"0,99 €","1,32 €/L"
Pano Suave C/ Microfibras,Vileda,2 + 1 Un. Grátis,"1,79 €","1,79 €/Unidade"
Nenuco primeira chupeta,*,1 unidade,"27,99 €/Unidade","27,99 €/Unidade"
Cogumelos inteiros,PorSi,Embalagem de 355 g,"1,79 €","2,29 €/Kg"
Hamburger cogumelos,Veg In,Embalagem de 160g,"3,39 €","21,19 €/Kg"
Bolo Brigadeiro 800 g,Pastelaria do Dia,,"8,99 €","11,24 €/Kg"
Vulcão,Science4You,1 unidade,"9,99 €/Unidade","9,99 €/Unidade"
Chá preto,Tetley,Embalagem de 20g,"1,69 €","56,33 €/Kg"
Cerveja 0.0%,Sagres,Lata 0.33 l,"5,99 €","3,03 €/L"
50 nuggets de frango,Capitão Iglo,Embalagem de 1042g,"2,79 €","8,72 €/Kg"
Queque,PorSi,1 unidade = 55 g,"0,30 €/Unidade","0,30 €/Unidade"
"Batata frita, multipack",Ruffles,Embalagem de 180g,"1,06 €","5,73 €/Kg"
Snack gato sticks salmao 6x5g,PorSi,Embalagem de 30g,"0,99 €","16,50 €/Kg"
Biscottina com alho e salsa,RUSTICA,Embalagem de 100 g,"2,39 €","6,83 €/Kg"
Filete de pescada,PorSi,1 unidade = 275g (aprox.),"1,92 €","6,99 €/Kg"
Chouriço fatiado,Campofrio,Embalagem de 80g,"0,95 €","9,49 €/Kg"
Bolachas galettes bretonnes,Chabrior,Embalagem de 125 g,"1,69 €","6,76 €/Kg"
Caramelos de fruta,Penha,Embalagem de 250 g,"1,10 €","4,40 €/Kg"
"Sacos para gelo, fecho facil",Fino,1 embalagem de 240 unidades,"1,11 €","1,11 €/Unidade"
Spray lixívia e higiene,Cillitbang,Garrafa de 500 ml,"1,19 €","0,79 €/L"
Fralda Cueca Activity Extra Tamanho 5,Dodot,Embalagem com 40 uni.,"8,49 €","8,49 €/Unidade"
Queijo flamengo em Barra,Gresso,"Vendido ao peso, fatiado a partir de 100 gr","1,56 €","7,80 €/Kg"
Queijo limiano amanteigado vaca e ovelha sem casca o...,Limiano,Embalagem de 450g,"6,49 €","25,45 €/Kg"
Toping chocolate milka,Royal,Embalagem de 300g,"1,29 €","3,23 €/Kg"
Guardanapos Red Label 1 folha |Vermelho,Renova,Dim: 30x32cm |70 unidades,"1,29 €","1,29 €/Unidade"
Feijão encarnado em frasco,PorSi,frasco de 540 g,"1,79 €","2,29 €/Kg"
"Jogo ""Pinta Narigudo""",Concentra,1 unidade,"9,99 €/Unidade","9,99 €/Unidade"
Sardinha Congelada,Peixe Congelado,1 un = 250 gr  (aprox.),"3,99 €/Kg","3,99 €/Kg"
Fruta para bebé maçã banana +4 meses,Nestle,Embalagem de 4 x 100 g,"0,74 €","8,22 €/Kg"
Rolo de tofu com ervas,Cemporcent,Embalagem de 200g,"11,99 €","29,98 €/Kg"
8 salsicha soja,Izidoro,Embalagem de 180g,"2,09 €","8,36 €/Kg"
Miolo de amêndoa sem pele inteira,PorSi,200 g,"0,79 €","3,95 €/Kg"
Fígado,Porco,Vendido ao peso a partir de 1 kg,"0,50 €","4,99 €/Kg"
Gelatina ananás 8 kcal,PorSi,Embalagem de 4 x 100 g,"0,85 €","2,13 €/Kg"
Fio dentário fluór+menta 50m,Labell,1 unidade,"3,49 €","3,49 €/Unidade"
Luvas Universal Pequeno/Médio,Vileda,1 unidade,"4,29 €","4,29 €/Unidade"
Tablete de chocolate culinário branco,PorSi,Embalagem de 180 g,"0,99 €","9,90 €/Kg"
Wc lixívia gel original,Domestos,Garrafa de 750 ml,"2,79 €","3,99 €/L"
Aperitivos 3d's cones,3d's,Embalagem de 90g,"0,79 €","7,90 €/Kg"
Vinho branco,PorSi,Bag-in-box de 5 litros,"0,85 €","0,85 €/L"
Mistura solúvel c/ 20% café granulado,PorSi,Embalagem de 200g,"1,64 €","6,56 €/Kg"
Iogurte fruta batida pera,Mimosa,Embalagem de 480g,"1,49 €","2,98 €/Kg"
Caneca para vinho de barro pintada,Anitex,1 unidade,"1,49 €","1,49 €/Unidade"
Tira Nódoas Spray a Seco,Iberia,Embalagem de 200 ml,"10,99 €","52,33 €/Kg"
Refrigerante c/ gás,Coca-Cola,pack 6 x 0.33 l,"0,79 €","0,40 €/L"
Azeite Virgem Extra Suave,Gallo,Garrafa de 750 ml,"3,19 €","4,25 €/L"
Esfregona premium 2 em 1 completa,Vileda,1 un.,"0,89 €","0,89 €/Unidade"
Ração para cão com frango,Friskies,Embalagem de 4kg,"22,99 €","1,15 €/Kg"
Nancy um dia de verão,Mattel,,"23,99 €","23,99 €/Unidade"
Vinho Rosé,Mateus,"Garrafa de 1,5L","4,29 €","5,72 €/L"
Lava Tudo Perfumado Herbal,PorSi,Embalagem de 2 l,"0,99 €","0,50 €/L"
Pastéis de nata,PorSi,Embalagem de 6x60 g,"2,49 €","7,55 €/Kg"
Cordon bleu,Iglo,Embalagem de 200g,"4,99 €","24,95 €/Kg"
Presunto fatiado 6 meses,PorSi,Embalagem de 140 g,"2,79 €","13,95 €/Kg"
Cereais bio chocapic,Nestle,Embalagem de 330g,"1,29 €","1,29 €/L"
As minhas primeiras receitas - refeição esparguete c...,Nestle,Embalagem de 190g,"1,89 €","9,95 €/Kg"
Leite Uht Proteína Café,Mimosa,Pack 3 x 250 ml,"2,15 €","9,77 €/L"
Lixívia WC Gel Higienizante,Neoblanc,Embalagem de 700ml,"2,59 €","1,30 €/L"
Spray de lavagem a seco delicado,Day 2,200 ml,"1,09 €","2,73 €/Kg"
Salsicha Merguez,PorSi,1 un = 100 gr (aprox.),"0,50 €","4,99 €/Kg"
"Croissants com recheio de cacau, 5 unidades",Dulcesol,Embalagem de 230g,"2,05 €","5,13 €/Kg"
Robô Snakebot,Clementoni,1 un.,"9,99 €/Unidade","9,99 €/Unidade"
Saqueta de puré de fruta | maçã + manga + pêssego,PorSi,90 g,"0,74 €","8,22 €/Kg"
Infusão hipericão,Cemporcent,Embalagem de 10 unidades,"0,89 €","68,46 €/Kg"
Pensos incontinência homem,PorSi,10 unidades,"1,95 €","1,95 €/Unidade"
2 crocantes frango  recheio alho&ervas 204g,Iglo,Embalagem de 200g,"4,99 €","24,95 €/Kg"
Vela com número nº 0,PorSi,1 unidade,"0,60 €","0,60 €/Unidade"
Iogurte proteína framboesa,Lindahls,Embalagem de 150 g,"5,97 €/Kg","5,97 €/Kg"
Inseticida vaporizador,Biokill,Embalagem de 375 ml,"5,09 €","8,48 €/L"
Dentífrico sensibilidade e gengivas,Sensodyne,Embalagem de 75 ml,"2,29 €","38,17 €/L"
O cacau + cremoso,Cemporcent,Embalagem de 180g,"2,29 €","22,90 €/Kg"
Leite de pastagem meio-gordo,Terra Nostra,Embalagem de 1 litro,"0,81 €","0,81 €/L"
Vinho do porto lágrima branco,R.pinto,Garrafa de 750 ml,"11,99 €","15,99 €/L"
"Iogurte sabor morango, banana e tutti frutti",Danone,Embalagem de 8 x 120 g com 1 grátis,"1,87 €","1,25 €/Kg"
Feijão Verde,Legumes do Dia,1 un = 250 gr  (aprox.),"1,20 €","2,99 €/Kg"
Aguadente vinica velha,Património,Garrafa de 0.70 l,"12,79 €","18,27 €/L"
Mistura para carnes,PorSi,Embalagem de 40g,"0,25 €","0,25 €/Kg"
Pensos Higiénicos Fina e Segura Normal,Evax,Embalagem c/ 24 Unidades,"4,99 €","4,99 €/Unidade"
Ameijoa Branca Vietnamita,Marisco Congelado,Vendido a partir de 250 gr  (aprox.),"2,00 €","7,99 €/Kg"
Tablete chocolate de leite,PorSi,embalagem de 100 g,"0,53 €","5,30 €/Kg"
Danacol aveia,Danone,Embalagem de 6 x 100 g,"4,15 €/Kg","4,15 €/Kg"
Abrasivo wc gel ecologico,PorSi,Garrafa de 1 l,"0,99 €","1,32 €/L"
Ração seca para gatinhos frango e legumes,PorSi,Embalagem de 2 kg,"12,99 €","4,33 €/Kg"
Frutose,PorSi,Boião de 410 g,"5,99 €","23,96 €/Kg"
Queijo edam light fatias,PorSi Viva Bem,Embalagem de 150g,"2,39 €","19,92 €/Kg"
Bolacha torrada,PorSi,Embalagem de 4 x 200 g,"1,69 €","2,11 €/Kg"
Rolo de Cozinha Megarollo,Scottex,Uma embalagem c/ 8 rolos,"4,99 €","4,99 €/Unidade"
Bacalhau à Brás,PorSi,Embalagem de 1 kg,"1,79 €","7,16 €/Kg"
"Creme revitalizante, noite",L'oreal,Embalagem de 50 ml,"2,99 €","59,80 €/L"
Amaciador roupa concentrado ouro e orquídea,Quanto,132 doses,"3,74 €","0,96 €/L"
Recarga Esfregona de Algodão,PorSi,1 unidade,"0,89 €","0,89 €/Unidade"
Água s/ gás frutos vermelhos,Luso,Garrafa de 1 l,"1,04 €","0,17 €/L"
Batata palito forno express,MCCAIN,Embalagem de 500g,"1,39 €","1,39 €/Kg"
Desinfetante de frutas e vegetais,Clean Essence,500 ml,"0,62 €","2,49 €/Kg"
Comida Húmida para Gatinhos Mousse com Vitela,Gourmet Diamant,Embalagem de 85 g,"3,59 €","2,99 €/Kg"
"Tira gorduras, pistola",Kh 7,Garrafa de 750 ml,"4,89 €","6,52 €/L"
Queijo mozzarella fresca,Galbani,Embalagem de 125 g,"1,59 €","6,36 €/Kg"
Guardanapos com riscas verdes | Dim.: 33 x 33 cm,PorSi,Embalagem com 20 unidades,"1,29 €","1,29 €/Unidade"
Tablete de chocolate amêndoa e caramelo,Milka,Embalagem de 300g,"0,65 €","6,50 €/Kg"
Costeletas do Cachaço,Porco,Vendido ao peso a partir de 1 kg,"4,89 €","4,89 €/Kg"
Marcadores para colorir,Domédia,embalagem com 18 unidades,"3,09 €","3,09 €/Unidade"
Leite e cereais pijama +6 meses,Cerelac,Garrafa de 400 ml,"4,49 €","4,49 €/Kg"
Pastilhas limpa próteses,Labell,embalagem com 36 unidades,"7,39 €","105,57 €/Kg"
Pastilhas peppermint,Smint,Embalagem de 35 g,"0,89 €","59,33 €/Kg"
Iogurte líquido yoggi morango,Nestle,Embalagem de 4 x 160 g,"1,17 €","1,83 €/Kg"
8 hamburguers s/ glúten vaca,Capitão Iglo,Embalagem de 640g,"2,79 €","8,72 €/Kg"
Queijo fundido palitos,A Vaca Que Ri,Embalagem de 35g,"0,82 €","23,43 €/Kg"
Iogurte activia líquido 0% lima/limão,Danone,Embalagem de 4 x 155 g,"2,49 €","5,19 €/Kg"
Champô miracle volume + nutrição,Pantene,225 ml,"5,59 €","13,98 €/L"
Vinho DOC Dão Tinto,Dharma,"Garrafa de 0,75 L","3,99 €","5,32 €/L"
Recarga inseticida elétrico líquido,Raid,45 noites,"7,69 €","7,69 €/Unidade"
Spray limpeza fornos e grelhas,PorSi,500 ml,"1,29 €","1,72 €/L"
Pensos peles sensíveis XL,PorSi,5 unidades,"2,86 €","2,86 €/Unidade"
Amaciador Roupa Concentrado Creations Coco e Óleo Ar...,Comfort,72doses,"3,74 €","0,96 €/L"
Vinho Verde Loureiro Branco,Aveleda,Garrafa de 0.75 l,"3,09 €","3,09 €/L"
Néctar pera,PorSi,Embalagem de 1 l,"0,99 €","0,99 €/L"
Vinho tinto regional alentejano,Galitos,Garrafa de 750 ml,"2,89 €","3,85 €/L"
"Pensos tecido, resistentes à água, 10 unidades",Hansaplast,1 embalagem,"2,86 €","2,86 €/Unidade"
Amaciador roupa lavanda,Botanical Origin,45 doses,"3,74 €","0,96 €/L"
Óleo Performa C3 5w30 Sintético,Galp,Embalagem de 1 l,"14,99 €","14,99 €/L"
Pilhas recarregáveis C HR14 2600mAh,Domédia,Embalagem com 2 unidades,"1,99 €","1,99 €/Unidade"
Super Napolitana de Chocolate,Pastelaria do Dia,1 un = 120 g (aprox.),"0,30 €/Unidade","0,30 €/Unidade"
Bloco Sanitário Poder Activo Pinho,Sonasol,Embalagem de 50 g,"2,99 €","74,75 €/Kg"
Massa de macarrão grande estriado,PorSi,Embalagem de 500g,"0,89 €","1,78 €/Kg"
Fato de Pai Natal |Adulto,Anitex,,"8,99 €","8,99 €/Unidade"
Gelatina pronta a comer light 10 kcal mirtilo,Royal,Embalagem de 4 x 100 g,"0,85 €","2,13 €/Kg"
Cerveja com álcool,Corona,"Embalagem de 6x0,355L","1,99 €/L","1,99 €/L"
Chocolate culinário branco,Pantagruel,Embalagem de 200g,"1,04 €","8,32 €/Kg"
Cachaço c/ Osso,Porco,1 un= 500 gr (aprox.),"4,89 €","4,89 €/Kg"
Creme para barrar,Nutella,Embalagem de 200 g,"4,19 €","12,32 €/Kg"
Alimento lácteo cereais e baunilha +6 meses,Yogolino,Embalagem de 4 x 100 g,"2,89 €","7,23 €/Kg"
Kiwi,Zespri,embalagem de 500 g,"0,22 €","1,09 €/Kg"
Fralda cueca T6 - 16 a 22 kg,PorSi,18 unidades,"8,49 €","8,49 €/Unidade"
Collant mousse muskade 20D,PorSi,Tamanho: xl,"1,89 €","1,89 €/Unidade"
Mistura para periquitos,Canto Alegre,Embalagem de 1K,"2,49 €","2,49 €/Kg"
Vinho do porto dona antónia reserva branco,Ferreira,Garrafa de 0.75 l,"11,99 €","15,99 €/L"
Óleo alimentar,PorSi,Garrafa de 5 l,"3,39 €","3,39 €/L"
Pack de 3 lâmpadas 6W LED E14,BDC,1 embalagem,"5,99 €","5,99 €/Unidade"
Folhado de Maçã,*,1 unidade= 100 g,"0,30 €/Unidade","0,30 €/Unidade"
"Espumante Danúbio, Meio Seco",Danúbio,Garrafa de 75 cl,"8,49 €","11,32 €/L"
"Chocolate kit kat, single",Kit kat,Embalagem de 40g,"2,24 €","29,87 €/Kg"
Papa infantil láctea maçã +6 meses,Cerelac,Embalagem de 250g,"4,49 €","4,49 €/Kg"
"Lenços de bolso sensi, brancos, 10 unidades",Renova,Uma embalagem de 6x10,"0,89 €","0,89 €/Unidade"
Bolacha maria doces,Vieira,Embalagem de 300g,"1,69 €","2,11 €/Kg"
Sabonete líquido maçãs verdes,Labell,Embalagem de 500 ml,"1,09 €","2,18 €/L"
Desodorizante e desinfetante para calçado,Sanytol,Embalagem de 150 ml,"5,29 €","35,27 €/L"
Borracha para desenho técnico,Domédia,1 unidade,"3,09 €","3,09 €/Unidade"
Jogo da Forca + Jogo do Galo,Clementoni,1 unidade,"9,99 €/Unidade","9,99 €/Unidade"
Cogumelos laminados 1/2,PorSi,Embalagem de 355 g,"1,79 €","2,29 €/Kg"
Comida húmida para gato carnes e legumes com molho,PorSi,Embalagem de 1.2 kg,"3,59 €","2,99 €/Kg"
Biscoitos canudinho simples,PorSi,Embalagem de 300g,"2,82 €","9,40 €/Kg"
Spray anti calcário,Cif,Garrafa de 435 ml,"3,19 €","6,38 €/L"
Iogurte líquido tutti-frutti,Danone,Embalagem de 4 x 155 g,"1,17 €","1,83 €/Kg"
Doce de cereja s/ açúcar adicionado,PorSi,Frasco com 220 g,"2,19 €","9,95 €/Kg"
Areia para gatos aglomerante compacta perfumada,PorSi,Embalagem de 4 kg,"1,19 €","0,24 €/Kg"
Alimento lácteo morango +8 meses,Yogolino,Embalagem de 4 x 100 g,"2,89 €","7,23 €/Kg"
Molho piri piri,Macarico,Embalagem de 200g,"0,70 €","2,33 €/Kg"
Moscatel de setúbal,Selecção de Enófilos,"Garrafa de 0,75 l","5,99 €","7,99 €/L"
Bebida de coco,Shoyce,Embalagem de 1 litro,"0,99 €","0,99 €/L"
Feijão preto cozido,PorSi,Embalagem de 420 g,"1,79 €","2,29 €/Kg"
Powerade ice storm,POWERADE,Garrafa de 500 ml,"5,39 €","5,39 €/L"
"Cerveja com álcool, lata",Super Bock,Garrafa de 500 ml,"1,99 €/L","1,99 €/L"
Manteiga magra,Matinal,Embalagem de 250g,"1,69 €","6,76 €/Kg"
Aperitivos tex mex,Doritos,Embalagem de 120g,"0,79 €","7,90 €/Kg"
Tostas de trigo,Diatosta,Embalagem de 225 g,"2,39 €","6,83 €/Kg"
Nestum flocos de cereais com mel,Nestum,Embalagem de 300g,"2,19 €","8,76 €/Kg"
Vinho Vinha da Fonte Setúbal tinto,Casa Ermelinda Freitas,Garrafa de 0.75 l,"5,99 €","7,99 €/L"
Creme de dia para pele seca,Labell,Embalagem de 50 ml,"2,99 €","59,80 €/L"
Manga em calda,It.saveurs,Embalagem de 250g,"1,99 €","2,37 €/Kg"
Tesoura Essentials,Maped,13 cm,"1,35 €","1,35 €/Unidade"
Molas plásticas,PorSi,15 unidades,"0,89 €","0,89 €/Unidade"
Cerveja c/ álcool,Super Bock,Pack 15 X 0. 33L,"1,99 €/L","1,99 €/L"
Gelatina pronta a comer ananás,Royal,Embalagem de 4 x 100 g,"0,85 €","2,13 €/Kg"
Gel de Banho Secrets Oil Avocato,Dove,Embalagem de 500 ml,"6,49 €","8,65 €/L"
Leite de coco,PorSi,Embalagem de 400 ml,"3,84 €","24,00 €/Kg"
12 Preservativos Adapta Finíssimo,Control,,"4,49 €","4,49 €/Unidade"
Café solúvel creme,Nescafe,Embalagem de 100g,"1,45 €","14,50 €/Kg"
Cuecas Incontinência Unisexo Pants Super M,Tena,Unidade,"9,99 €","9,99 €/Unidade"
Bolachas waffers baunilha,PorSi,Embalagem de 210g,"0,98 €","4,67 €/Kg"
Mel de montanha,PorSi Select,Frasco de 250 g,"4,89 €","9,78 €/Kg"
"Coloração permanente, caramelo avelã, nº 6.41",Excellence,1 unidade,"9,49 €/Unidade","9,49 €/Unidade"
Balde Limpeza Super Fácil Cinza + Espremedor,Vileda,1 unidade,"17,00 €","17,00 €/Unidade"
Loção hidratante,Baby Dove,Embalagem de 200 ml,"0,59 €","5,90 €/L"
Ração para gato adulto com frango,Purina One,Embalagem de 3 kg,"12,99 €","4,33 €/Kg"
Pickles em vinagre,PorSi,Embalagem de 200 g,"1,79 €","2,29 €/Kg"
Iogurte morango skyr 0%,PorSi Viva Bem,150 g,"5,97 €/Kg","5,97 €/Kg"
Água de rosas,Hidro,Embalagem de 200 ml,"0,76 €","0,76 €/Unidade"
Húngaros,PorSi,Embalagem de 270G,"0,69 €","3,45 €/Kg"
Atum posta em óleo,Bom petisc,Embalagem de 120 g,"0,89 €","7,42 €/Kg"
6 Salsichas de porco,Nobre,Lata de 120g,"0,75 €","3,75 €/Kg"
Cereais corn flakes s/ glúten,Nestle,Embalagem de 380g,"1,49 €","2,98 €/Kg"
Tablete de chocolate leite c/ avelãs,Milka,Embalagem de 270g,"0,65 €","6,50 €/Kg"
Água c/ gás original,Frize,pack 6 x 0.25 l,"2,85 €","2,85 €/L"
Biscoitos integrais aveia e cacau,PorSi Viva Bem,Embalagem de 150g,"1,45 €","11,15 €/Kg"
Detergente máquina roupa em gel universal,Persil,Embalagem de 42 doses,"29,99 €","7,06 €/L"
Água mineral sem gás,Fastio,Pack 4 x 1.5 l,"1,04 €","0,17 €/L"
Amaciador Roupa lavanda,PorSi,Embalagem de 60 doses,"3,99 €","3,99 €/Unidade"
Queijo manchego D.O.P,PorSi Select,Embalagem de 250g,"2,87 €","15,94 €/Kg"
Açúcar em saquetas,PorSi,Embalagem 1K,"1,49 €","1,49 €/Kg"
Iogurte Pedaços Ananás 0% Matéria Gorda/Açúcares,Danone,4 x 120 g,"2,49 €","5,19 €/Kg"
Cria o Cenário,Jurassic World,1 un.,"9,99 €/Unidade","9,99 €/Unidade"
Salsichas extra suculentas,Nobre,Frasco de 650 g,"0,75 €","3,75 €/Kg"
Iogurte natural açucarado,PorSi,Embalagem de 4x125g,"0,99 €","1,98 €/Kg"
Banda cera facial peles sensíveis,Veet,Embalagem de 20 unidades,"6,99 €","6,99 €/Unidade"
Creme vegetal culinário,Vaqueiro,Embalagem de 250 g,"1,39 €","6,95 €/L"
Porto tawny,Ferreira,Garrafa de 750 ml,"15,99 €","21,32 €/L"
Aventuras da Anna e Elsa,Lego,1 unidade,"17,99 €/Unidade","17,99 €/Unidade"
Tomate Cereja Alongado Origens,PorSi Bio,Emb.: ± 250 g,"0,87 €","3,49 €/Kg"
Hamburger azeitona preta,Veg In,Embalagem de 160g,"3,39 €","21,19 €/Kg"
Miolo de amêndoa sem pele,Frutos secos,1 un = 100 gr (aprox.),"1,45 €","5,79 €/Kg"
Inseticida moscas e mosquitos,Dum Dum,Garrafa de 300 ml,"5,09 €","8,48 €/L"
Coco ralado bio,PorSi Bio,Embalagem de 200 g,"1,89 €","3,78 €/Kg"
Ovos Frescos Classe M,PorSi,12 unidades,"1,39 €","1,39 €/Unidade"
Preparado de tarte de flã,PorSi,360 g,"1,69 €","8,45 €/L"
12 nuggets frango polme americano,Capitão Iglo,Embalagem de 220g,"3,53 €","8,83 €/Kg"
Amaciador Concentrado Roupa Creations Angélicas/Baun...,Quanto,50 doses,"3,74 €","0,96 €/L"
Microscópio cientifico,Clementoni,1 unidade,"17,99 €/Unidade","17,99 €/Unidade"
Vinagre de limpeza,PorSi,Embalagem de 1 l,"0,79 €","0,79 €/L"
Manteiga amendoim com pedaços,Calve,Embalagem de 350g,"4,19 €","12,32 €/Kg"
Cone chocolate,PorSi,Embalagem de 6 x 120 ml,"5,99 €","16,64 €/L"
"Jogo ""Fake?""",Clementoni,1 unidade,"9,99 €/Unidade","9,99 €/Unidade"
Preparado para pão de ló,Branca de Neve,Embalagem de 440g,"1,69 €","8,45 €/L"
Lápis de cor 18 cm,Domédia,embalagem com 18 unidades,"4,69 €","4,69 €/Unidade"
Tapetes educativos p/ cães/gatos 60x60cm,PorSi,20 unidades,"8,75 €","8,75 €/Unidade"
"Rolo de cozinha design xxl, 3 rolos",Renova,Embalagem de 3 unidades,"4,99 €","4,99 €/Unidade"
Ovos de galinha ao ar livre | Classe: M/L,Matinados,12 unidades,"1,39 €","1,39 €/Unidade"
Cenoura baby,PorSi,Embalagem de 400 g,"1,49 €","1,49 €/Kg"
Amaciador roupa concentrado april fresh,Lenor,42 doses,"3,74 €","0,96 €/L"
Bandas de Cera Depilatória Bikini,Veet,100ml + Bálsamo 50 Ml,"10,99 €","73,27 €/L"
Refrigerante c/ gás laranja,Sumol,Garrafa de 500 ml,"0,79 €","0,40 €/L"
Cerveja,Kings Bräu,Embalagem de 10x25 cl,"1,99 €/L","1,99 €/L"
Guardanapos com riscas rosa | Dim.: 33 x 33 cm,PorSi,Embalagem com 20 unidades,"1,29 €","1,29 €/Unidade"
Queijo flamengo fatias light,PorSi,Embalagem de 200g,"1,56 €","7,80 €/Kg"
Hambúrguer de soja,Cemporcent,Embalagem de 160g,"11,99 €","29,98 €/Kg"
Chocolate kit kat,Kit kat,Embalagem de 210g,"2,24 €","29,87 €/Kg"
Wc lixivia gel pink,Domestos,Garrafa de 750 ml,"1,74 €","0,35 €/L"
Água s/ gás,S.estrela,Garrafão de 6L,"1,04 €","0,17 €/L"
Autobrilhante Incolor,Búfalo,Embalagem de 50 ml,"2,25 €","45,00 €/L"
Amaciador Roupa Concentrado Intense Care Protect,Comfort,60 doses,"3,74 €","0,96 €/L"
Bolacha golden,Oreo,Embalagem de 154 g,"0,79 €","4,49 €/Kg"
Bolacha torrada com canela,PorSi,Embalagem de 2 x 250 g,"1,69 €","2,11 €/Kg"
Vinho regional tejo,Plexus,Garrafa de 750 ml,"2,29 €","3,05 €/L"
Vela com número nº 5,PorSi,1 unidade,"0,60 €","0,60 €/Unidade"
Nata para culinária ligeira,Mimosa,Embalagem de 200 ml,"0,75 €","3,75 €/L"
Gel WC Flores,Neoblanc,Embalagem de 700 ml,"2,79 €","3,99 €/L"
Licor de amêndoa amarga,Produto selecionado,"Garrafa de 0,70 l","16,99 €","24,27 €/L"
Lula limpa,Pescanova,Embalagem de 450g,"5,49 €","6,86 €/Kg"
Ketchup,PorSi,Embalagem de 560 g,"0,70 €","2,33 €/Kg"
Autobrilhante castanho,Splendor,Embalagem de 50 ml,"2,25 €","45,00 €/L"
Arroz integral,PorSi Viva Bem,Embalagem de 1 kg,"0,99 €/Kg","0,99 €/Kg"
Ameixa seca,*,Vendido ao peso,"1,45 €","5,79 €/Kg"
Pescada da Africa do Sul,Peixe Congelado,Pescado no mar,"3,99 €/Kg","3,99 €/Kg"
Pêssego em calda metades,PorSi,Lata com 420 g,"1,99 €","2,37 €/Kg"
Achocolatado em Pó,Nesquik,Embalagem de 390g,"8,59 €/Kg","8,59 €/Kg"
Amaciador concentrado para roupa jojoba,PorSi,80 doses,"3,99 €","3,99 €/Unidade"
Posta pescada-do-cabo nº 5 para cozer,PorSi,Embalagem de 800 g,"4,39 €","10,98 €/Kg"
Chourico picante beiras,PorSi,Embalagem de 290g,"1,22 €","6,78 €/Kg"
Leite de coco light biológico,Origensbio,Garrafa de 400 ml,"1,59 €","1,59 €/L"
Espremedor,PorSi,1 unidade,"17,00 €","17,00 €/Unidade"
Vela com número nº 8,PorSi,1 unidade,"0,60 €","0,60 €/Unidade"
Concentrado de frutas tropicais,Sunquick,Garrafa de 700 ml,"3,69 €","4,92 €/L"
Muslitos do mar,Pescanova,Embalagem de 250 g,"2,19 €","8,59 €/Kg"
"Bebida láctea especial crescimento, 1-3 anos",Mimosa,Garrafa de 1 l,"0,26 €","1,30 €/L"
Café c/ cafeína intenso,Nescafe,Embalagem de 100g,"1,45 €","14,50 €/Kg"
Iogurte magro + gelatina maracujá,Mimosa,Embalagem de 4 x 120 g,"0,99 €","1,32 €/Kg"
Luva Animais da Quinta,Chicco,Uma unidade,"23,99 €","23,99 €/Unidade"
"Espuma de cabelo, volume xxl",Fru style,Embalagem de 200 ml,"3,99 €","53,20 €/L"
Beringela,Legumes do Dia,1 un=400 gr (aprox.),"0,62 €","2,49 €/Kg"
Gel Banho Excite,Axe,Embalagem de 400 ml,"5,99 €","14,98 €/L"
Pólen de abelhas,PorSi Select,Frasco de 130 g,"4,89 €","9,78 €/Kg"
Amaciador Roupa Concentrado Intense Revive,Comfort,60 doses,"3,74 €","0,96 €/L"
Sumo 100% maçã,Compal,1 litro,"1,09 €","0,73 €/L"
Caldo de galinha 8 cubos,Knorr,Embalagem de 80g,"3,84 €","24,00 €/Kg"
Vinho regional alentejano tinto,Qta.carmo,Garrafa de 0.75 l,"2,89 €","3,85 €/L"
Bocadelia de caranguejo,La piara,Embalagem de 170g,"1,19 €","13,52 €/Kg"
Achocolatado em pó extra chocolate,Nesquik,Embalagem de 390g,"8,59 €/Kg","8,59 €/Kg"
Sumo essencial de pêssego,Compal,pack 3 x 0.11 l,"2,29 €","6,94 €/L"
Água sem gás,Penacova,Garrafa de 1.5 litros,"1,04 €","0,17 €/L"
Batata Pré-Frita Dauphines,PorSi,500 g,"1,39 €","1,39 €/Kg"
Tablete de chocolate amendoim,Nestle,Embalagem de 90 g,"0,65 €","6,50 €/Kg"
Óleo Cedro Spray,PorSi,Embalagem de 250 ml,"1,39 €","1,26 €/L"
Limpa Tablier,PorSi,Embalagem de 1 l,"3,99 €","0,80 €/L"
Pensos térmicos alívio da dor muscular 13x10cm,PorSi,Embalagem de 2 unidades,"2,86 €","2,86 €/Unidade"
Pescada Pequena da Argentina -500g,Peixe Congelado,Pescado no mar,"4,39 €","10,98 €/Kg"
Vinho branco,Alandra,Garrafa de 750 ml,"1,59 €","2,12 €/L"
Cápsulas de café delta qualidus,Delta Q,Embalagem de 60g,"54,36 €/Kg","54,36 €/Kg"
"Pastilhas fruit, frutos silvestres",Trident,Embalagem de 15 g,"0,89 €","59,33 €/Kg"
Assento topo,Nania,1 unidade,"89,90 €","89,90 €/Unidade"
Amaciador para roupa concentrado rubi & jasmim,Quanto,132 doses,"3,74 €","0,96 €/L"
Bolacha vitalday aveia e chocolate,Gullon,Embalagem de 240g,"2,82 €","9,40 €/Kg"
Feijão preto,Caçarola,Embalagem de 500 g,"2,78 €/Kg","2,78 €/Kg"
Café gold colômbia frasco,Nescafe,Embalagem de 100 g,"1,45 €","14,50 €/Kg"
Rolinhos waffletten milk,Bahlsen,Embalagem de 100g,"2,24 €","29,87 €/Kg"
Café torrado 5 estrelas moagem grossa,Sical,Embalagem de 250g,"9,16 €/Kg","9,16 €/Kg"
Conjunto Romantique,Coquette,EAU DE TOILETTE 100 ML + R-ON 10 ML,"12,99 €","12,99 €/Unidade"
Kit mopa + 20 recargas,PorSi,Embalagem de 1 unidades,"2,99 €","2,99 €/Unidade"
Néctar ananás,Compal,pack 3 x 200 ml,"0,99 €","0,99 €/L"
"Anti-calcário, máquina roupa, gel",Calgon,"Garrafa de 1,5 l","29,99 €","7,06 €/L"
Comida húmida para cão,PorSi,Embalagem de 300 g,"0,75 €","2,50 €/Kg"
Restaurador p/ móveis claro,Novycera,Garrafa de 170 ml,"1,39 €","1,26 €/L"
30 douradinhos,Capitão Iglo,Embalagem de 840g,"4,39 €","10,98 €/Kg"
Tâmara seca sem caroço,PorSi Bio,Embalagem de 150g,"0,40 €","2,69 €/Kg"
Vinho branco,PorSi,embalagem de  3X187 ml,"0,85 €","0,85 €/L"
Leite corporal,Nivea,Embalagem de 400 ml,"12,48 €/L","12,48 €/L"
Sacos do lixo lavanda 50 litros,PorSi,15 unidades,"1,79 €","1,79 €/Unidade"
Vinho tinto Palmela,Dona Ermelinda,Garrafa de 1.5 l,"5,99 €","7,99 €/L"
Lava tudo amoniacal,Sonasol,"Garrafa de 3,5 l","0,99 €","0,50 €/L"
Sumo s/ gás manga/cenoura,Santal,"Garrafa de 1,5 l","1,14 €","0,76 €/L"
Iogurte líquido pinacolada,PorSi,Embalagem de 4 x 160 g,"1,17 €","1,83 €/Kg"
Batata Frita c/ Sal,Ruffles,Embalagem de 160 g,"1,06 €","5,73 €/Kg"
Cereais corn flakes,Kellogg's,Embalagem de 500g,"1,49 €","2,98 €/Kg"
Chocolate cereali 4 barritas,Kinder,Embalagem de 940g,"18,50 €/Kg","18,50 €/Kg"
Refrigerante sem gás frutos tropicais,Trina,"Garrafa de 1,5 l","1,14 €","0,76 €/L"
Baby Microfone,Clementoni,1 un.,"25,95 €","25,95 €/Unidade"
Bombons Chocolate,Candycat,Embalagem de 230G,"2,99 €","29,90 €/Kg"
Jenga,Mitama,1 unidade,"9,99 €/Unidade","9,99 €/Unidade"
Bolachas crackers integral,Du bois,Embalagem de 500g,"0,39 €","3,12 €/Kg"
Café dak lak vietnam moagem universal,Sical,Embalagem de 220g,"3,49 €","13,96 €/Kg"
"Carregador, 6 lâminas, 4 recargas",Labell Men,1 embalagem,"1,16 €","4,64 €/L"
Remov. de Verniz com Esponja,Labell,Embalagem de 75 ml,"1,15 €","4,60 €/L"
Drops cafe,Heller,Embalagem de 140g,"2,75 €","11,00 €/Kg"
Vinho regional península de setúbal,Dom Campos,Garrafa de 0.75 l,"5,99 €","7,99 €/L"
Salsicha bockwurst 5 unidades,PorSi,Embalagem de 250g,"0,75 €","3,75 €/Kg"
Infusão nº 6 sem barriga,Cemporcent,Embalagem de 10 unidades,"0,89 €","68,46 €/Kg"
Soja líquido frutos exóticos,PorSi Viva Bem,Embalagem de 4 x 150 ml,"2,95 €","5,90 €/Kg"
Bolacha digestiva go canela,Triunfo,Embalagem de 170g,"0,98 €","3,27 €/Kg"
"Vinho DOC Bairrada, Branco",Selecção de Enófilos,Garrafa de 0.75 l,"2,49 €","3,32 €/L"
Arroz agulha,Saludães,Embalagem de 1kg,"0,99 €/Kg","0,99 €/Kg"
Uno cartas,Mattel,1 unidade,"9,99 €/Unidade","9,99 €/Unidade"
Batata Roxa Nova Granel,Legumes do Dia,1 un = 250 gr  (aprox.),"0,89 €/Kg","0,89 €/Kg"
Fermento padeiro,Royal,Embalagem de 27g,"1,59 €","19,39 €/Kg"
Jogo Loucuras,Educa,1 unidade,"9,99 €/Unidade","9,99 €/Unidade"
Farinha p/ bolos fina,Nacional,Embalagem de 1Kg,"1,99 €","1,99 €/Kg"
Gel de Banho Fresh Touch,Dove,Embalagem de 750 ml,"6,49 €","8,65 €/L"
Reparador de móveis escuro,PorSi,Embalagem de 200 ml,"1,39 €","1,26 €/L"
Bacalhau Especial,Bacalhau da Noruega,1 un = 4 kg (aprox.),"8,73 €/Kg","8,73 €/Kg"
Iogurte grego natural magro,PorSi Viva Bem,Embalagem de 1 kg,"0,99 €","1,98 €/Kg"
Favas ultracongeladas,PorSi,Embalagem de 400g,"1,49 €","1,49 €/Kg"
Lata de Brilho Castanho,Búfalo,Embalagem de 75 ml,"0,99 €","19,80 €/L"
Vinho regional península de setúbal reserva,Periquita,Garrafa de 0.75 l,"5,99 €","7,99 €/L"
Bollycao,Bollycao,Embalagem de 2 unidades,"2,05 €","5,13 €/Kg"
Legumes verdes para sopa,PorSi,Embalagem de 1 kg,"1,49 €","1,49 €/Kg"
Cem porcento-flocos de aveia grossos,Cemporcent,Embalagem de 400g,"2,99 €","7,97 €/Kg"
Açúcar baunilhado,Vahine,Embalagem de 40g,"1,49 €","1,49 €/Kg"
Coelho inteiro,PorSi,Vendido ao peso,"2,32 €","5,80 €/Kg"
Bloco Sanitário Poder Activo Lavanda,Sonasol,Embalagem de 2x50 g,"2,99 €","74,75 €/Kg"
Vinho rosé,Lancers,Garrafa 0.75L,"4,29 €","5,72 €/L"
Plantanatur detox rapid,PLANTANATU,Garrafa de 500 ml,"10,79 €","21,58 €/L"
Café solúvel gold,PorSi Select,Embalagem 100G,"1,45 €","14,50 €/Kg"
Azeitona Preta Extra,PorSi,1 un = 100 gr (aprox.),"0,35 €","3,49 €/Kg"
Cereais crack star,PorSi,Embalagem de 375 g,"5,07 €/Kg","5,07 €/Kg"
Gelatina de ananás,PorSi,Embalagem de 170g,"0,55 €","61,11 €/Kg"
Copos para café 80 ml,Aj simoes,Embalagem com 25 unidades,"0,54 €","0,54 €/Unidade"
"Papel higiénico acolchoado, folha tripla, 9 rolos",Scottex,1 embalagem,"1,99 €","1,99 €/Unidade"
Bolachas waffers chocolate,PorSi,Embalagem de 210g,"0,98 €","4,67 €/Kg"
Piscina familiar,Bestway,Dim.: 262x157x46 cm,"2,99 €","2,99 €/Unidade"
Massa de espirais,Nacional,Embalagem de 500g,"0,89 €","1,78 €/Kg"
Iogurte activia líquido 0% morango/kiwi,Danone,Embalagem de 4 x 155 g,"2,49 €","5,19 €/Kg"
Hamburguers de bovino,PorSi,Embalagem de 1 kg,"2,79 €","8,72 €/Kg"
Vinho maduro branco,Leziria,Garrafa de 5 l,"8,89 €","1,78 €/L"
Bolachas chips ahoy,Ca!,Embalagem de 300g,"0,90 €","6,00 €/Kg"
Depilatório homem gel,Veet,Garrafa de 200 ml,"10,99 €","73,27 €/L"
Limpa vidros cristal recarga,Ajax,Embalagem de 500 ml,"3,19 €","6,38 €/L"
"Batata frita caseira, rodela",Pala-pala,Embalagem de 180g,"0,87 €","5,44 €/Kg"
Esfregão Fibra Verde Grande XXL Gama Classic,Scotch-Brite,Embalagem de 1 unidades,"2,54 €","2,54 €/Unidade"
Leite uht c/ chocolate,Ucal,Garrafa de 1 l,"0,26 €","1,30 €/L"
Película Aderente 60M,PorSi,1 unidade,"1,11 €","1,11 €/Unidade"
Farinha de aveia integral,Cemporcent,Embalagem de 400g,"1,89 €","12,60 €/Kg"
Preparado p/ arroz de marisco,Pescanova,Embalagem de 500g,"2,19 €","8,59 €/Kg"
Muesli original,Alpen,Embalagem de 550g,"2,28 €","4,56 €/Kg"
Ricore,Nestle,Embalagem de 260g,"1,64 €","6,56 €/Kg"
Queijo fresco magro,Santiago,Embalagem de 70g,"2,39 €","19,92 €/Kg"
Vela com número nº 1,PorSi,1 unidade,"0,60 €","0,60 €/Unidade"
Queijo mini,Babybel,Embalagem de 6x20 g,"2,60 €","13,00 €/Kg"
"Coloração permanente, castanho tiramissu nº4.15",Nutrisse,1 unidade,"9,49 €/Unidade","9,49 €/Unidade"
Mega bolsa com 60 peças,Mega Bloks,1 unidade,"17,99 €/Unidade","17,99 €/Unidade"
Iogurtes magros aroma morango,PorSi Viva Bem,Embalagem de 6 x 125 g,"0,99 €","1,32 €/Kg"
Creepy Mix,Chupachups,Embalagem de 400g,"3,40 €","28,33 €/Kg"
Recarga para Esfregona Microfibra e Algodão,Vileda,,"0,89 €","0,89 €/Unidade"
Ice tea pêssego,Lipton,Embalagem de 1L,"1,14 €","0,76 €/L"
Delta chicória + cafe soluvel lata,Delta,Embalagem de 250g,"1,45 €","14,50 €/Kg"
Líxivia Super Gel Regular,Neoblanc,Embalagem de 750ml,"2,59 €","1,30 €/L"
Xarope de limão sem corantes,Paquito,Garrafa de 750 ml,"3,69 €","4,92 €/L"
Feijao verde redondo,PorSi,Embalagem de 400g,"1,49 €","1,49 €/Kg"
Creme barrar nutela 350g,Nutella,Embalagem de 350G,"4,19 €","12,32 €/Kg"
Flocos de aveia,PorSi Viva Bem,Embalagem de 400g,"0,69 €","1,73 €/Kg"
Borracha para lápis e tinta,Domédia,1 unidade,"4,69 €","4,69 €/Unidade"
Iogurte activia cremoso frutos silvestres,Danone,Embalagem de 4 x 120 g,"1,49 €","2,98 €/Kg"
Amaciador jasmim e maçã,Surf,90 doses,"8,99 €","2,25 €/L"
Pate picante 73gr.                ce *24,La piara,Embalagem de 70g,"1,19 €","13,52 €/Kg"
Bolachas de aveia,Triunfo,Embalagem de 190g,"2,82 €","9,40 €/Kg"
Margarina líquida,Vaqueiro,Embalagem de 500 ml,"2,89 €","2,89 €/Kg"
Amaciador nutri-protec,Labell,Embalagem de 200 ml,"1,00 €","5,00 €/L"
Lixívia para roupa delicada,Neoblanc,Embalagem de 2 l,"2,19 €","1,10 €/L"
Lixívia Tradicional,PorSi,Embalagem de 5 l,"1,74 €","0,35 €/L"
Aguardente,Alma pura,Garrafa de 0.70 l,"12,79 €","18,27 €/L"
Gel wc tripla ação c/ lixívia,Harpic,Garrafa de 750 ml,"1,79 €","2,39 €/L"
Cha infusão verde,Cemporcent,Embalagem com 10 saquetas,"58,44 €/Kg","58,44 €/Kg"
Granulado PH mais,Gre,1 kg,"2,99 €","2,99 €/Unidade"
Patê de sardinha,PorSi,Embalagem de 65 g,"1,19 €","13,52 €/Kg"
Noz com casca 28/30,Frutos secos,1 un = 200 gr (aprox.),"1,45 €","5,79 €/Kg"
Néctar light de laranja prisma,PorSi,Embalagem de 1 l,"0,84 €","2,55 €/L"
Lombo assado fatiado,PorSi,150 g,"2,49 €","16,60 €/Kg"
Bacalhau posta asa branca,PorSi,Embalagem de 800G,"6,39 €","7,99 €/Kg"
Café lote bocage grão,Nicola,Embalagem de 1 kg,"9,16 €/Kg","9,16 €/Kg"
Suiço Longo c/ Pepitas de Chocolate,PorSi,1 un. = 100 g,"0,30 €/Unidade","0,30 €/Unidade"
Vinho rosé,C.mendes,Garrafa de 750 ml,"4,29 €","5,72 €/L"
Leite infantil confort 1 desde o nascimento,NAN,Embalagem de 800g,"20,99 €","26,24 €/Kg"
Ovos Frescos Omega 3 de Galinhas Solo,PorSi Viva Bem,Embalagem com 6 unidades,"2,19 €","2,19 €/Unidade"
Infusão cidreira,PorSi,Embalagem de 40g,"0,89 €","68,46 €/Kg"
Spray desinfetante casa de banho,Lysol,Embalagem de 500 ml,"1,79 €","2,39 €/L"
Mistura solúvel tofina despertar,Nestle,Embalagem de 200g,"1,64 €","6,56 €/Kg"
Red Fish Congelado,Nossa seleção,1 un. 200 a 300 g (aprox.),"3,99 €/Kg","3,99 €/Kg"
Açúcar baunilhado,Globo,Embalagem de 70g,"1,49 €","1,49 €/Kg"
Café moagem universal timor,Delta,Embalagem de 220g,"9,16 €/Kg","9,16 €/Kg"
Miolo camarão 40/60,PorSi,Embalagem de 200g,"8,99 €","25,69 €/Kg"
Iogurte liquido infantil morango,PorSi,Embalagem de 6 x 94 ml,"1,05 €","1,86 €/L"
Almôndegas bolonhesa,Iglo,Embalagem de 400g,"3,53 €","8,83 €/Kg"
Ambientador tealights frutos vermelhos,PorSi,embalagem com 18 unidades,"9,49 €","45,19 €/Kg"
Palhinhas de papel,PorSi,25 unidades,"0,60 €","0,60 €/Unidade"
Chocolate kit kat,Kit kat,Embalagem de 130g,"2,24 €","29,87 €/Kg"
Cadeira Viana Verde Tecido Poliéster,HDF,Dim.: 64 x 108 x 79 cm,"41,99 €","41,99 €/Unidade"
Fios D'Ovos,PorSi Select,Embalagem de 2 x 50 g,"1,49 €","3,73 €/Kg"
12 nuggets frango polme americano,Capitão Iglo,Embalagem de 220g,"9,30 €/Kg","9,30 €/Kg"
Inseticida Elétrico Night&Day Pack Duplo,Raid,Embalagem de 2x300 mg,"7,69 €","7,69 €/Unidade"
Bolachas marinheiras linhaça,Cemporcent,Embalagem de 200 g,"1,45 €","11,15 €/Kg"
Recarga p/ ambientador automático freshmatic flor de...,Air Wick,Embalagem de 250 ml,"11,98 €","11,98 €/Unidade"
"Inseticida recarga, elétrico, 45 noites",Raid,1 unidade,"7,69 €","7,69 €/Unidade"
Guardanapos de papel reciclado,PorSi,100 unidades,"1,29 €","1,29 €/Unidade"
Bases para pizza,PorSi,Embalagem de 3 x 125 g,"1,79 €","4,77 €/Kg"
Creme autobrilhante preto,Splendor,40 ml,"2,25 €","45,00 €/L"
Escova de Dentes Júnior,Aquafresh,1 unidade,"3,49 €","3,49 €/Unidade"
Amendoas trituradas 125g,Vahine,Embalagem de 130g,"1,29 €","3,23 €/Kg"
Manteiga com sal,Mimosa,Embalagem de 130g,"1,69 €","6,76 €/Kg"
Arroz carolino,Louro,Embalagem de 1 kg,"0,99 €/Kg","0,99 €/Kg"
"Vela em número, nº 7",PorSi,1 unidade,"0,60 €","0,60 €/Unidade"
Peito de frango,PorSi,"Vendido ao peso, fatiado a partir de 150 g","2,25 €","11,25 €/Kg"
Amaciador concentrado para roupa pétalas de rosa,PorSi,80 doses,"3,74 €","0,96 €/L"
Bolo de Arroz 70 g,*,,"0,30 €/Unidade","0,30 €/Unidade"
Deco açucar rosa,Vahine,Embalagem de 82g,"1,59 €","19,39 €/Kg"
Aguardente velha vsop,Antiqua,Garrafa de 700 ml,"12,79 €","18,27 €/L"
Folha de alumínio,PorSi,30 metros,"1,11 €","1,11 €/Unidade"
Almofada Viscoelástica Dim.: 45x60cm,*,1 Unidade,"7,99 €","7,99 €/Unidade"
Depilatório homem gel,Veet,Garrafa de 200 ml,"9,99 €","49,95 €/L"
Presunto nacos,PorSi,Embalagem de 250g,"2,79 €","13,95 €/Kg"
Leite regular 2,Aptamil,Embalagem de 800 g,"20,99 €","26,24 €/Kg"
Tomate coração de boi categoria: II,*,Vendido ao peso,"0,87 €","3,49 €/Kg"
Sical 5est café moido,Sical,Embalagem de 220g,"9,16 €/Kg","9,16 €/Kg"
20 saquetas chá noite tranquila,Lipton,Embalagem de 30g,"58,44 €/Kg","58,44 €/Kg"
Refrigerante c/ gás ananás,Sumol,Garrafa de 500 ml,"0,79 €","0,40 €/L"
Iguarias Pota com Alho,Pitéu,Embalagem de 120 g,"0,89 €","7,42 €/Kg"
Feijao branco fidalgo,Caçarola,Embalagem de 500 g,"2,78 €/Kg","2,78 €/Kg"
Torta cacau com sabor a natas,PorSi,Embalagem de 300g,"2,05 €","5,13 €/Kg"
Creme fixação para dentaduras,Polident,Embalagem de 70 g,"7,39 €","105,57 €/Kg"
Chourico carne das beiras,PorSi,Embalagem de 290g,"1,22 €","6,78 €/Kg"
Corn flakes,PorSi,Embalagem de 1 kg,"1,49 €","2,98 €/Kg"
Bolsinhas Perfumadas Anti Traça de Lavanda,Dum Dum,34 g,"5,99 €","176,18 €/Kg"
Snack Cão Prodental,PorSi,Embalagem 180 g,"0,94 €","5,22 €/Kg"
Croissant Brioche 85 g,Pastelaria do Dia,,"0,30 €/Unidade","0,30 €/Unidade"
Iogurte bio manga e baunilha,Páturages,Embalagem de 4 x 125 g,"5,97 €/Kg","5,97 €/Kg"
50 Jogos Reunidos,Clementoni,1 unidade,"9,99 €/Unidade","9,99 €/Unidade"
Água mineral natural alcalina,MONCHIQUE,Garrafão de 5 l,"1,04 €","0,17 €/L"
Hambúrguer mediterrânico,Cemporcent,Embalagem de 160g,"11,99 €","29,98 €/Kg"
Café moagem universal angola,Delta,Embalagem de 220g,"9,16 €/Kg","9,16 €/Kg"
"Queijo flamengo, bola quartos",Agros,Embalagem de 350g,"1,56 €","7,80 €/Kg"
Detergente líquido p/ máquina lavar roupa cores escu...,Woolite,"Garrafa de 1,65 l","29,99 €","7,06 €/L"
Batata Roxa miúda,Legumes do Dia,Embalagem de 1 kg (aprox.),"0,89 €/Kg","0,89 €/Kg"
Coentros em vaso,Aroma viva,Embalagem de 1 unidades,"0,99 €","19,80 €/Kg"
Pescada Média Argentina,Peixe Congelado,+ de 500 g,"3,99 €/Kg","3,99 €/Kg"
Bebida de soja,Shoyce,Embalagem de 1 litro,"2,49 €","2,49 €/L"
"Pensos diários, maxi, 40 unidades",Evax,Uma embalagem,"1,79 €","1,79 €/Unidade"
Caneta correctora  Shake & Squeeze 2+1,Bic,1 unidade,"2,49 €","2,49 €/Unidade"
Descafeinado aroma e leveza,Nicola,12 cápsulas,"1,59 €","6,36 €/Kg"
Nestum chocolate,Nestum,Embalagem de 250g,"2,19 €","8,76 €/Kg"
Sabonete,Feno,Embalagem de 4x90 g,"1,99 €","12,44 €/Kg"
Reparador de móveis normal,PorSi,Embalagem de 200 ml,"1,39 €","1,26 €/L"
Azeite,Oliveira da Serra,Embalagem de 750 ml,"3,19 €","4,25 €/L"
Frutos vermelhos,PorSi,Embalagem de 750 g,"3,29 €","4,39 €/Kg"
Leite infantil 3+ anos sem lactose,Mimosa,Garrafa de 1 l,"0,26 €","1,30 €/L"
Chá de camomila e erva príncipe,Lipton,20 saquetas,"1,14 €","114,00 €/Kg"
"Porto, reserva",Calém,"garrafa de 0,75 l","10,99 €","14,65 €/L"
Iogurte líquido dan'up morango e banana,Danone,Embalagem de 4 x 155 g,"1,17 €","1,83 €/Kg"
Chocolate single 38g,Toff.crisp,Embalagem de 40g,"2,24 €","29,87 €/Kg"
Dawnut Glacé,Pastelaria do Dia,50g,"0,30 €/Unidade","0,30 €/Unidade"
Manteiga magra meio sal,President,Embalagem de 250g,"1,69 €","6,76 €/Kg"
Rolo cozinha compacto 3 folhas,Foxy,1 unidade,"4,99 €","4,99 €/Unidade"
Mini tostas integrais super finas,PorSi,Embalagem de 100 g,"2,39 €","6,83 €/Kg"
"Atum em posta, em azeite",General,Embalagem de 110g,"0,89 €","7,42 €/Kg"
Banha,PorSi,Embalagem de 230 g,"2,89 €","2,89 €/Kg"
Ice tea limão,Lipton,pack 6 x 0.25 l,"1,14 €","0,76 €/L"
Bolacha torrada 800g 33% grátis,Vieira,Embalagem de 800g,"1,69 €","2,11 €/Kg"
Bolacha de Manteiga Belga c/ Chocolate Branco,Saborosa,Embalagem de 198 g,"1,69 €","6,76 €/Kg"
Nata pasteurizada,PorSi,Embalagem de 450 ml,"0,75 €","3,75 €/L"
Lixívia Densa + Squeeze Harmonias Florais,Neoblanc,Embalagem de 1 l,"1,74 €","0,35 €/L"
Detergente liquido loiça clássico,PorSi,Garrafa de 1 litro,"0,99 €","1,98 €/L"
Salada de Marisco,Amarras,Embalagem de 700 g,"2,19 €","8,59 €/Kg"
Árvore de Natal,*,Dim.: 150cm,"8,99 €","8,99 €/Unidade"
Queijo emmental ralado,PorSi,Embalagem de 200 g,"1,49 €","7,45 €/Kg"
Cebola picada,PorSi,Embalagem de 400 g,"1,49 €","1,49 €/Kg"
Iogurte grego stracciatella sem lactose,PorSi Viva Bem,Embalagem de 240g,"0,99 €","1,98 €/Kg"
Arroz vaporizado,PorSi,Embalagem de 1 kg,"0,99 €/Kg","0,99 €/Kg"
Bebida energética tropical edition,Red Bull,Garrafa de 250 ml,"5,39 €","5,39 €/L"
Néctar vital equilibrio frutos vermelhos,Compal,Embalagem de 1 l,"0,99 €","0,99 €/L"
Capa Universal,Vileda,1 unidade,"16,50 €","16,50 €/Unidade"
Amendoim com casca,Frutos secos,1 un = 100 gr (aprox.),"1,45 €","5,79 €/Kg"
Iogurte líquido pinacolada corpos danone,Danone,Embalagem de 4 x 155 g,"1,17 €","1,83 €/Kg"
Gelado bomboniera,Olá,Embalagem de 140ML,"5,99 €","16,64 €/L"
Louro em folhas,PorSi,30 g,"0,25 €","0,25 €/Kg"
Cheerios 375g,Nestle,Embalagem de 380g,"5,07 €/Kg","5,07 €/Kg"
24 etiquetas azuis,Domédia,Uma embalagem,"2,19 €","109,50 €/L"
Balde praia dobrável,Gratta,18 x 16 cm,"2,99 €","2,99 €/Unidade"
Pensos Incontinência Mulher Discreet Maxi Night,Tena,12 unidades,"1,95 €","1,95 €/Unidade"
Salmão posta ao natural,PorSi Select,Lata de 120 g,"0,89 €","7,42 €/Kg"
Desodorizante spray sport 48h,Labell Men,Embalagem de 200 ml,"1,39 €","6,95 €/L"
Tomate pelado,Guloso,Embalagem de 390g,"3,84 €","24,00 €/Kg"
Dettol sabonete líquido Lavanda,Dettol,Garrafa de 250 ml,"1,09 €","2,18 €/L"
Ambientador vela duo maçã,Air Wick,Embalagem de 210g,"9,49 €","45,19 €/Kg"
Cevada solúvel,Delta,Embalagem de 200 g,"1,45 €","14,50 €/Kg"
Bol agua s. dose integral 186g,Vieira,Embalagem de 180g,"0,98 €","3,27 €/Kg"
Batata palha finíssima,PorSi Select,Embalagem de 180 g,"0,87 €","5,44 €/Kg"
Brandy,Macieira,Garrafa de 1 l,"11,99 €","17,13 €/L"
Achocolatado em Pó,Nesquik,Embalagem de 700g,"8,59 €/Kg","8,59 €/Kg"
Farinha p/ bolos extra fina,Nacional,Embalagem de 1 kg,"1,99 €","1,99 €/Kg"
Vinagre de vinho branco,PorSi,Garrafa de 1 l,"0,35 €","0,70 €/L"
Sacos do lixo lavanda 30 litros,PorSi,20 sacos,"1,79 €","1,79 €/Unidade"
"Inseticida elétrico, trio, nigth & day",Raid,1 unidade,"7,69 €","7,69 €/Unidade"
Lambrusco tinto,*,Garrafa de 750 ml,"2,29 €","3,05 €/L"
Lagartos,PorSi,Embalagem de 300 gr,"0,69 €","3,45 €/Kg"
Escorrega para água,Bestway,"Dim.: 4,88 m","2,99 €","2,99 €/Unidade"
Bolacha com aveia,PorSi,Embalagem de 300 g,"0,98 €","3,27 €/Kg"
Tablete de chocolate leite,Nestle,Embalagem de 130g,"0,53 €","5,30 €/Kg"
Collant confort 20d preto S/M,PorSi,Embalagem de 1 unidades,"1,89 €","1,89 €/Unidade"
Muesli Frutas,PorSi,500 g,"2,28 €","4,56 €/Kg"
20 saquetas chá digestão fácil,Lipton,Embalagem de 30g,"1,14 €","114,00 €/Kg"
Folhas Vertedoras Drop Stop,Jomafe,2 unidades,"4,99 €","4,99 €/Unidade"
Mini tortitas milho c/ sal,PorSi Viva Bem,Embalagem de 200g,"1,45 €","11,15 €/Kg"
"Creme de rosto de dia revitalift, laser",L'oreal,Embalagem de 50 ml,"2,99 €","59,80 €/L"
Creme de dia para pele normal,Labell,Embalagem de 50 ml,"2,99 €","59,80 €/L"
Anticongelante vermelho -11,Arbo,Embalagem de 5 l,"3,99 €","0,80 €/L"
Vinagre vinho branco,PorSi,Garrafa de 500 ml,"0,35 €","0,70 €/L"
Sacos Slide & Lock,Fino,"1 embalagem 15,L x15un","1,11 €","1,11 €/Unidade"
Massa folhada s/ glúten,Pasta dia,Embalagem de 280g,"0,99 €","4,30 €/Kg"
Spray elimina odores do calçado,PorSi,embalagem de 100 ml,"5,29 €","35,27 €/L"
Pastilha Elástica Bottle Frutos Vermelhos,Trident,Embalagem de 82 g,"0,89 €","59,33 €/Kg"
"Hamburguers de frango, 4 x 80 g",PorSi,Embalagem de 320g,"2,79 €","8,72 €/Kg"
Douradinhos s/glúten,Capitão Iglo,Embalagem de 250g,"9,30 €/Kg","9,30 €/Kg"
Pano Microfibras Colors XL,Vileda,Embalagem com 4 un.,"1,79 €","1,79 €/Unidade"
Tostas sem glúten,Schar,Embalagem de 150g,"2,39 €","6,83 €/Kg"
Mistura para canários,Canto Alegre,Embalagem de 1K,"2,49 €","2,49 €/Kg"
Espelta em grão - cozinha pura,Cemporcent,Embalagem de 500g,"1,94 €","3,88 €/Kg"
Sabonete Líquido Original,Dove,Embalagem de 250 ml,"1,09 €","2,18 €/L"
Azeitoneira de barro pintada,Anitex,1 unidade,"2,50 €","2,50 €/Unidade"
Vinagre vinho branco 500ml,Cristal,Garrafa de 500 ml,"0,35 €","0,70 €/L"
Vinho tinto,Alandra,Garrafa de 750 ml,"2,99 €","3,99 €/L"
Sobremesa paturette baunilha,Páturages,Embalagem de 4 x 115 g,"0,99 €","1,65 €/Kg"
Bolachas starship chocolate,PorSi,Embalagem de 150g,"0,90 €","6,00 €/Kg"
Adoçante em pó,PorSi,250 saquetas,"5,99 €","23,96 €/Kg"
Magnum amêndoa,Olá,Embalagem de 6 x 55 ml,"5,99 €","16,64 €/L"
Líquido wc active clean mint & jasmin,Ambipur,750 ml,"1,79 €","2,39 €/L"
Bolacha princesa chocolate,Vieira,Embalagem de 200 g,"3,74 €","9,35 €/Kg"
Queijo ralado 4 queijos,Valformoso,Embalagem de 150g,"1,49 €","7,45 €/Kg"
Paio das beiras,PorSi,Embalagem de 380g,"2,79 €","13,95 €/Kg"
"Queijo, 16 porções",A Vaca Que Ri,Embalagem de 280g,"4,68 €","11,70 €/Kg"
Creme anti-rugas reafirmante,Diadermine,Embalagem de 50 ml,"2,99 €","59,80 €/L"
Massa bagos,PorSi,Embalagem de 250g,"0,89 €","1,78 €/Kg"
Café moagem universal portugal,Delta,Embalagem de 250g,"9,16 €/Kg","9,16 €/Kg"
Choco rice,Cemporcent,Embalagem de 250g,"0,69 €","1,73 €/Kg"
Café em Cápsulas Dolce Gusto Sical,Nescafé,Embalagem de 3x16 cápsulas,"54,36 €/Kg","54,36 €/Kg"
Pensos higiénicos liberty super abas,Evax,Embalagem com 10 un.,"4,99 €","4,99 €/Unidade"
Ambientador Arbre Pinho,Arbre Magique,3 unidade,"2,89 €","2,89 €/Unidade"
Party & Co Family,Diset,,"17,99 €/Unidade","17,99 €/Unidade"
Iogurte aroma varios sabores,PorSi,Embalagem de 12 x 125 g,"1,87 €","1,25 €/Kg"
Livro Pop-Ups - Animais,Europrice,1 unidade,"3,79 €/Unidade","3,79 €/Unidade"
Descafeinado,Nestlé,Embalagem de 100 g,"1,59 €","6,36 €/Kg"
Leite uht magro,Gresso,Embalagem de 1 litro,"0,81 €","0,81 €/L"
Óleo alimentar,Fula,Embalagem 3L,"3,39 €","3,39 €/L"
Pensos higiénicos Cottonlike Super Plus Com Abas,Evax,10 unidades,"4,99 €","4,99 €/Unidade"
Café solúvel c/ cafeína,Delta,Embalagem de 100g,"1,45 €","14,50 €/Kg"
"Chá preto, sem cafeína, 10 saquetas",Tetley,Embalagem de 20g,"1,69 €","56,33 €/Kg"
Côco ralado,PorSi,Embalagem de 200g,"1,29 €","3,23 €/Kg"
Jogo Joker,Clementoni,1 un.,"9,99 €/Unidade","9,99 €/Unidade"
Nata uht light,Mimosa,Embalagem de 200 ml,"0,75 €","3,75 €/L"
Bolacha Maria sem lactose,PorSi Viva Bem,Embalagem de 200 g,"0,99 €","1,98 €/Kg"
Bebida láctea especial crescimento 1-3 anos,Mimosa,Embalagem de 200 ml,"0,26 €","1,30 €/L"
Bebida coco,Alpro,Embalagem de 1L,"2,49 €","2,49 €/L"
Chá verde matcha mirtilo,Tetley,20 saquetas,"58,00 €/Kg","58,00 €/Kg"
Concentrado manga,Sunquick,Garrafa de 580 ml,"3,69 €","4,92 €/L"
Máquina de barbear c/ 2 recargas de 6 lâminas,Labell Men,,"1,16 €","4,64 €/L"
Espumante bruto,Cabriz,Garrafa de 750 ml,"8,49 €","11,32 €/L"
Iogurte magro + gelatina framboesa,Mimosa,Embalagem de 4 x 120 g,"0,99 €","1,32 €/Kg"
Tablete de chocolate leite/amêndoa,Nestle,Embalagem de 120g,"0,65 €","6,50 €/Kg"
Caçarola Alumínio Anti-Aderente 20Cm,PorSi,1 unidade,"11,99 €","11,99 €/Unidade"
Iogurte tipo grego maracujá,PorSi,Embalagem de 4 x 125 g,"1,49 €","2,98 €/Kg"
Vinho verde branco,Da Barca,Garrafa de 1 litro (33% grátis),"3,09 €","3,09 €/L"
Peito de peru,PorSi,"Vendido ao peso, fatiado a partir de 150 g","2,25 €","11,25 €/Kg"
Cápsulas de café qharisma,Delta Q,Embalagem de 60g,"54,36 €/Kg","54,36 €/Kg"
Creme culinário de soja,Shoyce,Garrafa de 200 ml,"1,39 €","6,95 €/L"
Fruta para bebé banana maçã +4 meses,Nestle,Embalagem de 90g,"0,74 €","8,22 €/Kg"
Rolo cozinha branco 3 folhas,PorSi,3 rolos,"4,99 €","4,99 €/Unidade"
Bolachas brownie tubo,Oreo,Embalagem de 150g,"0,79 €","4,49 €/Kg"
Leite regular 3,Aptamil,Embalagem de 800 g,"20,99 €","26,24 €/Kg"
Vinho tinto,Pias,Garrafa de 5 l,"8,89 €","1,78 €/L"
Vinho doc douro tinto,Tellu's,Garrafa de 750 ml,"7,49 €","9,99 €/L"
Liégeois Sobremesa de chocolate,Páturages,Embalagem de 4x100 g,"0,99 €","1,65 €/Kg"
Queijo ralado dispensador,PorSi,Embalagem de 80g,"1,49 €","7,45 €/Kg"
"Vinho regional península de setúbal, colheita seleci...",Adega de Pegões,Garrafa de 0.75 l,"5,99 €","7,99 €/L"
"Cereais special k, frutos vermelhos",Kellogg's,Embalagem de 300g,"3,45 €","26,74 €/Kg"
Sacos lixo eco com atilho 30 litros,PorSi,20 unidades,"1,79 €","1,79 €/Unidade"
Queijo vaca e ovelha s. penela,Serqueijos,Embalagem de 500g,"5,99 €","23,96 €/Kg"
Vela com número nº 9,PorSi,1 unidade,"0,60 €","0,60 €/Unidade"
Batata frita lisa chips,PorSi,Embalagem de 185 g,"1,06 €","5,73 €/Kg"
Nerf Elite 2.0 Volt SD,Nerf,1 un.,"17,99 €/Unidade","17,99 €/Unidade"
Chá Aromatizado Pirâmide Mel/Limão/Ginseng,PorSi,20 x 2 g,"58,00 €/Kg","58,00 €/Kg"
"Néctar pêssego, prisma",PorSi,Embalagem de 1 l,"0,99 €","0,99 €/L"
Baby jardinagem,Baby Clementoni,1 un.,"17,99 €/Unidade","17,99 €/Unidade"
Martini Riserva Rubino,Martini,Garrafa de 750 ml,"22,49 €","32,13 €/L"
SuperCeys,Ceys,1 unidade,"2,59 €","86,33 €/Kg"
Sementes de linhaça dourada,PorSi Viva Bem,Embalagem de 250 g,"1,59 €","10,60 €/Kg"
Soja polpa fruta,PorSi Viva Bem,Embalagem de 8 x 100 g,"2,95 €","5,90 €/Kg"
Torrão crocante com chocolate,El almendr,Embalagem de 75g,"0,65 €","6,50 €/Kg"
Massa spaghetti tricolore,Milaneza,Embalagem de 500 g,"0,89 €","1,78 €/Kg"
Marmelada,PorSi,Embalagem de 900g,"1,09 €","2,42 €/Kg"
Licor,Beirão,"Garrafa de 0,70 L, Oferta de copo caipirão","16,99 €","24,27 €/L"
Pimentão doce saqueta,PorSi,Embalagem de 50 g,"0,25 €","0,25 €/Kg"
Empada de Frango 60 g,Fornada do Dia,,"0,65 €","0,65 €/Unidade"
Jogo Máquina da Verdade,IMC,1 unidade,"9,99 €/Unidade","9,99 €/Unidade"
Queijo azul,PorSi,100 g,"1,99 €","9,95 €/Kg"
Pasta dentífrica herbal,Colgate,Embalagem de 75 ml,"2,29 €","38,17 €/L"
"Gel depilatório, peles sensiveis",Labell,Embalagem de 200 ml,"10,99 €","73,27 €/L"
Termo forte beringela/limão,PLANTANATU,Garrafa de 500 ml,"10,79 €","21,58 €/L"
Molho de nata para carne,Mimosa,Garrafa de 200 ml,"0,70 €","2,33 €/Kg"
Ted Urso Falante,Clementoni,1 unidade,"23,99 €","23,99 €/Unidade"
Sobremesa de Arroz Doce,PorSi,Embalagem 2X135G,"1,49 €","3,73 €/Kg"
Adoçante à base de sucralose,PorSi Viva Bem,Embalagem de 17g,"5,99 €","23,96 €/Kg"
"Creme para mãos, caixa familiar",Nivea,Embalagem de 250 ml,"1,03 €","10,30 €/L"
Paloco desfiado do pacifico,Peixe Fresco,Embalagem de 400 g,"8,73 €/Kg","8,73 €/Kg"
Elixir Bocal Complete,Oral B,Embalagem de 500 ml,"1,29 €","2,58 €/L"
"Vinho bairrada, reserva, tinto",Selecção de Enófilos,Garrafa de 0.75 l,"2,49 €","3,32 €/L"
Biscoitos de canela,PorSi,Embalagem de 750g,"0,69 €","3,45 €/Kg"
Gel de banho júnior maçã e pera,Labell,Embalagem com 300 ml,"4,39 €","21,95 €/L"
Café solúvel c/ cafeína,PorSi,Embalagem de 100g,"1,45 €","14,50 €/Kg"
"Inseticida líquido, elétrico, apa",Raid,Embalagem de 21 ml,"7,69 €","7,69 €/Unidade"
Acumulador térmico,Fresh&Cold,cap.: 400 ml,"0,99 €","0,99 €/Unidade"
Iogurte mix-in kit kat,Nestle,Embalagem de 2 x 115 g,"1,05 €","1,86 €/L"
Pastilhas de Limpeza Dentífrica Branqueadora,Polident,Embalagem com 30 unidades,"7,39 €","105,57 €/Kg"
Aroma de limão,Vahine,Embalagem de 20g,"1,59 €","19,39 €/Kg"
Ketchup,PorSi,Embalagem de 300 g,"0,70 €","2,33 €/Kg"
Café moído torrado aroma bellissimo,Belissimo,Embalagem de 200g,"9,16 €/Kg","9,16 €/Kg"
Sabonete leite & mel,Palmolive,Embalagem de 4x90 g,"1,99 €","12,44 €/Kg"
Iogurte batido magro com mirtilos sem lactose,Mimosa,4 x 120 g,"0,99 €","1,98 €/Kg"
Detergente para loiça plus + citrinos,Super Pop,Embalagem de 1L,"0,99 €","1,98 €/L"
Maçã golden 60/65 categoria II Programa Origens,PorSi,Embalagem de 1.5 kg,"1,69 €/Kg","1,69 €/Kg"
Bebida Energética Apple,Hell,250 ml,"5,39 €","5,39 €/L"
Crocantes de frango original,Iglo,Embalagem de 180g,"9,30 €/Kg","9,30 €/Kg"
Chocolate culinário em pó,Pantagruel,Embalagem de 130g,"1,04 €","8,32 €/Kg"
Torrão crocante com chocolate,El almendr,Embalagem de 75g,"2,24 €","29,87 €/Kg"
Refrigerante de lima-limão,Seven-up,"Garrafa de 1,25 l","0,79 €","0,40 €/L"
Pano Microfibras Colors,Vileda,4 unidades,"1,79 €","1,79 €/Unidade"
"Borracha Technic, 600",Maped,embalagem com 2 unidades,"4,69 €","4,69 €/Unidade"
"Creme protector contra assaduras, para bebé",Johnson's Baby,Embalagem de 100 ml,"0,59 €","5,90 €/L"
Ambientador elétrico sensual sandalwood & jasmine + ...,Glade,1 unidade,"3,74 €","3,74 €/Unidade"
Desinfetante álcool gel spray,PorSi,100 ml,"0,99 €","1,98 €/L"
Caçarola Alumínio Anti-Aderente 24Cm,PorSi,1 unidade,"11,99 €","11,99 €/Unidade"
Papel Premier p/ Fotocópia A4,Xerox,1 resma,"1,09 €","1,09 €/Unidade"
Esfregão c/ Esponja Salva Unhas Ergonómico / Confort...,Scotch-Brite,Embalagem de 2 unidades,"2,54 €","2,54 €/Unidade"
Vinho Regional de Lisboa Rosé,Mundus,"Garrafa de 0,75 l","2,29 €","3,05 €/L"
Sidra de maçã,Somersby,Lata de 500 ml,"1,59 €","3,18 €/L"
Papel Anti traça,Raid,2 x 12 unidades,"5,99 €","176,18 €/Kg"
Sumo 100% ananás/uva,PorSi,Pack 3 x 200 ml,"1,09 €","0,73 €/L"
Leite c/ chocolate meio-gordo s/ lactose,Agros,4 x 200 ml,"0,26 €","1,30 €/L"
Leite com chocolate,Agros,Embalagem de 200 ml,"0,26 €","1,30 €/L"
Costeletas do Lombo,Porco,Vendido ao peso a partir de 1 kg,"4,89 €","4,89 €/Kg"
Queijo mozzarella ralado,PorSi,Embalagem de 200 g,"1,49 €","7,45 €/Kg"
Porto tawny valadão,Valadao,Garrafa de 750 ml,"15,99 €","21,32 €/L"
"Caramelos de fruta, tripack",Mentos,Embalagem de 110g,"1,10 €","4,40 €/Kg"
Toalhitas Bebé Nature,PorSi,64 unidades,"0,90 €","0,90 €/Unidade"
Spray anti-bolores,Cif,435 ml,"1,79 €","2,39 €/L"
"Vela com número, nº2",PorSi,1 unidade,"0,60 €","0,60 €/Unidade"
Carne p/ Estufar,Novilho,Vendido ao peso a partir de 800 g,"2,62 €","10,49 €/Kg"
Alimento seco para gatinhos,HappyOne,"Embalagem de 1,5 kg","12,99 €","4,33 €/Kg"
NASA Estação Espacial,Clementoni,1 unidade,"17,99 €/Unidade","17,99 €/Unidade"
Biscoitos integrais aveia e cacau,PorSi Viva Bem,Embalagem de 150g,"0,69 €","3,45 €/Kg"
Farinha para bolos super fina,B.neve,Embalagem de 1 kg,"1,99 €","1,99 €/Kg"
Água c/ gás: limão/pepino/gengibre,Frize,pack 4 x 0.25 l,"2,85 €","2,85 €/L"
Coxinhas de frango,PorSi,Embalagem de 360g,"3,53 €","8,83 €/Kg"
Fraldas de Incontinência Elásticos Médias,Lindor,20 Unidades,"9,99 €","9,99 €/Unidade"
Esfregão esponja ergonómico salva unhas,PorSi,Embalagem de 2 unidades,"2,54 €","2,54 €/Unidade"
Mousse Caramelo,A leiteira,Embalagem de 4 x 60 g,"0,99 €","1,65 €/Kg"
Refresco em pó de morango,PorSi,Embalagem de 40g,"0,75 €","18,75 €/Kg"
Iogurte naturea natural,PorSi,Embalagem de 4 x 125 g,"0,99 €","1,98 €/Kg"
Chocolate Branco Culinário,Nestlé,Embalagem de 180g,"0,99 €","9,90 €/Kg"
Café moagem fina bio,PorSi Bio,Embalagem de 250g,"9,16 €/Kg","9,16 €/Kg"
Miolo de avelã,*,Vendido ao peso,"1,45 €","5,79 €/Kg"
Yofu soja natural sem açúcar,Alpro,Embalagem de 500g,"2,95 €","5,90 €/Kg"
"Lâmpada LED GU10 3W-35W, 3 lâmpadas",BDC,1 unidade,"5,99 €","5,99 €/Unidade"
Gaspacho,PorSi,1 litro,"0,84 €","13,55 €/Kg"
Comida húmida para cão de frango e legumes,PorSi,Lata de 400 g,"0,75 €","2,50 €/Kg"
Lenços faciais brancos 2 folhas,PorSi,150 unidades,"0,89 €","0,89 €/Unidade"
"Ambientador spray, aerosol, lavanda",Glade,Embalagem de 300 ml,"0,99 €","3,30 €/L"
Salsichas de soja,Cemporcent,Embalagem de 390g,"11,99 €","29,98 €/Kg"
Guardanapos com riscas azuis | Dim.: 33 x 33 cm,PorSi,Embalagem com 20 unidades,"1,29 €","1,29 €/Unidade"
Whisky heritage blend,Logan,Garrafa de 700 ml,"38,49 €","54,99 €/L"
Groselha,PorSi,Embalagem com 125g,"2,19 €","17,52 €/Kg"
8 salsichas frankfurt,Izidoro,Embalagem de 200g,"0,75 €","3,75 €/Kg"
Cereais de cacau sem glúten,Schar,Embalagem de 250g,"2,29 €","6,11 €/Kg"
"Escargots recheio de manteiga, salsa e alho",PorSi Select,89 g,"1,89 €","6,30 €/Kg"
Danacol frutos exóticos,Danone,Embalagem de 6 x 100 g,"4,15 €/Kg","4,15 €/Kg"
Leite uht c/ chocolate,Ucal,Embalagem de 3 x 250 ml,"0,26 €","1,30 €/L"
Vinho tinto cotes du rhone,Expert Club,Garrafa de 75 cl,"2,09 €","2,79 €/L"
Bandida do pomar maçã 4x25cl,Bandida,Garrafa de 1 l,"1,59 €","3,18 €/L"
Iogurte magro morango,Longa vida,Embalagem de 6 x 120 g,"0,99 €","1,32 €/Kg"
Leite c/ chocolate,Gresso,Pack 4X200ml,"0,26 €","1,30 €/L"
Gel Play Morango,Durex,Embalagem de 50 ml,"4,49 €","4,49 €/Unidade"
"Película Aderente, 60Mt",Fino,1 unidade,"1,11 €","1,11 €/Unidade"
Salmão Fumado da Escócia,PorSi Select,Embalagem de 200 g,"3,35 €","22,33 €/Kg"
Sopa económica de marisco,Knorr,Embalagem de 60g,"0,84 €","13,55 €/Kg"
Preparado para crepes,Branca de Neve,Embalagem de 380g,"0,79 €","5,27 €/Kg"
Lápis de cera,Giotto,embalagem com 12 unidades,"3,09 €","3,09 €/Unidade"
Galão enriquecido em cálcio,Ucal,Embalagem de 3 x 200 ml,"0,26 €","1,30 €/L"
Couve Flor,Legumes do Dia,Vendido ao peso,"1,20 €","2,99 €/Kg"
"Azeite extra virgem, azeitonas verdes",Oliveira da Serra,Garrafa de 750 ml,"3,19 €","4,25 €/L"
Yoggi liquido morango,Nestle,Embalagem de 8x160g,"1,17 €","1,83 €/Kg"
Posta de bacalhau do atlântico,Pescanova,Embalagem de 700 g,"6,39 €","7,99 €/Kg"
Gomas happy cola,Haribo,Embalagem de 100g,"1,19 €","3,97 €/Kg"
Gogo SqueeZ Snack Maçã e Pera,Gogo,Embalagem de 90g,"2,29 €","6,94 €/L"
Gelado carte d'or yogurt & forest fruit,Olá,Embalagem de 900 ml,"2,62 €","2,62 €/L"
Água com gás,Vimeiro,"Garrafa de 1,5 l","2,85 €","2,85 €/L"
Vinho verde branco,3 marias,Garrafa de 1 l,"3,09 €","3,09 €/L"
Mini caixa aquário,Maped,1 Embalagem,"9,99 €/Unidade","9,99 €/Unidade"
"Aperitivos, amendoins no forno",Matutano,Embalagem de 200g,"0,79 €","3,95 €/Kg"
Bebida de soja natural,Frias,Garrafa de 1 l,"1,19 €","1,86 €/L"
"Alimento húmido para gato +1 ano, sabor a aves",Whiskas,Embalagem de 400g,"3,59 €","2,99 €/Kg"
"As minhas primeiras receitas - refeição batata, abób...",Nestle,Embalagem de 190g,"1,89 €","9,95 €/Kg"
20 saquetas infusão camomila,Lipton,Embalagem de 10g,"0,89 €","68,46 €/Kg"
Lava Tudo Flores Montanha,Sonasol,1.3 l,"0,99 €","0,50 €/L"
Licor Bolota |Figura Cavalo,HS,"Garrafa de 0,35L","16,99 €","24,27 €/L"
Bolacha maria dourada,PorSi,Embalagem de 800g,"1,69 €","2,11 €/Kg"
Cappucinno,PorSi,Embalagem de 125 g,"3,19 €","25,52 €/Kg"
Vinho verde,Via Latina,Garrafa de 750 ml,"3,09 €","3,09 €/L"
Vinagre de limpeza,Dona Pureza,Embalagem de 1 l,"0,79 €","0,79 €/L"
"Máquina depilatória descartável, 2beauty, 5 unidades",Wilkinson,1 embalagem,"9,99 €","49,95 €/L"
Massa cuscus,PorSi,Embalagem de 250g,"0,89 €","1,78 €/Kg"
Mistura saborosa,PorSi,Embalagem de 450g,"0,99 €","0,99 €/Kg"
Body Milk Cocoa,Nivea,Embalagem de 250 ml,"12,48 €/L","12,48 €/L"
Champanhe rose bruto,Delagne & Fils,"Garrafa de 0,75 l","34,99 €","46,65 €/L"
Chá verde,Tetley,Embalagem de 20g,"1,14 €","114,00 €/Kg"
Vassoura Simples Pluma,PorSi,unidade,"2,99 €","2,99 €/Unidade"
Alheira Extra Trás os Montes,PorSi,"Vendido ao peso, 1un= 200 gr (aprox.)","1,49 €","7,45 €/Kg"
Anatomia surpreendente,Clementoni,1 unidade,"17,99 €/Unidade","17,99 €/Unidade"
Ambientador vela odor cozinha,PorSi,1 unidade,"9,49 €","45,19 €/Kg"
"Néctar de alperce, tetra",Compal,pack 3 x 200 ml,"0,99 €","0,99 €/L"
"Alimento seco para gato adulto, galinha",Whiskas,"Embalagem de 1,75 kg","12,99 €","4,33 €/Kg"
Detergente líquido manual loiça lavanda e alecrim,Fairy,Embalagem de 650 ml,"0,99 €","1,98 €/L"
Infusão de tília,PorSi,Embalagem de 30g,"0,89 €","68,46 €/Kg"
Actimel magro natural,Danone,Embalagem de 6 x 100g,"4,15 €/Kg","4,15 €/Kg"
Eau De Toilette Homen Nº 56,Caravan,pack: 150ML+Deo 150ML,"5,99 €","14,98 €/L"
Lixívia Spray Mousse Flor,Neoblanc,Embalagem de 700ml,"1,74 €","0,35 €/L"
Lixívia Spray Mousse,Neoblanc,Embalagem de 700ml,"1,74 €","0,35 €/L"
Maria integral sem glúten,Gullon,Embalagem de 400 g,"2,69 €","20,69 €/Kg"
Miolo de mexilhão,PorSi,Embalagem de 250 g,"1,79 €","7,16 €/Kg"
Bandida do pomar frutos vermelhos lata 50cl,Bandida,Garrafa de 500 ml,"1,59 €","3,18 €/L"
Tampão com Aplicador Compak Super,Tampax,Embalagem com 22 unidades,"3,99 €","3,99 €/Unidade"
Iogurte grego oikos stracciatella,Danone,Embalagem de 4 x 110 g,"1,49 €","2,98 €/Kg"
Bolacha vitalday crocante chocolate,Gullon,Embalagem de 280g,"2,82 €","9,40 €/Kg"
Preparo para bolo de chocolate,Branca de Neve,Embalagem de 450g,"1,69 €","8,45 €/L"
Lasanha,Nacional,Embalagem de 400g,"0,89 €","1,78 €/Kg"
Aguardente vínica,P.marante,Garrafa de 700 ml,"12,79 €","18,27 €/L"
Cerveja c/ álcool,Sagres,pack 30 x 0.25 L,"1,99 €/L","1,99 €/L"
Detergentes máquina lavar loiça ecológico,PorSi,26 pastilhas,"2,99 €","2,99 €/Unidade"
"Vinho Alentejo, Private Collection, Tinto",Selecção de Enófilos,Garrafa de 0.75 l,"5,99 €","7,99 €/L"
Espirais s/ glúten,Milaneza,Embalagem de 500g,"2,99 €","7,97 €/Kg"
Bandas cera depilatórias corpo pele sensível,Labell,40 unidades,"6,99 €","6,99 €/Unidade"
Massa fusilli tricolor,Milaneza,Embalagem de 500g,"0,89 €","1,78 €/Kg"
Paes de leite 10unid 350g,H.delicia,Embalagem de 350 g,"2,59 €","7,40 €/Kg"
Aguardente velha,S.domingos,Garrafa de 700 ml,"12,79 €","18,27 €/L"
Ananás Açores,Programa Origens,1 un=1 kg aprox.,"2,50 €","1,25 €/Kg"
Comida húmida para gato seleção de peixes,Gourmet mp,Embalagem de 300g,"3,59 €","2,99 €/Kg"
Pensos para bolhas,PorSi,20 unidades,"2,86 €","2,86 €/Unidade"
"Iogurte, sabor a tutti-fruti",PorSi,Embalagem de 4 x 125 g,"1,87 €","1,25 €/Kg"
Caixa Sortido Sweet Emotions,Vieira de Castro,Embalagem de 200 g,"11,98 €/Kg","11,98 €/Kg"
Manga Barco,Fruta do Dia,1 un = 500 gr (aprox.),"2,29 €/Kg","2,29 €/Kg"
Tortitas de arroz chocolate negro,PorSi Viva Bem,130 g,"1,45 €","11,15 €/Kg"
Infusão de menta,Tetley,Embalagem de 10g,"0,89 €","68,46 €/Kg"
Melão Amarelo,Fruta do Dia,Vendido ao peso | 1 un = 2.5 kg (aprox.),"2,79 €","2,79 €/Kg"
Couve Coração Programa Origens,PorSi,1 un = 1 kg (aprox.),"1,20 €","2,99 €/Kg"
Doce de abóbora c/ noz,Quinta de Jugais,Embalagem de 280g,"2,19 €","9,95 €/Kg"
Papel higiénico macio absorvente,PorSi,12 rolos,"1,99 €","1,99 €/Unidade"
Inseticida rastejantes com aplicador,Baygon,Embalagem de 400 ml,"5,09 €","8,48 €/L"
Pão Bijou 45 g,Pão do Dia,,"0,19 €","2,38 €/Kg"
Jogo Pedalar em Segurança,Europrice,1 unidade,"17,99 €/Unidade","17,99 €/Unidade"
Condicionador spray penteia fácil,Johnson's Baby,Embalagem de 200 ml,"4,39 €","21,95 €/L"
Mistura solúvel c/ 20% café pó,PorSi,Embalagem de 200g,"1,64 €","6,56 €/Kg"
Gelatina de morango,Royal,Embalagem de 114g,"0,55 €","61,11 €/Kg"
Feuilletine,Du Bois de la Roche,Embalagem de 135 g,"0,39 €","3,12 €/Kg"
Fermento em pó,PorSi,Embalagem de 150 g,"1,59 €","19,39 €/Kg"
Batata frita lisa,PorSi,Embalagem de 90g,"1,06 €","5,73 €/Kg"
Ervilhas,PorSi,Embalagem de 1 kg,"1,49 €","1,49 €/Kg"
Queijo cabra curado,PorSi,300 g,"1,89 €","10,50 €/Kg"
Bebida de Amêndoa,PorSi Viva Bem,1 litro,"1,19 €","1,86 €/L"
Café torrado e moído 16 pastilhas,Sical,Embalagem de 104g,"54,36 €/Kg","54,36 €/Kg"
Iogurte pedaços frutos vermelhos,PorSi,Embalagem de 8 x 125 g,"4,36 €","2,18 €/Kg"
Chá infusão nº3 prostal control,Cemporcent,Embalagem de 13g,"58,44 €/Kg","58,44 €/Kg"
Super tea matcha verde,Tetley,Embalagem de 40g,"58,00 €/Kg","58,00 €/Kg"
Vinagre de sidra,PorSi,500 ml,"0,35 €","0,70 €/L"
Rebuçados de mentol,PorSi,Embalagem de 250g,"0,77 €","3,85 €/Kg"
Chocolate de leite e amêndoas,Milka,Embalagem de 125g,"0,65 €","6,50 €/Kg"
Ambientador spray aerosol white bouquet,Air Wick,Garrafa de 240 ml,"0,99 €","3,30 €/L"
"Guardanapos brancos, 33x33cm, 2 folhas",PorSi,Embalagem com 100 unidades,"1,29 €","1,29 €/Unidade"
Posta de atum ao natural,PorSi,Embalagem de 120g,"0,89 €","7,42 €/Kg"
12 Macarons Sortidos,PorSi Select,Embalagem de 144 g,"2,49 €","7,55 €/Kg"
Tomate seco,PONTI,Embalagem de 280g,"3,84 €","24,00 €/Kg"
Crocantes de frango piri piri 180g,Iglo,Embalagem de 180g,"4,99 €","24,95 €/Kg"
Kit de viagem,Colgate,pasta dentífrica + escova,"3,49 €","3,49 €/Unidade"
Cereais fitness,Nestle,Embalagem de 380g,"3,45 €","26,74 €/Kg"
Alimento lácteo banana +6 meses,Yogolino,Embalagem de 4 x 100 g,"2,89 €","7,23 €/Kg"
Whisky 8 anos,Grant's,Garrafa de 0.70 l,"38,49 €","54,99 €/L"
Gelatina tutti-fruti,PorSi,Embalagem de 170g,"0,55 €","61,11 €/Kg"
C surtido cuetara 420gr.              *8,Cuetara,Embalagem de 420g,"3,74 €","9,35 €/Kg"
Gin dry,Gibson's,Garrafa de 700 ml,"19,79 €","19,79 €/L"
Pasta malte para bolas de pelo,Sandimas,100 g,"8,75 €","8,75 €/Unidade"
Saco de cama para adulto,Saurium,1 unidade,"14,99 €","14,99 €/Unidade"
Nata uht carbonara,Parmalat,Embalagem de 200 ml,"0,75 €","3,75 €/L"
Tablete de chocolate branco,Schogetten,Embalagem de 100g,"0,99 €","9,90 €/Kg"
Toucinho fumado extra,PorSi,Embalagem de 200 g,"3,29 €","21,93 €/Kg"
Jogo Loucuras,Educa,1 unidade,"29,99 €","29,99 €/Unidade"
Sultana Dourada,PorSi,Embalagem de 200g,"0,79 €","3,95 €/Kg"
Estendal de Chão Biarritz,Petex,Dim.: 18m,"0,89 €","0,89 €/Unidade"
Couve Penca (Portuguesa),Legumes do Dia,1 un= 1 kg (aprox.),"1,20 €","2,99 €/Kg"
"Queijinho, yoco suisse maxi, morango",Nestle,Embalagem de 4 x 90 g,"1,05 €","1,86 €/L"
Toalhitas Activity |Recarga,Dodot,Pack: 4x54 unidades,"0,90 €","0,90 €/Unidade"
"Alimento para peixe, animin goldfish food",Tetra,Garrafa de 250 ml,"10,59 €","42,36 €/L"
Sumo essencial manga,Compal,pack 3 x 0.11 l,"0,99 €","0,99 €/L"
Queijo de vaca/ovelha penela,Serqueijos,Embalagem de 250 g,"5,99 €","23,96 €/Kg"
Gel Styling Casual Black,Axe,Embalagem de 75 ml,"5,99 €","14,98 €/L"
Bolacha maria ruca doses,Vieira,Embalagem de 300g,"1,69 €","2,11 €/Kg"
Inseticida Aerossol Rapid Moscas e Mosquitos,Raid,1 Embalagem 600ml,"5,09 €","8,48 €/L"
Chocolate para culinária 85% cacau sem glúten,Regina,embalagem de 200 g,"1,04 €","8,32 €/Kg"
Infusão carqueja,Cemporcent,Embalagem de 10 unidades,"0,89 €","68,46 €/Kg"
Pipoca doce para  microondas,PorSi,Embalagem de 300g,"0,79 €","7,90 €/Kg"
Cominhos moídos,PorSi,Embalagem de 35g,"0,25 €","0,25 €/Kg"
Grão de bico,PorSi,Frasco com 540 g,"1,79 €","2,29 €/Kg"
Ameixa Vermelha,Programa Origens,1 un = 250 gr  (aprox.),"0,40 €","2,69 €/Kg"
Pão Alentejano,Pão do Dia,1 unidade = 400 g,"0,19 €","2,38 €/Kg"
Chantilly,Royal,Embalagem de 70g,"1,29 €","3,23 €/Kg"
Batata pré-frita cubos,PorSi,Embalagem de 1 kg,"1,39 €","1,39 €/Kg"
Folhado de carne,Pastelaria do Dia,1 unidade = 90 g,"0,65 €","0,65 €/Unidade"
Toalhetes Íntimos Suaves,Corine de Farme,Embalagem com 10 un.,"2,19 €","2,19 €/Unidade"
Cápsulas de café qharacter,Delta Q,Embalagem de 60g,"54,36 €/Kg","54,36 €/Kg"
Collant opac micro 60d cast l,PorSi,Embalagem de 1 unidades,"1,89 €","1,89 €/Unidade"
Bagas de goji,Cemporcent,Embalagem de 125 g,"0,79 €","3,95 €/Kg"
Vinho tinto doc dão,Cabriz,Garrafa de 0.75 l,"3,99 €","5,32 €/L"
Mini salsichas cocktail,Nobre,lata de 180g,"0,75 €","3,75 €/Kg"
Baguete,PorSi,250 g,"0,19 €","2,38 €/Kg"
"12 lápis de cor, 18cm",Domédia,Uma embalagem,"4,69 €","4,69 €/Unidade"
Creme vegetal para culinária,PorSi,Embalagem de 250g,"1,39 €","6,95 €/L"
Sopa tailandesa,Knorr,embalagem com 69 g,"0,84 €","13,55 €/Kg"
Caixa color & Play Festa Barbecue,Maped,1 Embalagem,"17,99 €/Unidade","17,99 €/Unidade"
Cereais fitness chocolate,Nestle,Embalagem de 380g,"3,45 €","26,74 €/Kg"
Açúcar granulado,Rar,Embalagem de 1kg,"1,49 €","1,49 €/Kg"
Gomas favoritos pica,Haribo,Embalagem de 90g,"1,19 €","3,97 €/Kg"
Bucal maça natural,Andros,Embalagem de 750 g,"3,39 €","4,52 €/Kg"
Atum posta em óleo,Noro,Lata com 110 g,"0,89 €","7,42 €/Kg"
Café moagem grossa bio,PorSi Bio,Embalagem de 250g,"9,16 €/Kg","9,16 €/Kg"
Pudim de leite condensado,Fabridoce,Embalagem de 500 g,"0,59 €","29,50 €/Kg"
Vinho maduro branco,Aldeia sol,Garrafa de 750 ml,"1,59 €","2,12 €/L"
Bebida arroz,Alpro,Embalagem de 1 l,"0,99 €","0,99 €/L"
Spray power&shine casa de banho,Cif,Garrafa de 750 ml,"0,79 €","0,79 €/L"
Nerf Ultra Two,Nerf,1 un.,"17,99 €/Unidade","17,99 €/Unidade"
Boneca Caty 85 cm,Vicam,1 unidade,"27,99 €/Unidade","27,99 €/Unidade"
Espumoso moscato,Selecção de Enófilos,"Garrafa de 0,75 l","3,99 €","5,32 €/L"
Pilha alcalina hightech lr03x8,Domédia,1 unidade,"1,99 €","1,99 €/Unidade"
Pirassununga (38º),Cachaca 51,Garrafa de 700 ml,"17,49 €","24,99 €/L"
Amaciador roupa essencial pure,Comfort,56 doses,"3,74 €","0,96 €/L"
Ambientador auto pinho,PorSi,1 unidade,"2,89 €","2,89 €/Unidade"
Queijo em fatias,Limiano,Embalagem de 400g,"1,56 €","7,80 €/Kg"
Café Solúvel Black Roast,Nescafe,Embalagem de 200g,"1,45 €","14,50 €/Kg"
Chocolate negro 85 % cacau,Cemporcent,Embalagem de 100g,"2,29 €","22,90 €/Kg"
Caderno Agrafado Capa Preta |A5 Quadriculado,Domédia,1 unidade,"1,09 €","1,09 €/Unidade"
Farinha,Maizena,Embalagem de 400g,"1,99 €","1,99 €/Kg"
Adoçante c/ doseador,Canderel,Embalagem de 10g,"5,99 €","23,96 €/Kg"
Chapéu mágico,Mattel,1 unidade,"9,99 €/Unidade","9,99 €/Unidade"
Avião studio 3D,Educa,1 unidade,"9,99 €/Unidade","9,99 €/Unidade"
Açucar icing,Rar,Embalagem de 250 g,"1,49 €","1,49 €/Kg"
Ice tea pêssego,Lipton,Garrafa de 2 l,"1,14 €","0,76 €/L"
"Refresco em pó, ananás",Tang,Embalagem de 30g,"0,75 €","18,75 €/Kg"
Bebida de cereais e café mokambo intenso,Nestle,Embalagem de 180g,"1,64 €","6,56 €/Kg"
Chá verde menta,PorSi,Embalagem de 43.7 g,"1,14 €","114,00 €/Kg"
Refresco pó laranja e morango,PorSi,Embalagem de 40g,"0,75 €","18,75 €/Kg"
Nata uht light para culinária,PorSi,embalagem de 200 ml,"0,75 €","3,75 €/L"
Grão de bico,PorSi,Embalagem de 820g,"1,79 €","2,29 €/Kg"
Salsicha fresca merguez,PorSi,Embalagem de 330 g,"0,50 €","4,99 €/Kg"
Pão forma integral sem côdea,PorSi,Embalagem de 450g,"0,99 €","1,65 €/Kg"
Creme vegetal soja,Planta,Embalagem de 250 gr,"2,09 €","8,36 €/Kg"
Bolachas oreo,Oreo,Embalagem de 440g,"0,79 €","4,49 €/Kg"
Compak Regular Tampões Com Aplicador,Tampax,22 unidades,"3,99 €","3,99 €/Unidade"
Queijo flamengo bio fatias,Terra Nostra,Embalagem de 150g,"1,56 €","7,80 €/Kg"
Vinho branco península de setúbal,Periquita,Garrafa de 0.75 l,"5,99 €","7,99 €/L"
Cachaça,Velho do barreiro,Garrafa de 70 cl,"17,49 €","24,99 €/L"
Desinfetante álcool gel com doseador,PorSi,500 ml,"0,99 €","1,98 €/L"
Ovos Galinha Solo S,PorSi,6 unidades,"1,39 €","1,39 €/Unidade"
Fígado,Novilho,1 un = 100 gr (aprox.),"0,50 €","4,99 €/Kg"
Café nespresso descafeinado intensidade 11,STARBUCKS,Embalagem com 10 unidades,"1,59 €","6,36 €/Kg"
Massa filo,JR,Embalagem de 250g,"0,99 €","4,30 €/Kg"
Queijo flamengo ralado,Valformoso,Embalagem de 150g,"1,49 €","7,45 €/Kg"
Mega cozinha,Minnie,1 conjunto,"17,99 €/Unidade","17,99 €/Unidade"
"Bolachas, tubo",Oreo,Embalagem de 150g,"0,79 €","4,49 €/Kg"
Bolachas mini alfa,Nacional,Embalagem de 120g,"2,82 €","9,40 €/Kg"
Vinho Regional Lisboa Reserva Branco,Marginal,Garrafa de 0.75 l,"4,99 €","6,65 €/L"
Iogurte líquido infantil morango e banana,PorSi,Pack 6 x 100 g,"1,05 €","1,86 €/L"
Nata uht,Agros,Garrafa de 200 ml,"0,75 €","3,75 €/L"
Tapioca hidratada sem adição de açúcares,PorSi Viva Bem,Embalagem de 500 g,"0,69 €","1,73 €/Kg"
Jogo 4 tapetes borracha,PorSi,Uma embalagem com 4 unidades,"3,49 €","3,49 €/Unidade"
Robô Beetle,Clementoni,1 un.,"9,99 €/Unidade","9,99 €/Unidade"
Peito de peru forno a lenha fatias finas,Izidoro,110 g,"2,25 €","11,25 €/Kg"
"Espumante cava bruto, reserva",Freixenet,Garrafa de 750 ml,"8,49 €","11,32 €/L"
Alheira Especial de Trás-Os-Montes,PorSi,200 g,"1,49 €","7,45 €/Kg"
Gelatina de frutos tropicais,PorSi,Embalagem 2X85G,"0,55 €","61,11 €/Kg"
Patê atum em escabeche,La piara,Embalagem de 80g,"1,19 €","13,52 €/Kg"
Soja fina,PorSi Viva Bem,Embalagem de 400 g,"2,09 €","8,36 €/Kg"
Escova de dentes infantil 3 a 6 anos,Labell,1 un.,"2,29 €","2,29 €/Unidade"
Champô Anti-Caspa,Pantene,360 ml,"5,59 €","13,98 €/L"
Gel de Banho Silk,Dove,Embalagem de 750 ml,"6,49 €","8,65 €/L"
"Escova de cabelo, pneumática nylon",Labell,Embalagem com 1 unidade,"1,99 €","1,99 €/Unidade"
Corn flakes sem glúten,Schar,Embalagem de 250g,"2,29 €","6,11 €/Kg"
Lápis de Cor Color'Peps Animal,Maped,Embalagem com 12 un.,"3,09 €","3,09 €/Unidade"
Açúcar granulado embalado em papel,Rar,Embalagem de 1 kg,"1,49 €","1,49 €/Kg"
Tablete de chocolate culinário negro,PorSi,Embalagem de 200 g,"1,04 €","8,32 €/Kg"
Papaia Avião,Fruta do Dia,1 un = 500 g (aprox.),"2,29 €/Kg","2,29 €/Kg"
Queijo brie cunhas 60%,President,Embalagem de 200 g,"2,60 €","13,00 €/Kg"
"Fraldas Dry Fit, 4-9kg - Tamanho 3",Chicco,Embalagem de 42 unidades,"6,49 €","6,49 €/Unidade"
Bebida de coco com arroz,PorSi Viva Bem,1 litro,"1,19 €","1,86 €/L"
Creme Depilatório Peles Normais,Veet,Embalagem de 200 ml,"9,99 €","49,95 €/L"
Sementes de abóbora,Cemporcent,Embalagem de 150g,"1,89 €","12,60 €/Kg"
Manteiga sem sal terra nostra,Terra Nostra,Embalagem de 250g,"1,69 €","6,76 €/Kg"
Brócolos congelados,PorSi,Embalagem de 1 kg,"1,49 €","1,49 €/Kg"
Agrafador pocket universal nº10,Maped,1 unidade,"1,35 €","1,35 €/Unidade"
Cuecas Incontinência Maxi Médio,Lindor,Embalagem com 14 un.,"9,99 €","9,99 €/Unidade"
Nestlé® smarties® drageias de chocolate de leite 38g,SMARTIES,Embalagem de 40g,"18,50 €/Kg","18,50 €/Kg"
Queijo fresco,Santiago,Embalagem de 80g,"2,39 €","19,92 €/Kg"
Leite e cereais 8 cereais e mel +6 meses,Cerelac,Garrafa de 400 ml,"4,49 €","4,49 €/Kg"
Paté Fígado Porco c/ Cogumelos,PorSi,75 g,"1,05 €","6,99 €/Kg"
Alface Lisa,Legumes do Dia,1 un= 400 g (aprox.),"0,88 €","2,19 €/Kg"
Caixa Cubo Pearls,Jacquot,Embalagem de 200g,"2,99 €","29,90 €/Kg"
Bebida aveia sem açúcar,Alpro,Embalagem de 1 l,"1,19 €","1,86 €/L"
Liquido brilhante sapato preto,PorSi,75 ml,"2,25 €","45,00 €/L"
Papel Higiénico Original 2 folhas,Scottex,Embalagem c/ 16 Rolos,"1,99 €","1,99 €/Unidade"
Agrião Programa Origens,PorSi,embalagem de 170 g,"0,99 €","0,99 €/Kg"
Pano limpa pó de flanela,PorSi,1 unidade,"1,79 €","1,79 €/Unidade"
Bolachas mini prince recheadas com chocolate,PRINCE,Embalagem de 160 g,"0,79 €","5,27 €/Kg"
Pizza de bolonhesa,PorSi,Embalagem de 350g,"2,16 €","6,17 €/Kg"
"Pilha alcalina, hightech lr03x4",Domédia,1 unidade,"1,99 €","1,99 €/Unidade"
Creme culinário soja,PorSi Viva Bem,Embalagem de 200 ml,"3,99 €","26,60 €/L"
Queijo de ovelha curado amanteigado,PorSi Select,250 g,"6,49 €","25,45 €/Kg"
Vinho regional tejo reserva tinto,Casaleiro,Garrafa de 0.75 l,"4,99 €","6,65 €/L"
"Batata frita, presunto",Ruffles,Embalagem de 80g,"1,19 €","6,43 €/Kg"
Molho bechamel,Parmalat,Embalagem de 200 ml,"0,75 €","3,75 €/L"
Mistura vegetais para wok,PorSi,Embalagem de 750g,"1,49 €","1,49 €/Kg"
Leite creme,PorSi,Embalagem de 4x23g,"1,69 €","8,45 €/L"
Rebuçados cristais de neve,PorSi,Embalagem de 250g,"1,15 €","4,60 €/Kg"
Lasanha à bolonhesa,PorSi,Embalagem de 500G,"3,53 €","8,83 €/Kg"
Papel Anti-traça 4 Seasons,Raid,4 unidades,"5,99 €","176,18 €/Kg"
Arroz Carolino,Saludães,Embalagem de 1 kg,"0,99 €/Kg","0,99 €/Kg"
Toucinho Fumado,PorSi,fatiado a partir de 100 gr,"3,29 €","21,93 €/Kg"
Iogurte líquido morango/banana,PorSi,Embalagem de 4 x 160 g,"1,17 €","1,83 €/Kg"
Batata frita light,Lay's,Embalagem de 140g,"0,95 €","6,33 €/Kg"
Chocolate lion,Lion,Embalagem de 40g,"2,24 €","29,87 €/Kg"
Pilha alcalina classic lr6x4,Domédia,1 unidade,"1,99 €","1,99 €/Unidade"
Iogurte morango 000%,PorSi Viva Bem,Embalagem de 4 x 125 g,"0,99 €","1,32 €/Kg"
Verdinhos Pequenos,Peixe do Dia,1 un= 60 gr (aprox.),"6,49 €/Kg","6,49 €/Kg"
Lasanha bolonhesa,Iglo,Embalagem de 300g,"3,53 €","8,83 €/Kg"
Máquina depilatória Miss Soleil,Bic,3 + 1 unidades,"9,99 €","49,95 €/L"
Tablete de chocolate com avelãs,PorSi,Embalagem de 100 g,"0,65 €","6,50 €/Kg"
Espetadas de Salmão e Pota,Peixe do Dia,1 un = 150 g (aprox.),"6,49 €/Kg","6,49 €/Kg"
Manteiga amendoim crocant,PorSi,Embalagem de 340g,"4,19 €","12,32 €/Kg"
Moscatel de setúbal,Alambre,"Garrafa de 0,75L","5,99 €","7,99 €/L"
Ambientador spray de lavanda,Air Wick,Garrafa de 240 ml,"0,99 €","3,30 €/L"
Bolachas cream cracker,PorSi,Embalagem de 200g,"0,39 €","3,12 €/Kg"
Vinho do Porto Tawny,Velhotes,"garrafa de 0,75 l","15,99 €","21,32 €/L"
Lasanha à bolonhesa,PorSi,Embalagem de 1 kg,"3,53 €","8,83 €/Kg"
Champanhe Monopole Blue Brut,Heidsieck,"Garrafa de 0,75L","34,99 €","46,65 €/L"
Gogo SqueeZ Snack Morango,Gogo,Embalagem de 4 x 90g,"2,29 €","6,94 €/L"
Uva Branca,Fruta do Dia,1 un = 250 gr  (aprox.),"2,79 €","2,79 €/Kg"
Fralda Activity T3 - 6 a 10 kg,Dodot,66 unidades,"6,49 €","6,49 €/Unidade"
Creme Rosto Dia Pele Mista Antirrugas Q10 Plus,Nivea,Embalagem de 50 ml,"2,99 €","59,80 €/L"
Snack gato sticks carne 6x5g porsi,PorSi,Embalagem de 30g,"0,99 €","16,50 €/Kg"
Chourição,PorSi,"Vendido ao peso, fatiado a partir de 100 gr","0,95 €","9,49 €/Kg"
Adoçante em pó stevia,PorSi Viva Bem,Embalagem de 17g,"5,99 €","23,96 €/Kg"
Infusão de frutos vermelhos,Tetley,Embalagem de 20g,"58,00 €/Kg","58,00 €/Kg"
Cerveja sem álcool,Cheers,Pack 6 x 0.33 l,"5,99 €","3,03 €/L"
"Vinho branco, denominação de origem controlada, dour...",VILA REAL,Garrafa de 750 ml,"7,49 €","9,99 €/L"
Spray vitrocerâmica/indução,PorSi,Embalagem de 500 ml,"1,79 €","2,39 €/L"
Condicionador cabelos loiros,Ultra Suave,Embalagem de 200 ml,"1,00 €","5,00 €/L"
Cola universal,Uhu,Embalagem de 20 ml,"2,19 €","109,50 €/L"
Gelatina pronta a comer light 10 kcal morango,Royal,Embalagem de 4 x 100 g,"0,85 €","2,13 €/Kg"
Azeite virgem extra dop moura,PorSi Select,Embalagem de 0.75L,"3,19 €","4,25 €/L"
Iogurte para bebé frutas variadas,Nestle,Embalagem de 4 x 100 g,"2,89 €","7,23 €/Kg"
Tortitas de arroz c/ iogurte,Bicentury,Embalagem de 130g,"1,45 €","11,15 €/Kg"
"Pasta dentífrica, proteção branqueador",Labell,Embalagem de 75 ml,"2,29 €","38,17 €/L"
Nancy Um Dia A Fazer Madeixas,Nancy,1 un.,"23,99 €","23,99 €/Unidade"
Bloco sanitário com suporte azul,WC Pato,Embalagem de 40 g,"2,99 €","74,75 €/Kg"
Mistura de sementes,PorSi Viva Bem,Embalagem de 200 g,"1,59 €","10,60 €/Kg"
Mistura solúvel bolero,Nestle,Embalagem de 200g,"1,64 €","6,56 €/Kg"
Cuecas Incontinência Unisexo Pants Super L,Tena,12 unidades,"9,99 €","9,99 €/Unidade"
Delta cappuccino 10x14g,Delta,Embalagem de 140g,"3,19 €","25,52 €/Kg"
Queijo de Ovelha S/ Lactose,Seia,1 un = 450 g (aprox.),"15,96 €/Kg","15,96 €/Kg"
Nuggets pescada panada,Pescanova,Embalagem de 1Kg,"1,79 €","7,16 €/Kg"
Bebida de aveia s/ glúten,Shoyce,Embalagem de 1 litro,"11,44 €/Kg","11,44 €/Kg"
Sabonete líquido Marselha e Azeitona,Labell,Embalagem de 500 ml,"1,09 €","2,18 €/L"
Caderno Espiral Universal A5 Quadriculado,Domédia,1 un.,"1,09 €","1,09 €/Unidade"
Água s/ gás,Luso,"Garrafa de 5,4 l","1,04 €","0,17 €/L"
Doce arando e mirtilo,ST.DALFOUR,Frasco de 284g,"2,19 €","9,95 €/Kg"
Farinha para bolos fina,Branca de Neve,Embalagem de 1 kg,"1,99 €","1,99 €/Kg"
Tablete de chocolate leite com amêndoas,PorSi Select,200 g,"0,65 €","6,50 €/Kg"
Mortadela mini,PorSi,Embalagem de 350g,"1,05 €","6,99 €/Kg"
Toalhitas,Dodot,4 x 64 un.,"0,90 €","0,90 €/Unidade"
Milho inteiro,Rac.zezere,Embalagem de 5 kg,"2,49 €","2,49 €/Kg"
Tostas suecas integrais,Bimbo,embalagem de 234 g,"2,39 €","6,83 €/Kg"
Creator Buggy Todo-o-Terreno,Lego,1 unidade,"17,99 €/Unidade","17,99 €/Unidade"
Água c/ Gás Ananás,Frize,pack 4 x 0.25 l,"2,85 €","2,85 €/L"
Vinagre balsâmico branco,Gallo,Garrafa de 250 ml,"0,35 €","0,70 €/L"
Polvo limpo,PorSi,Embalagem de 800 g,"5,49 €","6,86 €/Kg"
Azeite virgem extra,Ouro elvas,Garrafa de 750 ml,"3,19 €","4,25 €/L"
Alho Seco Granel,Legumes do Dia,1 un = 100 gr (aprox.),"0,89 €/Kg","0,89 €/Kg"
Molho bechamel,PorSi,Embalagem de 200g,"0,70 €","2,33 €/Kg"
Farinheira das beiras,PorSi,Embalagem de 260G,"1,49 €","7,45 €/Kg"
Crackers s/ sal superficie,GRAN PAVES,Embalagem de 560g,"0,39 €","3,12 €/Kg"
Leite com chocolate,PorSi,Embalagem de 200 ml,"0,26 €","1,30 €/L"
"Gel cabelo, hard cement",Fru style,Embalagem de 200 ml,"3,99 €","53,20 €/L"
Creme descolorante,Veet,Garrafa de 150 ml,"10,99 €","73,27 €/L"
Barrinhas de  pescada panada,Pescanova,Embalagem de 1.2K,"9,30 €/Kg","9,30 €/Kg"
Lixívia Denso-Activa Tradicional p/ Casa e Roupa,Neoblanc,Embalagem de 2 l,"1,74 €","0,35 €/L"
Pilha alcalina heightech lr6x4,Domédia,1 unidade,"1,99 €","1,99 €/Unidade"
Palitos redondos,PorSi,200 unidades embalados individualmente,"1,50 €","1,50 €/Unidade"
Esparguete,PorSi,Embalagem de 1 kg,"0,89 €","1,78 €/Kg"
Azeite virgem extra reserva,Gallo,Garrafa de 750 ml,"3,19 €","4,25 €/L"
Mel de néctar multifloral bio,PorSi Bio,Frasco de 250g,"4,89 €","9,78 €/Kg"
Saco de boxe anti-stress,Olivo,1 unidade,"17,99 €/Unidade","17,99 €/Unidade"
Água sem gás,Vitalis,Garrafa de 0.5 l,"1,04 €","0,17 €/L"
Café em grão,Delta,Embalagem de 250g,"9,16 €/Kg","9,16 €/Kg"
Tostas suecas de trigo,PorSi,Embalagem de 225 g,"2,39 €","6,83 €/Kg"
Caramelos de nata,Werthers,Embalagem de 140g,"2,75 €","11,00 €/Kg"
Guardanapos brancos 22x22cm | folha dupla,Renova,90 unidades,"1,29 €","1,29 €/Unidade"
Andador Trator com Peças,Écoiffier,1 unidade,"17,99 €/Unidade","17,99 €/Unidade"
Prato com naperon 30cm,PorSi,1 unidade,"0,54 €","0,54 €/Unidade"
Café lote normal moagem fina,PorSi,Embalagem de 250 g,"3,49 €","13,96 €/Kg"
"12 lápis de cor, 18cm",Domédia,Uma embalagem,"3,09 €","3,09 €/Unidade"
Pipetas repelente para cão,Repul' 7,Embalagem de 1 unidades,"19,99 €","19,99 €/Unidade"
Papa infantil não láctea multicereais +6 meses,Cerelac,Embalagem de 250g,"4,49 €","4,49 €/Kg"
Tosta integral,Diatosta,Embalagem de 510 g,"1,34 €","5,96 €/Kg"
"Gel banho, sport for men",Nivea,Embalagem de 250 ml,"3,69 €","14,76 €/L"
Batata frita caseira,PorSi,Embalagem de 180g,"0,87 €","5,44 €/Kg"
Fita adesiva,PorSi,5m x 1.25 cm,"2,86 €","2,86 €/Unidade"
Detergente pastilhas p/ máquina loiça oxyplus,Super Pop,Embalagem de 45 unidades,"2,99 €","2,99 €/Unidade"
Bolachas com geleia de framboesa,Chabrior,Embalagem de 150 g,"1,77 €","5,53 €/Kg"
Livro do Peter Pan,Europrice,1 unidade,"3,79 €/Unidade","3,79 €/Unidade"
Vinho regional de lisboa tinto,Marginal,Garrafa de 750 ml,"4,99 €","6,65 €/L"
Creme para calçado preto,Splendor,80 ml,"0,99 €","19,80 €/L"
Bolacha digestiva de aveia/chocolate,Gullon,Embalagem de 430g,"0,98 €","3,27 €/Kg"
Folhado de salsichas,Pastelaria do Dia,1 unidade = 110 g,"0,65 €","0,65 €/Unidade"
Vinho do porto special reserve,Velhotes,"garrafa de 0,75 l","10,99 €","14,65 €/L"
Conjunto Start,Maped,3 peças,"2,29 €","2,29 €/Unidade"
Creme p/ barrar de chocolate e avelã,Milka,Embalagem de 340g,"4,19 €","12,32 €/Kg"
Rabanetes,Legumes do dia,Embalagem 125g,"0,62 €","2,49 €/Kg"
Soja nacos,PorSi Viva Bem,Embalagem de 400 g,"2,09 €","8,36 €/Kg"
Tablete de chocolate culinário branco,PorSi,Embalagem de 180 g,"1,04 €","8,32 €/Kg"
Entremeada Novilho,Novilho,1 un=150 gr (aprox),"2,62 €","10,49 €/Kg"
Café moído torrado aroma originale,Belissimo,Embalagem de 200g,"9,16 €/Kg","9,16 €/Kg"
Pão de forma s/ côdea,Bimbo,Embalagem de 650 g,"0,99 €","1,65 €/Kg"
Papel higiénico branco folha quadrupla,PorSi,12 rolos,"1,99 €","1,99 €/Unidade"
Lion barra cereais  25g,Nestle,Embalagem de 150g,"1,29 €","10,24 €/Kg"
Crescido Asa Branca,Bacalhau da Noruega,1 un=1.5 Kg (aprox.),"8,73 €/Kg","8,73 €/Kg"
Bombons Hapiness,Trumpf,Embalagem de 400G,"2,99 €","29,90 €/Kg"
Lanche Misto,Pastelaria do Dia,1 unidade= 115 g,"0,65 €","0,65 €/Unidade"
Ambientador Difusor Frutos Vermelhos,PorSi,50 ml,"9,49 €","45,19 €/Kg"
Alimento seco para gato steril,HappyOne,Embalagem de 2 kg,"12,99 €","4,33 €/Kg"
Caramelos de leite,Penha,Embalagem de 250g,"2,75 €","11,00 €/Kg"
Vinho verde branco,MIRANDA,"Garrafa de 0,75 l","3,09 €","3,09 €/L"
Algodão zig zag pré-cortado,PorSi,Embalagem de 50 g,"2,86 €","2,86 €/Unidade"
Água com gás natural pet,P.salgadas,pack 6 x 0.33 l,"2,85 €","2,85 €/L"
Néctar bio laranja,Paquito,"Embalagem de 1,5 l","1,59 €","1,59 €/L"
Néctar ananás,PorSi,Pack 3 x 200 ml,"0,99 €","0,99 €/L"
Vinho do Porto Branco,Velhotes,"Garrafa de 0,75 l","11,99 €","15,99 €/L"
Sal cristal,PorSi,embalagem de 1 kg,"0,25 €","0,25 €/Kg"
Sidra,Kings Bräu,Pack 6 x 0.33 l,"1,59 €","3,18 €/L"
Vinho rosé,Mateus,Garrafa de 750 ml,"4,29 €","5,72 €/L"
Camisola segunda pele 40D preto t. único,PorSi,1 unidade,"4,69 €","4,69 €/Unidade"
"Chá ventre liso, 10 saquetas",TLEY,Embalagem de 20g,"1,19 €","79,33 €/Kg"
Café solúvel sem cafeína,Nescafe,Embalagem de 20g,"1,45 €","14,50 €/Kg"
Café em cápsulas aqtivus,Delta Q,Embalagem de 55 g,"54,36 €/Kg","54,36 €/Kg"
Toalha em rolo papel bordeau,PorSi,1 Unidade,"13,99 €","13,99 €/Unidade"
Refresco em pó de laranja,Tang,Embalagem de 30g,"0,75 €","18,75 €/Kg"
Lula limpa 20/40,PorSi,Embalagem de 800 g,"5,49 €","6,86 €/Kg"
Hamburgúer de queijo,Cemporcent,Embalagem de 160g,"11,99 €","29,98 €/Kg"
Amaciador  p/ roupa concentrado Aromaterapia,PorSi,Embalagem com 60 doses,"3,99 €","3,99 €/Unidade"
Faneca,Peixe do Dia,"Vendido ao peso, 1 un = 500 g (aprox.)","6,49 €/Kg","6,49 €/Kg"
Rhum com coco,Malibu,Garrafa de 700 ml,"17,49 €","24,99 €/L"
Pão forma com côdea,PorSi,Embalagem de 600g,"0,99 €","1,65 €/Kg"
Café Torrado em Grão Indonésia,Delta,Embalagem de 220g,"9,16 €/Kg","9,16 €/Kg"
Galheteiro,Imf,1 conjunto,"11,99 €","11,99 €/Unidade"
Maionese top down,Hellmman's,Embalagem de 238 g,"0,70 €","2,33 €/Kg"
Sangria branca,Casal Garcia,Garrafa de 750 ml,"2,39 €","1,59 €/L"
Bandas de cera fria facial,Labell,Embalagem com 20 un. + 4 toalhitas de acabamento,"6,99 €","6,99 €/Unidade"
Bolachas crackers s/ sal,Du bois,Embalagem de 500g,"0,39 €","3,12 €/Kg"
Leite condensado magro,Nestle,Embalagem de 390g,"1,09 €","2,75 €/Kg"
Coca-cola light,Coca-Cola,Garrafa de 1 l,"0,79 €","0,40 €/L"
Estendal de roupa com abas resina,PorSi,20 metros,"0,89 €","0,89 €/Unidade"
Vinho regional lisboa branco,Marginal,Garrafa de 750 ml,"4,99 €","6,65 €/L"
Lixívia para roupa tradicional,Neoblanc,Embalagem de 1 l,"2,19 €","1,10 €/L"
Manjericão,PorSi,50 g,"0,99 €","19,80 €/Kg"
Feijão encarnado,PorSi,Embalagem de 820 g,"1,79 €","2,29 €/Kg"
Gogo SqueeZ Snack Morango,Gogo,Embalagem de 90g,"2,29 €","6,94 €/L"
Caramelo líquido,Royal,Embalagem de 400g,"1,29 €","3,23 €/Kg"
Bloco Sanitário Poder Activo Aqua,Sonasol,Embalagem de 50 g,"2,99 €","74,75 €/Kg"
Pimenta preta grão,PorSi,Saqueta de 50 g,"0,25 €","0,25 €/Kg"
Ameijoa Castanha Vietnamita,Marisco Congelado,Venda ao Kilo,"2,00 €","7,99 €/Kg"
Máquina Descartável Depilatória Venus Plus,Gillette,4 un. + 2 grátis,"6,29 €","6,29 €/Unidade"
Marmelada com frutose,PorSi Viva Bem,Embalagem de 400g,"1,09 €","2,42 €/Kg"
Gelatina de morango,PorSi,Embalagem de 170g,"0,55 €","61,11 €/Kg"
Couve Branca,Programa Origens,1 un = 1.5 kg (aprox.),"1,20 €","2,99 €/Kg"
Salsichas frescas de porco,PorSi,Embalagem de 400 g,"2,09 €","9,95 €/Kg"
"Sacos do lixo WC canino 5l, 30 unidades",Silvex,Uma embalagem,"1,79 €","1,79 €/Unidade"
Caderno A4 Agrafado Quadriculado,Firmo,1 un.,"1,09 €","1,09 €/Unidade"
Mandioca,Legumes do Dia,1 un=500 gr (aprox.),"0,62 €","2,49 €/Kg"
Bolachas com recheio baunilha,PorSi,Embalagem de 500g,"2,15 €","2,87 €/Kg"
Requeijão Ovelha,Saloio,170 g,"1,09 €","5,45 €/Kg"
Amaciador para roupa concentrado jasmim e mirtilo,Comfort,50 doses,"3,74 €","0,96 €/L"
Açúcar mascavado claro,Rar,Embalagem de 500 g,"1,49 €","1,49 €/Kg"
Pasta dentífrica gel kids,Labell,Embalagem de 50 ml,"0,99 €","0,99 €/Unidade"
"Limpa vidros, azul",PorSi,Embalagem de 5 l,"3,99 €","0,80 €/L"
Couscous tradicional,Cemporcent,Embalagem de 500g,"1,94 €","3,88 €/Kg"
Palmiers,PorSi,Embalagem de 720 g,"1,69 €","6,76 €/Kg"
Centro Cuidados para Gatos,Écoiffier,,"17,99 €/Unidade","17,99 €/Unidade"
Leite uht sem lactose magro,PorSi Viva Bem,1 litro,"0,99 €","0,99 €/L"
Lava tudo amigo dos animais,Xanpa,Embalagem de 1 l,"2,59 €","1,30 €/L"
"Vinho branco região da península de setúbal, bag in ...",Dom Campos,Garrafa de 5 l,"9,49 €","1,90 €/L"
Licor,Do João,Garrafa de 0.70L,"22,49 €","32,13 €/L"
Bio miolo amendoa compele,PorSi Bio,Embalagem de 100g,"0,79 €","3,95 €/Kg"
Iogurte Pedaços Ananás 0% Matéria Gorda/Açúcares,Danone,4 x 120 g,"4,36 €","2,18 €/Kg"
Rum anejo especial,Havana,Garrafa de 700 ml,"17,49 €","24,99 €/L"
Toalhitas limpa vidros,Cif,20 unidades,"3,19 €","6,38 €/L"
Chispalhada,PorSi,Embalagem de 420 g,"2,35 €","5,60 €/Kg"
Chalotas,Legumes do Dia,embalagem de 250 g (aprox.),"0,89 €/Kg","0,89 €/Kg"
"Refrigerante sem gás, maracujá e la",Joi,"Garrafa de 1,5 l","1,14 €","0,76 €/L"
Brandy  (36º),Macieira,Garrafa de 700 ml,"11,99 €","17,13 €/L"
Vinho branco região do Dão,Dharma,Garrafa de 0.75 l,"3,99 €","5,32 €/L"
Tequila,On Off,Garrafa de 70 cl,"11,99 €","11,99 €/L"
Saqueta de puré de fruta | maçã + pera,PorSi,90 g,"0,74 €","8,22 €/Kg"
Escova e pente,Neo Baby,1 unidade,"24,99 €","24,99 €/Unidade"
Spray de lavagem a seco denim,Day 2,200 ml,"1,09 €","2,73 €/Kg"
Tira gorduras dia a dia,Mistolin,Garrafa de 750 ml,"1,29 €","1,72 €/L"
Mala de ferramentas,Itools,49 peças,"1,99 €","1,99 €/Unidade"
Desentupidor gel turbo com lixívia,Destop,Garrafa de 1 l,"4,89 €","6,52 €/L"
Tablete de chocolate leite,Schogetten,Embalagem de 100g,"0,53 €","5,30 €/Kg"
Inseticida Elétrico Citronela,Dum Dum,1 unidade = 45 noites,"7,69 €","7,69 €/Unidade"
Bacalhau com azeite e alho,PorSi Select,Lata de 120 g,"0,89 €","7,42 €/Kg"
Feijão manteiga caçarola,Cacarola,Embalagem de 500g,"2,78 €/Kg","2,78 €/Kg"
Creme vegetal para barrar,PorSi,Embalagem de 500 g,"1,39 €","6,95 €/L"
Kit de viagem,Colgate,pasta dentífrica + escova,"2,29 €","38,17 €/L"
Meloa Canteloupe,Fruta do Dia,1un=800 g (aprox.),"2,79 €","2,79 €/Kg"
Creme Depilatório Men Peles Sensíveis,Veet,Embalagem de 200 ml,"6,99 €","6,99 €/Unidade"
Legumes para sopa,PorSi,Embalagem de 1 kg,"1,49 €","1,49 €/Kg"
Sobremesa danette duo baunilha e chocolate,Danone,Embalagem de 4 x 125 ml,"0,99 €","1,65 €/Kg"
Cereais Forma Natura,PorSi,500 g,"3,45 €","26,74 €/Kg"
Vinho Regional Península Setúbal Tinto,Periquita,"Caixa de 2x0,75 l","5,99 €","7,99 €/L"
Bifanas,Porco,Vendido ao peso a partir de 1 kg,"4,89 €","4,89 €/Kg"
Robô que salta Jumping Bot,Clementoni,1 un.,"9,99 €/Unidade","9,99 €/Unidade"
Leite UHT Meio Gordo,PorSi,1 l,"0,81 €","0,81 €/L"
Lambrusco rosé,Sorbello,Garrafa de 0.75 l,"2,29 €","3,05 €/L"
Dobrada com feijão,Nobre,Embalagem de 420g,"2,35 €","5,60 €/Kg"
Ted Urso Falante,Clementoni,1 unidade,"25,95 €","25,95 €/Unidade"
Iogurte Pedaços Kiwi 0% Matéria Gorda/Açúcares,Danone,4 x 120 g,"4,36 €","2,18 €/Kg"
Empadas soja,PorSi Viva Bem,Embalagem de 260g,"2,09 €","8,36 €/Kg"
Peito de frango,PorSi,Embalagem de 800 g,"2,32 €","5,80 €/Kg"
Licor Limoncello,Vila Massa,"Embalagem de 0,50 l","16,99 €","24,27 €/L"
Refrigerante s/ gás flórida,Sunny d,"Garrafa de 1,25 l","1,14 €","0,76 €/L"
Creme de corpo exfoliante,Labell,Embalagem de 150 ml,"0,76 €","0,76 €/Unidade"
Mopa com cabo,PorSi,1 unidade,"2,99 €","2,99 €/Unidade"
Néctar vital equilibrio manga/laranja,Compal,Embalagem de 1 l,"0,84 €","2,55 €/L"
Arroz de pato,PorSi,Embalagem de 250 g,"2,99 €","11,96 €/Kg"
Iogurtes aroma 4 de morango + 4 de banana,PorSi,Embalagem de 8x125g,"1,87 €","1,25 €/Kg"
Bateria Musical,Panda,1 unidade,"25,95 €","25,95 €/Unidade"
Casal garcia sweet 750ml/1,Casal Garcia,Garrafa de 750 ml,"3,09 €","3,09 €/L"
Nestle bebe natural 4x100g,Nestle,Embalagem de 400g,"2,89 €","7,23 €/Kg"
Arroz carolino malandrinho,Malandrinh,Embalagem de 1 kg,"0,99 €/Kg","0,99 €/Kg"
"Vinho tinto, bag in box",Capela Pias,Garrafa de 5 l,"9,49 €","1,90 €/L"
Danacol natural,Danone,Embalagem de 6 x 100 g,"4,15 €/Kg","4,15 €/Kg"
Detergente manual de roupa,Omo,Embalagem de 540g,"1,09 €","2,73 €/Kg"
"Fermento em pó, lata",Royal,Embalagem de 110g,"1,59 €","19,39 €/Kg"
Romã,Fruta da Época,1 un = 250 gr  (aprox.),"1,89 €/Kg","1,89 €/Kg"
Ganchos Perfumados Lavanda,Raid,2 unidades,"5,99 €","176,18 €/Kg"
Champanhe brut,Pommery,Garrafa de 0.75 l,"34,99 €","46,65 €/L"
Maionese magra em frasco,Hellmman's,Embalagem de 460g,"0,70 €","2,33 €/Kg"
Queijinhos mini,Babybel,Embalagem de 240g,"0,82 €","23,43 €/Kg"
Spray desengordurante cozinha,Neoblanc,Embalagem de 500 ml,"2,59 €","1,30 €/L"
Lápis de cor 18 cm,Domédia,embalagem com 18 unidades,"3,09 €","3,09 €/Unidade"
Azeite Virgem Extra Clássico,Gallo,Garrafa de 2 l,"3,19 €","4,25 €/L"
Bombom Caja Roja,Nestlé,Embalagem de 100G,"2,99 €","29,90 €/Kg"
Café solúvel descafeinado,PorSi,Embalagem de 100G,"1,45 €","14,50 €/Kg"
Lata de Brilho Incolor,Búfalo,Embalagem de 75 ml,"0,99 €","19,80 €/L"
Mignonnettes Leite,Cote D'or,Embalagem de 240 g,"0,53 €","5,30 €/Kg"
Vinho do porto 10 anos,Souza,Garrafa de 750 ml,"15,99 €","21,32 €/L"
Papa infantil não láctea 8 cereais e mel +6 meses,Cerelac,Embalagem de 250g,"4,49 €","4,49 €/Kg"
Hamburger espinafres,Veg In,Embalagem de 160g,"3,39 €","21,19 €/Kg"
Vinho verde branco,Aveleda,Garrafa de 750 ml,"3,09 €","3,09 €/L"
Cereais estrelitas,Nestle,Embalagem de 550g,"5,07 €/Kg","5,07 €/Kg"
Nestum flocos de cereais integrais,Nestum,Embalagem de 250g,"2,19 €","8,76 €/Kg"
Café torrado lote chávena saco,Delta,Embalagem de 250g,"9,16 €/Kg","9,16 €/Kg"
Camarão 40/60,Congelado de Aquicultura,1 un = 250 gr  (aprox.),"2,00 €","7,99 €/Kg"
"Salsichas bockwurst em frasco, 8 unidades",Izidoro,Embalagem de 400g,"0,75 €","3,75 €/Kg"
Batata frita light,PorSi,Embalagem de 150g,"0,95 €","6,33 €/Kg"
Guardanapos 2 folhas brancos e dourado,PorSi Select,50 unidades,"1,29 €","1,29 €/Unidade"
Lava tudo brilhante madeiras,PorSi,Embalagem de 1.1 litros,"0,99 €","0,50 €/L"
24 Caldos de carne,PorSi,Embalagem de 255  g,"3,84 €","24,00 €/Kg"
Néctar de pêssego,PorSi,Pack 3 x 200 ml,"0,99 €","0,99 €/L"
Bebida de soja comcálcio,Frias,Garrafa de 1 l,"1,19 €","1,86 €/L"
Tesoura Essentials,Maped,13 cm,"2,19 €","109,50 €/L"
Snack bounty single 57g,BOUNTY,Embalagem de 60g,"2,24 €","29,87 €/Kg"
Alimento alpiste pássaros de canto,Sandimas,Embalagem de 1 kg,"2,49 €","2,49 €/Kg"
Bola Unicórnio 50 cm,Mondo,1 unidade,"2,99 €","2,99 €/Unidade"
Sobremesa gelatina de ananás,PorSi,Embalagem 4X100G,"0,85 €","2,13 €/Kg"
Levedura de cerveja,Cemporcent,Embalagem de 150g,"1,89 €","12,60 €/Kg"
Toalha de Mesa Anti Nódoas,VZT,Dim.: 150 x 150 cm,"2,50 €","2,50 €/Unidade"
Vinho branco arinto bucelas,P.regia,Garrafa de 750 ml,"4,99 €","6,65 €/L"
Queijo Camembert,President,Embalagem de 250 g,"2,60 €","13,00 €/Kg"
Faca Pão 20 cm Preta,PorSi,1 unidade,"5,90 €","5,90 €/Unidade"
Caixa de arrumação reciclada,PorSi,20 litros,"5,24 €","5,24 €/Unidade"
Barras de cereais com chocolate preto,PorSi,6 x 23 g,"1,29 €","10,24 €/Kg"
Desodorizante roll-on invisible,Rexona,Embalagem de 50 ml,"4,69 €","31,27 €/L"
Magnésio + vitaminas,PLANTANATU,Embalagem de 1 unidades,"10,79 €","21,58 €/L"
Massa quebrada margarina,PorSi,Embalagem de 230 g,"0,99 €","4,30 €/Kg"
Pré-lavagem power gel,Vanish,Garrafa de 200 ml,"29,99 €","7,06 €/L"
Régua 30 cm,Mab,1 un.,"2,49 €","2,49 €/Unidade"
Leite de pastagem biológico meio gordo,Milhafre,1 litro,"0,81 €","0,81 €/L"
Bebida energética ripper,Monster,Garrafa de 500 ml,"5,39 €","5,39 €/L"
Folhado de salsicha,PorSi,Embalagem de 6x60 g,"1,79 €","7,16 €/Kg"
Amaciador roupa essencial azul,Comfort,86 doses,"3,74 €","0,96 €/L"
Adoçante com doseador,PorSi,Embalagem 100 comprimidos,"5,99 €","23,96 €/Kg"
Actimel morango-banana,Danone,Embalagem de 6 x 100 g,"4,15 €/Kg","4,15 €/Kg"
"Mini rissóis de carne, 20 unidades",PorSi,Embalagem de 300 g,"1,79 €","7,16 €/Kg"
Desentupidor express gel elimina odores,Destop,1 litro,"4,89 €","6,52 €/L"
Paté Fígado Porco c/ Vinho do Porto,PorSi,75 g,"1,05 €","6,99 €/Kg"
10 hamburguers 60% carne de bovino,PorSi,Embalagem de 1 kg,"2,79 €","8,72 €/Kg"
"Vinho doc loureiro, verde",Selecção de Enófilos,Garrafa de 0.75 l,"3,09 €","3,09 €/L"
"Escova de dentes, proteção global média, 2 unidades",Labell,Uma embalagem,"3,49 €","3,49 €/Unidade"
Spray casa de banho brilhante,Sonasol,Embalagem de 500 ml,"0,99 €","0,50 €/L"
Trinca de arroz,PorSi,Embalagem de 1 kg,"22,99 €","1,15 €/Kg"
30 comprimidos super ginseng,PLANTANATU,Embalagem de 1 unidades,"10,79 €","21,58 €/L"
Feijão branco,Compal,Lata de 410 ml,"1,79 €","2,29 €/Kg"
"Toalhitas intimas, 20 unidades",Labell,Uma embalagem,"2,19 €","2,19 €/Unidade"
Soquete mousse 20d musk t. único,PorSi,3 unidades,"1,89 €","1,89 €/Unidade"
Papel higiénico reciclado 2 folhas,PorSi,12 rolos,"1,99 €","1,99 €/Unidade"
Pescada África do Sul,Peixe Congelado,De 600g a 900g,"3,99 €/Kg","3,99 €/Kg"
Ovos Frescos Classe M,PorSi,12 unidades,"2,19 €","2,19 €/Unidade"
Chocolate culinário 70% cacau,Pantagruel,Embalagem de 200g,"1,04 €","8,32 €/Kg"
Ambientador arbre magique côco,Arbre Magique,1 unidade,"2,89 €","2,89 €/Unidade"
Café moagem normal: intenso,Buondi,Embalagem de 220g,"3,49 €","13,96 €/Kg"
Detergente líquido baby,Skip,22 doses,"3,55 €","2,37 €/L"
Piscina morango,Bestway,Dim.: 160 x 38 cm,"2,99 €","2,99 €/Unidade"
Amaciador para roupa concentrado orquídea branca e a...,Quanto,76 doses,"3,74 €","0,96 €/L"
Vinho Tinto Douro Reserva,Duas Quintas,Garrafa de 750 ml,"3,09 €","3,09 €/L"
Bebida de Aveia,PorSi Viva Bem,1 l,"1,59 €","1,59 €/L"
Cacau em pó,Pantagruel,Embalagem de 130g,"1,04 €","8,32 €/Kg"
Queijo P'tits Fondants 8 Porções,PorSi,Embalagem de 140 g,"0,82 €","23,43 €/Kg"
Salada de fruta em calda,PorSi,Lata com 820 g,"1,99 €","2,37 €/Kg"
Ovos de galinha ao ar livre | Classe: M/L,Matinados,12 unidades,"2,19 €","2,19 €/Unidade"
Na-esparguete bio 500g 10kg,Nacional,Embalagem de 500g,"1,89 €","3,78 €/Kg"
Vela em número nº1,PorSi,1 unidade,"0,60 €","0,60 €/Unidade"
Pasta Arquivo Cinza Lombada Larga,PorSi,1 unidade,"1,09 €","1,09 €/Unidade"
Arnês de segurança para cão,Sandimas,Tamanho M,"19,99 €","19,99 €/Unidade"
Fralda cueca T4 - 8 a 14 kg,PorSi,22 unidades,"8,49 €","8,49 €/Unidade"
Penso de incontinência maxi,Ausonia Discreet,Embalagem de 8 un.,"1,95 €","1,95 €/Unidade"
Arroz agulha América do Sul,PorSi,Embalagem de 1 kg,"0,99 €/Kg","0,99 €/Kg"
Lou Provence Rosé,Peyrassol,0.75 litros,"2,09 €","2,79 €/L"
"Pasta de arquivo, lombada estreita, cinza",Domédia,1 unidade,"1,69 €","1,69 €/Unidade"
"Refrigerante com gás cola, mini lata",Coca-Cola,pack 12 x 0.15 l,"0,79 €","0,40 €/L"
"Hamburgers de porco, 4x80g",PorSi,Embalagem de 320 g,"2,79 €","8,72 €/Kg"
"Iogurte pedaços, frutimax muesli",PorSi,Embalagem de 4 x 125 g,"4,36 €","2,18 €/Kg"
Fermento,Royal,Embalagem de 230g,"1,59 €","19,39 €/Kg"
Doce morango 284g,ST.DALFOUR,Frasco de 284g,"2,19 €","9,95 €/Kg"
Cubos de bacon,Porminho,Embalagem de 2x75 g,"3,29 €","21,93 €/Kg"
Cocktail melão,Bar Royal,Garrafa de 750 ml,"11,99 €","11,99 €/L"
Queijo fresco ligth,PorSi,Embalagem de 4 x 62.5 g,"2,39 €","19,92 €/Kg"
Esferográfica Preta Média,Mab,Embalagem com 4 un.,"2,49 €","2,49 €/Unidade"
Creme Mãos Secrets Coco,Dove,75 ml,"1,03 €","10,30 €/L"
Penso diário salvaslip multiforma,Evax,embalagem de 34 unidades,"1,79 €","1,79 €/Unidade"
Ananás rodelas em sumo,PorSi,Embalagem de 3 x 220 g,"1,99 €","2,37 €/Kg"
Fruta para bebé maçã cenoura manga +6 meses,Nestle,Embalagem de 90g,"0,74 €","8,22 €/Kg"
"Vela com número, nº 7",PorSi,1 unidade,"0,60 €","0,60 €/Unidade"
Dragon Slime,Clementoni,1 unidade,"17,99 €/Unidade","17,99 €/Unidade"
Mix de frutas para smothie,PorSi,Embalagem de 450 g,"3,29 €","4,39 €/Kg"
Mega balde dos animais,Baby Clementoni,1 un.,"17,99 €/Unidade","17,99 €/Unidade"
Caju com sal,Frutos secos,1 un = 100 gr. (aprox.),"1,45 €","5,79 €/Kg"
Mousse de chocolate preto,Páturages,Embalagem de 4x60 g,"0,99 €","1,65 €/Kg"
Bebida láctea crescimento c/ bolacha maria,Nestle,Embalagem de 1 litro,"0,26 €","1,30 €/L"
Leite seleccionado magro,Matinal,Garrafa de 1 l,"0,81 €","0,81 €/L"
Creme Facial Depilatório,Veet,Embalagem de 2x50 ml,"6,99 €","6,99 €/Unidade"
20 mini rissóis de camarão,PorSi,Embalagem de 300 g,"1,79 €","7,16 €/Kg"
Frango do Campo Inteiro c/ Miúdos Programa Origens,PorSi Select,Vendido ao peso,"2,32 €","5,80 €/Kg"
Amaciador roupa concentrado lírios e morango,PorSi,60 doses,"3,99 €","3,99 €/Unidade"
Rebuçados recheio mel,PorSi,Embalagem de 200g,"0,77 €","3,85 €/Kg"
Amaciador roupa concentrado lírios e frutos vermelho...,Quanto,76 doses,"3,74 €","0,96 €/L"
Discos Sanitários Activos Aparelho Marinho,WC Pato,Embalagem de 36 ml,"2,99 €","74,75 €/Kg"
Recarga Ambientador Automático Essential Mist Lavand...,Air Wick,1 un.,"11,98 €","11,98 €/Unidade"
Iogurte sabor pêssego morango e manga,Danone,Embalagem de 8 x 120 g com 1 grátis,"1,87 €","1,25 €/Kg"
Polvo limpo,PorSi,Embalagem de 1 kg,"5,49 €","6,86 €/Kg"
Açúcar areado amarelo,Rar,Embalagem de 1kg,"1,49 €","1,49 €/Kg"
Toalhitas limpa moveis,PorSi,Embalagem de 24 unidades,"1,39 €","1,26 €/L"
Figo pingo mel,PorSi,Embalagem de 300 g,"1,89 €/Kg","1,89 €/Kg"
15 douradinhos,Capitão Iglo,Embalagem de 420g,"1,79 €","7,16 €/Kg"
Shampô azul concentrado,PorSi,Embalagem de 1 l,"3,99 €","0,80 €/L"
Anti-Traça Maçã,Dum Dum,3 Unidades,"5,99 €","176,18 €/Kg"
Perolas perfumadas floral,PorSi,Embalagem de 275 g,"29,99 €","7,06 €/L"
"Bolachas chiquilin, com 2 chocolates",Artiach,Embalagem de 150g,"2,15 €","2,87 €/Kg"
Alimento seco p/ cão raça pequena,PorSi Select,Embalagem de 3kg,"22,99 €","1,15 €/Kg"
Preparado sobremesa vegan sem lactose,Nestle,Embalagem de 370g,"1,69 €","8,45 €/L"
Amaciador concentrado para roupa jojoba,PorSi,80 doses,"3,74 €","0,96 €/L"
Rebuçados peitorais,PorSi,Embalagem de 200g,"0,77 €","3,85 €/Kg"
Farinha de milho 500g,ESPIGA,Embalagem de 500g,"1,99 €","1,99 €/Kg"
Ice tea de limão,PorSi,"Embalagem de 1,5 l","1,14 €","0,76 €/L"
Arroz estufado,Caçarola,Embalagem de 1 kg,"0,99 €/Kg","0,99 €/Kg"
Gelatina de melancia,Koala,Embalagem de 130g,"0,85 €","2,13 €/Kg"
Topping chocolate belga,Branca de neve,Embalagem de 390g,"1,29 €","3,23 €/Kg"
Ambientador auto limão,PorSi,1 unidade,"2,89 €","2,89 €/Unidade"
Amaciador roupa concentrado ecológico,PorSi,Embalagem de 80 doses,"3,74 €","0,96 €/L"
Sistema microfibras com pedal,Vileda,1 unidade,"0,89 €","0,89 €/Unidade"
Cha infusão vermelho,Cemporcent,Embalagem com 10 saquetas,"58,44 €/Kg","58,44 €/Kg"
Vinho rosé,Gatão,Garrafa de 0.75 l,"4,29 €","5,72 €/L"
Ricotta,Páturages,Uma unidade,"0,82 €","23,43 €/Kg"
Ambientador vela citronela,PorSi,1 unidade,"9,49 €","45,19 €/Kg"
Feijão catarino,PorSi,Embalagem 500G,"2,78 €/Kg","2,78 €/Kg"
20 saquetas chá detox,Lipton,Embalagem de 30g,"58,44 €/Kg","58,44 €/Kg"
Nestum zero espelta/aveia,Nestum,Embalagem de 250 g,"4,49 €","4,49 €/Kg"
Batata pré-frita palito,PorSi,Embalagem de 1 kg,"1,39 €","1,39 €/Kg"
Porto special reserva,Q.harris,Garrafa de 750 ml,"10,99 €","14,65 €/L"
Peito peru fumado fatias finas cuida-te +,Nobre,Embalagem de 110g,"2,25 €","11,25 €/Kg"
Iogurte eleva com fermentos naturais framboesa e amê...,Mimosa,Embalagem de 4 x 115 g,"5,97 €/Kg","5,97 €/Kg"
Arroz brajma,Cigala,Embalagem de 1 kg,"0,99 €/Kg","0,99 €/Kg"
Barras de cereais forma clássica,PorSi,Embalagem de 126g,"1,29 €","10,24 €/Kg"
Barras fitness natural 141g,Nestle,Embalagem de 140g,"1,29 €","10,24 €/Kg"
Bebida energética original,Burn,Garrafa de 500 ml,"5,39 €","5,39 €/L"
Moscatel favaios,Favaios,Garrafa de 750 ml,"5,99 €","7,99 €/L"
"Tablete de chocolate, black-white",Schogetten,Embalagem de 100g,"0,53 €","5,30 €/Kg"
Bacalhau posta média,PorSi,Embalagem de 800g,"6,39 €","7,99 €/Kg"
Nakis milho com chocolate negro,Bicentury,Embalagem de 91 g,"1,45 €","11,15 €/Kg"
Leite Hidratante Delicadeza de Aveia,Ultra Suave,Embalagem de 400 ml,"12,48 €/L","12,48 €/L"
Lixívia com detergente,PorSi,Embalagem de 2 l,"2,59 €","1,30 €/L"
Ayam leite de coco,Ayam,Garrafa de 200 ml,"1,69 €","8,45 €/L"
Queijo p/ barrar s/ lactose,Philadelph,Embalagem de 150g,"4,68 €","11,70 €/Kg"
Metades de pera em calda,PorSi,Lata de 820 g,"1,99 €","2,37 €/Kg"
Cadeira de refeição conversível,Asalvo,1 unidade,"89,90 €","89,90 €/Unidade"
Cereais recheados com chocolate e avelã,PorSi,Embalagem de 400g,"5,07 €/Kg","5,07 €/Kg"
Bolachas com recheio de chocolate,PorSi,Embalagem de 500g,"2,15 €","2,87 €/Kg"
"Bombons de chocolate, praleine",Schogetten,Embalagem de 100g,"0,53 €","5,30 €/Kg"
Manteiga magra,PorSi,Embalagem de 250g,"1,69 €","6,76 €/Kg"
Natas para café,President,Embalagem de 10X10G,"0,75 €","3,75 €/L"
Luvas descartáveis extra long m/g,Vileda,10 unidade,"4,29 €","4,29 €/Unidade"
"Batata frita, receita camponesa",Lay's,Embalagem de 250g,"1,19 €","6,43 €/Kg"
Champanhe meio seco,Delagne & Fils,"Garrafa de 0,75 l","34,99 €","46,65 €/L"
Chip choco diet nature,Gullon,Embalagem de 130g,"0,90 €","6,00 €/Kg"
"M&m's drageias de amendoim e chocolate de leite,",M&m's,Embalagem de 200g,"11,98 €/Kg","11,98 €/Kg"
Mala criativa,Lego,1 unidade,"29,99 €","29,99 €/Unidade"
Baby Fruta,Baby Clementoni,1 unidade,"9,99 €/Unidade","9,99 €/Unidade"
"Lenços de bolso, mentol, 10 unidades",Renova,Uma embalagem de 6x10,"0,89 €","0,89 €/Unidade"
Amaciador para roupa concentrado rubi,Quanto,76 doses,"3,74 €","0,96 €/L"
Infusão cidreira,Cemporcent,Embalagem de 10 unidades,"0,89 €","68,46 €/Kg"
Leite uht meio gordo,Agros,Embalagem 1L,"0,81 €","0,81 €/L"
Bolacha vitalday frutos vermelhos,Gullon,Embalagem de 240g,"2,82 €","9,40 €/Kg"
Amendoas laminadas 125g,Vahine,Embalagem de 130g,"1,59 €","19,39 €/Kg"
Cenouras Programa Origens,PorSi,Embalagem de 1 kg,"0,99 €","0,99 €/Kg"
Vinho branco regional península de setúbal,Joao pires,Garrafa de 0.75 l,"5,99 €","7,99 €/L"
Caramelos de nata,PorSi,Embalagem de 250g,"2,75 €","11,00 €/Kg"
"Jogo ""Quem Sou Eu?""",Concentra,1 unidade,"9,99 €/Unidade","9,99 €/Unidade"
Recarga p/ Esfregona |Suave,Vileda,,"0,89 €","0,89 €/Unidade"
Gel de banho naturals amêndoa e leite,Palmolive,500 ml,"3,69 €","14,76 €/L"
Molas plásticas amarelas,PorSi,50 unidades,"0,89 €","0,89 €/Unidade"
Molho inglês,Savora,Garrafa de 120 ml,"0,70 €","2,33 €/Kg"
Espinafres salteado com alho,PorSi,Embalagem de 750g,"1,49 €","1,49 €/Kg"
Queijo creme de ervas finas,Philadelph,Embalagem de 150g,"4,68 €","11,70 €/Kg"
Vinho doc dão tinto,Grao vasco,Garrafa de 750 ml,"3,99 €","5,32 €/L"
Vinho rosé frisante,Cacho Fresco,Garrafa de 0.75 l,"2,29 €","3,05 €/L"
Creme vegetal para culinária,PorSi,Embalagem de 1 kg,"2,89 €","2,89 €/Kg"
Trivial Familia,Hasbro,,"9,99 €/Unidade","9,99 €/Unidade"
Cereais cookie crisp,Nestle,Embalagem de 380g,"5,07 €/Kg","5,07 €/Kg"
Palito la reine,PorSi,Embalagem de 400 g,"0,69 €","3,45 €/Kg"
Churrasqueira/Barbecue,Écoiffier,1 unidade,"17,99 €/Unidade","17,99 €/Unidade"
Bloco Sanitário Ativo Lavanda,Sonasol,Embalagem de 50 g,"2,99 €","74,75 €/Kg"
Pilha alcalina classic lr6x8,Domédia,1 unidade,"1,99 €","1,99 €/Unidade"
Rebuçados mentho-lyus sem açúcar,Halls,Embalagem de 31 g,"0,77 €","3,85 €/Kg"
Esfregão de Teflon,Fino,1 unidade,"2,54 €","2,54 €/Unidade"
Ambientador vela baunilha,PorSi,1 unidade,"9,49 €","45,19 €/Kg"
Azeite Virgem,Oliveira da Serra,Embalagem de 750 ml,"3,19 €","4,25 €/L"
Baguete de alho,Panike,Embalagem de 350g,"3,40 €/Kg","3,40 €/Kg"
Bebida de aveia,Frias,Garrafa de 1 l,"1,19 €","1,86 €/L"
Pilha alcalina classic lr03x4,Domédia,1 unidade,"1,99 €","1,99 €/Unidade"
Queijo mozzarella light ralado,PorSi Viva Bem,Embalagem de 150 g,"2,39 €","19,92 €/Kg"
3 Pipetas de Repelente p/ Gato,Repul'7,1 unidade,"19,99 €","19,99 €/Unidade"
Batata Branca Nova Granel,Legumes do Dia,1 un = 250 gr  (aprox.),"0,89 €/Kg","0,89 €/Kg"
Caramelos de fruta,Penha,Embalagem de 100g,"1,10 €","4,40 €/Kg"
Refrigerante c/ gás de laranja zero,Fanta,"Garrafa de 1,5 l","0,79 €","0,40 €/L"
Tostas mistura sem glúten,PorSi Viva Bem,Embalagem de 140g,"2,69 €","20,69 €/Kg"
Cerveja c/ álcool radler,Sagres,pack 6 x 0.33 l,"1,99 €/L","1,99 €/L"
Pargo Mulato,Peixe do Dia,1un = 800 gr (aprox.),"6,49 €/Kg","6,49 €/Kg"
Manteiga c/sal,Terra Nostra,Embalagem de 250g,"1,69 €","6,76 €/Kg"
"Adesivo suave, pele sensivel",Hansaplast,1 unidade,"2,86 €","2,86 €/Unidade"
Aguardente vínica velha,Alianca v.,Garrafa de 700 ml,"12,79 €","18,27 €/L"
Autocaravana de férias,Lego,1 unidade,"17,99 €/Unidade","17,99 €/Unidade"
Vinagre de vinho tinto,Cristal,Garrafa de 500 ml,"0,35 €","0,70 €/L"
Batata frita rodelas,PorSi,Embalagem de 2x70g,"1,06 €","5,73 €/Kg"
"Paezinhos azeite, alho e salsa",PorSi,Embalagem de 160g,"2,39 €","6,83 €/Kg"
Leite condensado cozido,PorSi,Embalagem de 397 g,"1,09 €","2,75 €/Kg"
Panaché,Kings Bräu,"Embalagem de 10x0,25 l","1,59 €","3,18 €/L"
Fio dental gentle suave,Sensodyne,1 unidade,"3,49 €","3,49 €/Unidade"
Sopa da pedra,PorSi,Embalagem de 420 g,"2,35 €","5,60 €/Kg"
Snack dentastix médio,Pedigree,Embalagem de 720 g,"0,94 €","5,22 €/Kg"
Camisola segunda pelo mousse muskade 30D t. único,PorSi,1 unidade,"1,89 €","1,89 €/Unidade"
10 Preservativos Easy Way Nature,Control,,"4,49 €","4,49 €/Unidade"
Café torrado 5 estrelas moagem normal,Sical,Embalagem de 250g,"9,16 €/Kg","9,16 €/Kg"
Galão,PorSi,16 cápsulas,"3,19 €","25,52 €/Kg"
Pensos clássicos,PorSi,100 unidades,"2,86 €","2,86 €/Unidade"
Balões latex azul,PorSi,Embalagem com 24 unidades,"0,59 €","0,59 €/Unidade"
Folha de alumínio,Vileda,50 metros,"1,11 €","1,11 €/Unidade"
Lixívia Roupa delicada,PorSi,Embalagem de 2 l,"2,19 €","1,10 €/L"
"Gomas de beijos, sabor a morango",Fini,Embalagem 100G,"1,19 €","3,97 €/Kg"
Iogurtes magros aroma manga,PorSi Viva Bem,Embalagem de 6 x 125 g,"0,99 €","1,32 €/Kg"
Nectar multivitaminas,Paquito,Embalagem de 2 l,"0,99 €","0,99 €/L"
Feijão com dobrada,PorSi,Embalagem de 420 g,"2,35 €","5,60 €/Kg"
Leite creme,Royal,Embalagem de 90g,"0,79 €","5,27 €/Kg"
Vermute rosso,Martini,Garrafa de 0.75 l,"22,49 €","32,13 €/L"
Detergente liquido para máquina de lavar roupa activ...,Skip,Embalagem de 80 doses,"29,99 €","7,06 €/L"
Chá preto,Tetley,Embalagem de 30g,"1,69 €","56,33 €/Kg"
Spray desengordurante,Sonasol,Embalagem de 500 ml,"4,89 €","6,52 €/L"
"Refeição pronta, boião de frango e arroz",Bledina,Embalagem de 200g,"1,89 €","9,95 €/Kg"
"Sumo 100%, laranja",PorSi,"Embalagem de 1,5 l","1,09 €","0,73 €/L"
Pantagruel leite caramelo (10x),Pantagruel,Embalagem de 200g,"1,04 €","8,32 €/Kg"
Pai Natal de Chocolate,PorSi,Embalagem de 60 g,"18,50 €/Kg","18,50 €/Kg"
10 salsichas de porco em lata,PorSi,Embalagem de 250G,"0,75 €","3,75 €/Kg"
Leite e cereais bolacha maria +6 meses,Cerelac,Garrafa de 400 ml,"4,49 €","4,49 €/Kg"
12 douradinhos forníssimo,Capitão Iglo,Embalagem de 300g,"9,30 €/Kg","9,30 €/Kg"
Resguardos de cama,PorSi,20 unidades de 60 x 90 cm,"4,99 €","4,99 €/Unidade"
Espuma de barbear para peles sensíveis,Labell Men,Embalagem de 250 ml,"1,16 €","4,64 €/L"
Aroma baunilha fr.plast.200ml,Vahine,Garrafa de 200 ml,"1,59 €","19,39 €/Kg"
Mistolin advanced anticalcário,Mistolin,Garrafa de 500 ml,"1,79 €","2,39 €/L"
Aguardente Vínica Velha,Curvada de Velha,Garrafa de 70 cl,"12,79 €","18,27 €/L"
"Pera em metades, lata",PorSi,Embalagem de 420 g,"1,99 €","2,37 €/Kg"
"Inseticida eléctrico, recarga, night&day",Raid,1 unidade,"7,69 €","7,69 €/Unidade"
Ambientador spray pure flor de cerejeira,PorSi,250 ml,"0,99 €","3,30 €/L"
Queijo chevre,Palhais,Embalagem de 180g,"1,89 €","10,50 €/Kg"
Bacalhau desfiado,Pescanova,Embalagem de 400 g,"6,39 €","7,99 €/Kg"
Macarronete Massa Com Vegetais,Nacional,Embalagem de 500g,"0,89 €","1,78 €/Kg"
Bolacha de milho sem sal bio,Cemporcent,Embalagem de 110g,"1,45 €","11,15 €/Kg"
Guardanapos de 1 folha amarelos | dim.: 30 x 29 cm,PorSi,Embalagem com 70 unidades,"1,29 €","1,29 €/Unidade"
Sangria branca,PorSi,Garrafa de 1.5 litros,"2,39 €","1,59 €/L"
Ultra magnésio +b6,PLANTANATU,Embalagem de 1 unidades,"10,79 €","21,58 €/L"
Formas de alumínio 600 ml,PorSi,5 unidades,"0,54 €","0,54 €/Unidade"
Alface Frisada,*,1 un= 400 g (aprox.),"0,88 €","2,19 €/Kg"
Salsichão fuet nobreza,Elpozo,Embalagem de 200 g,"0,95 €","9,49 €/Kg"
Delta solúvel intenso,Delta,Embalagem de 200g,"1,45 €","14,50 €/Kg"
Pão da Avó Alongado,Pão do Dia,1 unidade =400 g,"0,19 €","2,38 €/Kg"
Farinha s/ fermento tipo 65,ESPIGA,Embalagem de 1 kg,"1,99 €","1,99 €/Kg"
M&m s amendoim,M&m' s,Embalagem de 250 g,"11,98 €/Kg","11,98 €/Kg"
Licor de coco,On Off,"Garrafa de 0,70 l","16,99 €","24,27 €/L"
Amaciador para roupa concentrado ametista & íris,Quanto,76 doses,"3,74 €","0,96 €/L"
8 pães de leite,PorSi,Embalagem de 280 g,"2,59 €","7,40 €/Kg"
Aperitivo de amendoins tostados forno,Matutano,Embalagem de 120g,"0,79 €","7,90 €/Kg"
Manteiga de amendoim crocante,Prozis,Embalagem de 500g,"3,99 €","7,98 €/Kg"
Whisky,J&B,Garrafa de 1 l,"23,49 €","23,49 €/L"
Couve Lombarda,Legumes do Dia,1 un=1 kg (aprox.),"1,20 €","2,99 €/Kg"
Milho tenro e doce,Bonduelle,Embalagem de 300 g,"1,79 €","2,29 €/Kg"
Queijo de vaca curado light amanteigado,PorSi,+/- 550 g,"6,49 €","25,45 €/Kg"
Spray para vidros,PorSi,750 ml,"3,19 €","6,38 €/L"
Pudim de ovos,Fabridoce,Embalagem de 500 g,"1,69 €","8,45 €/L"
Vinho regional lisboa tinto reserva,Critterium,Garrafa de 0.75 l,"4,99 €","6,65 €/L"
Moscatel Douro 10 Anos,Vista Alegre,500 ml,"5,99 €","7,99 €/L"
Ambientador aerossol 5 em 1 flor laranjeira,PorSi,300 ml,"0,99 €","3,30 €/L"
Puzzle Baby Shark,Clementoni,2 x 20 peças,"9,99 €/Unidade","9,99 €/Unidade"
Sopa de cozido,Knorr,Embalagem de 70g,"0,84 €","13,55 €/Kg"
Sopa de cebola económica,Knorr,Embalagem de 50g,"0,84 €","13,55 €/Kg"
Spray desinfetante cozinha,Lysol,Embalagem de 500 ml,"1,29 €","1,72 €/L"
Arroz Carolino,Cigala,Embalagem de 1 kg,"0,99 €/Kg","0,99 €/Kg"
Cotonetes 100% biodegradáveis,PorSi,Embalagem de 200 unidades,"0,58 €","0,58 €/Unidade"
O Fantástico Mundo dos Dinossauros,Science4You,1 un.,"9,99 €/Unidade","9,99 €/Unidade"
Nuggets frango,PorSi,pack familiar de 1 kg,"2,79 €","8,72 €/Kg"
Costeleta,Novilho,1 un= 400 gr aprox.,"2,62 €","10,49 €/Kg"
Água mineral sem gás,Serra de Fafe,Embalagem de 6x0.5l,"1,04 €","0,17 €/L"
Pera Rocha 70/75,Programa Origens,1 un = 150 gr (aprox.),"1,69 €/Kg","1,69 €/Kg"
Óleo Multigasolina 20W40,Galp,Embalagem de 5 l,"14,99 €","14,99 €/L"
Manteiga fácil de barrar,President,Embalagem de 250g,"1,69 €","6,76 €/Kg"
Presunto fatiado,PorSi,Embalagem de 200g,"2,79 €","13,95 €/Kg"
Whisky black bush,Bushmills,Garrafa de 700 ml,"23,49 €","23,49 €/L"
Vinho do Porto Dona Antónia 10 Anos,Ferreira,Garrafa de 0.75L c/ Oferta 2 Copos,"10,99 €","14,65 €/L"
Pellets madeira,Nova lenha,Embalagem de 15kg,"0,60 €/Kg","0,60 €/Kg"
Pipocas doces,Orcape,Embalagem de 100g,"0,79 €","7,90 €/Kg"
Amaciador roupa concentrado rubi e jasmim,Quanto,122 doses,"3,74 €","0,96 €/L"
Mortadela fatiada com azeitonas,PorSi,Embalagem de 200 g,"1,05 €","6,99 €/Kg"
Feijão vermelho,Caçarola,Embalagem de 500 g,"2,78 €/Kg","2,78 €/Kg"
Gomas cinema mix,Fini,Embalagem 100G,"1,19 €","3,97 €/Kg"
Água Micelar Vitamina C,Garnier,Embalagem de 400 ml,"0,76 €","0,76 €/Unidade"
"Pensos, 20 unidades",Hansaplast,1 embalagem,"2,86 €","2,86 €/Unidade"
Creme abrasivo limão,Cif,Garrafa de 700 ml,"0,99 €","1,32 €/L"
"Iogurte líquido yoggi, sem lactose, morango",Nestle,Embalagem de 4 x 160 g,"1,17 €","1,83 €/Kg"
Pensos higiénicos liberty normal abas,Evax,Embalagem com 12 un.,"4,99 €","4,99 €/Unidade"
20 saquetas green framboesa/romã,Lipton,Embalagem de 30g,"58,00 €/Kg","58,00 €/Kg"
Party & Co Family,Diset,,"9,99 €/Unidade","9,99 €/Unidade"
Bolachas digestive aveia e laranja,Gullon,Embalagem de 430g,"0,98 €","3,27 €/Kg"
Vinho verde,Felgueiras,Garrafa de 0.75 l,"3,09 €","3,09 €/L"
Lava tudo antibacteriano herbal,PorSi,Garrafa de 1.5 l,"0,99 €","0,50 €/L"
Aperfeiçoador BB Cream Médio,Garnier,Embalagem de 50 ml,"2,99 €","59,80 €/L"
Caixa de médico,Vicam,31 peças,"17,99 €/Unidade","17,99 €/Unidade"
Adoçante em pó stevia,PorSi Viva Bem,Embalagem de 250 g,"5,99 €","23,96 €/Kg"
Gestos,Hasbro,1 un.,"9,99 €/Unidade","9,99 €/Unidade"
20 saquetas chá de frutos silvestres,Lipton,Embalagem de 30g,"58,00 €/Kg","58,00 €/Kg"
Corantes alimentares ducros,Vahine,Garrafa de 20 ml,"1,59 €","19,39 €/Kg"
6 chamucas de carne,PorSi,Embalagem de 240g,"1,79 €","7,16 €/Kg"
"Bloco de desenho A3, 24 folhas",Domédia,1 unidade,"1,69 €","1,69 €/Unidade"
Chocolate culinário,Nestle,Embalagem de 200g,"1,04 €","8,32 €/Kg"
Drageias de chocolate de leite,PorSi,200 g,"11,98 €/Kg","11,98 €/Kg"
Massa meada,PorSi,Embalagem de 500g,"0,89 €","1,78 €/Kg"
Iogurte activia natural,Danone,Embalagem de 4 x 120 g,"2,49 €","5,19 €/Kg"
20 saquetas infusão de cidreira,Lipton,Embalagem de 20g,"0,89 €","68,46 €/Kg"
Queijo fleur dange,Páturages,Embalagem de 200 g,"2,60 €","13,00 €/Kg"
Cone baunilha,PorSi,embalagem 6 x 120 ml,"5,99 €","16,64 €/L"
Aveia instantânea em pó,Prozis,"Embalagem de 1,25 kg","11,99 €","29,98 €/Kg"
Pincel de caiar,Itools,1 unidade,"1,99 €","1,99 €/Unidade"
Matraquilhos,Olivo,1 un.,"9,99 €/Unidade","9,99 €/Unidade"
Atum posta ao natural,Bom petisc,Embalagem de 120 g,"0,89 €","7,42 €/Kg"
Gin dry bombay(40º) 0.70l,Bombay,Garrafa de 700 ml,"19,79 €","19,79 €/L"
Raptor Slash,Nerf,1 unidade,"17,99 €/Unidade","17,99 €/Unidade"
Barrinhas pescada sem glúten,Pescanova,Embalagem de 300g,"1,79 €","7,16 €/Kg"
Bolachas cream cracker,PorSi,Embalagem de 600g,"0,39 €","3,12 €/Kg"
Peito de peru,Salsicharia Limiana,"Vendido ao peso, fatiado","2,25 €","11,25 €/Kg"
Lustrante Pneus,PorSi,Embalagem de 1 l,"3,99 €","0,80 €/L"
Vinho tinto bag-in-box,Capataz,Embalagem de 5 l,"8,89 €","1,78 €/L"
"Vinho rosé, região península de setúbal, bag in box",Dom Campos,Garrafa de 5 l,"9,49 €","1,90 €/L"
Tablete chocolate de iogurte morango,Milka,Embalagem de 100g,"0,53 €","5,30 €/Kg"
"Creme de rosto de noite revitalift, laser",L'oreal,Embalagem de 50 ml,"2,99 €","59,80 €/L"
"Queijo light, mini",Babybel,Embalagem de 120g,"2,39 €","19,92 €/Kg"
Tablete de chocolate leite com avelã,PorSi Select,200 g,"0,65 €","6,50 €/Kg"
Gomas tijolos ácidos,PorSi,Embalagem de 300 g,"1,19 €","3,97 €/Kg"
Red Fish Grande,Peixe Congelado,1 un = 500 gr (aprox.),"3,99 €/Kg","3,99 €/Kg"
"Sabonete líquido de leite de amêndoas, recarga",Palmolive,Embalagem de 300 ml,"1,09 €","2,18 €/L"
Amaciador Roupa Chá Branco & Peônia,Vernel,76 doses,"3,74 €","0,96 €/L"
Adoçante com doseador,PorSi,Embalagem de 66g,"5,99 €","23,96 €/Kg"
Amaciador roupa concentrado ametista & iris,Quanto,76 doses + 8 grátis,"3,74 €","0,96 €/L"
Dentifríco 2 em 1 original,Theramed,Embalagem de 75 ml,"3,39 €","45,20 €/L"
Miolo de Camarão 80/100,Brasmar,Embalagem de 200 g,"8,99 €","25,69 €/Kg"
Alho moído,PorSi,Frasco com 45 g,"0,25 €","0,25 €/Kg"
Halls vita c morango sem açúcar,Halls,Embalagem de 32 g,"0,77 €","3,85 €/Kg"
Bolacha água e sal com azeite e azeitona doses,Vieira,Embalagem de 190g,"0,39 €","3,12 €/Kg"
Batido de chocolate,Forma+,Embalagem de 700g,"12,99 €","18,56 €/Kg"
Dentífrico Complete Elixir e Branqueador,Oral B,Embalagem de 75 ml,"2,29 €","38,17 €/L"
"Inseticída, vaporizador, extra gt",Biokill,Garrafa de 380 ml,"5,09 €","8,48 €/L"
Chocolate culinário em pó,PorSi,Embalagem de 125 g,"1,04 €","8,32 €/Kg"
Compressas | dim.: 10 x 10 cm,PorSi,Embalagem com 100 unidades,"2,86 €","2,86 €/Unidade"
"Recarga ambientador eléctrico, alfazema",PorSi,Embalagem de 25 ml,"11,98 €","11,98 €/Unidade"
Almôndegas bolonhesa,Iglo,Embalagem de 400g,"2,79 €","8,72 €/Kg"
Spray nature cozinha,Cif,embalagem de 750 ml,"0,79 €","0,79 €/L"
"Forma de papel para bolos, 9 cm, 60 unidades",PorSi,Uma embalagem,"0,54 €","0,54 €/Unidade"
Bastão de Cola,Domédia,10 g,"1,35 €","1,35 €/Unidade"
Marmelada,Quinta de Jugais,Embalagem de 500g,"1,09 €","2,42 €/Kg"
Bombons Coração |Chocolate de Leite c/ Caramelo,Regina,Embalagem de 50 g,"1,89 €","15,75 €/Kg"
Água s/ gás,Fastio,Garrafa de 1 l,"1,04 €","0,17 €/L"
Comida húmida para gato júnior,PorSi,Embalagem de 4 x 100 g,"3,59 €","2,99 €/Kg"
Salsichão fuet caseiro peru,Elpozo,Embalagem de 150g,"0,95 €","9,49 €/Kg"
Smarties mini chocolate,SMARTIES,Embalagem de 187g,"11,98 €/Kg","11,98 €/Kg"
Mistura solúvel mokambo,Nestle,Embalagem de 200g,"1,64 €","6,56 €/Kg"
Mistura de frutos exóticos,PorSi,Embalagem de 450 g,"3,29 €","4,39 €/Kg"
Cenoura,PorSi,1 un = 100 gr  (aprox.),"0,79 €/Kg","0,79 €/Kg"
Gel desinfectante de mãos,Top Brands,Garrafa de 75 ml,"0,99 €","1,98 €/L"
Trivial Familia,Hasbro,,"17,99 €/Unidade","17,99 €/Unidade"
Aroma baunilha,Vahine,Embalagem de 20g,"1,59 €","19,39 €/Kg"
"Escova de cabelo, Pontas Nylon Premium",Labell,Uma unidade,"1,99 €","1,99 €/Unidade"
"Bloco sanitário blue activ, eucalio",Sonasol,Embalagem de 50 g,"2,99 €","74,75 €/Kg"
"Inseticida max, concentrado sensitive",Dum Dum,Garrafa de 400 ml,"5,09 €","8,48 €/L"
"Semi-Frio de Morango, 700g",Nossa seleção,,"8,99 €","11,24 €/Kg"
Pão caseiro sem glúten,Schar,Embalagem de 240g,"2,99 €","7,97 €/Kg"
"Barra especial k, chocolate de leite",Kellogg's,Embalagem de 130g,"1,29 €","10,24 €/Kg"
Milho doce,PorSi,Embalagem de 400 g,"1,49 €","1,49 €/Kg"
Bolacha maria ruca doses,Vieira,Embalagem de 300g,"1,89 €","15,75 €/Kg"
Bolachas choco mini estrelas,Milka,Embalagem de 190g,"2,15 €","2,87 €/Kg"
Chocolate chunky,Kit kat,Embalagem de 160g,"2,24 €","29,87 €/Kg"
Massas espirais tricolores,PorSi,Embalagem 500G,"0,89 €","1,78 €/Kg"
Mariscada,PorSi,Embalagem de 800g,"2,19 €","8,59 €/Kg"
Mistolin tira gorduras desinfetante,Mistolin,Garrafa de 550 ml,"1,79 €","2,39 €/L"
Cera Depilatória,Veet,Embalagem de 250 ml,"6,99 €","6,99 €/Unidade"
Salsichas de porco,Nobre,Lata de 250g,"0,75 €","3,75 €/Kg"
Natas uht com cogumelos,Parmalat,Embalagem de 200 ml,"0,75 €","3,75 €/L"
Néctar light manga/laranja,Compal,330 ml,"0,84 €","2,55 €/L"
Vinagre de sidra pet,Paladin,Garrafa de 500 ml,"0,35 €","0,70 €/L"
Cerveja branca,E.damm,Pack 6 x 0.25 l,"1,99 €/L","1,99 €/L"
Spray nature casa de banho,Cif,embalagem de 750 ml,"1,79 €","2,39 €/L"
Lava tudo limão verde,Cif,"Garrafa de 1,4 l","0,99 €","0,50 €/L"
5 folhas de gelatina incolor,PorSi,Embalagem de 9 g,"0,55 €","61,11 €/Kg"
Pudim de baunilha,PorSi,Embalagem de 90g,"0,59 €","29,50 €/Kg"
"Luvas multiusos relevo antiderrapante, tamanho peque...",PorSi,Embalagem de 1 unidades,"4,29 €","4,29 €/Unidade"
Lava tudo lavanda,Cif,"Garrafa de 1,4 l","0,99 €","0,50 €/L"
Creme abrasivo activo c/ lixívia,Cif,Garrafa de 500 ml,"2,59 €","1,30 €/L"
"Esferográfica, 4 cores",Bic,1 unidade,"2,49 €","2,49 €/Unidade"
Papel Higiénico Acolchoado 3 Folhas,Scottex,1 embalagem,"1,99 €","1,99 €/Unidade"
"Borracha Technic, 600",Maped,embalagem com 2 unidades,"3,09 €","3,09 €/Unidade"
Lava tudo brilhante madeiras,PorSi,Embalagem de 1.1 litros,"1,39 €","1,26 €/L"
Biscoitos de cacau,PorSi,Embalagem de 750g,"0,69 €","3,45 €/Kg"
Pudim baunilha,Boca Doce,Embalagem de 20g,"0,59 €","29,50 €/Kg"
As minhas primeiras receitas - refeição legumes com ...,Nestle,Embalagem de 190g,"1,89 €","9,95 €/Kg"
Balde Baby Clemmy,Clementoni,1 unidade,"25,95 €","25,95 €/Unidade"
Macchiato café arábica,PorSi,250 ml,"3,19 €","25,52 €/Kg"
Mel em frasco de vidro,Jorge v.f.,Embalagem de 500g,"4,89 €","9,78 €/Kg"
Bebida de soja de amêndoa,Alpro,Embalagem de 1 litro,"2,49 €","2,49 €/L"
Fio dentario 50m,Colgate,1 unidade,"3,49 €","3,49 €/Unidade"
Saco de boxe anti-stress,Olivo,1 unidade,"9,99 €/Unidade","9,99 €/Unidade"
Lixívia perfumada,PorSi,Embalagem de 5 l,"2,59 €","1,30 €/L"
Vinho doc alentejo tinto,T.bolotas,Garrafa de 0.75 l,"2,89 €","3,85 €/L"
Infusão nº 5 emagrecimento,Cemporcent,Embalagem de 10 unidades,"0,89 €","68,46 €/Kg"
Fruta para bebé maçã banana aveia +6 meses,Nestle,Embalagem de 90g,"0,74 €","8,22 €/Kg"
Sumo 100% maçã e frutos vermelhos,Compal,1 litro,"1,09 €","0,73 €/L"
Queijo mozzarella fatias,PorSi,Embalagem de 200 g,"1,56 €","7,80 €/Kg"
Bebida Solúvel Mokambo Chicória e Café,Nestle,Embalagem de 240g,"1,45 €","14,50 €/Kg"
Bolachas tosta rica,Cuetara,Embalagem de 570g,"1,89 €","15,75 €/Kg"
Mimosa bem especial leite e aveia,Mimosa,Embalagem de 1 litro,"0,99 €","0,99 €/L"
Batatas forno ervas,Lay's,Embalagem de 130g,"1,19 €","6,43 €/Kg"
Moscatel Roxo Setúbal,Alambre,Garrafa de 750 ml,"5,99 €","7,99 €/L"
Moscatel do Douro,Selecção de Enófilos,"Garrafa de 0,75 l","5,99 €","7,99 €/L"
Bolachas digestivas go maçã,Triunfo,Embalagem de 170g,"0,98 €","3,27 €/Kg"
Sangria,Casal Garcia,Garrafa de 750 ml,"2,39 €","1,59 €/L"
Manteiga magra,Mimosa,Embalagem de 250g,"1,69 €","6,76 €/Kg"
Guardanapos Olé Branco 1 Folha,Renova do Bem,Dim.: 30x30cm,"1,29 €","1,29 €/Unidade"
Iogurte bio aroma limão,Páturages,Embalagem de 4 x 125 g,"5,97 €/Kg","5,97 €/Kg"
Desinfetante p/ Roupa,Sanytol,embalagem com 500ml,"10,99 €","52,33 €/Kg"
Queijo flamengo 0% lactose,PorSi Viva Bem,Embalagem de 150 g,"1,56 €","7,80 €/Kg"
Água mineral sem gás,Serra de Fafe,"Embalagem de 6x0,33 l","1,04 €","0,17 €/L"
Aguarelas 30mm x 12,Giotto,1 unidade,"4,69 €","4,69 €/Unidade"
Cubos pão trigo tostado,PorSi,Embalagem de 150g,"2,39 €","6,83 €/Kg"
10 saquetas infusão de cidreira,Lipton,Embalagem de 20g,"0,89 €","68,46 €/Kg"
Esparguete integral,Cemporcent,Embalagem de 500g,"1,94 €","3,88 €/Kg"
Sardinhas em azeite,PorSi,Embalagem de 120g,"0,89 €","7,42 €/Kg"
"Escova dentes, rotativa global, dura, 2 unidades",Labell,1 embalagem,"3,49 €","3,49 €/Unidade"
Pudim de leite condensado,Fabridoce,Embalagem de 500 g,"1,69 €","8,45 €/L"
Molho bechamel,PorSi,Embalagem de 500 ml,"0,75 €","3,75 €/L"
8 rissóis de camarão,PorSi,Embalagem de 300g,"1,79 €","7,16 €/Kg"
Apara lápis,Maped,1 unidade,"2,49 €","2,49 €/Unidade"
Gelado magnum mini double chocolate e caramelo,Olá,Embalagem de 6 x 60 ml,"5,99 €","16,64 €/L"
Sultana Preta,PorSi,Embalagem de 200g,"0,79 €","3,95 €/Kg"
Super tea boost com vitamina b6,Tetley,Embalagem de 40g,"58,00 €/Kg","58,00 €/Kg"
Madalenas de Laranja,Brioxa,12 Unidades - Embalagem de 500 g,"2,05 €","5,13 €/Kg"
Leite especial cálcio + vitamina d m/g,Mimosa,Garrafa de 1 l,"1,29 €","1,29 €/L"
Creme p/ barrar de chocolate e avelã,Milka,Embalagem de 600g,"4,19 €","12,32 €/Kg"
Callippo super mix,Olá,Embalagem de 5 x 105 ml,"5,99 €","16,64 €/L"
Stevia chocolate negro,Cemporcent,Embalagem de 100g,"2,29 €","22,90 €/Kg"
"Coloração permanente, louro claro, nº80",Nutrisse,1 unidade,"9,49 €/Unidade","9,49 €/Unidade"
Presunto S/Osso,Pata branca,"Vendido ao peso, fatiado a partir de 200 g","2,79 €","13,95 €/Kg"
Collant opac microfibras preto 60D,PorSi,Tamanho: m,"1,89 €","1,89 €/Unidade"
Zero snack 35 g chocolate duplo,Prozis,Embalagem de 40g,"0,69 €","1,73 €/Kg"
Inseticida aerossol moscas. melgas e mosquitos,Baygon,Embalagem de 400 ml,"5,09 €","8,48 €/L"
Arroz longo extra integral,Cacarola,Embalagem de 1 kg,"1,94 €","3,88 €/Kg"
Torta natas com cobertura de cacau,PorSi,Embalagem de 300g,"2,05 €","5,13 €/Kg"
Ambientador vela frutos vermelhos,PorSi,1 unidade,"9,49 €","45,19 €/Kg"
Recarga Desumidificador Basic,HUMYDRY,embalagem de 3 x 250g,"6,99 €","27,96 €/Kg"
Elimina odores spray,Splendor,150 ml,"5,29 €","35,27 €/L"
Sacos lixo eco 100 litros,PorSi,10 unidades,"1,79 €","1,79 €/Unidade"
Gressinos com sésamo,PorSi,Embalagem de 250 g,"2,39 €","6,83 €/Kg"
Bombom Praliné,Jacquot,Embalagem de 260g,"2,99 €","29,90 €/Kg"
Mega bolsa com 60 peças sortidas,Mega Bloks,1 unidade,"17,99 €/Unidade","17,99 €/Unidade"
Creme de coentros sem batata,PorSi,800 g,"1,99 €","2,49 €/Kg"
Alho Francês,Programa Origens,1 un = 300 g (aprox.),"0,75 €","2,49 €/Kg"
"Chá boa digestão, 10 saquetas",TLEY,Embalagem de 20g,"1,19 €","79,33 €/Kg"
Melancia Riscada,Fruta da Época,Vendido ao peso | 1 un = 4kg (aprox.),"2,79 €","2,79 €/Kg"
Snack dentastix grande,Pedigree,Embalagem de 270 g,"0,94 €","5,22 €/Kg"
Coleira em nylon p/ cão  repelente 60cm,Repul' 7,Embalagem de 1 unidades,"19,99 €","19,99 €/Unidade"
"Queijo fundido, 24 porções",A Vaca Que Ri,Embalagem de 400g,"4,68 €","11,70 €/Kg"
Molho mad chips top down,Calve,Embalagem de 260g,"0,70 €","2,33 €/Kg"
Desentupidor de fole com cabo,PorSi,1 unidade,"17,00 €","17,00 €/Unidade"
Amaciador color-vive,Elvive,Embalagem de 200 ml,"1,00 €","5,00 €/L"
Uva Preta,Fruta do Dia,Vendido a partir de 250 gr,"2,79 €","2,79 €/Kg"
Douradinhos estaladiços,Capitão Iglo,Embalagem de 340g,"9,30 €/Kg","9,30 €/Kg"
Lava Tudo Brilhante Madeira,Sonasol,"embalagem 1,1L","2,29 €","2,29 €/L"
Vinho tinto bordeaux,CLOS DE LOS SIETE,Garrafa de 0.75 l,"2,09 €","2,79 €/L"
Vinho tinto doc douro,Qta.cotto,Garrafa de 750 ml,"7,49 €","9,99 €/L"
Vinho do porto tawny,Cruz,"Garrafa de 0,75 l","15,99 €","21,32 €/L"
Iogurte mix-in chocapic,Nestle,Embalagem de 2 x 118 g,"1,05 €","1,86 €/L"
Spray limpeza casa de banho,PorSi,750 ml,"1,79 €","2,39 €/L"
Pensos diários salvaslip flexi & fresh normal,Evax,28 unidades,"1,79 €","1,79 €/Unidade"
Cone morango/baunilha,PorSi,Embalagem de 6 x 120 ml,"5,99 €","16,64 €/L"
Palmiers,Pastelaria do Dia,1 unidade= 100 g,"0,30 €/Unidade","0,30 €/Unidade"
Amaciador rosa e rosmaninho,Surf,90 doses,"8,99 €","2,25 €/L"
"Cerveja com álcool, lata",Super Bock,Garrafa de 330 ml,"1,99 €/L","1,99 €/L"
Filetes de pescada,PorSi,Embalagem de 400 g,"4,39 €","10,98 €/Kg"
Pastilhas peppermint,CHICLETS,Embalagem de 17 g,"0,89 €","59,33 €/Kg"
Banana da  Madeira,Fruta do Dia,1 un= 200 gr (aprox.),"0,22 €","1,09 €/Kg"
Salsa Molho Programa Origens,PorSi,Embalagem de 50g,"0,99 €","19,80 €/Kg"
Guardanapos art de la table 33 x 33 cm,Renova,3 folhas | 50 unidades,"1,29 €","1,29 €/Unidade"
Queijo grana padano ralado,Galbani,Embalagem de 60 g,"1,49 €","7,45 €/Kg"
Snack Gato Anti Bolas de Pelo,PorSi,Embalagem 60 g,"0,99 €","16,50 €/Kg"
Limpa pavimentos flutuantes,PorSi,Embalagem de 1 litro,"1,79 €","2,39 €/L"
Desentupidor canos,Mr.muscle,Embalagem de 1 l,"4,89 €","6,52 €/L"
Double espresso go chill,Delta,Garrafa de 230 ml,"3,19 €","25,52 €/Kg"
Batata doce frita,PorSi,Embalagem de 150g,"1,06 €","5,73 €/Kg"
Mel de Rosmaninho,PorSi Select,Frasco de 250 g,"4,89 €","9,78 €/Kg"
Limpa madeiras com sabão,PorSi,1.5 litros,"1,39 €","1,26 €/L"
Queijo Raclette Fatias,Páturages,Embalagem de 400 g,"1,56 €","7,80 €/Kg"
Comida húmida para gato esterilizado em molho com sa...,Purina One,4 x 85 g,"3,59 €","2,99 €/Kg"
Ração para gato adulto com bacalhau e legumes,Friskies,Embalagem de 4 kg,"12,99 €","4,33 €/Kg"
Refrigerante s/ gás califórnia,Sunny d,"Garrafa de 1,25 l","1,14 €","0,76 €/L"
Sumo florida,Sunny d,"Embalagem de 0,31 l","1,05 €","3,39 €/L"
Miolo de avelã,PorSi,Embalagem de 200 g,"0,79 €","3,95 €/Kg"
Bolachas mini prince recheadas com chocolate,PRINCE,Embalagem de 160 g,"1,89 €","15,75 €/Kg"
Caderno Agrafado Capa Preta |A4 Pautado,Domédia,1 unidade,"1,09 €","1,09 €/Unidade"
Bola de Futebol,Adidas,T.5 Glide,"17,99 €/Unidade","17,99 €/Unidade"
Rocher t8 100g,Ferrero Rocher,Embalagem de 100g,"2,99 €","29,90 €/Kg"
Alecrim,Margao,Embalagem de 20g,"0,25 €","0,25 €/Kg"
Camarão 60/80,Congelado de Aquicultura,1 un = 250 gr  (aprox.),"2,00 €","7,99 €/Kg"
Creme de limpeza com lixívia,PorSi,750 ml,"2,59 €","1,30 €/L"
Grão de bico,Caçarola,Embalagem de 500 g,"0,99 €","1,98 €/Kg"
Argolas do mar,Pescanova,Embalagem de 400g,"5,49 €","6,86 €/Kg"
Alheira tradicional 180g,Prisca,Embalagem de 180g,"1,49 €","7,45 €/Kg"
"Salsichas de frango, 6 unidades",Monique Ranou,Embalagem de 210 g,"2,09 €","9,95 €/Kg"
Cem porcento-lentilhas vermelhas,Cemporcent,Embalagem de 500g,"1,94 €","3,88 €/Kg"
Cera liquida amarela,Novycera,Garrafa de 500 ml,"2,29 €","2,29 €/L"
Entremeada s/ Entrecosto,Porco,Vendido ao peso a partir de 1 kg,"4,89 €","4,89 €/Kg"
Gelatina limão 10kcal,Royal,Embalagem de 30g,"0,55 €","61,11 €/Kg"
Pedras limão/chá verde,P.salgadas,pack 4 x 0.25 l,"2,85 €","2,85 €/L"
Óleo de linhaça bio,Cemporcent,Garrafa de 250 ml,"3,39 €","3,39 €/L"
Cogumelos laminados,PorSi,780 g,"1,79 €","2,29 €/Kg"
Bolacha vitalday crocante original,Gullon,Embalagem de 270g,"2,82 €","9,40 €/Kg"
Bolachas rosquilhas,PorSi,Embalagem de 600g,"1,69 €","6,76 €/Kg"
"Espumante Danúbio, Bruto",Danúbio,Garrafa de 75 cl,"8,49 €","11,32 €/L"
Nata uht,PorSi,Embalagem de 200 ml,"0,75 €","3,75 €/L"
Ice tea manga,Lipton,pack 6 x 0.25 l,"1,14 €","0,76 €/L"
Vinho verde branco alvarinho,Qm,Garrafa de 0.75 l,"3,09 €","3,09 €/L"
Puzzle Canal Panda,Olivo,60 peças,"9,99 €/Unidade","9,99 €/Unidade"
Sabonete Liquido Gel Antibacteriano,Labell,Embalagem de 300 ml,"1,09 €","2,18 €/L"
Bolachas cobertura de chocolate e avelã,PorSi,Embalagem de 150g,"0,79 €","5,27 €/Kg"
Decanter,Mediterranea,"Capacidade 1,5L","4,99 €","4,99 €/Unidade"
Pizza de Atum,PorSi,Embalagem de 350 g,"2,16 €","6,17 €/Kg"
Máscara Olhos Lash Sensational,Maybelline,1 unidade,"1,15 €","4,60 €/L"
Amaciador roupa essencial Sun Fresh,Comfort,86 doses,"3,74 €","0,96 €/L"
Nectar clássico maracujá,Compal,Garrafa de 1 l,"1,09 €","0,73 €/L"
"Tira gorduras, recarga",Kh 7,Garrafa de 750 ml,"1,79 €","2,39 €/L"
Balde praia dobrável,Gratta,18 x 16 cm,"17,99 €/Unidade","17,99 €/Unidade"
Conjunto Caravan Nº1,Caravan,1 unidade,"12,99 €","12,99 €/Unidade"
Arroz integral extra longo,Cemporcent,Embalagem de 1 kg,"1,94 €","3,88 €/Kg"
Leite magro em pó,Páturages,Embalagem de 300 g,"2,79 €","9,30 €/Kg"
Salame fat,Campofrio,Embalagem de 80g,"0,95 €","9,49 €/Kg"
Esfregona tiras completa,PorSi,1 unidade,"2,54 €","2,54 €/Unidade"
Spray desengordurante universal,Neoblanc,Embalagem de 500 ml,"2,59 €","1,30 €/L"
Atum posta em óleo,Ramirez,Embalagem de 120g,"0,89 €","7,42 €/Kg"
Jogo Pedalar em Segurança,Europrice,1 unidade,"9,99 €/Unidade","9,99 €/Unidade"
All bran plus,Kellogg's,Embalagem de 500g,"1,49 €","2,98 €/Kg"
Anticalcário,Viakal,Embalagem de 500 ml,"0,99 €","1,32 €/L"
Tomate inteiro pelado,PorSi,Embalagem de 390 g,"1,79 €","2,29 €/Kg"
Gogo SqueeZ Snack Maçã e Manga,Gogo,Embalagem de 4 x 90g,"2,29 €","6,94 €/L"
Leite uht magro,Agros,Embalagem de 1 litro,"0,81 €","0,81 €/L"
Cueca incontinência para Adultos Ausonia Tamanho Gra...,Lindor,Embalagem de 14 unidades,"9,99 €","9,99 €/Unidade"
Actimel morango,Danone,Embalagem de 6 x 100g,"4,15 €/Kg","4,15 €/Kg"
Cadeira Preta c/ Proteção de Chuva,Asalvo,1 unidade,"89,90 €","89,90 €/Unidade"
Iogurte líquido morango,PorSi,Embalagem de 8x160 ml,"1,17 €","1,83 €/Kg"
Tomate Alongado,Legumes do Dia,1 un = 200 gr (aprox.),"0,87 €","3,49 €/Kg"
Chouriço com feijão,Nobre,Embalagem de 420g,"2,35 €","5,60 €/Kg"
Delícia de bolacha,PorSi,Embalagem de 2x135 g,"1,49 €","3,73 €/Kg"
"Vela em número,  nº 0",PorSi,1 unidade,"0,60 €","0,60 €/Unidade"
Granola aveia fitness mel,Nestle,Embalagem de 300g,"3,45 €","26,74 €/Kg"
"Alimento seco para gato adulto, bio complex, frango ...",HappyOne,Embalagem de 2 kg,"12,99 €","4,33 €/Kg"
Manhãzitos original,Manhazitos,Embalagem 6x2 unidades,"2,05 €","5,13 €/Kg"
Camarão 20/30,Congelado de Aquicultura,1 un = 250 gr  (aprox.),"2,00 €","7,99 €/Kg"
Aguardente Vínica,Mosca,"Garrafa de 0,70L","11,99 €","17,13 €/L"
"Pasta dentífrica, tripla ação",Labell,Embalagem de 75 ml,"2,29 €","38,17 €/L"
Salmão de viveiro à posta,Peixe Fresco,1 un. = 300 g (aprox.),"6,49 €/Kg","6,49 €/Kg"
"Creme anti-rugas revitalizante fps30, dia",L'oreal,Embalagem de 50 ml,"2,99 €","59,80 €/L"
Multi vitaminas mulher,PLANTANATU,Embalagem de 30 Cápsulas,"10,79 €","21,58 €/L"
"Frigideira anti-aderente, 28cm",PorSi,1 unidade,"11,99 €","11,99 €/Unidade"
Tomate em pedaços,Guloso,Embalagem de 390g,"3,84 €","24,00 €/Kg"
Cocktail mango,Bar Royal,Garrafa de 750 ml,"8,49 €","11,32 €/L"
Alimento seco para gato de salmão,HappyOne,Embalagem de 2 kg,"12,99 €","4,33 €/Kg"
Cama de Bonecas,*,1 conjunto,"17,99 €/Unidade","17,99 €/Unidade"
Maionese Top Down,Calvé,Embalagem de 753 g,"0,70 €","2,33 €/Kg"
"Lixívia para roupa, tradicional verde denso",PorSi,Embalagem de 2L,"1,74 €","0,35 €/L"
Infusão de camomila,PorSi,Embalagem de 33.7 g,"0,89 €","68,46 €/Kg"
Pizza 4 estações,PorSi,Embalagem de 350g,"2,16 €","6,17 €/Kg"
Aromáticas vivas em vaso,Aroma viva,Embalagem de 1 unidades,"0,99 €","19,80 €/Kg"
Vinho do porto lágrima tinto,Ramos Pinto,"Garrafa de 0,75L","15,99 €","21,32 €/L"
Gronola de aveia chocolate,Nestle,Embalagem de 300g,"3,45 €","26,74 €/Kg"
Trinca de arroz,PorSi,Embalagem de 5 kg,"22,99 €","1,15 €/Kg"
Especialidade soja baunilha,PorSi Viva Bem,Embalagem de 4 x 100 g,"2,95 €","5,90 €/Kg"
Detergente líquido máquina de roupa sabão natural,PorSi,86 Doses,"29,99 €","7,06 €/L"
Nerf Fortnite Scoped Revolver,Nerf,1 un.,"17,99 €/Unidade","17,99 €/Unidade"
Vinh do porto ruby,Cruz,Garrafa de 750 ml,"5,99 €","7,99 €/L"
Corn flakes saco,PorSi,Embalagem de 500g,"1,49 €","2,98 €/Kg"
Camarão moçambique 30/40,PorSi,800 g,"8,99 €","25,69 €/Kg"
Brandy,ON/OFF,Garrafa de 700 ml,"11,99 €","17,13 €/L"
Recarga mopa,PorSi,1 unidade,"0,89 €","0,89 €/Unidade"
"Bloco sanitário azul, recarga",WC Pato,Embalagem de 2x40 g,"2,99 €","74,75 €/Kg"
Amaciador para a roupa ultra concentrado pétalas div...,Comfort,58 doses,"3,74 €","0,96 €/L"
Cereais petalas chocolate,PorSi,Embalagem de 625g,"5,07 €/Kg","5,07 €/Kg"
Tomate cherry,*,1 un = 200 gr (aprox.),"0,87 €","3,49 €/Kg"
Caixa de arrumação reciclada,PorSi,40 litros,"5,24 €","5,24 €/Unidade"
Pá económica,PorSi,1 unidade,"2,99 €","2,99 €/Unidade"
Azeite virgem extra seleção,PorSi,Garrafa de 750 ml,"3,19 €","4,25 €/L"
Amaciador P/ Roupa Elixir Rosas,Quanto,52 doses + 10 grátis,"3,74 €","0,96 €/L"
Monopoly Viaja Pelo Mundo,Hasbro,1 un.,"9,99 €/Unidade","9,99 €/Unidade"
"Infusãoo mirtilo/acai, 20 saquetas",Tetley,Embalagem de 40g,"0,89 €","68,46 €/Kg"
Bicarbonato de sódio,PorSi,Saqueta de 75 g,"1,59 €","19,39 €/Kg"
Manteiga la motte sal do mar,President,Embalagem de 250 g,"1,69 €","6,76 €/Kg"
Bolacha infantil dinossaurus mini dino chocolate,Artiach,Embalagem de 120g,"1,89 €","15,75 €/Kg"
"Sumo 100%, tutti-frutti",PorSi,Embalagem de 3 x 200 ml,"1,09 €","0,73 €/L"
Creme Depilatório Peles Sensíveis,Veet,Embalagem de 200 ml,"9,99 €","49,95 €/L"
Conjunto Fleurs Du Paradis,Coquette,EAU DE TOILETTE 100 ML + R-ON 10 ML,"12,99 €","12,99 €/Unidade"
Inseticida Eléctrico Night & Day,Raid,1 Difusor + 1 Recarga,"7,69 €","7,69 €/Unidade"
Sumo essencial manga,Compal,pack 3 x 0.11 l,"2,29 €","6,94 €/L"
Batata frita caseira rodela,Pala-pala,Embalagem de 300g,"0,87 €","5,44 €/Kg"
Pão de forma especial torradas,Panrico,Embalagem de 750g,"0,99 €","1,65 €/Kg"
Manteiga amendoim cremosa,PorSi,Embalagem de 340g,"4,19 €","12,32 €/Kg"
Lombos de pescada,PorSi,Embalagem de 400 g,"4,39 €","10,98 €/Kg"
Queijo flamengo fatiado light,Paiva,Embalagem de 180g,"1,56 €","7,80 €/Kg"
Leite uht gordo,Mimosa,Embalagem de 1 litro,"0,94 €","0,94 €/L"
Batata doce frita,Maria Batata,embalagem de 100 g,"1,06 €","5,73 €/Kg"
Gel desinfectante de mãos,Top Brands,Garrafa de 500 ml,"0,99 €","1,98 €/L"
Molho de soja c/ dispensador redução sal,KIKKOMAN,150 ml,"3,99 €","26,60 €/L"
"Bebida láctea crescimento 1-3 anos, cereais",Nestle,Embalagem de 1 litro,"0,26 €","1,30 €/L"
Chouriço cebola beiras,PorSi,Embalagem de 300g,"1,22 €","6,78 €/Kg"
Limpa Máquina Loiça Regular,Finish,,"2,99 €","2,99 €/Unidade"
Vermute rosso,Martini,Embalagem de 10x6 cl,"22,49 €","32,13 €/L"
Vela em número nº9,PorSi,1 unidade,"0,60 €","0,60 €/Unidade"
Chá peso noite,PLANTANATU,Embalagem de 10 unidades,"1,19 €","79,33 €/Kg"
Vinho verde branco loureiro,Q.REGAINHO,Garrafa de 0.75 l,"1,59 €","2,12 €/L"
Creme anti-rugas de dia revitalift,L'oreal,Embalagem de 50 ml,"2,99 €","59,80 €/L"
"Fiambre extra, fatias finas",PorSi,Embalagem de 150 g,"0,97 €","6,49 €/Kg"
"Elixir bocal, menta",Labell,Embalagem de 500 ml,"1,29 €","2,58 €/L"
"Lencos faciais tate, 86 unidades",Scottex,Uma embalagem,"0,89 €","0,89 €/Unidade"
Rodelas de linguica 2x75g,Porminho,Embalagem de 2X75G,"1,22 €","6,78 €/Kg"
Alho moído,PorSi,Saqueta de 50 g,"0,25 €","0,25 €/Kg"
Leite c/ Chocolate,Agros,Embalagem de 4 x 200 ml,"0,26 €","1,30 €/L"
Nestlé® smarties® drageias de chocolate de leite 38g,SMARTIES,Embalagem de 40g,"11,98 €/Kg","11,98 €/Kg"
Sumo 100% tomate,PorSi,Embalagem de 1.5 l,"1,09 €","0,73 €/L"
Néctar light de manga/laranja prism,PorSi,Embalagem de 1 l,"0,84 €","2,55 €/L"
Guitarra,Panda,1 un.,"25,95 €","25,95 €/Unidade"
Salsichas de aves,Nobre,Lata de 200 g,"0,75 €","3,75 €/Kg"
"Cerveja sem álcool, preta",Super Bock,pack 6 x 0.33 l,"5,99 €","3,03 €/L"
Hambúrguer de soja,Cemporcent,Embalagem de 160g,"2,09 €","8,36 €/Kg"
Acetona perfumada com doseador,PorSi,Embalagem de 200 ml,"1,89 €","9,45 €/L"
Salsicha fresca merguez,PorSi,Embalagem de 330 g,"2,09 €","9,95 €/Kg"
Queijo em fatias,Terra Nostra,Embalagem de 400g,"1,56 €","7,80 €/Kg"
Açorda de camarão,PorSi Select,Embalagem de 300g,"1,79 €","7,16 €/Kg"
Peito de frango forno a lenha fatias finas,Izidoro,110 g,"2,25 €","11,25 €/Kg"
Pera rocha categoria II Programa Origens,PorSi,Embalagem de 1.5 kg,"1,69 €/Kg","1,69 €/Kg"
Azeite virgem extra seleção,PorSi,Garrafa de 250 ml,"3,19 €","4,25 €/L"
Pão de queijo,*,1 un. = 20 g,"0,19 €","2,38 €/Kg"
Bolachas shortcake,PorSi,Embalagem de 233 g,"1,69 €","6,76 €/Kg"
10 Preservativos Easy Way Finissímos,Control,,"4,49 €","4,49 €/Unidade"
Líquido wc duraguard pinho da montanha,Harpic,Garrafa de 750 ml,"1,79 €","2,39 €/L"
Bicarbonato de sódio,PorSi,Embalagem de 500 g,"1,79 €","2,39 €/L"
Comida húmida para cão de vaca e frango,PorSi,Lata de 400 g,"0,75 €","2,50 €/Kg"
Aperitivos  fritos,Fritos,Embalagem 130G,"0,79 €","7,90 €/Kg"
Snack gato salmao,PorSi,Embalagem de 60g,"0,99 €","16,50 €/Kg"
Bolachas cream cracker doses individuais,Vieira,Embalagem de 180g,"0,39 €","3,12 €/Kg"
Piaçaba com suporte popular,Fapil,1 unidade,"2,99 €","2,99 €/Unidade"
Cereais Corn Flakes Original,Kellogg's,Embalagem de 380g,"1,49 €","2,98 €/Kg"
Pasta dentífrica,Couto,Embalagem de 60 ml,"2,29 €","38,17 €/L"
Nestle scm regular tubo 12x pt,Nestle,Embalagem de 450g,"1,09 €","2,75 €/Kg"
"Sacos para sandes, 100 unidades",PorSi,1 embalagem,"1,11 €","1,11 €/Unidade"
Licor beirão,Beirão,Garrafa de 700 ml,"22,49 €","32,13 €/L"
Cerveja com álcool,Super Bock,Garrafa de 1 l,"1,99 €/L","1,99 €/L"
Gogo SqueeZ Snack Banana,Gogo,Embalagem de 4 x 90g,"2,29 €","6,94 €/L"
Perna c/ Osso,Peru,1 un = 1 kg (aprox.),"2,32 €","5,80 €/Kg"
Iogurte sólido sem lactose morango,Mimosa,Embalagem de 480g,"1,87 €","1,25 €/Kg"
Lamina Descartáveis Platina,Labell,Pack 10 unidades,"1,16 €","4,64 €/L"
Queijinho dadoninho petitdino de morango,Danone,Embalagem de 6 x 50 g,"1,05 €","1,86 €/L"
Azeite Subtil,Gallo,Garrafa de 2 l,"3,19 €","4,25 €/L"
Mirtilos 100% Naturais,PorSi,Embalagem de 250 g,"3,29 €","4,39 €/Kg"
Nata uht para bater,Parmalat,Embalagem de 200 ml,"0,75 €","3,75 €/L"
Aguarelas 30mm x 12,Giotto,1 unidade,"3,09 €","3,09 €/Unidade"
Veiculo Hot wheels,Hot Wheels,1 unidade,"9,99 €/Unidade","9,99 €/Unidade"
Arroz Thai Jasmim,PorSi,1 kg,"0,99 €/Kg","0,99 €/Kg"
"Detergente de máquina para roupa, duocaps floral",PorSi,20 doses,"29,99 €","7,06 €/L"
Queijo Curado,Ilha Azul,Vendido ao peso a partir de 250 gr,"2,42 €","9,69 €/Kg"
Miolo de ameijoa,PorSi,Embalagem de 250 g,"1,79 €","7,16 €/Kg"
"Vinho Bairrada, Tinto",Selecção de Enófilos,Garrafa de 0.75 l,"2,49 €","3,32 €/L"
Lixívia Denso-Activa Harmonias Florais p/ Casa e Rou...,Neoblanc,Embalagem de 2 l,"1,74 €","0,35 €/L"
Queijo de cabra curado,PorSi,Embalagem de 2x100 g,"1,89 €","10,50 €/Kg"
Sardinha Pequena,Peixe Congelado,1 un= 250 gr (aprox.),"3,99 €/Kg","3,99 €/Kg"
Lambrusco bianco,*,Garrafa de 750 ml,"2,29 €","3,05 €/L"
40 filtros café número 4,Planteur,Embalagem com 40 filtros,"0,80 €","0,80 €/Unidade"
Maracujá Roxo,Fruta da Época,1 un = 250 gr  (aprox.),"2,29 €/Kg","2,29 €/Kg"
Iogurte líquido danonino morango,Danone,Embalagem de 4 x 100 g,"1,05 €","1,86 €/L"
Chá Aromatizado Pirâmide Oriente/Canela,PorSi,20 x 2 g,"58,44 €/Kg","58,44 €/Kg"
Néctar clássico tutti-frutti,Compal,330 ml,"0,99 €","0,99 €/L"
Flocos de aveia finos integrais,Cemporcent,Embalagem de 400g,"0,69 €","1,73 €/Kg"
Queijo de Ovelha Meio Gordo,Seia,1 un = 450 g (aprox.),"15,96 €/Kg","15,96 €/Kg"
"Escova dentes, proteção global suave, 2 unidades",Labell,1 embalagem,"3,49 €","3,49 €/Unidade"
Queijo em cubos para saladas,PorSi,Embalagem de 150 g,"1,49 €","7,45 €/Kg"
Pringles original,Pringles,Embalagem de 175g,"1,06 €","5,73 €/Kg"
Iogurte natural magro sem lactose,Mimosa,Embalagem de 4x 120 g,"0,99 €","1,32 €/Kg"
Bolachas shortcake cacau,PorSi,Embalagem de 185 g,"1,69 €","6,76 €/Kg"
Pilhas Alcalinas AAA Optimum,Duracell,Blister 4 Pilhas,"1,99 €","1,99 €/Unidade"
Tambor,Panda,1 un.,"25,95 €","25,95 €/Unidade"
Laranja,Programa Origens,1 un = 180 gr (aprox.),"0,25 €","2,49 €/Kg"
Tomate triturado,Compal,Embalagem de 500g,"3,84 €","24,00 €/Kg"
Iogurte líquido laranja,Danone,Embalagem de 6 x 100 g,"4,15 €/Kg","4,15 €/Kg"
Resguardo para bebé,PorSi,Dim.: 60 x 60 cm,"4,99 €","4,99 €/Unidade"
Ketchup top down,Calve,Embalagem de 550g,"0,70 €","2,33 €/Kg"
Limpa fornos,PorSi,500 ml,"1,79 €","2,39 €/L"
Ovos de galinha ao ar livre | Classe: M/L,Matinados,6 unidades,"2,19 €","2,19 €/Unidade"
Rolo de cozinha mega,PorSi,1 rolo,"4,99 €","4,99 €/Unidade"
Sacos para congelar zip & go 1 litro,Vileda,15 unidades,"1,11 €","1,11 €/Unidade"
Preparado de bolo de iogurte,PorSi,500 g,"1,69 €","8,45 €/L"
"Cobertura tipo chantilly, 2x38g",PorSi,Embalagem de 80g,"1,29 €","3,23 €/Kg"
Flakes,Cuetara,Embalagem de 500g,"5,07 €/Kg","5,07 €/Kg"
Nancy Um Dia A Fazer Madeixas,Nancy,1 un.,"27,99 €/Unidade","27,99 €/Unidade"
Massa fettuccine,PorSi,Embalagem de 500g,"0,89 €","1,78 €/Kg"
Caramelo líquido,PorSi,Embalagem de 400g,"1,29 €","3,23 €/Kg"
Orégãos em folha,PorSi,Embalagem de 10g,"0,25 €","0,25 €/Kg"
Porto 10 anos,Velhotes,Garrafa de 0.75 l,"10,99 €","14,65 €/L"
Chouriço corrente,PorSi,Embalagem de 200 g,"1,22 €","6,78 €/Kg"
Iogurte pedaços frutas variadas,PorSi,Embalagem de 16 x 125 g,"4,36 €","2,18 €/Kg"
Spray limpa inox,Cif,Garrafa de 440 ml,"1,79 €","2,39 €/L"
Infusão de tília,Tetley,Embalagem de 10g,"0,89 €","68,46 €/Kg"
Amaciador Concentrado Creations Jasmim Mirtilo,Comfort,80 doses,"3,74 €","0,96 €/L"
Bebida de Soja Baunilha,PorSi Viva Bem,1 l,"2,49 €","2,49 €/L"
Mortadela de peru,Campofrio,1 un = 150 gr (aprox.),"1,05 €","6,99 €/Kg"
"Máquina depiladora descartável, Blue II Feminina",Gillette,Embalagem de 5+1 unidades,"9,99 €","49,95 €/L"
Rebuçados de café,Villa,Embalagem de 200 g,"1,15 €","4,60 €/Kg"
Biscoitos integrais aveia e manteiga de amendoim,PorSi Viva Bem,Embalagem de 150g,"1,45 €","11,15 €/Kg"
Matraquilhos,Olivo,1 un.,"17,99 €/Unidade","17,99 €/Unidade"
Esfregona universal completa,Vileda,1 unidade,"0,89 €","0,89 €/Unidade"
Cerveja c/ álcool,Heineken,"Embalagem de 6x0,25 l","1,99 €/L","1,99 €/L"
Azeite virgem extra seleção ouro,Oliveira da Serra,Garrafa de 750 ml,"3,19 €","4,25 €/L"
Xarope grenadine zero,Paquito,Garrafa de 750 ml,"3,69 €","4,92 €/L"
Recarga mopa Descartável,Vileda,Pack 24 + 6 Grátis,"0,89 €","0,89 €/Unidade"
Infusão funcho,Cemporcent,Embalagem de 10 unidades,"0,89 €","68,46 €/Kg"
Detergente Liquido Loiça Ultra Poder Limão,Fairy,Embalagem de 600 ml,"0,99 €","1,98 €/L"
Dawnut de chocolate,Pastelaria do Dia,1 unidade = 60 g,"0,30 €/Unidade","0,30 €/Unidade"
Cereais golden e crispy,PorSi,Embalagem de 375 g,"5,07 €/Kg","5,07 €/Kg"
Cuecas Incontinência Maxi Grande,Lindor,Embalagem com 14 un.,"9,99 €","9,99 €/Unidade"
Azeite Virgem Extra Planícies do Sul,Gallo,Garrafa de 0.75 l,"3,19 €","4,25 €/L"
Açorda de camarão,PorSi Select,380 g,"1,79 €","7,16 €/Kg"
Iogurte sólido sem lactose morango,Mimosa,Embalagem de 480g,"0,99 €","1,98 €/Kg"
Queijo de cabra curado rolo,PorSi,Embalagem de 180 g,"1,89 €","10,50 €/Kg"
Arroz carolino vaporizado,Cacarola,Embalagem de 1 kg,"0,99 €/Kg","0,99 €/Kg"
Esparguete Clássica,Nacional,Embalagem de 500 g,"0,89 €","1,78 €/Kg"
Lombo curado fatiado,PorSi,100 g,"2,49 €","16,60 €/Kg"
Casa mateus temporada - morango   6x350g,Casa de Mateus,Embalagem de 350g,"3,59 €","10,26 €/Kg"
Alface Roxa,Legumes do Dia,1 un= 400 g (aprox.),"0,88 €","2,19 €/Kg"
Discoveries cappuccino,STARBUCKS,Embalagem de 220 ml,"3,19 €","25,52 €/Kg"
Queijo fresco meio gordo,PorSi,200 g,"1,09 €","5,45 €/Kg"
Queijo de vaca curado amanteigado,PorSi,+/- 550 g,"6,49 €","25,45 €/Kg"
Amaciador Roupa Concentrado  Supreme pleasure,Vernel,Embalagem de 1.05 l,"3,74 €","0,96 €/L"
Infusão de camomila,Tetley,Embalagem de 10g,"0,89 €","68,46 €/Kg"
Queijo limiano amanteigado vaca e ovelha sem casca m...,Limiano,Embalagem de 450g,"6,49 €","25,45 €/Kg"
Milho para pipocas,Globo,Embalagem de 400g,"0,79 €","7,90 €/Kg"
20 saquetas chá verde pure,Lipton,Embalagem de 30g,"1,14 €","114,00 €/Kg"
Amaciador roupa concentrado flores silvestres,Quanto,76 doses,"3,74 €","0,96 €/L"
Wc lixivia gel pink,Domestos,Garrafa de 750 ml,"2,59 €","1,30 €/L"
Tablete de chocolate de leite,PorSi Select,Embalagem de 200g,"0,53 €","5,30 €/Kg"
Pilha alcalina classic lr03x8,Domédia,1 unidade,"1,99 €","1,99 €/Unidade"
Batata frita caseira,PorSi,Embalagem de 500g,"0,87 €","5,44 €/Kg"
Cerveja c/ álcool,Super Bock,pack 24 x 0.33 l,"1,99 €/L","1,99 €/L"
Absorvente de odores marine,Brise,Embalagem de 300 ml,"16,63 €/L","16,63 €/L"
Bolacha dourada dietnature,Gullon,Embalagem de 330g,"1,69 €","2,11 €/Kg"
Tempero para Frangos Ervas Aromáticas,PorSi,34 g,"3,84 €","24,00 €/Kg"
Amaciador concentrado para roupa floral,PorSi,80 doses,"3,74 €","0,96 €/L"
Camisola segunda pele 30D branco t. único,PorSi,1 unidade,"4,69 €","4,69 €/Unidade"
Maquina depilatório twin lady,Bic,Embalagem de 5 + 1 un.,"6,29 €","6,29 €/Unidade"
Cornflakes sem açúcar,Cemporcent,Embalagem de 250g,"0,69 €","1,73 €/Kg"
Massa esparguete,Milaneza,Embalagem de 500g,"0,89 €","1,78 €/Kg"
Abrasivo sanitário pinho e eucalipto,PorSi,embalagem de 1 litro,"0,99 €","1,32 €/L"
Peito de frango,Salsicharia Limiana,"Vendido ao peso, fatiado","2,25 €","11,25 €/Kg"
"Limpa jantes, em pistola",Arbo,Embalagem de 1 l,"3,99 €","0,80 €/L"
Nutella b-ready t.2,Nutella,Embalagem de 50g,"18,50 €/Kg","18,50 €/Kg"
Ambientador Arbre Coco,Arbre Magique,3 unidade,"2,89 €","2,89 €/Unidade"
Café 5 estrelas grão,Sical,Embalagem de 1 kg,"9,16 €/Kg","9,16 €/Kg"
Cobertura de tartes,Vahine,Embalagem de 20g,"1,59 €","19,39 €/Kg"
Detergente liquido loiça limão,PorSi,Garrafa de 1 litro,"0,99 €","1,98 €/L"
Palitos redondos,PorSi,Embalagem de 250 unidades,"1,50 €","1,50 €/Unidade"
Ambientador vela gota frutos vermelhos,Air Wick,Embalagem de 1 unidades,"9,49 €","45,19 €/Kg"
Cereais crunch 375g,Nestle,Embalagem de 380g,"5,07 €/Kg","5,07 €/Kg"
"Hamburguers de vaca, 4x80g",PorSi,Embalagem de 320 g,"2,79 €","8,72 €/Kg"
Ananás em rodelas lata,PorSi,Embalagem de 820g,"1,99 €","2,37 €/Kg"
Princesas do mar,PorSi,Embalagem de 255 g,"2,19 €","8,59 €/Kg"
Creme autobrilhante castanho,Splendor,40 ml,"2,25 €","45,00 €/L"
Rolo de Cozinha Branco Eco Compacto,PorSi,2 = 6 Rolos,"4,99 €","4,99 €/Unidade"
Lava Tudo Brilhante Floral,Sonasol,"embalagem 1,1L","0,99 €","0,50 €/L"
Compota ananás 70% fruta,Cemporcent,Embalagem de 260g,"3,99 €","7,98 €/Kg"
Máscara tesouros de mel,Garnier,Embalagem de 300 ml,"1,00 €","5,00 €/L"
Balões latex brancos,PorSi,Embalagem com 24 unidades,"0,59 €","0,59 €/Unidade"
Alimento para hamsters,Sandimas,Embalagem de 800 g,"2,49 €","2,49 €/Kg"
Absorve cheiros p/ frigorífico,HUMYDRY,1 unidade,"16,63 €/L","16,63 €/L"
Corrida de automóveis,Olivo,1 unidade,"17,99 €/Unidade","17,99 €/Unidade"
Pastel de Nata,PorSi,60G,"0,30 €/Unidade","0,30 €/Unidade"
Mix pimentos 3 cores,Legumes do dia,Embalagem de 500 g,"0,75 €","2,99 €/Kg"
Croissant simples,PorSi,Embalagem de 400g,"2,05 €","5,13 €/Kg"
Croissant recheado de cacau/avelã,PorSi,Embalagem de 315g,"2,05 €","5,13 €/Kg"
Cerveja c/ álcool radler,Sagres,pack 6 x 0.33 l,"1,59 €","3,18 €/L"
"Escova dentífrica infantil, minions, + 6 anos",Colgate,1 + 1 unidade grátis,"0,99 €","0,99 €/Unidade"
5 manhãzitos choco chips,Manhazitos,Embalagem de 175 g,"2,59 €","7,40 €/Kg"
"Queijo fresco, grande",PorSi,Embalagem de 250 g,"1,09 €","5,45 €/Kg"
Posta Tradicional 9 Meses Cura,Riberalves,Embalagem de 550 g,"6,39 €","7,99 €/Kg"
Pastilhas descafeinado,Delta,Embalagem de 110g,"54,36 €/Kg","54,36 €/Kg"
Batata Branca,Programa Origens,Vendido ao peso a partir de 1 kg,"0,89 €/Kg","0,89 €/Kg"
"Elixir bocal, dentes e gengivas",Listerine,Embalagem de 250 ml,"1,29 €","2,58 €/L"
Tira nódoas em spray cores,Neoblanc,Embalagem de 700 ml,"10,99 €","52,33 €/Kg"
Aperitivo de anis,Ricard,Garrafa de 700 ml,"22,49 €","32,13 €/L"
Queijo curado de cabra,Seia,Embalagem de 250g,"1,89 €","10,50 €/Kg"
Batido de morango,Forma+,Embalagem de 700g,"12,99 €","18,56 €/Kg"
Queijo flamengo barra,PorSi,"Vendido ao peso, fatiado a partir de 100 gr","1,56 €","7,80 €/Kg"
Gelatina de laranja,PorSi,Embalagem de 170g,"0,55 €","61,11 €/Kg"
"Frigideira anti-aderente, 20cm",PorSi,1 unidade,"11,99 €","11,99 €/Unidade"
Queijo são jorge dop,PorSi Select,Embalagem de 400g,"2,42 €","9,69 €/Kg"
Infusão melhores digestões,Cemporcent,Embalagem de 10 unidades,"0,89 €","68,46 €/Kg"
Queijo ilha ralado,PorSi,Embalagem de 200g,"1,49 €","7,45 €/Kg"
Filetes de pescada,Pescanova,Embalagem de 400g,"4,39 €","10,98 €/Kg"
Alimento lácteo alperce +6 meses,Yogolino,Embalagem de 4 x 100 g,"2,89 €","7,23 €/Kg"
Líquido p/ Radiador Verde 10% Concentração,Arbo,Embalagem de 5 l,"3,99 €","0,80 €/L"
Fralda Cueca T3,Dodot,Embalagem de 37 un.,"8,49 €","8,49 €/Unidade"
Yaos iogurte grego natural,Nestle,Embalagem de 4x110g,"0,99 €","1,98 €/Kg"
Laboratório Mecânica Catamarã Flutuante,Clementoni,1 un.,"9,99 €/Unidade","9,99 €/Unidade"
Chá solúvel alívio respiratório,Cemporcent,Embalagem de 50g,"58,44 €/Kg","58,44 €/Kg"
Bolachas de manteiga,PorSi,Embalagem de 200 g,"1,69 €","6,76 €/Kg"
Espumante tinto bruto,Alianca,Garrafa de 750 ml,"8,49 €","11,32 €/L"
Spray wc active clean citrus & waterlilly,Ambipur,750 ml,"1,79 €","2,39 €/L"
Schär bolacha chocolate o´s sem glúten,Schar,Embalagem de 165g,"1,45 €","11,15 €/Kg"
Batata pré-frita palito,PorSi,"Embalagem de 2,5 kg","1,39 €","1,39 €/Kg"
Pastilhas de Limpeza Aparelho Dentário,Polident,Embalagem com 30 unidades,"7,39 €","105,57 €/Kg"
Pérolas de perfume unstoppables fresh,Lenor,Embalagem de 210g,"10,99 €","52,33 €/Kg"
Queijo Flamengo em Barra,Terra Nostra,1 un = 150 gr (aprox.),"1,56 €","7,80 €/Kg"
Amaciador Concentrado Creations Lírios Morango,Comfort,80 doses,"3,74 €","0,96 €/L"
Ice tea de limão,PorSi,Embalagem de 2 l,"1,14 €","0,76 €/L"
Bacalhau Corrente,Bacalhau da Noruega,1 un= 750 g (aprox.),"8,73 €/Kg","8,73 €/Kg"
Batatas mediterrâneas originais,Lay's,Embalagem de 150g,"1,06 €","5,73 €/Kg"
Vinagre de vinho branco envelhecido,PorSi,Garrafa 250ML,"0,35 €","0,70 €/L"
Sumo 100% ananás e uva,PorSi,1.5 l,"1,09 €","0,73 €/L"
Batata doce para fritar,PorSi,Embalagem de 600g,"1,39 €","1,39 €/Kg"
Sopa de agrião,PorSi,800 g,"1,99 €","2,49 €/Kg"
Gomas ositos de oro,Haribo,Embalagem de 100g,"1,19 €","3,97 €/Kg"
Infusão nº 10 colestrol,Cemporcent,Embalagem de 10 unidades,"0,89 €","68,46 €/Kg"
Tomate pedaços biológico,Guloso,Embalagem de 390g,"3,84 €","24,00 €/Kg"
Café em cápsulas dolce gusto ardenza,Nescafe,Embalagem de 110g,"54,36 €/Kg","54,36 €/Kg"
Ambientador arbremagique limão,Arbre Magique,1 unidade,"2,89 €","2,89 €/Unidade"
Tablete de chocolate de preto,Nestle,Embalagem de 90g,"0,99 €","4,95 €/Kg"
Conjunto piquenique,Codil,Conjunto com 13 peças,"0,99 €","0,99 €/Unidade"
Papel higiénico 2 folhas,PorSi,32 rolos,"1,99 €","1,99 €/Unidade"
Cogumelo portobello pequeno,Legumes do Dia,vendido ao peso,"0,98 €","4,89 €/Kg"
Piri piri,Calve,Garrafa de 50 ml,"0,70 €","2,33 €/Kg"
Água mineral sem gás,Fastio,"Garrafa de 2,5 l","1,04 €","0,17 €/L"
Pensos banda,PorSi,100 x 6 cm,"2,86 €","2,86 €/Unidade"
Amaciador para roupa concentrado violetas do bosque,Quanto,76 doses,"3,74 €","0,96 €/L"
Gelado magnum pint clássico,Olá,Embalagem de 440 ml,"2,62 €","2,62 €/L"
Limpa móveis multissuperfícies,PorSi,Frasco de 300ml,"1,39 €","1,26 €/L"
Crocantes frango parmesão e ervas,Iglo,Embalagem de 180g,"9,30 €/Kg","9,30 €/Kg"
Camarão cozido 30/50,PorSi,vendido ao peso a partir de 350 g,"7,00 €","19,99 €/Kg"
Bifes da rabadilha de novilho,PorSi,Embalagem de 400 g,"2,62 €","10,49 €/Kg"
"Elásticos grandes coloridos, pack de 20 unidades",Domédia,1 embalagem,"2,19 €","109,50 €/L"
Escova de Dentes Júnior,Aquafresh,1 unidade,"0,99 €","0,99 €/Unidade"
Amaciador intense nature,Comfort,60 doses,"8,99 €","2,25 €/L"
Camião obras na estrada,Lego,1 unidade,"17,99 €/Unidade","17,99 €/Unidade"
Legumes grelhados,PorSi,Embalagem de 750g,"1,49 €","1,49 €/Kg"
Doce de framboesa,ST.DALFOUR,Frasco de 284g,"2,19 €","9,95 €/Kg"
Alimento lácteo pera +6 meses,Yogolino,Embalagem de 4 x 100 g,"2,89 €","7,23 €/Kg"
Queijo Flamengo Fatias,PorSi,Embalagem 500G,"1,56 €","7,80 €/Kg"
Iogurte proteína stracciatella,Lindahls,Embalagem de 150 g,"5,97 €/Kg","5,97 €/Kg"
Leite de coco bio,PorSi Bio,400 ml,"1,29 €","1,29 €/L"
Bebida arroz bio,PorSi Bio,Embalagem de 1 litro,"1,59 €","1,59 €/L"
Espumante sem álcool para crianças,Look,Garrafa de 750 ml,"0,79 €","0,40 €/L"
Bolachas digestive muesli,Gullon,Embalagem de 370g,"1,45 €","11,15 €/Kg"
Batata frita camponesa,PorSi,Embalagem de 175 g,"1,19 €","6,43 €/Kg"
Molho de whisky cocktail,Calve,Garrafa de 250 ml,"0,70 €","2,33 €/Kg"
Sabonete líquido para as mãos de coco,Dove,embalagem de 250 ml,"1,09 €","2,18 €/L"
Máquina de barbear descartável,Gillette,Embalagem com 4+1 unidades,"1,16 €","4,64 €/L"
Bolachas de água e sal,PorSi,Embalagem de 125g,"0,39 €","3,12 €/Kg"
Néctar bio multifrutos,Paquito,"Embalagem 1,5 l","1,59 €","1,59 €/L"
Milho doce,Bonduelle,Embalagem de 150 g,"1,79 €","2,29 €/Kg"
Pensos Higiénicos Cottonlike Super Com Abas,Evax,12 unidades,"4,99 €","4,99 €/Unidade"
Dentifríco splash morango,Aquafresh,Embalagem de 75 ml,"0,99 €","0,99 €/Unidade"
Farinha láctea,PorSi,Embalagem de 1 kg,"4,49 €","4,49 €/Kg"
Fatia de salame de chocolate,PorSi,Embalagem 60G,"2,05 €","5,13 €/Kg"
Ervilhas,Iglo,"Embalagem de 1,125 kg","1,49 €","1,49 €/Kg"
Gressinos com azeitonas pretas,PorSi,Embalagem de 250g,"2,39 €","6,83 €/Kg"
Alimentação láctea pera/banana bio,Naturnes,Embalagem de 4 x 90 g,"2,89 €","7,23 €/Kg"
Ravioli com tomate,Claude Léger,Embalagem 300G,"2,35 €","5,60 €/Kg"
Bloco sanitário blue activ higiene,Sonasol,Embalagem de 50 g,"2,99 €","74,75 €/Kg"
Moscatel de setúbal,Adega de Palmela,Garrafa de 750 ml,"5,99 €","7,99 €/L"
Chouriço fatiado,Campofrio,Embalagem de 80g,"1,22 €","6,78 €/Kg"
Croutons azeite e alho,PorSi,Embalagem de 150g,"2,39 €","6,83 €/Kg"
Fiambre da Perna Extra,Nobre,1 un = 150 gr (aprox.),"0,97 €","6,49 €/Kg"
Gel de Banho Coconut Milk,Dove,Embalagem de 750 ml,"6,49 €","8,65 €/L"
"Pedras salgadas gf 0,33 l",P.salgadas,"Garrafa de 1,98 l","2,85 €","2,85 €/L"
Guardanapos brancos folha tripla 33x33 cm,PorSi,70 unidades,"1,29 €","1,29 €/Unidade"
"Maionese, frasco",Hellmman's,Embalagem de 420g,"0,70 €","2,33 €/Kg"
Cachaço s/ Osso,Porco,Vendido ao peso a partir de 1 kg,"4,89 €","4,89 €/Kg"
Creme de cenoura,PorSi,800 g,"1,99 €","2,49 €/Kg"
Mel em frasco com doseador,PorSi,Embalagem de 500g,"4,89 €","9,78 €/Kg"
Dawnut Açucarado,Pastelaria do Dia,48g,"0,30 €/Unidade","0,30 €/Unidade"
Lombos de salmao vacuo,PorSi,Embalagem de 500g,"4,39 €","10,98 €/Kg"
Champô 3 em 1 karpex,Vanish,950 ml,"1,79 €","2,39 €/L"
Discos de algodão para bebé,PorSi,60 unidades,"24,99 €","24,99 €/Unidade"
Clara de ovo liquida pasteurizada,Dovo,1 kg,"2,19 €","2,19 €/Unidade"
Estendal Universal,Vileda,,"0,89 €","0,89 €/Unidade"
Vinho do porto lbv 2004,Cruz,Garrafa de 0.75 l,"10,99 €","14,65 €/L"
Queijo flamengo sticks 5x20g,PorSi,Embalagem de 100g,"1,56 €","7,80 €/Kg"
Água s/ Gás,Serra de Fafe,Garrafa 6L,"1,04 €","0,17 €/L"
Iogurte mix-in nesquik,Nestle,Embalagem de 2 x 115 g,"1,05 €","1,86 €/L"
Pudim morango,Boca Doce,Embalagem de 20g,"0,59 €","29,50 €/Kg"
Leite 0% lactose magro,Mimosa,Garrafa de 1 l,"1,29 €","1,29 €/L"
Bloco Sanitário Sólido Poder Activo Pinho,Sonasol,Embalagem de 2x50 g,"2,99 €","74,75 €/Kg"
Lencos bolso mentol 6x10 3f,PorSi,Embalagem de 6 unidades,"0,89 €","0,89 €/Unidade"
Aipo,Nossa seleção,Vendido ao peso,"0,99 €","19,80 €/Kg"
Refresco em pó de morango,Tang,Embalagem de 30g,"0,75 €","18,75 €/Kg"
Pota Inteira,Peixe Congelado,1 un= 200 gr (aprox.),"3,99 €/Kg","3,99 €/Kg"
Pepino,Legumes do Dia,1 un = 300 gr  (aprox.),"0,75 €","2,49 €/Kg"
Folhado Misto 90 g,Pastelaria do Dia,,"0,65 €","0,65 €/Unidade"
Feijoada,PorSi,Embalagem de 420 g,"2,35 €","5,60 €/Kg"
Queijo emmental ralado,PorSi Select,Embalagem de 200g,"1,49 €","7,45 €/Kg"
Farinha de trigo sem fermento t55,PorSi,Embalagem de 1 kg,"1,99 €","1,99 €/Kg"
Manteiga de amendoim crocante,Prozis,Embalagem de 500g,"4,19 €","12,32 €/Kg"
Iogurte líquido yoggi cremoso pêssego/manga,Nestle,Embalagem de 4 x 160 g,"1,17 €","1,83 €/Kg"
Pá do Lixo C/ Cabo,PorSi,1 un.,"2,99 €","2,99 €/Unidade"
Caldo de galinha,PorSi,24 cubos,"3,84 €","24,00 €/Kg"
Cheeseburger de frango,Snock,Embalagem de 100 g,"3,39 €","21,19 €/Kg"
Bolachas multicereais,PorSi,Embalagem de 400 g,"0,90 €","6,00 €/Kg"
Espumante cava bruto,Freixenet,pack 3 x 200 ml,"11,99 €","11,99 €/L"
Cogumelos laminados,Ferbar,Embalagem de 290g,"1,79 €","2,29 €/Kg"
Bolachas cereais passas e laranja,PorSi,Embalagem de 300 g,"0,90 €","6,00 €/Kg"
Saqueta puré de fruta e aveia,PorSi,Embalagem de 90g,"0,74 €","8,22 €/Kg"
Palitos super finos,PorSi,Embalagem de 85 unidades,"1,50 €","1,50 €/Unidade"
Cola Especial Plásticos,Pattex,Embalagem de 30 g,"2,59 €","86,33 €/Kg"
"Linguíca, 4 unidades",PorSi,Embalagem de 180 g,"1,22 €","6,78 €/Kg"
Amaciador Roupa Concentrado Intense Repair,Comfort,60 doses,"3,74 €","0,96 €/L"
Creme de avelãs e cacau para barrar sem glúten,Cemporcent,Embalagem de 200g,"11,44 €/Kg","11,44 €/Kg"
5 rissóis de leitão,PorSi,Embalagem de 400g,"1,79 €","7,16 €/Kg"
Pensos peles sensíveis sortidos,PorSi,20 unidades,"2,86 €","2,86 €/Unidade"
Poncho,Patrulha Pata,1 unidade,"2,99 €","2,99 €/Unidade"
Coentro Molho Programa Origens,PorSi,Embalagem de 50g,"0,99 €","19,80 €/Kg"
Snack gato frango/queijo,PorSi,Embalagem de 60g,"0,99 €","16,50 €/Kg"
Champô cacau&côco,Ultra Suave,Embalagem de 400 ml,"5,59 €","13,98 €/L"
Cereais chocapic,Nestle,Embalagem de 375 g,"5,07 €/Kg","5,07 €/Kg"
Bolachas marítimas clássicas,PorSi Viva Bem,Embalagem de 200g,"2,82 €","9,40 €/Kg"
Vinagre de fruta,PorSi,Embalagem de 500 ml,"0,35 €","0,70 €/L"
Cerveja 0.0%,Sagres,Pack 4 x 0.33 l,"5,99 €","3,03 €/L"
Flan de ovos,PorSi,Embalagem 4 x 100 g,"1,49 €","3,73 €/Kg"
Sardinhas,PorSi,embalagem com 1 kg,"4,39 €","10,98 €/Kg"
Arroz agulha,Caçarola,Embalagem de 1 kg,"0,99 €/Kg","0,99 €/Kg"
Sortido seleção,Chabrior,Embalagem de 380g,"3,74 €","9,35 €/Kg"
Queijo flamengo fatias light,PorSi,Embalagem de 200g,"2,39 €","19,92 €/Kg"
Batata pré-frita palitos finos,PorSi,Embalagem de 2.5 kg,"1,39 €","1,39 €/Kg"
Pastilha Elástica Bottle Morango,Trident,Embalagem de 82 g,"0,89 €","59,33 €/Kg"
Peito de frango,PorSi,Embalagem de 400 g,"2,32 €","5,80 €/Kg"
Sangria pet,Don Simon,"Garrafa de 1,5 l","2,39 €","1,59 €/L"
"Alimento para cão júnior bio complex, com frango",HappyOne,Embalagem de 4 kg,"22,99 €","1,15 €/Kg"
Tostas de trigo,PorSi,Embalagem 225G,"2,39 €","6,83 €/Kg"
Refrigerante sem gás de maçã,Trina,"Garrafa de 1,5 l","1,14 €","0,76 €/L"
Tarte de Flan,Pastelaria do Dia,embalagem com 650g,"8,99 €","11,24 €/Kg"
Tablete de chocolate,Chabrior,Embalagem de 250 g,"0,79 €","5,27 €/Kg"
Tomate pelado,Guloso,Embalagem de 800g,"3,84 €","24,00 €/Kg"
"Cera de depilação oriental, pote",Labell,Embalagem de 250 ml,"6,99 €","6,99 €/Unidade"
Camarao vannamei 40/48,Pescanova,Embalagem de 800G,"8,99 €","25,69 €/Kg"
Lixívia para roupa delicada,Neoblanc,Embalagem de 1 l,"2,19 €","1,10 €/L"
Patas,Frango,1 un = 250 gr  (aprox.),"0,50 €","4,99 €/Kg"
Pensos peles sensíveis sortidos,PorSi,30 unidades,"2,86 €","2,86 €/Unidade"
Licor de anis,On Off,"Garrafa de 0,70 l","16,99 €","24,27 €/L"
Cereais fitness e fruits,Nestle,Embalagem de 380g,"3,45 €","26,74 €/Kg"
Queijo curado mistura,PorSi,190 g,"5,99 €","23,96 €/Kg"
Cola Especial Têxtil,Pattex,Embalagem de 30 g,"2,59 €","86,33 €/Kg"
Cápsulas de café com leite cappuccino,Nescafe,Embalagem com 16 cápsulas,"3,19 €","25,52 €/Kg"
Flauta,Hohner,1 unidade,"1,35 €","1,35 €/Unidade"
Atum em azeite,Ramirez,Embalagem de 120g,"0,89 €","7,42 €/Kg"
Nestum aveia e maçã,Nestum,Embalagem de 250g,"2,19 €","8,76 €/Kg"
Ambientador recarga bouquet,Air Wick,Garrafa de 250 ml,"11,98 €","11,98 €/Unidade"
Iogurte activia cremoso coco,Danone,Embalagem de 4 x 120 g,"1,49 €","2,98 €/Kg"
Gel pure 3 em 1,Garnier,Embalagem de 150 ml,"2,99 €","59,80 €/L"
Capa Premium 2 em 1,Vileda,1 unidade,"16,50 €","16,50 €/Unidade"
Areia para gatos mineral perfumada,PorSi,Embalagem de 5 kg,"1,19 €","0,24 €/Kg"
Batata frita forno originais,Lay's,Embalagem de 150g,"0,87 €","5,44 €/Kg"
"Salsichas hot dog, frasco",Izidoro,Embalagem de 240g,"0,75 €","3,75 €/Kg"
Refrigerante  c/ gás regular,Coca-Cola,pack 4 x 1 l,"0,79 €","0,40 €/L"
Insecticida recarga,Biokill,Embalagem de 375 ml,"5,09 €","8,48 €/L"
Bolacha integral doce,Vieira,Embalagem de 180g,"0,98 €","3,27 €/Kg"
Tablete chocolate branco,PorSi,Embalagem de 100g,"0,99 €","9,90 €/Kg"
Bebida láctea crescimento 3 anos+,Nestle,Embalagem de 1 litro,"0,26 €","1,30 €/L"
Ambientador vela odor tabaco,PorSi,1 unidade,"9,49 €","45,19 €/Kg"
Bebida láctea crescimento 1 a 3 anos,Nestle,Embalagem de 1 litro,"0,26 €","1,30 €/L"
Amaciador  p/ roupa concentrado Aromaterapia,PorSi,Embalagem com 60 doses,"3,74 €","0,96 €/L"
Amaciador roupa suave,PorSi,Embalagem de 60 doses,"3,74 €","0,96 €/L"
Açúcar fino,Rar,Embalagem de 1000 g,"1,49 €","1,49 €/Kg"
Chocolate culinário 70% cacau,Nestle,Embalagem de 170 g,"1,04 €","8,32 €/Kg"
Vinho de mesa tinto bag in box,Adega grande,Garrafa de 5 l,"8,89 €","1,78 €/L"
Leite especial crescimento +3 anos,Mimosa,Garrafa de 1 l,"0,26 €","1,30 €/L"
Sal marinho integral,Cemporcent,Embalagem de 1 kg,"11,99 €","29,98 €/Kg"
Magnum mini 3 chocolates,Olá,Embalagem de 6 x 55 ml,"5,99 €","16,64 €/L"
Queijo mozzarella mini bolas,PorSi,Embalagem 125G,"1,59 €","6,36 €/Kg"
Limpa madeiras ecológico,PorSi,1.5 litros,"1,39 €","1,26 €/L"
Toalhitas Refrescantes Rosto e Mãos,PorSi,Embalagem 3 x 10 un.,"1,10 €","1,10 €/Unidade"
Toalhitas Bebé Basic,PorSi,Embalagem de 72 unidades,"0,90 €","0,90 €/Unidade"
"Escova de cabelo, esqueleto",Labell,Embalagem com 1 unidade,"1,99 €","1,99 €/Unidade"
"Papel higiénico compacto, folha dupla",Renova,4 = 12 rolos,"1,99 €","1,99 €/Unidade"
Puré de batata,Saint Eloi,Embalagem de 500 g,"1,99 €","1,99 €/Kg"
Jarro graduado,PorSi,Embalagem de 1 unidades,"0,54 €","0,54 €/Unidade"
Cocktail pessego,Bar Royal,Garrafa de 750 ml,"11,99 €","11,99 €/L"
"Vela em número, nº 3",PorSi,1 unidade,"0,60 €","0,60 €/Unidade"
Iogurte líquido magro frutos vermelhos,PorSi Viva Bem,Embalagem de 4x160 ml,"1,17 €","1,83 €/Kg"
Autocarro Formas e Cores,Baby Clementoni,1 unidade,"25,95 €","25,95 €/Unidade"
Sopa de rabo de boi,Knorr,Embalagem de 70g,"0,84 €","13,55 €/Kg"
Tomate Cereja Redondo Biológico,PorSi Bio,Emb.: ± 250 g,"0,87 €","3,49 €/Kg"
Sopa de cebola,Knorr,Embalagem de 50g,"0,84 €","13,55 €/Kg"
Moinho 5 pimentas em grão,PorSi,Frasco com 40 g,"0,25 €","0,25 €/Kg"
Palmiers,PorSi,Embalagem de 300 g,"1,69 €","6,76 €/Kg"
Iogurte líquido magro frutos vermelhos,PorSi Viva Bem,Embalagem de 4x160 ml,"1,19 €","1,86 €/L"
"Vinho tinto doc dão, reserva",Cabriz,Garrafa de 0.75 l,"3,99 €","5,32 €/L"
"Borracha Technic, 600",Maped,embalagem com 2 unidades,"2,49 €","2,49 €/Unidade"
"Esferográfica cristal, 5 Uni",Bic,1 unidade,"2,49 €","2,49 €/Unidade"
Rede com pequeno almoço,Écoiffier,1 unidade,"17,99 €/Unidade","17,99 €/Unidade"
Bolacha digestive s/ gluten,Gullon,Embalagem de 150g,"2,69 €","20,69 €/Kg"
Elixir bocal de mentol,Listerine,Embalagem de 250 ml,"1,29 €","2,58 €/L"
Molho de soja com dispenser,KIKKOMAN,Garrafa de 150 ml,"3,99 €","26,60 €/L"
Queijo vaca sem lactose,PorSi Viva Bem,250 g,"2,42 €","9,69 €/Kg"
Canetas de Feltro Lavavel Kids - 14 +4,Bic,Uma embalagem,"4,69 €","4,69 €/Unidade"
Ambientador automático lavanda,PorSi,250 ml,"0,99 €","3,30 €/L"
Rolo de Cozinha Multi,Renova,4 Rolos,"4,99 €","4,99 €/Unidade"
Moscatel de Setúbal 20 anos,Alambre,Garrafa de 0.50 l,"5,99 €","7,99 €/L"
Gomas ladrilhos,Fini,Embalagem de 100 g,"1,19 €","3,97 €/Kg"
Bacalhau desfiado,PorSi,Embalagem de 500g,"6,39 €","7,99 €/Kg"
Castanhas 80/100,Frutos secos,1 un = 250 gr  (aprox.),"1,45 €","5,79 €/Kg"
Aguardente bagaceira,S.domingos,Garrafa de 1 l,"12,79 €","18,27 €/L"
Pão forma sem côdea,PorSi,Embalagem de 450g,"0,99 €","1,65 €/Kg"
Snack para gato crispies salmão e truta,Felix,Embalagem de 50g,"0,99 €","16,50 €/Kg"
Lixívia tradicional,Javisol,"Garrafa de 2,8 l","1,74 €","0,35 €/L"
Lixivia perfume fresco,Neoblanc,Embalagem de 2 l,"1,74 €","0,35 €/L"
Açucar granulado,PorSi,Embalagem de 1 kg,"1,49 €","1,49 €/Kg"
Óleo Performa 15W40,Galp,Embalagem de 1 l,"14,99 €","14,99 €/L"
Farinheira do fundão,PorSi,Embalagem de 250g,"1,49 €","7,45 €/Kg"
Gelatina de manga,Koala,Embalagem de 130g,"0,85 €","2,13 €/Kg"
Bio miolo amendoa compele,PorSi Bio,Embalagem de 100g,"1,29 €","1,29 €/L"
Creme Depilatório Peles Normais,Veet,Embalagem de 200 ml,"10,99 €","73,27 €/L"
Bolachas cobertas com chocolate sem glúten,Schar,Embalagem de 150g,"0,79 €","5,27 €/Kg"
Esponja limpa camurça,PorSi,1 unidade,"5,29 €","35,27 €/L"
Comida Húmida para Gato Gelatinas com Carne,Felix,Embalagem de 4x100g,"3,59 €","2,99 €/Kg"
Café Descafeinado,Nescafe,Embalagem de 100g,"1,59 €","6,36 €/Kg"
Mostarda a'lancienne,PorSi Select,190 g,"0,70 €","2,33 €/Kg"
Cacetinho de Trigo,Pão do Dia,80 g,"0,19 €","2,38 €/Kg"
Iogurte liquido proteína yopro morango/framboesa,Yopro,300 g,"1,17 €","1,83 €/Kg"
Amaciador Concentrado Creations Flor Lótus Lima,Comfort,80 doses,"3,99 €","3,99 €/Unidade"
Arroz longo extra integral,Cacarola,Embalagem de 1 kg,"0,99 €/Kg","0,99 €/Kg"
Compasso Origin 3 peças,Maped,Uma embalagem,"3,09 €","3,09 €/Unidade"
Salsichas de porco em lata,PorSi,Embalagem de 200g,"0,75 €","3,75 €/Kg"
Bacalhau lombos,PorSi,Embalagem de 1.5 kg,"6,39 €","7,99 €/Kg"
Queijo curado -30% gordura,Casteloes,500 g,"6,49 €","25,45 €/Kg"
Vinho branco tejo,Alorna,Garrafa de 750 ml,"4,99 €","6,65 €/L"
Bebida solúvel cereais+fibra frasco 200g,Delta,Embalagem de 200g,"1,45 €","14,50 €/Kg"
Sopa de agriao,PorSi,Embalagem de 400g,"1,99 €","2,49 €/Kg"
Maçã Royal Gala 70/75,Programa Origens,1 un = 150 gr (aprox.),"1,69 €/Kg","1,69 €/Kg"
Açúcar branco em saquetas,Rar,Embalagem com 170 saquetas,"1,49 €","1,49 €/Kg"
Bolacha maria junior doces,Vieira,Embalagem de 280g,"1,69 €","2,11 €/Kg"
Rum 3 anos havan club (40º),Havana,Garrafa de 700 ml,"17,49 €","24,99 €/L"
Inseticida elétrico melgas e mosquitos,Dum Dum,1 unidade = 45 noites,"7,69 €","7,69 €/Unidade"
Patafix branco,Uhu,Embalagem com 80 pastilhas adesivas,"2,49 €","2,49 €/Unidade"
10 cápsulas café qanela,Delta Q,Embalagem de 60g,"54,36 €/Kg","54,36 €/Kg"
Quad com Dinossauro,Pinypon Action,1 unidade,"17,99 €/Unidade","17,99 €/Unidade"
Sanduiche Good4me Frango,Snock,130 g,"0,65 €","0,65 €/Unidade"
Sangria branca,Don Simon,"Garrafa de 1,5 l","2,39 €","1,59 €/L"
Leite condensado magro cozido,Nestle,Embalagem de 390g,"1,09 €","2,75 €/Kg"
Nata uht 0% lactose,Parmalat,Embalagem de 200 ml,"0,75 €","3,75 €/L"
Croissants brioche,s. tomé,Embalagem de 200 g,"2,59 €","7,40 €/Kg"
Cerveja c/ álcool,Super Bock,pack 24 x 0.20 l,"1,99 €/L","1,99 €/L"
Ervilhas primavera 500g,Iglo,Embalagem de 500g,"1,49 €","1,49 €/Kg"
Café Moagem Universal do Brasil,PorSi,Embalagem de 220g,"9,16 €/Kg","9,16 €/Kg"
Amaciador concentrado para roupa floral,PorSi,80 doses,"3,99 €","3,99 €/Unidade"
Flocos cereais chocolate,PorSi,Embalagem de 300g,"2,19 €","8,76 €/Kg"
"Salsichas wiennerwurt em frasco, 6 un",Nobre,Embalagem de 250g,"0,75 €","3,75 €/Kg"
Mousse chocolate,PorSi,Embalagem de 150g,"0,79 €","5,27 €/Kg"
Pescada de África do Sul,Peixe Congelado,"Vendido ao peso, 1 unidade = 400 a 600 g aprox.","3,99 €/Kg","3,99 €/Kg"
Pão de Ló Tradicional,Pastelaria do Dia,1Kg,"8,99 €","11,24 €/Kg"
Biscoitos sem glúten,Gullon,Embalagem de 200 g,"2,69 €","20,69 €/Kg"
"Escova de dentes macia, 7-13 anos",Labell,1 unidade,"0,99 €","0,99 €/Unidade"
Balde de Limpeza com Espremedor,PorSi,unidade,"17,00 €","17,00 €/Unidade"
Tablete de chocolate choco jelly,Milka,Embalagem de 250g,"18,50 €/Kg","18,50 €/Kg"
Salada toscana Programa Origens,PorSi,embalagem de 250 g,"0,99 €","0,99 €/Kg"
Maçã Starking 70/75,Programa Origens,1 un = 150 gr (aprox.),"1,69 €/Kg","1,69 €/Kg"
Óleo de girassol,PorSi,garrafa de 1 litro,"3,39 €","3,39 €/L"
Anti-Traça Cedro,Dum Dum,2 unidades,"5,99 €","176,18 €/Kg"
Barras fitness com chocolate,Nestle,Embalagem de 140g,"3,45 €","26,74 €/Kg"
Spray desinfetante cozinha,Lysol,Embalagem de 500 ml,"0,79 €","0,79 €/L"
Feijão encarnado,PorSi,Embalagem de 420 g,"1,79 €","2,29 €/Kg"
Espremedor,PorSi,1 unidade,"0,89 €","0,89 €/Unidade"
Tremoços extra,PorSi,Vendido ao peso a partir de 500 g,"0,35 €","3,49 €/Kg"
Iogurte natural sem lactose,PorSi Viva Bem,4 x 125 g,"0,99 €","1,98 €/Kg"
Escalopes,Frango,1 un = 150 gr (aprox.),"2,32 €","5,80 €/Kg"
Bacalhau Especial da Islândia,Bacalhau da Islândia,1 un = 4 kg (aprox.),"8,73 €/Kg","8,73 €/Kg"
Vinho doc dão branco,Grao vasco,Garrafa de 750 ml,"3,99 €","5,32 €/L"
Ambientador aerossol 5 em 1 jasmim,PorSi,300 ml,"0,99 €","3,30 €/L"
Leite em pó crescimento 3 pro +,Nutriben,Embalagem de 800g,"20,99 €","26,24 €/Kg"
Creme calçado preto,PorSi,50 ml,"0,99 €","19,80 €/L"
Resguardo para mesa,PorSi,Dim.: 140 x 300 cm,"13,99 €","13,99 €/Unidade"
Café torrado intensa,Nicola,Embalagem de 250 g,"9,16 €/Kg","9,16 €/Kg"
Queijo creme de camembert,Président,embalagem de 125 g,"2,60 €","13,00 €/Kg"
Ervilhas,PorSi,Embalagem de 400 g,"1,49 €","1,49 €/Kg"
Esfregona super completa,Vileda,1 unidade,"0,89 €","0,89 €/Unidade"
Tablete de chocolate negro,PorSi,Embalagem de 100 g,"0,99 €","4,95 €/Kg"
Snacks para Cão Markies Mini,Pedigree,Embalagem de 500 g,"0,94 €","5,22 €/Kg"
"Pães para hamburguer com sésamo, 4 unidades",Bimbo,embalagem de 220 g,"0,99 €","1,65 €/Kg"
"Lava tudo antibacteriano lavanda 1,5l",PorSi,Garrafa de 1.5 l,"0,99 €","0,50 €/L"
Arroz extra longo integral,Saludaes,Embalagem de 1 kg,"0,99 €/Kg","0,99 €/Kg"
"Douradinhos cereais integrais, 10 unidades",Capitão Iglo,Embalagem de 250g,"9,30 €/Kg","9,30 €/Kg"
Carapau Médio Fresco,Peixe do Dia,1 un = 150 gr (aprox.),"6,49 €/Kg","6,49 €/Kg"
Mel multifloral doseador,PorSi,Embalagem de 250g,"4,89 €","9,78 €/Kg"
Nestum bolacha maria,Nestum,Embalagem de 250g,"2,19 €","8,76 €/Kg"
"Engoma fácil, pistola",PorSi,Embalagem de 750 ml,"10,99 €","52,33 €/Kg"
"Jogo ""Mentiroso""",Concentra,1 unidade,"9,99 €/Unidade","9,99 €/Unidade"
Cappuccino café arábica cacau magro em pó,PorSi,250 ml,"3,19 €","25,52 €/Kg"
Amaciador roupa concentrado lírios e frutos vermelho...,Quanto,122 doses,"3,74 €","0,96 €/L"
Adoçante em pó,Canderel,Embalagem de 90g,"5,99 €","23,96 €/Kg"
Água mineral sem gás,S.estrela,pack 4 x 1.5 l,"1,04 €","0,17 €/L"
"Forma papel para bolos, 8. 4cm",PorSi,Embalagem com 60 unidades,"0,54 €","0,54 €/Unidade"
Polpa de tomate,PorSi,Embalagem de 500 g,"3,84 €","24,00 €/Kg"
Acetona,PorSi,Embalagem de 60 ml,"1,89 €","9,45 €/L"
Dettol sabonete líquido aloe vera x 12,Dettol,Garrafa de 250 ml,"1,09 €","2,18 €/L"
Pensos higiénicos liberty noite abas,Evax,Embalagem com 9 un.,"4,99 €","4,99 €/Unidade"
Alheira,Terras do Demo,Embalagem com 200 g,"1,49 €","7,45 €/Kg"
Café torrado lote chávena máquina,Delta,Embalagem de 250g,"9,16 €/Kg","9,16 €/Kg"
Fermento de padeiro,Vahine,Embalagem de 20g,"1,59 €","19,39 €/Kg"
Desodorizante de Pés em Creme,Protex,Embalagem de 100 ml,"5,59 €","37,27 €/L"
Iogurte fruta batida banana/laranja/bolacha,Mimosa,Embalagem de 480g,"1,49 €","2,98 €/Kg"
Iogurte liquido sem lactose natural açucarado,PorSi Viva Bem,Embalagem de 4 x 160 g,"2,49 €","5,19 €/Kg"
Leite Achocolatado Batido com Cacau,Cacaolat,Pack de 3 x 200 ml,"0,26 €","1,30 €/L"
Bola de Futebol,Nike,T.5,"17,99 €/Unidade","17,99 €/Unidade"
Iogurte liquido proteína yopro morango/framboesa,Yopro,300 g,"5,97 €/Kg","5,97 €/Kg"
Canja c/ aletria,Knorr,Embalagem de 70g,"0,84 €","13,55 €/Kg"
Rebuçados mel e limão,PorSi,Embalagem de 200g,"0,77 €","3,85 €/Kg"
Roti,Novilho,1 un = 1 kg (aprox.),"4,99 €","12,48 €/Kg"
Saca-rolhas,PorSi,Embalagem de 1 unidades,"4,99 €","4,99 €/Unidade"
Forntnite Microhots,Nerf,1 unidade,"17,99 €/Unidade","17,99 €/Unidade"
Ab bran flakes,Kellogg's,Embalagem de 375g,"1,49 €","2,98 €/Kg"
Fiambre Perna Extra Braseado Finissimas,Nobre,Embalagem de 120g,"0,97 €","6,49 €/Kg"
Doce de morango,Casa de Mateus,Embalagem de 345g,"2,19 €","9,95 €/Kg"
Leite especial cálcio + vitamina d magro,Mimosa,Garrafa de 1 l,"1,29 €","1,29 €/L"
Kiwi categoria II - calibre 30/36,Fruta do Dia,1 un = 150 gr (aprox.),"0,22 €","1,09 €/Kg"
Butter cookies,PorSi,Embalagem de 450g,"0,90 €","6,00 €/Kg"
Inseticida elétrico,Raid,2 Aparelhos + 2 Recargas de 27 ml | 45 Noites + 45 Noites,"7,69 €","7,69 €/Unidade"
Paella,It.saveurs,Embalagem de 300g,"2,35 €","5,60 €/Kg"
Mala Crazy Chic Star Hairstyle,Clementoni,1 unidade,"17,99 €/Unidade","17,99 €/Unidade"
Pastilhas ice spearmint,CHICLETS,Embalagem de 17 g,"0,89 €","59,33 €/Kg"
Bomba de ar de pé,Bestway,1 un.,"0,99 €","0,99 €/Unidade"
Peixe espada branco posta,PorSi,Higienizada Congelada,"1,92 €","6,99 €/Kg"
Vinho frisante branco,Lapadas,Garrafa de 750 ml,"2,29 €","3,05 €/L"
Refrigerante c/ gás zero s/ cafeína,Coca-Cola,pack 6 x 0.33 l,"0,79 €","0,40 €/L"
Pilha alcalina classic lr20x2,Domédia,1 unidade,"1,99 €","1,99 €/Unidade"
Água com gás natural,Perrier,Embalagem de 750ml,"2,85 €","2,85 €/L"
Queijo Brie 60%,Produto selecionado,Vendido ao peso a partir de 250 gr,"2,60 €","13,00 €/Kg"
"Detergente líquido, manual loiça, original",Fairy,"Embalagem de 1,5 l","0,99 €","1,98 €/L"
Bolo meia lua marmore,Dancake,Embalagem de 350G,"2,05 €","5,13 €/Kg"
Polpa de tomate em garrafa,Compal,Embalagem de 500g,"3,84 €","24,00 €/Kg"
Collant licra 15d preto xl,PorSi,Embalagem de 1 unidades,"1,89 €","1,89 €/Unidade"
Iogurte ananás 000%,PorSi Viva Bem,Embalagem de 4 x 125 g,"4,36 €","2,18 €/Kg"
Cogumelos Granel,Legumes do Dia,1 un = 200 gr (aprox.),"0,98 €","4,89 €/Kg"
Bolachas infantil dinossauros,Artiach,Embalagem de 190g,"1,89 €","15,75 €/Kg"
Iogurte magro + gelatina morango,Mimosa,Embalagem de 4 x 120 g,"0,99 €","1,32 €/Kg"
Contact Ceys,Ceys,1 unidade,"2,59 €","86,33 €/Kg"
Amaciador roupa concentrado ouro,Quanto,76 doses,"3,74 €","0,96 €/L"
Ambientador eléctrico Relaxing Zen + recarga,Glade,1 unidade,"3,74 €","3,74 €/Unidade"
Leite de transição Optipro 2 +6 meses,NAN,Embalagem de 800g,"20,99 €","26,24 €/Kg"
Spray fornos e grelhadores,Cif,435 ml,"1,79 €","2,39 €/L"
Nata uht para culinária,Parmalat,Embalagem de 200 ml,"0,75 €","3,75 €/L"
"Refrigerante com gás, laranja, lata",Fanta,pack 6 x 0.33 l,"0,79 €","0,40 €/L"
Rolos de papel multiusos 2 folhas,PorSi,1 unidade,"4,99 €","4,99 €/Unidade"
Empadão de carne produto pré-cozinhado ultracongelad...,PorSi,Embalagem de 350g,"3,53 €","8,83 €/Kg"
Amendoim com piri-piri,Frutos secos,1 un = 100 gr (aprox.),"1,45 €","5,79 €/Kg"
Spray optimal 7 com lixivia,Ajax,Embalagem de 500 ml,"1,79 €","2,39 €/L"
Gomas favoritos açúcar,Haribo,Embalagem de 90g,"1,19 €","3,97 €/Kg"
Manteiga pasteurizada com sal cuvet,Primor,Embalagem de 250g,"1,69 €","6,76 €/Kg"
Arroz agulha,B.sucesso,Embalagem de 1 kg,"0,99 €/Kg","0,99 €/Kg"
Côtes-du-Rhône Tinto,Ferraton,0.75 litros,"2,09 €","2,79 €/L"
"Tesoura de escritório, 17 cm",Domédia,1 unidade,"2,19 €","109,50 €/L"
Iogurte Pedaços Pêssego,PorSi,Embalagem de 2x135 g,"1,87 €","1,25 €/Kg"
Hambúrgueres de peru,PorSi,Embalagem de 4x80g,"2,79 €","8,72 €/Kg"
Desodorizante roll on dermo invisible,Sanex,Embalagem de 50 ml,"4,69 €","31,27 €/L"
Cogumelos inteiros,PorSi,Embalagem de 185 g,"1,79 €","2,29 €/Kg"
Polpa de tomate com cebola e alho,Compal,Embalagem de 500g,"3,84 €","24,00 €/Kg"
Cueca Incontinência Boutique Plus G,Ausonia Discreet,Embalagem de 8 Un.,"9,99 €","9,99 €/Unidade"
Queijo brie 60% mg,Páturages,Embalagem de 200 g,"2,60 €","13,00 €/Kg"
"Crepes queijo/fiambre, 6 unidades",Claude Léger,Embalagem de 300 g,"1,89 €","6,30 €/Kg"
Champô cabelos pintados,Labell,Embalagem de 250 ml,"5,59 €","13,98 €/L"
Barra s.k frutos vermelhos,Kellogg's,Embalagem de 130g,"1,29 €","10,24 €/Kg"
Iogurte Activia 0% aveia e linhaça,Danone,Embalagem de 4 x 120 g,"2,49 €","5,19 €/Kg"
Salsa,PorSi,Embalagem de 50g,"0,99 €","19,80 €/Kg"
Tarteletes com recheio morango,PorSi,Embalagem de 96g,"0,79 €","4,49 €/Kg"
"Limpa vidros pistola, cristal",Ajax,Embalagem de 500 ml,"3,19 €","6,38 €/L"
Moscatel de Setúbal,Bacalhoa,Garrafa de 750 ml,"5,99 €","7,99 €/L"
Peluche Piruetas,Panda,1 un.,"25,95 €","25,95 €/Unidade"
Osso Buco,Novilho,1un=150 gr aprox.,"2,62 €","10,49 €/Kg"
"Bloco sanitário, Blue Active Floral",Sonasol,Embalagem de 50 g,"2,99 €","74,75 €/Kg"
Café em grão,Delta,Embalagem de 1 kg,"9,16 €/Kg","9,16 €/Kg"
Pilha recarregável 170mAh 9V HR22,Domédia,1 unidade,"1,99 €","1,99 €/Unidade"
Amaciador roupa concentrado lírios e morango,PorSi,60 doses,"3,74 €","0,96 €/L"
Desodorizante spray energy,Labell Men,Embalagem de 200 ml,"1,39 €","6,95 €/L"
Uno cartas,Mattel,1 unidade,"23,99 €/Unidade","23,99 €/Unidade"
Régua duplo decimetro,CA1,1 unidade,"2,49 €","2,49 €/Unidade"
Glitter lab,Clementoni,1 unidade,"17,99 €/Unidade","17,99 €/Unidade"
Ovos Galinha Solo XL Categoria A,PorSi,6 unidades,"1,39 €","1,39 €/Unidade"
Sacos de congelação pequenos,PorSi,"50 unidades, 1 embalagem","1,11 €","1,11 €/Unidade"
Bolacha dibus sharkies s/ glúten,Gullon,Embalagem de 250g,"2,69 €","20,69 €/Kg"
12 ovos codorniz,PorSi,Embalagem de 1 unidades,"2,19 €","2,19 €/Unidade"
Frutapura Pouch Frutos Variados,Bledina,Embalagem de 85g,"2,29 €","6,94 €/L"
Tablete de chocolate culinário negro,PorSi,Embalagem de 200 g,"0,99 €","4,95 €/Kg"
Bebida energética,Red Bull,Garrafa de 360 ml,"5,39 €","5,39 €/L"
Bolachas starship tradicional,PorSi,Embalagem de 150g,"0,90 €","6,00 €/Kg"
Infusão principe,Cemporcent,Embalagem de 10 unidades,"0,89 €","68,46 €/Kg"
Vinho rosé mateus emotion,Mateus,Garrafa de 750 ml,"4,29 €","5,72 €/L"
Bolacha vida equilíbrio ameixa e fibra,Cemporcent,Embalagem de 140g,"1,45 €","11,15 €/Kg"
Sabonete líquido mel,Feno,Embalagem de 300 ml,"1,09 €","2,18 €/L"
Amendoim com sal,Frutos secos,1 un = 100 gr (aprox.),"1,45 €","5,79 €/Kg"
Espinafres em folhas,PorSi,Embalagem de 750 g,"1,49 €","1,49 €/Kg"
Bandas de cera facial peles normais,Veet,Embalagem de 20 unidades,"6,99 €","6,99 €/Unidade"
"Lenços de bolso sensitive, brancos, 10 unidades",Renova,1 embalagem de 18x10,"0,89 €","0,89 €/Unidade"
Vinho verde branco alvarinho,Pbrejoeira,Garrafa de 0.75 l,"3,09 €","3,09 €/L"
Sumo 100% Fruta Laranja Espremida,Compal,1 litro,"1,09 €","0,73 €/L"
Posta de tintureira,PorSi,Embalagem de 500 g,"4,39 €","10,98 €/Kg"
Gel de massagem,Durex,Embalagem de 200 ml,"4,49 €","4,49 €/Unidade"
Leite UHT Meio Gordo,PorSi,Embalagem de 200 ml,"0,81 €","0,81 €/L"
Limpa fornos normal,Mr.muscle,Embalagem de 300 ml,"1,29 €","1,72 €/L"
Caldo de galinha 24 cubos,Knorr,Embalagem de 240g,"3,84 €","24,00 €/Kg"
Sidra maçã,Bandida,Lata de 500 ml,"1,59 €","3,18 €/L"
Mousse de chocolate leite,Páturages,Embalagem de 4x60 g,"0,99 €","1,65 €/Kg"
"Iogurte actimel, morango",Danone,Embalagem de 12 x 100 g,"2,49 €","5,19 €/Kg"
Bombom coração original,Regina,Embalagem de 90g,"2,99 €","29,90 €/Kg"
Leite pasteurizado magro,Vigor,Garrafa de 1 l,"0,99 €","0,99 €/L"
Cereais lion chocolate/caramelo,Nestle,Embalagem de 400g,"1,29 €","10,24 €/Kg"
Lixivia perfumada,PorSi,Garrafa de 2 l,"2,59 €","1,30 €/L"
Caderno Espiral Capa Dura A4 Quadriculado,Domédia,1 un.,"1,09 €","1,09 €/Unidade"
Liquido refrigerante verde 10%,PorSi,Embalagem de 1 l,"3,99 €","0,80 €/L"
Cerveja 0.0%,Heineken,Pack 6 x 0.25 l,"5,99 €","3,03 €/L"
Orégãos em folhas,PorSi,Saqueta com 10 g,"0,25 €","0,25 €/Kg"
Paté de atum,PorSi,Embalagem de 65 g,"1,19 €","13,52 €/Kg"
Atum ao natural,Ramirez,Embalagem de 120g,"0,89 €","7,42 €/Kg"
Lixívia tradicional,PorSi,Embalagem de 2 l,"1,74 €","0,35 €/L"
Detergentes máquina lavar loiça next generation,PorSi,30 pastilhas,"2,99 €","2,99 €/Unidade"
Vinho bag-in-box branco,C.alqueva,Garrafa de 5 l,"9,49 €","1,90 €/L"
Néctar 8 frutos,Bongo,Pack 3 x 200 ml,"0,99 €","0,99 €/L"
Milho doce,PorSi,Embalagem de 3 x 140 g,"1,79 €","2,29 €/Kg"
Carvão,Carbrica,17 dm3,"4,99 €","4,99 €/Unidade"
Massa pevide,Nacional,Embalagem de 250g,"0,89 €","1,78 €/Kg"
Queijo de azeitão dop,PorSi Select,Embalagem de 255 g,"6,49 €","25,45 €/Kg"
Café moagem normal: original,Buondi,Embalagem de 220g,"3,49 €","13,96 €/Kg"
Leite C/ Chocolate,Mimosa,Embalagem de 4 x 200 ml,"0,26 €","1,30 €/L"
Leite uht sem lactose magro,PorSi Viva Bem,1 litro,"0,81 €","0,81 €/L"
Crepe chocolate,PorSi,Embalagem de 540g,"2,49 €","7,55 €/Kg"
Sombrinhas de Natal,Regina,Embalagem de 35 g,"18,50 €/Kg","18,50 €/Kg"
"Discos desmaquilhantes, 120 unidades",PorSi,Embalagem de 120 unidades,"0,76 €","0,76 €/Unidade"
Esferográfica Cristal Ouro e Prata x2,Bic,1 unidade,"2,49 €","2,49 €/Unidade"
Acetona,PorSi,Embalagem de 250 ml,"1,89 €","9,45 €/L"
Vinho maduro branco meio seco,Adega grande,Garrafa de 750 ml,"1,59 €","2,12 €/L"
Tira gorduras recarga,Mistolin,Garrafa de 550 ml,"4,89 €","6,52 €/L"
Camisola segunda pele 40D musk t. único,PorSi,1 unidade,"4,69 €","4,69 €/Unidade"
Sabonete sensitive,Palmolive,Embalagem de 4x90 g,"1,99 €","12,44 €/Kg"
Cotonetes para bebé,PorSi,Embalagem com 60 unidades,"0,58 €","0,58 €/Unidade"
"Creme de muda de fralda, para bebé",Pommette,Embalagem de 100 ml,"0,59 €","5,90 €/L"
Cerveja com álcool abadia,Super Bock,pack 6 x 0.33 l,"1,99 €/L","1,99 €/L"
Bacon Extra Nacos,Porminho,200 g,"3,29 €","21,93 €/Kg"
1ª papa láctea multifrutos sem glúten +4 meses,Cerelac,Embalagem de 250g,"4,49 €","4,49 €/Kg"
Pulseira Repelente c/ Citronela,Mercurochrome,,"0,58 €","0,58 €/Unidade"
Vinho branco,PorSi,embalagem de 1 litro,"0,85 €","0,85 €/L"
Arroz carolino,Caçarola,Embalagem de 1kg,"0,99 €/Kg","0,99 €/Kg"
Sopa de legumes,PorSi,Embalagem de 400 g,"1,99 €","2,49 €/Kg"
Salsichas Frankfurt em lata,Izidoro,Embalagem de 120g,"0,75 €","3,75 €/Kg"
Bolacha de manteiga belga c/ chocolate,Saborosa,Embalagem de 200g,"1,69 €","6,76 €/Kg"
Alimento seco gato salmao 1.5k,Purina One,"Embalagem de 1,5 kg","12,99 €","4,33 €/Kg"
Batata frita palha,PorSi,Embalagem de 160g,"0,87 €","5,44 €/Kg"
Barras de cereais nesquik,Nestle,Embalagem de 150g,"1,29 €","10,24 €/Kg"
Halls Mini Mints Menta,Halls,12.5 g,"1,00 €","5,00 €/Kg"
Eclair de Chocolate 75 g,Pastelaria do Dia,,"0,30 €/Unidade","0,30 €/Unidade"
Mega cozinha,Barbie,1 conjunto,"17,99 €/Unidade","17,99 €/Unidade"
Malga de Barro p/ Caldo Verde,Gratta,,"2,00 €","2,00 €/Unidade"
Bolachas digestive finas de chocolate de leite,Triunfo,Embalagem de 170 g,"0,79 €","5,27 €/Kg"
Kit Limpeza Animal Edição Limitada,Swiffer,Mopa + Espanador,"1,79 €","2,39 €/L"
Farinha de trigo integral,Cemporcent,Embalagem de 500g,"1,89 €","12,60 €/Kg"
Rojões,Porco,1 un = 250 gr  (aprox.),"4,89 €","4,89 €/Kg"
Comida húmida para gato seleção de aves,Gourmet mp,Embalagem de 300g,"3,59 €","2,99 €/Kg"
Tira Nódoas em Gel Cores,Skip,1.6 l,"10,99 €","52,33 €/Kg"
Sortido bolacha princesa,Vieira,Embalagem de 400g,"3,74 €","9,35 €/Kg"
Lixívia Spray Mousse Flor,Neoblanc,Embalagem de 700ml,"2,59 €","1,30 €/L"
Leite UHT Meio Gordo,Gresso,Embalagem de 1 l,"0,81 €","0,81 €/L"
Lixívia Spray Mousse,Neoblanc,Embalagem de 700ml,"2,59 €","1,30 €/L"
Chá de menta e eucalipto,Lipton,20 saquetas,"58,00 €/Kg","58,00 €/Kg"
Creme de coentros sem batata,PorSi,Embalagem de 400 g,"1,99 €","2,49 €/Kg"
"Jogo ""Quem é quem?""",Hasbro,1 unidade,"9,99 €/Unidade","9,99 €/Unidade"
Desodorizante de pés em spray,Protex,Embalagem de 150 ml,"5,59 €","37,27 €/L"
"Bolachas aperitivas, simples",Tuc,Embalagem de 100g,"2,82 €","9,40 €/Kg"
Tapa fugas,Redex,Embalagem de 250 ml,"14,99 €","14,99 €/L"
Pimento Verde,Legumes do Dia,1 un = 250 gr  (aprox.),"0,75 €","2,99 €/Kg"
Spray renova camurça incolor,PorSi,Embalagem de 200 ml,"2,89 €","14,45 €/L"
Pasta de dentes max white expert white,Colgate,Embalagem de 75 ml,"2,29 €","38,17 €/L"
Amaciador concentrado talco,PorSi,80 doses,"3,74 €","0,96 €/L"
Asas,Peru,1 un = 500 gr (aprox.),"2,32 €","5,80 €/Kg"
Massas alimentícias laços,PorSi,Embalagem de 500g,"0,89 €","1,78 €/Kg"
Iogurte Pedaços Kiwi 0% Matéria Gorda/Açúcares,Danone,4 x 120 g,"4,15 €/Kg","4,15 €/Kg"
Gelatina pronta a comer morango,Royal,Embalagem de 4 x 100 g,"0,85 €","2,13 €/Kg"
Recarga Ambientador Automático Sparkling Citrus,PorSi,Embalagem de 250 ml,"11,98 €","11,98 €/Unidade"
Queijo de cabra curado,Seia,Embalagem de 430g,"1,89 €","10,50 €/Kg"
Fermento em po 4x25g,PorSi,Embalagem de 100g,"1,59 €","19,39 €/Kg"
Óleo p/ Moto Performa M2T,Galp,Embalagem de 1 l,"14,99 €","14,99 €/L"
Tostas dietéticas,Diatosta,Embalagem de 225 g,"1,34 €","5,96 €/Kg"
Crescido,Bacalhau da Noruega,1 un = 1.5 kg (aprox.),"8,73 €/Kg","8,73 €/Kg"
Seitan,Veg In,Embalagem de 250g,"1,29 €","1,29 €/L"
Tamaras,PorSi,Embalagem de 200g,"0,79 €","3,95 €/Kg"
Cerveja com álcool,Kings Bräu,"Embalagem de 0,33 l","1,99 €/L","1,99 €/L"
Azeitona Maçanilha inteira,PorSi,Vendido ao peso a partir de 500 g,"0,35 €","3,49 €/Kg"
Irish whiskey original,Bushmills,Garrafa de 700 ml,"23,49 €","23,49 €/L"
"Bebidas leite, caramelo machiatto",STARBUCKS,Embalagem de 220 ml,"2,15 €","9,77 €/L"
"Queijo em fatias, -50% gordura",Limiano,Embalagem de 200g,"1,56 €","7,80 €/Kg"
Caldeirada de bacalhau,PorSi,Embalagem de 1 kg,"6,39 €","7,99 €/Kg"
Creme para calçado incolor,PorSi,50 ml,"0,99 €","19,80 €/L"
Leite condensado,PorSi,Lata de 1 kg,"1,09 €","2,75 €/Kg"
Espetadas de Peru,Peru,1 un = 150 gr (aprox.),"2,32 €","5,80 €/Kg"
Spray calcário e sujidade,Cillitbang,Garrafa de 500 ml,"1,19 €","0,79 €/L"
"Aditivo líquido para máquina  de lavar roupa, oxy5",X-TRA,"Embalagem de 1,2 l","29,99 €","7,06 €/L"
Tosta integral de alfarroba,Cemporcent,Embalagem de 250g,"1,34 €","5,96 €/Kg"
Laca fixação forte,Elnett,Embalagem de 75 ml,"3,99 €","53,20 €/L"
"Jogo ""De Pernas para o Ar""",Concentra,1 unidade,"9,99 €/Unidade","9,99 €/Unidade"
Bolacha cookie sensations choco,Milka,Embalagem de 160g,"0,90 €","6,00 €/Kg"
Papa infantil não láctea bolacha maria +6 meses,Cerelac,Embalagem de 250g,"4,49 €","4,49 €/Kg"
Achocolatado intenso 40% cacau,Nestle,Embalagem de 330g,"8,59 €/Kg","8,59 €/Kg"
Néctar vital equilibrio laranja/cenoura/manga,Compal,Embalagem de 1 l,"0,99 €","0,99 €/L"
Sumo 100% fresh maçã,Compal,Garrafa de 330 ml,"1,09 €","0,73 €/L"
Pilhas Alcalinas AAA Optimum,Duracell,Blister 8 Pilhas,"1,99 €","1,99 €/Unidade"
Ambientador spray pure colónia de bebé,PorSi,250 ml,"0,99 €","3,30 €/L"
Recargas ambientador elétrico relaxing zen,Glade,Embalagem de 2 x 20 ml,"11,98 €","11,98 €/Unidade"
Água sem gás,PorSi,Garrafa de 1.5 l,"1,04 €","0,17 €/L"
Sobremesa danette duplo baunilha e caramelo,Danone,Embalagem de 4 x 125 g,"0,99 €","1,65 €/Kg"
Detergente Máquina Roupa Liquido Bebé,PorSi,50 doses,"3,55 €","2,37 €/L"
Bolachas água e sal doces,Vieira,Embalagem de 170g,"0,98 €","3,27 €/Kg"
Vinho DOC Bairrada Branco,Marquês de Marialva,Garrafa de 0.75 l,"2,49 €","3,32 €/L"
Banana,Fruta do Dia,1 un = 200 gr (aprox.),"0,22 €","1,09 €/Kg"
Biscoitos integrais sementes de agave,PorSi Viva Bem,Embalagem de 150g,"0,69 €","3,45 €/Kg"
Ambientador Arbre Cocktail de Frutos,Arbre Magique,3 unidade,"2,89 €","2,89 €/Unidade"
Queijo meio gordo,D. Pedro,Vendido ao peso a partir de 250 gr,"2,42 €","9,69 €/Kg"
Vinagre balsâmico modena,Gallo,Garrafa de 500 ml,"0,35 €","0,70 €/L"
Iogurte líquido morango,PorSi,Embalagem de 4 x 160 g,"1,17 €","1,83 €/Kg"
"Refeição pronta, boião de legumes e vitela",Bledina,Embalagem de 200g,"1,89 €","9,95 €/Kg"
Mousse crocante baunilha,A leiteira,Embalagem 4 x 57 g,"0,99 €","1,65 €/Kg"
Aguardente velhíssima,Caves Bonifácio,Garrafa de 0.70 l,"12,79 €","18,27 €/L"
"Luvas multiusos relevo antiderrapante, tamanho médio",PorSi,Embalagem de 1 unidades,"4,29 €","4,29 €/Unidade"
Tablete de chocolate de culinária - sem açúcar,PorSi Viva Bem,Embalagem de 100 g,"1,04 €","8,32 €/Kg"
Lixívia densa +,Neoblanc,Embalagem de 1 l,"1,74 €","0,35 €/L"
Napolitanas creme cacau,PorSi,Embalagem de 320g,"1,77 €","5,53 €/Kg"
Café moagem universal brasil,Delta,Embalagem de 220g,"3,49 €","13,96 €/Kg"
Mini tostas de trigo,Diatosta,Embalagem de 350 g,"2,39 €","6,83 €/Kg"
Jenga,Mitama,1 unidade,"17,99 €/Unidade","17,99 €/Unidade"
Queijo de Ovelha/Cabra Curado,Seia,1 un = 475 g (aprox.),"15,96 €/Kg","15,96 €/Kg"
"Pilha alcalina, hightech lr6X8",Domédia,1 unidade,"1,99 €","1,99 €/Unidade"
Bombons de Chocolate Leite,Merci,Embalagem de 250 g,"2,99 €","29,90 €/Kg"
Pão de forma sem côdea 9 cereais,Panrico,Embalagem de 480g,"0,99 €","1,65 €/Kg"
Lambrusco bianco,*,Garrafa de 750 ml,"2,09 €","2,79 €/L"
Comida húmida para cão almôndegas,PorSi,Embalagem de 1200 g,"0,75 €","2,50 €/Kg"
Sacos higiénicos para animal,Canaillou,4 x 20 unidades,"1,19 €","0,24 €/Kg"
Couve Roxa,Programa Origens,1 un = 1 kg (aprox.),"1,20 €","2,99 €/Kg"
Grão de bico,PorSi,embalagem de 500 g,"0,99 €","1,98 €/Kg"
Mini tostas trigo super finas,PorSi,Embalagem de 100 g,"2,39 €","6,83 €/Kg"
Lixívia densa verde,Neoblanc,Embalagem de 1 l,"1,74 €","0,35 €/L"
Bebida Energética Red Grape,Hell,250 ml,"5,39 €","5,39 €/L"
Vodka,ON/OFF,Garrafa 0.70L,"19,79 €","19,79 €/L"
Infusão de camomila,Tetley,Embalagem de 10g,"1,14 €","114,00 €/Kg"
Manteiga s/ lactose,Primor,Embalagem de 130g,"1,69 €","6,76 €/Kg"
Rebuçado recheio morango,PorSi,Embalagem de 250g,"1,00 €","5,00 €/Kg"
Inseticida líquido elétrico recarga,Raid,Pack 3 x 27 ml,"7,69 €","7,69 €/Unidade"
Requeijão Cabra,Saloio,170 g,"1,09 €","5,45 €/Kg"
Sortido,Cuetara,Embalagem de 210g,"3,74 €","9,35 €/Kg"
Tostas integrais,Diatosta,Embalagem de 225 g,"2,39 €","6,83 €/Kg"
Salsichas em lata,PorSi,Embalagem  de 120 g,"0,75 €","3,75 €/Kg"
Gelatina light de morango,Condi,Embalagem de 2x15g,"0,55 €","61,11 €/Kg"
Toalhitas Bebé Pure Extra Care,Huggies,Embalagem com 3 x 56 unidades,"0,90 €","0,90 €/Unidade"
"Chocolate m&m s, amendoim",M&m' s,Embalagem de 45 g,"11,98 €/Kg","11,98 €/Kg"
Bolachas maria,Triunfo,Embalagem de 200g,"1,69 €","2,11 €/Kg"
Queijo gouda fatias 0% lactose,PorSi Viva Bem,Embalagem de 150g,"2,39 €","19,92 €/Kg"
Detergente em gel máquina lavar roupa universal,Persil,85 doses,"29,99 €","7,06 €/L"
Água sem gás,PorSi,Garrafão de 6 l,"1,04 €","0,17 €/L"
Porto 10 anos,Valadao,Garrafa de 750 ml,"10,99 €","14,65 €/L"
Recargas de esfregão com cabo,Fino,embalagem com 3 un.,"2,54 €","2,54 €/Unidade"
Chá preto com aroma natural e vitamina C,Lipton,Embalagem de 40g,"1,69 €","56,33 €/Kg"
Água s/ gás,Luso,"Garrafa de 0,75 l","1,04 €","0,17 €/L"
Bolachas chiquilin,Artiach,Embalagem de 180g,"1,69 €","6,76 €/Kg"
Muesli 3 chocolates,PorSi,500 g,"2,28 €","4,56 €/Kg"
Cerveja com álcool,Sagres,Garrafa de 1 l,"1,99 €/L","1,99 €/L"
Flocos de cereais com mel,PorSi,Embalagem de 750g,"2,19 €","8,76 €/Kg"
Panos Esponja,Fino,3 unidades,"1,79 €","1,79 €/Unidade"
"Líquido refrigerante, verde 10%",PorSi,Embalagem de 5 l,"3,99 €","0,80 €/L"
Pilha Alcalina Ultra LR61 9V,Duracell,,"1,99 €","1,99 €/Unidade"
Gel de Banho Corpo e Cabelo Hidratante,Baby Dove,Embalagem de 400 ml,"4,39 €","21,95 €/L"
Café espresso descafeinado intensidade 6,PorSi,16 cápsulas,"1,59 €","6,36 €/Kg"
Compal da horta concentrado tomate,Compal,Embalagem de 140g,"3,84 €","24,00 €/Kg"
Gel de Banho Shea Butter & Vanilla,Dove,Embalagem de 750 ml,"6,49 €","8,65 €/L"
Lambrusco rose,*,Garrafa de 750 ml,"2,29 €","3,05 €/L"
Fruta para bebé maçã banana morango +8 meses,Nestle,Embalagem de 90g,"0,74 €","8,22 €/Kg"
Desinfetante Multiusos,Sanytol,Embalagem de 750 ml,"4,89 €","6,52 €/L"
Vinho verde branco,Presidente,Garrafa de 0.75 l,"3,09 €","3,09 €/L"
Toalhitas para bebé melão,PorSi,Embalagem de 60 unidades,"0,90 €","0,90 €/Unidade"
Rolo tira pelos 12 folhas,PorSi,1 unidade,"1,09 €","1,09 €/Unidade"
Leite com chocolate original,Ucal,Embalagem de 6 x 250 ml,"0,26 €","1,30 €/L"
"Agrafos nº24/6, 2000 unidades",Maped,Uma embalagem,"1,69 €","1,69 €/Unidade"
Sidra maçã,Somersby,pack 4 x 0.33 l,"1,59 €","3,18 €/L"
Gel Banho Care&Orange,Nivea,Embalagem de 500 ml,"6,49 €","8,65 €/L"
Tira verniz,Labell,Embalagem de 200 ml,"1,03 €","10,30 €/L"
Entrecosto,Porco,Vendido ao peso a partir de 1 kg,"4,89 €","4,89 €/Kg"
Modulus recon,Nerf,1 unidade,"17,99 €/Unidade","17,99 €/Unidade"
Gelados mini colosse mini mix,PorSi,Embalagem com 8 unidades,"5,99 €","16,64 €/L"
Recarga ambientador elétrico delícias de verão,Air Wick,Embalagem de 1 unidades,"11,98 €","11,98 €/Unidade"
Senses Tropical,Trident,1 un.,"0,89 €","59,33 €/Kg"
Smint 2H intense mint,Smint,Embalagem de 35g,"1,00 €","5,00 €/Kg"
Creme abrasivo ativo c/ lixívia,Cif,Garrafa de 700 ml,"0,99 €","1,32 €/L"
Sopa Creme de Marisco,PorSi,Embalagem de 80 g,"0,84 €","13,55 €/Kg"
Iogurte liquido infantil morango,PorSi,Embalagem de 6 x 94 ml,"1,17 €","1,83 €/Kg"
Manga Avião,Fruta do Dia,1 un=500 gr (aprox.),"2,29 €/Kg","2,29 €/Kg"
Cebola Amarela,Nossa seleção,1 un = 500 gr (aprox.),"0,89 €/Kg","0,89 €/Kg"
Preparo para bolo de chocolate,Branca de Neve,Embalagem de 450g,"0,79 €","5,27 €/Kg"
Salsichas Frankfurt em lata,Izidoro,Embalagem de 250g,"0,75 €","3,75 €/Kg"
Tarteletes com recheio avelã,PorSi,Embalagem de 91g,"2,15 €","2,87 €/Kg"
Vinho verde branco,Torre de menagem,"Garrafa de 0,75 l","3,09 €","3,09 €/L"
Saca-rolhas premium,PorSi,Embalagem de 1 unidades,"4,99 €","4,99 €/Unidade"
Sumo essencial kids,Compal,pack 3 x 0.11 l,"2,09 €","6,33 €/L"
Filetes primavera alho & ervas,Iglo,Embalagem de 230g,"1,79 €","7,16 €/Kg"
Linhaça dourada moída,Cemporcent,Embalagem de 200g,"1,89 €","12,60 €/Kg"
"Creme de depilação duche, peles normais",Veet,Garrafa de 150 ml,"10,99 €","73,27 €/L"
Cevada solúvel,PorSi,Embalagem de 200g,"1,64 €","6,56 €/Kg"
"Alimento seco para gato junior, galinha",Whiskas,Embalagem de 350g,"12,99 €","4,33 €/Kg"
Salsichas extra suculentas de peru,Nobre,Frasco de 210g,"0,75 €","3,75 €/Kg"
Lima-limao zero,PorSi,Garrafa de 1.5 l,"0,79 €","0,40 €/L"
Gel Lubrificante natural play,Durex,Embalagem de 50 ml,"4,49 €","4,49 €/Unidade"
Coleira repelente para gatos,Repul' 7,Embalagem de 1 unidades,"8,75 €","8,75 €/Unidade"
Recarga inseticida eléctrico líquido anti melgas e m...,Raid,60 noites,"7,69 €","7,69 €/Unidade"
"Bebida açucarada  tinto de verão, clássico",Sandevid,"Garrafa de 1,5 l","2,39 €","1,59 €/L"
Mini tosta trigo,Diatosta,Embalagem de 90 g,"2,39 €","6,83 €/Kg"
Cajus tostados no forno,Matutano,Embalagem de 90g,"0,79 €","7,90 €/Kg"
Pão da Avó 90 g,Pão do Dia,,"0,19 €","2,38 €/Kg"
Leite em pó continuação 2 pro alfa,Nutriben,Embalagem de 800g,"20,99 €","26,24 €/Kg"
Conjunto de futebol,Dunlop,2 balizas e acessórios,"17,99 €/Unidade","17,99 €/Unidade"
18 hamburguers de frango s/ glúten,Capitão Iglo,Embalagem de 1 kg,"11,44 €/Kg","11,44 €/Kg"
20 saquetas chá de pêssego manga,Lipton,Embalagem de 40g,"58,00 €/Kg","58,00 €/Kg"
Pão ralado alho e salsa,PorSi,Embalagem de 240 g,"0,55 €","2,29 €/Kg"
Creme de Barrar com Sabor a Manteiga,Becel,Embalagem de 400g,"1,39 €","6,95 €/L"
Vinho do porto white,Cruz,Garrafa de 750 ml,"11,99 €","15,99 €/L"
Bambolitos brancos,PorSi,Embalagem de 150g,"0,79 €","5,27 €/Kg"
Barras fitness com morango,Nestle,Embalagem de 140g,"3,45 €","26,74 €/Kg"
Rebuçados de mentol,Sweet flav,Embalagem de 250 g,"0,77 €","3,85 €/Kg"
Néctar tutti-fruti,Compal,Pack 3 x 200 ml,"0,99 €","0,99 €/L"
Bolachas maria,PorSi,Embalagem de 800g,"1,69 €","2,11 €/Kg"
Óleo aloé vera,Johnson's Baby,Embalagem de 300 ml,"4,39 €","21,95 €/L"
Bife da Pá,Novilho,Vendido ao peso a partir de 800 g,"2,62 €","10,49 €/Kg"
Gelatina pronta a comer light 10 kcal ananás,Royal,Embalagem de 4 x 100 g,"0,85 €","2,13 €/Kg"
Queijo em fatias original,Casteloes,Embalagem de 200g,"1,56 €","7,80 €/Kg"
Bife de atum,PorSi,Embalagem de 400 g,"4,39 €","10,98 €/Kg"
Alimento lácteo sem açucar com sabor a pêssego/banan...,Yogolino,Embalagem de 4 x 100 gr,"2,89 €","7,23 €/Kg"
Vinho maduro tinto,C.da eira,Garrafa de 250 ml,"0,85 €","0,85 €/L"
Peito de peru extra original fatias finas,Nobre,Embalagem de 110g,"2,25 €","11,25 €/Kg"
Manteiga magra baixo teor sal,President,Embalagem de 250g,"1,69 €","6,76 €/Kg"
Gelatina light de frutos vermelhos,Condi,Embalagem de 2x15g,"0,55 €","61,11 €/Kg"
Snack bio base de milho e aveia c/ amendoim,Gerber,Embalagem de 35g,"1,89 €","9,95 €/Kg"
Moelas,Frango,1 un = 200 gr (aprox.),"0,50 €","4,99 €/Kg"
"Espuma cabelo, hidra caracóis",Fru style,Embalagem de 200 ml,"3,99 €","53,20 €/L"
Bastão de Cola,Domédia,10 g,"2,19 €","109,50 €/L"
Tampão proteção de confiança,O.B.,1 Embalagem c/32 unidades,"3,99 €","3,99 €/Unidade"
Planta cozinha,Planta,Embalagem de 500g,"1,39 €","6,95 €/L"
Puzzle Spiderman,Clementoni,2 x 60 peças,"9,99 €/Unidade","9,99 €/Unidade"
Pão Forno Pedra Centeio,Garcia & Filhos,1 un = 400 g (aprox.),"0,19 €","2,38 €/Kg"
Napolitas creme baunilha,PorSi,Embalagem de 320g,"2,05 €","5,13 €/Kg"
Caldo de galinha 16 cubos,Knorr,Embalagem de 160g,"3,84 €","24,00 €/Kg"
Courgette Categoria II,Legumes do Dia,,"0,75 €","2,49 €/Kg"
Tablete de chocolate oreo,Milka,Embalagem de 300g,"0,53 €","5,30 €/Kg"
Pão de Ló Húmido Simples,Pastelaria do Dia,500g,"8,99 €","11,24 €/Kg"
Gelado carte d'or tarte limão merengue,Olá,Embalagem de 900 ml,"2,62 €","2,62 €/L"
Detergente Manual p/ Lavar Roupa Regular,Gama,Embalagem de 510 g,"1,09 €","2,73 €/Kg"
Ultra AMP,Nerf,1 un.,"17,99 €/Unidade","17,99 €/Unidade"
Nerf Elite Commander,Nerf,1 un.,"17,99 €/Unidade","17,99 €/Unidade"
Jogo Joker Kids,Clementoni,1 un.,"9,99 €/Unidade","9,99 €/Unidade"
Polpa de maracuja,PorSi,Embalagem de 565g,"1,99 €","2,37 €/Kg"
Pasta de Arquivo Marmoreada S/ Caixa,Domédia,1 un.,"1,69 €","1,69 €/Unidade"
"Aperitivos, amendoins no forno",Matutano,Embalagem de 200g,"0,79 €","7,90 €/Kg"
Gel Banho Apollo,Axe,Embalagem de 400 ml,"5,99 €","14,98 €/L"
Pensos Higiênicos com Abas Super,Ausonia,embalagem com 12 un.,"4,99 €","4,99 €/Unidade"
Cereais fitness chocolate preto,Nestle,Embalagem de 375g,"3,45 €","26,74 €/Kg"
Clara liquida pasteurizado,Dovo,Embalagem de 320 ml,"2,19 €","2,19 €/Unidade"
Refrigerante sem gás de manga/laran,Joi,"Garrafa de 1,5 l","1,14 €","0,76 €/L"
Nectar vital equilibrio ananás/coco,Compal,Embalagem de 1 l,"0,99 €","0,99 €/L"
Gelatina frutos tropicais  10kcal,Royal,Embalagem de 30g,"0,55 €","61,11 €/Kg"
Carne Cozer s/ Osso,Novilho,1 un = 500 gr (aprox.),"2,62 €","10,49 €/Kg"
Flan sabor a baunilha com caramelo,PorSi,Embalagem de 6 x 100 g,"0,99 €","1,65 €/Kg"
Azeite virgem extra bio frutado,Gallo,Garrafa de 750 ml,"3,19 €","4,25 €/L"
Manteiga sem sal,Primor,Embalagem de 250g,"1,69 €","6,76 €/Kg"
Bacalhau com broa,PorSi Select,350 g,"1,79 €","7,16 €/Kg"
Anel de Banho Azul Esmeralda,Tigex,1 un.,"24,99 €","24,99 €/Unidade"
Pano multiusos felpo,PorSi,1 unidade,"1,79 €","1,79 €/Unidade"
Compota frutos vermelhos 60% fruta,Cemporcent,Embalagem de 280g,"3,99 €","7,98 €/Kg"
Collant mousse muskade 20D,PorSi,Tamanho: m,"1,89 €","1,89 €/Unidade"
Moscatel do douro aperitivo,Favaito,pack: 10 x 55 ml,"5,99 €","7,99 €/L"
"Jogo ""Quem é quem?""",Hasbro,1 unidade,"17,99 €/Unidade","17,99 €/Unidade"
Termo ultra dreno-volume,PLANTANATU,Garrafa de 500 ml,"10,79 €","21,58 €/L"
Paprika,PorSi,Saqueta com 50 g,"0,25 €","0,25 €/Kg"
Farinha nao láctea bolacha maria,PorSi,Embalagem de 250g,"4,49 €","4,49 €/Kg"
Sobremesa láctea com chocolate e drageias de chocola...,Páturages,Embalagem de 4X120 g,"1,49 €","3,73 €/Kg"
Estúdio de tatuagens,Cool Maker,1 unidade,"17,99 €/Unidade","17,99 €/Unidade"
Bolacha Maria Integral,PorSi,Embalagem de 600g,"0,98 €","3,27 €/Kg"
Chá verde,PorSi,Embalagem de 37.5 g,"1,14 €","114,00 €/Kg"
"Shampoo, laranja",PorSi,Embalagem de 1 l,"3,99 €","0,80 €/L"
Bolachas crackers c/ sal,Du bois,Embalagem de 500g,"0,39 €","3,12 €/Kg"
Vinho branco monbazillac  2012,Expertclub,Garrafa de 750 ml,"2,09 €","2,79 €/L"
Queijo Feta Grego,PorSi Select,Embalagem de 200 g,"1,99 €","9,95 €/Kg"
Nata uht,Mimosa,embalagem de 200 ml,"0,75 €","3,75 €/L"
Sidra maçãs ácidas,Bandida do Pomar,lata de 0.5 l,"1,59 €","3,18 €/L"
Licor de anis,Xarao,Garrafa de 700 ml,"16,99 €","24,27 €/L"
Tomate Cacho,Legumes do Dia,1 un = 200 gr (aprox.),"0,87 €","3,49 €/Kg"
Bolachas de aveia e trigo integral,PorSi Viva Bem,Embalagem de 240g,"2,82 €","9,40 €/Kg"
Rum spiced,Bacardi,Garrafa de 700 ml,"17,49 €","24,99 €/L"
Amaciador roupa concentrado violetas do bosque,Quanto,132 doses,"3,74 €","0,96 €/L"
Espuma Irresistível Volume,Tresemmé,Embalagem de 200 ml,"3,99 €","53,20 €/L"
Mix de sementes tradicional,Cemporcent,Embalagem de 250g,"1,94 €","3,88 €/Kg"
Feijão preto,PorSi,Embalagem de 500g,"2,78 €/Kg","2,78 €/Kg"
Escova de Dentes Flex Interdental,Aquafresh,2 + 1 unidades,"3,49 €","3,49 €/Unidade"
Comida húmida para gato com frango/vaca,Purina One,Embalagem de 340g,"3,59 €","2,99 €/Kg"
10 nuggets peito de frango e queijo,Capitão Iglo,Embalagem de 210g,"2,79 €","8,72 €/Kg"
Piscina infantil,Bestway,Dim.: 152 x 38 cm,"2,99 €","2,99 €/Unidade"
Tortitas de milho sem glúten,Bicentury,Embalagem de 130 g,"2,69 €","20,69 €/Kg"
Inteiro/Metades,Cabrito,"1/2 un = 2.5 kg, 1 un = 5 kg (aprox.)","34,98 €","13,99 €/Kg"
Batata frita com sal,Ruffles,Embalagem de 90g,"1,06 €","5,73 €/Kg"
Orégãos vaso aromáticas vivas,Aroma viva,Embalagem de 1 unidades,"0,99 €","19,80 €/Kg"
Bebida energética,Red Bull,Pack 4 x 0.25 l,"5,39 €","5,39 €/L"
Bife da Vazia,Novilho,Vendido ao peso a partir de 800 g,"2,62 €","10,49 €/Kg"
Bolacha maria de chocolate,Cuetara,Embalagem de 265g,"1,69 €","2,11 €/Kg"
Bacalhau em lombos,PorSi,Embalagem de 800g,"6,39 €","7,99 €/Kg"
Ambientador elétrico + recarga alfazema,PorSi,1 unidade,"3,74 €","3,74 €/Unidade"
Jogo Operação,Hasbro,1 unidade,"17,99 €/Unidade","17,99 €/Unidade"
Crepe de ovo,PorSi,Embalagem de 540 g,"2,49 €","7,55 €/Kg"
Queijo Flamengo Bola,Limiano,1 un = 250 gr  (aprox.),"1,56 €","7,80 €/Kg"
Anatomia surpreendente,Clementoni,1 unidade,"9,99 €/Unidade","9,99 €/Unidade"
Pão forma familiar normal,Bimbo,embalagem de 700 g,"0,99 €","1,65 €/Kg"
"Absorvedores de odores, relax zen",Brise,Embalagem de 2x150g,"16,63 €/L","16,63 €/L"
Salva os Oceanos,Science4You,1 unidade,"9,99 €/Unidade","9,99 €/Unidade"
Emulsão p/ higiene intima sensitive,Dystron,Embalagem com 200 ml,"4,59 €","22,95 €/L"
Leite uht magro,PorSi,Embalagem de 1 litro,"0,81 €","0,81 €/L"
Infusão lúcia lima,PorSi,Embalagem de 35 g,"0,89 €","68,46 €/Kg"
Leite s/ lactose meio gordo,Mimosa,Garrafa de 1 l,"1,29 €","1,29 €/L"
Cappucino go chill com aveia biológica,Delta,Embalagem de 230 ml,"3,19 €","25,52 €/Kg"
Salsa folhas,PorSi,Saqueta de 12 g,"0,25 €","0,25 €/Kg"
Cappuccino intenso,Nescafe,Embalagem de 130g,"3,19 €","25,52 €/Kg"
"Gel para o cabelo, wet shine",Fru style,Embalagem de 200 ml,"3,99 €","53,20 €/L"
Colchão Insuflável p/2 Pessoas,Bestway,1 un.,"0,99 €","0,99 €/Unidade"
Toalha em rolo papel azul,PorSi,1 Unidade,"13,99 €","13,99 €/Unidade"
Batata pré-frita mediterranean,MCCAIN,Embalagem de 750g,"1,39 €","1,39 €/Kg"
Whisky,J&B,Garrafa de 700 ml,"23,49 €","23,49 €/L"
Preparado de bolo de mármore,PorSi,528 g,"1,69 €","8,45 €/L"
Refrigerante com gás free,Seven-up,"Garrafa de 1,25 l","0,79 €","0,40 €/L"
Amaciador G. Maravilhosa,Ultra Suave,Embalagem de 400 ml,"1,00 €","5,00 €/L"
Pasta de atum,Fides,Embalagem de 90g,"1,19 €","13,52 €/Kg"
Gelatina morango 10kcal,Royal,Embalagem de 30g,"0,55 €","61,11 €/Kg"
"Amaciador de roupa, pure",Comfort,Garrafa de 4 l,"8,99 €","2,25 €/L"
Snack para gato anti-hairball,Whiskas,Embalagem de 60g,"0,99 €","16,50 €/Kg"
Sidra maçã,Somersby,"Pack 15x0,20 L","1,59 €","3,18 €/L"
Gomas favoritos classic,Haribo,Embalagem de 90g,"1,19 €","3,97 €/Kg"
Penso Higiénico Ultrafinos Normal Abas,PorSi,16 unidades,"4,99 €","4,99 €/Unidade"
Nabo Roxo sem Rama,Legumes do Dia,1 un = 200 gr (aprox.),"1,20 €","2,99 €/Kg"
Sal de mesa,PorSi,Embalagem de 250 g,"0,25 €","0,25 €/Kg"
Filete de anchovas estendidas,General,Embalagem de 40g,"0,89 €","7,42 €/Kg"
Mini tostas integrais,PorSi,Embalagem de 180g,"2,39 €","6,83 €/Kg"
Pão gémeos,*,250 g,"0,19 €","2,38 €/Kg"
16 mini croquetes de carne,PorSi,Embalagem de 290 g,"1,79 €","7,16 €/Kg"
Spray tira gorduras,PorSi,Embalagem de 750 ml,"1,29 €","1,72 €/L"
Óleo Cedro Líquido,PorSi,Embalagem de 200 ml,"1,39 €","1,26 €/L"
Nerf Stegosmash,Nerf,1 un.,"17,99 €/Unidade","17,99 €/Unidade"
Napolitanas creme cacau,PorSi,Embalagem de 320g,"2,05 €","5,13 €/Kg"
Cereais argolas de mel,PorSi,Embalagem de 375 g,"5,07 €/Kg","5,07 €/Kg"
Iogurte tipo grego stracciatella,PorSi,Embalagem de 500g,"1,49 €","2,98 €/Kg"
Moinho pimenta preta em grão,PorSi,Frasco com 45 g,"0,25 €","0,25 €/Kg"
5 manhãzitos,Bollycao,Embalagem com 175 g,"2,05 €","5,13 €/Kg"
Gelado fizz limão,Olá,Embalagem de 6 x 60 ml,"5,99 €","16,64 €/L"
Tofu biológico,PorSi Bio,Embalagem de 300g,"1,29 €","1,29 €/L"
Creme depilatório para peles normais,Labell,Embalagem de 200 ml,"10,99 €","73,27 €/L"
Lixívia tradicional,PorSi,Embalagem de 1 l,"1,74 €","0,35 €/L"
Whisky Malt c/ Tubo,Glen Crinan,Garrafa de 0.70 l,"23,49 €","23,49 €/L"
20 saquetas infusão de lúcia lima,Lipton,Embalagem de 30g,"1,14 €","114,00 €/Kg"
Tosta trigo,Diatosta,Embalagem de 510 g,"2,39 €","6,83 €/Kg"
Leite Bem Essencial cereais,Mimosa,Embalagem de 4 x 200 ml,"2,15 €","9,77 €/L"
Cereais chocapic,Nestle,Embalagem de 630g,"5,07 €/Kg","5,07 €/Kg"
Bolacha de aveia e laranja sem glúten,Gullon,Embalagem de 180 g,"2,69 €","20,69 €/Kg"
Cream cracker 200g,JACOB'S,Embalagem de 200g,"0,39 €","3,12 €/Kg"
Sumo 100% maçã,PorSi,"Embalagem de 1,5 l","1,09 €","0,73 €/L"
Fósforos longos,Quinas,Embalagem com 3 unidades,"1,50 €","1,50 €/Unidade"
Tortitas de Arroz com Chocolate Negro,Bicentury,Embalagem de 130g,"1,45 €","11,15 €/Kg"
Vodka red,Smirnoff,Garrafa de 1 l,"19,79 €","19,79 €/L"
"Agrafos nº24/6, 2000 unidades",Maped,Uma embalagem,"2,49 €","2,49 €/Unidade"
Massa de pontinha grossa,Nacional,Embalagem de 250g,"0,89 €","1,78 €/Kg"
Papel Higiénico Puríssimo 3 Folhas,Renova,Embalagem c/ 12 rolos,"1,99 €","1,99 €/Unidade"
Tablete de chocolate caramel peanut,Milka,Embalagem de 280g,"0,65 €","6,50 €/Kg"
Copos para caipirinha 200 ml,Aj simoes,Embalagem com 12 unidades,"0,54 €","0,54 €/Unidade"
Doce de morango 60% fruta,Cemporcent,Embalagem de 280g,"3,99 €","7,98 €/Kg"
Xarope grenadine,Paquito,Garrafa de 750 ml,"3,69 €","4,92 €/L"
Creme p/ Calçado Preto,Búfalo,Embalagem de 40 ml,"0,99 €","19,80 €/L"
Água com gás,Vimeiro,pack 6 x 0.25 l,"2,85 €","2,85 €/L"
Refrigerante de cola zero,PorSi,Garrafa de 2 l,"0,79 €","0,40 €/L"
Gelatina morango 8 kcal,PorSi,Embalagem de 4 x 100 g,"0,85 €","2,13 €/Kg"
Néctar de 8 frutos,Bongo,Garrafa de 1 l,"0,99 €","0,99 €/L"
Vinho branco península de setúbal,Pioneiro,Garrafa de 0.75 l,"5,99 €","7,99 €/L"
Feijão frade,Compal,Lata de 410 ml,"1,79 €","2,29 €/Kg"
Bolacha cream cracker,Vieira,Embalagem de 200g,"0,39 €","3,12 €/Kg"
Costeleta mista,Porco,1 un = 150 gr (aprox.),"4,89 €","4,89 €/Kg"
Rum carta blanca,Bacardi,Garrafa de 700 ml,"17,49 €","24,99 €/L"
Francesinha,PorSi,Embalagem de 450G,"3,53 €","8,83 €/Kg"
Ovos galinha solo m,PorSi,6 ovos,"1,39 €","1,39 €/Unidade"
Torresmos soltos,PorSi,Embalagem de 200 g,"1,05 €","6,99 €/Kg"
Bolacha chocomax mini,Nacional,Embalagem de 120 g,"0,90 €","6,00 €/Kg"
Ração seca para gato adulto de peixe,PorSi,Embalagem 2 kg,"12,99 €","4,33 €/Kg"
Vermute rosso,Martini,Garrafa de 1 l,"11,99 €","11,99 €/L"
Salsichão fat,Campofrio,Embalagem de 80g,"0,95 €","9,49 €/Kg"
Anti-traça Alimentos,Raid,2 + 1 unidades,"5,99 €","176,18 €/Kg"
Batata frita gourmet,PorSi,Embalagem de 150g,"1,06 €","5,73 €/Kg"
Mix de Batata Doce,*,1 kg,"0,89 €/Kg","0,89 €/Kg"
Pão de forma integral,Bimbo,Embalagem de 480 g,"0,99 €","1,65 €/Kg"
Sidra de maçã,Somersby,pack 6 x 0.2 l,"1,59 €","3,18 €/L"
"Limpa vidros pistola, tripla acção",Ajax,Embalagem de 500 ml,"3,19 €","6,38 €/L"
Vinho verde branco,Irreversível,Garrafa 0.75L,"3,09 €","3,09 €/L"
Açúcar amarelo,PorSi,Embalagem de 1 kg,"1,49 €","1,49 €/Kg"
Caffe latte go chill,Delta,230 ml,"3,19 €","25,52 €/Kg"
Marcadores para colorir,Domédia,embalagem com 18 unidades,"4,69 €","4,69 €/Unidade"
Vela em número nº5,PorSi,1 unidade,"0,60 €","0,60 €/Unidade"
Tentáculos pota,PorSi,Embalagem de 800G,"5,49 €","6,86 €/Kg"
"Rebuçados sem açúcar, mentho-lyus",Halls,Embalagem de 128 g,"0,77 €","3,85 €/Kg"
Chupa original,Chupachups,Embalagem de 120g,"3,40 €","28,33 €/Kg"
Creme de fixação para dentaduras,Labell,Embalagem de 50 g,"7,39 €","105,57 €/Kg"
"Pensos diários respirare, 44 unidades",Carefree,Uma embalagem,"1,79 €","1,79 €/Unidade"
"Refrigerante sem gás, laranja",FRESKY,"Embalagem de 4x0,20 l","1,14 €","0,76 €/L"
Néctar de pera,PorSi,Pack 3 x 200 ml,"0,99 €","0,99 €/L"
Desinfetante álcool gel,PorSi,100 ml,"0,99 €","1,98 €/L"
Cereais de cacau sem glúten,Schar,Embalagem de 250g,"2,99 €","7,97 €/Kg"
Trotinete Dragão,Baby Clementoni,1 unidade,"17,99 €/Unidade","17,99 €/Unidade"
Desumidificador com 3 recargas,HUMYDRY,250 g,"1,09 €","1,09 €/Unidade"
Agrafador + 400 agrafos,Domédia,Uma embalagem,"2,19 €","109,50 €/L"
Requeijão de ovelha,PorSi,Embalagem de 250g,"1,09 €","5,45 €/Kg"
"Alimento húmido para cão, galinha e cordeiro",Pedigree,Embalagem de 400g,"0,75 €","2,50 €/Kg"
Conjunto p/ Senhora,Rebel,EAU DE TOILETTE 50ML + BODY LOTION 75ML,"29,99 €","29,99 €/Unidade"
Lambrusco rose,*,Garrafa de 750 ml,"2,09 €","2,79 €/L"
Camarão cozido 30/40,PorSi,Embalagem de 500 g,"7,00 €","19,99 €/Kg"
Churritos,PorSi,Embalagem de 240g,"2,05 €","5,13 €/Kg"
Travessa com naperon 45x36cm,PorSi,1 unidade,"0,54 €","0,54 €/Unidade"
Bolacha wafer baunilha,PorSi,Embalagem de 180g,"0,98 €","4,67 €/Kg"
Nestum aveia e morango,Nestum,Embalagem de 250g,"2,19 €","8,76 €/Kg"
Bebida de Soja Chocolate,PorSi Viva Bem,Pack: 3 x 200 ml,"2,49 €","2,49 €/L"
6 empadas de galinha,PorSi,Embalagem de 330g,"1,79 €","7,16 €/Kg"
Amaciador roupa essencial azul,Comfort,56 doses,"3,74 €","0,96 €/L"
Bebida amêndoa,Shoyce,Embalagem de 1 litro,"0,99 €","0,99 €/L"
Pizza fresca de fiambre e queijo,PorSi,400 g,"0,99 €","4,30 €/Kg"
"Ração granulado, frangos (2fase)",Rac.zezere,Embalagem de 5 kg,"2,49 €","2,49 €/Kg"
Mala de Veterinária,Peppa Pig,,"17,99 €/Unidade","17,99 €/Unidade"
Queijo fatias -50% de gordura,Limiano,Embalagem de 400g,"1,56 €","7,80 €/Kg"
Bochechas,Porco,1 un = 150 gr (aprox.),"4,89 €","4,89 €/Kg"
Bebida energética green,Monster,Garrafa de 500 ml,"5,39 €","5,39 €/L"
Iogurte liquido stracciatella,PorSi,Embalagem de 4 x 160 g,"1,17 €","1,83 €/Kg"
Rolo de seitan com ervas,Cemporcent,Embalagem de 200g,"11,99 €","29,98 €/Kg"
Bandas de cera fria peles normais,Veet,Embalagem de 20 unidades,"6,99 €","6,99 €/Unidade"
Jogo Máquina da Verdade,IMC,1 unidade,"17,99 €/Unidade","17,99 €/Unidade"
Queijo Curado Meio Gordo,Fonte Mourisca,Vendido ao peso a partir de 250 gr,"2,42 €","9,69 €/Kg"
"Gel para o cabelo, pasta remix",Studio Line,Embalagem de 150 ml,"3,99 €","53,20 €/L"
Salada bacon,PorSi,Embalagem de 192 g,"2,35 €","5,60 €/Kg"
Inseticida baratas e formigas,Dum Dum,Embalagem de 400 ml,"5,09 €","8,48 €/L"
Alimento seco para cão raças pequenas,HappyOne,Embalagem de 2 kg,"22,99 €","1,15 €/Kg"
Maruca à posta,PorSi,262 g,"1,92 €","6,99 €/Kg"
Bolachas dinossauros dinoovos,Artiach,Embalagem de 140g,"1,89 €","15,75 €/Kg"
"Rolos de cozinha compactos, branco, máxima absorção,...",Renova,1 unidade,"4,99 €","4,99 €/Unidade"
Ananás em rodelas,PorSi,Embalagem de 565 g,"1,99 €","2,37 €/Kg"
Fraldas agility T5 de 13 a 18 kg,PorSi,44 unidades,"6,49 €","6,49 €/Unidade"
Mini Tostas de Trigo,PorSi,Embalagem de 350 g,"2,39 €","6,83 €/Kg"
Amaciador concentrado para a roupa essência fresh,PorSi,60 doses,"3,74 €","0,96 €/L"
Chá Aromatizado Pirâmide Baunilha/Caramelo,PorSi,20 x 2 g,"58,44 €/Kg","58,44 €/Kg"
Pensos proteção calos,PorSi,embalagem com 9 unidades,"2,86 €","2,86 €/Unidade"
15 barrinhas pescada,Pescanova,Embalagem de 450g,"9,30 €/Kg","9,30 €/Kg"
Lixivia perfumada,PorSi,Garrafa de 2 l,"1,74 €","0,35 €/L"
Vinho verde branco alvarinho,Contacto,Garrafa de 0.75 l,"3,09 €","3,09 €/L"
Pepitas chocolate com leite,Vahine,Embalagem de 100g,"1,29 €","3,23 €/Kg"
Iogurte líquido morango / framboesa corpos danone,Danone,Embalagem de 4 x 155 g,"1,17 €","1,83 €/Kg"
Azeite tradição,Oliveira da Serra,Embalagem 3L,"3,19 €","4,25 €/L"
Bolachas vitalday recheio iogurte c/ frutos vermelho...,Gullon,Embalagem de 220g,"1,45 €","11,15 €/Kg"
Limão,Programa Origens,1 un = 200 gr (aprox.),"0,25 €","2,49 €/Kg"
Copo AF. Principe 20Cl,Cristal,1 unidade,"1,49 €","1,49 €/Unidade"
Pudim de ovos,Fabridoce,Embalagem de 500 g,"0,59 €","29,50 €/Kg"
Massa de argolinhas,Nacional,Embalagem de 250g,"0,89 €","1,78 €/Kg"
Néctar pêssego,Compal,Pack 3 x 200 ml,"0,99 €","0,99 €/L"
Limpa máquinas de loiça limão,PorSi,Embalagem de 250 ml,"2,99 €","2,99 €/Unidade"
Massa esparguete,PorSi,Embalagem de 500g,"0,89 €","1,78 €/Kg"
Esparguete fino,Nacional,Embalagem de 500g,"0,89 €","1,78 €/Kg"
Tostas multicereais sem glúten,PorSi Viva Bem,Embalagem de 140g,"2,69 €","20,69 €/Kg"
Vinho tinto regional tejo reserva,Alorna,Garrafa de 0.75 l,"4,99 €","6,65 €/L"
Fósforos compridos para lareira,Quinas,1 unidade,"1,50 €","1,50 €/Unidade"
Insuflável lounge candy,Bestway,1 unidade,"2,99 €","2,99 €/Unidade"
Queijo grana padano D.O.P 16 meses de cura,PorSi Select,Embalagem de 180 g,"2,87 €","15,94 €/Kg"
Cuecas Incontinência Homem Active Fit M,Tena,9 unidades,"9,99 €","9,99 €/Unidade"
Café mistura peninsular,Delta,Embalagem de 250g,"1,64 €","6,56 €/Kg"
Refrigerante sem gás laranja,Trina,"Garrafa de 1,5 l","1,14 €","0,76 €/L"
Queijo creme flamengo,President,Embalagem de 125 g,"4,68 €","11,70 €/Kg"
Collant opac microfibra preto 60D,PorSi,Tamanho: l,"1,89 €","1,89 €/Unidade"
Pera Rocha 60/65,Programa Origens,1 un = 130 gr (aprox.),"1,69 €/Kg","1,69 €/Kg"
Super articulações,PLANTANATU,Embalagem de 1 unidades,"10,79 €","21,58 €/L"
Papel de alumínio,PorSi,50 metros,"1,11 €","1,11 €/Unidade"
Cenouras Programa Origens,PorSi,Embalagem de 1 kg,"0,79 €/Kg","0,79 €/Kg"
Farinha de centeio,Cemporcent,Embalagem de 500g,"1,89 €","12,60 €/Kg"
Sabonete patti,Ach Brito,Embalagem de 160 g,"1,99 €","12,44 €/Kg"
Desinfetante de frutas e vegetais,Clean Essence,500 ml,"1,89 €/Kg","1,89 €/Kg"
Queijo camembert 45% mg,Páturages,Embalagem de 250 g,"2,60 €","13,00 €/Kg"
Bolachas chips ahoy,Ca!,Embalagem de 130g,"0,90 €","6,00 €/Kg"
Spray power&shine vidros,Cif,Garrafa de 750 ml,"0,79 €","0,79 €/L"
Apara lápis,Maped,1 unidade,"1,69 €","1,69 €/Unidade"
Fiambre da Pá,PorSi,1 un = 150 gr (aprox.),"0,97 €","6,49 €/Kg"
Leite condensado magro,PorSi,Embalagem de 390 g,"1,09 €","2,75 €/Kg"
8 hamburguers s/ glúten frango,Capitão Iglo,Embalagem de 480g,"11,44 €/Kg","11,44 €/Kg"
Recarga ambientador elétrico rosa bouquet,Air Wick,Embalagem de 1 unidades,"11,98 €","11,98 €/Unidade"
Bolacha chocodiet nature,Gullon,Embalagem de 270g,"0,79 €","5,27 €/Kg"
Achocolatado zero% açúcares,Nesquik,Embalagem de 345g,"8,59 €/Kg","8,59 €/Kg"
Camarão cozido 20/30,PorSi,vendido ao peso a partir de 350 g,"7,00 €","19,99 €/Kg"
Pão de Forma Cerealia 14 Cereais e Sementes 0% Açúca...,Panrico,Embalagem de 440g,"0,99 €","1,65 €/Kg"
"Alimento húmido para gato 7+, aves",Whiskas,Embalagem de 400g,"3,59 €","2,99 €/Kg"
"Refrigerante sem gás, laranja",Joi,"Garrafa de 1,5 l","1,14 €","0,76 €/L"
Ervilhas bio,PorSi Bio,Frasco com 290 g,"1,29 €","1,29 €/L"
Infusão cavalinha,Cemporcent,Embalagem de 10 unidades,"0,89 €","68,46 €/Kg"
Comida húmida de vaca para cão,Friskies,Embalagem de 4 x 100 g,"0,75 €","2,50 €/Kg"
Bolachas marítimas clássicas,PorSi Viva Bem,Embalagem de 200g,"1,45 €","11,15 €/Kg"
Fralda cueca T5 - 12 a 18 kg,PorSi,20 unidades,"8,49 €","8,49 €/Unidade"
Filetes de cavala em azeite,PorSi,Embalagem de 120 g,"0,89 €","7,42 €/Kg"
Bebida de soja com cálcio,PorSi Viva Bem,Embalagem de 1 litro,"2,49 €","2,49 €/L"
Néctar de laranja e cenoura light,PorSi,Embalagem de 1 litro,"0,84 €","2,55 €/L"
4 hamburguers vaca s/ glúten,Capitão Iglo,Embalagem de 320g,"2,79 €","8,72 €/Kg"
Crazy Chic Pochete Maquilhagem,Clementoni,1 unidade,"17,99 €/Unidade","17,99 €/Unidade"
Iogurte líquido morango/cereais,PorSi,Embalagem de 4 x 160 g,"1,17 €","1,83 €/Kg"
Camarão vannamei 24/40,Pescanova,Embalagem de 800g,"8,99 €","25,69 €/Kg"
Gin Premium |Blue Magic,Sharish,"Embalagem de 0,50L + Oferta 1 Copo","19,79 €","19,79 €/L"
Ambientador vela odor animais,PorSi,1 unidade,"9,49 €","45,19 €/Kg"
Creme abrasivo original,Cif,Garrafa de 700 ml,"0,99 €","1,32 €/L"
Batatas Pré-fritas Rosti com Cebola,PorSi,Embalagem com 600 g,"1,39 €","1,39 €/Kg"
Recarga difusor elétrico recarga citronela,Dum Dum,1 unidade,"7,69 €","7,69 €/Unidade"
Iogurte líquido de frutos vermelhos,PorSi,Embalagem de 4 x 160 g,"1,17 €","1,83 €/Kg"
Saqueta puré de fruta e bolacha,PorSi,Embalagem de 90g,"0,74 €","8,22 €/Kg"
Agrafador pocket universal nº10,Maped,1 unidade,"2,49 €","2,49 €/Unidade"
Soquete mousse 20d tabac t. único,PorSi,3 unidades,"1,89 €","1,89 €/Unidade"
Achocolatado em pó,Ovomaltine,Embalagem de 400g,"8,59 €/Kg","8,59 €/Kg"
Iogurte natural magro sem lactose,Mimosa,Embalagem de 4x 120 g,"0,99 €","1,98 €/Kg"
Palmiers,PorSi,Embalagem de 720 g,"0,69 €","3,45 €/Kg"
Batata frita forno camponesas,Lay's,Embalagem de 130g,"1,19 €","6,43 €/Kg"
Cerveja super bock,Super Bock,Pack 6 x 200 ml,"1,99 €/L","1,99 €/L"
Azeite virgem clássico,PorSi,Garrafa de 750 ml,"3,19 €","4,25 €/L"
Vinho frutado branco,Flor do Campo,Garrafa 0.75L,"1,59 €","2,12 €/L"
Queijo Ovelha Curado,PorSi,Vendido ao peso a partir de 250 g,"15,96 €/Kg","15,96 €/Kg"
Gelado tiramisu,PorSi,Embalagem de 900 ml,"2,62 €","2,62 €/L"
Couve Bróculo,Legumes do Dia,Vendido ao peso,"1,20 €","2,99 €/Kg"
Tablete triple chocolate,Milka,Embalagem de 90g,"0,53 €","5,30 €/Kg"
Whisky,Grants,Garrafa de 1 l,"23,49 €","23,49 €/L"
Pimento Vermelho,Legumes do Dia,1 un=250 gr (aprox.),"0,75 €","2,99 €/Kg"
Sopa de tomate,Knorr,Embalagem de 90g,"0,84 €","13,55 €/Kg"
Queijo fundido vaca que ri light 24 porções,A Vaca Que Ri,Embalagem de 400g,"2,39 €","19,92 €/Kg"
Amaciador Concentrado Twist Aloé Vera,Quanto,74 doses,"3,74 €","0,96 €/L"
Régua 50 cm,Mab,1 un.,"2,49 €","2,49 €/Unidade"
Café em cápsulas dolce gusto galão,Nescafe,Embalagem de 16 cápsulas,"54,36 €/Kg","54,36 €/Kg"
Sopa Canja de Galinha c/ Aletria,PorSi,Embalagem de 75 g,"0,84 €","13,55 €/Kg"
Cabeça c/ Osso,Porco,1 un = 1.5 kg (aprox.),"0,50 €","4,99 €/Kg"
Anti-Traças Papel 4 Seasons Floral,Raid,1 Embalagem c/12 unidades,"5,99 €","176,18 €/Kg"
Refrigerante com gás de laranja,Sumol,"Garrafa de 1,25 l","0,79 €","0,40 €/L"
Esponja autobrilhante,PorSi,3 g,"2,25 €","45,00 €/L"
Café lote bocage moagem única,Nicola,Embalagem de 250g,"9,16 €/Kg","9,16 €/Kg"
Papel higiénico branco 2 folhas,PorSi,48 rolos,"1,99 €","1,99 €/Unidade"
Óleo Gasolina 20w40,PorSi,Embalagem de 5 l,"14,99 €","14,99 €/L"
Miolo de camarão 100/200,H2Gelo,Embalagem de 250  g,"8,99 €","25,69 €/Kg"
Mini caixa aquário,Maped,1 Embalagem,"17,99 €/Unidade","17,99 €/Unidade"
Reizinhos 100gr,Pastelaria do Dia,,"8,99 €","11,24 €/Kg"
Queijo amanteigado fatias,Paiva,Embalagem de 180 g,"1,56 €","7,80 €/Kg"
Água mineral sem gás,Vitalis,Pack 6 x 1.5 l,"1,04 €","0,17 €/L"
Oreo flavors cookies birthday party rollpack 154 gr,Oreo,Embalagem de 150g,"0,79 €","4,49 €/Kg"
Escova de Dentes 1-2-3 Shiny Clean,Oral B,4 unidades,"3,49 €","3,49 €/Unidade"
"Presunto Metades, 6 meses de cura",PorSi,"Vendido ao peso, fatiado a partir de 100 gr","2,79 €","13,95 €/Kg"
Iogurte de morango sem lactose,PorSi Viva Bem,4 x 125 g,"1,87 €","1,25 €/Kg"
Gelado cornetto mini clássico,Olá,Embalagem de 8 x 60 ml,"5,99 €","16,64 €/L"
Iogurte líquido yoggi morango/banana,Nestle,Embalagem de 4 x 160 g,"1,17 €","1,83 €/Kg"
Massa de cotovelos grandes riscados,Milaneza,Embalagem de 500g,"0,89 €","1,78 €/Kg"
Queijo flamengo fatiado,PorSi,Embalagem de 200G,"1,56 €","7,80 €/Kg"
Creme depilatório para peles sensíveis,Labell,Embalagem de 200 ml,"10,99 €","73,27 €/L"
Fita Adesiva Brico Facil Especial Dupla Face,Ceys,1 unidade,"2,59 €","86,33 €/Kg"
Coca-cola zero sem cafeína,Coca-Cola,"Garrafa de 1,75 l","0,79 €","0,40 €/L"
Bolachas mini,Oreo,Embalagem de 160g,"0,79 €","4,49 €/Kg"
Café descafeinado,PorSi,Embalagem de 250g,"1,59 €","6,36 €/Kg"
Preparado de bolo de chocolate,PorSi,500 g,"1,69 €","8,45 €/L"
Ambientador Arbre Lavanda,Arbre Magique,3 unidade,"2,89 €","2,89 €/Unidade"
Ice tea de manga,PorSi,"Embalagem de 6x0,20 l","1,14 €","0,76 €/L"
Beterraba s/ Rama,Programa Origens,1 un = 250 gr  (aprox.),"0,62 €","2,49 €/Kg"
"Gelatina pronto a comer, 10kcal limão",Royal,Embalagem de 4 x 100 g,"0,85 €","2,13 €/Kg"
Café solúvel + cereais,Delta,Embalagem de 200 g,"1,45 €","14,50 €/Kg"
Mimos de pescada,Pescanova,Embalagem de 1 kg,"4,39 €","10,98 €/Kg"
Sumo essencial pera,Compal,pack 3 x 0.11 l,"0,99 €","0,99 €/L"
Lava tudo antibacteriano floral,PorSi,"Garrafa de 1,5 l","0,99 €","0,50 €/L"
Puré de maçã sem adição açúcar,PorSi,700 g,"0,74 €","8,22 €/Kg"
Queijo Curado kg,Castelões,1 un = 250 gr  (aprox.),"6,49 €","25,45 €/Kg"
Leite Hidratante Óleos Maravilhosos,Ultra Suave,Embalagem de 400 ml,"12,48 €/L","12,48 €/L"
Pack 5 veículos sortidos,Hot Wheels,1 embalagem,"9,99 €/Unidade","9,99 €/Unidade"
Pepsi max,Pepsi,Garrafa de 1.75 l,"0,79 €","0,40 €/L"
Leite com chocolate light,Ucal,Embalagem de 6 x 250 ml,"0,26 €","1,30 €/L"
Pistachos,*,Vendido ao peso,"1,45 €","5,79 €/Kg"
Feijão manteiga,PorSi,Frasco com 540 g,"1,79 €","2,29 €/Kg"
Leite seleccionado meio gordo,Matinal,Garrafa de 1 l,"0,81 €","0,81 €/L"
Moscatel Pedro Álvares Cabral,Martha's,Garrafa de 0.75L,"5,99 €","7,99 €/L"
Conjunto de 3 pinceis nº 4/8/12,Domédia,Uma embalagem,"4,69 €","4,69 €/Unidade"
Jogo da Glória,Olivo,1 unidade,"17,99 €/Unidade","17,99 €/Unidade"
Aguardente,1920,Garrafa de 700 ml,"12,79 €","18,27 €/L"
Inseticida Aerossol Casa&Plantas,Raid,1 Embalagem 600ml,"5,49 €","13,73 €/L"
Pêssego Vermelho A,Programa Origens,1 un = 150 gr (aprox.),"0,40 €","2,69 €/Kg"
Alho picado,PorSi,Embalagem de 100 g,"3,29 €","4,39 €/Kg"
Fita corretora mini pocket mouse,Tipp-Ex/Bic,embalagem com 2 unid. + 1 unid. grátis,"2,49 €","2,49 €/Unidade"
Banheira c/ Acessórios,Vicam,1 unidade,"23,99 €","23,99 €/Unidade"
Morcela assar fundao,PorSi,Embalagem de 250g,"1,49 €","7,45 €/Kg"
Leite infantil 3+ anos sem lactose,Mimosa,Garrafa de 1 l,"0,99 €","0,99 €/L"
"Bolo com recheio de chocolate, multipack",Chipicao,Embalagem de 340g,"2,05 €","5,13 €/Kg"
Penso de incontinência normal,Ausonia Discreet,Embalagem de 12 un.,"1,95 €","1,95 €/Unidade"
Yofu com polpa de fruta,Alpro,Embalagem de 4x125 g,"2,95 €","5,90 €/Kg"
Snacks croc.amendoim,PorSi,Embalagem de 90g,"0,79 €","7,90 €/Kg"
Cola apanha ratos,Neolar,Embalagem de 200 ml,"5,09 €","8,48 €/L"
6 Preservativos Adapta Nature,Control,,"4,49 €","4,49 €/Unidade"
Jameson caskmates ipa 70cl,Jameson,Garrafa de 700 ml,"23,49 €","23,49 €/L"
Pão com Cereais 125 g,Pão do Dia,,"0,19 €","2,38 €/Kg"
Sumo 100% laranja,Compal,1 litro,"1,09 €","0,73 €/L"
Whisky,Glen crina,Garrafa de 700 ml,"23,49 €","23,49 €/L"
Melaço de cana,Cemporcent,Embalagem de 370g,"3,99 €","7,98 €/Kg"
Néctar vital equilibrio manga/maracujá,Compal,Embalagem de 1 l,"0,84 €","2,55 €/L"
Vassoura exterior alta,PorSi,Unidade,"2,99 €","2,99 €/Unidade"
Ambientador tealights canela,PorSi,embalagem com 18 unidades,"9,49 €","45,19 €/Kg"
Bolachas Vitalday crocantes aveia e chocolate de lei...,Gullon,Embalagem de 300g,"2,15 €","2,87 €/Kg"
Bolachas marinheiras s/ sal,Cemporcent,Embalagem de 200g,"1,45 €","11,15 €/Kg"
Gogo SqueeZ Snack Maçã e Manga,Gogo,Embalagem de 90g,"2,29 €","6,94 €/L"
Salsichas frescas de porco,PorSi,Embalagem de 400 g,"0,50 €","4,99 €/Kg"
Discos Sanitários Activos Aparelho Lavanda,WC Pato,Embalagem de 36 ml,"2,99 €","74,75 €/Kg"
Limpa carpetes,PorSi,Embalagem de 1 litro,"2,29 €","2,29 €/L"
Spray power&shine multiusos c/ lixívia,Cif,Garrafa de 750 ml,"0,79 €","0,79 €/L"
Sumo essencial pera,Compal,pack 3 x 0.11 l,"2,29 €","6,94 €/L"
Aguardente velhíssima,São Domingos,Garrafa de 0.70 l,"12,79 €","18,27 €/L"
Areia para gatos 100% natural,PorSi,Embalagem de 5 kg,"1,19 €","0,24 €/Kg"
Leite condensado,PorSi,Embalagem de 397 g,"1,09 €","2,75 €/Kg"
Cogumelos laminados,PorSi,Embalagem de 185 g,"1,79 €","2,29 €/Kg"
Actimel tutti-frutti,Danone,Embalagem de 6 x 100g,"4,15 €/Kg","4,15 €/Kg"
Café moagem universal timor,Delta,Embalagem de 220g,"3,49 €","13,96 €/Kg"
Corrida de automóveis,Olivo,1 unidade,"9,99 €/Unidade","9,99 €/Unidade"
Champô anti-caspa,Labell,Embalagem de 400 ml,"5,59 €","13,98 €/L"
Sumo de laranja,Andros,Embalagem de 1 l,"1,09 €","0,73 €/L"
Pudim de chocolate,PorSi,Embalagem de 110g,"0,59 €","29,50 €/Kg"
Filetes primavera limão,Iglo,Embalagem de 230g,"1,79 €","7,16 €/Kg"
Ração para gato bolas de pelo com frango,Friskies,"Embalagem de 1,5kg","12,99 €","4,33 €/Kg"
Lulas recheadas,Piteu,Embalagem de 120g,"0,89 €","7,42 €/Kg"
Farinha para pão integral,Nacional,Embalagem de 1 kg,"1,99 €","1,99 €/Kg"
Bolachas cracker sem sal,PorSi,Embalagem de 500g,"0,39 €","3,12 €/Kg"
Cerveja com álcool,Sagres,pack 24 x 0.25 l,"1,99 €/L","1,99 €/L"
Ovos de galinha ao ar livre | Classe: M/L,Matinados,6 unidades,"1,39 €","1,39 €/Unidade"
Barras fitness chocolate de leite,Nestle,Embalagem de 135 g,"1,29 €","10,24 €/Kg"
Soro fisiológico,PorSi,Embalagem de 100 ml,"0,59 €","5,90 €/L"
Balões latex vermelho,PorSi,Embalagem com 24 unidades,"0,59 €","0,59 €/Unidade"
Gomas starmix,Haribo,Embalagem de 90g,"1,19 €","3,97 €/Kg"
Queijo mascarpone,Páturages,Embalagem 250G,"1,59 €","6,36 €/Kg"
Plantanatur super cartilagem de tubarão,PLANTANATU,Embalagem de 1 unidades,"10,79 €","21,58 €/L"
Dispensador com sacos higiénicos para animal,Canaillou,2 x 20 unidades,"1,19 €","0,24 €/Kg"
Café solúvel em saquetas,Nescafe,Embalagem de 45 g,"1,45 €","14,50 €/Kg"
Puzzles Sereia / Lama,Olivo,60 peças,"9,99 €/Unidade","9,99 €/Unidade"
Vinho regional tejo 3 castas branco,Fiuza,Garrafa de 750 ml,"4,99 €","6,65 €/L"
Puzzle Canal Panda,Olivo,60 peças,"29,99 €","29,99 €/Unidade"
10 pães de leite,PorSi,Embalagem de 350g,"2,59 €","7,40 €/Kg"
Ice tea de pêssego,PorSi,"Embalagem de 1,5 l","1,14 €","0,76 €/L"
Croquetes vegetais,PorSi Viva Bem,Embalagem de 220g,"1,89 €","6,30 €/Kg"
"Coloração permanente, preto natural, nº3",Excellence,1 unidade,"9,49 €/Unidade","9,49 €/Unidade"
Atum posta em óleo vegetal,PorSi,Embalagem de 385g,"0,89 €","7,42 €/Kg"
Tónico de limpeza age perfect,L'oreal,Embalagem de 200 ml,"0,76 €","0,76 €/Unidade"
Pensos para picadas de insetos,PorSi,10 unidades,"2,86 €","2,86 €/Unidade"
Leite uht magro,Mimosa,Embalagem de 1 litro,"0,81 €","0,81 €/L"
Ambientador aerossol 5 em 1 frescura água,PorSi,300 ml,"0,99 €","3,30 €/L"
Fralda Cueca Activity Extra Tamanho 4,Dodot,Embalagem com 45 uni.,"8,49 €","8,49 €/Unidade"
Molho de maionese com alho e ervas,PorSi,Garrafa de 120 ml,"0,70 €","2,33 €/Kg"
Bolacha maria oro +33% grátis,Cuetara,Embalagem de 800g,"1,69 €","2,11 €/Kg"
Ananás pedaços em calda,PorSi,Embalagem de 565g,"1,99 €","2,37 €/Kg"
Massa em espirais,PorSi,Embalagem de 500g,"0,89 €","1,78 €/Kg"
Creme bio mãos e unhas,Labell Bio,75 ml,"1,03 €","10,30 €/L"
Spray renova camurça preta,PorSi,Embalagem de 200 ml,"2,89 €","14,45 €/L"
Vinho do Porto 10 anos,Cruz,"Garrafa de 0,75L c/ Caixa de Madeira","10,99 €","14,65 €/L"
Pensos de incontinência Maxi,Ausonia,Uma embalagem - 12Unidades,"1,95 €","1,95 €/Unidade"
"Sabonete sólido, mel",Feno,Embalagem de 360g,"1,99 €","12,44 €/Kg"
Pensos Higiénicos Cottonlike com Abas Normal Plus,Evax,28 unidades,"4,99 €","4,99 €/Unidade"
Vinagre balsâmico modena,Gallo,Garrafa de 250 ml,"0,35 €","0,70 €/L"
Mel rosmaninho 500g,SERRAMEL,Embalagem de 500G,"4,89 €","9,78 €/Kg"
Pudim caramelo,PorSi,Embalagem de 90g,"0,59 €","29,50 €/Kg"
Cachaça,Pitu,Garrafa de 700 ml,"17,49 €","24,99 €/L"
Snack para gato seaside,Felix,Embalagem de 60g,"0,99 €","16,50 €/Kg"
Triciclo,Smoby,1 unidade,"17,99 €/Unidade","17,99 €/Unidade"
Slime Kit,Science4You,1 unidade,"9,99 €/Unidade","9,99 €/Unidade"
Leite evaporado,PorSi,Embalagem de 410g,"1,09 €","2,75 €/Kg"
Caixa registadora,Play-Doh,1 unidade,"17,99 €/Unidade","17,99 €/Unidade"
Batata pom'duchesse,PorSi,Embalagem de 600g,"1,39 €","1,39 €/Kg"
Sardinhas em óleo picante,Ramirez,Embalagem de 130g,"0,89 €","7,42 €/Kg"
Corn flakes sem glúten,Schar,Embalagem de 250g,"2,99 €","7,97 €/Kg"
Limpa vidros azul,PorSi,Embalagem de 1 l,"3,99 €","0,80 €/L"
Cerveja branca,Super Bock,pack 30 x 0.20 l,"1,99 €/L","1,99 €/L"
Laca volume,Nivea,Embalagem de 250 ml,"3,99 €","53,20 €/L"
"Ice tea, pêssego",PorSi,"Embalagem de 6x0,20 l","1,14 €","0,76 €/L"
Café moagem universal angola,Delta,Embalagem de 220g,"3,49 €","13,96 €/Kg"
Açafrão das Índias,PorSi,Embalagem de 50g,"0,25 €","0,25 €/Kg"
"Mistura de couve flor, brócolos e cenoura",PorSi,Embalagem de 1 kg,"1,49 €","1,49 €/Kg"
Gelado cornetto morango,Olá,Embalagem de 6 x 90 ml,"5,99 €","16,64 €/L"
Molho cervejeira 8 cubos,Knorr,Embalagem de 70g,"3,84 €","24,00 €/Kg"
Pudim flan,El mandari,Embalagem de 10g,"0,59 €","29,50 €/Kg"
vinho do Porto Ruby,Velhotes,"garrafa de 0,75 l","5,99 €","7,99 €/L"
Queijo de mistura curado,Seia,Embalagem de 250g,"5,99 €","23,96 €/Kg"
5 gouaches de cores primárias,Domédia,Uma embalagem,"4,69 €","4,69 €/Unidade"
Piscina c/ Armação,Bestway,Dim.: 259 x 170 x 61 cm,"2,99 €","2,99 €/Unidade"
Bombom Caja Roja,Nestlé,Embalagem de 200G,"2,99 €","29,90 €/Kg"
Vinho bag-in-box tinto,C.alqueva,Garrafa de 5 l,"9,49 €","1,90 €/L"
Leite uht meio gordo,Mimosa,Embalagem de 1 litro,"0,81 €","0,81 €/L"
Pão forma cereais sem glúten,Schar,Embalagem de 300g,"2,99 €","7,97 €/Kg"
Spray tira nódoas,A+,Embalagem de 750 ml,"9,99 €","33,30 €/L"
8 salsichas aves,Izidoro,Embalagem de 200g,"0,75 €","3,75 €/Kg"
Cerveja com álcool,Sagres,"Embalagem de 0,33 l","1,99 €/L","1,99 €/L"
Molas de madeira,PorSi,36 unidades,"0,89 €","0,89 €/Unidade"
Iogurte sabor a coco,PorSi,Embalagem de 4 x 125 g,"1,87 €","1,25 €/Kg"
18 nuggets de frango,Capitão Iglo,Embalagem de 380g,"9,30 €/Kg","9,30 €/Kg"
Batata pré-frita para forno,PorSi,Embalagem de 750 g,"1,39 €","1,39 €/Kg"
Salsichas extra suculentas de frango,Nobre,Frasco de 210g,"0,75 €","3,75 €/Kg"
Petit gâteau chocolate negro belga,PorSi,Embalagem com 4 unidades,"2,49 €","7,55 €/Kg"
Massa alimentícia spaghetti,Barilla,Embalagem de 500g,"1,94 €","3,88 €/Kg"
Chá verde 20 saquetas,Lipton,Embalagem de 32g,"1,14 €","114,00 €/Kg"
Magnum mini white mix,Olá,Embalagem de 6 x 55 ml,"5,99 €","16,64 €/L"
"Fiambre extra, fatiado",PorSi,Embalagem de 200g,"0,97 €","6,49 €/Kg"
Spray wc active clean wild,Ambipur,750 ml,"1,79 €","2,39 €/L"
Tostas suecas integrais,PorSi,Embalagem de 225 g,"2,39 €","6,83 €/Kg"
Massa de macarrão riscado,Nacional,Embalagem de 500g,"0,89 €","1,78 €/Kg"
Iogurte arôma de frutos vermelhos,PorSi,Embalagem de 8x125 g,"1,87 €","1,25 €/Kg"
Bagas de cranberry,Cemporcent,Embalagem de 125 g,"0,79 €","3,95 €/Kg"
Sobremesa gelatina de morango,PorSi,Embalagem 4X100G,"0,85 €","2,13 €/Kg"
Azeitona preta,PorSi,Embalagem de 560 g,"1,79 €","2,29 €/Kg"
Bolachas crackers com sal,PorSi,Embalagem de 500g,"0,39 €","3,12 €/Kg"
Toffee crisp,Toff.crisp,Embalagem de 4 x 83 g,"2,24 €","29,87 €/Kg"
Vinho doc alentejo tinto,Albarrada,Garrafa de 750 ml,"2,89 €","3,85 €/L"
Pack Aguardente Velha,Fim de Século,"Garrafa de 0,70 l + Copo","12,79 €","18,27 €/L"
Patê frango,La piara,Embalagem de 80g,"1,19 €","13,52 €/Kg"
Mignonnettes Moir de Noir,Cote D'or,Embalagem de 240 g,"0,99 €","4,95 €/Kg"
Ambientador elétrico pure clean linen + recarga,Glade,1 unidade,"3,74 €","3,74 €/Unidade"
"Recarga para ambientador elétrico, white bouquet duo",Air Wick,Embalagem de 2 unidades,"11,98 €","11,98 €/Unidade"
Tablete de chocolate preto,Nestle,Embalagem de 130g,"0,99 €","4,95 €/Kg"
Lava Tudo Perfumado Lavanda,PorSi,Embalagem de 2 l,"0,99 €","0,50 €/L"
Iogurte grego natural açucarado sem lactose,PorSi Viva Bem,Embalagem de 240g,"0,99 €","1,98 €/Kg"
Fita adesiva,PorSi,5m x 2.5 cm,"2,86 €","2,86 €/Unidade"
Gogo SqueeZ Snack de Maçã,Gogo,Embalagem de 4 x 90g,"2,29 €","6,94 €/L"
Creme vitalift 5,Men expert,Embalagem de 50 ml,"5,99 €","14,98 €/L"
"Toalhitas Higiénicas Adulto, 64unidades",Labell,Uma embalagem,"0,76 €","0,76 €/Unidade"
Codornizes,Aves,1 un. = 150 g (aprox.),"2,32 €","5,80 €/Kg"
Refrigerante com gás guaraná,Antartica,"Garrafa de 1,5 l","0,79 €","0,40 €/L"
Sementes de girassol,PorSi Viva Bem,Embalagem de 200 g,"1,59 €","10,60 €/Kg"
Cafe rossio m.unica 250g,Nicola,Embalagem de 250g,"3,49 €","13,96 €/Kg"
Iogurte líquido infantil morango e banana,PorSi,Pack 6 x 100 g,"1,17 €","1,83 €/Kg"
Quiche lorraine,Monique Ranou,Embalagem de 400 g,"1,89 €","6,30 €/Kg"
Bolo rei,Pastelaria do Dia,800 g,"8,99 €","11,24 €/Kg"
Néctar de laranja,Bongo,Garrafa de 1 l,"0,99 €","0,99 €/L"
"Queijo regional de vaca, cabra e ovelha curado",Qj.saloio,Embalagem de 190g,"5,99 €","23,96 €/Kg"
Iogurte vidro pedaços morango,PorSi,Embalagem de 2 x 135 g,"1,49 €","2,98 €/Kg"
Vermute bianco,Martini,Garrafa de 1 l,"11,99 €","11,99 €/L"
Creme vegetal soja,Planta,Embalagem de 250 gr,"1,39 €","6,95 €/L"
Furador com 2 furos,Domédia,1 unidade,"2,19 €","109,50 €/L"
Caixa de ferramentas 32 peças,Vicam,1 unidade,"17,99 €/Unidade","17,99 €/Unidade"
Batata pré-frita noisette,PorSi,Embalagem de 1 kg,"1,39 €","1,39 €/Kg"
Conjunto Urban Floral,Nike,PERFUME 100ML + LOÇÃO CORPORAL 75ML + GEL DE BANHO 75ML,"12,99 €","12,99 €/Unidade"
Lixívia Tradicional,Neoblanc,Embalagem de 4 l,"1,74 €","0,35 €/L"
Areia para gato aglomerante,PorSi,Embalagem de 5 litros,"1,19 €","0,24 €/Kg"
Polpa de tomate em garrafa,Compal,Embalagem de 1 kg,"3,84 €","24,00 €/Kg"
Iogurte natural,PorSi,Embalagem 12 x 125 g,"0,99 €","1,98 €/Kg"
Polpa de cebola e alho,PorSi,Embalagem de 500 g,"3,84 €","24,00 €/Kg"
Bolachas waffers com recheio de limão,Cuetara,Embalagem de 150 gr,"0,98 €","4,67 €/Kg"
Queijo roquefort,Páturages,Embalagem de 150 g,"2,60 €","13,00 €/Kg"
Balões latex verde,PorSi,Embalagem com 24 unidades,"0,59 €","0,59 €/Unidade"
Brandy,Croft,Garrafa de 700 ml,"11,99 €","17,13 €/L"
Ambientador arbremagique pinho,Arbre Magique,1 unidade,"2,89 €","2,89 €/Unidade"
Livro A Cinderela,Europrice,1 unidade,"3,79 €/Unidade","3,79 €/Unidade"
Pó de talco,PorSi,Embalagem de 250g,"0,59 €","5,90 €/L"
Red Fish,Peixe Congelado,300 a 500 g,"3,99 €/Kg","3,99 €/Kg"
Strike Elite Mega Bigshock,Nerf,1 un.,"17,99 €/Unidade","17,99 €/Unidade"
Sopa de Cebola,PorSi,Embalagem de 62 g,"0,84 €","13,55 €/Kg"
Vinho branco frisante,Cacho Fresco,Garrafa de 0.75 l,"2,29 €","3,05 €/L"
Pudim flan,PorSi,Embalagem de 4 x 5.6 g,"0,59 €","29,50 €/Kg"
Gomas beijinhos,PorSi,Embalagem de 300 g,"1,19 €","3,97 €/Kg"
Snack para gato de galinha e pato,Catisfactions,Embalagem de 60g,"0,99 €","16,50 €/Kg"
Café Torrado em Grão Colômbia,Delta,Embalagem de 220g,"9,16 €/Kg","9,16 €/Kg"
Creme Depilatório Peles Sensíveis,Veet,Embalagem de 200 ml,"10,99 €","73,27 €/L"
Sementes de chia,PorSi Viva Bem,Embalagem de 150 g,"1,59 €","10,60 €/Kg"
Bombons Caja Roja,Nestlé,Embalagem 400 g,"2,99 €","29,90 €/Kg"
Concentrado de laranja,Sunquick,Garrafa de 700 ml,"3,69 €","4,92 €/L"
Quad drive,Beyblade,1 un.,"17,99 €/Unidade","17,99 €/Unidade"
Café moagem universal portugal,Delta,Embalagem de 250g,"3,49 €","13,96 €/Kg"
Elixir junior,Aquafresh,Embalagem de 300 ml,"0,99 €","0,99 €/Unidade"
Iogurte grego maçã e canela,Danone,Embalagem de 4 x 110 g,"1,49 €","2,98 €/Kg"
Iogurte natural,Danone,Embalagem de 8x120g com 1 unidade grátis,"0,99 €","1,98 €/Kg"
Iogurte pedaços pêssego/alperce,PorSi,Embalagem de 4x125g,"4,36 €","2,18 €/Kg"
Iogurte oikos pêssego,Danone,Embalagem de 4 x 110g,"1,49 €","2,98 €/Kg"
Esterilizador 2 em 1 - Frio e Microondas,Neo Baby,1 unidade,"1,99 €","1,99 €/Unidade"
Lenços de bolso folha tripla,PorSi,9 x 30 unidades,"0,89 €","0,89 €/Unidade"
Batata Pré-Frita Croquettes,PorSi,Embalagem de 1 kg,"1,39 €","1,39 €/Kg"
Creme p/ Calçado Castanho,Búfalo,Embalagem de 50 ml,"0,99 €","19,80 €/L"
Batatas fritas onduladas originais,Ruffles,Embalagem de 282g,"1,06 €","5,73 €/Kg"
Cerveja preta,Sagres,pack de 6 x 25 cl,"1,99 €/L","1,99 €/L"
Ervilhas bio,PorSi Bio,Frasco com 290 g,"1,79 €","2,29 €/Kg"
Argolas Romana,PorSi,Embalagem de 400 g,"1,79 €","7,16 €/Kg"
Gogo SqueeZ Snack Maçã,Gogo,Embalagem de 90g,"2,29 €","6,94 €/L"
"Tiras limpa poros faciais, 6unidades",Labell,1 embalagem,"0,76 €","0,76 €/Unidade"
Repelente Anti Mosquito Spray,Mercurochrome,Embalagem 100 ml,"0,58 €","0,58 €/Unidade"
Marcador Turbo Color x12,Giotto,Uma embalagem,"4,69 €","4,69 €/Unidade"
Vinho tinto regional setúbal,Herdade da comporta,Garrafa de 0.75 l,"5,99 €","7,99 €/L"
Água Micelar c/doseador,Labell,Embalagem de 500ml,"0,76 €","0,76 €/Unidade"
Licor frutos tropicais,Safari,Garrafa de 700 ml,"16,99 €","24,27 €/L"
Lenços de bolso 4 folhas,PorSi,Embalagem de 18 x 10 unidades,"0,89 €","0,89 €/Unidade"
Amaciador Roupa Rosa,PorSi,Embalagem de 60 doses,"3,74 €","0,96 €/L"
Cocktail limão,Bar Royal,Garrafa de 750 ml,"8,49 €","11,32 €/L"
Recarga Esfregona de Microfibras,PorSi,1 unidade,"0,89 €","0,89 €/Unidade"
Carapau Pequeno,Peixe do Dia,1 un = 100 g (aprox.),"6,49 €/Kg","6,49 €/Kg"
Bacalhau com natas,PorSi,Embalagem de 380g,"1,79 €","7,16 €/Kg"
Oikos morango 110g x4,Danone,Embalagem de 440g,"1,49 €","2,98 €/Kg"
Ovos galinha solo L,PorSi,12 unidades,"1,39 €","1,39 €/Unidade"
Gel Lubrificante Play Calor,Durex,Embalagem de 50 ml,"4,49 €","4,49 €/Unidade"
Doce pessego 284g,ST.DALFOUR,Frasco de 284g,"2,19 €","9,95 €/Kg"
"Guardanapos brancos, 33x33cm, 2 folhas, 90 unidades",Renova,Uma embalagem,"1,29 €","1,29 €/Unidade"
Choco flakes,Cuetara,Embalagem de 500g,"5,07 €/Kg","5,07 €/Kg"
Champô Hidratante,Baby Dove,Embalagem de 400 ml,"4,39 €","21,95 €/L"
"Espuma de cabelo, volume absoluto",Pantene,Embalagem de 200 ml,"3,99 €","53,20 €/L"
Arroz agulha Europa,PorSi,Embalagem de 1 kg,"0,99 €/Kg","0,99 €/Kg"
"Coloração permanente, vermelho ousado nº5.62",Nutrisse,1 unidade,"9,49 €/Unidade","9,49 €/Unidade"
Bebida essencial frutos vermelhos,Compal,Pack 3 x 0.11 l,"2,29 €","6,94 €/L"
Aditivo em pó oxi roupa branca,Vanish,Embalagem de 420 g,"9,99 €","33,30 €/L"
Pescada 3 Chile,Peixe Congelado,1 un= 1 kg (aprox.),"3,99 €/Kg","3,99 €/Kg"
Água s/ gás,Luso,Pack 6 x 1.5 l,"1,04 €","0,17 €/L"
Néctar 8 frutos,Bongo,Pack 6 x 200 ml,"0,99 €","0,99 €/L"
"Rebuçados de fruta, diamante",PorSi,Embalagem de 200 g,"1,00 €","5,00 €/Kg"
Bicarbonato de sódio,Globo,Embalagem de 230g,"1,59 €","19,39 €/Kg"
Lenços de bolso 6x10 - 3 folhas,PorSi,1 embalagem com 6 unidades,"0,89 €","0,89 €/Unidade"
Biscoitos integrais aveia e manteiga de amendoim,PorSi Viva Bem,Embalagem de 150g,"0,69 €","3,45 €/Kg"
Mopa attractive plus completa,Vileda,Embalagem de 1 unidades,"2,99 €","2,99 €/Unidade"
"Massa polir, em bisnaga",Redex,Embalagem de 125 ml,"3,99 €","0,80 €/L"
"Sumo 100%, tutti-frutti",PorSi,"Embalagem de 1,5 l","1,09 €","0,73 €/L"
Gel de Banho Deeply Nourishing,Dove,Embalagem de 750 ml,"6,49 €","8,65 €/L"
Balões latex rosa,PorSi,Embalagem com 24 unidades,"0,59 €","0,59 €/Unidade"
Pensos Incontinência Mulher Discreet Normal,Tena,Embalagem com 24 unidades,"1,95 €","1,95 €/Unidade"
Bolachas bambolitos chocolate e leite,PorSi,Embalagem de 150g,"0,79 €","5,27 €/Kg"
Lambrusco tinto,*,Garrafa de 750 ml,"2,09 €","2,79 €/L"
Fiambre da Pá,Salsicharia Limiana,1 un = 150 gr (aprox.),"0,97 €","6,49 €/Kg"
Ração seca mix para cão adulto,PorSi,Embalagem de 20 kg,"22,99 €","1,15 €/Kg"
Creme de ovos moles,Fabridoce,Embalagem de 300g,"4,99 €","16,63 €/Kg"
Cera de depilação profissional,Veet,Garrafa de 300 ml,"6,99 €","6,99 €/Unidade"
Cacau magro em pó,PorSi,Embalagem de 125 g,"1,04 €","8,32 €/Kg"
Penso júnior,PorSi,20 unidades,"2,86 €","2,86 €/Unidade"
Tira Nódoas em Pó Cores,Skip,1 kg,"10,99 €","52,33 €/Kg"
Forma de papel para bolos 6. 8cm,PorSi,Embalagem com 60 unidades,"0,54 €","0,54 €/Unidade"
Vinagre vinho branco 250ml,Cristal,Garrafa de 250 ml,"0,35 €","0,70 €/L"
Manteiga com sal e sem lactose,Mimosa,Embalagem de 250g,"0,99 €","1,98 €/Kg"
Sobremesa danette chocolate,Danone,Embalagem de 4 x 125 g,"0,99 €","1,65 €/Kg"
Mistura para coelhos anões,Canto Alegre,Embalagem de 1K,"2,49 €","2,49 €/Kg"
Champanhe bruto,Delagne & Fils,"Garrafa de 0,75 l","34,99 €","46,65 €/L"
Bandas de cera axilas/bikini,Labell,Embalagem com 16 un. + 4 toalhitas de acabamento,"6,99 €","6,99 €/Unidade"
Jogo das escadas,Olivo,1 unidade,"9,99 €/Unidade","9,99 €/Unidade"
Água c/ gás limão,Frize,pack 4 x 0.25 l,"2,85 €","2,85 €/L"
Spray desinfetante multiusos,Lysol,Embalagem de 500 ml,"1,19 €","0,79 €/L"
Intensificador de perfume em gel para a roupa romanc...,Quanto,300 ml,"9,99 €","33,30 €/L"
Iogurte aroma de banana,PorSi,Embalagem de 4x125g,"1,87 €","1,25 €/Kg"
Bolacha tosta rica choco guay,Cuetara,Embalagem de 170g,"1,89 €","15,75 €/Kg"
Carro de Limpeza,Vicam,1 unidade,"17,99 €/Unidade","17,99 €/Unidade"
Detergente líquido p/ máquina lavar roupa cores,Woolite,"Garrafa de 1,65 l","29,99 €","7,06 €/L"
Mimosa bem especial leite e amêndoa,Mimosa,Embalagem de 1 litro,"0,99 €","0,99 €/L"
Creme vegetal culinário,Vaqueiro,Embalagem de 250 g,"2,89 €","2,89 €/Kg"
Abacaxi,Fruta do Dia,1 un = 2kg ( aprox.),"2,50 €","1,25 €/Kg"
Espreguiçadeira malibu verde,Joluce,1 unidade,"2,99 €","2,99 €/Unidade"
Café em cápsulas deqafeitatus,Delta Q,Embalagem de 55 g,"54,36 €/Kg","54,36 €/Kg"
Guardanapos Gold 2 folhas,Renova,Dim.: 39x39cm,"1,29 €","1,29 €/Unidade"
Guardanapos | Dim.: 30 x 33 cm,PorSi,Embalagem com 20 unidades,"1,29 €","1,29 €/Unidade"
Cookies sem glúten,Gullon,Embalagem de 200 g,"2,69 €","20,69 €/Kg"
Alecrim em folhas,PorSi,Embalagem de 25g,"0,25 €","0,25 €/Kg"
Vinho do Porto 10 Anos,Ramos Pinto,Garrafa de 0.75 l,"10,99 €","14,65 €/L"
Queijo Coulommiers,Páturages,Embalagem de 350 g,"2,60 €","13,00 €/Kg"
Balões latex mistos,PorSi,Embalagem com 24 unidades,"0,59 €","0,59 €/Unidade"
Iogurte de morango sem lactose,PorSi Viva Bem,4 x 125 g,"0,99 €","1,98 €/Kg"
Coca-cola zero,Coca-Cola,pack 2 x 1.75 l,"0,79 €","0,40 €/L"
Mini meia mousse muskade 20D t. único,PorSi,Tamanho: m,"1,89 €","1,89 €/Unidade"
Esparguete s/ glúten,Milaneza,Embalagem de 500g,"2,99 €","7,97 €/Kg"
Gelatina ananás 10kcal,Royal,Embalagem de 30g,"0,55 €","61,11 €/Kg"
Recarga  para esfregona tiras,PorSi,1 unidade,"0,89 €","0,89 €/Unidade"
Ambientador gel lavanda,PorSi,150 g,"16,63 €/L","16,63 €/L"
Inseticida Elétrico Melgas e Mosquitos 5 em 1,Dum Dum,1 unidade = 90 noites,"7,69 €","7,69 €/Unidade"
Pudim caseiro de laranja,Royal,Embalagem de 200g,"0,59 €","29,50 €/Kg"
Porto branco,Valadao,Garrafa de 750 ml,"11,99 €","15,99 €/L"
Cabo de metal com rosca,PorSi,1.35 m,"2,99 €","2,99 €/Unidade"
Azeite virgem extra seleção,PorSi,Garrafa de 2 l,"3,19 €","4,25 €/L"
Vinho frisante rosé,Lapadas,Garrafa de 750 ml,"2,29 €","3,05 €/L"
Ração para Gato Esterilizado com Vaca,Purina One,"Embalagem de 1,5 kg","12,99 €","4,33 €/Kg"
Inseticida ajustável eléctrico líquido anti melgas e...,Raid,60 noites,"7,69 €","7,69 €/Unidade"
Café 5 estrelas moído tradição,Sical,Embalagem de 250g,"3,49 €","13,96 €/Kg"
Farinha láctea cerelac,Cerelac,Embalagem de 500g,"4,49 €","4,49 €/Kg"
20 saquetas chá de limão,Lipton,Embalagem de 40g,"58,00 €/Kg","58,00 €/Kg"
Infusão nº 13 diabet control,Cemporcent,Embalagem de 10 unidades,"0,89 €","68,46 €/Kg"
Lombos de salmão,PorSi,Embalagem de 300g,"4,39 €","10,98 €/Kg"
Vinho tinto alentejo,Loios,Garrafa de 750 ml,"2,89 €","3,85 €/L"
Banha,PorSi,Embalagem de 940 g,"2,89 €","2,89 €/Kg"
Croutons com azeite,PorSi,Embalagem de 150g,"2,39 €","6,83 €/Kg"
Cápsulas de café com leite cappuccino,Nescafe,Embalagem com 16 cápsulas,"54,36 €/Kg","54,36 €/Kg"
Creme vegetal para cozinha,Becel,Embalagem de 450 g,"1,39 €","6,95 €/L"
Marmelada,PorSi,Embalagem de 450g,"1,09 €","2,42 €/Kg"
Abobora cubos,PorSi,Embalagem de 500g,"1,49 €","1,49 €/Kg"
Gel wc anticalcário sem lixívia,PorSi,"Garrafa de 1,5 l","2,79 €","3,99 €/L"
Crepes de legumes,PorSi,Embalagem de 310g,"1,79 €","7,16 €/Kg"
"Vela em número, nº 6",PorSi,1 unidade,"0,60 €","0,60 €/Unidade"
Pera conference categoria: II,*,Vendido ao peso a partir de 300 g,"1,69 €/Kg","1,69 €/Kg"
Azeite virgem delicado,Gallo,Garrafa de 750 ml,"3,19 €","4,25 €/L"
Termo drena rapid,PLANTANATU,Garrafa de 500 ml,"10,79 €","21,58 €/L"
Iogurte pedaços ananás,PorSi,Embalagem de 4 x 125 g,"4,36 €","2,18 €/Kg"
Mistura para exóticos,Canto Alegre,Embalagem de 1K,"2,49 €","2,49 €/Kg"
Lava Tudo Amoniacal,Sonasol,"Garrafa de 1,3 l","0,99 €","0,50 €/L"
Moscatel de Setúbal Superior 10 Anos,Bacalhôa,Garrafa de 0.75 l,"5,99 €","7,99 €/L"
"Frigideira anti-aderente, 24cm",PorSi,1 unidade,"11,99 €","11,99 €/Unidade"
Liégeois Sobremesa de Caramelo,Páturages,Embalagem de 4x100 g,"1,49 €","3,73 €/Kg"
Anticongelante vermelho 20%,PorSi,Embalagem de 1 l,"3,99 €","0,80 €/L"
Peito de peru fatiado,PorSi,Embalagem de 200g,"2,25 €","11,25 €/Kg"
Café solúvel creme,Delta,Embalagem de 80 g,"1,45 €","14,50 €/Kg"
Maionese,PorSi,Embalagem de 414 g,"0,70 €","2,33 €/Kg"
Luvas Comfort Extra Médias / Grandes,Vileda,1 unidade,"4,29 €","4,29 €/Unidade"
30 cápsulas super rendimento,PLANTANATU,Embalagem de 1 unidades,"10,79 €","21,58 €/L"
Balões latex amarelos,PorSi,Embalagem com 24 unidades,"0,59 €","0,59 €/Unidade"
Pastilhas fire canela,CHICLETS,Embalagem de 16 g,"0,89 €","59,33 €/Kg"
Chupas Party Mix,PorSi,150 g,"3,40 €","28,33 €/Kg"
"Pensos diários maxiplus, 30 unidades",Evax,Uma embalagem,"1,79 €","1,79 €/Unidade"
Queijo de azeitão dop,Santiago,Embalagem de 240g,"15,96 €/Kg","15,96 €/Kg"
Inseticida para baratas e formigas,Baygon,Embalagem de 400 ml,"5,09 €","8,48 €/L"
Sabao azul e branco,PorSi,Embalagem de 400g,"1,09 €","2,73 €/Kg"
Fiambre da perna extra,PorSi,Pack Poupança de 2 x 170 g,"0,97 €","6,49 €/Kg"
Tostas integrais,PorSi,Embalagem de 225g,"2,39 €","6,83 €/Kg"
Vitamina c,PLANTANATU,Embalagem de 1 unidades,"10,79 €","21,58 €/L"
Sacos do lixo perfumado 30 litros,PorSi,15 unidades,"1,79 €","1,79 €/Unidade"
Sabonete Líquido Sensitive,Dettol,Embalagem de 250 ml,"1,09 €","2,18 €/L"
"Bacalhau graúdo inteiro salgado, seco",Bacalhau da Islândia,1 un= 2.5kg (aprox.),"8,73 €/Kg","8,73 €/Kg"
Rolo Cozinha Meia Folha Adapt,Colhogar,2 rolos,"4,99 €","4,99 €/Unidade"
Fiambre da perna extra baixo teor de gordura fatias ...,PorSi Viva Bem,Embalagem de 200 g,"0,97 €","6,49 €/Kg"
Amaciador Concentrado Creations Coco Argão,Comfort,80 doses,"3,74 €","0,96 €/L"
Amido de milho,PorSi,Embalagem de 400g,"1,59 €","19,39 €/Kg"
Bolacha cream cracker,Cuetara,Embalagem de 200g,"0,39 €","3,12 €/Kg"
Fecho Segurança Multi-Usos,Neo Baby,1 Embalagem,"1,99 €","1,99 €/Unidade"
Bebida de soja e chocolate,PorSi Viva Bem,Embalagem de 1 l,"2,49 €","2,49 €/L"
Bastão de cola,Domédia,20 g,"2,19 €","109,50 €/L"
Café Moagem Universal Honduras,PorSi,Embalagem de 220g,"9,16 €/Kg","9,16 €/Kg"
Refrigerante c/ gás,Pepsi,Pack 6 x 0.33 l,"0,79 €","0,40 €/L"
Queijo fatiado cheddar,PorSi,Embalagem de 150 g,"1,56 €","7,80 €/Kg"
Pao brioche fatiado,PorSi,Embalagem 500G,"0,99 €","1,65 €/Kg"
Feijoada transmontana,Nobre,Embalagem de 420g,"2,35 €","5,60 €/Kg"
"Amaciador de roupa, azul",Comfort,Garrafa de 4 l,"8,99 €","2,25 €/L"
18 hamburguers s/ glúten vaca,Capitão Iglo,Pack familiar com 1.4 kg,"2,79 €","8,72 €/Kg"
Vulcão brilhante,Clementoni,1 unidade,"9,99 €/Unidade","9,99 €/Unidade"
Morangos 100% Naturais,PorSi,Embalagem de 750 g,"3,29 €","4,39 €/Kg"
Doce quatro frutos,ST.DALFOUR,Frasco de 284g,"2,19 €","9,95 €/Kg"
Vinho tinto regional peninsula de setúbal,Fonte nico,Garrafa de 750 ml,"5,99 €","7,99 €/L"
Mix do Bosque,Fruta Embalada,Embalagem com 175 gr,"2,19 €","17,52 €/Kg"
Descafeinado em cápsulas Pianíssimo 10x5g,PorSi Select,Embalagem de 50g,"1,59 €","6,36 €/Kg"
Fósforos cozinha,Quinas,Embalagem com 4 caixas por unidade,"1,50 €","1,50 €/Unidade"
"Queijo fresco original, 1 unidade de 200 g",Santiago,Embalagem de 200g,"1,09 €","5,45 €/Kg"
Bolacha tostada,PorSi,Embalagem de 800g,"1,69 €","2,11 €/Kg"
Bolachas com recheio de chocolate,PorSi,Embalagem de 3 x 250 g,"2,15 €","2,87 €/Kg"
Actimel natural,Danone,Embalagem de 600g,"4,15 €/Kg","4,15 €/Kg"
Porto special reserva,Cruz,"garrafa de 0,75 l","10,99 €","14,65 €/L"
Snack para gato original,Felix,Embalagem de 60g,"0,99 €","16,50 €/Kg"
Bolacha digestive aveia 258g,Vieira,Embalagem de 258 g,"0,98 €","3,27 €/Kg"
Pensos Higiénicos Fina e Segura Maxi Super,Evax,Embalagem c/ 13 Unidades,"4,99 €","4,99 €/Unidade"
Cereais nesquik,Nestle,Embalagem de 625g,"5,07 €/Kg","5,07 €/Kg"
Caju simples,*,Vendido ao peso,"1,45 €","5,79 €/Kg"
Asas de Frango,*,1 un = 100 gr (aprox.),"2,32 €","5,80 €/Kg"
Fruta para bebé banana laranja bolacha +6 meses,Nestle,Embalagem de 90g,"0,74 €","8,22 €/Kg"
Recarga difusor elétrico melgas e mosquitos,Dum Dum,18 ml,"7,69 €","7,69 €/Unidade"
Crepe maçã e canela,PorSi,Embalagem de 540 g,"2,49 €","7,55 €/Kg"
Gel ativo com lixívia,PorSi,Embalagem de 1.5 l,"1,19 €","0,79 €/L"
Bola mistura,Pão do Dia,1 unidade= 80 g,"0,19 €","2,38 €/Kg"
Vela com número 4,PorSi,1 unidade,"0,60 €","0,60 €/Unidade"
Elixir oil,Gliss,Embalagem de 75 ml,"1,00 €","5,00 €/L"
Mistura sol sem café granulado,PorSi,Embalagem de 200g,"1,64 €","6,56 €/Kg"
Ovos galinha solo l,PorSi,6 ovos,"1,39 €","1,39 €/Unidade"
Detergente líquido Ultra Concentrado Loiça Platinium...,PorSi,Embalagem de 500 ml,"0,99 €","1,98 €/L"
Caramelos e rebuçados,PorSi,Embalagem de 200g,"1,10 €","4,40 €/Kg"
Perninha de frango,PorSi,Embalagem de 400 g,"2,32 €","5,80 €/Kg"
Azeite virgem extra gourmet,Gallo,Garrafa de 750 ml,"3,19 €","4,25 €/L"
Espumoso grand reale dessert,Gancia,Garrafa de 750 ml,"3,99 €","5,32 €/L"
Leite seleccionado leve,Matinal,Garrafa de 1 l,"0,81 €","0,81 €/L"
After Shave Bálsamo Sensitive Cool,Nivea Men,Embalagem de 100 ml,"1,16 €","4,64 €/L"
Forra livros,Mab,,"2,19 €","109,50 €/L"
Pão ralado clássico,PorSi,Embalagem de 240 g,"0,55 €","2,29 €/Kg"
Amaciador Concentrado Creations Flor Lótus Lima,Comfort,80 doses,"3,74 €","0,96 €/L"
Salada de fruta em calda,PorSi,Embalagem de 3 x 220 g,"1,99 €","2,37 €/Kg"
Nata uht para bater,Gresso,Garrafa de 200 ml,"0,75 €","3,75 €/L"
"Caixa com saquetas de  pau de canela, 30 unidades",PorSi,Embalagem 90G,"0,25 €","0,25 €/Kg"
"Batata frita wavy, ondulada",PorSi,Embalagem de 90g,"1,06 €","5,73 €/Kg"
"Pasta dentífrica, 7-13 anos",Labell,Embalagem de 75 ml,"0,99 €","0,99 €/Unidade"
Acetona,PorSi,Embalagem de 200 ml,"1,89 €","9,45 €/L"
"Cueca de incontinência, adulto, pequena",PorSi,Embalagem com 14 unidades,"9,99 €","9,99 €/Unidade"
Maçã Jonagored 70/75,Programa Origens,1 un = 150 gr (aprox.),"1,69 €/Kg","1,69 €/Kg"
Pó baratas e formigas,Baygon,Embalagem de 250 g,"5,49 €","13,73 €/L"
Bifes da rabadilha de novilho,PorSi,Embalagem de 400 g,"4,99 €","12,48 €/Kg"
Pack de 3 embalagens de polpa de tomate,Compal,Embalagem de 630g,"3,84 €","24,00 €/Kg"
Preparado p/ mariscada s/ glúten,Pescanova,Embalagem de 500 g,"2,19 €","8,59 €/Kg"
Néctar de laranja e cenoura light,PorSi,Embalagem de 3 x 200 ml,"0,84 €","2,55 €/L"
Lentilhas verdes,Cemporcent,Embalagem de 500g,"1,94 €","3,88 €/Kg"
Iogurte ananás 000%,PorSi Viva Bem,Embalagem de 4 x 125 g,"0,99 €","1,32 €/Kg"
Queijo creme de salmão,Philadelph,Embalagem de 150g,"4,68 €","11,70 €/Kg"
Loção tónica para pele seca,Labell,Embalagem de 250 ml,"0,76 €","0,76 €/Unidade"
Alheira de mirandela,PorSi Select,Embalagem de 200 g,"1,49 €","7,45 €/Kg"
Pipocas coloridas,Orcape,Embalagem de 100g,"0,79 €","7,90 €/Kg"
Óleo alimentar,Vêgê,Embalagem de 1 l,"3,39 €","3,39 €/L"
Cappucino go chill com cacau,Delta,Embalagem de 230 ml,"3,19 €","25,52 €/Kg"
Estúdio de unhas deluxe,Cool Maker,1 unidade,"17,99 €/Unidade","17,99 €/Unidade"
Piripiri grão,PorSi,Saqueta de 20 g,"0,25 €","0,25 €/Kg"
Sopa rabo de boi económica,Knorr,Embalagem de 60g,"0,84 €","13,55 €/Kg"
Pescada panada em forma de filete,Pescanova,Embalagem de 1 Kg,"4,39 €","10,98 €/Kg"
Fiambre da Perna Extra,PorSi,1 un = 150 gr (aprox.),"0,97 €","6,49 €/Kg"
Bebida aveia-amêndoa,Alpro,Embalagem de 1 litro,"1,19 €","1,86 €/L"
"Escova de cabelo, brushing média",Labell,Uma unidade,"1,99 €","1,99 €/Unidade"
Detergente líquido máquina de roupa lavanda,PorSi,86 Doses,"29,99 €","7,06 €/L"
Barra s.k chocolate 6x21.5g,Kellogg's,Embalagem de 6X21.5G,"3,45 €","26,74 €/Kg"
Vinho branco alentejo,Loios,Garrafa de 750 ml,"2,89 €","3,85 €/L"
Cá drenó volum,PLANTANATU,Embalagem de 10 unidades,"1,19 €","79,33 €/Kg"
Feijão de soja,Cemporcent,Embalagem de 500g,"1,94 €","3,88 €/Kg"
Manteiga com sal cuvete,LORETO,Embalagem de 250g,"1,69 €","6,76 €/Kg"
Leite de limpeza age perfect,L'oreal,Embalagem de 200 ml,"0,76 €","0,76 €/Unidade"
Cubos de tamboril,Mar Ibérica,Embalagem de 250 g,"4,39 €","10,98 €/Kg"
Bolacha dibus mini angry birds,Gullon,Embalagem de 250g,"1,89 €","15,75 €/Kg"
Pudim de chocolate,Boca Doce,Embalagem de 20g,"0,59 €","29,50 €/Kg"
Uva Branca sem grainha,Fruta do Dia,Embalagem de 500 g,"2,79 €","2,79 €/Kg"
Cheeseburger Vaca,Snock,Embalagem de 100 g,"3,39 €","21,19 €/Kg"
Maçã Fuji 75/80,Fruta do Dia,1 un = 180 gr (aprox.),"1,69 €/Kg","1,69 €/Kg"
Iogurte mix-in smarties baunilha,Nestle,Embalagem de 2 x 128 g,"1,05 €","1,86 €/L"
Cereais fitness,Nestle,Embalagem de 630g,"3,45 €","26,74 €/Kg"
"Abs odores lavanda, pack 2x150g",Glade,Embalagem de 2x150 g,"16,63 €/L","16,63 €/L"
Almôndegas de bovino,PorSi,Embalagem de 400 g,"3,53 €","8,83 €/Kg"
Papa infantil láctea 5 frutos +6 meses,Cerelac,Embalagem de 250g,"4,49 €","4,49 €/Kg"
Maçã Golden 70/75,Programa Origens,1 un = 180 gr (aprox.),"1,69 €/Kg","1,69 €/Kg"
Whisky tullamore dew,Tullamore,Garrafa de 700 ml,"23,49 €","23,49 €/L"
Queijo 3 igrejas cura de 1. 5meses,Saloio,Embalagem de 470g,"5,99 €","23,96 €/Kg"
Recarga sabonete líquido para as mãos de coco,Dove,500 ml,"1,09 €","2,18 €/L"
Cabo de metal com rosca,PorSi,1.20 m,"2,99 €","2,99 €/Unidade"
Multi vitaminas 50+,PLANTANATU,Embalagem de 1 unidades,"10,79 €","21,58 €/L"
Cafe soluvel c/c 200g,Delta,Embalagem de 200g,"1,45 €","14,50 €/Kg"
Panda cubos,Olivo,,"9,99 €/Unidade","9,99 €/Unidade"
Sal marinho grosso,Vatel,Embalagem de 1 kg,"0,25 €","0,25 €/Kg"
Nutella,Nutella,Embalagem de 700g,"4,19 €","12,32 €/Kg"
Lasanha bolonhesa,Iglo,Embalagem de 300g,"2,16 €","6,17 €/Kg"
Sumo essencial kids,Compal,pack 3 x 0.11 l,"2,29 €","6,94 €/L"
Lambrusco branco,Sorbello,Garrafa de 0.75 l,"2,09 €","2,79 €/L"
Ambientador aerossol 5 em 1 lavanda,PorSi,300 ml,"0,99 €","3,30 €/L"
Forra livros,Mab,,"1,69 €","1,69 €/Unidade"
Cogumelos fatiados,PorSi,Embalagem de 400g,"1,49 €","1,49 €/Kg"
Guache,Giotto,6 x 7.5 ml,"3,09 €","3,09 €/Unidade"
Cebola picada em pacote,PorSi,Embalagem de 40 g,"0,25 €","0,25 €/Kg"
"Manga kent ""avião""",*,Embalagem de 350 g,"2,29 €/Kg","2,29 €/Kg"
Vela com número nº 6,PorSi,1 unidade,"0,60 €","0,60 €/Unidade"
Compasso Origin 3 peças,Maped,Uma embalagem,"4,69 €","4,69 €/Unidade"
Alimento seco p/ cão croquetes vaca,Pedigree,Embalagem de 3 kg,"22,99 €","1,15 €/Kg"
Borracha para lápis e tinta,Domédia,1 unidade,"3,09 €","3,09 €/Unidade"
Fortnite Blaster Six Shoote,Nerf,1 unidade,"17,99 €/Unidade","17,99 €/Unidade"
Moscatel de setúbal,Pioneiro,Garrafa de 750 ml,"16,99 €","24,27 €/L"
Puré batata doce,PorSi,Embalagem de 750g,"1,89 €","6,30 €/Kg"
Leite creme,PorSi,Embalagem de 2x135 g,"1,49 €","3,73 €/Kg"
Iogurte liquido sem lactose morango e banana,PorSi Viva Bem,Embalagem de 4 x 160 g,"2,49 €","5,19 €/Kg"
Abacate categoria II,Fruta do Dia,Embalagem de 300 g,"2,29 €/Kg","2,29 €/Kg"
