Nome,Marca,Unidade,Preço Primário,Preço Secundário
Lula recheada com carne,PorSi,Embalagem de 500 g,"8,99 €","17,98 €/Kg"
Miolo de camarão 80/100,Pescanova,Embalagem de 350g,"8,99 €","25,69 €/Kg"
Saqueta de puré de fruta | maçã + banana + morango,PorSi,90 g,"0,74 €","8,22 €/Kg"
Borracha para lápis e tinta,Domédia,1 unidade,"3,19 €","3,19 €/Unidade"
Tisana de chá verde/limão light,Pleno,"Garrafa de 1,5 l","1,14 €","0,76 €/L"
Detergente Líquido p/ Loiça Original,Fairy,"Embalagem de 1,19 l","1,05 €","2,10 €/L"
Pão Regional Rio Maior Inteiro,Pão do Dia,1 unidade= 900 g,"0,19 €","2,38 €/Kg"
Whiskey bourbon,J.daniels,Garrafa de 700 ml,"32,99 €","47,13 €/L"
Caramelos de fruta,Penha,Embalagem de 250 g,"2,75 €","11,00 €/Kg"
Detergente Multiusos Spray,Ajax,Garrafa de 500 ml,"3,99 €","7,98 €/L"
Polvilho doce,PorSi,Embalagem de 500g,"2,29 €","4,58 €/Kg"
Vinagre de fruta,PorSi,Embalagem de 500 ml,"2,89 €","11,56 €/L"
Sabonete sensitive,Palmolive,Embalagem de 4x90 g,"4,49 €","12,47 €/Kg"
Água Tónica Zero,Schweppes,Garrafa de 1 l,"5,39 €","5,39 €/L"
Papel higiénico compacto,PorSi,24 rolos,"1,99 €","1,99 €/Unidade"
Iogurte infantil c/ drageias coloridas,PorSi,140 g,"1,05 €","1,86 €/L"
"Queijo light, 8 porções",A Vaca Que Ri,Embalagem de 140 g,"2,39 €","19,92 €/Kg"
Vinho tinto regional alentejano,Tapada do Barão,Garrafa de 0.75 l,"2,89 €","3,85 €/L"
"Atacador redondo, castanho, 60cm 3916",Sonaf,1 unidade,"5,29 €","35,27 €/L"
Vinho doc douro tinto,Papa Figos,Garrafa de 0.75 l,"7,49 €","9,99 €/L"
Tablete de chocolate choco jelly,Milka,Embalagem de 250g,"2,29 €","17,62 €/Kg"
Água c/ gás groselha,Frize,pack 4 x 0.25 l,"2,85 €","2,85 €/L"
"Vinho rosé, meio seco",Leziria,Garrafa de 750 ml,"4,29 €","5,72 €/L"
"Luvas multiusos relevo antiderrapante, tamanho grand...",PorSi,Embalagem de 1 unidades,"0,69 €","0,69 €/Unidade"
Conjunto de medição,Maped,4 peças,"3,29 €","3,29 €/Unidade"
Gelatina zero % morango,Koala,Embalagem de 130g,"0,85 €","2,13 €/Kg"
Caixa Cubo Pearls,Jacquot,Embalagem de 200g,"7,29 €","29,16 €/Kg"
Miolo de camarão cozido 40/60,Pescanova,Embalagem de 200 g,"8,99 €","25,69 €/Kg"
Limpa vidros recarga tripla ação,Ajax,Embalagem de 500 ml,"3,19 €","6,38 €/L"
Palitos superfinos,PorSi,Embalagem de 400 unidades,"1,50 €","1,50 €/Unidade"
"Forma papel para bolos, 10. 5cm",PorSi,Embalagem com 60 unidades,"0,54 €","0,54 €/Unidade"
Cebolinho,PorSi,Embalagem de 50g,"0,99 €","19,80 €/Kg"
Sumo essencial de pêssego,Compal,pack 3 x 0.11 l,"0,99 €","0,99 €/L"
Remove Insectos,PorSi,Embalagem de 1 l,"3,49 €","13,96 €/L"
Milho partido,Rac.zezere,Embalagem de 5 kg,"2,49 €","2,49 €/Kg"
Néctar clássico laranja,Compal,Embalagem de 1 l,"0,99 €","0,99 €/L"
Gomas de ursos com brilho,Fini,Embalagem de 100g,"1,19 €","3,97 €/Kg"
"Coloração permanente, castanho claro cobre nº54",Nutrisse,1 unidade,"9,49 €/Unidade","9,49 €/Unidade"
Guardanapos 2 folhas azul e dourado,PorSi Select,40 unidades,"1,29 €","1,29 €/Unidade"
Framboesa,PorSi,Embalagem com 125g,"2,19 €","17,52 €/Kg"
Óleo de girassol,PorSi,garrafa de 3 litros,"3,39 €","3,39 €/L"
Crepe simples,PorSi,Embalagem de 630g,"3,99 €","7,39 €/Kg"
Máquina de barbear mach 3 turbo,Gillette,1 unidade,"1,16 €","4,64 €/L"
Fraldas Activity Extra T5 |13-19 kg,Dodot,48 Unidade,"6,49 €","6,49 €/Unidade"
Salsichas de porco,Nobre,Lata de 200g,"0,75 €","3,75 €/Kg"
Salsichas frasco hot dog,PorSi,Embalagem 540G,"0,75 €","3,75 €/Kg"
Vinagre de vinho tinto,Cristal,Garrafa de 500 ml,"2,89 €","11,56 €/L"
Pensos Higiénicos Ultra Air Dry C/ Abas,Ausonia,embalagem com 14 un.,"4,99 €","4,99 €/Unidade"
Bombons Caja Roja,Nestlé,Embalagem 400 g,"7,29 €","29,16 €/Kg"
Redutor de gordura (cápsulas),Forma+,Embalagem de 43g,"6,89 €","45,93 €/Kg"
Broa de Milho,Pão do Dia,1 unidade= 400 g,"0,19 €","2,38 €/Kg"
Óleo Performa C3 5W40 Sintético,Galp,Embalagem de 1 l,"14,99 €","14,99 €/L"
Ginkgo biloba,Forma+,Embalagem de 56g,"6,89 €","45,93 €/Kg"
Vinho regional lisboa reserva tinto,Mundus,Garrafa de 750 ml,"4,99 €","6,65 €/L"
Queijo são jorge dop,PorSi Select,Embalagem de 400g,"3,80 €","15,19 €/Kg"
Papa infantil láctea maçã +6 meses,Cerelac,Embalagem de 250g,"4,99 €","4,99 €/Kg"
Batata doce frita,PorSi,Embalagem de 150g,"1,01 €","5,46 €/Kg"
Doce light alperce,PorSi,Embalagem de 340g,"3,59 €","10,26 €/Kg"
Polpa tomate biológico,Guloso,Embalagem de 500g,"3,65 €","7,30 €/Kg"
"Cueca de incontinência, adulto, pequena",PorSi,Embalagem com 14 unidades,"18,65 €","18,65 €/Unidade"
Linguas de gato,PorSi,Embalagem de 200 g,"0,69 €","3,45 €/Kg"
Gel de banho suave,Johnson's Baby,Embalagem de 500 ml,"1,99 €","1,99 €/Unidade"
Café moagem normal: original,Buondi,Embalagem de 220g,"11,16 €/Kg","11,16 €/Kg"
Atum posta em óleo,General,Embalagem de 110g,"0,89 €","7,42 €/Kg"
"Vinho tinto regional, península de setúbal, bag-in-b...",Dom Campos,Garrafa de 5 l,"9,49 €","1,90 €/L"
Fraldas premium T4 - 9 a 15 kg,PorSi,50 unidades,"6,49 €","6,49 €/Unidade"
Mistura solúvel brasa,Nestle,Embalagem de 200g,"1,64 €","6,56 €/Kg"
Anti-Traça Alimentos,Dum Dum,2 unidades,"4,69 €","4,69 €/Unidade"
Mopa com cabo,PorSi,1 unidade,"0,89 €","0,89 €/Unidade"
"Gel cabelo, styling signature",Axe,Embalagem de 125 ml,"5,99 €","14,98 €/L"
Refresco em pó de ananás,PorSi,Embalagem de 40 g,"0,75 €","18,75 €/Kg"
Creme Corpo Goodness,Dove,Embalagem de 300 ml,"11,23 €/L","11,23 €/L"
Bolachas crackers integrais,PorSi,Embalagem de 500g,"0,39 €","3,12 €/Kg"
Panquecas de aveia c/ proteína pepitas chocolate,Prozis,Embalagem de 400g,"11,99 €","29,98 €/Kg"
Creme vegetal culinário,Vaqueiro,Embalagem de 250 g,"1,59 €","6,36 €/Kg"
Pensos peles sensíveis XL,PorSi,5 unidades,"1,69 €","1,69 €/Unidade"
Ice tea de pêssego,PorSi,Garrafa de 2 l,"1,14 €","0,76 €/L"
Óleo de salmão,Forma+,Embalagem de 71g,"6,89 €","45,93 €/Kg"
Perfume Paw Patrol,Air Val,30 ml,"4,09 €","136,33 €/L"
Rolls 6 unidades,Bimbo,Embalagem de 340g,"1,39 €","1,39 €/Kg"
Boudoirs,Du Bois de la Roche,Embalagem de 200 g,"0,69 €","3,45 €/Kg"
"Óleo de girassol, 3 a's",Fula,Embalagem 1L,"3,39 €","3,39 €/L"
Preparado de bolo de iogurte,PorSi,500 g,"2,99 €","6,64 €/Kg"
Bolacha dibus sharkies s/ glúten,Gullon,Embalagem de 250g,"1,89 €","15,75 €/Kg"
"Iogurte, sabor a morango",PorSi,Embalagem de 4 x 125 g,"1,87 €","1,25 €/Kg"
"Lava e encera, aromas de alfazema",Novycera,Embalagem de 500 ml,"2,49 €","2,49 €/L"
Cogumelos inteiros,PorSi,Embalagem de 355 g,"2,19 €","2,81 €/Kg"
Chouriço Extra do Ribatejo,PorSi,200 g,"1,22 €","6,78 €/Kg"
Azeite Subtil,Gallo,Garrafa de 750 ml,"3,29 €","4,39 €/L"
Chourico vinho das beiras,PorSi,Embalagem de 280g,"1,22 €","6,78 €/Kg"
Desentupidor canos,Mr.muscle,Embalagem de 1 l,"4,44 €","5,92 €/L"
Cornflakes + gulosos,Cemporcent,Embalagem de 250g,"0,69 €","1,73 €/Kg"
Spray recarga limpeza da cozinha,Cif,embalagem de 70 ml,"0,79 €","0,79 €/L"
Bolachas,Oreo,Embalagem de 220g,"1,49 €","9,68 €/Kg"
Bife da Pá,Novilho,Vendido ao peso a partir de 800 g,"1,30 €","6,49 €/Kg"
Sabão super,Clarim,Embalagem de 400g,"2,38 €","4,67 €/Kg"
Muesli tropical,Cemporcent,Embalagem de 500g,"0,69 €","1,73 €/Kg"
Aditivo em pó máquina pink,Vanish,Embalagem de 1.2 kg,"7,99 €","19,02 €/Kg"
Palmilha cortiça com latex t 38/39,Sonaf,1 unidade,"5,59 €","37,27 €/L"
Autobrilhante Preto,Búfalo,Embalagem de 50 ml,"0,99 €","330,00 €/Kg"
Iogurte natural 0%,PorSi Viva Bem,Embalagem de 6 x 125 g,"0,99 €","1,98 €/Kg"
Bolacha de água e sal júnior,Vieira,Embalagem de 160g,"1,49 €","2,48 €/Kg"
Bolachas belgas manteiga,PorSi,Embalagem de 250g,"1,69 €","6,76 €/Kg"
"Bolacha belvita soft brakes, frutos vermelhos",Belvita,Embalagem de 250g,"1,49 €","2,48 €/Kg"
Leite condensado,Nestle,Embalagem de 370g,"1,09 €","2,75 €/Kg"
"Mistura de couve flor, brócolos e cenoura",PorSi,Embalagem de 1 kg,"1,98 €","1,98 €/Kg"
Fermento padeiro 44g condi,Condi,Embalagem de 40g,"1,89 €","17,18 €/Kg"
Detergente para loiça plus + limão,Super Pop,Embalagem de 1L,"1,05 €","2,10 €/L"
Lata de Brilho Preto,Búfalo,Embalagem de 75 ml,"0,99 €","19,80 €/L"
"Água com gás, sabor limão",PorSi,"Embalagem de 6x0,25 l","2,85 €","2,85 €/L"
"Queijo curado, amanteigado",Paiva,Embalagem de 550g,"3,35 €","13,39 €/Kg"
Spray optimal 7 com lixivia,Ajax,Embalagem de 500 ml,"3,99 €","7,98 €/L"
Patê figado de porco,La piara,Embalagem de 80g,"1,19 €","13,52 €/Kg"
"Lava tudo, vinagre",Cif,"Garrafa de 1,4 l","0,99 €","0,50 €/L"
Porto ruby,Valadao,Garrafa de 750 ml,"5,99 €","7,99 €/L"
Adoçante comprimidos,PorSi,Embalagem de 250 saquetas,"5,99 €","23,96 €/Kg"
Creme Depilatório Peles Sensíveis,Veet,Embalagem de 200 ml,"3,29 €","3,29 €/Unidade"
Água mineral sem gás,Vimeiro,Pack 4 x 1.5 l,"1,04 €","0,17 €/L"
Mistura para coelhos,Rac.zezere,Embalagem de 5 kg,"2,49 €","3,11 €/Kg"
Biscoitos integrais aveia e manteiga de amendoim,PorSi Viva Bem,Embalagem de 150g,"1,20 €","3,90 €/Kg"
"Toalhitas limpa móveis, 25 unidades",Pronto,1 embalagem,"1,79 €","1,79 €/Unidade"
Gelatina de morango,Koala,Embalagem de 130g,"0,85 €","2,13 €/Kg"
"Sais de fruto em frasco, laranja",Eno,Embalagem de 150g,"6,89 €","45,93 €/Kg"
Pilha alcalina classic lr20x2,Domédia,1 unidade,"1,49 €","1,49 €/Unidade"
Bol. chip choco s/gluten 130g,Gullon,Embalagem de 130g,"2,69 €","20,69 €/Kg"
"Patê de sardinha,atum e salmão",PorSi,Embalagem de 4 x 22 g,"1,19 €","13,52 €/Kg"
Crack.c/sal na superficie 560g,GRAN PAVES,Embalagem de 560g,"0,39 €","3,12 €/Kg"
Chocolate em pó 70% cacau,STARBUCKS,Embalagem de 300g,"5,39 €","7,19 €/Kg"
Café solúvel c/ cafeína,Delta,Embalagem de 100g,"14,50 €/Kg","14,50 €/Kg"
Brandy,Croft,Garrafa de 1 l,"15,49 €","15,49 €/L"
Alface Roxa,Legumes do Dia,1 un= 400 g (aprox.),"1,00 €","2,49 €/Kg"
Polvilho azedo,PorSi,Embalagem de 500g,"2,29 €","4,58 €/Kg"
Chispalhada com feijão,Nobre,Embalagem de 420g,"2,35 €","5,60 €/Kg"
Infusão nº 6 sem barriga,Cemporcent,Embalagem de 10 unidades,"0,99 €","76,15 €/Kg"
Senses Watermelon,Trident,1 un.,"0,89 €","59,33 €/Kg"
Refrigerante sem gás de ananás,Joi,"Garrafa de 1,5 l","1,14 €","0,76 €/L"
Lenços de bolso kids,Renova,Embalagem sortida com 8 unidades + 2 grátis,"0,89 €","0,89 €/Unidade"
Pão ralado clássico,PorSi,Embalagem de 240 g,"0,72 €","3,00 €/Kg"
Lixívia para roupa delicada,Neoblanc,Embalagem de 1 l,"4,49 €","1,12 €/L"
Hambúrgueres de peru,PorSi,Embalagem de 4x80g,"2,34 €","7,31 €/Kg"
Bolachas brownie tubo,Oreo,Embalagem de 150g,"1,49 €","9,68 €/Kg"
Limpa injetores gasolina,PorSi,Embalagem de 250 ml,"14,99 €","14,99 €/L"
Leite creme,El mandari,Embalagem de 90g,"0,79 €","5,27 €/Kg"
Licor de plantas aromáticas,On Off,"Garrafa de 0,70 l","7,49 €","10,70 €/L"
Pastilhas 60 minutos Spearmint Botlle,Trident,Embalagem com 80g,"0,89 €","59,33 €/Kg"
Refrigerante c/ gás zero s/ cafeína,Coca-Cola,pack 6 x 0.33 l,"0,40 €/L","0,40 €/L"
Pudim de caramelo,Boca Doce,Embalagem de 20g,"0,59 €","29,50 €/Kg"
12 Caldos de carne,PorSi,Embalagem de 127 g,"3,84 €","24,00 €/Kg"
Adoçante liquido,PorSi,Garrafa de 125 ml,"5,99 €","23,96 €/Kg"
Alho concentrado,Forma+,Embalagem de 70g,"6,89 €","45,93 €/Kg"
Abóbora Menina Programa Origens,PorSi,1 un= 1 kg (aprox.),"0,79 €/Kg","0,79 €/Kg"
Gel Creme Make Waves,Tresemmé,Embalagem de 125 ml,"4,19 €","16,76 €/L"
Cogumelos laminados 1/2,PorSi,Embalagem de 355 g,"2,19 €","2,81 €/Kg"
Iogurte mix-in smarties morango,Nestle,Embalagem de 2 x 128 g,"1,05 €","1,86 €/L"
Ketchup,PorSi,Embalagem de 300 g,"0,87 €","2,90 €/Kg"
Bolacha cookie sensations choco,Milka,Embalagem de 160g,"0,79 €","5,27 €/Kg"
Queijo snack gouda,PorSi,Embalagem de 100g,"1,96 €","9,80 €/Kg"
"Borracha Technic, 600",Maped,embalagem com 2 unidades,"3,19 €","3,19 €/Unidade"
Ração para gato adulto de interior,Friskies,Embalagem de 3 kg,"12,99 €","4,33 €/Kg"
Purificador de água,Tetra,Embalagem de 1 l,"7,29 €","7,29 €/L"
Gogo SqueeZ Snack Pêssego,Gogo,Embalagem de 90g,"2,29 €","6,94 €/L"
Porto ruby,Ferreira,Garrafa de 750 ml,"5,99 €","7,99 €/L"
Preparado para arroz de marisco,Brasmar,Embalagem de 450 g,"1,99 €","4,98 €/Kg"
Bolacha de manteiga belga original,Saborosa,Embalagem de 220g,"1,69 €","6,76 €/Kg"
20 saquetas chá de baunilha c/ caramelo,Lipton,Embalagem de 40g,"58,44 €/Kg","58,44 €/Kg"
"Luvas multiusos relevo antiderrapante, tamanho médio",PorSi,Embalagem de 1 unidades,"0,69 €","0,69 €/Unidade"
Desodorizante roll-on Invisible,Rexona,Embalagem de 50ml,"1,39 €","6,95 €/L"
Adoçante à base de sucralose em pó,PorSi,Embalagem de 90g,"5,99 €","23,96 €/Kg"
"Coloração permanente, castanho dourado, nº43",Nutrisse,1 unidade,"9,49 €/Unidade","9,49 €/Unidade"
Baguete,*,400 g,"0,19 €","2,38 €/Kg"
Infusão tília,Cemporcent,Embalagem de 10 unidades,"0,99 €","76,15 €/Kg"
Cereais corn flakes s/ glúten chocolate,Nestle,Embalagem de 380g,"2,99 €","7,97 €/Kg"
Gelatina melancia 10kcal 31g,Royal,Embalagem de 30g,"0,55 €","61,11 €/Kg"
Vinho maduro tinto doc alentejo reserva,Albarrada,Garrafa de 75 cl,"2,89 €","3,85 €/L"
Cubos de bacon,Porminho,Embalagem de 2x75 g,"1,45 €","18,13 €/Kg"
Naperon redondo 35 cm,PorSi,Embalagem com 6 unidades,"1,29 €","1,29 €/Unidade"
Azeite,PorSi,Garrafa de 1 l,"3,29 €","4,39 €/L"
Sumo 100% pêssego e uva,PorSi,Pack 3 x 200 ml,"1,09 €","0,73 €/L"
"Esfregona, algodão, completa",PorSi,1 unidade,"0,89 €","0,89 €/Unidade"
Guardanapos,PorSi,,"1,29 €","1,29 €/Unidade"
Cogumelos laminados,PorSi,Embalagem de 185 g,"2,19 €","2,81 €/Kg"
"Calm, valeriana e passiflora (cápsulas)",Forma+,Embalagem de 24g,"6,89 €","45,93 €/Kg"
"Limpa vidros cristal, pistola",PorSi,Embalagem de 1 l,"3,19 €","6,38 €/L"
Pickles em vinagre,PorSi,Embalagem de 200 g,"2,19 €","2,81 €/Kg"
"Rebuçados sem açucar vita c, sabor citrinos",Halls,Embalagem de 32G,"1,69 €","16,90 €/Kg"
Chá verde matcha e ginger,Lipton,Embalagem com 20 saquetas,"58,44 €/Kg","58,44 €/Kg"
Sobremesa paturette baunilha,Páturages,Embalagem de 4 x 115 g,"1,19 €","2,59 €/Kg"
Inseticida baratas e formigas,Dum Dum,Embalagem de 400 ml,"4,49 €","11,97 €/L"
Tampão proteção de confiança,O.B.,1 Embalagem c/32 unidades,"1,39 €","1,39 €/Unidade"
Isoflavonas de soja 80 comprimidos,Forma+,Embalagem de 60g,"6,89 €","45,93 €/Kg"
Papa infantil láctea 5 frutos +6 meses,Cerelac,Embalagem de 250g,"4,99 €","4,99 €/Kg"
Laca volume,Nivea,Embalagem de 250 ml,"4,19 €","16,76 €/L"
Pão ralado alho e salsa,PorSi,Embalagem de 240 g,"0,72 €","3,00 €/Kg"
Detergente líquido baby,Skip,22 doses,"9,99 €","9,08 €/L"
Barras de cereais de trigo integral com chocolate e ...,Nestle,Embalagem de 135 g,"1,29 €","10,24 €/Kg"
Toalhitas multiusos limão,PorSi,Embalagem de 80 unidades,"1,79 €","1,79 €/Unidade"
Bombom Caja Roja,Nestlé,Embalagem de 100G,"7,29 €","29,16 €/Kg"
Lombo s/ Osso,Porco,Vendido ao peso a partir de 1 kg,"4,89 €","4,89 €/Kg"
Tomate frito,Heinz,Embalagem de 350g,"3,84 €","24,00 €/Kg"
Vinho tinto bag-in-box,Capataz,Embalagem de 5 l,"5,19 €","1,04 €/L"
Gelo picado,PorSi,Embalagem de 2 kg,"1,00 €","0,50 €/Kg"
Arroz agulha,Cigala,Embalagem de 1 kg,"0,99 €/Kg","0,99 €/Kg"
Condicionador com keratina,Syoss,Embalagem de 500 ml,"11,99 €","159,87 €/L"
Bolachas starship chocolate,PorSi,Embalagem de 150g,"0,79 €","5,27 €/Kg"
Miúdos,Frango,1 un = 250 gr  (aprox.),"0,62 €","2,49 €/Kg"
"Pimenta preta, moída, em frasco",PorSi,Embalagem de 43 g,"0,25 €","0,25 €/Kg"
Refresco pó laranja,PorSi,Embalagem de 40g,"0,75 €","18,75 €/Kg"
Leite condensado cozido,Nestle,Embalagem de 400g,"1,09 €","2,75 €/Kg"
8 hamburguers s/ glúten frango,Capitão Iglo,Embalagem de 480g,"2,34 €","7,31 €/Kg"
Recarga p/ Esfregona |Eco,Vileda,,"0,89 €","0,89 €/Unidade"
Flauta plástica moderna,Maped,1 unidade,"2,49 €","2,49 €/Unidade"
Massa de cotovelinhos,Nacional,Embalagem de 500g,"1,39 €","1,39 €/Kg"
Liégeois Sobremesa de chocolate,Páturages,Embalagem de 4x100 g,"1,19 €","2,59 €/Kg"
Moscatel do douro,Favilla,Garrafa de 750 ml,"5,99 €","7,99 €/L"
"Queijo em fatias, -50% gordura",Limiano,Embalagem de 200g,"1,96 €","9,80 €/Kg"
Cera líquida spray,Arbo,embalagem de 500 ml,"3,49 €","13,96 €/L"
Cacetinho de trigo integral,Pão do Dia,90 g,"0,19 €","2,38 €/Kg"
Creme vegetal para culinária,PorSi,Embalagem de 250g,"1,59 €","6,36 €/Kg"
Polvo limpo,PorSi,Embalagem de 1 kg,"8,99 €","11,24 €/Kg"
Café torrado e moído 16 pastilhas,Sical,Embalagem de 104g,"59,82 €/Kg","59,82 €/Kg"
"Desodorizante para pés, creme Sport",Protex,Embalagem de 50 ml,"5,59 €","37,27 €/L"
Rolo de cozinha XXL,PorSi,1 rolo,"4,99 €","4,99 €/Unidade"
Gelatina mirtilo 10kcal 31g,Royal,Embalagem de 30g,"0,55 €","61,11 €/Kg"
Detergente líquido Ultra Concentrado Loiça Platinium...,PorSi,Embalagem de 500 ml,"1,05 €","2,10 €/L"
Trigo,Rac.zezere,Embalagem de 5 kg,"2,49 €","2,49 €/Kg"
Rolo de cozinha reciclado,PorSi,4 rolos,"4,99 €","4,99 €/Unidade"
Creme bio mãos e unhas,Labell Bio,75 ml,"2,49 €","41,50 €/L"
Marcador Turbo Color x12,Giotto,Uma embalagem,"2,99 €","2,99 €/Unidade"
Champô para cabelos pintados,Labell,Embalagem de 750 ml,"5,59 €","13,98 €/L"
Vinho rosé regional península de Setúbal,Selecção de Enófilos,Garrafa de 0.75 l,"4,99 €","6,65 €/L"
Néctar clássico tutti-frutti,Compal,Embalagem de 1 l,"0,99 €","0,99 €/L"
Super Cola 3 Precisão C/ 50% Grátis,Loctite,7.5 g,"2,99 €","99,67 €/Kg"
Água com gás,Castello,24 x 25 cl,"2,85 €","2,85 €/L"
Cartilagem de tubarão,Forma+,Embalagem de 48g,"6,89 €","45,93 €/Kg"
Alimento húmido para cão borrego,Pedigree,Embalagem de 300g,"0,75 €","2,50 €/Kg"
Creme Depilatório Peles Sensíveis,Veet,Embalagem de 200 ml,"2,99 €","14,95 €/L"
Manhãzitos® mini,Manhazitos,Embalagem de 84g,"2,05 €","5,13 €/Kg"
Arroz Risotto,PorSi,Embalagem de 1 kg,"0,99 €/Kg","0,99 €/Kg"
Tablete de chocolate leite com avelã,PorSi Select,200 g,"4,09 €","14,82 €/Kg"
Fraldas de Incontinência Elásticos Grandes,Lindor,20 Unidades,"18,65 €","18,65 €/Unidade"
Perna com Costa,Frango,1 un. = 300 g (aprox.),"1,05 €","2,99 €/Kg"
Creme Muda Fralda,Baby Dove,Embalagem de 45 g,"0,55 €","5,50 €/L"
Vela em número nº4,PorSi,1 unidade,"0,60 €","0,60 €/Unidade"
Porto branco,Valadao,Garrafa de 750 ml,"6,65 €/L","6,65 €/L"
Tablete de chocolate extra fina leite/avelã,Nestle,Embalagem de 120g,"4,09 €","14,82 €/Kg"
Tesoura advanced green,Maped,17 cm,"2,49 €","2,49 €/Unidade"
Néctar light de manga/laranja,Compal,Pack 3 x 200 ml,"0,84 €","2,55 €/L"
"Pasta de arquivo, lombada estreita, cinza",Domédia,1 unidade,"3,29 €","3,29 €/Unidade"
Meloa Gália,Programa Origens,1 un = 1 kg (aprox.),"0,75 €","2,99 €/Kg"
Papa infantil não láctea bolacha maria +6 meses,Cerelac,Embalagem de 250g,"4,99 €","4,99 €/Kg"
Sangria tinta,PorSi,Garrafa de 1.5 litros,"2,39 €","1,59 €/L"
Bolacha maria junior doces,Vieira,Embalagem de 280g,"1,89 €","15,75 €/Kg"
Sacos cubos de gelo fecho manual,PorSi,Embalagem com 10 unidades,"1,11 €","1,11 €/Unidade"
Leite uht magro,Mimosa,Embalagem de 200 ml,"0,83 €","0,83 €/L"
Bebida de soja com cálcio,PorSi Viva Bem,Embalagem de 1 litro,"1,49 €","1,49 €/L"
Topping de morango,Winsenia,Embalagem de 300g,"1,29 €","3,23 €/Kg"
After shave bálsamo sensitive,Labell Men,Embalagem de 100 ml,"1,16 €","4,64 €/L"
Bacalhau espiritual,PorSi,Embalagem de 300g,"1,99 €","4,98 €/Kg"
Batata Doce,Legumes do Dia,1 un = 250 gr  (aprox.),"0,30 €","1,19 €/Kg"
30 Sacos de Lixo,Fino,Capacidade: 35L,"1,89 €","1,89 €/Unidade"
Lava Tudo Amoniacal,Sonasol,4 litros,"0,99 €","0,50 €/L"
Ice tea limão,Lipton,Embalagem de 1L,"1,14 €","0,76 €/L"
Pão Regional Rio Maior Inteiro,Pão do Dia,1 unidade= 450 g,"0,19 €","2,38 €/Kg"
Pensos Higiénicos Cottonlike Normal Abas,Evax,embalagem de 16 unidades,"4,99 €","4,99 €/Unidade"
Creme p/ Calçado Castanho,Búfalo,Embalagem de 40 ml,"0,99 €","19,80 €/L"
20 saquetas chá yellow label,Lipton,Embalagem de 30g,"58,44 €/Kg","58,44 €/Kg"
Café Clássico,PorSi,10 cápsulas,"59,82 €/Kg","59,82 €/Kg"
Mel em frasco de vidro,PorSi,Embalagem de 250g,"4,89 €","9,78 €/Kg"
Halls Mini Mints Menta,Halls,12.5 g,"1,08 €","5,40 €/Kg"
Esparguete fino,Nacional,Embalagem de 500g,"1,39 €","1,39 €/Kg"
Água s/ gás limão,Luso,Garrafa de 1 l,"1,04 €","0,17 €/L"
Shampo repelente p/ cão,Repul' 7,Garrafa de 200 ml,"11,98 €","59,90 €/L"
"Anti-traça lav, pack económico",Raid,Embalagem de 6x3g,"4,69 €","4,69 €/Unidade"
Limpa pavimentos flutuantes,PorSi,Embalagem de 1 litro,"1,54 €","2,05 €/L"
Spray tira gorduras,PorSi,Embalagem de 750 ml,"1,79 €","2,39 €/L"
Alho Francês,Programa Origens,1 un = 300 g (aprox.),"0,66 €","2,19 €/Kg"
Filetes de atum dos Açores em azeite c/ orégãos,PorSi Select,190 g,"0,89 €","7,42 €/Kg"
Amaciador de roupa peónia azul e citrus,Surf,90 doses,"6,99 €","3,88 €/L"
Pedras limão,P.salgadas,Garrafa de 1 l,"2,85 €","2,85 €/L"
Gressinos com azeite,PorSi,Embalagem de 250g,"2,39 €","6,83 €/Kg"
Arroz agulha,Pato real,Embalagem de 1 kg,"0,99 €/Kg","0,99 €/Kg"
Vodka,ON/OFF,Garrafa 0.70L,"14,99 €","21,41 €/L"
Ambientador gel marinho,PorSi,150 g,"16,63 €/L","16,63 €/L"
"Rolos de cozinha compactos, branco, 2 unidades",PorSi,Uma embalagem,"4,99 €","4,99 €/Unidade"
Pêssego em calda metades,PorSi,Lata com 840 g,"1,99 €","2,37 €/Kg"
Detergente líquido p/ máquina lavar roupa cores,Woolite,"Garrafa de 1,65 l","31,99 €","31,99 €/Unidade"
"Argolas, brancas, autocolante, 160 unidades, 13 mm",Domédia,1 embalagem,"2,19 €","109,50 €/L"
Lic.amendoa amarga zimbro,Zimbro,Garrafa de 0.70L,"7,49 €","10,70 €/L"
"Escova dentes, rotativa global, dura, 2 unidades",Labell,1 embalagem,"3,19 €","3,19 €/Unidade"
Espumante Bruto,Gancia,"Garrafa de 0,75 l","3,49 €","4,65 €/L"
Vinho doc dão tinto,Santar,Garrafa de 0.75 l,"3,99 €","5,32 €/L"
Alimento seco para gato Júnior,Whiskas,Embalagem de 950 g,"12,99 €","4,33 €/Kg"
Goiabada,PorSi,600 g,"1,09 €","2,42 €/Kg"
Refrigerante  c/ gás regular,Coca-Cola,pack 4 x 1 l,"0,40 €/L","0,40 €/L"
Queijo para barrar light,PorSi Viva Bem,Embalagem de 200g,"2,39 €","19,92 €/Kg"
Leite c/ Chocolate Bem Especial 0% lactose,Mimosa,pack 4 x 200 ml,"0,26 €","1,30 €/L"
Fermento de padeiro,Vahine,Embalagem de 20g,"1,89 €","17,18 €/Kg"
Batata frita forno originais,Lay's,Embalagem de 150g,"1,69 €","9,39 €/Kg"
Moscatel de Setúbal Reserva,Selecção de Enófilos,Garrafa de 0.75 l,"5,99 €","7,99 €/L"
Queijo curado pequeno,Casteloes,Embalagem de 500g,"0,82 €","23,43 €/Kg"
Champô oil nutritive,Gliss,Embalagem de 250 ml,"5,59 €","13,98 €/L"
Framboesas 100% Naturais,PorSi,Embalagem de 750 g,"3,29 €","4,39 €/Kg"
Achocolatado em saco,Nesquik,Embalagem de 1 kg,"5,39 €","7,19 €/Kg"
Leite c/ cacau original,Cacaolat,Garrafa de 1 l,"0,26 €","1,30 €/L"
Biscoitos brownies,PorSi,Embalagem de 230g,"0,79 €","5,27 €/Kg"
Puzzle 3D Tower Bridge,Cubic Fun,1 unidade,"5,99 €","5,99 €/Unidade"
Vinho tinto doc douro,VILA REAL,Garrafa de 750 ml,"7,49 €","9,99 €/L"
Leite seleccionado matinal leve,Matinal,Embalagem de 200 ml,"0,83 €","0,83 €/L"
Amaciador concentrado para roupa aloé vera,PorSi,80 doses,"3,74 €","0,96 €/L"
Milho doce,PorSi,Embalagem de 3 x 140 g,"2,19 €","2,81 €/Kg"
Moscatel de setúbal,Dom Campos,Garrafa de 750 ml,"5,99 €","7,99 €/L"
Vermute rosso,Martini,Embalagem de 10x6 cl,"7,99 €","10,65 €/L"
"Pasta de limpeza com oxigénio activo, 48 unidades",Polident,Uma embalagem,"7,39 €","105,57 €/Kg"
Iogurte líquido dan'up milkshake straciatella,Danone,Embalagem de 4 x 155 g,"1,31 €","2,05 €/Kg"
Café solúvel creme,Nescafe,Embalagem de 100g,"14,50 €/Kg","14,50 €/Kg"
Petit gâteau chocolate negro belga,PorSi,Embalagem com 4 unidades,"3,99 €","7,39 €/Kg"
Vinho tinto,Alandra,Garrafa de 750 ml,"1,59 €","2,12 €/L"
Vinagre de vinho branco,PorSi,Garrafa de 1 l,"2,89 €","11,56 €/L"
"Máquina Tripla Matrix, + 5 unidades",Labell Men,Uma embalagem,"1,16 €","4,64 €/L"
Cocktail de marisco,PorSi,Embalagem de 400 g,"3,99 €","9,98 €/Kg"
Paté de sardinha,PorSi,Embalagem de 4 x 22 g,"1,19 €","13,52 €/Kg"
"Papel Vegetal, 8mt",Fino,1 unidade,"1,11 €","1,11 €/Unidade"
Chá preto frutos vermelhos,PorSi,Embalagem de 40g,"1,69 €","56,33 €/Kg"
Fiambre da perna extra fatias finas cuida-t+,Nobre,Embalagem de 110g,"0,97 €","6,49 €/Kg"
Bolachinhas,Cerelac,Embalagem de 180g,"1,89 €","15,75 €/Kg"
Óleo alimentar,Fula,Embalagem 1L,"3,39 €","3,39 €/L"
Mão de vaca com grão,Nobre,Embalagem de 420 g,"2,35 €","5,60 €/Kg"
Bolacha alfa,Nacional,Embalagem de 180g,"2,82 €","9,40 €/Kg"
Mistolin tira-nódoas,Mistolin,Garrafa de 500 ml,"1,54 €","2,05 €/L"
Marcadores para colorir,Domédia,embalagem com 18 unidades,"2,99 €","2,99 €/Unidade"
"Gelatina com stevia, morango",Condi,Embalagem de 2x15 g,"0,55 €","61,11 €/Kg"
Biscoitos canudinho recheio cacau,PorSi,Embalagem de 300g,"2,82 €","9,40 €/Kg"
"Guardanapos brancos, gold, folga dupla, 40x40cm, 75 ...",Renova,1 embalagem,"1,29 €","1,29 €/Unidade"
Sacos do lixo perfumado 30 litros,PorSi,15 unidades,"1,89 €","1,89 €/Unidade"
Ice tea pessêgo,Lipton,pack 6 x 0.25 l,"1,14 €","0,76 €/L"
Vinagre vinho branco 500ml,Cristal,Garrafa de 500 ml,"2,89 €","11,56 €/L"
Azeite virgem extra clássico,Gallo,Garrafa de 750 ml,"3,29 €","4,39 €/L"
Saqueta de puré de fruta | maçã + banana,PorSi,90 g,"0,74 €","8,22 €/Kg"
Vinho regional alentejano reserva tinto,Encosta das Perdizes,Garrafa de 0.75 l,"2,89 €","3,85 €/L"
Mochila 42 cm + Estojo,Lightning Bolt,1 un.,"19,90 €","19,90 €/Unidade"
Lixivia perfume fresco,Neoblanc,Embalagem de 2 l,"2,59 €","1,30 €/L"
"Cerveja sem álcool, tara perdida",Super Bock,Pack 6 X 0.33 L,"5,99 €","3,03 €/L"
Sobremesa Paturette Chocolate,Páturages,Embalagem de 4x115g,"1,19 €","2,59 €/Kg"
Chocolate culinário,Pantagruel,Embalagem de 200g,"1,04 €","8,32 €/Kg"
Farinha nao láctea bolacha maria,PorSi,Embalagem de 250g,"4,99 €","4,99 €/Kg"
"Cerveja com álcool, tara perdida",Kings Bräu,pack 24 x 0.25 l,"1,99 €/L","1,99 €/L"
Francesinha,PorSi,Embalagem de 450G,"3,99 €","9,98 €/Kg"
"Azeite extra virgem, azeitonas verdes",Oliveira da Serra,Garrafa de 750 ml,"3,29 €","4,39 €/L"
Bolachas oreo,Oreo,Embalagem de 440g,"1,49 €","9,68 €/Kg"
Infusão camomila,Cemporcent,Embalagem de 10 unidades,"0,99 €","76,15 €/Kg"
Tablete de chocolate de leite,Toblerone,Embalagem de 100g,"5,30 €/Kg","5,30 €/Kg"
Marmelada,Ferbar,Embalagem de 400g,"1,09 €","2,42 €/Kg"
Leite seleccionado leve,Matinal,Garrafa de 1 l,"0,83 €","0,83 €/L"
Balões latex azul,PorSi,Embalagem com 24 unidades,"0,49 €","0,49 €/Unidade"
Caderno Agrafado Capa Preta |A5 Liso,Domédia,1 unidade,"2,49 €","2,49 €/Unidade"
Queijo mini light,Babybel,Embalagem de 12 x 20 g,"2,39 €","19,92 €/Kg"
Palmiers,Pastelaria do Dia,1 unidade= 100 g,"0,99 €","11,00 €/Kg"
Flocos de batata para puré,PorSi,Embalagem de 500g,"1,98 €","1,98 €/Kg"
Bandas de cera depilatória axilas peles sensíveis,Veet,embalagem com 16 unidades,"6,99 €","6,99 €/Unidade"
Dawnut Açucarado,Pastelaria do Dia,48g,"0,99 €","11,00 €/Kg"
Coleira em nylon p/ cão  repelente 75cm,Repul' 7,Embalagem de 1 unidades,"19,99 €","19,99 €/Unidade"
Cereais fitness,Nestle,Embalagem de 380g,"3,79 €","29,38 €/Kg"
Vinho tinto,Adega grande,Garrafa de 75 cl,"1,59 €","2,12 €/L"
Cerveja com álcool,Sagres,Lata de 500ml,"1,99 €/L","1,99 €/L"
"Leite bem essencial, morango",Mimosa,Embalagem de 200 ml,"1,99 €","2,49 €/L"
Pastilhas descafeinado,Delta,Embalagem de 110g,"59,82 €/Kg","59,82 €/Kg"
Cebola,Programa Origens,1 un = 250 gr  (aprox.),"0,30 €","1,19 €/Kg"
Alimento lácteo sem açucar com sabor a morango/banan...,Yogolino,Embalagem de 4 x 100 gr,"2,89 €","7,23 €/Kg"
Vinho maduro tinto doc alentejano,P.ravessa,Garrafa de 750 ml,"2,89 €","3,85 €/L"
Bolos cake e chococolate,Milka,Embalagem de 180g,"2,15 €","2,87 €/Kg"
"Sabonete sólido, mel",Feno,Embalagem de 360g,"4,49 €","12,47 €/Kg"
Liquido brilhante sapato preto,PorSi,75 ml,"0,99 €","330,00 €/Kg"
Creme depilatório para peles sensíveis,Labell,Embalagem de 200 ml,"2,99 €","14,95 €/L"
"Cera acrílica, madeira",PorSi,Embalagem de 750 ml,"2,49 €","2,49 €/L"
Arroz basmati,PorSi,Embalagem de 1 kg,"0,99 €/Kg","0,99 €/Kg"
Arroz basmati,Caçarola,Embalagem de 1 kg,"0,99 €/Kg","0,99 €/Kg"
Ameixa Vermelha,Fruta da Época,1 un = 250 gr  (aprox.),"0,75 €","2,99 €/Kg"
Massa folhada margarina,PorSi,Embalagem de 230 g,"0,99 €","4,30 €/Kg"
Detergente Manual p/ Lavar Roupa Regular,Gama,Embalagem de 510 g,"2,38 €","4,67 €/Kg"
Tomate Alongado,Programa Origens,1 un = 200 gr (aprox.),"0,46 €","2,29 €/Kg"
Pasta de sardinha,Fides,Embalagem de 90g,"1,19 €","13,52 €/Kg"
Gelatina light de ananás,Condi,Embalagem de 2x15g,"0,55 €","61,11 €/Kg"
Farinheira do Ribatejo,PorSi,Embalagem de 180g,"1,49 €","7,45 €/Kg"
Pastilhas bubblicious,Bubbliciou,Embalagem de 70g,"1,23 €","17,57 €/Kg"
Lava tudo marinho,Cif,"Garrafa de 1,4 l","0,99 €","0,50 €/L"
Vinho branco regional península de setúbal,Joao pires,Garrafa de 0.75 l,"4,99 €","6,65 €/L"
Bolachas chiquilin energy,Artiach,Embalagem de 200g,"1,69 €","6,76 €/Kg"
Liégeois Sobremesa de Café,Páturages,Embalagem de 4x100 g,"0,55 €","2,75 €/Kg"
Creme de mãos Q10 anti idade,Nivea,Embalagem de 100 ml,"2,49 €","41,50 €/L"
Fraldas agility T4 de 9 a 15 kg,PorSi,50 unidades,"6,49 €","6,49 €/Unidade"
Chourição,PorSi,"Vendido ao peso, fatiado a partir de 100 gr","1,35 €","16,88 €/Kg"
Pudim de ananás,Boca Doce,Embalagem de 20g,"0,59 €","29,50 €/Kg"
Bolacha recheada mega duo chocolate,Gullon,Embalagem de 500g,"2,15 €","2,87 €/Kg"
Salva Camas 60 x 60 cm,PorSi,Embalagem com 20 un.,"4,99 €","4,99 €/Unidade"
Barras de cereais golden grahams,Nestle,Embalagem de 150g,"1,29 €","10,24 €/Kg"
Mistura para aves,Rac.zezere,Embalagem de 5 kg,"2,49 €","2,49 €/Kg"
Refrigerante de cola zero,PorSi,Garrafa de 2 l,"0,40 €/L","0,40 €/L"
Gin dry,Gordons,Garrafa de 700 ml,"14,99 €","21,41 €/L"
Fermento em po 4x25g,PorSi,Embalagem de 100g,"1,89 €","17,18 €/Kg"
Comida húmida para cão de frango e arroz,PorSi,Lata de 400 g,"0,75 €","2,50 €/Kg"
Sombrinhas decorativas,PorSi,Embalagem com 25 unidades,"0,49 €","0,49 €/Unidade"
Alimento húmido para cão vaca,Pedigree,Embalagem de 300g,"0,75 €","2,50 €/Kg"
Café em cápsulas dolce gusto ardenza,Nescafe,Embalagem de 110g,"59,82 €/Kg","59,82 €/Kg"
Queijo fatias -50% de gordura,Limiano,Embalagem de 400g,"1,96 €","9,80 €/Kg"
Fraldas Bebé Seco T3 | 6-10 Kg,Dodot,Embalagem com 62 un.,"6,49 €","6,49 €/Unidade"
Banda cera fria peles sensíveis p/corpo,Veet,Embalagem de 20 unidades,"6,99 €","6,99 €/Unidade"
"Cereais crusts, amêndoas e mel",PorSi,Embalagem de 380g,"2,29 €","6,11 €/Kg"
Pensos para picadas de insetos,PorSi,10 unidades,"1,69 €","1,69 €/Unidade"
"Pensos diários respirare, 44 unidades",Carefree,Uma embalagem,"2,99 €","2,99 €/Unidade"
Ambientador para a máquina da loiça de lima e limão,Finish,embalagem com 2 un.,"16,63 €/L","16,63 €/L"
Pré-lavagem power gel,Vanish,Garrafa de 200 ml,"31,99 €","31,99 €/Unidade"
Goiaba,Ferbar,Embalagem de 300g,"1,09 €","2,42 €/Kg"
Ambientador arbremagique baunilha,Arbre Magique,1 unidade,"1,99 €","1,99 €/Unidade"
Bolo de chocolate brownie,Milka,Embalagem de 150g,"2,99 €","6,64 €/Kg"
Puré de batata,Maggi,Embalagem de 250g,"1,99 €","1,99 €/Kg"
Farinha de milho integral,Cemporcent,Embalagem de 500g,"3,39 €","22,60 €/Kg"
Lombinhos,Porco,1 un=500 gr aprox.,"4,89 €","4,89 €/Kg"
Queijo creme de ervas finas,Philadelph,Embalagem de 150g,"2,05 €","16,40 €/Kg"
"Refrigerante com gás, laranja, lata",Fanta,pack 6 x 0.33 l,"0,40 €/L","0,40 €/L"
"Refresco em pó, manga",PorSi,Embalagem de 40g,"0,75 €","18,75 €/Kg"
Óleo Performa 10W40,Galp,Embalagem de 1 l,"14,99 €","14,99 €/L"
Batata frita caseira,PorSi,Embalagem de 500g,"1,69 €","9,39 €/Kg"
Aperitivo de anis,Ricard,Garrafa de 700 ml,"7,99 €","10,65 €/L"
Creme Mãos Secrets Coco,Dove,75 ml,"2,49 €","41,50 €/L"
Molho bechamel,PorSi,Embalagem de 200g,"0,87 €","2,90 €/Kg"
Amaciador Roupa lavanda,PorSi,Embalagem de 60 doses,"3,74 €","0,96 €/L"
Ice tea de limão,PorSi,"Embalagem de 6x0,20 l","1,14 €","0,76 €/L"
Whisky,Grants,Garrafa de 1 l,"19,99 €","19,99 €/L"
Lenços de Bolso 4 Folhas Sensitive,Colhogar,embalagem com 10 un.,"0,89 €","0,89 €/Unidade"
Patas,Frango,1 un = 250 gr  (aprox.),"0,62 €","2,49 €/Kg"
Spray boost multiusos,Ajax,500 ml,"3,99 €","7,98 €/L"
"Tira nódoas, spray oxi",PorSi,Embalagem de 1 l,"1,69 €","1,69 €/L"
"Snack de queijo flamengo, amêndoas e arandos",Limiano,Embalagem de 40g,"1,96 €","9,80 €/Kg"
Gran cruz rosé porto cruz pink,Cruz,Garrafa de 750 ml,"7,99 €","10,65 €/L"
Máscara tesouros de mel,Garnier,Embalagem de 300 ml,"11,99 €","159,87 €/L"
Arbre magique black pine,Arbre Magique,1 unidade,"1,99 €","1,99 €/Unidade"
Barras fitness com chocolate,Nestle,Embalagem de 140g,"3,79 €","29,38 €/Kg"
Lápis de cera,Giotto,embalagem com 12 unidades,"2,99 €","2,99 €/Unidade"
Mexilhão Médio Fresco,Marisco Fresco,Vendido ao peso,"2,00 €","7,99 €/Kg"
Resguardos de cama,PorSi,20 unidades de 80 x 180 cm,"4,99 €","4,99 €/Unidade"
Refrigerante c/ gás de laranja zero,Fanta,"Garrafa de 1,5 l","0,40 €/L","0,40 €/L"
Ambientador vela maçã e canela,PorSi,1 unidade,"9,49 €","45,19 €/Kg"
Sumo 100% laranja,PorSi,Pack 3 x 200 ml,"1,09 €","0,73 €/L"
"Pasta dentífrica, pro-esmalte, branqueador",Sensodyne,Embalagem de 75 ml,"2,39 €","31,87 €/L"
Azeite virgem extra,Ouro elvas,Garrafa de 750 ml,"3,29 €","4,39 €/L"
Barras cereais chocapic,Nestle,Embalagem de 150g,"1,29 €","10,24 €/Kg"
After shave gold,Denim,Embalagem de 100 ml,"1,16 €","4,64 €/L"
Champanhe tradicional bruto,Delagne&fi,Garrafa de 750 ml,"19,99 €","26,65 €/L"
Creme abrasivo de limão,PorSi,Embalagem de 750 ml,"0,99 €","1,32 €/L"
Azeite virgem extra reserva,Gallo,Garrafa de 750 ml,"3,29 €","4,39 €/L"
Alface Roxa,Programa Origens,1 un= 400 g ( aprox.),"1,00 €","2,49 €/Kg"
Cuecas Incontinência Maxi Médio,Lindor,Embalagem com 14 un.,"18,65 €","18,65 €/Unidade"
Elixir junior,Aquafresh,Embalagem de 300 ml,"0,79 €","0,79 €/Unidade"
Café moagem universal brasil,Delta,Embalagem de 220g,"9,16 €/Kg","9,16 €/Kg"
Leite seleccionado magro,Matinal,Garrafa de 1 l,"0,83 €","0,83 €/L"
Canela em pau,PorSi,Saqueta de 30 g,"0,25 €","0,25 €/Kg"
Lombo de bacalhau com lombo higienizada congelada,Reymar,Vendido ao peso,"37,48 €","14,99 €/Kg"
Cerveja c/ álcool mini,Super Bock,Pack 15 x 0.20 L,"1,99 €/L","1,99 €/L"
Crescido Asa Branca,Bacalhau da Noruega,1 un=1.5 Kg (aprox.),"37,48 €","14,99 €/Kg"
Óleo de onagra 1000,Forma+,Embalagem de 70g,"6,89 €","45,93 €/Kg"
3 Pipetas de Repelente p/ Gato,Repul'7,1 unidade,"1,19 €","0,24 €/Kg"
Vinho Vinha da Fonte Setúbal branco,Casa Ermelinda Freitas,Garrafa de 0.75 l,"4,99 €","6,65 €/L"
Ambientador gel floral,PorSi,150 g,"16,63 €/L","16,63 €/L"
10 saquetas infusão de camomila,Lipton,Embalagem de 10g,"0,99 €","76,15 €/Kg"
Sabonete extra suave de limão,Labell,Embalagem de 2x100 g,"4,49 €","12,47 €/Kg"
Iogurtes magros aroma manga,PorSi Viva Bem,Embalagem de 6 x 125 g,"1,09 €","1,45 €/Kg"
Sidra frutos vermelhos,Somersby,pack 4 x 0.33 l,"1,59 €","3,18 €/L"
Pasta de açúcar bege,PorSi,250 g,"1,49 €","1,49 €/Kg"
Açúcar mascavado,PorSi,Embalagem de 500g,"1,49 €","1,49 €/Kg"
"Palmilha de cortiça com pele, tamanho 36/37",Sonaf,1 unidade,"5,59 €","37,27 €/L"
4 hamburguers frango s/ glúten,Capitão Iglo,Embalagem de 240g,"11,44 €/Kg","11,44 €/Kg"
Azeite virgem clássico,PorSi,Garrafa de 750 ml,"3,29 €","4,39 €/L"
Miolo de camarão 50/70,H2Gelo,Embalagem de 250  g,"8,99 €","25,69 €/Kg"
Batata frita caseira,PorSi,Embalagem de 180g,"1,69 €","9,39 €/Kg"
Pensos para bolhas,PorSi,20 unidades,"1,69 €","1,69 €/Unidade"
Pão de forma sem côdea,Panrico,Embalagem de 650g,"0,99 €","1,65 €/Kg"
Bolacha torrada 800g 33% grátis,Vieira,Embalagem de 800g,"2,11 €/Kg","2,11 €/Kg"
8 salsichas bockwurst,PorSi,1 Frasco 720G,"0,75 €","3,75 €/Kg"
Arroz de pato,PorSi,Embalagem de 400g,"3,99 €","9,98 €/Kg"
Barras de cereais fitness crunchy & caramelo,Nestle,Embalagem de 140g,"1,29 €","10,24 €/Kg"
Azeite virgem extra seleção,PorSi,Garrafa de 250 ml,"3,29 €","4,39 €/L"
"Papel higiénico super, folha dupla, 24 rolos",Renova,Uma embalagem,"1,99 €","1,99 €/Unidade"
Alimento seco p/ cão actividade intensa,PorSi,Embalagem de 4kg,"10,49 €","2,62 €/Kg"
Batata frita camponesa,PorSi,Embalagem de 175 g,"1,12 €","6,40 €/Kg"
Bolacha digestive aveia 258g,Vieira,Embalagem de 258 g,"1,49 €","2,48 €/Kg"
Refrigerante C/ Gás Zero,Coca-Cola,Garrafa de 1 l,"0,40 €/L","0,40 €/L"
"Ração para gato adulto com vaca, frango",Friskies,Embalagem de 4kg,"12,99 €","4,33 €/Kg"
Café solúvel creme,Delta,Embalagem de 80 g,"14,50 €/Kg","14,50 €/Kg"
Limpa Móveis,PorSi,Embalagem de 300 ml,"1,39 €","1,26 €/L"
Bebida energética a-zero,Monster,Garrafa de 500 ml,"5,39 €","5,39 €/L"
Iogurte líquido morango,PorSi,Embalagem de 4 x 160 g,"1,31 €","2,05 €/Kg"
Cáscara sagrada (cápsulas),Forma+,Embalagem de 14g,"6,89 €","45,93 €/Kg"
Marmelada sem conservantes,PorSi,Embalagem de 500g,"1,09 €","2,42 €/Kg"
Infusão de tília,Tetley,Embalagem de 10g,"0,99 €","76,15 €/Kg"
Arroz vaporizado,Cigala,Embalagem de 1 kg,"0,99 €/Kg","0,99 €/Kg"
Doce light framboesa,PorSi,Embalagem de 340g,"3,59 €","10,26 €/Kg"
Mousse de Banho Silk Rhubarb & Raspberry,Nivea,Embalagem de 200 ml,"6,99 €","9,32 €/L"
"Inseticida, recarga, elétrico, pack 2",Raid,1 embalagem com 2x27ml,"7,69 €","7,69 €/Unidade"
Gelatina light manga e laranja,Condi,Embalagem de 2x15 g,"0,55 €","61,11 €/Kg"
Presunto fatiado,PorSi,Embalagem de 200g,"2,59 €","12,95 €/Kg"
"Leite em fórmula nº1, confort, para bebé",Aptamil,Embalagem de 800g,"16,99 €","21,24 €/Kg"
Vinho regional lisboa reserva tinto,Marginal,Garrafa de 0.75 l,"4,99 €","6,65 €/L"
"Detergente líquido, manual loiça, original",Fairy,"Embalagem de 1,5 l","1,05 €","2,10 €/L"
Infusão alcachofra e dente de leão,Cemporcent,Embalagem de 10 unidades,"0,99 €","76,15 €/Kg"
Confetis 80 gr sortido,Mercagranel,Embalagem de 80 gr,"0,54 €","0,54 €/Unidade"
Alimento lácteo cereais e bolachas maria +6 meses,Yogolino,Embalagem de 4 x 100 g,"2,89 €","7,23 €/Kg"
Papel Higiénico Compacto Ultra Suave XXL,Colhogar,12 rolos,"1,99 €","1,99 €/Unidade"
Bolachas waffers morango,PorSi,Embalagem de 210g,"0,98 €","4,67 €/Kg"
Gelatina de ananás,Koala,Embalagem de 130g,"0,85 €","2,13 €/Kg"
Tablete chocolate chips ahoy,Milka,Embalagem de 100g,"5,30 €/Kg","5,30 €/Kg"
Carcaça Rústica 70 g,Pão do Dia,,"0,19 €","2,38 €/Kg"
Atum posta em azeite,PorSi,Embalagem de 120g,"0,89 €","7,42 €/Kg"
Pasta de açúcar branco,PorSi,250 g,"1,49 €","1,49 €/Kg"
Barra s.k chocolate 6x21.5g,Kellogg's,Embalagem de 6X21.5G,"3,79 €","29,38 €/Kg"
Mousse cabelo caracois,Labell,Embalagem de 200ml,"4,19 €","16,76 €/L"
Vela em número nª2,PorSi,1 unidade,"0,60 €","0,60 €/Unidade"
Bolachas mini chips ahoy,Ca!,Embalagem de 160g,"0,79 €","5,27 €/Kg"
Leite desmaquilhante para peles secas,Labell,Embalagem de 250 ml,"1,15 €","4,60 €/L"
Pizza hawai,PorSi,Embalagem de 350g,"2,16 €","6,17 €/Kg"
Líxivia Super Gel Regular,Neoblanc,Embalagem de 750ml,"1,74 €","0,35 €/L"
Creme proteção de gengivas,Polident,Embalagem de 40 g,"7,39 €","105,57 €/Kg"
"Lixívia para roupa, azul, tradicional",Neoblanc,Embalagem de 1 l,"1,74 €","0,35 €/L"
Tomate inteiro pelado,PorSi,Embalagem de 390 g,"2,19 €","2,81 €/Kg"
Atum posta em azeite,Bom petisc,Embalagem de 120 g,"0,89 €","7,42 €/Kg"
Óleo de cedro,Mistolin,Embalagem de 360 ml,"1,39 €","1,26 €/L"
Lava tudo antibacteriano marinho,PorSi,Garrafa de 1.5 l,"0,99 €","0,50 €/L"
Abrasivo sanitário gel citrinos,PorSi,embalagem de 1 litro,"0,99 €","1,32 €/L"
Chá preto,Tetley,Embalagem de 20g,"1,69 €","56,33 €/Kg"
Feijão frade,Compal,Lata de 410 ml,"2,19 €","2,81 €/Kg"
Nestum zero arroz,Nestum,Embalagem de 250 g,"4,99 €","4,99 €/Kg"
Carro Polícia c/ Luz e Som,Dickie Toys,15 cm,"24,99 €","24,99 €/Unidade"
Refrigerante com gás de laranja,Sumol,"Garrafa de 1,25 l","0,40 €/L","0,40 €/L"
Sacos do lixo wc 5 litros,PorSi,30 sacos,"1,89 €","1,89 €/Unidade"
Máscara Olhos Brow Drama Medium,Maybelline,1 unidade,"1,15 €","4,60 €/L"
Porto tawny,Ferreira,Garrafa de 750 ml,"6,29 €","8,39 €/L"
Queijo meio gordo fatias,Paiva,Embalagem de 180g,"1,96 €","9,80 €/Kg"
Molho de alho,Calve,Embalagem de 260g,"0,87 €","2,90 €/Kg"
Toping chocolate milka,Royal,Embalagem de 300g,"1,29 €","3,23 €/Kg"
Azeite de moura virgem extra bio,PorSi Bio,Garrafa de 500 ml,"3,29 €","4,39 €/L"
Iogurte liquido infantil morango,PorSi,Embalagem de 6 x 94 ml,"1,31 €","2,05 €/Kg"
Fruta para bebé maçã banana +4 meses,Nestle,Embalagem de 4 x 100 g,"0,74 €","8,22 €/Kg"
Concentrado de frutas tropicais,Sunquick,Garrafa de 700 ml,"4,89 €","6,61 €/L"
Croissant Brioche com chocolate,Pastelaria do Dia,1 un = 100 g (aprox.),"0,99 €","11,00 €/Kg"
Fio dentário fluór+menta 50m,Labell,1 unidade,"3,49 €","3,49 €/Unidade"
Tablete de chocolate culinário branco,PorSi,Embalagem de 180 g,"0,99 €","9,90 €/Kg"
Toucinho fumado extra,PorSi,Embalagem de 200 g,"1,45 €","18,13 €/Kg"
Maionese magra em frasco,Hellmman's,Embalagem de 460g,"0,87 €","2,90 €/Kg"
Aperitivos 3d's cones,3d's,Embalagem de 90g,"0,79 €","7,90 €/Kg"
Mistura solúvel c/ 20% café granulado,PorSi,Embalagem de 200g,"1,64 €","6,56 €/Kg"
Vinho do porto white,Cruz,Garrafa de 750 ml,"6,65 €/L","6,65 €/L"
Pepsi max,Pepsi,Garrafa de 1.75 l,"0,40 €/L","0,40 €/L"
Lava Tudo Perfumado Herbal,PorSi,Embalagem de 2 l,"0,99 €","0,50 €/L"
Spray desengordurante,Sonasol,Embalagem de 500 ml,"4,44 €","5,92 €/L"
Iogurte ananás 000%,PorSi Viva Bem,Embalagem de 4 x 125 g,"1,09 €","1,45 €/Kg"
Gelado carte d'or tarte limão merengue,Olá,Embalagem de 900 ml,"5,49 €","6,10 €/L"
Vinho maduro branco,Leziria,Garrafa de 5 l,"5,19 €","1,04 €/L"
Aguardente velhíssima,Caves Bonifácio,Garrafa de 0.70 l,"11,49 €","16,41 €/L"
Couve lombardo Programa Origens,PorSi,,"1,64 €","1,09 €/Kg"
Cabo de madeira com rosca,PorSi,1.20 m,"2,20 €","2,20 €/Unidade"
Cáscara sagrada + fos,Forma+,Embalagem de 40g,"6,89 €","45,93 €/Kg"
Pensos incontinência homem,PorSi,10 unidades,"1,95 €","1,95 €/Unidade"
"Pasta dentífrica, proteção branqueador",Labell,Embalagem de 75 ml,"2,39 €","31,87 €/L"
Caderno Agrafado Capa Preta |A5 Quadriculado,Domédia,1 unidade,"2,49 €","2,49 €/Unidade"
Esfregona tiras completa,PorSi,1 unidade,"0,79 €","0,79 €/Unidade"
Queijo Curado Meio Gordo,Fonte Mourisca,Vendido ao peso a partir de 250 gr,"3,80 €","15,19 €/Kg"
Caldo carne 16 cubos,Knorr,Embalagem de 160g,"3,84 €","24,00 €/Kg"
Bomba de ar de pé,Bestway,1 un.,"3,99 €","3,99 €/Unidade"
fibras + farelo + fos + ameixa + anis,Forma+,Embalagem de 75g,"6,89 €","45,93 €/Kg"
Compasso Origin 3 peças,Maped,Uma embalagem,"3,19 €","3,19 €/Unidade"
Ração seca para gatinhos frango e legumes,PorSi,Embalagem de 2 kg,"12,99 €","4,33 €/Kg"
"Fita apanha moscas, com 4 unidades",Neokill,4 unidades,"4,49 €","11,97 €/L"
Abrasivo wc gel ecologico,PorSi,Garrafa de 1 l,"0,99 €","1,32 €/L"
Licor de anis,On Off,"Garrafa de 0,70 l","7,49 €","10,70 €/L"
Tarte de Flan,Pastelaria do Dia,embalagem com 650g,"4,29 €","6,60 €/Kg"
Feijão preto,Caçarola,Embalagem de 500 g,"0,95 €","1,90 €/Kg"
Frutose,PorSi,Boião de 410 g,"5,99 €","23,96 €/Kg"
Rolo de Cozinha Megarollo,Scottex,Uma embalagem c/ 8 rolos,"4,99 €","4,99 €/Unidade"
Pães de leite,s. tomé,Embalagem de 300 g,"7,40 €/Kg","7,40 €/Kg"
Panquecas,Condi,Embalagem de 400g,"2,99 €","6,64 €/Kg"
Recarga Esfregona de Algodão,PorSi,1 unidade,"0,89 €","0,89 €/Unidade"
Batata frita lisa,PorSi,Embalagem de 90g,"1,01 €","5,46 €/Kg"
Água s/ gás frutos vermelhos,Luso,Garrafa de 1 l,"1,04 €","0,17 €/L"
Vinagre balsâmico modena,Gallo,Garrafa de 250 ml,"2,89 €","11,56 €/L"
Posta pescada-do-cabo nº 5 para cozer,PorSi,Embalagem de 800 g,"3,99 €","9,98 €/Kg"
Chá de menta e eucalipto,Lipton,20 saquetas,"1,19 €","59,50 €/Kg"
Fita cola transparente,Uhu,15mm x 33m,"2,49 €","2,49 €/Unidade"
Espinafres em folhas,PorSi,Embalagem de 750 g,"1,98 €","1,98 €/Kg"
Costeletas do Cachaço,Porco,Vendido ao peso a partir de 1 kg,"4,89 €","4,89 €/Kg"
Pastilhas limpa próteses,Labell,embalagem com 36 unidades,"7,39 €","105,57 €/Kg"
Queijo fundido palitos,A Vaca Que Ri,Embalagem de 35g,"0,82 €","23,43 €/Kg"
Vinho DOC Dão Tinto,Dharma,"Garrafa de 0,75 L","3,99 €","5,32 €/L"
Recarga inseticida elétrico líquido,Raid,45 noites,"7,69 €","7,69 €/Unidade"
Vinho Verde Loureiro Branco,Aveleda,Garrafa de 0.75 l,"3,09 €","3,09 €/L"
Néctar pera,PorSi,Embalagem de 1 l,"0,99 €","0,99 €/L"
Bloco Sanitário Poder Activo Pinho,Sonasol,Embalagem de 50 g,"2,99 €","74,75 €/Kg"
Chocolate culinário branco,Pantagruel,Embalagem de 200g,"1,04 €","8,32 €/Kg"
Preparado de bolo de mármore,PorSi,528 g,"2,99 €","6,64 €/Kg"
Alimento lácteo cereais e baunilha +6 meses,Yogolino,Embalagem de 4 x 100 g,"2,89 €","7,23 €/Kg"
"Esquadro, 21 cm 60.",Domédia,1 unidade,"2,99 €","2,99 €/Unidade"
Leite uht magro,Gresso,Embalagem de 1 litro,"0,83 €","0,83 €/L"
"Espumante Danúbio, Meio Seco",Danúbio,Garrafa de 75 cl,"8,49 €","11,32 €/L"
"Lenços de bolso sensi, brancos, 10 unidades",Renova,Uma embalagem de 6x10,"0,89 €","0,89 €/Unidade"
Desodorizante e desinfetante para calçado,Sanytol,Embalagem de 150 ml,"5,29 €","35,27 €/L"
Detergente Manual de Loiça Rosa & Cetim,Fairy,Embalagem de 500 ml,"1,05 €","2,10 €/L"
Leite seleccionado leve,Matinal,pack 3 x 200 ml,"0,83 €","0,83 €/L"
Biscoitos canudinho simples,PorSi,Embalagem de 300g,"2,82 €","9,40 €/Kg"
Spray anti calcário,Cif,Garrafa de 435 ml,"3,19 €","6,38 €/L"
Gomas de fresas selvagens,Fini,Embalagem 100G,"1,19 €","3,97 €/Kg"
Doce de cereja s/ açúcar adicionado,PorSi,Frasco com 220 g,"2,19 €","9,95 €/Kg"
Areia para gatos aglomerante compacta perfumada,PorSi,Embalagem de 4 kg,"1,19 €","0,24 €/Kg"
Alimento lácteo morango +8 meses,Yogolino,Embalagem de 4 x 100 g,"2,89 €","7,23 €/Kg"
Moscatel de setúbal,Selecção de Enófilos,"Garrafa de 0,75 l","5,99 €","7,99 €/L"
Toalhitas básico,Dodot,embalagem com 54 unidades,"1,09 €/Unidade","1,09 €/Unidade"
Esfregão esponja ergonómico salva unhas,PorSi,Embalagem de 2 unidades,"0,79 €","0,79 €/Unidade"
Espetadas,Porco,1 un = 150 gr (aprox.),"4,89 €","4,89 €/Kg"
Spray recarga limpeza da casa de banho,Cif,embalagem de 70 ml,"0,79 €","0,79 €/L"
"Cerveja com álcool, lata",Super Bock,Garrafa de 500 ml,"1,99 €/L","1,99 €/L"
Ovos | Classe: M,Ovitae,24 unidades,"5,09 €","5,09 €/Unidade"
Aperitivos tex mex,Doritos,Embalagem de 120g,"0,79 €","7,90 €/Kg"
Tostas de trigo,Diatosta,Embalagem de 225 g,"2,39 €","6,83 €/Kg"
Creme de dia para pele seca,Labell,Embalagem de 50 ml,"2,99 €","59,80 €/L"
Molas plásticas,PorSi,15 unidades,"0,89 €","0,89 €/Unidade"
Aditivo diesel,Redex,Embalagem de 250 ml,"14,99 €","14,99 €/L"
Gelatina pronta a comer ananás,Royal,Embalagem de 4 x 100 g,"0,85 €","2,13 €/Kg"
Leite de coco,PorSi,Embalagem de 400 ml,"3,84 €","24,00 €/Kg"
12 Preservativos Adapta Finíssimo,Control,,"4,49 €","4,49 €/Unidade"
Mel de montanha,PorSi Select,Frasco de 250 g,"4,89 €","9,78 €/Kg"
"Coloração permanente, caramelo avelã, nº 6.41",Excellence,1 unidade,"9,49 €/Unidade","9,49 €/Unidade"
Bacalhau com broa,PorSi Select,350 g,"1,99 €","4,98 €/Kg"
Pensos diários ultra fino,Labell,embalagem com 30 unidades,"2,99 €","2,99 €/Unidade"
Spray limpeza fornos e grelhas,PorSi,500 ml,"1,79 €","2,39 €/L"
Maruca,Nossa seleção,Congelada,"3,99 €/Kg","3,99 €/Kg"
6 Salsichas de porco,Nobre,Lata de 120g,"0,75 €","3,75 €/Kg"
Atum posta em óleo,Bom petisc,Embalagem de 120 g,"0,89 €","7,42 €/Kg"
Cereais corn flakes s/ glúten,Nestle,Embalagem de 380g,"1,49 €","2,98 €/Kg"
Água c/ gás original,Frize,pack 6 x 0.25 l,"2,85 €","2,85 €/L"
Filetes de pescada,PorSi,Embalagem de 400 g,"3,99 €","9,98 €/Kg"
"Coloração permanente, óleo intensivo, castanho caram...",Syoss,1 unidade,"9,49 €/Unidade","9,49 €/Unidade"
Água mineral sem gás,Fastio,Pack 4 x 1.5 l,"1,04 €","0,17 €/L"
Pescada panada em forma de filete,Pescanova,Embalagem de 1 Kg,"3,99 €","9,98 €/Kg"
Açúcar em saquetas,PorSi,Embalagem 1K,"1,49 €","1,49 €/Kg"
Jardineira,PorSi,Embalagem de 750 g,"1,98 €","1,98 €/Kg"
Sacos do lixo lavanda 50 litros,PorSi,15 unidades,"1,89 €","1,89 €/Unidade"
Salsichas extra suculentas,Nobre,Frasco de 650 g,"0,75 €","3,75 €/Kg"
"Detergente para máquina de loiça, gel, tudo em 1 lim...",Sun,Embalagem de 45 unidades,"2,99 €","2,99 €/Unidade"
Farinha para pão rústico,Nacional,Embalagem de 1 kg,"1,99 €","1,99 €/Kg"
Grão de bico,PorSi,Embalagem de 820g,"2,19 €","2,81 €/Kg"
Ketchup,Calve,Embalagem de 280g,"0,87 €","2,90 €/Kg"
Gel de Duche Creme Care,Nivea,Embalagem de 750 ml,"3,69 €","14,76 €/L"
Bolacha maria dourada,PorSi,Embalagem de 800g,"2,11 €/Kg","2,11 €/Kg"
Tiras de Pota Congeladas,Peixe do Dia,Cuvete ± 1 kg,"4,20 €","11,99 €/Kg"
Papa infantil não láctea multicereais +6 meses,Cerelac,Embalagem de 250g,"4,99 €","4,99 €/Kg"
"Toalhitas para bebé bio, 64 unidades",Pommette,1 embalagem,"1,09 €/Unidade","1,09 €/Unidade"
Vinagre de limpeza,PorSi,Embalagem de 1 l,"0,79 €","0,79 €/L"
Argolas Romana,PorSi,Embalagem de 400 g,"2,99 €","9,97 €/Kg"
"Rolo de cozinha design xxl, 3 rolos",Renova,Embalagem de 3 unidades,"4,99 €","4,99 €/Unidade"
Chourição Extra Fatiado,Porminho,Embalagem de 80g,"1,35 €","16,88 €/Kg"
Clara liquida pasteurizado,Dovo,Embalagem de 320 ml,"1,24 €","3,88 €/L"
Cerveja,Kings Bräu,Embalagem de 10x25 cl,"1,99 €/L","1,99 €/L"
"Tablete de chocolate, black-white",Schogetten,Embalagem de 100g,"5,30 €/Kg","5,30 €/Kg"
Posta de tintureira,PorSi,Embalagem de 500 g,"3,99 €","9,98 €/Kg"
Reparador de móveis escuro,Pronto,Embalagem de 100 ml,"1,39 €","1,26 €/L"
Bolachas de manteiga,Triunfo,Embalagem de 170g,"1,69 €","6,76 €/Kg"
Vinho regional tejo,Plexus,Garrafa de 750 ml,"2,29 €","3,05 €/L"
Vela com número nº 5,PorSi,1 unidade,"0,60 €","0,60 €/Unidade"
Nata para culinária ligeira,Mimosa,Embalagem de 200 ml,"0,75 €","3,75 €/L"
Queijo brie cunhas 60%,President,Embalagem de 200 g,"1,45 €","7,25 €/Kg"
Gel WC Flores,Neoblanc,Embalagem de 700 ml,"2,79 €","3,99 €/L"
"Queijo flamengo, fatias",Paiva,Embalagem de 180 g,"1,96 €","9,80 €/Kg"
Nestum mel,Nestum,Embalagem de 700g,"3,29 €","4,39 €/Kg"
Arroz integral,PorSi Viva Bem,Embalagem de 1 kg,"0,99 €/Kg","0,99 €/Kg"
Vinho do porto dona antónia reserva tinto,Ferreira,Garrafa de 0.75 l,"10,99 €","14,65 €/L"
Mopa com cabo,PorSi,1 unidade,"2,20 €","2,20 €/Unidade"
Molho inglês,Savora,Garrafa de 120 ml,"0,87 €","2,90 €/Kg"
Pêssego em calda metades,PorSi,Lata com 420 g,"1,99 €","2,37 €/Kg"
Leite Uht Proteína Café,Mimosa,Pack 3 x 250 ml,"1,99 €","2,49 €/L"
Escova de Dentes Júnior,Aquafresh,1 unidade,"0,79 €","0,79 €/Unidade"
Feijao branco fidalgo,Caçarola,Embalagem de 500 g,"0,95 €","1,90 €/Kg"
Chourico picante beiras,PorSi,Embalagem de 290g,"1,22 €","6,78 €/Kg"
Bebida de Soja Natural,PorSi Viva Bem,Pack: 3 x 200 ml,"1,49 €","1,49 €/L"
Vela com número nº 8,PorSi,1 unidade,"0,60 €","0,60 €/Unidade"
"Bebida láctea especial crescimento, 1-3 anos",Mimosa,Garrafa de 1 l,"0,26 €","1,30 €/L"
Vinagre balsâmico branco,Gallo,Garrafa de 250 ml,"2,89 €","11,56 €/L"
Cápsulas de café com leite cappuccino,Nescafe,Embalagem com 16 cápsulas,"59,82 €/Kg","59,82 €/Kg"
Adoçante c/ doseador,Canderel,Embalagem de 30g,"5,99 €","23,96 €/Kg"
Gel Banho Excite,Axe,Embalagem de 400 ml,"5,99 €","14,98 €/L"
Pólen de abelhas,PorSi Select,Frasco de 130 g,"4,89 €","9,78 €/Kg"
Sobremesa gelificada de laranja,PorSi,Embalagem de 4x100g,"0,85 €","2,13 €/Kg"
Caderno A4 Espiral Capa Dura Quadriculado,Firmo,1 un.,"2,49 €","2,49 €/Unidade"
Sumo 100% maçã,Compal,1 litro,"1,09 €","0,73 €/L"
Caldo de galinha 8 cubos,Knorr,Embalagem de 80g,"3,84 €","24,00 €/Kg"
Vinho regional alentejano tinto,Qta.carmo,Garrafa de 0.75 l,"2,89 €","3,85 €/L"
Bocadelia de caranguejo,La piara,Embalagem de 170g,"1,19 €","13,52 €/Kg"
Sumo essencial de pêssego,Compal,pack 3 x 0.11 l,"2,29 €","6,94 €/L"
Gogo SqueeZ Snack Banana,Gogo,Embalagem de 90g,"2,29 €","6,94 €/L"
Folhado de Maçã,*,1 unidade= 100 g,"0,99 €","11,00 €/Kg"
Queijo curado -30% gordura,Casteloes,500 g,"3,35 €","13,39 €/Kg"
"Infusão de romã/framboesa, 20 saquetas",Tetley,Embalagem de 40g,"0,99 €","76,15 €/Kg"
Vinho branco,Alandra,Garrafa de 750 ml,"1,59 €","2,12 €/L"
"Pastilhas fruit, frutos silvestres",Trident,Embalagem de 15 g,"0,89 €","59,33 €/Kg"
Café torrado 5 estrelas moagem grossa,Sical,Embalagem de 250g,"9,16 €/Kg","9,16 €/Kg"
Néctar ananás,Compal,pack 3 x 200 ml,"0,99 €","0,99 €/L"
Comida húmida para cão,PorSi,Embalagem de 300 g,"0,75 €","2,50 €/Kg"
Aditivo em pó oxi elimina odores,Vanish,Embalagem de 420 g,"7,99 €","19,02 €/Kg"
Bambolitos brancos,PorSi,Embalagem de 150g,"0,69 €","4,60 €/Kg"
Lava tudo amoniacal,Sonasol,"Garrafa de 3,5 l","0,99 €","0,50 €/L"
Sumo s/ gás manga/cenoura,Santal,"Garrafa de 1,5 l","1,14 €","0,76 €/L"
Cereais corn flakes,Kellogg's,Embalagem de 500g,"1,49 €","2,98 €/Kg"
Refrigerante sem gás frutos tropicais,Trina,"Garrafa de 1,5 l","1,14 €","0,76 €/L"
Bolachas crackers integral,Du bois,Embalagem de 500g,"0,39 €","3,12 €/Kg"
Mini tostas integrais,Diatosta,Embalagem de 180 g,"2,39 €","6,83 €/Kg"
"Carregador, 6 lâminas, 4 recargas",Labell Men,1 embalagem,"1,16 €","4,64 €/L"
Spray lixívia e higiene,Cillitbang,Garrafa de 500 ml,"3,99 €","7,98 €/L"
Batata frita lisa chips,PorSi,Embalagem de 185 g,"1,01 €","5,46 €/Kg"
Salsicha bockwurst 5 unidades,PorSi,Embalagem de 250g,"0,75 €","3,75 €/Kg"
Azeite,Oliveira da Serra,Embalagem de 750 ml,"3,29 €","4,39 €/L"
Leite UHT Meio Gordo,Gresso,Embalagem de 1 l,"0,83 €","0,83 €/L"
"Batata frita caseira, rodela",Pala-pala,Embalagem de 180g,"1,69 €","9,39 €/Kg"
"Vinho DOC Bairrada, Branco",Selecção de Enófilos,Garrafa de 0.75 l,"2,49 €","3,32 €/L"
Arroz agulha,Saludães,Embalagem de 1kg,"0,99 €/Kg","0,99 €/Kg"
Queijo mozzarella fatias,PorSi,Embalagem de 200 g,"1,96 €","9,80 €/Kg"
Farinha p/ bolos fina,Nacional,Embalagem de 1Kg,"1,99 €","1,99 €/Kg"
Reparador de móveis escuro,PorSi,Embalagem de 200 ml,"1,39 €","1,26 €/L"
Iogurte grego natural magro,PorSi Viva Bem,Embalagem de 1 kg,"0,99 €","1,98 €/Kg"
Iogurte ananás 000%,PorSi Viva Bem,Embalagem de 4 x 125 g,"4,38 €","2,19 €/Kg"
Cem porcento-flocos de aveia grossos,Cemporcent,Embalagem de 400g,"2,99 €","7,97 €/Kg"
Soja fina,Cemporcent,Embalagem de 400g,"3,39 €","22,60 €/Kg"
Vinho rosé,Lancers,Garrafa 0.75L,"4,29 €","5,72 €/L"
Balões latex brancos,PorSi,Embalagem com 24 unidades,"0,49 €","0,49 €/Unidade"
Pimento Verde,Programa Origens,1 un = 250 gr (aprox.),"0,67 €","2,69 €/Kg"
Parque de acrobacias,Lego,1 unidade,"24,99 €","24,99 €/Unidade"
Cereais crack star,PorSi,Embalagem de 375 g,"5,07 €/Kg","5,07 €/Kg"
Gelatina de ananás,PorSi,Embalagem de 170g,"0,55 €","61,11 €/Kg"
Farinha láctea cerelac,Cerelac,Embalagem de 500g,"4,99 €","4,99 €/Kg"
"Papel higiénico acolchoado, folha tripla, 9 rolos",Scottex,1 embalagem,"1,99 €","1,99 €/Unidade"
Bolachas waffers chocolate,PorSi,Embalagem de 210g,"0,98 €","4,67 €/Kg"
Manteiga sem sal,Mimosa,Embalagem de 250g,"8,56 €/Kg","8,56 €/Kg"
"Pensos diários maxiplus, 30 unidades",Evax,Uma embalagem,"2,99 €","2,99 €/Unidade"
Cappuccino Café Solúvel Descafeinado,Nescafe,Embalagem de 125g | 10 Saquetas,"1,59 €","6,36 €/Kg"
Azeite virgem extra bio frutado,Gallo,Garrafa de 750 ml,"3,29 €","4,39 €/L"
Película Aderente 60M,PorSi,1 unidade,"1,11 €","1,11 €/Unidade"
Azeitona preta,PorSi,Embalagem de 560 g,"2,19 €","2,81 €/Kg"
"Rebuçados sem açúcar, mentho-lyus",Halls,Embalagem de 128 g,"1,69 €","16,90 €/Kg"
Ricore,Nestle,Embalagem de 260g,"1,64 €","6,56 €/Kg"
"Rebuçados de fruta, diamante",PorSi,Embalagem de 200 g,"1,08 €","5,40 €/Kg"
"Coloração permanente, castanho tiramissu nº4.15",Nutrisse,1 unidade,"9,49 €/Unidade","9,49 €/Unidade"
Tablete de chocolate de leite,Nestle,Embalagem de 90g,"5,30 €/Kg","5,30 €/Kg"
Ice tea pêssego,Lipton,Embalagem de 1L,"1,14 €","0,76 €/L"
Creme p/ barrar de chocolate e avelã,Milka,Embalagem de 340g,"4,39 €","12,91 €/Kg"
Bolacha torrada,PorSi,Embalagem de 4 x 200 g,"2,11 €/Kg","2,11 €/Kg"
4 talheres aprendizagem,Bébé Confort,4 peças,"5,99 €","5,99 €/Unidade"
Líxivia Super Gel Regular,Neoblanc,Embalagem de 750ml,"2,59 €","1,30 €/L"
Flocos de aveia,PorSi Viva Bem,Embalagem de 400g,"0,69 €","1,73 €/Kg"
Limpa carpetes,PorSi,Embalagem de 1 litro,"1,54 €","2,05 €/L"
Chá Aromatizado Pirâmide Mel/Limão/Ginseng,PorSi,20 x 2 g,"1,19 €","59,50 €/Kg"
Iogurte activia cremoso frutos silvestres,Danone,Embalagem de 4 x 120 g,"1,49 €","2,98 €/Kg"
Massa meada,PorSi,Embalagem de 500g,"1,39 €","1,39 €/Kg"
Pate picante 73gr.                ce *24,La piara,Embalagem de 70g,"1,19 €","13,52 €/Kg"
Bolachas de aveia,Triunfo,Embalagem de 190g,"2,82 €","9,40 €/Kg"
Margarina líquida,Vaqueiro,Embalagem de 500 ml,"2,89 €","2,89 €/Kg"
Mostarda de Dijon,PorSi Select,190 g,"0,87 €","2,90 €/Kg"
"Creme de muda de fralda, para bebé",Pommette,Embalagem de 100 ml,"0,55 €","5,50 €/L"
Lixívia Tradicional,PorSi,Embalagem de 5 l,"1,74 €","0,35 €/L"
Cha infusão verde,Cemporcent,Embalagem com 10 saquetas,"58,44 €/Kg","58,44 €/Kg"
Patê de sardinha,PorSi,Embalagem de 65 g,"1,19 €","13,52 €/Kg"
Tablete de chocolate caramel peanut,Milka,Embalagem de 280g,"4,09 €","14,82 €/Kg"
Bacalhau Especial Extra da Noruega,Bacalhau,1 un=4kg (aprox.),"37,48 €","14,99 €/Kg"
Refrigerante c/ gás,Pepsi,Pack 6 x 0.33 l,"0,40 €/L","0,40 €/L"
Néctar light de laranja prisma,PorSi,Embalagem de 1 l,"0,84 €","2,55 €/L"
Lombo assado fatiado,PorSi,150 g,"2,49 €","16,60 €/Kg"
Bacalhau posta asa branca,PorSi,Embalagem de 800G,"6,39 €","7,99 €/Kg"
Sopa de legumes,PorSi,Embalagem de 400 g,"1,29 €","3,23 €/Kg"
Café lote bocage grão,Nicola,Embalagem de 1 kg,"9,16 €/Kg","9,16 €/Kg"
Leite uht magro,Agros,Embalagem de 1 litro,"0,83 €","0,83 €/L"
Vinho rosé,C.mendes,Garrafa de 750 ml,"4,29 €","5,72 €/L"
Ração para cão com frango,Friskies,Embalagem de 4kg,"10,49 €","2,62 €/Kg"
Molho piri piri,Macarico,Embalagem de 200g,"0,87 €","2,90 €/Kg"
Sacos do lixo lavanda 30 litros,PorSi,20 sacos,"1,89 €","1,89 €/Unidade"
Bebida de soja,Shoyce,Embalagem de 1 litro,"1,49 €","1,49 €/L"
Abrasivo sanitário gel marinho,PorSi,embalagem de 1 litro,"0,99 €","1,32 €/L"
Desinfetante de frutas e vegetais,Clean Essence,500 ml,"1,20 €","2,99 €/Kg"
Red Fish Congelado,Nossa seleção,1 un. 200 a 300 g (aprox.),"3,99 €/Kg","3,99 €/Kg"
Mistura de cogumelos,PorSi,Embalagem de 400g,"1,98 €","1,98 €/Kg"
Açúcar baunilhado,Globo,Embalagem de 70g,"1,49 €","1,49 €/Kg"
Café moagem universal timor,Delta,Embalagem de 220g,"9,16 €/Kg","9,16 €/Kg"
Miolo camarão 40/60,PorSi,Embalagem de 200g,"8,99 €","25,69 €/Kg"
Iogurte liquido infantil morango,PorSi,Embalagem de 6 x 94 ml,"1,05 €","1,86 €/L"
Achocolatado energy,Cola cao,Embalagem de 750g,"5,39 €","7,19 €/Kg"
Ambientador tealights frutos vermelhos,PorSi,embalagem com 18 unidades,"9,49 €","45,19 €/Kg"
Mousse chocolate leite,Alsa,Embalagem de 300g,"0,79 €","5,27 €/Kg"
Bolachas integrais,PorSi,Embalagem de 200g,"1,49 €","2,48 €/Kg"
Manteiga sem sal terra nostra,Terra Nostra,Embalagem de 250g,"8,56 €/Kg","8,56 €/Kg"
Inseticida elétrico líquido,Raid,45 noites,"7,69 €","7,69 €/Unidade"
Brandy,Macieira,Garrafa de 1 l,"15,49 €","15,49 €/L"
Inseticida Elétrico Night&Day Pack Duplo,Raid,Embalagem de 2x300 mg,"7,69 €","7,69 €/Unidade"
Liégeois Sobremesa de Caramelo,Páturages,Embalagem de 4x100 g,"0,55 €","2,75 €/Kg"
"Inseticida recarga, elétrico, 45 noites",Raid,1 unidade,"7,69 €","7,69 €/Unidade"
Guardanapos de papel reciclado,PorSi,100 unidades,"1,29 €","1,29 €/Unidade"
Bases para pizza,PorSi,Embalagem de 3 x 125 g,"1,79 €","4,77 €/Kg"
"M&m's drageias de chocolate de leite,",M&m's,Embalagem de 400g,"11,98 €/Kg","11,98 €/Kg"
Camarão Tigre Selvagem do Senegal 1/5,Nossa seleção,Congelado,"2,00 €","7,99 €/Kg"
Arroz carolino,Louro,Embalagem de 1 kg,"0,99 €/Kg","0,99 €/Kg"
"Vela em número, nº 7",PorSi,1 unidade,"0,60 €","0,60 €/Unidade"
Rebuçados cristais de neve,PorSi,Embalagem de 250g,"1,59 €","6,36 €/Kg"
Queijo limiano amanteigado vaca e ovelha sem casca o...,Limiano,Embalagem de 450g,"3,35 €","13,39 €/Kg"
Canja de galinha económica,Knorr,Embalagem de 60g,"0,62 €","10,00 €/Kg"
"Caramelos de fruta, morango single",Sugus,Embalagem de 50g,"2,75 €","11,00 €/Kg"
20 saquetas chá noite tranquila,Lipton,Embalagem de 30g,"58,44 €/Kg","58,44 €/Kg"
Pêssego Vermelho,Fruta do Dia,1 un = 140 gr (aprox.),"0,75 €","2,99 €/Kg"
Iguarias Pota com Alho,Pitéu,Embalagem de 120 g,"0,89 €","7,42 €/Kg"
Torta cacau com sabor a natas,PorSi,Embalagem de 300g,"2,05 €","5,13 €/Kg"
Coelho Inteiro Programa Origens,PorSi,1 un = 1 kg (aprox.),"1,05 €","2,99 €/Kg"
Chourico carne das beiras,PorSi,Embalagem de 290g,"1,22 €","6,78 €/Kg"
Creme fixação para dentaduras,Polident,Embalagem de 70 g,"7,39 €","105,57 €/Kg"
Corn flakes,PorSi,Embalagem de 1 kg,"1,49 €","2,98 €/Kg"
Spray wc active clean citrus & waterlilly,Ambipur,750 ml,"3,99 €","7,98 €/L"
Feijão encarnado,PorSi,Embalagem de 820 g,"2,19 €","2,81 €/Kg"
Oreo flavors cookies birthday party rollpack 154 gr,Oreo,Embalagem de 150g,"1,49 €","9,68 €/Kg"
Lava Tudo Brilhante Madeira,Sonasol,"embalagem 1,1L","2,49 €","2,49 €/L"
Leite e cereais pijama +6 meses,Cerelac,Garrafa de 400 ml,"4,99 €","4,99 €/Kg"
"Creme de depilação duche, peles normais",Veet,Garrafa de 150 ml,"2,99 €","14,95 €/L"
"Tiras depilatórias corpo, peles normais, com 20 unid...",Lycia,1 embalahem com 20 unidades,"6,99 €","6,99 €/Unidade"
Café moagem universal angola,Delta,Embalagem de 220g,"9,16 €/Kg","9,16 €/Kg"
Creme Mãos Hidratante,Labell,Embalagem de 100 ml,"2,49 €","41,50 €/L"
Reparador de móveis normal,PorSi,Embalagem de 200 ml,"1,39 €","1,26 €/L"
Anticongelante vermelho -11,Arbo,Embalagem de 5 l,"3,49 €","13,96 €/L"
Pilhas Alcalinas AA Optimum,Duracell,Blister 4 Pilhas,"1,49 €","1,49 €/Unidade"
Frutos vermelhos,PorSi,Embalagem de 750 g,"3,29 €","4,39 €/Kg"
Chá de camomila e erva príncipe,Lipton,20 saquetas,"1,14 €","114,00 €/Kg"
Chicharro Fresco,Peixe do Dia,1 un= 400 g (aprox.),"1,60 €","7,99 €/Kg"
"Porto, reserva",Calém,"garrafa de 0,75 l","10,99 €","14,65 €/L"
Aguadente vinica velha,Património,Garrafa de 0.70 l,"11,49 €","16,41 €/L"
Infusão principe,Cemporcent,Embalagem de 10 unidades,"0,99 €","76,15 €/Kg"
"Shampoo, laranja",PorSi,Embalagem de 1 l,"3,49 €","13,96 €/L"
Mini tostas integrais super finas,PorSi,Embalagem de 100 g,"2,39 €","6,83 €/Kg"
"Atum em posta, em azeite",General,Embalagem de 110g,"0,89 €","7,42 €/Kg"
Banha,PorSi,Embalagem de 230 g,"2,89 €","2,89 €/Kg"
Lixívia para roupa delicada,Neoblanc,Embalagem de 2 l,"4,49 €","1,12 €/L"
Ice tea limão,Lipton,pack 6 x 0.25 l,"1,14 €","0,76 €/L"
Lixívia Densa + Squeeze Harmonias Florais,Neoblanc,Embalagem de 1 l,"1,74 €","0,35 €/L"
Bebida de soja-arroz,Shoyce,Garrafa de 1 l,"1,49 €","1,49 €/L"
Ketchup,PorSi,Embalagem de 560 g,"0,87 €","2,90 €/Kg"
Iogurte grego stracciatella sem lactose,PorSi Viva Bem,Embalagem de 240g,"0,99 €","1,98 €/Kg"
Arroz vaporizado,PorSi,Embalagem de 1 kg,"0,99 €/Kg","0,99 €/Kg"
Néctar vital equilibrio frutos vermelhos,Compal,Embalagem de 1 l,"0,99 €","0,99 €/L"
Cheerios 375g,Nestle,Embalagem de 380g,"5,07 €/Kg","5,07 €/Kg"
Spray limpeza casa de banho,Cillitbang,Embalagem de 500 ml,"1,54 €","2,05 €/L"
Sopa Creme de Marisco,PorSi,Embalagem de 80 g,"0,62 €","10,00 €/Kg"
Salmão posta ao natural,PorSi Select,Lata de 120 g,"0,89 €","7,42 €/Kg"
Desodorizante spray sport 48h,Labell Men,Embalagem de 200 ml,"1,39 €","6,95 €/L"
Ambientador vela duo maçã,Air Wick,Embalagem de 210g,"9,49 €","45,19 €/Kg"
"Inseticida elétrico, trio, nigth & day",Raid,1 unidade,"7,69 €","7,69 €/Unidade"
Farinha p/ bolos extra fina,Nacional,Embalagem de 1 kg,"1,99 €","1,99 €/Kg"
10 saquetas chá frutos vermelhos,Lipton,Embalagem de 10g,"1,19 €","59,50 €/Kg"
Infusão cidreira,PorSi,Embalagem de 40g,"0,99 €","76,15 €/Kg"
Lambrusco tinto,*,Garrafa de 750 ml,"2,29 €","3,05 €/L"
Lagartos,PorSi,Embalagem de 300 gr,"0,69 €","3,45 €/Kg"
Bolachas cobertura de chocolate e avelã,PorSi,Embalagem de 150g,"0,69 €","4,60 €/Kg"
Leite e cereais 8 cereais e mel +6 meses,Cerelac,Garrafa de 400 ml,"4,99 €","4,99 €/Kg"
Acendalhas Ecologica,Quinas,Uma embalagem - 32Unidades,"0,75 €","0,75 €/Unidade"
20 saquetas chá digestão fácil,Lipton,Embalagem de 30g,"1,14 €","114,00 €/Kg"
"Creme de rosto de dia revitalift, laser",L'oreal,Embalagem de 50 ml,"2,99 €","59,80 €/L"
Vinho tinto,Enc.bairro,Bag-in-box de 5L,"5,19 €","1,04 €/L"
Creme de dia para pele normal,Labell,Embalagem de 50 ml,"2,99 €","59,80 €/L"
Cereais fitness chocolate,Nestle,Embalagem de 380g,"3,79 €","29,38 €/Kg"
Spray elimina odores do calçado,PorSi,embalagem de 100 ml,"5,29 €","35,27 €/L"
Papa infantil para preparar com leite +6 meses,Cerelac,Embalagem de 250g,"4,99 €","4,99 €/Kg"
28 mini bolinhas bacalhau,PorSi,Embalagem de 300 g,"2,99 €","9,97 €/Kg"
Infusão de camomila,PorSi,Embalagem de 33.7 g,"0,99 €","76,15 €/Kg"
Pano Microfibras Colors XL,Vileda,Embalagem com 4 un.,"1,79 €","1,79 €/Unidade"
Mistura para canários,Canto Alegre,Embalagem de 1K,"2,49 €","2,49 €/Kg"
"Saquetas de sais de fruto, laranja",Eno,Embalagem de 50g,"0,58 €","0,58 €/Unidade"
Adoçante em pó,PorSi,250 saquetas,"5,99 €","23,96 €/Kg"
"Pasta dentífrica, 7-13 anos",Labell,Embalagem de 75 ml,"0,79 €","0,79 €/Unidade"
Especialidade de soja frutos vermelhos,Paturages,Embalagem de 4 x 100 g,"1,19 €","2,98 €/Kg"
"Escargots recheio de manteiga, salsa e alho",PorSi Select,89 g,"8,99 €","17,98 €/Kg"
Especialidade de soja natural,PorSi Viva Bem,Embalagem de 4 x 100 g,"1,19 €","2,98 €/Kg"
Espetadas de Peru,Peru,1 un = 150 gr (aprox.),"1,05 €","2,99 €/Kg"
Pensos higiénicos liberty super abas,Evax,Embalagem com 10 un.,"4,99 €","4,99 €/Unidade"
Choco rice,Cemporcent,Embalagem de 250g,"0,69 €","1,73 €/Kg"
Café moagem universal portugal,Delta,Embalagem de 250g,"9,16 €/Kg","9,16 €/Kg"
Iogurte aroma varios sabores,PorSi,Embalagem de 12 x 125 g,"1,87 €","1,25 €/Kg"
Descafeinado,Nestlé,Embalagem de 100 g,"1,59 €","6,36 €/Kg"
Óleo alimentar,Fula,Embalagem 3L,"3,39 €","3,39 €/L"
Pensos higiénicos Cottonlike Super Plus Com Abas,Evax,10 unidades,"4,99 €","4,99 €/Unidade"
Côco ralado,PorSi,Embalagem de 200g,"1,29 €","3,23 €/Kg"
Receita caseira de jardineira,Nobre,Embalagem de 420g,"2,35 €","5,60 €/Kg"
Tablete de chocolate leite,Nestle,Embalagem de 130g,"5,30 €/Kg","5,30 €/Kg"
Iogurte líquido infantil morango e banana,PorSi,Pack 6 x 100 g,"1,31 €","2,05 €/Kg"
Guitarra,Panda,1 un.,"13,99 €/Unidade","13,99 €/Unidade"
Nata uht light,Mimosa,Embalagem de 200 ml,"0,75 €","3,75 €/L"
Bolacha Maria sem lactose,PorSi Viva Bem,Embalagem de 200 g,"0,99 €","1,98 €/Kg"
Pá + espanador,PorSi,1 conjunto,"2,20 €","2,20 €/Unidade"
Cocktail Shaker,Quttin,Cap.: 750 ml,"11,99 €","11,99 €/L"
Máquina de barbear c/ 2 recargas de 6 lâminas,Labell Men,,"1,16 €","4,64 €/L"
Espumante bruto,Cabriz,Garrafa de 750 ml,"8,49 €","11,32 €/L"
Sabonete glicerina natural,Palmolive,Embalagem de 90 g,"4,49 €","12,47 €/Kg"
Iogurte tipo grego maracujá,PorSi,Embalagem de 4 x 125 g,"1,49 €","2,98 €/Kg"
Fruta para bebé banana maçã +4 meses,Nestle,Embalagem de 90g,"0,74 €","8,22 €/Kg"
Bicarbonato de sódio,PorSi,Saqueta de 75 g,"1,89 €","17,18 €/Kg"
Vinho doc douro tinto,Tellu's,Garrafa de 750 ml,"7,49 €","9,99 €/L"
Redex magic spray,Redex,Embalagem de 300 ml,"3,49 €","13,96 €/L"
Leite creme,PorSi,Embalagem de 2x135 g,"0,55 €","2,75 €/Kg"
Arroz longo extra integral,Cacarola,Embalagem de 1 kg,"1,79 €","1,79 €/Kg"
Sabonete líquido maçãs verdes,Labell,Embalagem de 500 ml,"2,18 €/L","2,18 €/L"
Vela com número nº 9,PorSi,1 unidade,"0,60 €","0,60 €/Unidade"
Livro Hot Wheels,Europrice,,"5,99 €/Unidade","5,99 €/Unidade"
Tira Nódoas Brancos em Gel,Skip,"1,6 l","1,69 €","1,69 €/L"
"Néctar pêssego, prisma",PorSi,Embalagem de 1 l,"0,99 €","0,99 €/L"
Luva Pele,Itools,1 unidade,"3,29 €","3,29 €/Unidade"
Feijão manteiga caçarola,Cacarola,Embalagem de 500g,"0,95 €","1,90 €/Kg"
"Detergente manual de loiça, ultra limão",PorSi,Embalagem de 500 ml,"1,05 €","2,10 €/L"
Marmelada,PorSi,Embalagem de 900g,"1,09 €","2,42 €/Kg"
Pimentão doce saqueta,PorSi,Embalagem de 50 g,"0,25 €","0,25 €/Kg"
Feijão manteiga,Compal,Lata de 410 ml,"2,19 €","2,81 €/Kg"
Delícia semi-fria cheesecake,Royal,embalagem de 325 g,"2,99 €","6,64 €/Kg"
Iogurte activia líquido kiwi,Danone,Embalagem de 4 x 155 g,"2,79 €","6,07 €/Kg"
Whisky heritage blend,Logan,Garrafa de 700 ml,"32,99 €","47,13 €/L"
Massa alimentícia spaghetti,Barilla,Embalagem de 500g,"1,79 €","1,79 €/Kg"
Aptamil  prosyneo ha 2,Aptamil,Embalagem de 800g,"16,99 €","21,24 €/Kg"
Adoçante à base de sucralose,PorSi Viva Bem,Embalagem de 17g,"5,99 €","23,96 €/Kg"
"Vinho bairrada, reserva, tinto",Selecção de Enófilos,Garrafa de 0.75 l,"2,49 €","3,32 €/L"
Chocolate quente 90 segundos,Lacasa,Embalagem de 350g,"5,39 €","7,19 €/Kg"
Massa de pontinha grossa,Nacional,Embalagem de 250g,"1,39 €","1,39 €/Kg"
Biscoitos de canela,PorSi,Embalagem de 750g,"0,69 €","3,45 €/Kg"
Creme Dia Lift + Serum Preenchedor,Diadermine,Embalagem de 50 ml,"2,99 €","59,80 €/L"
"Inseticida líquido, elétrico, apa",Raid,Embalagem de 21 ml,"7,69 €","7,69 €/Unidade"
Nestum flocos de cereais com mel,Nestum,Embalagem de 300g,"3,29 €","4,39 €/Kg"
"Refrigerante com gás, ananás",Sumol,"Garrafa de 1,25 l","0,40 €/L","0,40 €/L"
Caramelos de fruta,Penha,Embalagem de 100g,"2,75 €","11,00 €/Kg"
Creme p/ Calçado Incolor,Búfalo,Embalagem de 40 ml,"0,99 €","19,80 €/L"
Queijo p/ barrar s/ lactose,Philadelph,Embalagem de 150g,"2,05 €","16,40 €/Kg"
Creme autobrilha incolor,Splendor,40 ml,"0,99 €","330,00 €/Kg"
Pó baratas e formigas,Baygon,Embalagem de 250 g,"4,89 €","19,56 €/Kg"
Pastilhas café platium,Delta,Embalagem de 110g,"59,82 €/Kg","59,82 €/Kg"
Leite uht gordo,Mimosa,Embalagem de 1 litro,"1,19 €","1,19 €/L"
Maçã golden 60/65 categoria II Programa Origens,PorSi,Embalagem de 1.5 kg,"1,69 €/Kg","1,69 €/Kg"
Bebida Energética Apple,Hell,250 ml,"5,39 €","5,39 €/L"
Balde de Limpeza com Espremedor,PorSi,unidade,"2,50 €","2,50 €/Unidade"
Leite e cereais bolacha maria +6 meses,Cerelac,Garrafa de 400 ml,"4,99 €","4,99 €/Kg"
Pastilhas 60 minutos Peppermint Botlle,Trident,Embalagem com 80g,"0,89 €","59,33 €/Kg"
Creme p/ Mãos Godness,Dove,Embalagem de 75 ml,"2,49 €","41,50 €/L"
Chocolate culinário em pó,Pantagruel,Embalagem de 130g,"1,04 €","8,32 €/Kg"
Refrigerante c/ gás laranja,Fanta,"Garrafa de 1,5 l","0,40 €/L","0,40 €/L"
Gel wc anti-calcário,Harpic,Garrafa de 750 ml,"3,99 €","7,98 €/L"
Polvilho doce,Do Brasil,500 g,"1,99 €","1,99 €/Kg"
Sabonete leite & mel,Palmolive,Embalagem de 4x90 g,"4,49 €","12,47 €/Kg"
Desinfetante álcool gel spray,PorSi,100 ml,"0,99 €","1,98 €/L"
Tablete de chocolate de leite,PorSi Select,Embalagem de 200g,"5,30 €/Kg","5,30 €/Kg"
Sidra de maçã,Somersby,Lata de 500 ml,"1,59 €","3,18 €/L"
Café solúvel sem cafeína,Nescafe,Embalagem de 20g,"14,50 €/Kg","14,50 €/Kg"
Costeletas do Lombo,Porco,Vendido ao peso a partir de 1 kg,"4,89 €","4,89 €/Kg"
Amido de milho,PorSi,Embalagem de 400g,"1,89 €","17,18 €/Kg"
Maionese Top Down,Calvé,Embalagem de 753 g,"0,87 €","2,90 €/Kg"
Salmão Fumado da Noruega,PorSi,Embalagem de 100 g,"3,69 €","36,90 €/Kg"
Espremedor,PorSi,1 unidade,"2,50 €","2,50 €/Unidade"
Biscoitos integrais aveia e cacau,PorSi Viva Bem,Embalagem de 150g,"0,69 €","3,45 €/Kg"
Farinha para bolos super fina,B.neve,Embalagem de 1 kg,"1,99 €","1,99 €/Kg"
Água c/ gás: limão/pepino/gengibre,Frize,pack 4 x 0.25 l,"2,85 €","2,85 €/L"
Vinho do porto lágrima tinto,Ramos Pinto,"Garrafa de 0,75L","6,29 €","8,39 €/L"
Refresco em pó de morango,PorSi,Embalagem de 40g,"0,75 €","18,75 €/Kg"
Posta de Corvina-Prata Congelada,PorSi,Vendido ao peso a partir de 350 g,"4,20 €","11,99 €/Kg"
Iogurte naturea natural,PorSi,Embalagem de 4 x 125 g,"0,99 €","1,98 €/Kg"
"Spray depilatório, peles sensiveis",Veet,Garrafa de 150 ml,"2,99 €","14,95 €/L"
Café moagem fina bio,PorSi Bio,Embalagem de 250g,"9,16 €/Kg","9,16 €/Kg"
Super tea immune com vitamina c,Tetley,Embalagem de 40g,"1,19 €","59,50 €/Kg"
Balões latex verde,PorSi,Embalagem com 24 unidades,"0,49 €","0,49 €/Unidade"
Comida húmida para cão de frango e legumes,PorSi,Lata de 400 g,"0,75 €","2,50 €/Kg"
Lenços faciais brancos 2 folhas,PorSi,150 unidades,"0,89 €","0,89 €/Unidade"
Manteiga amendoim crocant,PorSi,Embalagem de 340g,"4,39 €","12,91 €/Kg"
Guardanapos com riscas azuis | Dim.: 33 x 33 cm,PorSi,Embalagem com 20 unidades,"1,29 €","1,29 €/Unidade"
Argolas Romana,PorSi,Embalagem de 400 g,"1,99 €","4,98 €/Kg"
8 salsichas frankfurt,Izidoro,Embalagem de 200g,"0,75 €","3,75 €/Kg"
Brócolos congelados,PorSi,Embalagem de 1 kg,"1,98 €","1,98 €/Kg"
Lombo de bacalhau,PorSi,Vendido ao peso,"37,48 €","14,99 €/Kg"
Leite uht c/ chocolate,Ucal,Embalagem de 3 x 250 ml,"0,26 €","1,30 €/L"
Vinho tinto cotes du rhone,Expert Club,Garrafa de 75 cl,"2,09 €","2,79 €/L"
"12 lápis de cor, 18cm",Domédia,Uma embalagem,"2,99 €","2,99 €/Unidade"
Nestum aveia e morango,Nestum,Embalagem de 250g,"3,29 €","4,39 €/Kg"
Preparado para crepes,Branca de Neve,Embalagem de 380g,"0,79 €","5,27 €/Kg"
Desinfetante p/ Cozinha,Sanytol,Embalagem de 750 ml,"4,44 €","5,92 €/L"
"Lixívia, perfume fresco",Neoblanc,Embalagem de 4 l,"4,49 €","1,12 €/L"
Colheres,Pommette,4 unidades,"2,99 €","2,99 €/Unidade"
Coto para calçado,Sonaf,1 unidade,"5,29 €","35,27 €/L"
Água com gás,Vimeiro,"Garrafa de 1,5 l","2,85 €","2,85 €/L"
Vinho verde branco,3 marias,Garrafa de 1 l,"3,09 €","3,09 €/L"
Água s/ gás,Luso,Garrafa de 7 l,"1,04 €","0,17 €/L"
Petit gateau morango 4x80g,PorSi,Embalagem de 320g,"3,99 €","7,39 €/Kg"
"Tampão com aplicador, super compak, 20 unidades",Labell,1 embalagem,"1,39 €","1,39 €/Unidade"
Sacos do lixo 18 litros,PorSi,15 sacos,"1,89 €","1,89 €/Unidade"
Lava Tudo Flores Montanha,Sonasol,1.3 l,"0,99 €","0,50 €/L"
Creme de cassis,P.dabot,Garrafa de 700 ml,"7,99 €","10,65 €/L"
Whisky 8 anos,Grant's,Garrafa de 0.70 l,"32,99 €","47,13 €/L"
Spray Neve,*,300 ml,"1,69 €","1,69 €/Unidade"
Cappucinno,PorSi,Embalagem de 125 g,"3,19 €","25,52 €/Kg"
Vinho verde,Via Latina,Garrafa de 750 ml,"3,09 €","3,09 €/L"
Vinagre de limpeza,Dona Pureza,Embalagem de 1 l,"0,79 €","0,79 €/L"
Tablete chocolate creme de cacau,Milka,Embalagem de 100g,"5,30 €/Kg","5,30 €/Kg"
Bebida de aveia com chia,Joya,Garrafa de 1 l,"1,59 €","1,59 €/L"
Bolachas digestive go aveia,Triunfo,Embalagem de 170g,"1,49 €","2,48 €/Kg"
Bolacha Maria Integral,PorSi,Embalagem de 600g,"1,49 €","2,48 €/Kg"
Mousse limpeza refresh,Labell,Embalagem com 150ml,"11,23 €/L","11,23 €/L"
Chá verde,Tetley,Embalagem de 20g,"1,14 €","114,00 €/Kg"
Alheira Extra Trás os Montes,PorSi,"Vendido ao peso, 1un= 200 gr (aprox.)","1,49 €","7,45 €/Kg"
Tira nódoas em spray,Skip,Embalagem de 500 ml,"7,99 €","19,02 €/Kg"
Queijo em fatias,Limiano,Embalagem de 400g,"1,96 €","9,80 €/Kg"
Ambientador vela odor cozinha,PorSi,1 unidade,"9,49 €","45,19 €/Kg"
"Néctar de alperce, tetra",Compal,pack 3 x 200 ml,"0,99 €","0,99 €/L"
Bolachas chips ahoy,Ca!,Embalagem de 300g,"0,79 €","5,27 €/Kg"
Vinho branco península de setúbal,Periquita,Garrafa de 0.75 l,"4,99 €","6,65 €/L"
Lixívia Spray Mousse,Neoblanc,Embalagem de 700ml,"1,74 €","0,35 €/L"
"Máquina depiladora descartável, Body men",Gillette,Embalagem de 3 unidades,"3,29 €","3,29 €/Unidade"
Bandida do pomar frutos vermelhos lata 50cl,Bandida,Garrafa de 500 ml,"1,59 €","3,18 €/L"
"Alimento húmido para gato 7+, aves",Whiskas,Embalagem de 400g,"3,49 €","10,26 €/Kg"
Iogurte grego oikos stracciatella,Danone,Embalagem de 4 x 110 g,"1,49 €","2,98 €/Kg"
Bolacha vitalday crocante chocolate,Gullon,Embalagem de 280g,"2,82 €","9,40 €/Kg"
Aguardente,Alma pura,Garrafa de 0.70 l,"11,49 €","16,41 €/L"
Cerveja c/ álcool,Sagres,pack 30 x 0.25 L,"1,99 €/L","1,99 €/L"
Detergentes máquina lavar loiça ecológico,PorSi,26 pastilhas,"2,99 €","2,99 €/Unidade"
Tablete de chocolate leite/amêndoa,Nestle,Embalagem de 120g,"4,09 €","14,82 €/Kg"
Azeite Subtil,Gallo,Garrafa de 2 l,"3,29 €","4,39 €/L"
Líxivia Super Gel Flores,Neoblanc,Embalagem de 750ml,"2,59 €","1,30 €/L"
Cueca incontinência para Adultos Ausonia Tamanho Gra...,Lindor,Embalagem de 14 unidades,"18,65 €","18,65 €/Unidade"
Spray dourado,Koopman,150 ml,"1,69 €","1,69 €/Unidade"
Limpa injetores diesel,PorSi,Embalagem de 250 ml,"14,99 €","14,99 €/L"
Optimal 7 ultra frescura,Ajax,Embalagem de 1L,"3,99 €","7,98 €/L"
Maçã Golden Premium,*,Calibre: 75/80,"1,69 €/Kg","1,69 €/Kg"
"Iogurte, sabor a tutti-fruti",PorSi,Embalagem de 4 x 125 g,"1,87 €","1,25 €/Kg"
Refrigerante c/ gás zero,Coca-Cola,pack 4 x 1 l,"0,40 €/L","0,40 €/L"
"Pensos para calos, 10 unidades",PorSi,1 embalagem,"1,69 €","1,69 €/Unidade"
Doce de abóbora c/ noz,Quinta de Jugais,Embalagem de 280g,"2,19 €","9,95 €/Kg"
Papel higiénico macio absorvente,PorSi,12 rolos,"1,99 €","1,99 €/Unidade"
Lixívia Roupa delicada,PorSi,Embalagem de 2 l,"4,49 €","1,12 €/L"
Elixir bocal dentes e gengivas,Listerine,,"1,29 €","2,58 €/L"
Pão Bijou 45 g,Pão do Dia,,"0,19 €","2,38 €/Kg"
Paloco desfiado,PorSi,Embalagem de 500 g,"3,99 €","9,98 €/Kg"
Líxivia Super Gel Flores,Neoblanc,Embalagem de 750ml,"1,74 €","0,35 €/L"
Vinho branco,PorSi,embalagem de 1 litro,"0,85 €/L","0,85 €/L"
Mistura solúvel c/ 20% café pó,PorSi,Embalagem de 200g,"1,64 €","6,56 €/Kg"
Cria o Cenário,Jurassic World,1 un.,"5,99 €","5,99 €/Unidade"
Feuilletine,Du Bois de la Roche,Embalagem de 135 g,"0,39 €","3,12 €/Kg"
"Creme de noite, age perfect",L'oreal,Embalagem de 50 ml,"2,99 €","59,80 €/L"
Loção extracare para bebé,Johnson's Baby,Embalagem de 500 ml,"0,55 €","5,50 €/L"
Bolacha recheada mega duo cacau,Gullon,Embalagem de 500g,"2,15 €","2,87 €/Kg"
Esparguete Clássica,Nacional,Embalagem de 500 g,"1,39 €","1,39 €/Kg"
Manteiga pasteurizada com sal cuvet,Primor,Embalagem de 250g,"8,56 €/Kg","8,56 €/Kg"
Polpa de manga,PorSi,Embalagem de 850g,"1,99 €","2,37 €/Kg"
"Guardanapos brancos, 33x33cm, 2 folhas",PorSi,Embalagem com 100 unidades,"1,29 €","1,29 €/Unidade"
Chá infusão nº3 prostal control,Cemporcent,Embalagem de 13g,"58,44 €/Kg","58,44 €/Kg"
Pá do Lixo C/ Cabo,PorSi,1 un.,"2,20 €","2,20 €/Unidade"
Vinagre de vinho tinto,PorSi,Garrafa de 500 ml,"2,89 €","11,56 €/L"
"Azeitonas pretas sem caroço, frasco de 165 g",PorSi,Embalagem de 165g,"2,19 €","2,81 €/Kg"
Posta de atum ao natural,PorSi,Embalagem de 120g,"0,89 €","7,42 €/Kg"
Ketchup picante,Heinz,460 g,"0,87 €","2,90 €/Kg"
Leite UHT Morango sem Lactose,Mimosa,Pack 3 x 250 ml,"0,99 €","0,99 €/L"
Iogurte activia aveia nozes,Danone,Embalagem de 4 x 120 g,"2,79 €","6,07 €/Kg"
Alimento lácteo banana +6 meses,Yogolino,Embalagem de 4 x 100 g,"2,89 €","7,23 €/Kg"
Fralda Recém Nascido T2 |3-6 kg,Chelino,Embalagem 28 Unidades,"6,49 €","6,49 €/Unidade"
Gelatina tutti-fruti,PorSi,Embalagem de 170g,"0,55 €","61,11 €/Kg"
Couve Roxa,Programa Origens,1 un = 1 kg (aprox.),"1,64 €","1,09 €/Kg"
Tablete de chocolate branco,Schogetten,Embalagem de 100g,"0,99 €","9,90 €/Kg"
Creme para barrar,Nutella,Embalagem de 200 g,"4,39 €","12,91 €/Kg"
Puzzle 3D Empire State Building,Cubic Fun,1 unidade,"5,99 €","5,99 €/Unidade"
20 saquetas infusão camomila,Lipton,Embalagem de 10g,"0,99 €","76,15 €/Kg"
Papel higiénico compacto 2 folhas,PorSi,18 = 36 Rolos,"1,99 €","1,99 €/Unidade"
Borracha para desenho técnico,Domédia,1 unidade,"3,19 €","3,19 €/Unidade"
Sumo essencial manga,Compal,pack 3 x 0.11 l,"0,99 €","0,99 €/L"
Gel Styling Casual Black,Axe,Embalagem de 75 ml,"5,99 €","14,98 €/L"
Chocolate para culinária 85% cacau sem glúten,Regina,embalagem de 200 g,"1,04 €","8,32 €/Kg"
Aloé vera + lactobacillus + papaia + anis,Forma+,Embalagem de 80g,"6,89 €","45,93 €/Kg"
Sopa de tomate,Knorr,Embalagem de 90g,"0,62 €","10,00 €/Kg"
Pipoca doce para  microondas,PorSi,Embalagem de 300g,"0,79 €","7,90 €/Kg"
Frango Inteiro Grande,Frango,1 un = 1.6 kg (aprox.),"1,05 €","2,99 €/Kg"
Cominhos moídos,PorSi,Embalagem de 35g,"0,25 €","0,25 €/Kg"
Chantilly,Royal,Embalagem de 70g,"1,29 €","3,23 €/Kg"
Molho de nata para carne,Mimosa,Garrafa de 200 ml,"0,87 €","2,90 €/Kg"
Desinfetante Têxtil,Sanytol,Embalagem de 500 ml,"1,69 €","1,69 €/L"
Limpa vidros azul,PorSi,Embalagem de 1 l,"3,49 €","13,96 €/L"
Toalhetes Íntimos Suaves,Corine de Farme,Embalagem com 10 un.,"2,19 €","2,19 €/Unidade"
Leite creme,PorSi,Embalagem de 4x23g,"2,99 €","6,64 €/Kg"
Infusão de tília,PorSi,Embalagem de 30g,"0,99 €","76,15 €/Kg"
Bagas de goji,Cemporcent,Embalagem de 125 g,"0,79 €","3,95 €/Kg"
Vinho tinto doc dão,Cabriz,Garrafa de 0.75 l,"3,99 €","5,32 €/L"
Fralda Cueca T3,Dodot,Embalagem de 37 un.,"9,49 €","9,49 €/Unidade"
Lápis de cor 18 cm,Domédia,embalagem com 18 unidades,"2,99 €","2,99 €/Unidade"
Vinagre de sidra,Cristal,Garrafa de 500 ml,"2,89 €","11,56 €/L"
Mini salsichas cocktail,Nobre,lata de 180g,"0,75 €","3,75 €/Kg"
Baguete,PorSi,250 g,"0,19 €","2,38 €/Kg"
Açúcar granulado,Rar,Embalagem de 1kg,"1,49 €","1,49 €/Kg"
Toalhitas Bebé Basic,PorSi,Embalagem de 72 unidades,"1,09 €/Unidade","1,09 €/Unidade"
Bucal maça natural,Andros,Embalagem de 750 g,"3,39 €","4,52 €/Kg"
Cereais Forma Natura,PorSi,500 g,"3,79 €","29,38 €/Kg"
Flocos de cereais com mel,PorSi,Embalagem de 750g,"3,29 €","4,39 €/Kg"
Legumes verdes para sopa,PorSi,Embalagem de 1 kg,"1,98 €","1,98 €/Kg"
Café moagem grossa bio,PorSi Bio,Embalagem de 250g,"9,16 €/Kg","9,16 €/Kg"
Ambientador carro recarga aqua,Ambipur,1 unidade,"1,99 €","1,99 €/Unidade"
10 Hambúrgueres de porco,PorSi,Embalagem de 600g,"2,34 €","7,31 €/Kg"
Spray power&shine casa de banho,Cif,Garrafa de 750 ml,"0,79 €","0,79 €/L"
Boneca Caty 85 cm,Vicam,1 unidade,"27,99 €/Unidade","27,99 €/Unidade"
"Alimento para hamsters, saco",Kiki,Embalagem de 800g,"2,49 €","3,11 €/Kg"
Pirassununga (38º),Cachaca 51,Garrafa de 700 ml,"17,49 €","24,99 €/L"
Infusão de menta,Tetley,Embalagem de 10g,"0,99 €","76,15 €/Kg"
Farinha,Maizena,Embalagem de 400g,"1,99 €","1,99 €/Kg"
Açucar icing,Rar,Embalagem de 250 g,"1,49 €","1,49 €/Kg"
Ice tea pêssego,Lipton,Garrafa de 2 l,"1,14 €","0,76 €/L"
Infusao boa forma 10saq,Diese,Embalagem de 10 unidades,"1,44 €","1,44 €/Unidade"
"Refresco em pó, ananás",Tang,Embalagem de 30g,"0,75 €","18,75 €/Kg"
Bebida de cereais e café mokambo intenso,Nestle,Embalagem de 180g,"1,64 €","6,56 €/Kg"
Chá verde menta,PorSi,Embalagem de 43.7 g,"1,14 €","114,00 €/Kg"
Cafe soluvel c/c 200g,Delta,Embalagem de 200g,"14,50 €/Kg","14,50 €/Kg"
Refresco pó laranja e morango,PorSi,Embalagem de 40g,"0,75 €","18,75 €/Kg"
"Recarga ambientador eléctrico, alfazema",PorSi,Embalagem de 25 ml,"1,79 €","1,79 €/Unidade"
Ovos | Classe: L,Ovitae,24 unidades,"5,09 €","5,09 €/Unidade"
Tira Nódoas em Pó Cores,Skip,1 kg,"1,69 €","1,69 €/L"
Bolacha Maria,Cuetara,Embalagem de 200g,"2,11 €/Kg","2,11 €/Kg"
Dourada de Viveiro,Peixe do Dia,de 600 a 800g,"1,60 €","7,99 €/Kg"
Fiambre perna ext.fat.fin.150g,Porminho,Embalagem de 150 g,"0,97 €","6,49 €/Kg"
Abafado Tinto,Vice Rei,Garrafa de 1L,"7,99 €","10,65 €/L"
Pai Natal de Chocolate,PorSi,Embalagem de 60 g,"2,29 €","17,62 €/Kg"
Cachaça,Velho do barreiro,Garrafa de 70 cl,"17,49 €","24,99 €/L"
Vinho tinto,PorSi,embalagem de 5 litros,"5,19 €","1,04 €/L"
Desinfetante álcool gel com doseador,PorSi,500 ml,"0,99 €","1,98 €/L"
Leite Bem Essencial morango,Mimosa,Embalagem de 4 x 200 ml,"1,99 €","2,49 €/L"
Champô nutri proteção,Labell,Embalagem de 250 ml,"5,59 €","13,98 €/L"
Massa filo,JR,Embalagem de 250g,"0,99 €","4,30 €/Kg"
Biscoitos integrais sementes de agave,PorSi Viva Bem,Embalagem de 150g,"1,20 €","3,90 €/Kg"
"Batata frita wavy, ondulada",PorSi,Embalagem de 90g,"1,01 €","5,46 €/Kg"
Iogurte líquido infantil morango e banana,PorSi,Pack 6 x 100 g,"1,05 €","1,86 €/L"
Vinho doc colheita selecionada branco 2016,QT.CURRAIS,Garrafa de 750 ml,"2,49 €","3,32 €/L"
Nata uht,Agros,Garrafa de 200 ml,"0,75 €","3,75 €/L"
Tablete de chocolate,Chabrior,Embalagem de 250 g,"0,69 €","4,60 €/Kg"
Chocolate branco com recheio de avelã,Kinder,Embalagem de 160g,"2,29 €","17,62 €/Kg"
Champanhe rose bruto,Delagne & Fils,"Garrafa de 0,75 l","19,99 €","26,65 €/L"
Espumosos tinto bruto attitude,Fita azul,Garrafa 0.75L,"3,49 €","4,65 €/L"
"Espumante cava bruto, reserva",Freixenet,Garrafa de 750 ml,"8,49 €","11,32 €/L"
Queijo de vaca curado light amanteigado,PorSi,+/- 550 g,"3,35 €","13,39 €/Kg"
Gelatina de frutos tropicais,PorSi,Embalagem 2X85G,"0,55 €","61,11 €/Kg"
Piri piri,Calve,Garrafa de 50 ml,"0,87 €","2,90 €/Kg"
Ovos galinha solo l,PorSi,6 ovos,"5,09 €","5,09 €/Unidade"
Patê atum em escabeche,La piara,Embalagem de 80g,"1,19 €","13,52 €/Kg"
Detergente liquido loiça clássico,PorSi,Garrafa de 1 litro,"1,05 €","2,10 €/L"
Infusão carqueja,Cemporcent,Embalagem de 10 unidades,"0,99 €","76,15 €/Kg"
Cuecas Incontinência Maxi Grande,Lindor,Embalagem com 14 un.,"18,65 €","18,65 €/Unidade"
Açúcar granulado embalado em papel,Rar,Embalagem de 1 kg,"1,49 €","1,49 €/Kg"
Tablete de chocolate culinário negro,PorSi,Embalagem de 200 g,"1,04 €","8,32 €/Kg"
Chocolate kit kat,Kit kat,Embalagem de 210g,"19,47 €/Kg","19,47 €/Kg"
"Iogurte sólido aroma morango, ananás e banana",Mimosa,Pack 8 x 120 g,"1,87 €","1,25 €/Kg"
Alho-francês,PorSi,Embalagem de 750 g,"1,98 €","1,98 €/Kg"
Soro fisiológico,PorSi,Embalagem de 100 ml,"0,55 €","5,50 €/L"
Bacalhau Especial,PorSi,"1 un= 3kg /3,5kg (aprox.)","37,48 €","14,99 €/Kg"
Laca Cabelo Criação Brilho,Tresemmé,Embalagem de 300 ml,"4,19 €","16,76 €/L"
Cola Especial Calçado,Pattex,Embalagem de 30 g,"2,99 €","99,67 €/Kg"
Bolachas digestive muesli,Gullon,Embalagem de 370g,"1,20 €","3,90 €/Kg"
Pasta dentífrica,Couto,Embalagem de 60 ml,"2,39 €","31,87 €/L"
Algodão zig zag pré-cortado,PorSi,Embalagem de 50 g,"1,69 €","1,69 €/Unidade"
"Pensos diários, maxi, 40 unidades",Evax,Uma embalagem,"2,99 €","2,99 €/Unidade"
Perolas perfumadas fresh,PorSi,Embalagem de 275 g,"31,99 €","31,99 €/Unidade"
10 nuggets de frango com cereais integrais,Capitão Iglo,Embalagem de 208 g,"2,34 €","7,31 €/Kg"
Vinho regional tejo reserva tinto,Casaleiro,Garrafa de 0.75 l,"4,99 €","6,65 €/L"
Molho bechamel,Parmalat,Embalagem de 200 ml,"0,75 €","3,75 €/L"
Papa infantil láctea banana laranja +6 meses,Cerelac,Embalagem de 250g,"4,99 €","4,99 €/Kg"
Arroz Carolino,Saludães,Embalagem de 1 kg,"0,99 €/Kg","0,99 €/Kg"
Creme Suavizante Picadas de Insectos,Mercurochrome,Embalagem 50 ml,"0,58 €","0,58 €/Unidade"
Gin premium hendricks 0.70l,Hendricks,Garrafa de 700 ml,"14,99 €","21,41 €/L"
Groselha,ALBERGARIA,Garrafa de 1 l,"4,89 €","6,61 €/L"
Batata frita light,Lay's,Embalagem de 140g,"0,95 €","6,33 €/Kg"
Sobremesa de Arroz Doce,PorSi,Embalagem 2X135G,"0,55 €","2,75 €/Kg"
Moscatel de setúbal,Alambre,"Garrafa de 0,75L","5,99 €","7,99 €/L"
Fralda cueca T6 - 16 a 22 kg,PorSi,18 unidades,"9,49 €","9,49 €/Unidade"
Liquido refrigerante verde 10%,PorSi,Embalagem de 1 l,"3,49 €","13,96 €/L"
Bolachas cream cracker,PorSi,Embalagem de 200g,"0,39 €","3,12 €/Kg"
Gogo SqueeZ Snack Morango,Gogo,Embalagem de 4 x 90g,"2,29 €","6,94 €/L"
Creme Rosto Dia Pele Mista Antirrugas Q10 Plus,Nivea,Embalagem de 50 ml,"2,99 €","59,80 €/L"
Snack gato sticks carne 6x5g porsi,PorSi,Embalagem de 30g,"0,99 €","16,50 €/Kg"
"Champô suave, peles sensiveis",Corine de Farme,Embalagem de 750 ml,"1,99 €","1,99 €/Unidade"
Adoçante em pó stevia,PorSi Viva Bem,Embalagem de 17g,"5,99 €","23,96 €/Kg"
Cola universal,Uhu,Embalagem de 20 ml,"2,19 €","109,50 €/L"
Cerveja sem álcool,Cheers,Pack 6 x 0.33 l,"5,99 €","3,03 €/L"
"Vinho branco, denominação de origem controlada, dour...",VILA REAL,Garrafa de 750 ml,"7,49 €","9,99 €/L"
Cereais fitness,Nestle,Embalagem de 630g,"3,79 €","29,38 €/Kg"
Gelatina pronta a comer light 10 kcal morango,Royal,Embalagem de 4 x 100 g,"0,85 €","2,13 €/Kg"
Nutella b-ready t.2,Nutella,Embalagem de 50g,"2,29 €","17,62 €/Kg"
8 rissóis de carne,PorSi,Embalagem de 300g,"2,99 €","9,97 €/Kg"
Bloco sanitário com suporte azul,WC Pato,Embalagem de 40 g,"2,99 €","74,75 €/Kg"
Mistura solúvel bolero,Nestle,Embalagem de 200g,"1,64 €","6,56 €/Kg"
Ambientador elétrico baunilha & magnólia asiática,Air Wick,Difusor + Recarga,"3,74 €","3,74 €/Unidade"
Delta cappuccino 10x14g,Delta,Embalagem de 140g,"3,19 €","25,52 €/Kg"
"Salsichas em frasco bockwurst, 5 un",Izidoro,Embalagem de 250g,"0,75 €","3,75 €/Kg"
Sopa de Cebola,PorSi,Embalagem de 62 g,"0,62 €","10,00 €/Kg"
Frutose,Cemporcent,Embalagem de 250g,"1,79 €","1,79 €/Kg"
Água s/ gás,Luso,"Garrafa de 5,4 l","1,04 €","0,17 €/L"
Farinha para bolos fina,Branca de Neve,Embalagem de 1 kg,"1,99 €","1,99 €/Kg"
Milho inteiro,Rac.zezere,Embalagem de 5 kg,"2,49 €","2,49 €/Kg"
Aguardente vínica velha,Alianca v.,Garrafa de 700 ml,"11,49 €","16,41 €/L"
Muesli original,Alpen,Embalagem de 550g,"4,59 €","8,35 €/Kg"
Tostas suecas integrais,Bimbo,embalagem de 234 g,"2,39 €","6,83 €/Kg"
Café Solúvel Espresso Intenso,Nescafe,Embalagem de 100g,"14,50 €/Kg","14,50 €/Kg"
Água c/ Gás Ananás,Frize,pack 4 x 0.25 l,"2,85 €","2,85 €/L"
Chá cherry love,Lipton,20 saquetas,"1,19 €","59,50 €/Kg"
Lixívia Denso-Activa Tradicional p/ Casa e Roupa,Neoblanc,Embalagem de 2 l,"1,74 €","0,35 €/L"
Leite com chocolate,PorSi,Embalagem de 200 ml,"0,26 €","1,30 €/L"
Pensos peles sensíveis sortidos,PorSi,20 unidades,"1,69 €","1,69 €/Unidade"
Farinheira das beiras,PorSi,Embalagem de 260G,"1,49 €","7,45 €/Kg"
Super Napolitana de Chocolate,Pastelaria do Dia,1 un = 120 g (aprox.),"0,99 €","11,00 €/Kg"
Própolis + vit c,Forma+,Embalagem de 64g,"6,89 €","45,93 €/Kg"
Batata frita com sal,Ruffles,Embalagem de 90g,"1,01 €","5,46 €/Kg"
Palitos redondos,PorSi,200 unidades embalados individualmente,"1,50 €","1,50 €/Unidade"
Mel de néctar multifloral bio,PorSi Bio,Frasco de 250g,"4,89 €","9,78 €/Kg"
Água sem gás,Vitalis,Garrafa de 0.5 l,"1,04 €","0,17 €/L"
Café em grão,Delta,Embalagem de 250g,"9,16 €/Kg","9,16 €/Kg"
Pó de talco,PorSi,Embalagem de 250g,"0,55 €","5,50 €/L"
Tostas suecas de trigo,PorSi,Embalagem de 225 g,"2,39 €","6,83 €/Kg"
Queijo mini,Babybel,Embalagem de 6x20 g,"1,45 €","7,25 €/Kg"
Guardanapos brancos 22x22cm | folha dupla,Renova,90 unidades,"1,29 €","1,29 €/Unidade"
Tira gorduras recarga,Mistolin,Garrafa de 550 ml,"4,44 €","5,92 €/L"
Whisky 12 anos,Chivas,Garrafa de 700 ml,"32,99 €","47,13 €/L"
Queijo fresco natural,Matinal,Embalagem de 216g,"2,44 €","11,30 €/Kg"
Fralda Cueca Activity Extra Tamanho 4,Dodot,Embalagem com 45 uni.,"9,49 €","9,49 €/Unidade"
Prato com naperon 30cm,PorSi,1 unidade,"0,54 €","0,54 €/Unidade"
Pipetas repelente para cão,Repul' 7,Embalagem de 1 unidades,"19,99 €","19,99 €/Unidade"
Iogurte morango skyr 0%,PorSi Viva Bem,150 g,"1,39 €","9,59 €/Kg"
Cogumelos laminados,PorSi,780 g,"2,19 €","2,81 €/Kg"
Licor de coco,On Off,"Garrafa de 0,70 l","7,49 €","10,70 €/L"
Bolachas recheadas com morango e cheesecake,Oreo,Embalagem de 150g,"1,49 €","9,68 €/Kg"
"Gel banho, sport for men",Nivea,Embalagem de 250 ml,"3,69 €","14,76 €/L"
Bancada de ferramentas,Hot Wheels,1 embalagem,"24,99 €","24,99 €/Unidade"
Pão de leite 8 un.,Bimbo,Embalagem de 280g,"7,40 €/Kg","7,40 €/Kg"
Bolachas com geleia de framboesa,Chabrior,Embalagem de 150 g,"1,77 €","5,53 €/Kg"
Azeite Virgem Extra Clássico,Gallo,Garrafa de 2 l,"3,29 €","4,39 €/L"
Vinho regional de lisboa tinto,Marginal,Garrafa de 750 ml,"4,99 €","6,65 €/L"
Bebida de soja e chocolate,PorSi Viva Bem,Embalagem de 1 l,"1,49 €","1,49 €/L"
Massa macarronete riscado,PorSi,Embalagem de 500g,"1,39 €","1,39 €/Kg"
Sacos do lixo jardim 130 litros,PorSi,10 sacos,"1,89 €","1,89 €/Unidade"
Creme para calçado preto,Splendor,80 ml,"0,99 €","19,80 €/L"
Chá de maçã e canela,Tetley,Embalagem de 20g,"1,19 €","59,50 €/Kg"
Fósforos cozinha,Flamefast,Uma embalagem com 4 unidades,"1,50 €","1,50 €/Unidade"
Bolachas marinheiras espelta,Cemporcent,Embalagem de 200 g,"1,20 €","3,90 €/Kg"
Tablete de chocolate culinário branco,PorSi,Embalagem de 180 g,"1,04 €","8,32 €/Kg"
Renovador Camurça em Spray Preto,Búfalo,Embalagem de 250 ml,"1,49 €","1,49 €/Unidade"
Café moído torrado aroma originale,Belissimo,Embalagem de 200g,"9,16 €/Kg","9,16 €/Kg"
Pão de forma s/ côdea,Bimbo,Embalagem de 650 g,"0,99 €","1,65 €/Kg"
Inseticida moscas e mosquitos,Dum Dum,Garrafa de 300 ml,"4,49 €","11,97 €/L"
"Borracha Technic, 600",Maped,embalagem com 2 unidades,"0,79 €","0,79 €/Unidade"
Lion barra cereais  25g,Nestle,Embalagem de 150g,"1,29 €","10,24 €/Kg"
Lima-limao zero,PorSi,Garrafa de 1.5 l,"0,40 €/L","0,40 €/L"
Óleo Performa 10W40,Galp,Embalagem de 5 l,"14,99 €","14,99 €/L"
Óleo de linhaça - 110 cápsulas moles,Forma+,Embalagem de 77g,"6,89 €","45,93 €/Kg"
Lanche Misto,Pastelaria do Dia,1 unidade= 115 g,"0,65 €","0,65 €/Unidade"
Ambientador Difusor Frutos Vermelhos,PorSi,50 ml,"9,49 €","45,19 €/Kg"
Caramelos de leite,Penha,Embalagem de 250g,"2,75 €","11,00 €/Kg"
Mostarda a'lancienne,PorSi Select,190 g,"0,87 €","2,90 €/Kg"
Vinho verde branco,MIRANDA,"Garrafa de 0,75 l","3,09 €","3,09 €/L"
Beterraba s/ Rama,Programa Origens,1 un = 250 gr  (aprox.),"1,20 €","2,99 €/Kg"
Água com gás natural pet,P.salgadas,pack 6 x 0.33 l,"2,85 €","2,85 €/L"
Néctar ananás,PorSi,Pack 3 x 200 ml,"0,99 €","0,99 €/L"
Gel de Banho Shea Butter & Vanilla,Dove,Embalagem de 750 ml,"6,99 €","9,32 €/L"
Sal cristal,PorSi,embalagem de 1 kg,"0,25 €","0,25 €/Kg"
Sidra,Kings Bräu,Pack 6 x 0.33 l,"1,59 €","3,18 €/L"
Vinho rosé,Mateus,Garrafa de 750 ml,"4,29 €","5,72 €/L"
Esferográfica Azul Retratil 0.7mm,Mab,Embalagem com 1 un.,"0,79 €","0,79 €/Unidade"
Queijo ralado mix 3 queijos,PorSi,Embalagem de 200 g,"7,45 €/Kg","7,45 €/Kg"
Puré batata doce,PorSi,Embalagem de 750g,"8,99 €","17,98 €/Kg"
Vinho branco bag-in-box,Capataz,Embalagem de 5 l,"5,19 €","1,04 €/L"
Refresco em pó de laranja,Tang,Embalagem de 30g,"0,75 €","18,75 €/Kg"
Toalhitas de Limpeza,Chicco,Embalagem c/ 72 un.,"1,09 €/Unidade","1,09 €/Unidade"
Chocolate negro com coco,Cemporcent,Embalagem de 125g,"2,29 €","22,90 €/Kg"
Gel Cabelo Styling Creme Cabelo,Nivea,Embalagem de 150 ml,"5,99 €","14,98 €/L"
Rhum com coco,Malibu,Garrafa de 700 ml,"17,49 €","24,99 €/L"
Rebuçados fruta,PorSi,Embalagem de 250g,"1,08 €","5,40 €/Kg"
Chocolate kit kat,Kit kat,Embalagem de 130g,"19,47 €/Kg","19,47 €/Kg"
Pão forma com côdea,PorSi,Embalagem de 600g,"0,99 €","1,65 €/Kg"
Café Torrado em Grão Indonésia,Delta,Embalagem de 220g,"9,16 €/Kg","9,16 €/Kg"
Sangria branca,Casal Garcia,Garrafa de 750 ml,"2,39 €","1,59 €/L"
Lipton limão zero pet,Lipton,Garrafa de 2 l,"1,14 €","0,76 €/L"
Massa de macarrão grande estriado,PorSi,Embalagem de 500g,"1,39 €","1,39 €/Kg"
Leite condensado magro,Nestle,Embalagem de 390g,"1,09 €","2,75 €/Kg"
Aguardente vínica,P.marante,Garrafa de 700 ml,"11,49 €","16,41 €/L"
Detergente líquido p/ máquina lavar roupa cores escu...,Woolite,"Garrafa de 1,65 l","31,99 €","31,99 €/Unidade"
Vinho regional lisboa branco,Marginal,Garrafa de 750 ml,"4,99 €","6,65 €/L"
Manjericão,PorSi,50 g,"0,99 €","19,80 €/Kg"
Bloco Sanitário Poder Activo Aqua,Sonasol,Embalagem de 50 g,"2,99 €","74,75 €/Kg"
Caramelo líquido,Royal,Embalagem de 400g,"1,29 €","3,23 €/Kg"
Pimenta preta grão,PorSi,Saqueta de 50 g,"0,25 €","0,25 €/Kg"
Ameijoa Castanha Vietnamita,Marisco Congelado,Venda ao Kilo,"2,00 €","7,99 €/Kg"
Marmelada com frutose,PorSi Viva Bem,Embalagem de 400g,"1,09 €","2,42 €/Kg"
Gelatina de morango,PorSi,Embalagem de 170g,"0,55 €","61,11 €/Kg"
Iogurte activia líquido morango,Danone,Embalagem de 4 x 155 g,"2,79 €","6,07 €/Kg"
Pensos diários respirare,Carefree,embalagem com 20 unidades,"2,99 €","2,99 €/Unidade"
"Palmilha de cortiça com látex, tamanho 36/37",Sonaf,1 unidade,"5,59 €","37,27 €/L"
Aditivo gasolina sem chumbo,Redex,Embalagem de 250 ml,"4,99 €","19,96 €/L"
Bolachas com recheio baunilha,PorSi,Embalagem de 500g,"2,15 €","2,87 €/Kg"
Cenoura baby,PorSi,Embalagem de 400 g,"1,98 €","1,98 €/Kg"
Conjunto de 4 peças flex,Maped,1 unidade,"1,99 €","1,99 €/Unidade"
Leite uht sem lactose magro,PorSi Viva Bem,1 litro,"0,99 €","0,99 €/L"
Lava tudo amigo dos animais,Xanpa,Embalagem de 1 l,"2,59 €","1,30 €/L"
"Salsichas aves, frasco com 5 unidad",Izidoro,Embalagem de 250g,"0,75 €","3,75 €/Kg"
"Vinho branco região da península de setúbal, bag in ...",Dom Campos,Garrafa de 5 l,"9,49 €","1,90 €/L"
Bio miolo amendoa compele,PorSi Bio,Embalagem de 100g,"0,79 €","3,95 €/Kg"
Chispalhada,PorSi,Embalagem de 420 g,"2,35 €","5,60 €/Kg"
Espumoso moscato,Selecção de Enófilos,"Garrafa de 0,75 l","3,49 €","4,65 €/L"
"Refrigerante sem gás, maracujá e la",Joi,"Garrafa de 1,5 l","1,14 €","0,76 €/L"
Tequila,On Off,Garrafa de 70 cl,"11,99 €","11,99 €/L"
Vinho branco região do Dão,Dharma,Garrafa de 0.75 l,"3,99 €","5,32 €/L"
Saqueta de puré de fruta | maçã + pera,PorSi,90 g,"0,74 €","8,22 €/Kg"
Tira verniz,Labell,Embalagem de 200 ml,"2,49 €","41,50 €/L"
Chocolate single 38g,Toff.crisp,Embalagem de 40g,"19,47 €/Kg","19,47 €/Kg"
"Cera cabelo, paste signature",Axe,Embalagem de 75 ml,"4,19 €","16,76 €/L"
Batata frita rodelas,PorSi,Embalagem de 2x70g,"1,01 €","5,46 €/Kg"
Bacalhau com azeite e alho,PorSi Select,Lata de 120 g,"0,89 €","7,42 €/Kg"
"Hamburgers de porco, 4x80g",PorSi,Embalagem de 320 g,"2,34 €","7,31 €/Kg"
Desinfetante Multiusos,Sanytol,Embalagem de 750 ml,"4,44 €","5,92 €/L"
Bifanas,Porco,Vendido ao peso a partir de 1 kg,"4,89 €","4,89 €/Kg"
Pasta dentífrica menta fresca,Aquafresh,Embalagem de 75 ml,"2,39 €","31,87 €/L"
Esoumante prosecco branco,Gancia,Garrafa de 750 ml,"3,49 €","4,65 €/L"
Granola + classica,Cemporcent,Embalagem de 375g,"1,79 €","1,79 €/Kg"
Lambrusco rosé,Sorbello,Garrafa de 0.75 l,"2,29 €","3,05 €/L"
Dobrada com feijão,Nobre,Embalagem de 420g,"2,35 €","5,60 €/Kg"
Marcadores para colorir,Domédia,embalagem com 18 unidades,"3,19 €","3,19 €/Unidade"
Creme de corpo exfoliante,Labell,Embalagem de 150 ml,"0,76 €","0,76 €/Unidade"
Refrigerante s/ gás flórida,Sunny d,"Garrafa de 1,25 l","1,14 €","0,76 €/L"
Néctar vital equilibrio manga/laranja,Compal,Embalagem de 1 l,"0,84 €","2,55 €/L"
Iogurtes aroma 4 de morango + 4 de banana,PorSi,Embalagem de 8x125g,"1,87 €","1,25 €/Kg"
"Arrancadores, 2 unidades",Osram,1 embalagem,"2,59 €","2,59 €/Unidade"
Arroz carolino malandrinho,Malandrinh,Embalagem de 1 kg,"0,99 €/Kg","0,99 €/Kg"
Toucinho Fumado,PorSi,fatiado a partir de 100 gr,"1,45 €","18,13 €/Kg"
Batata frita forno camponesas,Lay's,Embalagem de 130g,"1,12 €","6,40 €/Kg"
Bolachas digestive finas de chocolate de leite,Triunfo,Embalagem de 170 g,"0,69 €","4,60 €/Kg"
Queijinhos mini,Babybel,Embalagem de 240g,"0,82 €","23,43 €/Kg"
Elixir oil,Gliss,Embalagem de 75 ml,"11,99 €","159,87 €/L"
Escova para limpar camurça,Sonaf,1 unidade,"1,49 €","1,49 €/Unidade"
Gelado viennetta morango,Olá,Embalagem de 650 ml,"5,49 €","6,10 €/L"
Piaçaba com suporte,PorSi,1 unidade,"3,99 €","3,99 €/Unidade"
Gelatina mirtilos,Alsa,Embalagem de 180g,"0,55 €","61,11 €/Kg"
Champô Extra Suave Flores de Amêndoa,Corine de Farme,Embalagem de 500 ml,"1,99 €","1,99 €/Unidade"
Gelado sandwich nata/chocolate,PorSi,Embalagem de 6x100 ml,"1,89 €","3,15 €/L"
Vinho verde branco,Aveleda,Garrafa de 750 ml,"3,09 €","3,09 €/L"
Cereais estrelitas,Nestle,Embalagem de 550g,"5,07 €/Kg","5,07 €/Kg"
Toalhitas para bebé melão,PorSi,Embalagem de 60 unidades,"1,09 €/Unidade","1,09 €/Unidade"
Café torrado lote chávena saco,Delta,Embalagem de 250g,"9,16 €/Kg","9,16 €/Kg"
"Salsichas bockwurst em frasco, 8 unidades",Izidoro,Embalagem de 400g,"0,75 €","3,75 €/Kg"
Batata frita light,PorSi,Embalagem de 150g,"0,95 €","6,33 €/Kg"
Guardanapos 2 folhas brancos e dourado,PorSi Select,50 unidades,"1,29 €","1,29 €/Unidade"
Lava tudo brilhante madeiras,PorSi,Embalagem de 1.1 litros,"0,99 €","0,50 €/L"
24 Caldos de carne,PorSi,Embalagem de 255  g,"3,84 €","24,00 €/Kg"
Néctar de pêssego,PorSi,Pack 3 x 200 ml,"0,99 €","0,99 €/L"
Cereais bio chocapic,Nestle,Embalagem de 330g,"3,65 €","7,30 €/Kg"
Batata palha finíssima,PorSi Select,Embalagem de 180 g,"1,69 €","9,39 €/Kg"
Sobremesa gelatina de ananás,PorSi,Embalagem 4X100G,"0,85 €","2,13 €/Kg"
Coca-cola zero sem cafeína,Coca-Cola,"Garrafa de 1,75 l","0,40 €/L","0,40 €/L"
Barras de cereais com chocolate preto,PorSi,6 x 23 g,"1,29 €","10,24 €/Kg"
Queijo mozzarella ralado,PorSi,Embalagem de 200 g,"7,45 €/Kg","7,45 €/Kg"
Toalhitas Limpeza Aquas,Kandoo,Embalagem c/ 50 un.,"1,09 €/Unidade","1,09 €/Unidade"
Massa quebrada margarina,PorSi,Embalagem de 230 g,"0,99 €","4,30 €/Kg"
Farinha láctea 5 frutos,PorSi,Embalagem de 500g,"4,99 €","4,99 €/Kg"
Sopa rabo de boi económica,Knorr,Embalagem de 60g,"0,62 €","10,00 €/Kg"
Bebida energética ripper,Monster,Garrafa de 500 ml,"5,39 €","5,39 €/L"
"Fraldas cuecas babiky, tamanho 5, 14-18 kilos, 11 un...",Dodot,Uma embalagem,"9,49 €","9,49 €/Unidade"
Adoçante com doseador,PorSi,Embalagem 100 comprimidos,"5,99 €","23,96 €/Kg"
"Borracha Technic, 600",Maped,embalagem com 2 unidades,"2,99 €","2,99 €/Unidade"
Grão de bico,PorSi,Embalagem de 420g,"2,19 €","2,81 €/Kg"
"Vinho doc loureiro, verde",Selecção de Enófilos,Garrafa de 0.75 l,"3,09 €","3,09 €/L"
Gel banho aroma sensations anti-stress,Palmolive,Embalagem de 500 ml,"3,69 €","14,76 €/L"
Manga Avião,Fruta do Dia,1 un=500 gr (aprox.),"2,25 €","4,49 €/Kg"
Mignonnettes Leite,Cote D'or,Embalagem de 240 g,"5,30 €/Kg","5,30 €/Kg"
Bolacha vida equilíbrio ameixa e fibra,Cemporcent,Embalagem de 140g,"1,20 €","3,90 €/Kg"
Massa pevide,Nacional,Embalagem de 250g,"1,39 €","1,39 €/Kg"
"Toalhitas intimas, 20 unidades",Labell,Uma embalagem,"2,19 €","2,19 €/Unidade"
Creme vegetal para barrar,PorSi,Embalagem de 500 g,"1,59 €","6,36 €/Kg"
Papel higiénico reciclado 2 folhas,PorSi,12 rolos,"1,99 €","1,99 €/Unidade"
Pescada África do Sul,Peixe Congelado,De 600g a 900g,"3,99 €/Kg","3,99 €/Kg"
Tiras da Costela/Piano,Porco,1 un = 500 gr (aprox.),"4,89 €","4,89 €/Kg"
Tarteletes com recheio morango,PorSi,Embalagem de 96g,"1,49 €","9,68 €/Kg"
Manteiga c/ sal,Mimosa,Embalagem de 250g,"8,56 €/Kg","8,56 €/Kg"
"Alimento seco para cão, croquetes pro adulto",PorSi Select,Embalagem de 4 Kg,"10,49 €","2,62 €/Kg"
Chocolate culinário 70% cacau,Pantagruel,Embalagem de 200g,"1,04 €","8,32 €/Kg"
Na-esparguete bio 500g 10kg,Nacional,Embalagem de 500g,"1,89 €","3,78 €/Kg"
Caramelos de fruta,Penha,Embalagem de 500 g,"2,75 €","11,00 €/Kg"
Vela em número nº1,PorSi,1 unidade,"0,60 €","0,60 €/Unidade"
Tarteletes morango doses 192g,Vieira,Embalagem de 190g,"0,69 €","4,60 €/Kg"
"Refeição pronta, boião de frango e arroz",Bledina,Embalagem de 200g,"2,09 €","10,45 €/Kg"
Receita caseira de bolonhesa,Nobre,Embalagem de 420g,"2,35 €","5,60 €/Kg"
Penso de incontinência maxi,Ausonia Discreet,Embalagem de 8 un.,"1,95 €","1,95 €/Unidade"
Arroz agulha América do Sul,PorSi,Embalagem de 1 kg,"0,99 €/Kg","0,99 €/Kg"
Queijo fresco ligth,PorSi,Embalagem de 4 x 62.5 g,"2,39 €","19,92 €/Kg"
Pasta dentífrica herbal,Colgate,Embalagem de 75 ml,"2,39 €","31,87 €/L"
Castanhas,PorSi,Embalagem de 500G,"3,29 €","4,39 €/Kg"
Renovador de Camurça em Spray Incolor,Búfalo,Embalagem de 250 ml,"1,49 €","1,49 €/Unidade"
Fruta para bebé maçã cenoura manga +6 meses,Nestle,Embalagem de 90g,"0,74 €","8,22 €/Kg"
Mix de frutas para smothie,PorSi,Embalagem de 450 g,"3,29 €","4,39 €/Kg"
4 filetes de pescada panados c/ limão,Pescanova,Embalagem de 400g,"5,49 €","13,73 €/Kg"
Discos Sanitários Activos Aparelho Marinho,WC Pato,Embalagem de 36 ml,"2,99 €","74,75 €/Kg"
"Escova de dentes, proteção global média, 2 unidades",Labell,Uma embalagem,"3,19 €","3,19 €/Unidade"
Massas alimentícias laços,PorSi,Embalagem de 500g,"1,39 €","1,39 €/Kg"
Açúcar areado amarelo,Rar,Embalagem de 1kg,"1,49 €","1,49 €/Kg"
Toalhitas limpa moveis,PorSi,Embalagem de 24 unidades,"1,39 €","1,26 €/L"
Manteiga com sal e sem lactose,Mimosa,Embalagem de 250g,"8,56 €/Kg","8,56 €/Kg"
Amaciador concentrado para roupa jojoba,PorSi,80 doses,"3,74 €","0,96 €/L"
Iogurte activia líquido cereais,Danone,Embalagem de 4 x 155 g,"2,79 €","6,07 €/Kg"
Arroz estufado,Caçarola,Embalagem de 1 kg,"0,99 €/Kg","0,99 €/Kg"
Bolo de Arroz 70 g,*,,"0,99 €","11,00 €/Kg"
Gelatina de melancia,Koala,Embalagem de 130g,"0,85 €","2,13 €/Kg"
"Creme para mãos, caixa familiar",Nivea,Embalagem de 250 ml,"2,49 €","41,50 €/L"
Ambientador vela citronela,PorSi,1 unidade,"9,49 €","45,19 €/Kg"
Cha infusão vermelho,Cemporcent,Embalagem com 10 saquetas,"58,44 €/Kg","58,44 €/Kg"
Ração para gato júnior com frango,Purina One,Embalagem de 800 g,"12,99 €","4,33 €/Kg"
Batata Branca,Legumes do Dia,10 kg,"0,30 €","1,19 €/Kg"
20 saquetas chá detox,Lipton,Embalagem de 30g,"58,44 €/Kg","58,44 €/Kg"
Milho doce,PorSi,Embalagem de 400 g,"1,98 €","1,98 €/Kg"
"Bacalhau graúdo inteiro salgado, seco",Bacalhau da Islândia,1 un= 2.5kg (aprox.),"37,48 €","14,99 €/Kg"
Lápis de cera,Giotto,embalagem com 12 unidades,"3,19 €","3,19 €/Unidade"
Forma de papel para bolos 6. 8cm,PorSi,Embalagem com 60 unidades,"1,29 €","1,29 €/Unidade"
Bacalhau posta média,PorSi,Embalagem de 800g,"6,39 €","7,99 €/Kg"
Arroz brajma,Cigala,Embalagem de 1 kg,"0,99 €/Kg","0,99 €/Kg"
Barras de cereais forma clássica,PorSi,Embalagem de 126g,"1,29 €","10,24 €/Kg"
Barras fitness natural 141g,Nestle,Embalagem de 140g,"1,29 €","10,24 €/Kg"
Bebida energética original,Burn,Garrafa de 500 ml,"5,39 €","5,39 €/L"
Moscatel favaios,Favaios,Garrafa de 750 ml,"5,99 €","7,99 €/L"
Croissant de Manteiga,PorSi,50g,"0,99 €","11,00 €/Kg"
Desengordurante multiusos em pistola,Agerul,Embalagem de 750 ml,"4,44 €","5,92 €/L"
Lixívia com detergente,PorSi,Embalagem de 2 l,"2,59 €","1,30 €/L"
Lâmina depilatória descartável lady com cabeça oscil...,Labell,1 embalagem - 6 unidades,"3,29 €","3,29 €/Unidade"
Achocolatado intenso 40% cacau,Nestle,Embalagem de 330g,"5,39 €","7,19 €/Kg"
Queijo de vaca curado amanteigado,PorSi,+/- 550 g,"3,35 €","13,39 €/Kg"
Nata uht p/ bater 0% lactose,Parmalat,Embalagem de 200 ml,"0,75 €","3,75 €/L"
Metades de pera em calda,PorSi,Lata de 820 g,"1,99 €","2,37 €/Kg"
Cereais recheados com chocolate e avelã,PorSi,Embalagem de 400g,"5,07 €/Kg","5,07 €/Kg"
Creme p/ barrar de chocolate e avelã,Milka,Embalagem de 600g,"4,39 €","12,91 €/Kg"
Creme custard baunilha,Condi,Embalagem de 150g,"2,99 €","6,64 €/Kg"
Xarope grenadine,Paquito,Garrafa de 750 ml,"4,89 €","6,61 €/L"
Manga Pronta a Comer,Fruta do Dia,1 un = 400 gr (aprox.),"2,25 €","4,49 €/Kg"
Esferográfica Preta Retratil 0.7mm,Mab,Embalagem com 1 un.,"0,79 €","0,79 €/Unidade"
Leite UHT Morango sem Lactose,Mimosa,Pack 3 x 250 ml,"1,99 €","2,49 €/L"
"Lenços de bolso, mentol, 10 unidades",Renova,Uma embalagem de 6x10,"0,89 €","0,89 €/Unidade"
"Acendalha branca, 32 cubos",PorSi,Uma embalagem,"0,75 €","0,75 €/Unidade"
8 hamburguers s/ glúten vaca,Capitão Iglo,Embalagem de 640g,"2,34 €","7,31 €/Kg"
Massa macarronete riscado,Milaneza,Embalagem de 500g,"1,39 €","1,39 €/Kg"
Caramelos de nata,PorSi,Embalagem de 250g,"2,75 €","11,00 €/Kg"
Spray calcário e sujidade,Cillitbang,Garrafa de 500 ml,"3,99 €","7,98 €/L"
"Tesoura de escritório, 21cm",Domédia,1 unidade,"2,19 €","109,50 €/L"
Molas plásticas amarelas,PorSi,50 unidades,"0,89 €","0,89 €/Unidade"
Rebuçados floco de neve,Vieira,Embalagem de 250g,"1,59 €","6,36 €/Kg"
Creme vegetal para culinária,PorSi,Embalagem de 1 kg,"2,89 €","2,89 €/Kg"
Vinho doc dão tinto,Grao vasco,Garrafa de 750 ml,"3,99 €","5,32 €/L"
Cereais cookie crisp,Nestle,Embalagem de 380g,"5,07 €/Kg","5,07 €/Kg"
Sabonete Deoprotect,Dystron,Embalagem de 80 g,"4,59 €","22,95 €/L"
"Batata frita, receita camponesa",Lay's,Embalagem de 250g,"1,12 €","6,40 €/Kg"
Bolachas starship tradicional,PorSi,Embalagem de 150g,"0,79 €","5,27 €/Kg"
Ambientador vela baunilha,PorSi,1 unidade,"9,49 €","45,19 €/Kg"
"Carteira etiquetas, 24x35",Domédia,1 unidade,"0,69 €","0,69 €/Unidade"
Baguete de alho,Panike,Embalagem de 350g,"3,40 €/Kg","3,40 €/Kg"
Manga Refrigerante p/ Garrafas,AR,1 unidade,"3,49 €","3,49 €/Unidade"
Toalhitas WC Sensitive,Kandoo,Embalagem  2 x 50 un.,"1,09 €/Unidade","1,09 €/Unidade"
"Coloração permanente, preto nº10",Nutrisse,1 unidade,"9,49 €/Unidade","9,49 €/Unidade"
3 Pipetas de Repelente p/ Gato,Repul'7,1 unidade,"19,99 €","19,99 €/Unidade"
Queijo bola fatias,Paiva,Embalagem de 180g,"1,96 €","9,80 €/Kg"
Conjunto Start,Maped,3 peças,"1,99 €","1,99 €/Unidade"
Cogumelo portobello pequeno,Legumes do Dia,vendido ao peso,"0,70 €","6,99 €/Kg"
Tostas mistura sem glúten,PorSi Viva Bem,Embalagem de 140g,"2,69 €","20,69 €/Kg"
Twins,Gullon,pack 2 x 154 g,"1,49 €","9,68 €/Kg"
Noodle banzai carne,Cigala,Embalagem de 70g,"1,39 €","1,39 €/Kg"
Café moagem universal brasil,Delta,Embalagem de 220g,"11,16 €/Kg","11,16 €/Kg"
10 cápsulas café qanela,Delta Q,Embalagem de 60g,"59,82 €/Kg","59,82 €/Kg"
"Paezinhos azeite, alho e salsa",PorSi,Embalagem de 160g,"2,39 €","6,83 €/Kg"
Leite condensado cozido,PorSi,Embalagem de 397 g,"1,09 €","2,75 €/Kg"
Geleia de marmelo,Casa de Mateus,345 g,"3,29 €","9,54 €/Kg"
Cola Universal,Uhu,Embalagem de 2x20ml,"2,19 €","109,50 €/L"
Sopa da pedra,PorSi,Embalagem de 420 g,"2,35 €","5,60 €/Kg"
Queijo ilha ralado,PorSi,Embalagem de 200g,"7,45 €/Kg","7,45 €/Kg"
"Bolachas deloba, fruta",Bahlsen,Embalagem de 100g,"0,69 €","4,60 €/Kg"
Mousse de Banho Silk Vanilla & Caramel,Nivea,Embalagem de 200 ml,"6,99 €","9,32 €/L"
Couve Branca,Programa Origens,1 un = 1.5 kg (aprox.),"1,64 €","1,09 €/Kg"
Beira interior colheita 2014,Beyra,Garrafa de 0.75 l,"2,49 €","3,32 €/L"
Café torrado 5 estrelas moagem normal,Sical,Embalagem de 250g,"9,16 €/Kg","9,16 €/Kg"
Vinagre balsâmico de modena gourmet,Gallo,Garrafa de 250 ml,"2,89 €","11,56 €/L"
Areia para gatos biodegradável vegetal,PorSi,Embalagem de 8 litros,"1,19 €","0,24 €/Kg"
Guardanapos Red Label 1 Folha |Verde,Renova,Dim: 30x32cm |70 unidades,"1,29 €","1,29 €/Unidade"
Nectar multivitaminas,Paquito,Embalagem de 2 l,"0,99 €","0,99 €/L"
Feijão com dobrada,PorSi,Embalagem de 420 g,"2,35 €","5,60 €/Kg"
Leite creme,Royal,Embalagem de 90g,"0,79 €","5,27 €/Kg"
Rebuçados mel e limão,Halls,Embalagem de 32 g,"1,69 €","16,90 €/Kg"
Bolacha vida equilíbrio aveia e canela,Cemporcent,Embalagem de 140g,"1,20 €","3,90 €/Kg"
Pensos diários teeny pocket,Labell,embalagem com 30 unidades,"2,99 €","2,99 €/Unidade"
Chá preto,Tetley,Embalagem de 30g,"1,69 €","56,33 €/Kg"
"Sumo 100%, laranja",PorSi,"Embalagem de 1,5 l","1,09 €","0,73 €/L"
Bife da Vazia,Novilho,Vendido ao peso a partir de 800 g,"1,30 €","6,49 €/Kg"
"Gel de banho ultra protetor, corpo e cabelo",Corine de Farme,Embalagem de 500 ml,"1,99 €","1,99 €/Unidade"
10 salsichas de porco em lata,PorSi,Embalagem de 250G,"0,75 €","3,75 €/Kg"
Café solúvel intenso,Delta,Embalagem de 100g,"14,50 €/Kg","14,50 €/Kg"
Resguardos de cama,PorSi,20 unidades de 60 x 90 cm,"4,99 €","4,99 €/Unidade"
Espuma de barbear para peles sensíveis,Labell Men,Embalagem de 250 ml,"1,16 €","4,64 €/L"
Mistura vegetais para wok,PorSi,Embalagem de 750g,"1,98 €","1,98 €/Kg"
Shampoo Bebé Brilho Mágico,Johnson's Baby,Embalagem de 500 ml,"1,99 €","1,99 €/Unidade"
"Inseticida eléctrico, recarga, night&day",Raid,1 unidade,"7,69 €","7,69 €/Unidade"
Guardanapos de 1 folha amarelos | dim.: 30 x 29 cm,PorSi,Embalagem com 70 unidades,"1,29 €","1,29 €/Unidade"
Lustrante Pneus,PorSi,Embalagem de 1 l,"3,49 €","13,96 €/L"
Batata frita ondulada wavy,PorSi,Embalagem de 185 g,"1,01 €","5,46 €/Kg"
Uva Red Globe,Fruta do Dia,1 un = 250 gr  (aprox.),"0,75 €","2,99 €/Kg"
Pão da Avó Alongado,Pão do Dia,1 unidade =400 g,"0,19 €","2,38 €/Kg"
Farinha s/ fermento tipo 65,ESPIGA,Embalagem de 1 kg,"1,99 €","1,99 €/Kg"
Camarão Selvagem Madagáscar 60/80,Nossa seleção,vendido ao peso,"2,00 €","7,99 €/Kg"
Body Milk in Shower,Labell,Embalagem de 250 ml,"11,23 €/L","11,23 €/L"
Spray para vidros,PorSi,750 ml,"3,19 €","6,38 €/L"
Ambientador Elétrico Lavanda e Aloe,Glade,1 unidade,"3,74 €","3,74 €/Unidade"
Bife de atum,PorSi,Embalagem de 400 g,"3,99 €","9,98 €/Kg"
Vinho regional lisboa tinto reserva,Critterium,Garrafa de 0.75 l,"4,99 €","6,65 €/L"
Balões latex rosa,PorSi,Embalagem com 24 unidades,"0,49 €","0,49 €/Unidade"
Starter Pack Jardim da Princesa,Playmobil,1 unidade,"24,99 €","24,99 €/Unidade"
Arroz Carolino,Cigala,Embalagem de 1 kg,"0,99 €/Kg","0,99 €/Kg"
Água mineral sem gás,Serra de Fafe,Embalagem de 6x0.5l,"1,04 €","0,17 €/L"
Óleo Multigasolina 20W40,Galp,Embalagem de 5 l,"14,99 €","14,99 €/L"
Tesoura advanced green,Maped,17 cm,"2,19 €","109,50 €/L"
Toalha em rolo papel bordeau,PorSi,1 Unidade,"3,45 €","3,45 €/Unidade"
Bolacha infantil dinossaurus mini dino cereais,Artiach,Embalagem de 120g,"1,89 €","15,75 €/Kg"
Pipocas doces,Orcape,Embalagem de 100g,"0,79 €","7,90 €/Kg"
Gomas cinema mix,Fini,Embalagem 100G,"1,19 €","3,97 €/Kg"
Água Micelar Vitamina C,Garnier,Embalagem de 400 ml,"0,76 €","0,76 €/Unidade"
Creme abrasivo limão,Cif,Garrafa de 700 ml,"0,99 €","1,32 €/L"
Manteiga amendoim cremosa,PorSi,Embalagem de 340g,"4,39 €","12,91 €/Kg"
Gelado carte d'or chocolate brownie,Olá,Embalagem de 900 ml,"5,49 €","6,10 €/L"
Massa fettuccine,PorSi,Embalagem de 500g,"1,39 €","1,39 €/Kg"
Pensos higiénicos liberty normal abas,Evax,Embalagem com 12 un.,"4,99 €","4,99 €/Unidade"
Vinho verde,Felgueiras,Garrafa de 0.75 l,"3,09 €","3,09 €/L"
Lambrusco tinto,Sorbello,Garrafa de 0.75 l,"2,29 €","3,05 €/L"
Carne Picada,Bovino,1 un = 200 gr (aprox.),"1,30 €","6,49 €/Kg"
Iogurte pedaços frutimax frutos variados,PorSi,Embalagem de 8 x 125 g,"4,38 €","2,19 €/Kg"
Iogurte activia líquido 0% lima/limão,Danone,Embalagem de 4 x 155 g,"2,79 €","6,07 €/Kg"
Aperfeiçoador BB Cream Médio,Garnier,Embalagem de 50 ml,"2,99 €","59,80 €/L"
Vassoura Simples Pluma,PorSi,unidade,"2,20 €","2,20 €/Unidade"
Adoçante em pó stevia,PorSi Viva Bem,Embalagem de 250 g,"5,99 €","23,96 €/Kg"
Lava tudo antibacteriano herbal,PorSi,Garrafa de 1.5 l,"0,99 €","0,50 €/L"
Caixa de arquivo morto,Domédia,1 unidade,"3,29 €","3,29 €/Unidade"
Chocolate culinário,Nestle,Embalagem de 200g,"1,04 €","8,32 €/Kg"
Fralda Cueca Activity Extra Tamanho 6,Dodot,Embalagem com 37 uni.,"9,49 €","9,49 €/Unidade"
Bolacha maria oro +33% grátis,Cuetara,Embalagem de 800g,"2,11 €/Kg","2,11 €/Kg"
Atum posta ao natural,Bom petisc,Embalagem de 120 g,"0,89 €","7,42 €/Kg"
Papa infantil não láctea 8 cereais e mel +6 meses,Cerelac,Embalagem de 250g,"4,99 €","4,99 €/Kg"
Bolachas cream cracker,PorSi,Embalagem de 600g,"0,39 €","3,12 €/Kg"
Bolacha maria,Cuetara,Embalagem de 3 x 200 g + 33% grátis,"2,11 €/Kg","2,11 €/Kg"
"Vinho rosé, região península de setúbal, bag in box",Dom Campos,Garrafa de 5 l,"9,49 €","1,90 €/L"
Bolachas cereais passas e laranja,PorSi,Embalagem de 300 g,"0,79 €","5,27 €/Kg"
"Queijo light, mini",Babybel,Embalagem de 120g,"2,39 €","19,92 €/Kg"
Gomas tijolos ácidos,PorSi,Embalagem de 300 g,"1,19 €","3,97 €/Kg"
Champanhe meio seco,Delagne & Fils,"Garrafa de 0,75 l","19,99 €","26,65 €/L"
Limpa Couros,Bellapelle,Garrafa de 250 ml,"1,69 €","1,69 €/L"
Adoçante com doseador,PorSi,Embalagem de 66g,"5,99 €","23,96 €/Kg"
Alho moído,PorSi,Frasco com 45 g,"0,25 €","0,25 €/Kg"
Bolacha água e sal com azeite e azeitona doses,Vieira,Embalagem de 190g,"0,39 €","3,12 €/Kg"
Chocolate culinário em pó,PorSi,Embalagem de 125 g,"1,04 €","8,32 €/Kg"
20 saquetas infusão limão gengibre,Lipton,Embalagem de 40g,"1,19 €","59,50 €/Kg"
Refrigerante com gás guaraná,Antartica,"Garrafa de 1,5 l","0,40 €/L","0,40 €/L"
"Forma de papel para bolos, 9 cm, 60 unidades",PorSi,Uma embalagem,"0,54 €","0,54 €/Unidade"
Água s/ gás,Fastio,Garrafa de 1 l,"1,04 €","0,17 €/L"
Massa spaghetti tricolore,Milaneza,Embalagem de 500 g,"1,39 €","1,39 €/Kg"
Smarties mini chocolate,SMARTIES,Embalagem de 187g,"11,98 €/Kg","11,98 €/Kg"
Mistura solúvel mokambo,Nestle,Embalagem de 200g,"1,64 €","6,56 €/Kg"
Mistura de frutos exóticos,PorSi,Embalagem de 450 g,"3,29 €","4,39 €/Kg"
Cenoura,PorSi,1 un = 100 gr  (aprox.),"0,79 €/Kg","0,79 €/Kg"
Aguardente bagaceira,Dinastia,"Garrafa de 0,70 l","11,49 €","16,41 €/L"
Carne p/ Estufar,Novilho,Vendido ao peso a partir de 800 g,"1,30 €","6,49 €/Kg"
Gel desinfectante de mãos,Top Brands,Garrafa de 75 ml,"0,99 €","1,98 €/L"
Tablete triple chocolate,Milka,Embalagem de 90g,"5,30 €/Kg","5,30 €/Kg"
Feijão encarnado,PorSi,Embalagem de 420 g,"2,19 €","2,81 €/Kg"
Preparo para bolo de chocolate,Branca de Neve,Embalagem de 450g,"2,99 €","6,64 €/Kg"
"Barra especial k, chocolate de leite",Kellogg's,Embalagem de 130g,"1,29 €","10,24 €/Kg"
"Vinho Douro, Private Collection, Tinto",Selecção de Enófilos,Garrafa de 0.75 l,"4,99 €","6,65 €/L"
Queijo manchego D.O.P,PorSi Select,Embalagem de 250g,"3,99 €","15,96 €/Kg"
Bolachas choco mini estrelas,Milka,Embalagem de 190g,"2,15 €","2,87 €/Kg"
Caldeirada de peixe ultracongelada,Brasmar,Embalagem de 700g,"1,99 €","4,98 €/Kg"
Hamburguers de bovino,PorSi,Embalagem de 1 kg,"2,34 €","7,31 €/Kg"
Rolo de Cozinha Gigaroll Branco,Renova,1 Rolo,"4,99 €","4,99 €/Unidade"
Salsichas de porco,Nobre,Lata de 250g,"0,75 €","3,75 €/Kg"
Natas uht com cogumelos,Parmalat,Embalagem de 200 ml,"0,75 €","3,75 €/L"
Abobora cubos,PorSi,Embalagem de 500g,"1,98 €","1,98 €/Kg"
Néctar light manga/laranja,Compal,330 ml,"0,84 €","2,55 €/L"
Cerveja branca,E.damm,Pack 6 x 0.25 l,"1,99 €/L","1,99 €/L"
Snack bio arroz e trigo c/ banana e framboesa,Gerber,Embalagem de 35g,"2,09 €","10,45 €/Kg"
Lava tudo limão verde,Cif,"Garrafa de 1,4 l","0,99 €","0,50 €/L"
Oatibix aveia,Weetabix,Embalagem de 500g,"3,39 €","22,60 €/Kg"
5 folhas de gelatina incolor,PorSi,Embalagem de 9 g,"0,55 €","61,11 €/Kg"
Batata Nova a Granel,Vitacress,1 un = 250 gr  (aprox.),"0,30 €","1,19 €/Kg"
Melão Branco,Fruta do Dia,"Vendido ao peso,1 un= 2.5 kg (aprox.)","0,75 €","2,99 €/Kg"
Pudim de baunilha,PorSi,Embalagem de 90g,"0,59 €","29,50 €/Kg"
Pensos Incontinência Mulher Discreet Normal Night,Tena,10 unidades,"1,95 €","1,95 €/Unidade"
Luvas Universal Pequeno/Médio,Vileda,1 unidade,"0,69 €","0,69 €/Unidade"
Lava tudo brilhante madeiras,PorSi,Embalagem de 1.1 litros,"1,39 €","1,26 €/L"
Biscoitos de cacau,PorSi,Embalagem de 750g,"0,69 €","3,45 €/Kg"
"Cereais special k, frutos vermelhos",Kellogg's,Embalagem de 300g,"3,79 €","29,38 €/Kg"
Pudim baunilha,Boca Doce,Embalagem de 20g,"0,59 €","29,50 €/Kg"
Mel em frasco de vidro,Jorge v.f.,Embalagem de 500g,"4,89 €","9,78 €/Kg"
Fio dentario 50m,Colgate,1 unidade,"3,49 €","3,49 €/Unidade"
Champanhe bruto,Delagne & Fils,"Garrafa de 0,75 l","19,99 €","26,65 €/L"
Anti-traça cedro,Raid,2 unidades,"4,69 €","4,69 €/Unidade"
Lixívia perfumada,PorSi,Embalagem de 5 l,"2,59 €","1,30 €/L"
Pringles original,Pringles,Embalagem de 175g,"1,01 €","5,46 €/Kg"
Fruta para bebé maçã banana aveia +6 meses,Nestle,Embalagem de 90g,"0,74 €","8,22 €/Kg"
Sumo 100% maçã e frutos vermelhos,Compal,1 litro,"1,09 €","0,73 €/L"
Amaciador color-vive,Elvive,Embalagem de 200 ml,"11,99 €","159,87 €/L"
Ambientador auto limão,PorSi,1 unidade,"1,99 €","1,99 €/Unidade"
Bolachas tosta rica,Cuetara,Embalagem de 570g,"1,89 €","15,75 €/Kg"
12 Macarons Sortidos,PorSi Select,Embalagem de 144 g,"3,99 €","7,39 €/Kg"
Batata Pré-Frita Croquettes,PorSi,Embalagem de 1 kg,"2,48 €/Kg","2,48 €/Kg"
Bolachas Rosquilhas,Cuetara,Embalagem de 300g,"1,69 €","6,76 €/Kg"
Moscatel do Douro,Selecção de Enófilos,"Garrafa de 0,75 l","5,99 €","7,99 €/L"
"Refrigerante sem gás, maçã",Joi,"Garrafa de 1,5 l","1,14 €","0,76 €/L"
Na-esparguete bio 500g 10kg,Nacional,Embalagem de 500g,"1,39 €","1,39 €/Kg"
Creme culinário soja,PorSi Viva Bem,Embalagem de 200 ml,"0,99 €","4,95 €/L"
Danacol morango,Danone,Embalagem de 6 x 100 g,"3,99 €","6,65 €/Kg"
Água mineral sem gás,Serra de Fafe,"Embalagem de 6x0,33 l","1,04 €","0,17 €/L"
Cubos pão trigo tostado,PorSi,Embalagem de 150g,"2,39 €","6,83 €/Kg"
Meloa Canteloupe,Programa Origens,1 un = 800 g (aprox.),"0,75 €","2,99 €/Kg"
Sardinhas em azeite,PorSi,Embalagem de 120g,"0,89 €","7,42 €/Kg"
Couscous comespeciarias 4x125g,PorSi,Embalagem de 500g,"1,39 €","1,39 €/Kg"
Molho bechamel,PorSi,Embalagem de 500 ml,"0,75 €","3,75 €/L"
Sultana Preta,PorSi,Embalagem de 200g,"0,79 €","3,95 €/Kg"
Leite especial cálcio + vitamina d m/g,Mimosa,Garrafa de 1 l,"1,29 €","1,29 €/L"
Stevia chocolate negro,Cemporcent,Embalagem de 100g,"2,29 €","22,90 €/Kg"
"Coloração permanente, louro claro, nº80",Nutrisse,1 unidade,"9,49 €/Unidade","9,49 €/Unidade"
Noodle banzai galinha,Cigala,Embalagem de 70g,"1,39 €","1,39 €/Kg"
Torta natas com cobertura de cacau,PorSi,Embalagem de 300g,"2,05 €","5,13 €/Kg"
"Espuma de cabelo, volume absoluto",Pantene,Embalagem de 200 ml,"4,19 €","16,76 €/L"
Fralda Cueca de Banho |Tamanho 5 - 11-18 kg,Pommette,unidade,"9,49 €","9,49 €/Unidade"
Vassoura Especial Lisa,PorSi,unidade,"2,20 €","2,20 €/Unidade"
Caderno Agrafado Capa Preta |A4 Pautado,Domédia,1 unidade,"0,69 €","0,69 €/Unidade"
Ambientador vela frutos vermelhos,PorSi,1 unidade,"9,49 €","45,19 €/Kg"
Perca Inteira,Peixe Congelado,de 1 a 3 Kg,"3,99 €","9,98 €/Kg"
Paio lombo Fatiado,Porminho,Embalagem de 80G,"2,59 €","12,95 €/Kg"
Gressinos com sésamo,PorSi,Embalagem de 250 g,"2,39 €","6,83 €/Kg"
Queijo cura especial barrado pimentão,Casteloes,500 g,"3,35 €","13,39 €/Kg"
Massa de argolinhas,Nacional,Embalagem de 250g,"1,39 €","1,39 €/Kg"
"Alimento húmido para gato júnior, carne",Whiskas,Embalagem de 400g,"3,49 €","10,26 €/Kg"
Massa esparguete,PorSi,Embalagem de 500g,"1,39 €","1,39 €/Kg"
Lombos de pescada,PorSi,Embalagem de 400 g,"3,99 €","9,98 €/Kg"
"Máquina descartável dupla, 15+5 unidades",Labell Men,Uma embalagem,"1,16 €","4,64 €/L"
Sabonete de leite de burra,Confianca,Embalagem de 75 g,"4,49 €","12,47 €/Kg"
Legumes para sopa,PorSi,Embalagem de 1 kg,"1,98 €","1,98 €/Kg"
Piaçaba com suporte popular,Fapil,1 unidade,"2,20 €","2,20 €/Unidade"
Coca-cola zero,Coca-Cola,pack 2 x 1.75 l,"0,40 €/L","0,40 €/L"
"Gel cabelo, hard cement",Fru style,Embalagem de 200 ml,"4,19 €","16,76 €/L"
Cogumelos inteiros,PorSi,Embalagem de 185 g,"2,19 €","2,81 €/Kg"
Café em cápsulas dolce gusto galão,Nescafe,Embalagem de 16 cápsulas,"59,82 €/Kg","59,82 €/Kg"
"Cerveja com álcool, lata",Super Bock,Garrafa de 330 ml,"1,99 €/L","1,99 €/L"
Bacon Extra Nacos,Porminho,200 g,"1,45 €","18,13 €/Kg"
Pastilhas peppermint,CHICLETS,Embalagem de 17 g,"0,89 €","59,33 €/Kg"
Anti-traça lavanda,Raid,2 unidades,"4,69 €","4,69 €/Unidade"
Snack Gato Anti Bolas de Pelo,PorSi,Embalagem 60 g,"0,99 €","16,50 €/Kg"
Limpa frigorífico/microondas,Rinci,Embalagem de 250 ml,"0,79 €","0,79 €/L"
Condicionador cabelos loiros,Ultra Suave,Embalagem de 200 ml,"11,99 €","159,87 €/L"
Presunto nacos,PorSi,Embalagem de 250g,"2,59 €","12,95 €/Kg"
Tostas integrais,Bimbo,embalagem de 270 g,"2,39 €","6,83 €/Kg"
Mel de Rosmaninho,PorSi Select,Frasco de 250 g,"4,89 €","9,78 €/Kg"
"Bloco perfumado para maquina de loiça, limão",Sun,Embalagem de 1 unidades,"2,99 €","2,99 €/Unidade"
Ração para gato adulto com bacalhau e legumes,Friskies,Embalagem de 4 kg,"12,99 €","4,33 €/Kg"
Refrigerante s/ gás califórnia,Sunny d,"Garrafa de 1,25 l","1,14 €","0,76 €/L"
Sumo florida,Sunny d,"Embalagem de 0,31 l","1,05 €","3,39 €/L"
Miolo de avelã,PorSi,Embalagem de 200 g,"0,79 €","3,95 €/Kg"
Brandy,ON/OFF,Garrafa de 700 ml,"15,49 €","15,49 €/L"
Camarão 60/80,Congelado de Aquicultura,1 un = 250 gr  (aprox.),"2,00 €","7,99 €/Kg"
"Anti-calcário, máquina roupa, gel",Calgon,"Garrafa de 1,5 l","31,99 €","31,99 €/Unidade"
Creme de Barrar com Sabor a Manteiga,Becel,Embalagem de 400g,"1,59 €","6,36 €/Kg"
Entremeada s/ Entrecosto,Porco,Vendido ao peso a partir de 1 kg,"4,89 €","4,89 €/Kg"
Nestum 5 cereais,Nestum,Embalagem de 250g,"3,29 €","4,39 €/Kg"
Mistura pombos domésticos,Rac.zezere,Embalagem de 5 kg,"2,49 €","2,49 €/Kg"
Maracujá Roxo,Fruta da Época,1 un = 250 gr  (aprox.),"2,25 €","4,49 €/Kg"
Gelatina limão 10kcal,Royal,Embalagem de 30g,"0,55 €","61,11 €/Kg"
Patê sardinha,La piara,Embalagem de 80g,"1,19 €","13,52 €/Kg"
Pedras limão/chá verde,P.salgadas,pack 4 x 0.25 l,"2,85 €","2,85 €/L"
Empadão de carne produto pré-cozinhado ultracongelad...,PorSi,Embalagem de 350g,"3,99 €","9,98 €/Kg"
"Espumante Danúbio, Bruto",Danúbio,Garrafa de 75 cl,"8,49 €","11,32 €/L"
"Massa polir, em bisnaga",Redex,Embalagem de 125 ml,"3,49 €","13,96 €/L"
Concentrado de laranja,Sunquick,Garrafa de 700 ml,"4,89 €","6,61 €/L"
Vinagre balsâmico modena,Gallo,Garrafa de 500 ml,"2,89 €","11,56 €/L"
Nata uht,PorSi,Embalagem de 200 ml,"0,75 €","3,75 €/L"
Vinho verde branco alvarinho,Qm,Garrafa de 0.75 l,"3,09 €","3,09 €/L"
Nectar clássico maracujá,Compal,Garrafa de 1 l,"1,09 €","0,73 €/L"
Butter cookies,PorSi,Embalagem de 450g,"0,79 €","5,27 €/Kg"
10 saquetas infusão de cidreira,Lipton,Embalagem de 20g,"0,99 €","76,15 €/Kg"
Lambrusco tinto,Cavicchiol,Garrafa de 750 ml,"2,09 €","2,79 €/L"
"Champô suave, peles sensiveis",Corine de Farme,Embalagem de 500 ml,"1,99 €","1,99 €/Unidade"
Bol agua s. dose integral 186g,Vieira,Embalagem de 180g,"1,49 €","2,48 €/Kg"
Atum posta em óleo,Ramirez,Embalagem de 120g,"0,89 €","7,42 €/Kg"
All bran plus,Kellogg's,Embalagem de 500g,"1,49 €","2,98 €/Kg"
Refrigerante c/ gás,Coca-Cola,pack 6 x 0.33 l,"0,40 €/L","0,40 €/L"
Mortadela fatiada com azeitonas,PorSi,Embalagem de 200 g,"0,85 €","11,33 €/Kg"
Massa cuscus,Nacional,Embalagem de 250g,"1,39 €","1,39 €/Kg"
Cereais all bran,Kellogg's,Embalagem de 380g,"3,79 €","29,38 €/Kg"
Iogurte líquido yoggi morango,Nestle,Embalagem de 4 x 160 g,"1,31 €","2,05 €/Kg"
Chouriço com feijão,Nobre,Embalagem de 420g,"2,35 €","5,60 €/Kg"
"Hamburguers de frango, 4 x 80 g",PorSi,Embalagem de 320g,"2,34 €","7,31 €/Kg"
Champô para cabelos compridos/frágil,Labell,Embalagem de 750 ml,"5,59 €","13,98 €/L"
"Vela em número,  nº 0",PorSi,1 unidade,"0,60 €","0,60 €/Unidade"
Bebida solúvel cereais+fibra frasco 200g,Delta,Embalagem de 200g,"14,50 €/Kg","14,50 €/Kg"
Tomate em pedaços,Guloso,Embalagem de 390g,"3,84 €","24,00 €/Kg"
10 nuggets peito de frango e queijo,Capitão Iglo,Embalagem de 210g,"2,34 €","7,31 €/Kg"
Vinho tinto regional terras dao bib 5l,Silgueiros,Embalagem de 5L,"3,99 €","5,32 €/L"
Azeite virgem extra seleção ouro,Oliveira da Serra,Garrafa de 750 ml,"3,29 €","4,39 €/L"
"Lixívia para roupa, tradicional verde denso",PorSi,Embalagem de 2L,"1,74 €","0,35 €/L"
Maracujá Roxo,Fruta da Época,1 un = 250 gr  (aprox.),"1,75 €","6,99 €/Kg"
Pizza 4 estações,PorSi,Embalagem de 350g,"2,16 €","6,17 €/Kg"
Peito de frango fatias finas,Nobre,Embalagem de 110g,"2,69 €","24,45 €/Kg"
Iogurte liquido sem lactose morango e banana,PorSi Viva Bem,Embalagem de 4 x 160 g,"2,79 €","6,07 €/Kg"
Vinh do porto ruby,Cruz,Garrafa de 750 ml,"5,99 €","7,99 €/L"
"Batata frita, multipack",Ruffles,Embalagem de 180g,"1,01 €","5,46 €/Kg"
Corn flakes saco,PorSi,Embalagem de 500g,"1,49 €","2,98 €/Kg"
"Folhas de tomilho, pacote",Margao,Embalagem de 20g,"0,25 €","0,25 €/Kg"
Esponja autobrilhante,PorSi,3 g,"0,99 €","330,00 €/Kg"
Recarga mopa,PorSi,1 unidade,"0,89 €","0,89 €/Unidade"
"Bloco sanitário azul, recarga",WC Pato,Embalagem de 2x40 g,"2,99 €","74,75 €/Kg"
Cereais petalas chocolate,PorSi,Embalagem de 625g,"5,07 €/Kg","5,07 €/Kg"
Bolacha tostada,PorSi,Embalagem de 800g,"2,11 €/Kg","2,11 €/Kg"
Bombons de Chocolate Leite,Merci,Embalagem de 250 g,"7,29 €","29,16 €/Kg"
Ginseng vermelho coreano,Forma+,Embalagem de 40g,"6,89 €","45,93 €/Kg"
Iogurte corpos danone + proteína ananás,Danone,Embalagem de 150g,"1,39 €","9,59 €/Kg"
Óleo de salmão (cápsulas),Forma+,Embalagem de 42g,"6,89 €","45,93 €/Kg"
Iogurte pedaços morango,PorSi,Embalagem de 4x125g,"4,38 €","2,19 €/Kg"
Sono (melatonina) - cápsulas,Forma+,Embalagem de 33g,"6,89 €","45,93 €/Kg"
Bolacha infantil dinossaurus mini dino chocolate,Artiach,Embalagem de 120g,"1,89 €","15,75 €/Kg"
"Sumo 100%, tutti-frutti",PorSi,Embalagem de 3 x 200 ml,"1,09 €","0,73 €/L"
Inseticida Eléctrico Night & Day,Raid,1 Difusor + 1 Recarga,"7,69 €","7,69 €/Unidade"
Sumo essencial manga,Compal,pack 3 x 0.11 l,"2,29 €","6,94 €/L"
Pão de forma especial torradas,Panrico,Embalagem de 750g,"0,99 €","1,65 €/Kg"
Café solúvel + cereais,Delta,Embalagem de 200 g,"14,50 €/Kg","14,50 €/Kg"
Infusão lúcia lima,PorSi,Embalagem de 35 g,"0,99 €","76,15 €/Kg"
Bacalhau a bras,PorSi,Embalagem de 300g,"1,99 €","4,98 €/Kg"
Bolachas mini,Oreo,Embalagem de 160g,"1,49 €","9,68 €/Kg"
Gel desinfectante de mãos,Top Brands,Garrafa de 500 ml,"0,99 €","1,98 €/L"
Chouriço cebola beiras,PorSi,Embalagem de 300g,"1,22 €","6,78 €/Kg"
Compressas | dim.: 10 x 10 cm,PorSi,Embalagem com 100 unidades,"1,69 €","1,69 €/Unidade"
Limpa Máquina Loiça Regular,Finish,,"2,99 €","2,99 €/Unidade"
Ervilhas,PorSi,Embalagem de 400 g,"1,98 €","1,98 €/Kg"
Creme anti-rugas de dia revitalift,L'oreal,Embalagem de 50 ml,"2,99 €","59,80 €/L"
Vinho verde branco loureiro,Q.REGAINHO,Garrafa de 0.75 l,"1,59 €","2,12 €/L"
Vela em número nº9,PorSi,1 unidade,"0,60 €","0,60 €/Unidade"
"Fiambre extra, fatias finas",PorSi,Embalagem de 150 g,"0,97 €","6,49 €/Kg"
"Elixir bocal, menta",Labell,Embalagem de 500 ml,"1,29 €","2,58 €/L"
"Creme para mãos, proteção intensiva",Atrix,Embalagem de 60 ml,"2,49 €","41,50 €/L"
"Lencos faciais tate, 86 unidades",Scottex,Uma embalagem,"0,89 €","0,89 €/Unidade"
Alho moído,PorSi,Saqueta de 50 g,"0,25 €","0,25 €/Kg"
Néctar light de manga/laranja prism,PorSi,Embalagem de 1 l,"0,84 €","2,55 €/L"
Porto white,Ferreira,Garrafa de 750 ml,"6,65 €/L","6,65 €/L"
Bolachas marinheiras s/ sal,Cemporcent,Embalagem de 200g,"1,20 €","3,90 €/Kg"
Salsichas de aves,Nobre,Lata de 200 g,"0,75 €","3,75 €/Kg"
Creme autobrilhante castanho,Splendor,40 ml,"0,99 €","330,00 €/Kg"
"Cerveja sem álcool, preta",Super Bock,pack 6 x 0.33 l,"5,99 €","3,03 €/L"
Acetona perfumada com doseador,PorSi,Embalagem de 200 ml,"1,89 €","9,45 €/L"
Tosta rica mini go,Cuetara,Embalagem de 240g,"1,89 €","15,75 €/Kg"
Pera rocha categoria II Programa Origens,PorSi,Embalagem de 1.5 kg,"1,69 €/Kg","1,69 €/Kg"
Pepino,Programa Origens,1 un = 300 gr (aprox.),"0,75 €","2,49 €/Kg"
Queijo flamengo,Novacores,Embalagem de 320g,"1,96 €","9,80 €/Kg"
Porto tawny valadão,Valadao,Garrafa de 750 ml,"6,29 €","8,39 €/L"
Comida húmida para cão de vaca e frango,PorSi,Lata de 400 g,"0,75 €","2,50 €/Kg"
Cereais cruesli chocolate,Quaker,Embalagem de 380g,"2,29 €","6,11 €/Kg"
Chá fresh preto e limão,Cemporcent,Embalagem de 18g,"1,19 €","59,50 €/Kg"
Aperitivos  fritos,Fritos,Embalagem 130G,"0,79 €","7,90 €/Kg"
Bolachas cream cracker doses individuais,Vieira,Embalagem de 180g,"0,39 €","3,12 €/Kg"
Compasso Origin 3 peças,Maped,Uma embalagem,"2,99 €","2,99 €/Unidade"
Pellets madeira,Nova lenha,Embalagem de 15kg,"10,99 €","0,73 €/Kg"
"Sacos para sandes, 100 unidades",PorSi,1 embalagem,"1,11 €","1,11 €/Unidade"
Bebida de Soja Baunilha,PorSi Viva Bem,1 l,"1,49 €","1,49 €/L"
Carvão vegetal (cápsulas),Forma+,Embalagem de 17g,"6,89 €","45,93 €/Kg"
Cerveja com álcool,Super Bock,Garrafa de 1 l,"1,99 €/L","1,99 €/L"
Gogo SqueeZ Snack Banana,Gogo,Embalagem de 4 x 90g,"2,29 €","6,94 €/L"
Lamina Descartáveis Platina,Labell,Pack 10 unidades,"1,16 €","4,64 €/L"
Patê atum,La piara,Embalagem de 80g,"1,19 €","13,52 €/Kg"
Queijinho dadoninho petitdino de morango,Danone,Embalagem de 6 x 50 g,"1,05 €","1,86 €/L"
Mirtilos 100% Naturais,PorSi,Embalagem de 250 g,"3,29 €","4,39 €/Kg"
Shampo automóvel laranja,PorSi,Embalagem de 5 l,"3,49 €","13,96 €/L"
Manteiga c/sal,Terra Nostra,Embalagem de 250g,"8,56 €/Kg","8,56 €/Kg"
Nata uht para bater,Parmalat,Embalagem de 200 ml,"0,75 €","3,75 €/L"
Compota ananás 70% fruta,Cemporcent,Embalagem de 260g,"3,39 €","13,04 €/Kg"
Arroz Thai Jasmim,PorSi,1 kg,"0,99 €/Kg","0,99 €/Kg"
Serpentinas,Mercagranel,Embalagem 20 Rolos,"0,49 €","0,49 €/Unidade"
Bolachas chips ahoy,Ca!,Embalagem de 130g,"0,79 €","5,27 €/Kg"
Couve flor,PorSi,Embalagem de 750 kg,"1,98 €","1,98 €/Kg"
Bolacha torrada com canela,PorSi,Embalagem de 2 x 250 g,"2,11 €/Kg","2,11 €/Kg"
Danacol frutos exóticos,Danone,Embalagem de 6 x 100 g,"3,99 €","6,65 €/Kg"
Queijo flamengo barra,PorSi,"Vendido ao peso, fatiado a partir de 100 gr","1,96 €","9,80 €/Kg"
Rebuçado recheio morango,PorSi,Embalagem de 250g,"1,08 €","5,40 €/Kg"
"Vinho Bairrada, Tinto",Selecção de Enófilos,Garrafa de 0.75 l,"2,49 €","3,32 €/L"
Proste equilibrio (cápsulas),Forma+,Embalagem de 20g,"6,89 €","45,93 €/Kg"
Posta de Bacalhau Longa Higienizada | Congelada,Pescanorte,± 600 a 800 g,"37,48 €","14,99 €/Kg"
Caderno Agrafado Capa Preta |A4 Liso,Domédia,1 unidade,"2,49 €","2,49 €/Unidade"
Lambrusco bianco,*,Garrafa de 750 ml,"2,29 €","3,05 €/L"
40 filtros café número 4,Planteur,Embalagem com 40 filtros,"0,80 €","0,80 €/Unidade"
Recarga ambientador elétrico delícias de verão,Air Wick,Embalagem de 1 unidades,"1,79 €","1,79 €/Unidade"
Chá Aromatizado Pirâmide Oriente/Canela,PorSi,20 x 2 g,"58,44 €/Kg","58,44 €/Kg"
Néctar clássico tutti-frutti,Compal,330 ml,"0,99 €","0,99 €/L"
Gin dry bombay(40º) 0.70l,Bombay,Garrafa de 700 ml,"14,99 €","21,41 €/L"
Palhinhas,PorSi,Embalagem com 25 unidades,"0,60 €","0,60 €/Unidade"
Bolachas shortcake cacau,PorSi,Embalagem de 185 g,"1,69 €","6,76 €/Kg"
Água s/ gás,S.estrela,"Pack 6 x 0,50 l","1,04 €","0,17 €/L"
Tomate triturado,Compal,Embalagem de 500g,"3,84 €","24,00 €/Kg"
Resguardo para bebé,PorSi,Dim.: 60 x 60 cm,"4,99 €","4,99 €/Unidade"
Café moagem universal timor,Delta,Embalagem de 220g,"11,16 €/Kg","11,16 €/Kg"
Luvas Universal Média/Grande,Vileda,1 unidade,"0,69 €","0,69 €/Unidade"
Bolachas maria,PorSi,Embalagem de 800g,"2,11 €/Kg","2,11 €/Kg"
Limpa fornos,PorSi,500 ml,"1,79 €","2,39 €/L"
Iogurte morango 000%,PorSi Viva Bem,Embalagem de 4 x 125 g,"1,09 €","1,45 €/Kg"
Rolo de cozinha mega,PorSi,1 rolo,"4,99 €","4,99 €/Unidade"
Toalhita Azul,Dodot,Embalagem c/ Tampa | 64 un.,"1,09 €/Unidade","1,09 €/Unidade"
"Cobertura tipo chantilly, 2x38g",PorSi,Embalagem de 80g,"1,29 €","3,23 €/Kg"
Vinho de mesa tinto bag in box,Adega grande,Garrafa de 5 l,"5,19 €","1,04 €/L"
Flakes,Cuetara,Embalagem de 500g,"5,07 €/Kg","5,07 €/Kg"
Caramelo líquido,PorSi,Embalagem de 400g,"1,29 €","3,23 €/Kg"
Orégãos em folha,PorSi,Embalagem de 10g,"0,25 €","0,25 €/Kg"
Porto 10 anos,Velhotes,Garrafa de 0.75 l,"10,99 €","14,65 €/L"
Chouriço corrente,PorSi,Embalagem de 200 g,"1,22 €","6,78 €/Kg"
Molho mad chips top down,Calve,Embalagem de 260g,"0,87 €","2,90 €/Kg"
Refrigerante de lima-limão,Seven-up,"Garrafa de 1,25 l","0,40 €/L","0,40 €/L"
Azeite tradição,Oliveira da Serra,Embalagem 3L,"3,29 €","4,39 €/L"
Gel de Banho Orquídea & Cashmere Extract,Nivea,Embalagem de 750 ml,"6,99 €","9,32 €/L"
Bolacha golden,Oreo,Embalagem de 154 g,"1,49 €","9,68 €/Kg"
Sumo concentrado de laranja/maracujá,GUD,Garrafa de 740 ml,"4,89 €","6,61 €/L"
Cerveja c/ álcool,Heineken,"Embalagem de 6x0,25 l","1,99 €/L","1,99 €/L"
Sopa caseira de feijão encarnado,Knorr,Embalagem de 100g,"0,62 €","10,00 €/Kg"
Leite de pastagem magro,Terra Nostra,Embalagem de 1 litro,"0,83 €","0,83 €/L"
Amaciador de roupa concentrado ouro,Quanto,"Garrafa de 1,012 l","3,74 €","0,96 €/L"
Cereais golden e crispy,PorSi,Embalagem de 375 g,"5,07 €/Kg","5,07 €/Kg"
Fralda de Incontinência c/ Elásticos Tamanho Grande,Lindor,Embalagem de 46 un.,"18,65 €","18,65 €/Unidade"
Gogo SqueeZ Snack Maçã e Pera,Gogo,Embalagem de 4 x 90g,"2,29 €","6,94 €/L"
Vinho do porto tawny,Cruz,"Garrafa de 0,75 l","6,29 €","8,39 €/L"
Batata frita churrasco,PorSi,Embalagem de 185 g,"1,12 €","6,40 €/Kg"
"Óleo Visco 5000, 5w40",BP,Embalagem de 4 l,"14,99 €","14,99 €/L"
Vinagre de vinho branco envelhecido,PorSi,Garrafa 250ML,"2,89 €","11,56 €/L"
Queijo de cabra curado rolo,PorSi,Embalagem de 180 g,"1,89 €","10,50 €/Kg"
Arroz carolino vaporizado,Cacarola,Embalagem de 1 kg,"0,99 €/Kg","0,99 €/Kg"
Choco limpo 20/40,PorSi,Embalagem de 800 g,"8,99 €","11,24 €/Kg"
Ambientador Anti-Tabaco,Ambipur,1 un.,"1,99 €","1,99 €/Unidade"
Lombo curado fatiado,PorSi,100 g,"2,49 €","16,60 €/Kg"
Casa mateus temporada - morango   6x350g,Casa de Mateus,Embalagem de 350g,"3,59 €","10,26 €/Kg"
Spray de limpeza multiusos free & clear,Seventh Generation,Embalagem de 500 ml,"3,99 €","7,98 €/L"
Halls vita c morango sem açúcar,Halls,Embalagem de 32 g,"1,69 €","16,90 €/Kg"
Café moagem universal angola,Delta,Embalagem de 220g,"11,16 €/Kg","11,16 €/Kg"
Iogurte líquido pinacolada,PorSi,Embalagem de 4 x 160 g,"1,31 €","2,05 €/Kg"
20 saquetas chá verde pure,Lipton,Embalagem de 30g,"1,14 €","114,00 €/Kg"
Camarão 30/40 Madagascar,Congelado Selvagem,1 un = 250 gr  (aprox.),"2,00 €","7,99 €/Kg"
Cerveja c/ álcool,Super Bock,pack 24 x 0.33 l,"1,99 €/L","1,99 €/L"
Absorvente de odores marine,Brise,Embalagem de 300 ml,"16,63 €/L","16,63 €/L"
Amaciador concentrado para roupa floral,PorSi,80 doses,"3,74 €","0,96 €/L"
Tempero para Frangos Ervas Aromáticas,PorSi,34 g,"3,84 €","24,00 €/Kg"
Pensos diários teeny,Labell,embalagem com 30 unidades,"2,99 €","2,99 €/Unidade"
"Chá de mel, limão e ginseng",Tetley,Embalagem de 20g,"1,19 €","59,50 €/Kg"
Adoçante recarga,Canderel,Embalagem de 40g,"5,99 €","23,96 €/Kg"
Abrasivo sanitário pinho e eucalipto,PorSi,embalagem de 1 litro,"0,99 €","1,32 €/L"
Café em cápsulas deqafeitatus,Delta Q,Embalagem de 55 g,"59,82 €/Kg","59,82 €/Kg"
Queijo flamengo sticks 5x20g,PorSi,Embalagem de 100g,"1,96 €","9,80 €/Kg"
Café 5 estrelas grão,Sical,Embalagem de 1 kg,"9,16 €/Kg","9,16 €/Kg"
"Sabonete líquido de leite de amêndoas, recarga",Palmolive,Embalagem de 300 ml,"2,18 €/L","2,18 €/L"
Palitos redondos,PorSi,Embalagem de 250 unidades,"1,50 €","1,50 €/Unidade"
Ambientador vela gota frutos vermelhos,Air Wick,Embalagem de 1 unidades,"9,49 €","45,19 €/Kg"
Cereais crunch 375g,Nestle,Embalagem de 380g,"5,07 €/Kg","5,07 €/Kg"
Massa de espirais,Nacional,Embalagem de 500g,"1,39 €","1,39 €/Kg"
Ananás em rodelas lata,PorSi,Embalagem de 820g,"1,99 €","2,37 €/Kg"
Rolo de Cozinha Branco Eco Compacto,PorSi,2 = 6 Rolos,"4,99 €","4,99 €/Unidade"
Lava Tudo Brilhante Floral,Sonasol,"embalagem 1,1L","0,99 €","0,50 €/L"
Leite de transição Optipro 2 +6 meses,NAN,Embalagem de 800g,"16,99 €","21,24 €/Kg"
Maionese top down,Hellmman's,Embalagem de 238 g,"0,87 €","2,90 €/Kg"
Croissant simples,PorSi,Embalagem de 400g,"2,05 €","5,13 €/Kg"
"Sopa gourmet, cogumelos",Knorr,Embalagem de 60g,"0,62 €","10,00 €/Kg"
Croissant recheado de cacau/avelã,PorSi,Embalagem de 315g,"2,05 €","5,13 €/Kg"
Vinho Tinto Regional Península de Setúbal,Selecção de Enófilos,750 ml,"4,99 €","6,65 €/L"
Infusão cavalinha,Cemporcent,Embalagem de 10 unidades,"0,99 €","76,15 €/Kg"
Gelatina de laranja,PorSi,Embalagem de 170g,"0,55 €","61,11 €/Kg"
Café solúvel gold,PorSi Select,Embalagem 100G,"14,50 €/Kg","14,50 €/Kg"
Alimento lácteo alperce +6 meses,Yogolino,Embalagem de 4 x 100 g,"2,89 €","7,23 €/Kg"
Pensos peles sensíveis sortidos,PorSi,30 unidades,"1,69 €","1,69 €/Unidade"
Saco do Lixo Ecobag 20 litros,Vileda,20 Sacos,"1,89 €","1,89 €/Unidade"
"Pasta de arquivo, lombada larga, verde",Domédia,1 unidade,"3,29 €","3,29 €/Unidade"
Queijo flamengo fatiado,PorSi,Embalagem de 200G,"1,96 €","9,80 €/Kg"
Café moagem universal portugal,Delta,Embalagem de 250g,"11,16 €/Kg","11,16 €/Kg"
Carapau Pequeno,Peixe do Dia,1 un = 100 g (aprox.),"1,60 €","7,99 €/Kg"
Chá solúvel alívio respiratório,Cemporcent,Embalagem de 50g,"58,44 €/Kg","58,44 €/Kg"
Bolachas de manteiga,PorSi,Embalagem de 200 g,"1,69 €","6,76 €/Kg"
Espumante tinto bruto,Alianca,Garrafa de 750 ml,"8,49 €","11,32 €/L"
Abafado Branco,Vice Rei,Garrafa de 1L,"7,99 €","10,65 €/L"
Queijo emmental ralado,PorSi,Embalagem de 200 g,"7,45 €/Kg","7,45 €/Kg"
"Engoma fácil, pistola",PorSi,Embalagem de 750 ml,"1,69 €","1,69 €/L"
Ice tea de limão,PorSi,Embalagem de 2 l,"1,14 €","0,76 €/L"
Infusão de camomila,Tetley,Embalagem de 10g,"0,99 €","76,15 €/Kg"
Gomas de bananas,Fini,Embalagem 100G,"1,19 €","3,97 €/Kg"
Preparado de marisco,*,Embalagem de 1 Kg (aprox.),"2,00 €","7,99 €/Kg"
20 saquetas chá de limão,Lipton,Embalagem de 40g,"1,19 €","59,50 €/Kg"
Delta chicória + cafe soluvel lata,Delta,Embalagem de 250g,"14,50 €/Kg","14,50 €/Kg"
Sumo 100% ananás e uva,PorSi,1.5 l,"1,09 €","0,73 €/L"
Discos de amamentação,PorSi,30 unidades,"3,99 €","3,99 €/Unidade"
Tomate pedaços biológico,Guloso,Embalagem de 390g,"3,84 €","24,00 €/Kg"
Óleo de fígado de bacalhau frasco,Forma+,Embalagem de 70g,"6,89 €","45,93 €/Kg"
Tablete de chocolate de preto,Nestle,Embalagem de 90g,"0,99 €","4,95 €/Kg"
Limpa móveis multissuperfícies,PorSi,Frasco de 300ml,"1,39 €","1,26 €/L"
Comida húmida para gato indoor em molho com atum,Purina One,Embalagem de 340g,"3,49 €","10,26 €/Kg"
Água mineral sem gás,Fastio,"Garrafa de 2,5 l","1,04 €","0,17 €/L"
Cereais cruesli frutos secos,Quaker,Embalagem de 380g,"2,29 €","6,11 €/Kg"
Limpa Estofos de Tecido,PorSi,Embalagem de 1 l,"3,49 €","13,96 €/L"
Cerveja preta 0.0%,Sagres,Lata de 330 ml,"5,99 €","3,03 €/L"
Alimento lácteo pera +6 meses,Yogolino,Embalagem de 4 x 100 g,"2,89 €","7,23 €/Kg"
Azeite virgem extra seleção,PorSi,Garrafa de 750 ml,"3,29 €","4,39 €/L"
Concentrado maracujá mix,Sunquick,Garrafa de 580 ml,"4,89 €","6,61 €/L"
"Cera liquida, lava e encera",PorSi,Embalagem de 750 ml,"1,54 €","2,05 €/L"
Bebida arroz bio,PorSi Bio,Embalagem de 1 litro,"1,59 €","1,59 €/L"
"Jogo ""Quem é quem?""",Hasbro,1 unidade,"5,99 €","5,99 €/Unidade"
Feijão preto,PorSi,Embalagem de 500g,"0,95 €","1,90 €/Kg"
"Bloco de desenho A4, 24 folhas",Domédia,1 unidade,"3,29 €","3,29 €/Unidade"
Feijão branco com tomate,Saint Eloi,Embalagem de 425 ml,"2,19 €","2,81 €/Kg"
Máquina de barbear descartável,Gillette,Embalagem com 4+1 unidades,"1,16 €","4,64 €/L"
Esferográfica Azul Média,Mab,Embalagem com 4 un.,"0,79 €","0,79 €/Unidade"
Bolacha cracker integral,Cuetara,Embalagem de 200g,"0,39 €","3,12 €/Kg"
Dentifríco p/ Dentes de Leite,Aquafresh,Embalagem de 50 ml,"0,79 €","0,79 €/Unidade"
Bolachas de água e sal,PorSi,Embalagem de 125g,"0,39 €","3,12 €/Kg"
Pensos Higiénicos Cottonlike Super Com Abas,Evax,12 unidades,"4,99 €","4,99 €/Unidade"
Atum posta em óleo,Vasco da Gama,Embalagem de 120 g,"0,89 €","7,42 €/Kg"
Fatia de salame de chocolate,PorSi,Embalagem 60G,"2,05 €","5,13 €/Kg"
Gressinos com azeitonas pretas,PorSi,Embalagem de 250g,"2,39 €","6,83 €/Kg"
Sabonete líquido Marselha e Azeitona,Labell,Embalagem de 500 ml,"2,18 €/L","2,18 €/L"
Ravioli com tomate,Claude Léger,Embalagem 300G,"2,35 €","5,60 €/Kg"
Bloco sanitário blue activ higiene,Sonasol,Embalagem de 50 g,"2,99 €","74,75 €/Kg"
Moscatel de setúbal,Adega de Palmela,Garrafa de 750 ml,"5,99 €","7,99 €/L"
Croutons azeite e alho,PorSi,Embalagem de 150g,"2,39 €","6,83 €/Kg"
Pastilhas café lote chávena,Delta,Embalagem de 110g,"59,82 €/Kg","59,82 €/Kg"
"Pedras salgadas gf 0,33 l",P.salgadas,"Garrafa de 1,98 l","2,85 €","2,85 €/L"
Maionese,PorSi,Embalagem de 414 g,"0,87 €","2,90 €/Kg"
Guardanapos brancos folha tripla 33x33 cm,PorSi,70 unidades,"1,29 €","1,29 €/Unidade"
Mel em frasco com doseador,PorSi,Embalagem de 500g,"4,89 €","9,78 €/Kg"
Curgete,Programa Origens,un= 300 gr (aprox.),"0,75 €","2,49 €/Kg"
Pêssego Vermelho A,Fruta do Dia,1 un = 150 gr (aprox.),"0,75 €","2,99 €/Kg"
Gel de Banho Secrets Oil Coconut,Dove,Embalagem de 500 ml,"6,99 €","9,32 €/L"
"Delta decaf. mu cx 3,520 kg - café torrado moído des...",Delta,Embalagem de 220g,"1,59 €","6,36 €/Kg"
Vinho do porto lbv 2004,Cruz,Garrafa de 0.75 l,"10,99 €","14,65 €/L"
Bolachas maria,PorSi,Embalagem de 200g,"2,11 €/Kg","2,11 €/Kg"
Água s/ Gás,Serra de Fafe,Garrafa 6L,"1,04 €","0,17 €/L"
Café solúvel descafeinado,PorSi,Embalagem de 100G,"14,50 €/Kg","14,50 €/Kg"
Pudim morango,Boca Doce,Embalagem de 20g,"0,59 €","29,50 €/Kg"
Leite 0% lactose magro,Mimosa,Garrafa de 1 l,"1,29 €","1,29 €/L"
Infusão melhores digestões,Cemporcent,Embalagem de 10 unidades,"0,99 €","76,15 €/Kg"
Queijo flamengo fatias light,PorSi,Embalagem de 200g,"1,96 €","9,80 €/Kg"
Refresco em pó de morango,Tang,Embalagem de 30g,"0,75 €","18,75 €/Kg"
"Recarga ambientador, elétrico, baunilha",Air Wick,Embalagem de 19 ml,"1,79 €","1,79 €/Unidade"
Batata frita lisas originais,Lay's,Embalagem de 160g,"1,01 €","5,46 €/Kg"
Feijão catarino,PorSi,Embalagem 500G,"0,95 €","1,90 €/Kg"
Folhado Misto 90 g,Pastelaria do Dia,,"0,65 €","0,65 €/Unidade"
Feijoada,PorSi,Embalagem de 420 g,"2,35 €","5,60 €/Kg"
Pasta dentífrica gel kids,Labell,Embalagem de 50 ml,"0,79 €","0,79 €/Unidade"
Caldo de galinha,PorSi,24 cubos,"3,84 €","24,00 €/Kg"
Ketchup top down,Calve,Embalagem de 550g,"0,87 €","2,90 €/Kg"
Queijo ralado dispensador,PorSi,Embalagem de 80g,"7,45 €/Kg","7,45 €/Kg"
Café 5 estrelas moído tradição,Sical,Embalagem de 250g,"11,16 €/Kg","11,16 €/Kg"
Palitos super finos,PorSi,Embalagem de 85 unidades,"1,50 €","1,50 €/Unidade"
Vinho regional alentejano bag-in-box tinto,Galitos,Garrafa de 5 l,"5,19 €","1,04 €/L"
Chocolate maxi 6 barritas,Kinder,Embalagem de 130g,"2,29 €","17,62 €/Kg"
Vermute rosso,Martini,Garrafa de 0.75 l,"7,99 €","10,65 €/L"
Bloco sanitário de flores/lavanda,Harpic,Embalagem de 38 g,"2,99 €","74,75 €/Kg"
"Linguíca, 4 unidades",PorSi,Embalagem de 180 g,"1,22 €","6,78 €/Kg"
Snack gato frango/queijo,PorSi,Embalagem de 60g,"0,99 €","16,50 €/Kg"
Champô cacau&côco,Ultra Suave,Embalagem de 400 ml,"5,59 €","13,98 €/L"
Cereais chocapic,Nestle,Embalagem de 375 g,"5,07 €/Kg","5,07 €/Kg"
Infusão nº 10 colestrol,Cemporcent,Embalagem de 10 unidades,"0,99 €","76,15 €/Kg"
Crepe de ovo,PorSi,Embalagem de 540 g,"3,99 €","7,39 €/Kg"
"Gel banho, Blue Lagoon",Labell,Embalagem de 250 ml,"3,69 €","14,76 €/L"
Arroz agulha,Caçarola,Embalagem de 1 kg,"0,99 €/Kg","0,99 €/Kg"
Queijo flamengo fatias light,PorSi,Embalagem de 200g,"2,39 €","19,92 €/Kg"
Intensificador de perfume em gel para a roupa romanc...,Quanto,300 ml,"7,99 €","19,02 €/Kg"
Sangria pet,Don Simon,"Garrafa de 1,5 l","2,39 €","1,59 €/L"
Água mineral natural alcalina,MONCHIQUE,1.5 l,"1,04 €","0,17 €/L"
Tostas de trigo,PorSi,Embalagem 225G,"2,39 €","6,83 €/Kg"
Refrigerante sem gás de maçã,Trina,"Garrafa de 1,5 l","1,14 €","0,76 €/L"
Pães de leite redondos,s. tomé,Embalagem de 300 g,"7,40 €/Kg","7,40 €/Kg"
"Cera de depilação oriental, pote",Labell,Embalagem de 250 ml,"6,99 €","6,99 €/Unidade"
C surtido cuetara 420gr.              *8,Cuetara,Embalagem de 420g,"5,69 €","13,55 €/Kg"
Leite de coco bio,PorSi Bio,400 ml,"3,65 €","7,30 €/Kg"
Camarão cozido 60/95,PorSi,Vendido ao peso a partir de 500 g,"4,50 €","8,99 €/Kg"
Cápsulas de café com leite cappuccino,Nescafe,Embalagem com 16 cápsulas,"3,19 €","25,52 €/Kg"
Iogurte activia cremoso coco,Danone,Embalagem de 4 x 120 g,"1,49 €","2,98 €/Kg"
Gel pure 3 em 1,Garnier,Embalagem de 150 ml,"2,99 €","59,80 €/L"
Areia para gatos mineral perfumada,PorSi,Embalagem de 5 kg,"1,19 €","0,24 €/Kg"
"Salsichas hot dog, frasco",Izidoro,Embalagem de 240g,"0,75 €","3,75 €/Kg"
Cevada solúvel,Delta,Embalagem de 200 g,"14,50 €/Kg","14,50 €/Kg"
Ambientador para carro recarga open sky,Ambipur,1 unidade,"1,99 €","1,99 €/Unidade"
Ambientador vela odor tabaco,PorSi,1 unidade,"9,49 €","45,19 €/Kg"
Bebida láctea crescimento 3 anos+,Nestle,Embalagem de 1 litro,"0,26 €","1,30 €/L"
Bebida láctea crescimento 1 a 3 anos,Nestle,Embalagem de 1 litro,"0,26 €","1,30 €/L"
"Cotonetes, 100 unidades",Johnson's Baby,1 embalagem,"1,99 €","1,99 €/Unidade"
Amaciador  p/ roupa concentrado Aromaterapia,PorSi,Embalagem com 60 doses,"3,74 €","0,96 €/L"
"Inseticida elétrico, moscas e mosquitos, 45 noites",Dum Dum,Uma unidade,"7,69 €","7,69 €/Unidade"
"Presunto Metades, 6 meses de cura",PorSi,"Vendido ao peso, fatiado a partir de 100 gr","2,59 €","12,95 €/Kg"
Açúcar fino,Rar,Embalagem de 1000 g,"1,49 €","1,49 €/Kg"
"Vinagre virgem branco, spray",Paladin,Garrafa de 250 ml,"2,89 €","11,56 €/L"
Patê de marisco,Fides,Embalagem de 90g,"1,19 €","13,52 €/Kg"
Leite especial crescimento +3 anos,Mimosa,Garrafa de 1 l,"0,26 €","1,30 €/L"
Limpa madeiras ecológico,PorSi,1.5 litros,"1,39 €","1,26 €/L"
"Escova de cabelo, esqueleto",Labell,Embalagem com 1 unidade,"1,99 €","1,99 €/Unidade"
Ração para cão mini adulto nutri soft com frango,Friskies,"Embalagem de 1,4 kg","10,49 €","2,62 €/Kg"
Aveia natural,Quaker,Embalagem de 500g,"2,99 €","7,97 €/Kg"
"Papel higiénico compacto, folha dupla",Renova,4 = 12 rolos,"1,99 €","1,99 €/Unidade"
Puré de batata,Saint Eloi,Embalagem de 500 g,"1,99 €","1,99 €/Kg"
Faca de pão,Quittin,20 cm,"1,89 €","1,89 €/Unidade"
"Vela em número, nº 3",PorSi,1 unidade,"0,60 €","0,60 €/Unidade"
Milho tenro e doce,Bonduelle,Embalagem de 300 g,"2,19 €","2,81 €/Kg"
Palmiers,PorSi,Embalagem de 300 g,"1,69 €","6,76 €/Kg"
Chá fresh verde e pêssego,Cemporcent,Embalagem de 18g,"1,19 €","59,50 €/Kg"
"Vinho tinto doc dão, reserva",Cabriz,Garrafa de 0.75 l,"3,99 €","5,32 €/L"
Tira Nódoas em Gel Cores,Skip,1.6 l,"1,69 €","1,69 €/L"
Xarope de limão sem corantes,Paquito,Garrafa de 750 ml,"4,89 €","6,61 €/L"
10 pães de leite,PorSi,Embalagem de 350g,"7,40 €/Kg","7,40 €/Kg"
"Postas pescada nº3, para fritar",PorSi,Embalagem de 600 g,"3,99 €","9,98 €/Kg"
Elixir bocal de mentol,Listerine,Embalagem de 250 ml,"1,29 €","2,58 €/L"
Rolo de Cozinha Multi,Renova,4 Rolos,"4,99 €","4,99 €/Unidade"
Bolacha de água e sal júnior,Vieira,Embalagem de 160g,"1,89 €","15,75 €/Kg"
Romã,Programa Origens,1 un = 250 gr  (aprox.),"1,75 €","6,99 €/Kg"
Broa de milho doce,Pão do Dia,450 g,"0,19 €","2,38 €/Kg"
Bacalhau desfiado,PorSi,Embalagem de 500g,"6,39 €","7,99 €/Kg"
Vinho maduro branco,Casal da eira,Embalagem de 250 ml,"0,85 €/L","0,85 €/L"
Creme marisco,Knorr,Embalagem de 70g,"0,62 €","10,00 €/Kg"
Pensos de Incontinência Ultra Mini Adulto,Labell,28 Unidades,"1,95 €","1,95 €/Unidade"
Toalha em rolo papel verde,PorSi,1 Unidade,"3,45 €","3,45 €/Unidade"
Lixivia perfume fresco,Neoblanc,Embalagem de 2 l,"1,74 €","0,35 €/L"
Açucar granulado,PorSi,Embalagem de 1 kg,"1,49 €","1,49 €/Kg"
Óleo Performa 15W40,Galp,Embalagem de 1 l,"14,99 €","14,99 €/L"
Farinheira do fundão,PorSi,Embalagem de 250g,"1,49 €","7,45 €/Kg"
Queijo Curado Amanteigado,Fonte Mourisca,1 un = 250 gr  (aprox.),"3,80 €","15,19 €/Kg"
Esponja limpa camurça,PorSi,1 unidade,"5,29 €","35,27 €/L"
"Gel banho + loção hidratante, romã",FA,Embalagem de 500 ml,"6,99 €","9,32 €/L"
Café Descafeinado,Nescafe,Embalagem de 100g,"1,59 €","6,36 €/Kg"
Cacetinho de Trigo,Pão do Dia,80 g,"0,19 €","2,38 €/Kg"
Robalo de Viveiro,Peixe Fresco,de 200 a 600 g (aprox.),"1,60 €","7,99 €/Kg"
Arroz longo extra integral,Cacarola,Embalagem de 1 kg,"0,99 €/Kg","0,99 €/Kg"
Mistolin advanced anticalcário,Mistolin,Garrafa de 500 ml,"1,54 €","2,05 €/L"
Camarão cozido 30/40,Nossa seleção,Congelado,"2,00 €","7,99 €/Kg"
Salsichas de porco em lata,PorSi,Embalagem de 200g,"0,75 €","3,75 €/Kg"
80 filtros nº4 com saquetas antitártaro,Planteur,Uma embalagem com 80 unidades,"0,80 €","0,80 €/Unidade"
Super Cola 3 Mini Trio C/ Oferta de 1 Tubo Grátis,Loctite,4 g,"2,99 €","99,67 €/Kg"
"Gomas, aro fresa",Fini,Embalagem de 100 g,"1,19 €","3,97 €/Kg"
Rum 3 anos havan club (40º),Havana,Garrafa de 700 ml,"17,49 €","24,99 €/L"
Maçã Royal Gala 70/75,Programa Origens,1 un = 150 gr (aprox.),"1,69 €/Kg","1,69 €/Kg"
Açúcar branco em saquetas,Rar,Embalagem com 170 saquetas,"1,49 €","1,49 €/Kg"
Patafix branco,Uhu,Embalagem com 80 pastilhas adesivas,"2,49 €","2,49 €/Unidade"
Sangria branca,Don Simon,"Garrafa de 1,5 l","2,39 €","1,59 €/L"
Sopa de cebola,Knorr,Embalagem de 50g,"0,62 €","10,00 €/Kg"
Bebida de Arroz,PorSi Viva Bem,1 l,"1,59 €","1,59 €/L"
Limpa Tablier,PorSi,Embalagem de 1 l,"3,49 €","13,96 €/L"
Leite condensado magro cozido,Nestle,Embalagem de 390g,"1,09 €","2,75 €/Kg"
Nata uht 0% lactose,Parmalat,Embalagem de 200 ml,"0,75 €","3,75 €/L"
Cerveja c/ álcool,Super Bock,pack 24 x 0.20 l,"1,99 €/L","1,99 €/L"
Chá rooibos de laranja,Tetley,Embalagem de 10g,"1,19 €","59,50 €/Kg"
Café Moagem Universal do Brasil,PorSi,Embalagem de 220g,"9,16 €/Kg","9,16 €/Kg"
"Maionese, frasco",Hellmman's,Embalagem de 210g,"0,87 €","2,90 €/Kg"
Mousse chocolate,PorSi,Embalagem de 150g,"0,79 €","5,27 €/Kg"
"Salsichas wiennerwurt em frasco, 6 un",Nobre,Embalagem de 250g,"0,75 €","3,75 €/Kg"
Escova dentifrica 360º advanced média,Colgate,1 unidade,"3,19 €","3,19 €/Unidade"
Biscoitos sem glúten,Gullon,Embalagem de 200 g,"2,69 €","20,69 €/Kg"
Óleo de girassol,PorSi,garrafa de 1 litro,"3,39 €","3,39 €/L"
Espremedor,PorSi,1 unidade,"0,89 €","0,89 €/Unidade"
Iogurte natural sem lactose,PorSi Viva Bem,4 x 125 g,"0,99 €","1,98 €/Kg"
Ambientador Fresh Water,Arbre Magique,1 unidade,"1,99 €","1,99 €/Unidade"
Feijão manteiga,PorSi,Frasco com 540 g,"2,19 €","2,81 €/Kg"
Vinho doc dão branco,Grao vasco,Garrafa de 750 ml,"3,99 €","5,32 €/L"
Salsicha Merguez,PorSi,1 un = 100 gr (aprox.),"0,60 €","5,99 €/Kg"
Ambientador aerossol 5 em 1 jasmim,PorSi,300 ml,"0,99 €","3,30 €/L"
Super Napolitana Creme 125 g,Pastelaria do Dia,1 un = 125 g (aprox.),"0,99 €","11,00 €/Kg"
Barras fitness com morango,Nestle,Embalagem de 140g,"3,79 €","29,38 €/Kg"
"Máquina depilatória descartável, 2beauty, 5 unidades",Wilkinson,1 embalagem,"3,29 €","3,29 €/Unidade"
Creme calçado preto,PorSi,50 ml,"0,99 €","19,80 €/L"
Pilha alcalina heightech lr6x4,Domédia,1 unidade,"1,49 €","1,49 €/Unidade"
"Lava tudo antibacteriano lavanda 1,5l",PorSi,Garrafa de 1.5 l,"0,99 €","0,50 €/L"
Arroz extra longo integral,Saludaes,Embalagem de 1 kg,"0,99 €/Kg","0,99 €/Kg"
Café solúvel c/ cafeína,PorSi,Embalagem de 100g,"14,50 €/Kg","14,50 €/Kg"
Mel multifloral doseador,PorSi,Embalagem de 250g,"4,89 €","9,78 €/Kg"
Loção hidratante,Baby Dove,Embalagem de 200 ml,"0,55 €","5,50 €/L"
Azeite virgem extra seleção,PorSi,Garrafa de 2 l,"3,29 €","4,39 €/L"
"Café em grão, lote superior",Delta,Embalagem de 1 kg,"9,16 €/Kg","9,16 €/Kg"
Cappuccino café arábica cacau magro em pó,PorSi,250 ml,"3,19 €","25,52 €/Kg"
12 pastéis de bacalhau,PorSi,Embalagem de 300 g,"2,99 €","9,97 €/Kg"
Adoçante em pó,Canderel,Embalagem de 90g,"5,99 €","23,96 €/Kg"
Água mineral sem gás,S.estrela,pack 4 x 1.5 l,"1,04 €","0,17 €/L"
Queijo creme flamengo,President,Embalagem de 125 g,"2,05 €","16,40 €/Kg"
"Forma papel para bolos, 8. 4cm",PorSi,Embalagem com 60 unidades,"0,54 €","0,54 €/Unidade"
Acetona,PorSi,Embalagem de 60 ml,"1,89 €","9,45 €/L"
Bio miolo amendoa compele,PorSi Bio,Embalagem de 100g,"3,65 €","7,30 €/Kg"
Pensos higiénicos liberty noite abas,Evax,Embalagem com 9 un.,"4,99 €","4,99 €/Unidade"
Molho de whisky cocktail,Calve,Garrafa de 250 ml,"0,87 €","2,90 €/Kg"
Salsichão fuet caseiro,Elpozo,Embalagem de 150g,"1,35 €","16,88 €/Kg"
Café em cápsulas aqtivus,Delta Q,Embalagem de 55 g,"59,82 €/Kg","59,82 €/Kg"
Café torrado lote chávena máquina,Delta,Embalagem de 250g,"9,16 €/Kg","9,16 €/Kg"
Desodorizante roll on dermo invisible,Sanex,Embalagem de 50 ml,"50,80 €/L","50,80 €/L"
Desodorizante de Pés em Creme,Protex,Embalagem de 100 ml,"5,59 €","37,27 €/L"
Vinho do porto malvasia branco,Rcv,Garrafa de 750 ml,"6,65 €/L","6,65 €/L"
Loção corporal,Nivea,Embalagem de 400 ml,"11,23 €/L","11,23 €/L"
Puzzle Canal Panda,Olivo,60 peças,"5,99 €","5,99 €/Unidade"
Café moagem normal: intenso,Buondi,Embalagem de 220g,"11,16 €/Kg","11,16 €/Kg"
"Refeição pronta, boião de legumes e vitela",Bledina,Embalagem de 200g,"2,09 €","10,45 €/Kg"
Queijo limiano amanteigado vaca e ovelha sem casca m...,Limiano,Embalagem de 450g,"3,35 €","13,39 €/Kg"
Sopa de agriao,PorSi,Embalagem de 400g,"1,29 €","3,23 €/Kg"
Leite especial cálcio + vitamina d magro,Mimosa,Garrafa de 1 l,"1,29 €","1,29 €/L"
Fermento em pó,PorSi,Embalagem de 150 g,"1,89 €","17,18 €/Kg"
"Sais fruto normal, frasco",Eno,Embalagem de 150g,"6,89 €","45,93 €/Kg"
Inseticida elétrico,Raid,2 Aparelhos + 2 Recargas de 27 ml | 45 Noites + 45 Noites,"7,69 €","7,69 €/Unidade"
"Maionese, frasco",Hellmman's,Embalagem de 420g,"0,87 €","2,90 €/Kg"
Pastilhas ice spearmint,CHICLETS,Embalagem de 17 g,"0,89 €","59,33 €/Kg"
Vinho frisante branco,Lapadas,Garrafa de 750 ml,"2,29 €","3,05 €/L"
Iogurte Líquido Frutos Tropicais,PorSi,1 Embalagem 4X160G,"1,31 €","2,05 €/Kg"
Grão de bico,Caçarola,Embalagem de 500 g,"2,18 €/Kg","2,18 €/Kg"
Bolo meia lua marmore,Dancake,Embalagem de 350G,"2,05 €","5,13 €/Kg"
Polpa de tomate em garrafa,Compal,Embalagem de 500g,"3,84 €","24,00 €/Kg"
Mistolin tira gorduras desinfetante,Mistolin,Garrafa de 550 ml,"1,54 €","2,05 €/L"
Bolachas infantil dinossauros,Artiach,Embalagem de 190g,"1,89 €","15,75 €/Kg"
Café verde (cápsulas),Forma+,Embalagem de 42g,"6,89 €","45,93 €/Kg"
Ambientador eléctrico Relaxing Zen + recarga,Glade,1 unidade,"3,74 €","3,74 €/Unidade"
Vinho tinto,PorSi,embalagem de 1 litro,"0,85 €/L","0,85 €/L"
Nata uht para culinária,Parmalat,Embalagem de 200 ml,"0,75 €","3,75 €/L"
Queijo Curado kg,Castelões,1 un = 250 gr  (aprox.),"3,35 €","13,39 €/Kg"
"Batata frita, queijo e ervas",PorSi,Embalagem de 190g,"1,12 €","6,40 €/Kg"
Creme culinário soja light,Shoyce,Garrafa de 200 ml,"0,75 €","3,75 €/L"
"Carregador Máquina Depilatória, Body Men",Gillette,Embalagem com 4 unidade,"3,29 €","3,29 €/Unidade"
Rolos de papel multiusos 2 folhas,PorSi,1 unidade,"4,99 €","4,99 €/Unidade"
Arroz agulha,B.sucesso,Embalagem de 1 kg,"0,99 €/Kg","0,99 €/Kg"
"Escova de dentes, max fresh média",Colgate,Uma embalagem 1 un + 1 Grátis,"3,19 €","3,19 €/Unidade"
Iogurte Pedaços Pêssego,PorSi,Embalagem de 2x135 g,"1,87 €","1,25 €/Kg"
Snack Cão Prodental,PorSi,Embalagem 180 g,"1,09 €","6,06 €/Kg"
Polpa de tomate com cebola e alho,Compal,Embalagem de 500g,"3,84 €","24,00 €/Kg"
Gel de Banho Coconut Milk,Dove,Embalagem de 750 ml,"6,99 €","9,32 €/L"
Champô cabelos pintados,Labell,Embalagem de 250 ml,"5,59 €","13,98 €/L"
Barra s.k frutos vermelhos,Kellogg's,Embalagem de 130g,"1,29 €","10,24 €/Kg"
"Limpa vidros pistola, cristal",Ajax,Embalagem de 500 ml,"3,19 €","6,38 €/L"
Moscatel de Setúbal,Bacalhoa,Garrafa de 750 ml,"5,99 €","7,99 €/L"
Couve Flor,Programa Origens,1 un = 1 kg (aprox.),"1,64 €","1,09 €/Kg"
Inseticida para baratas e formigas,Baygon,Embalagem de 400 ml,"4,49 €","11,97 €/L"
Café em grão,Delta,Embalagem de 1 kg,"9,16 €/Kg","9,16 €/Kg"
"Frigideira anti-aderente, 20cm",PorSi,1 unidade,"9,99 €","9,99 €/Unidade"
Amaciador roupa concentrado lírios e morango,PorSi,60 doses,"3,74 €","0,96 €/L"
Desodorizante spray energy,Labell Men,Embalagem de 200 ml,"1,39 €","6,95 €/L"
Spray pedras,Cif,435 ml,"1,54 €","2,05 €/L"
Depilatório homem gel,Veet,Garrafa de 200 ml,"2,99 €","14,95 €/L"
Régua duplo decimetro,CA1,1 unidade,"2,49 €","2,49 €/Unidade"
Camarão Tigre 6/8,Nossa seleção,vendido ao peso,"8,99 €","25,69 €/Kg"
Concentrado manga,Sunquick,Garrafa de 580 ml,"4,89 €","6,61 €/L"
Bolacha dibus sharkies s/ glúten,Gullon,Embalagem de 250g,"2,69 €","20,69 €/Kg"
Lasanha,Nacional,Embalagem de 400g,"1,39 €","1,39 €/Kg"
Tablete de chocolate culinário negro,PorSi,Embalagem de 200 g,"0,99 €","4,95 €/Kg"
Bebida energética,Red Bull,Garrafa de 360 ml,"5,39 €","5,39 €/L"
Vinho rosé mateus emotion,Mateus,Garrafa de 750 ml,"4,29 €","5,72 €/L"
"Lenços de bolso sensitive, brancos, 10 unidades",Renova,1 embalagem de 18x10,"0,89 €","0,89 €/Unidade"
Sumo 100% Fruta Laranja Espremida,Compal,1 litro,"1,09 €","0,73 €/L"
Marmelada com noz,Quinta de Jugais,Embalagem de 500g,"1,09 €","2,42 €/Kg"
20 saquetas infusão de cidreira,Lipton,Embalagem de 20g,"0,99 €","76,15 €/Kg"
Lixivia perfumada,PorSi,Garrafa de 2 l,"2,59 €","1,30 €/L"
Polpa tomate biológico,Guloso,Embalagem de 500g,"3,84 €","24,00 €/Kg"
Caldo de galinha 24 cubos,Knorr,Embalagem de 240g,"3,84 €","24,00 €/Kg"
Sidra maçã,Bandida,Lata de 500 ml,"1,59 €","3,18 €/L"
Reptomin alimento para tartarugas,Tetra,Garrafa de 250 ml,"7,29 €","7,29 €/L"
Cereais lion chocolate/caramelo,Nestle,Embalagem de 400g,"1,29 €","10,24 €/Kg"
"Tampão mini, 24 unidades",Labell,1 embalagem,"1,39 €","1,39 €/Unidade"
Cerveja 0.0%,Heineken,Pack 6 x 0.25 l,"5,99 €","3,03 €/L"
Orégãos em folhas,PorSi,Saqueta com 10 g,"0,25 €","0,25 €/Kg"
Paté de atum,PorSi,Embalagem de 65 g,"1,19 €","13,52 €/Kg"
Atum ao natural,Ramirez,Embalagem de 120g,"0,89 €","7,42 €/Kg"
Adoçante com doseador,PorSi,Embalagem 300 comprimidos,"5,99 €","23,96 €/Kg"
Iogurtes Corpos Danone Pedaços de Pêssego e Maracujá,Danone,Embalagem de 4 x 115 g,"4,38 €","2,19 €/Kg"
Vinho bag-in-box branco,C.alqueva,Garrafa de 5 l,"9,49 €","1,90 €/L"
Lixívia tradicional,PorSi,Embalagem de 2 l,"1,74 €","0,35 €/L"
Detergentes máquina lavar loiça next generation,PorSi,30 pastilhas,"2,99 €","2,99 €/Unidade"
Néctar 8 frutos,Bongo,Pack 3 x 200 ml,"0,99 €","0,99 €/L"
"Pasta dentífrica, dentes/gensivas sensitive",Labell,Embalagem de 75 ml,"2,39 €","31,87 €/L"
Dominó,Olivo,caixa metálica,"5,99 €","5,99 €/Unidade"
Leite C/ Chocolate,Mimosa,Embalagem de 4 x 200 ml,"0,26 €","1,30 €/L"
Leite uht sem lactose magro,PorSi Viva Bem,1 litro,"0,83 €","0,83 €/L"
Lixívia Spray Multiusos,Neoblanc,Embalagem de 650ml,"2,59 €","1,30 €/L"
"Discos desmaquilhantes, 120 unidades",PorSi,Embalagem de 120 unidades,"0,76 €","0,76 €/Unidade"
Detergente liquido loiça limão,PorSi,Garrafa de 1 litro,"1,05 €","2,10 €/L"
Acetona,PorSi,Embalagem de 250 ml,"1,89 €","9,45 €/L"
Vinho maduro branco meio seco,Adega grande,Garrafa de 750 ml,"1,59 €","2,12 €/L"
Molho iogurte,PorSi,Garrafa de 285 ml,"0,87 €","2,90 €/Kg"
"Inseticída, vaporizador, extra gt",Biokill,Garrafa de 380 ml,"4,49 €","11,97 €/L"
Vinho tinto península de setúbal,Pioneiro,Garrafa de 0.75 l,"4,99 €","6,65 €/L"
Cotonetes para bebé,PorSi,Embalagem com 60 unidades,"0,58 €","0,58 €/Unidade"
Cerveja com álcool abadia,Super Bock,pack 6 x 0.33 l,"1,99 €/L","1,99 €/L"
Arroz carolino,Caçarola,Embalagem de 1kg,"0,99 €/Kg","0,99 €/Kg"
Salsichas Frankfurt em lata,Izidoro,Embalagem de 120g,"0,75 €","3,75 €/Kg"
Ervilhas bio,PorSi Bio,Frasco com 290 g,"2,19 €","2,81 €/Kg"
Bolacha de manteiga belga c/ chocolate,Saborosa,Embalagem de 200g,"1,69 €","6,76 €/Kg"
Barras de cereais nesquik,Nestle,Embalagem de 150g,"1,29 €","10,24 €/Kg"
Bacon Extra fatiado,Porminho,Embalagem 80g,"1,45 €","18,13 €/Kg"
Manteiga de alho,Mimosa,Embalagem de 200g,"8,56 €/Kg","8,56 €/Kg"
Palmilha recortável antiodor,Sonaf,1 unidade,"5,59 €","37,27 €/L"
"Inseticida max, concentrado sensitive",Dum Dum,Garrafa de 400 ml,"4,49 €","11,97 €/L"
Manteiga com sal,Novacores,Embalagem de 250g,"8,56 €/Kg","8,56 €/Kg"
Lixívia Spray Mousse,Neoblanc,Embalagem de 700ml,"2,59 €","1,30 €/L"
Batatas Pré-fritas Rosti com Cebola,PorSi,Embalagem com 600 g,"2,48 €/Kg","2,48 €/Kg"
Desodorizante de pés em spray,Protex,Embalagem de 150 ml,"5,59 €","37,27 €/L"
Macarronete Massa Com Vegetais,Nacional,Embalagem de 500g,"1,39 €","1,39 €/Kg"
Rebuçados mini café,PorSi,Embalagem de 200g,"1,59 €","6,36 €/Kg"
Gelatina pronta a comer morango,Royal,Embalagem de 4 x 100 g,"0,85 €","2,13 €/Kg"
Bolacha shortcake,Nacional,Embalagem de 180g,"1,69 €","6,76 €/Kg"
Queijo em fatias original,Casteloes,Embalagem de 200g,"1,96 €","9,80 €/Kg"
Sobremesa Paturette Caramelo,Páturages,Embalagem de 4x115g,"1,19 €","2,59 €/Kg"
Creme de depilação duche,Veet,Garrafa de 150 ml,"2,99 €","14,95 €/L"
Óleo p/ Moto Performa M2T,Galp,Embalagem de 1 l,"14,99 €","14,99 €/L"
Caramelos de leite,Penha,Embalagem de 100g,"2,75 €","11,00 €/Kg"
Tostas dietéticas,Diatosta,Embalagem de 225 g,"1,34 €","5,96 €/Kg"
Cerveja com álcool,Kings Bräu,"Embalagem de 0,33 l","1,99 €/L","1,99 €/L"
Whisky,J&B,Garrafa de 700 ml,"19,99 €","19,99 €/L"
Feijão encarnado em frasco,PorSi,frasco de 540 g,"2,19 €","2,81 €/Kg"
Gelado cornetto morango,Olá,Embalagem de 6 x 90 ml,"1,89 €","3,15 €/L"
Creme para calçado incolor,PorSi,50 ml,"0,99 €","19,80 €/L"
Spray optimal 7 cozinha,Ajax,500 ml,"1,79 €","2,39 €/L"
Sabonete original,Palmolive,Embalagem de 4x90 g,"4,49 €","12,47 €/Kg"
Batata frita gourmet,PorSi,Embalagem de 150g,"1,01 €","5,46 €/Kg"
Néctar vital equilibrio laranja/cenoura/manga,Compal,Embalagem de 1 l,"0,99 €","0,99 €/L"
Sumo 100% fresh maçã,Compal,Garrafa de 330 ml,"1,09 €","0,73 €/L"
Couve de bruxelas,PorSi,Embalagem de 750 g,"1,98 €","1,98 €/Kg"
Ambientador spray pure colónia de bebé,PorSi,250 ml,"0,99 €","3,30 €/L"
Kinder delice cacau,Kinder,Embalagem de 400g,"2,05 €","5,13 €/Kg"
Biscoitos integrais sementes de agave,PorSi Viva Bem,Embalagem de 150g,"0,69 €","3,45 €/Kg"
Clara de ovo liquida pasteurizada,Dovo,1 kg,"1,24 €","3,88 €/L"
Bolachas digestivas go maçã,Triunfo,Embalagem de 170g,"1,49 €","2,48 €/Kg"
Bolacha maria junior doces,Vieira,Embalagem de 280g,"2,11 €/Kg","2,11 €/Kg"
Queijo mozzarella mini bolas,PorSi,Embalagem 125G,"1,59 €","12,72 €/Kg"
Lixívia densa +,Neoblanc,Embalagem de 1 l,"1,74 €","0,35 €/L"
Spray wc anticalcário,PorSi,embalagem de 750 ml,"3,99 €","7,98 €/L"
Napolitanas creme cacau,PorSi,Embalagem de 320g,"1,77 €","5,53 €/Kg"
Achocolatado em Pó,Nesquik,Embalagem de 390g,"5,39 €","7,19 €/Kg"
Bolachas multicereais,PorSi,Embalagem de 400 g,"0,79 €","5,27 €/Kg"
Mini tostas de trigo,Diatosta,Embalagem de 350 g,"2,39 €","6,83 €/Kg"
Puzzle 3D Sagrada Família,Cubic Fun,1 unidade,"5,99 €","5,99 €/Unidade"
Super tea boost com vitamina b6,Tetley,Embalagem de 40g,"1,19 €","59,50 €/Kg"
"Kit dentário, infantil",Labell,1 unidade,"0,79 €","0,79 €/Unidade"
Sacos higiénicos para animal,Canaillou,4 x 20 unidades,"1,19 €","0,24 €/Kg"
Iogurte activia líquido 0% morango/kiwi,Danone,Embalagem de 4 x 155 g,"2,79 €","6,07 €/Kg"
Pão de forma sem côdea 9 cereais,Panrico,Embalagem de 480g,"0,99 €","1,65 €/Kg"
Lambrusco bianco,*,Garrafa de 750 ml,"2,09 €","2,79 €/L"
Café em Cápsulas Dolce Gusto Sical,Nescafé,Embalagem de 3x16 cápsulas,"59,82 €/Kg","59,82 €/Kg"
Pasta dentífrica herbal branqueadora,Colgate,Embalagem de 75 ml,"2,39 €","31,87 €/L"
Leite Meio Gordo sem Lactose,Mimosa,Pack 4 x 200 ml,"0,83 €","0,83 €/L"
Bife,Peru,1 un = 900 gr (aprox.),"1,05 €","2,99 €/Kg"
Mini tostas trigo super finas,PorSi,Embalagem de 100 g,"2,39 €","6,83 €/Kg"
Lixívia densa verde,Neoblanc,Embalagem de 1 l,"1,74 €","0,35 €/L"
Aditivo em pó máquina roupa branca,Vanish,Embalagem de 1.2 kg,"7,99 €","19,02 €/Kg"
Pai Natal de Chocolate,PorSi,Embalagem de 125 g,"2,29 €","17,62 €/Kg"
Bebida Energética Red Grape,Hell,250 ml,"5,39 €","5,39 €/L"
Infusão de camomila,Tetley,Embalagem de 10g,"1,14 €","114,00 €/Kg"
Azeitona mista,PorSi,Embalagem de 210g,"1,49 €","7,10 €/Kg"
Tostas integrais,Diatosta,Embalagem de 225 g,"2,39 €","6,83 €/Kg"
Gelatina pronta a comer light 10 kcal melancia,Royal,Embalagem de 4 x 100 g,"0,85 €","2,13 €/Kg"
Rebuçados de mentol,PorSi,Embalagem de 250g,"1,69 €","16,90 €/Kg"
Salsichas em lata,PorSi,Embalagem  de 120 g,"0,75 €","3,75 €/Kg"
"Chocolate m&m s, amendoim",M&m' s,Embalagem de 45 g,"11,98 €/Kg","11,98 €/Kg"
Massa de cotovelos grandes riscados,Milaneza,Embalagem de 500g,"1,39 €","1,39 €/Kg"
Porto 10 anos,Valadao,Garrafa de 750 ml,"10,99 €","14,65 €/L"
Feijão Verde,Legumes do Dia,1 un = 250 gr  (aprox.),"1,64 €","1,09 €/Kg"
Muesli Frutas,PorSi,500 g,"4,59 €","8,35 €/Kg"
Água s/ gás,Luso,"Garrafa de 0,75 l","1,04 €","0,17 €/L"
Trinca de arroz,PorSi,Embalagem de 1 kg,"10,49 €","2,62 €/Kg"
Cerveja com álcool,Sagres,Garrafa de 1 l,"1,99 €/L","1,99 €/L"
Detergente líquido manual loiça lavanda e alecrim,Fairy,Embalagem de 650 ml,"1,05 €","2,10 €/L"
10 nuggets de frango,Capitão Iglo,Embalagem de 210g,"2,34 €","7,31 €/Kg"
Bolacha digestiva go canela,Triunfo,Embalagem de 170g,"1,49 €","2,48 €/Kg"
Compal da horta concentrado tomate,Compal,Embalagem de 140g,"3,84 €","24,00 €/Kg"
Lambrusco rose,*,Garrafa de 750 ml,"2,29 €","3,05 €/L"
Aguardente,1920,Garrafa de 700 ml,"11,49 €","16,41 €/L"
Fruta para bebé maçã banana morango +8 meses,Nestle,Embalagem de 90g,"0,74 €","8,22 €/Kg"
Gel wc tripla ação c/ lixívia,Harpic,Garrafa de 750 ml,"3,99 €","7,98 €/L"
Repelente de água,PorSi,Embalagem de 250 ml,"3,49 €","13,96 €/L"
Vinho verde branco,Presidente,Garrafa de 0.75 l,"3,09 €","3,09 €/L"
Salsichas de Aves Extra Suculentas,Nobre,frasco de 650g,"0,75 €","3,75 €/Kg"
Vinho maduro tinto,Alto de Pias,Garrafa de 5 l,"5,19 €","1,04 €/L"
Máquina Depilatória Descartável 3 Sensitive,Bic,Embalagem com 4+2 unidades,"3,29 €","3,29 €/Unidade"
Loção Sensitive,Baby Dove,Embalagem de 200 ml,"0,55 €","5,50 €/L"
Sopa Canja de Galinha c/ Aletria,PorSi,Embalagem de 75 g,"0,62 €","10,00 €/Kg"
Sidra maçã,Somersby,pack 4 x 0.33 l,"1,59 €","3,18 €/L"
Equinácia (comprimidos),Forma+,Embalagem de 48g,"6,89 €","45,93 €/Kg"
20 mini rissóis de camarão,PorSi,Embalagem de 300 g,"2,99 €","9,97 €/Kg"
Senses Tropical,Trident,1 un.,"0,89 €","59,33 €/Kg"
"Refrigerante com gás cola, mini lata",Coca-Cola,pack 12 x 0.15 l,"0,40 €/L","0,40 €/L"
Borracha para desenho técnico,Domédia,1 unidade,"2,99 €","2,99 €/Unidade"
Bolo brigadeiro,Condi,Embalagem de 630g,"2,99 €","6,64 €/Kg"
Bolachas de chocolate leite,Milka,Embalagem de 150g,"0,69 €","4,60 €/Kg"
Vinho verde branco,Torre de menagem,"Garrafa de 0,75 l","3,09 €","3,09 €/L"
Pizza marguerita,PorSi,Embalagem de 2 x 300 g,"2,16 €","6,17 €/Kg"
Preparo para bolo de chocolate,Branca de Neve,Embalagem de 450g,"0,79 €","5,27 €/Kg"
Salsichas Frankfurt em lata,Izidoro,Embalagem de 250g,"0,75 €","3,75 €/Kg"
Tarteletes com recheio avelã,PorSi,Embalagem de 91g,"2,15 €","2,87 €/Kg"
Vinho branco península de setúbal,Pioneiro,Garrafa de 0.75 l,"4,99 €","6,65 €/L"
Flan sabor a baunilha com caramelo,PorSi,Embalagem de 6 x 100 g,"1,19 €","2,59 €/Kg"
"Tampão super, 32 unidades",Labell,1 embalagem,"1,39 €","1,39 €/Unidade"
Lenços Bolso Colletion,Kleenex,Pack 15 unidades,"0,89 €","0,89 €/Unidade"
Twins,Gullon,pack 2 x 154 g,"1,20 €","3,90 €/Kg"
Cevada solúvel,PorSi,Embalagem de 200g,"1,64 €","6,56 €/Kg"
Beringela,Legumes do Dia,1 un=400 gr (aprox.),"1,20 €","2,99 €/Kg"
Salsichas extra suculentas de peru,Nobre,Frasco de 210g,"0,75 €","3,75 €/Kg"
"Bolachas, tubo",Oreo,Embalagem de 150g,"1,49 €","9,68 €/Kg"
Gel Lubrificante natural play,Durex,Embalagem de 50 ml,"4,49 €","4,49 €/Unidade"
Recarga inseticida eléctrico líquido anti melgas e m...,Raid,60 noites,"7,69 €","7,69 €/Unidade"
"Bebida açucarada  tinto de verão, clássico",Sandevid,"Garrafa de 1,5 l","2,39 €","1,59 €/L"
Mini tosta trigo,Diatosta,Embalagem de 90 g,"2,39 €","6,83 €/Kg"
"Gomas talhadas, sabor a melancia",Fini,Embalagem de 100 g,"1,19 €","3,97 €/Kg"
"Refresco em pó, tropical",Tang,Embalagem de 30g,"0,75 €","18,75 €/Kg"
Néctar tutti-fruti,Compal,Pack 3 x 200 ml,"0,99 €","0,99 €/L"
Leite uht magro,Mimosa,Embalagem de 1 litro,"0,83 €","0,83 €/L"
Gelatina pronta a comer light 10 kcal ananás,Royal,Embalagem de 4 x 100 g,"0,85 €","2,13 €/Kg"
Gelatina light de frutos vermelhos,Condi,Embalagem de 2x15g,"0,55 €","61,11 €/Kg"
Alimento seco p/ cão raça pequena,PorSi Select,Embalagem de 3kg,"10,49 €","2,62 €/Kg"
Napolitas creme baunilha,PorSi,Embalagem de 320g,"2,05 €","5,13 €/Kg"
Caldo de galinha 16 cubos,Knorr,Embalagem de 160g,"3,84 €","24,00 €/Kg"
Arroz de Pato,Centralres,Vendido ao peso,"6,50 €","12,99 €/Kg"
"Gel depilatório, peles sensiveis",Labell,Embalagem de 200 ml,"2,99 €","14,95 €/L"
Polpa de maracuja,PorSi,Embalagem de 565g,"1,99 €","2,37 €/Kg"
Cerveja sem álcool,Super Bock,Pack 6 x 20 cl,"5,99 €","3,03 €/L"
Nabo Roxo s/ Rama,Programa Origens,1 un = 200 gr  (aprox.),"1,64 €","1,09 €/Kg"
Nectar vital equilibrio ananás/coco,Compal,Embalagem de 1 l,"0,99 €","0,99 €/L"
Gelatina frutos tropicais  10kcal,Royal,Embalagem de 30g,"0,55 €","61,11 €/Kg"
Refrigerante sem gás de manga/laran,Joi,"Garrafa de 1,5 l","1,14 €","0,76 €/L"
Garcinia - cápsulas,Forma+,Embalagem de 56g,"6,89 €","45,93 €/Kg"
Anti-embaciante,PorSi,Embalagem de 250 ml,"3,49 €","13,96 €/L"
Azeite Virgem,Oliveira da Serra,Embalagem de 750 ml,"3,29 €","4,39 €/L"
Nestum zero espelta/aveia,Nestum,Embalagem de 250 g,"4,99 €","4,99 €/Kg"
Moscatel do douro aperitivo,Favaito,pack: 10 x 55 ml,"5,99 €","7,99 €/L"
"Líquido para ferro de engomar, suave",PorSi,Embalagem de 2 l,"1,69 €","1,69 €/L"
Paprika,PorSi,Saqueta com 50 g,"0,25 €","0,25 €/Kg"
Chá verde,PorSi,Embalagem de 37.5 g,"1,14 €","114,00 €/Kg"
Limpa fornos,PorSi,500 ml,"1,54 €","2,05 €/L"
Pilha alcalina classic lr03x4,Domédia,1 unidade,"1,49 €","1,49 €/Unidade"
Nata uht,Mimosa,embalagem de 200 ml,"0,75 €","3,75 €/L"
Sidra maçãs ácidas,Bandida do Pomar,lata de 0.5 l,"1,59 €","3,18 €/L"
Bolachas de aveia e trigo integral,PorSi Viva Bem,Embalagem de 240g,"2,82 €","9,40 €/Kg"
Cesto multiusos com gancho,PorSi,1 unidade,"2,50 €","2,50 €/Unidade"
Iogurtes magros aroma morango,PorSi Viva Bem,Embalagem de 6 x 125 g,"1,09 €","1,45 €/Kg"
Bolachas com cobertura de chocolate de leite,Oreo,Embalagem de 250g,"1,49 €","9,68 €/Kg"
Ervilhas,PorSi,Embalagem de 1 kg,"1,98 €","1,98 €/Kg"
Spray limpa inox,Cif,Garrafa de 440 ml,"1,54 €","2,05 €/L"
Fermento de padeiro em pó,Fermipan,Embalagem de 4x11 g,"1,89 €","17,18 €/Kg"
Caramelos de fruta,PorSi,Embalagem de 250g,"2,75 €","11,00 €/Kg"
Massa de macarrão riscado,Nacional,Embalagem de 500g,"1,39 €","1,39 €/Kg"
Amêijoa Branca Congelada,*,Vendido ao peso a partir de 200 g,"2,00 €","7,99 €/Kg"
Bebida energética,Red Bull,Pack 4 x 0.25 l,"5,39 €","5,39 €/L"
Bacalhau em lombos,PorSi,Embalagem de 800g,"6,39 €","7,99 €/Kg"
Spray limpeza casa de banho,Cillitbang,Embalagem de 500 ml,"3,99 €","7,98 €/L"
Ambientador elétrico + recarga alfazema,PorSi,1 unidade,"3,74 €","3,74 €/Unidade"
Pão forma familiar normal,Bimbo,embalagem de 700 g,"0,99 €","1,65 €/Kg"
Pensos térmicos alívio da dor muscular 13x10cm,PorSi,Embalagem de 2 unidades,"1,69 €","1,69 €/Unidade"
"Absorvedores de odores, relax zen",Brise,Embalagem de 2x150g,"16,63 €/L","16,63 €/L"
"Limpa jantes, em pistola",Arbo,Embalagem de 1 l,"3,49 €","13,96 €/L"
Emulsão p/ higiene intima sensitive,Dystron,Embalagem com 200 ml,"4,59 €","22,95 €/L"
Açorda de camarão,PorSi Select,380 g,"1,99 €","4,98 €/Kg"
Leite uht magro,PorSi,Embalagem de 1 litro,"0,83 €","0,83 €/L"
Leite s/ lactose meio gordo,Mimosa,Garrafa de 1 l,"1,29 €","1,29 €/L"
Salsa folhas,PorSi,Saqueta de 12 g,"0,25 €","0,25 €/Kg"
Cappuccino intenso,Nescafe,Embalagem de 130g,"3,19 €","25,52 €/Kg"
Vinho do porto lágrima branco,R.pinto,Garrafa de 750 ml,"6,65 €/L","6,65 €/L"
Pasta de atum,Fides,Embalagem de 90g,"1,19 €","13,52 €/Kg"
Gelatina morango 10kcal,Royal,Embalagem de 30g,"0,55 €","61,11 €/Kg"
Cocktail Shaker,Quttin,Cap.: 750 ml,"0,54 €","0,54 €/Unidade"
Tostas suecas tradicionais,Bimbo,embalagem de 234 g,"2,39 €","6,83 €/Kg"
Café solúvel crema,Nescafe,Embalagem de 200g,"14,50 €/Kg","14,50 €/Kg"
Queijo flamengo em fatias,Terra Nostra,Embalagem de 200g,"1,96 €","9,80 €/Kg"
Penso Higiénico Ultrafinos Normal Abas,PorSi,16 unidades,"4,99 €","4,99 €/Unidade"
Sal de mesa,PorSi,Embalagem de 250 g,"0,25 €","0,25 €/Kg"
Mini tostas integrais,PorSi,Embalagem de 180g,"2,39 €","6,83 €/Kg"
Óleo Cedro Líquido,PorSi,Embalagem de 200 ml,"1,39 €","1,26 €/L"
Manteiga amendoim com pedaços,Calve,Embalagem de 350g,"4,39 €","12,91 €/Kg"
Snack dentastix médio,Pedigree,Embalagem de 720 g,"1,09 €","6,06 €/Kg"
Napolitanas creme cacau,PorSi,Embalagem de 320g,"2,05 €","5,13 €/Kg"
Cereais argolas de mel,PorSi,Embalagem de 375 g,"5,07 €/Kg","5,07 €/Kg"
Iogurte tipo grego stracciatella,PorSi,Embalagem de 500g,"1,49 €","2,98 €/Kg"
Lixívia tradicional,PorSi,Embalagem de 1 l,"1,74 €","0,35 €/L"
5 manhãzitos,Bollycao,Embalagem com 175 g,"2,05 €","5,13 €/Kg"
"Pasta de arquivo, lombada larga, amarela",Domédia,1 unidade,"3,29 €","3,29 €/Unidade"
Vinho do Porto Branco,Velhotes,"Garrafa de 0,75 l","6,65 €/L","6,65 €/L"
Feijão branco,Compal,Lata de 410 ml,"2,19 €","2,81 €/Kg"
20 saquetas infusão de lúcia lima,Lipton,Embalagem de 30g,"1,14 €","114,00 €/Kg"
Cereais chocapic,Nestle,Embalagem de 630g,"5,07 €/Kg","5,07 €/Kg"
Bolacha de aveia e laranja sem glúten,Gullon,Embalagem de 180 g,"2,69 €","20,69 €/Kg"
Leite uht gordo,Agros,Embalagem de 1 litro,"1,19 €","1,19 €/L"
Recarga mopa,PorSi,1 unidade,"2,20 €","2,20 €/Unidade"
Papel Higiénico Puríssimo 3 Folhas,Renova,Embalagem c/ 12 rolos,"1,99 €","1,99 €/Unidade"
Iogurte activia natural,Danone,Embalagem de 4 x 120 g,"2,79 €","6,07 €/Kg"
Creme p/ Calçado Preto,Búfalo,Embalagem de 40 ml,"0,99 €","19,80 €/L"
Carte d'or cake romantica,Olá,Embalagem de 750 ml,"3,99 €","7,39 €/Kg"
Água com gás,Vimeiro,pack 6 x 0.25 l,"2,85 €","2,85 €/L"
Gelatina morango 8 kcal,PorSi,Embalagem de 4 x 100 g,"0,85 €","2,13 €/Kg"
Néctar de 8 frutos,Bongo,Garrafa de 1 l,"0,99 €","0,99 €/L"
"Creme protector contra assaduras, para bebé",Johnson's Baby,Embalagem de 100 ml,"0,55 €","5,50 €/L"
Bolacha cream cracker,Vieira,Embalagem de 200g,"0,39 €","3,12 €/Kg"
Rum carta blanca,Bacardi,Garrafa de 700 ml,"17,49 €","24,99 €/L"
Vinho branco regional península de setúbal,Lancers,Garrafa de 750 ml,"4,99 €","6,65 €/L"
Soja grossa,Cemporcent,Embalagem de 400g,"1,69 €","4,23 €/Kg"
Ração seca para gato adulto de peixe,PorSi,Embalagem 2 kg,"12,99 €","4,33 €/Kg"
"Fermento em pó, lata",Royal,Embalagem de 110g,"1,89 €","17,18 €/Kg"
Vitalday recheada duplo chocolate,Gullon,Embalagem de 200g,"2,15 €","2,87 €/Kg"
Vermute rosso,Martini,Garrafa de 1 l,"11,99 €","11,99 €/L"
Jogo da Forca + Jogo do Galo,Clementoni,1 unidade,"5,99 €","5,99 €/Unidade"
Perolas perfumadas floral,PorSi,Embalagem de 275 g,"31,99 €","31,99 €/Unidade"
Caracol com passas,*,90g,"0,99 €","11,00 €/Kg"
Massa cuscus,PorSi,Embalagem de 250g,"1,39 €","1,39 €/Kg"
Arroz integral,PorSi Viva Bem,Embalagem de 1 kg,"1,79 €","1,79 €/Kg"
"Limpa vidros pistola, tripla acção",Ajax,Embalagem de 500 ml,"3,19 €","6,38 €/L"
Bolachas cereais e pepitas de chocolate,PorSi,Embalagem de 400 g,"0,79 €","5,27 €/Kg"
Gel de Banho Corpo e Cabelo Hidratante,Baby Dove,Embalagem de 400 ml,"1,99 €","1,99 €/Unidade"
Iogurte Pedaços Amoras/Mirtilo,PorSi,Embalagem 2X135 g,"4,38 €","2,19 €/Kg"
Açúcar amarelo,PorSi,Embalagem de 1 kg,"1,49 €","1,49 €/Kg"
"Leite de limpeza, equilibrio, peles normais e secas",L'oreal,Embalagem de 200 ml,"0,76 €","0,76 €/Unidade"
Sopa económica de marisco,Knorr,Embalagem de 60g,"0,62 €","10,00 €/Kg"
1ª papa láctea multifrutos sem glúten +4 meses,Cerelac,Embalagem de 250g,"4,99 €","4,99 €/Kg"
Tempero em pó galinha,Knorr,Embalagem de 135g,"3,84 €","24,00 €/Kg"
Café em cápsulas  qonvictus,Delta Q,Embalagem de 55 g,"59,82 €/Kg","59,82 €/Kg"
Chupa original,Chupachups,Embalagem de 120g,"3,40 €","28,33 €/Kg"
Creme de fixação para dentaduras,Labell,Embalagem de 50 g,"7,39 €","105,57 €/Kg"
Spray anti-bolores,Cif,435 ml,"1,54 €","2,05 €/L"
Néctar de pera,PorSi,Pack 3 x 200 ml,"0,99 €","0,99 €/L"
Desinfetante álcool gel,PorSi,100 ml,"0,99 €","1,98 €/L"
Detergente Liquido Loiça Ultra Poder Limão,Fairy,Embalagem de 600 ml,"1,05 €","2,10 €/L"
Agrafador + 400 agrafos,Domédia,Uma embalagem,"2,19 €","109,50 €/L"
Milho doce,Bonduelle,Embalagem de 150 g,"2,19 €","2,81 €/Kg"
Iogurte líquido yoggi banana,Nestle,Embalagem de 4 x 160 g,"1,31 €","2,05 €/Kg"
"Alimento húmido para cão, galinha e cordeiro",Pedigree,Embalagem de 400g,"0,75 €","2,50 €/Kg"
Camarão moçambique 60/80,PorSi,800 g,"8,99 €","25,69 €/Kg"
Lambrusco rose,*,Garrafa de 750 ml,"2,09 €","2,79 €/L"
Travessa com naperon 45x36cm,PorSi,1 unidade,"0,54 €","0,54 €/Unidade"
"Paté de sarinha, atum e marisco",Fides,Embalagem de 90g,"1,19 €","13,52 €/Kg"
Vinho branco,PorSi,embalagem de  3X187 ml,"0,85 €/L","0,85 €/L"
6 chamucas de carne,PorSi,Embalagem de 240g,"2,99 €","9,97 €/Kg"
Limpa carpetes,PorSi,Embalagem de 1 litro,"2,49 €","2,49 €/L"
Pizza fresca de fiambre e queijo,PorSi,400 g,"0,99 €","4,30 €/Kg"
Massa fusilli tricolor,Milaneza,Embalagem de 500g,"1,39 €","1,39 €/Kg"
Mandioca,Legumes do Dia,1 un=500 gr (aprox.),"1,20 €","2,99 €/Kg"
Bebida energética green,Monster,Garrafa de 500 ml,"5,39 €","5,39 €/L"
Tofu biológico,PorSi Bio,Embalagem de 300g,"3,65 €","7,30 €/Kg"
Feijão manteiga,PorSi,Embalagem de 500g,"0,95 €","1,90 €/Kg"
Bolachas maria,Triunfo,Embalagem de 200g,"2,11 €/Kg","2,11 €/Kg"
Salmão de viveiro à posta,Peixe Fresco,1 un. = 300 g (aprox.),"1,60 €","7,99 €/Kg"
Salada bacon,PorSi,Embalagem de 192 g,"2,35 €","5,60 €/Kg"
Coca-cola light,Coca-Cola,Garrafa de 1 l,"0,40 €/L","0,40 €/L"
Vinho Vinha da Fonte Setúbal tinto,Casa Ermelinda Freitas,Garrafa de 0.75 l,"4,99 €","6,65 €/L"
"Rolos de cozinha compactos, branco, máxima absorção,...",Renova,1 unidade,"4,99 €","4,99 €/Unidade"
Farinha rainha c/ fermento,Nacional,Embalagem de 1000 g,"1,99 €","1,99 €/Kg"
Esponja limpa camurça,PorSi,1 unidade,"1,49 €","1,49 €/Unidade"
Ananás em rodelas,PorSi,Embalagem de 565 g,"1,99 €","2,37 €/Kg"
Detergente Líquido p/ Loiça Limão,Fairy,"Embalagem de 1,19 l","1,05 €","2,10 €/L"
Infusão de frutos vermelhos,Tetley,Embalagem de 20g,"1,19 €","59,50 €/Kg"
Fraldas agility T5 de 13 a 18 kg,PorSi,44 unidades,"6,49 €","6,49 €/Unidade"
Mini Tostas de Trigo,PorSi,Embalagem de 350 g,"2,39 €","6,83 €/Kg"
Escova de Dentes Júnior,Aquafresh,1 unidade,"3,19 €","3,19 €/Unidade"
Chá Aromatizado Pirâmide Baunilha/Caramelo,PorSi,20 x 2 g,"58,44 €/Kg","58,44 €/Kg"
Sombrinhas de Natal,Regina,Embalagem de 35 g,"2,29 €","17,62 €/Kg"
Lixivia perfumada,PorSi,Garrafa de 2 l,"1,74 €","0,35 €/L"
Batata frita ondulada wavy,PorSi,Embalagem de 180g,"1,01 €","5,46 €/Kg"
Copo AF. Principe 20Cl,Cristal,1 unidade,"1,49 €","1,49 €/Unidade"
Néctar pêssego,Compal,Pack 3 x 200 ml,"0,99 €","0,99 €/L"
Limpa máquinas de loiça limão,PorSi,Embalagem de 250 ml,"2,99 €","2,99 €/Unidade"
Queijinhos Babybel Mix,Babybel,Embalagem de 180g,"0,82 €","23,43 €/Kg"
Tostas multicereais sem glúten,PorSi Viva Bem,Embalagem de 140g,"2,69 €","20,69 €/Kg"
Vinho tinto regional tejo reserva,Alorna,Garrafa de 0.75 l,"4,99 €","6,65 €/L"
Fósforos compridos para lareira,Quinas,1 unidade,"1,50 €","1,50 €/Unidade"
Fermento,Royal,Embalagem de 230g,"1,89 €","17,18 €/Kg"
"Lava e encera, fresco flôr",Novycera,Embalagem de 500 ml,"2,49 €","2,49 €/L"
Bolacha maria doces,Vieira,Embalagem de 300g,"2,11 €/Kg","2,11 €/Kg"
Geleia de morango,Casa de Mateus,Embalagem de 345 g,"3,29 €","9,54 €/Kg"
Pasta dentífrica multi action branqueadora,Aquafresh,Embalagem de 75 ml,"2,39 €","31,87 €/L"
Café mistura peninsular,Delta,Embalagem de 250g,"1,64 €","6,56 €/Kg"
Gelatina pronta a comer tutti frutti,Royal,Embalagem de 4x100 g,"0,85 €","2,13 €/Kg"
Refrigerante sem gás laranja,Trina,"Garrafa de 1,5 l","1,14 €","0,76 €/L"
Pera Rocha 60/65,Programa Origens,1 un = 130 gr (aprox.),"1,69 €/Kg","1,69 €/Kg"
Champô 3 em 1 karpex,Vanish,950 ml,"1,54 €","2,05 €/L"
Fiambre da Pá,PorSi,1 un = 150 gr (aprox.),"0,97 €","6,49 €/Kg"
Leite condensado magro,PorSi,Embalagem de 390 g,"1,09 €","2,75 €/Kg"
8 hamburguers s/ glúten frango,Capitão Iglo,Embalagem de 480g,"11,44 €/Kg","11,44 €/Kg"
Vinagre de sidra pet,Paladin,Garrafa de 500 ml,"2,89 €","11,56 €/L"
Creme barrar nutela 350g,Nutella,Embalagem de 350G,"4,39 €","12,91 €/Kg"
Queijo Flamengo em Barra,Terra Nostra,1 un = 150 gr (aprox.),"1,96 €","9,80 €/Kg"
Pão de Forma Cerealia 14 Cereais e Sementes 0% Açúca...,Panrico,Embalagem de 440g,"0,99 €","1,65 €/Kg"
"Refrigerante sem gás, laranja",Joi,"Garrafa de 1,5 l","1,14 €","0,76 €/L"
Café com cafeina solúvel,Delta,Embalagem de 20g,"14,50 €/Kg","14,50 €/Kg"
10 saquetas chá yellow label,Lipton,Embalagem de 20g,"58,44 €/Kg","58,44 €/Kg"
Filetes de cavala em azeite,PorSi,Embalagem de 120 g,"0,89 €","7,42 €/Kg"
Bolachas bambolitos chocolate e leite,PorSi,Embalagem de 150g,"0,69 €","4,60 €/Kg"
Maionese,PorSi,Embalagem de 260 g,"0,87 €","2,90 €/Kg"
Néctar de laranja e cenoura light,PorSi,Embalagem de 1 litro,"0,84 €","2,55 €/L"
"Pasta dentífrica, tripla ação",Labell,Embalagem de 75 ml,"2,39 €","31,87 €/L"
15 Sacos de Lixo,Fino,Capacidade: 35L,"1,89 €","1,89 €/Unidade"
"Vinagre balsâmico, spray",Paladin,Garrafa de 250 ml,"2,89 €","11,56 €/L"
Ambientador vela odor animais,PorSi,1 unidade,"9,49 €","45,19 €/Kg"
Creme abrasivo original,Cif,Garrafa de 700 ml,"0,99 €","1,32 €/L"
Recarga difusor elétrico recarga citronela,Dum Dum,1 unidade,"7,69 €","7,69 €/Unidade"
Saqueta puré de fruta e bolacha,PorSi,Embalagem de 90g,"0,74 €","8,22 €/Kg"
Halls Vitamina C Melancia,Halls,Embalagem de 33g,"1,69 €","16,90 €/Kg"
Manteiga de amendoim cremosa,Prozis,Embalagem de 500g,"4,39 €","12,91 €/Kg"
Leite Bem Essencial cereais,Mimosa,Embalagem de 4 x 200 ml,"1,99 €","2,49 €/L"
Cerveja super bock,Super Bock,Pack 6 x 200 ml,"1,99 €/L","1,99 €/L"
Pedaços de tamboril,PorSi,Embalagem de 500G,"3,99 €","9,98 €/Kg"
Pensos com Abas de Noite,Ausonia,embalagem com 9 un.,"4,99 €","4,99 €/Unidade"
Ambientador para carro recarga for her,Ambipur,1 unidade,"1,99 €","1,99 €/Unidade"
"Escova dentes, proteção global suave, 2 unidades",Labell,1 embalagem,"3,19 €","3,19 €/Unidade"
Óleo Gasolina 20w40,PorSi,Embalagem de 5 l,"14,99 €","14,99 €/L"
Café lote bocage moagem única,Nicola,Embalagem de 250g,"9,16 €/Kg","9,16 €/Kg"
Papel higiénico branco 2 folhas,PorSi,48 rolos,"1,99 €","1,99 €/Unidade"
Água mineral sem gás,Vitalis,Pack 6 x 1.5 l,"1,04 €","0,17 €/L"
Iogurte de morango sem lactose,PorSi Viva Bem,4 x 125 g,"1,87 €","1,25 €/Kg"
Iogurte pedaços frutos vermelhos,PorSi,Embalagem de 8 x 125 g,"4,38 €","2,19 €/Kg"
Cogumelos fatiados,PorSi,Embalagem de 400g,"1,98 €","1,98 €/Kg"
Ameijoa Branca Grande,Marisco Fresco,1 un = 250 g (aprox.),"2,00 €","7,99 €/Kg"
Bambolitos pretos,PorSi,Embalagem de 150g,"0,69 €","4,60 €/Kg"
Café descafeinado,PorSi,Embalagem de 250g,"1,59 €","6,36 €/Kg"
Bebida de Soja Chocolate,PorSi Viva Bem,Pack: 3 x 200 ml,"1,49 €","1,49 €/L"
Ice tea de manga,PorSi,"Embalagem de 6x0,20 l","1,14 €","0,76 €/L"
Bolachas com duplo creme,Oreo,Embalagem de 190g,"1,49 €","9,68 €/Kg"
Uva Preta,Fruta do Dia,Vendido a partir de 250 gr,"0,75 €","2,99 €/Kg"
Puré de maçã sem adição açúcar,PorSi,700 g,"0,74 €","8,22 €/Kg"
Bolachas Maria sem Açúcar,Vieira de Castro,Embalagem de 300 g,"2,11 €/Kg","2,11 €/Kg"
Tablete chocolate de leite,PorSi,embalagem de 100 g,"5,30 €/Kg","5,30 €/Kg"
"Líquido para ferro de engomar, rosas",PorSi,Embalagem de 2 l,"1,69 €","1,69 €/L"
Leite com chocolate light,Ucal,Embalagem de 6 x 250 ml,"0,26 €","1,30 €/L"
30 douradinhos,Capitão Iglo,Embalagem de 840g,"3,99 €","9,98 €/Kg"
Leite seleccionado meio gordo,Matinal,Garrafa de 1 l,"0,83 €","0,83 €/L"
Vinho regional península de setúbal,Dom Campos,Garrafa de 0.75 l,"4,99 €","6,65 €/L"
Snack dentastix grande,Pedigree,Embalagem de 270 g,"1,09 €","6,06 €/Kg"
"Espuma de cabelo, volume xxl",Fru style,Embalagem de 200 ml,"4,19 €","16,76 €/L"
Molho tomate com azeitonas,PorSi,Frasco de 420g,"0,87 €","2,90 €/Kg"
Alho picado,PorSi,Embalagem de 100 g,"3,29 €","4,39 €/Kg"
Descafeinado,Buondi,10 cápsulas,"1,59 €","6,36 €/Kg"
Morcela assar fundao,PorSi,Embalagem de 250g,"1,49 €","7,45 €/Kg"
Depilatório homem gel,Veet,Garrafa de 200 ml,"3,29 €","3,29 €/Unidade"
Caderno Agrafado Capa Preta |A4 Pautado,Domédia,1 unidade,"2,49 €","2,49 €/Unidade"
Ervilhas bio,PorSi Bio,Frasco com 290 g,"3,65 €","7,30 €/Kg"
Snacks croc.amendoim,PorSi,Embalagem de 90g,"0,79 €","7,90 €/Kg"
Queijo creme de camembert,Président,embalagem de 125 g,"1,45 €","7,25 €/Kg"
6 Preservativos Adapta Nature,Control,,"4,49 €","4,49 €/Unidade"
Sumo 100% laranja,Compal,1 litro,"1,09 €","0,73 €/L"
Néctar vital equilibrio manga/maracujá,Compal,Embalagem de 1 l,"0,84 €","2,55 €/L"
Manteiga s/ lactose,Primor,Embalagem de 130g,"8,56 €/Kg","8,56 €/Kg"
Spray power&shine multiusos c/ lixívia,Cif,Garrafa de 750 ml,"0,79 €","0,79 €/L"
Areia para gatos 100% natural,PorSi,Embalagem de 5 kg,"1,19 €","0,24 €/Kg"
Leite condensado,PorSi,Embalagem de 397 g,"1,09 €","2,75 €/Kg"
Champô anti-caspa,Labell,Embalagem de 400 ml,"5,59 €","13,98 €/L"
Legumes grelhados,PorSi,Embalagem de 750g,"1,98 €","1,98 €/Kg"
Pudim de chocolate,PorSi,Embalagem de 110g,"0,59 €","29,50 €/Kg"
Ração para gato bolas de pelo com frango,Friskies,"Embalagem de 1,5kg","12,99 €","4,33 €/Kg"
Lulas recheadas,Piteu,Embalagem de 120g,"0,89 €","7,42 €/Kg"
Farinha para pão integral,Nacional,Embalagem de 1 kg,"1,99 €","1,99 €/Kg"
Bolachas cracker sem sal,PorSi,Embalagem de 500g,"0,39 €","3,12 €/Kg"
Cerveja com álcool,Sagres,pack 24 x 0.25 l,"1,99 €/L","1,99 €/L"
Dispensador com sacos higiénicos para animal,Canaillou,2 x 20 unidades,"1,19 €","0,24 €/Kg"
Laranja Económica,Fruta do Dia,1 un = 250 gr  (aprox.),"0,37 €","1,49 €/Kg"
Ice tea de pêssego,PorSi,"Embalagem de 1,5 l","1,14 €","0,76 €/L"
Leite uht meio gordo,Agros,Embalagem 1L,"0,83 €","0,83 €/L"
"Coloração permanente, preto natural, nº3",Excellence,1 unidade,"9,49 €/Unidade","9,49 €/Unidade"
Atum posta em óleo vegetal,PorSi,Embalagem de 385g,"0,89 €","7,42 €/Kg"
Clementinas,Fruta do Dia,1 un = 100 gr (aprox.),"0,37 €","1,49 €/Kg"
Isoflavonas soja (cápsulas),Forma+,Embalagem de 26g,"6,89 €","45,93 €/Kg"
Tónico de limpeza age perfect,L'oreal,Embalagem de 200 ml,"0,76 €","0,76 €/Unidade"
Choco limpo ind vc 0.32kg-brasmar,Brasmar,Embalagem de 320g,"8,99 €","11,24 €/Kg"
Ananás pedaços em calda,PorSi,Embalagem de 565g,"1,99 €","2,37 €/Kg"
Manteiga com sal,Mimosa,Embalagem de 130g,"8,56 €/Kg","8,56 €/Kg"
Cápsulas de café qharacter,Delta Q,Embalagem de 60g,"59,82 €/Kg","59,82 €/Kg"
Vinho do Porto 10 anos,Cruz,"Garrafa de 0,75L c/ Caixa de Madeira","10,99 €","14,65 €/L"
Pensos de incontinência Maxi,Ausonia,Uma embalagem - 12Unidades,"1,95 €","1,95 €/Unidade"
Pensos Higiénicos Cottonlike com Abas Normal Plus,Evax,28 unidades,"4,99 €","4,99 €/Unidade"
Borracha para lápis e tinta,Domédia,1 unidade,"2,99 €","2,99 €/Unidade"
Pudim caramelo,PorSi,Embalagem de 90g,"0,59 €","29,50 €/Kg"
Spray limpeza casa de banho optimal 7,Ajax,Embalagem de 500 ml,"3,99 €","7,98 €/L"
Salmão à posta,PorSi,Higienizado Congelado,"4,20 €","11,99 €/Kg"
Leite evaporado,PorSi,Embalagem de 410g,"1,09 €","2,75 €/Kg"
Refrigerante com gás free,Seven-up,"Garrafa de 1,25 l","0,40 €/L","0,40 €/L"
Sardinhas em óleo picante,Ramirez,Embalagem de 130g,"0,89 €","7,42 €/Kg"
Artroflex (solúvel),Forma+,Embalagem de 50g,"6,89 €","45,93 €/Kg"
"Creme depilatório para duche, peles sensiveis",Veet,Garrafa de 150 ml,"2,99 €","14,95 €/L"
Cerveja branca,Super Bock,pack 30 x 0.20 l,"1,99 €/L","1,99 €/L"
"Ice tea, pêssego",PorSi,"Embalagem de 6x0,20 l","1,14 €","0,76 €/L"
Açafrão das Índias,PorSi,Embalagem de 50g,"0,25 €","0,25 €/Kg"
Molho cervejeira 8 cubos,Knorr,Embalagem de 70g,"3,84 €","24,00 €/Kg"
Pudim flan,El mandari,Embalagem de 10g,"0,59 €","29,50 €/Kg"
vinho do Porto Ruby,Velhotes,"garrafa de 0,75 l","5,99 €","7,99 €/L"
"Bombons de chocolate, praleine",Schogetten,Embalagem de 100g,"5,30 €/Kg","5,30 €/Kg"
Bolacha integral doce,Vieira,Embalagem de 180g,"1,49 €","2,48 €/Kg"
Vinho bag-in-box tinto,C.alqueva,Garrafa de 5 l,"9,49 €","1,90 €/L"
Leite uht meio gordo,Mimosa,Embalagem de 1 litro,"0,83 €","0,83 €/L"
"Bloco sanitário power 5, lime",Domestos,Embalagem de 1 unidades,"2,99 €","74,75 €/Kg"
Desinfetante de frutas e vegetais,Clean Essence,500 ml,"1,75 €","6,99 €/Kg"
Luvas extra sensation médio/grande,Vileda,1 unidade,"0,69 €","0,69 €/Unidade"
Insecticida recarga,Biokill,Embalagem de 375 ml,"4,49 €","11,97 €/L"
Banana da  Madeira,Fruta do Dia,1 un= 200 gr (aprox.),"0,58 €","2,89 €/Kg"
8 salsichas aves,Izidoro,Embalagem de 200g,"0,75 €","3,75 €/Kg"
Xarope de groselha,Xarão,Garrafa de 1 l,"4,89 €","6,61 €/L"
Iogurte sabor a coco,PorSi,Embalagem de 4 x 125 g,"1,87 €","1,25 €/Kg"
Gel de banho creme oil pearls,Nivea,Embalagem de 500 ml,"6,99 €","9,32 €/L"
Levedura de cerveja,Cemporcent,Embalagem de 150g,"3,39 €","22,60 €/Kg"
Batata pré-frita palito,PorSi,Embalagem de 1 kg,"2,48 €/Kg","2,48 €/Kg"
"Detergente para máquina de loiça, gel, tudo em 1 reg...",Sun,Embalagem de 45 doses,"2,99 €","2,99 €/Unidade"
Queijo flamengo fatiado light,Paiva,Embalagem de 180g,"1,96 €","9,80 €/Kg"
Queijo brie 60% mg,Páturages,Embalagem de 200 g,"1,45 €","7,25 €/Kg"
Leite UHT Meio Gordo,PorSi,Embalagem de 200 ml,"0,83 €","0,83 €/L"
Tostas suecas integrais,PorSi,Embalagem de 225 g,"2,39 €","6,83 €/Kg"
Iogurte arôma de frutos vermelhos,PorSi,Embalagem de 8x125 g,"1,87 €","1,25 €/Kg"
Sobremesa gelatina de morango,PorSi,Embalagem 4X100G,"0,85 €","2,13 €/Kg"
Bagas de cranberry,Cemporcent,Embalagem de 125 g,"0,79 €","3,95 €/Kg"
Algodão zig zag pré-cortado,PorSi,Embalagem de 100 g,"1,69 €","1,69 €/Unidade"
Bolachas crackers com sal,PorSi,Embalagem de 500g,"0,39 €","3,12 €/Kg"
Desentupidor express gel elimina odores,Destop,1 litro,"4,44 €","5,92 €/L"
Vinho doc alentejo tinto,Albarrada,Garrafa de 750 ml,"2,89 €","3,85 €/L"
Cola apanha ratos,Neolar,Embalagem de 200 ml,"4,49 €","11,97 €/L"
Patê frango,La piara,Embalagem de 80g,"1,19 €","13,52 €/Kg"
Mignonnettes Moir de Noir,Cote D'or,Embalagem de 240 g,"0,99 €","4,95 €/Kg"
Iogurte Activia Fibras Aveia & Frutos Secos,Danone,Embalagem 4x115g,"2,79 €","6,07 €/Kg"
Lava Tudo Perfumado Lavanda,PorSi,Embalagem de 2 l,"0,99 €","0,50 €/L"
Tablete de chocolate preto,Nestle,Embalagem de 130g,"0,99 €","4,95 €/Kg"
"Pensos higiénicos ultra teeny abas, 14 unidades",Labell,1 embalagem,"4,99 €","4,99 €/Unidade"
Iogurte grego natural açucarado sem lactose,PorSi Viva Bem,Embalagem de 240g,"0,99 €","1,98 €/Kg"
Cola Especial Plásticos,Pattex,Embalagem de 30 g,"2,99 €","99,67 €/Kg"
Creme vitalift 5,Men expert,Embalagem de 50 ml,"5,99 €","14,98 €/L"
Lava Tudo Gel Max Power Flores de Limoeiro,Ajax,Embalagem de 750 ml,"0,99 €","0,50 €/L"
Nutella,Nutella,Embalagem de 700g,"4,39 €","12,91 €/Kg"
Néctar de laranja,Bongo,Garrafa de 1 l,"0,99 €","0,99 €/L"
Esparguete,PorSi,Embalagem de 1 kg,"1,39 €","1,39 €/Kg"
Corantes alimentares ducros,Vahine,Garrafa de 20 ml,"1,89 €","17,18 €/Kg"
Liegeois de chocolate,Milchfrisc,Embalagem de 200g,"0,55 €","2,75 €/Kg"
Iogurte vidro pedaços morango,PorSi,Embalagem de 2 x 135 g,"1,49 €","2,98 €/Kg"
Dessert topping chocolate,Winsenia,Embalagem de 300g,"1,29 €","3,23 €/Kg"
Trinca de arroz,PorSi,Embalagem de 5 kg,"10,49 €","2,62 €/Kg"
Azeite virgem delicado,Gallo,Garrafa de 750 ml,"3,29 €","4,39 €/L"
"12 lápis de cor, 18cm",Domédia,Uma embalagem,"3,19 €","3,19 €/Unidade"
Aditivo em pó oxi roupa branca,Vanish,Embalagem de 420 g,"7,99 €","19,02 €/Kg"
Lixívia Tradicional,Neoblanc,Embalagem de 4 l,"1,74 €","0,35 €/L"
Areia para gato aglomerante,PorSi,Embalagem de 5 litros,"1,19 €","0,24 €/Kg"
Polpa de tomate em garrafa,Compal,Embalagem de 1 kg,"3,84 €","24,00 €/Kg"
Polpa de cebola e alho,PorSi,Embalagem de 500 g,"3,84 €","24,00 €/Kg"
Iogurte líquido pinacolada corpos danone,Danone,Embalagem de 4 x 155 g,"1,31 €","2,05 €/Kg"
Bolachas cacau com cereais e pepitas de chocolate,PorSi,Embalagem de 400 g,"0,79 €","5,27 €/Kg"
Red Fish,Peixe Congelado,300 a 500 g,"3,99 €/Kg","3,99 €/Kg"
Rebuçados peitorais,Dr.bayard,Embalagem de 100g,"1,69 €","16,90 €/Kg"
Pudim flan,PorSi,Embalagem de 4 x 5.6 g,"0,59 €","29,50 €/Kg"
Gomas beijinhos,PorSi,Embalagem de 300 g,"1,19 €","3,97 €/Kg"
Toalha em rolo papel azul,PorSi,1 Unidade,"3,45 €","3,45 €/Unidade"
Limpa placa de vitrocerâmica,Kh 7,Embalagem de 750 ml,"1,79 €","2,39 €/L"
Spray fornos e grelhadores,Cif,435 ml,"1,54 €","2,05 €/L"
Vinho tinto regional peninsula de setúbal,Fonte nico,Garrafa de 750 ml,"4,99 €","6,65 €/L"
Vinho do porto special reserve,V.alegre,Garrafa de 750 ml,"10,99 €","14,65 €/L"
Miolo berbigão,PorSi,Embalagem de 250g,"3,99 €","9,98 €/Kg"
Iogurte oikos pêssego,Danone,Embalagem de 4 x 110g,"1,49 €","2,98 €/Kg"
Bife de Frango,Frango,Vendido ao peso a partir de 1 kg,"1,05 €","2,99 €/Kg"
Iogurte morango 000%,PorSi Viva Bem,Embalagem de 4 x 125 g,"4,38 €","2,19 €/Kg"
Gogo SqueeZ Snack Maçã,Gogo,Embalagem de 90g,"2,29 €","6,94 €/L"
"Tiras limpa poros faciais, 6unidades",Labell,1 embalagem,"0,76 €","0,76 €/Unidade"
Queijo azul,PorSi,100 g,"1,89 €","18,90 €/Kg"
Repelente Anti Mosquito Spray,Mercurochrome,Embalagem 100 ml,"0,58 €","0,58 €/Unidade"
Aroma baunilha,Vahine,Embalagem de 20g,"1,89 €","17,18 €/Kg"
Bebida de coco com arroz,PorSi Viva Bem,1 litro,"1,49 €","1,49 €/L"
Recarga Esfregona de Microfibras,PorSi,1 unidade,"0,89 €","0,89 €/Unidade"
Pilhas Alcalinas AAA Optimum,Duracell,Blister 4 Pilhas,"1,49 €","1,49 €/Unidade"
"Penso Higiénico Ultra Normal Plus, 12unidades",Carefree,Uma embalagem,"4,99 €","4,99 €/Unidade"
"Desmaquilhante de rosto in-shower, peles sensiveis",Nivea,Embalagem de 150 ml,"0,76 €","0,76 €/Unidade"
Oikos morango 110g x4,Danone,Embalagem de 440g,"1,49 €","2,98 €/Kg"
Doce pessego 284g,ST.DALFOUR,Frasco de 284g,"2,19 €","9,95 €/Kg"
"Guardanapos brancos, 33x33cm, 2 folhas, 90 unidades",Renova,Uma embalagem,"1,29 €","1,29 €/Unidade"
Choco flakes,Cuetara,Embalagem de 500g,"5,07 €/Kg","5,07 €/Kg"
Vinho frisante tinto,Aldeia sol,Garrafa de 750 ml,"2,29 €","3,05 €/L"
Arroz agulha Europa,PorSi,Embalagem de 1 kg,"0,99 €/Kg","0,99 €/Kg"
"Coloração permanente, vermelho ousado nº5.62",Nutrisse,1 unidade,"9,49 €/Unidade","9,49 €/Unidade"
Pescada 3 Chile,Peixe Congelado,1 un= 1 kg (aprox.),"3,99 €/Kg","3,99 €/Kg"
Água s/ gás,Luso,Pack 6 x 1.5 l,"1,04 €","0,17 €/L"
Néctar 8 frutos,Bongo,Pack 6 x 200 ml,"0,99 €","0,99 €/L"
Rebuçados mentho-lyus sem açúcar,Halls,Embalagem de 31 g,"1,69 €","16,90 €/Kg"
Especialidade de soja chocolate,PorSi Viva Bem,Embalagem de 4 x 100 g,"1,19 €","2,98 €/Kg"
"Fitness granola chocolate, amêndoas e quinoa com 51%...",Nestle,Embalagem de 300 g,"3,79 €","29,38 €/Kg"
Biscoitos integrais aveia e manteiga de amendoim,PorSi Viva Bem,Embalagem de 150g,"0,69 €","3,45 €/Kg"
Caderno A4 Agrafado Quadriculado,Firmo,1 un.,"2,49 €","2,49 €/Unidade"
Alface Frisada,*,1 un= 400 g (aprox.),"1,00 €","2,49 €/Kg"
"Sumo 100%, tutti-frutti",PorSi,"Embalagem de 1,5 l","1,09 €","0,73 €/L"
Manteiga magra,Matinal,Embalagem de 250g,"8,56 €/Kg","8,56 €/Kg"
Dentifríco anti-tártaro + branqueador,Colgate,Embalagem de 75 ml,"2,39 €","31,87 €/L"
Pensos Incontinência Mulher Discreet Normal,Tena,Embalagem com 24 unidades,"1,95 €","1,95 €/Unidade"
Asas de Frango,*,1 un = 100 gr (aprox.),"1,05 €","2,99 €/Kg"
Lambrusco tinto,*,Garrafa de 750 ml,"2,09 €","2,79 €/L"
Fiambre da Pá,Salsicharia Limiana,1 un = 150 gr (aprox.),"0,97 €","6,49 €/Kg"
Ventre liso (solúvel),Forma+,Embalagem de 50g,"6,89 €","45,93 €/Kg"
Cera de depilação profissional,Veet,Garrafa de 300 ml,"6,99 €","6,99 €/Unidade"
Cacau magro em pó,PorSi,Embalagem de 125 g,"1,04 €","8,32 €/Kg"
Delta solúvel intenso,Delta,Embalagem de 200g,"14,50 €/Kg","14,50 €/Kg"
Forma de papel para bolos 6. 8cm,PorSi,Embalagem com 60 unidades,"0,54 €","0,54 €/Unidade"
Lancheira Happiness,Firmo,1 unidade,"19,90 €","19,90 €/Unidade"
Manteiga com sal e sem lactose,Mimosa,Embalagem de 250g,"0,99 €","1,98 €/Kg"
Água c/ gás limão,Frize,pack 4 x 0.25 l,"2,85 €","2,85 €/L"
Iogurte aroma de banana,PorSi,Embalagem de 4x125g,"1,87 €","1,25 €/Kg"
Bolacha tosta rica choco guay,Cuetara,Embalagem de 170g,"1,89 €","15,75 €/Kg"
Paio das beiras,PorSi,Embalagem de 380g,"2,59 €","12,95 €/Kg"
Sardinhas,PorSi,embalagem com 1 kg,"3,99 €","9,98 €/Kg"
Tablete de chocolate leite c/ avelãs,Milka,Embalagem de 270g,"4,09 €","14,82 €/Kg"
Anticongelante vermelho 20%,PorSi,Embalagem de 1 l,"3,49 €","13,96 €/L"
Mimosa bem especial leite e amêndoa,Mimosa,Embalagem de 1 litro,"0,99 €","0,99 €/L"
Cerveja super bock stout,Super Bock,Garrafa de 330 ml,"1,99 €/L","1,99 €/L"
Creme vegetal culinário,Vaqueiro,Embalagem de 250 g,"2,89 €","2,89 €/Kg"
Guardanapos | Dim.: 30 x 33 cm,PorSi,Embalagem com 20 unidades,"1,29 €","1,29 €/Unidade"
Alecrim em folhas,PorSi,Embalagem de 25g,"0,25 €","0,25 €/Kg"
"Queijo fresco, grande",PorSi,Embalagem de 250 g,"2,44 €","11,30 €/Kg"
Iogurte de morango sem lactose,PorSi Viva Bem,4 x 125 g,"0,99 €","1,98 €/Kg"
Gelatina ananás 10kcal,Royal,Embalagem de 30g,"0,55 €","61,11 €/Kg"
Ambientador tealights baunilha,PorSi,embalagem com 18 unidades,"9,49 €","45,19 €/Kg"
Azeite virgem extra clássico,Gallo,Garrafa de 250 ml,"3,29 €","4,39 €/L"
Recarga  para esfregona tiras,PorSi,1 unidade,"0,89 €","0,89 €/Unidade"
Leite UHT Meio Gordo,PorSi,1 l,"0,83 €","0,83 €/L"
Desodorizante roll-on invisible,Rexona,Embalagem de 50 ml,"50,80 €/L","50,80 €/L"
Ambientador gel lavanda,PorSi,150 g,"16,63 €/L","16,63 €/L"
Pudim caseiro de laranja,Royal,Embalagem de 200g,"0,59 €","29,50 €/Kg"
Vinho frisante rosé,Lapadas,Garrafa de 750 ml,"2,29 €","3,05 €/L"
Acendalha Querosene,Quinas,Uma embalagem - 32Unidades,"0,75 €","0,75 €/Unidade"
Sopa de rabo de boi,Knorr,Embalagem de 70g,"0,62 €","10,00 €/Kg"
Gelo em cubos,PorSi,Embalagem de 2 kg,"1,00 €","0,50 €/Kg"
Inseticida ajustável eléctrico líquido anti melgas e...,Raid,60 noites,"7,69 €","7,69 €/Unidade"
Paté Fígado Porco c/ Cogumelos,PorSi,75 g,"0,85 €","11,33 €/Kg"
Vinho tinto alentejo,Loios,Garrafa de 750 ml,"2,89 €","3,85 €/L"
Croutons com azeite,PorSi,Embalagem de 150g,"2,39 €","6,83 €/Kg"
15 panadinhos de peixe,PorSi,Embalagem de 450 g,"3,99 €","9,98 €/Kg"
Marmelada,PorSi,Embalagem de 450g,"1,09 €","2,42 €/Kg"
Biscoitos integrais aveia e cacau,PorSi Viva Bem,Embalagem de 150g,"1,20 €","3,90 €/Kg"
Gel wc anticalcário sem lixívia,PorSi,"Garrafa de 1,5 l","2,79 €","3,99 €/L"
Azeite virgem extra dop trás-os-montes,PorSi Select,Embalagem 750 ml,"3,29 €","4,39 €/L"
"Vela em número, nº 6",PorSi,1 unidade,"0,60 €","0,60 €/Unidade"
5 manhãzitos choco chips,Manhazitos,Embalagem de 175 g,"7,40 €/Kg","7,40 €/Kg"
Cápsulas de café delta qualidus,Delta Q,Embalagem de 60g,"59,82 €/Kg","59,82 €/Kg"
Mistura para exóticos,Canto Alegre,Embalagem de 1K,"2,49 €","2,49 €/Kg"
Lava Tudo Amoniacal,Sonasol,"Garrafa de 1,3 l","0,99 €","0,50 €/L"
Vinho regional alentejano bag-in-box branco,Galitos,Garrafa de 5 l,"5,19 €","1,04 €/L"
Lápis de cor 18 cm,Domédia,embalagem com 18 unidades,"3,19 €","3,19 €/Unidade"
Molho de maionese com alho e ervas,PorSi,Garrafa de 120 ml,"0,87 €","2,90 €/Kg"
"Escova de dentes macia, 7-13 anos",Labell,1 unidade,"0,79 €","0,79 €/Unidade"
Tablete de chocolate leite,Schogetten,Embalagem de 100g,"5,30 €/Kg","5,30 €/Kg"
Pastilhas fire canela,CHICLETS,Embalagem de 16 g,"0,89 €","59,33 €/Kg"
Sementes de girassol,Cemporcent,Embalagem de 150 G,"1,89 €","3,78 €/Kg"
Chupas Party Mix,PorSi,150 g,"3,40 €","28,33 €/Kg"
Tira gorduras dia a dia,Mistolin,Garrafa de 750 ml,"1,79 €","2,39 €/L"
Tostas integrais,PorSi,Embalagem de 225g,"2,39 €","6,83 €/Kg"
Levedura de cerveja,Forma+,Embalagem de 44g,"6,89 €","45,93 €/Kg"
Recarga rolo tira pelos,PorSi,1 unidade,"0,89 €","0,89 €/Unidade"
Bolacha cream cracker,Cuetara,Embalagem de 200g,"0,39 €","3,12 €/Kg"
Nestum aveia e maçã,Nestum,Embalagem de 250g,"3,29 €","4,39 €/Kg"
Crepe chocolate,PorSi,Embalagem de 540g,"3,99 €","7,39 €/Kg"
Café Moagem Universal Honduras,PorSi,Embalagem de 220g,"9,16 €/Kg","9,16 €/Kg"
Buondi extreme cafe moido 12x200g,Buondi,Embalagem de 200g,"11,16 €/Kg","11,16 €/Kg"
Feijoada transmontana,Nobre,Embalagem de 420g,"2,35 €","5,60 €/Kg"
Morangos 100% Naturais,PorSi,Embalagem de 750 g,"3,29 €","4,39 €/Kg"
Descafeinado em cápsulas Pianíssimo 10x5g,PorSi Select,Embalagem de 50g,"1,59 €","6,36 €/Kg"
Favas ultracongeladas,PorSi,Embalagem de 400g,"1,98 €","1,98 €/Kg"
Toalhitas Bebé Nature,PorSi,64 unidades,"1,09 €/Unidade","1,09 €/Unidade"
Bolachas com recheio de chocolate,PorSi,Embalagem de 3 x 250 g,"2,15 €","2,87 €/Kg"
Nestum flocos de cereais integrais,Nestum,Embalagem de 250g,"3,29 €","4,39 €/Kg"
Porto special reserva,Cruz,"garrafa de 0,75 l","10,99 €","14,65 €/L"
Creme de amendoim cremoso 340g,Skippy,Embalagem de 340g,"4,39 €","12,91 €/Kg"
Cereais nesquik,Nestle,Embalagem de 625g,"5,07 €/Kg","5,07 €/Kg"
Vela com número 4,PorSi,1 unidade,"0,60 €","0,60 €/Unidade"
Sacos do Lixo Ecobag 50 L,Vileda,Embalagem c/ 10 un.,"1,89 €","1,89 €/Unidade"
Iogurte pedaços frutas variadas,PorSi,Embalagem de 16 x 125 g,"4,38 €","2,19 €/Kg"
Azeite virgem extra dop moura,PorSi Select,Embalagem de 0.75L,"3,29 €","4,39 €/L"
Mistura sol sem café granulado,PorSi,Embalagem de 200g,"1,64 €","6,56 €/Kg"
Licor Limoncello,Vila Massa,"Embalagem de 0,50 l","7,49 €","10,70 €/L"
Detergente liquido para máquina de lavar roupa activ...,Skip,Embalagem de 80 doses,"31,99 €","31,99 €/Unidade"
Mortadela mini,PorSi,Embalagem de 350g,"0,85 €","11,33 €/Kg"
After Shave Bálsamo Sensitive Cool,Nivea Men,Embalagem de 100 ml,"1,16 €","4,64 €/L"
Amaciador Concentrado Creations Flor Lótus Lima,Comfort,80 doses,"3,74 €","0,96 €/L"
Bolacha digestiva de aveia/chocolate,Gullon,Embalagem de 430g,"1,49 €","2,48 €/Kg"
Queijo Flamengo Fatias,PorSi,Embalagem 500G,"1,96 €","9,80 €/Kg"
Achocolatado em pó extra chocolate,Nesquik,Embalagem de 390g,"5,39 €","7,19 €/Kg"
Nata uht para bater,Gresso,Garrafa de 200 ml,"0,75 €","3,75 €/L"
"Caixa com saquetas de  pau de canela, 30 unidades",PorSi,Embalagem 90G,"0,25 €","0,25 €/Kg"
Refeição caseira almôndegas,Nobre,Embalagem de 420g,"2,35 €","5,60 €/Kg"
Asas,Peru,1 un = 500 gr (aprox.),"1,05 €","2,99 €/Kg"
Acetona,PorSi,Embalagem de 200 ml,"1,89 €","9,45 €/L"
Pack de 3 embalagens de polpa de tomate,Compal,Embalagem de 630g,"3,84 €","24,00 €/Kg"
Café c/ cafeína intenso,Nescafe,Embalagem de 100g,"14,50 €/Kg","14,50 €/Kg"
"Gel banho, nutritivo",Lactovit,Embalagem de 650 ml,"6,99 €","9,32 €/L"
Néctar de laranja e cenoura light,PorSi,Embalagem de 3 x 200 ml,"0,84 €","2,55 €/L"
Tomate em pedaços,PorSi,Embalagem de 390g,"2,19 €","2,81 €/Kg"
Escova plástica (cores sortidas),PorSi,1 unidade,"0,89 €","0,89 €/Unidade"
Loção tónica para pele seca,Labell,Embalagem de 250 ml,"0,76 €","0,76 €/Unidade"
Alheira de mirandela,PorSi Select,Embalagem de 200 g,"1,49 €","7,45 €/Kg"
Tablete de chocolate oreo,Milka,Embalagem de 300g,"5,30 €/Kg","5,30 €/Kg"
Piripiri grão,PorSi,Saqueta de 20 g,"0,25 €","0,25 €/Kg"
Royal gelatin,Royal,Embalagem de 400g,"0,85 €","2,13 €/Kg"
"Bolachas relieve, mel e coco",PorSi,Embalagem de 700g,"2,82 €","9,40 €/Kg"
Queijo fundido vaca que ri palitos light 140g,A Vaca Que Ri,Embalagem de 140g,"2,39 €","19,92 €/Kg"
Vinho branco alentejo,Loios,Garrafa de 750 ml,"2,89 €","3,85 €/L"
Whisky 15 anos c/caixa,J&B,Garrafa de 700 ml,"32,99 €","47,13 €/L"
Cuecas Incontinência Unisexo Pants Super M,Tena,Unidade,"18,65 €","18,65 €/Unidade"
Chiclets morango 16.8g,CHICLETS,Embalagem de 20g,"0,89 €","59,33 €/Kg"
Massa bagos,PorSi,Embalagem de 250g,"1,39 €","1,39 €/Kg"
Bolacha dibus mini angry birds,Gullon,Embalagem de 250g,"1,89 €","15,75 €/Kg"
Pudim de chocolate,Boca Doce,Embalagem de 20g,"0,59 €","29,50 €/Kg"
Flocos cereais chocolate,PorSi,Embalagem de 300g,"3,29 €","4,39 €/Kg"
Rebuçados drops recheio de fruta,PorSi,Embalagem de 250g,"1,08 €","5,40 €/Kg"
"Abs odores lavanda, pack 2x150g",Glade,Embalagem de 2x150 g,"16,63 €/L","16,63 €/L"
15 douradinhos,Capitão Iglo,Embalagem de 420g,"2,99 €","9,97 €/Kg"
20 saquetas chá de frutos silvestres,Lipton,Embalagem de 30g,"1,19 €","59,50 €/Kg"
Moscatel de setúbal,Pioneiro,Garrafa de 750 ml,"7,49 €","10,70 €/L"
"Gel para o cabelo, wet shine",Fru style,Embalagem de 200 ml,"4,19 €","16,76 €/L"
Ambientador aerosol pure flor de cerejeira,Air Wick,Garrafa de 250 ml,"0,99 €","3,30 €/L"
Detergente manual de roupa,Omo,Embalagem de 540g,"2,38 €","4,67 €/Kg"
Ambientador wood oceano,Aroma Car,Embalagem de 4 ml + 2 ml grátis,"1,99 €","1,99 €/Unidade"
Champô Hidratante,Baby Dove,Embalagem de 400 ml,"1,99 €","1,99 €/Unidade"
Danacol natural,Danone,Embalagem de 6 x 100 g,"3,99 €","6,65 €/Kg"
Leite 0% lactose meio gordo,Mimosa,Embalagem de 200 ml,"0,99 €","0,99 €/L"
Bolachas água e sal doces,Vieira,Embalagem de 170g,"1,49 €","2,48 €/Kg"
Vinho do Porto Tawny,Velhotes,"garrafa de 0,75 l","6,29 €","8,39 €/L"
Sal marinho grosso,Vatel,Embalagem de 1 kg,"0,25 €","0,25 €/Kg"
Fita cola transparente,Uhu,15mm x 33m,"2,19 €","109,50 €/L"
Lambrusco branco,Sorbello,Garrafa de 0.75 l,"2,09 €","2,79 €/L"
Ambientador aerossol 5 em 1 lavanda,PorSi,300 ml,"0,99 €","3,30 €/L"
"Salsa em folhas, pacote",Margao,Embalagem de 10g,"0,25 €","0,25 €/Kg"
Cebola picada em pacote,PorSi,Embalagem de 40 g,"0,25 €","0,25 €/Kg"
Infusão hipericão,Cemporcent,Embalagem de 10 unidades,"0,99 €","76,15 €/Kg"
Salsicha Fresca,Porco,1 un = 100 gr (aprox.),"0,60 €","5,99 €/Kg"
Farinha láctea,PorSi,Embalagem de 1 kg,"4,99 €","4,99 €/Kg"
Leite Meio Gordo sem Lactose,Mimosa,Pack 4 x 200 ml,"0,99 €","0,99 €/L"
Néctar de pera rocha e framboesa do Oeste Algarve,Compal,1 litro,"0,99 €","0,99 €/L"
"Vinho Alentejo, Private Collection, Tinto",Selecção de Enófilos,Garrafa de 0.75 l,"4,99 €","6,65 €/L"
