Nome,Marca,Unidade,Preço Primário,Preço Secundário
Tablete de chocolate amêndoa e caramelo,Milka,Embalagem de 300g,"6,50 €/Kg","6,50 €/Kg"
Dentifríco Flúor Gel,Colgate,Embalagem de 75 ml,"2,39 €","31,87 €/L"
Miolo de camarão 80/100,Pescanova,Embalagem de 350g,"8,99 €","25,69 €/Kg"
Bebida Energética Apple,Hell,250 ml,"1,60 €","3,20 €/L"
Castanhas,PorSi,Embalagem de 500G,"4,99 €","9,98 €/Kg"
Saqueta de puré de fruta | maçã + banana + morango,PorSi,90 g,"0,74 €","8,22 €/Kg"
Cabo de metal com rosca,PorSi,1.20 m,"2,20 €","2,20 €/Unidade"
"Borracha Technic, 600",Maped,embalagem com 2 unidades,"4,99 €","4,99 €/Unidade"
"Fita apanha moscas, com 4 unidades",Neokill,4 unidades,"5,09 €","8,48 €/L"
Laboratório Mecânica Camião de Mina,Clementoni,1 unidade,"16,99 €/Unidade","16,99 €/Unidade"
Maxi folhado queijo/fiambre,Pastelaria do Dia,1 unidade = 125 g,"0,65 €","0,65 €/Unidade"
Toucinho Fumado,PorSi,fatiado a partir de 100 gr,"2,79 €","9,30 €/Kg"
Pão Regional Rio Maior Inteiro,Pão do Dia,1 unidade= 900 g,"0,19 €","2,38 €/Kg"
Muesli 3 chocolates,PorSi,500 g,"2,24 €","4,48 €/Kg"
Cenoura biológica,PorSi Bio,Embalagem de aprox. 600 g,"0,79 €/Kg","0,79 €/Kg"
Porto white,Ferreira,Garrafa de 750 ml,"11,99 €","15,99 €/L"
Vassoura cruzeta,PorSi,1 unidade,"2,20 €","2,20 €/Unidade"
Chá verde,Tetley,Embalagem de 20g,"0,89 €","20,70 €/Kg"
Polvilho doce,PorSi,Embalagem de 500g,"2,29 €","4,58 €/Kg"
Queijo vaca sem lactose,PorSi Viva Bem,250 g,"0,99 €","1,98 €/Kg"
Iogurte infantil c/ drageias coloridas,PorSi,140 g,"1,05 €","1,86 €/L"
Iogurte Natural Oikos,Danone,Embalagem de 900g,"0,99 €","1,98 €/Kg"
Iogurte líquido morango,PorSi,Embalagem de 8x160 ml,"1,31 €","2,05 €/Kg"
Feijão manteiga,PorSi,Embalagem de 420g,"2,19 €","2,81 €/Kg"
Salsichas cocktail,PorSi,Lata com 180 g,"0,75 €","3,75 €/Kg"
Caracol Cozido,*,vendido ao peso,"4,59 €","4,59 €/Kg"
Farinha rainha c/ fermento,Nacional,Embalagem de 1000 g,"0,85 €","0,85 €/Kg"
Framboesas 100% Naturais,PorSi,Embalagem de 750 g,"4,99 €","9,98 €/Kg"
"Rolos de cozinha compactos, branco, 2 unidades",PorSi,Uma embalagem,"1,09 €","1,09 €/Unidade"
Vinho doc douro tinto,Papa Figos,Garrafa de 0.75 l,"7,49 €","9,99 €/L"
Tablete de chocolate choco jelly,Milka,Embalagem de 250g,"2,29 €","17,62 €/Kg"
Água c/ gás groselha,Frize,pack 4 x 0.25 l,"2,85 €","2,85 €/L"
Lixívia Denso-Activa Harmonias Florais p/ Casa e Rou...,Neoblanc,Embalagem de 2 l,"1,79 €","0,36 €/L"
Limpa vidros recarga tripla ação,Ajax,Embalagem de 500 ml,"3,19 €","6,38 €/L"
"Creme de muda de fralda, para bebé",Pommette,Embalagem de 100 ml,"0,44 €","7,33 €/L"
Ração seca para gatinhos frango e legumes,PorSi,Embalagem de 2 kg,"3,25 €","1,63 €/Kg"
Bebida energética green,Monster,Garrafa de 500 ml,"1,60 €","3,20 €/L"
"Iogurte pedaços, frutimax muesli",PorSi,Embalagem de 4 x 125 g,"4,38 €","2,19 €/Kg"
Cebolinho,PorSi,Embalagem de 50g,"0,99 €","19,80 €/Kg"
Sumo essencial de pêssego,Compal,pack 3 x 0.11 l,"0,99 €","0,99 €/L"
Milho partido,Rac.zezere,Embalagem de 5 kg,"2,49 €","2,49 €/Kg"
Pratos para pic nic 19 cm verdes,PorSi,Embalagem com 6 unidades,"1,99 €","1,99 €/Unidade"
Alho-francês,PorSi,Embalagem de 750 g,"1,65 €","1,65 €/Kg"
Néctar clássico laranja,Compal,Embalagem de 1 l,"0,99 €","0,99 €/L"
Leite Bem Essencial Chocolate,Mimosa,Embalagem de 4 x 200 ml,"0,26 €","1,30 €/L"
Arroz Risotto,PorSi,Embalagem de 1 kg,"1,35 €","1,35 €/Kg"
"Coloração permanente, castanho claro cobre nº54",Nutrisse,1 unidade,"9,49 €/Unidade","9,49 €/Unidade"
Chocolate em pó,Canderel,Embalagem de 250g,"8,59 €/Kg","8,59 €/Kg"
Manteiga magra baixo teor sal,President,Embalagem de 250g,"1,89 €","7,56 €/Kg"
Crescido,Bacalhau da Noruega,1 un = 1.5 kg (aprox.),"16,49 €","10,99 €/Kg"
Fraldas Activity Extra T5 |13-19 kg,Dodot,48 Unidade,"6,49 €","6,49 €/Unidade"
Spray tira gorduras eco,PorSi,Garrafa de 750 ml,"0,79 €","0,79 €/L"
Esferográfica Cor Sortida Média,Mab,Embalagem com 4 un.,"2,69 €","2,69 €/Unidade"
"Ice tea, pêssego",PorSi,"Embalagem de 6x0,20 l","0,99 €","0,66 €/L"
Salsichão fuet caseiro,Elpozo,Embalagem de 150g,"0,95 €","9,49 €/Kg"
Salsichas frasco hot dog,PorSi,Embalagem 540G,"0,75 €","3,75 €/Kg"
Iglo Simples P/ 2 Pessoas,Saurium,1 un.,"16,29 €","16,29 €/Unidade"
Broa de Milho,Pão do Dia,1 unidade= 400 g,"0,19 €","2,38 €/Kg"
Caldo de galinha,PorSi,24 cubos,"0,99 €","1,98 €/Kg"
Vinho tinto regional peninsula de setúbal,Fonte nico,Garrafa de 750 ml,"2,99 €","3,99 €/L"
Papa infantil láctea maçã +6 meses,Cerelac,Embalagem de 250g,"4,99 €","4,99 €/Kg"
Linguas de gato,PorSi,Embalagem de 200 g,"0,69 €","3,45 €/Kg"
Pimento verde biológico,PorSi Bio,Embalagem com 500 g (aprox.),"0,75 €","2,99 €/Kg"
Croissants brioche,s. tomé,Embalagem de 200 g,"7,40 €/Kg","7,40 €/Kg"
"Vinho tinto regional, península de setúbal, bag-in-b...",Dom Campos,Garrafa de 5 l,"9,49 €","1,90 €/L"
Fraldas premium T4 - 9 a 15 kg,PorSi,50 unidades,"6,49 €","6,49 €/Unidade"
Pensos Higiénicos Cottonlike Normal Abas,Evax,embalagem de 16 unidades,"2,59 €","2,59 €/Unidade"
Bife da Alcatra,Novilho,1 un = 250 gr (aprox.),"13,08 €","16,35 €/Kg"
Gelado magnum mini double framboesa,Olá,Embalagem de 6 x 60 ml,"5,99 €","16,64 €/L"
Mopa com cabo,PorSi,1 unidade,"0,89 €","0,89 €/Unidade"
Remove Insectos,PorSi,Embalagem de 1 l,"3,99 €","0,80 €/L"
Bases para pizza,PorSi,Embalagem de 3 x 125 g,"1,99 €","5,31 €/Kg"
Café em cápsulas  qonvictus,Delta Q,Embalagem de 55 g,"2,79 €","19,93 €/Kg"
Vinho tinto cotes du rhone,Expert Club,Garrafa de 75 cl,"6,89 €","9,19 €/L"
Bolachas crackers integrais,PorSi,Embalagem de 500g,"0,39 €","3,12 €/Kg"
Feijão branco cozido,PorSi,Embalagem de 820g,"2,19 €","2,81 €/Kg"
Bacalhau a bras,PorSi,Embalagem de 300g,"1,79 €","7,16 €/Kg"
Reparador de móveis escuro,Pronto,Embalagem de 100 ml,"4,39 €","14,63 €/L"
Leite infantil confort 1 desde o nascimento,NAN,Embalagem de 800g,"23,99 €","29,99 €/Kg"
Bolachas tosta rica,Cuetara,Embalagem de 570g,"1,99 €","3,11 €/Kg"
Galette de Rois,*,100 g,"8,99 €","11,24 €/Kg"
Grelo Nabo Programa Origens,PorSi,1 un= 1 kg (aprox.),"0,75 €","2,49 €/Kg"
EDT Mulher Nº43 (150ML+EDT 30ML),Caravan,1 unidade,"10,19 €","10,19 €/Unidade"
Boudoirs,Du Bois de la Roche,Embalagem de 200 g,"0,69 €","3,45 €/Kg"
Arroz agulha,Pato real,Embalagem de 1 kg,"1,35 €","1,35 €/Kg"
Bolachas mini prince recheadas com chocolate,PRINCE,Embalagem de 160 g,"0,75 €","5,00 €/Kg"
Bolachas marinheiras linhaça,Cemporcent,Embalagem de 200 g,"2,69 €","13,45 €/Kg"
Creme vegetal p/ barrar reduz colesterol,PorSi Viva Bem,250 g,"1,99 €","3,98 €/Kg"
Lenços Bolso 15X10 3f,PorSi,1 Unidade,"0,89 €","0,89 €/Unidade"
Couve Penca (Portuguesa),Legumes do Dia,1 un= 1 kg (aprox.),"1,04 €","2,59 €/Kg"
Bala spray,Redex,Embalagem de 400 ml,"3,99 €","0,80 €/L"
Palmilha cortiça com latex t 38/39,Sonaf,1 unidade,"5,59 €","37,27 €/L"
Bacalhau Graúdo,Bacalhau da Noruega,1 un = 2.5 kg (aprox.),"16,49 €","10,99 €/Kg"
Iogurte natural 0%,PorSi Viva Bem,Embalagem de 6 x 125 g,"0,99 €","1,98 €/Kg"
Tomate Cacho,Legumes do Dia,1 un = 200 gr (aprox.),"0,36 €","1,79 €/Kg"
Bolachas belgas manteiga,PorSi,Embalagem de 250g,"1,69 €","6,76 €/Kg"
Elixir Anti-Tartaro,Listerine,500 ml,"1,29 €","2,58 €/L"
Lima,Fruta do Dia,1 un = 200 gr (aprox.),"0,35 €","1,39 €/Kg"
Leite condensado,Nestle,Embalagem de 370g,"1,09 €","2,75 €/Kg"
Bocadelia atum,La piara,Embalagem de 180g,"0,95 €","7,92 €/Kg"
Iogurte natural açucarado em frasco de vidro,PorSi,Embalagem de 2 x 125 g,"0,99 €","1,98 €/Kg"
Maracujá Roxo,Fruta da Época,1 un = 250 gr  (aprox.),"1,19 €","3,95 €/Kg"
Compressas | dim.: 10 x 10 cm,PorSi,Embalagem com 100 unidades,"0,79 €","1,58 €/L"
Rebuçados cristais de neve,PorSi,Embalagem de 250g,"1,00 €","4,00 €/Kg"
"Água com gás, sabor limão",PorSi,"Embalagem de 6x0,25 l","2,85 €","2,85 €/L"
Lasanha à bolonhesa,PorSi,Embalagem de 1 kg,"3,99 €","9,98 €/Kg"
Choco limpo 10/30,Pescanova,Embalagem de 500g,"4,99 €","6,24 €/Kg"
Espetadas,Frango,1 un= 150 gr (aprox.),"1,05 €","2,99 €/Kg"
Salsicha fresca merguez,PorSi,Embalagem de 330 g,"0,99 €","7,07 €/Kg"
Iogurte tipo grego natural açucarado,PorSi,1 kg,"2,99 €","6,80 €/Kg"
Chá verde menta,PorSi,Embalagem de 43.7 g,"0,89 €","20,70 €/Kg"
Liquido brilhante sapato preto,PorSi,75 ml,"0,79 €","263,33 €/Kg"
Spray desinfetante casa de banho,Lysol,Embalagem de 500 ml,"1,69 €","2,25 €/L"
Limpa fornos,PorSi,500 ml,"1,49 €","1,99 €/L"
Laranja Económica,Fruta do Dia,1 un = 250 gr  (aprox.),"0,35 €","1,39 €/Kg"
Vinagre de vinho branco,Cristal,Garrafa de 750 ml,"0,35 €","0,70 €/L"
Esfregona suave completa,Vileda,1 unidade,"0,89 €","0,89 €/Unidade"
Beterrabas bio,PorSi Bio,Vendido ao peso,"0,33 €","3,29 €/Kg"
Refrigerante c/ gás laranja,Sumol,pack 4 x 1.25 l,"0,40 €/L","0,40 €/L"
Maçã Fuji 70/75,Fruta do Dia,1 un = 150 gr (aprox.),"0,24 €","1,85 €/Kg"
Escalopes,Peru,1 un = 150 gr (aprox.),"1,05 €","2,99 €/Kg"
Porto ruby,Valadao,Garrafa de 750 ml,"5,99 €","7,99 €/L"
Bebida de soja e chocolate,PorSi Viva Bem,Embalagem de 1 l,"0,79 €","0,79 €/L"
Lâmpada LED Formato Clássico 8W E27 220-240V,Domédia,1 un.,"3,99 €","3,99 €/Unidade"
Batata doce biológica,PorSi Bio,Emb.: ± 500 g,"0,45 €","4,45 €/Kg"
Leite uht gordo,Agros,Embalagem de 1 litro,"1,04 €","1,04 €/L"
Sopa de cozido,Knorr,Embalagem de 70g,"0,62 €","10,00 €/Kg"
Ice tea limão,Lipton,Embalagem de 1L,"0,99 €","0,66 €/L"
Comida húmida para gato com frango/vaca,Purina One,Embalagem de 340g,"3,59 €","2,99 €/Kg"
Soro fisiológico,PorSi,Embalagem de 100 ml,"0,44 €","7,33 €/L"
Iogurte aroma de banana,PorSi,Embalagem de 4x125g,"1,99 €","1,33 €/Kg"
Bol. chip choco s/gluten 130g,Gullon,Embalagem de 130g,"2,69 €","20,69 €/Kg"
Bacalhau Graúdo Asa Branca,Bacalhau da Noruega,"1 un=2,5 kg (aprox.)","16,49 €","10,99 €/Kg"
Gelado sandwich nata/chocolate,PorSi,Embalagem de 6x100 ml,"5,99 €","16,64 €/L"
Reparador de móveis escuro,PorSi,Embalagem de 200 ml,"4,39 €","14,63 €/L"
Alho Seco Granel,Legumes do Dia,1 un = 100 gr (aprox.),"0,45 €","4,45 €/Kg"
Bolachas mini prince recheadas com chocolate,PRINCE,Embalagem de 160 g,"1,99 €","3,11 €/Kg"
Puré de batata,PorSi,Embalagem com 750 g,"1,49 €","1,49 €/Kg"
Aveia natural,Quaker,Embalagem de 500g,"2,49 €","4,98 €/Kg"
Maçã Golden 70/75,Fruta do Dia,1 un = 150 gr (aprox.),"0,24 €","1,85 €/Kg"
Collant mousse muskade 20D,PorSi,Tamanho: l,"1,89 €","1,89 €/Unidade"
Café solúvel c/ cafeína,Delta,Embalagem de 100g,"14,50 €/Kg","14,50 €/Kg"
Brandy,Croft,Garrafa de 1 l,"15,49 €","15,49 €/L"
"Palmilha de cortiça com latex, tamanho 42/43",Sonaf,1 unidade,"5,59 €","37,27 €/L"
Queijo curado mistura,PorSi,190 g,"2,89 €","15,21 €/Kg"
Gelatina de ananás,PorSi,Embalagem de 170g,"0,59 €","65,56 €/Kg"
Polvilho azedo,PorSi,Embalagem de 500g,"2,29 €","4,58 €/Kg"
Gomas bananas,PorSi,Embalagem de 300 g,"1,69 €","11,27 €/Kg"
Chispalhada com feijão,Nobre,Embalagem de 420g,"2,35 €","5,60 €/Kg"
Recargas ambientador elétrico relaxing zen,Glade,Embalagem de 2 x 20 ml,"1,99 €","1,99 €/Unidade"
Leite uht gordo,Mimosa,Embalagem de 1 litro,"1,04 €","1,04 €/L"
"Guardanapos brancos, 33x33cm, 2 folhas",PorSi,Embalagem com 100 unidades,"1,49 €","1,49 €/Unidade"
Mini tortitas milho c/ sal,PorSi Viva Bem,Embalagem de 200g,"2,69 €","13,45 €/Kg"
Concentrado de laranja,Sunquick,Garrafa de 700 ml,"3,25 €","3,25 €/L"
Lenços de bolso kids,Renova,Embalagem sortida com 8 unidades + 2 grátis,"0,89 €","0,89 €/Unidade"
Bolacha digestive aveia 258g,Vieira,Embalagem de 258 g,"1,19 €","5,95 €/Kg"
Pão ralado clássico,PorSi,Embalagem de 240 g,"0,72 €","3,00 €/Kg"
Tomate Alongado,Legumes do Dia,1 un = 200 gr (aprox.),"0,36 €","1,79 €/Kg"
10 croquetes de carne,PorSi,Embalagem de 300 g,"1,79 €","7,16 €/Kg"
Lixívia Roupa delicada,PorSi,Embalagem de 2 l,"0,60 €/L","0,60 €/L"
Limpa injetores gasolina,PorSi,Embalagem de 250 ml,"14,99 €","14,99 €/L"
Queijo Flamengo Bola,Queijaria de Celorico,Vendido ao peso a partir de 100 g,"1,96 €","9,80 €/Kg"
Twins,Gullon,pack 2 x 154 g,"2,69 €","13,45 €/Kg"
Refrigerante c/ gás zero s/ cafeína,Coca-Cola,pack 6 x 0.33 l,"0,40 €/L","0,40 €/L"
Crackers c/ sal superficie,GRAN PAVES,Embalagem de 250g,"0,39 €","3,12 €/Kg"
Pudim de caramelo,Boca Doce,Embalagem de 20g,"0,59 €","29,50 €/Kg"
Chiclets morango 16.8g,CHICLETS,Embalagem de 20g,"0,99 €","58,24 €/Kg"
8 fantasias do mar,PorSi,Embalagem de 250g,"1,79 €","7,16 €/Kg"
Pilha alcalina classic lr20x2,Domédia,1 unidade,"1,75 €","1,75 €/Unidade"
Café intenso,Buondi,10 cápsulas,"2,79 €","19,93 €/Kg"
Cogumelos laminados 1/2,PorSi,Embalagem de 355 g,"2,19 €","2,81 €/Kg"
Pensos banda,PorSi,100 x 6 cm,"0,79 €","1,58 €/L"
Ketchup,PorSi,Embalagem de 300 g,"0,87 €","2,90 €/Kg"
Dawnut de chocolate,Pastelaria do Dia,1 unidade = 60 g,"1,20 €/Unidade","1,20 €/Unidade"
Espinafres salteado com alho,PorSi,Embalagem de 750g,"1,65 €","1,65 €/Kg"
Polpa de tomate,PorSi,Embalagem de 500 g,"0,99 €","1,98 €/Kg"
Batata Roxa Nova Granel,Legumes do Dia,1 un = 250 gr  (aprox.),"0,45 €","4,45 €/Kg"
Jogo caça ao tesouro,Clementoni,1 unidade,"9,99 €/Unidade","9,99 €/Unidade"
Porto ruby,Ferreira,Garrafa de 750 ml,"5,99 €","7,99 €/L"
Creme vegetal culinário,Vaqueiro,Embalagem de 1 kg,"1,99 €","3,98 €/Kg"
Bolacha de manteiga belga original,Saborosa,Embalagem de 220g,"1,69 €","6,76 €/Kg"
"Vinagre balsâmico, spray",Paladin,Garrafa de 250 ml,"0,35 €","0,70 €/L"
Baguete,*,400 g,"0,19 €","2,38 €/Kg"
Queijo emmental fatias,PorSi,Embalagem de 200 g,"1,96 €","9,80 €/Kg"
Azeite virgem clássico,PorSi,Garrafa de 750 ml,"3,49 €","4,65 €/L"
Naperon redondo 35 cm,PorSi,Embalagem com 6 unidades,"1,29 €","1,29 €/Unidade"
Búzio Cozido Pescado no Mar,Marisco Fresco,1 un = 250 gr (aprox.),"1,75 €","6,99 €/Kg"
Manteiga amendoim crocant,PorSi,Embalagem de 340g,"8,13 €/Kg","8,13 €/Kg"
Spray limpeza casa de banho,Cillitbang,Embalagem de 500 ml,"1,69 €","2,25 €/L"
Embalagem Presente Sortidos,El Almendro,Embalagem de 225G,"11,79 €/Kg","11,79 €/Kg"
Queijo Fondue,Páturages,Embalagem de 400g,"4,19 €","10,48 €/Kg"
Pilha alcalina classic lr03x4,Domédia,1 unidade,"1,75 €","1,75 €/Unidade"
Alho francês bio,PorSi Bio,750 g (aprox.),"0,75 €","2,49 €/Kg"
Robalo de Viveiro,Peixe Fresco,de 200 a 600 g (aprox.),"3,89 €","6,49 €/Kg"
Pão de Ló Real,Pastelaria do Dia,600 g,"8,99 €","11,24 €/Kg"
"Esfregona, algodão, completa",PorSi,1 unidade,"0,89 €","0,89 €/Unidade"
Lixívia densa verde,Neoblanc,Embalagem de 1 l,"1,79 €","0,36 €/L"
Cogumelos laminados,PorSi,Embalagem de 185 g,"2,19 €","2,81 €/Kg"
"Limpa vidros cristal, pistola",PorSi,Embalagem de 1 l,"3,19 €","6,38 €/L"
"Jogo ""Gira a Garrafa""",Concentra,1 unidade,"9,99 €/Unidade","9,99 €/Unidade"
Pickles em vinagre,PorSi,Embalagem de 200 g,"2,19 €","2,81 €/Kg"
Queijo Cabra 45% M.G,Bergelou,Vendido ao peso a partir de 250 gr,"1,45 €","7,25 €/Kg"
Uva Red Globe,Fruta do Dia,1 un = 250 gr  (aprox.),"0,79 €","3,15 €/Kg"
Moscatel do Douro,Selecção de Enófilos,"Garrafa de 0,75 l","6,79 €/L","6,79 €/L"
Batata pom'duchesse,PorSi,Embalagem de 600g,"1,49 €","1,49 €/Kg"
Queijo emmental ralado,PorSi Select,Embalagem de 200g,"7,45 €/Kg","7,45 €/Kg"
Flocos de batata para puré,PorSi,Embalagem de 500g,"1,65 €","1,65 €/Kg"
Bastão de Cola,Domédia,10 g,"1,19 €","119,00 €/Kg"
Papa infantil láctea 5 frutos +6 meses,Cerelac,Embalagem de 250g,"4,99 €","4,99 €/Kg"
Pão ralado alho e salsa,PorSi,Embalagem de 240 g,"0,72 €","3,00 €/Kg"
Polpa de tomate em garrafa,Compal,Embalagem de 500g,"0,99 €","1,98 €/Kg"
Vinagre de vinho tinto,PorSi,Garrafa de 500 ml,"0,35 €","0,70 €/L"
Laboratório Mecânica Camião de Mina,Clementoni,1 unidade,"9,99 €/Unidade","9,99 €/Unidade"
Cocktail de marisco,PorSi,Embalagem de 400 g,"2,19 €","8,59 €/Kg"
Amendoas em po saq.125g,Vahine,Embalagem de 130g,"1,29 €","3,23 €/Kg"
Lombo s/ Osso,Porco,Vendido ao peso a partir de 1 kg,"4,89 €","4,89 €/Kg"
Lambrusco tinto,Sorbello,Garrafa de 0.75 l,"1,69 €","2,25 €/L"
Vinho do porto special reserve,Velhotes,"garrafa de 0,75 l","9,99 €","13,32 €/L"
Gomas gelatina de frutos do bosque,Neo Botanica,Embalagem de 150 g,"1,69 €","11,27 €/Kg"
Gelado tiramisu,PorSi,Embalagem de 900 ml,"2,69 €","5,38 €/L"
Rolo de Cozinha Branco Eco Compacto,PorSi,2 = 6 Rolos,"1,09 €","1,09 €/Unidade"
"Pimenta preta, moída, em frasco",PorSi,Embalagem de 43 g,"0,25 €","0,25 €/Kg"
Leite condensado cozido,Nestle,Embalagem de 400g,"1,09 €","2,75 €/Kg"
"Briquetes madeira, 12 unidades",Nova lenha,1 embalagem,"4,99 €","4,99 €/Unidade"
Couve Roxa,Legumes do Dia,1 un= 1kg (aprox.),"1,04 €","2,59 €/Kg"
Melão Verde,Fruta da Época,Vendido ao peso | 1 un = 4kg (aprox.),"0,79 €","3,15 €/Kg"
Pensos para bolhas,PorSi,20 unidades,"0,79 €","1,58 €/L"
Sumo clássico 100% maçã,Compal,Garrafa de 200 ml,"1,69 €","1,69 €/L"
"Creme Hidratante de Dia, pele normal",Bioten,Embalagem de 50 ml,"223,80 €/L","223,80 €/L"
"Queijo em fatias, -50% gordura",Limiano,Embalagem de 200g,"1,96 €","9,80 €/Kg"
Papel vegetal 8m,Vileda,1 unidade,"1,11 €","1,11 €/Unidade"
Camarão Tigre 20/30 Congelado,Nossa seleção,,"2,00 €","7,99 €/Kg"
Fralda cueca T4 - 8 a 14 kg,PorSi,22 unidades,"4,49 €","4,49 €/Unidade"
Cacetinho de trigo integral,Pão do Dia,90 g,"0,19 €","2,38 €/Kg"
Cereais golden e crispy,PorSi,Embalagem de 375 g,"1,99 €","3,18 €/Kg"
Fiambre da pá fatiado,PorSi,200 g,"0,97 €","6,49 €/Kg"
Pensos peles sensíveis sortidos,PorSi,20 unidades,"0,79 €","1,58 €/L"
Yofu soja natural sem açúcar,Alpro,Embalagem de 500g,"3,05 €","6,10 €/Kg"
Detergente manual de roupa,Omo,Embalagem de 540g,"1,19 €","2,98 €/Kg"
Redex magic spray,Redex,Embalagem de 300 ml,"3,99 €","0,80 €/L"
Cápsulas de café qharacter,Delta Q,Embalagem de 60g,"2,79 €","19,93 €/Kg"
Maria diet nature,Gullón,Embalagem de 400 g,"2,69 €","13,45 €/Kg"
Corn flakes sem açúcar bio,Origensbio,Embalagem de 250 g,"1,49 €","2,98 €/Kg"
Bolachas marinheiras chia,Cemporcent,Embalagem de 200g,"2,69 €","13,45 €/Kg"
Tortitas de milho sem sal,PorSi Viva Bem,Embalagem de 130g,"0,79 €","7,90 €/Kg"
Chispe da Perna,Porco,1 un = 800 gr (aprox.),"4,89 €","4,89 €/Kg"
Pensos peles sensíveis sortidos,PorSi,30 unidades,"0,79 €","1,58 €/L"
Creme bio mãos e unhas,Labell Bio,75 ml,"2,49 €","41,50 €/L"
Néctar clássico tutti-frutti,Compal,Embalagem de 1 l,"0,99 €","0,99 €/L"
Maracujá Roxo,Fruta da Época,1 un = 250 gr  (aprox.),"1,89 €/Kg","1,89 €/Kg"
Espresso café arábica,PorSi,250 ml,"3,19 €","25,52 €/Kg"
Whisky heritage blend,Logan,Garrafa de 700 ml,"23,99 €","34,27 €/L"
Gel de Duche Creme Care,Nivea,Embalagem de 750 ml,"6,99 €","9,32 €/L"
Collant mousse 20d baltic l,PorSi,Embalagem de 1 unidades,"1,89 €","1,89 €/Unidade"
Bola Rústica,Pão do Dia,85 g,"0,19 €","2,38 €/Kg"
Tremoços extra,PorSi,Vendido ao peso a partir de 500 g,"1,00 €","3,99 €/Kg"
Robalo de Viveiro,Programa Origens,1 un= 400 gr (aprox.),"3,89 €","6,49 €/Kg"
Aba s/ Osso,Novilho,1 un = 500 gr (aprox.),"13,08 €","16,35 €/Kg"
Água com gás,Castello,24 x 25 cl,"2,85 €","2,85 €/L"
Entremeada Novilho,Novilho,1 un=150 gr (aprox),"13,08 €","16,35 €/Kg"
Favas ultracongeladas,PorSi,Embalagem de 400g,"1,65 €","1,65 €/Kg"
Loção corporal,Nivea,Embalagem de 400 ml,"12,48 €/L","12,48 €/L"
Saqueta de puré de fruta | maçã + pêssego + banana +...,PorSi,90 g,"0,74 €","8,22 €/Kg"
Queijo Ovelha Curado,Meimoa,Vendido ao peso a partir de 250 gr,"4,62 €","18,49 €/Kg"
Chocolate em pó 70% cacau,STARBUCKS,Embalagem de 300g,"8,59 €/Kg","8,59 €/Kg"
Gelatina morango 8 kcal,PorSi,Embalagem de 4 x 100 g,"0,99 €","2,48 €/Kg"
Folhado de pizza,*,110 g,"0,65 €","0,65 €/Unidade"
10 Hambúrgueres de porco,PorSi,Embalagem de 600g,"2,79 €","8,72 €/Kg"
Cafe pastilhas 20x7g,PorSi,Embalagem de 140g,"2,79 €","19,93 €/Kg"
Creme Depilatório Peles Sensíveis,Veet,Embalagem de 200 ml,"2,99 €","14,95 €/L"
Mistura solúvel c/ 20% café pó,PorSi,Embalagem de 200g,"0,79 €","3,16 €/Kg"
Amaciador concentrado spa,PorSi,80 doses,"3,99 €","3,99 €/Unidade"
Cuecas de incontinência Plus G,Ausonia,Uma embalagem - 8Unidades,"9,99 €","9,99 €/Unidade"
Iogurte liquido sem lactose morango e banana,PorSi Viva Bem,Embalagem de 4 x 160 g,"2,49 €","5,19 €/Kg"
Perna com Costa,Frango,1 un. = 300 g (aprox.),"1,05 €","2,99 €/Kg"
Cera líquida spray,Arbo,embalagem de 500 ml,"3,99 €","0,80 €/L"
Creme depilatório para peles normais,Labell,Embalagem de 200 ml,"2,99 €","14,95 €/L"
Queijo de vaca curado light amanteigado,PorSi,+/- 550 g,"25,45 €/Kg","25,45 €/Kg"
Mochila,PorSi,Dim.: 40x30x18 cm,"22,99 €","22,99 €/Unidade"
Bombons Caixa Dourada c/ Laço,Belgian,Embalagem de 100G,"2,99 €","29,90 €/Kg"
Papa infantil não láctea bolacha maria +6 meses,Cerelac,Embalagem de 250g,"4,99 €","4,99 €/Kg"
Refrigerante c/ gás ananás,Sumol,pack 4 x 1.25 l,"0,40 €/L","0,40 €/L"
Café em cápsulas dolce gusto galão,Nescafe,Embalagem de 16 cápsulas,"2,79 €","19,93 €/Kg"
Sangria tinta,PorSi,Garrafa de 1.5 litros,"2,39 €","1,59 €/L"
Strudel de maçã,PorSi,Embalagem de 550 g,"2,57 €","7,79 €/Kg"
Abrasivo sanitário pinho e eucalipto,PorSi,embalagem de 1 litro,"1,15 €","1,15 €/L"
Sacos cubos de gelo fecho manual,PorSi,Embalagem com 10 unidades,"1,11 €","1,11 €/Unidade"
Queijo da ilha império do Pico com pimenta da terra,*,Vendido ao peso,"2,42 €","9,69 €/Kg"
Mistura solúvel mokambo,Nestle,Embalagem de 200g,"0,79 €","3,16 €/Kg"
Bolachas mini,Oreo,Embalagem de 160g,"4,83 €/Kg","4,83 €/Kg"
Patê frango,La piara,Embalagem de 80g,"1,09 €","12,39 €/Kg"
Feijao verde redondo,PorSi,Embalagem de 400g,"1,65 €","1,65 €/Kg"
Cálice de champagne 29 cl,*,6 unidades,"23,99 €","23,99 €/Unidade"
Bolachas com recheio de chocolate,PorSi,Embalagem de 3 x 250 g,"2,78 €/Kg","2,78 €/Kg"
Amaciador para cabelos pintados,Labell,Embalagem de 200 ml,"1,00 €","5,00 €/L"
Bandas de cera axilas/bikini,Labell,Embalagem com 16 un. + 4 toalhitas de acabamento,"3,51 €","3,51 €/Unidade"
"Borracha Technic, 600",Maped,embalagem com 2 unidades,"2,69 €","2,69 €/Unidade"
"Alimento húmido para gato júnior, carne",Whiskas,Embalagem de 400g,"3,59 €","2,99 €/Kg"
Pão Regional Rio Maior Inteiro,Pão do Dia,1 unidade= 450 g,"0,19 €","2,38 €/Kg"
Mel em frasco de vidro,PorSi,Embalagem de 250g,"4,89 €","9,78 €/Kg"
Peito de peru fatias,PorSi,Embalagem de 150g,"2,25 €","11,25 €/Kg"
Batata pré-frita rodelas para saltear,PorSi,Embalagem de 1 kg,"1,49 €","1,49 €/Kg"
Vinho Regional Península de Setúbal Branco,Herdade da comporta,Garrafa de 0.75 l,"2,99 €","3,99 €/L"
Beringela,Programa Origens,1 un = 400 gr (aprox.),"0,33 €","3,29 €/Kg"
28 mini bolinhas bacalhau,PorSi,Embalagem de 300 g,"1,79 €","7,16 €/Kg"
Água s/ gás limão,Luso,Garrafa de 1 l,"1,04 €","0,17 €/L"
Massa em espirais,PorSi,Embalagem de 500g,"0,99 €","1,98 €/Kg"
Creme para calçado castanho,PorSi,50 ml,"0,99 €","19,80 €/L"
Pernil,Porco,1 un = 1 kg (aprox.),"4,89 €","4,89 €/Kg"
Pedras limão,P.salgadas,Garrafa de 1 l,"2,85 €","2,85 €/L"
Polpa de manga,Koala,Embalagem de 450g,"2,44 €","5,42 €/Kg"
Gressinos com azeite,PorSi,Embalagem de 250g,"2,39 €","6,83 €/Kg"
Ice tea de limão,PorSi,Embalagem de 2 l,"0,99 €","0,66 €/L"
Iogurte sólido sem lactose multifrutos,Mimosa,Embalagem de 480g,"0,99 €","1,98 €/Kg"
"Escova de dentes, proteção global média, 2 unidades",Labell,Uma embalagem,"3,99 €","3,99 €/Unidade"
Cevada solúvel,PorSi,Embalagem de 200g,"0,79 €","3,16 €/Kg"
Protetor de cantos,Pommette,embalagem com 4 unidades,"1,99 €","1,99 €/Unidade"
Assento topo,Nania,1 unidade,"14,99 €","14,99 €/Unidade"
Bolacha torrada com canela,PorSi,Embalagem de 2 x 250 g,"1,49 €","1,86 €/Kg"
Milho doce,PorSi,Embalagem de 400 g,"1,65 €","1,65 €/Kg"
Salada de fruta em calda,PorSi,Lata com 820 g,"2,09 €","2,49 €/Kg"
Coxinhas de frango,PorSi,Embalagem de 360g,"9,30 €/Kg","9,30 €/Kg"
Super Napolitana Creme 125 g,Pastelaria do Dia,1 un = 125 g (aprox.),"1,20 €/Unidade","1,20 €/Unidade"
Lixívia tradicional,PorSi,Embalagem de 1 l,"1,79 €","0,36 €/L"
Refrigerante  c/ gás regular,Coca-Cola,pack 4 x 1 l,"0,40 €/L","0,40 €/L"
Lombo de Espadarte Descongelado,Peixe do Dia,"Vendido ao peso, 1 un  = 200g (aprox.)","3,89 €","6,49 €/Kg"
Choco Pequeno,Peixe Congelado,1 un= 200 gr (aprox.),"3,99 €/Kg","3,99 €/Kg"
Doce framboesa e romã,ST.DALFOUR,Frasco de 284g,"2,19 €","9,95 €/Kg"
Fermento de padeiro,Vahine,Embalagem de 20g,"1,89 €","17,18 €/Kg"
Leite c/ Chocolate Bem Especial 0% lactose,Mimosa,pack 4 x 200 ml,"0,26 €","1,30 €/L"
6 cheeseburgers,PorSi,Embalagem de 750g,"2,79 €","8,72 €/Kg"
After shave bálsamo sensitive,Labell Men,Embalagem de 100 ml,"1,29 €","5,16 €/L"
Queijo curado pequeno,Casteloes,Embalagem de 500g,"0,82 €","23,43 €/Kg"
Queijo Meio Gordo,Queijaria das Pousadas,Vendido ao peso a partir de 250 g,"2,42 €","9,69 €/Kg"
Champô oil nutritive,Gliss,Embalagem de 250 ml,"5,59 €","13,98 €/L"
Lixivia perfumada,PorSi,Garrafa de 2 l,"1,09 €","0,55 €/L"
Batatas fritas ketchup,Ruffles,Embalagem de 150g,"1,29 €","6,97 €/Kg"
"Batata frita wavy, ondulada",PorSi,Embalagem de 90g,"1,09 €","5,89 €/Kg"
Infusão lúcia lima,PorSi,Embalagem de 35 g,"20,91 €/Kg","20,91 €/Kg"
Abrasivo sanitário gel citrinos,PorSi,embalagem de 1 litro,"1,15 €","1,15 €/L"
Vinho tinto doc douro,VILA REAL,Garrafa de 750 ml,"7,49 €","9,99 €/L"
Guardanapos brancos 22x22cm | folha dupla,Renova,90 unidades,"1,49 €","1,49 €/Unidade"
Bolachas maria,PorSi,Embalagem de 800g,"1,49 €","1,86 €/Kg"
Vinho doc dão tinto,Grao vasco,Garrafa de 750 ml,"7,49 €","9,99 €/L"
Queijo Coulommiers,Páturages,Embalagem de 350 g,"1,45 €","7,25 €/Kg"
Amaciador Roupa Chá Branco & Peônia,Vernel,76 doses,"3,99 €","3,99 €/Unidade"
"Pasta de limpeza com oxigénio activo, 48 unidades",Polident,Uma embalagem,"7,39 €","105,57 €/Kg"
Iogurte líquido dan'up milkshake straciatella,Danone,Embalagem de 4 x 155 g,"1,31 €","2,05 €/Kg"
Farinha para bolos super fina,PorSi,Embalagem de 1 kg,"0,85 €","0,85 €/Kg"
Vinho do porto malvasia branco,Rcv,Garrafa de 750 ml,"11,99 €","15,99 €/L"
"Escova de cabelo, esqueleto",Labell,Embalagem com 1 unidade,"2,19 €","2,19 €/Unidade"
Café solúvel creme,Nescafe,Embalagem de 100g,"14,50 €/Kg","14,50 €/Kg"
Esfregona de Microfibras Completa,PorSi,1 unidade,"0,89 €","0,89 €/Unidade"
Grão de bico,Compal,Lata de 850g,"2,19 €","2,81 €/Kg"
Spray limpeza casa de banho,PorSi,750 ml,"1,69 €","2,25 €/L"
Corvina inteira fresca,Nossa seleção,De aquicultura,"3,89 €","6,49 €/Kg"
Compal da horta concentrado tomate,Compal,Embalagem de 140g,"0,99 €","1,98 €/Kg"
Ice tea de limão,PorSi,"Embalagem de 1,5 l","0,99 €","0,66 €/L"
Bacalhau Especial da Islândia,Bacalhau da Islândia,1 un = 4 kg (aprox.),"16,49 €","10,99 €/Kg"
Batata doce frita,PorSi,Embalagem de 150g,"1,09 €","5,89 €/Kg"
Dentifríco p/ Dentes de Leite,Aquafresh,Embalagem de 50 ml,"0,99 €","0,99 €/Unidade"
Ração para gato júnior com frango,Purina One,Embalagem de 800 g,"3,25 €","1,63 €/Kg"
Iogurte proteína stracciatella,Lindahls,Embalagem de 150 g,"1,39 €","9,59 €/Kg"
Chá preto frutos vermelhos,PorSi,Embalagem de 40g,"1,69 €","56,33 €/Kg"
Powerade ice storm,POWERADE,Garrafa de 500 ml,"1,60 €","3,20 €/L"
Ervilhas com cenoura,PorSi,Embalagem de 3x200 g,"2,19 €","2,81 €/Kg"
8 rissóis de carne,PorSi,Embalagem de 300g,"1,79 €","7,16 €/Kg"
Gelatina de laranja,PorSi,Embalagem de 170g,"0,59 €","65,56 €/Kg"
Óleo para bebé delicado,PorSi,Embalagem de 500 ml,"0,44 €","7,33 €/L"
Snack gato sticks carne 6x5g porsi,PorSi,Embalagem de 30g,"0,89 €","14,83 €/Kg"
Mão de vaca com grão,Nobre,Embalagem de 420 g,"2,35 €","5,60 €/Kg"
Aguardente velha reserva,CRF,Garrafa de 700 ml,"12,79 €","18,27 €/L"
Vinho tinto regional alentejano,Galitos,Garrafa de 3 l,"9,49 €","1,90 €/L"
Focinho,Porco,1 un = 300 gr (aprox.),"0,60 €","5,99 €/Kg"
Batata frita lisas originais,Lay's,Embalagem de 160g,"1,09 €","5,89 €/Kg"
Detergente em gel máquina lavar roupa universal,Persil,85 doses,"8,69 €","1,84 €/Kg"
Sacos do lixo perfumado 30 litros,PorSi,15 unidades,"1,89 €","1,89 €/Unidade"
Queijo Parmigiano Regiano Curado,*,Vendido ao peso,"1,69 €","6,76 €/Kg"
Martini fiero,Martini,Garrafa de 750 ml,"3,99 €","5,32 €/L"
Café Moagem Universal do Brasil,PorSi,Embalagem de 220g,"8,76 €/Kg","8,76 €/Kg"
Lenços de bolso 4 folhas,PorSi,Embalagem de 15 x 9 unidades,"0,89 €","0,89 €/Unidade"
Saqueta de puré de fruta | maçã + banana,PorSi,90 g,"0,74 €","8,22 €/Kg"
Vinho regional alentejano reserva tinto,Encosta das Perdizes,Garrafa de 0.75 l,"2,89 €","3,85 €/L"
Ovos Frescos de Galinhas Criadas ao Ar Livre Classe:...,PorSi Bio,Embalagem com 6 unidades,"2,55 €","2,55 €/Unidade"
Anti calcário máquina roupa 2 em 1,PorSi,17 pastilhas,"8,69 €","1,84 €/Kg"
Jogo da Glória,Olivo,1 unidade,"9,99 €/Unidade","9,99 €/Unidade"
"Cerveja sem álcool, tara perdida",Super Bock,Pack 6 X 0.33 L,"5,99 €","3,03 €/L"
Infusão de tília,PorSi,Embalagem de 30g,"20,91 €/Kg","20,91 €/Kg"
Chocolate culinário,Pantagruel,Embalagem de 200g,"1,04 €","8,32 €/Kg"
Vinho do porto dona antónia reserva tinto,Ferreira,Garrafa de 0.75 l,"9,99 €","13,32 €/L"
Farinha nao láctea bolacha maria,PorSi,Embalagem de 250g,"4,99 €","4,99 €/Kg"
"Pensos diários respirare, 44 unidades",Carefree,Uma embalagem,"2,79 €","2,79 €/Unidade"
Francesinha,PorSi,Embalagem de 450G,"3,99 €","9,98 €/Kg"
Deo Spray Black & White Active,Nivea,Embalagem de 150 ml,"4,69 €","31,27 €/L"
Leite uht sem lactose meio gordo,PorSi Viva Bem,1 litro,"0,99 €","0,99 €/L"
Pó baratas e formigas,Baygon,Embalagem de 250 g,"4,99 €","19,96 €/Kg"
Bolachas cacau com recheio baunilha,PorSi,Embalagem de 176 g,"4,83 €/Kg","4,83 €/Kg"
Carro de passeio,Asalvo,Dos 6 meses a 15 kg,"14,99 €","14,99 €/Unidade"
Café Moagem Universal Honduras,PorSi,Embalagem de 220g,"8,76 €/Kg","8,76 €/Kg"
Azeitona Maçanilha inteira,PorSi,Vendido ao peso a partir de 500 g,"1,00 €","3,99 €/Kg"
Azeite virgem extra seleção,PorSi,Garrafa de 2 l,"3,49 €","4,65 €/L"
Palmiers,Du bois,Embalagem de 150g,"0,69 €","3,45 €/Kg"
Moscatel de setúbal,Alambre,"Garrafa de 0,75L","6,79 €/L","6,79 €/L"
"Leite bem essencial, morango",Mimosa,Embalagem de 200 ml,"1,99 €","2,49 €/L"
Alho picado,Margao,Embalagem de 60g,"0,25 €","0,25 €/Kg"
Vinho maduro tinto doc alentejano,P.ravessa,Garrafa de 750 ml,"2,89 €","3,85 €/L"
Nuggets de frango,PorSi,Embalagem de 360 g,"9,30 €/Kg","9,30 €/Kg"
Miúdos,Frango,1 un = 250 gr  (aprox.),"0,60 €","5,99 €/Kg"
"Caramelos de fruta rainbow, tripack",Mentos,Embalagem de 110g,"1,19 €","4,76 €/Kg"
Guardanapos Gold 2 folhas,Renova,Dim.: 39x39cm,"1,49 €","1,49 €/Unidade"
Creme depilatório para peles sensíveis,Labell,Embalagem de 200 ml,"2,99 €","14,95 €/L"
Álcool Etílico Sanitário,PorSi,200 ml,"0,79 €","1,58 €/L"
Ervilhas com cenoura,PorSi,Embalagem de 750g,"1,65 €","1,65 €/Kg"
Café em cápsulas aqtivus,Delta Q,Embalagem de 55 g,"2,79 €","19,93 €/Kg"
Detergente Máquina Roupa Liquido Bebé,PorSi,50 doses,"3,49 €","2,33 €/L"
4 filetes de pescada panados c/ limão,Pescanova,Embalagem de 400g,"9,30 €/Kg","9,30 €/Kg"
Mousse d´or,Du Bois de la Roche,Embalagem de 200 g,"0,69 €","3,45 €/Kg"
Mistura solúvel bolero,Nestle,Embalagem de 200g,"0,79 €","3,16 €/Kg"
Massa folhada margarina,PorSi,Embalagem de 230 g,"0,99 €","4,30 €/Kg"
Massa macarronete riscado,PorSi,Embalagem de 500g,"0,99 €","1,98 €/Kg"
Forma de papel para bolos 6. 8cm,PorSi,Embalagem com 60 unidades,"0,79 €","0,79 €/Unidade"
Massa de cotovelinhos,PorSi,Embalagem de 500g,"0,99 €","1,98 €/Kg"
Creme vegetal culinário,Vaqueiro,Embalagem de 250 g,"1,99 €","3,98 €/Kg"
Cesto multiusos com gancho,PorSi,1 unidade,"2,99 €","2,99 €/Unidade"
Limão,Fruta do Dia,1 un = 200 gr (aprox.),"0,35 €","1,39 €/Kg"
Fruta para bebé multifrutas +4 meses,Nestle,Embalagem de 90g,"0,74 €","8,22 €/Kg"
Bolacha maria,PorSi,Doses Individuais 12 x 25 g,"1,49 €","1,86 €/Kg"
Bolachas chiquilin energy,Artiach,Embalagem de 200g,"1,69 €","6,76 €/Kg"
Limpa ferros,Petex,1 unidade,"0,89 €","0,89 €/Unidade"
Fraldas agility T4 de 9 a 15 kg,PorSi,50 unidades,"6,49 €","6,49 €/Unidade"
Pudim de ananás,Boca Doce,Embalagem de 20g,"0,59 €","29,50 €/Kg"
Filetes de pescada,Pescanova,Embalagem de 400g,"3,99 €","9,98 €/Kg"
Mistura para aves,Rac.zezere,Embalagem de 5 kg,"2,49 €","2,49 €/Kg"
Barras de cereais golden grahams,Nestle,Embalagem de 150g,"1,29 €","10,24 €/Kg"
Refrigerante de cola zero,PorSi,Garrafa de 2 l,"0,40 €/L","0,40 €/L"
Pizza marguerita,PorSi,Embalagem de 2 x 300 g,"2,25 €","6,43 €/Kg"
Fermento em po 4x25g,PorSi,Embalagem de 100g,"1,89 €","17,18 €/Kg"
Comida húmida para cão de frango e arroz,PorSi,Lata de 400 g,"0,75 €","2,50 €/Kg"
Vermute rosso,Martini,Garrafa de 0.75 l,"16,49 €","23,56 €/L"
Fraldas Bebé Seco T3 | 6-10 Kg,Dodot,Embalagem com 62 un.,"6,49 €","6,49 €/Unidade"
"Cereais crusts, amêndoas e mel",PorSi,Embalagem de 380g,"2,29 €","6,11 €/Kg"
"Abacaxi ""Avião"" categoria II",*,Vendido ao peso (1un = 1.5 kg aprox.),"2,90 €","1,45 €/Kg"
Caldeirada de peixe ultracongelada,Brasmar,Embalagem de 700g,"1,79 €","7,16 €/Kg"
Gelatina de morango,Royal,Embalagem de 114g,"0,59 €","65,56 €/Kg"
Sumo 100% maçã e frutos vermelhos,Compal,1 litro,"1,69 €","1,69 €/L"
Renovador de Camurça em Spray Incolor,Búfalo,Embalagem de 250 ml,"2,89 €","14,45 €/L"
Vinagre balsâmico,PorSi,Embalagem de 250 ml,"0,35 €","0,70 €/L"
Refrigerante c/ gás,Coca-Cola,pack 2 x 1.75 l,"0,40 €/L","0,40 €/L"
Lombinhos,Porco,1 un=500 gr aprox.,"4,89 €","4,89 €/Kg"
"Refrigerante com gás, laranja, lata",Fanta,pack 6 x 0.33 l,"0,40 €/L","0,40 €/L"
Forma Pão de Ló Antiaderente 28cm,PorSi,1 unidade,"9,99 €","9,99 €/Unidade"
Óleo Performa 10W40,Galp,Embalagem de 1 l,"14,99 €","14,99 €/L"
Grão de bico,Legumes secos,1 un = 100 gr. (aprox.),"0,28 €","2,75 €/Kg"
Leite uht sem lactose meio gordo,PorSi Viva Bem,1 litro,"0,83 €","0,83 €/L"
Queijo Curado kg,Castelões,1 un = 250 gr  (aprox.),"25,45 €/Kg","25,45 €/Kg"
Queijo mascarpone,Páturages,Embalagem 250G,"1,69 €","6,76 €/Kg"
Lambrusco bianco,*,Garrafa de 750 ml,"1,69 €","2,25 €/L"
Tomate cherry,*,1 un = 200 gr (aprox.),"0,36 €","1,79 €/Kg"
Iogurte activia cremoso coco,Danone,Embalagem de 4 x 120 g,"2,99 €","6,80 €/Kg"
Molho bechamel,PorSi,Embalagem de 200g,"0,87 €","2,90 €/Kg"
Café lote normal moagem fina,PorSi,Embalagem de 250 g,"1,69 €","6,76 €/Kg"
Amendoim com Casca,PorSi,Embalagem de 500g,"1,00 €","5,00 €/Kg"
Shampo automóvel laranja,PorSi,Embalagem de 5 l,"3,99 €","0,80 €/L"
Tira nódoas oxy limpa a seco sem deixar manchas,PorSi,Embalagem de 200 ml,"10,99 €","52,33 €/Kg"
Collant mousse preta 20D,PorSi,Tamanho: xl,"1,89 €","1,89 €/Unidade"
Gomas Party Mix,PorSi,400 g,"1,69 €","11,27 €/Kg"
Porto lágrima,Ferreira,Garrafa 0.75L,"11,99 €","15,99 €/L"
Salmão Fumado da Escócia,PorSi Select,Embalagem de 80 g,"3,35 €","22,33 €/Kg"
Oikos morango 110g x4,Danone,Embalagem de 440g,"2,99 €","6,80 €/Kg"
Gelatina tutti-fruti,PorSi,Embalagem de 170g,"0,59 €","65,56 €/Kg"
Doce light framboesa,PorSi,Embalagem de 340g,"1,99 €","5,85 €/Kg"
Forma Pudim Antiaderente 18cm,PorSi,1 unidade,"9,99 €","9,99 €/Unidade"
Jogo Aqui há festa,Clementoni,1 unidade,"9,99 €/Unidade","9,99 €/Unidade"
Iguarias Pota com Alho,Pitéu,Embalagem de 120 g,"0,95 €","7,92 €/Kg"
Pepperoni Rodelas,Porminho,Embalagem 2 x 75 g,"3,35 €","22,33 €/Kg"
SuperCeys,Ceys,1 unidade,"3,99 €","3,99 €/Unidade"
Amendoim com sal,Frutos secos,1 un = 100 gr (aprox.),"5,00 €","19,99 €/Kg"
Sumo 100% laranja,PorSi,Pack 3 x 200 ml,"1,69 €","1,69 €/L"
Bebida de Soja Chocolate,PorSi Viva Bem,Pack: 3 x 200 ml,"0,79 €","0,79 €/L"
Rebuçados fruta,PorSi,Embalagem de 250g,"1,15 €","5,75 €/Kg"
Refrigerante c/ gás de laranja zero,Fanta,"Garrafa de 1,5 l","0,40 €/L","0,40 €/L"
Rolo tira pelos 12 folhas,PorSi,1 unidade,"1,15 €","0,23 €/L"
Limpa Moveis Lavanda,Pronto,300 ml,"4,39 €","14,63 €/L"
Bacalhau Especial,Bacalhau da Noruega,1 un = 4 kg (aprox.),"16,49 €","10,99 €/Kg"
Limpa móveis cera abelhas,PorSi,Frasco de 300ml,"4,39 €","14,63 €/L"
"Anti-calcário em pó, máquina roupa",PorSi,Embalagem de 800g,"10,99 €","52,33 €/Kg"
Champanhe tradicional bruto,Delagne&fi,Garrafa de 750 ml,"19,99 €","26,65 €/L"
Bolacha golden,Oreo,Embalagem de 154 g,"4,83 €/Kg","4,83 €/Kg"
Queijo fatiado cheddar,PorSi,Embalagem de 150 g,"1,96 €","9,80 €/Kg"
Leite seleccionado magro,Matinal,Garrafa de 1 l,"0,83 €","0,83 €/L"
Canela em pau,PorSi,Saqueta de 30 g,"0,25 €","0,25 €/Kg"
"Batata frita, queijo e ervas",PorSi,Embalagem de 190g,"1,29 €","6,97 €/Kg"
Gambão 20/30,Marisco Congelado,Vendido a partir de 250 (aprox.),"2,00 €","7,99 €/Kg"
Bacalhau espiritual,PorSi,Embalagem de 300g,"1,79 €","7,16 €/Kg"
Cebola picada,PorSi,Embalagem de 400 g,"1,65 €","1,65 €/Kg"
Iogurtes magros aroma manga,PorSi Viva Bem,Embalagem de 6 x 125 g,"1,09 €","1,45 €/Kg"
Queijo curado -30% gordura,Casteloes,500 g,"25,45 €/Kg","25,45 €/Kg"
Queijo de Ovelha Curado Apimentado,PorSi,,"4,62 €","18,49 €/Kg"
Queijo Brie M.Gorda 60%,President,Vendido ao peso a partir de 250 gr,"1,45 €","7,25 €/Kg"
Atum posta em óleo,General,Embalagem de 110g,"0,95 €","7,92 €/Kg"
Crepe simples,PorSi,Embalagem de 630g,"2,57 €","7,79 €/Kg"
Gomas ossos,PorSi,Embalagem de 300 g,"1,69 €","11,27 €/Kg"
Lambrusco rosé,Sorbello,Garrafa de 0.75 l,"1,69 €","2,25 €/L"
Mortadela fatiada com azeitonas,PorSi,Embalagem de 200 g,"1,15 €","5,75 €/Kg"
Alimento seco p/ cão raça pequena,PorSi Select,Embalagem de 3kg,"1,15 €/Kg","1,15 €/Kg"
Limpa Estofos de Pele,PorSi,Embalagem de 1 l,"3,99 €","0,80 €/L"
Gengibre,Legumes do Dia,1 un = 100 gr (aprox.),"0,33 €","3,29 €/Kg"
Whiskey bourbon,J.daniels,Garrafa de 700 ml,"23,99 €","34,27 €/L"
Arroz de pato,PorSi,Embalagem de 400g,"3,99 €","9,98 €/Kg"
8 salsichas bockwurst,PorSi,1 Frasco 720G,"0,75 €","3,75 €/Kg"
"Papel higiénico super, folha dupla, 24 rolos",Renova,Uma embalagem,"1,99 €","1,99 €/Unidade"
Quiche lorraine,Monique Ranou,Embalagem de 400 g,"1,99 €","6,63 €/Kg"
Gel ativo com lixívia,PorSi,Embalagem de 1.5 l,"1,29 €","0,86 €/L"
Ovos Frescos Classe M,PorSi,12 unidades,"5,09 €","5,09 €/Unidade"
Massa bagos,PorSi,Embalagem de 250g,"0,99 €","1,98 €/Kg"
Massas espirais tricolores,PorSi,Embalagem 500G,"0,99 €","1,98 €/Kg"
Mistura sol sem café granulado,PorSi,Embalagem de 200g,"0,79 €","3,16 €/Kg"
Refrigerante C/ Gás Zero,Coca-Cola,Garrafa de 1 l,"0,40 €/L","0,40 €/L"
Pilhas Alcalinas AAA Optimum,Duracell,Blister 4 Pilhas,"1,75 €","1,75 €/Unidade"
Iogurte líquido morango,PorSi,Embalagem de 4 x 160 g,"1,31 €","2,05 €/Kg"
Arroz agulha América do Sul,PorSi,Embalagem de 1 kg,"1,35 €","1,35 €/Kg"
Marmelada sem conservantes,PorSi,Embalagem de 500g,"1,09 €","2,42 €/Kg"
Rebuçados de mentol,PorSi,Embalagem de 250g,"0,85 €","4,25 €/Kg"
Presunto fatiado,PorSi,Embalagem de 200g,"2,59 €","12,95 €/Kg"
Clementinas,PorSi Bio,Emb.: ± 500 g,"0,35 €","1,39 €/Kg"
Chouriço corrente,PorSi,Embalagem de 200 g,"1,14 €","5,70 €/Kg"
Bebida de soja com cálcio,PorSi Viva Bem,Embalagem de 1 litro,"0,79 €","0,79 €/L"
Bolachas waffers morango,PorSi,Embalagem de 210g,"0,98 €","4,67 €/Kg"
Chili com carne,Itinéraire des Saveurs,Embalagem 300G,"2,35 €","5,60 €/Kg"
Carcaça Rústica 70 g,Pão do Dia,,"0,19 €","2,38 €/Kg"
Petit gateau morango 4x80g,PorSi,Embalagem de 320g,"2,57 €","7,79 €/Kg"
Pão de forma sem côdea 9 cereais,Panrico,Embalagem de 480g,"2,63 €/Kg","2,63 €/Kg"
Nuggets de frango grelhadinho,Capitão Iglo,Embalagem de 200g,"9,30 €/Kg","9,30 €/Kg"
"Pizza casa di mama, fiambre e cogumelos",Dr. Oetker,Embalagem de FIAM/COG.380G,"2,25 €","6,43 €/Kg"
Amaciador concentrado para roupa aloé vera,PorSi,80 doses,"3,99 €","3,99 €/Unidade"
Pasta de açúcar branco,PorSi,250 g,"1,49 €","1,49 €/Kg"
Rebuçados drops recheio de fruta,PorSi,Embalagem de 250g,"1,15 €","5,75 €/Kg"
Queijo Curado Apimentado,Fonte Mourisca,Vendido ao peso a partir de 250 gr,"25,45 €/Kg","25,45 €/Kg"
Gelatina de frutos tropicais,PorSi,Embalagem 2X85G,"0,59 €","65,56 €/Kg"
Vmt reg alentejano 0.75l,T.xisto,Garrafa de 750 ml,"2,89 €","3,85 €/L"
Costeleta,Novilho,1 un= 400 gr aprox.,"13,08 €","16,35 €/Kg"
Tomate inteiro pelado,PorSi,Embalagem de 390 g,"2,19 €","2,81 €/Kg"
Fruta para bebé 4 frutas +4 meses,Nestle,Embalagem de 90g,"0,74 €","8,22 €/Kg"
Limpa máquinas de roupa tripla ação,PorSi,Embalagem de 250 ml,"8,69 €","1,84 €/Kg"
Lava tudo antibacteriano marinho,PorSi,Garrafa de 1.5 l,"0,99 €","0,50 €/L"
Caju simples,*,Vendido ao peso,"5,00 €","19,99 €/Kg"
Abóbora Menina,Legumes do Dia,1 un= 1 kg (aprox.),"0,79 €/Kg","0,79 €/Kg"
Bolo Brigadeiro 800 g,Pastelaria do Dia,,"8,99 €","11,24 €/Kg"
Creme de cassis,P.dabot,Garrafa de 700 ml,"22,49 €","32,13 €/L"
Chá preto,Tetley,Embalagem de 20g,"1,69 €","56,33 €/Kg"
Feijão frade,Compal,Lata de 410 ml,"2,19 €","2,81 €/Kg"
50 nuggets de frango,Capitão Iglo,Embalagem de 1042g,"2,79 €","8,72 €/Kg"
Petit gâteau,PorSi,Embalagem de  4 x 80 g,"2,57 €","7,79 €/Kg"
Cobertura tábua de engomar,PorSi,Dim.: 120 x 42 cm,"16,50 €","16,50 €/Unidade"
Refrigerante com gás de laranja,Sumol,"Garrafa de 1,25 l","0,40 €/L","0,40 €/L"
Polvo limpo,PorSi,Embalagem de 800 g,"4,99 €","6,24 €/Kg"
3 Pipetas de Repelente p/ Gato,Repul'7,1 unidade,"1,29 €","0,26 €/Kg"
Sacos do lixo wc 5 litros,PorSi,30 sacos,"1,89 €","1,89 €/Unidade"
Creme autobrilhante castanho,Splendor,40 ml,"0,79 €","263,33 €/Kg"
Whisky 12 anos,Chivas,Garrafa de 700 ml,"23,99 €","34,27 €/L"
Bolachas galettes bretonnes,Chabrior,Embalagem de 125 g,"1,69 €","6,76 €/Kg"
Café em Cápsulas Dolce Gusto Sical,Nescafé,Embalagem de 3x16 cápsulas,"2,79 €","19,93 €/Kg"
Porto tawny,Ferreira,Garrafa de 750 ml,"6,29 €","8,39 €/L"
"Crepes queijo/fiambre, 6 unidades",Claude Léger,Embalagem de 300 g,"1,99 €","6,63 €/Kg"
Popietes,Novilho,1 un = 250 gr  (aprox.),"1,50 €","5,99 €/Kg"
Porto 10 anos,Valadao,Garrafa de 750 ml,"9,99 €","13,32 €/L"
Limpa Móveis,PorSi,Embalagem de 300 ml,"4,39 €","14,63 €/L"
Cereais recheados com chocolate e avelã,PorSi,Embalagem de 400g,"1,99 €","3,18 €/Kg"
Bolachas starship tradicional,PorSi,Embalagem de 150g,"0,85 €","5,67 €/Kg"
Arroz brajma,Cigala,Embalagem de 1 kg,"1,35 €","1,35 €/Kg"
Pão Centeio com Nozes,Garcia & Filhos,1 unidade= 400 g,"0,19 €","2,38 €/Kg"
Iogurte liquido infantil morango,PorSi,Embalagem de 6 x 94 ml,"1,31 €","2,05 €/Kg"
Sardinha Congelada,Peixe Congelado,1 un = 250 gr  (aprox.),"3,99 €/Kg","3,99 €/Kg"
Fruta para bebé maçã banana +4 meses,Nestle,Embalagem de 4 x 100 g,"0,74 €","8,22 €/Kg"
Manteiga magra,PorSi,Embalagem de 250g,"1,89 €","7,56 €/Kg"
Mochila 42 cm + Estojo,Lightning Bolt,1 un.,"22,99 €","22,99 €/Unidade"
Queijo de vaca curado amanteigado,PorSi,+/- 550 g,"25,45 €/Kg","25,45 €/Kg"
Queijo Curado de Cabra,Mourisca,Vendido ao peso a partir de 250 gr,"5,95 €","23,79 €/Kg"
Fio dentário fluór+menta 50m,Labell,1 unidade,"3,49 €","3,49 €/Unidade"
Rolo de Carne com Farinheira,Novilho,1 un = 500 gr (aprox.),"1,50 €","5,99 €/Kg"
Aperitivos 3d's cones,3d's,Embalagem de 90g,"0,79 €","7,90 €/Kg"
Vinho Rosé,Mateus,"Garrafa de 1,5L","4,29 €","5,72 €/L"
Lava Tudo Perfumado Herbal,PorSi,Embalagem de 2 l,"0,99 €","0,50 €/L"
Queijo mozzarella,PorSi,Embalagem 125G,"1,69 €","6,76 €/Kg"
Queijinho petit nesquik,Nestle,Embalagem de 6 x 60 g,"1,05 €","1,86 €/L"
Cordon bleu,Iglo,Embalagem de 200g,"4,99 €","24,95 €/Kg"
Perna com Osso,Porco,1 un = 2 kg (aprox.),"4,89 €","4,89 €/Kg"
Lombo de Porco,Porco,,"1,50 €","5,99 €/Kg"
Massas alimentícias laços,PorSi,Embalagem de 500g,"0,99 €","1,98 €/Kg"
Couve Bróculo,Legumes do Dia,Vendido ao peso,"1,04 €","2,59 €/Kg"
Saqueta de puré de fruta | maçã + manga + pêssego,PorSi,90 g,"0,74 €","8,22 €/Kg"
Cabo de madeira com rosca,PorSi,1.20 m,"2,20 €","2,20 €/Unidade"
"Pasta dentífrica, proteção branqueador",Labell,Embalagem de 75 ml,"2,39 €","31,87 €/L"
Inseticida vaporizador,Biokill,Embalagem de 375 ml,"5,09 €","8,48 €/L"
Limpa Estofos de Tecido,PorSi,Embalagem de 1 l,"3,99 €","0,80 €/L"
Esfregona tiras completa,PorSi,1 unidade,"0,79 €","0,79 €/Unidade"
Vinho do porto lágrima branco,R.pinto,Garrafa de 750 ml,"11,99 €","15,99 €/L"
Mistura para carnes,PorSi,Embalagem de 40g,"0,25 €","0,25 €/Kg"
Snack Cão Prodental,PorSi,Embalagem 180 g,"1,00 €","5,56 €/Kg"
Cera Depilatória,Veet,Embalagem de 250 ml,"3,51 €","3,51 €/Unidade"
Ameijoa Branca Vietnamita,Marisco Congelado,Vendido a partir de 250 gr  (aprox.),"2,00 €","7,99 €/Kg"
Queijo edam light fatias,PorSi Viva Bem,Embalagem de 150g,"2,39 €","19,92 €/Kg"
Pães de leite,s. tomé,Embalagem de 300 g,"7,40 €/Kg","7,40 €/Kg"
"Forma papel para bolos, 10. 5cm",PorSi,Embalagem com 60 unidades,"0,79 €","0,79 €/Unidade"
Bacalhau à Brás,PorSi,Embalagem de 1 kg,"1,79 €","7,16 €/Kg"
Bebida energética,Red Bull,Pack 4 x 0.25 l,"1,60 €","3,20 €/L"
Recarga Esfregona de Algodão,PorSi,1 unidade,"0,89 €","0,89 €/Unidade"
Limpador,Pronto,Embalagem de 750 ml,"2,49 €","2,49 €/L"
Água s/ gás frutos vermelhos,Luso,Garrafa de 1 l,"1,04 €","0,17 €/L"
Batata pré-frita cubos,PorSi,Embalagem de 1 kg,"1,49 €","1,49 €/Kg"
Planta cozinha,Planta,Embalagem de 500g,"1,99 €","3,98 €/Kg"
Posta pescada-do-cabo nº 5 para cozer,PorSi,Embalagem de 800 g,"3,99 €","9,98 €/Kg"
Especialidade de soja chocolate,PorSi Viva Bem,Embalagem de 4 x 100 g,"3,05 €","6,10 €/Kg"
Refrigerante s/ gás califórnia,Sunny d,"Garrafa de 1,25 l","0,99 €","0,66 €/L"
Mistura de cogumelos,PorSi,Embalagem de 400g,"1,65 €","1,65 €/Kg"
Costeletas do Cachaço,Porco,Vendido ao peso a partir de 1 kg,"4,89 €","4,89 €/Kg"
Leite desmaquilhante para peles secas,Labell,Embalagem de 250 ml,"3,99 €","3,99 €/Unidade"
Pastilhas limpa próteses,Labell,embalagem com 36 unidades,"7,39 €","105,57 €/Kg"
Rolo de cozinha reciclado,PorSi,4 rolos,"1,09 €","1,09 €/Unidade"
Queijo fundido palitos,A Vaca Que Ri,Embalagem de 35g,"0,82 €","23,43 €/Kg"
Spray lixívia e higiene,Cillitbang,Garrafa de 500 ml,"1,29 €","0,86 €/L"
Recarga inseticida elétrico líquido,Raid,45 noites,"7,69 €","7,69 €/Unidade"
Vinho Verde Loureiro Branco,Aveleda,Garrafa de 0.75 l,"3,09 €","3,09 €/L"
Néctar pera,PorSi,Embalagem de 1 l,"0,99 €","0,99 €/L"
Vinho tinto regional setúbal,Herdade da comporta,Garrafa de 0.75 l,"2,99 €","3,99 €/L"
"Livro ""Histórias Fantásticas com Unicórnios""",Girassol,1 unidade,"11,95 €/Unidade","11,95 €/Unidade"
Gomas tubarões,PorSi,Embalagem de 300 g,"1,69 €","11,27 €/Kg"
Queijo de azeitão dop,PorSi Select,Embalagem de 255 g,"25,45 €/Kg","25,45 €/Kg"
Body Milk in Shower,Labell,Embalagem de 250 ml,"12,48 €/L","12,48 €/L"
Chocolate culinário branco,Pantagruel,Embalagem de 200g,"1,04 €","8,32 €/Kg"
Cachaço c/ Osso,Porco,1 un= 500 gr (aprox.),"4,89 €","4,89 €/Kg"
Rolls 6 unidades,Bimbo,Embalagem de 340g,"0,99 €","1,98 €/Kg"
Mistura para periquitos,Canto Alegre,Embalagem de 1K,"2,49 €","2,49 €/Kg"
Patê figado de porco,La piara,Embalagem de 80g,"1,09 €","12,39 €/Kg"
Pescada Pequena da Argentina -500g,Peixe Congelado,Pescado no mar,"3,99 €","9,98 €/Kg"
Vinho do porto dona antónia reserva branco,Ferreira,Garrafa de 0.75 l,"11,99 €","15,99 €/L"
Whisky,Glen crina,Garrafa de 700 ml,"11,49 €","16,41 €/L"
Grão de bico,PorSi,Frasco com 540 g,"2,19 €","2,81 €/Kg"
"Lenços de bolso sensi, brancos, 10 unidades",Renova,Uma embalagem de 6x10,"0,89 €","0,89 €/Unidade"
Queijo Curado Vaca/ Cabra/ Ovelha,PorSi,,"2,89 €","15,21 €/Kg"
Filete de anchovas estendidas,General,Embalagem de 40g,"0,95 €","7,92 €/Kg"
Bolachas digestive chocolate,PorSi,Embalagem de 300g,"1,19 €","5,95 €/Kg"
Massa macarronete riscado,Milaneza,Embalagem de 500g,"0,99 €","1,98 €/Kg"
Gel Intimo Suave,Corine de Farme,250 ml,"0,44 €","7,33 €/L"
Comida húmida para gato carnes e legumes com molho,PorSi,Embalagem de 1.2 kg,"3,59 €","2,99 €/Kg"
Bife do Pojadouro,Novilho,Vendido ao peso a partir de 800 g,"13,08 €","16,35 €/Kg"
Refrigerante c/ gás light,Coca-Cola,pack 6 x 0.33 l,"0,40 €/L","0,40 €/L"
Bacalhau Desfiado à Portuguesa,Centralres,Vendido ao peso,"5,00 €","9,99 €/Kg"
Posta de Perca-do-Nilo,PorSi,Vendido ao peso,"4,20 €","13,99 €/Kg"
Doce de cereja s/ açúcar adicionado,PorSi,Frasco com 220 g,"2,19 €","9,95 €/Kg"
Pensos Higiénicos Fina e Segura Maxi Super,Evax,Embalagem c/ 13 Unidades,"2,59 €","2,59 €/Unidade"
Massa cuscus,PorSi,Embalagem de 250g,"0,99 €","1,98 €/Kg"
Extra vitamina de a a z,PLANTANATU,Embalagem de 1 unidades,"9,69 €","9,69 €/Unidade"
Bebida aveia sem açúcar,Alpro,Embalagem de 1 l,"1,32 €","2,06 €/L"
Alimento lácteo morango +8 meses,Yogolino,Embalagem de 4 x 100 g,"2,89 €","7,23 €/Kg"
Bastão de cola,Domédia,20 g,"1,19 €","119,00 €/Kg"
Toalhitas básico,Dodot,embalagem com 54 unidades,"1,09 €/Unidade","1,09 €/Unidade"
Esfregão esponja ergonómico salva unhas,PorSi,Embalagem de 2 unidades,"0,79 €","0,79 €/Unidade"
Espetadas,Porco,1 un = 150 gr (aprox.),"4,89 €","4,89 €/Kg"
Ovos | Classe: M,Ovitae,24 unidades,"5,09 €","5,09 €/Unidade"
Vinho rosé frisante,Cacho Fresco,Garrafa de 0.75 l,"1,69 €","2,25 €/L"
Aperitivos tex mex,Doritos,Embalagem de 120g,"0,79 €","7,90 €/Kg"
Detergente pastilhas p/ máquina loiça oxyplus,Super Pop,Embalagem de 45 unidades,"1,49 €","5,96 €/L"
Molas plásticas,PorSi,15 unidades,"0,89 €","0,89 €/Unidade"
Aipo,Nossa seleção,Vendido ao peso,"0,12 €","2,49 €/Kg"
"Escova de cabelo, Pontas Nylon Premium",Labell,Uma unidade,"2,19 €","2,19 €/Unidade"
Vulcão brilhante,Clementoni,1 unidade,"16,99 €/Unidade","16,99 €/Unidade"
Areia para gato,Catsan,Embalagem com 10 litros,"1,29 €","0,26 €/Kg"
12 Preservativos Adapta Finíssimo,Control,,"4,49 €","4,49 €/Unidade"
Patas,Frango,1 un = 250 gr  (aprox.),"0,60 €","5,99 €/Kg"
Couve de bruxelas,PorSi,Embalagem de 750 g,"1,65 €","1,65 €/Kg"
Bolachas waffers baunilha,PorSi,Embalagem de 210g,"0,98 €","4,67 €/Kg"
Café moagem universal portugal,Delta,Embalagem de 250g,"8,76 €/Kg","8,76 €/Kg"
Ice tea pessêgo,Lipton,pack 6 x 0.25 l,"0,99 €","0,66 €/L"
"Coloração permanente, caramelo avelã, nº 6.41",Excellence,1 unidade,"9,49 €/Unidade","9,49 €/Unidade"
Gomas gelatina de maçã,Neo Botanica,Embalagem de 150 g,"1,69 €","11,27 €/Kg"
Bolacha infantil dinossaurus mini dino cereais,Artiach,Embalagem de 120g,"1,99 €","3,11 €/Kg"
Água de rosas,Hidro,Embalagem de 200 ml,"0,76 €","0,76 €/Unidade"
Queijo Ovelha Curado,PorSi,Vendido ao peso a partir de 250 g,"4,62 €","18,49 €/Kg"
Ambientador vela citronela,PorSi,1 unidade,"2,29 €","2,29 €/Unidade"
Moscatel favaios,Favaios,Garrafa de 750 ml,"6,79 €/L","6,79 €/L"
6 Salsichas de porco,Nobre,Lata de 120g,"0,75 €","3,75 €/Kg"
Filetes de pescada,PorSi,Embalagem de 400 g,"3,99 €","9,98 €/Kg"
Amaciador Roupa lavanda,PorSi,Embalagem de 60 doses,"3,99 €","3,99 €/Unidade"
Bolachas cereais passas e laranja,PorSi,Embalagem de 300 g,"0,85 €","5,67 €/Kg"
Água c/ gás original,Frize,pack 6 x 0.25 l,"2,85 €","2,85 €/L"
Lápis de cor 18 cm,Domédia,embalagem com 18 unidades,"4,99 €","4,99 €/Unidade"
Água mineral sem gás,Fastio,Pack 4 x 1.5 l,"1,04 €","0,17 €/L"
Salsichas Frescas Chipolatas,PorSi,Embalagem com 1 kg (aprox.),"0,99 €","7,07 €/Kg"
Areia para gato aglomerante,PorSi,Embalagem de 5 litros,"1,29 €","0,26 €/Kg"
Açúcar em saquetas,PorSi,Embalagem 1K,"1,49 €","1,49 €/Kg"
Sacos do lixo lavanda 50 litros,PorSi,15 unidades,"1,89 €","1,89 €/Unidade"
Massa fusilli tricolor,Milaneza,Embalagem de 500g,"0,99 €","1,98 €/Kg"
Cria o Cenário,Jurassic World,1 un.,"9,99 €/Unidade","9,99 €/Unidade"
Iogurte natural açucarado,PorSi,Embalagem de 4x125g,"0,99 €","1,98 €/Kg"
Whisky 12 anos,Ballantin.,Garrafa de 700 ml,"23,99 €","34,27 €/L"
Grão de bico,PorSi,Embalagem de 820g,"2,19 €","2,81 €/Kg"
Pensos higiénicos liberty super abas,Evax,Embalagem com 10 un.,"2,59 €","2,59 €/Unidade"
"Livro ""Histórias Fantásticas com Unicórnios""",Girassol,1 unidade,"1,99 €","1,99 €/Unidade"
Bebida de Soja Baunilha,PorSi Viva Bem,1 l,"0,79 €","0,79 €/L"
Ketchup,Calve,Embalagem de 280g,"0,87 €","2,90 €/Kg"
Canjinha de Frango do Campo Lusitano,PorSi Select,Embalagem de 750 g (aprox.),"0,60 €","5,99 €/Kg"
Creme de Mãos Xpress Absorv,Bioten,Embalagem de 100ML,"2,49 €","41,50 €/L"
Bebida espirituosa,1920,Garrafa de 1 l,"15,49 €","15,49 €/L"
Sacos lixo eco 100 litros,PorSi,10 unidades,"1,89 €","1,89 €/Unidade"
Physalis,*,100 g (aprox.),"1,89 €/Kg","1,89 €/Kg"
Arroz Carolino,Cigala,Embalagem de 1 kg,"1,35 €","1,35 €/Kg"
Cereais fitness,Nestle,Embalagem de 380g,"5,59 €","8,87 €/Kg"
"Bebida açucarada  tinto de verão, limão",Sandevid,"Garrafa de 1,5 l","2,39 €","1,59 €/L"
Vinagre de limpeza,PorSi,Embalagem de 1 l,"0,79 €","0,79 €/L"
"Jogo ""Fake?""",Clementoni,1 unidade,"9,99 €/Unidade","9,99 €/Unidade"
Cone chocolate,PorSi,Embalagem de 6 x 120 ml,"5,99 €","16,64 €/L"
Tapetes educativos p/ cães/gatos 60x60cm,PorSi,20 unidades,"8,75 €","8,75 €/Unidade"
Experiências Desafios Top,Odisseias,,"49,90 €","49,90 €/Unidade"
Arroz integral,PorSi Viva Bem,Embalagem de 1 kg,"1,05 €","1,05 €/Kg"
Creme abrasivo ativo c/ lixívia,Cif,Garrafa de 700 ml,"1,15 €","1,15 €/L"
Goela,Porco,Vendido ao peso,"4,89 €","4,89 €/Kg"
Sobremesa gelatina de ananás,PorSi,Embalagem 4X100G,"0,99 €","2,48 €/Kg"
Grelos,PorSi,Embalagem de 750g,"1,65 €","1,65 €/Kg"
Gelatina de morango,PorSi,Embalagem de 170g,"0,59 €","65,56 €/Kg"
Choco limpo congelado,PorSi,Vendido ao peso a partir de 200 g (aprox.),"4,20 €","13,99 €/Kg"
Canja c/ aletria,Knorr,Embalagem de 70g,"0,62 €","10,00 €/Kg"
Chá peso noite,PLANTANATU,Embalagem de 10 unidades,"1,79 €","44,75 €/Kg"
Bolachas recheadas com morango e cheesecake,Oreo,Embalagem de 150g,"4,83 €/Kg","4,83 €/Kg"
Nata para culinária ligeira,Mimosa,Embalagem de 200 ml,"0,75 €","3,75 €/L"
Milho para pipocas,Legumes secos,1 un = 100 gr. (aprox.),"0,28 €","2,75 €/Kg"
Gel pure 3 em 1,Garnier,Embalagem de 150 ml,"223,80 €/L","223,80 €/L"
Alimento seco para cão alta energia,PorSi,Embalagem de 10kg,"1,15 €/Kg","1,15 €/Kg"
"Recarga ambientador eléctrico, alfazema",PorSi,Embalagem de 25 ml,"1,99 €","1,99 €/Unidade"
Mopa com cabo,PorSi,1 unidade,"2,20 €","2,20 €/Unidade"
Pescada da Africa do Sul,Peixe Congelado,Pescado no mar,"3,99 €/Kg","3,99 €/Kg"
Molho inglês,Savora,Garrafa de 120 ml,"0,87 €","2,90 €/Kg"
Amaciador concentrado para roupa jojoba,PorSi,80 doses,"3,99 €","3,99 €/Unidade"
Mousse de chocolate leite,Páturages,Embalagem de 4x60 g,"1,15 €","1,92 €/Kg"
Azeite Subtil,Gallo,Garrafa de 750 ml,"3,49 €","4,65 €/L"
Sumo 100% maçã,Compal,1 litro,"1,69 €","1,69 €/L"
Ambientador vela baunilha,PorSi,1 unidade,"2,29 €","2,29 €/Unidade"
Refrigerante sem gás de manga/laran,Joi,"Garrafa de 1,5 l","0,99 €","0,66 €/L"
"Bebida láctea especial crescimento, 1-3 anos",Mimosa,Garrafa de 1 l,"0,26 €","1,30 €/L"
"Forma de papel para bolos, 9 cm, 60 unidades",PorSi,Uma embalagem,"0,79 €","0,79 €/Unidade"
Polpa de cebola e alho,PorSi,Embalagem de 500 g,"0,99 €","1,98 €/Kg"
12 pastéis de bacalhau,PorSi,Embalagem de 300 g,"1,79 €","7,16 €/Kg"
Leite uht gordo com rosca,PorSi,Embalagem de 1 litro,"1,04 €","1,04 €/L"
Pólen de abelhas,PorSi Select,Frasco de 130 g,"4,89 €","9,78 €/Kg"
Salsicha fresca merguez,PorSi,Embalagem de 330 g,"0,54 €","5,39 €/Kg"
Capa para tábua metálica,Vileda,1 un.,"16,50 €","16,50 €/Unidade"
Detergente manual roupa,PorSi,Embalagem de 650g,"1,19 €","2,98 €/Kg"
Achocolatado em pó extra chocolate,Nesquik,Embalagem de 390g,"8,59 €/Kg","8,59 €/Kg"
Água sem gás,Penacova,Garrafa de 1.5 litros,"1,04 €","0,17 €/L"
Sumo essencial de pêssego,Compal,pack 3 x 0.11 l,"2,29 €","6,94 €/L"
Licor beirão,Beirão,Garrafa de 700 ml,"16,49 €","23,56 €/L"
Limpa Tablier,PorSi,Embalagem de 1 l,"3,99 €","0,80 €/L"
"Palmilha de cortiça com latex, tamanho 40/41",Sonaf,1 unidade,"5,59 €","37,27 €/L"
Fita cola transparente,Uhu,15mm x 33m,"1,19 €","119,00 €/Kg"
Iogurte liquido stracciatella,PorSi,Embalagem de 4 x 160 g,"1,31 €","2,05 €/Kg"
Carcaça de Cereais,Panpor,,"0,19 €","2,38 €/Kg"
Manteiga c/ sal,Mimosa,Embalagem de 250g,"1,89 €","7,56 €/Kg"
Pastilhas ice spearmint,CHICLETS,Embalagem de 17 g,"0,99 €","58,24 €/Kg"
Comida húmida para cão,PorSi,Embalagem de 300 g,"0,75 €","2,50 €/Kg"
Mistura solúvel tofina despertar,Nestle,Embalagem de 200g,"0,79 €","3,16 €/Kg"
Desodorizante Black & White Invisible,Nivea,150 ml,"4,69 €","31,27 €/L"
Maminha,Novilho,Vendido ao peso (artigo em vácuo),"13,08 €","16,35 €/Kg"
Massa fettuccine,PorSi,Embalagem de 500g,"0,99 €","1,98 €/Kg"
Azeite virgem extra gourmet,Gallo,Garrafa de 750 ml,"3,49 €","4,65 €/L"
Lixívia perfumada,PorSi,Embalagem de 5 l,"1,09 €","0,55 €/L"
Leite corporal,Nivea,Embalagem de 400 ml,"12,48 €/L","12,48 €/L"
Adoçante com doseador,PorSi,Embalagem 100 comprimidos,"3,79 €","3,79 €/Unidade"
Cereais corn flakes,Kellogg's,Embalagem de 500g,"1,49 €","2,98 €/Kg"
Vulcão,Science4You,1 unidade,"9,99 €/Unidade","9,99 €/Unidade"
Super articulações,PLANTANATU,Embalagem de 1 unidades,"9,69 €","9,69 €/Unidade"
"Pensos, 20 unidades",Hansaplast,1 embalagem,"0,79 €","1,58 €/L"
Bolachas crackers integral,Du bois,Embalagem de 500g,"0,39 €","3,12 €/Kg"
Água oxigenada,Labell,Embalagem de 500 ml,"0,79 €","1,58 €/L"
Manteiga com sal,Milhafre,Embalagem de 250g,"1,89 €","7,56 €/Kg"
Collant mousse preta 20D,PorSi,Tamanho: M,"1,89 €","1,89 €/Unidade"
Salsicha bockwurst 5 unidades,PorSi,Embalagem de 250g,"0,75 €","3,75 €/Kg"
Conjunto Caravan Nº1,Caravan,1 unidade,"10,19 €","10,19 €/Unidade"
Escalopes,Frango,1 un = 150 gr (aprox.),"1,05 €","2,99 €/Kg"
Leite UHT Meio Gordo,Gresso,Embalagem de 1 l,"0,83 €","0,83 €/L"
"Vinho DOC Bairrada, Branco",Selecção de Enófilos,Garrafa de 0.75 l,"2,49 €","3,32 €/L"
Uno cartas,Mattel,1 unidade,"9,99 €/Unidade","9,99 €/Unidade"
Filetes de cavala em azeite,PorSi,Embalagem de 120 g,"0,95 €","7,92 €/Kg"
Marcadores para colorir,Domédia,embalagem com 12 unidades,"4,99 €","4,99 €/Unidade"
Delícia de bolacha,PorSi,Embalagem de 2x135 g,"0,55 €","2,75 €/Kg"
"Bloco de desenho A3, 24 folhas",Domédia,1 unidade,"2,49 €","2,49 €/Unidade"
Néctar classico de ananás,Compal,Garrafa de 200 ml,"0,99 €","0,99 €/L"
Farinha p/ bolos extra fina,Nacional,Embalagem de 1 kg,"0,85 €","0,85 €/Kg"
Vinho rosé,Lancers,Garrafa 0.75L,"4,29 €","5,72 €/L"
Manteiga amendoim cremosa,PorSi,Embalagem de 340g,"8,13 €/Kg","8,13 €/Kg"
Óleo Cedro Spray,PorSi,Embalagem de 250 ml,"4,39 €","14,63 €/L"
Detergente em pó máquina de lavar roupa lavanda,PorSi,75 doses,"8,69 €","1,84 €/Kg"
"Caramelos de fruta, morango single",Sugus,Embalagem de 50g,"1,19 €","4,76 €/Kg"
Cerveja c/ álcool,Sagres,pack 15 x 0.33 l,"0,38 €","1,15 €/L"
Farinha láctea cerelac,Cerelac,Embalagem de 500g,"4,99 €","4,99 €/Kg"
"Papel higiénico acolchoado, folha tripla, 9 rolos",Scottex,1 embalagem,"1,99 €","1,99 €/Unidade"
Rebuçados de café,Villa,Embalagem de 200 g,"1,00 €","4,00 €/Kg"
Soro fisiológico,PorSi,Embalagem de 60 ml,"0,44 €","7,33 €/L"
Caracol Médio,Nossa seleção,1 un = 250 gr (aprox.),"4,59 €","4,59 €/Kg"
Bolachas waffers chocolate,PorSi,Embalagem de 210g,"0,98 €","4,67 €/Kg"
Borracha para lápis e tinta,Domédia,1 unidade,"4,99 €","4,99 €/Unidade"
Massa de cotovelos grandes riscados,Milaneza,Embalagem de 500g,"0,99 €","1,98 €/Kg"
Borrego de Leite,Nossa Selecção,1 un = 14 kg (aprox.),"69,86 €","9,98 €/Kg"
Hamburguers de bovino,PorSi,Embalagem de 1 kg,"2,79 €","8,72 €/Kg"
Cappuccino Café Solúvel Descafeinado,Nescafe,Embalagem de 125g | 10 Saquetas,"1,59 €","6,36 €/Kg"
Balões latex verde,PorSi,Embalagem com 24 unidades,"1,69 €","1,69 €/Unidade"
Orelhas,Porco,1 un = 250 gr (aprox.),"0,60 €","5,99 €/Kg"
Limpa vidros cristal recarga,Ajax,Embalagem de 500 ml,"3,19 €","6,38 €/L"
"Batata frita caseira, rodela",Pala-pala,Embalagem de 180g,"0,87 €","5,44 €/Kg"
Miolo de ameijoa,PorSi,Embalagem de 250 g,"4,99 €","6,24 €/Kg"
Película Aderente 60M,PorSi,1 unidade,"1,11 €","1,11 €/Unidade"
"Rebuçados sem açucar vita c, sabor citrinos",Halls,Embalagem de 32G,"0,85 €","4,25 €/Kg"
Preparado p/ arroz de marisco,Pescanova,Embalagem de 500g,"2,19 €","8,59 €/Kg"
Lombo de bacalhau,PorSi,Vendido ao peso,"16,49 €","10,99 €/Kg"
3 Pipetas de Repelente p/ Gato,Repul'7,1 unidade,"9,49 €","9,49 €/Unidade"
Aperfeiçoador BB Cream Médio,Garnier,Embalagem de 50 ml,"223,80 €/L","223,80 €/L"
"Creme de muda de fralda, para bebé",Pommette,Embalagem de 100 ml,"0,55 €","5,50 €/L"
Mostarda de Dijon,PorSi Select,190 g,"0,87 €","2,90 €/Kg"
Leite creme,PorSi,Embalagem de 4x23g,"0,49 €","5,44 €/Kg"
Aguardente,Alma pura,Garrafa de 0.70 l,"12,79 €","18,27 €/L"
Biscoitos brownies,PorSi,Embalagem de 230g,"0,85 €","5,67 €/Kg"
Chá barbas de milho,PLANTANATU,Embalagem de 10g,"1,79 €","44,75 €/Kg"
Queque,PorSi,1 unidade = 55 g,"1,20 €/Unidade","1,20 €/Unidade"
Meloa Gália,Fruta da Época,1 un = 1 kg (aprox.),"0,79 €","3,15 €/Kg"
Molho mil ilhas,PorSi,Garrafa de 120 ml,"0,87 €","2,90 €/Kg"
Porto 10 anos,Velhotes,Garrafa de 0.75 l,"9,99 €","13,32 €/L"
Sobremesa Paturette Caramelo,Páturages,Embalagem de 4x115g,"1,15 €","1,92 €/Kg"
Recarga Ambientador Automático Sparkling Citrus,PorSi,Embalagem de 250 ml,"1,99 €","1,99 €/Unidade"
Bolacha tostada,PorSi,Embalagem de 800g,"1,49 €","1,86 €/Kg"
Morcela de Sousel,PorSi,1 un = 450 gr (aprox.),"1,20 €","5,99 €/Kg"
Néctar light de laranja prisma,PorSi,Embalagem de 1 l,"0,84 €","2,55 €/L"
Lombo assado fatiado,PorSi,150 g,"2,49 €","16,60 €/Kg"
Operação dinossauro,Jurassic World,1 un.,"9,99 €/Unidade","9,99 €/Unidade"
Brócolos congelados,PorSi,Embalagem de 1 kg,"1,65 €","1,65 €/Kg"
Leite uht magro,Agros,Embalagem de 1 litro,"0,83 €","0,83 €/L"
Vinho rosé,C.mendes,Garrafa de 750 ml,"4,29 €","5,72 €/L"
Lambrusco bianco,*,Garrafa de 750 ml,"6,89 €","9,19 €/L"
Molho piri piri,Macarico,Embalagem de 200g,"0,87 €","2,90 €/Kg"
Perna de Frango do campo,PorSi Select,embalagem de 700 g (aprox.),"1,05 €","2,99 €/Kg"
Ananás em rodelas lata,PorSi,Embalagem de 820g,"2,09 €","2,49 €/Kg"
"Frigideira anti-aderente, 24cm",PorSi,1 unidade,"9,99 €","9,99 €/Unidade"
Red Fish Congelado,Nossa seleção,1 un. 200 a 300 g (aprox.),"3,99 €/Kg","3,99 €/Kg"
Açúcar baunilhado,Globo,Embalagem de 70g,"1,49 €","1,49 €/Kg"
10 douradinhos vegetais,Iglo green,Embalagem de 280g,"9,30 €/Kg","9,30 €/Kg"
Iogurte liquido infantil morango,PorSi,Embalagem de 6 x 94 ml,"1,05 €","1,86 €/L"
Frutos vermelhos,PorSi,Embalagem de 750 g,"4,99 €","9,98 €/Kg"
"Inseticida recarga, elétrico, 45 noites",Raid,1 unidade,"7,69 €","7,69 €/Unidade"
Aperitivo de anis,Ricard,Garrafa de 700 ml,"16,49 €","23,56 €/L"
Pensos Incontinência Mulher Discreet Normal,Tena,Embalagem com 24 unidades,"5,59 €","5,59 €/Unidade"
Rolo de cozinha mega,PorSi,1 rolo,"1,09 €","1,09 €/Unidade"
Amendoas trituradas 125g,Vahine,Embalagem de 130g,"1,29 €","3,23 €/Kg"
Couscous comespeciarias 4x125g,PorSi,Embalagem de 500g,"0,99 €","1,98 €/Kg"
Peito de frango,PorSi,"Vendido ao peso, fatiado a partir de 150 g","2,25 €","11,25 €/Kg"
Aguardente velha vsop,Antiqua,Garrafa de 700 ml,"12,79 €","18,27 €/L"
Folha de alumínio,PorSi,30 metros,"1,11 €","1,11 €/Unidade"
Depilatório homem gel,Veet,Garrafa de 200 ml,"9,99 €","49,95 €/L"
Discos Sanitários Activos Aparelho Lavanda,WC Pato,Embalagem de 36 ml,"39,60 €/Kg","39,60 €/Kg"
Canja de galinha económica,Knorr,Embalagem de 60g,"0,62 €","10,00 €/Kg"
Gomas ovinhos,PorSi,Embalagem de 300 g,"1,69 €","11,27 €/Kg"
Rebuçados de mentol,Sweet flav,Embalagem de 250 g,"0,85 €","4,25 €/Kg"
Trinca de arroz,PorSi,Embalagem de 5 kg,"1,15 €/Kg","1,15 €/Kg"
Quinoa branca,PorSi Viva Bem,Embalagem de 200 g,"1,39 €","6,95 €/Kg"
Gran cruz rosé porto cruz pink,Cruz,Garrafa de 750 ml,"16,49 €","23,56 €/L"
Torta cacau com sabor a natas,PorSi,Embalagem de 300g,"2,05 €","5,13 €/Kg"
Coelho Inteiro Programa Origens,PorSi,1 un = 1 kg (aprox.),"1,05 €","2,99 €/Kg"
Creme fixação para dentaduras,Polident,Embalagem de 70 g,"7,39 €","105,57 €/Kg"
Toucinho fumado extra,PorSi,Embalagem de 200 g,"2,79 €","9,30 €/Kg"
Atum posta em óleo vegetal,PorSi,Embalagem de 385g,"0,95 €","7,92 €/Kg"
Corn flakes,PorSi,Embalagem de 1 kg,"1,49 €","2,98 €/Kg"
Bolachas chips ahoy,Ca!,Embalagem de 300g,"0,85 €","5,67 €/Kg"
Feijão encarnado,PorSi,Embalagem de 820 g,"2,19 €","2,81 €/Kg"
Iogurte natural,Danone,Embalagem de 4 x 120 g,"0,99 €","1,98 €/Kg"
Bandas de cera depilatória axilas peles sensíveis,Veet,embalagem com 16 unidades,"3,51 €","3,51 €/Unidade"
Lava Tudo Brilhante Madeira,Sonasol,"embalagem 1,1L","2,49 €","2,49 €/L"
Leite e cereais pijama +6 meses,Cerelac,Garrafa de 400 ml,"4,99 €","4,99 €/Kg"
"Creme de depilação duche, peles normais",Veet,Garrafa de 150 ml,"2,99 €","14,95 €/L"
Água mineral natural alcalina,MONCHIQUE,Garrafão de 5 l,"1,04 €","0,17 €/L"
Máquina de barbear sensor excel universal,Gillette,1 unidade,"1,29 €","5,16 €/L"
Arroz agulha,Caçarola,Embalagem de 1 kg,"1,35 €","1,35 €/Kg"
Pescada Média Argentina,Peixe Congelado,+ de 500 g,"3,99 €/Kg","3,99 €/Kg"
Snack Gato Anti Bolas de Pelo,PorSi,Embalagem 60 g,"0,89 €","14,83 €/Kg"
Batata Frita c/ Sal,Ruffles,Embalagem de 160 g,"1,09 €","5,89 €/Kg"
Batata frita ondulada wavy,PorSi,Embalagem de 180g,"1,09 €","5,89 €/Kg"
Patê atum,La piara,Embalagem de 80g,"1,09 €","12,39 €/Kg"
Mini tostas integrais super finas,PorSi,Embalagem de 100 g,"2,39 €","6,83 €/Kg"
Banha,PorSi,Embalagem de 230 g,"2,89 €","2,89 €/Kg"
Nata pasteurizada,PorSi,Embalagem de 450 ml,"0,75 €","3,75 €/L"
Bolacha de Manteiga Belga c/ Chocolate Branco,Saborosa,Embalagem de 198 g,"1,69 €","6,76 €/Kg"
Creme de cassis,P.dabot,Garrafa de 700 ml,"16,49 €","23,56 €/L"
Salada de Marisco,Amarras,Embalagem de 700 g,"2,19 €","8,59 €/Kg"
Lixívia Tradicional,Neoblanc,Embalagem de 4 l,"1,79 €","0,36 €/L"
Caderno Agrafado Capa Preta |A4 Pautado,Domédia,1 unidade,"5,49 €","5,49 €/Unidade"
Creme vegetal para culinária,PorSi,Embalagem de 250g,"1,99 €","3,98 €/Kg"
Ketchup,PorSi,Embalagem de 560 g,"0,87 €","2,90 €/Kg"
Iogurte grego stracciatella sem lactose,PorSi Viva Bem,Embalagem de 240g,"0,99 €","1,98 €/Kg"
Esparguete,PorSi,Embalagem de 1 kg,"0,99 €","1,98 €/Kg"
2 Vieiras Gratinadas À Bretanha,PorSi Select,220 g,"1,99 €","6,63 €/Kg"
Piccolinis frankfurt,Buitoni,Embalagem de 270g,"2,25 €","6,43 €/Kg"
Sopa Creme de Marisco,PorSi,Embalagem de 80 g,"0,62 €","10,00 €/Kg"
Flan sabor a baunilha com caramelo,PorSi,Embalagem de 6 x 100 g,"1,15 €","1,92 €/Kg"
Desodorizante spray sport 48h,Labell Men,Embalagem de 200 ml,"1,39 €","6,95 €/L"
Lâmpada LED Forma Esférica 25W E27,Domédia,1 un.,"3,99 €","3,99 €/Unidade"
Batata palha finíssima,PorSi Select,Embalagem de 180 g,"0,87 €","5,44 €/Kg"
Vinho Vinha da Fonte Setúbal branco,Casa Ermelinda Freitas,Garrafa de 0.75 l,"2,99 €","3,99 €/L"
Detergente Líquido p/ Loiça Original,Fairy,"Embalagem de 1,19 l","1,19 €","2,38 €/L"
Vinagre de vinho branco,PorSi,Garrafa de 1 l,"0,35 €","0,70 €/L"
Pescada do Pacífico,Peixe Congelado,"Congelada de 1 a 1,5 kg","3,99 €/Kg","3,99 €/Kg"
Sacos lixo eco com atilho 50 litros,PorSi,15 unidades,"1,89 €","1,89 €/Unidade"
Pizza hawai,PorSi,Embalagem de 350g,"2,25 €","6,43 €/Kg"
Recarga Desumidificador Inodoro,HUMYDRY,embalagem de 450g,"2,99 €","6,64 €/Kg"
Banda cera fria peles sensíveis p/corpo,Veet,Embalagem de 20 unidades,"3,51 €","3,51 €/Unidade"
"Refrigerante sem gás, laranja",Joi,"Garrafa de 1,5 l","0,99 €","0,66 €/L"
Ambientador Anti-Tabaco,Ambipur,1 un.,"3,59 €","3,59 €/Unidade"
Vinho regional península de setúbal,Dom Campos,Garrafa de 0.75 l,"2,99 €","3,99 €/L"
Polpa de tomate com cebola e alho,Compal,Embalagem de 500g,"0,99 €","1,98 €/Kg"
Vinagre vinho branco,PorSi,Garrafa de 500 ml,"0,35 €","0,70 €/L"
Anticongelante vermelho -11,Arbo,Embalagem de 5 l,"3,99 €","0,80 €/L"
Queijo manchego D.O.P,PorSi Select,Embalagem de 250g,"6,00 €","23,99 €/Kg"
Papa infantil para preparar com leite +6 meses,Cerelac,Embalagem de 250g,"4,99 €","4,99 €/Kg"
Gengibre desidratado em cubos,Cemporcent,Embalagem de 100g,"1,05 €","1,05 €/Kg"
"Hamburguers de frango, 4 x 80 g",PorSi,Embalagem de 320g,"2,79 €","8,72 €/Kg"
Bolachas dinossauros dinoovos,Artiach,Embalagem de 140g,"1,99 €","3,11 €/Kg"
Mistura para canários,Canto Alegre,Embalagem de 1K,"2,49 €","2,49 €/Kg"
Refresco em pó de morango,PorSi,Embalagem de 40g,"0,59 €","14,75 €/Kg"
Vinho tinto,Alandra,Garrafa de 750 ml,"2,99 €","3,99 €/L"
Chaleira Vidro/Inox C/ Filtro,Gratta,Cap.: 1250 ml,"7,49 €/Unidade","7,49 €/Unidade"
Magnum amêndoa,Olá,Embalagem de 6 x 55 ml,"5,99 €","16,64 €/L"
Dourada Pequena,Peixe do Dia,"Vendido ao peso, de 200 a 600 g","3,89 €","6,49 €/Kg"
Espetadas de Peru,Peru,1 un = 150 gr (aprox.),"1,05 €","2,99 €/Kg"
Chicharro Fresco,Peixe do Dia,1 un= 400 g (aprox.),"3,89 €","6,49 €/Kg"
Vinho branco monbazillac  2012,Expertclub,Garrafa de 750 ml,"6,89 €","9,19 €/L"
Collant mousse 20d baltic m,PorSi,Embalagem de 1 unidades,"1,89 €","1,89 €/Unidade"
Queijo de azeitão dop,Santiago,Embalagem de 240g,"4,62 €","18,49 €/Kg"
Figo,Fruta da Época,1 un = 50 gr  (aprox.),"1,89 €/Kg","1,89 €/Kg"
Gin dry bombay(40º) 0.70l,Bombay,Garrafa de 700 ml,"16,49 €","23,56 €/L"
Peru Inteiro Fêmea sem Miúdos,Peru,1 un= 5kg (aprox.),"1,05 €","2,99 €/Kg"
Queijo de ovelha cura 12 meses,Serramonte,vendido ao peso,"4,62 €","18,49 €/Kg"
Iogurte de morango sem lactose,PorSi Viva Bem,4 x 125 g,"1,99 €","1,33 €/Kg"
Queijo Camembert,President,Embalagem de 250 g,"1,45 €","7,25 €/Kg"
Descafeinado,Nestlé,Embalagem de 100 g,"1,59 €","6,36 €/Kg"
Massa de macarrão grande estriado,PorSi,Embalagem de 500g,"0,99 €","1,98 €/Kg"
Malha vegetal com Ricotta 110 g,Pastelaria do Dia,,"0,65 €","0,65 €/Unidade"
Sacos lixo com alças 25 litros,PorSi,30 unidades,"1,89 €","1,89 €/Unidade"
Côco ralado,PorSi,Embalagem de 200g,"1,29 €","3,23 €/Kg"
Iogurte líquido infantil morango e banana,PorSi,Pack 6 x 100 g,"1,31 €","2,05 €/Kg"
Bolacha Maria sem lactose,PorSi Viva Bem,Embalagem de 200 g,"0,99 €","1,98 €/Kg"
Pá + espanador,PorSi,1 conjunto,"2,20 €","2,20 €/Unidade"
Legumes verdes para sopa,PorSi,Embalagem de 1 kg,"1,65 €","1,65 €/Kg"
Sabonete glicerina natural,Palmolive,Embalagem de 90 g,"4,49 €","12,47 €/Kg"
Guardanapos de 1 folha azuis | dim.: 30 x 29 cm,PorSi,Embalagem com 70 unidades,"1,49 €","1,49 €/Unidade"
Espumante sem álcool para crianças,Look,Garrafa de 750 ml,"0,40 €/L","0,40 €/L"
Ice tea de manga,PorSi,"Embalagem de 6x0,20 l","0,99 €","0,66 €/L"
Massa Fresca Lasanha,PorSi,Embalagem de 250 g,"0,99 €","4,30 €/Kg"
Bicarbonato de sódio,PorSi,Saqueta de 75 g,"1,89 €","17,18 €/Kg"
Bolachas,Oreo,Embalagem de 220g,"4,83 €/Kg","4,83 €/Kg"
Adoçante à base de sucralose em pó,PorSi,Embalagem de 90g,"3,79 €","3,79 €/Unidade"
Leite creme,PorSi,Embalagem de 2x135 g,"0,55 €","2,75 €/Kg"
Bandas de cera fria bikini peles sensíveis,Veet,Embalagem de 16 unidades,"3,51 €","3,51 €/Unidade"
Sabonete líquido maçãs verdes,Labell,Embalagem de 500 ml,"2,18 €/L","2,18 €/L"
Gel wc anticalcário sem lixívia,PorSi,"Garrafa de 1,5 l","2,79 €","3,72 €/L"
Esferográfica Preta Média,Mab,Embalagem com 4 un.,"2,69 €","2,69 €/Unidade"
Arroz Thai Jasmim,PorSi,1 kg,"1,35 €","1,35 €/Kg"
Bloco Sanitário Sólido Aqua,Sonasol,Embalagem de 2x50 g,"39,60 €/Kg","39,60 €/Kg"
"Néctar pêssego, prisma",PorSi,Embalagem de 1 l,"0,99 €","0,99 €/L"
Máquina depilação Venus Breeze 2 em 1,Gillette,1 unidade,"8,49 €","8,49 €/Unidade"
Sementes de linhaça dourada,PorSi Viva Bem,Embalagem de 250 g,"1,59 €","10,60 €/Kg"
Vinho do porto lbv 2004,Cruz,Garrafa de 0.75 l,"9,99 €","13,32 €/L"
Marmelada,PorSi,Embalagem de 900g,"1,09 €","2,42 €/Kg"
Creme vegetal soja,Planta,Embalagem de 250 gr,"1,99 €","3,98 €/Kg"
Pimentão doce saqueta,PorSi,Embalagem de 50 g,"0,25 €","0,25 €/Kg"
Kit de viagem,Colgate,pasta dentífrica + escova,"3,99 €","3,99 €/Unidade"
Empada de Frango 60 g,Fornada do Dia,,"0,65 €","0,65 €/Unidade"
Carapau Médio Fresco,Peixe do Dia,1 un = 150 gr (aprox.),"3,89 €","6,49 €/Kg"
Pano limpa pó de flanela,PorSi,1 unidade,"1,49 €","1,49 €/Unidade"
"Vinho bairrada, reserva, tinto",Selecção de Enófilos,Garrafa de 0.75 l,"2,49 €","3,32 €/L"
Twins,Gullon,pack 2 x 154 g,"4,83 €/Kg","4,83 €/Kg"
Rebuçados mentho-lyus sem açúcar,Halls,Embalagem de 31 g,"0,85 €","4,25 €/Kg"
Palitos redondos,PorSi,200 unidades embalados individualmente,"1,15 €","1,15 €/Unidade"
Gel de banho júnior maçã e pera,Labell,Embalagem com 300 ml,"4,39 €","21,95 €/L"
"Inseticida líquido, elétrico, apa",Raid,Embalagem de 21 ml,"7,69 €","7,69 €/Unidade"
Bloco Sanitário Poder Activo Aqua,Sonasol,Embalagem de 50 g,"39,60 €/Kg","39,60 €/Kg"
Queijo 3 Igrejas Cura 2m Pimentão,Santiago,Vendido ao peso a partir de 250 gr,"25,45 €/Kg","25,45 €/Kg"
Pastilhas de Limpeza Dentífrica Branqueadora,Polident,Embalagem com 30 unidades,"7,39 €","105,57 €/Kg"
"Refrigerante com gás, ananás",Sumol,"Garrafa de 1,25 l","0,40 €/L","0,40 €/L"
Leite e cereais bolacha maria +6 meses,Cerelac,Garrafa de 400 ml,"4,99 €","4,99 €/Kg"
Chocolate culinário em pó,Pantagruel,Embalagem de 130g,"1,04 €","8,32 €/Kg"
Refrigerante c/ gás laranja,Fanta,"Garrafa de 1,5 l","0,40 €/L","0,40 €/L"
Flocos de aveia,PorSi Viva Bem,Embalagem de 400g,"0,75 €","1,88 €/Kg"
Ice tea de pêssego,PorSi,"Embalagem de 1,5 l","0,99 €","0,66 €/L"
Anti-traça Alimentos,Raid,2 + 1 unidades,"5,49 €","5,49 €/Unidade"
Tablete de chocolate de leite,PorSi Select,Embalagem de 200g,"5,30 €/Kg","5,30 €/Kg"
Batata pré-frita palito,PorSi,Embalagem de 1 kg,"1,49 €","1,49 €/Kg"
Chá de gengibre,PLANTANATU,Embalagem de 20g,"1,79 €","44,75 €/Kg"
Arroz Carolino,Saludães,Embalagem de 1 kg,"1,35 €","1,35 €/Kg"
Bacalhau com azeite e alho,PorSi Select,Lata de 120 g,"0,95 €","7,92 €/Kg"
Moelas,Frango,1 un = 200 gr (aprox.),"0,60 €","5,99 €/Kg"
Iogurte líquido magro frutos vermelhos,PorSi Viva Bem,Embalagem de 4x160 ml,"1,31 €","2,05 €/Kg"
Leite com chocolate,Agros,Embalagem de 200 ml,"0,26 €","1,30 €/L"
Café solúvel sem cafeína,Nescafe,Embalagem de 20g,"14,50 €/Kg","14,50 €/Kg"
Bolachas cereais e pepitas de chocolate,PorSi,Embalagem de 400 g,"0,85 €","5,67 €/Kg"
Costeletas do Lombo,Porco,Vendido ao peso a partir de 1 kg,"4,89 €","4,89 €/Kg"
Gelatina pronta a comer light 10 kcal ananás,Royal,Embalagem de 4 x 100 g,"0,99 €","2,48 €/Kg"
Arroz carolino vaporizado,Cacarola,Embalagem de 1 kg,"1,35 €","1,35 €/Kg"
Café moagem universal brasil,Delta,Embalagem de 220g,"8,76 €/Kg","8,76 €/Kg"
Fósforos cozinha,Flamefast,Uma embalagem com 4 unidades,"1,15 €","1,15 €/Unidade"
Amido de milho,PorSi,Embalagem de 400g,"1,89 €","17,18 €/Kg"
Barras fitness com morango,Nestle,Embalagem de 140g,"5,59 €","8,87 €/Kg"
Água Tónica Zero,Schweppes,Garrafa de 1 l,"1,60 €","3,20 €/L"
Esferográfica Azul Média,Mab,Embalagem com 4 un.,"2,69 €","2,69 €/Unidade"
Pão de forma sem côdea,Panrico,Embalagem de 650g,"2,63 €/Kg","2,63 €/Kg"
Iogurte sabor a coco,PorSi,Embalagem de 4 x 125 g,"1,99 €","1,33 €/Kg"
Chá preguiça intestinal,PLANTANATU,Embalagem de 10 unidades,"1,79 €","44,75 €/Kg"
Vinho do porto lágrima tinto,Ramos Pinto,"Garrafa de 0,75L","6,29 €","8,39 €/L"
"Cerveja com álcool, lata",Super Bock,Garrafa de 330 ml,"0,38 €","1,15 €/L"
Alho Francês,Legumes do Dia,1 un=300 gr (aprox.),"0,75 €","2,49 €/Kg"
Pilha alcalina classic lr6x8,Domédia,1 unidade,"1,75 €","1,75 €/Unidade"
Azeite virgem extra clássico,Gallo,Garrafa de 750 ml,"3,49 €","4,65 €/L"
Iogurte naturea natural,PorSi,Embalagem de 4 x 125 g,"0,99 €","1,98 €/Kg"
"Spray depilatório, peles sensiveis",Veet,Garrafa de 150 ml,"2,99 €","14,95 €/L"
Whisky 8 anos,Grant's,Garrafa de 0.70 l,"23,99 €","34,27 €/L"
Super tea immune com vitamina c,Tetley,Embalagem de 40g,"1,19 €","59,50 €/Kg"
Iogurte arôma de frutos vermelhos,PorSi,Embalagem de 8x125 g,"1,99 €","1,33 €/Kg"
Café Qalidus XXL,Delta Q,Embalagem com 60 cápsulas,"2,79 €","19,93 €/Kg"
Comida húmida para cão de frango e legumes,PorSi,Lata de 400 g,"0,75 €","2,50 €/Kg"
Lenços faciais brancos 2 folhas,PorSi,150 unidades,"0,89 €","0,89 €/Unidade"
Big burger vegetais,Iglo green,Embalagem de 250g,"9,30 €/Kg","9,30 €/Kg"
8 salsichas frankfurt,Izidoro,Embalagem de 200g,"0,75 €","3,75 €/Kg"
"Aperitivos, amendoins no forno",Matutano,Embalagem de 200g,"1,00 €","5,00 €/Kg"
Jardineira,PorSi,Embalagem de 750 g,"1,65 €","1,65 €/Kg"
Chocolate kit kat,Kit kat,Embalagem de 130g,"11,79 €/Kg","11,79 €/Kg"
Leite uht c/ chocolate,Ucal,Embalagem de 3 x 250 ml,"0,26 €","1,30 €/L"
Leite c/ chocolate,Gresso,Pack 4X200ml,"0,26 €","1,30 €/L"
Bandida do pomar maçã 4x25cl,Bandida,Garrafa de 1 l,"1,59 €","3,18 €/L"
Crepe de ovo,PorSi,Embalagem de 540 g,"2,57 €","7,79 €/Kg"
Creme para barrar,Nutella,Embalagem de 200 g,"8,13 €/Kg","8,13 €/Kg"
Detergente Líquido p/ Loiça Limão,Fairy,"Embalagem de 1,19 l","1,19 €","2,38 €/L"
Spray silicone,Arbo,Embalagem de 600 ml,"3,99 €","0,80 €/L"
Azeitona galega mista inteira,PorSi,Vendido ao peso a partir de 500 g,"1,00 €","3,99 €/Kg"
Galão enriquecido em cálcio,Ucal,Embalagem de 3 x 200 ml,"0,26 €","1,30 €/L"
Queijo de cabra curado,PorSi,Embalagem de 2x100 g,"5,95 €","23,79 €/Kg"
Toalhitas Sensitive |Recarga,Dodot,Pack: 4 x54 unidades,"1,09 €/Unidade","1,09 €/Unidade"
Vinho verde branco,3 marias,Garrafa de 1 l,"3,09 €","3,09 €/L"
Queijo Curado Amanteigado,Queijaria das Pousadas,Vendido ao peso a partir de 250 g,"2,42 €","9,69 €/Kg"
Flan de ovos,PorSi,Embalagem 4 x 100 g,"0,55 €","2,75 €/Kg"
Bolachas com recheio baunilha,PorSi,Embalagem de 500g,"2,78 €/Kg","2,78 €/Kg"
Couve Lombarda,Legumes do Dia,1 un=1 kg (aprox.),"1,04 €","2,59 €/Kg"
"Alimento húmido para gato +1 ano, sabor a aves",Whiskas,Embalagem de 400g,"3,59 €","2,99 €/Kg"
"Creme de dia, age perfect",L'oreal,Embalagem de 50 ml,"223,80 €/L","223,80 €/L"
Farinha,Maizena,Embalagem de 400g,"0,85 €","0,85 €/Kg"
Manteiga com sal,Novacores,Embalagem de 250g,"1,89 €","7,56 €/Kg"
Lava Tudo Flores Montanha,Sonasol,1.3 l,"0,99 €","0,50 €/L"
5 folhas de gelatina incolor,PorSi,Embalagem de 9 g,"0,59 €","65,56 €/Kg"
Cappucinno,PorSi,Embalagem de 125 g,"3,19 €","25,52 €/Kg"
Vinagre de limpeza,Dona Pureza,Embalagem de 1 l,"0,79 €","0,79 €/L"
Queijo curado alho e salsa,Nova Açores,Vendido ao peso,"0,82 €","23,43 €/Kg"
Body Milk Cocoa,Nivea,Embalagem de 250 ml,"12,48 €/L","12,48 €/L"
Óleo alimentar,PorSi,Garrafão de 3 litros,"3,59 €","3,59 €/L"
Rolo de Cozinha Multi,Renova,4 Rolos,"1,09 €","1,09 €/Unidade"
Damasco Programa Origens,PorSi,Vendido ao peso,"2,50 €","4,99 €/Kg"
Toranja,Fruta do Dia,1 un = 300 gr  (aprox.),"0,35 €","1,39 €/Kg"
Alface Frisada,*,1 un= 400 g (aprox.),"1,16 €","2,89 €/Kg"
Vinho Regional de Lisboa Branco,Mundus,"Garrafa de 0,75L","1,69 €","2,25 €/L"
"Néctar de alperce, tetra",Compal,pack 3 x 200 ml,"0,99 €","0,99 €/L"
Guardanapos brancos 30x30 cm,PorSi,Embalagem com 100 unidades,"1,49 €","1,49 €/Unidade"
Manteiga sem sal,Mimosa,Embalagem de 250g,"1,89 €","7,56 €/Kg"
Batata frita lisa chips,PorSi,Embalagem de 185 g,"1,09 €","5,89 €/Kg"
Suiço Longo c/ Pepitas de Chocolate,PorSi,1 un. = 100 g,"1,20 €/Unidade","1,20 €/Unidade"
Vinho tinto bordeaux,CLOS DE LOS SIETE,Garrafa de 0.75 l,"6,89 €","9,19 €/L"
Maçã Royal Gala 80/85,Programa Origens,1 un = 150 gr (aprox.),"0,24 €","1,85 €/Kg"
Bolacha digestiva de aveia/chocolate,Gullon,Embalagem de 430g,"1,19 €","5,95 €/Kg"
Bebida doubleshot expresso,STARBUCKS,Embalagem de 200 ml,"3,19 €","25,52 €/Kg"
Espumante Super Reserva Bruto,Raposeira,Garrafa de 0.75 l,"11,19 €","14,92 €/L"
Salsicha Brasileira,Porco,Vendido ao peso,"0,54 €","5,39 €/Kg"
Bolachas Maria sem Açúcar,Vieira de Castro,Embalagem de 300 g,"1,49 €","1,86 €/Kg"
Gomas gelatina de jengibre e limão,Neo Botanica,Embalagem de 150 g,"1,69 €","11,27 €/Kg"
Aguardente velha,S.domingos,Garrafa de 700 ml,"12,79 €","18,27 €/L"
Limpa carpetes,PorSi,Embalagem de 1 litro,"1,69 €","2,25 €/L"
Limpa injetores diesel,PorSi,Embalagem de 250 ml,"14,99 €","14,99 €/L"
Recarga rolo tira pelos,PorSi,1 unidade,"1,15 €","0,23 €/L"
Rolo papel cozinha branco compacto,PorSi,Embalagem de 4 unidades,"1,09 €","1,09 €/Unidade"
Refrigerante c/ gás zero,Coca-Cola,pack 4 x 1 l,"0,40 €/L","0,40 €/L"
"Tesoura de escritório, 21cm",Domédia,1 unidade,"5,99 €","5,99 €/Unidade"
Concentrado de frutas tropicais,Sunquick,Garrafa de 700 ml,"3,25 €","3,25 €/L"
Guardanapos brancos folha tripla 33x33 cm,PorSi,70 unidades,"1,49 €","1,49 €/Unidade"
Queijo Curado Amanteigado,Fonte Mourisca,1 un = 250 gr  (aprox.),"2,42 €","9,69 €/Kg"
Nectar clássico maracujá,Compal,Garrafa de 1 l,"1,69 €","1,69 €/L"
Elixir bocal dentes e gengivas,Listerine,,"1,29 €","2,58 €/L"
Figados de Frango,Lusiaves,embalagem de 350 g (aprox.),"0,60 €","5,99 €/Kg"
Choco flakes,Cuetara,Embalagem de 500g,"1,99 €","3,18 €/Kg"
Vinho branco,PorSi,embalagem de 1 litro,"0,85 €/L","0,85 €/L"
Condicionador spray penteia fácil,Johnson's Baby,Embalagem de 200 ml,"4,39 €","21,95 €/L"
Robalo de viveiro,Programa Origens,de 800 g a 1.5 kg,"3,89 €","6,49 €/Kg"
Cabeça sem Osso,Porco,1 un = 1 kg (aprox.),"0,60 €","5,99 €/Kg"
Clementinas,Fruta do Dia,1 un = 100 gr (aprox.),"0,35 €","1,39 €/Kg"
Mochila 3D,Frozen,1 unidade,"22,99 €","22,99 €/Unidade"
Pá do Lixo C/ Cabo,PorSi,1 un.,"2,20 €","2,20 €/Unidade"
Vinagre de sidra,PorSi,500 ml,"0,35 €","0,70 €/L"
"Azeitonas pretas sem caroço, frasco de 165 g",PorSi,Embalagem de 165g,"2,19 €","2,81 €/Kg"
Óleo alimentar,PorSi,Garrafa de 5 l,"3,59 €","3,59 €/L"
Termómetro digital,PorSi,1 unidade,"4,49 €","4,49 €/Unidade"
Café em cápsulas dolce gusto ardenza,Nescafe,Embalagem de 110g,"2,79 €","19,93 €/Kg"
Ketchup picante,Heinz,460 g,"0,87 €","2,90 €/Kg"
Bagas de goji,Salutem,Embalagem de 100g,"1,49 €","3,73 €/Kg"
Vela mágica pack de 10 unidades,PorSi,Uma embalagem,"0,89 €","0,89 €/Unidade"
Óleo alimentar,Fula,Embalagem 1L,"3,59 €","3,59 €/L"
Iogurte grego natural,PorSi,Embalagem de 1 kg,"0,99 €","1,98 €/Kg"
C surtido cuetara 420gr.              *8,Cuetara,Embalagem de 420g,"3,74 €","9,35 €/Kg"
Papel Fotocópia A4 |80g,Navigator,,"2,49 €","2,49 €/Unidade"
Limão biológico,PorSi Bio,Emb.: ± 500 g,"0,35 €","1,39 €/Kg"
Nata uht carbonara,Parmalat,Embalagem de 200 ml,"0,75 €","3,75 €/L"
Monopoly super maus perdedores,Monopoly,,"9,99 €/Unidade","9,99 €/Unidade"
12 Caldos de carne,PorSi,Embalagem de 127 g,"0,99 €","1,98 €/Kg"
Queijo Raclette Fatias,Páturages,Embalagem de 400 g,"1,96 €","9,80 €/Kg"
Bolachas água e sal doces,Vieira,Embalagem de 170g,"1,19 €","5,95 €/Kg"
Amêndoas peladas,Vahine,Embalagem de 125g,"1,00 €","5,00 €/Kg"
Vinho doc dão tinto,Santar,Garrafa de 0.75 l,"7,49 €","9,99 €/L"
Papel higiénico compacto 2 folhas,PorSi,18 = 36 Rolos,"1,99 €","1,99 €/Unidade"
Cerveja com álcool,Sagres,Garrafa de 20 cl,"0,38 €","1,15 €/L"
"Queijinho, yoco suisse maxi, morango",Nestle,Embalagem de 4 x 90 g,"1,05 €","1,86 €/L"
Sumo essencial manga,Compal,pack 3 x 0.11 l,"0,99 €","0,99 €/L"
Inseticida Aerossol Rapid Moscas e Mosquitos,Raid,1 Embalagem 600ml,"5,09 €","8,48 €/L"
Sopa de tomate,Knorr,Embalagem de 90g,"0,62 €","10,00 €/Kg"
Pipoca doce para  microondas,PorSi,Embalagem de 300g,"0,79 €","7,90 €/Kg"
Frango Inteiro Grande,Frango,1 un = 1.6 kg (aprox.),"1,05 €","2,99 €/Kg"
Cominhos moídos,PorSi,Embalagem de 35g,"0,25 €","0,25 €/Kg"
Chantilly,Royal,Embalagem de 70g,"1,29 €","3,23 €/Kg"
Pão Alentejano,Pão do Dia,1 unidade = 400 g,"0,19 €","2,38 €/Kg"
Gomas minhocas ácidas,PorSi,Embalagem de 300 g,"1,69 €","11,27 €/Kg"
Folhado de carne,Pastelaria do Dia,1 unidade = 90 g,"0,65 €","0,65 €/Unidade"
Toalhetes Íntimos Suaves,Corine de Farme,Embalagem com 10 un.,"2,19 €","2,19 €/Unidade"
Azeite virgem extra reserva,Gallo,Garrafa de 750 ml,"3,49 €","4,65 €/L"
Alimento seco p/ cão actividade intensa,PorSi,Embalagem de 4kg,"1,15 €/Kg","1,15 €/Kg"
Mini salsichas cocktail,Nobre,lata de 180g,"0,75 €","3,75 €/Kg"
Baguete,PorSi,250 g,"0,19 €","2,38 €/Kg"
Banda cera facial peles sensíveis,Veet,Embalagem de 20 unidades,"3,51 €","3,51 €/Unidade"
Toalhitas Bebé Basic,PorSi,Embalagem de 72 unidades,"1,09 €/Unidade","1,09 €/Unidade"
Iogurte 0% pedaços muesli e cereal,Longa vida,Embalagem de 4 x 120 g,"4,38 €","2,19 €/Kg"
Bebida arroz,Alpro,Embalagem de 1 l,"0,99 €","0,99 €/L"
Nabo Roxo sem Rama,Legumes do Dia,1 un = 200 gr (aprox.),"1,04 €","2,59 €/Kg"
Le cassoulet,Claude leg,Embalagem de 840g,"2,35 €","5,60 €/Kg"
Espumoso moscato,Selecção de Enófilos,"Garrafa de 0,75 l","3,99 €","5,32 €/L"
Banana,Fruta do Dia,1 un = 200 gr (aprox.),"0,26 €","1,29 €/Kg"
Desentupidor canos,Mr.muscle,Embalagem de 1 l,"4,49 €","5,99 €/L"
Cenoura baby,PorSi,Embalagem de 400 g,"1,65 €","1,65 €/Kg"
Arroz carolino malandrinho,Malandrinh,Embalagem de 1 kg,"1,35 €","1,35 €/Kg"
"Refeição pronta, boião de frango e arroz",Bledina,Embalagem de 200g,"2,19 €","11,53 €/Kg"
Tomate frito,Heinz,Embalagem de 350g,"0,99 €","1,98 €/Kg"
Vinho branco arinto bucelas,P.regia,Garrafa de 750 ml,"4,49 €","5,99 €/L"
Açucar icing,Rar,Embalagem de 250 g,"1,49 €","1,49 €/Kg"
Esoumante prosecco branco,Gancia,Garrafa de 750 ml,"3,99 €","5,32 €/L"
Xarope de limão sem corantes,Paquito,Garrafa de 750 ml,"3,25 €","3,25 €/L"
Azeite virgem extra seleção,PorSi,Garrafa de 250 ml,"3,49 €","4,65 €/L"
Nata uht light para culinária,PorSi,embalagem de 200 ml,"0,75 €","3,75 €/L"
"Bolachas chiquilin, com 2 chocolates",Artiach,Embalagem de 150g,"2,78 €/Kg","2,78 €/Kg"
Ovos | Classe: L,Ovitae,24 unidades,"5,09 €","5,09 €/Unidade"
Snack para cão adulto com frango,Friskies,Embalagem de 200g,"1,00 €","5,56 €/Kg"
Bolacha tosta rica choco guay,Cuetara,Embalagem de 170g,"1,99 €","3,11 €/Kg"
Couve Coração,Legumes do Dia,1 un = 1 kg (aprox.),"1,04 €","2,59 €/Kg"
Creme vegetal soja,Planta,Embalagem de 250 gr,"2,09 €","8,36 €/Kg"
Pai Natal de Chocolate,PorSi,Embalagem de 60 g,"2,29 €","17,62 €/Kg"
Perolas perfumadas fresh,PorSi,Embalagem de 275 g,"8,69 €","1,84 €/Kg"
Snack gato frango/queijo,PorSi,Embalagem de 60g,"0,89 €","14,83 €/Kg"
Leite Bem Essencial morango,Mimosa,Embalagem de 4 x 200 ml,"1,99 €","2,49 €/L"
Limpa fornos,PorSi,500 ml,"1,69 €","2,25 €/L"
Massa filo,JR,Embalagem de 250g,"0,99 €","4,30 €/Kg"
Pó de talco,PorSi,Embalagem de 250g,"0,44 €","7,33 €/L"
Papel Fotocópia A4 |80g,Navigator,,"5,99 €","5,99 €/Unidade"
Pão Bijou Mistura,Pão do Dia,1 unidades = 45 g,"0,19 €","2,38 €/Kg"
Iogurte líquido infantil morango e banana,PorSi,Pack 6 x 100 g,"1,05 €","1,86 €/L"
10 compressas de gaze,PorSi,20 x 20 cm,"0,79 €","1,58 €/L"
Café mistura peninsular,Delta,Embalagem de 250g,"0,79 €","3,16 €/Kg"
Nata uht,Agros,Garrafa de 200 ml,"0,75 €","3,75 €/L"
Cheerios 375g,Nestle,Embalagem de 380g,"1,99 €","3,18 €/Kg"
Pera Rocha 60/65,Programa Origens,1 un = 130 gr (aprox.),"0,24 €","1,85 €/Kg"
Chocolate branco com recheio de avelã,Kinder,Embalagem de 160g,"2,29 €","17,62 €/Kg"
Champanhe rose bruto,Delagne & Fils,"Garrafa de 0,75 l","19,99 €","26,65 €/L"
Tortitas de arroz c/ iogurte,Bicentury,Embalagem de 130g,"2,69 €","13,45 €/Kg"
Vinho regional península de setúbal branco,J.m.f.,Garrafa de 750 ml,"2,99 €","3,99 €/L"
Truta de Viveiro,Programa Origens,"Fresca, vendida ao peso | 1 un.=300 g (aprox.)","3,89 €","6,49 €/Kg"
Cereais nesquik,Nestle,Embalagem de 625g,"1,99 €","3,18 €/Kg"
Chá sene,PLANTANATU,Embalagem Com 10 saquetas,"1,79 €","44,75 €/Kg"
Piri piri,Calve,Garrafa de 50 ml,"0,87 €","2,90 €/Kg"
Atum inteiro fresco,Nossa seleção,Capturado no mar,"3,89 €","6,49 €/Kg"
Creme barrar nutela 350g,Nutella,Embalagem de 350G,"8,13 €/Kg","8,13 €/Kg"
Bolachas chips ahoy,Ca!,Embalagem de 130g,"0,85 €","5,67 €/Kg"
Bolachas com recheio de chocolate,PorSi,Embalagem de 500g,"2,78 €/Kg","2,78 €/Kg"
Mistura solúvel c/ 20% café granulado,PorSi,Embalagem de 200g,"0,79 €","3,16 €/Kg"
Açúcar granulado embalado em papel,Rar,Embalagem de 1 kg,"1,49 €","1,49 €/Kg"
Tablete de chocolate culinário negro,PorSi,Embalagem de 200 g,"1,04 €","8,32 €/Kg"
Queijo ovelha curado amanteigado,Seia,Embalagem de 250g,"4,62 €","18,49 €/Kg"
Kiwi Biológico,PorSi Bio,Emb.: ± 500 g,"0,26 €","1,29 €/Kg"
Farinha p/ bolos fina,Nacional,Embalagem de 1Kg,"0,85 €","0,85 €/Kg"
Soro fisiológico,PorSi,Embalagem de 100 ml,"0,55 €","5,50 €/L"
Cabeça c/ Osso,Porco,1 un = 1.5 kg (aprox.),"0,60 €","5,99 €/Kg"
Cuecas Incontinência Maxi Médio,Lindor,Embalagem com 14 un.,"9,99 €","9,99 €/Unidade"
Batata frita lisa,PorSi,Embalagem de 90g,"1,09 €","5,89 €/Kg"
Vinho maduro tinto,C.da eira,Garrafa de 250 ml,"0,85 €/L","0,85 €/L"
Caixa Cubo Pearls,Jacquot,Embalagem de 200g,"2,99 €","29,90 €/Kg"
Pasta dentífrica,Couto,Embalagem de 60 ml,"2,39 €","31,87 €/L"
Papel Higiénico Original 2 folhas,Scottex,Embalagem c/ 16 Rolos,"1,99 €","1,99 €/Unidade"
Iogurte aroma varios sabores,PorSi,Embalagem de 12 x 125 g,"1,99 €","1,33 €/Kg"
Anti calcário máquina roupa 2 em 1,PorSi,17 pastilhas,"3,09 €","3,09 €/Kg"
Iogurte sabor pêssego morango e manga,Danone,Embalagem de 8 x 120 g com 1 grátis,"1,99 €","1,33 €/Kg"
Banana biológica cintada Categoria: II,*,Vendido ao peso,"0,26 €","1,29 €/Kg"
Creme culinário soja,PorSi Viva Bem,Embalagem de 200 ml,"3,99 €","26,60 €/L"
Iogurte proteína framboesa,Lindahls,Embalagem de 150 g,"1,39 €","9,59 €/Kg"
Pirassununga (38º),Cachaca 51,Garrafa de 700 ml,"17,09 €","24,41 €/L"
Molho bechamel,Parmalat,Embalagem de 200 ml,"0,75 €","3,75 €/L"
Papa infantil láctea banana laranja +6 meses,Cerelac,Embalagem de 250g,"4,99 €","4,99 €/Kg"
Refresco em pó de laranja,Tang,Embalagem de 30g,"0,59 €","14,75 €/Kg"
Fel da terra planta inteira,Cemporcent,Embalagem de 40g,"1,05 €","1,05 €/Kg"
"Gel para o cabelo, pasta remix",Studio Line,Embalagem de 150 ml,"5,99 €","39,93 €/L"
Bicicleta,Dino,"roda 12""","109,99 €","109,99 €/Unidade"
Leite bem essencial chocolate,Mimosa,Embalagem de 200 ml,"0,26 €","1,30 €/L"
Néctar clássico pêssego,Compal,200 ml,"0,99 €","0,99 €/L"
Bolachas cream cracker,PorSi,Embalagem de 200g,"0,39 €","3,12 €/Kg"
Veiculo Hot wheels,Hot Wheels,1 unidade,"2,29 €","2,29 €/Unidade"
Detergente Manual p/ Lavar Roupa Regular,Gama,Embalagem de 510 g,"1,19 €","2,98 €/Kg"
Infusão de camomila,Tetley,Embalagem de 10g,"20,91 €/Kg","20,91 €/Kg"
Adoçante c/ doseador,Canderel,Embalagem de 10g,"3,79 €","3,79 €/Unidade"
Tampão Normal,O.B.,1 Embalagem c/32 unidades,"4,89 €","4,89 €/Unidade"
Lixívia com detergente,PorSi,Embalagem de 2 l,"1,09 €","0,55 €/L"
Chourição,PorSi,"Vendido ao peso, fatiado a partir de 100 gr","0,95 €","9,49 €/Kg"
Café torrado 5 estrelas moagem grossa,Sical,Embalagem de 250g,"8,76 €/Kg","8,76 €/Kg"
Cerveja sem álcool,Cheers,Pack 6 x 0.33 l,"5,99 €","3,03 €/L"
"Vinho branco, denominação de origem controlada, dour...",VILA REAL,Garrafa de 750 ml,"7,49 €","9,99 €/L"
Condicionador cabelos loiros,Ultra Suave,Embalagem de 200 ml,"1,00 €","5,00 €/L"
Bambolitos brancos,PorSi,Embalagem de 150g,"0,75 €","5,00 €/Kg"
Manteiga magra,Matinal,Embalagem de 250g,"1,89 €","7,56 €/Kg"
Mistura de sementes,PorSi Viva Bem,Embalagem de 200 g,"1,59 €","10,60 €/Kg"
Bocadelia de caranguejo,La piara,Embalagem de 170g,"1,09 €","12,39 €/Kg"
Ervilhas,PorSi,Embalagem de 1 kg,"1,65 €","1,65 €/Kg"
Delta cappuccino 10x14g,Delta,Embalagem de 140g,"3,19 €","25,52 €/Kg"
"Salsichas em frasco bockwurst, 5 un",Izidoro,Embalagem de 250g,"0,75 €","3,75 €/Kg"
Sopa de Cebola,PorSi,Embalagem de 62 g,"0,62 €","10,00 €/Kg"
Caju com piri-piri,Frutos secos,,"5,00 €","19,99 €/Kg"
Doce arando e mirtilo,ST.DALFOUR,Frasco de 284g,"2,19 €","9,95 €/Kg"
Água s/ gás,Luso,"Garrafa de 5,4 l","1,04 €","0,17 €/L"
Collant mousse preta 20D,PorSi,Tamanho: l,"1,89 €","1,89 €/Unidade"
Tremoço médio,PorSi,Embalagem de 350 g,"2,19 €","2,81 €/Kg"
Pastilhas peppermint,CHICLETS,Embalagem de 17 g,"0,99 €","58,24 €/Kg"
Milho inteiro,Rac.zezere,Embalagem de 5 kg,"2,49 €","2,49 €/Kg"
Sumo 100% ananás/uva,PorSi,Pack 3 x 200 ml,"1,69 €","1,69 €/L"
Chourição,Salsicharia Limiana,1 un = 100 gr (aprox.),"0,95 €","9,49 €/Kg"
Cera líquida castanha,Splendor,Embalagem de 500 ml,"1,69 €","2,25 €/L"
Leite com chocolate,PorSi,Embalagem de 200 ml,"0,26 €","1,30 €/L"
Polpa de maracuja,PorSi,Embalagem de 565g,"2,09 €","2,49 €/Kg"
"Sumo 100%, tutti-frutti",PorSi,Embalagem de 3 x 200 ml,"1,69 €","1,69 €/L"
Salsicha Picante,Porco,1 un = 100 gr (aprox.),"0,54 €","5,39 €/Kg"
Termo forte beringela/limão,PLANTANATU,Garrafa de 500 ml,"9,69 €","9,69 €/Unidade"
Pó de talco,PorSi,Embalagem de 250g,"0,55 €","5,50 €/L"
Tostas suecas de trigo,PorSi,Embalagem de 225 g,"2,39 €","6,83 €/Kg"
Queijo mini,Babybel,Embalagem de 6x20 g,"1,45 €","7,25 €/Kg"
Gambão Cozido 20/30,Marisco Fresco,,"3,89 €","6,49 €/Kg"
Tablete de chocolate com avelãs,PorSi,Embalagem de 100 g,"6,50 €/Kg","6,50 €/Kg"
Sardinha em tomate,PorSi,Embalagem de 120g,"0,95 €","7,92 €/Kg"
Iogurte morango skyr 0%,PorSi Viva Bem,150 g,"1,39 €","9,59 €/Kg"
Cogumelos laminados,PorSi,780 g,"2,19 €","2,81 €/Kg"
Detergente líquido p/ máquina lavar roupa cores escu...,Woolite,"Garrafa de 1,65 l","8,69 €","1,84 €/Kg"
Batata frita caseira,PorSi,Embalagem de 180g,"0,87 €","5,44 €/Kg"
Bolachas com geleia de framboesa,Chabrior,Embalagem de 150 g,"1,77 €","5,53 €/Kg"
Sacos do lixo jardim 130 litros,PorSi,10 sacos,"1,89 €","1,89 €/Unidade"
Folhado de salsichas,Pastelaria do Dia,1 unidade = 110 g,"0,65 €","0,65 €/Unidade"
Chá de maçã e canela,Tetley,Embalagem de 20g,"1,19 €","59,50 €/Kg"
Tablete de chocolate culinário branco,PorSi,Embalagem de 180 g,"1,04 €","8,32 €/Kg"
Mousse de chocolate,PorSi,Embalagem de 110 g,"1,15 €","1,92 €/Kg"
Lula limpa 20/40,PorSi,Embalagem de 800 g,"4,99 €","6,24 €/Kg"
Snacks crocantes com bacon,PorSi,Embalagem de 60g,"0,79 €","7,90 €/Kg"
Papel higiénico branco folha quadrupla,PorSi,12 rolos,"1,99 €","1,99 €/Unidade"
Lima-limao zero,PorSi,Garrafa de 1.5 l,"0,40 €/L","0,40 €/L"
Maionese light,PorSi,Frasco de 414 g,"0,87 €","2,90 €/Kg"
Lombo de Bacalhau Higienizado,PorSi,"Vendido ao peso, 1 un  = 300 gr (aprox.)","4,20 €","13,99 €/Kg"
Lanche Misto,Pastelaria do Dia,1 unidade= 115 g,"0,65 €","0,65 €/Unidade"
Caramelos de leite,Penha,Embalagem de 250g,"2,75 €","11,00 €/Kg"
Mostarda a'lancienne,PorSi Select,190 g,"0,87 €","2,90 €/Kg"
Filtro Chá Aço Inoxidável,Gratta,1 unidade,"7,49 €/Unidade","7,49 €/Unidade"
Água com gás natural pet,P.salgadas,pack 6 x 0.33 l,"2,85 €","2,85 €/L"
Cerveja c/ álcool,Sagres,pack 30 x 0.25 L,"0,38 €","1,15 €/L"
Néctar ananás,PorSi,Pack 3 x 200 ml,"0,99 €","0,99 €/L"
Vinho do Porto Branco,Velhotes,"Garrafa de 0,75 l","11,99 €","15,99 €/L"
Sal cristal,PorSi,embalagem de 1 kg,"0,25 €","0,25 €/Kg"
Sidra,Kings Bräu,Pack 6 x 0.33 l,"1,59 €","3,18 €/L"
Vinho rosé,Mateus,Garrafa de 750 ml,"4,29 €","5,72 €/L"
Café torrado 5 estrelas moagem normal,Sical,Embalagem de 250g,"8,76 €/Kg","8,76 €/Kg"
Queijo p/ barrar s/ lactose,Philadelph,Embalagem de 150g,"4,19 €","10,48 €/Kg"
Pilha alcalina hightech lr03x8,Domédia,1 unidade,"1,75 €","1,75 €/Unidade"
Borrego Inteiro/Metades,Borrego,"1/2 un = 7 kg, 1 un = 14 kg (aprox.)","69,86 €","9,98 €/Kg"
Iogurte pedaços pêssego/alperce,PorSi,Embalagem de 4x125g,"4,38 €","2,19 €/Kg"
Queijo de ovelha curado amanteigado,PorSi Select,250 g,"25,45 €/Kg","25,45 €/Kg"
Amaciador  p/ roupa concentrado Aromaterapia,PorSi,Embalagem com 60 doses,"3,99 €","3,99 €/Unidade"
Champô 3 em 1 karpex,Vanish,950 ml,"1,69 €","2,25 €/L"
Pensos resistentes à água,PorSi,Embalagem com 15 unidades,"0,79 €","1,58 €/L"
Rolo cozinha branco 3 folhas,PorSi,3 rolos,"1,09 €","1,09 €/Unidade"
Vulcão,Science4You,1 unidade,"16,99 €/Unidade","16,99 €/Unidade"
Pate picante 73gr.                ce *24,La piara,Embalagem de 70g,"1,09 €","12,39 €/Kg"
Vinho branco frisante,Cacho Fresco,Garrafa de 0.75 l,"1,69 €","2,25 €/L"
Bolachas crackers s/ sal,Du bois,Embalagem de 500g,"0,39 €","3,12 €/Kg"
Tablete de chocolate culinário branco,PorSi,Embalagem de 180 g,"5,80 €/Kg","5,80 €/Kg"
Codornizes,Aves,1 un. = 150 g (aprox.),"1,05 €","2,99 €/Kg"
Leite condensado magro,Nestle,Embalagem de 390g,"1,09 €","2,75 €/Kg"
Bife da Pá,Novilho,Vendido ao peso a partir de 800 g,"13,08 €","16,35 €/Kg"
Caramelo líquido,Royal,Embalagem de 400g,"1,29 €","3,23 €/Kg"
Pimenta preta grão,PorSi,Saqueta de 50 g,"0,25 €","0,25 €/Kg"
Ameijoa Castanha Vietnamita,Marisco Congelado,Venda ao Kilo,"2,00 €","7,99 €/Kg"
Sumo s/ gás manga/cenoura,Santal,"Garrafa de 1,5 l","0,99 €","0,66 €/L"
"Iogurte, sabor a morango",PorSi,Embalagem de 4 x 125 g,"1,99 €","1,33 €/Kg"
Marmelada com frutose,PorSi Viva Bem,Embalagem de 400g,"1,09 €","2,42 €/Kg"
Pensos Higiénicos Fina e Segura Normal,Evax,Embalagem c/ 24 Unidades,"2,59 €","2,59 €/Unidade"
"Palmilha de cortiça com látex, tamanho 36/37",Sonaf,1 unidade,"5,59 €","37,27 €/L"
Refresco pó laranja e morango,PorSi,Embalagem de 40g,"0,59 €","14,75 €/Kg"
Pasta dentífrica gel kids,Labell,Embalagem de 50 ml,"0,99 €","0,99 €/Unidade"
"Limpa vidros, azul",PorSi,Embalagem de 5 l,"3,99 €","0,80 €/L"
Arroz carolino,Caçarola,Embalagem de 1kg,"1,35 €","1,35 €/Kg"
Palmiers,PorSi,Embalagem de 720 g,"1,69 €","6,76 €/Kg"
Malagueta Verde,Programa Origens,1 un = 100 gr (aprox.),"0,75 €","2,99 €/Kg"
Leite uht sem lactose magro,PorSi Viva Bem,1 litro,"0,99 €","0,99 €/L"
Alface Romana,Legumes do Dia,1 un = 400 g (aprox.),"1,16 €","2,89 €/Kg"
"Vinho branco região da península de setúbal, bag in ...",Dom Campos,Garrafa de 5 l,"9,49 €","1,90 €/L"
Tira gorduras dia a dia,Mistolin,Garrafa de 750 ml,"1,49 €","1,99 €/L"
Flocos de cereais com mel,PorSi,Embalagem de 750g,"3,49 €","4,65 €/Kg"
Alface frisada biológica,PorSi Bio,Vendido o peso,"1,16 €","2,89 €/Kg"
Toalha de Mesa Anti Nódoas,VZT,Dim.: 150 x 200 cm,"7,49 €/Unidade","7,49 €/Unidade"
Cápsulas de café delta qualidus,Delta Q,Embalagem de 60g,"2,79 €","19,93 €/Kg"
Chispalhada,PorSi,Embalagem de 420 g,"2,35 €","5,60 €/Kg"
Dourada de Viveiro,Peixe do Dia,de 600 a 800g,"3,89 €","6,49 €/Kg"
Saqueta de puré de fruta | maçã + pera,PorSi,90 g,"0,74 €","8,22 €/Kg"
Aba c/ Osso,Novilho,Vendido ao peso a partir de 800 g,"13,08 €","16,35 €/Kg"
Tira verniz,Labell,Embalagem de 200 ml,"2,49 €","41,50 €/L"
Farinha de milho 500g,ESPIGA,Embalagem de 500g,"0,85 €","0,85 €/Kg"
Tapioca hidratada sem adição de açúcares,PorSi Viva Bem,Embalagem de 500 g,"0,75 €","1,88 €/Kg"
Vinho tinto,PorSi,embalagem de 5 litros,"5,49 €","1,10 €/L"
Posta de Corvina-Prata Congelada,PorSi,Vendido ao peso a partir de 200 g (aprox.),"4,20 €","13,99 €/Kg"
Chá verde,PorSi,Embalagem de 37.5 g,"0,89 €","20,70 €/Kg"
Bifanas,Porco,Vendido ao peso a partir de 1 kg,"4,89 €","4,89 €/Kg"
Pasta dentífrica menta fresca,Aquafresh,Embalagem de 75 ml,"2,39 €","31,87 €/L"
Dobrada com feijão,Nobre,Embalagem de 420g,"2,35 €","5,60 €/Kg"
Feijão preto,PorSi,Embalagem de 500g,"0,99 €","1,98 €/Kg"
Frutose,PorSi,Boião de 410 g,"3,79 €","3,79 €/Unidade"
Desentupidor em gel canos com soda,PorSi,Embalagem de 1 litro,"1,69 €","2,25 €/L"
Pensos higiénicos Cottonlike Super Plus Com Abas,Evax,10 unidades,"2,59 €","2,59 €/Unidade"
Creme de corpo exfoliante,Labell,Embalagem de 150 ml,"0,76 €","0,76 €/Unidade"
Gelado magnum pint amêndoas,Olá,Embalagem de 440 ml,"2,69 €","5,38 €/L"
"Rebuçados de fruta, diamante",PorSi,Embalagem de 200 g,"1,15 €","5,75 €/Kg"
Pensos higiénicos liberty normal abas,Evax,Embalagem com 12 un.,"2,59 €","2,59 €/Unidade"
Mistolin tira-nódoas,Mistolin,Garrafa de 500 ml,"1,69 €","2,25 €/L"
Carne p/ Assar,Novilho,Vendido ao peso a partir de 800 g,"13,08 €","16,35 €/Kg"
Mala criativa,Lego,1 unidade,"15,99 €/Unidade","15,99 €/Unidade"
Tábua de engomar,PorSi,Dim.: 110 x 32 cm,"16,50 €","16,50 €/Unidade"
Romã,Fruta da Época,1 un = 250 gr  (aprox.),"1,89 €/Kg","1,89 €/Kg"
Bolachas com cobertura de chocolate,PorSi,Embalagem de 150g,"0,75 €","5,00 €/Kg"
Queijo flamengo ralado,PorSi,Embalagem de 200G,"1,96 €","9,80 €/Kg"
Creme Rosto Dia Pele Mista Antirrugas Q10 Plus,Nivea,Embalagem de 50 ml,"223,80 €/L","223,80 €/L"
Frango do campo c/ Miúdos,Frango,1 un = 1.2 kg (aprox.),"1,05 €","2,99 €/Kg"
Bombom Caja Roja,Nestlé,Embalagem de 100G,"2,99 €","29,90 €/Kg"
Vermute rosso,Martini,Embalagem de 10x6 cl,"16,49 €","23,56 €/L"
Borrego de Leite,PorSi,1/2 un = 7 kg | 1 un = 14 kg (aprox.),"69,86 €","9,98 €/Kg"
Bolachas digestive muesli,Gullon,Embalagem de 370g,"2,69 €","13,45 €/Kg"
Melão Amarelo,Fruta do Dia,Vendido ao peso | 1 un = 2.5 kg (aprox.),"0,79 €","3,15 €/Kg"
Iogurte pedaços ananás,PorSi,Embalagem de 4 x 125 g,"4,38 €","2,19 €/Kg"
Bacalhau Crescido da Noruega,PorSi,1 un=1.5kg (aprox.),"16,49 €","10,99 €/Kg"
Bambolitos pretos,PorSi,Embalagem de 150g,"0,75 €","5,00 €/Kg"
Vinho verde branco,Aveleda,Garrafa de 750 ml,"3,09 €","3,09 €/L"
Desumidificador Basic,HUMYDRY,embalagem de 250g,"2,99 €","6,64 €/Kg"
Balões latex mistos,PorSi,Embalagem com 24 unidades,"1,69 €","1,69 €/Unidade"
Compasso Origin 3 peças,Maped,Uma embalagem,"4,99 €","4,99 €/Unidade"
Camarão 40/60,Congelado de Aquicultura,1 un = 250 gr  (aprox.),"2,00 €","7,99 €/Kg"
Palmiers,PorSi,Embalagem de 100g,"1,69 €","6,76 €/Kg"
Boneca Caty 85 cm,Vicam,1 unidade,"30,69 €","30,69 €/Unidade"
Lava tudo brilhante madeiras,PorSi,Embalagem de 1.1 litros,"0,99 €","0,50 €/L"
Bife do Lombo,Novilho,1 un= 150 gr (aprox.),"13,08 €","16,35 €/Kg"
Néctar de pêssego,PorSi,Pack 3 x 200 ml,"0,99 €","0,99 €/L"
Guardanapos de papel reciclado,PorSi,100 unidades,"1,49 €","1,49 €/Unidade"
Cereais cruesli fruta,Quaker,Embalagem de 380g,"2,29 €","6,11 €/Kg"
Coca-cola zero sem cafeína,Coca-Cola,"Garrafa de 1,75 l","0,40 €/L","0,40 €/L"
Barras de cereais com chocolate preto,PorSi,6 x 23 g,"1,29 €","10,24 €/Kg"
Liquido abrilhantador castanho,PorSi,75 ml,"0,79 €","263,33 €/Kg"
Detergentes máquina lavar loiça ecológico,PorSi,26 pastilhas,"1,49 €","5,96 €/L"
Queijo mozzarella ralado,PorSi,Embalagem de 200 g,"7,45 €/Kg","7,45 €/Kg"
Skittles fruits 174g,SKITTLES,Embalagem de 170g,"1,15 €","5,75 €/Kg"
Polpa de tomate em garrafa,Compal,Embalagem de 1 kg,"0,99 €","1,98 €/Kg"
Desodorizante roll-on invisible,Rexona,Embalagem de 50 ml,"4,69 €","31,27 €/L"
Massa quebrada margarina,PorSi,Embalagem de 230 g,"0,99 €","4,30 €/Kg"
Vinho tinto Trinca Bolotas DOC alentejo,T.bolotas,2 Garrafa x 0.75L,"2,89 €","3,85 €/L"
Farinha láctea 5 frutos,PorSi,Embalagem de 500g,"4,99 €","4,99 €/Kg"
"Formas de alumínio rectangulares com tampa, 600ml , ...",PorSi,Uma embalagem,"1,11 €","1,11 €/Unidade"
Folhado de salsicha,PorSi,Embalagem de 6x60 g,"1,79 €","7,16 €/Kg"
"Mini rissóis de carne, 20 unidades",PorSi,Embalagem de 300 g,"1,79 €","7,16 €/Kg"
Corações de Frango,Lusiaves,embalagem de 350 g (aprox.),"0,60 €","5,99 €/Kg"
Amendoim com piri-piri,Frutos secos,1 un = 100 gr (aprox.),"5,00 €","19,99 €/Kg"
Cereais Forma Natura,PorSi,500 g,"5,59 €","8,87 €/Kg"
Gin Ten Premium,Tanqueray,Garrafa de 0.70L,"16,49 €","23,56 €/L"
10 hamburguers 60% carne de bovino,PorSi,Embalagem de 1 kg,"2,79 €","8,72 €/Kg"
Grão de bico,PorSi,Embalagem de 420g,"2,19 €","2,81 €/Kg"
"Vinho doc loureiro, verde",Selecção de Enófilos,Garrafa de 0.75 l,"3,09 €","3,09 €/L"
Pão da Beira,PorSi,1 unidade = 83 g,"0,19 €","2,38 €/Kg"
Iogurte magro natural,Longa vida,Embalagem de 6 x 120 g,"1,09 €","1,45 €/Kg"
Conjunto Vinho tinto DOC Douro,Esteva,Conj 2X75 cl,"7,49 €","9,99 €/L"
Iogurte líquido laranja,Danone,Embalagem de 6 x 100 g,"3,99 €","6,65 €/Kg"
Actimel morango-banana,Danone,Embalagem de 6 x 100 g,"3,99 €","6,65 €/Kg"
Ambientador carro difusor aqua,Ambipur,1 unidade,"3,59 €","3,59 €/Unidade"
"Toalhitas intimas, 20 unidades",Labell,Uma embalagem,"2,19 €","2,19 €/Unidade"
Papel higiénico reciclado 2 folhas,PorSi,12 rolos,"1,99 €","1,99 €/Unidade"
Pescada África do Sul,Peixe Congelado,De 600g a 900g,"3,99 €/Kg","3,99 €/Kg"
Tiras da Costela/Piano,Porco,1 un = 500 gr (aprox.),"4,89 €","4,89 €/Kg"
Painho de Sousel,PorSi,"Vendido ao peso, fatiado a partir de 100 gr","2,59 €","12,95 €/Kg"
Chocolate culinário 70% cacau,Pantagruel,Embalagem de 200g,"1,04 €","8,32 €/Kg"
Sumo 100% maçã,PorSi,pack 3 x 200 ml,"1,69 €","1,69 €/L"
"Bolachas aperitivas, simples",Tuc,Embalagem de 100g,"2,98 €","9,93 €/Kg"
Azeitona verde inteira com alho,PorSi,Vendido ao peso a partir de 500 g,"1,00 €","3,99 €/Kg"
Bacalhau Especial,PorSi,"1 un= 3kg /3,5kg (aprox.)","16,49 €","10,99 €/Kg"
Gomas ursinhos,PorSi,Embalagem de 200 g,"1,69 €","11,27 €/Kg"
Vinho Tinto Douro Reserva,Duas Quintas,Garrafa de 750 ml,"3,09 €","3,09 €/L"
Cacau em pó,Pantagruel,Embalagem de 130g,"1,04 €","8,32 €/Kg"
Queijo P'tits Fondants 8 Porções,PorSi,Embalagem de 140 g,"0,82 €","23,43 €/Kg"
"Escova dentes, proteção global suave, 2 unidades",Labell,1 embalagem,"3,99 €","3,99 €/Unidade"
"Hamburgers de porco, 4x80g",PorSi,Embalagem de 320 g,"2,79 €","8,72 €/Kg"
Doce morango 284g,ST.DALFOUR,Frasco de 284g,"2,19 €","9,95 €/Kg"
Queijo fresco ligth,PorSi,Embalagem de 4 x 62.5 g,"2,39 €","19,92 €/Kg"
Óleo de girassol,PorSi,garrafa de 3 litros,"3,59 €","3,59 €/L"
Pasta dentífrica herbal,Colgate,Embalagem de 75 ml,"2,39 €","31,87 €/L"
Furador com 2 furos,Domédia,1 unidade,"5,99 €","5,99 €/Unidade"
Manteiga magra meio sal,President,Embalagem de 250g,"1,89 €","7,56 €/Kg"
Chuchu,Legumes do Dia,1 un = 250 gr  (aprox.),"0,33 €","3,29 €/Kg"
Bebida láctea crescimento c/ bolacha maria,Nestle,Embalagem de 1 litro,"0,26 €","1,30 €/L"
Ameixa Vermelha,Fruta da Época,1 un = 250 gr  (aprox.),"0,50 €","2,49 €/Kg"
20 mini rissóis de camarão,PorSi,Embalagem de 300 g,"1,79 €","7,16 €/Kg"
Bolacha recheada mega duo cacau,Gullon,Embalagem de 500g,"2,78 €/Kg","2,78 €/Kg"
Carne p/ Estufar,Novilho,Vendido ao peso a partir de 800 g,"13,08 €","16,35 €/Kg"
Amaciador roupa concentrado lírios e morango,PorSi,60 doses,"3,99 €","3,99 €/Unidade"
Açúcar areado amarelo,Rar,Embalagem de 1kg,"1,49 €","1,49 €/Kg"
Macedónia de legumes,PorSi,Embalagem de 400 g,"2,19 €","2,81 €/Kg"
Preparado de bolo de canela,PorSi,500 g,"0,49 €","5,44 €/Kg"
Maçã Royal Gala 70/75,Fruta do Dia,1 un = 150 gr (aprox.),"0,24 €","1,85 €/Kg"
Shampô azul concentrado,PorSi,Embalagem de 1 l,"3,99 €","0,80 €/L"
Tampão Super,O.B.,1 Embalagem c/32 unidades,"4,89 €","4,89 €/Unidade"
Batata pré-frita palito,PorSi,"Embalagem de 2,5 kg","1,49 €","1,49 €/Kg"
Banda térmica alivio dor muscular 29x9cm,PorSi,Embalagem de 2 unidades,"0,79 €","1,58 €/L"
Diospiro de roer persimon | categoria: II,Fruta da Época,1 un = 250 gr  (aprox.),"1,89 €/Kg","1,89 €/Kg"
Paes de leite 10unid 350g,H.delicia,Embalagem de 350 g,"7,40 €/Kg","7,40 €/Kg"
Bechamel sem glúten,Parmalat,500 ml,"0,75 €","3,75 €/L"
Legumes grelhados,PorSi,Embalagem de 750g,"1,65 €","1,65 €/Kg"
Palhinhas de papel,PorSi,25 unidades,"0,89 €","0,89 €/Unidade"
Lambrusco rose,*,Garrafa de 750 ml,"1,69 €","2,25 €/L"
Bolacha vida equilíbrio ameixa e fibra,Cemporcent,Embalagem de 140g,"2,69 €","13,45 €/Kg"
Farinha de aveia integral,Cemporcent,Embalagem de 400g,"1,49 €","3,73 €/Kg"
Lindahls pro+ liq tropical,Lindahls,Garrafa de 330 ml,"1,31 €","2,05 €/Kg"
Vinho Vinha da Fonte Setúbal tinto,Casa Ermelinda Freitas,Garrafa de 0.75 l,"2,99 €","3,99 €/L"
Ambientador vela odor animais,PorSi,1 unidade,"2,29 €","2,29 €/Unidade"
Costeletas,Borrego,1 un = 250 gr  (aprox.),"69,86 €","9,98 €/Kg"
"Livro de Receitas ""Mais Leve""",PorSi,1 unidade,"1,99 €","1,99 €/Unidade"
"Café em grão, lote superior",Delta,Embalagem de 1 kg,"3,59 €","14,36 €/Kg"
Limpa Máquina Loiça Regular,Finish,,"1,49 €","5,96 €/L"
Forma de papel para bolos 6. 8cm,PorSi,Embalagem com 60 unidades,"1,29 €","1,29 €/Unidade"
Bacalhau posta média,PorSi,Embalagem de 800g,"6,39 €","7,99 €/Kg"
Barras de cereais forma clássica,PorSi,Embalagem de 126g,"1,29 €","10,24 €/Kg"
Leite Hidratante Delicadeza de Aveia,Ultra Suave,Embalagem de 400 ml,"12,48 €/L","12,48 €/L"
Gelado viennetta morango,Olá,Embalagem de 650 ml,"2,69 €","5,38 €/L"
Almôndegas de bovino,PorSi,Embalagem de 400 g,"3,99 €","9,98 €/Kg"
Adoçante em pó,Canderel,Embalagem de 90g,"3,79 €","3,79 €/Unidade"
Nata uht p/ bater 0% lactose,Parmalat,Embalagem de 200 ml,"0,75 €","3,75 €/L"
Creme de limpeza com lixívia,PorSi,750 ml,"1,09 €","0,55 €/L"
Natas para café,President,Embalagem de 10X10G,"0,75 €","3,75 €/L"
Bolachas digestive go aveia,Triunfo,Embalagem de 170g,"1,19 €","5,95 €/Kg"
Bolacha Maria Integral,PorSi,Embalagem de 600g,"1,19 €","5,95 €/Kg"
Queijo fresco petits suisses  40% mg,Páturages,Embalagem 6X60G,"1,05 €","1,86 €/L"
Robalo de Viveiro + 700g,Programa Origens,Peixe do mar inteiro,"3,89 €","6,49 €/Kg"
"M&m's drageias de amendoim e chocolate de leite,",M&m's,Embalagem de 200g,"11,98 €/Kg","11,98 €/Kg"
Esponja autobrilhante,PorSi,3 g,"0,79 €","263,33 €/Kg"
Vinho branco bag-in-box,Capataz,Embalagem de 5 l,"5,49 €","1,10 €/L"
Espremedor super,Fapil,1 unidade,"2,99 €","2,99 €/Unidade"
Detergente Líquido Máquina Roupa Lavanda,Xau,Embalagem com 62 doses,"8,69 €","1,84 €/Kg"
Café torrado em grão,PorSi,250 g,"3,59 €","14,36 €/Kg"
Desinfetante em gel c/ lixívia,Cif,Garrafa de 750 ml,"2,79 €","3,72 €/L"
Amendoins mix original,Matutano,Embalagem de 130g,"0,79 €","7,90 €/Kg"
Cenouras Programa Origens,PorSi,Embalagem de 1 kg,"0,99 €","0,99 €/Kg"
Amaciador nutri-protec,Labell,Embalagem de 200 ml,"1,00 €","5,00 €/L"
Caramelos de nata,PorSi,Embalagem de 250g,"2,75 €","11,00 €/Kg"
Ovos Galinha Solo XL Categoria A,PorSi,6 unidades,"5,09 €","5,09 €/Unidade"
"Paté de sarinha, atum e marisco",Fides,Embalagem de 90g,"1,09 €","12,39 €/Kg"
Bolachas starship chocolate,PorSi,Embalagem de 150g,"0,85 €","5,67 €/Kg"
Mexilhões em escabeche,PorSi,Embalagem de 111g,"0,95 €","7,92 €/Kg"
Preparado de bolo de chocolate,PorSi,500 g,"0,49 €","5,44 €/Kg"
Cd aroma moran/coco/f.silv 120gx8,Danone,Embalagem de 960g,"1,99 €","1,33 €/Kg"
Molas plásticas amarelas,PorSi,50 unidades,"0,89 €","0,89 €/Unidade"
Dawnut Açucarado,Pastelaria do Dia,48g,"1,20 €/Unidade","1,20 €/Unidade"
Creme vegetal para culinária,PorSi,Embalagem de 1 kg,"2,89 €","2,89 €/Kg"
Bebida de Soja Natural,PorSi Viva Bem,Pack: 3 x 200 ml,"0,79 €","0,79 €/L"
Cereais fitness,Nestle,Embalagem de 630g,"5,59 €","8,87 €/Kg"
Desentupidor de fole com cabo,PorSi,1 unidade,"2,99 €","2,99 €/Unidade"
Palito la reine,PorSi,Embalagem de 400 g,"0,69 €","3,45 €/Kg"
Gomas amoras,PorSi,Embalagem de 300 g,"1,69 €","11,27 €/Kg"
Creme de cenoura,PorSi,Embalagem de 400 g,"3,59 €","3,59 €/Kg"
Feijão verde,PorSi,Embalagem de 750 g,"1,65 €","1,65 €/Kg"
Baguete de alho,Panike,Embalagem de 350g,"3,40 €/Kg","3,40 €/Kg"
Miolo de amêndoa sem pele inteira,PorSi,200 g,"1,00 €","5,00 €/Kg"
Lixívia Denso-Activa Tradicional p/ Casa e Roupa,Neoblanc,Embalagem de 2 l,"1,79 €","0,36 €/L"
"Coloração permanente, preto nº10",Nutrisse,1 unidade,"9,49 €/Unidade","9,49 €/Unidade"
Creme de Mãos Hyaluronic,Bioten,Embalagem de 50ML,"2,49 €","41,50 €/L"
Leite uht magro com rosca,PorSi,1 litro,"0,83 €","0,83 €/L"
"Espuma de cabelo, volume xxl",Fru style,Embalagem de 200 ml,"5,99 €","39,93 €/L"
Ameijoa Branca,Nossa seleção,1 un = 250 gr  (aprox.),"4,59 €","4,59 €/Kg"
Aguardente vínica velha,Alianca v.,Garrafa de 700 ml,"12,79 €","18,27 €/L"
Café em grão,Delta,Embalagem de 1 kg,"3,59 €","14,36 €/Kg"
Areia para gatos aglomerante compacta perfumada,PorSi,Embalagem de 4 kg,"1,29 €","0,26 €/Kg"
"Paezinhos azeite, alho e salsa",PorSi,Embalagem de 160g,"2,39 €","6,83 €/Kg"
Leite condensado cozido,PorSi,Embalagem de 397 g,"1,09 €","2,75 €/Kg"
Bolachas brownie tubo,Oreo,Embalagem de 150g,"4,83 €/Kg","4,83 €/Kg"
Panaché,Kings Bräu,"Embalagem de 10x0,25 l","1,59 €","3,18 €/L"
Gomas açúcar,PorSi,Embalagem de 300 g,"1,69 €","11,27 €/Kg"
Caramelos e rebuçados,PorSi,Embalagem de 200g,"1,19 €","4,76 €/Kg"
Intensificador de perfume em gel para a roupa romanc...,Quanto,300 ml,"3,09 €","3,09 €/Kg"
Sopa da pedra,PorSi,Embalagem de 420 g,"2,35 €","5,60 €/Kg"
Batata pré-frita palitos finos,PorSi,Embalagem de 2.5 kg,"1,49 €","1,49 €/Kg"
Mistura Cocktail,*,Vendido ao peso,"5,00 €","19,99 €/Kg"
Tablete de chocolate leite c/ avelãs,Milka,Embalagem de 270g,"6,50 €/Kg","6,50 €/Kg"
Faneca,Peixe do Dia,"Vendido ao peso, 1 un = 500 g (aprox.)","3,89 €","6,49 €/Kg"
"Azeitona Maçanilha retalhada com azeite, alho e orég...",PorSi,Vendido ao peso a partir de 500 g,"1,00 €","3,99 €/Kg"
Iogurtes Corpos Danone Pedaços de Coco,Danone,Embalagem de 4 x 115 g,"4,38 €","2,19 €/Kg"
Galão,PorSi,16 cápsulas,"3,19 €","25,52 €/Kg"
Cerveja com álcool,Kings Bräu,"Embalagem de 0,33 l","0,38 €","1,15 €/L"
Nectar multivitaminas,Paquito,Embalagem de 2 l,"0,99 €","0,99 €/L"
Feijão com dobrada,PorSi,Embalagem de 420 g,"2,35 €","5,60 €/Kg"
Alimento seco para cão raças pequenas,HappyOne,Embalagem de 2 kg,"1,15 €/Kg","1,15 €/Kg"
"Azeite extra virgem, azeitonas verdes",Oliveira da Serra,Garrafa de 750 ml,"3,49 €","4,65 €/L"
Vermute rosso,Martini,Garrafa de 0.75 l,"22,49 €","32,13 €/L"
Chip choco diet nature,Gullon,Embalagem de 130g,"0,85 €","5,67 €/Kg"
Whisky,Grants,Garrafa de 1 l,"11,49 €","16,41 €/L"
Massa Fresca Tagliatelle,PorSi,Embalagem de 250 g,"0,99 €","4,30 €/Kg"
Chá preto,Tetley,Embalagem de 30g,"1,69 €","56,33 €/Kg"
Chá preto 25 saquetas,PorSi,Embalagem de 44g,"1,69 €","56,33 €/Kg"
Vinho tinto Palmela,Dona Ermelinda,Garrafa de 1.5 l,"2,99 €","3,99 €/L"
Tomate biológico categoria II,PorSi Bio,Vendido ao peso,"0,36 €","1,79 €/Kg"
10 salsichas de porco em lata,PorSi,Embalagem de 250G,"0,75 €","3,75 €/Kg"
Adoçante com doseador,PorSi,Embalagem 300 comprimidos,"3,79 €","3,79 €/Unidade"
Tablete de chocolate negro,PorSi Select,200 g,"6,50 €/Kg","6,50 €/Kg"
12 douradinhos forníssimo,Capitão Iglo,Embalagem de 300g,"9,30 €/Kg","9,30 €/Kg"
Multi vitaminas 50+,PLANTANATU,Embalagem de 1 unidades,"9,69 €","9,69 €/Unidade"
Salsicha p/Churrasco Picante,Carne Sorraia,1 Embalagem 360G,"0,99 €","7,07 €/Kg"
Aguardente Vínica Velha,Curvada de Velha,Garrafa de 70 cl,"12,79 €","18,27 €/L"
Pernas de Frango,Frango,1 un = 150 gr (aprox.),"1,05 €","2,99 €/Kg"
Ambientador spray pure flor de cerejeira,PorSi,250 ml,"0,99 €","3,30 €/L"
Gomas tijolos ácidos,PorSi,Embalagem de 300 g,"1,69 €","11,27 €/Kg"
"Inseticida eléctrico, recarga, night&day",Raid,1 unidade,"7,69 €","7,69 €/Unidade"
Sangria branca,PorSi,Garrafa de 1.5 litros,"2,39 €","1,59 €/L"
Lenços faciais brancos 3 folhas,PorSi,110 unidades,"0,89 €","0,89 €/Unidade"
Mariscada,PorSi,Embalagem de 800g,"4,99 €","6,24 €/Kg"
Bolacha maria oro +33% grátis,Cuetara,Embalagem de 800g,"1,49 €","1,86 €/Kg"
Senses Tropical,Trident,1 un.,"0,99 €","58,24 €/Kg"
Salsichão fuet nobreza,Elpozo,Embalagem de 200 g,"0,95 €","9,49 €/Kg"
Mortadela mini,PorSi,Embalagem de 350g,"1,15 €","5,75 €/Kg"
Pão da Avó Alongado,Pão do Dia,1 unidade =400 g,"0,19 €","2,38 €/Kg"
Licor de coco,On Off,"Garrafa de 0,70 l","16,99 €","24,27 €/L"
Spray para vidros,PorSi,750 ml,"3,19 €","6,38 €/L"
Manteiga de amendoim crocante,Prozis,Embalagem de 500g,"3,99 €","7,98 €/Kg"
"Gel banho, hidratante",Labell,Embalagem de 750 ml,"6,39 €/L","6,39 €/L"
Ambientador aerossol 5 em 1 flor laranjeira,PorSi,300 ml,"0,99 €","3,30 €/L"
Batata Branca Lavada,Legumes do Dia,Embalagem de 5 kg,"0,45 €","4,45 €/Kg"
Cotonetes 100% biodegradáveis,PorSi,Embalagem de 200 unidades,"0,58 €","0,58 €/Unidade"
Nuggets frango,PorSi,pack familiar de 1 kg,"2,79 €","8,72 €/Kg"
Água mineral sem gás,Serra de Fafe,Embalagem de 6x0.5l,"1,04 €","0,17 €/L"
Óleo Multigasolina 20W40,Galp,Embalagem de 5 l,"14,99 €","14,99 €/L"
Pescada congelada 350-450 g,Peixe Congelado,Peixe de aquacultura,"3,99 €/Kg","3,99 €/Kg"
Chambão/Nispo,Novilho,Vendido ao peso a partir de 500 gr,"13,08 €","16,35 €/Kg"
Pepino,Legumes do Dia,1 un = 300 gr  (aprox.),"0,90 €","2,99 €/Kg"
Sumo 100% fresh maçã,Compal,Garrafa de 330 ml,"1,69 €","1,69 €/L"
Lixívia para roupa tradicional,Neoblanc,Embalagem de 2 l,"0,60 €/L","0,60 €/L"
Pipocas doces,Orcape,Embalagem de 100g,"0,79 €","7,90 €/Kg"
Bloco Sanitário Sólido Poder Activo Pinho,Sonasol,Embalagem de 2x50 g,"39,60 €/Kg","39,60 €/Kg"
Vinho regional península de setúbal tinto,J.m.f.,Garrafa de 750 ml,"2,99 €","3,99 €/L"
Gengibre desidratado,Salutem,Embalagem de 100g,"0,79 €","0,79 €/Kg"
Iogurte pedaços frutimax frutos variados,PorSi,Embalagem de 8 x 125 g,"4,38 €","2,19 €/Kg"
Vassoura Simples Pluma,PorSi,unidade,"2,20 €","2,20 €/Unidade"
Rebuçados mel e limão,PorSi,Embalagem de 200g,"0,85 €","4,25 €/Kg"
Queijo Raclette 48% MG,Terrier,Vendido ao peso a partir de 250 gr,"1,45 €","7,25 €/Kg"
Papel Premier p/ Fotocópia A4,Xerox,1 resma,"5,49 €","5,49 €/Unidade"
6 chamucas de carne,PorSi,Embalagem de 240g,"1,79 €","7,16 €/Kg"
Cone baunilha,PorSi,embalagem 6 x 120 ml,"5,99 €","16,64 €/L"
Leite em pó continuação 2 pro alfa,Nutriben,Embalagem de 800g,"23,99 €","29,99 €/Kg"
Iogurte activia natural,Danone,Embalagem de 4 x 120 g,"2,49 €","5,19 €/Kg"
Matraquilhos,Olivo,1 un.,"9,99 €/Unidade","9,99 €/Unidade"
Vinho tinto bag-in-box,Capataz,Embalagem de 5 l,"5,49 €","1,10 €/L"
Bolachas cream cracker,PorSi,Embalagem de 600g,"0,39 €","3,12 €/Kg"
Peito de peru,Salsicharia Limiana,"Vendido ao peso, fatiado","2,25 €","11,25 €/Kg"
Lustrante Pneus,PorSi,Embalagem de 1 l,"3,99 €","0,80 €/L"
Lipton limão zero pet,Lipton,Garrafa de 2 l,"0,99 €","0,66 €/L"
Mistura solúvel brasa,Nestle,Embalagem de 200g,"0,79 €","3,16 €/Kg"
Ervilhas,PorSi,Embalagem de 400 g,"1,65 €","1,65 €/Kg"
"Vinho rosé, região península de setúbal, bag in box",Dom Campos,Garrafa de 5 l,"9,49 €","1,90 €/L"
"Queijo light, mini",Babybel,Embalagem de 120g,"2,39 €","19,92 €/Kg"
Pastel de Nata,Pastelaria do Dia,60 g,"1,20 €/Unidade","1,20 €/Unidade"
Champanhe meio seco,Delagne & Fils,"Garrafa de 0,75 l","19,99 €","26,65 €/L"
Red Fish Grande,Peixe Congelado,1 un = 500 gr (aprox.),"3,99 €/Kg","3,99 €/Kg"
4 Costeletas pé de Borrego,PorSi,Embalagem ± 400 g,"69,86 €","9,98 €/Kg"
Sopa de cebola económica,Knorr,Embalagem de 50g,"0,62 €","10,00 €/Kg"
Super homem,PLANTANATU,Embalagem de 1 unidades,"9,69 €","9,69 €/Unidade"
Óleo de amêndoas doces,PorSi,Garrafa de 100 ml,"0,44 €","7,33 €/L"
Alho moído,PorSi,Frasco com 45 g,"0,25 €","0,25 €/Kg"
Chocolate culinário em pó,PorSi,Embalagem de 125 g,"1,04 €","8,32 €/Kg"
Flakes,Cuetara,Embalagem de 500g,"1,99 €","3,18 €/Kg"
Bolachas bambolitos chocolate e leite,PorSi,Embalagem de 150g,"0,75 €","5,00 €/Kg"
Refrigerante com gás guaraná,Antartica,"Garrafa de 1,5 l","0,40 €/L","0,40 €/L"
Comida húmida para gato júnior,PorSi,Embalagem de 4 x 100 g,"3,59 €","2,99 €/Kg"
"Queijo prato, metades",Alavao,Embalagem de 500g,"2,42 €","9,69 €/Kg"
Ambientador vela maçã e canela,PorSi,1 unidade,"2,29 €","2,29 €/Unidade"
Smarties mini chocolate,SMARTIES,Embalagem de 187g,"11,98 €/Kg","11,98 €/Kg"
Pilha alcalina classic lr14x2,Domédia,1 unidade,"1,75 €","1,75 €/Unidade"
Cenoura,PorSi,1 un = 100 gr  (aprox.),"0,79 €/Kg","0,79 €/Kg"
Creme de amendoim chunk 340g,Skippy,Embalagem de 340g,"8,13 €/Kg","8,13 €/Kg"
Snack gato salmao,PorSi,Embalagem de 60g,"0,89 €","14,83 €/Kg"
Detergente líquido máquina de lavar roupa cores escu...,Woolite,56 doses,"8,69 €","1,84 €/Kg"
Feijão encarnado,PorSi,Embalagem de 420 g,"2,19 €","2,81 €/Kg"
"Cla ultra l-carnitina + chá verde, 30caps",PLANTANATU,Embalagem de 1 unidades,"9,69 €","9,69 €/Unidade"
Couve flor,PorSi,Embalagem de 750 kg,"1,65 €","1,65 €/Kg"
"Semi-Frio de Morango, 700g",Nossa seleção,,"8,99 €","11,24 €/Kg"
Óleo alimentar,Fula,Embalagem 3L,"3,59 €","3,59 €/L"
Mariscada,PorSi,Embalagem de 800g,"2,19 €","8,59 €/Kg"
2 Ligaduras elásticas,PorSi,4m x 6 cm,"0,79 €","1,58 €/L"
Salsichas de porco,Nobre,Lata de 250g,"0,75 €","3,75 €/Kg"
Azeite virgem extra seleção,PorSi,Garrafa de 750 ml,"3,49 €","4,65 €/L"
Natas uht com cogumelos,Parmalat,Embalagem de 200 ml,"0,75 €","3,75 €/L"
Detergente líquido Ultra Concentrado Loiça Platinium...,PorSi,Embalagem de 500 ml,"1,19 €","2,38 €/L"
Coleira em nylon p/ cão  repelente 60cm,Repul' 7,Embalagem de 1 unidades,"9,49 €","9,49 €/Unidade"
Néctar light manga/laranja,Compal,330 ml,"0,84 €","2,55 €/L"
Vinagre de sidra pet,Paladin,Garrafa de 500 ml,"0,35 €","0,70 €/L"
Massa para pizza,PorSi,Embalagem de 260 g,"0,99 €","4,30 €/Kg"
Caramelos de fruta,PorSi,Embalagem de 250g,"1,19 €","4,76 €/Kg"
Gelatina pronta a comer ananás,Royal,Embalagem de 4 x 100 g,"0,99 €","2,48 €/Kg"
Pensos proteção calos,PorSi,embalagem com 9 unidades,"0,79 €","1,58 €/L"
Caldo de galinha 8 cubos,Knorr,Embalagem de 80g,"0,99 €","1,98 €/Kg"
Atum posta em azeite,PorSi,Embalagem de 120g,"0,95 €","7,92 €/Kg"
Pudim de baunilha,PorSi,Embalagem de 90g,"0,59 €","29,50 €/Kg"
Refrigerante s/ gás flórida,Sunny d,"Garrafa de 1,25 l","0,99 €","0,66 €/L"
Biscoitos de cacau,PorSi,Embalagem de 750g,"0,69 €","3,45 €/Kg"
Pudim baunilha,Boca Doce,Embalagem de 20g,"0,59 €","29,50 €/Kg"
Ganso Redondo,Novilho,1 un = 150 gr (aprox.),"13,08 €","16,35 €/Kg"
Bolachinhas,Cerelac,Embalagem de 180g,"1,99 €","3,11 €/Kg"
Lixívia Densa + Squeeze Harmonias Florais,Neoblanc,Embalagem de 1 l,"1,79 €","0,36 €/L"
Tábua de engomar,PorSi,Dim.: 120 x 38 cm,"16,50 €","16,50 €/Unidade"
Macchiato café arábica,PorSi,250 ml,"3,19 €","25,52 €/Kg"
Mel em frasco de vidro,Jorge v.f.,Embalagem de 500g,"4,89 €","9,78 €/Kg"
Fio dentario 50m,Colgate,1 unidade,"3,49 €","3,49 €/Unidade"
Champanhe bruto,Delagne & Fils,"Garrafa de 0,75 l","19,99 €","26,65 €/L"
Lindahls pro+ liq tropical,Lindahls,Garrafa de 330 ml,"1,39 €","9,59 €/Kg"
Pescoços,Frango,1 un = 200 gr (aprox.),"0,60 €","5,99 €/Kg"
Feijão preto cozido,PorSi,Embalagem de 420 g,"2,19 €","2,81 €/Kg"
Profiteroles de nata,PorSi Select,Embalagem de 330 g,"2,57 €","7,79 €/Kg"
Atum posta em azeite,Bom petisc,Embalagem de 120 g,"0,95 €","7,92 €/Kg"
Mimosa bem especial leite e aveia,Mimosa,Embalagem de 1 litro,"0,99 €","0,99 €/L"
Chocolate em pó Starbucks 42% cacau,STARBUCKS,Embalagem de 330g,"8,59 €/Kg","8,59 €/Kg"
Croissant Brioche com chocolate,Pastelaria do Dia,1 un = 100 g (aprox.),"1,20 €/Unidade","1,20 €/Unidade"
Crescido Asa Branca,Bacalhau da Noruega,1 un=1.5 Kg (aprox.),"16,49 €","10,99 €/Kg"
Queijo da ilha graciosa,*,Vendido ao peso,"2,42 €","9,69 €/Kg"
Danacol morango,Danone,Embalagem de 6 x 100 g,"3,99 €","6,65 €/Kg"
Arroz de Pato,Centralres,Vendido ao peso,"5,00 €","9,99 €/Kg"
Água mineral sem gás,Serra de Fafe,"Embalagem de 6x0,33 l","1,04 €","0,17 €/L"
Miolo de mexilhão,PorSi,Embalagem de 250 g,"4,99 €","6,24 €/Kg"
Cubos pão trigo tostado,PorSi,Embalagem de 150g,"2,39 €","6,83 €/Kg"
Minifresh-ambientador multiusos,Abelhinha,1 unidade,"1,99 €","1,99 €/Unidade"
Oreo flavors cookies birthday party rollpack 154 gr,Oreo,Embalagem de 150g,"4,83 €/Kg","4,83 €/Kg"
Abrótea,Peixe Congelado,1 un= 1.5 kg (aprox.),"3,99 €/Kg","3,99 €/Kg"
8 rissóis de camarão,PorSi,Embalagem de 300g,"1,79 €","7,16 €/Kg"
Molho bechamel,PorSi,Embalagem de 500 ml,"0,75 €","3,75 €/L"
Gelado magnum mini double chocolate e caramelo,Olá,Embalagem de 6 x 60 ml,"5,99 €","16,64 €/L"
"Coloração permanente, louro claro, nº80",Nutrisse,1 unidade,"9,49 €/Unidade","9,49 €/Unidade"
Madalenas de Laranja,Brioxa,12 Unidades - Embalagem de 500 g,"2,05 €","5,13 €/Kg"
Callippo super mix,Olá,Embalagem de 5 x 105 ml,"5,99 €","16,64 €/L"
Azeite Subtil,Gallo,Garrafa de 2 l,"3,49 €","4,65 €/L"
Detergente liquido loiça limão,PorSi,Garrafa de 1 litro,"1,19 €","2,38 €/L"
Prato de sopa | diam.: 22 cm,Servotel,1 un.,"2,49 €","2,49 €/Unidade"
Abacate,Fruta do Dia,1 un. = 300 g (aprox.),"1,19 €","3,95 €/Kg"
Probiótico Actimel Natural 0%,Danone,12 x 100 g,"0,99 €","1,98 €/Kg"
Torta natas com cobertura de cacau,PorSi,Embalagem de 300g,"2,05 €","5,13 €/Kg"
Gel Intimo Suave,Corine de Farme,250 ml,"0,55 €","5,50 €/L"
Abacaxi,Fruta do Dia,1 un = 2kg ( aprox.),"2,90 €","1,45 €/Kg"
Iogurte grego oikos stracciatella,Danone,Embalagem de 4 x 110 g,"2,99 €","6,80 €/Kg"
Conjunto 2 assadeiras,Marinex,"2,4 L + 3,2 L","2,49 €","2,49 €/Unidade"
Vassoura Especial Lisa,PorSi,unidade,"2,20 €","2,20 €/Unidade"
Vitamina c,PLANTANATU,Embalagem de 1 unidades,"9,69 €","9,69 €/Unidade"
Ração para cão mini adulto nutri soft com frango,Friskies,"Embalagem de 1,4 kg","1,15 €/Kg","1,15 €/Kg"
Perca Inteira,Peixe Congelado,de 1 a 3 Kg,"3,99 €","9,98 €/Kg"
Gressinos com sésamo,PorSi,Embalagem de 250 g,"2,39 €","6,83 €/Kg"
Jardineira Novilho,Campicarn,embalagem de 600 g (aprox.),"1,50 €","5,99 €/Kg"
Adoçante à base de sucralose,PorSi Viva Bem,Embalagem de 17g,"3,79 €","3,79 €/Unidade"
Mousse cabelo caracois,Labell,Embalagem de 200ml,"5,99 €","39,93 €/L"
Queijo gouda fatias,PorSi,Embalagem de 200 g,"1,96 €","9,80 €/Kg"
Lombos de pescada,PorSi,Embalagem de 400 g,"3,99 €","9,98 €/Kg"
Bolachas infantil dinossauros,Artiach,Embalagem de 190g,"1,99 €","3,11 €/Kg"
"Queijo flamengo, bola quartos",Agros,Embalagem de 350g,"1,96 €","9,80 €/Kg"
Amaciador color-vive,Elvive,Embalagem de 200 ml,"1,00 €","5,00 €/L"
Pastel de Nata,PorSi,60G,"1,20 €/Unidade","1,20 €/Unidade"
Polvo limpo,PorSi,Embalagem de 1 kg,"4,99 €","6,24 €/Kg"
Douradinhos estaladiços,Capitão Iglo,Embalagem de 340g,"9,30 €/Kg","9,30 €/Kg"
Desentupidor gel turbo com lixívia,Destop,Garrafa de 1 l,"4,49 €","5,99 €/L"
Coca-cola zero,Coca-Cola,pack 2 x 1.75 l,"0,40 €/L","0,40 €/L"
Miolo de avelã,PorSi,Embalagem de 200 g,"1,00 €","5,00 €/Kg"
Cogumelos inteiros,PorSi,Embalagem de 185 g,"2,19 €","2,81 €/Kg"
Pera conference categoria: II,*,Vendido ao peso a partir de 300 g,"0,24 €","1,85 €/Kg"
Feijão branco,PorSi,Embalagem de 500g,"0,99 €","1,98 €/Kg"
Anchova,Peixe do Dia,1 un = 1 kg (aprox.),"3,89 €","6,49 €/Kg"
Ice tea de limão,PorSi,"Embalagem de 6x0,20 l","0,99 €","0,66 €/L"
Beringela,Legumes do Dia,1 un=400 gr (aprox.),"0,33 €","3,29 €/Kg"
Creme de legumes,Centralres,Vendido ao peso a partir de 1 kg,"3,59 €","3,59 €/Kg"
Desinfetante Multiusos,Sanytol,Embalagem de 750 ml,"4,49 €","5,99 €/L"
Álcool Etílico Sanitário,PorSi,200 ml,"4,49 €","4,49 €/Unidade"
Double espresso go chill,Delta,Garrafa de 230 ml,"3,19 €","25,52 €/Kg"
Presunto nacos,PorSi,Embalagem de 250g,"2,59 €","12,95 €/Kg"
Salada de fruta em calda,PorSi,Embalagem de 3 x 220 g,"2,09 €","2,49 €/Kg"
Gin dry,Gordons,Garrafa de 700 ml,"16,49 €","23,56 €/L"
Manteiga de amendoim cremosa,Prozis,Embalagem de 500g,"8,13 €/Kg","8,13 €/Kg"
Sumo florida,Sunny d,"Embalagem de 0,31 l","1,05 €","3,39 €/L"
Rocher t8 100g,Ferrero Rocher,Embalagem de 100g,"2,99 €","29,90 €/Kg"
Brandy,ON/OFF,Garrafa de 700 ml,"15,49 €","15,49 €/L"
Ecobag 30 L Perfumado,Vileda,1 embalagem,"1,89 €","1,89 €/Unidade"
Mochila,PorSi,Dim.: 40X30X18CM,"22,99 €","22,99 €/Unidade"
Camarão 60/80,Congelado de Aquicultura,1 un = 250 gr  (aprox.),"2,00 €","7,99 €/Kg"
"Pensos para calos, 10 unidades",PorSi,1 embalagem,"0,79 €","1,58 €/L"
Batata frita camponesa,PorSi,Embalagem de 175 g,"1,29 €","6,97 €/Kg"
Entremeada s/ Entrecosto,Porco,Vendido ao peso a partir de 1 kg,"4,89 €","4,89 €/Kg"
Queijo cabra curado,PorSi,300 g,"5,95 €","23,79 €/Kg"
Mistura pombos domésticos,Rac.zezere,Embalagem de 5 kg,"2,49 €","2,49 €/Kg"
Pedras limão/chá verde,P.salgadas,pack 4 x 0.25 l,"2,85 €","2,85 €/L"
Gelatina frutos tropicais  10kcal,Royal,Embalagem de 30g,"0,59 €","65,56 €/Kg"
Bolachas rosquilhas,PorSi,Embalagem de 600g,"1,69 €","6,76 €/Kg"
Autobrilhante Preto,Búfalo,Embalagem de 50 ml,"0,79 €","263,33 €/Kg"
Cabos Bateria 200Amp,Bottari,1 Embalagem,"8,99 €","8,99 €/Unidade"
"Espuma cabelo, hidra caracóis",Fru style,Embalagem de 200 ml,"5,99 €","39,93 €/L"
"Iogurte sólido aroma morango, ananás e banana",Mimosa,Pack 8 x 120 g,"1,99 €","1,33 €/Kg"
Nata uht,PorSi,Embalagem de 200 ml,"0,75 €","3,75 €/L"
"Frigideira anti-aderente, 28cm",PorSi,1 unidade,"9,99 €","9,99 €/Unidade"
Iogurte líquido de frutos vermelhos,PorSi,Embalagem de 4 x 160 g,"1,31 €","2,05 €/Kg"
Requeijão de ovelha,PorSi,Embalagem de 250g,"0,99 €","4,95 €/Kg"
Bolachas cacau com cereais e pepitas de chocolate,PorSi,Embalagem de 400 g,"0,85 €","5,67 €/Kg"
Puzzle Canal Panda,Olivo,60 peças,"9,99 €/Unidade","9,99 €/Unidade"
Creme abrasivo de limão,PorSi,Embalagem de 750 ml,"1,15 €","1,15 €/L"
Massa para pizza,PorSi,Embalagem de 260 g,"0,99 €","1,98 €/Kg"
Leite magro em pó,Páturages,Embalagem de 300 g,"2,79 €","9,30 €/Kg"
Lâmpada LED Forma Esférica 5.5W E27 220-240V,Domédia,1 un.,"3,99 €","3,99 €/Unidade"
Cerveja c/ álcool radler,Sagres,pack 6 x 0.33 l,"0,38 €","1,15 €/L"
Refrigerante c/ gás,Coca-Cola,pack 6 x 0.33 l,"0,40 €/L","0,40 €/L"
Borrego Inteiro/Metades,PorSi,1/2 un = 7 kg <br> 1 un = 14 kg (aprox.),"69,86 €","9,98 €/Kg"
Pão de forma s/ côdea,Bimbo,Embalagem de 650 g,"2,63 €/Kg","2,63 €/Kg"
Caderno Agrafado Capa Preta |A5 Quadriculado,Domédia,1 unidade,"5,49 €","5,49 €/Unidade"
"Bolachas, tubo",Oreo,Embalagem de 150g,"4,83 €/Kg","4,83 €/Kg"
Feijão verde bio,PorSi Bio,Vendido ao peso,"1,04 €","2,59 €/Kg"
Preparado de tarte de flã,PorSi,360 g,"0,49 €","5,44 €/Kg"
Chouriço com feijão,Nobre,Embalagem de 420g,"2,35 €","5,60 €/Kg"
Maçã Jonagored 70/75,Programa Origens,1 un = 150 gr (aprox.),"0,24 €","1,85 €/Kg"
Manhãzitos original,Manhazitos,Embalagem 6x2 unidades,"2,05 €","5,13 €/Kg"
Camarão 20/30,Congelado de Aquicultura,1 un = 250 gr  (aprox.),"2,00 €","7,99 €/Kg"
Limpa madeiras com sabão,PorSi,1.5 litros,"4,39 €","14,63 €/L"
Paté de atum,PorSi,Embalagem de 65 g,"1,09 €","12,39 €/Kg"
Queijo Flamengo Bola,Limiano,1 un = 250 gr  (aprox.),"1,96 €","9,80 €/Kg"
Sopa da pedra,Centralres,Vendido ao peso a partir de 500 g,"3,59 €","3,59 €/Kg"
Toucinho do céu,PorSi,Embalagem de 2x100 g,"0,55 €","2,75 €/Kg"
Ovos Frescos Classe M,PorSi,12 unidades,"2,55 €","2,55 €/Unidade"
"Tira nódoas, spray oxi",PorSi,Embalagem de 1 l,"10,99 €","52,33 €/Kg"
Champô Limão & Argila,Ultra Suave,Embalagem de 400 ml,"5,59 €","13,98 €/L"
Snack gato sticks salmao 6x5g,PorSi,Embalagem de 30g,"0,89 €","14,83 €/Kg"
Vinh do porto ruby,Cruz,Garrafa de 750 ml,"5,99 €","7,99 €/L"
Água destilada,PorSi,Garrafão de 5 l,"1,15 €","0,23 €/L"
Corn flakes saco,PorSi,Embalagem de 500g,"1,49 €","2,98 €/Kg"
Tisana de chá verde/limão light,Pleno,"Garrafa de 1,5 l","0,99 €","0,66 €/L"
Camarão moçambique 30/40,PorSi,800 g,"8,99 €","25,69 €/Kg"
Gelatina morango 10kcal,Royal,Embalagem de 30g,"0,59 €","65,56 €/Kg"
Água com gás,PorSi,"Garrafa de 1,5 l","2,85 €","2,85 €/L"
Ração seca mix para cão adulto,PorSi,Embalagem de 20 kg,"1,15 €/Kg","1,15 €/Kg"
Creme Depilatório Men Peles Sensíveis,Veet,Embalagem de 200 ml,"3,51 €","3,51 €/Unidade"
Iogurte corpos danone + proteína ananás,Danone,Embalagem de 150g,"1,39 €","9,59 €/Kg"
Spray Limpa Cockpit,Redex,Embalagem de 600 ml + oferta pano micro-fibra,"3,99 €","0,80 €/L"
Cereja,Programa Origens,,"2,50 €","4,99 €/Kg"
Iogurte pedaços morango,PorSi,Embalagem de 4x125g,"4,38 €","2,19 €/Kg"
Creme Depilatório Peles Sensíveis,Veet,Embalagem de 200 ml,"9,99 €","49,95 €/L"
Inseticida Eléctrico Night & Day,Raid,1 Difusor + 1 Recarga,"7,69 €","7,69 €/Unidade"
Sumo essencial manga,Compal,pack 3 x 0.11 l,"2,29 €","6,94 €/L"
Cereais cookie crisp,Nestle,Embalagem de 380g,"1,99 €","3,18 €/Kg"
Mirtilos 100% Naturais,PorSi,Embalagem de 250 g,"4,99 €","9,98 €/Kg"
Abacaxi Maturado Plump Gold,Fruta do Dia,1 un = 2kg ( aprox.),"2,90 €","1,45 €/Kg"
Ambientador tealights canela,PorSi,embalagem com 18 unidades,"2,29 €","2,29 €/Unidade"
"Bebida láctea crescimento 1-3 anos, cereais",Nestle,Embalagem de 1 litro,"0,26 €","1,30 €/L"
Melancia Riscada,Programa Origens,Vendido ao peso | 1 un = 4 kg (aprox.),"0,79 €","3,15 €/Kg"
Lixivia perfumada,PorSi,Garrafa de 2 l,"1,79 €","0,36 €/L"
Vermute rosso,Martini,Embalagem de 10x6 cl,"22,49 €","32,13 €/L"
Vinho verde branco loureiro,Q.REGAINHO,Garrafa de 0.75 l,"1,59 €","2,12 €/L"
"Creme para mãos, proteção intensiva",Atrix,Embalagem de 60 ml,"2,49 €","41,50 €/L"
"Elixir bocal, menta",Labell,Embalagem de 500 ml,"1,29 €","2,58 €/L"
Pistachos,*,Vendido ao peso,"5,00 €","19,99 €/Kg"
Alho moído,PorSi,Saqueta de 50 g,"0,25 €","0,25 €/Kg"
Leite c/ Chocolate,Agros,Embalagem de 4 x 200 ml,"0,26 €","1,30 €/L"
Pá económica,PorSi,1 unidade,"2,20 €","2,20 €/Unidade"
Queijo curado alho e salsa,Nova Açores,Vendido ao peso,"25,45 €/Kg","25,45 €/Kg"
Néctar light de manga/laranja prism,PorSi,Embalagem de 1 l,"0,84 €","2,55 €/L"
Lambrusco rose,*,Garrafa de 750 ml,"6,89 €","9,19 €/L"
Malagueta Vermelha,Programa Origens,1 un = 100 gr (aprox.),"0,75 €","2,99 €/Kg"
Chá barriguinha,PLANTANATU,Embalagem de 10 unidades,"1,79 €","44,75 €/Kg"
Mochila,Sugarspice,Dim.: 32 x 40 x 43 cm,"22,99 €","22,99 €/Unidade"
6 salsichas tipo frankfurt original,Campofrio,Embalagem de 140g,"0,99 €","7,07 €/Kg"
Gelatina em pó melancia,PorSi,Embalagem de 2 x 85 g,"0,59 €","65,56 €/Kg"
Acetona perfumada com doseador,PorSi,Embalagem de 200 ml,"1,89 €","9,45 €/L"
Bolachas com cobertura de chocolate de leite,Oreo,Embalagem de 250g,"4,83 €/Kg","4,83 €/Kg"
Bolachas shortcake,PorSi,Embalagem de 233 g,"1,69 €","6,76 €/Kg"
Tablete chocolate branco,PorSi,Embalagem de 100g,"5,80 €/Kg","5,80 €/Kg"
Porto tawny valadão,Valadao,Garrafa de 750 ml,"6,29 €","8,39 €/L"
Cereais cruesli chocolate,Quaker,Embalagem de 380g,"2,29 €","6,11 €/Kg"
Queijo flamengo,Novacores,Embalagem de 320g,"1,96 €","9,80 €/Kg"
Chá fresh preto e limão,Cemporcent,Embalagem de 18g,"1,19 €","59,50 €/Kg"
Aperitivos  fritos,Fritos,Embalagem 130G,"0,79 €","7,90 €/Kg"
Alho picado,PorSi,Embalagem de 100 g,"4,99 €","9,98 €/Kg"
Comida húmida para cão de vaca e frango,PorSi,Lata de 400 g,"0,75 €","2,50 €/Kg"
6 Salsichas Frescas Chipolatas com Ervas,PorSi,330 g,"0,54 €","5,39 €/Kg"
Sabonete Liquido Gel Antibacteriano,Labell,Embalagem de 300 ml,"2,18 €/L","2,18 €/L"
Bolachas mini chips ahoy,Ca!,Embalagem de 160g,"0,85 €","5,67 €/Kg"
Bolachas cream cracker doses individuais,Vieira,Embalagem de 180g,"0,39 €","3,12 €/Kg"
Pellets madeira,Nova lenha,Embalagem de 15kg,"10,99 €","0,73 €/Kg"
"Sacos para sandes, 100 unidades",PorSi,1 embalagem,"1,11 €","1,11 €/Unidade"
Morcela assar fundao,PorSi,Embalagem de 250g,"1,20 €","5,99 €/Kg"
"Snack  de chocolate, pack de 3 unidades",Mars,Embalagem de 3x45 g,"11,79 €/Kg","11,79 €/Kg"
Cerveja super bock,Super Bock,Pack 6 x 200 ml,"0,38 €","1,15 €/L"
Licor beirão,Beirão,Garrafa de 700 ml,"22,49 €","32,13 €/L"
Café torrado em grão,PorSi,Embalagem de 1 kg,"3,59 €","14,36 €/Kg"
Queijo fresco meio gordo,PorSi,200 g,"0,99 €","4,95 €/Kg"
Iogurte fruta batida banana/laranja/bolacha,Mimosa,Embalagem de 480g,"2,99 €","6,80 €/Kg"
Morcela de Ponte de Lima,PorSi,Vendido ao peso a partir de 750 g,"1,20 €","5,99 €/Kg"
"Iogurte sabor morango, banana e tutti frutti",Danone,Embalagem de 8 x 120 g com 1 grátis,"1,99 €","1,33 €/Kg"
Presunto fatias,Damatta,Embalagem de 120 g,"2,59 €","12,95 €/Kg"
Danacol frutos exóticos,Danone,Embalagem de 6 x 100 g,"3,99 €","6,65 €/Kg"
Queijo Curado,Ilha Azul,Vendido ao peso a partir de 250 gr,"2,42 €","9,69 €/Kg"
Queijo flamengo barra,PorSi,"Vendido ao peso, fatiado a partir de 100 gr","1,96 €","9,80 €/Kg"
"Vinho Bairrada, Tinto",Selecção de Enófilos,Garrafa de 0.75 l,"2,49 €","3,32 €/L"
Queijo de Serpa DOP,PorSi Select,1 un = 250 gr  (aprox.),"6,00 €","23,99 €/Kg"
Uva Branca,Programa Origens,Vendido ao peso,"0,79 €","3,15 €/Kg"
Sardinha Pequena,Peixe Congelado,1 un= 250 gr (aprox.),"3,99 €/Kg","3,99 €/Kg"
40 filtros café número 4,Planteur,Embalagem com 40 filtros,"0,80 €","0,80 €/Unidade"
"Refresco em pó, manga",PorSi,Embalagem de 40g,"0,59 €","14,75 €/Kg"
Néctar clássico tutti-frutti,Compal,330 ml,"0,99 €","0,99 €/L"
Iogurte tipo grego natural,PorSi,Embalagem de 12 x 125 g,"0,99 €","1,98 €/Kg"
Prato com naperon 30cm,PorSi,1 unidade,"0,79 €","0,79 €/Unidade"
Bolachas shortcake cacau,PorSi,Embalagem de 185 g,"1,69 €","6,76 €/Kg"
Água s/ gás,S.estrela,"Pack 6 x 0,50 l","1,04 €","0,17 €/L"
Piaçaba com suporte,PorSi,1 unidade,"2,99 €","6,64 €/Kg"
Nutella,Nutella,Embalagem de 700g,"8,13 €/Kg","8,13 €/Kg"
"Bracito trufa de chocolate, 4 unidades",Dulcesol,Embalagem de 240g,"2,05 €","5,13 €/Kg"
Reparador de móveis normal,PorSi,Embalagem de 200 ml,"4,39 €","14,63 €/L"
Resguardo para bebé,PorSi,Dim.: 60 x 60 cm,"4,99 €","4,99 €/Unidade"
Pectina,Condi,Embalagem de 25g,"2,04 €","81,60 €/Kg"
Bolacha Maria,Cuetara,Embalagem de 200g,"1,49 €","1,86 €/Kg"
Iogurte morango 000%,PorSi Viva Bem,Embalagem de 4 x 125 g,"1,09 €","1,45 €/Kg"
Óleo para bebé aloé vera,PorSi,Embalagem de 500 ml,"0,44 €","7,33 €/L"
Tinta Plástica Branca,Marilina,Embalagem de 15 l,"12,99 €","0,87 €/L"
Cevada torrada moída,PorSi,Embalagem de 250 g,"0,79 €","3,16 €/Kg"
Toalhita Azul,Dodot,Embalagem c/ Tampa | 64 un.,"1,09 €/Unidade","1,09 €/Unidade"
"Cobertura tipo chantilly, 2x38g",PorSi,Embalagem de 80g,"1,29 €","3,23 €/Kg"
Caramelo líquido,PorSi,Embalagem de 400g,"1,29 €","3,23 €/Kg"
Orégãos em folha,PorSi,Embalagem de 10g,"0,25 €","0,25 €/Kg"
Bicarbonato de sódio,Globo,Embalagem de 230g,"1,89 €","17,18 €/Kg"
Pastilhas descafeinado,Delta,Embalagem de 110g,"2,79 €","19,93 €/Kg"
"Refeição pronta, boião de legumes e vitela",Bledina,Embalagem de 200g,"2,19 €","11,53 €/Kg"
Molho mad chips top down,Calve,Embalagem de 260g,"0,87 €","2,90 €/Kg"
"Vinho Alentejo, Private Collection, Tinto",Selecção de Enófilos,Garrafa de 0.75 l,"2,99 €","3,99 €/L"
"Máquina depiladora descartável, Blue II Feminina",Gillette,Embalagem de 5+1 unidades,"9,99 €","49,95 €/L"
Verdinhos Grandes,Peixe do Dia,1 un= 100 gr (aprox.),"3,89 €","6,49 €/Kg"
Moelas congeladas,*,Embalagem de 1 kg,"4,99 €","24,95 €/Kg"
Lixívia Tradicional,PorSi,Embalagem de 5 l,"1,79 €","0,36 €/L"
Leite de pastagem magro,Terra Nostra,Embalagem de 1 litro,"0,83 €","0,83 €/L"
Muesli nozes,PorSi,500 g,"2,24 €","4,48 €/Kg"
Xarope de menta,Paquito,Garrafa de 0.75 lt,"3,25 €","3,25 €/L"
"Queijo fresco, grande",PorSi,Embalagem de 250 g,"0,99 €","4,95 €/Kg"
Cuecas Incontinência Maxi Grande,Lindor,Embalagem com 14 un.,"9,99 €","9,99 €/Unidade"
Borracha para desenho técnico,Domédia,1 unidade,"4,99 €","4,99 €/Unidade"
Vinho do porto tawny,Cruz,"Garrafa de 0,75 l","6,29 €","8,39 €/L"
Açorda de camarão,PorSi Select,380 g,"1,79 €","7,16 €/Kg"
Lamina Descartáveis Platina,Labell,Pack 10 unidades,"1,29 €","5,16 €/L"
Rolos de papel multiusos 2 folhas,PorSi,1 unidade,"1,09 €","1,09 €/Unidade"
Lombo curado fatiado,PorSi,100 g,"2,49 €","16,60 €/Kg"
Creme Facial Depilatório,Veet,Embalagem de 2x50 ml,"3,51 €","3,51 €/Unidade"
Perna de Peru,Programa Origens,"Vendido ao peso, 1un = 1kg (aprox)","1,05 €","2,99 €/Kg"
Iogurte líquido pinacolada,PorSi,Embalagem de 4 x 160 g,"1,31 €","2,05 €/Kg"
Milho para pipocas,Globo,Embalagem de 400g,"0,79 €","7,90 €/Kg"
Feijão vermelho,Legumes secos,1 un = 100 gr. (aprox.),"0,28 €","2,75 €/Kg"
Carapau Pequeno,Peixe Congelado,1 un= 120 gr (aprox.),"3,99 €/Kg","3,99 €/Kg"
Farinheira do Ribatejo,PorSi,Embalagem de 180g,"1,20 €","5,99 €/Kg"
Mistura Asiática,PorSi,400 g,"1,65 €","1,65 €/Kg"
Bacalhau Posta Higienizada,PorSi,Vendido ao peso a partir de 350 g,"4,20 €","13,99 €/Kg"
Batata frita caseira,PorSi,Embalagem de 500g,"0,87 €","5,44 €/Kg"
Café moagem universal portugal,Delta,Embalagem de 250g,"1,69 €","6,76 €/Kg"
Cápsulas de café com leite cappuccino,Nescafe,Embalagem com 16 cápsulas,"2,79 €","19,93 €/Kg"
Penso júnior,PorSi,20 unidades,"0,79 €","1,58 €/L"
Amendoas laminadas 125g,Vahine,Embalagem de 130g,"1,89 €","17,18 €/Kg"
"Chá de mel, limão e ginseng",Tetley,Embalagem de 20g,"1,19 €","59,50 €/Kg"
Fuet extra,PorSi,170 g,"1,14 €","5,70 €/Kg"
Balde de Limpeza com Espremedor,PorSi,unidade,"2,99 €","2,99 €/Unidade"
Sardinha em tomate picante,PorSi,Embalagem de 120g,"0,95 €","7,92 €/Kg"
Peito de frango,Salsicharia Limiana,"Vendido ao peso, fatiado","2,25 €","11,25 €/Kg"
"Limpa jantes, em pistola",Arbo,Embalagem de 1 l,"3,99 €","0,80 €/L"
Coco ralado bio,PorSi Bio,Embalagem de 200 g,"1,21 €","6,05 €/Kg"
Refresco em pó de morango,Tang,Embalagem de 30g,"0,59 €","14,75 €/Kg"
Spray desengordurante,Sonasol,Embalagem de 500 ml,"4,49 €","5,99 €/L"
"Hamburguers de vaca, 4x80g",PorSi,Embalagem de 320 g,"2,79 €","8,72 €/Kg"
Princesas do mar,PorSi,Embalagem de 255 g,"2,19 €","8,59 €/Kg"
Sumo 100% laranja,Compal,1 litro,"1,69 €","1,69 €/L"
Chá de alcachofra e dente-de-leão,PLANTANATU,Embalagem de 20g,"1,79 €","44,75 €/Kg"
Tofu biológico,PorSi Bio,Embalagem de 300g,"1,49 €","3,73 €/L"
Croissant simples,PorSi,Embalagem de 400g,"2,05 €","5,13 €/Kg"
"Sopa gourmet, cogumelos",Knorr,Embalagem de 60g,"0,62 €","10,00 €/Kg"
Croissant recheado de cacau/avelã,PorSi,Embalagem de 315g,"2,05 €","5,13 €/Kg"
Pão forma familiar normal,Bimbo,embalagem de 700 g,"2,63 €/Kg","2,63 €/Kg"
Cerveja c/ álcool radler,Sagres,pack 6 x 0.33 l,"1,59 €","3,18 €/L"
Posta Tradicional 9 Meses Cura,Riberalves,Embalagem de 550 g,"6,39 €","7,99 €/Kg"
"Elixir bocal, dentes e gengivas",Listerine,Embalagem de 250 ml,"1,29 €","2,58 €/L"
Sabonete Líquido Original,Dove,Embalagem de 250 ml,"2,18 €/L","2,18 €/L"
Aperitivo de anis,Ricard,Garrafa de 700 ml,"22,49 €","32,13 €/L"
Pratos para pic nic 23 cm verdes,PorSi,Embalagem com 4 unidades,"1,99 €","1,99 €/Unidade"
Whisky,J&B,Garrafa de 700 ml,"11,49 €","16,41 €/L"
Bebida energética ultra white,Monster,Garrafa de 500 ml,"1,60 €","3,20 €/L"
Café solúvel gold,PorSi Select,Embalagem 100G,"14,50 €/Kg","14,50 €/Kg"
Queijo são jorge dop,PorSi Select,Embalagem de 400g,"2,42 €","9,69 €/Kg"
Pão Rústico com Malte,Pão do Dia,1 unidade= 100 g,"0,19 €","2,38 €/Kg"
Bicarbonato de sódio,PorSi,Embalagem de 500 g,"1,69 €","2,25 €/L"
Líquido p/ Radiador Verde 10% Concentração,Arbo,Embalagem de 5 l,"3,99 €","0,80 €/L"
Gran cruz rosé porto cruz pink,Cruz,Garrafa de 750 ml,"22,49 €","32,13 €/L"
Leite de pastagem uht meio gordo,Milhafre,1 litro,"0,83 €","0,83 €/L"
Farinha de milho integral,Cemporcent,Embalagem de 500g,"1,49 €","3,73 €/Kg"
Gel de Banho Shea Butter & Vanilla,Dove,Embalagem de 750 ml,"6,39 €/L","6,39 €/L"
"Detergente líquido, manual loiça, original",Fairy,"Embalagem de 1,5 l","1,19 €","2,38 €/L"
Queijo flamengo fatiado,PorSi,Embalagem de 200G,"1,96 €","9,80 €/Kg"
Guardanapos 2 folhas brancos e dourado,PorSi Select,50 unidades,"1,49 €","1,49 €/Unidade"
Tablete de chocolate leite com avelã,PorSi Select,200 g,"6,50 €/Kg","6,50 €/Kg"
Bolachas de manteiga,PorSi,Embalagem de 200 g,"1,69 €","6,76 €/Kg"
Couve Flor,Legumes do Dia,Vendido ao peso,"1,04 €","2,59 €/Kg"
Pastilhas de Limpeza Aparelho Dentário,Polident,Embalagem com 30 unidades,"7,39 €","105,57 €/Kg"
Queijo de nisa dop,PorSi Select,1 unidade = 280g (aprox.),"6,00 €","23,99 €/Kg"
Queijo emmental ralado,PorSi,Embalagem de 200 g,"7,45 €/Kg","7,45 €/Kg"
Pérolas de perfume unstoppables fresh,Lenor,Embalagem de 210g,"10,99 €","52,33 €/Kg"
Vinagre de vinho branco envelhecido,PorSi,Garrafa 250ML,"0,35 €","0,70 €/L"
Tequila,On Off,Garrafa de 70 cl,"3,99 €","5,32 €/L"
Granola + classica,Cemporcent,Embalagem de 375g,"1,05 €","1,05 €/Kg"
Delta chicória + cafe soluvel lata,Delta,Embalagem de 250g,"14,50 €/Kg","14,50 €/Kg"
Eau De Toilette Homen Nº 56,Caravan,pack: 150ML+Deo 150ML,"1,49 €","4,97 €/L"
Galão enriquecido com cálcio,Ucal,Embalagem de 600 ml,"1,99 €","2,49 €/L"
Polpa tomate tetra,PorSi,Embalagem de 210g,"0,99 €","1,98 €/Kg"
Pringles original,Pringles,Embalagem de 175g,"1,09 €","5,89 €/Kg"
Tomate Cacho Económico,Legumes do Dia,1 un = 200 gr (aprox.),"0,36 €","1,79 €/Kg"
Sal marinho integral,Cemporcent,Embalagem de 1 kg,"0,79 €","0,79 €/Kg"
Ambientador tealights baunilha,PorSi,embalagem com 18 unidades,"2,29 €","2,29 €/Unidade"
Ambientador tealights frutos vermelhos,PorSi,embalagem com 18 unidades,"2,29 €","2,29 €/Unidade"
Cereais cruesli frutos secos,Quaker,Embalagem de 380g,"2,29 €","6,11 €/Kg"
"Argolas, brancas, autocolante, 160 unidades, 13 mm",Domédia,1 embalagem,"5,99 €","5,99 €/Unidade"
Sobremesa gelatina de morango,PorSi,Embalagem 4X100G,"0,99 €","2,48 €/Kg"
Pasta de atum,Fides,Embalagem de 90g,"1,09 €","12,39 €/Kg"
Doce de framboesa,ST.DALFOUR,Frasco de 284g,"2,19 €","9,95 €/Kg"
Bacon Extra Nacos,Porminho,200 g,"2,79 €","9,30 €/Kg"
Limpa pavimentos flutuantes,PorSi,Embalagem de 1 litro,"1,69 €","2,25 €/L"
Mortadela fatiada,PorSi,Embalagem de 200 g,"1,15 €","5,75 €/Kg"
Pão de forma integral,Bimbo,Embalagem de 480 g,"2,63 €/Kg","2,63 €/Kg"
Borrego Leite Inteiro/Metades,Programa Origens Premium,,"1,50 €","5,99 €/Kg"
Adoçante recarga,Canderel,Embalagem de 40g,"3,79 €","3,79 €/Unidade"
"Bacalhau graúdo inteiro salgado, seco",Bacalhau da Islândia,1 un= 2.5kg (aprox.),"16,49 €","10,99 €/Kg"
Spray limpa inox,Cif,Garrafa de 440 ml,"1,69 €","2,25 €/L"
Feijão preto,Legumes secos,1 un = 100 gr. (aprox.),"0,28 €","2,75 €/Kg"
Bolacha cracker integral,Cuetara,Embalagem de 200g,"0,39 €","3,12 €/Kg"
Bolachas de água e sal,PorSi,Embalagem de 125g,"0,39 €","3,12 €/Kg"
Fatia de salame de chocolate,PorSi,Embalagem 60G,"2,05 €","5,13 €/Kg"
Gressinos com azeitonas pretas,PorSi,Embalagem de 250g,"2,39 €","6,83 €/Kg"
Sabonete líquido Marselha e Azeitona,Labell,Embalagem de 500 ml,"2,18 €/L","2,18 €/L"
Coxa,Peru,1 un = 1 kg (aprox.),"1,05 €","2,99 €/Kg"
Salmão posta ao natural,PorSi Select,Lata de 120 g,"0,95 €","7,92 €/Kg"
Fiambre da Perna Extra,Nobre,1 un = 150 gr (aprox.),"0,97 €","6,49 €/Kg"
Bebida Energética Red Grape,Hell,250 ml,"1,60 €","3,20 €/L"
Farinha s/ fermento tipo 65,ESPIGA,Embalagem de 1 kg,"0,85 €","0,85 €/Kg"
"Pedras salgadas gf 0,33 l",P.salgadas,"Garrafa de 1,98 l","2,85 €","2,85 €/L"
Maionese,PorSi,Embalagem de 414 g,"0,87 €","2,90 €/Kg"
Cachaço s/ Osso,Porco,Vendido ao peso a partir de 1 kg,"4,89 €","4,89 €/Kg"
Mel em frasco com doseador,PorSi,Embalagem de 500g,"4,89 €","9,78 €/Kg"
Areia para gatos 100% natural,PorSi,Embalagem de 5 kg,"1,29 €","0,26 €/Kg"
Iogurte líquido dan'up morango e banana,Danone,Embalagem de 4 x 155 g,"1,31 €","2,05 €/Kg"
Carcaça Forno de Pedra,Pão do Dia,1 un = 60 gr (aprox.),"0,19 €","2,38 €/Kg"
Guardanapos 2 folhas azul e dourado,PorSi Select,40 unidades,"1,49 €","1,49 €/Unidade"
Café nyeri quénia moagem universal,Sical,Embalagem de 220g,"1,69 €","6,76 €/Kg"
"Escargots recheio de manteiga, salsa e alho",PorSi Select,89 g,"1,99 €","6,63 €/Kg"
Água s/ Gás,Serra de Fafe,Garrafa 6L,"1,04 €","0,17 €/L"
Café solúvel descafeinado,PorSi,Embalagem de 100G,"14,50 €/Kg","14,50 €/Kg"
Pudim morango,Boca Doce,Embalagem de 20g,"0,59 €","29,50 €/Kg"
Iogurte mix-in nesquik,Nestle,Embalagem de 2 x 115 g,"1,05 €","1,86 €/L"
Leite 0% lactose magro,Mimosa,Garrafa de 1 l,"1,29 €","1,29 €/L"
Bloco Notas A6 Pautado,Domédia,1 un.,"0,49 €","0,49 €/Unidade"
Lencos bolso mentol 6x10 3f,PorSi,Embalagem de 6 unidades,"0,89 €","0,89 €/Unidade"
Limpa móveis multissuperfícies,PorSi,Frasco de 300ml,"4,39 €","14,63 €/L"
Bolachas com duplo creme,Oreo,Embalagem de 190g,"4,83 €/Kg","4,83 €/Kg"
Pota Inteira,Peixe Congelado,1 un= 200 gr (aprox.),"3,99 €/Kg","3,99 €/Kg"
Folhado Misto 90 g,Pastelaria do Dia,,"0,65 €","0,65 €/Unidade"
Fígado,Novilho,1 un = 100 gr (aprox.),"0,60 €","5,99 €/Kg"
Feijoada,PorSi,Embalagem de 420 g,"2,35 €","5,60 €/Kg"
Bacalhau Graúdo Boa Pesca,PorSi,"Vendido ao peso, 1 un= 2.5 kg (aprox.)","16,49 €","10,99 €/Kg"
Queijo ralado dispensador,PorSi,Embalagem de 80g,"7,45 €/Kg","7,45 €/Kg"
Corvina inteira fresca (2 kg),Nossa seleção,Pescado no mar,"3,89 €","6,49 €/Kg"
Saqueta puré de fruta e aveia,PorSi,Embalagem de 90g,"0,74 €","8,22 €/Kg"
Chocolate maxi 6 barritas,Kinder,Embalagem de 130g,"2,29 €","17,62 €/Kg"
Queijo tres igrejas cura 2 meses,Santiago,Vendido ao peso a partir de 250 gr,"25,45 €/Kg","25,45 €/Kg"
Eclair de Chocolate 75 g,Pastelaria do Dia,,"1,20 €/Unidade","1,20 €/Unidade"
Cabeça de Aipo,Legumes do Dia,1 un = 500 g (aprox.),"0,33 €","3,29 €/Kg"
"Bolachas relieve, mel e coco",PorSi,Embalagem de 700g,"2,98 €","9,93 €/Kg"
Cereais crack star,PorSi,Embalagem de 375 g,"1,99 €","3,18 €/Kg"
Dettol sabonete líquido frustos do bosque x 12 recar...,Dettol,Garrafa de 250 ml,"2,18 €/L","2,18 €/L"
Ovos galinha solo L,PorSi,12 unidades,"5,09 €","5,09 €/Unidade"
Experiências Jantar a Dois,Odisseias,,"49,90 €","49,90 €/Unidade"
5 rissóis de leitão,PorSi,Embalagem de 400g,"1,79 €","7,16 €/Kg"
Bebida aveia,Alpro,Embalagem de 1 litro,"0,79 €","0,79 €/L"
"As minhas primeiras receitas - refeição batata, abób...",Nestle,Embalagem de 190g,"2,19 €","11,53 €/Kg"
Vinho regional lisboa reserva tinto,Mundus,Garrafa de 750 ml,"4,49 €","5,99 €/L"
Champô cacau&côco,Ultra Suave,Embalagem de 400 ml,"5,59 €","13,98 €/L"
Vinagre de fruta,PorSi,Embalagem de 500 ml,"0,35 €","0,70 €/L"
Sortido seleção,Chabrior,Embalagem de 380g,"3,74 €","9,35 €/Kg"
Sangria pet,Don Simon,"Garrafa de 1,5 l","2,39 €","1,59 €/L"
Tablete de chocolate de leite com amêndoas,PorSi,100 g,"6,50 €/Kg","6,50 €/Kg"
Sultana Dourada,PorSi,Embalagem de 200g,"1,00 €","5,00 €/Kg"
Ameixa Amarela Categoria II,Programa Origens,Vendido ao peso a partir de 200 g,"0,50 €","2,49 €/Kg"
Tostas de trigo,PorSi,Embalagem 225G,"2,39 €","6,83 €/Kg"
Tarte de Flan,Pastelaria do Dia,embalagem com 650g,"8,99 €","11,24 €/Kg"
Pães de leite redondos,s. tomé,Embalagem de 300 g,"7,40 €/Kg","7,40 €/Kg"
Bife da Vazia,Novilho,Vendido ao peso a partir de 800 g,"13,08 €","16,35 €/Kg"
Azeitona mista,PorSi,Embalagem de 210g,"1,00 €","3,99 €/Kg"
Agrafador + 400 agrafos,Domédia,Uma embalagem,"5,99 €","5,99 €/Unidade"
Cápsulas de café com leite cappuccino,Nescafe,Embalagem com 16 cápsulas,"3,19 €","25,52 €/Kg"
"Lixívia para roupa, tradicional verde denso",PorSi,Embalagem de 2L,"1,79 €","0,36 €/L"
Bloco Sanitário Poder Activo Pinho,Sonasol,Embalagem de 50 g,"39,60 €/Kg","39,60 €/Kg"
Ice tea pêssego,Lipton,Embalagem de 1L,"0,99 €","0,66 €/L"
Pepinex,Legumes do Dia,1 un=400 g (aprox.),"0,33 €","3,29 €/Kg"
Spray calcário e sujidade,Cillitbang,Garrafa de 500 ml,"1,29 €","0,86 €/L"
Insecticida recarga,Biokill,Embalagem de 375 ml,"5,09 €","8,48 €/L"
Cevada solúvel,Delta,Embalagem de 200 g,"14,50 €/Kg","14,50 €/Kg"
Bebida láctea crescimento 3 anos+,Nestle,Embalagem de 1 litro,"0,26 €","1,30 €/L"
Bebida láctea crescimento 1 a 3 anos,Nestle,Embalagem de 1 litro,"0,26 €","1,30 €/L"
Bife da Pá e do Acém,Novilho,Vendido ao peso a partir de 800 g,"13,08 €","16,35 €/Kg"
Batatas Pré-fritas Rosti com Cebola,PorSi,Embalagem com 600 g,"1,49 €","1,49 €/Kg"
Cocktail melão,Bar Royal,Garrafa de 750 ml,"3,99 €","5,32 €/L"
Vinho de mesa tinto bag in box,Adega grande,Garrafa de 5 l,"5,49 €","1,10 €/L"
Creme vegetal para barrar de chocolate,Tulicreme,Embalagem de 200g,"8,13 €/Kg","8,13 €/Kg"
Dawnut Glacé,Pastelaria do Dia,50g,"1,20 €/Unidade","1,20 €/Unidade"
Rum carta blanca,Bacardi,Garrafa de 700 ml,"17,09 €","24,41 €/L"
Leite especial crescimento +3 anos,Mimosa,Garrafa de 1 l,"0,26 €","1,30 €/L"
Rolo cozinha compacto 3 folhas,Foxy,1 unidade,"1,09 €","1,09 €/Unidade"
Cerveja c/ álcool,Super Bock,pack 24 x 0.20 l,"0,38 €","1,15 €/L"
"Papel higiénico compacto, folha dupla",Renova,4 = 12 rolos,"1,99 €","1,99 €/Unidade"
8 salsichas aves,PorSi,Embalagem de 200 g,"0,75 €","3,75 €/Kg"
Milho tenro e doce,Bonduelle,Embalagem de 300 g,"2,19 €","2,81 €/Kg"
Moinho 5 pimentas em grão,PorSi,Frasco com 40 g,"0,25 €","0,25 €/Kg"
Palmiers,PorSi,Embalagem de 300 g,"1,69 €","6,76 €/Kg"
Chá fresh verde e pêssego,Cemporcent,Embalagem de 18g,"1,19 €","59,50 €/Kg"
Solha Congelada (200/400),Peixe Congelado,Pescado no mar,"3,99 €/Kg","3,99 €/Kg"
10 pães de leite,PorSi,Embalagem de 350g,"7,40 €/Kg","7,40 €/Kg"
Bolacha digestive s/ gluten,Gullon,Embalagem de 150g,"2,69 €","20,69 €/Kg"
Molho de soja com dispenser,KIKKOMAN,Garrafa de 150 ml,"3,99 €","26,60 €/L"
Queijo vaca sem lactose,PorSi Viva Bem,250 g,"2,42 €","9,69 €/Kg"
Cerveja com álcool,Super Bock,Garrafa de 1 l,"0,38 €","1,15 €/L"
Ambientador automático lavanda,PorSi,250 ml,"0,99 €","3,30 €/L"
Broa de milho doce,Pão do Dia,450 g,"0,19 €","2,38 €/Kg"
Batata frita presunto,Ruffles,Embalagem de 150 g,"1,29 €","6,97 €/Kg"
Alface Lisa,Legumes do Dia,1 un= 400 g (aprox.),"1,16 €","2,89 €/Kg"
Bacalhau desfiado,PorSi,Embalagem de 500g,"6,39 €","7,99 €/Kg"
Creme marisco,Knorr,Embalagem de 70g,"0,62 €","10,00 €/Kg"
Aguardente bagaceira,S.domingos,Garrafa de 1 l,"12,79 €","18,27 €/L"
Pensos clássicos,PorSi,20 unidades,"0,79 €","1,58 €/L"
Bolachas multicereais,PorSi,Embalagem de 400 g,"0,85 €","5,67 €/Kg"
"Escova dentes, rotativa global, dura, 2 unidades",Labell,1 embalagem,"3,99 €","3,99 €/Unidade"
Açucar granulado,PorSi,Embalagem de 1 kg,"1,49 €","1,49 €/Kg"
Óleo Performa 15W40,Galp,Embalagem de 1 l,"14,99 €","14,99 €/L"
Abrasivo sanitário gel marinho,PorSi,embalagem de 1 litro,"1,15 €","1,15 €/L"
Cacetinho de Trigo,Pão do Dia,80 g,"0,19 €","2,38 €/Kg"
Amaciador Concentrado Creations Flor Lótus Lima,Comfort,80 doses,"3,99 €","3,99 €/Unidade"
Cereais petalas chocolate,PorSi,Embalagem de 625g,"1,99 €","3,18 €/Kg"
Requeijão de vaca,PorSi,Embalagem de 200 g,"0,99 €","4,95 €/Kg"
Cereais fitness e fruits,Nestle,Embalagem de 380g,"5,59 €","8,87 €/Kg"
Salsichas de porco em lata,PorSi,Embalagem de 200g,"0,75 €","3,75 €/Kg"
Bacalhau lombos,PorSi,Embalagem de 1.5 kg,"6,39 €","7,99 €/Kg"
Peru Fêmea c/ Miúdos Programa Origens,PorSi,1 un= 5kg (aprox.),"1,05 €","2,99 €/Kg"
Gelado cookie dough,PorSi Select,Embalagem de 500ml,"2,69 €","5,38 €/L"
80 filtros nº4 com saquetas antitártaro,Planteur,Uma embalagem com 80 unidades,"0,80 €","0,80 €/Unidade"
Mistura com 20% café torrada moída,PorSi,Embalagem de 250g,"0,79 €","3,16 €/Kg"
"Pilha alcalina, hightech lr03x4",Domédia,1 unidade,"1,75 €","1,75 €/Unidade"
Pastéis de nata,PorSi,Embalagem de 6x60 g,"2,57 €","7,79 €/Kg"
Tomate Chucha Económico,Legumes do Dia,1 un = 200 gr (aprox.),"0,36 €","1,79 €/Kg"
Salsichas Frescas Chipolatas,PorSi,Embalagem com 1 kg (aprox.),"0,54 €","5,39 €/Kg"
Sopa de cebola,Knorr,Embalagem de 50g,"0,62 €","10,00 €/Kg"
Limpa madeiras ecológico,PorSi,1.5 litros,"4,39 €","14,63 €/L"
Leite condensado magro cozido,Nestle,Embalagem de 390g,"1,09 €","2,75 €/Kg"
"Escova de cabelo, pneumática javali",Labell,Uma unidade,"2,19 €","2,19 €/Unidade"
Nata uht 0% lactose,Parmalat,Embalagem de 200 ml,"0,75 €","3,75 €/L"
Frango inteiro com miúdos,PorSi,Embalagem com 1.4 kg (aprox.),"1,05 €","2,99 €/Kg"
Mistura para coelhos,Rac.zezere,Embalagem de 5 kg,"2,49 €","2,49 €/Kg"
Amaciador concentrado para roupa floral,PorSi,80 doses,"3,99 €","3,99 €/Unidade"
"Maionese, frasco",Hellmman's,Embalagem de 210g,"0,87 €","2,90 €/Kg"
Mousse chocolate,PorSi,Embalagem de 150g,"0,79 €","5,27 €/Kg"
"Salsichas wiennerwurt em frasco, 6 un",Nobre,Embalagem de 250g,"0,75 €","3,75 €/Kg"
Pêssego em calda metades,PorSi,Lata com 840 g,"2,09 €","2,49 €/Kg"
Pão de Ló Tradicional,Pastelaria do Dia,1Kg,"8,99 €","11,24 €/Kg"
Biscoitos sem glúten,Gullon,Embalagem de 200 g,"2,69 €","20,69 €/Kg"
"Escova de dentes macia, 7-13 anos",Labell,1 unidade,"0,99 €","0,99 €/Unidade"
Danacol aveia,Danone,Embalagem de 6 x 100 g,"3,99 €","6,65 €/Kg"
Manteiga c/sal,Terra Nostra,Embalagem de 250g,"1,89 €","7,56 €/Kg"
"Fraldas Dry Fit, 3-6kg - Tamanho 2",Chicco,Embalagem de 50 unidades,"6,49 €","6,49 €/Unidade"
Pilha alcalina classic lr6x4,Domédia,1 unidade,"1,75 €","1,75 €/Unidade"
Cerveja c/ álcool,Heineken,"Embalagem de 6x0,25 l","0,38 €","1,15 €/L"
Salsicha Merguez,PorSi,1 un = 100 gr (aprox.),"0,54 €","5,39 €/Kg"
Iogurte natural sem lactose,PorSi Viva Bem,4 x 125 g,"0,99 €","1,98 €/Kg"
Papel higiénico branco folha tripla,PorSi,12 rolos,"1,99 €","1,99 €/Unidade"
Areia para gatos mineral perfumada,PorSi,Embalagem de 5 kg,"1,29 €","0,26 €/Kg"
Bandas de cera fria peles normais,Veet,Embalagem de 20 unidades,"3,51 €","3,51 €/Unidade"
Ice tea limão,Lipton,pack 6 x 0.25 l,"0,99 €","0,66 €/L"
Feijão manteiga,PorSi,Frasco com 540 g,"2,19 €","2,81 €/Kg"
Natas uht 3 queijos,Parmalat,Embalagem de 200 ml,"0,75 €","3,75 €/L"
Cocktail de azeitonas,PorSi,Vendido ao peso a partir de 250 g,"1,00 €","3,99 €/Kg"
Pizza 4 estações,PorSi,Embalagem de 350g,"2,25 €","6,43 €/Kg"
Ambientador aerossol 5 em 1 jasmim,PorSi,300 ml,"0,99 €","3,30 €/L"
Ambientador para a máquina da loiça de lima e limão,Finish,1 un.,"1,49 €","5,96 €/L"
Creme calçado preto,PorSi,50 ml,"0,99 €","19,80 €/L"
Kit de viagem,Colgate,pasta dentífrica + escova,"2,39 €","31,87 €/L"
Tablete de chocolate negro,PorSi,Embalagem de 100 g,"0,99 €","4,95 €/Kg"
Camarão tigre 10/15 congelado,Nossa seleção,Vendido ao peso,"2,00 €","7,99 €/Kg"
Café solúvel c/ cafeína,PorSi,Embalagem de 100g,"14,50 €/Kg","14,50 €/Kg"
Estendal de roupa com abas alumínio,PorSi,20 metros,"0,89 €","0,89 €/Unidade"
Guardanapos de 1 folha amarelos | dim.: 30 x 29 cm,PorSi,Embalagem com 70 unidades,"1,49 €","1,49 €/Unidade"
"Luvas multiusos relevo antiderrapante, tamanho peque...",PorSi,Embalagem de 1 unidades,"0,89 €","0,89 €/Unidade"
"Esquadro, 21 cm 60.",Domédia,1 unidade,"4,99 €","4,99 €/Unidade"
Queijo Curado Trad.Pimentão,Alavão,Vendido ao peso a partir de 250 gr,"25,45 €/Kg","25,45 €/Kg"
"Lustrante pneus, em pistola",Arbo,Embalagem de 1 l,"3,99 €","0,80 €/L"
"Engoma fácil, pistola",PorSi,Embalagem de 750 ml,"10,99 €","52,33 €/Kg"
Cappuccino café arábica cacau magro em pó,PorSi,250 ml,"3,19 €","25,52 €/Kg"
Bife do Acém,Novilho,Vendido ao peso a partir de 800 g,"13,08 €","16,35 €/Kg"
Água mineral sem gás,S.estrela,pack 4 x 1.5 l,"1,04 €","0,17 €/L"
Café lote normal moagem grossa,PorSi,Embalagem de 250 g,"1,69 €","6,76 €/Kg"
Acetona,PorSi,Embalagem de 60 ml,"1,89 €","9,45 €/L"
Molho de whisky cocktail,Calve,Garrafa de 250 ml,"0,87 €","2,90 €/Kg"
Feijão encarnado,PorSi,Embalagem 500G,"0,99 €","1,98 €/Kg"
Rebuçados peitorais,Dr.bayard,Embalagem de 200g,"0,85 €","4,25 €/Kg"
Palitos redondos,PorSi,Embalagem de 250 unidades,"1,15 €","1,15 €/Unidade"
Iogurte liquido sem lactose natural açucarado,PorSi Viva Bem,Embalagem de 4 x 160 g,"2,49 €","5,19 €/Kg"
Geleira com asa de plástico 13 litros,Polisur,1 un.,"4,99 €","4,99 €/Unidade"
Choco limpo 20/40,PorSi,Embalagem de 800 g,"4,99 €","6,24 €/Kg"
Espadilha congelada,Peixe Congelado,Pescado no mar,"3,99 €","9,98 €/Kg"
Farinha para bolos super fina,B.neve,Embalagem de 1 kg,"0,85 €","0,85 €/Kg"
"Bolachas, cobertura com chocolate branco",Oreo,Embalagem de 250g,"0,75 €","5,00 €/Kg"
Fermento em pó,PorSi,Embalagem de 150 g,"1,89 €","17,18 €/Kg"
Whisky 15 anos c/caixa,J&B,Garrafa de 700 ml,"23,99 €","34,27 €/L"
Feijão preto cozido,PorSi,Embalagem de 820g,"2,19 €","2,81 €/Kg"
Pizza romana,PorSi,Embalagem de 370g,"2,25 €","6,43 €/Kg"
Paella,It.saveurs,Embalagem de 300g,"2,35 €","5,60 €/Kg"
Banana,Nossa seleção,Vendido ao peso a partir de 500 gr,"0,26 €","1,29 €/Kg"
Batata pré-frita para forno,PorSi,Embalagem de 750 g,"1,49 €","1,49 €/Kg"
Snack para gato crispies salmão e truta,Felix,Embalagem de 50g,"0,89 €","14,83 €/Kg"
Creme de Limpeza Facial com Chá Kombucha,Diadermine,40 g,"0,76 €","0,76 €/Unidade"
Iogurte Líquido Frutos Tropicais,PorSi,1 Embalagem 4X160G,"1,31 €","2,05 €/Kg"
Caramelos de fruta,Penha,Embalagem de 250 g,"1,19 €","4,76 €/Kg"
Esparguete Clássica,Nacional,Embalagem de 500 g,"0,99 €","1,98 €/Kg"
Queijo flamengo em Barra,Ilha Azul,"Vendido ao peso, fatiado a partir de 100 gr","1,96 €","9,80 €/Kg"
Miolo de avelã,*,Vendido ao peso,"5,00 €","19,99 €/Kg"
Limpa máquinas de loiça limão,PorSi,Embalagem de 250 ml,"1,49 €","5,96 €/L"
Vinho tinto,PorSi,embalagem de 1 litro,"0,85 €/L","0,85 €/L"
Tiras de bacon fumado,PorSi,Embalagem de 300g,"2,79 €","9,30 €/Kg"
Nata uht para culinária,Parmalat,Embalagem de 200 ml,"0,75 €","3,75 €/L"
Bandas cera depilatórias corpo pele sensível,Labell,40 unidades,"3,51 €","3,51 €/Unidade"
Cabrito Inteiro/Metades,PorSi,1/2 un = 7 kg <br> 1 un = 14 kg (aprox.),"69,86 €","9,98 €/Kg"
"Linguíca, 4 unidades",PorSi,Embalagem de 180 g,"1,14 €","5,70 €/Kg"
Discos de algodão para bebé,PorSi,60 unidades,"1,79 €","1,79 €/Unidade"
Sacos cubos de gelo,PorSi,Embalagem com 15 unidades,"1,11 €","1,11 €/Unidade"
"Lixívia, perfume fresco",Neoblanc,Embalagem de 4 l,"0,60 €/L","0,60 €/L"
Hambúrgueres de peru,PorSi,Embalagem de 4x80g,"2,79 €","8,72 €/Kg"
Desodorizante roll on dermo invisible,Sanex,Embalagem de 50 ml,"4,69 €","31,27 €/L"
Unha,Porco,1 un = 500 gr (aprox.),"0,60 €","5,99 €/Kg"
Champô cabelos pintados,Labell,Embalagem de 250 ml,"5,59 €","13,98 €/L"
Salsa,PorSi,Embalagem de 50g,"0,99 €","19,80 €/Kg"
Acelgas biológicas,PorSi Bio,350 g (aproximadamente),"0,33 €","3,29 €/Kg"
Batata pré-frita noisette,PorSi,Embalagem de 1 kg,"1,49 €","1,49 €/Kg"
Bolachas digestivas go maçã,Triunfo,Embalagem de 170g,"1,19 €","5,95 €/Kg"
Xarope de groselha,Xarão,Garrafa de 1 l,"3,25 €","3,25 €/L"
Iogurte líquido magro frutos vermelhos,PorSi Viva Bem,Embalagem de 4x160 ml,"1,32 €","2,06 €/L"
Massa esparguete,Milaneza,Embalagem de 500g,"0,99 €","1,98 €/Kg"
"Limpa vidros pistola, cristal",Ajax,Embalagem de 500 ml,"3,19 €","6,38 €/L"
"Frigideira anti-aderente, 20cm",PorSi,1 unidade,"9,99 €","9,99 €/Unidade"
Desodorizante spray energy,Labell Men,Embalagem de 200 ml,"1,39 €","6,95 €/L"
Depilatório homem gel,Veet,Garrafa de 200 ml,"2,99 €","14,95 €/L"
Sacos de congelação pequenos,PorSi,"50 unidades, 1 embalagem","1,11 €","1,11 €/Unidade"
Tablete de chocolate culinário negro,PorSi,Embalagem de 200 g,"0,99 €","4,95 €/Kg"
"Cera de depilação oriental, pote",Labell,Embalagem de 250 ml,"3,51 €","3,51 €/Unidade"
Rebuçados mini café,PorSi,Embalagem de 200g,"1,00 €","4,00 €/Kg"
Limpa fornos normal,Mr.muscle,Embalagem de 300 ml,"1,49 €","1,99 €/L"
Vinho rosé mateus emotion,Mateus,Garrafa de 750 ml,"4,29 €","5,72 €/L"
"Rolos de cozinha compactos, branco, máxima absorção,...",Renova,1 unidade,"1,09 €","1,09 €/Unidade"
Abóbora Menina embalada Programa Origens,PorSi,1 un = 750 aprox,"0,79 €/Kg","0,79 €/Kg"
Iogurte líquido morango/cereais,PorSi,Embalagem de 4 x 160 g,"1,31 €","2,05 €/Kg"
Posta de atum ao natural,PorSi,Embalagem de 120g,"0,95 €","7,92 €/Kg"
Caras de Bacalhau,Peixe Congelado,"Vendido ao peso, 1 un = 500g (aprox.)","6,39 €","7,99 €/Kg"
Pizza de bolonhesa,PorSi,Embalagem de 350g,"2,25 €","6,43 €/Kg"
Marmelada com noz,Quinta de Jugais,Embalagem de 500g,"1,09 €","2,42 €/Kg"
Farelo de trigo,Cemporcent,Embalagem de 250g,"1,49 €","3,73 €/Kg"
Sidra maçã,Bandida,Lata de 500 ml,"1,59 €","3,18 €/L"
Liquido refrigerante verde 10%,PorSi,Embalagem de 1 l,"3,99 €","0,80 €/L"
Cereais lion chocolate/caramelo,Nestle,Embalagem de 400g,"1,29 €","10,24 €/Kg"
Batata Pré-Frita Croquettes,PorSi,Embalagem de 1 kg,"1,49 €","1,49 €/Kg"
Miúdos de Frango,Lusiaves,Embalagem de 400 g (aprox.),"0,60 €","5,99 €/Kg"
Cerveja 0.0%,Heineken,Pack 6 x 0.25 l,"5,99 €","3,03 €/L"
Orégãos em folhas,PorSi,Saqueta com 10 g,"0,25 €","0,25 €/Kg"
Iogurtes Corpos Danone Pedaços de Pêssego e Maracujá,Danone,Embalagem de 4 x 115 g,"4,38 €","2,19 €/Kg"
Cocktail de marisco,PorSi,Embalagem de 400 g,"4,99 €","6,24 €/Kg"
Vinho regional tejo,Plexus,Garrafa de 750 ml,"1,69 €","2,25 €/L"
Lâmpada LED Formato Clássico 10W E27 220-240V,Domédia,1 un.,"3,99 €","3,99 €/Unidade"
Vinho bag-in-box branco,C.alqueva,Garrafa de 5 l,"9,49 €","1,90 €/L"
"Pasta dentífrica, dentes/gensivas sensitive",Labell,Embalagem de 75 ml,"2,39 €","31,87 €/L"
Recarga sabonete líquido para as mãos de coco,Dove,500 ml,"2,18 €/L","2,18 €/L"
Farinha sem fermento t65,PorSi,Embalagem de 5 kg,"0,85 €","0,85 €/Kg"
Experiências Fugas a Dois,Odisseias,,"49,90 €","49,90 €/Unidade"
Detergente líquido p/ máquina lavar roupa cores,Woolite,"Garrafa de 1,65 l","8,69 €","1,84 €/Kg"
Butter cookies,PorSi,Embalagem de 450g,"0,85 €","5,67 €/Kg"
Guitarra,Panda,1 un.,"11,99 €/Unidade","11,99 €/Unidade"
Leite uht sem lactose magro,PorSi Viva Bem,1 litro,"0,83 €","0,83 €/L"
Bolachas integrais,PorSi,Embalagem de 200g,"1,19 €","5,95 €/Kg"
Mojito,Bacardi,Garrafa de 0.70 l,"17,09 €","24,41 €/L"
Petit gâteau chocolate negro belga,PorSi,Embalagem com 4 unidades,"2,57 €","7,79 €/Kg"
"Discos desmaquilhantes, 120 unidades",PorSi,Embalagem de 120 unidades,"0,76 €","0,76 €/Unidade"
"Lapis para olhos, com show, 100ult, black",Maybelline,1 unidade,"3,99 €","3,99 €/Unidade"
Lambrusco branco,Sorbello,Garrafa de 0.75 l,"6,89 €","9,19 €/L"
Ambientador gel lavanda,PorSi,150 g,"0,99 €","6,60 €/Kg"
Acetona,PorSi,Embalagem de 250 ml,"1,89 €","9,45 €/L"
Vinho maduro branco meio seco,Adega grande,Garrafa de 750 ml,"1,59 €","2,12 €/L"
Molho iogurte,PorSi,Garrafa de 285 ml,"0,87 €","2,90 €/Kg"
Cheesecake frutos vermelhos,PorSi Select,Embalagem de 900 g,"2,57 €","7,79 €/Kg"
Cotonetes para bebé,PorSi,Embalagem com 60 unidades,"0,58 €","0,58 €/Unidade"
Xarope grenadine zero,Paquito,Garrafa de 750 ml,"3,25 €","3,25 €/L"
Sardinha Pequena,Peixe do Dia,1 un = 100 gr (aprox.),"3,89 €","6,49 €/Kg"
Tira nódoas roupa em pó oxy white,PorSi,Embalagem de 1 kg,"3,09 €","3,09 €/Kg"
Salsichas Frankfurt em lata,Izidoro,Embalagem de 120g,"0,75 €","3,75 €/Kg"
Bolacha de manteiga belga c/ chocolate,Saborosa,Embalagem de 200g,"1,69 €","6,76 €/Kg"
Batata frita palha,PorSi,Embalagem de 160g,"0,87 €","5,44 €/Kg"
Whisky blended,Label 5,"Garrafa de 0,70 l","11,49 €","16,41 €/L"
Feijão branco fidalgo,Legumes secos,1 un = 100 gr. (aprox.),"0,28 €","2,75 €/Kg"
Água sem gás,Penacova,Garrafão de 5 litros,"1,04 €","0,17 €/L"
Arroz carolino,PorSi,Embalagem de 1 kg,"1,35 €","1,35 €/Kg"
Álcool canforado 85%,PorSi,Embalagem de 250 ml,"0,79 €","1,58 €/L"
Rojões,Porco,1 un = 250 gr  (aprox.),"4,89 €","4,89 €/Kg"
Palmilha recortável antiodor,Sonaf,1 unidade,"5,59 €","37,27 €/L"
Lulas recheadas,Piteu,Embalagem de 120g,"0,95 €","7,92 €/Kg"
Sortido bolacha princesa,Vieira,Embalagem de 400g,"3,74 €","9,35 €/Kg"
Maçã Pink Lady 70/75,Fruta do Dia,1 un = 150 gr (aprox.),"0,24 €","1,85 €/Kg"
Tamaras,PorSi,Embalagem de 200g,"1,00 €","5,00 €/Kg"
"Refresco em pó, tropical",Tang,Embalagem de 30g,"0,59 €","14,75 €/Kg"
Rolo de Carne sem Recheio,Novilho,1 un = 500 gr (aprox.),"1,50 €","5,99 €/Kg"
"Bloco sanitário azul, recarga",WC Pato,Embalagem de 2x40 g,"39,60 €/Kg","39,60 €/Kg"
Desodorizante de pés em spray,Protex,Embalagem de 150 ml,"5,59 €","37,27 €/L"
Caderno Agrafado Capa Preta |A4 Pautado,Domédia,1 unidade,"0,49 €","0,49 €/Unidade"
Pimento Verde,Legumes do Dia,1 un = 250 gr  (aprox.),"0,75 €","2,99 €/Kg"
Tapa fugas,Redex,Embalagem de 250 ml,"14,99 €","14,99 €/L"
Palitos super finos,PorSi,Embalagem de 85 unidades,"1,15 €","1,15 €/Unidade"
Gelado pecan deligh,PorSi Select,Embalagem de 500ml,"2,69 €","5,38 €/L"
Sobremesa gelificada de laranja,PorSi,Embalagem de 4x100g,"0,99 €","2,48 €/Kg"
Feijao frade,PorSi,Embalagem de 500g,"0,99 €","1,98 €/Kg"
Marshmallows,PorSi,Embalagem de 300 g,"1,69 €","11,27 €/Kg"
Óleo p/ Moto Performa M2T,Galp,Embalagem de 1 l,"14,99 €","14,99 €/L"
Oleo alimentar,PorSi,Garrafa de 1 l,"3,59 €","3,59 €/L"
Espinafres corte Programa Origens,PorSi,"Vendido ao molhe, 1 un= 1 kg aprox.","0,75 €","2,49 €/Kg"
Gomas ácido,PorSi,Embalagem de 300 g,"1,69 €","11,27 €/Kg"
Feijão encarnado em frasco,PorSi,frasco de 540 g,"2,19 €","2,81 €/Kg"
Caldeirada de bacalhau,PorSi,Embalagem de 1 kg,"6,39 €","7,99 €/Kg"
Creme para calçado incolor,PorSi,50 ml,"0,99 €","19,80 €/L"
Vassoura pequena,PorSi,unidade,"2,20 €","2,20 €/Unidade"
Leite condensado,PorSi,Lata de 1 kg,"1,09 €","2,75 €/Kg"
Sabonete original,Palmolive,Embalagem de 4x90 g,"4,49 €","12,47 €/Kg"
Salsicha Fresca com Ervas,Porco,1 un = 100 gr (aprox.),"0,54 €","5,39 €/Kg"
Sardinhas em azeite,PorSi,Embalagem de 120g,"0,95 €","7,92 €/Kg"
Achocolatado intenso 40% cacau,Nestle,Embalagem de 330g,"8,59 €/Kg","8,59 €/Kg"
Miúdos de Frango do Campo Lusitano,PorSi Select,embalagem de 700 g (aprox.),"0,60 €","5,99 €/Kg"
Ambientador spray pure colónia de bebé,PorSi,250 ml,"0,99 €","3,30 €/L"
Água sem gás,PorSi,Garrafa de 1.5 l,"1,04 €","0,17 €/L"
Vinho DOC Bairrada Branco,Marquês de Marialva,Garrafa de 0.75 l,"2,49 €","3,32 €/L"
Kinder delice cacau,Kinder,Embalagem de 400g,"2,05 €","5,13 €/Kg"
Queijo meio gordo,D. Pedro,Vendido ao peso a partir de 250 gr,"2,42 €","9,69 €/Kg"
"Queijo regional de vaca, cabra e ovelha curado",Qj.saloio,Embalagem de 190g,"2,89 €","15,21 €/Kg"
Pão de forma especial torradas,Panrico,Embalagem de 750g,"2,63 €/Kg","2,63 €/Kg"
Tablete de chocolate de culinária - sem açúcar,PorSi Viva Bem,Embalagem de 100 g,"1,04 €","8,32 €/Kg"
Espuma de barbear para peles sensíveis,Labell Men,Embalagem de 250 ml,"1,29 €","5,16 €/L"
Ovos galinha solo m,PorSi,6 ovos,"5,09 €","5,09 €/Unidade"
Napolitanas creme cacau,PorSi,Embalagem de 320g,"1,77 €","5,53 €/Kg"
Mini tostas de trigo,Diatosta,Embalagem de 350 g,"2,39 €","6,83 €/Kg"
Cá drenó volum,PLANTANATU,Embalagem de 10 unidades,"1,79 €","44,75 €/Kg"
Óleo para bebé cottontouch,Johnson's Baby,500 ml,"0,44 €","7,33 €/L"
Kiwi categoria II - calibre 30/36,Fruta do Dia,1 un = 150 gr (aprox.),"0,26 €","1,29 €/Kg"
Pasta dentífrica herbal branqueadora,Colgate,Embalagem de 75 ml,"2,39 €","31,87 €/L"
Comida húmida para cão almôndegas,PorSi,Embalagem de 1200 g,"0,75 €","2,50 €/Kg"
Grão de bico,PorSi,embalagem de 500 g,"0,99 €","1,98 €/Kg"
Leite Meio Gordo sem Lactose,Mimosa,Pack 4 x 200 ml,"0,83 €","0,83 €/L"
Bife,Peru,1 un = 900 gr (aprox.),"1,05 €","2,99 €/Kg"
Mini tostas trigo super finas,PorSi,Embalagem de 100 g,"2,39 €","6,83 €/Kg"
Jesuita,*,1 unidade = 75 g,"1,20 €/Unidade","1,20 €/Unidade"
Spray fornos e grelhadores,Cif,435 ml,"1,69 €","2,25 €/L"
Fralda cueca T5 - 12 a 18 kg,PorSi,20 unidades,"4,49 €","4,49 €/Unidade"
Pai Natal de Chocolate,PorSi,Embalagem de 125 g,"2,29 €","17,62 €/Kg"
Azeitona galega mista retalhada,PorSi,Vendido ao peso a partir de 500 g,"1,00 €","3,99 €/Kg"
Pilhas Alcalinas AA Optimum,Duracell,Blister 4 Pilhas,"1,75 €","1,75 €/Unidade"
Anti-traça Maçã Verde,Dum Dum,2 unidades,"5,49 €","5,49 €/Unidade"
Sortido,Cuetara,Embalagem de 210g,"3,74 €","9,35 €/Kg"
Salsichas em lata,PorSi,Embalagem  de 120 g,"0,75 €","3,75 €/Kg"
Feijão frade,PorSi,Embalagem de 540g,"2,19 €","2,81 €/Kg"
Rebuçados recheio mel,PorSi,Embalagem de 200g,"0,85 €","4,25 €/Kg"
"Chocolate m&m s, amendoim",M&m' s,Embalagem de 45 g,"11,98 €/Kg","11,98 €/Kg"
Esparregado de espinafres,PorSi,Embalagem de 350 g,"1,65 €","1,65 €/Kg"
"Iogurte, sabor a tutti-fruti",PorSi,Embalagem de 4 x 125 g,"1,99 €","1,33 €/Kg"
Água sem gás,PorSi,Garrafão de 6 l,"1,04 €","0,17 €/L"
Bolachas chiquilin ositos de mel,Artiach,Embalagem de 160g,"1,99 €","3,11 €/Kg"
Água s/ gás,Luso,"Garrafa de 0,75 l","1,04 €","0,17 €/L"
Bolachas chiquilin,Artiach,Embalagem de 180g,"1,69 €","6,76 €/Kg"
Lixívia para roupa delicada,Neoblanc,Embalagem de 2 l,"0,60 €/L","0,60 €/L"
"Líquido refrigerante, verde 10%",PorSi,Embalagem de 5 l,"3,99 €","0,80 €/L"
Frango do Campo Inteiro c/ Miúdos Programa Origens,PorSi Select,Vendido ao peso,"1,05 €","2,99 €/Kg"
Café espresso descafeinado intensidade 6,PorSi,16 cápsulas,"1,59 €","6,36 €/Kg"
Bolacha maria,Cuetara,Embalagem de 3 x 200 g + 33% grátis,"1,49 €","1,86 €/Kg"
Gin dry beefeater,Beefeater,Garrafa de 700 ml,"16,49 €","23,56 €/L"
Leite com chocolate original,Ucal,Embalagem de 6 x 250 ml,"0,26 €","1,30 €/L"
Toranja Vermelha,Fruta do Dia,Vendido ao peso a partir de 500 gr,"0,35 €","1,39 €/Kg"
24 Caldos de carne,PorSi,Embalagem de 255  g,"0,99 €","1,98 €/Kg"
Sopa Canja de Galinha c/ Aletria,PorSi,Embalagem de 75 g,"0,62 €","10,00 €/Kg"
Mimos de pescada do cabo,Pescanova,Embalagem de 360g,"3,99 €","9,98 €/Kg"
Crepe chocolate,PorSi,Embalagem de 540g,"2,57 €","7,79 €/Kg"
Néctar clássico tutti frutti,Compal,Garrafa de 200 ml,"0,99 €","0,99 €/L"
Pastilhas fire canela,CHICLETS,Embalagem de 16 g,"0,99 €","58,24 €/Kg"
Vinho branco,PorSi,Bag-in-box de 5 litros,"0,85 €/L","0,85 €/L"
Infusão de camomila,PorSi,Embalagem de 33.7 g,"20,91 €/Kg","20,91 €/Kg"
Lápis evolution nº 2 HB,Bic,1 embalagem,"2,69 €","2,69 €/Unidade"
Gelados mini colosse mini mix,PorSi,Embalagem com 8 unidades,"5,99 €","16,64 €/L"
"Abs odores lavanda, pack 2x150g",Glade,Embalagem de 2x150 g,"0,99 €","6,60 €/Kg"
Batata frita de presunto,PorSi,Embalagem de 185 g,"1,29 €","6,97 €/Kg"
Vinho verde branco,Torre de menagem,"Garrafa de 0,75 l","3,09 €","3,09 €/L"
Trolley 28 l,PR World,1 un.,"34,99 €","34,99 €/Unidade"
Salsichas Frankfurt em lata,Izidoro,Embalagem de 250g,"0,75 €","3,75 €/Kg"
Rebuçados peitorais,Dr.bayard,Embalagem de 100g,"0,85 €","4,25 €/Kg"
Sumo essencial kids,Compal,pack 3 x 0.11 l,"2,09 €","6,33 €/L"
Fralda cueca T6 - 16 a 22 kg,PorSi,18 unidades,"4,49 €","4,49 €/Unidade"
Lenços Bolso Colletion,Kleenex,Pack 15 unidades,"0,89 €","0,89 €/Unidade"
Pao brioche fatiado,PorSi,Embalagem 500G,"2,63 €/Kg","2,63 €/Kg"
Ricore,Nestle,Embalagem de 260g,"0,79 €","3,16 €/Kg"
Rolinhos waffletten milk,Bahlsen,Embalagem de 100g,"11,79 €/Kg","11,79 €/Kg"
Tablete de chocolate,Chabrior,Embalagem de 250 g,"0,75 €","5,00 €/Kg"
"Patê de sardinha,atum e salmão",PorSi,Embalagem de 4 x 22 g,"1,09 €","12,39 €/Kg"
Coleira repelente para gatos,Repul' 7,Embalagem de 1 unidades,"8,75 €","8,75 €/Unidade"
Batata frita light,PorSi,Embalagem de 150g,"0,96 €","6,40 €/Kg"
Recarga inseticida eléctrico líquido anti melgas e m...,Raid,60 noites,"7,69 €","7,69 €/Unidade"
"Bebida açucarada  tinto de verão, clássico",Sandevid,"Garrafa de 1,5 l","2,39 €","1,59 €/L"
Pão da Avó 90 g,Pão do Dia,,"0,19 €","2,38 €/Kg"
Gomas gelatina de morango,Neo Botanica,Embalagem de 150 g,"1,69 €","11,27 €/Kg"
Vinho do porto white,Cruz,Garrafa de 750 ml,"11,99 €","15,99 €/L"
Refresco pó laranja,PorSi,Embalagem de 40g,"0,59 €","14,75 €/Kg"
Néctar tutti-fruti,Compal,Pack 3 x 200 ml,"0,99 €","0,99 €/L"
Leite uht magro,Mimosa,Embalagem de 1 litro,"0,83 €","0,83 €/L"
Medalhões de pescada,PorSi,Embalagem de 400 g,"3,99 €","9,98 €/Kg"
Tomate  67/82,Legumes do Dia,1 un = 150 gr (aprox.),"0,36 €","1,79 €/Kg"
Repelente de água,PorSi,Embalagem de 250 ml,"3,99 €","0,80 €/L"
"Detergente manual de loiça, ultra limão",PorSi,Embalagem de 500 ml,"1,19 €","2,38 €/L"
Iogurte líquido morango/banana,PorSi,Embalagem de 4 x 160 g,"1,31 €","2,05 €/Kg"
Pão Forno Pedra Centeio,Garcia & Filhos,1 un = 400 g (aprox.),"0,19 €","2,38 €/Kg"
Super Napolitana de Chocolate,Pastelaria do Dia,1 un = 120 g (aprox.),"1,20 €/Unidade","1,20 €/Unidade"
Napolitas creme baunilha,PorSi,Embalagem de 320g,"2,05 €","5,13 €/Kg"
Doce de morango,PorSi Select,200 g,"2,19 €","9,95 €/Kg"
Bandas de cera facial peles normais,Veet,Embalagem de 20 unidades,"3,51 €","3,51 €/Unidade"
"Aperitivos, amendoins no forno",Matutano,Embalagem de 200g,"0,79 €","7,90 €/Kg"
Espinafres em folhas,PorSi,Embalagem de 750 g,"1,65 €","1,65 €/Kg"
Almôndegas,Novilho,1 un = 250 gr  (aprox.),"1,50 €","5,99 €/Kg"
Croissant Brioche Artesanal,Pastelaria do Dia,1 unidade= 90 gr,"1,20 €/Unidade","1,20 €/Unidade"
Cerveja sem álcool,Super Bock,Pack 6 x 20 cl,"5,99 €","3,03 €/L"
Gel de Banho Deeply Nourishing,Dove,Embalagem de 750 ml,"6,39 €/L","6,39 €/L"
Adoçante comprimidos,PorSi,Embalagem de 250 saquetas,"3,79 €","3,79 €/Unidade"
Tortitas de Arroz com Chocolate Negro,Bicentury,Embalagem de 130g,"2,69 €","13,45 €/Kg"
Adoçante com doseador,PorSi,Embalagem de 66g,"3,79 €","3,79 €/Unidade"
Cogumelos fatiados,PorSi,Embalagem de 400g,"1,65 €","1,65 €/Kg"
Collant mousse muskade 20D,PorSi,Tamanho: m,"1,89 €","1,89 €/Unidade"
Paprika,PorSi,Saqueta com 50 g,"0,25 €","0,25 €/Kg"
"Bebidas leite, caramelo machiatto",STARBUCKS,Embalagem de 220 ml,"1,99 €","2,49 €/L"
"Shampoo, laranja",PorSi,Embalagem de 1 l,"3,99 €","0,80 €/L"
Fígado,Porco,Vendido ao peso a partir de 1 kg,"0,60 €","5,99 €/Kg"
Bolachas crackers c/ sal,Du bois,Embalagem de 500g,"0,39 €","3,12 €/Kg"
Sidra maçãs ácidas,Bandida do Pomar,lata de 0.5 l,"1,59 €","3,18 €/L"
Aguardente Vínica,Mosca,"Garrafa de 0,70L","15,49 €","15,49 €/L"
Crepe maçã e canela,PorSi,Embalagem de 540 g,"2,57 €","7,79 €/Kg"
Licor de anis,Xarao,Garrafa de 700 ml,"16,99 €","24,27 €/L"
Iogurtes magros aroma morango,PorSi Viva Bem,Embalagem de 6 x 125 g,"1,09 €","1,45 €/Kg"
Rum limon,Bacardi,Garrafa de 700 ml,"17,09 €","24,41 €/L"
Queijo Curado Amanteigado Médio,Serrinha,Vendido ao peso a partir de 250 gr,"2,42 €","9,69 €/Kg"
Manteiga de amendoim crocante,Prozis,Embalagem de 500g,"8,13 €/Kg","8,13 €/Kg"
Fermento de padeiro em pó,Fermipan,Embalagem de 4x11 g,"1,89 €","17,18 €/Kg"
Algodão zig zag pré-cortado,PorSi,Embalagem de 50 g,"0,79 €","1,58 €/L"
Conjunto Sensuelle,Coquette,EAU DE TOILETTE 100 ML + R-ON 10 ML,"10,19 €","10,19 €/Unidade"
Café em grão 5 estrelas,Sical,Embalagem de 250g,"3,59 €","14,36 €/Kg"
Sabao azul e branco,PorSi,Embalagem de 400g,"1,19 €","2,98 €/Kg"
Bacalhau em lombos,PorSi,Embalagem de 800g,"6,39 €","7,99 €/Kg"
Ambientador elétrico + recarga alfazema,PorSi,1 unidade,"3,74 €","3,74 €/Unidade"
Vinho branco região do Dão,Dharma,Garrafa de 0.75 l,"7,49 €","9,99 €/L"
Pensos Higiénicos Cottonlike com Abas Normal Plus,Evax,28 unidades,"2,59 €","2,59 €/Unidade"
Leite uht magro,PorSi,Embalagem de 1 litro,"0,83 €","0,83 €/L"
Leite s/ lactose meio gordo,Mimosa,Garrafa de 1 l,"1,29 €","1,29 €/L"
Adoçante liquido,PorSi,Garrafa de 125 ml,"3,79 €","3,79 €/Unidade"
Salsa folhas,PorSi,Saqueta de 12 g,"0,25 €","0,25 €/Kg"
Sumo 100% pêssego e uva,PorSi,Pack 3 x 200 ml,"1,69 €","1,69 €/L"
Ovos Galinha Solo S,PorSi,6 unidades,"5,09 €","5,09 €/Unidade"
Chourico carne das beiras,PorSi,Embalagem de 290g,"1,14 €","5,70 €/Kg"
Cappuccino intenso,Nescafe,Embalagem de 130g,"3,19 €","25,52 €/Kg"
Café em cápsulas deqafeitatus,Delta Q,Embalagem de 55 g,"2,79 €","19,93 €/Kg"
Spray tira gorduras,PorSi,Embalagem de 750 ml,"1,49 €","1,99 €/L"
Leite Protector FPS 50+ Manteiga de Karité |Corpo,Ambre Solaire,50 ml,"7,49 €","149,80 €/L"
Perolas perfumadas floral,PorSi,Embalagem de 275 g,"8,69 €","1,84 €/Kg"
Arroz basmati,PorSi,Embalagem de 1 kg,"1,35 €","1,35 €/Kg"
Arroz basmati,Caçarola,Embalagem de 1 kg,"1,35 €","1,35 €/Kg"
Queijo flamengo em fatias,Terra Nostra,Embalagem de 200g,"1,96 €","9,80 €/Kg"
Sal de mesa,PorSi,Embalagem de 250 g,"0,25 €","0,25 €/Kg"
Mini tostas integrais,PorSi,Embalagem de 180g,"2,39 €","6,83 €/Kg"
Rebuçado recheio morango,PorSi,Embalagem de 250g,"1,15 €","5,75 €/Kg"
Pão gémeos,*,250 g,"0,19 €","2,38 €/Kg"
Termo drena rapid,PLANTANATU,Garrafa de 500 ml,"9,69 €","9,69 €/Unidade"
Bandas de cera fria facial,Labell,Embalagem com 20 un. + 4 toalhitas de acabamento,"3,51 €","3,51 €/Unidade"
Napolitanas creme cacau,PorSi,Embalagem de 320g,"2,05 €","5,13 €/Kg"
Moinho pimenta preta em grão,PorSi,Frasco com 45 g,"0,25 €","0,25 €/Kg"
5 manhãzitos,Bollycao,Embalagem com 175 g,"2,05 €","5,13 €/Kg"
Moscatel de setúbal,Dom Campos,Garrafa de 750 ml,"6,79 €/L","6,79 €/L"
Bolacha alfa,Nacional,Embalagem de 180g,"2,98 €","9,93 €/Kg"
Biscoitos canudinho recheio cacau,PorSi,Embalagem de 300g,"2,98 €","9,93 €/Kg"
Recarga mopa,PorSi,1 unidade,"2,20 €","2,20 €/Unidade"
Farinha de trigo sem fermento t55,PorSi,Embalagem de 1 kg,"0,85 €","0,85 €/Kg"
Whisky 10 anos,Bushmills,Garrafa de 700 ml,"23,99 €","34,27 €/L"
Muesli Frutas,PorSi,500 g,"2,24 €","4,48 €/Kg"
Autobrilhante Castanho,Búfalo,Embalagem de 50 ml,"0,79 €","263,33 €/Kg"
Fita cola transparente,Uhu,15mm x 33m,"1,89 €","1,89 €/Unidade"
Creme p/ Calçado Preto,Búfalo,Embalagem de 40 ml,"0,99 €","19,80 €/L"
Lombos de salmao vacuo,PorSi,Embalagem de 500g,"3,99 €","9,98 €/Kg"
Whisky Malte 12 Anos,Singleton,Garrafa 0.70L,"34,99 €","49,99 €/L"
Água com gás,Vimeiro,pack 6 x 0.25 l,"2,85 €","2,85 €/L"
Snack para gato seaside,Felix,Embalagem de 60g,"0,89 €","14,83 €/Kg"
Néctar de 8 frutos,Bongo,Garrafa de 1 l,"0,99 €","0,99 €/L"
Costeleta mista,Porco,1 un = 150 gr (aprox.),"4,89 €","4,89 €/Kg"
Truta Salmonada,Programa Origens,1 un=900 g (aprox.),"3,89 €","6,49 €/Kg"
Café solúvel viena,Nescafe,Embalagem de 140g,"14,50 €/Kg","14,50 €/Kg"
"Pasta de arquivo, lombada estreita, vermelha",Domédia,1 unidade,"2,49 €","2,49 €/Unidade"
Toalhitas limpa moveis,PorSi,Embalagem de 24 unidades,"4,39 €","14,63 €/L"
Aperitivo pappadum simples,PATAKS,Embalagem de 100g,"0,79 €","7,90 €/Kg"
Bolacha torrada,PorSi,Embalagem de 4 x 200 g,"1,49 €","1,86 €/Kg"
Manga em calda,It.saveurs,Embalagem de 250g,"2,09 €","2,49 €/Kg"
"Fermento em pó, lata",Royal,Embalagem de 110g,"1,89 €","17,18 €/Kg"
Delícias em forma de lagosta,Pescanova,Embalagem de 260g,"2,19 €","8,59 €/Kg"
"Limpa vidros pistola, tripla acção",Ajax,Embalagem de 500 ml,"3,19 €","6,38 €/L"
Açúcar amarelo,PorSi,Embalagem de 1 kg,"1,49 €","1,49 €/Kg"
Sardinha em azeite,PorSi Select,Lata de 120 g,"0,95 €","7,92 €/Kg"
Caffe latte go chill,Delta,230 ml,"3,19 €","25,52 €/Kg"
Sopa económica de marisco,Knorr,Embalagem de 60g,"0,62 €","10,00 €/Kg"
1ª papa láctea multifrutos sem glúten +4 meses,Cerelac,Embalagem de 250g,"4,99 €","4,99 €/Kg"
Cerveja sagres,Sagres,20 x 0.25 l,"0,38 €","1,15 €/L"
Iogurte líquido tutti-frutti,Danone,Embalagem de 4 x 155 g,"1,31 €","2,05 €/Kg"
Cerveja com álcool abadia,Super Bock,pack 6 x 0.33 l,"0,38 €","1,15 €/L"
Creme de fixação para dentaduras,Labell,Embalagem de 50 g,"7,39 €","105,57 €/Kg"
Chupa original,Chupachups,Embalagem de 120g,"3,40 €","28,33 €/Kg"
Óleo Cedro Líquido,PorSi,Embalagem de 200 ml,"4,39 €","14,63 €/L"
Néctar de pera,PorSi,Pack 3 x 200 ml,"0,99 €","0,99 €/L"
Autobrilhante Branco,Búfalo,Embalagem de 50 ml,"0,79 €","263,33 €/Kg"
"Alimento seco para cão, croquetes pro adulto",PorSi Select,Embalagem de 4 Kg,"1,15 €/Kg","1,15 €/Kg"
"Luvas multiusos relevo antiderrapante, tamanho médio",PorSi,Embalagem de 1 unidades,"0,89 €","0,89 €/Unidade"
Camarão moçambique 60/80,PorSi,800 g,"8,99 €","25,69 €/Kg"
Halls vita c morango sem açúcar,Halls,Embalagem de 32 g,"0,85 €","4,25 €/Kg"
Bolacha wafer baunilha,PorSi,Embalagem de 180g,"0,98 €","4,67 €/Kg"
Vinho branco,PorSi,embalagem de  3X187 ml,"0,85 €/L","0,85 €/L"
6 empadas de galinha,PorSi,Embalagem de 330g,"1,79 €","7,16 €/Kg"
Puré de batata,Saint Eloi,Embalagem de 500 g,"0,85 €","0,85 €/Kg"
Limpa carpetes,PorSi,Embalagem de 1 litro,"2,49 €","2,49 €/L"
Bolacha maria doces,Vieira,Embalagem de 300g,"1,49 €","1,86 €/Kg"
Pizza fresca de fiambre e queijo,PorSi,400 g,"0,99 €","4,30 €/Kg"
Água mineral natural alcalina,MONCHIQUE,"6x1,5l","1,04 €","0,17 €/L"
Bochechas,Porco,1 un = 150 gr (aprox.),"4,89 €","4,89 €/Kg"
Queijo Curado Meio Gordo,Fonte Mourisca,Vendido ao peso a partir de 250 gr,"2,42 €","9,69 €/Kg"
Esferográfica Sortida Média,Mab,Embalagem com 10 un.,"2,69 €","2,69 €/Unidade"
Salada bacon,PorSi,Embalagem de 192 g,"2,35 €","5,60 €/Kg"
Feijão Verde,Legumes do Dia,1 un = 250 gr  (aprox.),"1,04 €","2,59 €/Kg"
Gelado brownie,PorSi Select,Embalagem de 500ml,"2,69 €","5,38 €/L"
Cereais crunch 375g,Nestle,Embalagem de 380g,"1,99 €","3,18 €/Kg"
Espumante Super Reserva Meio Seco,Raposeira,Garrafa de 0.75 l,"11,19 €","14,92 €/L"
Infusão de frutos vermelhos,Tetley,Embalagem de 20g,"1,19 €","59,50 €/Kg"
Fraldas agility T5 de 13 a 18 kg,PorSi,44 unidades,"6,49 €","6,49 €/Unidade"
Mini Tostas de Trigo,PorSi,Embalagem de 350 g,"2,39 €","6,83 €/Kg"
Sombrinhas de Natal,Regina,Embalagem de 35 g,"2,29 €","17,62 €/Kg"
Azeite tradição,Oliveira da Serra,Embalagem 3L,"3,49 €","4,65 €/L"
15 barrinhas pescada,Pescanova,Embalagem de 450g,"9,30 €/Kg","9,30 €/Kg"
Pastilhas café lote chávena,Delta,Embalagem de 110g,"2,79 €","19,93 €/Kg"
Ambientador carro recarga aqua,Ambipur,1 unidade,"3,59 €","3,59 €/Unidade"
Pêssego em calda metades,PorSi,Lata com 420 g,"2,09 €","2,49 €/Kg"
Ração seca para cão croquetes pro júnior,PorSi Select,Embalagem de 3 Kg,"1,15 €/Kg","1,15 €/Kg"
Arroz estufado,Caçarola,Embalagem de 1 kg,"1,35 €","1,35 €/Kg"
Coxinhas de frango,PorSi,Embalagem de 360g,"3,99 €","9,98 €/Kg"
Alface frisada biológica,PorSi Bio,Vendido o peso,"0,99 €","0,99 €/Kg"
Alheira Extra Trás os Montes,PorSi,"Vendido ao peso, 1un= 200 gr (aprox.)","1,20 €","5,99 €/Kg"
Creme vegetal para barrar,PorSi,Embalagem de 500 g,"1,99 €","3,98 €/Kg"
Detergente liquido para máquina de lavar roupa activ...,Skip,Embalagem de 80 doses,"8,69 €","1,84 €/Kg"
Gelatina mirtilo 10kcal 31g,Royal,Embalagem de 30g,"0,59 €","65,56 €/Kg"
Néctar pêssego,Compal,Pack 3 x 200 ml,"0,99 €","0,99 €/L"
"12 lápis de cor, 18cm",Domédia,Uma embalagem,"4,99 €","4,99 €/Unidade"
Gelatina pronta a comer morango,Royal,Embalagem de 4 x 100 g,"0,99 €","2,48 €/Kg"
Caderno Agrafado Capa Preta |A5 Liso,Domédia,1 unidade,"5,49 €","5,49 €/Unidade"
Fósforos cozinha,Quinas,Embalagem com 4 caixas por unidade,"1,15 €","1,15 €/Unidade"
Sobremesa tiramisú,Páturages,Embalagem de 4 x 80 g,"0,55 €","2,75 €/Kg"
Spray anti-bolores,Cif,435 ml,"1,69 €","2,25 €/L"
Papel de alumínio,PorSi,50 metros,"1,11 €","1,11 €/Unidade"
Magnésio + vitaminas,PLANTANATU,Embalagem de 1 unidades,"9,69 €","9,69 €/Unidade"
Cenouras Programa Origens,PorSi,Embalagem de 1 kg,"0,79 €/Kg","0,79 €/Kg"
Gel de Banho Orquídea & Cashmere Extract,Nivea,Embalagem de 750 ml,"6,39 €/L","6,39 €/L"
12 Preservativos Adapta Non Stop,Control,,"4,49 €","4,49 €/Unidade"
Desinfetante de frutas e vegetais,Clean Essence,500 ml,"1,89 €/Kg","1,89 €/Kg"
Mortadela de peru com azeitonas,PorSi,1 un = 150 gr (aprox.),"1,15 €","5,75 €/Kg"
Arroz vaporizado,Cigala,Embalagem de 1 kg,"1,35 €","1,35 €/Kg"
Creme vegetal para cozinha,Becel,Embalagem de 450 g,"1,99 €","3,98 €/Kg"
Fiambre da Pá,PorSi,1 un = 150 gr (aprox.),"0,97 €","6,49 €/Kg"
Leite condensado magro,PorSi,Embalagem de 390 g,"1,09 €","2,75 €/Kg"
Achocolatado zero% açúcares,Nesquik,Embalagem de 345g,"8,59 €/Kg","8,59 €/Kg"
Iogurte oikos pêssego,Danone,Embalagem de 4 x 110g,"2,99 €","6,80 €/Kg"
Chá gordura localizada,PLANTANATU,Embalagem de 10 unidades,"1,79 €","44,75 €/Kg"
Café com cafeina solúvel,Delta,Embalagem de 20g,"14,50 €/Kg","14,50 €/Kg"
"Refresco em pó, ananás",Tang,Embalagem de 30g,"0,59 €","14,75 €/Kg"
Feijão manteiga,PorSi,Embalagem de 500g,"0,99 €","1,98 €/Kg"
Bolachas marinheiras s/ sal,Cemporcent,Embalagem de 200g,"2,69 €","13,45 €/Kg"
Gelado cookies & cream,PorSi Select,Embalagem de 500ml,"2,69 €","5,38 €/L"
"Gel para o cabelo, wet shine",Fru style,Embalagem de 200 ml,"5,99 €","39,93 €/L"
Farinheira de Sousel,PorSi,1 un = 120 g (aprox.),"1,20 €","5,99 €/Kg"
Pimento vermelho biológico,PorSi Bio,500 g (aprox.),"0,75 €","2,99 €/Kg"
Maionese,PorSi,Embalagem de 260 g,"0,87 €","2,90 €/Kg"
Néctar de laranja e cenoura light,PorSi,Embalagem de 1 litro,"0,84 €","2,55 €/L"
4 hamburguers vaca s/ glúten,Capitão Iglo,Embalagem de 320g,"2,79 €","8,72 €/Kg"
"Pasta dentífrica, tripla ação",Labell,Embalagem de 75 ml,"2,39 €","31,87 €/L"
Preparado de bolo de mármore,PorSi,528 g,"0,49 €","5,44 €/Kg"
Cerveja com álcool,Sagres,Garrafa de 1 l,"0,38 €","1,15 €/L"
Camarão vannamei 24/40,Pescanova,Embalagem de 800g,"8,99 €","25,69 €/Kg"
Ração seca para gato adulto de peixe,PorSi,Embalagem 2 kg,"3,25 €","1,63 €/Kg"
Saqueta puré de fruta e bolacha,PorSi,Embalagem de 90g,"0,74 €","8,22 €/Kg"
Detergentes máquina lavar loiça next generation,PorSi,30 pastilhas,"1,49 €","5,96 €/L"
Achocolatado em pó,Ovomaltine,Embalagem de 400g,"8,59 €/Kg","8,59 €/Kg"
Leite Bem Essencial cereais,Mimosa,Embalagem de 4 x 200 ml,"1,99 €","2,49 €/L"
Topping p/saladas cebola frita,Florette,Embalagem de 70g,"0,99 €","1,98 €/Kg"
Palmiers,PorSi,Embalagem de 720 g,"0,69 €","3,45 €/Kg"
Termo ultra dreno-volume,PLANTANATU,Garrafa de 500 ml,"9,69 €","9,69 €/Unidade"
Bolacha vida equilíbrio aveia e canela,Cemporcent,Embalagem de 140g,"2,69 €","13,45 €/Kg"
Salsa folhas,PorSi,Embalagem de 10g,"0,25 €","0,25 €/Kg"
Snacks para Cão Markies Mini,Pedigree,Embalagem de 500 g,"1,00 €","5,56 €/Kg"
12 ovos codorniz,PorSi,Embalagem de 1 unidades,"2,55 €","2,55 €/Unidade"
Bebida de soja,Shoyce,Embalagem de 1 litro,"0,79 €","0,79 €/L"
Pimento Vermelho,Legumes do Dia,1 un=250 gr (aprox.),"0,75 €","2,99 €/Kg"
Bolacha integral doce,Vieira,Embalagem de 180g,"1,19 €","5,95 €/Kg"
Desinfetante de frutas e vegetais,Clean Essence,500 ml,"0,33 €","3,29 €/Kg"
Chocolate quente 90 segundos,Lacasa,Embalagem de 350g,"8,59 €/Kg","8,59 €/Kg"
Bolo de Arroz 70 g,*,,"1,20 €/Unidade","1,20 €/Unidade"
"Cerveja com álcool, tara perdida",Kings Bräu,pack 24 x 0.25 l,"0,38 €","1,15 €/L"
Papel higiénico branco 2 folhas,PorSi,48 rolos,"1,99 €","1,99 €/Unidade"
Reizinhos 100gr,Pastelaria do Dia,,"8,99 €","11,24 €/Kg"
Batata Branca,Legumes do Dia,10 kg,"0,45 €","4,45 €/Kg"
Croissant Brioche 85 g,Pastelaria do Dia,,"1,20 €/Unidade","1,20 €/Unidade"
Água mineral sem gás,Vitalis,Pack 6 x 1.5 l,"1,04 €","0,17 €/L"
Pizza casa di mama salame 380g,Dr. Oetker,Embalagem de 390g,"2,25 €","6,43 €/Kg"
Croissant de Manteiga,PorSi,50g,"1,20 €/Unidade","1,20 €/Unidade"
Recarga Desumidificador Basic,HUMYDRY,embalagem de 3 x 250g,"2,99 €","6,64 €/Kg"
Café descafeinado,PorSi,Embalagem de 250g,"1,59 €","6,36 €/Kg"
Senses Watermelon,Trident,1 un.,"0,99 €","58,24 €/Kg"
Presunto S/Osso,Pata branca,"Vendido ao peso, fatiado a partir de 200 g","2,59 €","12,95 €/Kg"
Sumo essencial pera,Compal,pack 3 x 0.11 l,"0,99 €","0,99 €/L"
Feijão catarino,Legumes secos,1 un = 100 gr. (aprox.),"0,28 €","2,75 €/Kg"
Puré de maçã sem adição açúcar,PorSi,700 g,"0,74 €","8,22 €/Kg"
Leite Hidratante Óleos Maravilhosos,Ultra Suave,Embalagem de 400 ml,"12,48 €/L","12,48 €/L"
Tablete chocolate de leite,PorSi,embalagem de 100 g,"5,30 €/Kg","5,30 €/Kg"
Ambientador arbremagique limão,Arbre Magique,1 unidade,"3,59 €","3,59 €/Unidade"
Detergente liquido loiça clássico,PorSi,Garrafa de 1 litro,"1,19 €","2,38 €/L"
Leite seleccionado meio gordo,Matinal,Garrafa de 1 l,"0,83 €","0,83 €/L"
Tira gorduras recarga,Mistolin,Garrafa de 550 ml,"4,49 €","5,99 €/L"
Molho tomate com azeitonas,PorSi,Frasco de 420g,"0,87 €","2,90 €/Kg"
"Refrigerante sem gás, maracujá e la",Joi,"Garrafa de 1,5 l","0,99 €","0,66 €/L"
Snacks croc.amendoim,PorSi,Embalagem de 90g,"0,79 €","7,90 €/Kg"
Cola apanha ratos,Neolar,Embalagem de 200 ml,"5,09 €","8,48 €/L"
Queijo creme de camembert,Président,embalagem de 125 g,"1,45 €","7,25 €/Kg"
6 Preservativos Adapta Nature,Control,,"4,49 €","4,49 €/Unidade"
Pão com Cereais 125 g,Pão do Dia,,"0,19 €","2,38 €/Kg"
Iogurtes aroma 4 de morango + 4 de banana,PorSi,Embalagem de 8x125g,"1,99 €","1,33 €/Kg"
Couve flor bio,PorSi Bio,950 g (aprox.),"1,04 €","2,59 €/Kg"
Sumo essencial pera,Compal,pack 3 x 0.11 l,"2,29 €","6,94 €/L"
Adoçante em pó,PorSi,250 saquetas,"3,79 €","3,79 €/Unidade"
Leite condensado,PorSi,Embalagem de 397 g,"1,09 €","2,75 €/Kg"
Caju com sal,Frutos secos,1 un = 100 gr. (aprox.),"5,00 €","19,99 €/Kg"
Rabos,Porco,1 un = 250 gr  (aprox.),"0,60 €","5,99 €/Kg"
Queijo fresco natural,Matinal,Embalagem de 216g,"0,99 €","4,95 €/Kg"
Champô anti-caspa,Labell,Embalagem de 400 ml,"5,59 €","13,98 €/L"
Pudim de chocolate,PorSi,Embalagem de 110g,"0,59 €","29,50 €/Kg"
Yopro líquido manga,Danone,Embalagem de 300g,"1,31 €","2,05 €/Kg"
Bolachas cracker sem sal,PorSi,Embalagem de 500g,"0,39 €","3,12 €/Kg"
Noodle banzai carne,Cigala,Embalagem de 70g,"0,99 €","1,98 €/Kg"
"Infusãoo mirtilo/acai, 20 saquetas",Tetley,Embalagem de 40g,"20,91 €/Kg","20,91 €/Kg"
Leite uht meio gordo,Agros,Embalagem 1L,"0,83 €","0,83 €/L"
Palitos superfinos,PorSi,Embalagem de 400 unidades,"1,15 €","1,15 €/Unidade"
Cebola,Legumes do Dia,1 un = 250 gr  (aprox.),"0,45 €","4,45 €/Kg"
Sultana Preta,PorSi,Embalagem de 200g,"1,00 €","5,00 €/Kg"
Ambientador aerossol 5 em 1 frescura água,PorSi,300 ml,"0,99 €","3,30 €/L"
Crescido,Bacalhau da Islândia,1 un = 1.5 kg (aprox.),"16,49 €","10,99 €/Kg"
Bacalhau Corrente,Bacalhau da Noruega,1 un= 750 g (aprox.),"16,49 €","10,99 €/Kg"
Spray renova camurça preta,PorSi,Embalagem de 200 ml,"2,89 €","14,45 €/L"
Pudim caramelo,PorSi,Embalagem de 90g,"0,59 €","29,50 €/Kg"
Porto special reserva,Q.harris,Garrafa de 750 ml,"9,99 €","13,32 €/L"
Chá camomila,Cemporcent,Embalagem de 40g,"1,79 €","44,75 €/Kg"
Leite evaporado,PorSi,Embalagem de 410g,"1,09 €","2,75 €/Kg"
"Creme de noite, age perfect",L'oreal,Embalagem de 50 ml,"223,80 €/L","223,80 €/L"
Limpa vidros azul,PorSi,Embalagem de 1 l,"3,99 €","0,80 €/L"
"Creme depilatório para duche, peles sensiveis",Veet,Garrafa de 150 ml,"2,99 €","14,95 €/L"
Gomas brilho,PorSi,Embalagem de 300 g,"1,69 €","11,27 €/Kg"
Fita Adesiva Brico Facil Especial Dupla Face,Ceys,1 unidade,"3,99 €","3,99 €/Unidade"
Pensos clássicos,PorSi,100 unidades,"0,79 €","1,58 €/L"
Plantanatur gorduras dia e noite refeições,PLANTANATU,Embalagem de 1 unidades,"9,69 €","9,69 €/Unidade"
Açafrão das Índias,PorSi,Embalagem de 50g,"0,25 €","0,25 €/Kg"
Queijo Brie 60%,Produto selecionado,Vendido ao peso a partir de 250 gr,"1,45 €","7,25 €/Kg"
Gelado cornetto morango,Olá,Embalagem de 6 x 90 ml,"5,99 €","16,64 €/L"
Pudim flan,El mandari,Embalagem de 10g,"0,59 €","29,50 €/Kg"
vinho do Porto Ruby,Velhotes,"garrafa de 0,75 l","5,99 €","7,99 €/L"
Suiss'fruits fruta 12x50g,PorSi,Embalagem de 600g,"1,05 €","1,86 €/L"
Bombom Caja Roja,Nestlé,Embalagem de 200G,"2,99 €","29,90 €/Kg"
Gomas beijinhos,PorSi,Embalagem de 300 g,"1,69 €","11,27 €/Kg"
Vinho bag-in-box tinto,C.alqueva,Garrafa de 5 l,"9,49 €","1,90 €/L"
Leite uht meio gordo,Mimosa,Embalagem de 1 litro,"0,83 €","0,83 €/L"
Cera de depilação profissional,Veet,Garrafa de 300 ml,"3,51 €","3,51 €/Unidade"
Creme autobrilhante preto,Splendor,40 ml,"0,79 €","263,33 €/Kg"
Fita adesiva,PorSi,5m x 1.25 cm,"0,79 €","1,58 €/L"
Lava tudo brilhante madeiras,PorSi,Embalagem de 1.1 litros,"4,39 €","14,63 €/L"
Atum ao natural,Ramirez,Embalagem de 120g,"0,95 €","7,92 €/Kg"
Lip Gloss #500,Rimmel,1 unidade,"3,99 €","3,99 €/Unidade"
Magnum mini white mix,Olá,Embalagem de 6 x 55 ml,"5,99 €","16,64 €/L"
"Fiambre extra, fatiado",PorSi,Embalagem de 200g,"0,97 €","6,49 €/Kg"
Queijo flamengo fatiado light,Paiva,Embalagem de 180g,"1,96 €","9,80 €/Kg"
Queijo brie 60% mg,Páturages,Embalagem de 200 g,"1,45 €","7,25 €/Kg"
Leite UHT Meio Gordo,PorSi,Embalagem de 200 ml,"0,83 €","0,83 €/L"
Tostas suecas integrais,PorSi,Embalagem de 225 g,"2,39 €","6,83 €/Kg"
Fósforos longos,Quinas,Embalagem com 3 unidades,"1,15 €","1,15 €/Unidade"
Bolachas crackers com sal,PorSi,Embalagem de 500g,"0,39 €","3,12 €/Kg"
"Elásticos grandes coloridos, pack de 20 unidades",Domédia,1 embalagem,"5,99 €","5,99 €/Unidade"
Lava Tudo Perfumado Lavanda,PorSi,Embalagem de 2 l,"0,99 €","0,50 €/L"
Ambientador gel marinho,PorSi,150 g,"0,99 €","6,60 €/Kg"
Carapau Pequeno,Peixe do Dia,1 un = 100 g (aprox.),"3,89 €","6,49 €/Kg"
Iogurte grego natural açucarado sem lactose,PorSi Viva Bem,Embalagem de 240g,"0,99 €","1,98 €/Kg"
Sementes de girassol,PorSi Viva Bem,Embalagem de 200 g,"1,59 €","10,60 €/Kg"
Escova para lavar,PorSi,1 unidade,"2,20 €","2,20 €/Unidade"
Bolachas ricanela,Cuetara,Embalagem de 400g + 100g grátis,"0,39 €","3,12 €/Kg"
Lombos de salmão,PorSi,Embalagem de 300g,"3,99 €","9,98 €/Kg"
Liegeois de chocolate,Milchfrisc,Embalagem de 200g,"0,55 €","2,75 €/Kg"
Corantes alimentares ducros,Vahine,Garrafa de 20 ml,"1,89 €","17,18 €/Kg"
Leite de coco bio,PorSi Bio,400 ml,"1,49 €","3,73 €/L"
Dessert topping chocolate,Winsenia,Embalagem de 300g,"1,29 €","3,23 €/Kg"
Queijo Roquefort AOC 52% M.G,Rocabret,Vendido ao peso a partir de 250 gr,"1,45 €","7,25 €/Kg"
Toalha de Mesa Anti Nódoas,VZT,Dim.: 150 x 200 cm,"20,50 €","20,50 €/Unidade"
Beterraba sem Rama,Legumes do Dia,1 un=250 gr (aprox.),"0,33 €","3,29 €/Kg"
Iogurte natural,PorSi,Embalagem 12 x 125 g,"0,99 €","1,98 €/Kg"
Infusão de tília,Tetley,Embalagem de 10g,"20,91 €/Kg","20,91 €/Kg"
Alho seco bio,PorSi Bio,Embalagem de aprox. 600 g,"0,45 €","4,45 €/Kg"
"Porto, reserva",Calém,"garrafa de 0,75 l","9,99 €","13,32 €/L"
Red Fish,Peixe Congelado,300 a 500 g,"3,99 €/Kg","3,99 €/Kg"
Sabao rosa e branco,PorSi,Embalagem de 400g,"1,19 €","2,98 €/Kg"
Pudim flan,PorSi,Embalagem de 4 x 5.6 g,"0,59 €","29,50 €/Kg"
Ultra magnésio +b6,PLANTANATU,Embalagem de 1 unidades,"9,69 €","9,69 €/Unidade"
Perna c/ Osso,Peru,1 un = 1 kg (aprox.),"1,05 €","2,99 €/Kg"
Moscatel de Setúbal Reserva,Selecção de Enófilos,Garrafa de 0.75 l,"6,79 €/L","6,79 €/L"
Sementes de chia,PorSi Viva Bem,Embalagem de 150 g,"1,59 €","10,60 €/Kg"
Bombons Caja Roja,Nestlé,Embalagem 400 g,"2,99 €","29,90 €/Kg"
"Bolas de algodão, cores, com 100 unidades",PorSi,1 embalagem,"0,79 €","1,58 €/L"
Manga Refrigerante p/ Garrafas,AR,1 unidade,"4,59 €","4,59 €/Unidade"
Elixir junior,Aquafresh,Embalagem de 300 ml,"0,99 €","0,99 €/Unidade"
Salsicha Fresca de Aves,Aves,1 un = 100 gr (aprox.),"0,54 €","5,39 €/Kg"
Arroz integral,PorSi Viva Bem,Embalagem de 1 kg,"1,35 €","1,35 €/Kg"
Lenços de bolso folha tripla,PorSi,9 x 30 unidades,"0,89 €","0,89 €/Unidade"
Bife de Frango,Frango,Vendido ao peso a partir de 1 kg,"1,05 €","2,99 €/Kg"
Iogurte morango 000%,PorSi Viva Bem,Embalagem de 4 x 125 g,"4,38 €","2,19 €/Kg"
Ração para gato bolas de pelo com frango,Friskies,"Embalagem de 1,5kg","3,25 €","1,63 €/Kg"
Argolas Romana,PorSi,Embalagem de 400 g,"1,79 €","7,16 €/Kg"
"Tiras limpa poros faciais, 6unidades",Labell,1 embalagem,"0,76 €","0,76 €/Unidade"
Queijo azul,PorSi,100 g,"1,89 €","18,90 €/Kg"
Tomate Cacho,Programa Origens,1 un = 200 gr (aprox.),"0,36 €","1,79 €/Kg"
Biscoitos canudinho simples,PorSi,Embalagem de 300g,"2,98 €","9,93 €/Kg"
Pensos Higiénicos Cottonlike Super Com Abas,Evax,12 unidades,"2,59 €","2,59 €/Unidade"
Pensos Higiénicos Ultra Air Dry C/ Abas,Ausonia,embalagem com 14 un.,"2,59 €","2,59 €/Unidade"
Lenços de bolso 4 folhas,PorSi,Embalagem de 18 x 10 unidades,"0,89 €","0,89 €/Unidade"
Licor frutos tropicais,Safari,Garrafa de 700 ml,"16,99 €","24,27 €/L"
Recarga Esfregona de Microfibras,PorSi,1 unidade,"0,89 €","0,89 €/Unidade"
Bacalhau com natas,PorSi,Embalagem de 380g,"1,79 €","7,16 €/Kg"
Cereais argolas de mel,PorSi,Embalagem de 375 g,"1,99 €","3,18 €/Kg"
Caju bio,*,Vendido ao peso a partir de 200 g,"5,00 €","19,99 €/Kg"
Vinho frisante branco,Lapadas,Garrafa de 750 ml,"1,69 €","2,25 €/L"
Patê de sardinha,PorSi,Embalagem de 65 g,"1,09 €","12,39 €/Kg"
Aletria,Milaneza,Embalagem de 500g,"0,99 €","1,98 €/Kg"
Atum posta ao natural,Bom petisc,Embalagem de 120 g,"0,95 €","7,92 €/Kg"
Doce pessego 284g,ST.DALFOUR,Frasco de 284g,"2,19 €","9,95 €/Kg"
Tentáculos pota,PorSi,Embalagem de 800G,"4,99 €","6,24 €/Kg"
Bebida essencial frutos vermelhos,Compal,Pack 3 x 0.11 l,"2,29 €","6,94 €/L"
Clara liquida pasteurizado,Dovo,Embalagem de 320 ml,"2,55 €","2,55 €/Unidade"
Pescada 3 Chile,Peixe Congelado,1 un= 1 kg (aprox.),"3,99 €/Kg","3,99 €/Kg"
Água s/ gás,Luso,Pack 6 x 1.5 l,"1,04 €","0,17 €/L"
Pó de talco para bebé,Johnson's Baby,Embalagem de 200 g,"0,44 €","7,33 €/L"
"Massa polir, em bisnaga",Redex,Embalagem de 125 ml,"3,99 €","0,80 €/L"
Dentifríco anti-tártaro + branqueador,Colgate,Embalagem de 75 ml,"2,39 €","31,87 €/L"
Asas de Frango,*,1 un = 100 gr (aprox.),"1,05 €","2,99 €/Kg"
Fiambre da Pá,Salsicharia Limiana,1 un = 150 gr (aprox.),"0,97 €","6,49 €/Kg"
Peito s/ Osso,Novilho,1 un = 500 gr (aprox.),"13,08 €","16,35 €/Kg"
Cacau magro em pó,PorSi,Embalagem de 125 g,"1,04 €","8,32 €/Kg"
Moscatel de setúbal,Selecção de Enófilos,"Garrafa de 0,75 l","6,79 €/L","6,79 €/L"
Vinagre vinho branco 250ml,Cristal,Garrafa de 250 ml,"0,35 €","0,70 €/L"
Morcela de Trás os Montes,PorSi,"Vendido ao peso, 1 un = 200 gr (aprox.)","1,20 €","5,99 €/Kg"
Mistura para coelhos anões,Canto Alegre,Embalagem de 1K,"2,49 €","2,49 €/Kg"
Água c/ gás limão,Frize,pack 4 x 0.25 l,"2,85 €","2,85 €/L"
Detergente líquido máquina de roupa sabão natural,PorSi,86 Doses,"8,69 €","1,84 €/Kg"
Moelas de Frango,Lusiaves,Embalagem de 350 g (aprox.),"0,60 €","5,99 €/Kg"
Courgette Categoria II,Legumes do Dia,,"0,90 €","2,99 €/Kg"
Iogurte eleva com fermentos naturais framboesa e amê...,Mimosa,Embalagem de 4 x 115 g,"1,39 €","9,59 €/Kg"
Mimosa bem especial leite e amêndoa,Mimosa,Embalagem de 1 litro,"0,99 €","0,99 €/L"
Tampões ProComfort Normal,O.B.,1 Embalagem c/32 unidades,"4,89 €","4,89 €/Unidade"
Infusão de camomila,Tetley,Embalagem de 10g,"0,89 €","20,70 €/Kg"
Creme vegetal culinário,Vaqueiro,Embalagem de 250 g,"2,89 €","2,89 €/Kg"
Arroz agulha,Saludães,Embalagem de 1kg,"1,35 €","1,35 €/Kg"
Gel de Banho Silk,Dove,Embalagem de 750 ml,"6,39 €/L","6,39 €/L"
Escorrega para água,Bestway,"Dim.: 4,88 m","14,99 €","14,99 €/Unidade"
Couscous,PorSi,Embalagem de 5 x 100 g,"0,99 €","1,98 €/Kg"
Cookies sem glúten,Gullon,Embalagem de 200 g,"2,69 €","20,69 €/Kg"
Alecrim em folhas,PorSi,Embalagem de 25g,"0,25 €","0,25 €/Kg"
Spray vitrocerâmica/indução,PorSi,Embalagem de 500 ml,"1,69 €","2,25 €/L"
Bolacha digestiva go canela,Triunfo,Embalagem de 170g,"1,19 €","5,95 €/Kg"
Jogo de Damas,Olivo,caixa metálica,"9,99 €/Unidade","9,99 €/Unidade"
Iogurte de morango sem lactose,PorSi Viva Bem,4 x 125 g,"0,99 €","1,98 €/Kg"
Pizza de Atum,PorSi,Embalagem de 350 g,"2,25 €","6,43 €/Kg"
Azeite,PorSi,Garrafa de 1 l,"3,49 €","4,65 €/L"
Infusão melhores digestões,Cemporcent,Embalagem de 10 unidades,"20,91 €/Kg","20,91 €/Kg"
Gelatina pronta a comer light 10 kcal morango,Royal,Embalagem de 4 x 100 g,"0,99 €","2,48 €/Kg"
Recarga  para esfregona tiras,PorSi,1 unidade,"0,89 €","0,89 €/Unidade"
Leite UHT Meio Gordo,PorSi,1 l,"0,83 €","0,83 €/L"
Pudim caseiro de laranja,Royal,Embalagem de 200g,"0,59 €","29,50 €/Kg"
Porto branco,Valadao,Garrafa de 750 ml,"11,99 €","15,99 €/L"
Spray elimina odores do calçado,PorSi,embalagem de 100 ml,"2,59 €","25,90 €/L"
Sopa de rabo de boi,Knorr,Embalagem de 70g,"0,62 €","10,00 €/Kg"
Iogurte sólido sem lactose multifrutos,Mimosa,Embalagem de 480g,"1,99 €","1,33 €/Kg"
Vinho tinto alentejo,Loios,Garrafa de 750 ml,"2,89 €","3,85 €/L"
Banha,PorSi,Embalagem de 940 g,"2,89 €","2,89 €/Kg"
Feijão branco cozido,PorSi,Embalagem de 420g,"2,19 €","2,81 €/Kg"
Chocolate Branco e Óreo,Milka,Embalagem de 100g,"5,80 €/Kg","5,80 €/Kg"
Croutons com azeite,PorSi,Embalagem de 150g,"2,39 €","6,83 €/Kg"
Spray limpeza fornos e grelhas,PorSi,500 ml,"1,49 €","1,99 €/L"
Ração para gato adulto com bacalhau e legumes,Friskies,Embalagem de 4 kg,"3,25 €","1,63 €/Kg"
Travessa com naperon 45x36cm,PorSi,1 unidade,"0,79 €","0,79 €/Unidade"
15 panadinhos de peixe,PorSi,Embalagem de 450 g,"3,99 €","9,98 €/Kg"
Marmelada,PorSi,Embalagem de 450g,"1,09 €","2,42 €/Kg"
Telemóvel Vibra e Capta,Chicco,1 unidade,"11,99 €/Unidade","11,99 €/Unidade"
"Esferográfica, 4 cores",Bic,1 unidade,"2,69 €","2,69 €/Unidade"
Puzzle Canal Panda,Olivo,60 peças,"15,99 €/Unidade","15,99 €/Unidade"
Crepes de legumes,PorSi,Embalagem de 310g,"1,79 €","7,16 €/Kg"
Néctar clássico de pera,Compal,Garrafa de 200 ml,"0,99 €","0,99 €/L"
Noodle banzai galinha,Cigala,Embalagem de 70g,"0,99 €","1,98 €/Kg"
Gelatina ananás 8 kcal,PorSi,Embalagem de 4 x 100 g,"0,99 €","2,48 €/Kg"
Mistura para exóticos,Canto Alegre,Embalagem de 1K,"2,49 €","2,49 €/Kg"
Anticongelante vermelho 20%,PorSi,Embalagem de 1 l,"3,99 €","0,80 €/L"
Peito de peru fatiado,PorSi,Embalagem de 200g,"2,25 €","11,25 €/Kg"
Molho de maionese com alho e ervas,PorSi,Garrafa de 120 ml,"0,87 €","2,90 €/Kg"
Tablete de chocolate leite,Schogetten,Embalagem de 100g,"5,30 €/Kg","5,30 €/Kg"
Xarope grenadine,Paquito,Garrafa de 750 ml,"3,25 €","3,25 €/L"
Pilha alcalina classic lr03x8,Domédia,1 unidade,"1,75 €","1,75 €/Unidade"
Chupas Party Mix,PorSi,150 g,"3,40 €","28,33 €/Kg"
Adoçante em pó stevia,PorSi Viva Bem,Embalagem de 17g,"3,79 €","3,79 €/Unidade"
Pano multiusos felpo,PorSi,1 unidade,"1,49 €","1,49 €/Unidade"
Massa esparguete,PorSi,Embalagem de 500g,"0,99 €","1,98 €/Kg"
"Detergente de máquina para roupa, duocaps floral",PorSi,20 doses,"8,69 €","1,84 €/Kg"
Tostas integrais,PorSi,Embalagem de 225g,"2,39 €","6,83 €/Kg"
"Champô, anti-caspa",Labell Men,Embalagem de 300 ml,"1,49 €","4,97 €/L"
Feijão catarino,PorSi,Embalagem 500G,"0,99 €","1,98 €/Kg"
Pão de forma sem côdea especial torradas,Panrico,Embalagem de 510g,"2,63 €/Kg","2,63 €/Kg"
Bolacha cream cracker,Cuetara,Embalagem de 200g,"0,39 €","3,12 €/Kg"
"Mistura de couve flor, brócolos e cenoura",PorSi,Embalagem de 1 kg,"1,65 €","1,65 €/Kg"
Paté de sardinha,PorSi,Embalagem de 4 x 22 g,"1,09 €","12,39 €/Kg"
Feijoada transmontana,Nobre,Embalagem de 420g,"2,35 €","5,60 €/Kg"
Cachaço s/ Osso,Porco,,"1,50 €","5,99 €/Kg"
Vulcão brilhante,Clementoni,1 unidade,"9,99 €/Unidade","9,99 €/Unidade"
Queijo dop cura 4 meses fatias,Sao jorge,Embalagem de 400g,"2,42 €","9,69 €/Kg"
"Limpa vidros, azul",Arbo,Embalagem de 1 l,"3,19 €","6,38 €/L"
Laranja biológica categoria II,PorSi Bio,Emb.: ± 500 g,"0,35 €","1,39 €/Kg"
Couve branca,Legumes do Dia,1 un= 1 kg aprox,"1,04 €","2,59 €/Kg"
Cação Posta,Peixe do Dia,1 un = 150 gr (aprox.),"3,89 €","6,49 €/Kg"
Farinha de trigo sem fermento t55,PorSi,Embalagem de 5 kg,"0,85 €","0,85 €/Kg"
Marcadores para colorir,Domédia,embalagem com 18 unidades,"4,99 €","4,99 €/Unidade"
Toalhitas Bebé Nature,PorSi,64 unidades,"1,09 €/Unidade","1,09 €/Unidade"
Lula,Peixe Congelado,1 un= 250 gr (aprox.),"3,99 €/Kg","3,99 €/Kg"
"Absorvedores de odores, relax zen",Brise,Embalagem de 2x150g,"0,99 €","6,60 €/Kg"
Pringles sour cream & onion,Pringles,Embalagem de 175g,"1,29 €","6,97 €/Kg"
Iogurte tipo grego natural,PorSi,Embalagem de 12 x 125 g,"2,99 €","6,80 €/Kg"
Forma Pão de Ló Antiaderente 24cm,PorSi,1 unidade,"9,99 €","9,99 €/Unidade"
Fruta para bebé banana laranja bolacha +6 meses,Nestle,Embalagem de 90g,"0,74 €","8,22 €/Kg"
Tira nódoas roupa em pó oxy white,PorSi,Embalagem de 1 kg,"8,69 €","1,84 €/Kg"
Pernil Fumado Ponte de Lima,PorSi,1 un = 800 gr (aprox.),"2,79 €","9,30 €/Kg"
Bola mistura,Pão do Dia,1 unidade= 80 g,"0,19 €","2,38 €/Kg"
Batata frita ondulada wavy,PorSi,Embalagem de 185 g,"1,09 €","5,89 €/Kg"
Iogurte pedaços frutas variadas,PorSi,Embalagem de 16 x 125 g,"4,38 €","2,19 €/Kg"
Pilha alcalina heightech lr6x4,Domédia,1 unidade,"1,75 €","1,75 €/Unidade"
Morcela de Arroz do Fundão,PorSi,"Vendido ao peso, 1 un=200 g (aprox.)","1,20 €","5,99 €/Kg"
Arroz carolino,Louro,Embalagem de 1 kg,"1,35 €","1,35 €/Kg"
Espumoso grand reale dessert,Gancia,Garrafa de 750 ml,"3,99 €","5,32 €/L"
Caramelos de fruta multisabor single,Sugus,Embalagem de 50g,"1,19 €","4,76 €/Kg"
Queijo Flamengo Fatias,PorSi,Embalagem 500G,"1,96 €","9,80 €/Kg"
Gelatina pronta a comer light 10 kcal mirtilo,Royal,Embalagem de 4 x 100 g,"0,99 €","2,48 €/Kg"
Nata uht para bater,Gresso,Garrafa de 200 ml,"0,75 €","3,75 €/L"
Óleo de girassol,PorSi,garrafa de 1 litro,"3,59 €","3,59 €/L"
"Caixa com saquetas de  pau de canela, 30 unidades",PorSi,Embalagem 90G,"0,25 €","0,25 €/Kg"
"Pasta dentífrica, 7-13 anos",Labell,Embalagem de 75 ml,"0,99 €","0,99 €/Unidade"
Acetona,PorSi,Embalagem de 200 ml,"1,89 €","9,45 €/L"
Queijo flamengo em Barra,Gresso,"Vendido ao peso, fatiado a partir de 100 gr","1,96 €","9,80 €/Kg"
Molho 4 pimentas,PorSi,Embalagem de 120 ml,"0,87 €","2,90 €/Kg"
Massa aletria,PorSi,Embalagem de 500g,"0,99 €","1,98 €/Kg"
Néctar de laranja e cenoura light,PorSi,Embalagem de 3 x 200 ml,"0,84 €","2,55 €/L"
Massa meada,PorSi,Embalagem de 500g,"0,99 €","1,98 €/Kg"
Tomate em pedaços,PorSi,Embalagem de 390g,"2,19 €","2,81 €/Kg"
Escova plástica (cores sortidas),PorSi,1 unidade,"0,89 €","0,89 €/Unidade"
Loção tónica para pele seca,Labell,Embalagem de 250 ml,"0,76 €","0,76 €/Unidade"
Aeijoa castanhola,Nossa seleção,Pescado no mar,"4,59 €","4,59 €/Kg"
Pipocas coloridas,Orcape,Embalagem de 100g,"0,79 €","7,90 €/Kg"
Vinho tinto doc dão,Cabriz,Garrafa de 0.75 l,"7,49 €","9,99 €/L"
Bombons Quality Street,Nestlé,Embalagem de 265 g,"2,99 €","29,90 €/Kg"
Espargos Verde,Legumes do Dia,1 un = 250 g  (aprox.),"0,33 €","3,29 €/Kg"
Batata frita gourmet,PorSi,Embalagem de 150g,"1,09 €","5,89 €/Kg"
Creme vegetal sabor manteiga,PorSi,Embalagem de 500 g,"1,99 €","3,98 €/Kg"
Cappucino go chill com cacau,Delta,Embalagem de 230 ml,"3,19 €","25,52 €/Kg"
Tablete de chocolate oreo,Milka,Embalagem de 300g,"5,30 €/Kg","5,30 €/Kg"
Mousse de chocolate preto,Páturages,Embalagem de 4x60 g,"1,15 €","1,92 €/Kg"
Piripiri grão,PorSi,Saqueta de 20 g,"0,25 €","0,25 €/Kg"
Ambientador vela frutos vermelhos,PorSi,1 unidade,"2,29 €","2,29 €/Unidade"
"Luvas multiusos relevo antiderrapante, tamanho grand...",PorSi,Embalagem de 1 unidades,"0,89 €","0,89 €/Unidade"
Fiambre da Perna Extra,PorSi,1 un = 150 gr (aprox.),"0,97 €","6,49 €/Kg"
"Limpa vidros, rosa",Redex,Embalagem de 5 l,"3,99 €","0,80 €/L"
Ambientador gel floral,PorSi,150 g,"0,99 €","6,60 €/Kg"
Iogurte magro + gelatina maracujá,Mimosa,Embalagem de 4 x 120 g,"1,09 €","1,45 €/Kg"
"Espuma de cabelo, volume absoluto",Pantene,Embalagem de 200 ml,"5,99 €","39,93 €/L"
"Alimento para peixe, animin goldfish food",Tetra,Garrafa de 250 ml,"4,99 €","19,96 €/L"
Iogurte oikos natural,Danone,Embalagem de 4 x 110g,"2,99 €","6,80 €/Kg"
Delícia semi-fria cheesecake,Royal,embalagem de 325 g,"0,49 €","5,44 €/Kg"
Rhum com coco,Malibu,Garrafa de 700 ml,"17,09 €","24,41 €/L"
Maçã Granny Smith 75/80,Programa Origens,1 un = 180 gr (aprox.),"0,24 €","1,85 €/Kg"
Penso Higiénico Ultrafinos Normal Abas,PorSi,16 unidades,"2,59 €","2,59 €/Unidade"
Toalhitas multiusos limão,PorSi,Embalagem de 80 unidades,"1,49 €","1,49 €/Unidade"
Bolachas cream cracker sesamo,Vieira,Embalagem de 200g,"0,39 €","3,12 €/Kg"
Pudim de chocolate,Boca Doce,Embalagem de 20g,"0,59 €","29,50 €/Kg"
Bolachas cobertura de chocolate e avelã,PorSi,Embalagem de 150g,"0,75 €","5,00 €/Kg"
Bolachas de aveia,Triunfo,Embalagem de 190g,"2,98 €","9,93 €/Kg"
Arroz vaporizado,PorSi,Embalagem de 1 kg,"1,35 €","1,35 €/Kg"
Refresco em pó de ananás,PorSi,Embalagem de 40 g,"0,59 €","14,75 €/Kg"
Moelleux de chocolate,PorSi Select,960 g,"2,57 €","7,79 €/Kg"
Leite 0% lactose meio gordo,Mimosa,Embalagem de 200 ml,"0,99 €","0,99 €/L"
Cerveja,Kings Bräu,Embalagem de 10x25 cl,"0,38 €","1,15 €/L"
Vinho do Porto Tawny,Velhotes,"garrafa de 0,75 l","6,29 €","8,39 €/L"
Atum posta em óleo,Ramirez,Embalagem de 120g,"0,95 €","7,92 €/Kg"
Vinho regional tejo 3 castas tinto,Fiuza,Garrafa de 750 ml,"4,49 €","5,99 €/L"
Gamba Rosa Moçambique,PorSi,Embalagem de 800 g,"8,99 €","25,69 €/Kg"
Sal marinho grosso,Vatel,Embalagem de 1 kg,"0,25 €","0,25 €/Kg"
Queijo roquefort,Páturages,Embalagem de 150 g,"1,45 €","7,25 €/Kg"
Arroz agulha,Cigala,Embalagem de 1 kg,"1,35 €","1,35 €/Kg"
Pasta de sardinha,Fides,Embalagem de 90g,"1,09 €","12,39 €/Kg"
Esponja mágica tira manchas e riscos,PorSi,Embalagem com 2 unidades,"0,79 €","0,79 €/Unidade"
Sumo essencial kids,Compal,pack 3 x 0.11 l,"2,29 €","6,94 €/L"
Ambientador aerossol 5 em 1 lavanda,PorSi,300 ml,"0,99 €","3,30 €/L"
Cerveja com álcool,Sagres,"Embalagem de 0,33 l","0,38 €","1,15 €/L"
Bolacha com aveia,PorSi,Embalagem de 300 g,"1,19 €","5,95 €/Kg"
Café moagem universal brasil,Delta,Embalagem de 220g,"1,69 €","6,76 €/Kg"
Cebola picada em pacote,PorSi,Embalagem de 40 g,"0,25 €","0,25 €/Kg"
Farinha láctea,PorSi,Embalagem de 1 kg,"4,99 €","4,99 €/Kg"
Leite Meio Gordo sem Lactose,Mimosa,Pack 4 x 200 ml,"0,99 €","0,99 €/L"
Moscatel de setúbal,Pioneiro,Garrafa de 750 ml,"16,99 €","24,27 €/L"
Maçã Golden Premium,*,Calibre: 75/80,"0,24 €","1,85 €/Kg"
"Infusão de romã/framboesa, 20 saquetas",Tetley,Embalagem de 40g,"20,91 €/Kg","20,91 €/Kg"
