Nome,Marca,Unidade,Preço Primário,Preço Secundário
Gin Beefeater Light,Beefeater,"Garrafa de 0,70 l","19,79 €","19,79 €/L"
Dentifríco Flúor Gel,Colgate,Embalagem de 75 ml,"2,39 €","31,87 €/L"
Miolo de camarão 80/100,Pescanova,Embalagem de 350g,"8,99 €","25,69 €/Kg"
"Maionese, frasco",Hellmman's,Embalagem de 210g,"0,70 €","2,33 €/Kg"
Dourada Pequena,Peixe do Dia,"Vendido ao peso, de 200 a 600 g","6,49 €/Kg","6,49 €/Kg"
Bebida Energética Apple,Hell,250 ml,"1,60 €","3,20 €/L"
Saqueta de puré de fruta | maçã + banana + morango,PorSi,90 g,"0,74 €","8,22 €/Kg"
Leite de pastagem uht meio gordo,Milhafre,1 litro,"0,81 €","0,81 €/L"
Spray optimal 7 cozinha,Ajax,500 ml,"1,29 €","1,72 €/L"
Spray tira gorduras,Cillitbang,Garrafa de 500 ml,"1,19 €","0,79 €/L"
Queijo Barra Inteiro,Alavão,"Vendido Inteiro, un=1k(aprox)","2,42 €","9,69 €/Kg"
"Forma papel para bolos, 10. 5cm",PorSi,Embalagem com 60 unidades,"1,69 €","1,69 €/Unidade"
Chourição,Salsicharia Limiana,1 un = 100 gr (aprox.),"1,35 €","16,88 €/Kg"
Maxi folhado queijo/fiambre,Pastelaria do Dia,1 unidade = 125 g,"0,65 €","0,65 €/Unidade"
Toucinho Fumado,PorSi,fatiado a partir de 100 gr,"2,79 €","9,30 €/Kg"
Vinho tinto,Adega grande,Garrafa de 75 cl,"2,99 €","3,99 €/L"
Azeite,PorSi,Garrafa de 1 l,"3,19 €","4,25 €/L"
Porto white,Ferreira,Garrafa de 750 ml,"11,99 €","15,99 €/L"
Peito frango fatias finas,PorSi,Embalagem de 150g,"2,25 €","11,25 €/Kg"
Biscoitos integrais sementes de agave,PorSi Viva Bem,Embalagem de 150g,"1,45 €","11,15 €/Kg"
Bebida de soja-arroz,Shoyce,Garrafa de 1 l,"2,19 €","2,19 €/L"
Vinho frisante branco,Lapadas,Garrafa de 750 ml,"2,12 €/L","2,12 €/L"
"Borracha mini softy, pack de 3 unidades",Maped,1 embalagem,"3,29 €","3,29 €/Unidade"
Areia para Gato Absorvente 100% Natural,Friskies,Embalagem de 5 l,"1,19 €","0,24 €/Kg"
Polvilho doce,PorSi,Embalagem de 500g,"2,29 €","4,58 €/Kg"
Crescido,Bacalhau da Islândia,1 un = 1.5 kg (aprox.),"8,73 €/Kg","8,73 €/Kg"
Queijo vaca sem lactose,PorSi Viva Bem,250 g,"0,99 €","1,98 €/Kg"
Sabonete sensitive,Palmolive,Embalagem de 4x90 g,"4,49 €","12,47 €/Kg"
Papel higiénico compacto,PorSi,24 rolos,"1,99 €","1,99 €/Unidade"
Iogurte Pedaços Amoras/Mirtilo,PorSi,Embalagem 2X135 g,"4,36 €","2,18 €/Kg"
Iogurte infantil c/ drageias coloridas,PorSi,140 g,"1,05 €","1,86 €/L"
Gel desinfetante casa de banho,Sonasol,Embalagem de 1.25 litros,"2,79 €","3,99 €/L"
Ovos Frescos de Galinhas Criadas ao Ar Livre Classe:...,PorSi Bio,Embalagem com 6 unidades,"2,19 €","2,19 €/Unidade"
Mix de sementes tradicional,Cemporcent,Embalagem de 250g,"1,49 €","1,49 €/Kg"
Queijo fresco magro,Matinal,Embalagem de 216 g,"1,09 €","5,45 €/Kg"
"Queijo light, 8 porções",A Vaca Que Ri,Embalagem de 140 g,"2,39 €","19,92 €/Kg"
Assador para Chouriço Nº2 Barro Liso,Gratta,1 unidade,"4,99 €","4,99 €/Unidade"
Sobremesa banana/laranja/bolacha,Nestle,Embalagem de 4 x 100 g,"2,89 €","7,23 €/Kg"
Salsichas cocktail,PorSi,Lata com 180 g,"0,75 €","3,75 €/Kg"
Papel higiénico perfumado bouquet folha tripla,Foxy,4 + 2 rolos,"1,99 €","1,99 €/Unidade"
Vinho doc douro tinto,Papa Figos,Garrafa de 0.75 l,"7,49 €","9,99 €/L"
Tablete de chocolate choco jelly,Milka,Embalagem de 250g,"2,29 €","17,62 €/Kg"
Água c/ gás groselha,Frize,pack 4 x 0.25 l,"2,85 €","2,85 €/L"
"Vinho rosé, meio seco",Leziria,Garrafa de 750 ml,"4,29 €","5,72 €/L"
Granola + classica,Cemporcent,Embalagem de 375g,"1,49 €","1,49 €/Kg"
Empadão de carne produto pré-cozinhado ultracongelad...,PorSi,Embalagem de 350g,"7,99 €","7,99 €/Kg"
Vinho rosé frisante,Cacho Fresco,Garrafa de 0.75 l,"2,12 €/L","2,12 €/L"
8 hamburguers s/ glúten frango,Capitão Iglo,Embalagem de 480g,"2,79 €","8,72 €/Kg"
Requeijao natural,Saloio,Embalagem de 170g,"1,09 €","5,45 €/Kg"
Nestum 5 cereais,Nestum,Embalagem de 250g,"2,19 €","8,76 €/Kg"
Creme para calçado castanho,Splendor,80 ml,"0,99 €","19,80 €/L"
Café solúvel,Delta,Embalagem de 200 g,"14,50 €/Kg","14,50 €/Kg"
Renovador Camurça em Spray Preto,Búfalo,Embalagem de 250 ml,"5,09 €","20,36 €/L"
Livro Quero Conhecer Cores,Europrice,1 unidade,"3,59 €","3,59 €/Unidade"
Limpa vidros recarga tripla ação,Ajax,Embalagem de 500 ml,"3,19 €","6,38 €/L"
Vinho doc alentejo tinto,Albarrada,Garrafa de 750 ml,"4,99 €","6,65 €/L"
Caldo Verde,ELS,Embalagem 350g,"0,47 €","4,69 €/Kg"
Bebida energética green,Monster,Garrafa de 500 ml,"1,60 €","3,20 €/L"
Chocolate negro com coco,Cemporcent,Embalagem de 125g,"2,89 €","23,12 €/Kg"
Cebolinho,PorSi,Embalagem de 50g,"0,99 €","19,80 €/Kg"
Sumo essencial de pêssego,Compal,pack 3 x 0.11 l,"0,99 €","0,99 €/L"
Cogumelo portobello pequeno,Legumes do Dia,vendido ao peso,"1,89 €","6,30 €/Kg"
Tablete de chocolate leite/amêndoa,Nestle,Embalagem de 120g,"10,52 €/Kg","10,52 €/Kg"
Clementinas,PorSi Bio,Emb.: ± 500 g,"0,50 €","1,99 €/Kg"
Néctar clássico laranja,Compal,Embalagem de 1 l,"0,99 €","0,99 €/L"
Leite Bem Essencial Chocolate,Mimosa,Embalagem de 4 x 200 ml,"0,26 €","1,30 €/L"
Desinfetante p/ Cozinha,Sanytol,Embalagem de 750 ml,"4,89 €","6,52 €/L"
"Coloração permanente, castanho claro cobre nº54",Nutrisse,1 unidade,"9,49 €/Unidade","9,49 €/Unidade"
Panado de espinafres e queijo vegetariano,Garden Gourmet,Embalagem de 180g,"1,89 €","6,30 €/Kg"
Feijão frade,Caçarola,Embalagem de 500 g,"2,78 €/Kg","2,78 €/Kg"
Esfregona Microfibras Eco,Vileda,1 un.,"0,89 €","0,89 €/Unidade"
Guardanapos 2 folhas azul e dourado,PorSi Select,40 unidades,"1,29 €","1,29 €/Unidade"
Gelado magnum after dinner,Olá,Embalagem de 10 x 35 ml,"5,99 €","16,64 €/L"
Framboesa,PorSi,Embalagem com 125g,"2,19 €","17,52 €/Kg"
Mozzarella soloitália,Soloitalia,Embalagem de 125g,"1,59 €","6,36 €/Kg"
Óleo de girassol,PorSi,garrafa de 3 litros,"3,39 €","3,39 €/L"
Fraldas Activity Extra T5 |13-19 kg,Dodot,48 Unidade,"6,49 €","6,49 €/Unidade"
Salsichas de porco,Nobre,Lata de 200g,"0,75 €","3,75 €/Kg"
Conjunto Sensuelle,Coquette,EAU DE TOILETTE 100 ML + R-ON 10 ML,"12,99 €","12,99 €/Unidade"
Queijo de Ovelha S/ Lactose,Seia,1 un = 450 g (aprox.),"4,50 €","17,99 €/Kg"
Salsichas frasco hot dog,PorSi,Embalagem 540G,"0,75 €","3,75 €/Kg"
Queijo de nisa dop,PorSi Select,1 unidade = 280g (aprox.),"2,87 €","15,94 €/Kg"
Salsichão fuet nobreza,Elpozo,Embalagem de 200 g,"1,35 €","16,88 €/Kg"
Plantanatur gorduras dia e noite refeições,PLANTANATU,Embalagem de 1 unidades,"7,59 €","126,50 €/Kg"
Ambientador carro difusor aqua,Ambipur,1 unidade,"1,99 €","1,99 €/Unidade"
Recarga para ambientador elétrico flor de cerejeira,Air Wick,19 ml,"11,98 €","11,98 €/Unidade"
Iogurtes Corpos Danone Pedaços de Coco,Danone,Embalagem de 4 x 115 g,"4,36 €","2,18 €/Kg"
Refrigerante c/ gás ananás,Sumol,pack 4 x 1.25 l,"0,79 €","0,40 €/L"
Limpa Motores,PorSi,Embalagem de 1 l,"3,99 €","0,80 €/L"
Queijo de cabra,Palhais,Embalagem de 200g,"1,89 €","10,50 €/Kg"
Vinho tinto regional peninsula de setúbal,Fonte nico,Garrafa de 750 ml,"2,99 €","3,99 €/L"
Doce light alperce,PorSi,Embalagem de 340g,"3,59 €","10,26 €/Kg"
Chocolate negro 90% cacau bio,Cemporcent,Embalagem de 100g,"2,89 €","23,12 €/Kg"
Arroz Carolino,Saludães,Embalagem de 1 kg,"0,99 €","0,99 €/Kg"
Caramelos de fruta,PorSi,Embalagem de 250g,"1,10 €","4,40 €/Kg"
Linguas de gato,PorSi,Embalagem de 200 g,"0,69 €","3,45 €/Kg"
Formas de alumínio 600 ml,PorSi,5 unidades,"1,69 €","1,69 €/Unidade"
Biscoitos choco trio,Milka,Embalagem de 150g,"0,79 €","5,27 €/Kg"
"Papel higiénico, seda, folha tripla, 4+2 rolos",Foxy,1 embalagem,"1,99 €","1,99 €/Unidade"
Bolachas mini alfa,Nacional,Embalagem de 120g,"3,09 €","10,30 €/Kg"
"Máquina depiladora descartável, Blue II Feminina",Gillette,Embalagem de 5+1 unidades,"3,29 €","3,29 €/Unidade"
Chá peso noite,PLANTANATU,Embalagem de 10 unidades,"1,25 €","1,25 €/Unidade"
"Vinho tinto regional, península de setúbal, bag-in-b...",Dom Campos,Garrafa de 5 l,"9,49 €","1,90 €/L"
"Detergente para máquina de loiça, gel, tudo em 1 lim...",Sun,Embalagem de 45 unidades,"1,49 €","5,96 €/L"
Cebolinho vaso aromáticas vivas,Aroma viva,Embalagem de 1 unidades,"0,89 €","17,80 €/Kg"
Gin dry,Gordons,Garrafa de 700 ml,"19,79 €","19,79 €/L"
Feijao catarino,Caçarola,Embalagem de 500 g,"2,78 €/Kg","2,78 €/Kg"
Pensos Higiénicos Cottonlike Normal Abas,Evax,embalagem de 16 unidades,"2,59 €","2,59 €/Unidade"
Lixívia para roupa delicada,Vanish,Garrafa de 3 l,"1,19 €","0,60 €/L"
Mistura solúvel brasa,Nestle,Embalagem de 200g,"1,64 €","6,56 €/Kg"
Queijo curado -30% gordura,Casteloes,500 g,"2,00 €","7,99 €/Kg"
Gelado magnum mini double framboesa,Olá,Embalagem de 6 x 60 ml,"5,99 €","16,64 €/L"
Remove Insectos,PorSi,Embalagem de 1 l,"3,99 €","0,80 €/L"
Biscoitos brownies,PorSi,Embalagem de 230g,"0,90 €","6,00 €/Kg"
Achocolatado em pó extra chocolate,Nesquik,Embalagem de 390g,"6,64 €/Kg","6,64 €/Kg"
Sangria,Casal Garcia,Garrafa de 750 ml,"2,19 €","1,46 €/L"
"Refrigerante com gás, ananás",Sumol,"Garrafa de 1,25 l","0,79 €","0,40 €/L"
"Azeitonas pretas sem caroço, frasco de 165 g",PorSi,Embalagem de 165g,"1,79 €","2,29 €/Kg"
Refresco em pó de ananás,PorSi,Embalagem de 40 g,"0,75 €","18,75 €/Kg"
Iogurte Líquido Frutos Tropicais,PorSi,1 Embalagem 4X160G,"1,17 €","1,83 €/Kg"
Álcool canforado 85%,PorSi,Embalagem de 250 ml,"0,59 €","1,18 €/L"
Tablete de chocolate leite com amêndoas,PorSi Select,200 g,"10,52 €/Kg","10,52 €/Kg"
Limpador,Pronto,Embalagem de 750 ml,"2,29 €","2,29 €/L"
Mel multifloral doseador,PorSi,Embalagem de 250g,"2,25 €","9,00 €/Kg"
Bolachas crackers integrais,PorSi,Embalagem de 500g,"0,39 €","3,12 €/Kg"
Farinha de trigo sem fermento t65,PorSi,Embalagem de 1 kg,"1,99 €","1,99 €/Kg"
Reparador de móveis escuro,Pronto,Embalagem de 100 ml,"4,39 €","14,63 €/L"
Bolachas cacau com recheio baunilha,PorSi,Embalagem de 176 g,"0,79 €","4,49 €/Kg"
Ice tea de pêssego,PorSi,Garrafa de 2 l,"1,14 €","0,76 €/L"
Refrigerante c/ gás laranja,Fanta,"Garrafa de 1,5 l","0,79 €","0,40 €/L"
"Creme Hidratante de Dia, pele normal",Bioten,Embalagem de 50 ml,"2,99 €","59,80 €/L"
Chá verde,Tetley,Embalagem de 20g,"0,99 €","23,02 €/Kg"
Chá de menta e eucalipto,Lipton,20 saquetas,"44,50 €/Kg","44,50 €/Kg"
Bola de Berlim chocolate,PorSi,85g,"0,30 €/Unidade","0,30 €/Unidade"
Bebida de Soja Natural,PorSi Viva Bem,Pack: 3 x 200 ml,"2,49 €","2,49 €/L"
Boudoirs,Du Bois de la Roche,Embalagem de 200 g,"0,69 €","3,45 €/Kg"
"Óleo de girassol, 3 a's",Fula,Embalagem 1L,"3,39 €","3,39 €/L"
Plumas de porco preto,PorSi Select,250 g,"4,89 €","4,89 €/Kg"
Wafers framboesa barras,Vieira,Embalagem de 150g,"0,98 €","4,67 €/Kg"
Bolacha tostada diet nature s/ açucares,Gullon,Embalagem de 400g,"1,45 €","11,15 €/Kg"
Bolacha dibus sharkies s/ glúten,Gullon,Embalagem de 250g,"1,89 €","15,75 €/Kg"
"Iogurte, sabor a morango",PorSi,Embalagem de 4 x 125 g,"1,87 €","1,25 €/Kg"
Coloração Permanente Preto |1.0,Palette,,"9,49 €/Unidade","9,49 €/Unidade"
Ambientador recarga lavanda,Air Wick,Garrafa de 250 ml,"11,98 €","11,98 €/Unidade"
Bolachas barquette morango,Lu,Embalagem de 120g,"1,77 €","5,53 €/Kg"
Mel de montanha,PorSi Select,Frasco de 250 g,"2,25 €","9,00 €/Kg"
Cornflakes + gulosos,Cemporcent,Embalagem de 250g,"0,69 €","1,73 €/Kg"
Creme marisco,Knorr,Embalagem de 70g,"0,84 €","13,55 €/Kg"
Lenços Bolso 15X10 3f,PorSi,1 Unidade,"0,89 €","0,89 €/Unidade"
Batata frita presunto,Ruffles,Embalagem de 150 g,"1,19 €","6,43 €/Kg"
Bala spray,Redex,Embalagem de 400 ml,"3,99 €","0,80 €/L"
Mousse limpeza refresh,Labell,Embalagem com 150ml,"12,48 €/L","12,48 €/L"
Inseticida liquido vaporizador,Ezalo,Embalagem de 375 ml,"5,09 €","8,48 €/L"
Muesli tropical,Cemporcent,Embalagem de 500g,"0,69 €","1,73 €/Kg"
Sacos do lixo wc 5 litros,PorSi,30 sacos,"1,79 €","1,79 €/Unidade"
Difusor elétrico sem fio para pastilhas,Ezalo,Embalagem de 1 unidades,"6,39 €","6,39 €/Unidade"
Óleo extra virgem de coco,Origensbio,Garrafa de 500 ml,"3,39 €","3,39 €/L"
Iogurte natural 0%,PorSi Viva Bem,Embalagem de 6 x 125 g,"0,99 €","1,98 €/Kg"
Iogurte fruta batida morango,Mimosa,Embalagem de 480g,"1,49 €","2,98 €/Kg"
Couve Flor,Legumes do Dia,Vendido ao peso,"0,80 €","1,99 €/Kg"
Pensos com Abas de Noite,Ausonia,embalagem com 9 un.,"2,59 €","2,59 €/Unidade"
Bolachas recheadas com morango e cheesecake,Oreo,Embalagem de 150g,"0,79 €","4,49 €/Kg"
Natas pasteurizadas para bater,Nestle,Embalagem de 200 ml,"0,75 €","3,75 €/L"
Iogurte pedaços frutimax frutos variados,PorSi,Embalagem de 8 x 125 g,"4,36 €","2,18 €/Kg"
Bolachas belgas manteiga,PorSi,Embalagem de 250g,"1,69 €","6,76 €/Kg"
Pasta de amendoim com pedaços,Cemporcent,Embalagem de 200g,"5,99 €","19,97 €/Kg"
Leite condensado,Nestle,Embalagem de 370g,"1,09 €","2,75 €/Kg"
Iogurte natural açucarado em frasco de vidro,PorSi,Embalagem de 2 x 125 g,"0,99 €","1,98 €/Kg"
Vinho regional tejo 3 castas tinto,Fiuza,Garrafa de 750 ml,"3,99 €","5,32 €/L"
Lata de Brilho Preto,Búfalo,Embalagem de 75 ml,"0,99 €","19,80 €/L"
Espumante Bruto,Gancia,"Garrafa de 0,75 l","3,99 €","5,32 €/L"
"Água com gás, sabor limão",PorSi,"Embalagem de 6x0,25 l","2,85 €","2,85 €/L"
Iogurte activia líquido kiwi,Danone,Embalagem de 4 x 155 g,"2,49 €","5,19 €/Kg"
Collant opac microfibra preto 60D,PorSi,Tamanho: xl,"1,89 €","1,89 €/Unidade"
Copos Limo 29 Cl,Inde,6 unidades,"5,59 €","5,59 €/Unidade"
Chá fresh verde e pêssego,Cemporcent,Embalagem de 18g,"44,50 €/Kg","44,50 €/Kg"
Farinha integral,ESPIGA,Embalagem de 500g,"1,99 €","1,99 €/Kg"
Requeijao do campo 170g,Saloio,Embalagem de 170g,"1,09 €","5,45 €/Kg"
Cera Depilatória,Veet,Embalagem de 250 ml,"1,15 €","1,15 €/Unidade"
Flauta plástica moderna,Maped,1 unidade,"7,49 €","7,49 €/Unidade"
Molho iogurte,PorSi,Garrafa de 285 ml,"0,70 €","2,33 €/Kg"
Vinagre de vinho branco,Cristal,Garrafa de 750 ml,"0,35 €","0,70 €/L"
Uva Branca,Fruta do Dia,1 un = 250 gr  (aprox.),"2,69 €","2,69 €/Kg"
Patê figado de porco,La piara,Embalagem de 80g,"1,19 €","13,52 €/Kg"
Iogurte sólido sem lactose multifrutos,Mimosa,Embalagem de 480g,"1,87 €","1,25 €/Kg"
"Lava tudo, vinagre",Cif,"Garrafa de 1,4 l","0,99 €","0,50 €/L"
Queijo de ovelha curado amanteigado,PorSi Select,250 g,"2,00 €","7,99 €/Kg"
Adoçante comprimidos,PorSi,Embalagem de 250 saquetas,"5,99 €","23,96 €/Kg"
Creme Depilatório Peles Sensíveis,Veet,Embalagem de 200 ml,"3,29 €","3,29 €/Unidade"
Limpa fornos,PorSi,500 ml,"1,29 €","1,72 €/L"
Vinho regional tejo reserva tinto,Casaleiro,Garrafa de 0.75 l,"3,99 €","5,32 €/L"
Batata frita palha,Pala-pala,Embalagem de 250g,"0,87 €","5,44 €/Kg"
Licor triple seco 16%,Olaias,Garrafa de 1 l,"16,99 €","24,27 €/L"
Óleo Protector FPS 20,Ambre Solaire,Embalagem de 150 ml,"21,49 €","71,63 €/L"
Choco limpo 10/30,Pescanova,Embalagem de 500g,"5,49 €","6,86 €/Kg"
Diospiro,Fruta da Época,1 un = 250 gr  (aprox.),"0,87 €","3,49 €/Kg"
"Toalhitas limpa móveis, 25 unidades",Pronto,1 embalagem,"1,79 €","1,79 €/Unidade"
Iogurte oikos natural,Danone,Embalagem de 4 x 110g,"1,49 €","2,98 €/Kg"
Princesa 105 cm,Vicam,1 unidade,"8,89 €","8,89 €/Unidade"
Tarteletes morango doses 192g,Vieira,Embalagem de 190g,"0,79 €","5,27 €/Kg"
Pilha alcalina classic lr20x2,Domédia,1 unidade,"1,49 €","1,49 €/Unidade"
Vinho tinto alentejo,Loios,Garrafa de 750 ml,"4,99 €","6,65 €/L"
"Patê de sardinha,atum e salmão",PorSi,Embalagem de 4 x 22 g,"1,19 €","13,52 €/Kg"
Gelado sandwich nata/chocolate,PorSi,Embalagem de 6x100 ml,"5,99 €","16,64 €/L"
Champô Purificante,Pantene,640ml,"5,59 €","13,98 €/L"
Crack.c/sal na superficie 560g,GRAN PAVES,Embalagem de 560g,"0,39 €","3,12 €/Kg"
Cookies sem glúten,Gullon,Embalagem de 200 g,"2,69 €","17,93 €/Kg"
Farinha de alfarroba bio,PorSi Bio,Embalagem de 200 g,"1,99 €","1,99 €/Kg"
Lambrusco tinto,*,Garrafa de 750 ml,"2,12 €/L","2,12 €/L"
Boneca em Scooter,Evi Love,1 unidade,"8,89 €","8,89 €/Unidade"
Sacos do lixo jardim 130 litros,PorSi,10 sacos,"1,79 €","1,79 €/Unidade"
Massa macarronete riscado,PorSi,Embalagem de 500g,"0,89 €","1,78 €/Kg"
Ervilhas,PorSi,Embalagem de 400 g,"1,89 €","1,89 €/Kg"
Café solúvel c/ cafeína,Delta,Embalagem de 100g,"14,50 €/Kg","14,50 €/Kg"
Brandy,Croft,Garrafa de 1 l,"15,49 €","15,49 €/L"
Almôndegas Vegetais Green Cuisine,Iglo green,Embalagem de 240g,"1,89 €","6,30 €/Kg"
Anti-traça Maçã Verde,Dum Dum,2 unidades,"5,99 €","176,18 €/Kg"
Papaia em calda,Globo,Embalagem de 425g,"1,99 €","2,37 €/Kg"
Em passeio,Steffi Love,1 unidade,"8,89 €","8,89 €/Unidade"
"Napolitana de cacau, 5 unidades",Dulcesol,Embalagem de 200g,"2,05 €","5,13 €/Kg"
Café Nespresso Roast Intensidade 11,STARBUCKS,Embalagem com 10 unidades,"59,82 €/Kg","59,82 €/Kg"
Comida húmida para gato júnior,PorSi,Embalagem de 4 x 100 g,"3,49 €","10,26 €/Kg"
Queijinho yoco suissi maxi de morango e banana,Nestle,Embalagem de 4 x 90 g,"1,05 €","1,86 €/L"
Banco monobloco branco,Joluce,1 unidade 36X36X46cm,"3,49 €","3,49 €/Unidade"
Pescada África do Sul,Peixe Congelado,De 600g a 900g,"2,50 €","9,99 €/Kg"
Polvilho azedo,PorSi,Embalagem de 500g,"2,29 €","4,58 €/Kg"
Sardinha em tomate,PorSi,Embalagem de 120g,"9,08 €/Kg","9,08 €/Kg"
Chispalhada com feijão,Nobre,Embalagem de 420g,"2,35 €","5,60 €/Kg"
Pólen de abelhas,PorSi Select,Frasco de 130 g,"2,25 €","9,00 €/Kg"
Queijo flamengo em fatias,Terra Nostra,Embalagem de 200g,"1,56 €","7,80 €/Kg"
Infusão nº 6 sem barriga,Cemporcent,Embalagem de 10 unidades,"0,99 €","76,15 €/Kg"
"Napolitana de creme, 5 unidades",Dulcesol,Embalagem de 200g,"2,05 €","5,13 €/Kg"
Grelos couve,PorSi,Embalagem com 500 g (aprox.),"0,80 €","1,99 €/Kg"
Leite uht gordo com rosca,PorSi,Embalagem de 1 litro,"0,94 €","0,94 €/L"
Palmiers de maçã e canela,Du bois,Embalagem de 150g,"0,69 €","3,45 €/Kg"
Manteiga c/ sal,Mimosa,Embalagem de 250g,"1,69 €","6,76 €/Kg"
Bolacha digestive aveia 258g,Vieira,Embalagem de 258 g,"1,19 €","5,95 €/Kg"
10 croquetes de carne,PorSi,Embalagem de 300 g,"1,79 €","7,16 €/Kg"
Lula limpa,Pescanova,Embalagem de 450g,"4,39 €","10,98 €/Kg"
"Baton, soft rosa",Labello,Embalagem de 5 g,"0,58 €","0,58 €/Unidade"
Lenços de bolso kids,Renova,Embalagem sortida com 8 unidades + 2 grátis,"0,89 €","0,89 €/Unidade"
Limpa injetores gasolina,PorSi,Embalagem de 250 ml,"14,99 €","14,99 €/L"
Amendoim pedaços,Cemporcent,Embalagem de 510g,"5,99 €","19,97 €/Kg"
Leite creme,El mandari,Embalagem de 90g,"0,79 €","5,27 €/Kg"
Panado de espinafres e queijo vegetariano,Garden Gourmet,Embalagem de 180g,"9,30 €/Kg","9,30 €/Kg"
Muesli Frutas,PorSi,500 g,"3,29 €","5,98 €/Kg"
Farinha de fubá de milho,Nacional,Embalagem de 1 kg,"1,99 €","1,99 €/Kg"
Cha infusão verde,Cemporcent,Embalagem com 10 saquetas,"0,99 €","99,00 €/Kg"
Café em grão 5 estrelas,Sical,Embalagem de 250g,"9,16 €/Kg","9,16 €/Kg"
Crackers c/ sal superficie,GRAN PAVES,Embalagem de 250g,"0,39 €","3,12 €/Kg"
Pudim de caramelo,Boca Doce,Embalagem de 20g,"0,59 €","29,50 €/Kg"
8 fantasias do mar,PorSi,Embalagem de 250g,"1,79 €","7,16 €/Kg"
Batata frita churrasco,PorSi,Embalagem de 185 g,"1,19 €","6,43 €/Kg"
12 Caldos de carne,PorSi,Embalagem de 127 g,"3,84 €","24,00 €/Kg"
Bebida de amêndoa - 0% açúcar,Shoyce,Embalagem de 1 litro,"2,19 €","2,19 €/L"
Adoçante liquido,PorSi,Garrafa de 125 ml,"5,99 €","23,96 €/Kg"
Iogurte Oikos de Ananás,Danone,Embalagem de 4x110g,"1,49 €","2,98 €/Kg"
Arroz integral,PorSi Viva Bem,Embalagem de 1 kg,"1,49 €","1,49 €/Kg"
Abóbora Menina Programa Origens,PorSi,1 un= 1 kg (aprox.),"0,79 €/Kg","0,79 €/Kg"
Água de rosas,Hidro,Embalagem de 200 ml,"23,70 €/L","23,70 €/L"
Couve flor,PorSi,Embalagem de 750 kg,"1,89 €","1,89 €/Kg"
Iogurte mix-in smarties morango,Nestle,Embalagem de 2 x 128 g,"1,05 €","1,86 €/L"
Brandy,Constantin,Garrafa de 700 ml,"15,49 €","15,49 €/L"
Refrigerante c/ gás zero,Coca-Cola,pack 4 x 1 l,"0,79 €","0,40 €/L"
Manteiga com sal,Milhafre,Embalagem de 250g,"1,69 €","6,76 €/Kg"
Ração para gato adulto de interior,Friskies,Embalagem de 3 kg,"12,99 €","4,33 €/Kg"
Atum posta em óleo,Noro,Lata com 110 g,"9,08 €/Kg","9,08 €/Kg"
Leite com sabor a baunilha proteína,Yopro,Garrafa de 330 ml,"1,29 €","1,29 €/L"
Leite de pastagem biológico meio gordo,Milhafre,1 litro,"1,29 €","1,29 €/L"
Gogo SqueeZ Snack Pêssego,Gogo,Embalagem de 90g,"2,29 €","6,94 €/L"
1/2 osso de presunto grande,Bribon,1 unidade,"0,94 €","5,22 €/Kg"
Purificador de água,Tetra,Embalagem de 1 l,"7,29 €","7,29 €/L"
Bolacha de manteiga belga original,Saborosa,Embalagem de 220g,"1,69 €","6,76 €/Kg"
Radler limão 0%,Sagres,Pack de 4 x 0.33 l,"5,99 €","3,03 €/L"
Collant licra 15d tabac l,PorSi,Embalagem de 1 unidades,"1,89 €","1,89 €/Unidade"
Caldo de galinha 6 cubos,Maggi,Embalagem de 60g,"3,84 €","24,00 €/Kg"
Danacol morango,Danone,Embalagem de 6 x 100 g,"4,15 €/Kg","4,15 €/Kg"
Desodorizante roll-on Invisible,Rexona,Embalagem de 50ml,"1,39 €","6,95 €/L"
Bolachas digestive finas de chocolate negro,Triunfo,Embalagem de 170 g,"0,79 €","5,27 €/Kg"
Adoçante à base de sucralose em pó,PorSi,Embalagem de 90g,"5,99 €","23,96 €/Kg"
Creme de cenoura,PorSi,Embalagem de 400 g,"1,99 €","2,49 €/Kg"
"Coloração permanente, castanho dourado, nº43",Nutrisse,1 unidade,"9,49 €/Unidade","9,49 €/Unidade"
Cereais corn flakes s/ glúten chocolate,Nestle,Embalagem de 380g,"2,99 €","7,97 €/Kg"
"Palmilha de cortiça com látex, tamanho 36/37",Sonaf,1 unidade,"5,99 €","59,90 €/L"
Fruta Compal Essencial Laranja,Compal,pack de 3 x 110 ml,"2,29 €","6,94 €/L"
Gelatina melancia 10kcal 31g,Royal,Embalagem de 30g,"0,55 €","61,11 €/Kg"
Bolachas Biscoff,Lotus,Embalagem de 250g,"1,69 €","6,76 €/Kg"
Bloco Sanitário Sólido Poder Activo Pinho,Sonasol,Embalagem de 2x50 g,"2,99 €","74,75 €/Kg"
Ambientador Arbre Limão,Arbre Magique,3 unidade,"1,99 €","1,99 €/Unidade"
Manteiga amendoim crocant,PorSi,Embalagem de 340g,"8,13 €/Kg","8,13 €/Kg"
Arroz extra longo branco,Oriente,Embalagem de 1kg,"0,99 €","0,99 €/Kg"
Chiclets morango 16.8g,CHICLETS,Embalagem de 20g,"3,09 €","38,63 €/Kg"
Alimento seco p/ cão sénior,HappyOne,Embalagem de 4 kg,"22,99 €","1,15 €/Kg"
Azeite Subtil,Gallo,Garrafa de 750 ml,"3,19 €","4,25 €/L"
Vela com número nº 1,PorSi,1 unidade,"1,49 €","1,49 €/Unidade"
Feijão preto cozido,PorSi,Embalagem de 820g,"1,79 €","2,29 €/Kg"
Sumo 100% pêssego e uva,PorSi,Pack 3 x 200 ml,"1,09 €","0,73 €/L"
Mimos de pescada do cabo,Pescanova,Embalagem de 360g,"4,39 €","10,98 €/Kg"
Kit Duetti,Maped,1 un.,"7,49 €","7,49 €/Unidade"
Guardanapos,PorSi,,"1,29 €","1,29 €/Unidade"
Requeijão de vaca,PorSi,Embalagem de 200 g,"1,09 €","5,45 €/Kg"
Esferográfica Vermelha Retratil 0.7mm,Mab,Embalagem com 1 un.,"3,29 €","3,29 €/Unidade"
Manteiga com sal e sem lactose,Mimosa,Embalagem de 250g,"1,69 €","6,76 €/Kg"
Presunto Fatiado,Gonçalos,Embalagem de 100 g,"2,79 €","13,95 €/Kg"
Sobremesa paturette baunilha,Páturages,Embalagem de 4 x 115 g,"1,19 €","2,59 €/Kg"
Queijo mozzarela ralado,Valformoso,Embalagem de 150g,"1,49 €","7,45 €/Kg"
"Limpa vidros cristal, pistola",PorSi,Embalagem de 1 l,"3,19 €","6,38 €/L"
Soja grossa,Cemporcent,Embalagem de 400g,"2,09 €","8,36 €/Kg"
Vermute Vibrante sem Álcool,Martini,Garrafa de 750 ml,"11,99 €","11,99 €/L"
Tampão proteção de confiança,O.B.,1 Embalagem c/32 unidades,"1,39 €","1,39 €/Unidade"
Leite uht sem lactose magro,PorSi Viva Bem,1 litro,"2,19 €","2,19 €/L"
Recargas ambientador elétrico sensual sandalwood & j...,Glade,Embalagem de 2 x 20 ml,"11,98 €","11,98 €/Unidade"
Sardinhas em azeite,PorSi,Embalagem de 120g,"9,08 €/Kg","9,08 €/Kg"
Agar agar gelificante em saquetas,Cemporcent,Embalagem de 8g,"5,99 €","19,97 €/Kg"
20 saquetas chá noite tranquila,Lipton,Embalagem de 30g,"0,99 €","99,00 €/Kg"
Laca volume,Nivea,Embalagem de 250 ml,"4,19 €","16,76 €/L"
Creme vegetal sabor manteiga,PorSi,Embalagem de 500 g,"1,39 €","6,95 €/L"
Caderno Agrafado Capa Preta |A5 Liso,Domédia,1 unidade,"3,69 €","3,69 €/Unidade"
6 Cálices de Vinho,Anilar,Cap.: 35 cl,"5,59 €","5,59 €/Unidade"
Sopa de legumes,PorSi,800 g,"1,99 €","2,49 €/Kg"
Iogurte liquido proteína yopro baunilha/cookies,Yopro,300 g,"5,97 €/Kg","5,97 €/Kg"
Vinagre de vinho tinto,PorSi,Garrafa de 500 ml,"0,35 €","0,70 €/L"
Salada Ibérica Programa Origens,PorSi,Embalagem de 150 g,"0,99 €","0,99 €/Kg"
Yaos magro natural,Nestle,Embalagem de 4x110g,"7,66 €/Kg","7,66 €/Kg"
Pizza barbecue,Campofrio,Embalagem de 410g,"0,99 €","4,30 €/Kg"
Barras de cereais de trigo integral com chocolate e ...,Nestle,Embalagem de 135 g,"1,29 €","10,24 €/Kg"
Cálice de vinho 38 cl,R. Leerden,1 unidade,"3,49 €","3,49 €/Unidade"
Gel WC Desincustrante,Neoblanc,Embalagem de 700 ml,"2,79 €","3,99 €/L"
Cocktail de marisco,PorSi,Embalagem de 400 g,"2,19 €","8,59 €/Kg"
Toalhitas multiusos limão,PorSi,Embalagem de 80 unidades,"1,79 €","1,79 €/Unidade"
Lombo s/ Osso,Porco,Vendido ao peso a partir de 1 kg,"4,89 €","4,89 €/Kg"
Tomate frito,Heinz,Embalagem de 350g,"3,84 €","24,00 €/Kg"
Cookies sensations,Milka,Embalagem de 180g,"0,90 €","6,00 €/Kg"
Compak Regular Tampões Com Aplicador,Tampax,22 unidades,"1,39 €","1,39 €/Unidade"
Óleo para travões,Redex,Embalagem de 250 ml,"14,99 €","14,99 €/L"
Queijo ralado mix 3 queijos,PorSi,Embalagem de 200 g,"1,49 €","7,45 €/Kg"
Gel de banho bio kids,Corine de Farme,300 ml,"4,39 €","21,95 €/L"
Bebida aveia-amêndoa,Alpro,Embalagem de 1 litro,"2,19 €","2,19 €/L"
Arroz carolino malandrinho,Malandrinh,Embalagem de 1 kg,"0,99 €","0,99 €/Kg"
Collant suavidade e conforto muskad 20D,PorSi,Tamanho: l/xl,"1,89 €","1,89 €/Unidade"
Buondi café em grão,Buondi,Embalagem de 220g,"9,16 €/Kg","9,16 €/Kg"
Vinho branco alentejo,Loios,Garrafa de 750 ml,"4,99 €","6,65 €/L"
Vinho do porto special reserve,Velhotes,"garrafa de 0,75 l","9,99 €","13,32 €/L"
"Postas pescada nº3, para fritar",PorSi,Embalagem de 600 g,"4,39 €","10,98 €/Kg"
"Pimenta preta, moída, em frasco",PorSi,Embalagem de 43 g,"0,25 €","0,25 €/Kg"
Refresco pó laranja,PorSi,Embalagem de 40g,"0,75 €","18,75 €/Kg"
Leite condensado cozido,Nestle,Embalagem de 400g,"1,09 €","2,75 €/Kg"
2 Burgers Couve-Flor e Mozzarella e Tomate,Iglo green,Embalagem de 227g,"1,89 €","6,30 €/Kg"
Algodão zig zag pré-cortado,PorSi,Embalagem de 50 g,"0,59 €","1,18 €/L"
Robô beats,Ycoo,1 unidade,"8,89 €","8,89 €/Unidade"
Esferográfica Cor Sortida Média,Mab,Embalagem com 4 un.,"3,29 €","3,29 €/Unidade"
"Caramelos de fruta rainbow, tripack",Mentos,Embalagem de 110g,"1,10 €","4,40 €/Kg"
Sementes de linhaça,Cemporcent,Embalagem de 250G,"1,89 €","3,78 €/Kg"
Recargas de esfregão com cabo,Fino,embalagem com 3 un.,"1,99 €","1,99 €/Unidade"
Leite com chocolate,Agros,Embalagem de 1 litro,"0,26 €","1,30 €/L"
Papel vegetal 8m,Vileda,1 unidade,"1,11 €","1,11 €/Unidade"
Gel Intimo Suave,Corine de Farme,250 ml,"0,59 €","5,90 €/L"
Bebida energética a-zero,Monster,Garrafa de 500 ml,"1,60 €","3,20 €/L"
Fiambre da pá fatiado,PorSi,200 g,"0,97 €","6,49 €/Kg"
Refrigerante c/ gás,Coca-Cola,pack 2 x 1.75 l,"0,79 €","0,40 €/L"
"Rolos cozinha absorção Ultra, Maxi, 2 rolos",Foxy,1 embalagem,"4,99 €","4,99 €/Unidade"
Tremoço médio,PorSi,Embalagem de 350 g,"1,79 €","2,29 €/Kg"
Knorr sopa gourmet b.doce e abobora 49gr,Knorr,Embalagem de 70g,"0,84 €","13,55 €/Kg"
Rolo de cozinha XXL,PorSi,1 rolo,"4,99 €","4,99 €/Unidade"
Café torrado e moído 16 pastilhas,Sical,Embalagem de 104g,"59,82 €/Kg","59,82 €/Kg"
Banda térmica alivio dor muscular 29x9cm,PorSi,Embalagem de 2 unidades,"0,59 €","1,18 €/L"
Redex magic spray,Redex,Embalagem de 300 ml,"3,99 €","0,80 €/L"
Gelatina mirtilo 10kcal 31g,Royal,Embalagem de 30g,"0,55 €","61,11 €/Kg"
Vinho Tinto Regional Península de Setúbal,Selecção de Enófilos,750 ml,"2,99 €","3,99 €/L"
Corn flakes sem açúcar bio,Origensbio,Embalagem de 250 g,"1,49 €","2,98 €/Kg"
Queijo flamengo 0% lactose,PorSi Viva Bem,Embalagem de 150 g,"0,99 €","1,98 €/Kg"
Queijo Curado Amanteigado,Fonte Mourisca,1 unidade 550G (aprox.),"5,99 €","23,96 €/Kg"
Óleo Performa 5W40 Sintetico,Galp,Embalagem de 5 l com oferta limpa vidros Ecauto 5L,"14,99 €","14,99 €/L"
Caldo Verde,Sopas Portuguesas,Embalagem de 400 ml,"1,99 €","2,49 €/Kg"
Vinagre de sidra,Cristal,Garrafa de 500 ml,"0,35 €","0,70 €/L"
Queijo ovelha curado amanteigado,Seia,Embalagem de 250g,"4,50 €","17,99 €/Kg"
Tortitas de milho sem sal,PorSi Viva Bem,Embalagem de 130g,"0,79 €","7,90 €/Kg"
Meloa Gália,Programa Origens,1 un = 1 kg (aprox.),"2,69 €","2,69 €/Kg"
Chispe da Perna,Porco,1 un = 800 gr (aprox.),"4,89 €","4,89 €/Kg"
Longa vida morango tu banana coco 8x120,Longa vida,Embalagem de 960g,"1,87 €","1,25 €/Kg"
Rolo de cozinha reciclado,PorSi,4 rolos,"4,99 €","4,99 €/Unidade"
Aditivo em pó oxi elimina odores,Vanish,Embalagem de 420 g,"3,09 €","3,09 €/Kg"
"Espuma cabelo, wet shine",Fru style,Embalagem de 200 ml,"4,19 €","16,76 €/L"
"Croissants, 8 unidades,",Pasquier,Embalagem de 320 g,"2,05 €","5,13 €/Kg"
Sumo florida,Sunny d,"Embalagem de 0,31 l","3,99 €","3,99 €/L"
Néctar clássico tutti-frutti,Compal,Embalagem de 1 l,"0,99 €","0,99 €/L"
Gel de Duche Creme Care,Nivea,Embalagem de 750 ml,"6,99 €","9,32 €/L"
Espresso café arábica,PorSi,250 ml,"3,19 €","25,52 €/Kg"
Whisky heritage blend,Logan,Garrafa de 700 ml,"23,99 €","34,27 €/L"
Tremoços extra,PorSi,Vendido ao peso a partir de 500 g,"1,00 €","3,99 €/Kg"
Café torrado moído masaka,Sical,Embalagem de 220g,"9,16 €/Kg","9,16 €/Kg"
Coxinhas de frango,PorSi,Embalagem de 360g,"7,99 €","7,99 €/Kg"
Creme p/ barrar de chocolate e avelã,Milka,Embalagem de 340g,"8,13 €/Kg","8,13 €/Kg"
Ameijoa Castanha Vietnamita,Marisco Congelado,Venda ao Kilo,"3,25 €","12,99 €/Kg"
Batatas fritas lisas originais,Lay's,Embalagem de 282g,"1,06 €","5,73 €/Kg"
Cebola,Legumes do Dia,1 un = 250 gr  (aprox.),"0,45 €","1,79 €/Kg"
Cocktail mix,PorSi,720 g,"1,79 €","7,16 €/Kg"
Loção corporal,Nivea,Embalagem de 400 ml,"12,48 €/L","12,48 €/L"
12 Preservativos Adapta Finíssimo XL,Control,,"4,49 €","4,49 €/Unidade"
Mopa Maxi XXL + 8 Panos,Swiffer,1 unidade,"0,89 €","0,89 €/Unidade"
Spaghetti a bolonhesa 350g,Tuttipasta,Embalagem de 350g,"2,16 €","6,17 €/Kg"
"Pilha alcalina, hightech lr6X8",Domédia,1 unidade,"1,49 €","1,49 €/Unidade"
Saqueta de puré de fruta | maçã + pêssego + banana +...,PorSi,90 g,"0,74 €","8,22 €/Kg"
"Esferográfica cristal, 5 Uni",Bic,1 unidade,"3,29 €","3,29 €/Unidade"
Canhão confettis ouro,Party Products,100 cm,"1,79 €","1,79 €/Unidade"
Whisky,Cutty Sark,Garrafa de 700 ml,"23,49 €","23,49 €/L"
Alimento húmido para cão borrego,Pedigree,Embalagem de 300g,"0,75 €","2,50 €/Kg"
Bolachas com cobertura de chocolate,PorSi,Embalagem de 150g,"0,79 €","5,27 €/Kg"
Chocolate kit kat,Kit kat,Embalagem de 130g,"16,72 €/Kg","16,72 €/Kg"
Chá Aromatizado Pirâmide Mel/Limão/Ginseng,PorSi,20 x 2 g,"44,50 €/Kg","44,50 €/Kg"
"Pães de leite, embalagem de",PorSi,Embalagem de 210g,"2,59 €","7,40 €/Kg"
10 Hambúrgueres de porco,PorSi,Embalagem de 600g,"2,79 €","8,72 €/Kg"
Atum posta em azeite,PorSi,Embalagem de 120g,"9,08 €/Kg","9,08 €/Kg"
Zero snack 35 g brownie de chocolate,Prozis,Embalagem de 40g,"0,69 €","1,73 €/Kg"
Manhãzitos® mini,Manhazitos,Embalagem de 84g,"2,05 €","5,13 €/Kg"
Creme de Corpo Ultra Protetor,Corine de Farme,Embalagem de 500 ml,"0,59 €","5,90 €/L"
"Spray depilatório, peles sensiveis",Veet,Garrafa de 150 ml,"10,99 €","73,27 €/L"
Spray Solar Cenoura FP6,Nivea Sun,1 Embalagem 200ml,"21,49 €","71,63 €/L"
Hamburgúer de queijo,Cemporcent,Embalagem de 160g,"4,99 €","16,63 €/Kg"
Amaciador concentrado spa,PorSi,80 doses,"3,99 €","3,99 €/Unidade"
"Penso higiénico ultra fresh, normal com alas",Labell,Embalagem com 14 unidades,"2,59 €","2,59 €/Unidade"
Filetes primavera cereais de espelta,Iglo,Embalagem de 250 g,"1,79 €","7,16 €/Kg"
Bolachas com cobertura de chocolate de leite,Oreo,Embalagem de 250g,"0,79 €","4,49 €/Kg"
Cera líquida spray,Arbo,embalagem de 500 ml,"3,99 €","0,80 €/L"
Batido de baunilha,Forma+,Embalagem de 700g,"1,99 €","45,23 €/Kg"
Cebola Restia,Legumes do Dia,1un = 2 Kg (aprox.),"0,45 €","1,79 €/Kg"
Queijo snack gouda,PorSi,Embalagem de 100g,"1,56 €","7,80 €/Kg"
Balões latex vermelho,PorSi,Embalagem com 24 unidades,"1,79 €","1,79 €/Unidade"
Néctar light de manga/laranja,Compal,Pack 3 x 200 ml,"0,84 €","2,55 €/L"
Limpa carpetes,PorSi,Embalagem de 1 litro,"1,79 €","2,39 €/L"
Boneca Pediatra,Steffi Love,1 unidade,"8,89 €","8,89 €/Unidade"
Bife de Frango,Frango,Vendido ao peso a partir de 1 kg,"3,99 €","3,99 €/Kg"
Bolacha maria junior doces,Vieira,Embalagem de 280g,"1,89 €","15,75 €/Kg"
Noodle banzai galinha,Cigala,Embalagem de 70g,"0,89 €","1,78 €/Kg"
Cola de Contacto Liquida,Vito,1 unidade,"1,79 €","1,79 €/Unidade"
Arroz agulha América do Sul,PorSi,Embalagem de 1 kg,"0,99 €","0,99 €/Kg"
Chouriço corrente,PorSi,Embalagem de 200 g,"1,00 €","5,00 €/Kg"
Achocolatado energy,Cola cao,Embalagem de 750g,"6,64 €/Kg","6,64 €/Kg"
Farinheira receita tradicional,Nobre,Embalagem de 200g,"1,49 €","7,45 €/Kg"
Creme de Mãos Intensivo,Nivea,Embalagem de 100 ml,"1,03 €","10,30 €/L"
Sacos cubos de gelo fecho manual,PorSi,Embalagem com 10 unidades,"1,11 €","1,11 €/Unidade"
Bolachas mini chips ahoy,Ca!,Embalagem de 160g,"0,90 €","6,00 €/Kg"
Topping de morango,Winsenia,Embalagem de 300g,"1,29 €","3,23 €/Kg"
After shave bálsamo sensitive,Labell Men,Embalagem de 100 ml,"1,16 €","4,64 €/L"
Queijo Curado Amanteigado,Torre,1 un = 250 gr  (aprox.),"2,00 €","7,99 €/Kg"
Escova de Camurça,Búfalo,Embalagem de 250 ml,"5,09 €","20,36 €/L"
Cerveja sagres,Sagres,20 x 0.25 l,"1,99 €/L","1,99 €/L"
Tapioca granulada,Cemporcent,Embalagem de 250g,"1,49 €","1,49 €/Kg"
Spray boost multiusos,Ajax,500 ml,"1,19 €","0,79 €/L"
Lava Tudo Amoniacal,Sonasol,4 litros,"0,99 €","0,50 €/L"
Chá preto,Tetley,Embalagem de 30g,"41,67 €/Kg","41,67 €/Kg"
Pão de forma sem côdea,Panrico,Embalagem de 650g,"1,59 €","3,53 €/Kg"
Codornizes,Aves,1 un. = 150 g (aprox.),"3,99 €","3,99 €/Kg"
Caldo verde sem batata,PorSi Viva Bem,Embalagem de 400 g,"1,99 €","2,49 €/Kg"
Chá verde 20 saquetas,Lipton,Embalagem de 32g,"0,99 €","23,02 €/Kg"
Amaciador para cabelos pintados,Labell,Embalagem de 200 ml,"1,00 €","5,00 €/L"
Ice tea limão,Lipton,Embalagem de 1L,"1,14 €","0,76 €/L"
Sementes de chia,Cemporcent,Embalagem de 150G,"1,89 €","3,78 €/Kg"
Spray de limpeza multiusos free & clear,Seventh Generation,Embalagem de 500 ml,"1,19 €","0,79 €/L"
Champô para mulher reparação intensiva,Linic,Embalagem de 400 ml,"5,59 €","13,98 €/L"
Insecticida Casa e Plantas,Raid,400 ml,"5,49 €","13,73 €/L"
Creme p/ Calçado Castanho,Búfalo,Embalagem de 40 ml,"0,99 €","19,80 €/L"
Café Clássico,PorSi,10 cápsulas,"59,82 €/Kg","59,82 €/Kg"
Peito de peru fatias,PorSi,Embalagem de 150g,"2,25 €","11,25 €/Kg"
Braçadeiras Patrulha Pata,Mondo,1 Embalagem,"2,99 €","2,99 €/Unidade"
Alimento seco p/ cão alta energia c/ frango,HappyOne,Embalagem de 4 kg,"22,99 €","1,15 €/Kg"
Gin premium hendricks 0.70l,Hendricks,Garrafa de 700 ml,"19,79 €","19,79 €/L"
Chocolate single 38g,Toff.crisp,Embalagem de 40g,"16,72 €/Kg","16,72 €/Kg"
28 mini bolinhas bacalhau,PorSi,Embalagem de 300 g,"1,79 €","7,16 €/Kg"
Água s/ gás limão,Luso,Garrafa de 1 l,"1,04 €","0,17 €/L"
Batatas fritas ketchup,Ruffles,Embalagem de 150g,"1,19 €","6,43 €/Kg"
"Escova dentes, slim soft, média",Colgate,1 unidade,"3,49 €","3,49 €/Unidade"
Copo festo claro,Mediterranea,350 cc,"5,59 €","5,59 €/Unidade"
Shampo repelente p/ cão,Repul' 7,Garrafa de 200 ml,"11,98 €","59,90 €/L"
Refrigerante C/ Gás Zero,Coca-Cola,Garrafa de 1 l,"0,79 €","0,40 €/L"
Maria diet nature,Gullón,Embalagem de 400 g,"1,45 €","11,15 €/Kg"
"Bebidas leite, caramelo machiatto",STARBUCKS,Embalagem de 220 ml,"1,29 €","1,29 €/L"
Multi-usos,Wd40,Embalagem de 250 ml + 40 ml grátis,"14,99 €","14,99 €/L"
Papa infantil láctea banana laranja +6 meses,Cerelac,Embalagem de 250g,"4,49 €","4,49 €/Kg"
Pedras limão,P.salgadas,Garrafa de 1 l,"2,85 €","2,85 €/L"
Bolachas marinheiras chia,Cemporcent,Embalagem de 200g,"1,45 €","11,15 €/Kg"
Dinosaurus chocoleche 340gr.         *12,Artiach,Embalagem de 340g,"2,29 €","17,62 €/Kg"
Iogurte pedaços morango,PorSi,Embalagem de 4x125g,"4,36 €","2,18 €/Kg"
Arroz estufado,Caçarola,Embalagem de 1 kg,"0,99 €","0,99 €/Kg"
Gressinos com azeite,PorSi,Embalagem de 250g,"2,39 €","6,83 €/Kg"
Aditivo em pó máquina roupa branca,Vanish,Embalagem de 1.2 kg,"3,09 €","3,09 €/Kg"
Pensos higiénicos liberty normal sem abas,Evax,Embalagem com 12 un.,"2,59 €","2,59 €/Unidade"
Iogurte sólido sem lactose multifrutos,Mimosa,Embalagem de 480g,"0,99 €","1,98 €/Kg"
Ambientador gel marinho,PorSi,150 g,"16,63 €/L","16,63 €/L"
Mortandela de peru fatias,Campofrio,Embalagem de 140g,"0,95 €","4,75 €/Kg"
Protetor de cantos,Pommette,embalagem com 4 unidades,"1,99 €","1,99 €/Unidade"
Pêssego em calda metades,PorSi,Lata com 840 g,"1,99 €","2,37 €/Kg"
"Rolos de cozinha compactos, branco, 2 unidades",PorSi,Uma embalagem,"4,99 €","4,99 €/Unidade"
"Na-farinha de aveia 400g 3,2kg",Nacional,Embalagem de 400g,"1,99 €","1,99 €/Kg"
"Argolas, brancas, autocolante, 160 unidades, 13 mm",Domédia,1 embalagem,"2,19 €","109,50 €/L"
Camarão 40/60,Congelado de Aquicultura,1 un = 250 gr  (aprox.),"3,25 €","12,99 €/Kg"
Paté Fígado Porco c/ Cogumelos,PorSi,75 g,"0,95 €","4,75 €/Kg"
"Fita Papel, 50mmx50m",Vito,1 unidade,"1,79 €","1,79 €/Unidade"
2 filetes de dourada,Iglo,Embalagem de 200g,"1,79 €","7,16 €/Kg"
Bebida aveia,Alpro,Embalagem de 1 litro,"2,49 €","2,49 €/L"
Coxinhas de frango,PorSi,Embalagem de 360g,"9,30 €/Kg","9,30 €/Kg"
Noz com casca 28/30,Frutos secos,1 un = 200 gr (aprox.),"4,99 €/Kg","4,99 €/Kg"
Cafe rossio m.unica 250g,Nicola,Embalagem de 250g,"9,76 €/Kg","9,76 €/Kg"
Colgate smiles escova de dente manual kids,Colgate,Embalagem de 2 unidades,"0,99 €","0,99 €/Unidade"
Baguete,*,400 g,"0,20 €","2,50 €/Kg"
Assador para Chouriço Barro Liso,Gratta,1 unidade,"4,99 €","4,99 €/Unidade"
Dinosaurus chocoleche 340gr.         *12,Artiach,Embalagem de 340g,"1,89 €","15,75 €/Kg"
Escova Limpa Vidro Rígida 53cm,Grand Prix,Uma embalagem,"4,99 €","19,96 €/L"
Goiabada,PorSi,600 g,"1,09 €","2,42 €/Kg"
Camarão cozido 60/95,PorSi,Embalagem de 500 g,"5,25 €","14,99 €/Kg"
Flocos de aveia finos bio 400g,Seara,Embalagem de 400g,"0,69 €","1,73 €/Kg"
Gomas brilho,PorSi,Embalagem de 300 g,"1,19 €","3,97 €/Kg"
Queijo para barrar light,PorSi Viva Bem,Embalagem de 200g,"2,39 €","19,92 €/Kg"
Leite c/ Chocolate Bem Especial 0% lactose,Mimosa,pack 4 x 200 ml,"0,26 €","1,30 €/L"
6 cheeseburgers,PorSi,Embalagem de 750g,"2,79 €","8,72 €/Kg"
Fermento de padeiro,Vahine,Embalagem de 20g,"1,89 €","17,18 €/Kg"
Hambúrguer de soja,Cemporcent,Embalagem de 160g,"4,99 €","16,63 €/Kg"
Moscatel de Setúbal Reserva,Selecção de Enófilos,Garrafa de 0.75 l,"5,99 €","7,99 €/L"
Farinha de milho integral,Cemporcent,Embalagem de 500g,"2,29 €","11,45 €/Kg"
Achocolatado em Pó,Nesquik,Embalagem de 390g,"6,64 €/Kg","6,64 €/Kg"
Bolachas chiquilin ositos de mel,Artiach,Embalagem de 160g,"1,89 €","15,75 €/Kg"
"Cerveja sem Álcool 0,0%",Super Bock,lata 33 cl,"5,99 €","3,03 €/L"
Queijo Meio Gordo,Queijaria das Pousadas,Vendido ao peso a partir de 250 g,"2,42 €","9,69 €/Kg"
Queijo curado pequeno,Casteloes,Embalagem de 500g,"0,82 €","23,43 €/Kg"
Chalotas,Legumes do Dia,embalagem de 250 g (aprox.),"0,45 €","1,79 €/Kg"
Framboesas 100% Naturais,PorSi,Embalagem de 750 g,"3,29 €","4,39 €/Kg"
Vela com número nº 3,PorSi,1 unidade,"1,49 €","1,49 €/Unidade"
Leite c/ cacau original,Cacaolat,Garrafa de 1 l,"0,26 €","1,30 €/L"
Bolachas,Oreo,Embalagem de 220g,"0,79 €","4,49 €/Kg"
Nestum zero arroz,Nestum,Embalagem de 250 g,"4,49 €","4,49 €/Kg"
Anti-traça lavanda,Raid,2 unidades,"5,99 €","176,18 €/Kg"
Escova Dentes Suave Limpeza e Frescura,Sensodyne,1 un.,"3,49 €","3,49 €/Unidade"
Vinho tinto doc douro,VILA REAL,Garrafa de 750 ml,"7,49 €","9,99 €/L"
Chá de gengibre,PLANTANATU,Embalagem de 20g,"1,25 €","1,25 €/Unidade"
Pasta dentífrica Herbal,Aquafresh,Embalagem de 75ml,"2,39 €","31,87 €/L"
Barra choco krispies 120g,Kellogg's,Embalagem de 380g,"1,29 €","10,24 €/Kg"
Moscatel de setúbal,Dom Campos,Garrafa de 750 ml,"5,99 €","7,99 €/L"
Abóbora Butternut,Legumes do Dia,1 un= 1 kg (aprox.),"0,79 €/Kg","0,79 €/Kg"
Amaciador Roupa Chá Branco & Peônia,Vernel,76 doses,"3,99 €","3,99 €/Unidade"
Creme Mãos Hidratante,Labell,Embalagem de 100 ml,"1,03 €","10,30 €/L"
Creme de Mãos Hyaluronic,Bioten,Embalagem de 50ML,"1,03 €","10,30 €/L"
Vinho do porto malvasia branco,Rcv,Garrafa de 750 ml,"11,99 €","15,99 €/L"
Régua 30 cm,Mab,1 un.,"7,49 €","7,49 €/Unidade"
Café solúvel creme,Nescafe,Embalagem de 100g,"14,50 €/Kg","14,50 €/Kg"
Creme abrasivo original,Cif,Garrafa de 700 ml,"4,99 €","7,13 €/L"
Bloco Sanitário Sólido Aqua,Sonasol,Embalagem de 2x50 g,"2,99 €","74,75 €/Kg"
Esfregona de Microfibras Completa,PorSi,1 unidade,"0,89 €","0,89 €/Unidade"
Canja de galinha económica,Knorr,Embalagem de 60g,"0,84 €","13,55 €/Kg"
"Pandorino cacau, 4 unidades",Dulcesol,Embalagem de 240g,"2,05 €","5,13 €/Kg"
Línguas,Chupa Chups,Embalagem de 150 g,"1,19 €","3,97 €/Kg"
Rolls 6 unidades,Bimbo,Embalagem de 340g,"0,89 €","1,78 €/Kg"
Batata frita de presunto,PorSi,Embalagem de 185 g,"1,19 €","6,43 €/Kg"
Batata frita ondulada wavy,PorSi,Embalagem de 185 g,"1,06 €","5,73 €/Kg"
Dentifríco p/ Dentes de Leite,Aquafresh,Embalagem de 50 ml,"0,99 €","0,99 €/Unidade"
"Máquina Tripla Matrix, + 5 unidades",Labell Men,Uma embalagem,"1,16 €","4,64 €/L"
"Queijo light, 16 unidades",A Vaca Que Ri,Embalagem de 280g,"2,39 €","19,92 €/Kg"
Drageias Chocolate de leite,MALTESERS,"Embalagem de 148,5 g","11,98 €/Kg","11,98 €/Kg"
Pudim flan zero açúcares adicionados,El mandari,Embalagem de 30g,"0,59 €","29,50 €/Kg"
"Detergente manual de loiça, ultra limão",PorSi,Embalagem de 500 ml,"0,99 €","1,98 €/L"
Guardanapos brancos 30x30 cm,PorSi,Embalagem com 100 unidades,"1,29 €","1,29 €/Unidade"
Rebuçados fruta,PorSi,Embalagem de 250g,"1,00 €","5,00 €/Kg"
Paté de sardinha,PorSi,Embalagem de 4 x 22 g,"1,19 €","13,52 €/Kg"
Bolacha filipinos chocolate negro,Artiach,Embalagem de 140g,"0,79 €","5,27 €/Kg"
Arroz agulha,B.sucesso,Embalagem de 1 kg,"0,99 €","0,99 €/Kg"
Alimento húmido cão gelatina júnior,Pedigree,Embalagem de 400g,"0,75 €","2,50 €/Kg"
Vinho branco península de setúbal,Pioneiro,Garrafa de 0.75 l,"2,99 €","3,99 €/L"
Powerade ice storm,POWERADE,Garrafa de 500 ml,"1,60 €","3,20 €/L"
Massa macarronete riscado,Milaneza,Embalagem de 500g,"0,89 €","1,78 €/Kg"
8 rissóis de carne,PorSi,Embalagem de 300g,"1,79 €","7,16 €/Kg"
Refrigerante c/ gás laranja,Sumol,pack 4 x 1.25 l,"0,79 €","0,40 €/L"
Bolachinhas,Cerelac,Embalagem de 180g,"1,89 €","15,75 €/Kg"
Óleo alimentar,Fula,Embalagem 1L,"3,39 €","3,39 €/L"
Tomate 67/82,Legumes do Dia,1 un = 200 gr (aprox.),"0,46 €","2,29 €/Kg"
Marmelada 8 porções,Casaprisca,Embalagem de 170g,"1,09 €","2,42 €/Kg"
Mão de vaca com grão,Nobre,Embalagem de 420 g,"2,35 €","5,60 €/Kg"
Set Chá,Minnie,1 conjunto,"8,89 €","8,89 €/Unidade"
Aguardente velha reserva,CRF,Garrafa de 700 ml,"12,79 €","18,27 €/L"
Ovos | Classe: L,Ovitae,24 unidades,"1,39 €","1,39 €/Unidade"
Queijo cura especial barrado pimentão,Casteloes,500 g,"2,00 €","7,99 €/Kg"
Iogurte magro natural,Longa vida,Embalagem de 6 x 120 g,"7,66 €/Kg","7,66 €/Kg"
"Guardanapos brancos, gold, folga dupla, 40x40cm, 75 ...",Renova,1 embalagem,"1,29 €","1,29 €/Unidade"
10 Preservativos Ultrafeel,Control,,"4,49 €","4,49 €/Unidade"
Preparado de bolo de canela,PorSi,500 g,"1,69 €","8,45 €/L"
Ice tea pessêgo,Lipton,pack 6 x 0.25 l,"1,14 €","0,76 €/L"
"Bolachas, cobertura com chocolate branco",Oreo,Embalagem de 250g,"0,79 €","5,27 €/Kg"
Bolacha de manteiga,Snapy,Embalagem de 250g,"2,11 €/Kg","2,11 €/Kg"
Manteiga de amendoim crocante,Prozis,Embalagem de 500g,"5,99 €","19,97 €/Kg"
Gengibre desidratado em cubos,Cemporcent,Embalagem de 100g,"1,49 €","1,49 €/Kg"
Tira Nódoas Branqueador,Sanytol,embalagem com 450g,"10,99 €","52,33 €/Kg"
Guardanapos de 1 folha azuis | dim.: 30 x 29 cm,PorSi,Embalagem com 70 unidades,"1,29 €","1,29 €/Unidade"
Iogurte líquido yoggi banana,Nestle,Embalagem de 4 x 160 g,"1,17 €","1,83 €/Kg"
Rebuçados peitorais s/açúcar,Villa,Embalagem de 120g,"0,77 €","3,85 €/Kg"
Saqueta de puré de fruta | maçã + banana,PorSi,90 g,"0,74 €","8,22 €/Kg"
Mochila 42 cm + Estojo,Lightning Bolt,1 un.,"19,90 €","19,90 €/Unidade"
Iogurte líquido magro frutos vermelhos,PorSi Viva Bem,Embalagem de 4x160 ml,"2,19 €","2,19 €/L"
Lixivia perfume fresco,Neoblanc,Embalagem de 2 l,"2,59 €","1,30 €/L"
"Cerveja sem álcool, tara perdida",Super Bock,Pack 6 X 0.33 L,"5,99 €","3,03 €/L"
Sobremesa Paturette Chocolate,Páturages,Embalagem de 4x115g,"1,19 €","2,59 €/Kg"
Vela em número nº5,PorSi,1 unidade,"1,49 €","1,49 €/Unidade"
Lip Gloss #150,Rimmel,1 unidade,"3,99 €","3,99 €/Unidade"
Chocolate culinário,Pantagruel,Embalagem de 200g,"1,04 €","8,32 €/Kg"
Vinho do porto dona antónia reserva tinto,Ferreira,Garrafa de 0.75 l,"9,99 €","13,32 €/L"
Queijo curado vaca e ovelha,D. Sebastião,Embalagem de +-550G,"5,99 €","23,96 €/Kg"
Escova de dentes max white média,Colgate,1 + 1 unidades,"3,49 €","3,49 €/Unidade"
Hambúrguer Vegeta Green Cuisine,Iglo green,Embalagem de 200g,"1,89 €","6,30 €/Kg"
Vermute Floreale sem Álcool,Martini,Garrafa de 750 ml,"11,99 €","11,99 €/L"
Deo Spray Black & White Active,Nivea,Embalagem de 150 ml,"4,69 €","31,27 €/L"
Sementes de abóbora,Cemporcent,Embalagem de 150g,"2,29 €","11,45 €/Kg"
Infusão camomila,Cemporcent,Embalagem de 10 unidades,"0,99 €","76,15 €/Kg"
Tablete de chocolate de leite,Toblerone,Embalagem de 100g,"5,30 €/Kg","5,30 €/Kg"
Tâmara seca sem caroço,PorSi Bio,Embalagem de 150g,"1,59 €","10,60 €/Kg"
Farinheira do Fundão,PorSi,"Vendido ao peso, 1 unidade =200 gr (aprox.)","1,49 €","7,45 €/Kg"
Salsichão fat,Campofrio,Embalagem de 80g,"1,35 €","16,88 €/Kg"
"Máquina descartável, extra 2",Wilkinson,5 unidades,"1,16 €","4,64 €/L"
Marmelada,Ferbar,Embalagem de 400g,"1,09 €","2,42 €/Kg"
Sardinha em azeite,PorSi Select,Lata de 120 g,"9,08 €/Kg","9,08 €/Kg"
Balões latex rosa,PorSi,Embalagem com 24 unidades,"1,79 €","1,79 €/Unidade"
Queijo ovelha com pimentão,H.da maia,Embalagem de 200g,"4,50 €","17,99 €/Kg"
Preparado para arroz de marisco,Brasmar,Embalagem de 450 g,"1,79 €","7,16 €/Kg"
Queijo gouda fatias,PorSi,Embalagem de 200 g,"1,56 €","7,80 €/Kg"
Lichias em calda,Koala,Embalagem de 567g,"1,99 €","2,37 €/Kg"
"Chá preto, sem cafeína, 10 saquetas",Tetley,Embalagem de 20g,"41,67 €/Kg","41,67 €/Kg"
Emulsão p/ higiene intima sensitive,Dystron,Embalagem com 200 ml,"8,44 €","21,10 €/L"
"Vela com número, nº2",PorSi,1 unidade,"1,49 €","1,49 €/Unidade"
30 comprimidos super ginseng,PLANTANATU,Embalagem de 1 unidades,"7,59 €","126,50 €/Kg"
Desinfetante de frutas e vegetais,Clean Essence,500 ml,"0,87 €","3,49 €/Kg"
Sumo natural de maçã bio,Cemporcent,Garrafa de 200 ml,"2,19 €","2,19 €/L"
"Toalhetes intimos sensitive, 15 unidades",Dystron,Uma embalagem,"2,89 €","2,89 €/Unidade"
Queijo mini light,Babybel,Embalagem de 12 x 20 g,"2,39 €","19,92 €/Kg"
Rebuçados mini café,PorSi,Embalagem de 200g,"1,15 €","4,60 €/Kg"
Fralda Cueca de Banho 12 a 18 kg,Huggies,Embalagem com 11 un.,"9,49 €","9,49 €/Unidade"
Palmiers,Du bois,Embalagem de 150g,"0,69 €","3,45 €/Kg"
Solha 400/600,Peixe Congelado,1 un=500 gr (aprox.),"2,50 €","9,99 €/Kg"
Farinheira de Sousel,PorSi,1 un = 120 g (aprox.),"1,49 €","7,45 €/Kg"
Arroz de pato,PorSi,Embalagem de 250 g,"2,35 €","5,60 €/Kg"
Molho de alho,Calve,Embalagem de 260g,"0,70 €","2,33 €/Kg"
Iogurte com Cereais Activia,Danone,Embalagem 4x115g,"2,49 €","5,19 €/Kg"
Sangria frutos vermelhos,Casal Garcia,Garrafa de 0.75 l,"2,19 €","1,46 €/L"
10 saquetas chá yellow label,Lipton,Embalagem de 20g,"0,99 €","99,00 €/Kg"
Cerveja com álcool,Sagres,Lata de 500ml,"1,99 €/L","1,99 €/L"
Pescada do Cabo,Peixe Congelado,de 500 a 800g (aprox.),"2,50 €","9,99 €/Kg"
Whisky caskmates,Jameson,Garrafa de 700 ml,"23,49 €","23,49 €/L"
"Azeite clássico, virgem extra",Oliveira da Serra,Garrafa de 2 l,"3,19 €","4,25 €/L"
Alho picado,Margao,Embalagem de 60g,"0,25 €","0,25 €/Kg"
Pastilhas descafeinado,Delta,Embalagem de 110g,"59,82 €/Kg","59,82 €/Kg"
Fita Adesiva Brico Facil Especial Dupla Face,Ceys,1 unidade,"1,79 €","1,79 €/Unidade"
"Guardanapos gold, com cor, folha dupla, 40x40cm, 40 ...",Renova,1 embalagem,"1,29 €","1,29 €/Unidade"
Alimento lácteo sem açucar com sabor a morango/banan...,Yogolino,Embalagem de 4 x 100 gr,"2,89 €","7,23 €/Kg"
Nuggets de frango,PorSi,Embalagem de 360 g,"9,30 €/Kg","9,30 €/Kg"
Bolos cake e chococolate,Milka,Embalagem de 180g,"2,15 €","2,87 €/Kg"
"Sabonete sólido, mel",Feno,Embalagem de 360g,"4,49 €","12,47 €/Kg"
Tomate em pedaços,PorSi,Embalagem de 390g,"1,79 €","2,29 €/Kg"
Gomas tropifrutti,Haribo,Embalagem de 100g,"1,19 €","3,97 €/Kg"
Café 5 estrelas moído tradição,Sical,Embalagem de 250g,"9,76 €/Kg","9,76 €/Kg"
Máquina Descartável Depilatória Body Men,Gillette,Embalagem com 1 unidade,"3,29 €","3,29 €/Unidade"
Petit gâteau chocolate negro belga,PorSi,Embalagem com 4 unidades,"2,99 €","5,54 €/Kg"
Gomas funky mix,Haribo,Embalagem de 100g,"1,19 €","3,97 €/Kg"
Bolachas digestive aveia e laranja,Gullon,Embalagem de 430g,"1,19 €","5,95 €/Kg"
Bailarina,Vicam,1 unidade,"8,89 €","8,89 €/Unidade"
Manjerico em Vaso,*,1 unidade,"0,89 €","0,89 €/Unidade"
Toalhitas de Proteção Cor,K2R,Embalagem de 20 un.,"10,99 €","52,33 €/Kg"
Rebuçados drops recheio de fruta,PorSi,Embalagem de 250g,"1,00 €","5,00 €/Kg"
Mistura Asiática,PorSi,400 g,"1,89 €","1,89 €/Kg"
4 filetes de pescada panados c/ limão,Pescanova,Embalagem de 400g,"9,30 €/Kg","9,30 €/Kg"
Mousse d´or,Du Bois de la Roche,Embalagem de 200 g,"0,69 €","3,45 €/Kg"
Cabo de metal com rosca,PorSi,1.35 m,"2,20 €","2,20 €/Unidade"
Massa folhada margarina,PorSi,Embalagem de 230 g,"0,99 €","4,30 €/Kg"
Tortellini ricotta e espinafres,Rana,Embalagem de 250g,"0,99 €","4,30 €/Kg"
Jesuita,*,1 unidade = 75 g,"0,30 €/Unidade","0,30 €/Unidade"
Lay's mediterrâneas originais,Lay's,Embalagem de 220g,"1,06 €","5,73 €/Kg"
Pasta de sardinha,Fides,Embalagem de 90g,"1,19 €","13,52 €/Kg"
Bebida energética ripper,Monster,Garrafa de 500 ml,"1,60 €","3,20 €/L"
Pedaços de tamboril,PorSi,Embalagem de 500G,"4,39 €","10,98 €/Kg"
Farinheira do Ribatejo,PorSi,Embalagem de 180g,"1,49 €","7,45 €/Kg"
Yaos magro natural,Nestle,Embalagem de 4x110g,"1,49 €","2,98 €/Kg"
Creme vegetal culinário,Vaqueiro,Embalagem de 1 kg,"1,39 €","6,95 €/L"
Fruta para bebé multifrutas +4 meses,Nestle,Embalagem de 90g,"0,74 €","8,22 €/Kg"
Super homem,PLANTANATU,Embalagem de 1 unidades,"7,59 €","126,50 €/Kg"
Lava tudo marinho,Cif,"Garrafa de 1,4 l","0,99 €","0,50 €/L"
Liégeois Sobremesa de Café,Páturages,Embalagem de 4x100 g,"0,55 €","2,75 €/Kg"
"Luvas multiusos relevo antiderrapante, tamanho grand...",PorSi,Embalagem de 1 unidades,"4,29 €","4,29 €/Unidade"
5 gouaches de cores primárias,Domédia,Uma embalagem,"3,09 €","3,09 €/Unidade"
Fraldas agility T4 de 9 a 15 kg,PorSi,50 unidades,"6,49 €","6,49 €/Unidade"
Chourição,PorSi,"Vendido ao peso, fatiado a partir de 100 gr","1,35 €","16,88 €/Kg"
Pudim de ananás,Boca Doce,Embalagem de 20g,"0,59 €","29,50 €/Kg"
Maionese,PorSi,Embalagem de 260 g,"0,70 €","2,33 €/Kg"
Bolacha recheada mega duo chocolate,Gullon,Embalagem de 500g,"2,15 €","2,87 €/Kg"
Miúdos,Frango,1 un = 250 gr  (aprox.),"2,49 €","2,49 €/Kg"
Salva Camas 60 x 60 cm,PorSi,Embalagem com 20 un.,"4,99 €","4,99 €/Unidade"
Barras de cereais golden grahams,Nestle,Embalagem de 150g,"1,29 €","10,24 €/Kg"
Vinho tinto,PorSi,embalagem de 1 litro,"0,85 €","0,85 €/L"
Dourada de Viveiro,Peixe do Dia,de 600 a 800g,"6,49 €/Kg","6,49 €/Kg"
Queimador extra forte,Prozis,Embalagem de 1 unidades,"7,59 €","126,50 €/Kg"
"Alimento para cão adulto bio complex, com frango",HappyOne,Embalagem de 4 kg,"22,99 €","1,15 €/Kg"
Snack para cão adulto com frango,Friskies,Embalagem de 200g,"0,94 €","5,22 €/Kg"
Moscatel roxo c/ caixa,Pioneiro,Garrafa de 750 ml,"5,99 €","7,99 €/L"
Halls Vita C Melancia,Halls,1 Embalagem 4x32G,"1,15 €","4,60 €/Kg"
Preparado para bolo de laranja,B.neve,Embalagem de 450g,"2,05 €","5,13 €/Kg"
Fermento em po 4x25g,PorSi,Embalagem de 100g,"1,89 €","17,18 €/Kg"
Comida húmida para cão de frango e arroz,PorSi,Lata de 400 g,"0,75 €","2,50 €/Kg"
Alimento húmido para cão vaca,Pedigree,Embalagem de 300g,"0,75 €","2,50 €/Kg"
Bebida amêndoa torrada sem açúcar,Alpro,Embalagem de 1 litro,"2,49 €","2,49 €/L"
Café em cápsulas dolce gusto ardenza,Nescafe,Embalagem de 110g,"59,82 €/Kg","59,82 €/Kg"
"Licor de ginja ""mariquinhas"" 0,70l sem fruto",Mariquinha,Garrafa de 700 ml,"16,99 €","24,27 €/L"
"Cereais crusts, amêndoas e mel",PorSi,Embalagem de 380g,"2,29 €","6,11 €/Kg"
"Cla ultra l-carnitina + chá verde, 30caps",PLANTANATU,Embalagem de 1 unidades,"7,59 €","126,50 €/Kg"
Manteiga com sal,Novacores,Embalagem de 250g,"1,69 €","6,76 €/Kg"
Bandas de cera fria bikini peles sensíveis,Veet,Embalagem de 16 unidades,"1,15 €","1,15 €/Unidade"
Ambientador para a máquina da loiça de lima e limão,Finish,embalagem com 2 un.,"16,63 €/L","16,63 €/L"
Coentros,PorSi,20 g,"0,89 €","17,80 €/Kg"
Bolacha waffer cacau,Waferland,Embalagem de 175g,"0,98 €","4,67 €/Kg"
Nestlé tablete de chocolate negro e amendoa,Nestle,Embalagem de 270g,"16,67 €/Kg","16,67 €/Kg"
Vinagre balsâmico,PorSi,Embalagem de 250 ml,"0,35 €","0,70 €/L"
Ovos de Galinhas Criadas ao Ar Livre,PorSi,6 ovos frescos,"1,39 €","1,39 €/Unidade"
Puré de batata,Maggi,Embalagem de 250g,"1,99 €","1,99 €/Kg"
Mini babybel cheese & crakers,Babybel,Embalagem de 40g,"0,82 €","23,43 €/Kg"
Lombinhos,Porco,1 un=500 gr aprox.,"4,89 €","4,89 €/Kg"
Queijo creme de ervas finas,Philadelph,Embalagem de 150g,"2,05 €","16,40 €/Kg"
Sacos lixo com alças 25 litros,PorSi,30 unidades,"1,79 €","1,79 €/Unidade"
"Refresco em pó, manga",PorSi,Embalagem de 40g,"0,75 €","18,75 €/Kg"
Queijo Curado de Cabra,Mourisca,Vendido ao peso a partir de 250 gr,"1,89 €","10,50 €/Kg"
Bolachas soft bakes recheio chocolate,Belvita,Embalagem de 250g,"2,15 €","2,87 €/Kg"
Bolachas com duplo creme,Oreo,Embalagem de 190g,"0,79 €","4,49 €/Kg"
Detergente manual roupa,PorSi,Embalagem de 650g,"1,09 €","2,73 €/Kg"
Óleo Performa 10W40,Galp,Embalagem de 1 l,"14,99 €","14,99 €/L"
Ice tea de manga,Lipton,Garrafa de 2 l,"1,14 €","0,76 €/L"
"Batata frita, queijo e ervas",PorSi,Embalagem de 190g,"1,19 €","6,43 €/Kg"
Shampo automóvel laranja,PorSi,Embalagem de 5 l,"3,99 €","0,80 €/L"
"Ovas lumpo, vermelhas",Martiko,Embalagem de 50 g,"9,08 €/Kg","9,08 €/Kg"
Tira nódoas oxy limpa a seco sem deixar manchas,PorSi,Embalagem de 200 ml,"10,99 €","52,33 €/Kg"
Papel Fotocópia A4 |80g,Navigator,,"2,19 €","109,50 €/L"
Super tea immune com vitamina c,Tetley,Embalagem de 40g,"44,50 €/Kg","44,50 €/Kg"
Chá verde menta,PorSi,Embalagem de 43.7 g,"0,99 €","23,02 €/Kg"
Lenços de Bolso 4 Folhas Sensitive,Colhogar,embalagem com 10 un.,"0,89 €","0,89 €/Unidade"
Spray nature cozinha,Cif,embalagem de 750 ml,"4,09 €","5,45 €/L"
Película aderente,Vileda,embalagem com 50 m,"1,11 €","1,11 €/Unidade"
Collant mousse preta 20D,PorSi,Tamanho: xl,"1,89 €","1,89 €/Unidade"
Porto lágrima,Ferreira,Garrafa 0.75L,"11,99 €","15,99 €/L"
Leite de pastagem magro,Terra Nostra,Embalagem de 1 litro,"0,81 €","0,81 €/L"
Leite Bem Essencial cereais,Mimosa,Embalagem de 4 x 200 ml,"1,29 €","1,29 €/L"
Manteiga sem sal,Mimosa,Embalagem de 250g,"1,69 €","6,76 €/Kg"
"Dentífrico Senses Melancia, Pepino e Menta",Aquafresh,75 ml,"2,39 €","31,87 €/L"
Crocante frango integrais,Iglo,Embalagem de 180g,"9,30 €/Kg","9,30 €/Kg"
Azeite virgem extra clássico,Gallo,Garrafa de 750 ml,"3,19 €","4,25 €/L"
Arbre magique black pine,Arbre Magique,1 unidade,"1,99 €","1,99 €/Unidade"
Queijo Brie Light Cunhas,President,Embalagem de 200 g,"2,39 €","19,92 €/Kg"
Detergente para loiça plus + limão,Super Pop,Embalagem de 1L,"0,99 €","1,98 €/L"
6 Salsichas Frescas Chipolatas com Ervas,PorSi,330 g,"0,30 €","5,99 €/Kg"
12 nuggets frango polme americano,Capitão Iglo,Embalagem de 220g,"7,99 €","7,99 €/Kg"
Bebida de arroz,Frias,Garrafa de 1 l,"2,19 €","2,19 €/L"
"Manga kent ""avião""",*,Embalagem de 350 g,"1,52 €","1,69 €/Kg"
Resguardos de cama,PorSi,20 unidades de 80 x 180 cm,"4,99 €","4,99 €/Unidade"
Activia topper muesli & arando,Danone,Embalagem de 170g,"2,49 €","5,19 €/Kg"
"Vinagre de sidra, spray",Paladin,Garrafa de 250 ml,"0,35 €","0,70 €/L"
Bebida de soja sem acucar 1l,Alpro,Embalagem de 1L,"2,49 €","2,49 €/L"
Bolachas cacau com cereais e pepitas de chocolate,PorSi,Embalagem de 400 g,"0,90 €","6,00 €/Kg"
Amendoim com Casca,PorSi,Embalagem de 500g,"0,79 €","3,95 €/Kg"
"Sopa gourmet, cogumelos",Knorr,Embalagem de 60g,"0,84 €","13,55 €/Kg"
Ambientador vela maçã e canela,PorSi,1 unidade,"9,49 €","45,19 €/Kg"
Batido diet iogurte e ananás,Forma+s,Embalagem de 700g,"1,99 €","45,23 €/Kg"
Limpa Moveis Lavanda,Pronto,300 ml,"4,39 €","14,63 €/L"
Feijão de soja,Cemporcent,Embalagem de 500g,"1,49 €","1,49 €/Kg"
Barras cereais chocapic,Nestle,Embalagem de 150g,"1,29 €","10,24 €/Kg"
After shave gold,Denim,Embalagem de 100 ml,"1,16 €","4,64 €/L"
Forma Pão de Ló Antiaderente 28cm,PorSi,1 unidade,"11,99 €","11,99 €/Unidade"
Sublinhador Brite Liner - 3+1,Bic,1 unidade,"3,29 €","3,29 €/Unidade"
Lubrificante corrente bicicleta,Wd40,Embalagem de 100 ml,"8,99 €","89,90 €/L"
Limpa móveis cera abelhas,PorSi,Frasco de 300ml,"4,39 €","14,63 €/L"
Snack chocolate leite,Kit kat,Embalagem de 125g,"0,99 €","9,90 €/Kg"
"Anti-calcário em pó, máquina roupa",PorSi,Embalagem de 800g,"10,99 €","52,33 €/Kg"
Iogurte activia líquido cereais,Danone,Embalagem de 4 x 155 g,"2,49 €","5,19 €/Kg"
Iogurte activia líquido morango,Danone,Embalagem de 4 x 155 g,"2,49 €","5,19 €/Kg"
Spray wc anticalcário,PorSi,embalagem de 750 ml,"1,79 €","2,39 €/L"
Pastilhas gum strawberry,Bubbaloo,Embalagem de 38g,"0,60 €","15,79 €/Kg"
Comboio Natal,*,23 peças,"4,99 €","4,99 €/Unidade"
Coelho Inteiro Programa Origens,PorSi,1 un = 1 kg (aprox.),"3,99 €","3,99 €/Kg"
Café moagem universal brasil,Delta,Embalagem de 220g,"9,16 €/Kg","9,16 €/Kg"
Farinha de trigo integral,Cemporcent,Embalagem de 500g,"2,29 €","11,45 €/Kg"
Borracha para desenho técnico,Domédia,1 unidade,"4,69 €","4,69 €/Unidade"
Canela em pau,PorSi,Saqueta de 30 g,"0,25 €","0,25 €/Kg"
Óculos palhinha,Mercagranel,1 un.,"1,79 €","1,79 €/Unidade"
Cerveja c/ álcool mini,Super Bock,Pack 15 x 0.20 L,"1,99 €/L","1,99 €/L"
Bomba de mão de insuflar,Bestway,1 unidade,"0,99 €","0,99 €/Unidade"
Massa de cotovelinhos,Nacional,Embalagem de 500g,"0,89 €","1,78 €/Kg"
"Cotonetes, 100 unidades",Johnson's Baby,1 embalagem,"4,39 €","21,95 €/L"
Bacalhau espiritual,PorSi,Embalagem de 300g,"1,79 €","7,16 €/Kg"
Ambientador gel floral,PorSi,150 g,"16,63 €/L","16,63 €/L"
10 saquetas infusão de camomila,Lipton,Embalagem de 10g,"0,99 €","76,15 €/Kg"
Farinha láctea 5 frutos,PorSi,Embalagem de 500g,"4,49 €","4,49 €/Kg"
Marcador Turbo Color x12,Giotto,Uma embalagem,"3,09 €","3,09 €/Unidade"
Sidra frutos vermelhos,Somersby,pack 4 x 0.33 l,"1,59 €","3,18 €/L"
Azeite virgem extra clássico,Gallo,Garrafa de 250 ml,"3,19 €","4,25 €/L"
Queijo Brie M.Gorda 60%,President,Vendido ao peso a partir de 250 gr,"1,45 €","7,25 €/Kg"
Atum posta em óleo,Vasco da Gama,Embalagem de 120 g,"9,08 €/Kg","9,08 €/Kg"
Leite uht meio gordo,PorSi,Embalagem com rosca de 1 l,"0,81 €","0,81 €/L"
Queijo de vaca curado light amanteigado,PorSi,+/- 550 g,"2,00 €","7,99 €/Kg"
Pasta de açúcar bege,PorSi,250 g,"1,49 €","1,49 €/Kg"
Açúcar mascavado,PorSi,Embalagem de 500g,"1,49 €","1,49 €/Kg"
Salsicha vaca/arroz/vegetais,Bribon,Embalagem de 800g,"0,94 €","5,22 €/Kg"
"Pensos tecido, resistentes à água, 10 unidades",Hansaplast,1 embalagem,"0,59 €","1,18 €/L"
Miolo de camarão 50/70,H2Gelo,Embalagem de 250  g,"8,99 €","25,69 €/Kg"
Sardinha em tomate picante,PorSi,Embalagem de 120g,"9,08 €/Kg","9,08 €/Kg"
Limpa Estofos de Pele,PorSi,Embalagem de 1 l,"3,99 €","0,80 €/L"
Bolacha princesa chocolate,Vieira,Embalagem de 200 g,"6,83 €/Kg","6,83 €/Kg"
Marcadores,Giotto,Embalagem com 12 un.,"4,69 €","4,69 €/Unidade"
Queijo flamengo ralado,PorSi,Embalagem de 200G,"1,56 €","7,80 €/Kg"
Grande Livro da Ciência,Yoyo Books,,"4,99 €","4,99 €/Unidade"
8 salsichas bockwurst,PorSi,1 Frasco 720G,"0,75 €","3,75 €/Kg"
Tablete triple caramelo,Milka,Embalagem de 90g,"5,30 €/Kg","5,30 €/Kg"
Creme p/ Calçado Incolor,Búfalo,Embalagem de 50 ml,"0,99 €","19,80 €/L"
Barras de cereais fitness crunchy & caramelo,Nestle,Embalagem de 140g,"1,29 €","10,24 €/Kg"
Escova Limpa Vidro Rígida 55cm,Grand Prix,Uma embalagem,"4,99 €","19,96 €/L"
"Fitness granola chocolate, amêndoas e quinoa com 51%...",Nestle,Embalagem de 300 g,"3,45 €","26,74 €/Kg"
"Queijo flamengo, ralado",Terra Nostra,Embalagem de 150g,"1,49 €","7,45 €/Kg"
"Papel higiénico super, folha dupla, 24 rolos",Renova,Uma embalagem,"1,99 €","1,99 €/Unidade"
Ketchup,Calve,Embalagem de 280g,"0,70 €","2,33 €/Kg"
Iogurte corpos danone + proteína ananás,Danone,Embalagem de 150g,"5,97 €/Kg","5,97 €/Kg"
Decoração de Natal em Madeira,Fantastiko Christmas,Dim.: 5 x 12 x 22 cm,"4,99 €","4,99 €/Unidade"
Azeite virgem extra dop trás-os-montes,PorSi Select,Embalagem 750 ml,"3,19 €","4,25 €/L"
"Alimento seco para cão, croquetes pro adulto",PorSi Select,Embalagem de 4 Kg,"22,99 €","1,15 €/Kg"
Tablete de chocolate negro,Nestle,Embalagem de 100 g,"16,67 €/Kg","16,67 €/Kg"
Esferográfica cristal bl 5 az,Bic,1 unidade,"3,29 €","3,29 €/Unidade"
Schär pão rústico fatiado sem glúten,Schar,Embalagem de 250g,"2,99 €","7,97 €/Kg"
"Ração para gato adulto com vaca, frango",Friskies,Embalagem de 4kg,"12,99 €","4,33 €/Kg"
Café solúvel creme,Delta,Embalagem de 80 g,"14,50 €/Kg","14,50 €/Kg"
Caderno Espiral Capa Dura A4 Quadriculado,Domédia,1 un.,"3,69 €","3,69 €/Unidade"
Spray bolor e sujidade,Cillitbang,Garrafa de 500 ml,"1,19 €","0,79 €/L"
"Yofu pedaços, 2 pêssegos, 2 frutas exóticas",Alpro,Embalagem de 4x125 g,"3,09 €","6,18 €/Kg"
Marmelada sem conservantes,PorSi,Embalagem de 500g,"1,09 €","2,42 €/Kg"
Infusão de tília,Tetley,Embalagem de 10g,"0,99 €","76,15 €/Kg"
Painho de Sousel,PorSi,"Vendido ao peso, fatiado a partir de 100 gr","2,79 €","13,95 €/Kg"
Soquete licra 15d preto t. único,PorSi,2 unidades,"1,89 €","1,89 €/Unidade"
Rosas de açúcar,Vahine,Embalagem de 2g,"1,29 €","3,23 €/Kg"
Chá sene,PLANTANATU,Embalagem Com 10 saquetas,"1,25 €","1,25 €/Unidade"
25 Sacos do Lixo Escritório 19 L,Silvex,1 un.,"1,79 €","1,79 €/Unidade"
Feijão manteiga,PorSi,Embalagem de 500g,"2,78 €/Kg","2,78 €/Kg"
Bacalhau com azeite e alho,PorSi Select,Lata de 120 g,"9,08 €/Kg","9,08 €/Kg"
Infusão alcachofra e dente de leão,Cemporcent,Embalagem de 10 unidades,"0,99 €","76,15 €/Kg"
10 Barrinhas salmão panadas sem glúten,Pescanova,300 g,"1,79 €","7,16 €/Kg"
Alimento lácteo cereais e bolachas maria +6 meses,Yogolino,Embalagem de 4 x 100 g,"2,89 €","7,23 €/Kg"
Papel Higiénico Compacto Ultra Suave XXL,Colhogar,12 rolos,"1,99 €","1,99 €/Unidade"
Bolachas waffers morango,PorSi,Embalagem de 210g,"0,98 €","4,67 €/Kg"
Gelatina de ananás,Koala,Embalagem de 130g,"0,85 €","2,13 €/Kg"
Tablete chocolate chips ahoy,Milka,Embalagem de 100g,"5,30 €/Kg","5,30 €/Kg"
Chili com carne,Itinéraire des Saveurs,Embalagem 300G,"2,35 €","5,60 €/Kg"
Luvas Multi Sensitive Médio/Grande,Vileda,40 unidade,"4,29 €","4,29 €/Unidade"
Piccolinis frankfurt,Buitoni,Embalagem de 270g,"2,16 €","6,17 €/Kg"
Filetes primavera sementes de quinoa,Iglo,Embalagem de 250 g,"1,79 €","7,16 €/Kg"
Super Napolitana Creme 125 g,Pastelaria do Dia,1 un = 125 g (aprox.),"0,30 €/Unidade","0,30 €/Unidade"
Mimosa bem especial leite e aveia,Mimosa,Embalagem de 1 litro,"2,19 €","2,19 €/L"
"Comida húmida para cão júnior com frango, cenoura em...",Friskies,Embalagem de 100g,"0,75 €","2,50 €/Kg"
Na-esparguete bio 500g 10kg,Nacional,Embalagem de 500g,"0,89 €","1,78 €/Kg"
Cerveja c/ álcool,Sagres,pack 15 x 0.33 l,"1,99 €/L","1,99 €/L"
Nuggets de frango grelhadinho,Capitão Iglo,Embalagem de 200g,"9,30 €/Kg","9,30 €/Kg"
Ambientador recarga oasis turquesa,Air Wick,Garrafa de 250 ml,"11,98 €","11,98 €/Unidade"
Amaciador concentrado para roupa aloé vera,PorSi,80 doses,"3,99 €","3,99 €/Unidade"
Vinho maduro branco,Ala dos namorados,Garrafa de 75 cl,"2,12 €/L","2,12 €/L"
Iogurte morango 000%,PorSi Viva Bem,Embalagem de 4 x 125 g,"4,36 €","2,18 €/Kg"
Pasta de açúcar branco,PorSi,250 g,"1,49 €","1,49 €/Kg"
Pilhas recarregáveis C HR14 2600mAh,Domédia,Embalagem com 2 unidades,"1,49 €","1,49 €/Unidade"
Bolo de chocolate brownie,Milka,Embalagem de 150g,"1,69 €","8,45 €/L"
Espanador XXL + 2 unidades jack junior,Swiffer,1 unidade,"1,79 €","1,79 €/Unidade"
Leite aromatizado com sabor a cerea,Mimosa,Embalagem de 200 ml,"1,29 €","1,29 €/L"
Leite Reparador Tesouros de Mel,Ultra Suave,Embalagem de 400 ml,"12,48 €/L","12,48 €/L"
Mousse cabelo caracois,Labell,Embalagem de 200ml,"4,19 €","16,76 €/L"
Balde wring & go,Vileda,1 un.,"17,00 €","17,00 €/Unidade"
Bambolitos pretos,PorSi,Embalagem de 150g,"0,79 €","5,27 €/Kg"
Tira nódoas em spray,Skip,Embalagem de 500 ml,"3,09 €","3,09 €/Kg"
Dentifríco 2 em 1 super branqueador,Theramed,Embalagem de 75 ml,"3,39 €","45,20 €/L"
Pizza hawai,PorSi,Embalagem de 350g,"2,16 €","6,17 €/Kg"
"Cueca de incontinência, adulto, pequena",PorSi,Embalagem com 14 unidades,"20,79 €","20,79 €/Unidade"
Ração seca para cão croquetes pro júnior,PorSi Select,Embalagem de 3 Kg,"22,99 €","1,15 €/Kg"
Halls Mini Mints Frutos Silvestres,Halls,12.5 g,"1,00 €","5,00 €/Kg"
Creme proteção de gengivas,Polident,Embalagem de 40 g,"7,39 €","105,57 €/Kg"
Recarga mopa 1.2 spray max,Vileda,1 unidade,"0,89 €","0,89 €/Unidade"
"Lixívia para roupa, azul, tradicional",Neoblanc,Embalagem de 1 l,"1,74 €","0,35 €/L"
Café moagem normal: intenso,Buondi,Embalagem de 220g,"9,76 €/Kg","9,76 €/Kg"
Fruta para bebé 4 frutas +4 meses,Nestle,Embalagem de 90g,"0,74 €","8,22 €/Kg"
Atum posta em azeite,Bom petisc,Embalagem de 120 g,"9,08 €/Kg","9,08 €/Kg"
Limpa máquinas de roupa tripla ação,PorSi,Embalagem de 250 ml,"8,69 €","1,84 €/Kg"
Gin pink,Big Boss,Garrafa de 700 ml,"19,79 €","19,79 €/L"
Lava tudo antibacteriano marinho,PorSi,Garrafa de 1.5 l,"0,99 €","0,50 €/L"
Pano Suave C/ Microfibras,Vileda,2 + 1 Un. Grátis,"1,79 €","1,79 €/Unidade"
Café dak lak vietnam moagem universal,Sical,Embalagem de 220g,"9,76 €/Kg","9,76 €/Kg"
Cogumelos inteiros,PorSi,Embalagem de 355 g,"1,79 €","2,29 €/Kg"
Hamburger cogumelos,Veg In,Embalagem de 160g,"3,39 €","21,19 €/Kg"
Cobertura tábua de engomar,PorSi,Dim.: 120 x 42 cm,"16,50 €","16,50 €/Unidade"
Cerveja 0.0%,Sagres,Lata 0.33 l,"5,99 €","3,03 €/L"
Queque,PorSi,1 unidade = 55 g,"0,30 €/Unidade","0,30 €/Unidade"
"Batata frita, multipack",Ruffles,Embalagem de 180g,"1,06 €","5,73 €/Kg"
Azeiteira Inox Geo,Imf,500 ml,"17,99 €","17,99 €/Unidade"
Biscottina com alho e salsa,RUSTICA,Embalagem de 100 g,"2,39 €","6,83 €/Kg"
Snack gato sticks salmao 6x5g,PorSi,Embalagem de 30g,"0,99 €","16,50 €/Kg"
"Sacos para gelo, fecho facil",Fino,1 embalagem de 240 unidades,"1,11 €","1,11 €/Unidade"
Bolachas galettes bretonnes,Chabrior,Embalagem de 125 g,"1,69 €","6,76 €/Kg"
Caramelos de fruta,Penha,Embalagem de 250 g,"1,10 €","4,40 €/Kg"
Spray lixívia e higiene,Cillitbang,Garrafa de 500 ml,"1,19 €","0,79 €/L"
Porto 10 anos,Valadao,Garrafa de 750 ml,"9,99 €","13,32 €/L"
Limpa Móveis,PorSi,Embalagem de 300 ml,"4,39 €","14,63 €/L"
Toping chocolate milka,Royal,Embalagem de 300g,"1,29 €","3,23 €/Kg"
"Gelatina pronto a comer, 10kcal tropical",Royal,Embalagem de 4 x 100 g,"0,85 €","2,13 €/Kg"
Alimento seco p/ cão actividade intensa,PorSi,Embalagem de 4kg,"22,99 €","1,15 €/Kg"
Feijão encarnado em frasco,PorSi,frasco de 540 g,"1,79 €","2,29 €/Kg"
Fruta para bebé maçã banana +4 meses,Nestle,Embalagem de 4 x 100 g,"0,74 €","8,22 €/Kg"
Escova dentifrica 360º advanced média,Colgate,1 unidade,"3,49 €","3,49 €/Unidade"
Pão com Cereais 125 g,Pão do Dia,,"0,20 €","2,50 €/Kg"
Concentrado de frutas tropicais,Sunquick,Garrafa de 700 ml,"4,89 €","6,61 €/L"
8 salsicha soja,Izidoro,Embalagem de 180g,"2,09 €","8,36 €/Kg"
Miolo de amêndoa sem pele inteira,PorSi,200 g,"0,79 €","3,95 €/Kg"
Biscoitos biológicos,Seara,Embalagem de 220g,"1,29 €","1,29 €/L"
Fio dentário fluór+menta 50m,Labell,1 unidade,"3,49 €","3,49 €/Unidade"
Gelatina ananás 8 kcal,PorSi,Embalagem de 4 x 100 g,"0,85 €","2,13 €/Kg"
Luvas Universal Pequeno/Médio,Vileda,1 unidade,"4,29 €","4,29 €/Unidade"
Recarga de ambientador automático essential mist nen...,Air Wick,1 unidade com 20 ml,"11,98 €","11,98 €/Unidade"
"Atum em posta, em azeite",General,Embalagem de 110g,"9,08 €/Kg","9,08 €/Kg"
Tablete de chocolate culinário branco,PorSi,Embalagem de 180 g,"0,99 €","9,90 €/Kg"
Aperitivos 3d's cones,3d's,Embalagem de 90g,"0,79 €","7,90 €/Kg"
Vinho branco,PorSi,Bag-in-box de 5 litros,"0,85 €","0,85 €/L"
Mistura solúvel c/ 20% café granulado,PorSi,Embalagem de 200g,"1,64 €","6,56 €/Kg"
Iogurte fruta batida pera,Mimosa,Embalagem de 480g,"1,49 €","2,98 €/Kg"
Esferográfica Preta Média,Mab,Embalagem com 4 un.,"1,71 €","1,71 €/Unidade"
Plantanatur slim rapid 30 comprimidos,PLANTANATU,Embalagem de 1 unidades,"7,59 €","126,50 €/Kg"
Refrigerante c/ gás,Coca-Cola,pack 6 x 0.33 l,"0,79 €","0,40 €/L"
Azeite Virgem Extra Suave,Gallo,Garrafa de 750 ml,"3,19 €","4,25 €/L"
Bebida de soja baunilha,Shoyce,embalagem de 3x200 ml,"1,79 €","2,98 €/L"
Tira Nódoas Spray a Seco,Iberia,Embalagem de 200 ml,"10,99 €","52,33 €/Kg"
Chocolate negro 72% cacau,Cemporcent,Embalagem de 100g,"2,89 €","23,12 €/Kg"
Mistolin advanced lixívia,Mistolin,Garrafa de 500 ml,"1,79 €","2,39 €/L"
Comida húmida para gato júnior,Felix,Embalagem de 400g,"3,49 €","10,26 €/Kg"
Lava Tudo Perfumado Herbal,PorSi,Embalagem de 2 l,"0,99 €","0,50 €/L"
Chambão/Nispo,Novilho,Vendido ao peso a partir de 500 gr,"4,99 €","12,48 €/Kg"
Cordon bleu,Iglo,Embalagem de 200g,"4,99 €","24,95 €/Kg"
Presunto fatiado 6 meses,PorSi,Embalagem de 140 g,"2,79 €","13,95 €/Kg"
Cereais bio chocapic,Nestle,Embalagem de 330g,"1,29 €","1,29 €/L"
As minhas primeiras receitas - refeição esparguete c...,Nestle,Embalagem de 190g,"1,89 €","9,95 €/Kg"
Pão branco fatias sem glúten,Schar,Embalagem de 250g,"2,99 €","7,97 €/Kg"
Inseticida recarga,Dum Dum,1 unidade,"6,39 €","6,39 €/Unidade"
Levedura de cerveja,Cemporcent,Embalagem de 150g,"2,29 €","11,45 €/Kg"
Delilah Fields,Rainbow High,1 unidade,"8,89 €","8,89 €/Unidade"
Pilha alcalina hightech lr03x8,Domédia,1 unidade,"1,49 €","1,49 €/Unidade"
"Croissants com recheio de cacau, 5 unidades",Dulcesol,Embalagem de 230g,"2,05 €","5,13 €/Kg"
Saqueta de puré de fruta | maçã + manga + pêssego,PorSi,90 g,"0,74 €","8,22 €/Kg"
Cabo de madeira com rosca,PorSi,1.20 m,"2,20 €","2,20 €/Unidade"
Tablete de chocolate culinário 70% negro,PorSi,Embalagem de 200 g,"1,04 €","8,32 €/Kg"
Pensos incontinência homem,PorSi,10 unidades,"1,95 €","1,95 €/Unidade"
2 crocantes frango  recheio alho&ervas 204g,Iglo,Embalagem de 200g,"4,99 €","24,95 €/Kg"
"Pasta dentífrica, proteção branqueador",Labell,Embalagem de 75 ml,"2,39 €","31,87 €/L"
Lula,Peixe Congelado,1 un= 250 gr (aprox.),"2,50 €","9,99 €/Kg"
"Livro ""Histórias Fantásticas com Unicórnios""",Girassol,1 unidade,"4,99 €","4,99 €/Unidade"
Inseticida vaporizador,Biokill,Embalagem de 375 ml,"5,09 €","8,48 €/L"
MINI NACKIS PRESUNTO 70G,Bicentury,Embalagem de 70 g,"0,79 €","7,90 €/Kg"
Caldo carne 16 cubos,Knorr,Embalagem de 160g,"3,84 €","24,00 €/Kg"
Gel de banho nourishing,Dove,Embalagem de 500 ml,"6,39 €/L","6,39 €/L"
Óleo de cedro,Mistolin,Embalagem de 360 ml,"4,39 €","14,63 €/L"
Leite de pastagem meio-gordo,Terra Nostra,Embalagem de 1 litro,"0,81 €","0,81 €/L"
Arroz brajma,Cigala,Embalagem de 1 kg,"0,99 €","0,99 €/Kg"
Bolacha leibniz minis choco,Bahlsen,Embalagem de 100g,"6,83 €/Kg","6,83 €/Kg"
Vinho do porto lágrima branco,R.pinto,Garrafa de 750 ml,"11,99 €","15,99 €/L"
Melancia Riscada,Fruta da Época,Vendido ao peso | 1 un = 4kg (aprox.),"2,69 €","2,69 €/Kg"
Mistura para carnes,PorSi,Embalagem de 40g,"0,25 €","0,25 €/Kg"
Polaretti magic milk micro esferas solúveis sabor ch...,Dolfin,Embalagem de 30g,"6,64 €/Kg","6,64 €/Kg"
"Iogurte sabor morango, banana e tutti frutti",Danone,Embalagem de 8 x 120 g com 1 grátis,"1,87 €","1,25 €/Kg"
Favas ultracongeladas,PorSi,Embalagem de 1 kg,"1,89 €","1,89 €/Kg"
Frutapura maçã manga laranja,Bledina,Embalagem de 85g,"2,29 €","6,94 €/L"
Ração seca para gatinhos frango e legumes,PorSi,Embalagem de 2 kg,"12,99 €","4,33 €/Kg"
Danacol aveia,Danone,Embalagem de 6 x 100 g,"4,15 €/Kg","4,15 €/Kg"
Tarte de Flan,Pastelaria do Dia,embalagem com 650g,"4,29 €","6,60 €/Kg"
Frutose,PorSi,Boião de 410 g,"5,99 €","23,96 €/Kg"
Queijo edam light fatias,PorSi Viva Bem,Embalagem de 150g,"2,39 €","19,92 €/Kg"
Tablete de chocolate negro,PorSi,Embalagem de 100 g,"16,67 €/Kg","16,67 €/Kg"
Rolo de Cozinha Megarollo,Scottex,Uma embalagem c/ 8 rolos,"4,99 €","4,99 €/Unidade"
Whisky scotch blend,Sir Edward,Garrafa de 0.70 l,"23,49 €","23,49 €/L"
Bacalhau à Brás,PorSi,Embalagem de 1 kg,"1,79 €","7,16 €/Kg"
"Creme revitalizante, noite",L'oreal,Embalagem de 50 ml,"2,99 €","59,80 €/L"
Bebida energética,Red Bull,Pack 4 x 0.25 l,"1,60 €","3,20 €/L"
Leite de pastagem magro,Novacores,Embalagem de 1 litro,"0,81 €","0,81 €/L"
Recarga Esfregona de Algodão,PorSi,1 unidade,"0,89 €","0,89 €/Unidade"
Drops cream,Heller,Embalagem de 140g,"2,75 €","11,00 €/Kg"
Água s/ gás frutos vermelhos,Luso,Garrafa de 1 l,"1,04 €","0,17 €/L"
"Tira gorduras, pistola",Kh 7,Garrafa de 750 ml,"4,89 €","6,52 €/L"
Queijo mozzarella fresca,Galbani,Embalagem de 125 g,"1,59 €","6,36 €/Kg"
Escova dentes kids minions bateria,Colgate,1 un.,"0,99 €","0,99 €/Unidade"
Guardanapos com riscas verdes | Dim.: 33 x 33 cm,PorSi,Embalagem com 20 unidades,"1,29 €","1,29 €/Unidade"
Ração para gato adulto crunchy & tender com salmão,Friskies,"Embalagem de 1,5 kg","12,99 €","4,33 €/Kg"
Costeletas do Cachaço,Porco,Vendido ao peso a partir de 1 kg,"4,89 €","4,89 €/Kg"
Leite desmaquilhante para peles secas,Labell,Embalagem de 250 ml,"3,99 €","3,99 €/Unidade"
Leite e cereais pijama +6 meses,Cerelac,Garrafa de 400 ml,"4,49 €","4,49 €/Kg"
Pastilhas limpa próteses,Labell,embalagem com 36 unidades,"7,39 €","105,57 €/Kg"
Marcadores para colorir,Domédia,embalagem com 18 unidades,"3,09 €","3,09 €/Unidade"
Amora,PorSi,Embalagem com 125g,"2,19 €","17,52 €/Kg"
Iogurte líquido yoggi morango,Nestle,Embalagem de 4 x 160 g,"1,17 €","1,83 €/Kg"
Pizza ristorante s/ gluten mozzarela,Dr. Oetker,Embalagem de 370g,"2,16 €","6,17 €/Kg"
Queijo fundido palitos,A Vaca Que Ri,Embalagem de 35g,"0,82 €","23,43 €/Kg"
8 hamburguers s/ glúten vaca,Capitão Iglo,Embalagem de 640g,"2,79 €","8,72 €/Kg"
Iogurte activia líquido 0% lima/limão,Danone,Embalagem de 4 x 155 g,"2,49 €","5,19 €/Kg"
Champô miracle volume + nutrição,Pantene,225 ml,"5,59 €","13,98 €/L"
Vinho DOC Dão Tinto,Dharma,"Garrafa de 0,75 L","3,99 €","5,32 €/L"
Spray limpeza fornos e grelhas,PorSi,500 ml,"1,29 €","1,72 €/L"
Vinho Verde Loureiro Branco,Aveleda,Garrafa de 0.75 l,"3,09 €","3,09 €/L"
Néctar pera,PorSi,Embalagem de 1 l,"0,99 €","0,99 €/L"
Vinho tinto regional setúbal,Herdade da comporta,Garrafa de 0.75 l,"2,99 €","3,99 €/L"
Leite UHT Morango sem Lactose,Mimosa,Pack 3 x 250 ml,"2,19 €","2,19 €/L"
Massa de macarrão grande estriado,PorSi,Embalagem de 500g,"0,89 €","1,78 €/Kg"
Body Milk in Shower,Labell,Embalagem de 250 ml,"12,48 €/L","12,48 €/L"
Conjunto de 6 copos 205 cc lara,LAV,1 conjunto,"5,59 €","5,59 €/Unidade"
Gelatina pronta a comer light 10 kcal mirtilo,Royal,Embalagem de 4 x 100 g,"0,85 €","2,13 €/Kg"
Barrita controlo de peso maçã,Ignoramu,Embalagem de 44g,"0,69 €","1,73 €/Kg"
Chocolate culinário branco,Pantagruel,Embalagem de 200g,"1,04 €","8,32 €/Kg"
Cachaço c/ Osso,Porco,1 un= 500 gr (aprox.),"4,89 €","4,89 €/Kg"
Alimento lácteo cereais e baunilha +6 meses,Yogolino,Embalagem de 4 x 100 g,"2,89 €","7,23 €/Kg"
Banda cera facial peles sensíveis,Veet,Embalagem de 20 unidades,"1,15 €","1,15 €/Unidade"
Set Criativo,Rainbow High,1 unidade,"8,89 €","8,89 €/Unidade"
Esferográfica Azul Média,Mab,Embalagem com 4 un.,"1,71 €","1,71 €/Unidade"
Vinho do porto dona antónia reserva branco,Ferreira,Garrafa de 0.75 l,"11,99 €","15,99 €/L"
Lixívia para roupa delicada,Neoblanc,Embalagem de 2 l,"1,19 €","0,60 €/L"
Bolacha vitalday crocante original,Gullon,Embalagem de 270g,"3,09 €","10,30 €/Kg"
Folhado de Maçã,*,1 unidade= 100 g,"0,30 €/Unidade","0,30 €/Unidade"
"Espumante Danúbio, Meio Seco",Danúbio,Garrafa de 75 cl,"8,49 €","11,32 €/L"
"Lenços de bolso sensi, brancos, 10 unidades",Renova,Uma embalagem de 6x10,"0,89 €","0,89 €/Unidade"
Papa infantil láctea maçã +6 meses,Cerelac,Embalagem de 250g,"4,49 €","4,49 €/Kg"
Desodorizante e desinfetante para calçado,Sanytol,Embalagem de 150 ml,"5,29 €","35,27 €/L"
Sabonete líquido maçãs verdes,Labell,Embalagem de 500 ml,"1,09 €","2,18 €/L"
Borracha para desenho técnico,Domédia,1 unidade,"3,09 €","3,09 €/Unidade"
Circuito fechado rosa -5º,Redex,Embalagem de 5 l,"14,99 €","14,99 €/L"
Feijão Verde,Legumes do Dia,1 un = 250 gr  (aprox.),"0,80 €","1,99 €/Kg"
Creme para barrar,Nutella,Embalagem de 600g,"8,13 €/Kg","8,13 €/Kg"
Cogumelos laminados 1/2,PorSi,Embalagem de 355 g,"1,79 €","2,29 €/Kg"
Sobremesa danette duo baunilha e chocolate,Danone,Embalagem de 4 x 125 ml,"1,19 €","2,59 €/Kg"
Leite seleccionado leve,Matinal,pack 3 x 200 ml,"0,81 €","0,81 €/L"
Salsicha fresca merguez,PorSi,Embalagem de 330 g,"0,30 €","5,99 €/Kg"
Soja fina,Cemporcent,Embalagem de 400g,"2,29 €","11,45 €/Kg"
Spray anti calcário,Cif,Garrafa de 435 ml,"3,19 €","6,38 €/L"
Iogurte líquido tutti-frutti,Danone,Embalagem de 4 x 155 g,"1,17 €","1,83 €/Kg"
Pão forma integral sem côdea,PorSi,Embalagem de 450g,"1,59 €","3,53 €/Kg"
Doce de cereja s/ açúcar adicionado,PorSi,Frasco com 220 g,"2,19 €","9,95 €/Kg"
Pensos Higiénicos Fina e Segura Maxi Super,Evax,Embalagem c/ 13 Unidades,"2,59 €","2,59 €/Unidade"
Spray Limpeza para aço inoxidável,Induclean,450 ml,"1,29 €","1,72 €/L"
Super Cola para Madeira,Vito,1 unidade,"1,79 €","1,79 €/Unidade"
15 panadinhos de peixe,PorSi,Embalagem de 450 g,"4,39 €","10,98 €/Kg"
Alimento lácteo morango +8 meses,Yogolino,Embalagem de 4 x 100 g,"2,89 €","7,23 €/Kg"
Bebida de amêndoa,Frias,Garrafa de 1 l,"2,19 €","2,19 €/L"
Moscatel de setúbal,Selecção de Enófilos,"Garrafa de 0,75 l","5,99 €","7,99 €/L"
Toalhitas básico,Dodot,embalagem com 54 unidades,"1,09 €/Unidade","1,09 €/Unidade"
Feijão preto cozido,PorSi,Embalagem de 420 g,"1,79 €","2,29 €/Kg"
Espetadas,Porco,1 un = 150 gr (aprox.),"4,89 €","4,89 €/Kg"
Bolachas cream cracker sesamo,Vieira,Embalagem de 186 g,"0,39 €","3,12 €/Kg"
Filetes Primavera Linhaça & Girassol,Iglo,Embalagem de 220g,"9,30 €/Kg","9,30 €/Kg"
"Cerveja com álcool, lata",Super Bock,Garrafa de 500 ml,"1,99 €/L","1,99 €/L"
Manteiga magra,Matinal,Embalagem de 250g,"1,69 €","6,76 €/Kg"
"Pilha alcalina, hightech lr03x4",Domédia,1 unidade,"1,49 €","1,49 €/Unidade"
Morcela de Ponte de Lima,PorSi,Vendido ao peso a partir de 750 g,"1,49 €","7,45 €/Kg"
Senses Watermelon,Trident,1 un.,"3,09 €","38,63 €/Kg"
Nestum flocos de cereais com mel,Nestum,Embalagem de 300g,"2,19 €","8,76 €/Kg"
Tostas de trigo,Diatosta,Embalagem de 225 g,"2,39 €","6,83 €/Kg"
Detergente pastilhas p/ máquina loiça oxyplus,Super Pop,Embalagem de 45 unidades,"1,49 €","5,96 €/L"
Creme de dia para pele seca,Labell,Embalagem de 50 ml,"2,99 €","59,80 €/L"
Manga em calda,It.saveurs,Embalagem de 250g,"1,99 €","2,37 €/Kg"
Biscoito para cão strips,Purina One,Embalagem de 90g,"0,94 €","5,22 €/Kg"
Molas plásticas,PorSi,15 unidades,"0,89 €","0,89 €/Unidade"
Aditivo diesel,Redex,Embalagem de 250 ml,"14,99 €","14,99 €/L"
Cerveja c/ álcool,Super Bock,Pack 15 X 0. 33L,"1,99 €/L","1,99 €/L"
Gelatina pronta a comer ananás,Royal,Embalagem de 4 x 100 g,"0,85 €","2,13 €/Kg"
Leite de coco,PorSi,Embalagem de 400 ml,"3,84 €","24,00 €/Kg"
Bolachas waffers baunilha,PorSi,Embalagem de 210g,"0,98 €","4,67 €/Kg"
"Coloração permanente, caramelo avelã, nº 6.41",Excellence,1 unidade,"9,49 €/Unidade","9,49 €/Unidade"
Balde Limpeza Super Fácil Cinza + Espremedor,Vileda,1 unidade,"17,00 €","17,00 €/Unidade"
"Velas em letras, happy birthday",Papstar,1 unidade,"1,49 €","1,49 €/Unidade"
Loção hidratante,Baby Dove,Embalagem de 200 ml,"0,59 €","5,90 €/L"
Pickles em vinagre,PorSi,Embalagem de 200 g,"1,79 €","2,29 €/Kg"
Iogurte morango skyr 0%,PorSi Viva Bem,150 g,"5,97 €/Kg","5,97 €/Kg"
Spray desinfetante cozinha,Lysol,Embalagem de 500 ml,"4,09 €","5,45 €/L"
Luvas Multi Latex S/M,Vileda,10 unidade,"4,29 €","4,29 €/Unidade"
Húngaros,PorSi,Embalagem de 270G,"0,69 €","3,45 €/Kg"
Cereais corn flakes s/ glúten,Nestle,Embalagem de 380g,"1,49 €","2,98 €/Kg"
6 Salsichas de porco,Nobre,Lata de 120g,"0,75 €","3,75 €/Kg"
"Coloração permanente, óleo intensivo, castanho caram...",Syoss,1 unidade,"9,49 €/Unidade","9,49 €/Unidade"
Aletria,Milaneza,Embalagem de 500g,"0,89 €","1,78 €/Kg"
Água c/ gás original,Frize,pack 6 x 0.25 l,"2,85 €","2,85 €/L"
Pato com Miúdos Programa Origens,PorSi,"Vendido ao peso, 1 un=2.250 Kg (aprox.)","3,99 €","3,99 €/Kg"
"Sumo natural, mix frutos vermelhos",SONATURAL,Garrafa de 250 ml,"1,09 €","0,73 €/L"
Presunto fatias,Damatta,Embalagem de 120 g,"2,79 €","13,95 €/Kg"
Água mineral sem gás,Fastio,Pack 4 x 1.5 l,"1,04 €","0,17 €/L"
Biscoitos integrais aveia e cacau,PorSi Viva Bem,Embalagem de 150g,"1,45 €","11,15 €/Kg"
Gronola de aveia arandos/sementes,Nestle,Embalagem de 300g,"3,45 €","26,74 €/Kg"
Açúcar em saquetas,PorSi,Embalagem 1K,"1,49 €","1,49 €/Kg"
Queijo manchego D.O.P,PorSi Select,Embalagem de 250g,"2,87 €","15,94 €/Kg"
Mopa Maxi XXL + 8 Panos,Swiffer,1 unidade,"1,79 €","1,79 €/Unidade"
2 big burger vaca e queijo s/ glutén,Capitão Iglo,Embalagem de 200g,"2,79 €","8,72 €/Kg"
Inseticida Elétrico Night&Day Pack Duplo,Raid,Embalagem de 2x300 mg,"6,39 €","6,39 €/Unidade"
Achocolatado em Pó,Suchard,Embalagem de 500g,"6,64 €/Kg","6,64 €/Kg"
Iogurte natural açucarado,PorSi,Embalagem de 4x125g,"0,99 €","1,98 €/Kg"
"Inseticida recarga, elétrico, 45 noites",Raid,1 unidade,"6,39 €","6,39 €/Unidade"
Copos de Shot,Aj simoes,12 copos,"1,69 €","1,69 €/Unidade"
"Chocolate de leite com passas, avelãs e amêndoas",Nestle,Embalagem com 195 g,"10,52 €/Kg","10,52 €/Kg"
Pensos higiénicos liberty super abas,Evax,Embalagem com 10 un.,"2,59 €","2,59 €/Unidade"
Creme vegetal culinário,Vaqueiro,Embalagem de 250 g,"1,39 €","6,95 €/L"
Porto tawny,Ferreira,Garrafa de 750 ml,"15,99 €","21,32 €/L"
Fel da terra planta inteira,Cemporcent,Embalagem de 40g,"1,49 €","1,49 €/Kg"
Hamburger azeitona preta,Veg In,Embalagem de 160g,"3,39 €","21,19 €/Kg"
Bebida espirituosa,1920,Garrafa de 1 l,"15,49 €","15,49 €/L"
Bolacha maria dourada,PorSi,Embalagem de 800g,"2,11 €/Kg","2,11 €/Kg"
Pasta de Dentes Gengivas Sensíveis,Oral-B,Embalagem de 75 ml,"2,39 €","31,87 €/L"
Chocolate Branco Milkybar,Nestle,Embalagem de 100g,"0,99 €","9,90 €/Kg"
Bombons de Chocolate Leite,Merci,Embalagem de 250 g,"2,39 €","47,80 €/Kg"
"Fraldas Dry Fit, 2-5kg - Tamanho 1",Chicco,Embalagem de 27 unidades,"6,49 €","6,49 €/Unidade"
Ovos Frescos Classe M,PorSi,12 unidades,"1,39 €","1,39 €/Unidade"
Inseticida moscas e mosquitos,Dum Dum,Garrafa de 300 ml,"5,09 €","8,48 €/L"
Patas,Frango,1 un = 250 gr  (aprox.),"2,49 €","2,49 €/Kg"
Arroz Thai Jasmim,PorSi,1 kg,"0,99 €","0,99 €/Kg"
Preparado de tarte de flã,PorSi,360 g,"1,69 €","8,45 €/L"
Termo ultra dreno-volume,PLANTANATU,Garrafa de 500 ml,"7,59 €","126,50 €/Kg"
Collant opac micro 60d cast xl,PorSi,Embalagem de 1 unidades,"1,89 €","1,89 €/Unidade"
Queijo da Ilha DOP Cura 4 Meses,São Jorge,Vendido ao peso a partir de 250 gr,"2,87 €","15,94 €/Kg"
"Rolo de cozinha design xxl, 3 rolos",Renova,Embalagem de 3 unidades,"4,99 €","4,99 €/Unidade"
Ovas de bacalhau higienizadas congeladas,*,Vendido ao peso a partir de 250 g,"8,73 €/Kg","8,73 €/Kg"
Chourição Extra Fatiado,Porminho,Embalagem de 80g,"1,35 €","16,88 €/Kg"
Refrigerante c/ gás laranja,Sumol,Garrafa de 500 ml,"0,79 €","0,40 €/L"
Fralda Cueca Activity Extra Tamanho 5,Dodot,Embalagem com 40 uni.,"9,49 €","9,49 €/Unidade"
Tablete chocolate de iogurte morango,Milka,Embalagem de 100g,"5,30 €/Kg","5,30 €/Kg"
Cerveja,Kings Bräu,Embalagem de 10x25 cl,"1,99 €/L","1,99 €/L"
Queijo flamengo fatias light,PorSi,Embalagem de 200g,"1,56 €","7,80 €/Kg"
Bolacha diet nature recheio iogurte,Gullon,Embalagem de 220g,"0,79 €","4,49 €/Kg"
Guardanapos com riscas rosa | Dim.: 33 x 33 cm,PorSi,Embalagem com 20 unidades,"1,29 €","1,29 €/Unidade"
Uno cartas,Mattel,1 unidade,"31,99 €/Unidade","31,99 €/Unidade"
"Tablete de chocolate, black-white",Schogetten,Embalagem de 100g,"5,30 €/Kg","5,30 €/Kg"
"Bloco de desenho A3, 24 folhas",Domédia,1 unidade,"2,59 €","2,59 €/Unidade"
Aroma baunilha fr.plast.200ml,Vahine,Garrafa de 200 ml,"1,89 €","17,18 €/Kg"
Água s/ gás,S.estrela,Garrafão de 6L,"1,04 €","0,17 €/L"
Filetes primavera alecrim e sal marinho,Iglo,Embalagem de 230g,"1,79 €","7,16 €/Kg"
Mopa 1.2 spray max,Vileda,1 unidade,"2,20 €","2,20 €/Unidade"
"Toalhitas intimas, 20 unidades",Labell,Uma embalagem,"2,89 €","2,89 €/Unidade"
Bolachas de manteiga,Triunfo,Embalagem de 170g,"1,69 €","6,76 €/Kg"
C surtido cuetara 420gr.              *8,Cuetara,Embalagem de 420g,"6,83 €/Kg","6,83 €/Kg"
Bolacha golden,Oreo,Embalagem de 154 g,"0,79 €","4,49 €/Kg"
Autobrilhante Incolor,Búfalo,Embalagem de 50 ml,"2,25 €","45,00 €/L"
Camarão 20/30,Congelado de Aquicultura,1 un = 250 gr  (aprox.),"3,25 €","12,99 €/Kg"
Nata para culinária ligeira,Mimosa,Embalagem de 200 ml,"0,75 €","3,75 €/L"
Peskitos de pescada panados,Pescanova,Embalagem de 1 Kg,"9,30 €/Kg","9,30 €/Kg"
Queijo brie cunhas 60%,President,Embalagem de 200 g,"1,45 €","7,25 €/Kg"
Toalhitas Activity |Recarga,Dodot,Pack: 4x54 unidades,"1,09 €/Unidade","1,09 €/Unidade"
Chá preto,Tetley,Embalagem de 20g,"41,67 €/Kg","41,67 €/Kg"
Licor de amêndoa amarga,Produto selecionado,"Garrafa de 0,70 l","16,99 €","24,27 €/L"
Lula limpa,Pescanova,Embalagem de 450g,"5,49 €","6,86 €/Kg"
Ketchup,PorSi,Embalagem de 560 g,"0,70 €","2,33 €/Kg"
Pão Regional Rio Maior Inteiro,Pão do Dia,1 unidade= 450 g,"0,20 €","2,50 €/Kg"
Arroz Carolino,Cigala,Embalagem de 1 kg,"0,99 €","0,99 €/Kg"
Chá de camomila e erva príncipe,Lipton,20 saquetas,"0,99 €","23,02 €/Kg"
Amaciador concentrado para roupa jojoba,PorSi,80 doses,"3,99 €","3,99 €/Unidade"
Queijo curado meio gordo,F.mourisca,Embalagem de 550g,"5,99 €","23,96 €/Kg"
Posta pescada-do-cabo nº 5 para cozer,PorSi,Embalagem de 800 g,"4,39 €","10,98 €/Kg"
Toalhitas universal citrus,Cif,36 unidades,"1,19 €","0,79 €/L"
Espremedor,PorSi,1 unidade,"17,00 €","17,00 €/Unidade"
Leite de coco light biológico,Origensbio,Garrafa de 400 ml,"1,59 €","1,59 €/L"
Almôndegas de bovino,PorSi,Embalagem de 400 g,"7,99 €","7,99 €/Kg"
Spray pedras,Cif,435 ml,"1,79 €","2,39 €/L"
Ambientador vela duo exotic baunilha,Air Wick,Embalagem de 210g,"9,49 €","45,19 €/Kg"
Azeitoneira de barro pintada,Anitex,1 unidade,"4,99 €","4,99 €/Unidade"
Tablete de chocolate leite com avelã,PorSi Select,200 g,"10,52 €/Kg","10,52 €/Kg"
Muslitos do mar,Pescanova,Embalagem de 250 g,"2,19 €","8,59 €/Kg"
Tónico de limpeza age perfect,L'oreal,Embalagem de 200 ml,"23,70 €/L","23,70 €/L"
"Fita Isoladora, 2 Rolos",Itools,1 unidade,"1,79 €","1,79 €/Unidade"
"Bebida láctea especial crescimento, 1-3 anos",Mimosa,Garrafa de 1 l,"0,26 €","1,30 €/L"
Chouriço Extra do Ribatejo,PorSi,200 g,"1,00 €","5,00 €/Kg"
Iogurtes Corpos Danone Pedaços de Pêssego e Maracujá,Danone,Embalagem de 4 x 115 g,"4,36 €","2,18 €/Kg"
Mel milflores,Cemporcent,Embalagem de 300g,"5,99 €","19,97 €/Kg"
12 pastéis de bacalhau,PorSi,Embalagem de 300 g,"1,79 €","7,16 €/Kg"
Chourico vinho das beiras,PorSi,Embalagem de 280g,"1,00 €","5,00 €/Kg"
Cápsulas de café com leite cappuccino,Nescafe,Embalagem com 16 cápsulas,"59,82 €/Kg","59,82 €/Kg"
Tweens Goldie Twist,LOL,1 unidade,"8,89 €","8,89 €/Unidade"
Chouriço fatiado,Campofrio,Embalagem de 80g,"1,35 €","16,88 €/Kg"
Adoçante c/ doseador,Canderel,Embalagem de 30g,"5,99 €","23,96 €/Kg"
Gel Banho Excite,Axe,Embalagem de 400 ml,"5,99 €","14,98 €/L"
Sobremesa gelificada de laranja,PorSi,Embalagem de 4x100g,"0,85 €","2,13 €/Kg"
Capa para tábua metálica,Vileda,1 un.,"16,50 €","16,50 €/Unidade"
Sumo 100% maçã,Compal,1 litro,"1,09 €","0,73 €/L"
Caldo de galinha 8 cubos,Knorr,Embalagem de 80g,"3,84 €","24,00 €/Kg"
Bocadelia de caranguejo,La piara,Embalagem de 170g,"1,19 €","13,52 €/Kg"
Porto ruby,Valadao,Garrafa de 750 ml,"6,65 €/L","6,65 €/L"
Sumo essencial de pêssego,Compal,pack 3 x 0.11 l,"2,29 €","6,94 €/L"
Limpa Tablier,PorSi,Embalagem de 1 l,"3,99 €","0,80 €/L"
Gogo SqueeZ Snack Banana,Gogo,Embalagem de 90g,"2,29 €","6,94 €/L"
Restaurador p/ móveis médio,Novycera,Garrafa de 170 ml,"4,39 €","14,63 €/L"
"Infusão de romã/framboesa, 20 saquetas",Tetley,Embalagem de 40g,"0,99 €","76,15 €/Kg"
11 Nuggets de Proteína Vegetal,Iglo green,Embalagem de 250g,"1,89 €","6,30 €/Kg"
Vinho branco,Alandra,Garrafa de 750 ml,"1,59 €","2,12 €/L"
Manteiga amendoim cremosa,Calve,Embalagem de 350g,"8,13 €/Kg","8,13 €/Kg"
Creme culinário coco,Shoyce,Embalagem de 200 ml,"0,75 €","3,75 €/L"
Molho 4 pimentas,PorSi,Embalagem de 120 ml,"0,70 €","2,33 €/Kg"
O cacau + cremoso,Cemporcent,Embalagem de 180g,"2,89 €","23,12 €/Kg"
Feijão preto,Caçarola,Embalagem de 500 g,"2,78 €/Kg","2,78 €/Kg"
Coloração Permanente Louro Escuro |6,Palette,,"9,49 €/Unidade","9,49 €/Unidade"
Sombrinhas decorativas,PorSi,Embalagem com 25 unidades,"1,79 €","1,79 €/Unidade"
Café torrado 5 estrelas moagem grossa,Sical,Embalagem de 250g,"9,16 €/Kg","9,16 €/Kg"
Leite de coco condensado,Koala,Embalagem de 490 g,"1,09 €","2,75 €/Kg"
Néctar ananás,Compal,pack 3 x 200 ml,"0,99 €","0,99 €/L"
Restaurador p/ móveis escuro,Novycera,Garrafa de 170 ml,"4,39 €","14,63 €/L"
Comida húmida para cão,PorSi,Embalagem de 300 g,"0,75 €","2,50 €/Kg"
30 douradinhos,Capitão Iglo,Embalagem de 840g,"4,39 €","10,98 €/Kg"
Vinho branco,PorSi,embalagem de  3X187 ml,"0,85 €","0,85 €/L"
Leite corporal,Nivea,Embalagem de 400 ml,"12,48 €/L","12,48 €/L"
Sacos do lixo lavanda 50 litros,PorSi,15 unidades,"1,79 €","1,79 €/Unidade"
Chá de maçã e canela,Tetley,Embalagem de 20g,"44,50 €/Kg","44,50 €/Kg"
Sumo s/ gás manga/cenoura,Santal,"Garrafa de 1,5 l","1,14 €","0,76 €/L"
Iogurte líquido pinacolada,PorSi,Embalagem de 4 x 160 g,"1,17 €","1,83 €/Kg"
Cereais corn flakes,Kellogg's,Embalagem de 500g,"1,49 €","2,98 €/Kg"
Batata frita ondulada wavy,PorSi,Embalagem de 180g,"1,06 €","5,73 €/Kg"
Refrigerante sem gás frutos tropicais,Trina,"Garrafa de 1,5 l","1,14 €","0,76 €/L"
Farinha 8 cereais e mel,Nutriben,Embalagem de 300g,"4,49 €","4,49 €/Kg"
Vinho branco regional península de setúbal,Lancers,Garrafa de 750 ml,"2,99 €","3,99 €/L"
Chouriço cebola beiras,PorSi,Embalagem de 300g,"1,00 €","5,00 €/Kg"
Bolachas crackers integral,Du bois,Embalagem de 500g,"0,39 €","3,12 €/Kg"
"Carregador, 6 lâminas, 4 recargas",Labell Men,1 embalagem,"1,16 €","4,64 €/L"
"Coloração permanente, óleo intenso louro luminoso 9/...",Syoss,1 unidade,"9,49 €/Unidade","9,49 €/Unidade"
Bolacha maria ruca doses,Vieira,Embalagem de 300g,"2,11 €/Kg","2,11 €/Kg"
Multi vitaminas mulher,PLANTANATU,Embalagem de 30 Cápsulas,"7,59 €","126,50 €/Kg"
Spray desinfetante elimina odores,Lysol,Embalagem de 400 ml,"1,19 €","0,79 €/L"
Salsicha bockwurst 5 unidades,PorSi,Embalagem de 250g,"0,75 €","3,75 €/Kg"
Bloco Notas A6 Pautado,Domédia,1 un.,"3,69 €","3,69 €/Unidade"
Esparregado de espinafres sem lactose,PorSi Viva Bem,Embalagem de 360 g,"1,89 €","6,30 €/Kg"
Collant mousse preta 20D,PorSi,Tamanho: M,"1,89 €","1,89 €/Unidade"
Bledina snacktoon molly maçã,Bledina,Embalagem de 100g,"2,29 €","6,94 €/L"
Farinha p/ bolos fina,Nacional,Embalagem de 1Kg,"1,99 €","1,99 €/Kg"
Delícia de bolacha,PorSi,Embalagem de 2x135 g,"0,55 €","2,75 €/Kg"
Iogurte grego natural magro,PorSi Viva Bem,Embalagem de 1 kg,"0,99 €","1,98 €/Kg"
"Livro ""Capuchinho vermelho""",Yoyo Books,,"4,99 €","4,99 €/Unidade"
Néctar classico de ananás,Compal,Garrafa de 200 ml,"0,99 €","0,99 €/L"
Lata de Brilho Castanho,Búfalo,Embalagem de 75 ml,"0,99 €","19,80 €/L"
Cem porcento-flocos de aveia grossos,Cemporcent,Embalagem de 400g,"2,99 €","7,97 €/Kg"
Bollycao,Bollycao,Embalagem de 2 unidades,"2,05 €","5,13 €/Kg"
Spray de limpeza casa de banho,Seventh Generation,Embalagem de 500 ml,"1,79 €","2,39 €/L"
Loção para bebé pink,Johnson's Baby,500 ml,"0,59 €","5,90 €/L"
Iogurte tipo grego natural,PorSi,Embalagem de 12 x 125 g,"1,49 €","2,98 €/Kg"
Bloco Sanitário Poder Activo Lavanda,Sonasol,Embalagem de 2x50 g,"2,99 €","74,75 €/Kg"
Farinha de centeio,Cemporcent,Embalagem de 500g,"2,29 €","11,45 €/Kg"
Vinho rosé,Lancers,Garrafa 0.75L,"4,29 €","5,72 €/L"
Manteiga amendoim cremosa,PorSi,Embalagem de 340g,"8,13 €/Kg","8,13 €/Kg"
Óleo Cedro Spray,PorSi,Embalagem de 250 ml,"4,39 €","14,63 €/L"
Cereais crack star,PorSi,Embalagem de 375 g,"5,07 €/Kg","5,07 €/Kg"
Gelatina de ananás,PorSi,Embalagem de 170g,"0,55 €","61,11 €/Kg"
Detergente em pó máquina de lavar roupa lavanda,PorSi,75 doses,"8,69 €","1,84 €/Kg"
Chá solúvel alívio respiratório,Cemporcent,Embalagem de 50g,"0,99 €","99,00 €/Kg"
"Papel higiénico acolchoado, folha tripla, 9 rolos",Scottex,1 embalagem,"1,99 €","1,99 €/Unidade"
Quiona branca bio,Origensbio,Embalagem de 250g,"1,89 €","3,78 €/Kg"
Bolachas waffers chocolate,PorSi,Embalagem de 210g,"0,98 €","4,67 €/Kg"
Bolacha diet nature 5 cereais,Gullon,Embalagem de 220g,"3,09 €","10,30 €/Kg"
Fralda Cueca Banho Splashers T3,Dodot,1 Embalagem c/12 unidades,"9,49 €","9,49 €/Unidade"
Massa de espirais,Nacional,Embalagem de 500g,"0,89 €","1,78 €/Kg"
Iogurte activia líquido 0% morango/kiwi,Danone,Embalagem de 4 x 155 g,"2,49 €","5,19 €/Kg"
Hamburguers de bovino,PorSi,Embalagem de 1 kg,"2,79 €","8,72 €/Kg"
Bolachas chips ahoy,Ca!,Embalagem de 300g,"0,90 €","6,00 €/Kg"
Limpa vidros cristal recarga,Ajax,Embalagem de 500 ml,"3,19 €","6,38 €/L"
Cebola Amarela,Nossa seleção,1 un = 500 gr (aprox.),"0,45 €","1,79 €/Kg"
"Batata frita caseira, rodela",Pala-pala,Embalagem de 180g,"0,87 €","5,44 €/Kg"
Chocolate em pó,Canderel,Embalagem de 250g,"6,64 €/Kg","6,64 €/Kg"
Leite uht c/ chocolate,Ucal,Garrafa de 1 l,"0,26 €","1,30 €/L"
Miolo de ameijoa,PorSi,Embalagem de 250 g,"4,99 €","6,24 €/Kg"
Preparado p/ arroz de marisco,Pescanova,Embalagem de 500g,"2,19 €","8,59 €/Kg"
Yofu soja e manga sem açúcar adicionado,Alpro,Embalagem de 400g,"3,09 €","6,18 €/Kg"
Ricore,Nestle,Embalagem de 260g,"1,64 €","6,56 €/Kg"
Película Aderente 60M,PorSi,1 unidade,"1,11 €","1,11 €/Unidade"
Tablete de chocolate de leite com passas e avelãs,PorSi Select,Embalagem de 200g,"10,52 €/Kg","10,52 €/Kg"
Queijo Flamengo Bola,Queijaria de Celorico,Vendido ao peso a partir de 100 g,"1,56 €","7,80 €/Kg"
"Coloração permanente, castanho tiramissu nº4.15",Nutrisse,1 unidade,"9,49 €/Unidade","9,49 €/Unidade"
Tablete de chocolate de leite,Nestle,Embalagem de 90g,"5,30 €/Kg","5,30 €/Kg"
Iogurte activia aveia nozes,Danone,Embalagem de 4 x 120 g,"2,49 €","5,19 €/Kg"
Vela com número nº 8,PorSi,1 unidade,"1,49 €","1,49 €/Unidade"
Ice tea pêssego,Lipton,Embalagem de 1L,"1,14 €","0,76 €/L"
Bolacha torrada,PorSi,Embalagem de 4 x 200 g,"2,11 €/Kg","2,11 €/Kg"
Flocos de aveia,PorSi Viva Bem,Embalagem de 400g,"0,69 €","1,73 €/Kg"
Borracha para lápis e tinta,Domédia,1 unidade,"4,69 €","4,69 €/Unidade"
Solha Congelada (200/400),Peixe Congelado,Pescado no mar,"2,50 €","9,99 €/Kg"
Pasta de dentes max white expert white,Colgate,Embalagem de 75 ml,"2,39 €","31,87 €/L"
Pate picante 73gr.                ce *24,La piara,Embalagem de 70g,"1,19 €","13,52 €/Kg"
Amaciador jasmim e maçã,Surf,90 doses,"8,99 €","2,25 €/L"
Margarina líquida,Vaqueiro,Embalagem de 500 ml,"2,89 €","2,89 €/Kg"
Amaciador nutri-protec,Labell,Embalagem de 200 ml,"1,00 €","5,00 €/L"
Lixívia Tradicional,PorSi,Embalagem de 5 l,"1,74 €","0,35 €/L"
Aguardente,Alma pura,Garrafa de 0.70 l,"12,79 €","18,27 €/L"
Máquina Descartável Depilatória Venus Plus,Gillette,4 un. + 2 grátis,"1,99 €","1,99 €/Unidade"
Bebida de soja proteína de chocolate 0% lactose,Shoyce,200 ml,"2,49 €","2,49 €/L"
Patê de sardinha,PorSi,Embalagem de 65 g,"1,19 €","13,52 €/Kg"
Saco do Lixo Ecobag 20 litros,Vileda,20 Sacos,"1,79 €","1,79 €/Unidade"
Barra cereais nesquik delice,Nestle,Embalagem de 140g,"1,29 €","10,24 €/Kg"
Atum posta em óleo,Ramirez,Embalagem de 120g,"9,08 €/Kg","9,08 €/Kg"
Lombo assado fatiado,PorSi,150 g,"2,49 €","16,60 €/Kg"
Néctar light de laranja prisma,PorSi,Embalagem de 1 l,"0,84 €","2,55 €/L"
Pringles hot & spicy,Pringles,Embalagem de 175g,"1,19 €","6,43 €/Kg"
Vmt reg alentejano 0.75l,T.xisto,Garrafa de 750 ml,"4,99 €","6,65 €/L"
Bacalhau posta asa branca,PorSi,Embalagem de 800G,"6,39 €","7,99 €/Kg"
Chocolate signature starbucks,STARBUCKS,Embalagem de 220 ml,"3,19 €","25,52 €/Kg"
Bebida amêndoa,Shoyce,Embalagem de 1 litro,"2,19 €","2,19 €/L"
Café lote bocage grão,Nicola,Embalagem de 1 kg,"9,16 €/Kg","9,16 €/Kg"
Suiço Longo c/ Pepitas de Chocolate,PorSi,1 un. = 100 g,"0,30 €/Unidade","0,30 €/Unidade"
Vinho rosé,C.mendes,Garrafa de 750 ml,"4,29 €","5,72 €/L"
Queijo de vaca curado amanteigado,PorSi,+/- 550 g,"2,00 €","7,99 €/Kg"
Leite infantil confort 1 desde o nascimento,NAN,Embalagem de 800g,"20,99 €","26,24 €/Kg"
Queijo dop 7 meses,Sao jorge,Embalagem de 400g,"2,87 €","15,94 €/Kg"
Ovos Frescos Omega 3 de Galinhas Solo,PorSi Viva Bem,Embalagem com 6 unidades,"2,19 €","2,19 €/Unidade"
Hambúrguer de cogumelos,Cemporcent,Embalagem de 160g,"4,99 €","16,63 €/Kg"
Massa de cotovelinhos,PorSi,Embalagem de 500g,"0,89 €","1,78 €/Kg"
Boneca Elsa,Frozen,1 unidade,"8,89 €","8,89 €/Unidade"
Spray desinfetante casa de banho,Lysol,Embalagem de 500 ml,"1,79 €","2,39 €/L"
Mistura solúvel tofina despertar,Nestle,Embalagem de 200g,"1,64 €","6,56 €/Kg"
Recargas ambientador elétrico pure clean linen,Glade,Embalagem de 2 x 20 ml,"11,98 €","11,98 €/Unidade"
Açúcar baunilhado,Globo,Embalagem de 70g,"1,49 €","1,49 €/Kg"
Salpicão de Ponte de Lima,PorSi,Vendido ao peso a partir de 750 g,"1,35 €","16,88 €/Kg"
Café moagem universal timor,Delta,Embalagem de 220g,"9,16 €/Kg","9,16 €/Kg"
Iogurte liquido infantil morango,PorSi,Embalagem de 6 x 94 ml,"1,05 €","1,86 €/L"
Ambientador tealights frutos vermelhos,PorSi,embalagem com 18 unidades,"9,49 €","45,19 €/Kg"
Mistura pombos domésticos,Rac.zezere,Embalagem de 5 kg,"3,59 €","11,97 €/Kg"
12 nuggets frango polme americano,Capitão Iglo,Embalagem de 220g,"9,30 €/Kg","9,30 €/Kg"
Camarão 30/40 Madagascar,Congelado Selvagem,1 un = 250 gr  (aprox.),"3,25 €","12,99 €/Kg"
Brandy,Macieira,Garrafa de 1 l,"15,49 €","15,49 €/L"
Snack bounty single 57g,BOUNTY,Embalagem de 60g,"16,72 €/Kg","16,72 €/Kg"
Creme hidratante para bebé,Pommette,Embalagem de 100 ml,"0,59 €","5,90 €/L"
Cha infusão vermelho,Cemporcent,Embalagem com 10 saquetas,"0,99 €","99,00 €/Kg"
Bolachas marinheiras linhaça,Cemporcent,Embalagem de 200 g,"1,45 €","11,15 €/Kg"
Liégeois Sobremesa de Caramelo,Páturages,Embalagem de 4x100 g,"0,55 €","2,75 €/Kg"
Guardanapos de papel reciclado,PorSi,100 unidades,"1,29 €","1,29 €/Unidade"
Bases para pizza,PorSi,Embalagem de 3 x 125 g,"1,79 €","4,77 €/Kg"
Creme autobrilhante preto,Splendor,40 ml,"2,25 €","45,00 €/L"
Comida húmida para cão adulto com vaca e batatas em ...,Friskies,Embalagem de 100g,"0,75 €","2,50 €/Kg"
Snack zero chocolate branco c/ framboesa,Prozis,Embalagem de 40g,"0,69 €","1,73 €/Kg"
Escova de Dentes Júnior,Aquafresh,1 unidade,"3,49 €","3,49 €/Unidade"
Compressas | dim.: 10 x 10 cm,PorSi,Embalagem com 100 unidades,"0,59 €","1,18 €/L"
Manteiga com sal,Mimosa,Embalagem de 130g,"1,69 €","6,76 €/Kg"
Esparregado de espinafres,PorSi,Embalagem de 350 g,"1,89 €","1,89 €/Kg"
Peito de frango,PorSi,"Vendido ao peso, fatiado a partir de 150 g","2,25 €","11,25 €/Kg"
Bolo de Arroz 70 g,*,,"0,30 €/Unidade","0,30 €/Unidade"
Caneca Maravilhas de Portugal,Do Art,1 unidade,"5,59 €","5,59 €/Unidade"
Aguardente velha vsop,Antiqua,Garrafa de 700 ml,"12,79 €","18,27 €/L"
Folha de alumínio,PorSi,30 metros,"1,11 €","1,11 €/Unidade"
Almofada Viscoelástica Dim.: 45x60cm,*,1 Unidade,"7,99 €","7,99 €/Unidade"
Presunto nacos,PorSi,Embalagem de 250g,"2,79 €","13,95 €/Kg"
Leite regular 2,Aptamil,Embalagem de 800 g,"20,99 €","26,24 €/Kg"
Sical 5est café moido,Sical,Embalagem de 220g,"9,16 €/Kg","9,16 €/Kg"
Lava tudo mosaico,Cif,1.1 L,"4,39 €","14,63 €/L"
Quinoa branca,PorSi Viva Bem,Embalagem de 200 g,"1,39 €","6,95 €/Kg"
Refrigerante c/ gás ananás,Sumol,Garrafa de 500 ml,"0,79 €","0,40 €/L"
Feijao branco fidalgo,Caçarola,Embalagem de 500 g,"2,78 €/Kg","2,78 €/Kg"
Torta cacau com sabor a natas,PorSi,Embalagem de 300g,"2,05 €","5,13 €/Kg"
Ecobag 50 L perfumado limão,Vileda,1 embalagem,"1,79 €","1,79 €/Unidade"
"Livro ""A Magia do Ballet""",Girassol,1 unidade,"4,99 €","4,99 €/Unidade"
Creme fixação para dentaduras,Polident,Embalagem de 70 g,"7,39 €","105,57 €/Kg"
Toucinho fumado extra,PorSi,Embalagem de 200 g,"2,79 €","9,30 €/Kg"
Champô volume,Labell,Embalagem de 250 ml,"5,59 €","13,98 €/L"
Corn flakes,PorSi,Embalagem de 1 kg,"1,49 €","2,98 €/Kg"
Bolachas Chiquilin 0% Açucar,Artiach,Embalagem de 175 g,"3,09 €","10,30 €/Kg"
Nescafe galao original 18(8x17g) pt ea,Nescafe,Embalagem de 136g,"3,19 €","25,52 €/Kg"
Bolsinhas Perfumadas Anti Traça de Lavanda,Dum Dum,34 g,"5,99 €","176,18 €/Kg"
Queijo de ovelha curado,H.da maia,Embalagem de 200g,"4,50 €","17,99 €/Kg"
Iogurte natural,Danone,Embalagem de 4 x 120 g,"0,99 €","1,98 €/Kg"
Óleo Beleza N110,Diadermine,Embalagem de 100 ml,"12,48 €/L","12,48 €/L"
Lulas recheadas,Piteu,Embalagem de 120g,"9,08 €/Kg","9,08 €/Kg"
Snack Cão Prodental,PorSi,Embalagem 180 g,"0,94 €","5,22 €/Kg"
Cuecas Incontinência Maxi Médio,Lindor,Embalagem com 14 un.,"20,79 €","20,79 €/Unidade"
Entremeada de leitão assado à Bairrada,*,500 g,"8,99 €","17,98 €/Kg"
Café moagem universal angola,Delta,Embalagem de 220g,"9,16 €/Kg","9,16 €/Kg"
Loção Sensitive,Baby Dove,Embalagem de 200 ml,"0,59 €","5,90 €/L"
Tablete de chocolate amêndoa e caramelo,Milka,Embalagem de 300g,"10,52 €/Kg","10,52 €/Kg"
Croissant de Manteiga,PorSi,50g,"0,30 €/Unidade","0,30 €/Unidade"
Toalhitas,Dodot,4 x 64 un.,"1,09 €/Unidade","1,09 €/Unidade"
Bebida de soja,Shoyce,Embalagem de 1 litro,"2,49 €","2,49 €/L"
Pescada da Africa do Sul,Peixe Congelado,Pescado no mar,"2,50 €","9,99 €/Kg"
"Pensos diários, maxi, 40 unidades",Evax,Uma embalagem,"1,79 €","1,79 €/Unidade"
Faca cozinha 15 cm madeira,PorSi,1 unidade,"9,99 €","9,99 €/Unidade"
Descafeinado aroma e leveza,Nicola,12 cápsulas,"1,59 €","6,36 €/Kg"
Nestum chocolate,Nestum,Embalagem de 250g,"2,19 €","8,76 €/Kg"
Pilhas Alcalinas AA Optimum,Duracell,Blister 4 Pilhas,"1,49 €","1,49 €/Unidade"
Ambientador aerosol pure nenuco,Air Wick,Garrafa de 250 ml,"0,99 €","3,30 €/L"
Azeite,Oliveira da Serra,Embalagem de 750 ml,"3,19 €","4,25 €/L"
Frutos vermelhos,PorSi,Embalagem de 750 g,"3,29 €","4,39 €/Kg"
Leite infantil 3+ anos sem lactose,Mimosa,Garrafa de 1 l,"0,26 €","1,30 €/L"
Manteiga magra meio sal,President,Embalagem de 250g,"1,69 €","6,76 €/Kg"
Iogurte líquido dan'up morango e banana,Danone,Embalagem de 4 x 155 g,"1,17 €","1,83 €/Kg"
Falafel Grão de Bico e Especiarias Green Cuisine,Iglo green,Embalagem de 450g,"1,89 €","6,30 €/Kg"
Infusão principe,Cemporcent,Embalagem de 10 unidades,"0,99 €","76,15 €/Kg"
Rolo cozinha compacto 3 folhas,Foxy,1 unidade,"4,99 €","4,99 €/Unidade"
Mini tostas integrais super finas,PorSi,Embalagem de 100 g,"2,39 €","6,83 €/Kg"
Sopa de caldo verde Programa Origens,PorSi,Embalagem de 250g,"0,99 €","0,99 €/Kg"
Batata Pré-Frita Dauphines,PorSi,500 g,"2,39 €","3,98 €/Kg"
Ice tea limão,Lipton,pack 6 x 0.25 l,"1,14 €","0,76 €/L"
Creme de corpo exfoliante,Labell,Embalagem de 150 ml,"23,70 €/L","23,70 €/L"
Nata pasteurizada,PorSi,Embalagem de 450 ml,"0,75 €","3,75 €/L"
Bolacha de Manteiga Belga c/ Chocolate Branco,Saborosa,Embalagem de 198 g,"1,69 €","6,76 €/Kg"
Lixívia Densa + Squeeze Harmonias Florais,Neoblanc,Embalagem de 1 l,"1,74 €","0,35 €/L"
Detergente liquido loiça clássico,PorSi,Garrafa de 1 litro,"0,99 €","1,98 €/L"
Bolacha de canela,Snapy,Embalagem de 250g,"2,11 €/Kg","2,11 €/Kg"
Cerveja com álcool,Sagres,Garrafa de 20 cl,"1,99 €/L","1,99 €/L"
Sapateira cozida,*,Embalagem de 1 unidades,"11,99 €","11,99 €/Unidade"
Toalhitas de Proteção Cor,K2R,Embalagem de 10 un.,"10,99 €","52,33 €/Kg"
Queijo emmental ralado,PorSi,Embalagem de 200 g,"1,49 €","7,45 €/Kg"
Painho do Ribatejo,PorSi,"Vendido ao peso, fatiado a partir de 100 gr","2,79 €","13,95 €/Kg"
Iogurte grego stracciatella sem lactose,PorSi Viva Bem,Embalagem de 240g,"0,99 €","1,98 €/Kg"
Mel de Rosmaninho,PorSi Select,Frasco de 250 g,"2,25 €","9,00 €/Kg"
Néctar vital equilibrio frutos vermelhos,Compal,Embalagem de 1 l,"0,99 €","0,99 €/L"
Iogurte líquido frutos tropicais,Longa vida,Embalagem de 4 x 160 g,"1,17 €","1,83 €/Kg"
Iogurte líquido pinacolada corpos danone,Danone,Embalagem de 4 x 155 g,"1,17 €","1,83 €/Kg"
Capa Universal,Vileda,1 unidade,"16,50 €","16,50 €/Unidade"
Pão da Beira,PorSi,1 unidade = 83 g,"0,20 €","2,50 €/Kg"
Louro em folhas,PorSi,30 g,"0,25 €","0,25 €/Kg"
Cheerios 375g,Nestle,Embalagem de 380g,"5,07 €/Kg","5,07 €/Kg"
24 etiquetas azuis,Domédia,Uma embalagem,"2,19 €","109,50 €/L"
Penso diário normal,PorSi,Embalagem de 64 unidades,"1,79 €","1,79 €/Unidade"
Rebuçados sortido festa,Villa,Embalagem de 1 kg,"1,15 €","4,60 €/Kg"
Autobrilhante Preto,Búfalo,Embalagem de 50 ml,"2,25 €","45,00 €/L"
Desodorizante spray sport 48h,Labell Men,Embalagem de 200 ml,"1,39 €","6,95 €/L"
Arroz agulha,Caçarola,Embalagem de 1 kg,"0,99 €","0,99 €/Kg"
Tomate pelado,Guloso,Embalagem de 390g,"3,84 €","24,00 €/Kg"
Sangria pet,Don Simon,"Garrafa de 1,5 l","2,19 €","1,46 €/L"
Ambientador vela duo maçã,Air Wick,Embalagem de 210g,"9,49 €","45,19 €/Kg"
Spray óleo protect&bronze f30,Nivea Sun,Embalagem de 200 ml,"16,99 €","84,95 €/L"
Conjunto de 3 taças de gelado,Pasabahce,Capacidade: 24 cl,"5,59 €","5,59 €/Unidade"
20 saquetas chá digestão fácil,Lipton,Embalagem de 30g,"0,99 €","23,02 €/Kg"
Vinho Vinha da Fonte Setúbal branco,Casa Ermelinda Freitas,Garrafa de 0.75 l,"2,99 €","3,99 €/L"
Farinha p/ bolos extra fina,Nacional,Embalagem de 1 kg,"1,99 €","1,99 €/Kg"
Vinagre de vinho branco,PorSi,Garrafa de 1 l,"0,35 €","0,70 €/L"
Sacos do lixo lavanda 30 litros,PorSi,20 sacos,"1,79 €","1,79 €/Unidade"
Infusão cidreira,PorSi,Embalagem de 40g,"0,99 €","76,15 €/Kg"
Champanhe meio seco,Delagne & Fils,"Garrafa de 0,75 l","40,29 €","53,72 €/L"
Lagartos,PorSi,Embalagem de 300 gr,"0,69 €","3,45 €/Kg"
Barra de bolacha com cobertura de chocolate branco e...,Kit kat,Embalagem de 3 x 41.5 g,"0,99 €","9,90 €/Kg"
Acendalhas Ecologica,Quinas,Uma embalagem - 32Unidades,"0,75 €","0,75 €/Unidade"
Mopa com 8 panos jack junior,Swiffer,1 unidade,"1,79 €","1,79 €/Unidade"
Collant confort 20d preto S/M,PorSi,Embalagem de 1 unidades,"1,89 €","1,89 €/Unidade"
Abacaxi cortado,PorSi,Embalagem de 100 g,"1,19 €","11,90 €/Kg"
Infusão cidreira,Cemporcent,Embalagem de 10 unidades,"0,99 €","76,15 €/Kg"
Camarão de Moçambique 20/30,Frip,embalagem de 800 g,"8,99 €","25,69 €/Kg"
Alimentação láctea maçã e pêssego bio,Naturnes,Embalagem de 4 x 90 g,"2,89 €","7,23 €/Kg"
Mini tortitas milho c/ sal,PorSi Viva Bem,Embalagem de 200g,"1,45 €","11,15 €/Kg"
"Creme de rosto de dia revitalift, laser",L'oreal,Embalagem de 50 ml,"2,99 €","59,80 €/L"
Bebida de aveia,Shoyce,Embalagem de 3 x 200 ml,"2,19 €","2,19 €/L"
Tampões Compak Pearl Super Com Aplicador,Tampax,16 unidades,"1,39 €","1,39 €/Unidade"
Batata frita com sal,Ruffles,Embalagem de 300g,"1,06 €","5,73 €/Kg"
Espinafres em folhas,PorSi,Embalagem de 750 g,"1,89 €","1,89 €/Kg"
Vinagre vinho branco,PorSi,Garrafa de 500 ml,"0,35 €","0,70 €/L"
Creme de dia para pele normal,Labell,Embalagem de 50 ml,"2,99 €","59,80 €/L"
Pensos banda,PorSi,100 x 6 cm,"0,59 €","1,18 €/L"
Bebida energética,Red Bull,Garrafa de 470 ml,"1,60 €","3,20 €/L"
Palhais de portugal alho & ervas,Palhais,Embalagem de 200g,"1,89 €","10,50 €/Kg"
Esferográfica Twin Tip 4 Cores - Blue,Maped,1 unidade,"1,71 €","1,71 €/Unidade"
Spray elimina odores do calçado,PorSi,embalagem de 100 ml,"5,29 €","35,27 €/L"
Ervilhas com cenoura,PorSi,Embalagem de 750g,"1,89 €","1,89 €/Kg"
Infusão de camomila,PorSi,Embalagem de 33.7 g,"0,99 €","76,15 €/Kg"
Lixívia para roupa delicada,Vanish,Garrafa de 2 l,"1,19 €","0,60 €/L"
"Hamburguers de frango, 4 x 80 g",PorSi,Embalagem de 320g,"2,79 €","8,72 €/Kg"
Abóbora adoçada com xarope de milho,Cemporcent,Embalagem de 240g,"5,99 €","19,97 €/Kg"
Gelatina pronta a comer melancia,Royal,Embalagem de 4 x 100 g,"0,85 €","2,13 €/Kg"
Cuecas Incontinência Unisexo Pants Super L,Tena,12 unidades,"20,79 €","20,79 €/Unidade"
Pano Microfibras Colors XL,Vileda,Embalagem com 4 un.,"1,79 €","1,79 €/Unidade"
Sabonete Líquido Original,Dove,Embalagem de 250 ml,"1,09 €","2,18 €/L"
Cubos de bacon,Porminho,Embalagem de 2x75 g,"2,79 €","9,30 €/Kg"
Vinagre vinho branco 500ml,Cristal,Garrafa de 500 ml,"0,35 €","0,70 €/L"
Creme custard baunilha,Condi,Embalagem de 150g,"1,69 €","8,45 €/L"
Vinho tinto,Alandra,Garrafa de 750 ml,"2,99 €","3,99 €/L"
Couscous tradicional,Cemporcent,Embalagem de 500g,"1,49 €","1,49 €/Kg"
Salmão Fumado da Escócia,PorSi Select,Embalagem de 80 g,"3,69 €","36,90 €/Kg"
Alho Seco,PorSi,Embalagem: 250 g,"0,45 €","1,79 €/Kg"
Bolachas starship chocolate,PorSi,Embalagem de 150g,"0,90 €","6,00 €/Kg"
Bolacha vitalday crocante chocolate,Gullon,Embalagem de 280g,"3,09 €","10,30 €/Kg"
Adoçante em pó,PorSi,250 saquetas,"5,99 €","23,96 €/Kg"
Sumo clássico 100% maçã,Compal,Garrafa de 200 ml,"1,09 €","0,73 €/L"
Vinho regional península de setúbal reserva,Periquita,Garrafa de 0.75 l,"2,99 €","3,99 €/L"
Queijo ralado 4 queijos,Valformoso,Embalagem de 150g,"1,49 €","7,45 €/Kg"
"Cerveja sem Álcool 0,0%",Carlsberg,Pack 6x25 cl,"5,99 €","3,03 €/L"
Cogumelos fatiados,PorSi,Embalagem de 400g,"1,89 €","1,89 €/Kg"
Magnum amêndoa,Olá,Embalagem de 6 x 55 ml,"5,99 €","16,64 €/L"
Paio das beiras,PorSi,Embalagem de 380g,"2,79 €","13,95 €/Kg"
Creme anti-rugas reafirmante,Diadermine,Embalagem de 50 ml,"2,99 €","59,80 €/L"
Macedonia de legumes,PorSi,Embalagem de 1 kg,"1,89 €","1,89 €/Kg"
Massa bagos,PorSi,Embalagem de 250g,"0,89 €","1,78 €/Kg"
Café moagem universal portugal,Delta,Embalagem de 250g,"9,16 €/Kg","9,16 €/Kg"
Creme abrasivo pink flowers,Cif,Garrafa de 700 ml,"4,99 €","7,13 €/L"
Iogurte aroma varios sabores,PorSi,Embalagem de 12 x 125 g,"1,87 €","1,25 €/Kg"
Queijo Camembert,President,Embalagem de 250 g,"1,45 €","7,25 €/Kg"
Descafeinado,Nestlé,Embalagem de 100 g,"1,59 €","6,36 €/Kg"
Leite uht magro,Gresso,Embalagem de 1 litro,"0,81 €","0,81 €/L"
Detergente líquido máquina de roupa lavanda,PorSi,86 Doses,"8,69 €","1,84 €/Kg"
Resguardo para mesa,PorSi,Dim.: 140 x 300 cm,"3,45 €","3,45 €/Unidade"
Óleo alimentar,Fula,Embalagem 3L,"3,39 €","3,39 €/L"
Comida húmida para gato esterilizado em molho com sa...,Purina One,4 x 85 g,"3,49 €","10,26 €/Kg"
Côco ralado,PorSi,Embalagem de 200g,"1,29 €","3,23 €/Kg"
Receita caseira de jardineira,Nobre,Embalagem de 420g,"2,35 €","5,60 €/Kg"
Tablete de chocolate leite,Nestle,Embalagem de 130g,"5,30 €/Kg","5,30 €/Kg"
Bolachas marítimas clássicas,PorSi Viva Bem,Embalagem de 200g,"3,09 €","10,30 €/Kg"
Nata uht light,Mimosa,Embalagem de 200 ml,"0,75 €","3,75 €/L"
Bolacha Maria sem lactose,PorSi Viva Bem,Embalagem de 200 g,"0,99 €","1,98 €/Kg"
Bebida láctea especial crescimento 1-3 anos,Mimosa,Embalagem de 200 ml,"0,26 €","1,30 €/L"
Bebida coco,Alpro,Embalagem de 1L,"2,49 €","2,49 €/L"
Rodelas de chourico 2x75g,Porminho,Embalagem de 150g,"1,00 €","5,00 €/Kg"
Máquina de barbear c/ 2 recargas de 6 lâminas,Labell Men,,"1,16 €","4,64 €/L"
Sabonete glicerina natural,Palmolive,Embalagem de 90 g,"4,49 €","12,47 €/Kg"
"Snack de queijo flamengo, amêndoas e arandos 3x40g",Limiano,Embalagem de 120g,"1,56 €","7,80 €/Kg"
"Refrigerante com gás cola zero sem cafeína, mini lat...",Coca-Cola,pack 12 x 0.15 l,"0,79 €","0,40 €/L"
Iogurte tipo grego maracujá,PorSi,Embalagem de 4 x 125 g,"1,49 €","2,98 €/Kg"
Peito de peru,PorSi,"Vendido ao peso, fatiado a partir de 150 g","2,25 €","11,25 €/Kg"
Creme culinário de soja,Shoyce,Garrafa de 200 ml,"1,39 €","6,95 €/L"
Tablete de chocolate negro com avelãs - sem açúcar,PorSi Viva Bem,Embalagem de 100 g,"10,52 €/Kg","10,52 €/Kg"
Fruta para bebé banana maçã +4 meses,Nestle,Embalagem de 90g,"0,74 €","8,22 €/Kg"
Rolo cozinha branco 3 folhas,PorSi,3 rolos,"4,99 €","4,99 €/Unidade"
Bolachas brownie tubo,Oreo,Embalagem de 150g,"0,79 €","4,49 €/Kg"
Pilhas recarregáveis longa duração AA HR3 1.2V 2100m...,Domédia,Embalagem com 4 unidades,"1,49 €","1,49 €/Unidade"
Massa Fresca Lasanha,PorSi,Embalagem de 250 g,"0,99 €","4,30 €/Kg"
Arroz longo extra integral,Cacarola,Embalagem de 1 kg,"0,99 €","0,99 €/Kg"
Filete de anchovas estendidas,General,Embalagem de 40g,"9,08 €/Kg","9,08 €/Kg"
Bicarbonato de sódio,PorSi,Saqueta de 75 g,"1,89 €","17,18 €/Kg"
Carcaça Forno de Pedra,Pão do Dia,1 un = 60 gr (aprox.),"0,20 €","2,50 €/Kg"
Bocadelia atum,La piara,Embalagem de 180g,"9,08 €/Kg","9,08 €/Kg"
"Cereais special k, frutos vermelhos",Kellogg's,Embalagem de 300g,"3,45 €","26,74 €/Kg"
Pão ralado crocante,ESPIGA,Embalagem de 150g,"0,55 €","2,29 €/Kg"
Vinho doc douro tinto,Tellu's,Garrafa de 750 ml,"7,49 €","9,99 €/L"
"Bolacha belvita soft brakes, cereais",Belvita,Embalagem de 250g,"1,19 €","5,95 €/Kg"
Leite creme,PorSi,Embalagem de 2x135 g,"0,55 €","2,75 €/Kg"
Folha de Alumínio,Fino,30 metros,"1,11 €","1,11 €/Unidade"
Batata frita lisa chips,PorSi,Embalagem de 185 g,"1,06 €","5,73 €/Kg"
Amaciador Roupa lavanda,PorSi,Embalagem de 60 doses,"3,99 €","3,99 €/Unidade"
"Néctar pêssego, prisma",PorSi,Embalagem de 1 l,"0,99 €","0,99 €/L"
Martini Riserva Rubino,Martini,Garrafa de 750 ml,"22,49 €","32,13 €/L"
Especialidade de soja chocolate,PorSi Viva Bem,Embalagem de 4 x 100 g,"3,09 €","6,18 €/Kg"
Sementes de linhaça dourada,PorSi Viva Bem,Embalagem de 250 g,"1,59 €","10,60 €/Kg"
Sangria branca,Don Simon,"Garrafa de 1,5 l","2,19 €","1,46 €/L"
Vinho do porto lbv 2004,Cruz,Garrafa de 0.75 l,"9,99 €","13,32 €/L"
Massa spaghetti tricolore,Milaneza,Embalagem de 500 g,"0,89 €","1,78 €/Kg"
Pimentão doce saqueta,PorSi,Embalagem de 50 g,"0,25 €","0,25 €/Kg"
Pensos para bolhas,PorSi,20 unidades,"0,59 €","1,18 €/L"
Empada de Frango 60 g,Fornada do Dia,,"0,65 €","0,65 €/Unidade"
Skinny latte sem açúcar e sem lactose,STARBUCKS,embalagem de 220 ml,"2,19 €","2,19 €/L"
Batido de café,Forma+,Embalagem de 700g,"1,99 €","45,23 €/Kg"
Sumo de toranja,Andros,Embalagem de 1 l,"1,09 €","0,73 €/L"
Jardineira,PorSi,Embalagem de 750 g,"1,89 €","1,89 €/Kg"
Molho de nata para carne,Mimosa,Garrafa de 200 ml,"0,70 €","2,33 €/Kg"
Vinho tinto alentejo,ALABASTRO,"Garrafa de 0,75 l","4,99 €","6,65 €/L"
Topping caramelo,Branca de neve,Embalagem de 380g,"1,29 €","3,23 €/Kg"
"Gel depilatório, peles sensiveis",Labell,Embalagem de 200 ml,"10,99 €","73,27 €/L"
Adoçante à base de sucralose,PorSi Viva Bem,Embalagem de 17g,"5,99 €","23,96 €/Kg"
Paloco desfiado do pacifico,Peixe Fresco,Embalagem de 400 g,"8,73 €/Kg","8,73 €/Kg"
Comida húmida para cão adulto com frango e cenoura e...,Friskies,Embalagem de 100g,"0,75 €","2,50 €/Kg"
Spray multiusos lavanda,Bot.origin,Garrafa de 500 ml,"1,19 €","0,79 €/L"
Bandas de cera fria peles normais,Veet,Embalagem de 20 unidades,"1,15 €","1,15 €/Unidade"
Palitos redondos,PorSi,200 unidades embalados individualmente,"1,15 €","1,15 €/Unidade"
Iogurte Bifidus Activia Chia Amêndoa 0%,Danone,Embalagem 4x120g,"2,49 €","5,19 €/Kg"
Biscoitos de canela,PorSi,Embalagem de 750g,"0,69 €","3,45 €/Kg"
Red Fish Congelado,Nossa seleção,1 un. 200 a 300 g (aprox.),"2,50 €","9,99 €/Kg"
Gel de banho júnior maçã e pera,Labell,Embalagem com 300 ml,"4,39 €","21,95 €/L"
Creme Dia Lift + Serum Preenchedor,Diadermine,Embalagem de 50 ml,"2,99 €","59,80 €/L"
Barras Cereais Go Free Corn Flakes s/ Glúten,Nestle,Embalagem de 88g,"2,69 €","17,93 €/Kg"
Cola Vinilika,Giotto,100 ml,"7,49 €","7,49 €/Unidade"
Couve branca,Legumes do Dia,1 un= 1 kg aprox,"0,80 €","1,99 €/Kg"
Iogurte mix-in kit kat,Nestle,Embalagem de 2 x 115 g,"1,05 €","1,86 €/L"
Pastéis de nata,PorSi,Embalagem de 6x60 g,"2,99 €","5,54 €/Kg"
Pastilhas de Limpeza Dentífrica Branqueadora,Polident,Embalagem com 30 unidades,"7,39 €","105,57 €/Kg"
Acumulador térmico,Fresh&Cold,cap.: 400 ml,"0,99 €","0,99 €/Unidade"
Melão Branco,Programa Origens,Vendido ao peso | 1 un = 2.5 kg (aprox.),"2,69 €","2,69 €/Kg"
Ketchup,PorSi,Embalagem de 300 g,"0,70 €","2,33 €/Kg"
Café moído torrado aroma bellissimo,Belissimo,Embalagem de 200g,"9,16 €/Kg","9,16 €/Kg"
Vinho do porto special reserve,V.alegre,Garrafa de 750 ml,"9,99 €","13,32 €/L"
Queijo p/ barrar s/ lactose,Philadelph,Embalagem de 150g,"2,05 €","16,40 €/Kg"
Sortido seleção,Chabrior,Embalagem de 380g,"6,83 €/Kg","6,83 €/Kg"
Cereais Extra Chocolate e Avelã,Kellogg's,Embalagem de 375 g,"2,29 €","6,11 €/Kg"
Pastilhas café platium,Delta,Embalagem de 110g,"59,82 €/Kg","59,82 €/Kg"
Detergente para loiça plus + citrinos,Super Pop,Embalagem de 1L,"0,99 €","1,98 €/L"
Crocantes de frango original,Iglo,Embalagem de 180g,"9,30 €/Kg","9,30 €/Kg"
Cebola picada,PorSi,Embalagem de 400 g,"1,89 €","1,89 €/Kg"
"Chave de Phillips Cabo Bimat, 3.0x75mm",Itools,1 unidade,"5,39 €","5,39 €/Unidade"
Chocolate culinário em pó,Pantagruel,Embalagem de 130g,"1,04 €","8,32 €/Kg"
Pano Microfibras Colors,Vileda,4 unidades,"1,79 €","1,79 €/Unidade"
Refrigerante de lima-limão,Seven-up,"Garrafa de 1,25 l","0,79 €","0,40 €/L"
Arroz extra longo integral,Saludaes,Embalagem de 1 kg,"0,99 €","0,99 €/Kg"
Crispies de arroz +,Cemporcent,Embalagem de 250g,"1,49 €","1,49 €/Kg"
Polvilho doce,Do Brasil,500 g,"1,99 €","1,99 €/Kg"
Sabonete leite & mel,Palmolive,Embalagem de 4x90 g,"4,49 €","12,47 €/Kg"
Ambientador elétrico sensual sandalwood & jasmine + ...,Glade,1 unidade,"3,74 €","3,74 €/Unidade"
Desinfetante álcool gel spray,PorSi,100 ml,"0,99 €","1,98 €/L"
Tablete de chocolate de leite,PorSi Select,Embalagem de 200g,"5,30 €/Kg","5,30 €/Kg"
Gelado carte d'or tarte limão merengue,Olá,Embalagem de 900 ml,"2,69 €","5,38 €/L"
Elixir bocal total care,Listerine,Embalagem de 500 ml,"1,29 €","2,58 €/L"
Sidra de maçã,Somersby,Lata de 500 ml,"1,59 €","3,18 €/L"
Cálice de vinho 38 cl,R. Leerden,1 unidade,"5,59 €","5,59 €/Unidade"
Pão clássico sem glúten,Schar,Embalagem de 300g,"1,59 €","3,53 €/Kg"
Gelatina pêssego,PorSi,Embalagem de 2x85g,"0,55 €","61,11 €/Kg"
Leite c/ chocolate meio-gordo s/ lactose,Agros,4 x 200 ml,"0,26 €","1,30 €/L"
Soja líquido frutos exóticos,PorSi Viva Bem,Embalagem de 4 x 150 ml,"3,09 €","6,18 €/Kg"
Café solúvel sem cafeína,Nescafe,Embalagem de 20g,"14,50 €/Kg","14,50 €/Kg"
Vinho doc branco alentejo antão vaz,Vila dos Gamas,Garrafa 0.75L,"4,99 €","6,65 €/L"
Costeletas do Lombo,Porco,Vendido ao peso a partir de 1 kg,"4,89 €","4,89 €/Kg"
Vinh do porto ruby,Cruz,Garrafa de 750 ml,"6,65 €/L","6,65 €/L"
Fósforos cozinha,Flamefast,Uma embalagem com 4 unidades,"1,15 €","1,15 €/Unidade"
Queijo mozzarella ralado,PorSi,Embalagem de 200 g,"1,49 €","7,45 €/Kg"
Couscous,PorSi,Embalagem de 5 x 100 g,"0,89 €","1,78 €/Kg"
Amido de milho,PorSi,Embalagem de 400g,"1,89 €","17,18 €/Kg"
Dentífrico Complete Elixir e Branqueador,Oral B,Embalagem de 75 ml,"2,39 €","31,87 €/L"
Braçadeiras Unicórnio,Mondo,1 Embalagem,"2,99 €","2,99 €/Unidade"
Snack para gato crispies vaca e frango,Felix,Embalagem de 50g,"0,99 €","16,50 €/Kg"
Alface Frisada,*,1 un= 400 g (aprox.),"0,80 €","1,99 €/Kg"
Salmão Fumado da Noruega,PorSi,Embalagem de 100 g,"3,69 €","36,90 €/Kg"
Água Tónica Zero,Schweppes,Garrafa de 1 l,"1,60 €","3,20 €/L"
Soft 5 Funções,Nenuco,1 unidade,"8,89 €","8,89 €/Unidade"
Spray anti-bolores,Cif,435 ml,"1,79 €","2,39 €/L"
Patê de salmão,La piara,Embalagem de 80g,"1,19 €","13,52 €/Kg"
Caramelos de nata com recheio,Werthers,Embalagem de 140g,"2,75 €","11,00 €/Kg"
Detergente Máquina Loiça Pastilhas All in 1 Extra Po...,Sun,76 pastilhas,"1,49 €","5,96 €/L"
Pão Centeio com Nozes,Garcia & Filhos,1 unidade= 400 g,"0,20 €","2,50 €/Kg"
Arroz integral extra longo,Cemporcent,Embalagem de 1 kg,"0,99 €","0,99 €/Kg"
Biscoitos integrais aveia e cacau,PorSi Viva Bem,Embalagem de 150g,"0,69 €","3,45 €/Kg"
Farinha para bolos super fina,B.neve,Embalagem de 1 kg,"1,99 €","1,99 €/Kg"
Água c/ gás: limão/pepino/gengibre,Frize,pack 4 x 0.25 l,"2,85 €","2,85 €/L"
Lay's gourmet corte fino,Lay's,Embalagem de 150g,"1,06 €","5,73 €/Kg"
Ambientador elétrico flor de cerejeira,Air Wick,1 unidade,"3,74 €","3,74 €/Unidade"
Feijão branco cozido,PorSi,Embalagem de 820g,"1,79 €","2,29 €/Kg"
Iogurte naturea natural,PorSi,Embalagem de 4 x 125 g,"0,99 €","1,98 €/Kg"
Chocolate Branco Culinário,Nestlé,Embalagem de 180g,"0,99 €","9,90 €/Kg"
Café moagem fina bio,PorSi Bio,Embalagem de 250g,"9,16 €/Kg","9,16 €/Kg"
Pano Microfibra,Fino,1 unidades,"1,79 €","1,79 €/Unidade"
Whisky 8 anos,Grant's,Garrafa de 0.70 l,"23,99 €","34,27 €/L"
"Lâmpada LED GU10 3W-35W, 3 lâmpadas",BDC,1 unidade,"5,99 €","5,99 €/Unidade"
Óleo Bronzeador Coco,Ambre Solaire,Embalagem de 200 ml,"21,49 €","71,63 €/L"
"Combinado Fiambre,Queijo e Carne",Pastelaria do Dia,,"0,65 €","0,65 €/Unidade"
Gaspacho,PorSi,1 litro,"0,84 €","13,55 €/Kg"
Amêndoa amarga,Milbar,"Garrafa de 0,70 l","16,99 €","24,27 €/L"
Leite pasteurizado meio gordo,Vigor,Garrafa de 1 l,"1,09 €","1,09 €/L"
Lenços faciais brancos 2 folhas,PorSi,150 unidades,"0,89 €","0,89 €/Unidade"
"Ambientador spray, aerosol, lavanda",Glade,Embalagem de 300 ml,"0,99 €","3,30 €/L"
Big burger vegetais,Iglo green,Embalagem de 250g,"9,30 €/Kg","9,30 €/Kg"
Comida húmida para cão de frango e legumes,PorSi,Lata de 400 g,"0,75 €","2,50 €/Kg"
Guardanapos com riscas azuis | Dim.: 33 x 33 cm,PorSi,Embalagem com 20 unidades,"1,29 €","1,29 €/Unidade"
Groselha,PorSi,Embalagem com 125g,"2,19 €","17,52 €/Kg"
8 salsichas frankfurt,Izidoro,Embalagem de 200g,"0,75 €","3,75 €/Kg"
"Escargots recheio de manteiga, salsa e alho",PorSi Select,89 g,"1,89 €","6,30 €/Kg"
Arroz carolino vaporizado,Cacarola,Embalagem de 1 kg,"0,99 €","0,99 €/Kg"
Danacol frutos exóticos,Danone,Embalagem de 6 x 100 g,"4,15 €/Kg","4,15 €/Kg"
Leite uht c/ chocolate,Ucal,Embalagem de 3 x 250 ml,"0,26 €","1,30 €/L"
Leite c/ chocolate,Gresso,Pack 4X200ml,"0,26 €","1,30 €/L"
Bandida do pomar maçã 4x25cl,Bandida,Garrafa de 1 l,"1,59 €","3,18 €/L"
Xarope de chocolate zero,Prozis,Embalagem de 290g,"5,99 €","19,97 €/Kg"
Creme para barrar,Nutella,Embalagem de 200 g,"8,13 €/Kg","8,13 €/Kg"
Gel Play Morango,Durex,Embalagem de 50 ml,"4,49 €","4,49 €/Unidade"
Grande Livro da Ciência,Yoyo Books,,"3,59 €","3,59 €/Unidade"
Azeitona galega mista inteira,PorSi,Vendido ao peso a partir de 500 g,"1,00 €","3,99 €/Kg"
Sopa económica de marisco,Knorr,Embalagem de 60g,"0,84 €","13,55 €/Kg"
Preparado para crepes,Branca de Neve,Embalagem de 380g,"0,79 €","5,27 €/Kg"
Régua 20 cm,Mab,1 un.,"7,49 €","7,49 €/Unidade"
Chocolate culinário,Nestle,Embalagem de 170 g,"1,04 €","8,32 €/Kg"
Galão enriquecido em cálcio,Ucal,Embalagem de 3 x 200 ml,"0,26 €","1,30 €/L"
Livro Quero Conhecer Cores,Europrice,1 unidade,"4,99 €","4,99 €/Unidade"
"Azeite extra virgem, azeitonas verdes",Oliveira da Serra,Garrafa de 750 ml,"3,19 €","4,25 €/L"
Chantilly,President,Embalagem de 250 g,"0,75 €","3,75 €/L"
Máscara reparadora de pontas,Gliss,Embalagem de 50 ml,"1,00 €","5,00 €/L"
Gogo SqueeZ Snack Maçã e Pera,Gogo,Embalagem de 90g,"2,29 €","6,94 €/L"
Toalhitas Sensitive |Recarga,Dodot,Pack: 4 x54 unidades,"1,09 €/Unidade","1,09 €/Unidade"
A Minha Cozinha 100% chef,Smoby,1 unidade,"8,89 €","8,89 €/Unidade"
Folhado de Chocolate 60 g,PorSi,,"0,30 €/Unidade","0,30 €/Unidade"
Água com gás,Vimeiro,"Garrafa de 1,5 l","2,85 €","2,85 €/L"
Vinho verde branco,3 marias,Garrafa de 1 l,"3,09 €","3,09 €/L"
Flan de ovos,PorSi,Embalagem 4 x 100 g,"0,55 €","2,75 €/Kg"
Queijo Curado Amanteigado,Queijaria das Pousadas,Vendido ao peso a partir de 250 g,"2,42 €","9,69 €/Kg"
Sidra Hops N Apples,Somersby,pack 4 x 0.33 l,"1,59 €","3,18 €/L"
Tira Nódoas,Sanytol,embalagem com 450g,"10,99 €","52,33 €/Kg"
Biscoitos canudinho simples,PorSi,Embalagem de 300g,"3,09 €","10,30 €/Kg"
"Aperitivos, amendoins no forno",Matutano,Embalagem de 200g,"0,79 €","3,95 €/Kg"
4 hamburguers frango s/ glúten,Capitão Iglo,Embalagem de 240g,"4,29 €","19,07 €/Kg"
"Luva Nitrilica, anti-Deslizante, Nr.10",Itools,1 unidade,"5,39 €","5,39 €/Unidade"
Queijo curado apimentado,F.mourisca,Embalagem de 550g,"5,99 €","23,96 €/Kg"
Francesinha,PorSi,Embalagem de 450G,"7,99 €","7,99 €/Kg"
Caramelos de fruta,Penha,Embalagem de 500 g,"1,10 €","4,40 €/Kg"
Lava Tudo Flores Montanha,Sonasol,1.3 l,"0,99 €","0,50 €/L"
Cappucinno,PorSi,Embalagem de 125 g,"3,19 €","25,52 €/Kg"
Tablete chocolate creme de cacau,Milka,Embalagem de 100g,"5,30 €/Kg","5,30 €/Kg"
Massa cuscus,PorSi,Embalagem de 250g,"0,89 €","1,78 €/Kg"
Bebida de aveia com chia,Joya,Garrafa de 1 l,"1,59 €","1,59 €/L"
Body Milk Cocoa,Nivea,Embalagem de 250 ml,"12,48 €/L","12,48 €/L"
"Martelo Cabo de Borracha, 18mm",Itools,1 unidade,"5,39 €","5,39 €/Unidade"
Gelado magnum menta,Olá,Embalagem de 4 x 100 ml,"5,99 €","16,64 €/L"
M&m's drageias de caramelo salgado e chocolate de le...,M&m's,Embalagem de 160g,"11,98 €/Kg","11,98 €/Kg"
Alheira Extra Trás os Montes,PorSi,"Vendido ao peso, 1un= 200 gr (aprox.)","1,49 €","7,45 €/Kg"
Ambientador vela odor cozinha,PorSi,1 unidade,"9,49 €","45,19 €/Kg"
"Néctar de alperce, tetra",Compal,pack 3 x 200 ml,"0,99 €","0,99 €/L"
"Alimento seco para gato adulto, galinha",Whiskas,"Embalagem de 1,75 kg","12,99 €","4,33 €/Kg"
Detergente líquido manual loiça lavanda e alecrim,Fairy,Embalagem de 650 ml,"0,99 €","1,98 €/L"
Sacos do lixo de 30 litros 100% reciclado,Silvex,20 sacos,"1,79 €","1,79 €/Unidade"
Boião de fruta pura com maçã,Bledina,Embalagem de 4 x 100 g,"0,74 €","8,22 €/Kg"
Actimel magro natural,Danone,Embalagem de 6 x 100g,"4,15 €/Kg","4,15 €/Kg"
Lixívia Spray Mousse Flor,Neoblanc,Embalagem de 700ml,"1,74 €","0,35 €/L"
Lixívia Spray Mousse,Neoblanc,Embalagem de 700ml,"1,74 €","0,35 €/L"
Bandida do pomar frutos vermelhos lata 50cl,Bandida,Garrafa de 500 ml,"1,59 €","3,18 €/L"
Tampões Compak Pearl Regular Com Aplicador,Tampax,16 unidades,"1,39 €","1,39 €/Unidade"
"Alimento húmido para gato 7+, aves",Whiskas,Embalagem de 400g,"3,49 €","10,26 €/Kg"
Iogurte grego oikos stracciatella,Danone,Embalagem de 4 x 110 g,"1,49 €","2,98 €/Kg"
Bolacha digestiva de aveia/chocolate,Gullon,Embalagem de 430g,"1,19 €","5,95 €/Kg"
Bebida doubleshot expresso,STARBUCKS,Embalagem de 200 ml,"3,19 €","25,52 €/Kg"
Preparo para bolo de chocolate,Branca de Neve,Embalagem de 450g,"1,69 €","8,45 €/L"
Lasanha,Nacional,Embalagem de 400g,"0,89 €","1,78 €/Kg"
Aguardente vínica,P.marante,Garrafa de 700 ml,"12,79 €","18,27 €/L"
Cerveja c/ álcool,Sagres,pack 30 x 0.25 L,"1,99 €/L","1,99 €/L"
"Gomas bites pica, de morango",Fini,Embalagem de 100g,"1,19 €","3,97 €/Kg"
Rebuçados peitorais,Villa,Embalagem de 200 g,"0,77 €","3,85 €/Kg"
Iogurtes magros aroma morango,PorSi Viva Bem,Embalagem de 6 x 125 g,"7,66 €/Kg","7,66 €/Kg"
Espirais s/ glúten,Milaneza,Embalagem de 500g,"2,99 €","7,97 €/Kg"
Barrita controlo de peso chocolate,Ignoramu,Embalagem de 44g,"0,69 €","1,73 €/Kg"
Massa fusilli tricolor,Milaneza,Embalagem de 500g,"0,89 €","1,78 €/Kg"
Paes de leite 10unid 350g,H.delicia,Embalagem de 350 g,"2,59 €","7,40 €/Kg"
Aguardente velha,S.domingos,Garrafa de 700 ml,"12,79 €","18,27 €/L"
Conjunto de ferramentas,Itools,31 peças,"5,39 €","5,39 €/Unidade"
Infusão nº 5 emagrecimento,Cemporcent,Embalagem de 10 unidades,"0,99 €","76,15 €/Kg"
Limpa injetores diesel,PorSi,Embalagem de 250 ml,"14,99 €","14,99 €/L"
Ração para Cão Delicate rico em Salmão,Purina One,Embalagem de 800g,"22,99 €","1,15 €/Kg"
Gel de banho naturals amêndoa e leite,Palmolive,500 ml,"6,99 €","9,32 €/L"
"Iogurte, sabor a tutti-fruti",PorSi,Embalagem de 4 x 125 g,"1,87 €","1,25 €/Kg"
Tortitas de arroz chocolate negro,PorSi Viva Bem,130 g,"1,45 €","11,15 €/Kg"
Papel higiénico macio absorvente,PorSi,12 rolos,"1,99 €","1,99 €/Unidade"
"Chocolate, extra single",Twix,Embalagem de 80g,"16,72 €/Kg","16,72 €/Kg"
Esferográfica 4 Cores Multi-Function,Bic,1 un.,"3,29 €","3,29 €/Unidade"
Toranja,Fruta do Dia,1 un = 300 gr  (aprox.),"0,50 €","1,99 €/Kg"
Arroz doce especial,Saludaes,Embalagem de 500g,"0,99 €","0,99 €/Kg"
Condicionador spray penteia fácil,Johnson's Baby,Embalagem de 200 ml,"4,39 €","21,95 €/L"
Mistura solúvel c/ 20% café pó,PorSi,Embalagem de 200g,"1,64 €","6,56 €/Kg"
Gelatina de morango,Royal,Embalagem de 114g,"0,55 €","61,11 €/Kg"
Feuilletine,Du Bois de la Roche,Embalagem de 135 g,"0,39 €","3,12 €/Kg"
"Vinho Douro, Private Collection, Tinto",Selecção de Enófilos,Garrafa de 0.75 l,"2,99 €","3,99 €/L"
"Creme de noite, age perfect",L'oreal,Embalagem de 50 ml,"2,99 €","59,80 €/L"
Creme abrasivo ativo c/ lixívia,Cif,Garrafa de 700 ml,"4,99 €","7,13 €/L"
Batata frita lisa,PorSi,Embalagem de 90g,"1,06 €","5,73 €/Kg"
Bolacha recheada mega duo cacau,Gullon,Embalagem de 500g,"2,15 €","2,87 €/Kg"
"Snack  de chocolate, pack de 3 unidades",Mars,Embalagem de 3x45 g,"16,72 €/Kg","16,72 €/Kg"
Queijo cabra curado,PorSi,300 g,"1,89 €","10,50 €/Kg"
Creme vegetal sabor a manteiga,Becel,Embalagem de 450 g,"1,39 €","6,95 €/L"
"Champô suave, peles sensiveis",Corine de Farme,Embalagem de 750 ml,"4,39 €","21,95 €/L"
Arroz carolino,Caçarola,Embalagem de 1kg,"0,99 €","0,99 €/Kg"
Iogurte pedaços frutos vermelhos,PorSi,Embalagem de 8 x 125 g,"4,36 €","2,18 €/Kg"
Rebuçados de mentol,PorSi,Embalagem de 250g,"0,77 €","3,85 €/Kg"
Pá do Lixo C/ Cabo,PorSi,1 un.,"2,20 €","2,20 €/Unidade"
Vinagre de sidra,PorSi,500 ml,"0,35 €","0,70 €/L"
Ambientador spray aerosol white bouquet,Air Wick,Garrafa de 240 ml,"0,99 €","3,30 €/L"
"Guardanapos brancos, 33x33cm, 2 folhas",PorSi,Embalagem com 100 unidades,"1,29 €","1,29 €/Unidade"
Chocolate chunky,Kit kat,Embalagem de 160g,"16,72 €/Kg","16,72 €/Kg"
Spray power&shine vidros,Cif,Garrafa de 750 ml,"4,09 €","5,45 €/L"
Cebola,Programa Origens,1 un = 250 gr  (aprox.),"0,45 €","1,79 €/Kg"
Sementes de sésamo,PorSi Viva Bem,Embalagem de 200 g,"1,59 €","10,60 €/Kg"
20 saquetas infusão limão gengibre,Lipton,Embalagem de 40g,"44,50 €/Kg","44,50 €/Kg"
Tomate seco,PONTI,Embalagem de 280g,"3,84 €","24,00 €/Kg"
Sangria branca,PorSi,Garrafa de 1.5 litros,"2,19 €","1,46 €/L"
Crocantes de frango piri piri 180g,Iglo,Embalagem de 180g,"4,99 €","24,95 €/Kg"
Kit de viagem,Colgate,pasta dentífrica + escova,"3,49 €","3,49 €/Unidade"
Atum em azeite,Ramirez,Embalagem de 120g,"9,08 €/Kg","9,08 €/Kg"
Cereais fitness,Nestle,Embalagem de 380g,"3,45 €","26,74 €/Kg"
Alimento lácteo banana +6 meses,Yogolino,Embalagem de 4 x 100 g,"2,89 €","7,23 €/Kg"
Mistura de cogumelos,PorSi,Embalagem de 400g,"1,89 €","1,89 €/Kg"
Tomate Cacho,Legumes do Dia,1 un = 200 gr (aprox.),"0,46 €","2,29 €/Kg"
Gelatina tutti-fruti,PorSi,Embalagem de 170g,"0,55 €","61,11 €/Kg"
Cheesecake frutos vermelhos,PorSi Select,Embalagem de 900 g,"2,99 €","5,54 €/Kg"
Gin dry,Gibson's,Garrafa de 700 ml,"19,79 €","19,79 €/L"
Água Micelar Vitamina C,Garnier,Embalagem de 400 ml,"23,70 €/L","23,70 €/L"
Lava tudo tijoleira,Cif,1.1 L,"4,39 €","14,63 €/L"
Saco de cama para adulto,Saurium,1 unidade,"14,99 €","14,99 €/Unidade"
Nata uht carbonara,Parmalat,Embalagem de 200 ml,"0,75 €","3,75 €/L"
Tablete de chocolate branco,Schogetten,Embalagem de 100g,"0,99 €","9,90 €/Kg"
Jogo Loucuras,Educa,1 unidade,"29,99 €","29,99 €/Unidade"
Sultana Dourada,PorSi,Embalagem de 200g,"0,79 €","3,95 €/Kg"
20 saquetas infusão camomila,Lipton,Embalagem de 10g,"0,99 €","76,15 €/Kg"
"Snack de queijo flamengo, amêndoas e arandos",Limiano,Embalagem de 40g,"1,56 €","7,80 €/Kg"
Papel higiénico compacto 2 folhas,PorSi,18 = 36 Rolos,"1,99 €","1,99 €/Unidade"
"Queijinho, yoco suisse maxi, morango",Nestle,Embalagem de 4 x 90 g,"1,05 €","1,86 €/L"
Iogurte Líquido Yoggi s/ lactose frutos silvestres,Nestle,4x160g,"0,99 €","1,98 €/Kg"
Sumo essencial manga,Compal,pack 3 x 0.11 l,"0,99 €","0,99 €/L"
Gel Styling Casual Black,Axe,Embalagem de 75 ml,"5,99 €","14,98 €/L"
Chá infusão sene,Cemporcent,Embalagem de 13g,"0,99 €","99,00 €/Kg"
8 hamburguers s/ glúten frango,Capitão Iglo,Embalagem de 480g,"4,29 €","19,07 €/Kg"
Iogurte aroma 0% tutti fruti/coco,Longa vida,Embalagem de 6 x 120 g,"7,66 €/Kg","7,66 €/Kg"
Cá drenó volum,PLANTANATU,Embalagem de 10 unidades,"1,25 €","1,25 €/Unidade"
Inseticida Aerossol Rapid Moscas e Mosquitos,Raid,1 Embalagem 600ml,"5,09 €","8,48 €/L"
Rex o comilão,Play-Doh,1 unidade,"8,89 €","8,89 €/Unidade"
Pipoca doce para  microondas,PorSi,Embalagem de 300g,"0,79 €","7,90 €/Kg"
Queijo de ovelha curado amanteigado,Seia,Embalagem de 500g,"4,50 €","17,99 €/Kg"
"Pasta dentífrica, máxima proteção, fresca",Colgate,Embalagem de 75 ml,"2,39 €","31,87 €/L"
Chantilly,Royal,Embalagem de 70g,"1,29 €","3,23 €/Kg"
Grão de bico,PorSi,Frasco com 540 g,"1,79 €","2,29 €/Kg"
Bolachas cookies choco xl,Milka,Embalagem de 180g,"0,90 €","6,00 €/Kg"
Champanhe rose bruto,Delagne & Fils,"Garrafa de 0,75 l","40,29 €","53,72 €/L"
"Coloração permanente, óleo intenso, castanho praliné...",Syoss,1 unidade,"9,49 €/Unidade","9,49 €/Unidade"
Folhado de carne,Pastelaria do Dia,1 unidade = 90 g,"0,65 €","0,65 €/Unidade"
Ambientador vela baunilha,Glade,1 unidade com 129 g,"9,49 €","45,19 €/Kg"
Ovos classe s,PorSi,6 unidades,"1,39 €","1,39 €/Unidade"
Collant opac micro 60d cast l,PorSi,Embalagem de 1 unidades,"1,89 €","1,89 €/Unidade"
Ambientador Arbre Pinho,Arbre Magique,3 unidade,"1,99 €","1,99 €/Unidade"
Bolacha vitalday aveia e chocolate,Gullon,Embalagem de 240g,"3,09 €","10,30 €/Kg"
Infusão de tília,PorSi,Embalagem de 30g,"0,99 €","76,15 €/Kg"
Bagas de goji,Cemporcent,Embalagem de 125 g,"0,79 €","3,95 €/Kg"
Chá de frutos vermelhos,Tetley,Embalagem de 30g,"44,50 €/Kg","44,50 €/Kg"
Fralda Cueca T3,Dodot,Embalagem de 37 un.,"9,49 €","9,49 €/Unidade"
Mini salsichas cocktail,Nobre,lata de 180g,"0,75 €","3,75 €/Kg"
Sumo maçã,Andros,Embalagem de 1 l,"3,99 €","3,99 €/L"
Demaquilhante Dupla Ação,Nivea,1 embalagem de 125g,"23,70 €/L","23,70 €/L"
Creme vegetal para culinária,PorSi,Embalagem de 250g,"1,39 €","6,95 €/L"
Sopa tailandesa,Knorr,embalagem com 69 g,"0,84 €","13,55 €/Kg"
Cereais fitness chocolate,Nestle,Embalagem de 380g,"3,45 €","26,74 €/Kg"
Farinha s/ glúten p/ pão,Schar,Embalagem de 1 kg,"1,99 €","1,99 €/Kg"
Yofu com pedaços de morango,Alpro,Embalagem de 4x125 g,"3,09 €","6,18 €/Kg"
Açúcar granulado,Rar,Embalagem de 1kg,"1,49 €","1,49 €/Kg"
Formas de alumínio redondas 55 ml,PorSi,20 unidades,"1,69 €","1,69 €/Unidade"
Toalhitas Bebé Basic,PorSi,Embalagem de 72 unidades,"1,09 €/Unidade","1,09 €/Unidade"
Gomas favoritos pica,Haribo,Embalagem de 90g,"1,19 €","3,97 €/Kg"
Maionese light,PorSi,Frasco de 414 g,"0,70 €","2,33 €/Kg"
"Gel banho, hidratante lactourea",Lactovit,Embalagem de 650 ml,"6,39 €/L","6,39 €/L"
Mel em frasco de vidro,PorSi,Embalagem de 250g,"2,25 €","9,00 €/Kg"
Café moagem grossa bio,PorSi Bio,Embalagem de 250g,"9,16 €/Kg","9,16 €/Kg"
Le cassoulet,Claude leg,Embalagem de 840g,"2,35 €","5,60 €/Kg"
Espumoso moscato,Selecção de Enófilos,"Garrafa de 0,75 l","3,99 €","5,32 €/L"
Renovador de Camurça em Spray Incolor,Búfalo,Embalagem de 250 ml,"5,09 €","20,36 €/L"
Bebida de arroz,Shoyce,Embalagem de 3 x 200 ml,"1,59 €","1,59 €/L"
Marmelada bio,Casaprisca,Embalagem de 250g,"1,09 €","2,42 €/Kg"
Elixir bocal para crianças,Listerine,Embalagem de 500 ml,"1,29 €","2,58 €/L"
Infusão de menta,Tetley,Embalagem de 10g,"0,99 €","76,15 €/Kg"
Mortadela de peru,PorSi,1 un = 150 gr (aprox.),"0,95 €","4,75 €/Kg"
Iogurte líquido dan'up milkshake straciatella,Danone,Embalagem de 4 x 155 g,"1,17 €","1,83 €/Kg"
Couve Penca (Portuguesa),Legumes do Dia,1 un= 1 kg (aprox.),"0,80 €","1,99 €/Kg"
Queijo em fatias,Limiano,Embalagem de 400g,"1,56 €","7,80 €/Kg"
Pringles flame kickin sour cream,Pringles,Embalagem de 160g,"1,19 €","6,43 €/Kg"
Farinha,Maizena,Embalagem de 400g,"1,99 €","1,99 €/Kg"
Amaciador de roupa peónia azul e citrus,Surf,90 doses,"8,99 €","2,25 €/L"
"Bolachas aperitivas, simples",Tuc,Embalagem de 100g,"3,09 €","10,30 €/Kg"
Adoçante c/ doseador,Canderel,Embalagem de 10g,"5,99 €","23,96 €/Kg"
Tinta Rápida p/ Calçado Preto,Búfalo,Embalagem de 25 ml,"0,99 €","19,80 €/L"
Açucar icing,Rar,Embalagem de 250 g,"1,49 €","1,49 €/Kg"
Esoumante prosecco branco,Gancia,Garrafa de 750 ml,"3,99 €","5,32 €/L"
Ice tea pêssego,Lipton,Garrafa de 2 l,"1,14 €","0,76 €/L"
Tomate Alongado,Legumes do Dia,1 un = 200 gr (aprox.),"0,46 €","2,29 €/Kg"
Aperitivos de amendoim com sal e mel,Matutano,Embalagem de 150g,"0,79 €","3,95 €/Kg"
"Refresco em pó, ananás",Tang,Embalagem de 30g,"0,75 €","18,75 €/Kg"
Bebida de cereais e café mokambo intenso,Nestle,Embalagem de 180g,"1,64 €","6,56 €/Kg"
Refresco pó laranja e morango,PorSi,Embalagem de 40g,"0,75 €","18,75 €/Kg"
Nata uht light para culinária,PorSi,embalagem de 200 ml,"0,75 €","3,75 €/L"
Grão de bico,PorSi,Embalagem de 820g,"1,79 €","2,29 €/Kg"
Máscara Olhos Lash Sensational,Maybelline,1 unidade,"3,99 €","3,99 €/Unidade"
"Bollitos, 8 unidades",Pasquier,Embalagem de 320 g,"2,05 €","5,13 €/Kg"
Bebida de amêndoa,Shoyce,Embalagem de 3 x 200 ml,"2,19 €","2,19 €/L"
Cerveja preta 0.0%,Sagres,Pack 4 x 0.33 l,"5,99 €","3,03 €/L"
Fiambre perna ext.fat.fin.150g,Porminho,Embalagem de 150 g,"0,97 €","6,49 €/Kg"
Creme vegetal soja,Planta,Embalagem de 250 gr,"2,09 €","8,36 €/Kg"
"Comida húmida para cão adulto com frango, vaca e bor...",Friskies,Embalagem de 400g,"0,75 €","2,50 €/Kg"
Bolachas oreo,Oreo,Embalagem de 440g,"0,79 €","4,49 €/Kg"
Pai Natal de Chocolate,PorSi,Embalagem de 60 g,"2,29 €","17,62 €/Kg"
Perolas perfumadas fresh,PorSi,Embalagem de 275 g,"8,69 €","1,84 €/Kg"
Vinho regional de lisboa tinto,Marginal,Garrafa de 750 ml,"3,99 €","5,32 €/L"
Queijo flamengo bio fatias,Terra Nostra,Embalagem de 150g,"1,56 €","7,80 €/Kg"
"Alimento seco para gato adulto, vaca",Whiskas,"Embalagem de 1,75 kg","12,99 €","4,33 €/Kg"
Vinho tinto,PorSi,embalagem de 5 litros,"5,19 €","1,04 €/L"
Ovos Galinha Solo S,PorSi,6 unidades,"1,39 €","1,39 €/Unidade"
Desinfetante álcool gel com doseador,PorSi,500 ml,"0,99 €","1,98 €/L"
Café nespresso descafeinado intensidade 11,STARBUCKS,Embalagem com 10 unidades,"1,59 €","6,36 €/Kg"
Massa filo,JR,Embalagem de 250g,"0,99 €","4,30 €/Kg"
Pudim zero pessego-maracuja 22g,Condi,Embalagem de 20g,"0,59 €","29,50 €/Kg"
Queijo flamengo ralado,Valformoso,Embalagem de 150g,"1,49 €","7,45 €/Kg"
"Bolachas, tubo",Oreo,Embalagem de 150g,"0,79 €","4,49 €/Kg"
Iogurte líquido infantil morango e banana,PorSi,Pack 6 x 100 g,"1,05 €","1,86 €/L"
Vinho rosé regional península de Setúbal,Selecção de Enófilos,Garrafa de 0.75 l,"2,99 €","3,99 €/L"
Mini Hambúrgueres Beterraba e Sementes de Linhaça Gr...,Iglo green,Embalagem de 270g,"1,89 €","6,30 €/Kg"
Nata uht,Agros,Garrafa de 200 ml,"0,75 €","3,75 €/L"
Chocolate branco com recheio de avelã,Kinder,Embalagem de 160g,"2,29 €","17,62 €/Kg"
Tapioca hidratada sem adição de açúcares,PorSi Viva Bem,Embalagem de 500 g,"0,69 €","1,73 €/Kg"
"Espumante cava bruto, reserva",Freixenet,Garrafa de 750 ml,"8,49 €","11,32 €/L"
Eau de Toilette + Desodorizante + Meias,B.U.,Conjunto hidden,"12,99 €","12,99 €/Unidade"
Chá barriguinha,PLANTANATU,Embalagem de 10 unidades,"1,25 €","1,25 €/Unidade"
Gelatina de frutos tropicais,PorSi,Embalagem 2X85G,"0,55 €","61,11 €/Kg"
Polpa de manga,Koala,Embalagem de 450g,"2,25 €","5,00 €/Kg"
Patê atum em escabeche,La piara,Embalagem de 80g,"1,19 €","13,52 €/Kg"
"Vinagre virgem branco, spray",Paladin,Garrafa de 250 ml,"0,35 €","0,70 €/L"
Creme barrar nutela 350g,Nutella,Embalagem de 350G,"8,13 €/Kg","8,13 €/Kg"
Soja fina,PorSi Viva Bem,Embalagem de 400 g,"2,09 €","8,36 €/Kg"
Infusão carqueja,Cemporcent,Embalagem de 10 unidades,"0,99 €","76,15 €/Kg"
Escova de dentes infantil 3 a 6 anos,Labell,1 un.,"2,29 €","2,29 €/Unidade"
Sumo natural de uva preta bio,Cemporcent,Garrafa de 200 ml,"2,19 €","2,19 €/L"
Panados de frango,Kilom,Embalagem de 4 x 90 g,"9,30 €/Kg","9,30 €/Kg"
Dentífrico júnior 7 a 12 anos,Colgate,Embalagem de 50 ml,"0,99 €","0,99 €/Unidade"
Champô Anti-Caspa,Pantene,360 ml,"5,59 €","13,98 €/L"
"Lapiseira long life, 0,5 mm",Maped,"embalagem com 3 unidades, sortidas","3,29 €","3,29 €/Unidade"
Compasso 5 peças com study,Maped,Uma embalagem,"4,69 €","4,69 €/Unidade"
Tablete de chocolate culinário negro,PorSi,Embalagem de 200 g,"1,04 €","8,32 €/Kg"
Boião pura pera,Bledina,Embalagem de 4 x 100 g,"0,74 €","8,22 €/Kg"
Creme abrasivo de limão,PorSi,Embalagem de 750 ml,"4,99 €","7,13 €/L"
Manteiga sem sal terra nostra,Terra Nostra,Embalagem de 250g,"1,69 €","6,76 €/Kg"
Caldeirada,Bacalhau,Embalagem de 400 g,"8,73 €/Kg","8,73 €/Kg"
Crepe chocolate,PorSi,Embalagem de 540g,"2,99 €","5,54 €/Kg"
Laca Cabelo Criação Brilho,Tresemmé,Embalagem de 300 ml,"4,19 €","16,76 €/L"
Leite e cereais 8 cereais e mel +6 meses,Cerelac,Garrafa de 400 ml,"4,49 €","4,49 €/Kg"
Liquido brilhante sapato preto,PorSi,75 ml,"2,25 €","45,00 €/L"
Pasta dentífrica,Couto,Embalagem de 60 ml,"2,39 €","31,87 €/L"
Papel Higiénico Original 2 folhas,Scottex,Embalagem c/ 16 Rolos,"1,99 €","1,99 €/Unidade"
Agrião Programa Origens,PorSi,embalagem de 170 g,"0,99 €","0,99 €/Kg"
20 saquetas green framboesa/romã,Lipton,Embalagem de 30g,"44,50 €/Kg","44,50 €/Kg"
Queijo meio gordo fatias,Paiva,Embalagem de 180g,"1,56 €","7,80 €/Kg"
Pano limpa pó de flanela,PorSi,1 unidade,"1,79 €","1,79 €/Unidade"
Ambientador stick flor de cerejeira,Air Wick,1 unidade,"3,74 €","3,74 €/Unidade"
Bolachas mini prince recheadas com chocolate,PRINCE,Embalagem de 160 g,"0,79 €","5,27 €/Kg"
Queijo 3 Igrejas Cura 2m Pimentão,Santiago,Vendido ao peso a partir de 250 gr,"2,00 €","7,99 €/Kg"
Pizza de bolonhesa,PorSi,Embalagem de 350g,"2,16 €","6,17 €/Kg"
Creme culinário soja,PorSi Viva Bem,Embalagem de 200 ml,"3,99 €","26,60 €/L"
Batata frita em azeite,PorSi,Embalagem de 150g,"1,19 €","6,43 €/Kg"
Aptamil  prosyneo ha 2,Aptamil,Embalagem de 800g,"20,99 €","26,24 €/Kg"
"Batata frita, presunto",Ruffles,Embalagem de 80g,"1,19 €","6,43 €/Kg"
Sopa portuguesa programa origens,PorSi,embalagem de 300 g,"0,99 €","0,99 €/Kg"
Peito de frango,PorSi,Embalagem de 800 g,"3,99 €","3,99 €/Kg"
Molho bechamel,Parmalat,Embalagem de 200 ml,"0,75 €","3,75 €/L"
2 crocantes frango recheio queijo&fiambre 204g,Iglo,Embalagem de 200g,"4,99 €","24,95 €/Kg"
Papa infantil para preparar com leite +6 meses,Cerelac,Embalagem de 250g,"4,49 €","4,49 €/Kg"
Vinho tinto península de setúbal,Pioneiro,Garrafa de 0.75 l,"2,99 €","3,99 €/L"
Rebuçados cristais de neve,PorSi,Embalagem de 250g,"1,15 €","4,60 €/Kg"
Iogurte líquido yoggi limonada,Nestle,Embalagem de 4 x 160 g,"1,17 €","1,83 €/Kg"
Cera de depilação profissional,Veet,Garrafa de 300 ml,"1,15 €","1,15 €/Unidade"
Chá Aromatizado Pirâmide Oriente/Canela,PorSi,20 x 2 g,"0,99 €","99,00 €/Kg"
Amendoim cremoso,Cemporcent,Embalagem de 510g,"5,99 €","19,97 €/Kg"
Liquido em gel para WC Hibisco Rosa,Ambipur,Embalagem de 750 ml,"2,79 €","3,99 €/L"
Creme Suavizante Picadas de Insectos,Mercurochrome,Embalagem 50 ml,"0,58 €","0,58 €/Unidade"
Livro A Cinderela,Europrice,1 unidade,"4,99 €","4,99 €/Unidade"
Colchão Insuflável p/ 1 Pessoa,Bestway,1 un.,"0,99 €","0,99 €/Unidade"
Iogurte líquido morango/banana,PorSi,Embalagem de 4 x 160 g,"1,17 €","1,83 €/Kg"
Batata frita light,Lay's,Embalagem de 140g,"0,95 €","6,33 €/Kg"
Gomas spaghetti pica morango,Haribo,Embalagem de 80g,"1,19 €","3,97 €/Kg"
Toalhitas bebé natural care,Huggies,3 x 56 unidades,"1,09 €/Unidade","1,09 €/Unidade"
Alimento Húmido p/Gato Salmão,Gourmet Perle,Embalagem de 8x85g,"3,49 €","10,26 €/Kg"
Penso de incontinência boutique extra,Ausonia Discreet,Embalagem de 8 un.,"1,95 €","1,95 €/Unidade"
Vela em número nº9,PorSi,1 unidade,"1,49 €","1,49 €/Unidade"
Sobremesa de Arroz Doce,PorSi,Embalagem 2X135G,"0,55 €","2,75 €/Kg"
Moscatel de setúbal,Alambre,"Garrafa de 0,75L","5,99 €","7,99 €/L"
Néctar clássico pêssego,Compal,200 ml,"0,99 €","0,99 €/L"
Fralda cueca T6 - 16 a 22 kg,PorSi,18 unidades,"9,49 €","9,49 €/Unidade"
Desodorizante de pés em spray refrescante,Protex,Embalagem de 100 ml,"5,99 €","59,90 €/L"
Ambientador spray de lavanda,Air Wick,Garrafa de 240 ml,"0,99 €","3,30 €/L"
Bolachas cream cracker,PorSi,Embalagem de 200g,"0,39 €","3,12 €/Kg"
Vinho do Porto Tawny,Velhotes,"garrafa de 0,75 l","15,99 €","21,32 €/L"
Chouriço fatiado,Campofrio,Embalagem de 80g,"1,00 €","5,00 €/Kg"
Bolacha de água e sal júnior,Vieira,Embalagem de 160g,"1,19 €","5,95 €/Kg"
Fralda Activity T3 - 6 a 10 kg,Dodot,66 unidades,"6,49 €","6,49 €/Unidade"
Tratamento diamante força extra,Tresemmé,Embalagem de 180 ml,"1,00 €","5,00 €/L"
Creme Rosto Dia Pele Mista Antirrugas Q10 Plus,Nivea,Embalagem de 50 ml,"2,99 €","59,80 €/L"
Snack gato sticks carne 6x5g porsi,PorSi,Embalagem de 30g,"0,99 €","16,50 €/Kg"
Desfiado de Bacalhau,Bacalhau,Embalagem de 400 g,"8,73 €/Kg","8,73 €/Kg"
Bebida de aveia s/ glúten,Shoyce,Embalagem de 1 litro,"4,29 €","19,07 €/Kg"
Vinho Regional de Lisboa Branco,Mundus,"Garrafa de 0,75L","2,12 €/L","2,12 €/L"
"Bolacha belvita soft brakes, frutos vermelhos",Belvita,Embalagem de 250g,"1,19 €","5,95 €/Kg"
"Creme depilatório para duche, peles sensiveis",Veet,Garrafa de 150 ml,"10,99 €","73,27 €/L"
Loção Hidratante para Depois do Sol,Nivea Sun,Embalagem de 200 ml,"16,99 €","84,95 €/L"
Adoçante em pó stevia,PorSi Viva Bem,Embalagem de 17g,"5,99 €","23,96 €/Kg"
Cola universal,Uhu,Embalagem de 20 ml,"2,19 €","109,50 €/L"
Cerveja sem álcool,Cheers,Pack 6 x 0.33 l,"5,99 €","3,03 €/L"
"Vinho branco, denominação de origem controlada, dour...",VILA REAL,Garrafa de 750 ml,"7,49 €","9,99 €/L"
Pilha alcalina heightch lr14x2,Domédia,1 unidade,"1,49 €","1,49 €/Unidade"
Condicionador cabelos loiros,Ultra Suave,Embalagem de 200 ml,"1,00 €","5,00 €/L"
Bolachas bio de chocolate chips organic,Gullón,250 g,"0,90 €","6,00 €/Kg"
Toalhitas Bebé Pure Extra Care,Huggies,Embalagem com 3 x 56 unidades,"1,09 €/Unidade","1,09 €/Unidade"
Champô Extra Suave Flores de Amêndoa,Corine de Farme,Embalagem de 500 ml,"4,39 €","21,95 €/L"
Pensos peles sensíveis sortidos,PorSi,20 unidades,"0,59 €","1,18 €/L"
Gelatina pronta a comer light 10 kcal morango,Royal,Embalagem de 4 x 100 g,"0,85 €","2,13 €/Kg"
Intensificador de fragrância máquina lavar roupa pér...,Comfort,Embalagem de 275 g,"3,09 €","3,09 €/Kg"
Lata Cebo Protexol Incolor,Búfalo,Embalagem de 75 ml,"0,99 €","19,80 €/L"
Azeite virgem extra dop moura,PorSi Select,Embalagem de 0.75L,"3,19 €","4,25 €/L"
Sortido,Cuetara,Embalagem de 210g,"6,83 €/Kg","6,83 €/Kg"
Iogurte para bebé frutas variadas,Nestle,Embalagem de 4 x 100 g,"2,89 €","7,23 €/Kg"
Tortitas de arroz c/ iogurte,Bicentury,Embalagem de 130g,"1,45 €","11,15 €/Kg"
Esponja limpa camurça,PorSi,1 unidade,"5,09 €","20,36 €/L"
"Esquadro, 21 cm 60.",Domédia,1 unidade,"3,09 €","3,09 €/Unidade"
Empada imperial de frango,*,60 g,"0,65 €","0,65 €/Unidade"
Snack Delight XS,8in1,embalagem de 84g,"0,94 €","5,22 €/Kg"
"Papa de ovo, para passáros",Kiki,Embalagem de 300 g,"3,59 €","11,97 €/Kg"
Aveia instantânea em pó,Prozis,"Embalagem de 1,25 kg","4,99 €","16,63 €/Kg"
Bloco sanitário com suporte azul,WC Pato,Embalagem de 40 g,"2,99 €","74,75 €/Kg"
Mistura solúvel bolero,Nestle,Embalagem de 200g,"1,64 €","6,56 €/Kg"
Mistura de sementes,PorSi Viva Bem,Embalagem de 200 g,"1,59 €","10,60 €/Kg"
Ambientador elétrico baunilha & magnólia asiática,Air Wick,Difusor + Recarga,"3,74 €","3,74 €/Unidade"
Coroa de Natal,*,Dim.: 40 cm,"4,99 €","4,99 €/Unidade"
Delta cappuccino 10x14g,Delta,Embalagem de 140g,"3,19 €","25,52 €/Kg"
Sabonete líquido Marselha e Azeitona,Labell,Embalagem de 500 ml,"1,09 €","2,18 €/L"
Mousse Caramelo,A leiteira,Embalagem de 4 x 60 g,"1,19 €","2,59 €/Kg"
Nuggets pescada panada,Pescanova,Embalagem de 1Kg,"1,79 €","7,16 €/Kg"
"Salsichas em frasco bockwurst, 5 un",Izidoro,Embalagem de 250g,"0,75 €","3,75 €/Kg"
Cebolinho bio,PorSi Bio,30 g,"0,89 €","17,80 €/Kg"
Gelados Stracciatella Cookie,PorSi,Embalagem com 4 unidades,"5,99 €","16,64 €/L"
Água s/ gás,Luso,"Garrafa de 5,4 l","1,04 €","0,17 €/L"
Doce arando e mirtilo,ST.DALFOUR,Frasco de 284g,"2,19 €","9,95 €/Kg"
Collant mousse preta 20D,PorSi,Tamanho: l,"1,89 €","1,89 €/Unidade"
Farinha para bolos fina,Branca de Neve,Embalagem de 1 kg,"1,99 €","1,99 €/Kg"
Queijo Brie Light Cunhas,President,Embalagem de 200 g,"1,45 €","7,25 €/Kg"
Afiador de facas,IMF,3 tipos,"9,99 €","9,99 €/Unidade"
Café Solúvel Espresso Intenso,Nescafe,Embalagem de 100g,"14,50 €/Kg","14,50 €/Kg"
Abrasivo sanitário gel citrinos,PorSi,embalagem de 1 litro,"4,99 €","7,13 €/L"
Água c/ Gás Ananás,Frize,pack 4 x 0.25 l,"2,85 €","2,85 €/L"
Crepe maçã e canela,PorSi,Embalagem de 540 g,"2,99 €","5,54 €/Kg"
Vinagre balsâmico branco,Gallo,Garrafa de 250 ml,"0,35 €","0,70 €/L"
Polvo limpo,PorSi,Embalagem de 800 g,"5,49 €","6,86 €/Kg"
Azeite virgem extra,Ouro elvas,Garrafa de 750 ml,"3,19 €","4,25 €/L"
Molho bechamel,PorSi,Embalagem de 200g,"0,70 €","2,33 €/Kg"
Crackers s/ sal superficie,GRAN PAVES,Embalagem de 560g,"0,39 €","3,12 €/Kg"
Farinheira das beiras,PorSi,Embalagem de 260G,"1,49 €","7,45 €/Kg"
Leite com chocolate,PorSi,Embalagem de 200 ml,"0,26 €","1,30 €/L"
Esparguete integral,Cemporcent,Embalagem de 500g,"1,49 €","1,49 €/Kg"
Creme descolorante,Veet,Garrafa de 150 ml,"10,99 €","73,27 €/L"
Lixívia Denso-Activa Tradicional p/ Casa e Roupa,Neoblanc,Embalagem de 2 l,"1,74 €","0,35 €/L"
Tomates Cocktail Românticos Biológicos,PorSi Bio,Emb.: ± 200 g,"0,46 €","2,29 €/Kg"
Esparregado de espinafres sem lactose,PorSi Viva Bem,Embalagem de 360 g,"0,99 €","1,98 €/Kg"
Esparguete,PorSi,Embalagem de 1 kg,"0,89 €","1,78 €/Kg"
Mandioca,Legumes do Dia,1 un=500 gr (aprox.),"0,47 €","4,69 €/Kg"
Azeite virgem extra reserva,Gallo,Garrafa de 750 ml,"3,19 €","4,25 €/L"
Kit veterinário,Play-Doh,1 unidade,"8,89 €","8,89 €/Unidade"
Água sem gás,Vitalis,Garrafa de 0.5 l,"1,04 €","0,17 €/L"
Detergente máquina loiça tudo em 1 limão,Sun,70 pastilhas,"1,49 €","5,96 €/L"
Ambientador eucalyptus,Arbre Magique,1 unidade,"1,99 €","1,99 €/Unidade"
Café em grão,Delta,Embalagem de 250g,"9,16 €/Kg","9,16 €/Kg"
"Livro ""Capuchinho vermelho""",Yoyo Books,,"3,59 €","3,59 €/Unidade"
Esparguete com legumes,Cemporcent,Embalagem de 250g,"1,49 €","1,49 €/Kg"
Tostas suecas de trigo,PorSi,Embalagem de 225 g,"2,39 €","6,83 €/Kg"
Caramelos de nata,Werthers,Embalagem de 140g,"2,75 €","11,00 €/Kg"
Queijo mini,Babybel,Embalagem de 6x20 g,"1,45 €","7,25 €/Kg"
Guardanapos brancos 22x22cm | folha dupla,Renova,90 unidades,"1,29 €","1,29 €/Unidade"
Estojo,Minnie,1 unidade,"19,90 €","19,90 €/Unidade"
Fralda Cueca Activity Extra Tamanho 4,Dodot,Embalagem com 45 uni.,"9,49 €","9,49 €/Unidade"
Ecobag 30 L Perfumado,Vileda,1 embalagem,"1,79 €","1,79 €/Unidade"
Ambientador stick micado blackberry,Air Wick,Embalagem de 1 unidades,"9,49 €","45,19 €/Kg"
Pipetas repelente para cão,Repul' 7,Embalagem de 1 unidades,"19,99 €","19,99 €/Unidade"
Pastilhas peppermint,CHICLETS,Embalagem de 17 g,"3,09 €","38,63 €/Kg"
Papa infantil não láctea multicereais +6 meses,Cerelac,Embalagem de 250g,"4,49 €","4,49 €/Kg"
Milho partido,Rac.zezere,Embalagem de 5 kg,"3,59 €","11,97 €/Kg"
Vinho branco arinto bucelas,P.regia,Garrafa de 750 ml,"3,99 €","5,32 €/L"
Mel rosmaninho com doseador,SERRAMEL,Embalagem de 500 g,"2,25 €","9,00 €/Kg"
Tosta integral,Diatosta,Embalagem de 510 g,"1,34 €","5,96 €/Kg"
Detergente líquido p/ máquina lavar roupa cores escu...,Woolite,"Garrafa de 1,65 l","8,69 €","1,84 €/Kg"
Batata frita caseira,PorSi,Embalagem de 180g,"0,87 €","5,44 €/Kg"
Vela com número 4,PorSi,1 unidade,"1,49 €","1,49 €/Unidade"
Iogurte Líquido Yoggi s/ lactose frutos silvestres,Nestle,4x160g,"1,17 €","1,83 €/Kg"
Creme para calçado preto,Splendor,80 ml,"0,99 €","19,80 €/L"
Folhado de salsichas,Pastelaria do Dia,1 unidade = 110 g,"0,65 €","0,65 €/Unidade"
Yofu com pedaços de mirtilo,Alpro,Embalagem de 4x125 g,"3,09 €","6,18 €/Kg"
Bolachas de aveia e trigo integral,PorSi Viva Bem,Embalagem de 240g,"3,09 €","10,30 €/Kg"
Coelho inteiro,PorSi,Vendido ao peso,"3,99 €","3,99 €/Kg"
Soja nacos,PorSi Viva Bem,Embalagem de 400 g,"2,09 €","8,36 €/Kg"
Tablete de chocolate culinário branco,PorSi,Embalagem de 180 g,"1,04 €","8,32 €/Kg"
Biscoitos allumettes,Du Bois de la Roche,Embalagem de 135 g,"0,69 €","3,45 €/Kg"
Farinha s/ glúten p/ pão,Schar,Embalagem de 1 kg,"2,99 €","7,97 €/Kg"
Café moído torrado aroma originale,Belissimo,Embalagem de 200g,"9,16 €/Kg","9,16 €/Kg"
Brócolos congelados,PorSi,Embalagem de 1 kg,"1,89 €","1,89 €/Kg"
Frango do Campo Inteiro c/ Miúdos Programa Origens,PorSi Select,Vendido ao peso,"3,99 €","3,99 €/Kg"
Snacks crocantes com bacon,PorSi,Embalagem de 60g,"0,79 €","7,90 €/Kg"
Vinho frisante rosé,Lapadas,Garrafa de 750 ml,"2,12 €/L","2,12 €/L"
Roupão banho criança azul,PorSi,33 x 53 cm,"4,99 €","4,99 €/Unidade"
Lion barra cereais  25g,Nestle,Embalagem de 150g,"1,29 €","10,24 €/Kg"
Champagne Brut França,DELALANDE,Garrafa de 0.75 l,"40,29 €","53,72 €/L"
Crescido Asa Branca,Bacalhau da Noruega,1 un=1.5 Kg (aprox.),"8,73 €/Kg","8,73 €/Kg"
Decanter,Bohemia,Capacidade: 1.25 litros,"5,59 €","5,59 €/Unidade"
Chá fresh preto e limão,Cemporcent,Embalagem de 18g,"44,50 €/Kg","44,50 €/Kg"
Leite seleccionado matinal leve,Matinal,Embalagem de 200 ml,"0,81 €","0,81 €/L"
Fuet extra,Campofrio,Embalagem de 170g,"1,00 €","5,00 €/Kg"
Lanche Misto,Pastelaria do Dia,1 unidade= 115 g,"0,65 €","0,65 €/Unidade"
Ambientador Difusor Frutos Vermelhos,PorSi,50 ml,"9,49 €","45,19 €/Kg"
Alimento seco para gato steril,HappyOne,Embalagem de 2 kg,"12,99 €","4,33 €/Kg"
Caramelos de leite,Penha,Embalagem de 250g,"2,75 €","11,00 €/Kg"
Vinho maduto tinto,Casal da eira,Embalagem de 1 l,"0,85 €","0,85 €/L"
Vinho verde branco,MIRANDA,"Garrafa de 0,75 l","3,09 €","3,09 €/L"
Água com gás natural pet,P.salgadas,pack 6 x 0.33 l,"2,85 €","2,85 €/L"
Néctar bio laranja,Paquito,"Embalagem de 1,5 l","1,59 €","1,59 €/L"
"Recarga Sabonete líquido, Amêndoas",Palmolive,Embalagem de 500 ml,"1,09 €","2,18 €/L"
Vinho do Porto Branco,Velhotes,"Garrafa de 0,75 l","11,99 €","15,99 €/L"
Farinheira vegetal,Veg In,Embalagem de 200g,"1,49 €","7,45 €/Kg"
Sal cristal,PorSi,embalagem de 1 kg,"0,25 €","0,25 €/Kg"
Café solúvel clássico,Nescafe,Embalagem de 200g,"14,50 €/Kg","14,50 €/Kg"
Sidra,Kings Bräu,Pack 6 x 0.33 l,"1,59 €","3,18 €/L"
Vinho rosé,Mateus,Garrafa de 750 ml,"4,29 €","5,72 €/L"
Barrita controlo de peso chocolate,Ignoramu,Embalagem de 44g,"1,99 €","45,23 €/Kg"
Pão de forma especial torradas,Panrico,Embalagem de 750g,"1,59 €","3,53 €/Kg"
Líquido wc active clean mint & jasmin,Ambipur,750 ml,"1,79 €","2,39 €/L"
10 saquetas chá frutos vermelhos,Lipton,Embalagem de 10g,"44,50 €/Kg","44,50 €/Kg"
Bolinhos de Amendoim,Fabridoce,Embalagem de 200g,"0,69 €","3,45 €/Kg"
Vinho branco tejo,Alorna,Garrafa de 750 ml,"3,99 €","5,32 €/L"
"Vela com número, nº 7",PorSi,1 unidade,"1,49 €","1,49 €/Unidade"
Vinho branco bag-in-box,Capataz,Embalagem de 5 l,"5,19 €","1,04 €/L"
Refresco em pó de laranja,Tang,Embalagem de 30g,"0,75 €","18,75 €/Kg"
Lula limpa 20/40,PorSi,Embalagem de 800 g,"5,49 €","6,86 €/Kg"
Gel Cabelo Styling Creme Cabelo,Nivea,Embalagem de 150 ml,"5,99 €","14,98 €/L"
Amaciador  p/ roupa concentrado Aromaterapia,PorSi,Embalagem com 60 doses,"3,99 €","3,99 €/Unidade"
Rhum com coco,Malibu,Garrafa de 700 ml,"17,49 €","24,99 €/L"
Café Torrado em Grão Indonésia,Delta,Embalagem de 220g,"9,16 €/Kg","9,16 €/Kg"
Maionese top down,Hellmman's,Embalagem de 238 g,"0,70 €","2,33 €/Kg"
Cueca Incontinência Boutique Plus G,Ausonia Discreet,Embalagem de 8 Un.,"20,79 €","20,79 €/Unidade"
Bolachas crackers s/ sal,Du bois,Embalagem de 500g,"0,39 €","3,12 €/Kg"
Bebida energética tropical edition,Red Bull,Garrafa de 250 ml,"1,60 €","3,20 €/L"
Lipton limão zero pet,Lipton,Garrafa de 2 l,"1,14 €","0,76 €/L"
Leite condensado magro,Nestle,Embalagem de 390g,"1,09 €","2,75 €/Kg"
Coca-cola light,Coca-Cola,Garrafa de 1 l,"0,79 €","0,40 €/L"
Tonic premium indian,Fever-Tree,Garrafa de 500 ml,"1,60 €","3,20 €/L"
Arroz carolino,PorSi,Embalagem de 1 kg,"0,99 €","0,99 €/Kg"
Queijo fresco sem lactose,Matinal,Embalagem de 216g,"1,09 €","5,45 €/Kg"
Chá preto frutos vermelhos,PorSi,Embalagem de 40g,"41,67 €/Kg","41,67 €/Kg"
"Chave Umbrako, conjunto 10 peças",Itools,1 unidade,"5,39 €","5,39 €/Unidade"
Feijão encarnado,PorSi,Embalagem de 820 g,"1,79 €","2,29 €/Kg"
Fralda Cueca Banho Splashers T5,Dodot,1 Embalagem c/10 unidades,"9,49 €","9,49 €/Unidade"
Gogo SqueeZ Snack Morango,Gogo,Embalagem de 90g,"2,29 €","6,94 €/L"
Caramelo líquido,Royal,Embalagem de 400g,"1,29 €","3,23 €/Kg"
Esfregão Fibra Verde Grande XXL Gama Classic,Scotch-Brite,Embalagem de 1 unidades,"1,99 €","1,99 €/Unidade"
Pasteis de bacalhau pré-fritos,Solara,Embalagem de 12 x 32 g,"1,79 €","7,16 €/Kg"
"Frutapura pera, banana e alperce",Bledina,Embalagem de 85g,"2,29 €","6,94 €/L"
Cerveja pack económico,Super Bock,pack 6 x 0.33 l,"1,99 €/L","1,99 €/L"
Morcela vegetal,Veg In,Embalagem de 200g,"1,49 €","7,45 €/Kg"
Marmelada com frutose,PorSi Viva Bem,Embalagem de 400g,"1,09 €","2,42 €/Kg"
Gelatina de morango,PorSi,Embalagem de 170g,"0,55 €","61,11 €/Kg"
Lambrusco tinto,*,Garrafa de 750 ml,"2,99 €","3,99 €/L"
Pensos Higiénicos Fina e Segura Normal,Evax,Embalagem c/ 24 Unidades,"2,59 €","2,59 €/Unidade"
Mortadela mini,PorSi,Embalagem de 350g,"0,95 €","4,75 €/Kg"
"Chave de Fenda Cabo Bimat, 3.0x75mm",Itools,1 unidade,"5,39 €","5,39 €/Unidade"
Aditivo gasolina sem chumbo,Redex,Embalagem de 250 ml,"4,99 €","19,96 €/L"
Bolachas com recheio baunilha,PorSi,Embalagem de 500g,"2,15 €","2,87 €/Kg"
Halls Vitamina C Melancia,Halls,Embalagem de 33g,"0,77 €","3,85 €/Kg"
Mousse de chocolate,PorSi,Embalagem de 110 g,"1,19 €","2,59 €/Kg"
Açúcar mascavado claro,Rar,Embalagem de 500 g,"1,49 €","1,49 €/Kg"
Tostas mistura s/ glúten,MUSEU PAO,Embalagem de 140g,"2,69 €","17,93 €/Kg"
Esfregão Ultra Fresh,Vileda,Embalagem de 2 + 1 Grátis,"1,99 €","1,99 €/Unidade"
Pensos diários flexiform,Carefree,Embalagem de 30 unidades,"1,79 €","1,79 €/Unidade"
"Limpa vidros, azul",PorSi,Embalagem de 5 l,"3,99 €","0,80 €/L"
Palmiers,PorSi,Embalagem de 720 g,"1,69 €","6,76 €/Kg"
"Mistura de couve flor, brócolos e cenoura",PorSi,Embalagem de 1 kg,"1,89 €","1,89 €/Kg"
"Salsichas aves, frasco com 5 unidad",Izidoro,Embalagem de 250g,"0,75 €","3,75 €/Kg"
Orelhas,Porco,1 un = 250 gr (aprox.),"2,49 €","2,49 €/Kg"
Bio miolo amendoa compele,PorSi Bio,Embalagem de 100g,"0,79 €","3,95 €/Kg"
Rum anejo especial,Havana,Garrafa de 700 ml,"17,49 €","24,99 €/L"
Pensos Incontinência Homem Men Diário,Tena,14 un.,"1,95 €","1,95 €/Unidade"
Vela com número nº 6,PorSi,1 unidade,"1,49 €","1,49 €/Unidade"
Chispalhada,PorSi,Embalagem de 420 g,"2,35 €","5,60 €/Kg"
"Refrigerante sem gás, maracujá e la",Joi,"Garrafa de 1,5 l","1,14 €","0,76 €/L"
Tequila,On Off,Garrafa de 70 cl,"11,99 €","11,99 €/L"
Vinho branco região do Dão,Dharma,Garrafa de 0.75 l,"3,99 €","5,32 €/L"
Saqueta de puré de fruta | maçã + pera,PorSi,90 g,"0,74 €","8,22 €/Kg"
Spray de lavagem a seco denim,Day 2,200 ml,"1,09 €","2,73 €/Kg"
"Cera cabelo, paste signature",Axe,Embalagem de 75 ml,"4,19 €","16,76 €/L"
Tira gorduras dia a dia,Mistolin,Garrafa de 750 ml,"1,29 €","1,72 €/L"
Desentupidor gel turbo com lixívia,Destop,Garrafa de 1 l,"4,89 €","6,52 €/L"
Chourico picante beiras,PorSi,Embalagem de 290g,"1,00 €","5,00 €/Kg"
Feijão manteiga caçarola,Cacarola,Embalagem de 500g,"2,78 €/Kg","2,78 €/Kg"
Creme vegetal para barrar,PorSi,Embalagem de 500 g,"1,39 €","6,95 €/L"
Gel de Banho Coconut Milk,Dove,Embalagem de 750 ml,"6,39 €/L","6,39 €/L"
Pilha alcalina classic lr03x8,Domédia,1 unidade,"1,49 €","1,49 €/Unidade"
Cereais Forma Natura,PorSi,500 g,"3,45 €","26,74 €/Kg"
Café moagem normal: original,Buondi,Embalagem de 220g,"9,76 €/Kg","9,76 €/Kg"
Bifanas,Porco,Vendido ao peso a partir de 1 kg,"4,89 €","4,89 €/Kg"
Pasta dentífrica menta fresca,Aquafresh,Embalagem de 75 ml,"2,39 €","31,87 €/L"
Creme Mãos Secrets Abacate,Dove,75 ml,"1,03 €","10,30 €/L"
Leite UHT Meio Gordo,PorSi,1 l,"0,81 €","0,81 €/L"
Chá gordura localizada,PLANTANATU,Embalagem de 10 unidades,"1,25 €","1,25 €/Unidade"
"Cera cabelo, indestructible",Studio Line,Embalagem de 75 ml,"4,19 €","16,76 €/L"
Dobrada com feijão,Nobre,Embalagem de 420g,"2,35 €","5,60 €/Kg"
Vela em número nª2,PorSi,1 unidade,"1,49 €","1,49 €/Unidade"
Empadas soja,PorSi Viva Bem,Embalagem de 260g,"2,09 €","8,36 €/Kg"
Iogurte Pedaços Kiwi 0% Matéria Gorda/Açúcares,Danone,4 x 120 g,"4,36 €","2,18 €/Kg"
Pensos higiénicos Cottonlike Super Plus Com Abas,Evax,10 unidades,"2,59 €","2,59 €/Unidade"
Néctar vital equilibrio manga/laranja,Compal,Embalagem de 1 l,"0,84 €","2,55 €/L"
Arroz de pato,PorSi,Embalagem de 250 g,"2,99 €","11,96 €/Kg"
Iogurtes aroma 4 de morango + 4 de banana,PorSi,Embalagem de 8x125g,"1,87 €","1,25 €/Kg"
Batata pom'duchesse,PorSi,Embalagem de 600g,"2,39 €","3,98 €/Kg"
Pensos higiénicos liberty normal abas,Evax,Embalagem com 12 un.,"2,59 €","2,59 €/Unidade"
Chocolate quente 90 segundos,Lacasa,Embalagem de 350g,"6,64 €/Kg","6,64 €/Kg"
Morcela de Arroz do Fundão,PorSi,"Vendido ao peso, 1 un=200 g (aprox.)","1,49 €","7,45 €/Kg"
Casal garcia sweet 750ml/1,Casal Garcia,Garrafa de 750 ml,"3,09 €","3,09 €/L"
Danacol natural,Danone,Embalagem de 6 x 100 g,"4,15 €/Kg","4,15 €/Kg"
Esferográfica Cristal Ouro e Prata x2,Bic,1 unidade,"3,29 €","3,29 €/Unidade"
Esferográfica Cristal Ouro e Prata x2,Bic,1 unidade,"1,71 €","1,71 €/Unidade"
Detergente manual de roupa,Omo,Embalagem de 540g,"1,09 €","2,73 €/Kg"
Papel Premier p/ Fotocópia A4,Xerox,1 resma,"3,69 €","3,69 €/Unidade"
Cálice festo luster,Mediterranea,325 cc,"5,59 €","5,59 €/Unidade"
Ganchos Perfumados Lavanda,Raid,2 unidades,"5,99 €","176,18 €/Kg"
Queijinhos mini,Babybel,Embalagem de 240g,"0,82 €","23,43 €/Kg"
Couve Roxa,Programa Origens,1 un = 1 kg (aprox.),"0,80 €","1,99 €/Kg"
Maionese magra em frasco,Hellmman's,Embalagem de 460g,"0,70 €","2,33 €/Kg"
Sobremesa danette baunilha,Danone,Embalagem de 4 x 125 g,"1,19 €","2,59 €/Kg"
Azeite Virgem Extra Clássico,Gallo,Garrafa de 2 l,"3,19 €","4,25 €/L"
Lata de Brilho Incolor,Búfalo,Embalagem de 75 ml,"0,99 €","19,80 €/L"
Balões latex brancos,PorSi,Embalagem com 24 unidades,"1,79 €","1,79 €/Unidade"
Gelatina mirtilos,Alsa,Embalagem de 180g,"0,55 €","61,11 €/Kg"
"Sprite lima-limão sem açúcar embalagem 1,5 l.",Sprite,Garrafa de 1.5 l,"0,79 €","0,40 €/L"
"Agrafos nº24/6, 2000 unidades",Maped,Uma embalagem,"7,49 €","7,49 €/Unidade"
Vinho do porto 10 anos,Souza,Garrafa de 750 ml,"15,99 €","21,32 €/L"
Papa infantil não láctea 8 cereais e mel +6 meses,Cerelac,Embalagem de 250g,"4,49 €","4,49 €/Kg"
Lixívia Roupa delicada,PorSi,Embalagem de 2 l,"1,19 €","0,60 €/L"
Hamburger espinafres,Veg In,Embalagem de 160g,"3,39 €","21,19 €/Kg"
Vinho verde branco,Aveleda,Garrafa de 750 ml,"3,09 €","3,09 €/L"
Cereais estrelitas,Nestle,Embalagem de 550g,"5,07 €/Kg","5,07 €/Kg"
Toalhitas para bebé melão,PorSi,Embalagem de 60 unidades,"1,09 €/Unidade","1,09 €/Unidade"
Nestum flocos de cereais integrais,Nestum,Embalagem de 250g,"2,19 €","8,76 €/Kg"
Café torrado lote chávena saco,Delta,Embalagem de 250g,"9,16 €/Kg","9,16 €/Kg"
Sumo 100% fresh laranja,Compal,Garrafa de 330 ml,"1,09 €","0,73 €/L"
"Salsichas bockwurst em frasco, 8 unidades",Izidoro,Embalagem de 400g,"0,75 €","3,75 €/Kg"
Batata frita light,PorSi,Embalagem de 150g,"0,95 €","6,33 €/Kg"
Guardanapos 2 folhas brancos e dourado,PorSi Select,50 unidades,"1,29 €","1,29 €/Unidade"
"Alimento para peixe, animin goldfish food",Tetra,Garrafa de 250 ml,"7,29 €","7,29 €/L"
24 Caldos de carne,PorSi,Embalagem de 255  g,"3,84 €","24,00 €/Kg"
Néctar de pêssego,PorSi,Pack 3 x 200 ml,"0,99 €","0,99 €/L"
Fraldas cueca pull-ups menino 18 a 23 kg,Huggies,25 unidades,"9,49 €","9,49 €/Unidade"
Cereais cruesli fruta,Quaker,Embalagem de 380g,"2,29 €","6,11 €/Kg"
Bacon Extra Fatias,Porminho,150 g,"2,79 €","9,30 €/Kg"
Sobremesa gelatina de ananás,PorSi,Embalagem 4X100G,"0,85 €","2,13 €/Kg"
Cebola Roxa,Programa Origens,1 un = 500 gr (aprox.),"0,45 €","1,79 €/Kg"
Barras de cereais com chocolate preto,PorSi,6 x 23 g,"1,29 €","10,24 €/Kg"
Bol agua s. dose integral 186g,Vieira,Embalagem de 180g,"1,19 €","5,95 €/Kg"
Melaço de cana,Cemporcent,Embalagem de 370g,"5,99 €","19,97 €/Kg"
Toalhitas Limpeza Aquas,Kandoo,Embalagem c/ 50 un.,"1,09 €/Unidade","1,09 €/Unidade"
Desodorizante roll-on invisible,Rexona,Embalagem de 50 ml,"4,69 €","31,27 €/L"
Inseticida multi-insectos,Dum Dum,Garrafa de 400 ml,"5,09 €","8,48 €/L"
Detergentes máquina lavar loiça ecológico,PorSi,26 pastilhas,"1,49 €","5,96 €/L"
Stevia chocolate negro com frutos vermelhos,Cemporcent,Embalagem de 125g,"2,89 €","23,12 €/Kg"
Massa quebrada margarina,PorSi,Embalagem de 230 g,"0,99 €","4,30 €/Kg"
Puzzle Frozen,Clementoni,2 x 20 peças,"29,99 €","29,99 €/Unidade"
Leite de pastagem biológico meio gordo,Milhafre,1 litro,"0,81 €","0,81 €/L"
Resguardo para mesa,PorSi,Dim.: 140 x 200 cm,"3,45 €","3,45 €/Unidade"
Banana da  Madeira,Fruta do Dia,1 un= 200 gr (aprox.),"0,60 €","2,99 €/Kg"
Dinos cookienss 185g                 *10,Artiach,Embalagem de 190g,"1,89 €","15,75 €/Kg"
Adoçante com doseador,PorSi,Embalagem 100 comprimidos,"5,99 €","23,96 €/Kg"
Actimel morango-banana,Danone,Embalagem de 6 x 100 g,"4,15 €/Kg","4,15 €/Kg"
"Mini rissóis de carne, 20 unidades",PorSi,Embalagem de 300 g,"1,79 €","7,16 €/Kg"
Folhado de salsicha,PorSi,Embalagem de 6x60 g,"1,79 €","7,16 €/Kg"
"Fraldas cuecas babiky, tamanho 5, 14-18 kilos, 11 un...",Dodot,Uma embalagem,"9,49 €","9,49 €/Unidade"
"Formas de alumínio rectangulares com tampa, 600ml , ...",PorSi,Uma embalagem,"1,11 €","1,11 €/Unidade"
Legumes verdes para sopa,PorSi,Embalagem de 1 kg,"1,89 €","1,89 €/Kg"
Extra vitamina de a a z,PLANTANATU,Embalagem de 1 unidades,"7,59 €","126,50 €/Kg"
Cabide Anti-Humidade,HUMYDRY,450 g,"0,99 €","0,20 €/L"
Desentupidor express gel elimina odores,Destop,1 litro,"4,89 €","6,52 €/L"
10 hamburguers 60% carne de bovino,PorSi,Embalagem de 1 kg,"2,79 €","8,72 €/Kg"
Recarga Sabonete Liquido Minerais do Mar,Dettol,250 ml,"1,09 €","2,18 €/L"
Mousse de chocolate preto,Páturages,Embalagem de 4x60 g,"1,19 €","2,59 €/Kg"
Pão Rústico com Malte,Pão do Dia,1 unidade= 100 g,"0,20 €","2,50 €/Kg"
"Escova de dentes, proteção global média, 2 unidades",Labell,Uma embalagem,"3,49 €","3,49 €/Unidade"
Trinca de arroz,PorSi,Embalagem de 1 kg,"22,99 €","1,15 €/Kg"
Papel higiénico reciclado 2 folhas,PorSi,12 rolos,"1,99 €","1,99 €/Unidade"
Tiras da Costela/Piano,Porco,1 un = 500 gr (aprox.),"4,89 €","4,89 €/Kg"
Ovos Frescos Classe M,PorSi,12 unidades,"2,19 €","2,19 €/Unidade"
Couve de bruxelas,PorSi,Embalagem de 750 g,"1,89 €","1,89 €/Kg"
Chocolate culinário 70% cacau,Pantagruel,Embalagem de 200g,"1,04 €","8,32 €/Kg"
"M&ms pouch, amendoim",M&m' s,Embalagem de 400 g,"11,98 €/Kg","11,98 €/Kg"
20 saquetas chá de limão,Lipton,Embalagem de 40g,"44,50 €/Kg","44,50 €/Kg"
Balões latex azul,PorSi,Embalagem com 24 unidades,"1,79 €","1,79 €/Unidade"
Azeitona verde inteira com alho,PorSi,Vendido ao peso a partir de 500 g,"1,00 €","3,99 €/Kg"
Tomates Cacho Redondos Biológicos,PorSi Bio,± 400 g,"0,46 €","2,29 €/Kg"
Snack para gato original,Felix,Embalagem de 60g,"0,99 €","16,50 €/Kg"
Marcadores para colorir,Domédia,embalagem com 18 unidades,"4,69 €","4,69 €/Unidade"
Bebida de Aveia,PorSi Viva Bem,1 l,"1,59 €","1,59 €/L"
Salada de fruta em calda,PorSi,Lata com 820 g,"1,99 €","2,37 €/Kg"
Na-esparguete bio 500g 10kg,Nacional,Embalagem de 500g,"1,89 €","3,78 €/Kg"
Receita caseira de bolonhesa,Nobre,Embalagem de 420g,"2,35 €","5,60 €/Kg"
Filetes primavera receita original sem glúten 250g,Iglo,Embalagem de 250g,"9,30 €/Kg","9,30 €/Kg"
Pensos térmicos alívio da dor muscular 13x10cm,PorSi,Embalagem de 2 unidades,"0,59 €","1,18 €/L"
Robalo de Viveiro,Programa Origens,1 un= 400 gr (aprox.),"6,49 €/Kg","6,49 €/Kg"
"Refrigerante com gás cola, mini lata",Coca-Cola,pack 12 x 0.15 l,"0,79 €","0,40 €/L"
"Hamburgers de porco, 4x80g",PorSi,Embalagem de 320 g,"2,79 €","8,72 €/Kg"
Toalha rolo branco 8x1. 20m,Domédia,1 unidade,"1,69 €","1,69 €/Unidade"
"Iogurte pedaços, frutimax muesli",PorSi,Embalagem de 4 x 125 g,"4,36 €","2,18 €/Kg"
Comida húmida para gato seleção de aves,Gourmet mp,Embalagem de 300g,"3,49 €","10,26 €/Kg"
Hambúrguer mediterrânico,Cemporcent,Embalagem de 160g,"4,99 €","16,63 €/Kg"
Doce morango 284g,ST.DALFOUR,Frasco de 284g,"2,19 €","9,95 €/Kg"
Abacate categoria II,Fruta do Dia,Embalagem de 300 g,"1,52 €","1,69 €/Kg"
Cocktail melão,Bar Royal,Garrafa de 750 ml,"11,99 €","11,99 €/L"
Queijo fresco ligth,PorSi,Embalagem de 4 x 62.5 g,"2,39 €","19,92 €/Kg"
Doce de chila 250g,Casaprisca,Embalagem de 250g,"2,19 €","9,95 €/Kg"
Pasta dentífrica herbal,Colgate,Embalagem de 75 ml,"2,39 €","31,87 €/L"
Castanhas,PorSi,Embalagem de 500G,"3,29 €","4,39 €/Kg"
Creme Mãos Secrets Coco,Dove,75 ml,"1,03 €","10,30 €/L"
Ananás rodelas em sumo,PorSi,Embalagem de 3 x 220 g,"1,99 €","2,37 €/Kg"
Fruta para bebé maçã cenoura manga +6 meses,Nestle,Embalagem de 90g,"0,74 €","8,22 €/Kg"
Penso diário salvaslip multiforma,Evax,embalagem de 34 unidades,"1,79 €","1,79 €/Unidade"
Recarga difusor elétrico recarga citronela,Dum Dum,1 unidade,"6,39 €","6,39 €/Unidade"
Mix de frutas para smothie,PorSi,Embalagem de 450 g,"3,29 €","4,39 €/Kg"
Bebida láctea crescimento c/ bolacha maria,Nestle,Embalagem de 1 litro,"0,26 €","1,30 €/L"
Aguardente 6 Anos,Adega Velha,"Garrafa 0,50 L","12,79 €","18,27 €/L"
Leite seleccionado magro,Matinal,Garrafa de 1 l,"0,81 €","0,81 €/L"
20 mini rissóis de camarão,PorSi,Embalagem de 300 g,"1,79 €","7,16 €/Kg"
Discos Sanitários Activos Aparelho Marinho,WC Pato,Embalagem de 36 ml,"2,99 €","74,75 €/Kg"
"Comida húmida para cão vaca, frango e borrego",Friskies,Embalagem de 12 x 100 g,"0,75 €","2,50 €/Kg"
Rebuçados recheio mel,PorSi,Embalagem de 200g,"0,77 €","3,85 €/Kg"
Recarga Ambientador Automático Essential Mist Lavand...,Air Wick,1 un.,"11,98 €","11,98 €/Unidade"
Salsa Molho Programa Origens,PorSi,Embalagem de 50g,"0,89 €","17,80 €/Kg"
Iogurte sabor pêssego morango e manga,Danone,Embalagem de 8 x 120 g com 1 grátis,"1,87 €","1,25 €/Kg"
Polvo limpo,PorSi,Embalagem de 1 kg,"5,49 €","6,86 €/Kg"
Açúcar areado amarelo,Rar,Embalagem de 1kg,"1,49 €","1,49 €/Kg"
Ambientador arbremagique pinho,Arbre Magique,1 unidade,"1,99 €","1,99 €/Unidade"
Fralda Cueca de Banho |Tamanho 3 X/S,Pommette,Embalagem de 12 un.,"9,49 €","9,49 €/Unidade"
Creme p/ Calçado Azul,Búfalo,Embalagem de 40 ml,"0,99 €","19,80 €/L"
Fígado,Porco,Vendido ao peso a partir de 1 kg,"2,49 €","2,49 €/Kg"
15 douradinhos,Capitão Iglo,Embalagem de 420g,"1,79 €","7,16 €/Kg"
Feijão verde,PorSi,Embalagem de 750 g,"1,89 €","1,89 €/Kg"
Shampô azul concentrado,PorSi,Embalagem de 1 l,"3,99 €","0,80 €/L"
8 nuggets ervilha - green cuisine,Iglo green,Embalagem de 250g,"1,89 €","6,30 €/Kg"
"Bolachas chiquilin, com 2 chocolates",Artiach,Embalagem de 150g,"2,15 €","2,87 €/Kg"
Alimento seco p/ cão raça pequena,PorSi Select,Embalagem de 3kg,"22,99 €","1,15 €/Kg"
Preparado sobremesa vegan sem lactose,Nestle,Embalagem de 370g,"1,69 €","8,45 €/L"
Rebuçados peitorais,PorSi,Embalagem de 200g,"0,77 €","3,85 €/Kg"
Farinha de milho 500g,ESPIGA,Embalagem de 500g,"1,99 €","1,99 €/Kg"
Leite infantil 3+ anos sem lactose,Mimosa,Garrafa de 1 l,"2,19 €","2,19 €/L"
Alho-francês,PorSi,Embalagem de 750 g,"1,89 €","1,89 €/Kg"
Ambientador vela gota baunilha,Air Wick,Embalagem de 1 unidades,"9,49 €","45,19 €/Kg"
Katia Beijinhos,Miss Concentra,1 unidade,"8,89 €","8,89 €/Unidade"
Ice tea de limão,PorSi,"Embalagem de 1,5 l","1,14 €","0,76 €/L"
Bechamel sem glúten,Parmalat,500 ml,"0,75 €","3,75 €/L"
Aditivo em pó oxi elimina odores,Vanish,Embalagem de 840 g,"3,09 €","3,09 €/Kg"
Topping chocolate belga,Branca de neve,Embalagem de 390g,"1,29 €","3,23 €/Kg"
Ambientador vela citronela,PorSi,1 unidade,"9,49 €","45,19 €/Kg"
Vinho rosé,Gatão,Garrafa de 0.75 l,"4,29 €","5,72 €/L"
Papas aveia maçã/canela,Origensbio,Embalagem de 300g,"4,99 €","16,63 €/Kg"
Feijão catarino,PorSi,Embalagem 500G,"2,78 €/Kg","2,78 €/Kg"
Boneca Musical Elsa,Disney,1 unidade,"8,89 €","8,89 €/Unidade"
Vinho Vinha da Fonte Setúbal tinto,Casa Ermelinda Freitas,Garrafa de 0.75 l,"2,99 €","3,99 €/L"
Yopro líquido manga,Danone,Embalagem de 300g,"1,17 €","1,83 €/Kg"
Atum posta em óleo,General,Embalagem de 110g,"9,08 €/Kg","9,08 €/Kg"
Limpa Máquina Loiça Regular,Finish,,"1,49 €","5,96 €/L"
Nestum zero espelta/aveia,Nestum,Embalagem de 250 g,"4,49 €","4,49 €/Kg"
"Compal vital laranja, cenoura e manga",Compal,Garrafa de 200 ml,"0,99 €","0,99 €/L"
Mousse de Banho Silk Creme Care,Nivea,Embalagem de 200 ml,"6,39 €/L","6,39 €/L"
Lambrusco branco,Sorbello,Garrafa de 0.75 l,"2,99 €","3,99 €/L"
"Pensos, 20 unidades",Hansaplast,1 embalagem,"0,59 €","1,18 €/L"
Removedor de bolores e fungos sem cloro,Uhu,Embalagem de 500 ml,"1,79 €","2,39 €/L"
Bacalhau posta média,PorSi,Embalagem de 800g,"6,39 €","7,99 €/Kg"
Rebuçados peitorais,Dr.bayard,Embalagem de 100g,"0,77 €","3,85 €/Kg"
Barras de cereais forma clássica,PorSi,Embalagem de 126g,"1,29 €","10,24 €/Kg"
Barras fitness natural 141g,Nestle,Embalagem de 140g,"1,29 €","10,24 €/Kg"
Leite Hidratante Delicadeza de Aveia,Ultra Suave,Embalagem de 400 ml,"12,48 €/L","12,48 €/L"
Moscatel favaios,Favaios,Garrafa de 750 ml,"5,99 €","7,99 €/L"
Nakis milho com chocolate negro,Bicentury,Embalagem de 91 g,"1,45 €","11,15 €/Kg"
Água oxigenada,Labell,Embalagem de 500 ml,"0,59 €","1,18 €/L"
Lixívia com detergente,PorSi,Embalagem de 2 l,"2,59 €","1,30 €/L"
Gelado viennetta morango,Olá,Embalagem de 650 ml,"2,69 €","5,38 €/L"
Ayam leite de coco,Ayam,Garrafa de 200 ml,"1,69 €","8,45 €/L"
Nata uht p/ bater 0% lactose,Parmalat,Embalagem de 200 ml,"0,75 €","3,75 €/L"
Spray Protect&Bronze FP30,Nivea Sun,1 Embalagem 300ml,"21,49 €","71,63 €/L"
Cereais recheados com chocolate e avelã,PorSi,Embalagem de 400g,"5,07 €/Kg","5,07 €/Kg"
Bolachas com recheio de chocolate,PorSi,Embalagem de 500g,"2,15 €","2,87 €/Kg"
Manteiga magra,PorSi,Embalagem de 250g,"1,69 €","6,76 €/Kg"
Luvas descartáveis extra long m/g,Vileda,10 unidade,"4,29 €","4,29 €/Unidade"
Bolachas digestive go aveia,Triunfo,Embalagem de 170g,"1,19 €","5,95 €/Kg"
Xarope grenadine,Paquito,Garrafa de 750 ml,"4,89 €","6,61 €/L"
Iogurte morango 000%,PorSi Viva Bem,Embalagem de 4 x 125 g,"7,66 €/Kg","7,66 €/Kg"
Bolacha Maria Integral,PorSi,Embalagem de 600g,"1,19 €","5,95 €/Kg"
"Batata frita, receita camponesa",Lay's,Embalagem de 250g,"1,19 €","6,43 €/Kg"
"M&m's drageias de amendoim e chocolate de leite,",M&m's,Embalagem de 200g,"11,98 €/Kg","11,98 €/Kg"
Mala criativa,Lego,1 unidade,"29,99 €","29,99 €/Unidade"
"Lenços de bolso, mentol, 10 unidades",Renova,Uma embalagem de 6x10,"0,89 €","0,89 €/Unidade"
Detergente Líquido Máquina Roupa Lavanda,Xau,Embalagem com 62 doses,"8,69 €","1,84 €/Kg"
Desumidificador Basic,HUMYDRY,embalagem de 250g,"5,99 €","79,87 €/Kg"
"Acendalha branca, 32 cubos",PorSi,Uma embalagem,"0,75 €","0,75 €/Unidade"
Amendoins mix original,Matutano,Embalagem de 130g,"0,79 €","7,90 €/Kg"
Cenouras Programa Origens,PorSi,Embalagem de 1 kg,"0,99 €","0,99 €/Kg"
Alimento para cão adulto alta energia,HappyOne,Embalagem de 10 kg,"22,99 €","1,15 €/Kg"
Leite uht meio gordo,Serraleite,Embalagem de 1 l,"0,81 €","0,81 €/L"
Caramelos de nata,PorSi,Embalagem de 250g,"2,75 €","11,00 €/Kg"
Spray tira gorduras eco,PorSi,Garrafa de 750 ml,"4,09 €","5,45 €/L"
Vinho do porto finest reserve,Dow's,Garrafa de 0.75 l,"9,99 €","13,32 €/L"
Magic coberto chocolate leite,Gullon,Embalagem de 240g,"2,15 €","2,87 €/Kg"
Manteiga com sal,Gresso,Embalagem de 250g,"1,69 €","6,76 €/Kg"
Óleo especial fritura,Fula,Garrafa de 1 l,"3,39 €","3,39 €/L"
Recarga p/ Esfregona |Suave,Vileda,,"0,89 €","0,89 €/Unidade"
"Tesoura de escritório, 21cm",Domédia,1 unidade,"2,19 €","109,50 €/L"
Alimento húmido de vaca para cão,Purina Beyond,Embalagem de 400 g,"0,75 €","2,50 €/Kg"
Super articulações,PLANTANATU,Embalagem de 1 unidades,"7,59 €","126,50 €/Kg"
Cogumelo portobello grande,Legumes do Dia,vendido ao peso,"1,89 €","6,30 €/Kg"
Molho inglês,Savora,Garrafa de 120 ml,"0,70 €","2,33 €/Kg"
Vela em número nº1,PorSi,1 unidade,"1,49 €","1,49 €/Unidade"
Creme vegetal para culinária,PorSi,Embalagem de 1 kg,"2,89 €","2,89 €/Kg"
Vinho doc dão tinto,Grao vasco,Garrafa de 750 ml,"3,99 €","5,32 €/L"
Cereais cookie crisp,Nestle,Embalagem de 380g,"5,07 €/Kg","5,07 €/Kg"
Queijo Curado kg,Castelões,1 un = 250 gr  (aprox.),"2,00 €","7,99 €/Kg"
Guardanapos Decorados,Scottex,Embalagem 50 Unidades,"1,29 €","1,29 €/Unidade"
Pão de trigo,MUSEU PAO,Embalagem de 450g,"1,59 €","3,53 €/Kg"
Chocolate Branco e Óreo,Milka,Embalagem de 100g,"0,99 €","9,90 €/Kg"
Bloco Sanitário Ativo Lavanda,Sonasol,Embalagem de 50 g,"2,99 €","74,75 €/Kg"
Rebuçados mentho-lyus sem açúcar,Halls,Embalagem de 31 g,"0,77 €","3,85 €/Kg"
Ambientador vela baunilha,PorSi,1 unidade,"9,49 €","45,19 €/Kg"
Azeite Virgem,Oliveira da Serra,Embalagem de 750 ml,"3,19 €","4,25 €/L"
Baguete de alho,Panike,Embalagem de 350g,"3,40 €/Kg","3,40 €/Kg"
Vela com número nº 5,PorSi,1 unidade,"1,49 €","1,49 €/Unidade"
Manga Refrigerante p/ Garrafas,AR,1 unidade,"3,49 €","3,49 €/Unidade"
Queijo mozzarella light ralado,PorSi Viva Bem,Embalagem de 150 g,"2,39 €","19,92 €/Kg"
Toalhitas WC Sensitive,Kandoo,Embalagem  2 x 50 un.,"1,09 €/Unidade","1,09 €/Unidade"
Bolacha dibus sharkies s/ glúten,Gullon,Embalagem de 250g,"2,69 €","17,93 €/Kg"
"Coloração permanente, preto nº10",Nutrisse,1 unidade,"9,49 €/Unidade","9,49 €/Unidade"
Caramelos de fruta,Penha,Embalagem de 100g,"1,10 €","4,40 €/Kg"
Bolachas peanut butter,Oreo,Embalagem de 150g,"0,79 €","4,49 €/Kg"
Refrigerante c/ gás de laranja zero,Fanta,"Garrafa de 1,5 l","0,79 €","0,40 €/L"
Leite Uht Proteína Café,Mimosa,Pack 3 x 250 ml,"1,29 €","1,29 €/L"
Manteiga c/sal,Terra Nostra,Embalagem de 250g,"1,69 €","6,76 €/Kg"
Aguardente vínica velha,Alianca v.,Garrafa de 700 ml,"12,79 €","18,27 €/L"
Pão Alentejano,Pão do Dia,1 unidade = 400 g,"0,20 €","2,50 €/Kg"
Vinagre de vinho tinto,Cristal,Garrafa de 500 ml,"0,35 €","0,70 €/L"
10 cápsulas café qanela,Delta Q,Embalagem de 60g,"59,82 €/Kg","59,82 €/Kg"
Oatibix aveia,Weetabix,Embalagem de 500g,"2,29 €","11,45 €/Kg"
Ervilhas primavera 500g,Iglo,Embalagem de 500g,"1,89 €","1,89 €/Kg"
Rhum negrita white,Negrita,Garrafa de 700 ml,"17,49 €","24,99 €/L"
Batata frita rodelas,PorSi,Embalagem de 2x70g,"1,06 €","5,73 €/Kg"
"Paezinhos azeite, alho e salsa",PorSi,Embalagem de 160g,"2,39 €","6,83 €/Kg"
Leite condensado cozido,PorSi,Embalagem de 397 g,"1,09 €","2,75 €/Kg"
Geleia de marmelo,Casa de Mateus,345 g,"3,29 €","9,54 €/Kg"
Fio dental gentle suave,Sensodyne,1 unidade,"3,49 €","3,49 €/Unidade"
Coentros em vaso,Aroma viva,Embalagem de 1 unidades,"0,89 €","17,80 €/Kg"
Linhaça dourada moída,Cemporcent,Embalagem de 200g,"2,29 €","11,45 €/Kg"
Intensificador de perfume em gel para a roupa romanc...,Quanto,300 ml,"3,09 €","3,09 €/Kg"
Sopa da pedra,PorSi,Embalagem de 420 g,"2,35 €","5,60 €/Kg"
"Gel barbear, proglide 2em1 Ocean Breeze",Gillette,Embalagem de 170 ml,"1,16 €","4,64 €/L"
Spray Limpa Placa Indução,Induclean,450 ml,"1,29 €","1,72 €/L"
Moelas,Frango,1 un = 200 gr (aprox.),"2,49 €","2,49 €/Kg"
Sabonete,Feno,Embalagem de 4x90 g,"4,49 €","12,47 €/Kg"
Snack dentastix médio,Pedigree,Embalagem de 720 g,"0,94 €","5,22 €/Kg"
Assador c/ Suporte + Velas Oval,Anilar,"Dim.: 39,5 x 27,5 x 6,6 cm","14,99 €","14,99 €/Unidade"
10 Preservativos Easy Way Nature,Control,,"4,49 €","4,49 €/Unidade"
Alface Frisada Programa Origens,PorSi,Embalagem de 500 g,"0,80 €","1,99 €/Kg"
Café torrado 5 estrelas moagem normal,Sical,Embalagem de 250g,"9,16 €/Kg","9,16 €/Kg"
Galão,PorSi,16 cápsulas,"3,19 €","25,52 €/Kg"
Folha de alumínio,Vileda,50 metros,"1,11 €","1,11 €/Unidade"
Areia para gatos biodegradável vegetal,PorSi,Embalagem de 8 litros,"1,19 €","0,24 €/Kg"
Guardanapos Red Label 1 Folha |Verde,Renova,Dim: 30x32cm |70 unidades,"1,29 €","1,29 €/Unidade"
Chocolate kit kat,Kit kat,Embalagem de 210g,"16,72 €/Kg","16,72 €/Kg"
Snack dentabits 40g,Whiskas,Embalagem de 40g,"0,99 €","16,50 €/Kg"
Salada riva,Vitacress,embalagem de 100 g,"0,99 €","0,99 €/Kg"
Nectar multivitaminas,Paquito,Embalagem de 2 l,"0,99 €","0,99 €/L"
Feijão com dobrada,PorSi,Embalagem de 420 g,"2,35 €","5,60 €/Kg"
"Chocolate m&m s, bag amendoim",M&m' s,Embalagem de 100 g,"11,98 €/Kg","11,98 €/Kg"
Leite creme,Royal,Embalagem de 90g,"0,79 €","5,27 €/Kg"
Água Mineral Natural 100% Reciclada,Vitalis,Garrafa de 1.5 l,"1,04 €","0,17 €/L"
Vermute rosso,Martini,Garrafa de 0.75 l,"22,49 €","32,13 €/L"
Manteiga com sal,Primor,Embalagem de 250g,"1,69 €","6,76 €/Kg"
Massa Fresca Tagliatelle,PorSi,Embalagem de 250 g,"0,99 €","4,30 €/Kg"
Cacetinho de Trigo,Pão do Dia,80 g,"0,20 €","2,50 €/Kg"
Spray desengordurante,Sonasol,Embalagem de 500 ml,"4,89 €","6,52 €/L"
"Refeição pronta, boião de frango e arroz",Bledina,Embalagem de 200g,"1,89 €","9,95 €/Kg"
"Sumo 100%, laranja",PorSi,"Embalagem de 1,5 l","1,09 €","0,73 €/L"
Pantagruel leite caramelo (10x),Pantagruel,Embalagem de 200g,"1,04 €","8,32 €/Kg"
10 salsichas de porco em lata,PorSi,Embalagem de 250G,"0,75 €","3,75 €/Kg"
Leite com sabor a chocolate proteína,Yopro,Garrafa de 330 ml,"1,29 €","1,29 €/L"
Estúdio de unhas deluxe,Cool Maker,1 unidade,"8,89 €","8,89 €/Unidade"
Grelo de Couve Programa Origens,PorSi,1 un = 1 kg (aprox.),"0,75 €","2,49 €/Kg"
Leite e cereais bolacha maria +6 meses,Cerelac,Garrafa de 400 ml,"4,49 €","4,49 €/Kg"
Beterraba s/ Rama,Programa Origens,1 un = 250 gr  (aprox.),"0,47 €","4,69 €/Kg"
Café solúvel intenso,Delta,Embalagem de 100g,"14,50 €/Kg","14,50 €/Kg"
Roupão banho criança cinza,PorSi,28 x 48 cm,"4,99 €","4,99 €/Unidade"
Sangria tinta,PorSi,Garrafa de 1.5 litros,"2,19 €","1,46 €/L"
12 douradinhos forníssimo,Capitão Iglo,Embalagem de 300g,"9,30 €/Kg","9,30 €/Kg"
Resguardos de cama,PorSi,20 unidades de 60 x 90 cm,"4,99 €","4,99 €/Unidade"
Espuma de barbear para peles sensíveis,Labell Men,Embalagem de 250 ml,"1,16 €","4,64 €/L"
Mistolin advanced anticalcário,Mistolin,Garrafa de 500 ml,"1,79 €","2,39 €/L"
Água com gás,Pedras salgadas,Embalagem de 4x1L,"2,85 €","2,85 €/L"
Snack para gato mixed grill,Felix,Embalagem de 60 g,"0,99 €","16,50 €/Kg"
Queijo mascarpone,Galbani,Embalagem de 250 g,"1,59 €","6,36 €/Kg"
Ambientador spray pure flor de cerejeira,PorSi,250 ml,"0,99 €","3,30 €/L"
Queijo chevre,Palhais,Embalagem de 180g,"1,89 €","10,50 €/Kg"
Autobrilhante Castanho,Búfalo,Embalagem de 50 ml,"2,25 €","45,00 €/L"
Bolacha de milho sem sal bio,Cemporcent,Embalagem de 110g,"1,45 €","11,15 €/Kg"
Guardanapos de 1 folha amarelos | dim.: 30 x 29 cm,PorSi,Embalagem com 70 unidades,"1,29 €","1,29 €/Unidade"
Mousse crocante baunilha,A leiteira,Embalagem 4 x 57 g,"1,19 €","2,59 €/Kg"
Mariscada,PorSi,Embalagem de 800g,"4,99 €","6,24 €/Kg"
Mopa Maxi XXL + 8 Panos,Swiffer,1 unidade,"2,20 €","2,20 €/Unidade"
Recarga Sabonete Liquido Lavanda,Dettol,250 ml,"1,09 €","2,18 €/L"
Bolo coco com calda,Condi,Embalagem de 450g,"1,69 €","8,45 €/L"
Farinha s/ fermento tipo 65,ESPIGA,Embalagem de 1 kg,"1,99 €","1,99 €/Kg"
Licor de coco,On Off,"Garrafa de 0,70 l","16,99 €","24,27 €/L"
8 pães de leite,PorSi,Embalagem de 280 g,"2,59 €","7,40 €/Kg"
Aperitivo de amendoins tostados forno,Matutano,Embalagem de 120g,"0,79 €","7,90 €/Kg"
Spray para vidros,PorSi,750 ml,"3,19 €","6,38 €/L"
Aguardente Vínica Velha,Martha's,"Garrafa 0,70L c/ Caixa de Madeira","12,79 €","18,27 €/L"
Arroz selvagem,Caçarola,Embalagem de 500 g,"0,99 €","0,99 €/Kg"
Milho tenro e doce,Bonduelle,Embalagem de 300 g,"1,79 €","2,29 €/Kg"
Whisky,J&B,Garrafa de 1 l,"23,49 €","23,49 €/L"
"Gel banho, hidratante",Labell,Embalagem de 750 ml,"6,39 €/L","6,39 €/L"
Ambientador Elétrico Lavanda e Aloe,Glade,1 unidade,"3,74 €","3,74 €/Unidade"
Ambientador aerossol 5 em 1 flor laranjeira,PorSi,300 ml,"0,99 €","3,30 €/L"
Rolinhos waffletten milk,Bahlsen,Embalagem de 100g,"16,72 €/Kg","16,72 €/Kg"
Sopa de cozido,Knorr,Embalagem de 70g,"0,84 €","13,55 €/Kg"
Sopa de cebola económica,Knorr,Embalagem de 50g,"0,84 €","13,55 €/Kg"
Spray desinfetante cozinha,Lysol,Embalagem de 500 ml,"1,29 €","1,72 €/L"
Pastilha Elástica Bottle Morango,Trident,Embalagem de 82 g,"3,09 €","38,63 €/Kg"
Nuggets frango,PorSi,pack familiar de 1 kg,"2,79 €","8,72 €/Kg"
Água mineral sem gás,Serra de Fafe,Embalagem de 6x0.5l,"1,04 €","0,17 €/L"
"Detergente para máquina de loiça, gel, tudo em 1 reg...",Sun,Embalagem de 45 doses,"1,49 €","5,96 €/L"
Toalha em rolo papel bordeau,PorSi,1 Unidade,"3,45 €","3,45 €/Unidade"
Bolacha infantil dinossaurus mini dino cereais,Artiach,Embalagem de 120g,"1,89 €","15,75 €/Kg"
Manteiga fácil de barrar,President,Embalagem de 250g,"1,69 €","6,76 €/Kg"
Presunto fatiado,PorSi,Embalagem de 200g,"2,79 €","13,95 €/Kg"
Whisky black bush,Bushmills,Garrafa de 700 ml,"23,49 €","23,49 €/L"
Lula recheada com carne,PorSi,Embalagem de 500 g,"1,89 €","6,30 €/Kg"
Maçã Fuji 75/80,Fruta do Dia,1 un = 180 gr (aprox.),"0,41 €","2,29 €/Kg"
Pipocas doces,Orcape,Embalagem de 100g,"0,79 €","7,90 €/Kg"
Feijão vermelho,Caçarola,Embalagem de 500 g,"2,78 €/Kg","2,78 €/Kg"
Molho mil ilhas,PorSi,Garrafa de 120 ml,"0,70 €","2,33 €/Kg"
"Iogurte líquido yoggi, sem lactose, morango",Nestle,Embalagem de 4 x 160 g,"1,17 €","1,83 €/Kg"
Vinho regional península de setúbal tinto,J.m.f.,Garrafa de 750 ml,"2,99 €","3,99 €/L"
My Fuzzy Friends com Luz e Som,Little Live Pets,1 unidade,"8,89 €","8,89 €/Unidade"
Vinho verde,Felgueiras,Garrafa de 0.75 l,"3,09 €","3,09 €/L"
Lava tudo antibacteriano herbal,PorSi,Garrafa de 1.5 l,"0,99 €","0,50 €/L"
Autobrilhante Branco,Búfalo,Embalagem de 50 ml,"2,25 €","45,00 €/L"
"Forma de papel para bolos, 9 cm, 60 unidades",PorSi,Uma embalagem,"1,69 €","1,69 €/Unidade"
Aperfeiçoador BB Cream Médio,Garnier,Embalagem de 50 ml,"2,99 €","59,80 €/L"
Batata pré-frita rodelas para saltear,PorSi,Embalagem de 1 kg,"2,39 €","3,98 €/Kg"
Adoçante em pó stevia,PorSi Viva Bem,Embalagem de 250 g,"5,99 €","23,96 €/Kg"
Vassoura Simples Pluma,PorSi,unidade,"2,20 €","2,20 €/Unidade"
Arroz vaporizado,Cigala,Embalagem de 1 kg,"0,99 €","0,99 €/Kg"
Massa aletria,PorSi,Embalagem de 500g,"0,89 €","1,78 €/Kg"
Chocolate culinário,Nestle,Embalagem de 200g,"1,04 €","8,32 €/Kg"
Drageias de chocolate de leite,PorSi,200 g,"11,98 €/Kg","11,98 €/Kg"
Massa meada,PorSi,Embalagem de 500g,"0,89 €","1,78 €/Kg"
Chupa sortidos s/ açúcar,Chupachups,Embalagem de 70g,"3,40 €","28,33 €/Kg"
Iogurte activia natural,Danone,Embalagem de 4 x 120 g,"2,49 €","5,19 €/Kg"
Espinafres salteado com alho,PorSi,Embalagem de 750g,"1,89 €","1,89 €/Kg"
Arroz integral extra longo,Cemporcent,Embalagem de 1 kg,"1,49 €","1,49 €/Kg"
Atum posta ao natural,Bom petisc,Embalagem de 120 g,"9,08 €/Kg","9,08 €/Kg"
Cenoura baby,PorSi,Embalagem de 400 g,"1,89 €","1,89 €/Kg"
Barrinhas pescada sem glúten,Pescanova,Embalagem de 300g,"1,79 €","7,16 €/Kg"
Batata pré-frita palito,PorSi,Embalagem de 1 kg,"2,39 €","3,98 €/Kg"
Bolachas cream cracker,PorSi,Embalagem de 600g,"0,39 €","3,12 €/Kg"
Peito de peru,Salsicharia Limiana,"Vendido ao peso, fatiado","2,25 €","11,25 €/Kg"
Achocolatado intenso 40% cacau,Nestle,Embalagem de 330g,"6,64 €/Kg","6,64 €/Kg"
Faca Pão 20 cm Preta,PorSi,1 unidade,"9,99 €","9,99 €/Unidade"
Bolacha maria,Cuetara,Embalagem de 3 x 200 g + 33% grátis,"2,11 €/Kg","2,11 €/Kg"
"Vinho rosé, região península de setúbal, bag in box",Dom Campos,Garrafa de 5 l,"9,49 €","1,90 €/L"
"Queijo light, mini",Babybel,Embalagem de 120g,"2,39 €","19,92 €/Kg"
Meloa Gália,Fruta da Época,1 un = 1 kg (aprox.),"2,69 €","2,69 €/Kg"
Gomas tijolos ácidos,PorSi,Embalagem de 300 g,"1,19 €","3,97 €/Kg"
Mimosa bem especial leite e amêndoa,Mimosa,Embalagem de 1 litro,"2,19 €","2,19 €/L"
Aditivo Máquina Roupa em Pó Oxi action Pink,Vanish,420 g,"3,09 €","3,09 €/Kg"
"Sabonete líquido de leite de amêndoas, recarga",Palmolive,Embalagem de 300 ml,"1,09 €","2,18 €/L"
"Coloração permanente, óleo preto intenso 1/10",Syoss,1 unidade,"9,49 €/Unidade","9,49 €/Unidade"
Adoçante com doseador,PorSi,Embalagem de 66g,"5,99 €","23,96 €/Kg"
Mega cozinha,Barbie,1 conjunto,"8,89 €","8,89 €/Unidade"
Biscoito para cão nuggets,Purina One,Embalagem de 90g,"0,94 €","5,22 €/Kg"
Alho moído,PorSi,Frasco com 45 g,"0,25 €","0,25 €/Kg"
Halls vita c morango sem açúcar,Halls,Embalagem de 32 g,"0,77 €","3,85 €/Kg"
Bolacha água e sal com azeite e azeitona doses,Vieira,Embalagem de 190g,"0,39 €","3,12 €/Kg"
"Inseticída, vaporizador, extra gt",Biokill,Garrafa de 380 ml,"5,09 €","8,48 €/L"
Chocolate culinário em pó,PorSi,Embalagem de 125 g,"1,04 €","8,32 €/Kg"
Ambientador arbre magique côco,Arbre Magique,1 unidade,"1,99 €","1,99 €/Unidade"
Queijo ralado dispensador,PorSi,Embalagem de 80g,"1,49 €","7,45 €/Kg"
"Recarga ambientador eléctrico, alfazema",PorSi,Embalagem de 25 ml,"11,98 €","11,98 €/Unidade"
Cobertura tábua de engomar,PorSi,Dim.: 130 x 47 cm,"16,50 €","16,50 €/Unidade"
Água s/ gás,Fastio,Garrafa de 1 l,"1,04 €","0,17 €/L"
Flocos de batata para puré,PorSi,Embalagem de 500g,"1,89 €","1,89 €/Kg"
Smarties mini chocolate,SMARTIES,Embalagem de 187g,"11,98 €/Kg","11,98 €/Kg"
Pao brioche fatiado,PorSi,Embalagem 500G,"1,59 €","3,53 €/Kg"
Mistura solúvel mokambo,Nestle,Embalagem de 200g,"1,64 €","6,56 €/Kg"
Mistura de frutos exóticos,PorSi,Embalagem de 450 g,"3,29 €","4,39 €/Kg"
Cenoura,PorSi,1 un = 100 gr  (aprox.),"0,79 €/Kg","0,79 €/Kg"
Creme de amendoim chunk 340g,Skippy,Embalagem de 340g,"8,13 €/Kg","8,13 €/Kg"
Batata Doce,Legumes do Dia,1 un = 250 gr  (aprox.),"0,45 €","1,79 €/Kg"
Spray limpa vidros,Ajax,Embalagem de 500 ml,"3,19 €","6,38 €/L"
Lima Elétrica Pés Velvet Smooth,Scholl,1 unidade,"5,99 €","59,90 €/L"
Gel desinfectante de mãos,Top Brands,Garrafa de 75 ml,"0,99 €","1,98 €/L"
Tablete triple chocolate,Milka,Embalagem de 90g,"5,30 €/Kg","5,30 €/Kg"
Detergente líquido máquina de lavar roupa cores escu...,Woolite,56 doses,"8,69 €","1,84 €/Kg"
"Aditivo para máquina de roupa, líquido branco",X-TRA,"Embalagem de 1,2 l","3,09 €","3,09 €/Kg"
"Bloco sanitário blue activ, eucalio",Sonasol,Embalagem de 50 g,"2,99 €","74,75 €/Kg"
Compasso 5 peças com study,Maped,Uma embalagem,"2,19 €","109,50 €/L"
Couve Bróculo,Legumes do Dia,Vendido ao peso,"0,80 €","1,99 €/Kg"
Nabiça,PorSi,Embalagem com 500 g (aprox.),"0,80 €","1,99 €/Kg"
Sangria branca,Casal Garcia,Garrafa de 750 ml,"2,19 €","1,46 €/L"
"Inseticida max, concentrado sensitive",Dum Dum,Garrafa de 400 ml,"5,09 €","8,48 €/L"
Queijo de Ovelha Curado Apimentado,PorSi,,"4,50 €","17,99 €/Kg"
"Barra especial k, chocolate de leite",Kellogg's,Embalagem de 130g,"1,29 €","10,24 €/Kg"
Bebida de soja comcálcio,Frias,Garrafa de 1 l,"2,19 €","2,19 €/L"
"Desmaquilhante de rosto in-shower, peles normais",Nivea,Embalagem de 150 ml,"23,70 €/L","23,70 €/L"
Bolacha maria ruca doses,Vieira,Embalagem de 300g,"1,89 €","15,75 €/Kg"
Bolachas choco mini estrelas,Milka,Embalagem de 190g,"2,15 €","2,87 €/Kg"
Bebida arroz biológico original,Rice Dream,Garrafa de 1 l,"2,19 €","2,19 €/L"
Massas espirais tricolores,PorSi,Embalagem 500G,"0,89 €","1,78 €/Kg"
Mariscada,PorSi,Embalagem de 800g,"2,19 €","8,59 €/Kg"
Mistolin tira gorduras desinfetante,Mistolin,Garrafa de 550 ml,"1,79 €","2,39 €/L"
"Vela em número, nº 7",PorSi,1 unidade,"1,49 €","1,49 €/Unidade"
Jogo 4 Tapetes Alcatifa,PorSi,1 unidade,"4,99 €","19,96 €/L"
Rolo de Cozinha Gigaroll Branco,Renova,1 Rolo,"4,99 €","4,99 €/Unidade"
Grills chicken,8in1,1 unidade,"0,94 €","5,22 €/Kg"
Salsichas de porco,Nobre,Lata de 250g,"0,75 €","3,75 €/Kg"
Natas uht com cogumelos,Parmalat,Embalagem de 200 ml,"0,75 €","3,75 €/L"
Queijo nisa dop,Monforqj,Embalagem de 300g,"2,87 €","15,94 €/Kg"
Néctar light manga/laranja,Compal,330 ml,"0,84 €","2,55 €/L"
Vinagre de sidra pet,Paladin,Garrafa de 500 ml,"0,35 €","0,70 €/L"
Cerveja branca,E.damm,Pack 6 x 0.25 l,"1,99 €/L","1,99 €/L"
Queijo dop cura 12 meses,Sao jorge,Embalagem de 300g,"2,00 €","7,99 €/Kg"
Spray nature casa de banho,Cif,embalagem de 750 ml,"1,79 €","2,39 €/L"
Lava tudo limão verde,Cif,"Garrafa de 1,4 l","0,99 €","0,50 €/L"
Alimento seco para cão alta energia,PorSi,Embalagem de 10kg,"22,99 €","1,15 €/Kg"
Pomada para calçado preto,Splendor,lata com 50 ml,"0,99 €","19,80 €/L"
Massa para pizza,PorSi,Embalagem de 260 g,"0,99 €","4,30 €/Kg"
5 folhas de gelatina incolor,PorSi,Embalagem de 9 g,"0,55 €","61,11 €/Kg"
Creme de Mãos Xpress Absorv,Bioten,Embalagem de 100ML,"1,03 €","10,30 €/L"
"Caramelos de café, creme",Werthers,Embalagem de 90g,"2,75 €","11,00 €/Kg"
Pudim de baunilha,PorSi,Embalagem de 90g,"0,59 €","29,50 €/Kg"
"Luvas multiusos relevo antiderrapante, tamanho peque...",PorSi,Embalagem de 1 unidades,"4,29 €","4,29 €/Unidade"
Pensos Incontinência Mulher Discreet Normal Night,Tena,10 unidades,"1,95 €","1,95 €/Unidade"
Lava tudo lavanda,Cif,"Garrafa de 1,4 l","0,99 €","0,50 €/L"
Queijo Picante Beira Baixa DOP,Casa Almeida,Vendido a partir de 250 gr (aprox.),"2,87 €","15,94 €/Kg"
Luvas descartáveis extra long p/m,Vileda,10 unidade,"4,29 €","4,29 €/Unidade"
Creme abrasivo activo c/ lixívia,Cif,Garrafa de 500 ml,"2,59 €","1,30 €/L"
Óleo Diesel 15w40,PorSi,Embalagem de 5 l,"14,99 €","14,99 €/L"
Biscoitos de cacau,PorSi,Embalagem de 750g,"0,69 €","3,45 €/Kg"
Pudim baunilha,Boca Doce,Embalagem de 20g,"0,59 €","29,50 €/Kg"
As minhas primeiras receitas - refeição legumes com ...,Nestle,Embalagem de 190g,"1,89 €","9,95 €/Kg"
Árvore de Natal,*,Dim.: 180cm,"4,99 €","4,99 €/Unidade"
Leite com chocolate sem lactose,Ucal,Embalagem de 6 x 250 ml,"0,26 €","1,30 €/L"
Macchiato café arábica,PorSi,250 ml,"3,19 €","25,52 €/Kg"
Sumo 100% fresco ananás,Paquito,Embalagem de 1 l,"1,09 €","0,73 €/L"
Bebida de soja de amêndoa,Alpro,Embalagem de 1 litro,"2,49 €","2,49 €/L"
Fio dentario 50m,Colgate,1 unidade,"3,49 €","3,49 €/Unidade"
Creme de Limpeza Facial com Chá Kombucha,Diadermine,40 g,"23,70 €/L","23,70 €/L"
Lixívia perfumada,PorSi,Embalagem de 5 l,"2,59 €","1,30 €/L"
Sumo 100% maçã e frutos vermelhos,Compal,1 litro,"1,09 €","0,73 €/L"
Vassoura exterior alta,PorSi,Unidade,"2,20 €","2,20 €/Unidade"
Miolo camarao gig.15/30 250g,Pescanova,Embalagem de 250 g,"8,99 €","25,69 €/Kg"
Queijo mozzarella fatias,PorSi,Embalagem de 200 g,"1,56 €","7,80 €/Kg"
Nutripuffs de banana 8 meses s/ açúcar,Cerelac,Embalagem de 7g,"0,74 €","8,22 €/Kg"
Cebolinho,PorSi,20 g,"0,89 €","17,80 €/Kg"
Perna c/ Osso,Peru,1 un = 1 kg (aprox.),"3,99 €","3,99 €/Kg"
Batatas forno ervas,Lay's,Embalagem de 130g,"1,19 €","6,43 €/Kg"
Moscatel Roxo Setúbal,Alambre,Garrafa de 750 ml,"5,99 €","7,99 €/L"
Alimento lácteo maçã morango +8 meses,Yogolino,Embalagem de 90g,"0,74 €","8,22 €/Kg"
6 Cálices de Vinho Cristallin,Bohemia,Cap.: 570 ml,"5,59 €","5,59 €/Unidade"
Manteiga magra,Mimosa,Embalagem de 250g,"1,69 €","6,76 €/Kg"
Guardanapos Olé Branco 1 Folha,Renova do Bem,Dim.: 30x30cm,"1,29 €","1,29 €/Unidade"
Favas ultracongeladas,PorSi,Embalagem de 400g,"1,89 €","1,89 €/Kg"
Queijo feta dop grego,Kolios,Embalagem de 200g,"1,49 €","7,45 €/Kg"
Desinfetante p/ Roupa,Sanytol,embalagem com 500ml,"10,99 €","52,33 €/Kg"
Queijo flamengo 0% lactose,PorSi Viva Bem,Embalagem de 150 g,"1,56 €","7,80 €/Kg"
Damasco Programa Origens,PorSi,Vendido ao peso,"2,19 €","17,52 €/Kg"
Água mineral sem gás,Serra de Fafe,"Embalagem de 6x0,33 l","1,04 €","0,17 €/L"
Miolo de mexilhão,PorSi,Embalagem de 250 g,"4,99 €","6,24 €/Kg"
Cubos pão trigo tostado,PorSi,Embalagem de 150g,"2,39 €","6,83 €/Kg"
Vinho tinto regional alentejano,Tapada do Barão,Garrafa de 0.75 l,"4,99 €","6,65 €/L"
8 rissóis de camarão,PorSi,Embalagem de 300g,"1,79 €","7,16 €/Kg"
Molho bechamel,PorSi,Embalagem de 500 ml,"0,75 €","3,75 €/L"
Gelado magnum mini double chocolate e caramelo,Olá,Embalagem de 6 x 60 ml,"5,99 €","16,64 €/L"
Spray tira nódoas,Kh 7,Garrafa de 750 ml,"10,99 €","52,33 €/Kg"
Sultana Preta,PorSi,Embalagem de 200g,"0,79 €","3,95 €/Kg"
Leite especial cálcio + vitamina d m/g,Mimosa,Garrafa de 1 l,"1,29 €","1,29 €/L"
Madalenas de Laranja,Brioxa,12 Unidades - Embalagem de 500 g,"2,05 €","5,13 €/Kg"
"Coloração permanente, louro claro, nº80",Nutrisse,1 unidade,"9,49 €/Unidade","9,49 €/Unidade"
Collant opac microfibras preto 60D,PorSi,Tamanho: m,"1,89 €","1,89 €/Unidade"
Callippo super mix,Olá,Embalagem de 5 x 105 ml,"5,99 €","16,64 €/L"
Presunto S/Osso,Pata branca,"Vendido ao peso, fatiado a partir de 200 g","2,79 €","13,95 €/Kg"
Zero snack 35 g chocolate duplo,Prozis,Embalagem de 40g,"0,69 €","1,73 €/Kg"
Inseticida aerossol moscas. melgas e mosquitos,Baygon,Embalagem de 400 ml,"5,09 €","8,48 €/L"
"Anti-calcário, máquina roupa, gel",Calgon,"Garrafa de 1,5 l","8,69 €","1,84 €/Kg"
Torta natas com cobertura de cacau,PorSi,Embalagem de 300g,"2,05 €","5,13 €/Kg"
"Espuma de cabelo, volume absoluto",Pantene,Embalagem de 200 ml,"4,19 €","16,76 €/L"
Creme Muda Fralda,Baby Dove,Embalagem de 45 g,"0,59 €","5,90 €/L"
Ritinha Gatinha e Caminha,Miss Concentra,1 unidade,"8,89 €","8,89 €/Unidade"
Chá verde,PorSi,Embalagem de 37.5 g,"0,99 €","23,02 €/Kg"
Vassoura Especial Lisa,PorSi,unidade,"2,20 €","2,20 €/Unidade"
Ambientador vela frutos vermelhos,PorSi,1 unidade,"9,49 €","45,19 €/Kg"
Papel Fotocópia A4 |80g,Navigator,,"2,59 €","2,59 €/Unidade"
Elimina odores spray,Splendor,150 ml,"5,29 €","35,27 €/L"
Sacos lixo eco 100 litros,PorSi,10 unidades,"1,79 €","1,79 €/Unidade"
Gressinos com sésamo,PorSi,Embalagem de 250 g,"2,39 €","6,83 €/Kg"
Creme de coentros sem batata,PorSi,800 g,"1,99 €","2,49 €/Kg"
Alho Francês,Programa Origens,1 un = 300 g (aprox.),"0,75 €","2,49 €/Kg"
Desinfetante p/ WC,Sanytol,Embalagem de 750 ml,"1,79 €","2,39 €/L"
Rolo tira pelos 12 folhas,PorSi,1 unidade,"0,99 €","0,20 €/L"
Snack dentastix grande,Pedigree,Embalagem de 270 g,"0,94 €","5,22 €/Kg"
Cogumelo branco,*,Embalagem de 300g,"1,89 €","6,30 €/Kg"
Molho mad chips top down,Calve,Embalagem de 260g,"0,70 €","2,33 €/Kg"
Desentupidor de fole com cabo,PorSi,1 unidade,"17,00 €","17,00 €/Unidade"
Amaciador color-vive,Elvive,Embalagem de 200 ml,"1,00 €","5,00 €/L"
Douradinhos estaladiços,Capitão Iglo,Embalagem de 340g,"9,30 €/Kg","9,30 €/Kg"
Feijao verde redondo,PorSi,Embalagem de 400g,"1,89 €","1,89 €/Kg"
Lava Tudo Brilhante Madeira,Sonasol,"embalagem 1,1L","2,29 €","2,29 €/L"
Porquinho,Little Live Pets,1 unidade,"8,89 €","8,89 €/Unidade"
"Gel cabelo, hard cement",Fru style,Embalagem de 200 ml,"4,19 €","16,76 €/L"
Vinho tinto doc douro,Qta.cotto,Garrafa de 750 ml,"7,49 €","9,99 €/L"
Vinho do porto tawny,Cruz,"Garrafa de 0,75 l","15,99 €","21,32 €/L"
Iogurte mix-in chocapic,Nestle,Embalagem de 2 x 118 g,"1,05 €","1,86 €/L"
Spray limpeza casa de banho,PorSi,750 ml,"1,79 €","2,39 €/L"
Mortadela de peru fatiada,PorSi,Embalagem de 200g,"0,95 €","4,75 €/Kg"
Agrião,PorSi,Vendido ao peso,"0,75 €","2,49 €/Kg"
Café em cápsulas dolce gusto galão,Nescafe,Embalagem de 16 cápsulas,"59,82 €/Kg","59,82 €/Kg"
Pao ralado classico 200g,ESPIGA,Embalagem de 200g,"0,55 €","2,29 €/Kg"
Amaciador rosa e rosmaninho,Surf,90 doses,"8,99 €","2,25 €/L"
"Cerveja com álcool, lata",Super Bock,Garrafa de 330 ml,"1,99 €/L","1,99 €/L"
Filetes de pescada,PorSi,Embalagem de 400 g,"4,39 €","10,98 €/Kg"
Luva Pele,Itools,1 unidade,"5,39 €","5,39 €/Unidade"
Kefir líquido natural,Nestle,Embalagem de 500 g,"1,17 €","1,83 €/Kg"
Guardanapos art de la table 33 x 33 cm,Renova,3 folhas | 50 unidades,"1,29 €","1,29 €/Unidade"
Queijo grana padano ralado,Galbani,Embalagem de 60 g,"1,49 €","7,45 €/Kg"
Snack Gato Anti Bolas de Pelo,PorSi,Embalagem 60 g,"0,99 €","16,50 €/Kg"
Limpa pavimentos flutuantes,PorSi,Embalagem de 1 litro,"1,79 €","2,39 €/L"
Double espresso go chill,Delta,Garrafa de 230 ml,"3,19 €","25,52 €/Kg"
Batata doce frita,PorSi,Embalagem de 150g,"1,06 €","5,73 €/Kg"
Super Cola 3 Removedor,Loctite,Embalagem de 5 g,"1,79 €","1,79 €/Unidade"
Tostas integrais,Bimbo,embalagem de 270 g,"2,39 €","6,83 €/Kg"
Queijo Raclette Fatias,Páturages,Embalagem de 400 g,"1,56 €","7,80 €/Kg"
Leite com chocolate sem lactose,Ucal,Embalagem de 6 x 250 ml,"2,19 €","2,19 €/L"
Jarro de 1 litro + 4 copos,Codil,1 conjunto,"1,69 €","1,69 €/Unidade"
Manteiga de amendoim cremosa,Prozis,Embalagem de 500g,"8,13 €/Kg","8,13 €/Kg"
Inseticida Elétrico Citronela,Dum Dum,1 unidade = 45 noites,"6,39 €","6,39 €/Unidade"
Miolo de avelã,PorSi,Embalagem de 200 g,"0,79 €","3,95 €/Kg"
Bolachas mini prince recheadas com chocolate,PRINCE,Embalagem de 160 g,"1,89 €","15,75 €/Kg"
Snack para gato chezzy,Felix,Embalagem de 60g,"0,99 €","16,50 €/Kg"
"Bolachas deloba, fruta",Bahlsen,Embalagem de 100g,"0,79 €","5,27 €/Kg"
Queijo Castelo Branco DOP,Casa Almeida,Vendido ao peso a partir de 250 gr,"2,87 €","15,94 €/Kg"
Mortadela fatiada,PorSi,Embalagem de 200 g,"0,95 €","4,75 €/Kg"
Brandy,ON/OFF,Garrafa de 700 ml,"15,49 €","15,49 €/L"
Iogurte magro + gelatina framboesa,Mimosa,Embalagem de 4 x 120 g,"7,66 €/Kg","7,66 €/Kg"
Creme Depilatório Peles Normais,Veet,Embalagem de 200 ml,"3,29 €","3,29 €/Unidade"
Luvas Universal Média/Grande,Vileda,1 unidade,"4,29 €","4,29 €/Unidade"
Grão de bico,Caçarola,Embalagem de 500 g,"0,99 €","1,98 €/Kg"
Argolas do mar,Pescanova,Embalagem de 400g,"5,49 €","6,86 €/Kg"
Tablete de chocolate negro,PorSi Select,200 g,"10,52 €/Kg","10,52 €/Kg"
Alheira tradicional 180g,Prisca,Embalagem de 180g,"1,49 €","7,45 €/Kg"
Fralda Cueca Extra Tamanho 3,Dodot,Embalagem com 64 uni.,"9,49 €","9,49 €/Unidade"
Bolacha diet nature recheio creme,Gullon,Embalagem de 210g,"0,79 €","4,49 €/Kg"
Cera liquida amarela,Novycera,Garrafa de 500 ml,"2,29 €","2,29 €/L"
Entremeada s/ Entrecosto,Porco,Vendido ao peso a partir de 1 kg,"4,89 €","4,89 €/Kg"
Barra push up,Dunlop,1 unidade,"4,19 €","4,19 €/Unidade"
Salsichas cocktail em frasco,Nobre,Embalagem de 250 g,"0,75 €","3,75 €/Kg"
Gelatina limão 10kcal,Royal,Embalagem de 30g,"0,55 €","61,11 €/Kg"
Patê sardinha,La piara,Embalagem de 80g,"1,19 €","13,52 €/Kg"
Pedras limão/chá verde,P.salgadas,pack 4 x 0.25 l,"2,85 €","2,85 €/L"
Creme autobrilha incolor,Splendor,40 ml,"2,25 €","45,00 €/L"
Óleo de linhaça bio,Cemporcent,Garrafa de 250 ml,"3,39 €","3,39 €/L"
Cogumelos laminados,PorSi,780 g,"1,79 €","2,29 €/Kg"
Bolachas rosquilhas,PorSi,Embalagem de 600g,"1,69 €","6,76 €/Kg"
"Alimento para peixe, tetramin staple food",Tetra,Embalagem de 250 ml,"7,29 €","7,29 €/L"
Com Ponei,Pinypon,1 un.,"8,89 €","8,89 €/Unidade"
"Bolachas relieve, mel e coco",PorSi,Embalagem de 700g,"3,09 €","10,30 €/Kg"
Concentrado de laranja,Sunquick,Garrafa de 700 ml,"4,89 €","6,61 €/L"
Bolo brigadeiro,Condi,Embalagem de 630g,"1,69 €","8,45 €/L"
Milho doce,PorSi,Embalagem de 400 g,"1,89 €","1,89 €/Kg"
Nata uht,PorSi,Embalagem de 200 ml,"0,75 €","3,75 €/L"
Bandas de cera axilas/bikini,Labell,Embalagem com 16 un. + 4 toalhitas de acabamento,"1,15 €","1,15 €/Unidade"
Escova de dentes expert white media 360º,Colgate,1 unidade,"3,49 €","3,49 €/Unidade"
Vinho verde branco alvarinho,Qm,Garrafa de 0.75 l,"3,09 €","3,09 €/L"
"Rebuçados sem açúcar, mel/limão",Halls,Embalagem de 128 g,"0,77 €","3,85 €/Kg"
Bolachas cobertura de chocolate e avelã,PorSi,Embalagem de 150g,"0,79 €","5,27 €/Kg"
Lic.amendoa amarga zimbro,Zimbro,Garrafa de 0.70L,"16,99 €","24,27 €/L"
Pastilhas elásticas splash morango e lima,Trident Max,Embalagem de 66 g,"3,09 €","38,63 €/Kg"
Lambrusco tinto,Cavicchiol,Garrafa de 750 ml,"2,99 €","3,99 €/L"
Pizza de Atum,PorSi,Embalagem de 350 g,"2,16 €","6,17 €/Kg"
Nectar clássico maracujá,Compal,Garrafa de 1 l,"1,09 €","0,73 €/L"
Sabonete Liquido Gel Antibacteriano,Labell,Embalagem de 300 ml,"1,09 €","2,18 €/L"
Mini Hambúrguer de Batata Doce e Quinoa Green Cuisin...,Iglo green,Embalagem de 270g,"1,89 €","6,30 €/Kg"
Vela em número nº4,PorSi,1 unidade,"1,49 €","1,49 €/Unidade"
Bola mistura,Pão do Dia,1 unidade= 80 g,"0,20 €","2,50 €/Kg"
Coentro Molho Programa Origens,PorSi,Embalagem de 50g,"0,89 €","17,80 €/Kg"
10 saquetas infusão de cidreira,Lipton,Embalagem de 20g,"0,99 €","76,15 €/Kg"
Mel simples bio,Casaprisca,Embalagem de 250g,"2,25 €","9,00 €/Kg"
"Vinho DOC Bairrada, Branco",Selecção de Enófilos,Garrafa de 0.75 l,"2,92 €/L","2,92 €/L"
Leite magro em pó,Páturages,Embalagem de 300 g,"2,79 €","9,30 €/Kg"
Bolacha de aveia e laranja sem glúten,Gullon,Embalagem de 180 g,"2,69 €","17,93 €/Kg"
Caderno Agrafado Capa Preta |A5 Pautado,Domédia,1 unidade,"3,69 €","3,69 €/Unidade"
Spray desengordurante universal,Neoblanc,Embalagem de 500 ml,"2,59 €","1,30 €/L"
Agrião Programa Origens,PorSi,Embalagem de 400g,"0,99 €","0,99 €/Kg"
Red Fish Grande,Peixe Congelado,1 un = 500 gr (aprox.),"2,50 €","9,99 €/Kg"
Alheira seleção,Terras do Demo,Embalagem com 200 g,"1,49 €","7,45 €/Kg"
Queijo de cabra com azeite&oregãos,Palhais,Embalagem de 130 g,"1,89 €","10,50 €/Kg"
Tomate inteiro pelado,PorSi,Embalagem de 390 g,"1,79 €","2,29 €/Kg"
Morcela de Assar do Fundão,PorSi,"Vendido ao peso, 1 un= 500 g (aprox.)","1,49 €","7,45 €/Kg"
Actimel morango,Danone,Embalagem de 6 x 100g,"4,15 €/Kg","4,15 €/Kg"
Copos Martini 24 cl,R. Leerden,4 copos,"5,59 €","5,59 €/Unidade"
Néctar light manga/laranja,Compal,Garrafa de 200 ml,"0,99 €","0,99 €/L"
Chouriço com feijão,Nobre,Embalagem de 420g,"2,35 €","5,60 €/Kg"
"Leite uht, gordo",Serraleite,Embalagem de 1 l,"0,94 €","0,94 €/L"
Granola aveia fitness mel,Nestle,Embalagem de 300g,"3,45 €","26,74 €/Kg"
Bandas de cera depilatória axilas peles sensíveis,Veet,embalagem com 16 unidades,"1,15 €","1,15 €/Unidade"
"Alimento seco para gato adulto, bio complex, frango ...",HappyOne,Embalagem de 2 kg,"12,99 €","4,33 €/Kg"
Limpa madeiras com sabão,PorSi,1.5 litros,"4,39 €","14,63 €/L"
Bebida solúvel cereais+fibra frasco 200g,Delta,Embalagem de 200g,"14,50 €/Kg","14,50 €/Kg"
"Frigideira anti-aderente, 28cm",PorSi,1 unidade,"11,99 €","11,99 €/Unidade"
30 cápsulas super rendimento,PLANTANATU,Embalagem de 1 unidades,"7,59 €","126,50 €/Kg"
Cola BricoCeys,Ceys,1 unidade,"1,79 €","1,79 €/Unidade"
Tomate em pedaços,Guloso,Embalagem de 390g,"3,84 €","24,00 €/Kg"
Cocktail mango,Bar Royal,Garrafa de 750 ml,"8,49 €","11,32 €/L"
Café moagem universal angola,Delta,Embalagem de 220g,"9,76 €/Kg","9,76 €/Kg"
Alimento seco para gato de salmão,HappyOne,Embalagem de 2 kg,"12,99 €","4,33 €/Kg"
Maionese Top Down,Calvé,Embalagem de 753 g,"0,70 €","2,33 €/Kg"
Detergente Líquido p/ Loiça Original,Fairy,"Embalagem de 1,19 l","0,99 €","1,98 €/L"
Tablete de chocolate amendoim,Nestle,Embalagem de 90 g,"10,52 €/Kg","10,52 €/Kg"
Toucinho do céu,PorSi,Embalagem de 2x100 g,"0,55 €","2,75 €/Kg"
Pictionary Portugal,Mattel,1 un.,"31,99 €/Unidade","31,99 €/Unidade"
"Tira nódoas, spray oxi",PorSi,Embalagem de 1 l,"10,99 €","52,33 €/Kg"
Champô Limão & Argila,Ultra Suave,Embalagem de 400 ml,"5,59 €","13,98 €/L"
"Lixívia para roupa, tradicional verde denso",PorSi,Embalagem de 2L,"1,74 €","0,35 €/L"
Snack para gato frango,Felix,Embalagem de 50g,"0,99 €","16,50 €/Kg"
Pizza 4 estações,PorSi,Embalagem de 350g,"2,16 €","6,17 €/Kg"
Gin dry,Big Boss,Garrafa de 700 ml,"19,79 €","19,79 €/L"
Vinho do porto lágrima tinto,Ramos Pinto,"Garrafa de 0,75L","15,99 €","21,32 €/L"
Gronola de aveia chocolate,Nestle,Embalagem de 300g,"3,45 €","26,74 €/Kg"
Tira Nódoas Acidentais,Iberia,Embalagem de 150 ml,"10,99 €","52,33 €/Kg"
Anti-Traça Gel Lavanda,Dum Dum,2 unidades,"5,99 €","176,18 €/Kg"
Salsichão fuet caseiro peru,Elpozo,Embalagem de 150g,"1,35 €","16,88 €/Kg"
Mopa com 8 panos jack junior,Swiffer,1 unidade,"2,20 €","2,20 €/Unidade"
Corn flakes saco,PorSi,Embalagem de 500g,"1,49 €","2,98 €/Kg"
Recarga mopa,PorSi,1 unidade,"0,89 €","0,89 €/Unidade"
Água com gás,PorSi,"Garrafa de 1,5 l","2,85 €","2,85 €/L"
"Bloco sanitário azul, recarga",WC Pato,Embalagem de 2x40 g,"2,99 €","74,75 €/Kg"
Queijo creme de salmão,Philadelph,Embalagem de 150g,"2,05 €","16,40 €/Kg"
"Arroz de cenoura, pimentos e alho francês pré-cozinh...",Pato real,Embalagem de 260 g,"2,35 €","5,60 €/Kg"
Cereais petalas chocolate,PorSi,Embalagem de 625g,"5,07 €/Kg","5,07 €/Kg"
"Flutes 18,2 cl",Masterpro,2 unidades,"5,59 €","5,59 €/Unidade"
Maçã starking 60/65 categoria II Programa Origens,PorSi,Embalagem de 1.5 kg,"0,41 €","2,29 €/Kg"
Bolacha tostada,PorSi,Embalagem de 800g,"2,11 €/Kg","2,11 €/Kg"
Azeite virgem extra seleção,PorSi,Garrafa de 750 ml,"3,19 €","4,25 €/L"
Snack para gato com sabor a frango e fígado Play Tub...,Felix,Embalagem de 50 g,"0,99 €","16,50 €/Kg"
Spray Limpa Cockpit,Redex,Embalagem de 600 ml + oferta pano micro-fibra,"3,99 €","0,80 €/L"
Mopa attractive plus completa,Vileda,Embalagem de 1 unidades,"2,20 €","2,20 €/Unidade"
Tampões Cotton Protection Regular,Tampax,16 unidades,"1,39 €","1,39 €/Unidade"
Bolacha infantil dinossaurus mini dino chocolate,Artiach,Embalagem de 120g,"1,89 €","15,75 €/Kg"
"Drageias de chocolate, tubos",SMARTIES,Embalagem de 110g,"11,98 €/Kg","11,98 €/Kg"
Conjunto Fleurs Du Paradis,Coquette,EAU DE TOILETTE 100 ML + R-ON 10 ML,"12,99 €","12,99 €/Unidade"
Bifes da rabadilha de novilho,PorSi,Embalagem de 400 g,"6,29 €","15,73 €/Kg"
Sumo essencial manga,Compal,pack 3 x 0.11 l,"2,29 €","6,94 €/L"
Batata frita caseira rodela,Pala-pala,Embalagem de 300g,"0,87 €","5,44 €/Kg"
Infusão lúcia lima,PorSi,Embalagem de 35 g,"0,99 €","76,15 €/Kg"
Lombos de pescada,PorSi,Embalagem de 400 g,"4,39 €","10,98 €/Kg"
Tostas mistura sem glúten,PorSi Viva Bem,Embalagem de 140g,"2,69 €","17,93 €/Kg"
Pão da Avó 90 g,Pão do Dia,,"0,20 €","2,50 €/Kg"
Queijo flamengo fatiado light,Paiva,Embalagem de 180g,"1,56 €","7,80 €/Kg"
Leite uht gordo,Mimosa,Embalagem de 1 litro,"0,94 €","0,94 €/L"
Bebida de amêndoa bio,Joya,Embalagem de 3 x 200 ml,"1,59 €","1,59 €/L"
Wafers framboesa cubos,Vieira,Embalagem de 130g,"0,98 €","4,67 €/Kg"
Escova dentífrica infantil bambu,Colgate,1 unidade,"0,99 €","0,99 €/Unidade"
Gel desinfectante de mãos,Top Brands,Garrafa de 500 ml,"0,99 €","1,98 €/L"
Molho de soja c/ dispensador redução sal,KIKKOMAN,150 ml,"3,99 €","26,60 €/L"
"Bebida láctea crescimento 1-3 anos, cereais",Nestle,Embalagem de 1 litro,"0,26 €","1,30 €/L"
Vermute rosso,Martini,Embalagem de 10x6 cl,"22,49 €","32,13 €/L"
Creme anti-rugas de dia revitalift,L'oreal,Embalagem de 50 ml,"2,99 €","59,80 €/L"
Vinho verde branco loureiro,Q.REGAINHO,Garrafa de 0.75 l,"1,59 €","2,12 €/L"
"Fiambre extra, fatias finas",PorSi,Embalagem de 150 g,"0,97 €","6,49 €/Kg"
"Elixir bocal, menta",Labell,Embalagem de 500 ml,"1,29 €","2,58 €/L"
Banda cera fria peles sensíveis p/corpo,Veet,Embalagem de 20 unidades,"1,15 €","1,15 €/Unidade"
Brinca a curar,Nenuco,1 unidade,"8,89 €","8,89 €/Unidade"
Alho moído,PorSi,Saqueta de 50 g,"0,25 €","0,25 €/Kg"
Leite c/ Chocolate,Agros,Embalagem de 4 x 200 ml,"0,26 €","1,30 €/L"
Caixa de arrumação reciclada,PorSi,40 litros,"7,49 €","7,49 €/Unidade"
Bebé com patudo,Nenuco,1 unidade,"8,89 €","8,89 €/Unidade"
Sumo 100% tomate,PorSi,Embalagem de 1.5 l,"1,09 €","0,73 €/L"
Néctar light de manga/laranja prism,PorSi,Embalagem de 1 l,"0,84 €","2,55 €/L"
Salsichas de aves,Nobre,Lata de 200 g,"0,75 €","3,75 €/Kg"
"Lapiseira long life, 0,7 mm",Maped,"embalagem com 3 unidades, sortidas","3,29 €","3,29 €/Unidade"
"Cerveja sem álcool, preta",Super Bock,pack 6 x 0.33 l,"5,99 €","3,03 €/L"
Hambúrguer de soja,Cemporcent,Embalagem de 160g,"2,09 €","8,36 €/Kg"
Luva Animais da Quinta,Chicco,Uma unidade,"11,99 €/Unidade","11,99 €/Unidade"
Máquina depilação descartável Simply Venus 2,Gillette,3 Unid. + 1 Grátis,"1,99 €","1,99 €/Unidade"
Barrita controlo de peso maçã,Ignoramu,Embalagem de 44g,"1,99 €","45,23 €/Kg"
Tosta rica mini go,Cuetara,Embalagem de 240g,"1,89 €","15,75 €/Kg"
Queijo em fatias,Terra Nostra,Embalagem de 400g,"1,56 €","7,80 €/Kg"
Açorda de camarão,PorSi Select,Embalagem de 300g,"1,79 €","7,16 €/Kg"
Azeite virgem extra seleção,PorSi,Garrafa de 250 ml,"3,19 €","4,25 €/L"
Bolachas shortcake,PorSi,Embalagem de 233 g,"1,69 €","6,76 €/Kg"
Stevia chocolate negro,Cemporcent,Embalagem de 100g,"2,89 €","23,12 €/Kg"
10 Preservativos Easy Way Finissímos,Control,,"4,49 €","4,49 €/Unidade"
Cereais cruesli chocolate,Quaker,Embalagem de 380g,"2,29 €","6,11 €/Kg"
Bicarbonato de sódio,PorSi,Embalagem de 500 g,"1,79 €","2,39 €/L"
Recarga p/ ambientador elétrico flores,Ambipur,3 unidades,"11,98 €","11,98 €/Unidade"
Aperitivos  fritos,Fritos,Embalagem 130G,"0,79 €","7,90 €/Kg"
Vinho regional tejo 3 castas branco,Fiuza,Garrafa de 750 ml,"3,99 €","5,32 €/L"
"Limpa móveis pistola, multissuperfícies",Pronto,Embalagem de 500 ml,"1,19 €","0,79 €/L"
Comida húmida para cão de vaca e frango,PorSi,Lata de 400 g,"0,75 €","2,50 €/Kg"
Snack gato salmao,PorSi,Embalagem de 60g,"0,99 €","16,50 €/Kg"
Bolachas cream cracker doses individuais,Vieira,Embalagem de 180g,"0,39 €","3,12 €/Kg"
Ambientador Arbre Lavanda,Arbre Magique,3 unidade,"1,99 €","1,99 €/Unidade"
Escova para calçado,Sonaf,1 unidade,"5,29 €","35,27 €/L"
Ração para cão mini adulto nutri soft com frango,Friskies,"Embalagem de 1,4 kg","22,99 €","1,15 €/Kg"
Cereais Corn Flakes Original,Kellogg's,Embalagem de 380g,"1,49 €","2,98 €/Kg"
Nestle scm regular tubo 12x pt,Nestle,Embalagem de 450g,"1,09 €","2,75 €/Kg"
Licor beirão,Beirão,Garrafa de 700 ml,"22,49 €","32,13 €/L"
Cerveja com álcool,Super Bock,Garrafa de 1 l,"1,99 €/L","1,99 €/L"
Iogurte Activia Fibras Aveia & Frutos Secos,Danone,Embalagem 4x115g,"2,49 €","5,19 €/Kg"
Iogurte sólido sem lactose morango,Mimosa,Embalagem de 480g,"1,87 €","1,25 €/Kg"
Chocolates maltesers,MALTESERS,Embalagem de 90g,"11,98 €/Kg","11,98 €/Kg"
Millet (milho painço),Cemporcent,Embalagem de 500g,"1,49 €","1,49 €/Kg"
Queijinho dadoninho petitdino de morango,Danone,Embalagem de 6 x 50 g,"1,05 €","1,86 €/L"
Azeite Subtil,Gallo,Garrafa de 2 l,"3,19 €","4,25 €/L"
Café moagem universal portugal,Delta,Embalagem de 250g,"9,76 €/Kg","9,76 €/Kg"
Nata uht para bater,Parmalat,Embalagem de 200 ml,"0,75 €","3,75 €/L"
Mirtilos 100% Naturais,PorSi,Embalagem de 250 g,"3,29 €","4,39 €/Kg"
Chocolate negro 70% cacau bio,Cemporcent,Embalagem de 100g,"2,89 €","23,12 €/Kg"
Lamina Descartáveis Platina,Labell,Pack 10 unidades,"1,16 €","4,64 €/L"
"Sabonete sólido, oliva",Feno,Embalagem de 4x90g,"4,49 €","12,47 €/Kg"
vinho do Porto Ruby,Velhotes,"garrafa de 0,75 l","6,65 €/L","6,65 €/L"
Bebida de soja-arroz,Shoyce,Garrafa de 1 l,"2,49 €","2,49 €/L"
Pilhas recarregáveis AAA HR03 1.2V 800mAh,Domédia,Embalagem com 4 unidades,"1,49 €","1,49 €/Unidade"
Queijo Curado,Ilha Azul,Vendido ao peso a partir de 250 gr,"2,42 €","9,69 €/Kg"
Bolacha torrada com canela,PorSi,Embalagem de 2 x 250 g,"2,11 €/Kg","2,11 €/Kg"
Lixívia Denso-Activa Harmonias Florais p/ Casa e Rou...,Neoblanc,Embalagem de 2 l,"1,74 €","0,35 €/L"
Queijo de cabra curado,PorSi,Embalagem de 2x100 g,"1,89 €","10,50 €/Kg"
Óleo de coco biológico,Seara,Garrafa de 270 ml,"1,29 €","1,29 €/L"
Iogurte líquido danonino morango,Danone,Embalagem de 4 x 100 g,"1,05 €","1,86 €/L"
40 filtros café número 4,Planteur,Embalagem com 40 filtros,"0,80 €","0,80 €/Unidade"
Flocos de aveia finos integrais,Cemporcent,Embalagem de 400g,"0,69 €","1,73 €/Kg"
Néctar clássico tutti-frutti,Compal,330 ml,"0,99 €","0,99 €/L"
Iogurte tipo grego natural,PorSi,Embalagem de 12 x 125 g,"0,99 €","1,98 €/Kg"
Pão forma sem côdea,PorSi,Embalagem de 450g,"1,59 €","3,53 €/Kg"
"Escova dentes, proteção global suave, 2 unidades",Labell,1 embalagem,"3,49 €","3,49 €/Unidade"
Queijo em cubos para saladas,PorSi,Embalagem de 150 g,"1,49 €","7,45 €/Kg"
Pringles original,Pringles,Embalagem de 175g,"1,06 €","5,73 €/Kg"
Bolachas shortcake cacau,PorSi,Embalagem de 185 g,"1,69 €","6,76 €/Kg"
Vinho maduro tinto doc alentejo reserva,Albarrada,Garrafa de 75 cl,"4,99 €","6,65 €/L"
Sortido bolacha princesa,Vieira,Embalagem de 400g,"6,83 €/Kg","6,83 €/Kg"
Água s/ gás,S.estrela,"Pack 6 x 0,50 l","1,04 €","0,17 €/L"
Palmilha cortiça com latex t 38/39,Sonaf,1 unidade,"5,99 €","59,90 €/L"
Nutella,Nutella,Embalagem de 700g,"8,13 €/Kg","8,13 €/Kg"
"Bracito trufa de chocolate, 4 unidades",Dulcesol,Embalagem de 240g,"2,05 €","5,13 €/Kg"
Reparador de móveis normal,PorSi,Embalagem de 200 ml,"4,39 €","14,63 €/L"
Tomate triturado,Compal,Embalagem de 500g,"3,84 €","24,00 €/Kg"
Iogurte líquido laranja,Danone,Embalagem de 6 x 100 g,"4,15 €/Kg","4,15 €/Kg"
Resguardo para bebé,PorSi,Dim.: 60 x 60 cm,"4,99 €","4,99 €/Unidade"
Pectina,Condi,Embalagem de 25g,"2,04 €","81,60 €/Kg"
"Leite uht, com café, galão alentejano",Serraleite,Embalagem de 1 l,"1,29 €","1,29 €/L"
Bolachas maria,PorSi,Embalagem de 800g,"2,11 €/Kg","2,11 €/Kg"
Multi vitaminas 50+,PLANTANATU,Embalagem de 1 unidades,"7,59 €","126,50 €/Kg"
Limpa fornos,PorSi,500 ml,"1,79 €","2,39 €/L"
Ovos de galinha ao ar livre | Classe: M/L,Matinados,6 unidades,"2,19 €","2,19 €/Unidade"
Concentrado laranja e pêssego,Sunquick,Garrafa de 580 ml,"4,89 €","6,61 €/L"
Vinho Regional Lisboa Reserva Branco,Marginal,Garrafa de 0.75 l,"3,99 €","5,32 €/L"
"Groselha, Categoria ll",Fruta do Dia,Embalagem de 125 g,"2,19 €","17,52 €/Kg"
Rolo de cozinha mega,PorSi,1 rolo,"4,99 €","4,99 €/Unidade"
Preparado de bolo de iogurte,PorSi,500 g,"1,69 €","8,45 €/L"
Toalhita Azul,Dodot,Embalagem c/ Tampa | 64 un.,"1,09 €/Unidade","1,09 €/Unidade"
Sacos para congelar zip & go 1 litro,Vileda,15 unidades,"1,11 €","1,11 €/Unidade"
Vinho DOC Bairrada Branco,Marquês de Marialva,Garrafa de 0.75 l,"2,92 €/L","2,92 €/L"
Flakes,Cuetara,Embalagem de 500g,"5,07 €/Kg","5,07 €/Kg"
Massa fettuccine,PorSi,Embalagem de 500g,"0,89 €","1,78 €/Kg"
"Infusãoo mirtilo/acai, 20 saquetas",Tetley,Embalagem de 40g,"0,99 €","76,15 €/Kg"
Orégãos em folha,PorSi,Embalagem de 10g,"0,25 €","0,25 €/Kg"
Caramelo líquido,PorSi,Embalagem de 400g,"1,29 €","3,23 €/Kg"
Bicarbonato de sódio,Globo,Embalagem de 230g,"1,89 €","17,18 €/Kg"
Iogurte pedaços frutas variadas,PorSi,Embalagem de 16 x 125 g,"4,36 €","2,18 €/Kg"
Spray limpa inox,Cif,Garrafa de 440 ml,"1,79 €","2,39 €/L"
Leite pastagem uht terra nostra inteiro,Terra Nostra,Garrafa de 1 l,"1,09 €","1,09 €/L"
"Vinho Alentejo, Private Collection, Tinto",Selecção de Enófilos,Garrafa de 0.75 l,"2,99 €","3,99 €/L"
Bebida de Soja Baunilha,PorSi Viva Bem,1 l,"2,49 €","2,49 €/L"
Linhaça castanha moída,Cemporcent,Embalagem de 200g,"2,29 €","11,45 €/Kg"
Rebuçados de café,Villa,Embalagem de 200 g,"1,15 €","4,60 €/Kg"
Biscoitos integrais aveia e manteiga de amendoim,PorSi Viva Bem,Embalagem de 150g,"1,45 €","11,15 €/Kg"
Lixívia para roupa delicada,Neoblanc,Embalagem de 1 l,"1,19 €","0,60 €/L"
Bolacha vitalday frutos vermelhos,Gullon,Embalagem de 240g,"3,09 €","10,30 €/Kg"
Sumo concentrado de laranja/maracujá,GUD,Garrafa de 740 ml,"4,89 €","6,61 €/L"
Licor Jagermeister,JAGERMEIST,Garrafa de 700 ml,"16,99 €","24,27 €/L"
Senses Tropical,Trident,1 un.,"3,09 €","38,63 €/Kg"
Cerveja c/ álcool branca,Franziskan,Garrafa de 500 ml,"1,99 €/L","1,99 €/L"
Azeite virgem extra seleção ouro,Oliveira da Serra,Garrafa de 750 ml,"3,19 €","4,25 €/L"
Ketchup picante,Heinz,460 g,"0,70 €","2,33 €/Kg"
Bolachas waffers nice baunilha,Dailidoce,Embalagem de 250g,"0,98 €","4,67 €/Kg"
Dawnut de chocolate,Pastelaria do Dia,1 unidade = 60 g,"0,30 €/Unidade","0,30 €/Unidade"
Cereais golden e crispy,PorSi,Embalagem de 375 g,"5,07 €/Kg","5,07 €/Kg"
Topping morango,Branca de neve,Embalagem de 370g,"1,29 €","3,23 €/Kg"
Yofu natural com coco,Alpro,Embalagem de 500 gr,"3,09 €","6,18 €/Kg"
Azeite Virgem Extra Planícies do Sul,Gallo,Garrafa de 0.75 l,"3,19 €","4,25 €/L"
Mopa com 8 panos jack junior,Swiffer,1 unidade,"0,89 €","0,89 €/Unidade"
Açorda de camarão,PorSi Select,380 g,"1,79 €","7,16 €/Kg"
Manga Refrigerante p/ Garrafas,AR,1 unidade,"17,99 €","17,99 €/Unidade"
Iogurte sólido sem lactose morango,Mimosa,Embalagem de 480g,"0,99 €","1,98 €/Kg"
Camarão cozido 20/30,PorSi,Embalagem de 500 g,"5,25 €","14,99 €/Kg"
Ambientador Anti-Tabaco,Ambipur,1 un.,"1,99 €","1,99 €/Unidade"
Queijo de cabra curado rolo,PorSi,Embalagem de 180 g,"1,89 €","10,50 €/Kg"
Desinfetante em gel p/ wc,Cif,Garrafa de 750 ml,"2,79 €","3,99 €/L"
Esparguete Clássica,Nacional,Embalagem de 500 g,"0,89 €","1,78 €/Kg"
Lombo curado fatiado,PorSi,100 g,"2,49 €","16,60 €/Kg"
Special k aveia mel,Kellogg's,Embalagem de 420g,"1,49 €","2,98 €/Kg"
Casa mateus temporada - morango   6x350g,Casa de Mateus,Embalagem de 350g,"3,59 €","10,26 €/Kg"
Papel vegetal esquiço A4,Papelaria Fernandes,56 folhas,"3,69 €","3,69 €/Unidade"
"Vinho Bairrada, Tinto",Selecção de Enófilos,Garrafa de 0.75 l,"2,92 €/L","2,92 €/L"
Queijo fresco meio gordo,PorSi,200 g,"1,09 €","5,45 €/Kg"
"Champô, anti-caspa",Labell Men,Embalagem de 300 ml,"5,99 €","14,98 €/L"
Toalhetes Íntimos Suaves,Corine de Farme,Embalagem com 10 un.,"2,89 €","2,89 €/Unidade"
Salsicha vegetal,Veg In,Embalagem de 1 kg,"4,79 €","4,79 €/Kg"
Milho para pipocas,Globo,Embalagem de 400g,"0,79 €","7,90 €/Kg"
Néctar de laranja do algarve,Compal,Garrafa de 200 ml,"0,99 €","0,99 €/L"
"Pensos Elásticos Mini Pack, 6 unidades",Hansaplast,1 embalagem,"0,59 €","1,18 €/L"
Lula cortada da patagónia,Pescanova,Embalagem de 400g,"5,49 €","6,86 €/Kg"
Linhaça dourada e moída,Cemporcent,Embalagem de 200g,"2,29 €","11,45 €/Kg"
Aditivo tira nódoas oxi action pink,Vanish,Embalagem de 900 ml,"3,09 €","3,09 €/Kg"
Forma Pão de Ló Antiaderente 24cm,PorSi,1 unidade,"11,99 €","11,99 €/Unidade"
Batata frita caseira,PorSi,Embalagem de 500g,"0,87 €","5,44 €/Kg"
Cerveja c/ álcool,Super Bock,pack 24 x 0.33 l,"1,99 €/L","1,99 €/L"
Absorvente de odores marine,Brise,Embalagem de 300 ml,"16,63 €/L","16,63 €/L"
Espargos Verdes,Legumes do Dia,embalagem com 250g,"0,47 €","4,69 €/Kg"
Tempero para Frangos Ervas Aromáticas,PorSi,34 g,"3,84 €","24,00 €/Kg"
Iogurte Líquido Yoggi Frutos Tropicais s/ Lactose,Nestle,4x160g,"0,99 €","1,98 €/Kg"
Café gold colômbia frasco,Nescafe,Embalagem de 100 g,"14,50 €/Kg","14,50 €/Kg"
Vinho regional lisboa reserva tinto,Marginal,Garrafa de 0.75 l,"3,99 €","5,32 €/L"
Cornflakes sem açúcar,Cemporcent,Embalagem de 250g,"0,69 €","1,73 €/Kg"
20 saquetas chá de baunilha c/ caramelo,Lipton,Embalagem de 40g,"0,99 €","99,00 €/Kg"
Doce de morango 60% fruta,Cemporcent,Embalagem de 280g,"5,99 €","19,97 €/Kg"
Sacos lixo eco com atilho 50 litros,PorSi,15 unidades,"1,79 €","1,79 €/Unidade"
Adoçante recarga,Canderel,Embalagem de 40g,"5,99 €","23,96 €/Kg"
Esferográfica Azul Média,Mab,Embalagem com 4 un.,"3,29 €","3,29 €/Unidade"
Massa esparguete,Milaneza,Embalagem de 500g,"0,89 €","1,78 €/Kg"
Café em cápsulas deqafeitatus,Delta Q,Embalagem de 55 g,"59,82 €/Kg","59,82 €/Kg"
Peito de frango,Salsicharia Limiana,"Vendido ao peso, fatiado","2,25 €","11,25 €/Kg"
Batata chef gourmet,MCCAIN,Embalagem de 500 g,"2,39 €","3,98 €/Kg"
Café 5 estrelas grão,Sical,Embalagem de 1 kg,"9,16 €/Kg","9,16 €/Kg"
Fiambre da perna extra fatias extra finas,Porminho,Embalagem de 150 g,"0,97 €","6,49 €/Kg"
Detergente liquido loiça limão,PorSi,Garrafa de 1 litro,"0,99 €","1,98 €/L"
Cereais chooks,Nacional,Embalagem de 300g,"5,07 €/Kg","5,07 €/Kg"
Ambientador vela gota frutos vermelhos,Air Wick,Embalagem de 1 unidades,"9,49 €","45,19 €/Kg"
Cereais crunch 375g,Nestle,Embalagem de 380g,"5,07 €/Kg","5,07 €/Kg"
Penso Diário Maxi,Ausonia,1 Embalagem c/30 unidades,"1,79 €","1,79 €/Unidade"
"Hamburguers de vaca, 4x80g",PorSi,Embalagem de 320 g,"2,79 €","8,72 €/Kg"
"Linguíca, 4 unidades",PorSi,Embalagem de 180 g,"1,00 €","5,00 €/Kg"
Ananás em rodelas lata,PorSi,Embalagem de 820g,"1,99 €","2,37 €/Kg"
Princesas do mar,PorSi,Embalagem de 255 g,"2,19 €","8,59 €/Kg"
Queijo de Ovelha Meio Gordo,Seia,1 un = 450 g (aprox.),"4,50 €","17,99 €/Kg"
Lip Gloss #330,Rimmel,1 unidade,"3,99 €","3,99 €/Unidade"
Pensos peles sensíveis sortidos,PorSi,30 unidades,"0,59 €","1,18 €/L"
Rolo de Cozinha Branco Eco Compacto,PorSi,2 = 6 Rolos,"4,99 €","4,99 €/Unidade"
Lava Tudo Brilhante Floral,Sonasol,"embalagem 1,1L","0,99 €","0,50 €/L"
Creme autobrilhante castanho,Splendor,40 ml,"2,25 €","45,00 €/L"
Máscara tesouros de mel,Garnier,Embalagem de 300 ml,"1,00 €","5,00 €/L"
Mix cogumelos para carne,*,200 g,"1,89 €","6,30 €/Kg"
Pastel de Nata,PorSi,60G,"0,30 €/Unidade","0,30 €/Unidade"
Mix pimentos 3 cores,Legumes do dia,Embalagem de 500 g,"0,75 €","2,99 €/Kg"
Croissant simples,PorSi,Embalagem de 400g,"2,05 €","5,13 €/Kg"
Croissant recheado de cacau/avelã,PorSi,Embalagem de 315g,"2,05 €","5,13 €/Kg"
5 manhãzitos choco chips,Manhazitos,Embalagem de 175 g,"2,59 €","7,40 €/Kg"
"Queijo fresco, grande",PorSi,Embalagem de 250 g,"1,09 €","5,45 €/Kg"
Posta Tradicional 9 Meses Cura,Riberalves,Embalagem de 550 g,"6,39 €","7,99 €/Kg"
Prince biscuit-sandwich chocolate chocolate r,PRINCE,Embalagem de 300g,"2,15 €","2,87 €/Kg"
Conjunto lata,Nivea,3 peças,"11,99 €","11,99 €/Unidade"
"Queijo médio, metades",Casteloes,Embalagem de 580g,"2,00 €","7,99 €/Kg"
Puzzle Spiderman,Clementoni,2 x 60 peças,"29,99 €","29,99 €/Unidade"
Tira nódoas em spray cores,Neoblanc,Embalagem de 700 ml,"10,99 €","52,33 €/Kg"
Aperitivo de anis,Ricard,Garrafa de 700 ml,"22,49 €","32,13 €/L"
Infusão cavalinha,Cemporcent,Embalagem de 10 unidades,"0,99 €","76,15 €/Kg"
Mix panquecas proteicas,Cemporcent,Embalagem de 500g,"1,49 €","1,49 €/Kg"
Queijo flamengo barra,PorSi,"Vendido ao peso, fatiado a partir de 100 gr","1,56 €","7,80 €/Kg"
Gelatina de laranja,PorSi,Embalagem de 170g,"0,55 €","61,11 €/Kg"
"Ambientador spray, aerosol, relax zen",Glade,Embalagem de 300 ml,"0,99 €","3,30 €/L"
Cola de Contacto Transparente,Pattex,Embalagem de 50 g,"1,79 €","1,79 €/Unidade"
Café solúvel gold,PorSi Select,Embalagem 100G,"14,50 €/Kg","14,50 €/Kg"
Queijo são jorge dop,PorSi Select,Embalagem de 400g,"2,42 €","9,69 €/Kg"
Queijo ilha ralado,PorSi,Embalagem de 200g,"1,49 €","7,45 €/Kg"
Filetes de pescada,Pescanova,Embalagem de 400g,"4,39 €","10,98 €/Kg"
Alimento lácteo alperce +6 meses,Yogolino,Embalagem de 4 x 100 g,"2,89 €","7,23 €/Kg"
Café nyeri quénia moagem universal,Sical,Embalagem de 220g,"9,76 €/Kg","9,76 €/Kg"
Biscoitos rosegones,Dulcesol,Embalagem de 130g,"0,69 €","3,45 €/Kg"
Gran cruz rosé porto cruz pink,Cruz,Garrafa de 750 ml,"22,49 €","32,13 €/L"
Gel de Banho Shea Butter & Vanilla,Dove,Embalagem de 750 ml,"6,39 €/L","6,39 €/L"
Yaos iogurte grego natural,Nestle,Embalagem de 4x110g,"0,99 €","1,98 €/Kg"
Açúcar demerara,Rar,Embalagem de 500 g,"1,49 €","1,49 €/Kg"
Nenuco faz ó-ó,Nenuco,1 unidade,"8,89 €","8,89 €/Unidade"
Espumante tinto bruto,Alianca,Garrafa de 750 ml,"8,49 €","11,32 €/L"
Bolachas de manteiga,PorSi,Embalagem de 200 g,"1,69 €","6,76 €/Kg"
Spray wc active clean citrus & waterlilly,Ambipur,750 ml,"1,79 €","2,39 €/L"
Bucal maça natural,Andros,Embalagem de 750 g,"2,04 €","81,60 €/Kg"
Schär bolacha chocolate o´s sem glúten,Schar,Embalagem de 165g,"1,45 €","11,15 €/Kg"
Snack cão dentafresh pequeno,Pedigree,Embalagem de 110 g,"0,94 €","5,22 €/Kg"
"Vinho bairrada, reserva, tinto",Selecção de Enófilos,Garrafa de 0.75 l,"2,92 €/L","2,92 €/L"
Bolacha maria,PorSi,Doses Individuais 12 x 25 g,"2,11 €/Kg","2,11 €/Kg"
Pastilhas de Limpeza Aparelho Dentário,Polident,Embalagem com 30 unidades,"7,39 €","105,57 €/Kg"
Gel Banho Care&Orange,Nivea,Embalagem de 500 ml,"6,39 €/L","6,39 €/L"
Pérolas de perfume unstoppables fresh,Lenor,Embalagem de 210g,"10,99 €","52,33 €/Kg"
Queijo Flamengo em Barra,Terra Nostra,1 un = 150 gr (aprox.),"1,56 €","7,80 €/Kg"
Ice tea de limão,PorSi,Embalagem de 2 l,"1,14 €","0,76 €/L"
Bacalhau Corrente,Bacalhau da Noruega,1 un= 750 g (aprox.),"8,73 €/Kg","8,73 €/Kg"
Batatas mediterrâneas originais,Lay's,Embalagem de 150g,"1,06 €","5,73 €/Kg"
Milho inteiro,Rac.zezere,Embalagem de 5 kg,"3,59 €","11,97 €/Kg"
Infusão de camomila,Tetley,Embalagem de 10g,"0,99 €","76,15 €/Kg"
Vinagre de vinho branco envelhecido,PorSi,Garrafa 250ML,"0,35 €","0,70 €/L"
Infusão de frutos vermelhos,Tetley,Embalagem de 20g,"44,50 €/Kg","44,50 €/Kg"
Lasanha bolonhesa,Iglo,Embalagem de 300g,"7,99 €","7,99 €/Kg"
Arroz agulha,Cigala,Embalagem de 1 kg,"0,99 €","0,99 €/Kg"
Delta chicória + cafe soluvel lata,Delta,Embalagem de 250g,"14,50 €/Kg","14,50 €/Kg"
Sumo 100% ananás e uva,PorSi,1.5 l,"1,09 €","0,73 €/L"
Sopa de agrião,PorSi,800 g,"1,99 €","2,49 €/Kg"
Pizza carbonara,Campofrio,Embalagem de 360g,"0,99 €","4,30 €/Kg"
Gomas ositos de oro,Haribo,Embalagem de 100g,"1,19 €","3,97 €/Kg"
Tagliatelle a carbonara 350g,Tuttipasta,Embalagem de 350G,"2,16 €","6,17 €/Kg"
Tomate pedaços biológico,Guloso,Embalagem de 390g,"3,84 €","24,00 €/Kg"
Piaçaba com suporte,PorSi,1 unidade,"5,99 €","79,87 €/Kg"
Boia Unicórnio 50 cm,Mondo,1 unidade,"2,99 €","2,99 €/Unidade"
Esfregão Salva Unhas Fibra verde Plus,Vileda,Embalagem com 1+1 grátis,"1,99 €","1,99 €/Unidade"
Papel higiénico 2 folhas,PorSi,32 rolos,"1,99 €","1,99 €/Unidade"
Piri piri,Calve,Garrafa de 50 ml,"0,70 €","2,33 €/Kg"
Comida húmida para gato indoor em molho com atum,Purina One,Embalagem de 340g,"3,49 €","10,26 €/Kg"
Água mineral sem gás,Fastio,"Garrafa de 2,5 l","1,04 €","0,17 €/L"
Cereais cruesli frutos secos,Quaker,Embalagem de 380g,"2,29 €","6,11 €/Kg"
Crocantes frango parmesão e ervas,Iglo,Embalagem de 180g,"9,30 €/Kg","9,30 €/Kg"
"Elásticos grandes coloridos, pack de 20 unidades",Domédia,1 embalagem,"2,19 €","109,50 €/L"
Vinho branco península de setúbal,Periquita,Garrafa de 0.75 l,"2,99 €","3,99 €/L"
Escova de Dentes Júnior,Aquafresh,1 unidade,"0,99 €","0,99 €/Unidade"
Amaciador intense nature,Comfort,60 doses,"8,99 €","2,25 €/L"
Cerveja preta 0.0%,Sagres,Lata de 330 ml,"5,99 €","3,03 €/L"
Doce de framboesa,ST.DALFOUR,Frasco de 284g,"2,19 €","9,95 €/Kg"
Tomate Mini Chucha,PorSi,Embalagem de 250 g,"0,46 €","2,29 €/Kg"
Queijo Flamengo Fatias,PorSi,Embalagem 500G,"1,56 €","7,80 €/Kg"
Concentrado maracujá mix,Sunquick,Garrafa de 580 ml,"4,89 €","6,61 €/L"
Iogurte proteína stracciatella,Lindahls,Embalagem de 150 g,"5,97 €/Kg","5,97 €/Kg"
Alimento lácteo pera +6 meses,Yogolino,Embalagem de 4 x 100 g,"2,89 €","7,23 €/Kg"
Leite de coco bio,PorSi Bio,400 ml,"1,29 €","1,29 €/L"
Pastilhas Trident Senses Tropical,Trident,6 x 23 g,"3,09 €","38,63 €/Kg"
Bacon Extra Nacos,Porminho,200 g,"2,79 €","9,30 €/Kg"
Bebida arroz bio,PorSi Bio,Embalagem de 1 litro,"1,59 €","1,59 €/L"
Bolachas digestive muesli,Gullon,Embalagem de 370g,"1,45 €","11,15 €/Kg"
Salsicha fresca merguez,PorSi,Embalagem de 330 g,"4,79 €","4,79 €/Kg"
Drageias de chocolate,MALTESERS,Embalagem de 180g,"11,98 €/Kg","11,98 €/Kg"
Panos Agarra Pó 40 Recargas,Swiffer,,"1,79 €","1,79 €/Unidade"
Spray renova camurça castanha,PorSi,Embalagem de 200 ml,"5,09 €","20,36 €/L"
Batata frita camponesa,PorSi,Embalagem de 175 g,"1,19 €","6,43 €/Kg"
Molho de whisky cocktail,Calve,Garrafa de 250 ml,"0,70 €","2,33 €/Kg"
Assento Auto,Bebéconfort,unidade,"12,69 €","12,69 €/Unidade"
Máquina de barbear descartável,Gillette,Embalagem com 4+1 unidades,"1,16 €","4,64 €/L"
Sabonete líquido para as mãos de coco,Dove,embalagem de 250 ml,"1,09 €","2,18 €/L"
Wraps multicereais,Mission,1 Embalagem c/6 unidades,"1,59 €","3,53 €/Kg"
Bolacha cracker integral,Cuetara,Embalagem de 200g,"0,39 €","3,12 €/Kg"
Bolachas de água e sal,PorSi,Embalagem de 125g,"0,39 €","3,12 €/Kg"
Néctar bio multifrutos,Paquito,"Embalagem 1,5 l","1,59 €","1,59 €/L"
"Desodorizante para pés, creme Sport",Protex,Embalagem de 50 ml,"5,99 €","59,90 €/L"
Milho doce,Bonduelle,Embalagem de 150 g,"1,79 €","2,29 €/Kg"
Bolachas de chocolate leite,Milka,Embalagem de 150g,"0,79 €","5,27 €/Kg"
Dentifríco splash morango,Aquafresh,Embalagem de 75 ml,"0,99 €","0,99 €/Unidade"
Farinha láctea,PorSi,Embalagem de 1 kg,"4,49 €","4,49 €/Kg"
Fatia de salame de chocolate,PorSi,Embalagem 60G,"2,05 €","5,13 €/Kg"
Cereais all bran,Kellogg's,Embalagem de 380g,"3,45 €","26,74 €/Kg"
Gressinos com azeitonas pretas,PorSi,Embalagem de 250g,"2,39 €","6,83 €/Kg"
Baguete,PorSi,250 g,"0,20 €","2,50 €/Kg"
"Chocolate sombrinha, saquetas, 5 unidades",Lacasa,Embalagem de 50g,"2,29 €","17,62 €/Kg"
Ervilhas,PorSi,Embalagem de 1 kg,"1,89 €","1,89 €/Kg"
Pensos peles sensíveis XL,PorSi,5 unidades,"0,59 €","1,18 €/L"
Moscatel de setúbal,Adega de Palmela,Garrafa de 750 ml,"5,99 €","7,99 €/L"
"Chave de Fenda Cabo Bimat, 5.0x125mm",Itools,1 unidade,"5,39 €","5,39 €/Unidade"
Croutons azeite e alho,PorSi,Embalagem de 150g,"2,39 €","6,83 €/Kg"
Tostas multicereais s/ glúten,MUSEU PAO,Embalagem de 140g,"2,69 €","17,93 €/Kg"
Queijo Curado Vaca/ Cabra/ Ovelha,PorSi,,"5,99 €","23,96 €/Kg"
Bebida Energética Red Grape,Hell,250 ml,"1,60 €","3,20 €/L"
Pastilhas café lote chávena,Delta,Embalagem de 110g,"59,82 €/Kg","59,82 €/Kg"
"Pedras salgadas gf 0,33 l",P.salgadas,"Garrafa de 1,98 l","2,85 €","2,85 €/L"
Guardanapos brancos folha tripla 33x33 cm,PorSi,70 unidades,"1,29 €","1,29 €/Unidade"
"Maionese, frasco",Hellmman's,Embalagem de 420g,"0,70 €","2,33 €/Kg"
Vela número 0,Vahine,Embalagem de 1 unidades,"1,49 €","1,49 €/Unidade"
Creme de cenoura,PorSi,800 g,"1,99 €","2,49 €/Kg"
Skinny latte sem açúcar e sem lactose,STARBUCKS,embalagem de 220 ml,"3,19 €","25,52 €/Kg"
Dawnut Açucarado,Pastelaria do Dia,48g,"0,30 €/Unidade","0,30 €/Unidade"
Creme de amendoim cremoso 340g,Skippy,Embalagem de 340g,"8,13 €/Kg","8,13 €/Kg"
Lombos de salmao vacuo,PorSi,Embalagem de 500g,"4,39 €","10,98 €/Kg"
Champô 3 em 1 karpex,Vanish,950 ml,"1,79 €","2,39 €/L"
Queijo flamengo ralado,*,Embalagem de 150 g,"1,49 €","7,45 €/Kg"
Inseticida elétrico,Raid,2 Aparelhos + 2 Recargas de 27 ml | 45 Noites + 45 Noites,"6,39 €","6,39 €/Unidade"
Arroz Risotto,PorSi,Embalagem de 1 kg,"0,99 €","0,99 €/Kg"
Nata uht com 3 pimentas,Parmalat,Embalagem de 200 ml,"0,75 €","3,75 €/L"
Doce de tomate adoçado com xarope de milho,Cemporcent,Embalagem de 240g,"5,99 €","19,97 €/Kg"
Bolo de arroz s/gluten 4unidades,Museu do Pão,Embalagem de 225 g,"4,29 €","19,07 €/Kg"
Queijo flamengo sticks 5x20g,PorSi,Embalagem de 100g,"1,56 €","7,80 €/Kg"
Bolachas maria,PorSi,Embalagem de 200g,"2,11 €/Kg","2,11 €/Kg"
Água s/ Gás,Serra de Fafe,Garrafa 6L,"1,04 €","0,17 €/L"
Desinfetante multissuperfícies,Xanpa,1 litro,"1,19 €","0,79 €/L"
Café solúvel descafeinado,PorSi,Embalagem de 100G,"14,50 €/Kg","14,50 €/Kg"
Pudim morango,Boca Doce,Embalagem de 20g,"0,59 €","29,50 €/Kg"
Iogurte mix-in nesquik,Nestle,Embalagem de 2 x 115 g,"1,05 €","1,86 €/L"
Leite 0% lactose magro,Mimosa,Garrafa de 1 l,"1,29 €","1,29 €/L"
Infusão melhores digestões,Cemporcent,Embalagem de 10 unidades,"0,99 €","76,15 €/Kg"
Feno para roedores,Bribon,Embalagem de 1 kg,"3,29 €","3,29 €/Kg"
Refresco em pó de morango,Tang,Embalagem de 30g,"0,75 €","18,75 €/Kg"
Fralda cueca T4 - 8 a 14 kg,PorSi,22 unidades,"9,49 €","9,49 €/Unidade"
Mauzão,Concentra,Uma unidade,"31,99 €/Unidade","31,99 €/Unidade"
Folhado Misto 90 g,Pastelaria do Dia,,"0,65 €","0,65 €/Unidade"
Lay's sal mpk 6x30g,Lay's,Embalagem de 180g,"1,06 €","5,73 €/Kg"
Feijoada,PorSi,Embalagem de 420 g,"2,35 €","5,60 €/Kg"
Bombons Presente Opus,Guylian,Embalagem de 180G,"2,39 €","47,80 €/Kg"
Iogurte líquido yoggi cremoso pêssego/manga,Nestle,Embalagem de 4 x 160 g,"1,17 €","1,83 €/Kg"
Especialidade de soja natural,PorSi Viva Bem,Embalagem de 4 x 100 g,"3,09 €","6,18 €/Kg"
Chouriço receita tradicional sr. cândido,Nobre,Embalagem de 200g,"1,00 €","5,00 €/Kg"
Caldo de galinha,PorSi,24 cubos,"3,84 €","24,00 €/Kg"
Cheeseburger de frango,Snock,Embalagem de 100 g,"3,39 €","21,19 €/Kg"
Bolachas multicereais,PorSi,Embalagem de 400 g,"0,90 €","6,00 €/Kg"
Comida húmida para cão em saquetas de frango/borrego,Purina One,Embalagem de 400g,"0,75 €","2,50 €/Kg"
Paté Fígado Porco c/ Vinho do Porto,PorSi,75 g,"0,95 €","4,75 €/Kg"
Cogumelos laminados,Ferbar,Embalagem de 290g,"1,79 €","2,29 €/Kg"
Bolachas cereais passas e laranja,PorSi,Embalagem de 300 g,"0,90 €","6,00 €/Kg"
Saqueta puré de fruta e aveia,PorSi,Embalagem de 90g,"0,74 €","8,22 €/Kg"
Vinho regional alentejano bag-in-box tinto,Galitos,Garrafa de 5 l,"5,19 €","1,04 €/L"
Chocolate maxi 6 barritas,Kinder,Embalagem de 130g,"2,29 €","17,62 €/Kg"
Alimento para cão junior,HappyOne,Embalagem de 10 kg,"22,99 €","1,15 €/Kg"
Creme Corpo Goodness,Dove,Embalagem de 300 ml,"12,48 €/L","12,48 €/L"
5 rissóis de leitão,PorSi,Embalagem de 400g,"1,79 €","7,16 €/Kg"
Snack gato frango/queijo,PorSi,Embalagem de 60g,"0,99 €","16,50 €/Kg"
Esteira desdobrável,Moveo,1 unidade,"4,19 €","4,19 €/Unidade"
Champô cacau&côco,Ultra Suave,Embalagem de 400 ml,"5,59 €","13,98 €/L"
Cereais chocapic,Nestle,Embalagem de 375 g,"5,07 €/Kg","5,07 €/Kg"
Pernas de Frango,Frango,1 un = 150 gr (aprox.),"3,99 €","3,99 €/Kg"
Vinagre de fruta,PorSi,Embalagem de 500 ml,"0,35 €","0,70 €/L"
Cerveja 0.0%,Sagres,Pack 4 x 0.33 l,"5,99 €","3,03 €/L"
Infusão nº 10 colestrol,Cemporcent,Embalagem de 10 unidades,"0,99 €","76,15 €/Kg"
Sardinhas,PorSi,embalagem com 1 kg,"4,39 €","10,98 €/Kg"
Néctar biológico de maçã,Paquito,"Embalagem de 1,5 l","1,59 €","1,59 €/L"
Queijo flamengo fatias light,PorSi,Embalagem de 200g,"2,39 €","19,92 €/Kg"
Comida Húmida para Gatinhos Mousse com Vitela,Gourmet Diamant,Embalagem de 85 g,"3,49 €","10,26 €/Kg"
"Alimento para cão júnior bio complex, com frango",HappyOne,Embalagem de 4 kg,"22,99 €","1,15 €/Kg"
Tostas de trigo,PorSi,Embalagem 225G,"2,39 €","6,83 €/Kg"
Batata Roxa,Legumes do Dia,embalada - 10kg,"0,45 €","1,79 €/Kg"
Refrigerante sem gás de maçã,Trina,"Garrafa de 1,5 l","1,14 €","0,76 €/L"
Tomate pelado,Guloso,Embalagem de 800g,"3,84 €","24,00 €/Kg"
Batata pré-frita tradition,MCCAIN,Embalagem de 1 kg,"2,39 €","3,98 €/Kg"
Azeitona mista,PorSi,Embalagem de 210g,"1,00 €","3,99 €/Kg"
Cereais fitness e fruits,Nestle,Embalagem de 380g,"3,45 €","26,74 €/Kg"
Strudel de maçã,PorSi,Embalagem de 550 g,"2,99 €","5,54 €/Kg"
Cápsulas de café com leite cappuccino,Nescafe,Embalagem com 16 cápsulas,"3,19 €","25,52 €/Kg"
Dentífrico sensibilidade e gengivas,Sensodyne,Embalagem de 75 ml,"2,39 €","31,87 €/L"
Nestum aveia e maçã,Nestum,Embalagem de 250g,"2,19 €","8,76 €/Kg"
Chá preguiça intestinal,PLANTANATU,Embalagem de 10 unidades,"1,25 €","1,25 €/Unidade"
Iogurte activia cremoso coco,Danone,Embalagem de 4 x 120 g,"1,49 €","2,98 €/Kg"
Capa Premium 2 em 1,Vileda,1 unidade,"16,50 €","16,50 €/Unidade"
Areia para gatos mineral perfumada,PorSi,Embalagem de 5 kg,"1,19 €","0,24 €/Kg"
Refrigerante  c/ gás regular,Coca-Cola,pack 4 x 1 l,"0,79 €","0,40 €/L"
Cevada solúvel,Delta,Embalagem de 200 g,"14,50 €/Kg","14,50 €/Kg"
Insecticida recarga,Biokill,Embalagem de 375 ml,"5,09 €","8,48 €/L"
Ambientador vela odor tabaco,PorSi,1 unidade,"9,49 €","45,19 €/Kg"
Tablete chocolate branco,PorSi,Embalagem de 100g,"0,99 €","9,90 €/Kg"
Bebida láctea crescimento 3 anos+,Nestle,Embalagem de 1 litro,"0,26 €","1,30 €/L"
Esponja brilho preto,Búfalo,1 embalagem,"2,25 €","45,00 €/L"
Bebida láctea crescimento 1 a 3 anos,Nestle,Embalagem de 1 litro,"0,26 €","1,30 €/L"
Leite de cabra uht meio gordo,President,Embalagem 1L,"0,81 €","0,81 €/L"
Creme vegetal para barrar de chocolate,Tulicreme,Embalagem de 200g,"8,13 €/Kg","8,13 €/Kg"
Açúcar fino,Rar,Embalagem de 1000 g,"1,49 €","1,49 €/Kg"
Chocolate culinário 70% cacau,Nestle,Embalagem de 170 g,"1,04 €","8,32 €/Kg"
Bebida de coco,Shoyce,Pack 3 x 200 ml,"2,19 €","2,19 €/L"
Patê de marisco,Fides,Embalagem de 90g,"1,19 €","13,52 €/Kg"
Leite especial crescimento +3 anos,Mimosa,Garrafa de 1 l,"0,26 €","1,30 €/L"
Arroz agulha,Pato real,Embalagem de 1 kg,"0,99 €","0,99 €/Kg"
Magnum mini 3 chocolates,Olá,Embalagem de 6 x 55 ml,"5,99 €","16,64 €/L"
Queijo mozzarella mini bolas,PorSi,Embalagem 125G,"1,59 €","6,36 €/Kg"
Aveia natural,Quaker,Embalagem de 500g,"2,99 €","7,97 €/Kg"
Luvas Colors,Vileda,Tamanho: M/G,"1,79 €","1,79 €/Unidade"
Puré de batata,Saint Eloi,Embalagem de 500 g,"1,99 €","1,99 €/Kg"
Snack para gato salmão e truta,Vitakraft,18 g,"0,99 €","16,50 €/Kg"
8 salsichas aves,PorSi,Embalagem de 200 g,"0,75 €","3,75 €/Kg"
Jarro aluna,Brita,"Cap.: 2,4 L c/ 1 Filtro Incluído","5,59 €","5,59 €/Unidade"
Mel rosmaninho 500g,SERRAMEL,Embalagem de 500G,"2,25 €","9,00 €/Kg"
Xarope de menta,Paquito,Garrafa de 0.75 lt,"4,89 €","6,61 €/L"
Iogurte líquido magro frutos vermelhos,PorSi Viva Bem,Embalagem de 4x160 ml,"1,17 €","1,83 €/Kg"
Batido de chocolate,Forma+,Embalagem de 700g,"1,99 €","45,23 €/Kg"
Sopa de cebola,Knorr,Embalagem de 50g,"0,84 €","13,55 €/Kg"
Moinho 5 pimentas em grão,PorSi,Frasco com 40 g,"0,25 €","0,25 €/Kg"
Palmiers,PorSi,Embalagem de 300 g,"1,69 €","6,76 €/Kg"
"Bloco perfumado para maquina de loiça, limão",Sun,Embalagem de 1 unidades,"1,49 €","5,96 €/L"
"Vinho tinto doc dão, reserva",Cabriz,Garrafa de 0.75 l,"3,99 €","5,32 €/L"
Forma Desmontável mais fundo com buraco 24 cm,Rioja IMF,1 unidade,"11,99 €","11,99 €/Unidade"
Xarope de limão sem corantes,Paquito,Garrafa de 750 ml,"4,89 €","6,61 €/L"
Toalhita auto bronzeadora,Ambre Solaire,1 unidade,"21,49 €","71,63 €/L"
Snack para gato de salmão e queijo,Catisfactions,Embalagem de 60g,"0,99 €","16,50 €/Kg"
Molho de soja com dispenser,KIKKOMAN,Garrafa de 150 ml,"3,99 €","26,60 €/L"
Queijo vaca sem lactose,PorSi Viva Bem,250 g,"2,42 €","9,69 €/Kg"
Uva s/ grainha grimson,Vale Bom,Embalagem de 500 g,"2,69 €","2,69 €/Kg"
Gengibre,Legumes do Dia,1 un = 100 gr (aprox.),"0,47 €","4,69 €/Kg"
Bolacha de água e sal júnior,Vieira,Embalagem de 160g,"1,89 €","15,75 €/Kg"
Ambientador automático lavanda,PorSi,250 ml,"0,99 €","3,30 €/L"
Rolo de Cozinha Multi,Renova,4 Rolos,"4,99 €","4,99 €/Unidade"
Bacalhau desfiado,PorSi,Embalagem de 500g,"6,39 €","7,99 €/Kg"
Creme p/ barrar de chocolate e avelã,Milka,Embalagem de 600g,"8,13 €/Kg","8,13 €/Kg"
Aguardente bagaceira,S.domingos,Garrafa de 1 l,"12,79 €","18,27 €/L"
Batata frita mediterrâneas,Lay's,Embalagem de 160g,"1,19 €","6,43 €/Kg"
Couve Lombarda,Legumes do Dia,1 un=1 kg (aprox.),"0,80 €","1,99 €/Kg"
Óleo extra virgem de coco,Origensbio,Garrafa de 200 ml,"3,39 €","3,39 €/L"
Pensos de Incontinência Ultra Mini Adulto,Labell,28 Unidades,"1,95 €","1,95 €/Unidade"
Detergente Máquina Roupa Liquido Bebé,PorSi,50 doses,"9,99 €","6,66 €/L"
Fósforos compridos para lareira,Quinas,1 unidade,"1,15 €","1,15 €/Unidade"
Gel wc anti-calcário,Harpic,Garrafa de 750 ml,"1,79 €","2,39 €/L"
15 Sacos de Lixo,Fino,Capacidade: 35L,"1,79 €","1,79 €/Unidade"
Lixivia perfume fresco,Neoblanc,Embalagem de 2 l,"1,74 €","0,35 €/L"
Açucar granulado,PorSi,Embalagem de 1 kg,"1,49 €","1,49 €/Kg"
"Livro ""Contos da Avozinha""",Girassol,1 unidade,"4,99 €","4,99 €/Unidade"
Farinheira do fundão,PorSi,Embalagem de 250g,"1,49 €","7,45 €/Kg"
Vinho maduro tinto doc alentejano,P.ravessa,Garrafa de 750 ml,"4,99 €","6,65 €/L"
Bio miolo amendoa compele,PorSi Bio,Embalagem de 100g,"1,29 €","1,29 €/L"
Creme Depilatório Peles Normais,Veet,Embalagem de 200 ml,"10,99 €","73,27 €/L"
Esponja limpa camurça,PorSi,1 unidade,"5,29 €","35,27 €/L"
Carlota cambalhota,Miss Concentra,1 unidade,"8,89 €","8,89 €/Unidade"
Vela com número nº 0,PorSi,1 unidade,"1,49 €","1,49 €/Unidade"
Meloa Cantalupe Bio | Categoria: II,PorSi Bio,Vendido ao peso,"1,52 €","1,69 €/Kg"
Agrião,Florette,embalagem de 125 g,"0,99 €","0,99 €/Kg"
Mostarda a'lancienne,PorSi Select,190 g,"0,70 €","2,33 €/Kg"
Café Descafeinado,Nescafe,Embalagem de 100g,"1,59 €","6,36 €/Kg"
Iogurte liquido proteína yopro morango/framboesa,Yopro,300 g,"1,17 €","1,83 €/Kg"
Amaciador Concentrado Creations Flor Lótus Lima,Comfort,80 doses,"3,99 €","3,99 €/Unidade"
Compasso Origin 3 peças,Maped,Uma embalagem,"3,09 €","3,09 €/Unidade"
Batata pré-frita palito,PorSi,"Embalagem de 2,5 kg","2,39 €","3,98 €/Kg"
Salsichas de porco em lata,PorSi,Embalagem de 200g,"0,75 €","3,75 €/Kg"
Frutapura maçã e pera,Bledina,Embalagem de 85g,"2,29 €","6,94 €/L"
Queijo Ovelha Curado,PorSi,Vendido ao peso a partir de 250 g,"4,50 €","17,99 €/Kg"
Bacalhau lombos,PorSi,Embalagem de 1.5 kg,"6,39 €","7,99 €/Kg"
O berço que te ajuda,Nenuco,1 unidade,"8,89 €","8,89 €/Unidade"
Gelado cookie dough,PorSi Select,Embalagem de 500ml,"2,69 €","5,38 €/L"
80 filtros nº4 com saquetas antitártaro,Planteur,Uma embalagem com 80 unidades,"0,80 €","0,80 €/Unidade"
Tablete de chocolate culinário negro,PorSi,Embalagem de 200 g,"16,67 €/Kg","16,67 €/Kg"
Melancia,Fruta da Época,Vendido ao peso | 1 un = 4kg (aprox.),"2,69 €","2,69 €/Kg"
Sopa de agriao,PorSi,Embalagem de 400g,"1,99 €","2,49 €/Kg"
Açúcar branco em saquetas,Rar,Embalagem com 170 saquetas,"1,49 €","1,49 €/Kg"
Rum 3 anos havan club (40º),Havana,Garrafa de 700 ml,"17,49 €","24,99 €/L"
Batata doce para fritar,PorSi,Embalagem de 600g,"2,39 €","3,98 €/Kg"
Mel de néctar multifloral bio,PorSi Bio,Frasco de 250g,"2,25 €","9,00 €/Kg"
Luvas Multi Latex M/L,Vileda,10 unidade,"4,29 €","4,29 €/Unidade"
Bolacha craker queijo,Tuc,Embalagem de 100g,"1,19 €","5,95 €/Kg"
Mel em frasco com doseador,PorSi,Embalagem de 500g,"2,25 €","9,00 €/Kg"
Bebida de Arroz,PorSi Viva Bem,1 l,"1,59 €","1,59 €/L"
Limpa madeiras ecológico,PorSi,1.5 litros,"4,39 €","14,63 €/L"
Leite condensado magro cozido,Nestle,Embalagem de 390g,"1,09 €","2,75 €/Kg"
"Saquetas de sais de fruto, laranja",Eno,Embalagem de 50g,"0,58 €","0,58 €/Unidade"
Nata uht 0% lactose,Parmalat,Embalagem de 200 ml,"0,75 €","3,75 €/L"
Cerveja c/ álcool,Super Bock,pack 24 x 0.20 l,"1,99 €/L","1,99 €/L"
Café Moagem Universal do Brasil,PorSi,Embalagem de 220g,"9,16 €/Kg","9,16 €/Kg"
Amaciador concentrado para roupa floral,PorSi,80 doses,"3,99 €","3,99 €/Unidade"
Flocos cereais chocolate,PorSi,Embalagem de 300g,"2,19 €","8,76 €/Kg"
"Salsichas wiennerwurt em frasco, 6 un",Nobre,Embalagem de 250g,"0,75 €","3,75 €/Kg"
Mousse chocolate,PorSi,Embalagem de 150g,"0,79 €","5,27 €/Kg"
Balde de Limpeza com Espremedor,PorSi,unidade,"17,00 €","17,00 €/Unidade"
"Escova de dentes macia, 7-13 anos",Labell,1 unidade,"0,99 €","0,99 €/Unidade"
Anti-Traça Cedro,Dum Dum,2 unidades,"5,99 €","176,18 €/Kg"
Salsicha Brasileira,Porco,1 un = 50 gr (aprox.),"0,30 €","5,99 €/Kg"
Óleo de girassol,PorSi,garrafa de 1 litro,"3,39 €","3,39 €/L"
Sublinhador Brite Liner - 3+1,Bic,1 unidade,"1,71 €","1,71 €/Unidade"
Ambientador arbremagique baunilha,Arbre Magique,1 unidade,"1,99 €","1,99 €/Unidade"
Barras fitness com chocolate,Nestle,Embalagem de 140g,"3,45 €","26,74 €/Kg"
"Pudim zero flan 14,4g",Condi,Embalagem de 10g,"0,59 €","29,50 €/Kg"
"Busca Polos, grande",Itools,1 unidade,"5,39 €","5,39 €/Unidade"
Feijão encarnado,PorSi,Embalagem de 420 g,"1,79 €","2,29 €/Kg"
Spray recarga limpeza da casa de banho,Cif,embalagem de 70 ml,"4,09 €","5,45 €/L"
Quinoa branca em grão,Cemporcent,Embalagem de 1 kg,"2,29 €","11,45 €/Kg"
Espremedor,PorSi,1 unidade,"0,89 €","0,89 €/Unidade"
Iogurte natural sem lactose,PorSi Viva Bem,4 x 125 g,"0,99 €","1,98 €/Kg"
Spray tira nódoas,A+,Embalagem de 750 ml,"3,09 €","3,09 €/Kg"
"Fita Castanha, 50mmx66m",Vito,1 unidade,"1,79 €","1,79 €/Unidade"
Ambientador Fresh Water,Arbre Magique,1 unidade,"1,99 €","1,99 €/Unidade"
Whisky,F.grouse,Garrafa de 1 litro,"23,49 €","23,49 €/L"
Natas uht 3 queijos,Parmalat,Embalagem de 200 ml,"0,75 €","3,75 €/L"
Líquido Sanitário Ação Total Marine,WC Pato,Embalagem de 750 ml,"2,79 €","3,99 €/L"
Vinho doc dão branco,Grao vasco,Garrafa de 750 ml,"3,99 €","5,32 €/L"
Cesto multiusos com gancho,PorSi,1 unidade,"17,00 €","17,00 €/Unidade"
Cocktail de azeitonas,PorSi,Vendido ao peso a partir de 250 g,"1,00 €","3,99 €/Kg"
Vinho regional tejo,Plexus,Garrafa de 750 ml,"2,12 €/L","2,12 €/L"
Ambientador aerossol 5 em 1 jasmim,PorSi,300 ml,"0,99 €","3,30 €/L"
Ambientador Arbre Coco,Arbre Magique,3 unidade,"1,99 €","1,99 €/Unidade"
Leite em pó crescimento 3 pro +,Nutriben,Embalagem de 800g,"20,99 €","26,24 €/Kg"
"Máquina depilatória descartável, 2beauty, 5 unidades",Wilkinson,1 embalagem,"3,29 €","3,29 €/Unidade"
Creme calçado preto,PorSi,50 ml,"0,99 €","19,80 €/L"
Bacalhau Desfiado do Pacífico,Nossa Selecção,Embalagem de 400 g,"8,73 €/Kg","8,73 €/Kg"
Nestlé tablete de chocolate negro e amendoa,Nestle,Embalagem de 270g,"10,52 €/Kg","10,52 €/Kg"
Chocolate sombrinhas,Regina,Embalagem de 15 g,"2,29 €","17,62 €/Kg"
Fermento padeiro,Royal,Embalagem de 27g,"1,89 €","17,18 €/Kg"
Kit de viagem,Colgate,pasta dentífrica + escova,"2,39 €","31,87 €/L"
Creme de feijão c/ espinafres,Sopas Graciete,Garrafa de 400 ml,"1,99 €","2,49 €/Kg"
Gel anti séptico sensitive,Dystron,Embalagem de 400 ml,"8,44 €","21,10 €/L"
Café torrado intensa,Nicola,Embalagem de 250 g,"9,16 €/Kg","9,16 €/Kg"
Esfregona super completa,Vileda,1 unidade,"0,89 €","0,89 €/Unidade"
Pilha alcalina heightech lr6x4,Domédia,1 unidade,"1,49 €","1,49 €/Unidade"
Snacks para Cão Markies Mini,Pedigree,Embalagem de 500 g,"0,94 €","5,22 €/Kg"
Grelos,PorSi,Embalagem de 750g,"1,89 €","1,89 €/Kg"
Aroma de café,Rayners,Garrafa de 28 ml,"1,89 €","17,18 €/Kg"
"Lava tudo antibacteriano lavanda 1,5l",PorSi,Garrafa de 1.5 l,"0,99 €","0,50 €/L"
Quiona tricolor bio,Origensbio,Embalagem de 250g,"1,89 €","3,78 €/Kg"
Farinheira das beiras,PorSi,1 unidade = 730 g (aprox.),"1,49 €","7,45 €/Kg"
Café solúvel c/ cafeína,PorSi,Embalagem de 100g,"14,50 €/Kg","14,50 €/Kg"
Estendal de roupa com abas alumínio,PorSi,20 metros,"0,89 €","0,89 €/Unidade"
"Tetina Silicone G. Largo, 0/6 Meses",Pommette,Embalagem de 2 unidades,"2,49 €","2,49 €/Unidade"
Carro de Limpeza,Vicam,1 unidade,"8,89 €","8,89 €/Unidade"
"Lapiseira long life, 0,5 mm",Maped,"embalagem com 3 unidades, sortidas","1,71 €","1,71 €/Unidade"
Recargas ambientador elétrico romantic vanilla bloss...,Glade,Embalagem de 2 x 20 ml,"11,98 €","11,98 €/Unidade"
Pensos Higiênicos com Abas Super,Ausonia,embalagem com 12 un.,"2,59 €","2,59 €/Unidade"
Nestum bolacha maria,Nestum,Embalagem de 250g,"2,19 €","8,76 €/Kg"
"Café em grão, lote superior",Delta,Embalagem de 1 kg,"9,16 €/Kg","9,16 €/Kg"
Tablete de chocolate extra fina leite/avelã,Nestle,Embalagem de 120g,"10,52 €/Kg","10,52 €/Kg"
Cappuccino café arábica cacau magro em pó,PorSi,250 ml,"3,19 €","25,52 €/Kg"
"Engoma fácil, pistola",PorSi,Embalagem de 750 ml,"10,99 €","52,33 €/Kg"
Adoçante em pó,Canderel,Embalagem de 90g,"5,99 €","23,96 €/Kg"
Champanhe bruto,Delagne & Fils,"Garrafa de 0,75 l","40,29 €","53,72 €/L"
Água mineral sem gás,S.estrela,pack 4 x 1.5 l,"1,04 €","0,17 €/L"
Queijo creme flamengo,President,Embalagem de 125 g,"2,05 €","16,40 €/Kg"
Polpa de tomate,PorSi,Embalagem de 500 g,"3,84 €","24,00 €/Kg"
Acetona,PorSi,Embalagem de 60 ml,"1,89 €","9,45 €/L"
Inseticida líquido elétrico recarga,Raid,Pack 3 x 27 ml,"6,39 €","6,39 €/Unidade"
Salsichão fuet caseiro,Elpozo,Embalagem de 150g,"1,35 €","16,88 €/Kg"
Café em cápsulas aqtivus,Delta Q,Embalagem de 55 g,"59,82 €/Kg","59,82 €/Kg"
Café torrado lote chávena máquina,Delta,Embalagem de 250g,"9,16 €/Kg","9,16 €/Kg"
Sobremesa Paturette Creamy Chocolate,Páturages,Embalagem de 4X115G,"1,19 €","2,59 €/Kg"
Iogurte fruta batida banana/laranja/bolacha,Mimosa,Embalagem de 480g,"1,49 €","2,98 €/Kg"
"Borracha mini softy, pack de 3 unidades",Maped,1 embalagem,"3,09 €","3,09 €/Unidade"
Chourico carne das beiras,PorSi,Embalagem de 290g,"1,00 €","5,00 €/Kg"
Iogurte liquido sem lactose natural açucarado,PorSi Viva Bem,Embalagem de 4 x 160 g,"2,49 €","5,19 €/Kg"
Palitos redondos,PorSi,Embalagem de 250 unidades,"1,15 €","1,15 €/Unidade"
Bolacha alfa,Nacional,Embalagem de 180g,"3,09 €","10,30 €/Kg"
Bolacha XL Cranberries,Dancake,Embalagem de 200g,"0,90 €","6,00 €/Kg"
Canja c/ aletria,Knorr,Embalagem de 70g,"0,84 €","13,55 €/Kg"
Rebuçados mel e limão,PorSi,Embalagem de 200g,"0,77 €","3,85 €/Kg"
Iogurte liquido proteína yopro morango/framboesa,Yopro,300 g,"5,97 €/Kg","5,97 €/Kg"
Camarão cozido 50/70,PorSi,Vendido ao peso a partir de 300 g,"5,25 €","14,99 €/Kg"
Biscoitos canudinho recheio cacau,PorSi,Embalagem de 300g,"3,09 €","10,30 €/Kg"
Ab bran flakes,Kellogg's,Embalagem de 375g,"1,49 €","2,98 €/Kg"
Vinho verde reserva alvarinho,Recente,Garrafa de 0.75 l,"3,09 €","3,09 €/L"
Leite especial cálcio + vitamina d magro,Mimosa,Garrafa de 1 l,"1,29 €","1,29 €/L"
Fermento em pó,PorSi,Embalagem de 150 g,"1,89 €","17,18 €/Kg"
Doce de morango,Casa de Mateus,Embalagem de 345g,"2,19 €","9,95 €/Kg"
Inseticida elétrico líquido,Raid,45 noites,"6,39 €","6,39 €/Unidade"
Mojito,Bacardi,Garrafa de 0.70 l,"17,49 €","24,99 €/L"
Comida húmida para gato duplo prazer com peixe do oc...,Gourmet Gold,Embalagem de 90g,"3,49 €","10,26 €/Kg"
Butter cookies,PorSi,Embalagem de 450g,"0,90 €","6,00 €/Kg"
Iogurte ananás 000%,PorSi Viva Bem,Embalagem de 4 x 125 g,"7,66 €/Kg","7,66 €/Kg"
Comida húmida para gato seleção de carnes,Gourmet mp,Embalagem de 300g,"3,49 €","10,26 €/Kg"
Paella,It.saveurs,Embalagem de 300g,"2,35 €","5,60 €/Kg"
Buondi extreme cafe moido 12x200g,Buondi,Embalagem de 200g,"9,76 €/Kg","9,76 €/Kg"
Sacos do lixo de 50 litros 100% reciclado,Silvex,15 sacos,"1,79 €","1,79 €/Unidade"
Snack para gato pato e coelho mini,Vitakraft,18 g,"0,99 €","16,50 €/Kg"
Frango Inteiro,Frango,1 un=2 Kg (aprox.),"3,99 €","3,99 €/Kg"
Bomba de ar de pé,Bestway,1 un.,"0,99 €","0,99 €/Unidade"
Refrigerante c/ gás zero s/ cafeína,Coca-Cola,pack 6 x 0.33 l,"0,79 €","0,40 €/L"
Água com gás natural,Perrier,Embalagem de 750ml,"2,85 €","2,85 €/L"
12 vitaminas e 12 minerais - frasco comprimido,Forma+,Embalagem de 60g,"7,59 €","126,50 €/Kg"
Rodelas de linguica 2x75g,Porminho,Embalagem de 2X75G,"1,00 €","5,00 €/Kg"
Batata pré-frita palitos finos,PorSi,Embalagem de 2.5 kg,"2,39 €","3,98 €/Kg"
Achocolatado em pó,Ovomaltine,Embalagem de 400g,"6,64 €/Kg","6,64 €/Kg"
Queijo fresco sem lactose,Matinal,Embalagem de 216g,"0,99 €","1,98 €/Kg"
Vinho branco tejo chardonnay,Fiuza,Garrafa de 750 ml,"3,99 €","5,32 €/L"
Polpa de tomate em garrafa,Compal,Embalagem de 500g,"3,84 €","24,00 €/Kg"
"Detergente líquido, manual loiça, original",Fairy,"Embalagem de 1,5 l","0,99 €","1,98 €/L"
Infusão nº 13 diabet control,Cemporcent,Embalagem de 10 unidades,"0,99 €","76,15 €/Kg"
Iogurte ananás 000%,PorSi Viva Bem,Embalagem de 4 x 125 g,"4,36 €","2,18 €/Kg"
Bolachas infantil dinossauros,Artiach,Embalagem de 190g,"1,89 €","15,75 €/Kg"
Papas aveia banana/cacau,Origensbio,Embalagem de 300g,"4,99 €","16,63 €/Kg"
Mousse de chocolate leite,Páturages,Embalagem de 4x60 g,"1,19 €","2,59 €/Kg"
Aditivo tira nódoas oxi action pink,Vanish,Embalagem de 800 ml,"3,09 €","3,09 €/Kg"
Limpa máquinas de loiça limão,PorSi,Embalagem de 250 ml,"1,49 €","5,96 €/L"
Spray fornos e grelhadores,Cif,435 ml,"1,79 €","2,39 €/L"
Ambientador eléctrico Relaxing Zen + recarga,Glade,1 unidade,"3,74 €","3,74 €/Unidade"
Leite de transição Optipro 2 +6 meses,NAN,Embalagem de 800g,"20,99 €","26,24 €/Kg"
Desinfetante Têxtil,Sanytol,Embalagem de 500 ml,"10,99 €","52,33 €/Kg"
Nata uht para culinária,Parmalat,Embalagem de 200 ml,"0,75 €","3,75 €/L"
Tiras de bacon fumado,PorSi,Embalagem de 300g,"2,79 €","9,30 €/Kg"
"Refrigerante com gás, laranja, lata",Fanta,pack 6 x 0.33 l,"0,79 €","0,40 €/L"
Vinho doc douro reserva tinto,Romanisco,Garrafa de 0.75 l,"7,49 €","9,99 €/L"
Creme culinário soja light,Shoyce,Garrafa de 200 ml,"0,75 €","3,75 €/L"
"Carregador Máquina Depilatória, Body Men",Gillette,Embalagem com 4 unidade,"3,29 €","3,29 €/Unidade"
Rolos de papel multiusos 2 folhas,PorSi,1 unidade,"4,99 €","4,99 €/Unidade"
Spray optimal 7 com lixivia,Ajax,Embalagem de 500 ml,"1,79 €","2,39 €/L"
"Luva Nitrilica, anti-Deslizante, Nr.9",Itools,1 unidade,"5,39 €","5,39 €/Unidade"
Gomas favoritos açúcar,Haribo,Embalagem de 90g,"1,19 €","3,97 €/Kg"
Manteiga pasteurizada com sal cuvet,Primor,Embalagem de 250g,"1,69 €","6,76 €/Kg"
"Tesoura de escritório, 17 cm",Domédia,1 unidade,"2,19 €","109,50 €/L"
Discos de algodão para bebé,PorSi,60 unidades,"1,79 €","1,79 €/Unidade"
Sacos cubos de gelo,PorSi,Embalagem com 15 unidades,"1,11 €","1,11 €/Unidade"
Serrote com Ferro,Itools,1 unidade,"5,39 €","5,39 €/Unidade"
Iogurte Pedaços Pêssego,PorSi,Embalagem de 2x135 g,"1,87 €","1,25 €/Kg"
Hambúrgueres de peru,PorSi,Embalagem de 4x80g,"2,79 €","8,72 €/Kg"
Desodorizante roll on dermo invisible,Sanex,Embalagem de 50 ml,"4,69 €","31,27 €/L"
Pilhas Alcalinas AAA Optimum,Duracell,Blister 8 Pilhas,"1,49 €","1,49 €/Unidade"
Cogumelos inteiros,PorSi,Embalagem de 185 g,"1,79 €","2,29 €/Kg"
Polpa de tomate com cebola e alho,Compal,Embalagem de 500g,"3,84 €","24,00 €/Kg"
"Crepes queijo/fiambre, 6 unidades",Claude Léger,Embalagem de 300 g,"1,89 €","6,30 €/Kg"
Champô cabelos pintados,Labell,Embalagem de 250 ml,"5,59 €","13,98 €/L"
Aditivo em pó oxi roupa branca,Vanish,Embalagem de 420 g,"3,09 €","3,09 €/Kg"
Barra s.k frutos vermelhos,Kellogg's,Embalagem de 130g,"1,29 €","10,24 €/Kg"
"Limpa móveis pistola, aloé vera",Pronto,Embalagem de 500 ml,"1,19 €","0,79 €/L"
Salsa,PorSi,Embalagem de 50g,"0,99 €","19,80 €/Kg"
Sumo natural de ananás bio,Cemporcent,Garrafa de 200 ml,"2,19 €","2,19 €/L"
Tarteletes com recheio morango,PorSi,Embalagem de 96g,"0,79 €","4,49 €/Kg"
Bolachas digestivas go maçã,Triunfo,Embalagem de 170g,"1,19 €","5,95 €/Kg"
Moscatel de Setúbal,Bacalhoa,Garrafa de 750 ml,"5,99 €","7,99 €/L"
"Limpa vidros pistola, cristal",Ajax,Embalagem de 500 ml,"3,19 €","6,38 €/L"
Restaurador p/ móveis claro,Novycera,Garrafa de 170 ml,"4,39 €","14,63 €/L"
Desodorizante spray energy,Labell Men,Embalagem de 200 ml,"1,39 €","6,95 €/L"
Concentrado manga,Sunquick,Garrafa de 580 ml,"4,89 €","6,61 €/L"
Ovos Galinha Solo XL Categoria A,PorSi,6 unidades,"1,39 €","1,39 €/Unidade"
Sacos de congelação pequenos,PorSi,"50 unidades, 1 embalagem","1,11 €","1,11 €/Unidade"
12 ovos codorniz,PorSi,Embalagem de 1 unidades,"2,19 €","2,19 €/Unidade"
Frutapura Pouch Frutos Variados,Bledina,Embalagem de 85g,"2,29 €","6,94 €/L"
Chave de Bits + Conjunto de 20 Bits,Itools,1 unidade,"5,39 €","5,39 €/Unidade"
Bolachas starship tradicional,PorSi,Embalagem de 150g,"0,90 €","6,00 €/Kg"
Vinho rosé mateus emotion,Mateus,Garrafa de 750 ml,"4,29 €","5,72 €/L"
Vegan cheese,Cemporcent,Embalagem de 200g,"4,99 €","16,63 €/Kg"
Sabonete líquido mel,Feno,Embalagem de 300 ml,"1,09 €","2,18 €/L"
Compota ananás 70% fruta,Cemporcent,Embalagem de 260g,"5,99 €","19,97 €/Kg"
"Lenços de bolso sensitive, brancos, 10 unidades",Renova,1 embalagem de 18x10,"0,89 €","0,89 €/Unidade"
Couve Coração,Legumes do Dia,1 un = 1 kg (aprox.),"0,80 €","1,99 €/Kg"
Caras de Bacalhau,Peixe Congelado,"Vendido ao peso, 1 un = 500g (aprox.)","6,39 €","7,99 €/Kg"
Kinder chocolate t24,Kinder,Embalagem de 300g,"2,29 €","17,62 €/Kg"
Sumo 100% Fruta Laranja Espremida,Compal,1 litro,"1,09 €","0,73 €/L"
Posta de tintureira,PorSi,Embalagem de 500 g,"4,39 €","10,98 €/Kg"
Mortadela fatiada com azeitonas,PorSi,Embalagem de 200 g,"0,95 €","4,75 €/Kg"
Sardinha Congelada,Peixe Congelado,1 un = 250 gr  (aprox.),"2,50 €","9,99 €/Kg"
Gel de massagem,Durex,Embalagem de 200 ml,"4,49 €","4,49 €/Unidade"
20 saquetas infusão de cidreira,Lipton,Embalagem de 20g,"0,99 €","76,15 €/Kg"
Leite UHT Meio Gordo,PorSi,Embalagem de 200 ml,"0,81 €","0,81 €/L"
Caldo de galinha 24 cubos,Knorr,Embalagem de 240g,"3,84 €","24,00 €/Kg"
Sidra maçã,Bandida,Lata de 500 ml,"1,59 €","3,18 €/L"
Limpa fornos normal,Mr.muscle,Embalagem de 300 ml,"1,29 €","1,72 €/L"
"Toalhetes intimos protect, 15 unidades",Dystron,Uma embalagem,"2,89 €","2,89 €/Unidade"
Lixivia perfumada,PorSi,Garrafa de 2 l,"2,59 €","1,30 €/L"
Liquido refrigerante verde 10%,PorSi,Embalagem de 1 l,"3,99 €","0,80 €/L"
Cereais lion chocolate/caramelo,Nestle,Embalagem de 400g,"1,29 €","10,24 €/Kg"
Farinha de aveia integral,Cemporcent,Embalagem de 400g,"2,29 €","11,45 €/Kg"
"Tiras limpa poros faciais, 6unidades",Labell,1 embalagem,"23,70 €/L","23,70 €/L"
"Tampão mini, 24 unidades",Labell,1 embalagem,"1,39 €","1,39 €/Unidade"
Orégãos em folhas,PorSi,Saqueta com 10 g,"0,25 €","0,25 €/Kg"
Paté de atum,PorSi,Embalagem de 65 g,"1,19 €","13,52 €/Kg"
Adoçante com doseador,PorSi,Embalagem 300 comprimidos,"5,99 €","23,96 €/Kg"
Atum ao natural,Ramirez,Embalagem de 120g,"9,08 €/Kg","9,08 €/Kg"
Cocktail de marisco,PorSi,Embalagem de 400 g,"4,99 €","6,24 €/Kg"
Vinho bag-in-box branco,C.alqueva,Garrafa de 5 l,"9,49 €","1,90 €/L"
Vinho tinto cotes du rhone,Expert Club,Garrafa de 75 cl,"2,99 €","3,99 €/L"
Lixívia tradicional,PorSi,Embalagem de 2 l,"1,74 €","0,35 €/L"
Néctar 8 frutos,Bongo,Pack 3 x 200 ml,"0,99 €","0,99 €/L"
Arroz longo extra integral,Cacarola,Embalagem de 1 kg,"1,49 €","1,49 €/Kg"
"Pasta dentífrica, dentes/gensivas sensitive",Labell,Embalagem de 75 ml,"2,39 €","31,87 €/L"
Sereia,Barbie,1 unidade,"8,89 €","8,89 €/Unidade"
Milho doce,PorSi,Embalagem de 3 x 140 g,"1,79 €","2,29 €/Kg"
Água Micelar c/doseador,Labell,Embalagem de 500ml,"23,70 €/L","23,70 €/L"
Massa pevide,Nacional,Embalagem de 250g,"0,89 €","1,78 €/Kg"
Detergente líquido p/ máquina lavar roupa cores,Woolite,"Garrafa de 1,65 l","8,69 €","1,84 €/Kg"
Comida húmida para gato com frango/vaca,Purina One,Embalagem de 340g,"3,49 €","10,26 €/Kg"
Leite C/ Chocolate,Mimosa,Embalagem de 4 x 200 ml,"0,26 €","1,30 €/L"
Leite uht sem lactose magro,PorSi Viva Bem,1 litro,"0,81 €","0,81 €/L"
Bolachas integrais,PorSi,Embalagem de 200g,"1,19 €","5,95 €/Kg"
Queijo emmental fatias,PorSi,Embalagem de 200 g,"1,56 €","7,80 €/Kg"
Guitarra,Panda,1 un.,"11,99 €/Unidade","11,99 €/Unidade"
"Lapis para olhos, com show, 100ult, black",Maybelline,1 unidade,"3,99 €","3,99 €/Unidade"
Skittles fruits 174g,SKITTLES,Embalagem de 170g,"1,00 €","5,00 €/Kg"
Acetona,PorSi,Embalagem de 250 ml,"1,89 €","9,45 €/L"
Vinho maduro branco meio seco,Adega grande,Garrafa de 750 ml,"1,59 €","2,12 €/L"
Tira gorduras recarga,Mistolin,Garrafa de 550 ml,"4,89 €","6,52 €/L"
Mortadela,Elpozo,Embalagem de 170 g,"0,95 €","4,75 €/Kg"
Creme curgete com hortela,PorSi,Embalagem de 400g,"1,99 €","2,49 €/Kg"
Espremedor super,Fapil,1 unidade,"17,00 €","17,00 €/Unidade"
Cotonetes para bebé,PorSi,Embalagem com 60 unidades,"0,58 €","0,58 €/Unidade"
"Creme de muda de fralda, para bebé",Pommette,Embalagem de 100 ml,"0,59 €","5,90 €/L"
Cerveja com álcool abadia,Super Bock,pack 6 x 0.33 l,"1,99 €/L","1,99 €/L"
Massa alimentícia spaghetti,Barilla,Embalagem de 500g,"1,49 €","1,49 €/Kg"
Tapioca express pacote,Tipiak,Embalagem de 250g,"2,29 €","11,45 €/Kg"
Agrião Programa Origens,PorSi,Embalagem de 400g,"0,75 €","2,49 €/Kg"
Chá de alcachofra e dente-de-leão,PLANTANATU,Embalagem de 20g,"1,25 €","1,25 €/Unidade"
Tira nódoas roupa em pó oxy white,PorSi,Embalagem de 1 kg,"3,09 €","3,09 €/Kg"
1ª papa láctea multifrutos sem glúten +4 meses,Cerelac,Embalagem de 250g,"4,49 €","4,49 €/Kg"
Vinho branco,PorSi,embalagem de 1 litro,"0,85 €","0,85 €/L"
Sopa de legumes,PorSi,Embalagem de 400 g,"1,99 €","2,49 €/Kg"
Salsichas Frankfurt em lata,Izidoro,Embalagem de 120g,"0,75 €","3,75 €/Kg"
"Vela em número, nº 8",PorSi,1 unidade,"1,49 €","1,49 €/Unidade"
Bolacha de manteiga belga c/ chocolate,Saborosa,Embalagem de 200g,"1,69 €","6,76 €/Kg"
Batata frita palha,PorSi,Embalagem de 160g,"0,87 €","5,44 €/Kg"
Barras de cereais nesquik,Nestle,Embalagem de 150g,"1,29 €","10,24 €/Kg"
Halls Mini Mints Menta,Halls,12.5 g,"1,00 €","5,00 €/Kg"
Sobremesa danette duplo baunilha e caramelo,Danone,Embalagem de 4 x 125 g,"1,19 €","2,59 €/Kg"
Eclair de Chocolate 75 g,Pastelaria do Dia,,"0,30 €/Unidade","0,30 €/Unidade"
Bebida de soja natural,Frias,Garrafa de 1 l,"2,19 €","2,19 €/L"
Bolachas digestive finas de chocolate de leite,Triunfo,Embalagem de 170 g,"0,79 €","5,27 €/Kg"
Morcela de Sousel,PorSi,1 un = 450 gr (aprox.),"1,49 €","7,45 €/Kg"
Kit Limpeza Animal Edição Limitada,Swiffer,Mopa + Espanador,"1,79 €","2,39 €/L"
Rojões,Porco,1 un = 250 gr  (aprox.),"4,89 €","4,89 €/Kg"
Bolachas extra pepitas xl,Ca!,Embalagem de 180g,"2,15 €","2,87 €/Kg"
6 tulipas chocolate,Progelcone,Embalagem de 148 g,"3,09 €","10,30 €/Kg"
Tira Nódoas em Gel Cores,Skip,1.6 l,"10,99 €","52,33 €/Kg"
Lixívia Spray Mousse Flor,Neoblanc,Embalagem de 700ml,"2,59 €","1,30 €/L"
Leite UHT Meio Gordo,Gresso,Embalagem de 1 l,"0,81 €","0,81 €/L"
Tweens Aya Cherry,LOL,1 unidade,"8,89 €","8,89 €/Unidade"
Lixívia Spray Mousse,Neoblanc,Embalagem de 700ml,"2,59 €","1,30 €/L"
Creme de coentros sem batata,PorSi,Embalagem de 400 g,"1,99 €","2,49 €/Kg"
Filetes de atum dos Açores em azeite c/ orégãos,PorSi Select,190 g,"9,08 €/Kg","9,08 €/Kg"
Tapa fugas,Redex,Embalagem de 250 ml,"14,99 €","14,99 €/L"
Pimento Verde,Legumes do Dia,1 un = 250 gr  (aprox.),"0,75 €","2,99 €/Kg"
Iguarias Pota com Alho,Pitéu,Embalagem de 120 g,"9,08 €/Kg","9,08 €/Kg"
Massas alimentícias laços,PorSi,Embalagem de 500g,"0,89 €","1,78 €/Kg"
Iogurte Pedaços Kiwi 0% Matéria Gorda/Açúcares,Danone,4 x 120 g,"4,15 €/Kg","4,15 €/Kg"
Gelatina pronta a comer morango,Royal,Embalagem de 4 x 100 g,"0,85 €","2,13 €/Kg"
Palitos super finos,PorSi,Embalagem de 85 unidades,"1,15 €","1,15 €/Unidade"
Bolacha shortcake,Nacional,Embalagem de 180g,"1,69 €","6,76 €/Kg"
Recarga Ambientador Automático Sparkling Citrus,PorSi,Embalagem de 250 ml,"11,98 €","11,98 €/Unidade"
Abrasivo wc gel ecologico,PorSi,Garrafa de 1 l,"4,99 €","7,13 €/L"
Gelado pecan deligh,PorSi Select,Embalagem de 500ml,"2,69 €","5,38 €/L"
Gelado carte d'or yogurt & forest fruit,Olá,Embalagem de 900 ml,"2,69 €","5,38 €/L"
Queijo tres igrejas cura 2 meses,Santiago,Vendido ao peso a partir de 250 gr,"2,00 €","7,99 €/Kg"
Queijo de cabra curado,Seia,Embalagem de 430g,"1,89 €","10,50 €/Kg"
Sobremesa Paturette Caramelo,Páturages,Embalagem de 4x115g,"1,19 €","2,59 €/Kg"
Champanhe brut,Pommery,Garrafa de 0.75 l,"40,29 €","53,72 €/L"
Spray renova camurça incolor,PorSi,Embalagem de 200 ml,"5,09 €","20,36 €/L"
Flutes 15 cl,DR,Embalagem de 6 unidades,"5,59 €","5,59 €/Unidade"
Cem porcento-lentilhas vermelhas,Cemporcent,Embalagem de 500g,"1,49 €","1,49 €/Kg"
Caramelos de leite,Penha,Embalagem de 100g,"2,75 €","11,00 €/Kg"
Óleo p/ Moto Performa M2T,Galp,Embalagem de 1 l,"14,99 €","14,99 €/L"
Tostas dietéticas,Diatosta,Embalagem de 225 g,"1,34 €","5,96 €/Kg"
Tamaras,PorSi,Embalagem de 200g,"0,79 €","3,95 €/Kg"
Cerveja com álcool,Kings Bräu,"Embalagem de 0,33 l","1,99 €/L","1,99 €/L"
Irish whiskey original,Bushmills,Garrafa de 700 ml,"23,49 €","23,49 €/L"
Caldeirada de bacalhau,PorSi,Embalagem de 1 kg,"6,39 €","7,99 €/Kg"
"Queijo em fatias, -50% gordura",Limiano,Embalagem de 200g,"1,56 €","7,80 €/Kg"
Chocolate de leite com avelãs,Nestle,Embalagem com 195 g,"10,52 €/Kg","10,52 €/Kg"
Creme para calçado incolor,PorSi,50 ml,"0,99 €","19,80 €/L"
Queijo flamengo em Barra,Ilha Azul,"Vendido ao peso, fatiado a partir de 100 gr","1,56 €","7,80 €/Kg"
Leite condensado,PorSi,Lata de 1 kg,"1,09 €","2,75 €/Kg"
Esfregão Esponja Antibacteriano,Fino,1 unidade,"1,99 €","1,99 €/Unidade"
Legumes para sopa,PorSi,Embalagem de 1 kg,"1,89 €","1,89 €/Kg"
Spray calcário e sujidade,Cillitbang,Garrafa de 500 ml,"1,19 €","0,79 €/L"
Porto ruby,Ferreira,Garrafa de 750 ml,"6,65 €/L","6,65 €/L"
Tosta integral de alfarroba,Cemporcent,Embalagem de 250g,"1,34 €","5,96 €/Kg"
Papa infantil não láctea bolacha maria +6 meses,Cerelac,Embalagem de 250g,"4,49 €","4,49 €/Kg"
Néctar vital equilibrio laranja/cenoura/manga,Compal,Embalagem de 1 l,"0,99 €","0,99 €/L"
Crepe simples,PorSi,Embalagem de 630g,"2,99 €","5,54 €/Kg"
Sumo 100% fresh maçã,Compal,Garrafa de 330 ml,"1,09 €","0,73 €/L"
Ambientador spray pure colónia de bebé,PorSi,250 ml,"0,99 €","3,30 €/L"
Recargas ambientador elétrico relaxing zen,Glade,Embalagem de 2 x 20 ml,"11,98 €","11,98 €/Unidade"
Fita corretora mini pocket mouse,Tipp-Ex/Bic,embalagem com 2 unid. + 1 unid. grátis,"3,29 €","3,29 €/Unidade"
Kinder delice cacau,Kinder,Embalagem de 400g,"2,05 €","5,13 €/Kg"
Biscoitos integrais sementes de agave,PorSi Viva Bem,Embalagem de 150g,"0,69 €","3,45 €/Kg"
Fralda Cueca de Banho 7 a 15 kg,Huggies,Embalagem com 12 un.,"9,49 €","9,49 €/Unidade"
Bolacha leibniz zoo manteiga,Bahlsen,Embalagem de 100g,"1,89 €","15,75 €/Kg"
Iogurte líquido morango,PorSi,Embalagem de 4 x 160 g,"1,17 €","1,83 €/Kg"
Bolacha maria junior doces,Vieira,Embalagem de 280g,"2,11 €/Kg","2,11 €/Kg"
"Refeição pronta, boião de legumes e vitela",Bledina,Embalagem de 200g,"1,89 €","9,95 €/Kg"
Mopa 1.2 spray max,Vileda,1 unidade,"0,89 €","0,89 €/Unidade"
"Chocolate sombrinha, saquetas, 5 unidades",Lacasa,Embalagem de 50g,"2,39 €","47,80 €/Kg"
Aguardente velhíssima,Caves Bonifácio,Garrafa de 0.70 l,"12,79 €","18,27 €/L"
Boia pneu,Wet Fun,Dim: Ø 90 cm,"2,99 €","2,99 €/Unidade"
"Luvas multiusos relevo antiderrapante, tamanho médio",PorSi,Embalagem de 1 unidades,"4,29 €","4,29 €/Unidade"
Tablete de chocolate de culinária - sem açúcar,PorSi Viva Bem,Embalagem de 100 g,"1,04 €","8,32 €/Kg"
Lixívia densa +,Neoblanc,Embalagem de 1 l,"1,74 €","0,35 €/L"
Muesli original,Alpen,Embalagem de 550g,"3,29 €","5,98 €/Kg"
Napolitanas creme cacau,PorSi,Embalagem de 320g,"1,77 €","5,53 €/Kg"
Mini tostas de trigo,Diatosta,Embalagem de 350 g,"2,39 €","6,83 €/Kg"
Stevia chocolate negro com avelãs,Cemporcent,Embalagem de 125g,"2,89 €","23,12 €/Kg"
Vela com número nº 9,PorSi,1 unidade,"1,49 €","1,49 €/Unidade"
Sacos higiénicos para animal,Canaillou,4 x 20 unidades,"1,19 €","0,24 €/Kg"
Pasta dentífrica herbal branqueadora,Colgate,Embalagem de 75 ml,"2,39 €","31,87 €/L"
Comida húmida para cão almôndegas,PorSi,Embalagem de 1200 g,"0,75 €","2,50 €/Kg"
Grão de bico,PorSi,embalagem de 500 g,"0,99 €","1,98 €/Kg"
Creme abrasivo limão,Cif,Garrafa de 700 ml,"4,99 €","7,13 €/L"
Mini tostas trigo super finas,PorSi,Embalagem de 100 g,"2,39 €","6,83 €/Kg"
Bebida de Amêndoa,PorSi Viva Bem,1 litro,"2,19 €","2,19 €/L"
"Papel higiénico, Super Duplo 2 folha, 9=18rolos",Renova,Uma embalagem,"1,99 €","1,99 €/Unidade"
Esfregona tiras completa,PorSi,1 unidade,"1,99 €","1,99 €/Unidade"
Lixívia densa verde,Neoblanc,Embalagem de 1 l,"1,74 €","0,35 €/L"
Aditivo Para Limpeza de Filtro de Partículas,Stp,Embalagem de 200 ml,"14,99 €","14,99 €/L"
Pai Natal de Chocolate,PorSi,Embalagem de 125 g,"2,29 €","17,62 €/Kg"
Vodka,ON/OFF,Garrafa 0.70L,"19,79 €","19,79 €/L"
Azeitona galega mista retalhada,PorSi,Vendido ao peso a partir de 500 g,"1,00 €","3,99 €/Kg"
Queijo de Serpa DOP,PorSi Select,1 un = 250 gr  (aprox.),"2,87 €","15,94 €/Kg"
Café solúvel em saquetas,Nescafe,Embalagem de 45 g,"14,50 €/Kg","14,50 €/Kg"
Rebuçado recheio morango,PorSi,Embalagem de 250g,"1,00 €","5,00 €/Kg"
Manteiga s/ lactose,Primor,Embalagem de 130g,"1,69 €","6,76 €/Kg"
Requeijão Cabra,Saloio,170 g,"1,09 €","5,45 €/Kg"
Big burger frango,Capitão Iglo,Embalagem de 230g,"7,99 €","7,99 €/Kg"
Tampão Normal,O.B.,1 Embalagem c/32 unidades,"1,39 €","1,39 €/Unidade"
Tostas integrais,Diatosta,Embalagem de 225 g,"2,39 €","6,83 €/Kg"
Gelatina pronta a comer light 10 kcal melancia,Royal,Embalagem de 4 x 100 g,"0,85 €","2,13 €/Kg"
Fogareiro pintado,Larmil,1 unidade,"0,75 €","0,75 €/Unidade"
Batata frita artesanal c/ sal,Lay's,Embalagem de 250g,"0,87 €","5,44 €/Kg"
Salsichas em lata,PorSi,Embalagem  de 120 g,"0,75 €","3,75 €/Kg"
"Chocolate kit kat, single",Kit kat,Embalagem de 40g,"16,72 €/Kg","16,72 €/Kg"
Barras de cereais frosties,Kellogg's,Embalagem de 150g,"1,29 €","10,24 €/Kg"
"Chocolate m&m s, amendoim",M&m' s,Embalagem de 45 g,"11,98 €/Kg","11,98 €/Kg"
Queijo gouda fatias 0% lactose,PorSi Viva Bem,Embalagem de 150g,"2,39 €","19,92 €/Kg"
Vinho branco doc beira interior,Entreserra,Garrafa de 750 ml,"2,92 €/L","2,92 €/L"
Café Solúvel Black Roast,Nescafe,Embalagem de 200g,"14,50 €/Kg","14,50 €/Kg"
Sumo concentrado de laranja,GUD,Garrafa de 740 ml,"4,89 €","6,61 €/L"
Palhinhas de papel,PorSi,25 unidades,"1,49 €","1,49 €/Unidade"
Água s/ gás,Luso,"Garrafa de 0,75 l","1,04 €","0,17 €/L"
Cerveja com álcool,Sagres,Garrafa de 1 l,"1,99 €/L","1,99 €/L"
"Líquido refrigerante, verde 10%",PorSi,Embalagem de 5 l,"3,99 €","0,80 €/L"
Panos Esponja,Fino,3 unidades,"1,79 €","1,79 €/Unidade"
Gel de Banho Corpo e Cabelo Hidratante,Baby Dove,Embalagem de 400 ml,"4,39 €","21,95 €/L"
Café espresso descafeinado intensidade 6,PorSi,16 cápsulas,"1,59 €","6,36 €/Kg"
Compal da horta concentrado tomate,Compal,Embalagem de 140g,"3,84 €","24,00 €/Kg"
Amaciador roupa citrus,Bot.origin,45 doses,"8,99 €","2,25 €/L"
Fruta para bebé maçã banana morango +8 meses,Nestle,Embalagem de 90g,"0,74 €","8,22 €/Kg"
Desinfetante Multiusos,Sanytol,Embalagem de 750 ml,"4,89 €","6,52 €/L"
Vinho verde branco,Presidente,Garrafa de 0.75 l,"3,09 €","3,09 €/L"
"Chá de mel, limão e ginseng",Tetley,Embalagem de 20g,"44,50 €/Kg","44,50 €/Kg"
Leite com chocolate original,Ucal,Embalagem de 6 x 250 ml,"0,26 €","1,30 €/L"
Máquina Depilatória Descartável 3 Sensitive,Bic,Embalagem com 4+2 unidades,"3,29 €","3,29 €/Unidade"
Néctar clássico tutti frutti,Compal,Garrafa de 200 ml,"0,99 €","0,99 €/L"
Sidra maçã,Somersby,pack 4 x 0.33 l,"1,59 €","3,18 €/L"
Rebuçados Sortido Fruta,Villa,Embalagem de 1000 g,"1,15 €","4,60 €/Kg"
Tira verniz,Labell,Embalagem de 200 ml,"1,03 €","10,30 €/L"
Chá cavalinha,PLANTANATU,Embalagem de 10g,"1,25 €","1,25 €/Unidade"
Chuchu,Legumes do Dia,1 un = 250 gr  (aprox.),"0,47 €","4,69 €/Kg"
Entrecosto,Porco,Vendido ao peso a partir de 1 kg,"4,89 €","4,89 €/Kg"
Gelados mini colosse mini mix,PorSi,Embalagem com 8 unidades,"5,99 €","16,64 €/L"
Aroma de limão,Vahine,Embalagem de 20g,"1,89 €","17,18 €/Kg"
Sumo 100% Frutos Tropicais,Paquito,Embalagem de 1 l,"1,09 €","0,73 €/L"
Yofu soja baunilha,Alpro,Embalagem de 500gr,"3,09 €","6,18 €/Kg"
Gambão 20/30,Marisco Congelado,Vendido a partir de 250 (aprox.),"3,25 €","12,99 €/Kg"
Petit gâteau,PorSi,Embalagem de  4 x 80 g,"2,99 €","5,54 €/Kg"
Recarga ambientador elétrico delícias de verão,Air Wick,Embalagem de 1 unidades,"11,98 €","11,98 €/Unidade"
Livro Pop-Ups - Animais,Europrice,1 unidade,"4,99 €","4,99 €/Unidade"
Sopa Creme de Marisco,PorSi,Embalagem de 80 g,"0,84 €","13,55 €/Kg"
Iogurte liquido infantil morango,PorSi,Embalagem de 6 x 94 ml,"1,17 €","1,83 €/Kg"
Rum limon,Bacardi,Garrafa de 700 ml,"17,49 €","24,99 €/L"
Pizza marguerita,PorSi,Embalagem de 2 x 300 g,"2,16 €","6,17 €/Kg"
Caçarola Alumínio Anti-Aderente 26Cm,PorSi,1 unidade,"11,99 €","11,99 €/Unidade"
Preparo para bolo de chocolate,Branca de Neve,Embalagem de 450g,"0,79 €","5,27 €/Kg"
Salsichas Frankfurt em lata,Izidoro,Embalagem de 250g,"0,75 €","3,75 €/Kg"
Tarteletes com recheio avelã,PorSi,Embalagem de 91g,"2,15 €","2,87 €/Kg"
Flan sabor a baunilha com caramelo,PorSi,Embalagem de 6 x 100 g,"1,19 €","2,59 €/Kg"
Sumo essencial kids,Compal,pack 3 x 0.11 l,"2,09 €","6,33 €/L"
Filetes primavera alho & ervas,Iglo,Embalagem de 230g,"1,79 €","7,16 €/Kg"
Noodle banzai carne,Cigala,Embalagem de 70g,"0,89 €","1,78 €/Kg"
"Creme de depilação duche, peles normais",Veet,Garrafa de 150 ml,"10,99 €","73,27 €/L"
Cevada solúvel,PorSi,Embalagem de 200g,"1,64 €","6,56 €/Kg"
"Alimento seco para gato junior, galinha",Whiskas,Embalagem de 350g,"12,99 €","4,33 €/Kg"
Crazy Chic Mala de Maquilhagem,Clementoni,1 unidade,"8,89 €","8,89 €/Unidade"
Lima-limao zero,PorSi,Garrafa de 1.5 l,"0,79 €","0,40 €/L"
Gel Lubrificante natural play,Durex,Embalagem de 50 ml,"4,49 €","4,49 €/Unidade"
Coleira repelente para gatos,Repul' 7,Embalagem de 1 unidades,"8,75 €","8,75 €/Unidade"
Bolacha vida equilíbrio aveia e canela,Cemporcent,Embalagem de 140g,"1,45 €","11,15 €/Kg"
Mini tosta trigo,Diatosta,Embalagem de 90 g,"2,39 €","6,83 €/Kg"
Cajus tostados no forno,Matutano,Embalagem de 90g,"0,79 €","7,90 €/Kg"
Chocolate lion,Lion,Embalagem de 40g,"16,72 €/Kg","16,72 €/Kg"
Miolo berbigão,PorSi,Embalagem de 250g,"4,99 €","6,24 €/Kg"
Queijo Flamengo Bola,Terra Nostra,1 un = 250 gr  (aprox.),"1,56 €","7,80 €/Kg"
Tampões ProComfort Normal,O.B.,1 Embalagem c/32 unidades,"1,39 €","1,39 €/Unidade"
Água destilada,PorSi,Garrafão de 5 l,"0,99 €","0,20 €/L"
Bolacha digestive s/ gluten,Gullon,Embalagem de 150g,"2,69 €","17,93 €/Kg"
Pão de centeio,MUSEU PAO,Embalagem de 450g,"1,59 €","3,53 €/Kg"
"Livro de Receitas ""Mais Leve""",PorSi,1 unidade,"4,99 €","4,99 €/Unidade"
Pão ralado alho e salsa,PorSi,Embalagem de 240 g,"0,55 €","2,29 €/Kg"
"Refresco em pó, tropical",Tang,Embalagem de 30g,"0,75 €","18,75 €/Kg"
Vinho do porto white,Cruz,Garrafa de 750 ml,"11,99 €","15,99 €/L"
Queijo flamengo fatias light,Agros,Embalagem de 200g,"2,39 €","19,92 €/Kg"
Bambolitos brancos,PorSi,Embalagem de 150g,"0,79 €","5,27 €/Kg"
Creme de Barrar com Sabor a Manteiga,Becel,Embalagem de 400g,"1,39 €","6,95 €/L"
Barras fitness com morango,Nestle,Embalagem de 140g,"3,45 €","26,74 €/Kg"
Néctar tutti-fruti,Compal,Pack 3 x 200 ml,"0,99 €","0,99 €/L"
Vermute bianco,Martini,Garrafa de 0.75 l,"22,49 €","32,13 €/L"
Kefir natural,Vigor,Garrafa de 800 ml,"1,09 €","1,09 €/L"
Vinho maduro branco,Alorna,Garrafa de 0.75 l,"1,59 €","2,12 €/L"
Gelatina pronta a comer light 10 kcal ananás,Royal,Embalagem de 4 x 100 g,"0,85 €","2,13 €/Kg"
Queijo em fatias original,Casteloes,Embalagem de 200g,"1,56 €","7,80 €/Kg"
Bife de atum,PorSi,Embalagem de 400 g,"4,39 €","10,98 €/Kg"
Brócolos e couve-flor cortados,PorSi,500 g,"0,99 €","0,99 €/Kg"
Alimento lácteo sem açucar com sabor a pêssego/banan...,Yogolino,Embalagem de 4 x 100 gr,"2,89 €","7,23 €/Kg"
Vinho maduro tinto,C.da eira,Garrafa de 250 ml,"0,85 €","0,85 €/L"
Repelente de água,PorSi,Embalagem de 250 ml,"3,99 €","0,80 €/L"
Caderno Agrafado Capa Preta |A5 Quadriculado,Domédia,1 unidade,"3,69 €","3,69 €/Unidade"
Manteiga magra baixo teor sal,President,Embalagem de 250g,"1,69 €","6,76 €/Kg"
Bastão de Cola,Domédia,10 g,"2,19 €","109,50 €/L"
Pré-lavagem power gel,Vanish,Garrafa de 200 ml,"8,69 €","1,84 €/Kg"
Planta cozinha,Planta,Embalagem de 500g,"1,39 €","6,95 €/L"
Tomates Cereja Cacho,PorSi Bio,Emb.: ± 200 g,"0,46 €","2,29 €/Kg"
Super tea detox com selénio,Tetley,Embalagem de 40g,"44,50 €/Kg","44,50 €/Kg"
Napolitas creme baunilha,PorSi,Embalagem de 320g,"2,05 €","5,13 €/Kg"
Caldo de galinha 16 cubos,Knorr,Embalagem de 160g,"3,84 €","24,00 €/Kg"
Sacos do Lixo Ecobag 50 L,Vileda,Embalagem c/ 10 un.,"1,79 €","1,79 €/Unidade"
Doce de morango,PorSi Select,200 g,"2,19 €","9,95 €/Kg"
Detergente Manual p/ Lavar Roupa Regular,Gama,Embalagem de 510 g,"1,09 €","2,73 €/Kg"
Cenouras com peru +6 meses,Bledina,Embalagem de 2 x 200g,"1,89 €","9,95 €/Kg"
Polpa de maracuja,PorSi,Embalagem de 565g,"1,99 €","2,37 €/Kg"
Leite de limpeza age perfect,L'oreal,Embalagem de 200 ml,"23,70 €/L","23,70 €/L"
"Aperitivos, amendoins no forno",Matutano,Embalagem de 200g,"0,79 €","7,90 €/Kg"
Gel Banho Apollo,Axe,Embalagem de 400 ml,"5,99 €","14,98 €/L"
Cereais fitness chocolate preto,Nestle,Embalagem de 375g,"3,45 €","26,74 €/Kg"
Cerveja sem álcool,Super Bock,Pack 6 x 20 cl,"5,99 €","3,03 €/L"
Carcaça Rústica 70 g,Pão do Dia,,"0,20 €","2,50 €/Kg"
Refrigerante c/ gás light,Coca-Cola,pack 6 x 0.33 l,"0,79 €","0,40 €/L"
Clara liquida pasteurizado,Dovo,Embalagem de 320 ml,"2,19 €","2,19 €/Unidade"
Refrigerante sem gás de manga/laran,Joi,"Garrafa de 1,5 l","1,14 €","0,76 €/L"
Nectar vital equilibrio ananás/coco,Compal,Embalagem de 1 l,"0,99 €","0,99 €/L"
Gelatina frutos tropicais  10kcal,Royal,Embalagem de 30g,"0,55 €","61,11 €/Kg"
Bacalhau com broa,PorSi Select,350 g,"1,79 €","7,16 €/Kg"
Gel de Banho Deeply Nourishing,Dove,Embalagem de 750 ml,"6,39 €/L","6,39 €/L"
Azeite virgem extra bio frutado,Gallo,Garrafa de 750 ml,"3,19 €","4,25 €/L"
"Agrafos nº24/6, 2000 unidades",Maped,Uma embalagem,"2,59 €","2,59 €/Unidade"
Pensos diários maxi cotton aloé,Carefree,Embalagem com 30 unidades,"1,79 €","1,79 €/Unidade"
Pastilhas melão e melancia,Trident,Embalagem de 20g,"3,09 €","38,63 €/Kg"
Champanhe tradicional bruto,Delagne&fi,Garrafa de 750 ml,"40,29 €","53,72 €/L"
Iogurte tipo grego natural açucarado,PorSi,1 kg,"1,49 €","2,98 €/Kg"
Batido de morango,Forma+,Embalagem de 700g,"1,99 €","45,23 €/Kg"
Moscatel do douro aperitivo,Favaito,pack: 10 x 55 ml,"5,99 €","7,99 €/L"
Tomilho,PorSi,20 g,"0,89 €","17,80 €/Kg"
Paprika,PorSi,Saqueta com 50 g,"0,25 €","0,25 €/Kg"
Kit escovas de dentes,Tigex,1 conjunto,"2,29 €","2,29 €/Unidade"
Pasta dentífrica branco intenso,Aquafresh,Embalagem de 75 ml,"2,39 €","31,87 €/L"
"Marmelada com fruta, cálcio",Diese,Embalagem de 400g,"1,09 €","2,42 €/Kg"
"Shampoo, laranja",PorSi,Embalagem de 1 l,"3,99 €","0,80 €/L"
Pilha alcalina classic lr03x4,Domédia,1 unidade,"1,49 €","1,49 €/Unidade"
"Ameijoa japonesa, pescada no mar",Nossa seleção,1 un = 250 gr (aprox.),"4,99 €","4,99 €/Kg"
Bolachas crackers c/ sal,Du bois,Embalagem de 500g,"0,39 €","3,12 €/Kg"
Nata uht,Mimosa,embalagem de 200 ml,"0,75 €","3,75 €/L"
Café gold sumatra frasco,Nescafé,Embalagem de 100 g,"14,50 €/Kg","14,50 €/Kg"
Sidra maçãs ácidas,Bandida do Pomar,lata de 0.5 l,"1,59 €","3,18 €/L"
Licor de anis,Xarao,Garrafa de 700 ml,"16,99 €","24,27 €/L"
Rum spiced,Bacardi,Garrafa de 700 ml,"17,49 €","24,99 €/L"
Fita corretora mini pocket mouse,Tipp-Ex/Bic,embalagem com 2 unid. + 1 unid. grátis,"1,71 €","1,71 €/Unidade"
Escova de Dentes Flex Interdental,Aquafresh,2 + 1 unidades,"3,49 €","3,49 €/Unidade"
Pensos diários respirare,Carefree,embalagem com 20 unidades,"1,79 €","1,79 €/Unidade"
Vinho Regional de Lisboa Rosé,Mundus,"Garrafa de 0,75 l","2,12 €/L","2,12 €/L"
Piscina infantil,Bestway,Dim.: 152 x 38 cm,"2,99 €","2,99 €/Unidade"
Drageias de chocolate,MALTESERS,Embalagem de 300 g,"11,98 €/Kg","11,98 €/Kg"
Manteiga de amendoim crocante,Prozis,Embalagem de 500g,"8,13 €/Kg","8,13 €/Kg"
Fermento de padeiro em pó,Fermipan,Embalagem de 4x11 g,"1,89 €","17,18 €/Kg"
Vinho regional alentejano tinto,Qta.carmo,Garrafa de 0.75 l,"4,99 €","6,65 €/L"
Bebida de coco com arroz,PorSi Viva Bem,1 litro,"2,19 €","2,19 €/L"
Shoyce aveia& amendoa 0%,Shoyce,Garrafa de 1 l,"2,19 €","2,19 €/L"
Bacalhau em lombos,PorSi,Embalagem de 800g,"6,39 €","7,99 €/Kg"
Cuecas Incontinência Homem Active Fit L,Tena,8 Unidades,"20,79 €","20,79 €/Unidade"
Sabonete Deoprotect,Dystron,Embalagem de 80 g,"8,44 €","21,10 €/L"
Ambientador elétrico + recarga alfazema,PorSi,1 unidade,"3,74 €","3,74 €/Unidade"
Tablete de chocolate com avelãs,PorSi,Embalagem de 100 g,"10,52 €/Kg","10,52 €/Kg"
Formas de alumínio redondas 650 ml,PorSi,5 unidades,"1,69 €","1,69 €/Unidade"
Queijo Flamengo Bola,Limiano,1 un = 250 gr  (aprox.),"1,56 €","7,80 €/Kg"
Pensos Higiénicos Cottonlike com Abas Normal Plus,Evax,28 unidades,"2,59 €","2,59 €/Unidade"
Salsichão Nobreza,Elpozo,vendido ao peso,"1,35 €","16,88 €/Kg"
Bebida aveia sem açúcar,Alpro,Embalagem de 1 l,"2,19 €","2,19 €/L"
Aperfeiçoador BB Cream Oil Free Médio,Garnier,Embalagem de 40 ml,"2,99 €","59,80 €/L"
"Absorvedores de odores, relax zen",Brise,Embalagem de 2x150g,"16,63 €/L","16,63 €/L"
Gel de Banho Corpo e Cabelo Sensitive,Baby Dove,Embalagem de 400 ml,"4,39 €","21,95 €/L"
Leite uht magro,PorSi,Embalagem de 1 litro,"0,81 €","0,81 €/L"
Leite s/ lactose meio gordo,Mimosa,Garrafa de 1 l,"1,29 €","1,29 €/L"
Spray limpeza casa de banho,Cillitbang,Embalagem de 500 ml,"1,79 €","2,39 €/L"
Cappucino go chill com aveia biológica,Delta,Embalagem de 230 ml,"3,19 €","25,52 €/Kg"
Salsa folhas,PorSi,Saqueta de 12 g,"0,25 €","0,25 €/Kg"
Morcela receita tradicional,Nobre,Embalagem de 200g,"1,49 €","7,45 €/Kg"
Puré de maçã em frasco,Andros,Embalagem de 730g,"5,99 €","19,97 €/Kg"
Cappuccino intenso,Nescafe,Embalagem de 130g,"3,19 €","25,52 €/Kg"
Copos para caipirinha 200 ml,Aj simoes,Embalagem com 12 unidades,"1,69 €","1,69 €/Unidade"
Surprise Muda de Cor,LOL,1 unidade,"8,89 €","8,89 €/Unidade"
Whisky,J&B,Garrafa de 700 ml,"23,49 €","23,49 €/L"
Preparado de bolo de mármore,PorSi,528 g,"1,69 €","8,45 €/L"
Refrigerante com gás free,Seven-up,"Garrafa de 1,25 l","0,79 €","0,40 €/L"
Amaciador G. Maravilhosa,Ultra Suave,Embalagem de 400 ml,"1,00 €","5,00 €/L"
Pasta de atum,Fides,Embalagem de 90g,"1,19 €","13,52 €/Kg"
Gelatina morango 10kcal,Royal,Embalagem de 30g,"0,55 €","61,11 €/Kg"
12 Macarons Sortidos,PorSi Select,Embalagem de 144 g,"2,99 €","5,54 €/Kg"
Recarga inseticida elétrico líquido,Raid,45 noites,"6,39 €","6,39 €/Unidade"
Carne picada com 15% matéria gorda,PorSi Select,embalagem de 400 g,"6,29 €","15,73 €/Kg"
Perolas perfumadas floral,PorSi,Embalagem de 275 g,"8,69 €","1,84 €/Kg"
Detergente liquido maquina roupa frescura primavera,Xau,80 doses,"8,69 €","1,84 €/Kg"
Café moagem universal timor,Delta,Embalagem de 220g,"9,76 €/Kg","9,76 €/Kg"
Snack para gato anti-hairball,Whiskas,Embalagem de 60g,"0,99 €","16,50 €/Kg"
Mistura para aves,Rac.zezere,Embalagem de 5 kg,"3,59 €","11,97 €/Kg"
Café solúvel crema,Nescafe,Embalagem de 200g,"14,50 €/Kg","14,50 €/Kg"
Gomas favoritos classic,Haribo,Embalagem de 90g,"1,19 €","3,97 €/Kg"
Marcadores para colorir,Domédia,embalagem com 12 unidades,"3,09 €","3,09 €/Unidade"
Fermento químico,Vahine,Embalagem de 50g,"1,89 €","17,18 €/Kg"
Sal de mesa,PorSi,Embalagem de 250 g,"0,25 €","0,25 €/Kg"
20 saquetas infusão de lúcia lima,Lipton,Embalagem de 30g,"0,99 €","23,02 €/Kg"
Mini tostas integrais,PorSi,Embalagem de 180g,"2,39 €","6,83 €/Kg"
16 mini croquetes de carne,PorSi,Embalagem de 290 g,"1,79 €","7,16 €/Kg"
Spray tira gorduras,PorSi,Embalagem de 750 ml,"1,29 €","1,72 €/L"
Farinha láctea menos 40% açúcar,Cerelac,Embalagem de 250g,"4,49 €","4,49 €/Kg"
Napolitanas creme cacau,PorSi,Embalagem de 320g,"2,05 €","5,13 €/Kg"
Cereais argolas de mel,PorSi,Embalagem de 375 g,"5,07 €/Kg","5,07 €/Kg"
Iogurte tipo grego stracciatella,PorSi,Embalagem de 500g,"1,49 €","2,98 €/Kg"
Tofu biológico,PorSi Bio,Embalagem de 300g,"1,29 €","1,29 €/L"
Gelado fizz limão,Olá,Embalagem de 6 x 60 ml,"5,99 €","16,64 €/L"
Creme depilatório para peles normais,Labell,Embalagem de 200 ml,"10,99 €","73,27 €/L"
Lixívia tradicional,PorSi,Embalagem de 1 l,"1,74 €","0,35 €/L"
Pistachios com sal,PorSi,Embalagem de 200g,"0,79 €","3,95 €/Kg"
Cereais chocapic,Nestle,Embalagem de 630g,"5,07 €/Kg","5,07 €/Kg"
Sumo 100% maçã,PorSi,"Embalagem de 1,5 l","1,09 €","0,73 €/L"
Feijão manteiga,PorSi,Embalagem de 420g,"1,79 €","2,29 €/Kg"
Vodka red,Smirnoff,Garrafa de 1 l,"19,79 €","19,79 €/L"
Ameijoa Branca Vietnamita,Marisco Congelado,Vendido a partir de 250 gr  (aprox.),"3,25 €","12,99 €/Kg"
Recarga mopa,PorSi,1 unidade,"2,20 €","2,20 €/Unidade"
Papel Higiénico Puríssimo 3 Folhas,Renova,Embalagem c/ 12 rolos,"1,99 €","1,99 €/Unidade"
Whisky 10 anos,Bushmills,Garrafa de 700 ml,"23,99 €","34,27 €/L"
Tablete de chocolate de leite com amêndoas - sem açú...,PorSi Viva Bem,Embalagem de 100 g,"10,52 €/Kg","10,52 €/Kg"
Creme p/ Calçado Preto,Búfalo,Embalagem de 40 ml,"0,99 €","19,80 €/L"
Whisky Malte 12 Anos,Singleton,Garrafa 0.70L,"34,99 €","49,99 €/L"
Água com gás,Vimeiro,pack 6 x 0.25 l,"2,85 €","2,85 €/L"
Refrigerante de cola zero,PorSi,Garrafa de 2 l,"0,79 €","0,40 €/L"
Gelatina morango 8 kcal,PorSi,Embalagem de 4 x 100 g,"0,85 €","2,13 €/Kg"
Néctar de 8 frutos,Bongo,Garrafa de 1 l,"0,99 €","0,99 €/L"
Batata doce em palitos,MCCAIN,Embalagem de 500 g,"2,39 €","3,98 €/Kg"
Alimento lácteo maçã morango +8 meses,Yogolino,Embalagem de 90g,"2,89 €","7,23 €/Kg"
Feijão frade,Compal,Lata de 410 ml,"1,79 €","2,29 €/Kg"
Gelatina em pó melancia,PorSi,Embalagem de 2 x 85 g,"0,55 €","61,11 €/Kg"
Iogurte magro + gelatina morango,Mimosa,Embalagem de 4 x 120 g,"7,66 €/Kg","7,66 €/Kg"
Bolacha cream cracker,Vieira,Embalagem de 200g,"0,39 €","3,12 €/Kg"
"Alimento húmido para gato +1 ano, sabor a aves",Whiskas,Embalagem de 400g,"3,49 €","10,26 €/Kg"
Pizza fiambre e queijo,Campofrio,Embalagem de 360g,"0,99 €","4,30 €/Kg"
Arroz basmati,PorSi,Embalagem de 1 kg,"0,99 €","0,99 €/Kg"
Rum carta blanca,Bacardi,Garrafa de 700 ml,"17,49 €","24,99 €/L"
Ovos galinha solo m,PorSi,6 ovos,"1,39 €","1,39 €/Unidade"
Arroz basmati,Caçarola,Embalagem de 1 kg,"0,99 €","0,99 €/Kg"
Empadão de carne,PorSi,Embalagem de 1 kg,"7,99 €","7,99 €/Kg"
Café solúvel viena,Nescafe,Embalagem de 140g,"14,50 €/Kg","14,50 €/Kg"
Bol digestive tradicional 234g,Vieira,Embalagem de 230g,"1,19 €","5,95 €/Kg"
Café Qalidus XXL,Delta Q,Embalagem com 60 cápsulas,"59,82 €/Kg","59,82 €/Kg"
Medalhões de pescada,PorSi,Embalagem de 400 g,"4,39 €","10,98 €/Kg"
Luvas Multilatex M/L,Vileda,Embalagem com 100 un.,"4,29 €","4,29 €/Unidade"
"Cera de depilação oriental, pote",Labell,Embalagem de 250 ml,"1,15 €","1,15 €/Unidade"
Cereais Corn Flakes Zero,Nacional,Embalagem de 375 g,"1,49 €","2,98 €/Kg"
Concentrado Laranja e Pêssego,Sunquick,Garrafa de 700 ml,"4,89 €","6,61 €/L"
Toalhitas limpa moveis,PorSi,Embalagem de 24 unidades,"4,39 €","14,63 €/L"
Travessa com naperon 45x36cm,PorSi,1 unidade,"1,69 €","1,69 €/Unidade"
Chilli sem Carne,Iglo green,Embalagem de 400g,"1,89 €","6,30 €/Kg"
"Fermento em pó, lata",Royal,Embalagem de 110g,"1,89 €","17,18 €/Kg"
Vermute rosso,Martini,Garrafa de 1 l,"11,99 €","11,99 €/L"
Arroz integral,PorSi Viva Bem,Embalagem de 1 kg,"0,99 €","0,99 €/Kg"
Batata frita gourmet,PorSi,Embalagem de 150g,"1,06 €","5,73 €/Kg"
Ambientador stick perfume mulled wine,Air Wick,Embalagem de 1 unidades,"0,99 €","3,30 €/L"
Sidra de maçã,Somersby,pack 6 x 0.2 l,"1,59 €","3,18 €/L"
Tiras braseadas vegetarianas,Garden Gourmet,Embalagem de 175g,"1,89 €","6,30 €/Kg"
"Pensos para calos, 10 unidades",PorSi,1 embalagem,"0,59 €","1,18 €/L"
"Limpa vidros pistola, tripla acção",Ajax,Embalagem de 500 ml,"3,19 €","6,38 €/L"
Nabo Roxo sem Rama,Legumes do Dia,1 un = 200 gr (aprox.),"0,80 €","1,99 €/Kg"
Açúcar amarelo,PorSi,Embalagem de 1 kg,"1,49 €","1,49 €/Kg"
Caffe latte go chill,Delta,230 ml,"3,19 €","25,52 €/Kg"
Tablete de chocolate culinário 70% negro,PorSi,Embalagem de 200 g,"16,67 €/Kg","16,67 €/Kg"
Fuet extra,PorSi,170 g,"1,00 €","5,00 €/Kg"
Néctar vital equilíbrio frutos vermelhos,Compal,Garrafa de 200 ml,"0,99 €","0,99 €/L"
Doce de tomate 60% fruta,Cemporcent,Embalagem de 280g,"5,99 €","19,97 €/Kg"
Bife da Pá e do Acém,Novilho,Vendido ao peso a partir de 800 g,"4,99 €","12,48 €/Kg"
Saco Carvão Vegetal,Happy grill,Embalagem de 5 kg,"0,75 €","0,75 €/Unidade"
Tentáculos pota,PorSi,Embalagem de 800G,"5,49 €","6,86 €/Kg"
Café em cápsulas  qonvictus,Delta Q,Embalagem de 55 g,"59,82 €/Kg","59,82 €/Kg"
"Rebuçados sem açúcar, mentho-lyus",Halls,Embalagem de 128 g,"0,77 €","3,85 €/Kg"
Chupa original,Chupachups,Embalagem de 120g,"3,40 €","28,33 €/Kg"
Creme de fixação para dentaduras,Labell,Embalagem de 50 g,"7,39 €","105,57 €/Kg"
"Pensos diários respirare, 44 unidades",Carefree,Uma embalagem,"1,79 €","1,79 €/Unidade"
Óleo Cedro Líquido,PorSi,Embalagem de 200 ml,"4,39 €","14,63 €/L"
Desinfetante álcool gel,PorSi,100 ml,"0,99 €","1,98 €/L"
Agrafador + 400 agrafos,Domédia,Uma embalagem,"2,19 €","109,50 €/L"
Requeijão de ovelha,PorSi,Embalagem de 250g,"1,09 €","5,45 €/Kg"
"Alimento húmido para cão, galinha e cordeiro",Pedigree,Embalagem de 400g,"0,75 €","2,50 €/Kg"
Iogurte Líquido Yoggi s/ lactose Stracciatela,Nestle,4 x 160 g,"0,99 €","1,98 €/Kg"
Conjunto 4 Velas Litúrgicas Brancas,Codipostal,1 unidade,"1,29 €","1,29 €/Unidade"
Bacalhau Crescido da Noruega,PorSi,1 un=1.5kg (aprox.),"8,73 €/Kg","8,73 €/Kg"
Camarão moçambique 60/80,PorSi,800 g,"8,99 €","25,69 €/Kg"
"Paté de sarinha, atum e marisco",Fides,Embalagem de 90g,"1,19 €","13,52 €/Kg"
Churritos,PorSi,Embalagem de 240g,"2,05 €","5,13 €/Kg"
Bolacha wafer baunilha,PorSi,Embalagem de 180g,"0,98 €","4,67 €/Kg"
Lambrusco tinto,Sorbello,Garrafa de 0.75 l,"2,12 €/L","2,12 €/L"
Nestum aveia e morango,Nestum,Embalagem de 250g,"2,19 €","8,76 €/Kg"
Bebida de Soja Chocolate,PorSi Viva Bem,Pack: 3 x 200 ml,"2,49 €","2,49 €/L"
Iogurte magro + gelatina maracujá,Mimosa,Embalagem de 4 x 120 g,"7,66 €/Kg","7,66 €/Kg"
6 empadas de galinha,PorSi,Embalagem de 330g,"1,79 €","7,16 €/Kg"
Ambientador Arbre Cocktail de Frutos,Arbre Magique,3 unidade,"1,99 €","1,99 €/Unidade"
"Briquetes madeira, 12 unidades",Nova lenha,1 embalagem,"0,75 €","0,75 €/Unidade"
Entremeada salgada,Prisca,Embalagem de 150g,"2,79 €","9,30 €/Kg"
Pizza fresca de fiambre e queijo,PorSi,400 g,"0,99 €","4,30 €/Kg"
Comida húmida para gato seleção de peixes,Gourmet mp,Embalagem de 300g,"3,49 €","10,26 €/Kg"
Aperitivos de amendoim com sal e mel,Matutano,Embalagem de 150g,"0,79 €","7,90 €/Kg"
Queijo fatias -50% de gordura,Limiano,Embalagem de 400g,"1,56 €","7,80 €/Kg"
Bochechas,Porco,1 un = 150 gr (aprox.),"4,89 €","4,89 €/Kg"
Iogurte liquido stracciatella,PorSi,Embalagem de 4 x 160 g,"1,17 €","1,83 €/Kg"
Bolachas maria,Triunfo,Embalagem de 200g,"2,11 €/Kg","2,11 €/Kg"
"Penso Higiénico Ultra Normal Plus, 12unidades",Carefree,Uma embalagem,"2,59 €","2,59 €/Unidade"
Salada bacon,PorSi,Embalagem de 192 g,"2,35 €","5,60 €/Kg"
Desinfetante de frutas e vegetais,Clean Essence,500 ml,"0,47 €","4,69 €/Kg"
Inseticida baratas e formigas,Dum Dum,Embalagem de 400 ml,"5,09 €","8,48 €/L"
Chocolate negro 85% cacau,Nestle,Embalagem de 120g,"16,67 €/Kg","16,67 €/Kg"
Vinagre de limpeza,Dona Pureza,Embalagem de 1 l,"4,09 €","5,45 €/L"
Leite pasteurizado gordo,Vigor,Garrafa de 1 l,"1,09 €","1,09 €/L"
Crispy burgers de proteína vegetal,Iglo green,Embalagem de 200g,"1,89 €","6,30 €/Kg"
Bolachas dinossauros dinoovos,Artiach,Embalagem de 140g,"1,89 €","15,75 €/Kg"
Gelado brownie,PorSi Select,Embalagem de 500ml,"2,69 €","5,38 €/L"
Chocolate em pó 70% cacau,STARBUCKS,Embalagem de 300g,"6,64 €/Kg","6,64 €/Kg"
Desodorizante de Pés em Creme,Protex,Embalagem de 100 ml,"5,99 €","59,90 €/L"
"Rolos de cozinha compactos, branco, máxima absorção,...",Renova,1 unidade,"4,99 €","4,99 €/Unidade"
Lombo de bacalhau com lombo higienizada congelada,Reymar,Vendido ao peso,"8,73 €/Kg","8,73 €/Kg"
Farinha rainha c/ fermento,Nacional,Embalagem de 1000 g,"1,99 €","1,99 €/Kg"
Beterraba Cozida,*,Embalagem de 450 g,"0,47 €","4,69 €/Kg"
Ananás em rodelas,PorSi,Embalagem de 565 g,"1,99 €","2,37 €/Kg"
Fraldas agility T5 de 13 a 18 kg,PorSi,44 unidades,"6,49 €","6,49 €/Unidade"
Mini Tostas de Trigo,PorSi,Embalagem de 350 g,"2,39 €","6,83 €/Kg"
Wafer cacau cubos,Vieira,Embalagem de 100g,"0,98 €","4,67 €/Kg"
Mel em frasco de vidro,Jorge v.f.,Embalagem de 500g,"2,25 €","9,00 €/Kg"
Aroma de anis,Vahine,Embalagem de 20g,"1,89 €","17,18 €/Kg"
Sombrinhas de Natal,Regina,Embalagem de 35 g,"2,29 €","17,62 €/Kg"
Detergente Líquido p/ Máquina de Lavar Roupa Bebé,A+,Embalagem 28 Doses,"9,99 €","6,66 €/L"
Snack chocolate leite,Kit kat,Embalagem de 125g,"16,72 €/Kg","16,72 €/Kg"
15 barrinhas pescada,Pescanova,Embalagem de 450g,"9,30 €/Kg","9,30 €/Kg"
Lixivia perfumada,PorSi,Garrafa de 2 l,"1,74 €","0,35 €/L"
Flocos de aveia bio,Seara,Embalagem de 400 g,"1,89 €","3,78 €/Kg"
Spray recarga limpeza da cozinha,Cif,embalagem de 70 ml,"4,09 €","5,45 €/L"
Arroz agulha,Saludães,Embalagem de 1kg,"0,99 €","0,99 €/Kg"
Iogurte líquido morango / framboesa corpos danone,Danone,Embalagem de 4 x 155 g,"1,17 €","1,83 €/Kg"
Sal marinho integral,Cemporcent,Embalagem de 1 kg,"4,99 €","16,63 €/Kg"
Ração para gato indoor,Purina One,Embalagem de 800g,"12,99 €","4,33 €/Kg"
Azeite tradição,Oliveira da Serra,Embalagem 3L,"3,19 €","4,25 €/L"
Leite Protetor Sensitive Advanced 50+,Ambre Solaire,Embalagem de 200 ml,"16,99 €","84,95 €/L"
Não Mais Pregos Forte e Rápido,Pattex,Embalagem de 150 g,"1,79 €","1,79 €/Unidade"
Pringles flame kickin sour cream,Pringles,Embalagem de 160g,"0,79 €","7,90 €/Kg"
Vinho branco Tejo reserva,Casaleiro,Garrafa de 0.75 l,"3,99 €","5,32 €/L"
Detergente liquido para máquina de lavar roupa activ...,Skip,Embalagem de 80 doses,"8,69 €","1,84 €/Kg"
Chocolate cereali 4 barritas,Kinder,Embalagem de 940g,"2,29 €","17,62 €/Kg"
Snacktoon rupy frutos variados,Bledina,Embalagem de 100g,"2,29 €","6,94 €/L"
Néctar pêssego,Compal,Pack 3 x 200 ml,"0,99 €","0,99 €/L"
Massa esparguete,PorSi,Embalagem de 500g,"0,89 €","1,78 €/Kg"
Esparguete fino,Nacional,Embalagem de 500g,"0,89 €","1,78 €/Kg"
Queijinhos Babybel Mix,Babybel,Embalagem de 180g,"0,82 €","23,43 €/Kg"
Barras de plasticina pastel,Jovi,6 unidades,"2,19 €","109,50 €/L"
Laranja Económica,Fruta do Dia,1 un = 250 gr  (aprox.),"0,50 €","1,99 €/Kg"
Fermento,Royal,Embalagem de 230g,"1,89 €","17,18 €/Kg"
Sobremesa tiramisú,Páturages,Embalagem de 4 x 80 g,"0,55 €","2,75 €/Kg"
Polaretti magic milk micro esferas solúveis sabor bi...,Dolfin,Embalagem de 30g,"6,64 €/Kg","6,64 €/Kg"
Bolacha maria doces,Vieira,Embalagem de 300g,"2,11 €/Kg","2,11 €/Kg"
Queijo grana padano D.O.P 16 meses de cura,PorSi Select,Embalagem de 180 g,"2,87 €","15,94 €/Kg"
Geleia de morango,Casa de Mateus,Embalagem de 345 g,"3,29 €","9,54 €/Kg"
Café mistura peninsular,Delta,Embalagem de 250g,"1,64 €","6,56 €/Kg"
Ambientador elétrico botanica Vetiver das Caraíbas &...,Air Wick,1 unidade,"3,74 €","3,74 €/Unidade"
Refrigerante sem gás laranja,Trina,"Garrafa de 1,5 l","1,14 €","0,76 €/L"
Vinho tinto doc bairrada,R.c.antiga,Garrafa de 750 ml,"2,92 €/L","2,92 €/L"
Chá barbas de milho,PLANTANATU,Embalagem de 10g,"1,25 €","1,25 €/Unidade"
Cenouras Programa Origens,PorSi,Embalagem de 1 kg,"0,79 €/Kg","0,79 €/Kg"
12 Preservativos Adapta Non Stop,Control,,"4,49 €","4,49 €/Unidade"
Recarga Panos p/ Madeira,Swiffer,18 un.,"1,79 €","1,79 €/Unidade"
Mostarda em frasco,Savora,Embalagem de 190g,"0,70 €","2,33 €/Kg"
Bolachas chips ahoy,Ca!,Embalagem de 130g,"0,90 €","6,00 €/Kg"
Frutose,Cemporcent,Embalagem de 250g,"1,49 €","1,49 €/Kg"
Vinho regional lisboa tinto,Res.cortes,Garrafa de 750 ml,"3,99 €","5,32 €/L"
Tira Nódoas Brancos em Gel,Skip,"1,6 l","10,99 €","52,33 €/Kg"
Esferográfica Preta Média,Mab,Embalagem com 4 un.,"3,29 €","3,29 €/Unidade"
Anti-Traça Alimentos,Dum Dum,2 unidades,"5,99 €","176,18 €/Kg"
Fiambre da Pá,PorSi,1 un = 150 gr (aprox.),"0,97 €","6,49 €/Kg"
Leite condensado magro,PorSi,Embalagem de 390 g,"1,09 €","2,75 €/Kg"
Recarga ambientador elétrico rosa bouquet,Air Wick,Embalagem de 1 unidades,"11,98 €","11,98 €/Unidade"
Iogurte 0% pedaços muesli e cereal,Longa vida,Embalagem de 4 x 120 g,"4,36 €","2,18 €/Kg"
"Refrigerante sem gás, laranja",Joi,"Garrafa de 1,5 l","1,14 €","0,76 €/L"
Café com cafeina solúvel,Delta,Embalagem de 20g,"14,50 €/Kg","14,50 €/Kg"
Ervilhas bio,PorSi Bio,Frasco com 290 g,"1,29 €","1,29 €/L"
Comida húmida de vaca para cão,Friskies,Embalagem de 4 x 100 g,"0,75 €","2,50 €/Kg"
Bolachas marítimas clássicas,PorSi Viva Bem,Embalagem de 200g,"1,45 €","11,15 €/Kg"
Bolachas Rosquilhas com Canela,Cuetara,Embalagem de 300g,"1,69 €","6,76 €/Kg"
Gelado cookies & cream,PorSi Select,Embalagem de 500ml,"2,69 €","5,38 €/L"
Filetes de cavala em azeite,PorSi,Embalagem de 120 g,"9,08 €/Kg","9,08 €/Kg"
Bebida de soja com cálcio,PorSi Viva Bem,Embalagem de 1 litro,"2,49 €","2,49 €/L"
Néctar de laranja e cenoura light,PorSi,Embalagem de 1 litro,"0,84 €","2,55 €/L"
4 hamburguers vaca s/ glúten,Capitão Iglo,Embalagem de 320g,"2,79 €","8,72 €/Kg"
"Pasta dentífrica, tripla ação",Labell,Embalagem de 75 ml,"2,39 €","31,87 €/L"
Iogurte líquido morango/cereais,PorSi,Embalagem de 4 x 160 g,"1,17 €","1,83 €/Kg"
Camarão vannamei 24/40,Pescanova,Embalagem de 800g,"8,99 €","25,69 €/Kg"
Gin Premium |Blue Magic,Sharish,"Embalagem de 0,50L + Oferta 1 Copo","19,79 €","19,79 €/L"
Ambientador vela odor animais,PorSi,1 unidade,"9,49 €","45,19 €/Kg"
Carrinho com boneco,Vicam,1 unidade,"8,89 €","8,89 €/Unidade"
Iogurte líquido de frutos vermelhos,PorSi,Embalagem de 4 x 160 g,"1,17 €","1,83 €/Kg"
Saqueta puré de fruta e bolacha,PorSi,Embalagem de 90g,"0,74 €","8,22 €/Kg"
Detergentes máquina lavar loiça next generation,PorSi,30 pastilhas,"1,49 €","5,96 €/L"
Desengordurante de Vitrocerâmica/Indução 3 em 1 |Spr...,Vitroclen,Embalagem de 450 ml,"1,29 €","1,72 €/L"
20 saquetas chá yellow label,Lipton,Embalagem de 30g,"0,99 €","99,00 €/Kg"
Palmiers,PorSi,Embalagem de 720 g,"0,69 €","3,45 €/Kg"
Batata frita forno camponesas,Lay's,Embalagem de 130g,"1,19 €","6,43 €/Kg"
Hortelã-menta vaso aromáticas vivas,Aroma viva,Embalagem de 1 unidades,"0,89 €","17,80 €/Kg"
Cerveja super bock,Super Bock,Pack 6 x 200 ml,"1,99 €/L","1,99 €/L"
Azeite virgem clássico,PorSi,Garrafa de 750 ml,"3,19 €","4,25 €/L"
Plantanatur super cartilagem de tubarão,PLANTANATU,Embalagem de 1 unidades,"7,59 €","126,50 €/Kg"
Whisky Blended,Label 5,Garrafa de 1L,"23,49 €","23,49 €/L"
Manteiga amendoim com pedaços,Calve,Embalagem de 350g,"8,13 €/Kg","8,13 €/Kg"
Esfregão Power Inox,Vileda,2 unidades,"1,99 €","1,99 €/Unidade"
Salsa folhas,PorSi,Embalagem de 10g,"0,25 €","0,25 €/Kg"
Vinho maduro branco,Casal da eira,Embalagem de 250 ml,"0,85 €","0,85 €/L"
Whisky,Grants,Garrafa de 1 l,"23,49 €","23,49 €/L"
Pimento Vermelho,Legumes do Dia,1 un=250 gr (aprox.),"0,75 €","2,99 €/Kg"
Sopa de tomate,Knorr,Embalagem de 90g,"0,84 €","13,55 €/Kg"
Gel de banho bio kids,Corine de Farme,300 ml,"6,39 €/L","6,39 €/L"
Bolacha integral doce,Vieira,Embalagem de 180g,"1,19 €","5,95 €/Kg"
Sopa Canja de Galinha c/ Aletria,PorSi,Embalagem de 75 g,"0,84 €","13,55 €/Kg"
Ambientador Difusão Automático Essential Mist Brisa ...,Air Wick,1 un.,"3,74 €","3,74 €/Unidade"
Refrigerante com gás de laranja,Sumol,"Garrafa de 1,25 l","0,79 €","0,40 €/L"
Esponja autobrilhante,PorSi,3 g,"2,25 €","45,00 €/L"
Café lote bocage moagem única,Nicola,Embalagem de 250g,"9,16 €/Kg","9,16 €/Kg"
Papel higiénico branco 2 folhas,PorSi,48 rolos,"1,99 €","1,99 €/Unidade"
Óleo Gasolina 20w40,PorSi,Embalagem de 5 l,"14,99 €","14,99 €/L"
Livro Quero Conhecer Alfabeto,Europrice,1 unidade,"4,99 €","4,99 €/Unidade"
Loção Solar Bronzeadora Cenoura FP6,Nivea Sun,Embalagem de 200 ml,"21,49 €","71,63 €/L"
Faca Pão 20 cm Inox,PorSi,1 unidade,"9,99 €","9,99 €/Unidade"
Gel Duche Men Active Clean,Nivea Men,Embalagem de 500 ml,"5,99 €","14,98 €/L"
Fashionista,Barbie,1 unidade,"8,89 €","8,89 €/Unidade"
Água mineral sem gás,Vitalis,Pack 6 x 1.5 l,"1,04 €","0,17 €/L"
Oreo flavors cookies birthday party rollpack 154 gr,Oreo,Embalagem de 150g,"0,79 €","4,49 €/Kg"
"Presunto Metades, 6 meses de cura",PorSi,"Vendido ao peso, fatiado a partir de 100 gr","2,79 €","13,95 €/Kg"
Gelado cornetto mini clássico,Olá,Embalagem de 8 x 60 ml,"5,99 €","16,64 €/L"
Iogurte líquido yoggi morango/banana,Nestle,Embalagem de 4 x 160 g,"1,17 €","1,83 €/Kg"
Massa de cotovelos grandes riscados,Milaneza,Embalagem de 500g,"0,89 €","1,78 €/Kg"
Queijo flamengo fatiado,PorSi,Embalagem de 200G,"1,56 €","7,80 €/Kg"
Arroz carolino,Louro,Embalagem de 1 kg,"0,99 €","0,99 €/Kg"
Creme depilatório para peles sensíveis,Labell,Embalagem de 200 ml,"10,99 €","73,27 €/L"
Coca-cola zero sem cafeína,Coca-Cola,"Garrafa de 1,75 l","0,79 €","0,40 €/L"
Bolachas mini,Oreo,Embalagem de 160g,"0,79 €","4,49 €/Kg"
Café descafeinado,PorSi,Embalagem de 250g,"1,59 €","6,36 €/Kg"
Preparado de bolo de chocolate,PorSi,500 g,"1,69 €","8,45 €/L"
Ice tea de manga,PorSi,"Embalagem de 6x0,20 l","1,14 €","0,76 €/L"
"Gelatina pronto a comer, 10kcal limão",Royal,Embalagem de 4 x 100 g,"0,85 €","2,13 €/Kg"
Lava tudo antibacteriano floral,PorSi,"Garrafa de 1,5 l","0,99 €","0,50 €/L"
Cillit bang limpa vidros,Cillitbang,Garrafa de 500 ml,"3,19 €","6,38 €/L"
Sumo essencial pera,Compal,pack 3 x 0.11 l,"0,99 €","0,99 €/L"
Achocolatado em Pó,Nesquik,Embalagem de 700g,"6,64 €/Kg","6,64 €/Kg"
Manteiga de amendoim,Prozis,Embalagem de 1 kg,"8,13 €/Kg","8,13 €/Kg"
Puré de maçã sem adição açúcar,PorSi,700 g,"0,74 €","8,22 €/Kg"
"Vela em número,  nº 0",PorSi,1 unidade,"1,49 €","1,49 €/Unidade"
Bolachas Maria sem Açúcar,Vieira de Castro,Embalagem de 300 g,"2,11 €/Kg","2,11 €/Kg"
Tablete chocolate de leite,PorSi,embalagem de 100 g,"5,30 €/Kg","5,30 €/Kg"
Pack 5 veículos sortidos,Hot Wheels,1 embalagem,"9,99 €/Unidade","9,99 €/Unidade"
Leite com chocolate light,Ucal,Embalagem de 6 x 250 ml,"0,26 €","1,30 €/L"
Poejo,PorSi,20 g,"0,89 €","17,80 €/Kg"
Feijão manteiga,PorSi,Frasco com 540 g,"1,79 €","2,29 €/Kg"
Leite seleccionado meio gordo,Matinal,Garrafa de 1 l,"0,81 €","0,81 €/L"
Bolachas de aveia,Triunfo,Embalagem de 190g,"3,09 €","10,30 €/Kg"
Kit Duetti,Maped,1 un.,"2,59 €","2,59 €/Unidade"
Maçã golden 60/65 categoria II Programa Origens,PorSi,Embalagem de 1.5 kg,"0,41 €","2,29 €/Kg"
"Espuma de cabelo, volume xxl",Fru style,Embalagem de 200 ml,"4,19 €","16,76 €/L"
Aguardente,1920,Garrafa de 700 ml,"12,79 €","18,27 €/L"
Presunto Reserva Fatias,Porminho,Embalagem de 100 g,"2,79 €","13,95 €/Kg"
Alho picado,PorSi,Embalagem de 100 g,"3,29 €","4,39 €/Kg"
Inseticida Aerossol Casa&Plantas,Raid,1 Embalagem 600ml,"5,49 €","13,73 €/L"
Descafeinado,Buondi,10 cápsulas,"1,59 €","6,36 €/Kg"
Morcela assar fundao,PorSi,Embalagem de 250g,"1,49 €","7,45 €/Kg"
"Bolo com recheio de chocolate, multipack",Chipicao,Embalagem de 340g,"2,05 €","5,13 €/Kg"
Pensos Incontinência Mulher Lady Super,Tena,30 unidades,"1,95 €","1,95 €/Unidade"
Queijo fresco de cabra,Santiago,Embalagem de 130g,"1,09 €","5,45 €/Kg"
"Quadrado trufa, 3 unidades",Dulcesol,Embalagem de 210 g,"2,05 €","5,13 €/Kg"
Penso de incontinência normal,Ausonia Discreet,Embalagem de 12 un.,"1,95 €","1,95 €/Unidade"
Massa para pizza,PorSi,Embalagem de 260 g,"0,89 €","1,78 €/Kg"
Snacks croc.amendoim,PorSi,Embalagem de 90g,"0,79 €","7,90 €/Kg"
Queijo creme de camembert,Président,embalagem de 125 g,"1,45 €","7,25 €/Kg"
Beringela,Legumes do Dia,1 un=400 gr (aprox.),"0,47 €","4,69 €/Kg"
Jameson caskmates ipa 70cl,Jameson,Garrafa de 700 ml,"23,49 €","23,49 €/L"
6 Preservativos Adapta Nature,Control,,"4,49 €","4,49 €/Unidade"
Sumo 100% laranja,Compal,1 litro,"1,09 €","0,73 €/L"
Whisky,Glen crina,Garrafa de 700 ml,"23,49 €","23,49 €/L"
Mini fada com acessórios,Fantástiko,12 cm,"8,89 €","8,89 €/Unidade"
Néctar vital equilibrio manga/maracujá,Compal,Embalagem de 1 l,"0,84 €","2,55 €/L"
Abrasivo sanitário pinho e eucalipto,PorSi,embalagem de 1 litro,"4,99 €","7,13 €/L"
Panquecas de aveia c/ proteína pepitas chocolate,Prozis,Embalagem de 400g,"4,99 €","16,63 €/Kg"
Ambientador tealights canela,PorSi,embalagem com 18 unidades,"9,49 €","45,19 €/Kg"
Bolachas Vitalday crocantes aveia e chocolate de lei...,Gullon,Embalagem de 300g,"2,15 €","2,87 €/Kg"
Discos Sanitários Activos Aparelho Lavanda,WC Pato,Embalagem de 36 ml,"2,99 €","74,75 €/Kg"
Jardineira,PorSi,Embalagem de 400 g,"1,89 €","1,89 €/Kg"
Alho Seco Granel,Legumes do Dia,1 un = 100 gr (aprox.),"0,45 €","1,79 €/Kg"
Limpa carpetes,PorSi,Embalagem de 1 litro,"2,29 €","2,29 €/L"
Máscara Split Remedy,Tresemmé,Embalagem de 300 ml,"1,00 €","5,00 €/L"
Sumo essencial pera,Compal,pack 3 x 0.11 l,"2,29 €","6,94 €/L"
Aguardente velhíssima,São Domingos,Garrafa de 0.70 l,"12,79 €","18,27 €/L"
Pastilhas 60 minutos Spearmint Botlle,Trident,Embalagem com 80g,"3,09 €","38,63 €/Kg"
Leite condensado,PorSi,Embalagem de 397 g,"1,09 €","2,75 €/Kg"
20 saquetas chá de frutos silvestres,Lipton,Embalagem de 30g,"44,50 €/Kg","44,50 €/Kg"
Cogumelos laminados,PorSi,Embalagem de 185 g,"1,79 €","2,29 €/Kg"
Bolacha filipinos chocolate branco,Artiach,Embalagem de 140g,"0,79 €","5,27 €/Kg"
Bola Rústica,Pão do Dia,85 g,"0,20 €","2,50 €/Kg"
Tapioca express pacote,Tipiak,Embalagem de 250g,"1,49 €","1,49 €/Kg"
Areia para gatos 100% natural,PorSi,Embalagem de 5 kg,"1,19 €","0,24 €/Kg"
Champô anti-caspa,Labell,Embalagem de 400 ml,"5,59 €","13,98 €/L"
Sumo de laranja,Andros,Embalagem de 1 l,"1,09 €","0,73 €/L"
Pudim de chocolate,PorSi,Embalagem de 110g,"0,59 €","29,50 €/Kg"
Filetes primavera limão,Iglo,Embalagem de 230g,"1,79 €","7,16 €/Kg"
Ração para gato bolas de pelo com frango,Friskies,"Embalagem de 1,5kg","12,99 €","4,33 €/Kg"
Cem porcento-chá infusão sem barriga,Cemporcent,Embalagem de 13g,"0,99 €","99,00 €/Kg"
Farinha para pão integral,Nacional,Embalagem de 1 kg,"1,99 €","1,99 €/Kg"
Bolachas cracker sem sal,PorSi,Embalagem de 500g,"0,39 €","3,12 €/Kg"
20 saquetas chá de pêssego manga,Lipton,Embalagem de 40g,"44,50 €/Kg","44,50 €/Kg"
Cerveja com álcool,Sagres,pack 24 x 0.25 l,"1,99 €/L","1,99 €/L"
Barras fitness chocolate de leite,Nestle,Embalagem de 135 g,"1,29 €","10,24 €/Kg"
Ovos de galinha ao ar livre | Classe: M/L,Matinados,6 unidades,"1,39 €","1,39 €/Unidade"
Soro fisiológico,PorSi,Embalagem de 100 ml,"0,59 €","5,90 €/L"
Gomas starmix,Haribo,Embalagem de 90g,"1,19 €","3,97 €/Kg"
Queijo mascarpone,Páturages,Embalagem 250G,"1,59 €","6,36 €/Kg"
Inseticida ajustável eléctrico líquido anti melgas e...,Raid,60 noites,"6,39 €","6,39 €/Unidade"
Dispensador com sacos higiénicos para animal,Canaillou,2 x 20 unidades,"1,19 €","0,24 €/Kg"
Estojo de maquilhagem Fairy Style,Clementoni,1 unidade,"8,89 €","8,89 €/Unidade"
10 pães de leite,PorSi,Embalagem de 350g,"2,59 €","7,40 €/Kg"
Ice tea de pêssego,PorSi,"Embalagem de 1,5 l","1,14 €","0,76 €/L"
O cacau puro,Cemporcent,Embalagem de 200g,"2,29 €","11,45 €/Kg"
Croquetes vegetais,PorSi Viva Bem,Embalagem de 220g,"1,89 €","6,30 €/Kg"
Manual Escolar Compêndio Ratinho Estudo do Meio e Hi...,Ratinho,1 un.,"1,79 €","1,79 €/Unidade"
Camarão cozido 40/60,PorSi,Embalagem de 500 g,"5,25 €","14,99 €/Kg"
Palitos superfinos,PorSi,Embalagem de 400 unidades,"1,15 €","1,15 €/Unidade"
Ervilhas,Iglo,"Embalagem de 1,125 kg","1,89 €","1,89 €/Kg"
Leite uht magro,Mimosa,Embalagem de 1 litro,"0,81 €","0,81 €/L"
Ambientador aerossol 5 em 1 frescura água,PorSi,300 ml,"0,99 €","3,30 €/L"
Molho de maionese com alho e ervas,PorSi,Garrafa de 120 ml,"0,70 €","2,33 €/Kg"
Ananás pedaços em calda,PorSi,Embalagem de 565g,"1,99 €","2,37 €/Kg"
Creme bio mãos e unhas,Labell Bio,75 ml,"1,03 €","10,30 €/L"
Massa em espirais,PorSi,Embalagem de 500g,"0,89 €","1,78 €/Kg"
Cápsulas de café qharacter,Delta Q,Embalagem de 60g,"59,82 €/Kg","59,82 €/Kg"
Bolacha shortcake chocolate,Nacional,Embalagem de 180g,"1,69 €","6,76 €/Kg"
Vinagre balsâmico modena,Gallo,Garrafa de 250 ml,"0,35 €","0,70 €/L"
Cachaça,Pitu,Garrafa de 700 ml,"17,49 €","24,99 €/L"
Pudim caramelo,PorSi,Embalagem de 90g,"0,59 €","29,50 €/Kg"
Porto special reserva,Q.harris,Garrafa de 750 ml,"9,99 €","13,32 €/L"
Ambientador Arbre Baunilha,Arbre Magique,3 unidade,"1,99 €","1,99 €/Unidade"
Snack para gato seaside,Felix,Embalagem de 60g,"0,99 €","16,50 €/Kg"
Leite evaporado,PorSi,Embalagem de 410g,"1,09 €","2,75 €/Kg"
Spray renova camurça preta,PorSi,Embalagem de 200 ml,"5,09 €","20,36 €/L"
Bebida energética,Red Bull,Garrafa de 360 ml,"1,60 €","3,20 €/L"
Sardinhas em óleo picante,Ramirez,Embalagem de 130g,"9,08 €/Kg","9,08 €/Kg"
Leite pasteurizado m/g sem lactose,Vigor,Garrafa de 1 l,"1,09 €","1,09 €/L"
Farinha de alfarroba bio,PorSi Bio,Embalagem de 200 g,"1,89 €","3,78 €/Kg"
"Ice tea, pêssego",PorSi,"Embalagem de 6x0,20 l","1,14 €","0,76 €/L"
Aveia instantânea em pó 1250 g bolacha,Prozis,"Embalagem de 1,25 kg","2,29 €","11,45 €/Kg"
Paté Fígado Porco c/ Pimenta Verde,PorSi,75 g,"0,95 €","4,75 €/Kg"
Jaca em calda,Koala,Embalagem de 570g,"1,99 €","2,37 €/Kg"
Açafrão das Índias,PorSi,Embalagem de 50g,"0,25 €","0,25 €/Kg"
Gelado cornetto morango,Olá,Embalagem de 6 x 90 ml,"5,99 €","16,64 €/L"
Molho cervejeira 8 cubos,Knorr,Embalagem de 70g,"3,84 €","24,00 €/Kg"
Pudim flan,El mandari,Embalagem de 10g,"0,59 €","29,50 €/Kg"
Maquina Depiladora Descartável Venus Basic,Gillette,Embalagem de 3 + 1 un. Grátis,"3,29 €","3,29 €/Unidade"
Queijo de mistura curado,Seia,Embalagem de 250g,"5,99 €","23,96 €/Kg"
Formas de alumínio 950 ml,PorSi,5 unidades,"1,69 €","1,69 €/Unidade"
"Bombons de chocolate, praleine",Schogetten,Embalagem de 100g,"5,30 €/Kg","5,30 €/Kg"
5 gouaches de cores primárias,Domédia,Uma embalagem,"4,69 €","4,69 €/Unidade"
Leite uht meio gordo,Mimosa,Embalagem de 1 litro,"0,81 €","0,81 €/L"
Pão forma cereais sem glúten,Schar,Embalagem de 300g,"2,99 €","7,97 €/Kg"
"Bloco sanitário power 5, lime",Domestos,Embalagem de 1 unidades,"2,99 €","74,75 €/Kg"
Cogumelo Portobello Laminado,Legumes do Dia,embalagem de 300 g,"1,89 €","6,30 €/Kg"
Gelado carte d'or chocolate brownie,Olá,Embalagem de 900 ml,"2,69 €","5,38 €/L"
8 salsichas aves,Izidoro,Embalagem de 200g,"0,75 €","3,75 €/Kg"
Xarope de groselha,Xarão,Garrafa de 1 l,"4,89 €","6,61 €/L"
Plantanatur detox rapid,PLANTANATU,Garrafa de 500 ml,"7,59 €","126,50 €/Kg"
Cerveja com álcool,Sagres,"Embalagem de 0,33 l","1,99 €/L","1,99 €/L"
Martini fiero,Martini,Garrafa de 750 ml,"11,99 €","11,99 €/L"
Molas de madeira,PorSi,36 unidades,"0,89 €","0,89 €/Unidade"
Livro Quero Conhecer os Números,Europrice,1 unidade,"4,99 €","4,99 €/Unidade"
Iogurte sabor a coco,PorSi,Embalagem de 4 x 125 g,"1,87 €","1,25 €/Kg"
Compota frutos vermelhos 60% fruta,Cemporcent,Embalagem de 280g,"5,99 €","19,97 €/Kg"
Spray power&shine multiusos c/ lixívia,Cif,Garrafa de 750 ml,"4,09 €","5,45 €/L"
Multivitaminas de a a z (cápsulas),Forma+,Embalagem de 25g,"7,59 €","126,50 €/Kg"
Creme Depilatório Peles Sensíveis,Veet,Embalagem de 400 ml,"10,99 €","73,27 €/L"
18 nuggets de frango,Capitão Iglo,Embalagem de 380g,"9,30 €/Kg","9,30 €/Kg"
Queijo fresco de ovelha,Santiago,Embalagem de 70g,"1,09 €","5,45 €/Kg"
Salsichas extra suculentas de frango,Nobre,Frasco de 210g,"0,75 €","3,75 €/Kg"
Caixa de arquivo morto,Domédia,1 unidade,"2,59 €","2,59 €/Unidade"
Cubos gengibre (para mastigar),Cemporcent,Embalagem de 100g,"1,49 €","1,49 €/Kg"
"Drageias de chocolate, tubos",SMARTIES,Embalagem de 110g,"2,29 €","17,62 €/Kg"
Lip Gloss #500,Rimmel,1 unidade,"3,99 €","3,99 €/Unidade"
Magnum mini white mix,Olá,Embalagem de 6 x 55 ml,"5,99 €","16,64 €/L"
"Fiambre extra, fatiado",PorSi,Embalagem de 200g,"0,97 €","6,49 €/Kg"
Asas de Frango,*,1 un = 100 gr (aprox.),"3,99 €","3,99 €/Kg"
Tablete de chocolate meio amargo,Toblerone,Embalagem de 100g,"16,67 €/Kg","16,67 €/Kg"
Marmelada,Ferbar,Embalagem de 800g,"1,09 €","2,42 €/Kg"
Queijo brie 60% mg,Páturages,Embalagem de 200 g,"1,45 €","7,25 €/Kg"
Tostas suecas integrais,PorSi,Embalagem de 225 g,"2,39 €","6,83 €/Kg"
Iogurte arôma de frutos vermelhos,PorSi,Embalagem de 8x125 g,"1,87 €","1,25 €/Kg"
Sobremesa gelatina de morango,PorSi,Embalagem 4X100G,"0,85 €","2,13 €/Kg"
Bagas de cranberry,Cemporcent,Embalagem de 125 g,"0,79 €","3,95 €/Kg"
Bolachas bio de chocolate chips organic,Gullón,250 g,"1,29 €","1,29 €/L"
Azeitona preta,PorSi,Embalagem de 560 g,"1,79 €","2,29 €/Kg"
Bolachas crackers com sal,PorSi,Embalagem de 500g,"0,39 €","3,12 €/Kg"
Fósforos longos,Quinas,Embalagem com 3 unidades,"1,15 €","1,15 €/Unidade"
Gin london dry 40,Bulldog,Embalagem de 0.70L,"19,79 €","19,79 €/L"
Sumo natural de cenoura bio,Cemporcent,Garrafa de 200 ml,"2,19 €","2,19 €/L"
Patê frango,La piara,Embalagem de 80g,"1,19 €","13,52 €/Kg"
"Recarga para ambientador elétrico, white bouquet duo",Air Wick,Embalagem de 2 unidades,"11,98 €","11,98 €/Unidade"
Ambientador elétrico pure clean linen + recarga,Glade,1 unidade,"3,74 €","3,74 €/Unidade"
Lava Tudo Perfumado Lavanda,PorSi,Embalagem de 2 l,"0,99 €","0,50 €/L"
Iogurte grego natural açucarado sem lactose,PorSi Viva Bem,Embalagem de 240g,"0,99 €","1,98 €/Kg"
Tablete de chocolate leite c/ avelãs,Milka,Embalagem de 270g,"10,52 €/Kg","10,52 €/Kg"
Balões latex amarelos,PorSi,Embalagem com 24 unidades,"1,79 €","1,79 €/Unidade"
Gogo SqueeZ Snack de Maçã,Gogo,Embalagem de 4 x 90g,"2,29 €","6,94 €/L"
Creme vitalift 5,Men expert,Embalagem de 50 ml,"5,99 €","14,98 €/L"
"Borracha mini softy, pack de 3 unidades",Maped,1 embalagem,"4,69 €","4,69 €/Unidade"
Iogurte líquido infantil morango e banana,PorSi,Pack 6 x 100 g,"1,17 €","1,83 €/Kg"
Refrigerante com gás guaraná,Antartica,"Garrafa de 1,5 l","0,79 €","0,40 €/L"
Sementes de girassol,PorSi Viva Bem,Embalagem de 200 g,"1,59 €","10,60 €/Kg"
Quiche lorraine,Monique Ranou,Embalagem de 400 g,"1,89 €","6,30 €/Kg"
"Leite uht, magro",Serraleite,Embalagem de 1 l,"0,81 €","0,81 €/L"
Bandas de cera fria facial,Labell,Embalagem com 20 un. + 4 toalhitas de acabamento,"1,15 €","1,15 €/Unidade"
Escova para lavar,PorSi,1 unidade,"2,20 €","2,20 €/Unidade"
Cenoura Granel,Legumes do Dia,1 un = 100 gr (aprox.),"0,79 €/Kg","0,79 €/Kg"
Bolachas vitalday recheio avelã,Gullon,Embalagem de 220g,"3,09 €","10,30 €/Kg"
Néctar de laranja,Bongo,Garrafa de 1 l,"0,99 €","0,99 €/L"
Liegeois de chocolate,Milchfrisc,Embalagem de 200g,"0,55 €","2,75 €/Kg"
Iogurte vidro pedaços morango,PorSi,Embalagem de 2 x 135 g,"1,49 €","2,98 €/Kg"
Dessert topping chocolate,Winsenia,Embalagem de 300g,"1,29 €","3,23 €/Kg"
Batatas Pré-fritas Rosti com Cebola,PorSi,Embalagem com 600 g,"2,39 €","3,98 €/Kg"
Vermute bianco,Martini,Garrafa de 1 l,"11,99 €","11,99 €/L"
Vinho regional lisboa branco,Marginal,Garrafa de 750 ml,"3,99 €","5,32 €/L"
Creme vegetal soja,Planta,Embalagem de 250 gr,"1,39 €","6,95 €/L"
Perna de Frango do campo,PorSi Select,embalagem de 700 g (aprox.),"3,99 €","3,99 €/Kg"
Achocolatado em saco,Nesquik,Embalagem de 1 kg,"6,64 €/Kg","6,64 €/Kg"
Recarga mopa 1.2 spray max,Vileda,1 unidade,"2,20 €","2,20 €/Unidade"
Lixívia Tradicional,Neoblanc,Embalagem de 4 l,"1,74 €","0,35 €/L"
Areia para gato aglomerante,PorSi,Embalagem de 5 litros,"1,19 €","0,24 €/Kg"
Polpa de tomate em garrafa,Compal,Embalagem de 1 kg,"3,84 €","24,00 €/Kg"
Ameijoa Branca Grande,Marisco Fresco,1 un = 250 g (aprox.),"4,99 €","4,99 €/Kg"
Polpa de cebola e alho,PorSi,Embalagem de 500 g,"3,84 €","24,00 €/Kg"
Bolachas waffers com recheio de limão,Cuetara,Embalagem de 150 gr,"0,98 €","4,67 €/Kg"
Iogurte natural,PorSi,Embalagem 12 x 125 g,"0,99 €","1,98 €/Kg"
Queijo Flamengo Cubos,Valformoso,Embalagem de 150 g,"1,49 €","7,45 €/Kg"
Flocos de trigo integral,Cemporcent,Embalagem de 400g,"0,69 €","1,73 €/Kg"
Salsichas churrasco com ervas aromáticas,PorSi,Embalagem de 250 g,"4,79 €","4,79 €/Kg"
Pó de talco,PorSi,Embalagem de 250g,"0,59 €","5,90 €/L"
Sopa de Cebola,PorSi,Embalagem de 62 g,"0,84 €","13,55 €/Kg"
20 saquetas chá verde pure,Lipton,Embalagem de 30g,"0,99 €","23,02 €/Kg"
Pudim flan,PorSi,Embalagem de 4 x 5.6 g,"0,59 €","29,50 €/Kg"
Gomas beijinhos,PorSi,Embalagem de 300 g,"1,19 €","3,97 €/Kg"
2 filetes de robalo,Iglo,Embalagem de 200g,"1,79 €","7,16 €/Kg"
Snack para gato de galinha e pato,Catisfactions,Embalagem de 60g,"0,99 €","16,50 €/Kg"
Café Torrado em Grão Colômbia,Delta,Embalagem de 220g,"9,16 €/Kg","9,16 €/Kg"
Caldo galinha 16 cubos,Maggi,Embalagem de 160g,"3,84 €","24,00 €/Kg"
Creme Depilatório Peles Sensíveis,Veet,Embalagem de 200 ml,"10,99 €","73,27 €/L"
Sementes de chia,PorSi Viva Bem,Embalagem de 150 g,"1,59 €","10,60 €/Kg"
Lasanha à bolonhesa,PorSi,Embalagem de 1 kg,"7,99 €","7,99 €/Kg"
Limão,Programa Origens,embalagem de 500 g,"0,50 €","1,99 €/Kg"
Rebuçados peitorais,Dr.bayard,Embalagem de 200g,"0,77 €","3,85 €/Kg"
Elixir junior,Aquafresh,Embalagem de 300 ml,"0,99 €","0,99 €/Unidade"
Iogurte grego maçã e canela,Danone,Embalagem de 4 x 110 g,"1,49 €","2,98 €/Kg"
Iogurte pedaços pêssego/alperce,PorSi,Embalagem de 4x125g,"4,36 €","2,18 €/Kg"
Lenços de bolso folha tripla,PorSi,9 x 30 unidades,"0,89 €","0,89 €/Unidade"
Erva para gatos,Anivite,Embalagem de 100 g,"1,19 €","0,24 €/Kg"
Sobremesa danette chocolate,Danone,Embalagem de 4 x 125 g,"1,19 €","2,59 €/Kg"
Aperitivos de amendoins sal e mel,Matutano,Embalagem de 70g,"0,79 €","7,90 €/Kg"
Batatas fritas onduladas originais,Ruffles,Embalagem de 282g,"1,06 €","5,73 €/Kg"
Macarron Chocolate,Dulcesol,Embalagem de 80G,"3,09 €","10,30 €/Kg"
Ervilhas bio,PorSi Bio,Frasco com 290 g,"1,79 €","2,29 €/Kg"
Chocolate em pó Starbucks 42% cacau,STARBUCKS,Embalagem de 330g,"6,64 €/Kg","6,64 €/Kg"
Cerveja preta,Sagres,pack de 6 x 25 cl,"1,99 €/L","1,99 €/L"
Argolas Romana,PorSi,Embalagem de 400 g,"1,79 €","7,16 €/Kg"
Pano absorvente,Spontex,1 unidade,"1,79 €","1,79 €/Unidade"
Creme p/ Calçado Castanho,Búfalo,Embalagem de 50 ml,"0,99 €","19,80 €/L"
Gogo SqueeZ Snack Maçã,Gogo,Embalagem de 90g,"2,29 €","6,94 €/L"
Queijo azul,PorSi,100 g,"1,89 €","18,90 €/Kg"
Camarão cozido 30/50,PorSi,vendido ao peso a partir de 350 g,"5,25 €","14,99 €/Kg"
Pensos Higiénicos Cottonlike Super Com Abas,Evax,12 unidades,"2,59 €","2,59 €/Unidade"
Pensos Higiénicos Ultra Air Dry C/ Abas,Ausonia,embalagem com 14 un.,"2,59 €","2,59 €/Unidade"
Forma de papel para bolos 6. 8cm,PorSi,Embalagem com 60 unidades,"1,69 €","1,69 €/Unidade"
Lenços de bolso 4 folhas,PorSi,Embalagem de 18 x 10 unidades,"0,89 €","0,89 €/Unidade"
Licor frutos tropicais,Safari,Garrafa de 700 ml,"16,99 €","24,27 €/L"
Aroma baunilha,Vahine,Embalagem de 20g,"1,89 €","17,18 €/Kg"
Cocktail limão,Bar Royal,Garrafa de 750 ml,"8,49 €","11,32 €/L"
Recarga Esfregona de Microfibras,PorSi,1 unidade,"0,89 €","0,89 €/Unidade"
Pilhas Alcalinas AAA Optimum,Duracell,Blister 4 Pilhas,"1,49 €","1,49 €/Unidade"
Bacalhau com natas,PorSi,Embalagem de 380g,"1,79 €","7,16 €/Kg"
Termo drena rapid,PLANTANATU,Garrafa de 500 ml,"7,59 €","126,50 €/Kg"
Havana club-añejo 7 anos,Havana,Garrafa de 700 ml,"17,49 €","24,99 €/L"
Oikos morango 110g x4,Danone,Embalagem de 440g,"1,49 €","2,98 €/Kg"
Ovos galinha solo L,PorSi,12 unidades,"1,39 €","1,39 €/Unidade"
Gel Lubrificante Play Calor,Durex,Embalagem de 50 ml,"4,49 €","4,49 €/Unidade"
Doce pessego 284g,ST.DALFOUR,Frasco de 284g,"2,19 €","9,95 €/Kg"
"Guardanapos brancos, 33x33cm, 2 folhas, 90 unidades",Renova,Uma embalagem,"1,29 €","1,29 €/Unidade"
Pepino,Legumes do Dia,1 un = 300 gr  (aprox.),"0,57 €","1,89 €/Kg"
Choco flakes,Cuetara,Embalagem de 500g,"5,07 €/Kg","5,07 €/Kg"
Champô Hidratante,Baby Dove,Embalagem de 400 ml,"4,39 €","21,95 €/L"
Bebida essencial frutos vermelhos,Compal,Pack 3 x 0.11 l,"2,29 €","6,94 €/L"
Bebida de aveia,Frias,Garrafa de 1 l,"2,19 €","2,19 €/L"
Cebola Embalada,Nossa seleção,Embalagem de 1Kg (aprox.),"0,45 €","1,79 €/Kg"
Berbigão Grande,Marisco Fresco,1 un = 250 gr  (aprox.),"4,99 €","4,99 €/Kg"
Água s/ gás,Luso,Pack 6 x 1.5 l,"1,04 €","0,17 €/L"
Néctar 8 frutos,Bongo,Pack 6 x 200 ml,"0,99 €","0,99 €/L"
"Rebuçados de fruta, diamante",PorSi,Embalagem de 200 g,"1,00 €","5,00 €/Kg"
Biscoitos integrais aveia e manteiga de amendoim,PorSi Viva Bem,Embalagem de 150g,"0,69 €","3,45 €/Kg"
"Massa polir, em bisnaga",Redex,Embalagem de 125 ml,"3,99 €","0,80 €/L"
Mortadela de peru com azeitonas,PorSi,1 un = 150 gr (aprox.),"0,95 €","4,75 €/Kg"
"Sumo 100%, tutti-frutti",PorSi,"Embalagem de 1,5 l","1,09 €","0,73 €/L"
Vitamina c,PLANTANATU,Embalagem de 1 unidades,"7,59 €","126,50 €/Kg"
Dentifríco anti-tártaro + branqueador,Colgate,Embalagem de 75 ml,"2,39 €","31,87 €/L"
Pensos Incontinência Mulher Discreet Normal,Tena,Embalagem com 24 unidades,"1,95 €","1,95 €/Unidade"
Pão de forma sem côdea 9 cereais,Panrico,Embalagem de 480g,"1,59 €","3,53 €/Kg"
Bolachas bambolitos chocolate e leite,PorSi,Embalagem de 150g,"0,79 €","5,27 €/Kg"
Mistolin tira-nódoas,Mistolin,Garrafa de 500 ml,"1,79 €","2,39 €/L"
Fiambre da Pá,Salsicharia Limiana,1 un = 150 gr (aprox.),"0,97 €","6,49 €/Kg"
Ração seca mix para cão adulto,PorSi,Embalagem de 20 kg,"22,99 €","1,15 €/Kg"
Cerveja 0.0%,Heineken,Lata de 0.33 l,"5,99 €","3,03 €/L"
Creme de ovos moles,Fabridoce,Embalagem de 300g,"4,99 €","16,63 €/Kg"
Lava tudo para pavimentos de madeira,Ajax,Embalagem de 1 litro,"4,39 €","14,63 €/L"
Cacau magro em pó,PorSi,Embalagem de 125 g,"1,04 €","8,32 €/Kg"
Tira Nódoas em Pó Cores,Skip,1 kg,"10,99 €","52,33 €/Kg"
Delta solúvel intenso,Delta,Embalagem de 200g,"14,50 €/Kg","14,50 €/Kg"
Vinagre vinho branco 250ml,Cristal,Garrafa de 250 ml,"0,35 €","0,70 €/L"
Manteiga com sal e sem lactose,Mimosa,Embalagem de 250g,"0,99 €","1,98 €/Kg"
Água c/ gás limão,Frize,pack 4 x 0.25 l,"2,85 €","2,85 €/L"
Detergente líquido máquina de roupa sabão natural,PorSi,86 Doses,"8,69 €","1,84 €/Kg"
Spray desinfetante multiusos,Lysol,Embalagem de 500 ml,"1,19 €","0,79 €/L"
Iogurte aroma de banana,PorSi,Embalagem de 4x125g,"1,87 €","1,25 €/Kg"
Pilha alcalina hightech lr20x2,Domédia,1 unidade,"1,49 €","1,49 €/Unidade"
Bolacha tosta rica choco guay,Cuetara,Embalagem de 170g,"1,89 €","15,75 €/Kg"
Atum posta em óleo,Bom petisc,Embalagem de 120 g,"9,08 €/Kg","9,08 €/Kg"
Folhado Queijo e Oregões,Pastelaria do Dia,1 unidade 90G,"0,65 €","0,65 €/Unidade"
Creme vegetal culinário,Vaqueiro,Embalagem de 250 g,"2,89 €","2,89 €/Kg"
Manteiga c/ sal gourmet,Novacores,Embalagem de 250g,"1,69 €","6,76 €/Kg"
Guardanapos Gold 2 folhas,Renova,Dim.: 39x39cm,"1,29 €","1,29 €/Unidade"
Guardanapos | Dim.: 30 x 33 cm,PorSi,Embalagem com 20 unidades,"1,29 €","1,29 €/Unidade"
"Frutapura maçã, banana e frutos do bosque",Bledina,Embalagem de 85g,"2,29 €","6,94 €/L"
Alecrim em folhas,PorSi,Embalagem de 25g,"0,25 €","0,25 €/Kg"
Bolacha digestiva go canela,Triunfo,Embalagem de 170g,"1,19 €","5,95 €/Kg"
Mini meia mousse muskade 20D t. único,PorSi,Tamanho: m,"1,89 €","1,89 €/Unidade"
Coca-cola zero,Coca-Cola,pack 2 x 1.75 l,"0,79 €","0,40 €/L"
Grão de bico,Compal,Lata de 850g,"1,79 €","2,29 €/Kg"
Esparguete s/ glúten,Milaneza,Embalagem de 500g,"2,99 €","7,97 €/Kg"
Chocolate negro 85 % cacau,Cemporcent,Embalagem de 100g,"2,89 €","23,12 €/Kg"
Infusão funcho,Cemporcent,Embalagem de 10 unidades,"0,99 €","76,15 €/Kg"
"Máscara para cabelos secos, karité",Le Petit Marseillais,Embalagem de 300 ml,"1,00 €","5,00 €/L"
Gelatina ananás 10kcal,Royal,Embalagem de 30g,"0,55 €","61,11 €/Kg"
Agrafador ergologic 24/6 +400 agrafos,Maped,1 unidade,"7,49 €","7,49 €/Unidade"
Ambientador tealights baunilha,PorSi,embalagem com 18 unidades,"9,49 €","45,19 €/Kg"
Recarga  para esfregona tiras,PorSi,1 unidade,"0,89 €","0,89 €/Unidade"
Ambientador gel lavanda,PorSi,150 g,"16,63 €/L","16,63 €/L"
Pudim caseiro de laranja,Royal,Embalagem de 200g,"0,59 €","29,50 €/Kg"
Azeite virgem extra seleção,PorSi,Garrafa de 2 l,"3,19 €","4,25 €/L"
Pão de forma sem côdea especial torradas,Panrico,Embalagem de 510g,"1,59 €","3,53 €/Kg"
Mega cozinha,Minnie,1 conjunto,"8,89 €","8,89 €/Unidade"
"Lapiseira long life, 0,7 mm",Maped,"embalagem com 3 unidades, sortidas","1,71 €","1,71 €/Unidade"
Iogurte magro morango,Longa vida,Embalagem de 6 x 120 g,"7,66 €/Kg","7,66 €/Kg"
Gelo em cubos,PorSi,Embalagem de 2 kg,"1,00 €","0,50 €/Kg"
Lambrusco rosé,Sorbello,Garrafa de 0.75 l,"2,12 €/L","2,12 €/L"
Farinha láctea cerelac,Cerelac,Embalagem de 500g,"4,49 €","4,49 €/Kg"
Lombos de salmão,PorSi,Embalagem de 300g,"4,39 €","10,98 €/Kg"
Banha,PorSi,Embalagem de 940 g,"2,89 €","2,89 €/Kg"
Crepe de ovo,PorSi,Embalagem de 540 g,"2,99 €","5,54 €/Kg"
Croutons com azeite,PorSi,Embalagem de 150g,"2,39 €","6,83 €/Kg"
Galão enriquecido com cálcio,Ucal,Embalagem de 600 ml,"1,29 €","1,29 €/L"
Pizza romana,PorSi,Embalagem de 370g,"2,16 €","6,17 €/Kg"
Recarga de Desumidificador Maçã,HUMYDRY,embalagem de 3 x 75g,"5,99 €","79,87 €/Kg"
Creme vegetal para cozinha,Becel,Embalagem de 450 g,"1,39 €","6,95 €/L"
"Rebuçados sem açúcar, spearmint",Halls,Embalagem de 4x32 g,"0,77 €","3,85 €/Kg"
Espetadas de Peru,Peru,1 un = 150 gr (aprox.),"3,99 €","3,99 €/Kg"
Marmelada,PorSi,Embalagem de 450g,"1,09 €","2,42 €/Kg"
Fiambre da Perna Extra,Izidoro,Vendido ao peso,"0,97 €","6,49 €/Kg"
Gel de Banho Corpo e Cabelo Peles Sensiveis,Corine de Farme,Embalagem de 500 ml,"4,39 €","21,95 €/L"
Telemóvel Vibra e Capta,Chicco,1 unidade,"11,99 €/Unidade","11,99 €/Unidade"
Escova de dentes para criança green clean,Jordan,1 unidade,"0,99 €","0,99 €/Unidade"
Gel wc anticalcário sem lixívia,PorSi,"Garrafa de 1,5 l","2,79 €","3,99 €/L"
Crepes de legumes,PorSi,Embalagem de 310g,"1,79 €","7,16 €/Kg"
Néctar clássico de pera,Compal,Garrafa de 200 ml,"0,99 €","0,99 €/L"
Azeite virgem delicado,Gallo,Garrafa de 750 ml,"3,19 €","4,25 €/L"
Cápsulas de café delta qualidus,Delta Q,Embalagem de 60g,"59,82 €/Kg","59,82 €/Kg"
Iogurte pedaços ananás,PorSi,Embalagem de 4 x 125 g,"4,36 €","2,18 €/Kg"
"Forma papel para bolos, 8. 4cm",PorSi,Embalagem com 60 unidades,"1,69 €","1,69 €/Unidade"
"Frigideira anti-aderente, 24cm",PorSi,1 unidade,"11,99 €","11,99 €/Unidade"
Conjunto Maquilhagem Savana Leopard,Magic Studio,,"11,99 €","11,99 €/Unidade"
Anticongelante vermelho 20%,PorSi,Embalagem de 1 l,"3,99 €","0,80 €/L"
Peito de peru fatiado,PorSi,Embalagem de 200g,"2,25 €","11,25 €/Kg"
Maionese,PorSi,Embalagem de 414 g,"0,70 €","2,33 €/Kg"
Caracol Médio,Nossa seleção,1 un = 250 gr (aprox.),"4,99 €","4,99 €/Kg"
Tablete de chocolate leite,Schogetten,Embalagem de 100g,"5,30 €/Kg","5,30 €/Kg"
Mistura vegetais para wok,PorSi,Embalagem de 750g,"1,89 €","1,89 €/Kg"
Sementes de girassol,Cemporcent,Embalagem de 150 G,"1,89 €","3,78 €/Kg"
Macarron Limão,Dulcesol,Embalagem de 80G,"3,09 €","10,30 €/Kg"
Chupas Party Mix,PorSi,150 g,"3,40 €","28,33 €/Kg"
Mangericão em vaso,Aroma viva,Embalagem de 1 unidades,"0,89 €","17,80 €/Kg"
"Pensos diários maxiplus, 30 unidades",Evax,Uma embalagem,"1,79 €","1,79 €/Unidade"
Espinafres,Florette,Embalagem de 300 g,"0,99 €","0,99 €/Kg"
Frutapura Pouch Banana Morango,Bledina,Embalagem de 85g,"2,29 €","6,94 €/L"
Salpicão soja e seitan - enchido 100% vegetal,Cemporcent,Embalagem de 200g,"4,99 €","16,63 €/Kg"
"Palmilha de cortiça com pele, tamanho 36/37",Sonaf,1 unidade,"5,99 €","59,90 €/L"
Sabao azul e branco,PorSi,Embalagem de 400g,"1,09 €","2,73 €/Kg"
Fiambre da perna extra,PorSi,Pack Poupança de 2 x 170 g,"0,97 €","6,49 €/Kg"
Tostas integrais,PorSi,Embalagem de 225g,"2,39 €","6,83 €/Kg"
Sabonete Líquido Sensitive,Dettol,Embalagem de 250 ml,"1,09 €","2,18 €/L"
Rolo Cozinha Meia Folha Adapt,Colhogar,2 rolos,"4,99 €","4,99 €/Unidade"
Pensos clássicos,PorSi,20 unidades,"0,59 €","1,18 €/L"
Fiambre da perna extra baixo teor de gordura fatias ...,PorSi Viva Bem,Embalagem de 200 g,"0,97 €","6,49 €/Kg"
Sacos lixo eco com atilho 30 litros,PorSi,20 unidades,"1,79 €","1,79 €/Unidade"
Salsicha Fresca,Porco,1 un = 100 gr (aprox.),"0,30 €","5,99 €/Kg"
Bolacha cream cracker,Cuetara,Embalagem de 200g,"0,39 €","3,12 €/Kg"
Chocolate de leite e amêndoas,Milka,Embalagem de 125g,"10,52 €/Kg","10,52 €/Kg"
Bebida de soja e chocolate,PorSi Viva Bem,Embalagem de 1 l,"2,49 €","2,49 €/L"
Bastão de cola,Domédia,20 g,"2,19 €","109,50 €/L"
Livro A Cigarra e a Formiga,Europrice,1 unidade,"4,99 €","4,99 €/Unidade"
Café Moagem Universal Honduras,PorSi,Embalagem de 220g,"9,16 €/Kg","9,16 €/Kg"
Máscara Exfoliante Vermelha,L' Oreal,Embalagem de 50 ml,"23,70 €/L","23,70 €/L"
Refrigerante c/ gás,Pepsi,Pack 6 x 0.33 l,"0,79 €","0,40 €/L"
Queijo fatiado cheddar,PorSi,Embalagem de 150 g,"1,56 €","7,80 €/Kg"
Feijoada transmontana,Nobre,Embalagem de 420g,"2,35 €","5,60 €/Kg"
"Amaciador de roupa, azul",Comfort,Garrafa de 4 l,"8,99 €","2,25 €/L"
Spray óleo amêndoas doces,Hidro,Embalagem de 100 ml,"0,59 €","1,18 €/L"
18 hamburguers s/ glúten vaca,Capitão Iglo,Pack familiar com 1.4 kg,"2,79 €","8,72 €/Kg"
Esponja salvaunhas coz.com6un,PorSi,Embalagem de 6 unidades,"1,99 €","1,99 €/Unidade"
Queijo dop cura 4 meses fatias,Sao jorge,Embalagem de 400g,"2,42 €","9,69 €/Kg"
Barrinhas pescada com limão sem glúten,Pescanova,Embalagem de 300g,"1,79 €","7,16 €/Kg"
Morangos 100% Naturais,PorSi,Embalagem de 750 g,"3,29 €","4,39 €/Kg"
Líquido sanitário ação total pinho,WC Pato,Embalagem de 750 ml,"2,79 €","3,99 €/L"
"Limpa vidros, azul",Arbo,Embalagem de 1 l,"3,19 €","6,38 €/L"
"Espuma cabelo, hidra caracóis",Fru style,Embalagem de 200 ml,"4,19 €","16,76 €/L"
Copos Hurricane 44 cl,R. Leerden,4 copos,"5,59 €","5,59 €/Unidade"
Mix do Bosque,Fruta Embalada,Embalagem com 175 gr,"2,19 €","17,52 €/Kg"
Descafeinado em cápsulas Pianíssimo 10x5g,PorSi Select,Embalagem de 50g,"1,59 €","6,36 €/Kg"
Beira interior colheita 2013,Beyra,Garrafa de 0.75 l,"2,92 €/L","2,92 €/L"
Toalhitas Bebé Nature,PorSi,64 unidades,"1,09 €/Unidade","1,09 €/Unidade"
Lixívia para roupa tradicional,Neoblanc,Embalagem de 2 l,"1,19 €","0,60 €/L"
Bolachas com recheio de chocolate,PorSi,Embalagem de 3 x 250 g,"2,15 €","2,87 €/Kg"
Choco limpo congelado,PorSi,Vendido ao peso a partir de 200 g (aprox.),"2,60 €","12,99 €/Kg"
Infusão de camomila,Tetley,Embalagem de 10g,"0,99 €","23,02 €/Kg"
Salmão posta ao natural,PorSi Select,Lata de 120 g,"9,08 €/Kg","9,08 €/Kg"
Cereais nesquik,Nestle,Embalagem de 625g,"5,07 €/Kg","5,07 €/Kg"
Batata pré-frita noisette,PorSi,Embalagem de 1 kg,"2,39 €","3,98 €/Kg"
Yofu com polpa de fruta,Alpro,Embalagem de 4x125 g,"3,09 €","6,18 €/Kg"
Fruta para bebé banana laranja bolacha +6 meses,Nestle,Embalagem de 90g,"0,74 €","8,22 €/Kg"
Achocolatado zero% açúcares,Nesquik,Embalagem de 345g,"6,64 €/Kg","6,64 €/Kg"
Sumo natural de uva preta bio,Cemporcent,Garrafa de 1 l,"2,19 €","2,19 €/L"
Tira nódoas roupa em pó oxy white,PorSi,Embalagem de 1 kg,"8,69 €","1,84 €/Kg"
Gel ativo com lixívia,PorSi,Embalagem de 1.5 l,"1,19 €","0,79 €/L"
Elixir oil,Gliss,Embalagem de 75 ml,"1,00 €","5,00 €/L"
Mistura sol sem café granulado,PorSi,Embalagem de 200g,"1,64 €","6,56 €/Kg"
Ovos galinha solo l,PorSi,6 ovos,"1,39 €","1,39 €/Unidade"
Café moagem universal brasil,Delta,Embalagem de 220g,"9,76 €/Kg","9,76 €/Kg"
Detergente líquido Ultra Concentrado Loiça Platinium...,PorSi,Embalagem de 500 ml,"0,99 €","1,98 €/L"
Miúdos de Frango do Campo Lusitano,PorSi Select,embalagem de 700 g (aprox.),"2,49 €","2,49 €/Kg"
Feijão manteiga,Compal,Lata de 410 ml,"1,79 €","2,29 €/Kg"
Caramelos e rebuçados,PorSi,Embalagem de 200g,"1,10 €","4,40 €/Kg"
Azeite virgem extra gourmet,Gallo,Garrafa de 750 ml,"3,19 €","4,25 €/L"
"Rebuçados sem açucar vita c, sabor citrinos",Halls,Embalagem de 32G,"0,77 €","3,85 €/Kg"
Termo forte beringela/limão,PLANTANATU,Garrafa de 500 ml,"7,59 €","126,50 €/Kg"
Espumoso grand reale dessert,Gancia,Garrafa de 750 ml,"3,99 €","5,32 €/L"
"Luvas Multi 100, Tamanho Pequeno/Médio",Vileda,1 Embalagem,"4,29 €","4,29 €/Unidade"
Vinho regional lisboa reserva tinto,Mundus,Garrafa de 750 ml,"3,99 €","5,32 €/L"
Leite seleccionado leve,Matinal,Garrafa de 1 l,"0,81 €","0,81 €/L"
Pão ralado clássico,PorSi,Embalagem de 240 g,"0,55 €","2,29 €/Kg"
Licor frutos do bosque,HS,Garrafa de 700 ml,"16,99 €","24,27 €/L"
Naperon redondo 35 cm,PorSi,Embalagem com 6 unidades,"1,69 €","1,69 €/Unidade"
Faca para Churrasco 11 cm Inox,PorSi,1 unidade,"9,99 €","9,99 €/Unidade"
Salada de fruta em calda,PorSi,Embalagem de 3 x 220 g,"1,99 €","2,37 €/Kg"
Rebuçados peitorais dr. bentes originais,Dr.bentes,Embalagem de 100g,"0,77 €","3,85 €/Kg"
Nata uht para bater,Gresso,Garrafa de 200 ml,"0,75 €","3,75 €/L"
Bebida Solúvel Mokambo Chicória e Café,Nestle,Embalagem de 240g,"14,50 €/Kg","14,50 €/Kg"
"Caixa com saquetas de  pau de canela, 30 unidades",PorSi,Embalagem 90G,"0,25 €","0,25 €/Kg"
"Batata frita wavy, ondulada",PorSi,Embalagem de 90g,"1,06 €","5,73 €/Kg"
Refeição caseira almôndegas,Nobre,Embalagem de 420g,"2,35 €","5,60 €/Kg"
"Pasta dentífrica, 7-13 anos",Labell,Embalagem de 75 ml,"0,99 €","0,99 €/Unidade"
Acetona,PorSi,Embalagem de 200 ml,"1,89 €","9,45 €/L"
Leite UHT Morango sem Lactose,Mimosa,Pack 3 x 250 ml,"1,29 €","1,29 €/L"
Pó baratas e formigas,Baygon,Embalagem de 250 g,"5,49 €","13,73 €/L"
Bifes da rabadilha de novilho,PorSi,Embalagem de 400 g,"4,99 €","12,48 €/Kg"
Pack de 3 embalagens de polpa de tomate,Compal,Embalagem de 630g,"3,84 €","24,00 €/Kg"
Café c/ cafeína intenso,Nescafe,Embalagem de 100g,"14,50 €/Kg","14,50 €/Kg"
Néctar vital laranja/cenoura/manga,Compal,330 ml,"0,99 €","0,99 €/L"
Preparado p/ mariscada s/ glúten,Pescanova,Embalagem de 500 g,"2,19 €","8,59 €/Kg"
Inseticida controller baratas,Raid,12 unidades,"6,39 €","6,39 €/Unidade"
Snack para gato de pato,Catisfactions,Embalagem de 60g,"0,99 €","16,50 €/Kg"
Batata Pré-Frita Croquettes,PorSi,Embalagem de 1 kg,"2,39 €","3,98 €/Kg"
Escova plástica (cores sortidas),PorSi,1 unidade,"0,89 €","0,89 €/Unidade"
Alheira de mirandela,PorSi Select,Embalagem de 200 g,"1,49 €","7,45 €/Kg"
Pipocas coloridas,Orcape,Embalagem de 100g,"0,79 €","7,90 €/Kg"
Espuma Irresistível Volume,Tresemmé,Embalagem de 200 ml,"4,19 €","16,76 €/L"
Óleo alimentar,Vêgê,Embalagem de 1 l,"3,39 €","3,39 €/L"
Cappucino go chill com cacau,Delta,Embalagem de 230 ml,"3,19 €","25,52 €/Kg"
Tablete de chocolate oreo,Milka,Embalagem de 300g,"5,30 €/Kg","5,30 €/Kg"
Piripiri grão,PorSi,Saqueta de 20 g,"0,25 €","0,25 €/Kg"
Sopa rabo de boi económica,Knorr,Embalagem de 60g,"0,84 €","13,55 €/Kg"
Royal gelatin,Royal,Embalagem de 400g,"0,85 €","2,13 €/Kg"
Pescada panada em forma de filete,Pescanova,Embalagem de 1 Kg,"4,39 €","10,98 €/Kg"
Fiambre da Perna Extra,PorSi,1 un = 150 gr (aprox.),"0,97 €","6,49 €/Kg"
Iogurte Actimel de morango e banana -40% açúcar,Danone,Embalagem de 6 x 100 g,"4,15 €/Kg","4,15 €/Kg"
"Limpa vidros, rosa",Redex,Embalagem de 5 l,"3,99 €","0,80 €/L"
Queijo fundido vaca que ri palitos light 140g,A Vaca Que Ri,Embalagem de 140g,"2,39 €","19,92 €/Kg"
Barra s.k chocolate 6x21.5g,Kellogg's,Embalagem de 6X21.5G,"3,45 €","26,74 €/Kg"
Alface Programa Origens,PorSi,Embalagem de 150 g,"0,99 €","0,99 €/Kg"
Manteiga com sal cuvete,LORETO,Embalagem de 250g,"1,69 €","6,76 €/Kg"
Cubos de tamboril,Mar Ibérica,Embalagem de 250 g,"4,39 €","10,98 €/Kg"
Penso Higiénico Ultrafinos Normal Abas,PorSi,16 unidades,"2,59 €","2,59 €/Unidade"
Bolachas cream cracker sesamo,Vieira,Embalagem de 200g,"0,39 €","3,12 €/Kg"
Bolachas cereais e pepitas de chocolate,PorSi,Embalagem de 400 g,"0,90 €","6,00 €/Kg"
Alimento para cão adulto,Bribon,Embalagem com 15kg,"22,99 €","1,15 €/Kg"
Bolacha dibus mini angry birds,Gullon,Embalagem de 250g,"1,89 €","15,75 €/Kg"
Pudim de chocolate,Boca Doce,Embalagem de 20g,"0,59 €","29,50 €/Kg"
Cheeseburger Vaca,Snock,Embalagem de 100 g,"3,39 €","21,19 €/Kg"
Iogurte mix-in smarties baunilha,Nestle,Embalagem de 2 x 128 g,"1,05 €","1,86 €/L"
Salsichas de soja,Cemporcent,Embalagem de 390g,"4,99 €","16,63 €/Kg"
"Abs odores lavanda, pack 2x150g",Glade,Embalagem de 2x150 g,"16,63 €/L","16,63 €/L"
Cereais fitness,Nestle,Embalagem de 630g,"3,45 €","26,74 €/Kg"
Pensos higiénicos liberty noite abas,Evax,Embalagem com 9 un.,"2,59 €","2,59 €/Unidade"
Spray power&shine casa de banho,Cif,Garrafa de 750 ml,"4,09 €","5,45 €/L"
Ambientador aerosol pure flor de cerejeira,Air Wick,Garrafa de 250 ml,"0,99 €","3,30 €/L"
Pescada 3 Chile,Peixe Congelado,1 un= 1 kg (aprox.),"2,50 €","9,99 €/Kg"
Papa infantil láctea 5 frutos +6 meses,Cerelac,Embalagem de 250g,"4,49 €","4,49 €/Kg"
Penso de incontinência boutique mini,Ausonia Discreet,Embalagem de 16 un.,"1,95 €","1,95 €/Unidade"
"Vela em número, nº 3",PorSi,1 unidade,"1,49 €","1,49 €/Unidade"
"Alimento para cão adulto bio complex mix, com frango",HappyOne,Embalagem de 4 kg,"22,99 €","1,15 €/Kg"
Farinha para pão vitale,Nacional,Embalagem de 1 kg,"1,99 €","1,99 €/Kg"
Recarga sabonete líquido para as mãos de coco,Dove,500 ml,"1,09 €","2,18 €/L"
Café gold alta rica frasco,Nescafe,Embalagem de 100 g,"14,50 €/Kg","14,50 €/Kg"
Bastão de Cola,Domédia,10 g,"7,49 €","7,49 €/Unidade"
Abobora cubos,PorSi,Embalagem de 500g,"1,89 €","1,89 €/Kg"
Sal marinho grosso,Vatel,Embalagem de 1 kg,"0,25 €","0,25 €/Kg"
Queijo roquefort,Páturages,Embalagem de 150 g,"1,45 €","7,25 €/Kg"
Lasanha bolonhesa,Iglo,Embalagem de 300g,"2,16 €","6,17 €/Kg"
Sumo essencial kids,Compal,pack 3 x 0.11 l,"2,29 €","6,94 €/L"
Ambientador aerossol 5 em 1 lavanda,PorSi,300 ml,"0,99 €","3,30 €/L"
Toucinho Fumado Extra Fatias,Damatta,Embalagem de 125 g,"2,79 €","9,30 €/Kg"
Bolacha com aveia,PorSi,Embalagem de 300 g,"1,19 €","5,95 €/Kg"
Legumes grelhados,PorSi,Embalagem de 750g,"1,89 €","1,89 €/Kg"
"Salsa em folhas, pacote",Margao,Embalagem de 10g,"0,25 €","0,25 €/Kg"
Cebola picada em pacote,PorSi,Embalagem de 40 g,"0,25 €","0,25 €/Kg"
Infusão hipericão,Cemporcent,Embalagem de 10 unidades,"0,99 €","76,15 €/Kg"
Bebida arroz,Alpro,Embalagem de 1 l,"2,19 €","2,19 €/L"
Compasso Origin 3 peças,Maped,Uma embalagem,"4,69 €","4,69 €/Unidade"
Borracha para lápis e tinta,Domédia,1 unidade,"3,09 €","3,09 €/Unidade"
Alimento seco p/ cão croquetes vaca,Pedigree,Embalagem de 3 kg,"22,99 €","1,15 €/Kg"
Moscatel de setúbal,Pioneiro,Garrafa de 750 ml,"16,99 €","24,27 €/L"
Puré batata doce,PorSi,Embalagem de 750g,"1,89 €","6,30 €/Kg"
"Alimento húmido para cão, galinha & vegetais",Pedigree,Embalagem de 100g,"0,75 €","2,50 €/Kg"
Néctar de pera rocha e framboesa do Oeste Algarve,Compal,1 litro,"0,99 €","0,99 €/L"
