Nome,Marca,Unidade,Preço Primário,Preço Secundário
"Lixívia, perfume fresco",Neoblanc,Embalagem de 4 l,"2,19 €","1,10 €/L"
Miolo de camarão 80/100,Pescanova,Embalagem de 350g,"8,99 €","25,69 €/Kg"
"Maionese, frasco",Hellmman's,Embalagem de 210g,"0,70 €","2,33 €/Kg"
Dourada Pequena,Peixe do Dia,"Vendido ao peso, de 200 a 600 g","6,49 €/Kg","6,49 €/Kg"
Queijo Curado Amanteigado,Quinta do Convento,Vendido ao peso a partir de 250 g,"2,00 €","7,99 €/Kg"
Castanhas,PorSi,Embalagem de 500G,"4,99 €","9,98 €/Kg"
Leite de pastagem uht meio gordo,Milhafre,1 litro,"0,81 €","0,81 €/L"
Saqueta de puré de fruta | maçã + banana + morango,PorSi,90 g,"0,74 €","8,22 €/Kg"
Leite uht sem lactose meio gordo,PorSi Viva Bem,1 litro,"0,81 €","0,81 €/L"
Cabo de metal com rosca,PorSi,1.20 m,"2,20 €","2,20 €/Unidade"
Spray optimal 7 cozinha,Ajax,500 ml,"1,29 €","1,72 €/L"
Vinho Verde Loureiro Branco,Aveleda,Garrafa de 0.75 l,"2,99 €","2,99 €/L"
Azeite,PorSi,Garrafa de 1 l,"3,19 €","4,25 €/L"
Mistura saborosa,PorSi,Embalagem de 450g,"3,98 €/Kg","3,98 €/Kg"
Porto white,Ferreira,Garrafa de 750 ml,"11,99 €","15,99 €/L"
Biscoitos integrais sementes de agave,PorSi Viva Bem,Embalagem de 150g,"1,45 €","11,15 €/Kg"
Polvilho doce,PorSi,Embalagem de 500g,"2,29 €","4,58 €/Kg"
Iogurte magro morango,Longa vida,Embalagem de 6 x 120 g,"1,44 €","2,88 €/Kg"
Papel higiénico compacto,PorSi,24 rolos,"1,99 €","1,99 €/Unidade"
Iogurte Pedaços Amoras/Mirtilo,PorSi,Embalagem 2X135 g,"4,36 €","2,18 €/Kg"
Iogurte infantil c/ drageias coloridas,PorSi,140 g,"1,05 €","1,86 €/L"
Gel desinfetante casa de banho,Sonasol,Embalagem de 1.25 litros,"2,79 €","3,99 €/L"
Ração para gato esterilizado com peru,Friskies,Embalagem de 3 kg,"12,99 €","4,33 €/Kg"
"Queijo light, 8 porções",A Vaca Que Ri,Embalagem de 140 g,"2,39 €","19,92 €/Kg"
Crazy Chic Mala de Maquilhagem,Clementoni,1 unidade,"6,99 €","6,99 €/Unidade"
Muesli Frutas,PorSi,500 g,"2,45 €","4,90 €/Kg"
Vinho tinto regional alentejano,Tapada do Barão,Garrafa de 0.75 l,"2,89 €","3,85 €/L"
Papel higiénico perfumado bouquet folha tripla,Foxy,4 + 2 rolos,"1,99 €","1,99 €/Unidade"
Whisky 15 anos c/caixa,J&B,Garrafa de 700 ml,"38,49 €","54,99 €/L"
Farinheira do fundão,PorSi,Embalagem de 250g,"2,35 €","13,06 €/Kg"
Água c/ gás groselha,Frize,pack 4 x 0.25 l,"2,85 €","2,85 €/L"
Pensos clássicos,PorSi,20 unidades,"2,86 €","2,86 €/Unidade"
Gelatina zero % morango,Koala,Embalagem de 130g,"0,85 €","2,13 €/Kg"
Espadilha congelada,Peixe Congelado,Pescado no mar,"4,39 €","10,98 €/Kg"
Café solúvel,Delta,Embalagem de 200 g,"14,50 €/Kg","14,50 €/Kg"
Discos de algodão para bebé,PorSi,60 unidades,"3,99 €","3,99 €/Unidade"
Cebolinho,PorSi,Embalagem de 50g,"0,99 €","19,80 €/Kg"
Tablete de chocolate leite/amêndoa,Nestle,Embalagem de 120g,"10,52 €/Kg","10,52 €/Kg"
Néctar clássico laranja,Compal,Embalagem de 1 l,"0,99 €","0,99 €/L"
Desinfetante p/ Cozinha,Sanytol,Embalagem de 750 ml,"4,89 €","6,52 €/L"
"Coloração permanente, castanho claro cobre nº54",Nutrisse,1 unidade,"9,49 €/Unidade","9,49 €/Unidade"
Guardanapos 2 folhas azul e dourado,PorSi Select,40 unidades,"1,29 €","1,29 €/Unidade"
Gelado magnum after dinner,Olá,Embalagem de 10 x 35 ml,"5,99 €","16,64 €/L"
Óleo de girassol,PorSi,garrafa de 3 litros,"3,39 €","3,39 €/L"
Salsichas de porco,Nobre,Lata de 200g,"0,75 €","3,75 €/Kg"
Esferográfica Cor Sortida Média,Mab,Embalagem com 4 un.,"2,69 €","2,69 €/Unidade"
Salsichas frasco hot dog,PorSi,Embalagem 540G,"0,75 €","3,75 €/Kg"
"Escova dentífrica infantil, minions, + 6 anos",Colgate,1 + 1 unidade grátis,"1,05 €","1,05 €/Unidade"
Queijo de nisa dop,PorSi Select,1 unidade = 280g (aprox.),"2,87 €","15,94 €/Kg"
Salsichão fuet nobreza,Elpozo,Embalagem de 200 g,"1,35 €","16,88 €/Kg"
Ambientador carro difusor aqua,Ambipur,1 unidade,"1,99 €","1,99 €/Unidade"
Marmelada em cubos,Ferbar,Embalagem de 200g,"1,09 €","2,42 €/Kg"
Pensos Higiénicos Ultra Air Dry C/ Abas,Ausonia,embalagem com 14 un.,"4,99 €","4,99 €/Unidade"
"Frigideira anti-aderente, 28cm",PorSi,1 unidade,"14,99 €","14,99 €/Unidade"
Palito com pele original style,MCCAIN,Embalagem de 500g,"1,39 €","1,39 €/Kg"
Limpa Motores,PorSi,Embalagem de 1 l,"3,99 €","0,80 €/L"
"Jogo ""Da Banho ao Cão""",Concentra,1 unidade,"11,99 €/Unidade","11,99 €/Unidade"
Óleo Performa C3 5W40 Sintético,Galp,Embalagem de 1 l,"14,99 €","14,99 €/L"
Doce light alperce,PorSi,Embalagem de 340g,"3,59 €","10,26 €/Kg"
Arroz Carolino,Saludães,Embalagem de 1 kg,"0,99 €","0,99 €/Kg"
Caramelos de fruta,PorSi,Embalagem de 250g,"1,10 €","4,40 €/Kg"
Creme autobrilhante preto,Splendor,40 ml,"0,99 €","330,00 €/Kg"
Linguas de gato,PorSi,Embalagem de 200 g,"0,69 €","3,45 €/Kg"
Biscoitos choco trio,Milka,Embalagem de 150g,"0,79 €","5,27 €/Kg"
"Papel higiénico, seda, folha tripla, 4+2 rolos",Foxy,1 embalagem,"1,99 €","1,99 €/Unidade"
Xarope de chocolate zero,Prozis,Embalagem de 290g,"3,99 €","7,98 €/Kg"
Croissants brioche,s. tomé,Embalagem de 200 g,"7,40 €/Kg","7,40 €/Kg"
"Vinho tinto regional, península de setúbal, bag-in-b...",Dom Campos,Garrafa de 5 l,"9,49 €","1,90 €/L"
Fraldas premium T4 - 9 a 15 kg,PorSi,50 unidades,"6,49 €","6,49 €/Unidade"
Compasso Origin 3 peças,Maped,Uma embalagem,"4,29 €","4,29 €/Unidade"
Conjunto Urban Floral,Nike,PERFUME 100ML + LOÇÃO CORPORAL 75ML + GEL DE BANHO 75ML,"9,99 €","9,99 €/Unidade"
Mistura solúvel brasa,Nestle,Embalagem de 200g,"1,64 €","6,56 €/Kg"
Queijo curado -30% gordura,Casteloes,500 g,"2,00 €","7,99 €/Kg"
Inseticida vaporizador,Biokill,Embalagem de 375 ml,"4,39 €","10,98 €/L"
Mopa com cabo,PorSi,1 unidade,"0,89 €","0,89 €/Unidade"
Estádio,Beyblade,1 un.,"6,99 €","6,99 €/Unidade"
Remove Insectos,PorSi,Embalagem de 1 l,"3,99 €","0,80 €/L"
Biscoitos brownies,PorSi,Embalagem de 230g,"0,90 €","6,00 €/Kg"
Iogurte Líquido Frutos Tropicais,PorSi,1 Embalagem 4X160G,"1,17 €","1,83 €/Kg"
Refresco em pó de ananás,PorSi,Embalagem de 40 g,"0,75 €","18,75 €/Kg"
Trinca de arroz,PorSi,Embalagem de 5 kg,"12,95 €","3,24 €/Kg"
Tablete de chocolate leite com amêndoas,PorSi Select,200 g,"10,52 €/Kg","10,52 €/Kg"
Casal garcia sweet 750ml/1,Casal Garcia,Garrafa de 750 ml,"2,99 €","2,99 €/L"
Bolachas crackers integrais,PorSi,Embalagem de 500g,"0,39 €","3,12 €/Kg"
Vinho tinto,Pias,Garrafa de 5 l,"5,19 €","1,04 €/L"
Farinha de trigo sem fermento t65,PorSi,Embalagem de 1 kg,"1,99 €","1,99 €/Kg"
Reparador de móveis escuro,Pronto,Embalagem de 100 ml,"4,39 €","14,63 €/L"
Vinho branco arinto bucelas,P.regia,Garrafa de 750 ml,"3,49 €","4,65 €/L"
Champanhe tradicional bruto,Delagne&fi,Garrafa de 750 ml,"34,99 €","46,65 €/L"
Bacalhau à Brás,PorSi,Embalagem de 1 kg,"1,91 €","4,78 €/Kg"
Caneta BL. Eye UB-150 Vermelho,Uni-Ball,1 embalagem,"2,69 €","2,69 €/Unidade"
Bebida de Soja Natural,PorSi Viva Bem,Pack: 3 x 200 ml,"2,49 €","2,49 €/L"
Lixívia para roupa tradicional,Neoblanc,Embalagem de 2 l,"2,19 €","1,10 €/L"
Boudoirs,Du Bois de la Roche,Embalagem de 200 g,"0,69 €","3,45 €/Kg"
"Óleo de girassol, 3 a's",Fula,Embalagem 1L,"3,39 €","3,39 €/L"
Bolacha tostada diet nature s/ açucares,Gullon,Embalagem de 400g,"1,45 €","11,15 €/Kg"
Bolacha dibus sharkies s/ glúten,Gullon,Embalagem de 250g,"1,89 €","15,75 €/Kg"
"Iogurte, sabor a morango",PorSi,Embalagem de 4 x 125 g,"1,87 €","1,25 €/Kg"
Creme vegetal para barrar,PorSi,Embalagem de 500 g,"5,40 €/Kg","5,40 €/Kg"
Coloração Permanente Preto |1.0,Palette,,"9,49 €/Unidade","9,49 €/Unidade"
Chouriço Extra do Ribatejo,PorSi,200 g,"1,22 €","6,78 €/Kg"
Desodorizante de Pés em Creme,Protex,Embalagem de 100 ml,"3,69 €","24,60 €/L"
Mousse cabelo caracois,Labell,Embalagem de 200ml,"3,99 €","53,20 €/L"
Gomas favoritos classic,Haribo,Embalagem de 90g,"0,89 €","8,90 €/Kg"
Creme marisco,Knorr,Embalagem de 70g,"0,84 €","13,55 €/Kg"
Prepar arroz marisco sem gluten cv 0.8kg,Brasmar,Embalagem de 800g,"1,91 €","4,78 €/Kg"
Bala spray,Redex,Embalagem de 400 ml,"3,99 €","0,80 €/L"
Bolachas,Oreo,Embalagem de 220g,"1,49 €","9,68 €/Kg"
Mousse limpeza refresh,Labell,Embalagem com 150ml,"12,48 €/L","12,48 €/L"
Ultra AMP,Nerf,1 un.,"6,99 €","6,99 €/Unidade"
80 filtros nº4 com saquetas antitártaro,Planteur,Uma embalagem com 80 unidades,"0,89 €","0,89 €/Unidade"
Cobertura de tartes,Vahine,Embalagem de 20g,"1,89 €","17,18 €/Kg"
Sacos do lixo wc 5 litros,PorSi,30 sacos,"1,79 €","1,79 €/Unidade"
Nestum aveia e maçã,Nestum,Embalagem de 250g,"2,99 €","3,99 €/Kg"
Autobrilhante Preto,Búfalo,Embalagem de 50 ml,"0,99 €","330,00 €/Kg"
Iogurte fruta batida morango,Mimosa,Embalagem de 480g,"1,49 €","2,98 €/Kg"
Iogurte Solido Bifidus Kiwi,Mimosa,Embalagem de 4 x 115g,"2,49 €","5,19 €/Kg"
Alface Roxa,Legumes do Dia,1 un= 400 g (aprox.),"0,96 €","2,39 €/Kg"
Natas pasteurizadas para bater,Nestle,Embalagem de 200 ml,"0,75 €","3,75 €/L"
Iogurte pedaços frutimax frutos variados,PorSi,Embalagem de 8 x 125 g,"4,36 €","2,18 €/Kg"
Bolachas belgas manteiga,PorSi,Embalagem de 250g,"1,69 €","6,76 €/Kg"
Detergente liquido para máquina de lavar roupa activ...,Skip,Embalagem de 80 doses,"13,99 €","3,29 €/L"
Banana da  Madeira,Fruta do Dia,1 un= 200 gr (aprox.),"0,25 €","1,25 €/Kg"
Leite condensado,Nestle,Embalagem de 370g,"1,09 €","2,75 €/Kg"
Iogurte natural açucarado em frasco de vidro,PorSi,Embalagem de 2 x 125 g,"0,99 €","1,98 €/Kg"
Fermento padeiro 44g condi,Condi,Embalagem de 40g,"1,89 €","17,18 €/Kg"
Lata de Brilho Preto,Búfalo,Embalagem de 75 ml,"0,99 €","19,80 €/L"
Espumante Bruto,Gancia,"Garrafa de 0,75 l","3,99 €","5,32 €/L"
"Água com gás, sabor limão",PorSi,"Embalagem de 6x0,25 l","2,85 €","2,85 €/L"
Iogurte activia líquido kiwi,Danone,Embalagem de 4 x 155 g,"2,49 €","5,19 €/Kg"
"Bolas de algodão, cores, com 100 unidades",PorSi,1 embalagem,"2,86 €","2,86 €/Unidade"
Leite uht magro com rosca,PorSi,1 litro,"0,81 €","0,81 €/L"
Farinha integral,ESPIGA,Embalagem de 500g,"1,99 €","1,99 €/Kg"
Limpa fornos,PorSi,500 ml,"1,49 €","1,99 €/L"
Pasta dentífrica branco intenso,Aquafresh,Embalagem de 75 ml,"2,29 €","38,17 €/L"
Spray optimal 7 com lixivia,Ajax,Embalagem de 500 ml,"3,99 €","7,98 €/L"
Molho iogurte,PorSi,Garrafa de 285 ml,"0,70 €","2,33 €/Kg"
Vinagre de vinho branco,Cristal,Garrafa de 750 ml,"0,35 €","0,70 €/L"
Patê figado de porco,La piara,Embalagem de 80g,"1,19 €","13,52 €/Kg"
Iogurte sólido sem lactose multifrutos,Mimosa,Embalagem de 480g,"1,87 €","1,25 €/Kg"
"Lava tudo, vinagre",Cif,"Garrafa de 1,4 l","0,99 €","0,50 €/L"
"Agrafos nº24/6, 2000 unidades",Maped,Uma embalagem,"1,35 €","1,35 €/Unidade"
Refrigerante c/ gás laranja,Sumol,pack 4 x 1.25 l,"0,40 €/L","0,40 €/L"
Adoçante comprimidos,PorSi,Embalagem de 250 saquetas,"5,99 €","23,96 €/Kg"
Bolachas marinheiras espelta,Cemporcent,Embalagem de 200 g,"1,45 €","11,15 €/Kg"
Limpa fornos,PorSi,500 ml,"1,29 €","1,72 €/L"
Vinagre balsâmico de modena gourmet,Gallo,Garrafa de 250 ml,"0,35 €","0,70 €/L"
Iogurte oikos natural,Danone,Embalagem de 4 x 110g,"1,49 €","2,98 €/Kg"
Gelatina de morango,Koala,Embalagem de 130g,"0,85 €","2,13 €/Kg"
Tarteletes morango doses 192g,Vieira,Embalagem de 190g,"0,79 €","5,27 €/Kg"
Pilha alcalina classic lr20x2,Domédia,1 unidade,"1,49 €","1,49 €/Unidade"
"Patê de sardinha,atum e salmão",PorSi,Embalagem de 4 x 22 g,"1,19 €","13,52 €/Kg"
Champô Purificante,Pantene,640ml,"5,59 €","13,98 €/L"
"Escova de cabelo, pneumática nylon",Labell,Embalagem com 1 unidade,"3,99 €","3,99 €/Unidade"
Crack.c/sal na superficie 560g,GRAN PAVES,Embalagem de 560g,"0,39 €","3,12 €/Kg"
Sacos do lixo jardim 130 litros,PorSi,10 sacos,"1,79 €","1,79 €/Unidade"
Massa macarronete riscado,PorSi,Embalagem de 500g,"0,89 €","1,78 €/Kg"
Ervilhas,PorSi,Embalagem de 400 g,"1,89 €","1,89 €/Kg"
Café solúvel c/ cafeína,Delta,Embalagem de 100g,"14,50 €/Kg","14,50 €/Kg"
Anti-traça Maçã Verde,Dum Dum,2 unidades,"5,99 €","176,18 €/Kg"
Elixir junior,Aquafresh,Embalagem de 300 ml,"1,05 €","1,05 €/Unidade"
Comida húmida para gato júnior,PorSi,Embalagem de 4 x 100 g,"3,49 €","10,26 €/Kg"
"Cera cabelo, Paste Urban",Axe,Embalagem de 130 ml,"3,99 €","53,20 €/L"
Ovos | Classe: M,Ovitae,24 unidades,"1,39 €","1,39 €/Unidade"
Queijinho yoco suissi maxi de morango e banana,Nestle,Embalagem de 4 x 90 g,"1,05 €","1,86 €/L"
Mistura pombos domésticos,Rac.zezere,Embalagem de 5 kg,"4,19 €","0,84 €/Kg"
Inseticida moscas e mosquitos,Dum Dum,Garrafa de 300 ml,"4,39 €","10,98 €/L"
Queijo flamengo em fatias,Terra Nostra,Embalagem de 200g,"1,56 €","7,80 €/Kg"
Chispalhada com feijão,Nobre,Embalagem de 420g,"2,35 €","5,60 €/Kg"
Manteiga amendoim crocant,PorSi,Embalagem de 340g,"8,54 €/Kg","8,54 €/Kg"
Infusão nº 6 sem barriga,Cemporcent,Embalagem de 10 unidades,"0,99 €","76,15 €/Kg"
Senses Watermelon,Trident,1 un.,"0,89 €","59,33 €/Kg"
Leite uht gordo com rosca,PorSi,Embalagem de 1 litro,"0,94 €","0,94 €/L"
Palmiers de maçã e canela,Du bois,Embalagem de 150g,"0,69 €","3,45 €/Kg"
"Baton, soft rosa",Labello,Embalagem de 5 g,"0,58 €","0,58 €/Unidade"
Vinho rosé,Gatão,Garrafa de 0.75 l,"3,99 €","5,32 €/L"
Hambúrgueres de peru,PorSi,Embalagem de 4x80g,"2,34 €","7,31 €/Kg"
Bolachas brownie tubo,Oreo,Embalagem de 150g,"1,49 €","9,68 €/Kg"
Lula,Peixe Congelado,1 un= 250 gr (aprox.),"2,12 €","8,49 €/Kg"
Babete Maleavel,Tigex,1 unidade,"5,99 €","5,99 €/Unidade"
Gel de Duche Creme Care,Nivea,Embalagem de 750 ml,"5,99 €","7,99 €/L"
Máscara tesouros de mel,Garnier,Embalagem de 300 ml,"1,06 €","5,30 €/L"
"Engoma fácil, pistola",PorSi,Embalagem de 750 ml,"3,99 €","5,70 €/L"
Limpa injetores gasolina,PorSi,Embalagem de 250 ml,"14,99 €","14,99 €/L"
Leite creme,El mandari,Embalagem de 90g,"0,79 €","5,27 €/Kg"
Flocos cereais chocolate,PorSi,Embalagem de 300g,"2,99 €","3,99 €/Kg"
Espumante cava meio seco reserva,Freixenet,Garrafa de 750 ml,"7,99 €","10,65 €/L"
Café em grão 5 estrelas,Sical,Embalagem de 250g,"9,16 €/Kg","9,16 €/Kg"
Refrigerante c/ gás zero s/ cafeína,Coca-Cola,pack 6 x 0.33 l,"0,40 €/L","0,40 €/L"
Crackers c/ sal superficie,GRAN PAVES,Embalagem de 250g,"0,39 €","3,12 €/Kg"
Balões latex azul,PorSi,Embalagem com 24 unidades,"1,69 €","1,69 €/Unidade"
Vinho DOC Trás-os-Montes Tinto,Terras de Mogadouro,750 ml,"6,49 €","8,65 €/L"
Adoçante liquido,PorSi,Garrafa de 125 ml,"5,99 €","23,96 €/Kg"
Iogurte Oikos de Ananás,Danone,Embalagem de 4x110g,"1,49 €","2,98 €/Kg"
Pringles sour cream & onion,Pringles,Embalagem de 175g,"1,19 €","6,43 €/Kg"
Queijo ilha ralado,Valformoso,Embalagem de 150g,"7,45 €/Kg","7,45 €/Kg"
Croissant de Manteiga,PorSi,50g,"0,29 €","0,29 €/Unidade"
Queijo limiano amanteigado vaca e ovelha sem casca o...,Limiano,Embalagem de 450g,"2,00 €","7,99 €/Kg"
Couve flor,PorSi,Embalagem de 750 kg,"1,89 €","1,89 €/Kg"
Iogurte mix-in smarties morango,Nestle,Embalagem de 2 x 128 g,"1,05 €","1,86 €/L"
Manteiga com sal,Milhafre,Embalagem de 250g,"1,69 €","6,76 €/Kg"
"Jogo ""Gira a Garrafa""",Concentra,1 unidade,"11,99 €/Unidade","11,99 €/Unidade"
Ração para gato adulto de interior,Friskies,Embalagem de 3 kg,"12,99 €","4,33 €/Kg"
Atum posta em óleo,Noro,Lata com 110 g,"9,08 €/Kg","9,08 €/Kg"
Sabonete original,Palmolive,Embalagem de 4x90 g,"1,99 €","12,44 €/Kg"
Bolacha de manteiga belga original,Saborosa,Embalagem de 220g,"1,69 €","6,76 €/Kg"
"Vinagre balsâmico, spray",Paladin,Garrafa de 250 ml,"0,35 €","0,70 €/L"
Danacol morango,Danone,Embalagem de 6 x 100 g,"4,15 €/Kg","4,15 €/Kg"
Fiambre da Perna Extra,Nobre,1 un = 150 gr (aprox.),"0,90 €","5,99 €/Kg"
Bolachas digestive finas de chocolate negro,Triunfo,Embalagem de 170 g,"0,79 €","5,27 €/Kg"
Desodorizante roll-on Invisible,Rexona,Embalagem de 50ml,"1,39 €","6,95 €/L"
"Coloração permanente, castanho dourado, nº43",Nutrisse,1 unidade,"9,49 €/Unidade","9,49 €/Unidade"
Baguete,*,400 g,"0,19 €","2,38 €/Kg"
Cereais corn flakes s/ glúten chocolate,Nestle,Embalagem de 380g,"2,99 €","7,97 €/Kg"
Fruta Compal Essencial Laranja,Compal,pack de 3 x 110 ml,"2,29 €","6,94 €/L"
Palmilha recortável antiodor,Sonaf,1 unidade,"3,69 €","24,60 €/L"
Caderno Agrafado Capa Preta |A4 Pautado,Domédia,1 unidade,"0,99 €","0,99 €/Unidade"
Aperitivos de amendoins sal e mel,Matutano,Embalagem de 70g,"0,74 €","7,40 €/Kg"
Lambrusco rose,*,Garrafa de 750 ml,"1,99 €","2,65 €/L"
Máquina depilatória Miss Soleil,Bic,3 + 1 unidades,"4,29 €","4,29 €/Unidade"
Creme barrar nutela 350g,Nutella,Embalagem de 350G,"8,54 €/Kg","8,54 €/Kg"
Álcool canforado 85%,PorSi,Embalagem de 250 ml,"2,86 €","2,86 €/Unidade"
Arroz extra longo branco,Oriente,Embalagem de 1kg,"0,99 €","0,99 €/Kg"
Azeite Subtil,Gallo,Garrafa de 750 ml,"3,19 €","4,25 €/L"
Desodorizante de pés em spray,Protex,Embalagem de 150 ml,"3,69 €","24,60 €/L"
Sumo 100% pêssego e uva,PorSi,Pack 3 x 200 ml,"1,09 €","0,73 €/L"
Requeijão de vaca,PorSi,Embalagem de 200 g,"1,09 €","5,45 €/Kg"
"Limpa vidros cristal, pistola",PorSi,Embalagem de 1 l,"3,19 €","6,38 €/L"
Sobremesa paturette baunilha,Páturages,Embalagem de 4 x 115 g,"1,19 €","2,59 €/Kg"
Leite com sabor a baunilha proteína,Yopro,Garrafa de 330 ml,"2,15 €","9,77 €/L"
Moscatel do Douro,Selecção de Enófilos,"Garrafa de 0,75 l","6,79 €/L","6,79 €/L"
Semente linhaça amarela,Salutem,Embalagem de 250g,"1,09 €","2,73 €/Kg"
"Jogo ""Números Táteis""",Clementoni,1 unidade,"11,99 €/Unidade","11,99 €/Unidade"
Queijo emmental ralado,PorSi Select,Embalagem de 200g,"7,45 €/Kg","7,45 €/Kg"
Sardinhas em azeite,PorSi,Embalagem de 120g,"9,08 €/Kg","9,08 €/Kg"
"Vinho rosé, meio seco",Leziria,Garrafa de 750 ml,"3,99 €","5,32 €/L"
Tira gorduras pistola,Mistolin,Garrafa de 550 ml,"4,89 €","6,52 €/L"
Vinagre de vinho tinto,PorSi,Garrafa de 500 ml,"0,35 €","0,70 €/L"
Pizza barbecue,Campofrio,Embalagem de 410g,"0,99 €","4,30 €/Kg"
Vinho Tinto DOC Dão Reserva,Catedral,Garrafa 75cl,"3,99 €","5,32 €/L"
Gel WC Desincustrante,Neoblanc,Embalagem de 700 ml,"2,79 €","3,99 €/L"
Queijo Brie 60%,Produto selecionado,Vendido ao peso a partir de 250 gr,"2,61 €","13,05 €/Kg"
Toalhitas multiusos limão,PorSi,Embalagem de 80 unidades,"1,79 €","1,79 €/Unidade"
Tomate frito,Heinz,Embalagem de 350g,"3,84 €","24,00 €/Kg"
Prato com naperon 30cm,PorSi,1 unidade,"0,99 €","0,99 €/Unidade"
Óleo para travões,Redex,Embalagem de 250 ml,"14,99 €","14,99 €/L"
Vinho tinto bag-in-box,Capataz,Embalagem de 5 l,"5,19 €","1,04 €/L"
Arroz carolino malandrinho,Malandrinh,Embalagem de 1 kg,"0,99 €","0,99 €/Kg"
Bolachas vitalday recheio avelã,Gullon,Embalagem de 220g,"2,82 €","9,40 €/Kg"
Batata roxa,Legumes do Dia,Embalagem de 5 kg,"0,27 €","1,09 €/Kg"
Buondi café em grão,Buondi,Embalagem de 220g,"9,16 €/Kg","9,16 €/Kg"
Pera rocha categoria II Programa Origens,PorSi,Embalagem de 1.5 kg,"0,27 €","1,79 €/Kg"
Sombrinhas decorativas,PorSi,Embalagem com 25 unidades,"1,69 €","1,69 €/Unidade"
"Pimenta preta, moída, em frasco",PorSi,Embalagem de 43 g,"0,25 €","0,25 €/Kg"
Clementina,Programa Origens,,"0,27 €","2,69 €/Kg"
Leite condensado cozido,Nestle,Embalagem de 400g,"1,09 €","2,75 €/Kg"
Refresco pó laranja,PorSi,Embalagem de 40g,"0,75 €","18,75 €/Kg"
Ice tea pessêgo,Lipton,pack 6 x 0.25 l,"1,35 €","0,90 €/L"
Bolachas integrais,PorSi,Embalagem de 200g,"0,98 €","3,27 €/Kg"
8 hamburguers s/ glúten frango,Capitão Iglo,Embalagem de 480g,"2,34 €","7,31 €/Kg"
"Palmilha de cortiça com látex, tamanho 36/37",Sonaf,1 unidade,"3,69 €","24,60 €/L"
Liégeois Sobremesa de chocolate,Páturages,Embalagem de 4x100 g,"1,19 €","2,59 €/Kg"
Twins,Gullon,pack 2 x 154 g,"1,45 €","11,15 €/Kg"
Cãozinho,Baby Clementoni,1 unidade,"6,99 €","6,99 €/Unidade"
Papel vegetal 8m,Vileda,1 unidade,"1,11 €","1,11 €/Unidade"
Elixir Bocal Complete,Oral B,Embalagem de 500 ml,"5,99 €","11,98 €/L"
Camarão Tigre 20/30 Congelado,Nossa seleção,,"2,00 €","7,99 €/Kg"
Gel Intimo Suave,Corine de Farme,250 ml,"0,59 €","5,90 €/L"
Cacetinho de trigo integral,Pão do Dia,90 g,"0,19 €","2,38 €/Kg"
"Rolos cozinha absorção Ultra, Maxi, 2 rolos",Foxy,1 embalagem,"4,99 €","4,99 €/Unidade"
Tremoço médio,PorSi,Embalagem de 350 g,"1,79 €","2,29 €/Kg"
Redex magic spray,Redex,Embalagem de 300 ml,"3,99 €","0,80 €/L"
Rolo de cozinha XXL,PorSi,1 rolo,"4,99 €","4,99 €/Unidade"
Gelatina mirtilo 10kcal 31g,Royal,Embalagem de 30g,"0,55 €","61,11 €/Kg"
"Refrigerante sem gás, laranja",FRESKY,"Embalagem de 4x0,20 l","1,35 €","0,90 €/L"
"Pasta dentífrica, dentes/gensivas sensitive",Labell,Embalagem de 75 ml,"2,29 €","38,17 €/L"
Vinho do porto lbv,Burmester,Garrafa de 750 ml,"10,99 €","14,65 €/L"
Vinagre de sidra,Cristal,Garrafa de 500 ml,"0,35 €","0,70 €/L"
Vinho Verde Branco Loureiro,QT.GOMARIZ,Garrafa de 750 ml,"1,49 €","1,99 €/L"
Longa vida morango tu banana coco 8x120,Longa vida,Embalagem de 960g,"1,87 €","1,25 €/Kg"
Tiras de bacon fumado,PorSi,Embalagem de 300g,"1,39 €","17,38 €/Kg"
Creme bio mãos e unhas,Labell Bio,75 ml,"2,49 €","41,50 €/L"
Vinho rosé regional península de Setúbal,Selecção de Enófilos,Garrafa de 0.75 l,"4,99 €","6,65 €/L"
Néctar clássico tutti-frutti,Compal,Embalagem de 1 l,"0,99 €","0,99 €/L"
Sabonete glicerina natural,Palmolive,Embalagem de 90 g,"1,99 €","12,44 €/Kg"
Porto tawny valadão,Valadao,Garrafa de 750 ml,"24,99 €","33,32 €/L"
Elixir bocal total care,Listerine,Embalagem de 500 ml,"5,99 €","11,98 €/L"
Maquina depilatório twin lady,Bic,Embalagem de 5 + 1 un.,"1,99 €","1,99 €/Unidade"
Água com gás,Castello,24 x 25 cl,"2,85 €","2,85 €/L"
Batatas fritas lisas originais,Lay's,Embalagem de 282g,"1,06 €","5,73 €/Kg"
Mistura para aves,Rac.zezere,Embalagem de 5 kg,"4,19 €","0,84 €/Kg"
Loção corporal,Nivea,Embalagem de 400 ml,"12,48 €/L","12,48 €/L"
Vela com número nº 3,PorSi,1 unidade,"0,60 €","0,60 €/Unidade"
Cola de Contacto Transparente,Pattex,Embalagem de 50 g,"2,59 €","86,33 €/Kg"
Spaghetti a bolonhesa 350g,Tuttipasta,Embalagem de 350g,"2,16 €","6,17 €/Kg"
Alimento húmido para cão borrego,Pedigree,Embalagem de 300g,"0,75 €","2,50 €/Kg"
Saqueta de puré de fruta | maçã + pêssego + banana +...,PorSi,90 g,"0,74 €","8,22 €/Kg"
Bolachas com cobertura de chocolate,PorSi,Embalagem de 150g,"0,79 €","5,27 €/Kg"
Vinho Regional de Lisboa Rosé,Mundus,"Garrafa de 0,75 l","1,99 €","2,65 €/L"
Chá Aromatizado Pirâmide Mel/Limão/Ginseng,PorSi,20 x 2 g,"44,50 €/Kg","44,50 €/Kg"
Atum posta em azeite,PorSi,Embalagem de 120g,"9,08 €/Kg","9,08 €/Kg"
Puzzle Spiderman,Clementoni,2 x 60 peças,"24,99 €/Unidade","24,99 €/Unidade"
Amaciador concentrado spa,PorSi,80 doses,"3,99 €","3,99 €/Unidade"
Vinho regional tejo,Plexus,Garrafa de 750 ml,"1,99 €","2,65 €/L"
Cera líquida spray,Arbo,embalagem de 500 ml,"3,99 €","0,80 €/L"
Creme depilatório para peles normais,Labell,Embalagem de 200 ml,"2,99 €","14,95 €/L"
Vela em número nº4,PorSi,1 unidade,"0,60 €","0,60 €/Unidade"
Fio dentário fluór+menta 50m,Labell,1 unidade,"0,89 €","0,89 €/Unidade"
Queijo snack gouda,PorSi,Embalagem de 100g,"1,56 €","7,80 €/Kg"
"Forma papel para bolos, 8. 4cm",PorSi,Embalagem com 60 unidades,"0,99 €","0,99 €/Unidade"
Néctar light de manga/laranja,Compal,Pack 3 x 200 ml,"0,84 €","2,55 €/L"
Infusão de camomila,Tetley,Embalagem de 10g,"85,00 €/Kg","85,00 €/Kg"
Gel de Banho Orquídea & Cashmere Extract,Nivea,Embalagem de 750 ml,"6,49 €","8,65 €/L"
Bolacha maria junior doces,Vieira,Embalagem de 280g,"1,89 €","15,75 €/Kg"
Noodle banzai galinha,Cigala,Embalagem de 70g,"0,89 €","1,78 €/Kg"
Arroz agulha América do Sul,PorSi,Embalagem de 1 kg,"0,99 €","0,99 €/Kg"
Pescada da Africa do Sul,Peixe Congelado,Pescado no mar,"2,12 €","8,49 €/Kg"
"Pasta dentífrica, 7-13 anos",Labell,Embalagem de 75 ml,"1,05 €","1,05 €/Unidade"
Sacos cubos de gelo fecho manual,PorSi,Embalagem com 10 unidades,"1,11 €","1,11 €/Unidade"
Nabiças Programa Origens,PorSi,1 un = 1 kg (aprox.),"0,72 €","2,39 €/Kg"
Água com gás sabor a tangerina,Frize,"Pack 4x 0,25l","2,85 €","2,85 €/L"
Bolachas mini chips ahoy,Ca!,Embalagem de 160g,"0,90 €","6,00 €/Kg"
Nutella b-ready t.2,Nutella,Embalagem de 50g,"1,19 €","26,44 €/Kg"
Queijo Curado Amanteigado,Torre,1 un = 250 gr  (aprox.),"2,00 €","7,99 €/Kg"
Lava Tudo Amoniacal,Sonasol,4 litros,"0,99 €","0,50 €/L"
Chá preto,Tetley,Embalagem de 30g,"41,67 €/Kg","41,67 €/Kg"
"Cobertura tipo chantilly, 2x38g",PorSi,Embalagem de 80g,"1,06 €","5,30 €/Kg"
Elixir Bocal ProExpert Proteção Profunda,Oral B,Embalagem de 500 ml,"5,99 €","11,98 €/L"
"Borracha Technic, 600",Maped,embalagem com 2 unidades,"2,69 €","2,69 €/Unidade"
Pão Regional Rio Maior Inteiro,Pão do Dia,1 unidade= 450 g,"0,19 €","2,38 €/Kg"
Pensos Higiénicos Cottonlike Normal Abas,Evax,embalagem de 16 unidades,"4,99 €","4,99 €/Unidade"
Creme p/ Calçado Castanho,Búfalo,Embalagem de 40 ml,"0,99 €","19,80 €/L"
Rodelas de chourico 2x75g,Porminho,Embalagem de 150g,"1,22 €","6,78 €/Kg"
20 saquetas chá yellow label,Lipton,Embalagem de 30g,"58,44 €/Kg","58,44 €/Kg"
Mel em frasco de vidro,PorSi,Embalagem de 250g,"4,89 €","9,78 €/Kg"
Peito de peru fatias,PorSi,Embalagem de 150g,"2,25 €","11,25 €/Kg"
Vinho do Porto Vintage Quinta do Bonfim,Dow's,"Garrafa de 0,75L c/ Caixa de Madeira","24,99 €","33,32 €/L"
Creme para calçado castanho,PorSi,50 ml,"0,99 €","19,80 €/L"
Halls Mini Mints Melancia,Halls,12.5 g,"1,00 €","5,00 €/Kg"
"Escova dentes, slim soft, média",Colgate,1 unidade,"3,49 €","3,49 €/Unidade"
Esferográfica Azul Retratil 0.7mm,Mab,Embalagem com 1 un.,"2,69 €","2,69 €/Unidade"
Maria diet nature,Gullón,Embalagem de 400 g,"1,45 €","11,15 €/Kg"
Whisky 10 anos,Bushmills,Garrafa de 700 ml,"38,49 €","54,99 €/L"
Alimento para cão junior,HappyOne,Embalagem de 10 kg,"12,95 €","3,24 €/Kg"
Topping morango,Branca de neve,Embalagem de 370g,"1,06 €","5,30 €/Kg"
Papa infantil láctea banana laranja +6 meses,Cerelac,Embalagem de 250g,"4,49 €","4,49 €/Kg"
Pedras limão,P.salgadas,Garrafa de 1 l,"2,85 €","2,85 €/L"
Bolachas marinheiras chia,Cemporcent,Embalagem de 200g,"1,45 €","11,15 €/Kg"
"Refrigerante sem gás, laranja",Joi,"Garrafa de 1,5 l","1,35 €","0,90 €/L"
Iogurte pedaços morango,PorSi,Embalagem de 4x125g,"4,36 €","2,18 €/Kg"
Arroz estufado,Caçarola,Embalagem de 1 kg,"0,99 €","0,99 €/Kg"
Pasta dentífrica herbal branqueadora,Colgate,Embalagem de 75 ml,"2,29 €","38,17 €/L"
Iogurte sólido sem lactose multifrutos,Mimosa,Embalagem de 480g,"0,99 €","1,98 €/Kg"
Cobertura tábua de engomar,PorSi,Dim.: 120 x 42 cm,"4,00 €","4,00 €/Unidade"
Vodka,ON/OFF,Garrafa 0.70L,"14,99 €","21,41 €/L"
Ambientador gel marinho,PorSi,150 g,"16,63 €/L","16,63 €/L"
"Rolos de cozinha compactos, branco, 2 unidades",PorSi,Uma embalagem,"4,99 €","4,99 €/Unidade"
Pêssego em calda metades,PorSi,Lata com 840 g,"1,99 €","2,37 €/Kg"
"Argolas, brancas, autocolante, 160 unidades, 13 mm",Domédia,1 embalagem,"2,19 €","109,50 €/L"
Bebida aveia,Alpro,Embalagem de 1 litro,"2,49 €","2,49 €/L"
Caldo Verde,ELS,Embalagem 350g,"0,67 €","2,69 €/Kg"
Cafe rossio m.unica 250g,Nicola,Embalagem de 250g,"9,76 €/Kg","9,76 €/Kg"
Desinfetante p/ WC,Sanytol,Embalagem de 750 ml,"3,99 €","7,98 €/L"
Dinosaurus chocoleche 340gr.         *12,Artiach,Embalagem de 340g,"1,89 €","15,75 €/Kg"
Coentros em vaso,Aroma viva,Embalagem de 1 unidades,"1,35 €","1,35 €/Unidade"
Manteiga de amendoim,Prozis,Embalagem de 1 kg,"8,54 €/Kg","8,54 €/Kg"
Vinho doc dão tinto,Santar,Garrafa de 0.75 l,"3,99 €","5,32 €/L"
Goiabada,PorSi,600 g,"1,09 €","2,42 €/Kg"
Plantanatur detox rapid,PLANTANATU,Garrafa de 500 ml,"6,59 €","6,59 €/Unidade"
Sal Himalaias Grosso,Origens Bio,1 Embalagem 500G,"0,25 €","0,25 €/Kg"
Refrigerante  c/ gás regular,Coca-Cola,pack 4 x 1 l,"0,40 €/L","0,40 €/L"
Ambientador vela baunilha,Glade,1 unidade com 129 g,"9,99 €","9,99 €/Unidade"
Inseticida multi-insectos,Dum Dum,Garrafa de 400 ml,"4,39 €","10,98 €/L"
Limpa Moveis Multi Superfícies,Pronto,300 ml,"4,39 €","14,63 €/L"
Queijo para barrar light,PorSi Viva Bem,Embalagem de 200g,"2,39 €","19,92 €/Kg"
Queijo curado pequeno,Casteloes,Embalagem de 500g,"0,82 €","23,43 €/Kg"
Bolachas chiquilin ositos de mel,Artiach,Embalagem de 160g,"1,89 €","15,75 €/Kg"
Champô oil nutritive,Gliss,Embalagem de 250 ml,"5,59 €","13,98 €/L"
Nestum zero arroz,Nestum,Embalagem de 250 g,"4,49 €","4,49 €/Kg"
Sabonete líquido mel,Feno,Embalagem de 300 ml,"2,18 €/L","2,18 €/L"
Vermute rosso,Martini,Embalagem de 10x6 cl,"7,99 €","10,65 €/L"
Amaciador Roupa Chá Branco & Peônia,Vernel,76 doses,"3,99 €","3,99 €/Unidade"
Fuet extra,PorSi,170 g,"1,22 €","6,78 €/Kg"
Vinho do porto malvasia branco,Rcv,Garrafa de 750 ml,"11,99 €","15,99 €/L"
Café solúvel creme,Nescafe,Embalagem de 100g,"14,50 €/Kg","14,50 €/Kg"
Bloco Sanitário Sólido Aqua,Sonasol,Embalagem de 2x50 g,"2,99 €","74,75 €/Kg"
Esfregona de Microfibras Completa,PorSi,1 unidade,"0,89 €","0,89 €/Unidade"
Massa cuscus,Nacional,Embalagem de 250g,"0,89 €","1,78 €/Kg"
Canja de galinha económica,Knorr,Embalagem de 60g,"0,84 €","13,55 €/Kg"
Rolls 6 unidades,Bimbo,Embalagem de 340g,"0,89 €","1,78 €/Kg"
Tampão Normal,O.B.,1 Embalagem c/32 unidades,"3,99 €","3,99 €/Unidade"
Batata frita de presunto,PorSi,Embalagem de 185 g,"1,19 €","6,43 €/Kg"
Batata frita ondulada wavy,PorSi,Embalagem de 185 g,"1,06 €","5,73 €/Kg"
Guardanapos brancos 30x30 cm,PorSi,Embalagem com 100 unidades,"1,29 €","1,29 €/Unidade"
Cajus tostados no forno,Matutano,Embalagem de 90g,"0,74 €","7,40 €/Kg"
"Queijo light, 16 unidades",A Vaca Que Ri,Embalagem de 280g,"2,39 €","19,92 €/Kg"
"Detergente manual de loiça, ultra limão",PorSi,Embalagem de 500 ml,"0,99 €","1,98 €/L"
"Pensos para calos, 10 unidades",PorSi,1 embalagem,"2,86 €","2,86 €/Unidade"
Rebuçados fruta,PorSi,Embalagem de 250g,"1,00 €","5,00 €/Kg"
Paté de sardinha,PorSi,Embalagem de 4 x 22 g,"1,19 €","13,52 €/Kg"
"Papel Vegetal, 8mt",Fino,1 unidade,"1,11 €","1,11 €/Unidade"
Arroz agulha,B.sucesso,Embalagem de 1 kg,"0,99 €","0,99 €/Kg"
Alimento húmido cão gelatina júnior,Pedigree,Embalagem de 400g,"0,75 €","2,50 €/Kg"
Cem porcento-chá infusão sem barriga,Cemporcent,Embalagem de 13g,"58,44 €/Kg","58,44 €/Kg"
Chá verde,PorSi,Embalagem de 37.5 g,"85,00 €/Kg","85,00 €/Kg"
Iogurte magro + gelatina morango,Mimosa,Embalagem de 4 x 120 g,"1,44 €","2,88 €/Kg"
Massa macarronete riscado,Milaneza,Embalagem de 500g,"0,89 €","1,78 €/Kg"
Paloco desfiado,PorSi,Embalagem de 500 g,"4,39 €","10,98 €/Kg"
Bolachinhas,Cerelac,Embalagem de 180g,"1,89 €","15,75 €/Kg"
Óleo alimentar,Fula,Embalagem 1L,"3,39 €","3,39 €/L"
Vinho do Porto Vintage,Kopke,"Garrafa de 0,75L C/ Caixa de Madeira","10,99 €","14,65 €/L"
"Pasta dentífrica, máxima proteção, fresca",Colgate,Embalagem de 75 ml,"2,29 €","38,17 €/L"
Mão de vaca com grão,Nobre,Embalagem de 420 g,"2,35 €","5,60 €/Kg"
Vinho tinto regional alentejano,Galitos,Garrafa de 3 l,"9,49 €","1,90 €/L"
Bolacha alfa,Nacional,Embalagem de 180g,"2,82 €","9,40 €/Kg"
Ovos | Classe: L,Ovitae,24 unidades,"1,39 €","1,39 €/Unidade"
Queijo cura especial barrado pimentão,Casteloes,500 g,"2,00 €","7,99 €/Kg"
Biscoitos canudinho recheio cacau,PorSi,Embalagem de 300g,"2,82 €","9,40 €/Kg"
Falafel Grão de Bico e Especiarias Green Cuisine,Iglo green,Embalagem de 450g,"1,99 €","6,63 €/Kg"
"Bolachas, cobertura com chocolate branco",Oreo,Embalagem de 250g,"0,79 €","5,27 €/Kg"
Gomas beijinhos,PorSi,Embalagem de 300 g,"0,89 €","8,90 €/Kg"
Guardanapos de 1 folha azuis | dim.: 30 x 29 cm,PorSi,Embalagem com 70 unidades,"1,29 €","1,29 €/Unidade"
Salsicha p/Churrasco Picante,Carne Sorraia,1 Embalagem 360G,"2,09 €","9,95 €/Kg"
Iogurte líquido yoggi banana,Nestle,Embalagem de 4 x 160 g,"1,17 €","1,83 €/Kg"
Saqueta de puré de fruta | maçã + banana,PorSi,90 g,"0,74 €","8,22 €/Kg"
Leite uht gordo,Agros,Embalagem de 1 litro,"0,94 €","0,94 €/L"
Vinho regional alentejano reserva tinto,Encosta das Perdizes,Garrafa de 0.75 l,"2,89 €","3,85 €/L"
Queijo Fondue,Páturages,Embalagem de 400g,"4,68 €","11,70 €/Kg"
Lixivia perfume fresco,Neoblanc,Embalagem de 2 l,"2,59 €","1,30 €/L"
Pão de forma sem côdea especial torradas,Panrico,Embalagem de 510g,"0,99 €","1,65 €/Kg"
Recarga Sabonete Liquido Lavanda,Dettol,250 ml,"2,18 €/L","2,18 €/L"
"Cerveja sem álcool, tara perdida",Super Bock,Pack 6 X 0.33 L,"5,99 €","3,03 €/L"
Sobremesa Paturette Chocolate,Páturages,Embalagem de 4x115g,"1,19 €","2,59 €/Kg"
Chocolate culinário,Pantagruel,Embalagem de 200g,"1,04 €","8,32 €/Kg"
Veggie bowls bulgur & courgette 350g,Iglo green,Embalagem de 350g,"1,99 €","6,63 €/Kg"
Escova de dentes max white média,Colgate,1 + 1 unidades,"3,49 €","3,49 €/Unidade"
"Cerveja com álcool, tara perdida",Kings Bräu,pack 24 x 0.25 l,"1,99 €/L","1,99 €/L"
Spray tira gorduras eco,PorSi,Garrafa de 750 ml,"3,99 €","5,32 €/L"
Bolachas oreo,Oreo,Embalagem de 440g,"1,49 €","9,68 €/Kg"
Leite uht sem lactose meio gordo,PorSi Viva Bem,1 litro,"0,99 €","0,99 €/L"
Marmelada,Ferbar,Embalagem de 400g,"1,09 €","2,42 €/Kg"
Tira nódoas em spray,Skip,Embalagem de 500 ml,"5,99 €","11,98 €/L"
Pó baratas e formigas,Baygon,Embalagem de 250 g,"4,99 €","19,96 €/Kg"
Lichias em calda,Koala,Embalagem de 567g,"1,99 €","2,37 €/Kg"
"Chá preto, sem cafeína, 10 saquetas",Tetley,Embalagem de 20g,"41,67 €/Kg","41,67 €/Kg"
Iogurte magro + gelatina maracujá,Mimosa,Embalagem de 4 x 120 g,"1,44 €","2,88 €/Kg"
Nestum flocos de cereais integrais,Nestum,Embalagem de 250g,"2,99 €","3,99 €/Kg"
"Elixir bocal, dentes e gengivas",Listerine,Embalagem de 250 ml,"5,99 €","11,98 €/L"
Apara lápis Galactic BLS,Maped,1 unidade,"2,19 €","109,50 €/L"
Queijo mini light,Babybel,Embalagem de 12 x 20 g,"2,39 €","19,92 €/Kg"
Grão de bico,Legumes secos,1 un = 100 gr. (aprox.),"0,23 €","2,29 €/Kg"
Rebuçados mini café,PorSi,Embalagem de 200g,"1,15 €","4,60 €/Kg"
Palmiers,Du bois,Embalagem de 150g,"0,69 €","3,45 €/Kg"
Coleira em nylon p/ cão  repelente 75cm,Repul' 7,Embalagem de 1 unidades,"19,99 €","19,99 €/Unidade"
Arroz de pato,PorSi,Embalagem de 250 g,"2,35 €","5,60 €/Kg"
20 saquetas infusão de lúcia lima,Lipton,Embalagem de 30g,"85,00 €/Kg","85,00 €/Kg"
Molho de alho,Calve,Embalagem de 260g,"0,70 €","2,33 €/Kg"
Máscara Exfoliante Vermelha,L' Oreal,Embalagem de 50 ml,"0,76 €","0,76 €/Unidade"
Puzzle Spiderman,Clementoni,2 x 60 peças,"5,99 €/Unidade","5,99 €/Unidade"
Moscatel de setúbal,Alambre,"Garrafa de 0,75L","6,79 €/L","6,79 €/L"
Cerveja com álcool,Sagres,Lata de 500ml,"1,99 €/L","1,99 €/L"
Vinho verde,Via Latina,Garrafa de 750 ml,"2,99 €","2,99 €/L"
Queijo de ovelha curado amanteigado,Seia,Embalagem de 500g,"3,73 €","14,90 €/Kg"
Recarga Esfregona Premium 2 em 1,Vileda,1 unidade,"0,89 €","0,89 €/Unidade"
Alimento lácteo sem açucar com sabor a morango/banan...,Yogolino,Embalagem de 4 x 100 gr,"2,89 €","7,23 €/Kg"
Café em cápsulas  qonvictus,Delta Q,Embalagem de 55 g,"54,36 €/Kg","54,36 €/Kg"
Bolos cake e chococolate,Milka,Embalagem de 180g,"2,15 €","2,87 €/Kg"
Batata pré-frita tradition,MCCAIN,Embalagem de 1 kg,"1,39 €","1,39 €/Kg"
Brandy,Macieira,Garrafa de 1 l,"14,99 €","14,99 €/L"
Arroz de pato,PorSi,Embalagem de 400g,"3,53 €","8,83 €/Kg"
Pescada Média Argentina,Peixe Congelado,+ de 500 g,"2,12 €","8,49 €/Kg"
Tomate em pedaços,PorSi,Embalagem de 390g,"1,79 €","2,29 €/Kg"
Café 5 estrelas moído tradição,Sical,Embalagem de 250g,"9,76 €/Kg","9,76 €/Kg"
Liquido brilhante sapato preto,PorSi,75 ml,"0,99 €","330,00 €/Kg"
Petit gâteau chocolate negro belga,PorSi,Embalagem com 4 unidades,"2,99 €","5,54 €/Kg"
Creme depilatório para peles sensíveis,Labell,Embalagem de 200 ml,"2,99 €","14,95 €/L"
Caixa de ferramentas 32 peças,Vicam,1 unidade,"6,99 €","6,99 €/Unidade"
Rebuçados drops recheio de fruta,PorSi,Embalagem de 250g,"1,00 €","5,00 €/Kg"
Espumosos tinto bruto attitude,Fita azul,Garrafa 0.75L,"3,99 €","5,32 €/L"
Mousse d´or,Du Bois de la Roche,Embalagem de 200 g,"0,69 €","3,45 €/Kg"
Massa folhada margarina,PorSi,Embalagem de 230 g,"0,99 €","4,30 €/Kg"
Pasta de sardinha,Fides,Embalagem de 90g,"1,19 €","13,52 €/Kg"
Pedaços de tamboril,PorSi,Embalagem de 500G,"4,39 €","10,98 €/Kg"
Fruta para bebé multifrutas +4 meses,Nestle,Embalagem de 90g,"0,74 €","8,22 €/Kg"
Lava tudo marinho,Cif,"Garrafa de 1,4 l","0,99 €","0,50 €/L"
Vinho branco regional península de setúbal,Joao pires,Garrafa de 0.75 l,"4,99 €","6,65 €/L"
Liégeois Sobremesa de Café,Páturages,Embalagem de 4x100 g,"0,55 €","2,75 €/Kg"
"Luvas multiusos relevo antiderrapante, tamanho grand...",PorSi,Embalagem de 1 unidades,"4,29 €","4,29 €/Unidade"
Limpa ferros,Petex,1 unidade,"0,89 €","0,89 €/Unidade"
Fraldas agility T4 de 9 a 15 kg,PorSi,50 unidades,"6,49 €","6,49 €/Unidade"
Pudim de ananás,Boca Doce,Embalagem de 20g,"0,59 €","29,50 €/Kg"
Bolachas digestive go aveia,Triunfo,Embalagem de 170g,"0,98 €","3,27 €/Kg"
Salva Camas 60 x 60 cm,PorSi,Embalagem com 20 un.,"4,99 €","4,99 €/Unidade"
Barras de cereais golden grahams,Nestle,Embalagem de 150g,"1,29 €","10,24 €/Kg"
Desinfetante em gel c/ lixívia,Cif,Garrafa de 750 ml,"2,79 €","3,99 €/L"
Snack para cão adulto com frango,Friskies,Embalagem de 200g,"0,94 €","5,22 €/Kg"
Refrigerante de cola zero,PorSi,Garrafa de 2 l,"0,40 €/L","0,40 €/L"
Licor laranja,HS,Garrafa de 700 ml,"16,99 €","24,27 €/L"
Costeletas do Cachaço,Porco,Vendido ao peso a partir de 1 kg,"1,00 €","3,98 €/Kg"
Gin dry,Gordons,Garrafa de 700 ml,"14,99 €","21,41 €/L"
Fermento em po 4x25g,PorSi,Embalagem de 100g,"1,89 €","17,18 €/Kg"
Comida húmida para cão de frango e arroz,PorSi,Lata de 400 g,"0,75 €","2,50 €/Kg"
Alimento húmido para cão vaca,Pedigree,Embalagem de 300g,"0,75 €","2,50 €/Kg"
Bebida amêndoa torrada sem açúcar,Alpro,Embalagem de 1 litro,"2,49 €","2,49 €/L"
Fraldas Bebé Seco T3 | 6-10 Kg,Dodot,Embalagem com 62 un.,"6,49 €","6,49 €/Unidade"
Banda cera fria peles sensíveis p/corpo,Veet,Embalagem de 20 unidades,"6,99 €","6,99 €/Unidade"
Vela mágica pack de 10 unidades,PorSi,Uma embalagem,"0,60 €","0,60 €/Unidade"
"Cereais crusts, amêndoas e mel",PorSi,Embalagem de 380g,"2,29 €","6,11 €/Kg"
"Pensos diários respirare, 44 unidades",Carefree,Uma embalagem,"2,99 €","2,99 €/Unidade"
Manteiga com sal,Novacores,Embalagem de 250g,"1,69 €","6,76 €/Kg"
Ambientador para a máquina da loiça de lima e limão,Finish,embalagem com 2 un.,"16,63 €/L","16,63 €/L"
Tablete de chocolate de preto,Nestle,Embalagem de 90g,"16,67 €/Kg","16,67 €/Kg"
Achocolatado em saco,Nesquik,Embalagem de 1 kg,"8,59 €/Kg","8,59 €/Kg"
Bolacha waffer cacau,Waferland,Embalagem de 175g,"0,98 €","4,67 €/Kg"
Nestlé tablete de chocolate negro e amendoa,Nestle,Embalagem de 270g,"16,67 €/Kg","16,67 €/Kg"
Vinagre balsâmico,PorSi,Embalagem de 250 ml,"0,35 €","0,70 €/L"
Ovos de Galinhas Criadas ao Ar Livre,PorSi,6 ovos frescos,"1,39 €","1,39 €/Unidade"
Puré de batata,Maggi,Embalagem de 250g,"1,99 €","1,99 €/Kg"
"Anti-calcário em pó, máquina roupa",PorSi,Embalagem de 800g,"3,99 €","5,70 €/L"
Ambientador arbremagique baunilha,Arbre Magique,1 unidade,"1,99 €","1,99 €/Unidade"
Paté Fígado Porco c/ Cogumelos,PorSi,75 g,"0,80 €","10,67 €/Kg"
"Refresco em pó, manga",PorSi,Embalagem de 40g,"0,75 €","18,75 €/Kg"
Arnês de segurança para cão,Sandimas,Tamanho S,"19,99 €","19,99 €/Unidade"
Óleo Performa 10W40,Galp,Embalagem de 1 l,"14,99 €","14,99 €/L"
"Batata frita, queijo e ervas",PorSi,Embalagem de 190g,"1,19 €","6,43 €/Kg"
6 empadas de galinha,PorSi,Embalagem de 330g,"2,99 €","9,97 €/Kg"
Bolachas Chiquilin 0% Açucar,Artiach,Embalagem de 175 g,"2,82 €","9,40 €/Kg"
Salsichas de porco tipo estrasburgo,Monique Ranou,Embalagem  de 210G,"2,09 €","9,95 €/Kg"
"Jogo ""Gira a Garrafa""",Concentra,1 unidade,"24,99 €/Unidade","24,99 €/Unidade"
Jarro graduado,PorSi,Embalagem de 1 unidades,"0,99 €","0,99 €/Unidade"
Whisky,Grants,Garrafa de 1 l,"19,99 €","19,99 €/L"
Super tea immune com vitamina c,Tetley,Embalagem de 40g,"44,50 €/Kg","44,50 €/Kg"
Salmão Fumado da Escócia,PorSi Select,Embalagem de 80 g,"3,35 €","22,33 €/Kg"
Leite de pastagem magro,Terra Nostra,Embalagem de 1 litro,"0,81 €","0,81 €/L"
Abrasivo sanitário gel pinho,PorSi,embalagem de 1 litro,"0,99 €","0,99 €/L"
Alimento seco para cão alta energia,PorSi,Embalagem de 10kg,"12,95 €","3,24 €/Kg"
Pepperoni Rodelas,Porminho,Embalagem 2 x 75 g,"3,35 €","22,33 €/Kg"
Azeite virgem extra clássico,Gallo,Garrafa de 750 ml,"3,19 €","4,25 €/L"
Gran cruz rosé porto cruz pink,Cruz,Garrafa de 750 ml,"7,99 €","10,65 €/L"
Arbre magique black pine,Arbre Magique,1 unidade,"1,99 €","1,99 €/Unidade"
Detergente para loiça plus + limão,Super Pop,Embalagem de 1L,"0,99 €","1,98 €/L"
Dentifríco anti-tártaro + branqueador,Colgate,Embalagem de 75 ml,"2,29 €","38,17 €/L"
Sumo 100% maçã,PorSi,pack 3 x 200 ml,"1,09 €","0,73 €/L"
Batata pré-frita palitos finos,PorSi,Embalagem de 1 kg,"1,39 €","1,39 €/Kg"
Cereja,Programa Origens,,"1,99 €","15,92 €/Kg"
Resguardos de cama,PorSi,20 unidades de 80 x 180 cm,"4,99 €","4,99 €/Unidade"
Refrigerante c/ gás de laranja zero,Fanta,"Garrafa de 1,5 l","0,40 €/L","0,40 €/L"
Ambientador stick micado blackberry,Air Wick,Embalagem de 1 unidades,"9,99 €","9,99 €/Unidade"
"Vinagre de sidra, spray",Paladin,Garrafa de 250 ml,"0,35 €","0,70 €/L"
Bebida de soja sem acucar 1l,Alpro,Embalagem de 1L,"2,49 €","2,49 €/L"
Bolachas cacau com cereais e pepitas de chocolate,PorSi,Embalagem de 400 g,"0,90 €","6,00 €/Kg"
Limpa Moveis Lavanda,Pronto,300 ml,"4,39 €","14,63 €/L"
"Sopa gourmet, cogumelos",Knorr,Embalagem de 60g,"0,84 €","13,55 €/Kg"
Sumo 100% laranja,PorSi,Pack 3 x 200 ml,"1,09 €","0,73 €/L"
Depilatório homem gel,Veet,Garrafa de 200 ml,"4,29 €","4,29 €/Unidade"
Pastilhas café lote chávena,Delta,Embalagem de 110g,"54,36 €/Kg","54,36 €/Kg"
Barras cereais chocapic,Nestle,Embalagem de 150g,"1,29 €","10,24 €/Kg"
After shave gold,Denim,Embalagem de 100 ml,"1,16 €","4,64 €/L"
Carro de Limpeza,Vicam,1 unidade,"6,99 €","6,99 €/Unidade"
Chantilly,Royal,Embalagem de 70g,"1,06 €","5,30 €/Kg"
Iogurte activia líquido cereais,Danone,Embalagem de 4 x 155 g,"2,49 €","5,19 €/Kg"
Iogurte activia líquido morango,Danone,Embalagem de 4 x 155 g,"2,49 €","5,19 €/Kg"
Borracha para desenho técnico,Domédia,1 unidade,"4,69 €","4,69 €/Unidade"
Café moagem universal brasil,Delta,Embalagem de 220g,"9,16 €/Kg","9,16 €/Kg"
Esferográfica Preta Retratil 0.7mm,Mab,Embalagem com 1 un.,"2,69 €","2,69 €/Unidade"
Cerveja c/ álcool mini,Super Bock,Pack 15 x 0.20 L,"1,99 €/L","1,99 €/L"
Queijo Curado Amanteigado,Queijaria das Pousadas,Vendido ao peso a partir de 250 g,"3,00 €","11,99 €/Kg"
3 Pipetas de Repelente p/ Gato,Repul'7,1 unidade,"1,19 €","0,24 €/Kg"
Massa de cotovelinhos,Nacional,Embalagem de 500g,"0,89 €","1,78 €/Kg"
Gambão 20/30,Marisco Congelado,Vendido a partir de 250 (aprox.),"2,00 €","7,99 €/Kg"
Mala Crazy Chic Star Hairstyle,Clementoni,1 unidade,"11,99 €","11,99 €/Unidade"
Vinho Vinha da Fonte Setúbal branco,Casa Ermelinda Freitas,Garrafa de 0.75 l,"4,99 €","6,65 €/L"
Queijo ovelha curado amanteigado,Seia,Embalagem de 250g,"3,73 €","14,90 €/Kg"
10 saquetas infusão de camomila,Lipton,Embalagem de 10g,"0,99 €","76,15 €/Kg"
Ambientador gel floral,PorSi,150 g,"16,63 €/L","16,63 €/L"
Farinha láctea 5 frutos,PorSi,Embalagem de 500g,"4,49 €","4,49 €/Kg"
Sidra frutos vermelhos,Somersby,pack 4 x 0.33 l,"1,59 €","3,18 €/L"
Azeite virgem extra clássico,Gallo,Garrafa de 250 ml,"3,19 €","4,25 €/L"
Leite uht meio gordo,PorSi,Embalagem com rosca de 1 l,"0,81 €","0,81 €/L"
Danette caramel 125g p4,Danone,Embalagem de 4 x 125 g,"1,19 €","2,59 €/Kg"
Açúcar mascavado,PorSi,Embalagem de 500g,"1,49 €","1,49 €/Kg"
Queijo Curado Vaca Médio,Montanha,Vendido ao peso  a partir de 250 gr  (aprox.),"3,00 €","11,99 €/Kg"
4 hamburguers frango s/ glúten,Capitão Iglo,Embalagem de 240g,"11,44 €/Kg","11,44 €/Kg"
Batata pré-frita rodelas para saltear,PorSi,Embalagem de 1 kg,"1,39 €","1,39 €/Kg"
Mortadela mini,PorSi,Embalagem de 350g,"0,80 €","10,67 €/Kg"
Autobrilhante Castanho,Búfalo,Embalagem de 50 ml,"0,99 €","330,00 €/Kg"
Pão de forma sem côdea,Panrico,Embalagem de 650g,"0,99 €","1,65 €/Kg"
Queijo flamengo ralado,PorSi,Embalagem de 200G,"1,56 €","7,80 €/Kg"
Bolacha torrada 800g 33% grátis,Vieira,Embalagem de 800g,"2,11 €/Kg","2,11 €/Kg"
8 salsichas bockwurst,PorSi,1 Frasco 720G,"0,75 €","3,75 €/Kg"
Barras de cereais fitness crunchy & caramelo,Nestle,Embalagem de 140g,"1,29 €","10,24 €/Kg"
"Fita de Embalar Transparente, 50mmx66m",Vito,1 unidade,"2,59 €","86,33 €/Kg"
Queijo mini,Babybel,Embalagem de 6x20 g,"2,61 €","13,05 €/Kg"
"Papel higiénico super, folha dupla, 24 rolos",Renova,Uma embalagem,"1,99 €","1,99 €/Unidade"
Ketchup,Calve,Embalagem de 280g,"0,70 €","2,33 €/Kg"
Quiche lorraine,Monique Ranou,Embalagem de 400 g,"1,99 €","6,63 €/Kg"
Azeite virgem extra dop trás-os-montes,PorSi Select,Embalagem 750 ml,"3,19 €","4,25 €/L"
Maçã Royal Gala 80/85,Programa Origens,1 un = 150 gr (aprox.),"0,27 €","1,79 €/Kg"
Tablete de chocolate negro,Nestle,Embalagem de 100 g,"16,67 €/Kg","16,67 €/Kg"
Refrigerante C/ Gás Zero,Coca-Cola,Garrafa de 1 l,"0,40 €/L","0,40 €/L"
"Ração para gato adulto com vaca, frango",Friskies,Embalagem de 4kg,"12,99 €","4,33 €/Kg"
Máquina Depilatória Descartável Twin Lady,Bic,Embalagem com 10 un.,"1,99 €","1,99 €/Unidade"
Café solúvel creme,Delta,Embalagem de 80 g,"14,50 €/Kg","14,50 €/Kg"
Spray bolor e sujidade,Cillitbang,Garrafa de 500 ml,"1,19 €","0,79 €/L"
Marmelada sem conservantes,PorSi,Embalagem de 500g,"1,09 €","2,42 €/Kg"
Infusão de tília,Tetley,Embalagem de 10g,"0,99 €","76,15 €/Kg"
Pipoca doce para  microondas,PorSi,Embalagem de 300g,"0,74 €","7,40 €/Kg"
Doce light framboesa,PorSi,Embalagem de 340g,"3,59 €","10,26 €/Kg"
Gelatina light manga e laranja,Condi,Embalagem de 2x15 g,"0,55 €","61,11 €/Kg"
Bacalhau com azeite e alho,PorSi Select,Lata de 120 g,"9,08 €/Kg","9,08 €/Kg"
Alimento lácteo cereais e bolachas maria +6 meses,Yogolino,Embalagem de 4 x 100 g,"2,89 €","7,23 €/Kg"
Bolachas waffers morango,PorSi,Embalagem de 210g,"0,98 €","4,67 €/Kg"
Gelatina de ananás,Koala,Embalagem de 130g,"0,85 €","2,13 €/Kg"
Tablete chocolate chips ahoy,Milka,Embalagem de 100g,"5,30 €/Kg","5,30 €/Kg"
Luvas Multi Sensitive Médio/Grande,Vileda,40 unidade,"4,29 €","4,29 €/Unidade"
Tira Nódoas,Sanytol,embalagem com 450g,"3,99 €","5,70 €/L"
Carcaça Rústica 70 g,Pão do Dia,,"0,19 €","2,38 €/Kg"
Pensos higiénicos liberty normal sem abas,Evax,Embalagem com 12 un.,"4,99 €","4,99 €/Unidade"
Cerveja c/ álcool,Sagres,pack 15 x 0.33 l,"1,99 €/L","1,99 €/L"
Queijo Curado Amanteigado,Fonte Mourisca,1 un = 250 gr  (aprox.),"3,00 €","11,99 €/Kg"
5 rissóis de leitão,PorSi,Embalagem de 400g,"2,99 €","9,97 €/Kg"
Amaciador concentrado para roupa aloé vera,PorSi,80 doses,"3,99 €","3,99 €/Unidade"
Iogurte morango 000%,PorSi Viva Bem,Embalagem de 4 x 125 g,"4,36 €","2,18 €/Kg"
Spray tira nódoas,A+,Embalagem de 750 ml,"5,99 €","11,98 €/L"
Espanador XXL + 2 unidades jack junior,Swiffer,1 unidade,"1,79 €","1,79 €/Unidade"
Esparguete integral,Salutem,Embalagem de 500g,"1,09 €","1,09 €/Kg"
Vela em número nª2,PorSi,1 unidade,"0,60 €","0,60 €/Unidade"
Bambolitos pretos,PorSi,Embalagem de 150g,"0,79 €","5,27 €/Kg"
Balões latex brancos,PorSi,Embalagem com 24 unidades,"1,69 €","1,69 €/Unidade"
Dentifríco 2 em 1 super branqueador,Theramed,Embalagem de 75 ml,"3,39 €","45,20 €/L"
Entremeada salgada,Prisca,Embalagem de 150g,"1,39 €","17,38 €/Kg"
Couscous comespeciarias 4x125g,PorSi,Embalagem de 500g,"0,89 €","1,78 €/Kg"
Pizza hawai,PorSi,Embalagem de 350g,"2,16 €","6,17 €/Kg"
Salmão Fumado da Noruega,PorSi,Embalagem de 100 g,"3,35 €","22,33 €/Kg"
"Lixívia para roupa, azul, tradicional",Neoblanc,Embalagem de 1 l,"1,74 €","0,35 €/L"
Farinheira do Fundão,PorSi,"Vendido ao peso, 1 unidade =200 gr (aprox.)","2,35 €","13,06 €/Kg"
Café moagem normal: intenso,Buondi,Embalagem de 220g,"9,76 €/Kg","9,76 €/Kg"
Fios D'Ovos,PorSi Select,Embalagem de 2 x 50 g,"0,55 €","2,75 €/Kg"
Atum posta em azeite,Bom petisc,Embalagem de 120 g,"9,08 €/Kg","9,08 €/Kg"
Refeição Bio Puré de Ervilhas c/ batata e frango,Gerber,Embalagem de 190g,"1,89 €","9,95 €/Kg"
Fruta para bebé 4 frutas +4 meses,Nestle,Embalagem de 90g,"0,74 €","8,22 €/Kg"
Lava tudo antibacteriano marinho,PorSi,Garrafa de 1.5 l,"0,99 €","0,50 €/L"
Pano Suave C/ Microfibras,Vileda,2 + 1 Un. Grátis,"1,79 €","1,79 €/Unidade"
Café dak lak vietnam moagem universal,Sical,Embalagem de 220g,"9,76 €/Kg","9,76 €/Kg"
Cogumelos inteiros,PorSi,Embalagem de 355 g,"1,79 €","2,29 €/Kg"
Bolo Brigadeiro 800 g,Pastelaria do Dia,,"8,99 €","11,24 €/Kg"
Manjericão margão,Margao,Embalagem de 13 g,"0,25 €","0,25 €/Kg"
Refrigerante com gás de laranja,Sumol,"Garrafa de 1,25 l","0,40 €/L","0,40 €/L"
"Batata frita, multipack",Ruffles,Embalagem de 180g,"1,06 €","5,73 €/Kg"
Snack gato sticks salmao 6x5g,PorSi,Embalagem de 30g,"0,99 €","16,50 €/Kg"
Biscottina com alho e salsa,RUSTICA,Embalagem de 100 g,"2,39 €","6,83 €/Kg"
Caramelos de fruta,Penha,Embalagem de 250 g,"1,10 €","4,40 €/Kg"
"Crepes queijo/fiambre, 6 unidades",Claude Léger,Embalagem de 300 g,"1,99 €","6,63 €/Kg"
Spray lixívia e higiene,Cillitbang,Garrafa de 500 ml,"1,19 €","0,79 €/L"
Bacon Extra fatiado,Porminho,Embalagem 80g,"1,39 €","17,38 €/Kg"
Queijo flamengo em Barra,Gresso,"Vendido ao peso, fatiado a partir de 100 gr","1,56 €","7,80 €/Kg"
Limpa Móveis,PorSi,Embalagem de 300 ml,"4,39 €","14,63 €/L"
Fósforos cozinha,Quinas,Embalagem com 4 caixas por unidade,"1,29 €","1,29 €/Unidade"
Iogurte proteína stracciatella,Lindahls,Embalagem de 150 g,"1,29 €","8,90 €/Kg"
Guardanapos Red Label 1 folha |Vermelho,Renova,Dim: 30x32cm |70 unidades,"1,29 €","1,29 €/Unidade"
Feijão encarnado em frasco,PorSi,frasco de 540 g,"1,79 €","2,29 €/Kg"
Fruta para bebé maçã banana +4 meses,Nestle,Embalagem de 4 x 100 g,"0,74 €","8,22 €/Kg"
Escova dentifrica 360º advanced média,Colgate,1 unidade,"3,49 €","3,49 €/Unidade"
Concentrado de frutas tropicais,Sunquick,Garrafa de 700 ml,"4,89 €","6,61 €/L"
Detergente em gel máquina lavar roupa universal,Persil,85 doses,"13,99 €","3,29 €/L"
8 salsicha soja,Izidoro,Embalagem de 180g,"2,09 €","8,36 €/Kg"
Gelatina ananás 8 kcal,PorSi,Embalagem de 4 x 100 g,"0,85 €","2,13 €/Kg"
Vinho Regional de Lisboa Branco,Mundus,"Garrafa de 0,75L","1,99 €","2,65 €/L"
"Caramelos de fruta, morango single",Sugus,Embalagem de 50g,"1,10 €","4,40 €/Kg"
Luvas Universal Pequeno/Médio,Vileda,1 unidade,"4,29 €","4,29 €/Unidade"
Mistura solúvel c/ 20% café granulado,PorSi,Embalagem de 200g,"1,64 €","6,56 €/Kg"
Azeite Virgem Extra Suave,Gallo,Garrafa de 750 ml,"3,19 €","4,25 €/L"
Pepsi max,Pepsi,Garrafa de 1.75 l,"0,40 €/L","0,40 €/L"
Folhado de salsicha,PorSi,Embalagem de 6x60 g,"2,99 €","9,97 €/Kg"
Lava Tudo Perfumado Herbal,PorSi,Embalagem de 2 l,"0,99 €","0,50 €/L"
Queijinho petit nesquik,Nestle,Embalagem de 6 x 60 g,"1,05 €","1,86 €/L"
Presunto fatiado 6 meses,PorSi,Embalagem de 140 g,"2,79 €","13,95 €/Kg"
Cordon bleu,Iglo,Embalagem de 200g,"4,99 €","24,95 €/Kg"
As minhas primeiras receitas - refeição esparguete c...,Nestle,Embalagem de 190g,"1,89 €","9,95 €/Kg"
Leite Uht Proteína Café,Mimosa,Pack 3 x 250 ml,"2,15 €","9,77 €/L"
Gelado carte d'or tarte limão merengue,Olá,Embalagem de 900 ml,"5,49 €","6,10 €/L"
Fábrica de Invenções,Science4You,1 un.,"11,99 €/Unidade","11,99 €/Unidade"
"Croissants com recheio de cacau, 5 unidades",Dulcesol,Embalagem de 230g,"2,05 €","5,13 €/Kg"
Saqueta de puré de fruta | maçã + manga + pêssego,PorSi,90 g,"0,74 €","8,22 €/Kg"
Cabo de madeira com rosca,PorSi,1.20 m,"2,20 €","2,20 €/Unidade"
Tablete de chocolate culinário 70% negro,PorSi,Embalagem de 200 g,"1,04 €","8,32 €/Kg"
Pensos incontinência homem,PorSi,10 unidades,"1,95 €","1,95 €/Unidade"
Lambrusco branco,Sorbello,Garrafa de 0.75 l,"1,99 €","2,65 €/L"
2 crocantes frango  recheio alho&ervas 204g,Iglo,Embalagem de 200g,"4,99 €","24,95 €/Kg"
Vela com número nº 0,PorSi,1 unidade,"0,60 €","0,60 €/Unidade"
Limpa Estofos de Tecido,PorSi,Embalagem de 1 l,"3,99 €","0,80 €/L"
Dentífrico sensibilidade e gengivas,Sensodyne,Embalagem de 75 ml,"2,29 €","38,17 €/L"
Caldo carne 16 cubos,Knorr,Embalagem de 160g,"3,84 €","24,00 €/Kg"
Óleo de cedro,Mistolin,Embalagem de 360 ml,"4,39 €","14,63 €/L"
Leite de pastagem meio-gordo,Terra Nostra,Embalagem de 1 litro,"0,81 €","0,81 €/L"
Arroz brajma,Cigala,Embalagem de 1 kg,"0,99 €","0,99 €/Kg"
Vinho do porto lágrima branco,R.pinto,Garrafa de 750 ml,"11,99 €","15,99 €/L"
"Iogurte sabor morango, banana e tutti frutti",Danone,Embalagem de 8 x 120 g com 1 grátis,"1,87 €","1,25 €/Kg"
Pensos Higiénicos Fina e Segura Normal,Evax,Embalagem c/ 24 Unidades,"4,99 €","4,99 €/Unidade"
Mistura para carnes,PorSi,Embalagem de 40g,"0,25 €","0,25 €/Kg"
Ameijoa Branca Vietnamita,Marisco Congelado,Vendido a partir de 250 gr  (aprox.),"2,00 €","7,99 €/Kg"
Danacol aveia,Danone,Embalagem de 6 x 100 g,"4,15 €/Kg","4,15 €/Kg"
Ração seca para gatinhos frango e legumes,PorSi,Embalagem de 2 kg,"12,99 €","4,33 €/Kg"
Creme para barrar,Nutella,Embalagem de 600g,"8,54 €/Kg","8,54 €/Kg"
Milho inteiro,Rac.zezere,Embalagem de 5 kg,"4,19 €","0,84 €/Kg"
Pães de leite,s. tomé,Embalagem de 300 g,"7,40 €/Kg","7,40 €/Kg"
"Creme revitalizante, noite",L'oreal,Embalagem de 50 ml,"2,99 €","59,80 €/L"
Recarga Esfregona de Algodão,PorSi,1 unidade,"0,89 €","0,89 €/Unidade"
"Tira gorduras, pistola",Kh 7,Garrafa de 750 ml,"4,89 €","6,52 €/L"
"Jogo ""Da Banho ao Cão""",Concentra,1 unidade,"24,99 €/Unidade","24,99 €/Unidade"
"Tira nódoas, spray oxi",PorSi,Embalagem de 1 l,"3,99 €","5,70 €/L"
Ração para gato adulto crunchy & tender com salmão,Friskies,"Embalagem de 1,5 kg","12,99 €","4,33 €/Kg"
Leite e cereais pijama +6 meses,Cerelac,Garrafa de 400 ml,"4,49 €","4,49 €/Kg"
Iogurte líquido yoggi morango,Nestle,Embalagem de 4 x 160 g,"1,17 €","1,83 €/Kg"
Queijo fundido palitos,A Vaca Que Ri,Embalagem de 35g,"0,82 €","23,43 €/Kg"
Iogurte activia líquido 0% lima/limão,Danone,Embalagem de 4 x 155 g,"2,49 €","5,19 €/Kg"
Fralda cueca T4 - 8 a 14 kg,PorSi,22 unidades,"3,95 €","3,95 €/Unidade"
Vinho DOC Dão Tinto,Dharma,"Garrafa de 0,75 L","3,99 €","5,32 €/L"
Champô miracle volume + nutrição,Pantene,225 ml,"5,59 €","13,98 €/L"
Dinossauros,Discovery Channel,set 30 peças,"11,99 €","11,99 €/Unidade"
Pensos peles sensíveis XL,PorSi,5 unidades,"2,86 €","2,86 €/Unidade"
Néctar pera,PorSi,Embalagem de 1 l,"0,99 €","0,99 €/L"
Vinho tinto regional alentejano,Galitos,Garrafa de 750 ml,"2,89 €","3,85 €/L"
"Pensos tecido, resistentes à água, 10 unidades",Hansaplast,1 embalagem,"2,86 €","2,86 €/Unidade"
Óleo Performa C3 5w30 Sintético,Galp,Embalagem de 1 l,"14,99 €","14,99 €/L"
Baba de camelo,Brilha ali,140 ml,"1,89 €","13,50 €/L"
Massa de macarrão grande estriado,PorSi,Embalagem de 500g,"0,89 €","1,78 €/Kg"
Body Milk in Shower,Labell,Embalagem de 250 ml,"12,48 €/L","12,48 €/L"
Bloco Sanitário Poder Activo Pinho,Sonasol,Embalagem de 50 g,"2,99 €","74,75 €/Kg"
Gelatina pronta a comer light 10 kcal mirtilo,Royal,Embalagem de 4 x 100 g,"0,85 €","2,13 €/Kg"
Caneta BL. Eye UB-150 Azul,Uni-Ball,1 embalagem,"2,69 €","2,69 €/Unidade"
"Jogo ""Corpo Humano""",Clementoni,1 unidade,"11,99 €/Unidade","11,99 €/Unidade"
Alimento lácteo cereais e baunilha +6 meses,Yogolino,Embalagem de 4 x 100 g,"2,89 €","7,23 €/Kg"
Vinho do porto dona antónia reserva branco,Ferreira,Garrafa de 0.75 l,"11,99 €","15,99 €/L"
Bolacha maria de chocolate,Cuetara,Embalagem de 265g,"2,11 €/Kg","2,11 €/Kg"
Gomas happy cola,Haribo,Embalagem de 100g,"0,89 €","8,90 €/Kg"
"Lenços de bolso sensi, brancos, 10 unidades",Renova,Uma embalagem de 6x10,"0,89 €","0,89 €/Unidade"
Papa infantil láctea maçã +6 meses,Cerelac,Embalagem de 250g,"4,49 €","4,49 €/Kg"
Circuito fechado rosa -5º,Redex,Embalagem de 5 l,"14,99 €","14,99 €/L"
O Grande Jogo Quiz Clássico,Clementoni,,"6,99 €","6,99 €/Unidade"
Cogumelos laminados 1/2,PorSi,Embalagem de 355 g,"1,79 €","2,29 €/Kg"
Detergente líquido máquina de lavar roupa cores escu...,Woolite,56 doses,"13,99 €","3,29 €/L"
Sobremesa danette duo baunilha e chocolate,Danone,Embalagem de 4 x 125 ml,"1,19 €","2,59 €/Kg"
Biscoitos canudinho simples,PorSi,Embalagem de 300g,"2,82 €","9,40 €/Kg"
Spray anti calcário,Cif,Garrafa de 435 ml,"3,19 €","6,38 €/L"
Refrigerante c/ gás light,Coca-Cola,pack 6 x 0.33 l,"0,40 €/L","0,40 €/L"
Ice tea pêssego,Lipton,Embalagem de 1L,"1,35 €","0,90 €/L"
Iogurte líquido tutti-frutti,Danone,Embalagem de 4 x 155 g,"1,17 €","1,83 €/Kg"
Doce de cereja s/ açúcar adicionado,PorSi,Frasco com 220 g,"2,19 €","9,95 €/Kg"
Red Fish Grande,Peixe Congelado,1 un = 500 gr (aprox.),"2,12 €","8,49 €/Kg"
Areia para gatos aglomerante compacta perfumada,PorSi,Embalagem de 4 kg,"1,19 €","0,24 €/Kg"
Alimento lácteo morango +8 meses,Yogolino,Embalagem de 4 x 100 g,"2,89 €","7,23 €/Kg"
Molho piri piri,Macarico,Embalagem de 200g,"0,70 €","2,33 €/Kg"
Toalhitas básico,Dodot,embalagem com 54 unidades,"1,09 €/Unidade","1,09 €/Unidade"
Sabonete líquido para as mãos de coco,Dove,embalagem de 250 ml,"2,18 €/L","2,18 €/L"
Bolachas cream cracker sesamo,Vieira,Embalagem de 186 g,"0,39 €","3,12 €/Kg"
Árvore de Natal,*,Dim.: 150cm,"24,99 €/Unidade","24,99 €/Unidade"
"Cerveja com álcool, lata",Super Bock,Garrafa de 500 ml,"1,99 €/L","1,99 €/L"
Manteiga magra,Matinal,Embalagem de 250g,"1,69 €","6,76 €/Kg"
Ração granulada para galinhas,Rac.zezere,Embalagem de 5 kg,"4,19 €","0,84 €/Kg"
Fuet extra,Campofrio,Embalagem de 170g,"1,22 €","6,78 €/Kg"
Vinho regional península de setúbal reserva,Periquita,Garrafa de 0.75 l,"4,99 €","6,65 €/L"
Tostas de trigo,Diatosta,Embalagem de 225 g,"2,39 €","6,83 €/Kg"
Creme de dia para pele seca,Labell,Embalagem de 50 ml,"2,99 €","59,80 €/L"
Molas plásticas,PorSi,15 unidades,"0,89 €","0,89 €/Unidade"
Aditivo diesel,Redex,Embalagem de 250 ml,"14,99 €","14,99 €/L"
Cerveja c/ álcool,Super Bock,Pack 15 X 0. 33L,"1,99 €/L","1,99 €/L"
Amaciador nutri-protec,Labell,Embalagem de 200 ml,"1,06 €","5,30 €/L"
Banana,Fruta do Dia,1 un = 200 gr (aprox.),"0,25 €","1,25 €/Kg"
Gelatina pronta a comer ananás,Royal,Embalagem de 4 x 100 g,"0,85 €","2,13 €/Kg"
Leite de coco,PorSi,Embalagem de 400 ml,"3,84 €","24,00 €/Kg"
Gel de Banho Secrets Oil Avocato,Dove,Embalagem de 500 ml,"6,49 €","8,65 €/L"
Pensos resistentes à água,PorSi,Embalagem com 15 unidades,"2,86 €","2,86 €/Unidade"
Bolachas waffers baunilha,PorSi,Embalagem de 210g,"0,98 €","4,67 €/Kg"
Mel de montanha,PorSi Select,Frasco de 250 g,"4,89 €","9,78 €/Kg"
Pastilhas de Limpeza Dentífrica Branqueadora,Polident,Embalagem com 30 unidades,"9,79 €","122,38 €/Kg"
Vinho tinto cotes du rhone,Expert Club,Garrafa de 75 cl,"1,99 €","2,65 €/L"
Spray elimina odores do calçado,PorSi,embalagem de 100 ml,"4,99 €","33,27 €/L"
Pickles em vinagre,PorSi,Embalagem de 200 g,"1,79 €","2,29 €/Kg"
Paté Fígado Porco c/ Vinho do Porto,PorSi,75 g,"0,80 €","10,67 €/Kg"
Água de rosas,Hidro,Embalagem de 200 ml,"0,76 €","0,76 €/Unidade"
Creme de coco,Koala,Garrafa de 165 ml,"1,09 €","2,75 €/Kg"
Luvas Multi Latex S/M,Vileda,10 unidade,"4,29 €","4,29 €/Unidade"
Húngaros,PorSi,Embalagem de 270G,"0,69 €","3,45 €/Kg"
Cereais corn flakes s/ glúten,Nestle,Embalagem de 380g,"1,49 €","2,98 €/Kg"
6 Salsichas de porco,Nobre,Lata de 120g,"0,75 €","3,75 €/Kg"
Moscatel favaios,Favaios,Garrafa de 750 ml,"6,79 €/L","6,79 €/L"
Esfregão Esponja Style,Vileda,10 unidade,"2,54 €","2,54 €/Unidade"
Água c/ gás original,Frize,pack 6 x 0.25 l,"2,85 €","2,85 €/L"
Biscoitos integrais aveia e cacau,PorSi Viva Bem,Embalagem de 150g,"1,45 €","11,15 €/Kg"
Amaciador Roupa lavanda,PorSi,Embalagem de 60 doses,"3,99 €","3,99 €/Unidade"
Presunto fatias,Damatta,Embalagem de 120 g,"2,79 €","13,95 €/Kg"
Água mineral sem gás,Fastio,Pack 4 x 1.5 l,"1,04 €","0,17 €/L"
Tisana de chá verde/limão light,Pleno,"Garrafa de 1,5 l","1,35 €","0,90 €/L"
Queijo manchego D.O.P,PorSi Select,Embalagem de 250g,"2,87 €","15,94 €/Kg"
Açúcar em saquetas,PorSi,Embalagem 1K,"1,49 €","1,49 €/Kg"
Iogurte Pedaços Ananás 0% Matéria Gorda/Açúcares,Danone,4 x 120 g,"2,49 €","5,19 €/Kg"
"Recarga ambientador, toque&fresh relax zen",Glade,Embalagem de 10 ml,"1,99 €","1,99 €/Unidade"
Salsichas extra suculentas,Nobre,Frasco de 650 g,"0,75 €","3,75 €/Kg"
Ambientador vela citronela,PorSi,1 unidade,"9,99 €","9,99 €/Unidade"
Iogurte natural açucarado,PorSi,Embalagem de 4x125g,"0,99 €","1,98 €/Kg"
Iogurte batido magro com mirtilos sem lactose,Mimosa,4 x 120 g,"1,44 €","2,88 €/Kg"
Bolacha maria dourada,PorSi,Embalagem de 800g,"2,11 €/Kg","2,11 €/Kg"
Ovos Frescos Classe M,PorSi,12 unidades,"1,39 €","1,39 €/Unidade"
6 Preservativos Adapta Nature,Control,,"3,99 €","3,99 €/Unidade"
Arroz Thai Jasmim,PorSi,1 kg,"0,99 €","0,99 €/Kg"
12 nuggets frango polme americano,Capitão Iglo,Embalagem de 220g,"3,53 €","8,83 €/Kg"
Brandy,Croft,Garrafa de 1 l,"14,99 €","14,99 €/L"
X-ato mini,Maped,9 mm,"1,35 €","1,35 €/Unidade"
Argolas Romana,PorSi,Embalagem de 400 g,"2,99 €","9,97 €/Kg"
"Rolo de cozinha design xxl, 3 rolos",Renova,Embalagem de 3 unidades,"4,99 €","4,99 €/Unidade"
Chourição Extra Fatiado,Porminho,Embalagem de 80g,"1,35 €","16,88 €/Kg"
Tablete chocolate de iogurte morango,Milka,Embalagem de 100g,"5,30 €/Kg","5,30 €/Kg"
Cerveja,Kings Bräu,Embalagem de 10x25 cl,"1,99 €/L","1,99 €/L"
Queijo flamengo fatias light,PorSi,Embalagem de 200g,"1,56 €","7,80 €/Kg"
Coloração Permanente Preto Azulado |1.1,Palette,,"9,49 €/Unidade","9,49 €/Unidade"
Guardanapos com riscas rosa | Dim.: 33 x 33 cm,PorSi,Embalagem com 20 unidades,"1,29 €","1,29 €/Unidade"
"Tablete de chocolate, black-white",Schogetten,Embalagem de 100g,"5,30 €/Kg","5,30 €/Kg"
Mopa 1.2 spray max,Vileda,1 unidade,"2,20 €","2,20 €/Unidade"
Bolachas de manteiga,Triunfo,Embalagem de 170g,"1,69 €","6,76 €/Kg"
C surtido cuetara 420gr.              *8,Cuetara,Embalagem de 420g,"6,83 €/Kg","6,83 €/Kg"
Vela com número nº 5,PorSi,1 unidade,"0,60 €","0,60 €/Unidade"
Gel WC Flores,Neoblanc,Embalagem de 700 ml,"2,79 €","3,99 €/L"
Chá preto,Tetley,Embalagem de 20g,"41,67 €/Kg","41,67 €/Kg"
Balões latex vermelho,PorSi,Embalagem com 24 unidades,"1,69 €","1,69 €/Unidade"
Ketchup,PorSi,Embalagem de 560 g,"0,70 €","2,33 €/Kg"
Arroz Carolino,Cigala,Embalagem de 1 kg,"0,99 €","0,99 €/Kg"
Mopa com cabo,PorSi,1 unidade,"2,20 €","2,20 €/Unidade"
Pêssego em calda metades,PorSi,Lata com 420 g,"1,99 €","2,37 €/Kg"
Dentífrico infantil 6-12,Jordan,75 ml,"1,99 €","26,53 €/L"
Posta pescada-do-cabo nº 5 para cozer,PorSi,Embalagem de 800 g,"4,39 €","10,98 €/Kg"
Fiambre da Pá,PorSi,1 un = 150 gr (aprox.),"0,90 €","5,99 €/Kg"
Chourico picante beiras,PorSi,Embalagem de 290g,"1,22 €","6,78 €/Kg"
Vela com número nº 8,PorSi,1 unidade,"0,60 €","0,60 €/Unidade"
Quad drive,Beyblade,1 un.,"6,99 €","6,99 €/Unidade"
Pasta dentífrica gel kids,Labell,Embalagem de 50 ml,"1,05 €","1,05 €/Unidade"
Tablete de chocolate leite com avelã,PorSi Select,200 g,"10,52 €/Kg","10,52 €/Kg"
"Bebida láctea especial crescimento, 1-3 anos",Mimosa,Garrafa de 1 l,"0,26 €","1,30 €/L"
"Espuma de cabelo, volume xxl",Fru style,Embalagem de 200 ml,"3,99 €","53,20 €/L"
Gel Banho Excite,Axe,Embalagem de 400 ml,"5,99 €","14,98 €/L"
Pólen de abelhas,PorSi Select,Frasco de 130 g,"4,89 €","9,78 €/Kg"
Sobremesa gelificada de laranja,PorSi,Embalagem de 4x100g,"0,85 €","2,13 €/Kg"
Ambientador vela baunilha,PorSi,1 unidade,"9,99 €","9,99 €/Unidade"
Sumo 100% maçã,Compal,1 litro,"1,09 €","0,73 €/L"
Caldo de galinha 8 cubos,Knorr,Embalagem de 80g,"3,84 €","24,00 €/Kg"
Vinho regional alentejano tinto,Qta.carmo,Garrafa de 0.75 l,"2,89 €","3,85 €/L"
Spray power&shine multiusos c/ lixívia,Cif,Garrafa de 750 ml,"3,99 €","5,32 €/L"
Bocadelia de caranguejo,La piara,Embalagem de 170g,"1,19 €","13,52 €/Kg"
Achocolatado em pó extra chocolate,Nesquik,Embalagem de 390g,"8,59 €/Kg","8,59 €/Kg"
Água sem gás,Penacova,Garrafa de 1.5 litros,"1,04 €","0,17 €/L"
Porto ruby,Valadao,Garrafa de 750 ml,"6,65 €/L","6,65 €/L"
Batata Pré-Frita Dauphines,PorSi,500 g,"1,39 €","1,39 €/Kg"
Limpa Tablier,PorSi,Embalagem de 1 l,"3,99 €","0,80 €/L"
Pensos térmicos alívio da dor muscular 13x10cm,PorSi,Embalagem de 2 unidades,"2,86 €","2,86 €/Unidade"
Pescada Pequena da Argentina -500g,Peixe Congelado,Pescado no mar,"4,39 €","10,98 €/Kg"
Cápsulas de café delta qualidus,Delta Q,Embalagem de 60g,"54,36 €/Kg","54,36 €/Kg"
"Pastilhas fruit, frutos silvestres",Trident,Embalagem de 15 g,"0,89 €","59,33 €/Kg"
Mousse de chocolate,*,140 ml,"1,89 €","13,50 €/L"
Bolacha vitalday aveia e chocolate,Gullon,Embalagem de 240g,"2,82 €","9,40 €/Kg"
"Coloração permanente, louro claro nº8",Palette,1 unidade,"9,49 €/Unidade","9,49 €/Unidade"
Coloração Permanente Louro Escuro |6,Palette,,"9,49 €/Unidade","9,49 €/Unidade"
Café torrado 5 estrelas moagem grossa,Sical,Embalagem de 250g,"9,16 €/Kg","9,16 €/Kg"
Leite de coco condensado,Koala,Embalagem de 490 g,"1,09 €","2,75 €/Kg"
Néctar ananás,Compal,pack 3 x 200 ml,"0,99 €","0,99 €/L"
Comida húmida para cão,PorSi,Embalagem de 300 g,"0,75 €","2,50 €/Kg"
Leite corporal,Nivea,Embalagem de 400 ml,"12,48 €/L","12,48 €/L"
Sacos do lixo lavanda 50 litros,PorSi,15 unidades,"1,79 €","1,79 €/Unidade"
Chá de maçã e canela,Tetley,Embalagem de 20g,"44,50 €/Kg","44,50 €/Kg"
Cereais corn flakes,Kellogg's,Embalagem de 500g,"1,49 €","2,98 €/Kg"
Batata frita ondulada wavy,PorSi,Embalagem de 180g,"1,06 €","5,73 €/Kg"
Piccolinis salame,Buitoni,Embalagem de 270 g,"2,16 €","6,17 €/Kg"
"Esferográfica cristal, 5 Uni",Bic,1 unidade,"2,69 €","2,69 €/Unidade"
Bolachas crackers integral,Du bois,Embalagem de 500g,"0,39 €","3,12 €/Kg"
Mini tostas integrais,Diatosta,Embalagem de 180 g,"2,39 €","6,83 €/Kg"
Bolacha maria ruca doses,Vieira,Embalagem de 300g,"2,11 €/Kg","2,11 €/Kg"
Salsicha bockwurst 5 unidades,PorSi,Embalagem de 250g,"0,75 €","3,75 €/Kg"
Creme de fixação para dentaduras,Labell,Embalagem de 50 g,"9,79 €","122,38 €/Kg"
Vinho verde branco,Aveleda,Garrafa de 750 ml,"2,99 €","2,99 €/L"
Vinho Verde Branco Loureiro,Paço de Teixeiró,Garrafa de 75 cl,"2,99 €","2,99 €/L"
Bledina snacktoon molly maçã,Bledina,Embalagem de 100g,"2,29 €","6,94 €/L"
Farinha p/ bolos fina,Nacional,Embalagem de 1Kg,"1,99 €","1,99 €/Kg"
Delícia de bolacha,PorSi,Embalagem de 2x135 g,"0,55 €","2,75 €/Kg"
Iogurte grego natural magro,PorSi Viva Bem,Embalagem de 1 kg,"0,99 €","1,98 €/Kg"
Néctar classico de ananás,Compal,Garrafa de 200 ml,"0,99 €","0,99 €/L"
Lata de Brilho Castanho,Búfalo,Embalagem de 75 ml,"0,99 €","19,80 €/L"
Cem porcento-flocos de aveia grossos,Cemporcent,Embalagem de 400g,"2,99 €","7,97 €/Kg"
Iogurte tipo grego natural,PorSi,Embalagem de 12 x 125 g,"1,49 €","2,98 €/Kg"
Vinho frutado branco,Flor do Campo,Garrafa 0.75L,"1,49 €","1,99 €/L"
Alimento seco para cão raças pequenas,HappyOne,Embalagem de 2 kg,"12,95 €","3,24 €/Kg"
Inseticida para baratas e formigas,Baygon,Embalagem de 400 ml,"4,39 €","10,98 €/L"
Cereais crack star,PorSi,Embalagem de 375 g,"5,07 €/Kg","5,07 €/Kg"
Gelatina de ananás,PorSi,Embalagem de 170g,"0,55 €","61,11 €/Kg"
"Papel higiénico acolchoado, folha tripla, 9 rolos",Scottex,1 embalagem,"1,99 €","1,99 €/Unidade"
Mistolin advanced anticalcário,Mistolin,Garrafa de 500 ml,"1,49 €","1,99 €/L"
Bolachas waffers chocolate,PorSi,Embalagem de 210g,"0,98 €","4,67 €/Kg"
"Pensos diários maxiplus, 30 unidades",Evax,Uma embalagem,"2,99 €","2,99 €/Unidade"
Massa de espirais,Nacional,Embalagem de 500g,"0,89 €","1,78 €/Kg"
Iogurte activia líquido 0% morango/kiwi,Danone,Embalagem de 4 x 155 g,"2,49 €","5,19 €/Kg"
Balões latex verde,PorSi,Embalagem com 24 unidades,"1,69 €","1,69 €/Unidade"
Queijo Curado Apimentado,Montanha,Vendido ao peso a partir de 250 gr,"3,00 €","11,99 €/Kg"
18 hamburguers s/ glúten vaca,Capitão Iglo,Pack familiar com 1.4 kg,"2,34 €","7,31 €/Kg"
Bolachas chips ahoy,Ca!,Embalagem de 300g,"0,90 €","6,00 €/Kg"
Película Aderente 60M,PorSi,1 unidade,"1,11 €","1,11 €/Unidade"
"Batata frita caseira, rodela",Pala-pala,Embalagem de 180g,"0,87 €","5,44 €/Kg"
Esfregão Fibra Verde Grande XXL Gama Classic,Scotch-Brite,Embalagem de 1 unidades,"2,54 €","2,54 €/Unidade"
Leite uht c/ chocolate,Ucal,Garrafa de 1 l,"0,26 €","1,30 €/L"
Vela com número nº 1,PorSi,1 unidade,"0,60 €","0,60 €/Unidade"
Queijo Flamengo Bola,Queijaria de Celorico,Vendido ao peso a partir de 100 g,"1,56 €","7,80 €/Kg"
"Coloração permanente, castanho tiramissu nº4.15",Nutrisse,1 unidade,"9,49 €/Unidade","9,49 €/Unidade"
Tablete de chocolate de leite,Nestle,Embalagem de 90g,"5,30 €/Kg","5,30 €/Kg"
Creepy Mix,Chupachups,Embalagem de 400g,"3,40 €","28,33 €/Kg"
Vinho doc douro reserva tinto,Romanisco,Garrafa de 0.75 l,"6,49 €","8,65 €/L"
Bolacha torrada,PorSi,Embalagem de 4 x 200 g,"2,11 €/Kg","2,11 €/Kg"
Flocos de aveia,PorSi Viva Bem,Embalagem de 400g,"0,69 €","1,73 €/Kg"
Borracha para lápis e tinta,Domédia,1 unidade,"4,69 €","4,69 €/Unidade"
Esfregão Ultra Fresh,Vileda,Embalagem de 2 + 1 Grátis,"2,54 €","2,54 €/Unidade"
Iogurte activia cremoso frutos silvestres,Danone,Embalagem de 4 x 120 g,"1,49 €","2,98 €/Kg"
Lixívia para roupa delicada,Neoblanc,Embalagem de 2 l,"2,19 €","1,10 €/L"
Pate picante 73gr.                ce *24,La piara,Embalagem de 70g,"1,19 €","13,52 €/Kg"
Bolachas de aveia,Triunfo,Embalagem de 190g,"2,82 €","9,40 €/Kg"
Margarina líquida,Vaqueiro,Embalagem de 500 ml,"2,89 €","2,89 €/Kg"
Monopoly super maus perdedores,Monopoly,,"11,99 €/Unidade","11,99 €/Unidade"
Lixívia Tradicional,PorSi,Embalagem de 5 l,"1,74 €","0,35 €/L"
Máquina Descartável Depilatória Venus Plus,Gillette,4 un. + 2 grátis,"1,99 €","1,99 €/Unidade"
Cha infusão verde,Cemporcent,Embalagem com 10 saquetas,"58,44 €/Kg","58,44 €/Kg"
Máquina de barbear sensor excel universal,Gillette,1 unidade,"1,16 €","4,64 €/L"
Costeletas do Lombo,Porco,Vendido ao peso a partir de 1 kg,"1,00 €","3,98 €/Kg"
Patê de sardinha,PorSi,Embalagem de 65 g,"1,19 €","13,52 €/Kg"
Ambientador vela odor animais,PorSi,1 unidade,"9,99 €","9,99 €/Unidade"
Pescada 3 Chile,Peixe Congelado,1 un= 1 kg (aprox.),"2,12 €","8,49 €/Kg"
Refrigerante c/ gás,Pepsi,Pack 6 x 0.33 l,"0,40 €/L","0,40 €/L"
Barra cereais nesquik delice,Nestle,Embalagem de 140g,"1,29 €","10,24 €/Kg"
Atum posta em óleo,Ramirez,Embalagem de 120g,"9,08 €/Kg","9,08 €/Kg"
Lombo assado fatiado,PorSi,150 g,"2,49 €","16,60 €/Kg"
Néctar light de laranja prisma,PorSi,Embalagem de 1 l,"0,84 €","2,55 €/L"
Pringles hot & spicy,Pringles,Embalagem de 175g,"1,19 €","6,43 €/Kg"
Chocolate signature starbucks,STARBUCKS,Embalagem de 220 ml,"3,19 €","25,52 €/Kg"
Café lote bocage grão,Nicola,Embalagem de 1 kg,"9,16 €/Kg","9,16 €/Kg"
Leite infantil confort 1 desde o nascimento,NAN,Embalagem de 800g,"20,99 €","26,24 €/Kg"
Ovos Frescos Omega 3 de Galinhas Solo,PorSi Viva Bem,Embalagem com 6 unidades,"2,19 €","2,19 €/Unidade"
Sardinha Congelada,Peixe Congelado,1 un = 250 gr  (aprox.),"2,12 €","8,49 €/Kg"
Detergente líquido p/ máquina lavar roupa cores escu...,Woolite,"Garrafa de 1,65 l","13,99 €","3,29 €/L"
Queijo limiano amanteigado vaca e ovelha sem casca m...,Limiano,Embalagem de 450g,"2,00 €","7,99 €/Kg"
"Toalhitas intimas, 20 unidades",Labell,Uma embalagem,"2,99 €","2,99 €/Unidade"
Açúcar baunilhado,Globo,Embalagem de 70g,"1,49 €","1,49 €/Kg"
Iogurte liquido infantil morango,PorSi,Embalagem de 6 x 94 ml,"1,05 €","1,86 €/L"
Palhinhas de papel,PorSi,25 unidades,"0,60 €","0,60 €/Unidade"
Autobrilhante Branco,Búfalo,Embalagem de 50 ml,"0,99 €","330,00 €/Kg"
Bolachas marinheiras linhaça,Cemporcent,Embalagem de 200 g,"1,45 €","11,15 €/Kg"
Guardanapos de papel reciclado,PorSi,100 unidades,"1,29 €","1,29 €/Unidade"
Comida húmida para cão adulto com vaca e batatas em ...,Friskies,Embalagem de 100g,"0,75 €","2,50 €/Kg"
Escova de Dentes Júnior,Aquafresh,1 unidade,"3,49 €","3,49 €/Unidade"
Camarão Tigre Selvagem do Senegal 1/5,Nossa seleção,Congelado,"2,00 €","7,99 €/Kg"
Manteiga com sal,Mimosa,Embalagem de 130g,"1,69 €","6,76 €/Kg"
"Vela em número, nº 7",PorSi,1 unidade,"0,60 €","0,60 €/Unidade"
Ração para Cão Delicate rico em Salmão,Purina One,Embalagem de 800g,"12,95 €","3,24 €/Kg"
Presunto nacos,PorSi,Embalagem de 250g,"2,79 €","13,95 €/Kg"
"Iogurte eleva com fermentos naturais pêssego, cenour...",Mimosa,Embalagem de 4 x 115 g,"1,29 €","8,90 €/Kg"
Bolo de chocolate brownie,Milka,Embalagem de 150g,"2,99 €","6,80 €/Kg"
20 saquetas chá noite tranquila,Lipton,Embalagem de 30g,"58,44 €/Kg","58,44 €/Kg"
Quinoa branca,PorSi Viva Bem,Embalagem de 200 g,"1,39 €","6,95 €/Kg"
Torta cacau com sabor a natas,PorSi,Embalagem de 300g,"2,05 €","5,13 €/Kg"
18 nuggets de frango,Capitão Iglo,Embalagem de 380g,"14,95 €/Kg","14,95 €/Kg"
Chourico carne das beiras,PorSi,Embalagem de 290g,"1,22 €","6,78 €/Kg"
Corn flakes,PorSi,Embalagem de 1 kg,"1,49 €","2,98 €/Kg"
Bolsinhas Perfumadas Anti Traça de Lavanda,Dum Dum,34 g,"5,99 €","176,18 €/Kg"
Snack Cão Prodental,PorSi,Embalagem 180 g,"0,94 €","5,22 €/Kg"
Spray wc active clean citrus & waterlilly,Ambipur,750 ml,"3,99 €","7,98 €/L"
Oreo flavors cookies birthday party rollpack 154 gr,Oreo,Embalagem de 150g,"1,49 €","9,68 €/Kg"
Iogurte natural,Danone,Embalagem de 4 x 120 g,"0,99 €","1,98 €/Kg"
Lulas recheadas,Piteu,Embalagem de 120g,"9,08 €/Kg","9,08 €/Kg"
"Creme de depilação duche, peles normais",Veet,Garrafa de 150 ml,"2,99 €","14,95 €/L"
"Queijo flamengo, bola quartos",Agros,Embalagem de 350g,"1,56 €","7,80 €/Kg"
Creme Mãos Hidratante,Labell,Embalagem de 100 ml,"2,49 €","41,50 €/L"
Toalhitas,Dodot,4 x 64 un.,"1,09 €/Unidade","1,09 €/Unidade"
Sumo essencial kids,Compal,pack 3 x 0.11 l,"1,99 €","6,03 €/L"
Sabonete,Feno,Embalagem de 4x90 g,"1,99 €","12,44 €/Kg"
Pescada de África do Sul,Peixe Congelado,"Vendido ao peso, 1 unidade = 400 a 600 g aprox.","2,12 €","8,49 €/Kg"
Mortadela fatiada com azeitonas,PorSi,Embalagem de 200 g,"0,80 €","10,67 €/Kg"
Azeite,Oliveira da Serra,Embalagem de 750 ml,"3,19 €","4,25 €/L"
Pipocas coloridas,Orcape,Embalagem de 100g,"0,74 €","7,40 €/Kg"
Nêspera,Fruta da Época,1 un = 250 gr  (aprox.),"2,29 €/Kg","2,29 €/Kg"
"Porto, reserva",Calém,"garrafa de 0,75 l","10,99 €","14,65 €/L"
Manteiga magra meio sal,President,Embalagem de 250g,"1,69 €","6,76 €/Kg"
Mistolin tira gorduras desinfetante,Mistolin,Garrafa de 550 ml,"1,49 €","1,99 €/L"
Mini tostas integrais super finas,PorSi,Embalagem de 100 g,"2,39 €","6,83 €/Kg"
Azeitona mista,PorSi,Embalagem de 210g,"1,32 €","6,29 €/Kg"
Banha,PorSi,Embalagem de 230 g,"2,89 €","2,89 €/Kg"
Borracha para lápis e tinta,Domédia,1 unidade,"4,29 €","4,29 €/Unidade"
Nutella,Nutella,Embalagem de 700g,"8,54 €/Kg","8,54 €/Kg"
Nata pasteurizada,PorSi,Embalagem de 450 ml,"0,75 €","3,75 €/L"
Bolacha de Manteiga Belga c/ Chocolate Branco,Saborosa,Embalagem de 198 g,"1,69 €","6,76 €/Kg"
Detergente liquido loiça clássico,PorSi,Garrafa de 1 litro,"0,99 €","1,98 €/L"
Salada de Marisco,Amarras,Embalagem de 700 g,"2,19 €","8,59 €/Kg"
Bolacha de canela,Snapy,Embalagem de 250g,"2,11 €/Kg","2,11 €/Kg"
Tortitas de milho sem sal,PorSi Viva Bem,Embalagem de 130g,"0,74 €","7,40 €/Kg"
Néctar vital equilibrio frutos vermelhos,Compal,Embalagem de 1 l,"0,99 €","0,99 €/L"
Cheerios 375g,Nestle,Embalagem de 380g,"5,07 €/Kg","5,07 €/Kg"
Vermute bianco,Martini,Garrafa de 0.75 l,"7,99 €","10,65 €/L"
24 etiquetas azuis,Domédia,Uma embalagem,"2,19 €","109,50 €/L"
Rebuçados sortido festa,Villa,Embalagem de 1 kg,"1,15 €","4,60 €/Kg"
Desodorizante spray sport 48h,Labell Men,Embalagem de 200 ml,"1,39 €","6,95 €/L"
Arroz agulha,Caçarola,Embalagem de 1 kg,"0,99 €","0,99 €/Kg"
Sangria pet,Don Simon,"Garrafa de 1,5 l","2,19 €","1,46 €/L"
"Fita apanha moscas, com 4 unidades",Neokill,4 unidades,"4,39 €","10,98 €/L"
Lambrusco tinto,Sorbello,Garrafa de 0.75 l,"1,99 €","2,65 €/L"
Refrigerante sem gás frutos tropicais,Trina,"Garrafa de 1,5 l","1,35 €","0,90 €/L"
Fábrica de Invenções,Science4You,1 un.,"24,99 €/Unidade","24,99 €/Unidade"
Bol agua s. dose integral 186g,Vieira,Embalagem de 180g,"0,98 €","3,27 €/Kg"
Batata palha finíssima,PorSi Select,Embalagem de 180 g,"0,87 €","5,44 €/Kg"
"Espumante Danúbio, Meio Seco",Danúbio,Garrafa de 75 cl,"7,99 €","10,65 €/L"
Achocolatado em Pó,Nesquik,Embalagem de 700g,"8,59 €/Kg","8,59 €/Kg"
Farinha p/ bolos extra fina,Nacional,Embalagem de 1 kg,"1,99 €","1,99 €/Kg"
Vinagre de vinho branco,PorSi,Garrafa de 1 l,"0,35 €","0,70 €/L"
Sacos do lixo lavanda 30 litros,PorSi,20 sacos,"1,79 €","1,79 €/Unidade"
Infusão cidreira,PorSi,Embalagem de 40g,"0,99 €","76,15 €/Kg"
Bolacha com aveia,PorSi,Embalagem de 300 g,"0,98 €","3,27 €/Kg"
Nuggets de frango grelhadinho,Capitão Iglo,Embalagem de 200g,"14,95 €/Kg","14,95 €/Kg"
"Cera cabelo, paste signature",Axe,Embalagem de 75 ml,"3,99 €","53,20 €/L"
"Ração granulado, frangos (2fase)",Rac.zezere,Embalagem de 5 kg,"4,19 €","0,84 €/Kg"
Sal Himalaias Grosso,Origens Bio,1 Embalagem 500G,"1,57 €","15,70 €/Kg"
Pernil Fumado Ponte de Lima,PorSi,1 un = 800 gr (aprox.),"1,39 €","17,38 €/Kg"
Creme de dia para pele normal,Labell,Embalagem de 50 ml,"2,99 €","59,80 €/L"
Espinafres em folhas,PorSi,Embalagem de 750 g,"1,89 €","1,89 €/Kg"
Vinagre vinho branco,PorSi,Garrafa de 500 ml,"0,35 €","0,70 €/L"
Sacos Slide & Lock,Fino,"1 embalagem 15,L x15un","1,11 €","1,11 €/Unidade"
Vinho tinto doc douro,VILA REAL,Garrafa de 750 ml,"6,49 €","8,65 €/L"
28 mini bolinhas bacalhau,PorSi,Embalagem de 300 g,"2,99 €","9,97 €/Kg"
Infusão de camomila,PorSi,Embalagem de 33.7 g,"0,99 €","76,15 €/Kg"
Moscatel do douro aperitivo,Favaito,pack: 10 x 55 ml,"6,79 €/L","6,79 €/L"
Gomas brilho,PorSi,Embalagem de 300 g,"0,89 €","8,90 €/Kg"
Pano Microfibras Colors XL,Vileda,Embalagem com 4 un.,"1,79 €","1,79 €/Unidade"
Arroz agulha Europa,PorSi,Embalagem de 1 kg,"0,99 €","0,99 €/Kg"
Miolo de avelã,PorSi,Embalagem de 200 g,"1,79 €","3,58 €/Kg"
Vinagre vinho branco 500ml,Cristal,Garrafa de 500 ml,"0,35 €","0,70 €/L"
Bolachas starship chocolate,PorSi,Embalagem de 150g,"0,90 €","6,00 €/Kg"
Adoçante em pó,PorSi,250 saquetas,"5,99 €","23,96 €/Kg"
Magnum amêndoa,Olá,Embalagem de 6 x 55 ml,"5,99 €","16,64 €/L"
Bebida de soja-arroz,Shoyce,Garrafa de 1 l,"2,49 €","2,49 €/L"
Super Cola 3 Mini Trio C/ Oferta de 1 Tubo Grátis,Loctite,4 g,"2,59 €","86,33 €/Kg"
Sumo clássico 100% maçã,Compal,Garrafa de 200 ml,"1,09 €","0,73 €/L"
Cogumelos fatiados,PorSi,Embalagem de 400g,"1,89 €","1,89 €/Kg"
Coffee Shop 100% Chef,Écoiffier,1 unidade,"6,99 €","6,99 €/Unidade"
Creme anti-rugas reafirmante,Diadermine,Embalagem de 50 ml,"2,99 €","59,80 €/L"
"Queijo, 16 porções",A Vaca Que Ri,Embalagem de 280g,"4,68 €","11,70 €/Kg"
Pensos higiénicos liberty super abas,Evax,Embalagem com 10 un.,"4,99 €","4,99 €/Unidade"
Massa bagos,PorSi,Embalagem de 250g,"0,89 €","1,78 €/Kg"
Café moagem universal portugal,Delta,Embalagem de 250g,"9,16 €/Kg","9,16 €/Kg"
Iogurte aroma varios sabores,PorSi,Embalagem de 12 x 125 g,"1,87 €","1,25 €/Kg"
Descafeinado,Nestlé,Embalagem de 100 g,"1,59 €","6,36 €/Kg"
Leite uht magro,Gresso,Embalagem de 1 litro,"0,81 €","0,81 €/L"
Resguardo para mesa,PorSi,Dim.: 140 x 300 cm,"3,45 €","3,45 €/Unidade"
Óleo alimentar,Fula,Embalagem 3L,"3,39 €","3,39 €/L"
Pensos higiénicos Cottonlike Super Plus Com Abas,Evax,10 unidades,"4,99 €","4,99 €/Unidade"
Fiambre da Pá,Salsicharia Limiana,1 un = 150 gr (aprox.),"0,90 €","5,99 €/Kg"
Receita caseira de jardineira,Nobre,Embalagem de 420g,"2,35 €","5,60 €/Kg"
Tablete de chocolate leite,Nestle,Embalagem de 130g,"5,30 €/Kg","5,30 €/Kg"
Bolacha Maria sem lactose,PorSi Viva Bem,Embalagem de 200 g,"0,99 €","1,98 €/Kg"
Bebida coco,Alpro,Embalagem de 1L,"2,49 €","2,49 €/L"
Pilha alcalina classic lr14x2,Domédia,1 unidade,"1,49 €","1,49 €/Unidade"
Mexilhão Médio Fresco,Marisco Fresco,Vendido ao peso,"1,50 €","5,99 €/Kg"
Máquina de barbear c/ 2 recargas de 6 lâminas,Labell Men,,"1,16 €","4,64 €/L"
Ração para cão mini adulto nutri soft com frango,Friskies,"Embalagem de 1,4 kg","12,95 €","3,24 €/Kg"
"Queijo flamengo, ralado",Terra Nostra,Embalagem de 150g,"7,45 €/Kg","7,45 €/Kg"
Peito de peru,PorSi,"Vendido ao peso, fatiado a partir de 150 g","2,25 €","11,25 €/Kg"
Aditivo em pó máquina pink,Vanish,Embalagem de 1.2 kg,"5,99 €","11,98 €/L"
Rolo cozinha branco 3 folhas,PorSi,3 rolos,"4,99 €","4,99 €/Unidade"
Espumante sem álcool para crianças,Look,Garrafa de 750 ml,"0,40 €/L","0,40 €/L"
Fruta para bebé banana maçã +4 meses,Nestle,Embalagem de 90g,"0,74 €","8,22 €/Kg"
"Agrafos nº24/6, 2000 unidades",Maped,Uma embalagem,"0,89 €","0,89 €/Unidade"
Filete de anchovas estendidas,General,Embalagem de 40g,"9,08 €/Kg","9,08 €/Kg"
Leite creme,PorSi,Embalagem de 2x135 g,"0,55 €","2,75 €/Kg"
Limpa pavimentos flutuantes,PorSi,Embalagem de 1 litro,"1,49 €","1,99 €/L"
Sabonete líquido maçãs verdes,Labell,Embalagem de 500 ml,"2,18 €/L","2,18 €/L"
Vela com número nº 9,PorSi,1 unidade,"0,60 €","0,60 €/Unidade"
Esferográfica Preta Média,Mab,Embalagem com 4 un.,"2,69 €","2,69 €/Unidade"
Batata frita lisa chips,PorSi,Embalagem de 185 g,"1,06 €","5,73 €/Kg"
16 mini croquetes de carne,PorSi,Embalagem de 290 g,"2,99 €","9,97 €/Kg"
"Néctar pêssego, prisma",PorSi,Embalagem de 1 l,"0,99 €","0,99 €/L"
SuperCeys,Ceys,1 unidade,"2,59 €","86,33 €/Kg"
Sementes de linhaça dourada,PorSi Viva Bem,Embalagem de 250 g,"1,59 €","10,60 €/Kg"
Massa spaghetti tricolore,Milaneza,Embalagem de 500 g,"0,89 €","1,78 €/Kg"
Marmelada,PorSi,Embalagem de 900g,"1,09 €","2,42 €/Kg"
Queijo de Ovelha Curado Apimentado,PorSi,,"3,73 €","14,90 €/Kg"
Pasta dentífrica herbal,Colgate,Embalagem de 75 ml,"2,29 €","38,17 €/L"
Jardineira,PorSi,Embalagem de 750 g,"1,89 €","1,89 €/Kg"
Adoçante à base de sucralose,PorSi Viva Bem,Embalagem de 17g,"5,99 €","23,96 €/Kg"
Paloco desfiado do pacifico,Peixe Fresco,Embalagem de 400 g,"8,73 €/Kg","8,73 €/Kg"
Brandy,Croft,Garrafa de 700 ml,"14,99 €","14,99 €/L"
Aperitivos 3d's cones,3d's,Embalagem de 90g,"0,74 €","7,40 €/Kg"
Biscoitos de canela,PorSi,Embalagem de 750g,"0,69 €","3,45 €/Kg"
Iogurte mix-in kit kat,Nestle,Embalagem de 2 x 115 g,"1,05 €","1,86 €/L"
Bolacha diet nature recheio creme,Gullon,Embalagem de 210g,"1,49 €","9,68 €/Kg"
Ketchup,PorSi,Embalagem de 300 g,"0,70 €","2,33 €/Kg"
"Refrigerante com gás, ananás",Sumol,"Garrafa de 1,25 l","0,40 €/L","0,40 €/L"
Sabonete leite & mel,Palmolive,Embalagem de 4x90 g,"1,99 €","12,44 €/Kg"
Iogurte batido magro com mirtilos sem lactose,Mimosa,4 x 120 g,"0,99 €","1,98 €/Kg"
Creme autobrilha incolor,Splendor,40 ml,"0,99 €","330,00 €/Kg"
Sortido seleção,Chabrior,Embalagem de 380g,"6,83 €/Kg","6,83 €/Kg"
Detergente para loiça plus + citrinos,Super Pop,Embalagem de 1L,"0,99 €","1,98 €/L"
Framboesa,PorSi,Embalagem com 125g,"1,99 €","15,92 €/Kg"
Bebida Energética Apple,Hell,250 ml,"5,39 €","5,39 €/L"
Balde de Limpeza com Espremedor,PorSi,unidade,"2,50 €","2,50 €/Unidade"
Creme abrasivo limão,Cif,Garrafa de 700 ml,"0,99 €","0,99 €/L"
Cebola picada,PorSi,Embalagem de 400 g,"1,89 €","1,89 €/Kg"
Chocolate culinário em pó,Pantagruel,Embalagem de 130g,"1,04 €","8,32 €/Kg"
Refrigerante c/ gás laranja,Fanta,"Garrafa de 1,5 l","0,40 €/L","0,40 €/L"
Pano Microfibras Colors,Vileda,4 unidades,"1,79 €","1,79 €/Unidade"
Arroz extra longo integral,Saludaes,Embalagem de 1 kg,"0,99 €","0,99 €/Kg"
Vinho verde,Felgueiras,Garrafa de 0.75 l,"2,99 €","2,99 €/L"
"Borracha Technic, 600",Maped,embalagem com 2 unidades,"4,69 €","4,69 €/Unidade"
"Creme protector contra assaduras, para bebé",Johnson's Baby,Embalagem de 100 ml,"0,59 €","5,90 €/L"
Tablete de chocolate de leite,PorSi Select,Embalagem de 200g,"5,30 €/Kg","5,30 €/Kg"
Vinho do porto tawny,Cruz,"Garrafa de 0,75 l","24,99 €","33,32 €/L"
Esfregão c/ Esponja Salva Unhas Ergonómico / Confort...,Scotch-Brite,Embalagem de 2 unidades,"2,54 €","2,54 €/Unidade"
Sidra de maçã,Somersby,Lata de 500 ml,"1,59 €","3,18 €/L"
Creme para barrar,Nutella,Embalagem de 200 g,"8,54 €/Kg","8,54 €/Kg"
Sumo 100% ananás/uva,PorSi,Pack 3 x 200 ml,"1,09 €","0,73 €/L"
Leite c/ chocolate meio-gordo s/ lactose,Agros,4 x 200 ml,"0,26 €","1,30 €/L"
Leite com chocolate,Agros,Embalagem de 200 ml,"0,26 €","1,30 €/L"
Café solúvel sem cafeína,Nescafe,Embalagem de 20g,"14,50 €/Kg","14,50 €/Kg"
Vinh do porto ruby,Cruz,Garrafa de 750 ml,"6,65 €/L","6,65 €/L"
Fiambre da perna extra,PorSi,Pack Poupança de 2 x 170 g,"0,90 €","5,99 €/Kg"
"Adesivo com suporte, tecido",Hansaplast,1 unidade,"2,86 €","2,86 €/Unidade"
Amido de milho,PorSi,Embalagem de 400g,"1,89 €","17,18 €/Kg"
Fiambre da perna extra baixo teor de gordura fatias ...,PorSi Viva Bem,Embalagem de 200 g,"0,90 €","5,99 €/Kg"
Espremedor,PorSi,1 unidade,"2,50 €","2,50 €/Unidade"
Vinho tinto,Adega grande,Garrafa de 75 cl,"1,49 €","1,99 €/L"
Esferográfica Azul Média,Mab,Embalagem com 4 un.,"2,69 €","2,69 €/Unidade"
Gomas funky mix,Haribo,Embalagem de 100g,"0,89 €","8,90 €/Kg"
"Vela com número, nº2",PorSi,1 unidade,"0,60 €","0,60 €/Unidade"
Alimento seco para gatinhos,HappyOne,"Embalagem de 1,5 kg","12,99 €","4,33 €/Kg"
Biscoitos integrais aveia e cacau,PorSi Viva Bem,Embalagem de 150g,"0,69 €","3,45 €/Kg"
Farinha para bolos super fina,B.neve,Embalagem de 1 kg,"1,99 €","1,99 €/Kg"
Panquecas,Condi,Embalagem de 400g,"2,99 €","6,80 €/Kg"
Água c/ gás: limão/pepino/gengibre,Frize,pack 4 x 0.25 l,"2,85 €","2,85 €/L"
Coxinhas de frango,PorSi,Embalagem de 360g,"3,53 €","8,83 €/Kg"
Esfregão esponja ergonómico salva unhas,PorSi,Embalagem de 2 unidades,"2,54 €","2,54 €/Unidade"
Ice tea limão,Lipton,pack 6 x 0.25 l,"1,35 €","0,90 €/L"
Refresco em pó de morango,PorSi,Embalagem de 40g,"0,75 €","18,75 €/Kg"
Aperitivo de amendoins tostados forno,Matutano,Embalagem de 120g,"0,74 €","7,40 €/Kg"
Iogurte naturea natural,PorSi,Embalagem de 4 x 125 g,"0,99 €","1,98 €/Kg"
"Spray depilatório, peles sensiveis",Veet,Garrafa de 150 ml,"2,99 €","14,95 €/L"
Pano Microfibra,Fino,1 unidades,"1,79 €","1,79 €/Unidade"
Comida húmida para cão de frango e legumes,PorSi,Lata de 400 g,"0,75 €","2,50 €/Kg"
Lenços faciais brancos 2 folhas,PorSi,150 unidades,"0,89 €","0,89 €/Unidade"
"Ambientador spray, aerosol, lavanda",Glade,Embalagem de 300 ml,"0,99 €","3,30 €/L"
Queijo Amarelo da Beira Baixa DOP,Casa Almeida,Vendido ao peso a partir de 250 gr,"2,87 €","15,94 €/Kg"
Guardanapos com riscas azuis | Dim.: 33 x 33 cm,PorSi,Embalagem com 20 unidades,"1,29 €","1,29 €/Unidade"
Whisky heritage blend,Logan,Garrafa de 700 ml,"38,49 €","54,99 €/L"
Espetadas,Porco,1 un = 150 gr (aprox.),"1,00 €","3,98 €/Kg"
8 salsichas frankfurt,Izidoro,Embalagem de 200g,"0,75 €","3,75 €/Kg"
Arroz carolino vaporizado,Cacarola,Embalagem de 1 kg,"0,99 €","0,99 €/Kg"
Danacol frutos exóticos,Danone,Embalagem de 6 x 100 g,"4,15 €/Kg","4,15 €/Kg"
Leite uht c/ chocolate,Ucal,Embalagem de 3 x 250 ml,"0,26 €","1,30 €/L"
Leite c/ chocolate,Gresso,Pack 4X200ml,"0,26 €","1,30 €/L"
Bandida do pomar maçã 4x25cl,Bandida,Garrafa de 1 l,"1,59 €","3,18 €/L"
Spray silicone,Arbo,Embalagem de 600 ml,"3,99 €","0,80 €/L"
Salmão Fumado da Escócia,PorSi Select,Embalagem de 200 g,"3,35 €","22,33 €/Kg"
Sopa económica de marisco,Knorr,Embalagem de 60g,"0,84 €","13,55 €/Kg"
"Cereais special k, frutos vermelhos",Kellogg's,Embalagem de 300g,"5,09 €","5,30 €/Kg"
Galão enriquecido em cálcio,Ucal,Embalagem de 3 x 200 ml,"0,26 €","1,30 €/L"
Bacalhau Postas,Riberalves,1 Embalagem 800G,"6,39 €","7,99 €/Kg"
"Azeite extra virgem, azeitonas verdes",Oliveira da Serra,Garrafa de 750 ml,"3,19 €","4,25 €/L"
Preparado de bolo de mármore,PorSi,528 g,"2,99 €","6,80 €/Kg"
Yoggi liquido morango,Nestle,Embalagem de 8x160g,"1,17 €","1,83 €/Kg"
Chantilly,President,Embalagem de 250 g,"0,75 €","3,75 €/L"
Creme vegetal p/ barrar reduz colesterol,PorSi Viva Bem,250 g,"5,40 €/Kg","5,40 €/Kg"
Água s/ gás,Luso,Garrafa de 7 l,"1,04 €","0,17 €/L"
Iogurte ananás 000%,PorSi Viva Bem,Embalagem de 4 x 125 g,"1,44 €","2,88 €/Kg"
Bacalhau a bras,PorSi,Embalagem de 300g,"1,91 €","4,78 €/Kg"
"As minhas primeiras receitas - refeição batata, abób...",Nestle,Embalagem de 190g,"1,89 €","9,95 €/Kg"
Caramelos de fruta,Penha,Embalagem de 500 g,"1,10 €","4,40 €/Kg"
Lava Tudo Flores Montanha,Sonasol,1.3 l,"0,99 €","0,50 €/L"
Cappucinno,PorSi,Embalagem de 125 g,"3,19 €","25,52 €/Kg"
Gronola de aveia arandos/sementes,Nestle,Embalagem de 300g,"5,09 €","5,30 €/Kg"
Côco ralado,PorSi,Embalagem de 200g,"1,06 €","5,30 €/Kg"
Vinho verde branco,Torre de menagem,"Garrafa de 0,75 l","2,99 €","2,99 €/L"
Tablete chocolate creme de cacau,Milka,Embalagem de 100g,"5,30 €/Kg","5,30 €/Kg"
Feijão catarino,Legumes secos,1 un = 100 gr. (aprox.),"0,23 €","2,29 €/Kg"
Massa cuscus,PorSi,Embalagem de 250g,"0,89 €","1,78 €/Kg"
Bicarbonato de sódio,PorSi,Embalagem de 500 g,"1,49 €","1,99 €/L"
Body Milk Cocoa,Nivea,Embalagem de 250 ml,"12,48 €/L","12,48 €/L"
Gelado magnum menta,Olá,Embalagem de 4 x 100 ml,"5,99 €","16,64 €/L"
Vinho do porto lágrima tinto,Ramos Pinto,"Garrafa de 0,75L","24,99 €","33,32 €/L"
"Néctar de alperce, tetra",Compal,pack 3 x 200 ml,"0,99 €","0,99 €/L"
"Alimento seco para gato adulto, galinha",Whiskas,"Embalagem de 1,75 kg","12,99 €","4,33 €/Kg"
Peskitos de pescada panados,Pescanova,Embalagem de 1 Kg,"14,95 €/Kg","14,95 €/Kg"
Tampões Compak Pearl Regular Com Aplicador,Tampax,16 unidades,"3,99 €","3,99 €/Unidade"
Actimel magro natural,Danone,Embalagem de 6 x 100g,"4,15 €/Kg","4,15 €/Kg"
Eau De Toilette Homen Nº 56,Caravan,pack: 150ML+Deo 150ML,"5,99 €","14,98 €/L"
Lixívia Spray Mousse Flor,Neoblanc,Embalagem de 700ml,"1,74 €","0,35 €/L"
Vinho branco península de setúbal,Periquita,Garrafa de 0.75 l,"4,99 €","6,65 €/L"
Bandida do pomar frutos vermelhos lata 50cl,Bandida,Garrafa de 500 ml,"1,59 €","3,18 €/L"
Recarga difusor elétrico recarga citronela,Dum Dum,1 unidade,"19,99 €","246,79 €/L"
"Alimento húmido para gato 7+, aves",Whiskas,Embalagem de 400g,"3,49 €","10,26 €/Kg"
Bolacha vitalday crocante chocolate,Gullon,Embalagem de 280g,"2,82 €","9,40 €/Kg"
Bebida doubleshot expresso,STARBUCKS,Embalagem de 200 ml,"3,19 €","25,52 €/Kg"
Lasanha,Nacional,Embalagem de 400g,"0,89 €","1,78 €/Kg"
Cerveja c/ álcool,Sagres,pack 30 x 0.25 L,"1,99 €/L","1,99 €/L"
Rebuçados peitorais,Villa,Embalagem de 200 g,"0,77 €","3,85 €/Kg"
Massa fusilli tricolor,Milaneza,Embalagem de 500g,"0,89 €","1,78 €/Kg"
Amendoim com Casca,PorSi,Embalagem de 500g,"1,79 €","3,58 €/Kg"
Fralda cueca T5 - 12 a 18 kg,PorSi,20 unidades,"3,95 €","3,95 €/Unidade"
Snack de milho com queijo,Cheetos,Embalagem de 75 g,"0,74 €","7,40 €/Kg"
Infusão nº 5 emagrecimento,Cemporcent,Embalagem de 10 unidades,"0,99 €","76,15 €/Kg"
Creme vegetal para barrar de chocolate,Tulicreme,Embalagem de 200g,"8,54 €/Kg","8,54 €/Kg"
Rolhas de cortiça,PorSi,6 unidades,"2,79 €","2,79 €/Unidade"
Pensos para bolhas,PorSi,20 unidades,"2,86 €","2,86 €/Unidade"
"Iogurte, sabor a tutti-fruti",PorSi,Embalagem de 4 x 125 g,"1,87 €","1,25 €/Kg"
Lombo de bacalhau,PorSi,Vendido ao peso,"8,73 €/Kg","8,73 €/Kg"
Tortitas de arroz chocolate negro,PorSi Viva Bem,130 g,"1,45 €","11,15 €/Kg"
Refrigerante c/ gás zero,Coca-Cola,pack 4 x 1 l,"0,40 €/L","0,40 €/L"
Bombom Caja Roja,Nestlé,Embalagem de 200G,"18,76 €/Kg","18,76 €/Kg"
Papel higiénico macio absorvente,PorSi,12 rolos,"1,99 €","1,99 €/Unidade"
Fiambre Peito de Peru,Primor,Vendido ao peso a partir de 100 g,"2,25 €","11,25 €/Kg"
Café lote normal moagem fina,PorSi,Embalagem de 250 g,"9,76 €/Kg","9,76 €/Kg"
Mistura solúvel c/ 20% café pó,PorSi,Embalagem de 200g,"1,64 €","6,56 €/Kg"
Gelatina de morango,Royal,Embalagem de 114g,"0,55 €","61,11 €/Kg"
Feuilletine,Du Bois de la Roche,Embalagem de 135 g,"0,39 €","3,12 €/Kg"
Batata frita lisa,PorSi,Embalagem de 90g,"1,06 €","5,73 €/Kg"
Bolacha recheada mega duo cacau,Gullon,Embalagem de 500g,"2,15 €","2,87 €/Kg"
Spray limpa inox,Cif,Garrafa de 440 ml,"1,49 €","1,99 €/L"
Bebida de Amêndoa,PorSi Viva Bem,1 litro,"1,19 €","1,86 €/L"
Arroz carolino,Caçarola,Embalagem de 1kg,"0,99 €","0,99 €/Kg"
Café torrado e moído 16 pastilhas,Sical,Embalagem de 104g,"54,36 €/Kg","54,36 €/Kg"
Rebuçados de mentol,PorSi,Embalagem de 250g,"0,77 €","3,85 €/Kg"
Iogurte pedaços frutos vermelhos,PorSi,Embalagem de 8 x 125 g,"4,36 €","2,18 €/Kg"
Vinagre de sidra,PorSi,500 ml,"0,35 €","0,70 €/L"
Pá do Lixo C/ Cabo,PorSi,1 un.,"2,20 €","2,20 €/Unidade"
Ambientador spray aerosol white bouquet,Air Wick,Garrafa de 240 ml,"0,99 €","3,30 €/L"
"Guardanapos brancos, 33x33cm, 2 folhas",PorSi,Embalagem com 100 unidades,"1,29 €","1,29 €/Unidade"
Desodorizante e desinfetante para calçado,Sanytol,Embalagem de 150 ml,"4,99 €","33,27 €/L"
50 Jogos Reunidos,Clementoni,1 unidade,"11,99 €/Unidade","11,99 €/Unidade"
Carro de Limpeza,Vicam,1 unidade,"11,99 €","11,99 €/Unidade"
20 saquetas infusão limão gengibre,Lipton,Embalagem de 40g,"44,50 €/Kg","44,50 €/Kg"
Sangria branca,PorSi,Garrafa de 1.5 litros,"2,19 €","1,46 €/L"
Kit de viagem,Colgate,pasta dentífrica + escova,"3,49 €","3,49 €/Unidade"
Limpa vidros boost,Ajax,Embalagem de 500 ml,"3,19 €","6,38 €/L"
Atum em azeite,Ramirez,Embalagem de 120g,"9,08 €/Kg","9,08 €/Kg"
Planta cozinha,Planta,Embalagem de 500g,"5,40 €/Kg","5,40 €/Kg"
Alimento lácteo banana +6 meses,Yogolino,Embalagem de 4 x 100 g,"2,89 €","7,23 €/Kg"
Creme de cenoura,PorSi,Embalagem de 400 g,"1,19 €","2,98 €/Kg"
Gelatina tutti-fruti,PorSi,Embalagem de 170g,"0,55 €","61,11 €/Kg"
Cheesecake frutos vermelhos,PorSi Select,Embalagem de 900 g,"2,99 €","5,54 €/Kg"
Nata uht carbonara,Parmalat,Embalagem de 200 ml,"0,75 €","3,75 €/L"
20 saquetas infusão camomila,Lipton,Embalagem de 10g,"0,99 €","76,15 €/Kg"
"Snack de queijo flamengo, amêndoas e arandos",Limiano,Embalagem de 40g,"1,56 €","7,80 €/Kg"
Papel higiénico compacto 2 folhas,PorSi,18 = 36 Rolos,"1,99 €","1,99 €/Unidade"
"Queijinho, yoco suisse maxi, morango",Nestle,Embalagem de 4 x 90 g,"1,05 €","1,86 €/L"
Sumo essencial manga,Compal,pack 3 x 0.11 l,"0,99 €","0,99 €/L"
Gel Styling Casual Black,Axe,Embalagem de 75 ml,"5,99 €","14,98 €/L"
"Inseticida recarga, elétrico, 45 noites",Raid,1 unidade,"19,99 €","246,79 €/L"
Chocolate para culinária 85% cacau sem glúten,Regina,embalagem de 200 g,"1,04 €","8,32 €/Kg"
Grelos,Bonduelle,Embalagem de 400 g,"1,89 €","1,89 €/Kg"
Gel de banho júnior maçã e pera,Labell,Embalagem com 300 ml,"1,99 €","1,99 €/Unidade"
Cominhos moídos,PorSi,Embalagem de 35g,"0,25 €","0,25 €/Kg"
Grão de bico,PorSi,Frasco com 540 g,"1,79 €","2,29 €/Kg"
Batata pré-frita cubos,PorSi,Embalagem de 1 kg,"1,39 €","1,39 €/Kg"
Caras de Bacalhau +500 gr,Bacalhau,1 un = 500 gr (aprox.),"8,73 €/Kg","8,73 €/Kg"
Cápsulas de café qharacter,Delta Q,Embalagem de 60g,"54,36 €/Kg","54,36 €/Kg"
Infusão de tília,PorSi,Embalagem de 30g,"0,99 €","76,15 €/Kg"
Vinho maduro branco meio seco,Adega grande,Garrafa de 750 ml,"1,49 €","1,99 €/L"
Alho Francês,Programa Origens,1 un = 300 g (aprox.),"0,72 €","2,39 €/Kg"
Chá de frutos vermelhos,Tetley,Embalagem de 30g,"44,50 €/Kg","44,50 €/Kg"
Mini salsichas cocktail,Nobre,lata de 180g,"0,75 €","3,75 €/Kg"
Baguete,PorSi,250 g,"0,19 €","2,38 €/Kg"
Sopa tailandesa,Knorr,embalagem com 69 g,"0,84 €","13,55 €/Kg"
Conjunto Fleurs Du Paradis,Coquette,EAU DE TOILETTE 100 ML + R-ON 10 ML,"9,99 €","9,99 €/Unidade"
Açúcar granulado,Rar,Embalagem de 1kg,"1,49 €","1,49 €/Kg"
Toalhitas Bebé Basic,PorSi,Embalagem de 72 unidades,"1,09 €/Unidade","1,09 €/Unidade"
Bucal maça natural,Andros,Embalagem de 750 g,"3,39 €","4,52 €/Kg"
Chá barbas de milho,PLANTANATU,Embalagem de 10g,"1,25 €","62,50 €/Kg"
10 Hambúrgueres de porco,PorSi,Embalagem de 600g,"2,34 €","7,31 €/Kg"
Eau de Toilette Fairy’s Secret,B.U.,50 ml,"13,29 €","265,80 €/L"
Espumoso moscato,Selecção de Enófilos,"Garrafa de 0,75 l","3,99 €","5,32 €/L"
Bebida de arroz,Shoyce,Embalagem de 3 x 200 ml,"1,59 €","1,59 €/L"
Ice tea de limão,PorSi,Embalagem de 2 l,"1,35 €","0,90 €/L"
Anticalcário,Viakal,Embalagem de 500 ml,"0,99 €","0,99 €/L"
Iogurte líquido dan'up milkshake straciatella,Danone,Embalagem de 4 x 155 g,"1,17 €","1,83 €/Kg"
Queijo em fatias,Limiano,Embalagem de 400g,"1,56 €","7,80 €/Kg"
Máquina de café de brincar,*,1 unidade,"11,99 €","11,99 €/Unidade"
Vinho maduro tinto,C.da eira,Garrafa de 250 ml,"0,69 €","2,76 €/L"
Farinha,Maizena,Embalagem de 400g,"1,99 €","1,99 €/Kg"
Açucar icing,Rar,Embalagem de 250 g,"1,49 €","1,49 €/Kg"
"Refresco em pó, ananás",Tang,Embalagem de 30g,"0,75 €","18,75 €/Kg"
Bebida de cereais e café mokambo intenso,Nestle,Embalagem de 180g,"1,64 €","6,56 €/Kg"
Cafe soluvel c/c 200g,Delta,Embalagem de 200g,"14,50 €/Kg","14,50 €/Kg"
Grão de bico,PorSi,Embalagem de 820g,"1,79 €","2,29 €/Kg"
Pão forma integral sem côdea,PorSi,Embalagem de 450g,"0,99 €","1,65 €/Kg"
Nestum flocos de cereais com mel,Nestum,Embalagem de 300g,"2,99 €","3,99 €/Kg"
Bolacha Maria,Cuetara,Embalagem de 200g,"2,11 €/Kg","2,11 €/Kg"
Creme vegetal soja,Planta,Embalagem de 250 gr,"2,09 €","8,36 €/Kg"
"Comida húmida para cão adulto com frango, vaca e bor...",Friskies,Embalagem de 400g,"0,75 €","2,50 €/Kg"
8 rissóis de camarão,PorSi,Embalagem de 300g,"2,99 €","9,97 €/Kg"
Ambientador recarga bouquet,Air Wick,Garrafa de 250 ml,"5,99 €","23,96 €/L"
Máscara Olhos Lash Sensational,Maybelline,1 unidade,"12,49 €","12,49 €/Unidade"
Conjunto Descoberta Fóssil,Jurassic World,1 un.,"24,99 €/Unidade","24,99 €/Unidade"
Compak Regular Tampões Com Aplicador,Tampax,22 unidades,"3,99 €","3,99 €/Unidade"
Vinho tinto,PorSi,embalagem de 5 litros,"5,19 €","1,04 €/L"
Creme vegetal sabor manteiga,PorSi,Embalagem de 500 g,"5,40 €/Kg","5,40 €/Kg"
"Frigideira anti-aderente, 20cm",PorSi,1 unidade,"14,99 €","14,99 €/Unidade"
Bolachas mini alfa,Nacional,Embalagem de 120g,"2,82 €","9,40 €/Kg"
Iogurte líquido infantil morango e banana,PorSi,Pack 6 x 100 g,"1,05 €","1,86 €/L"
Lipton limão zero pet,Lipton,Garrafa de 2 l,"1,35 €","0,90 €/L"
Chocolate sombrinhas,Regina,Embalagem de 15 g,"1,19 €","26,44 €/Kg"
Nata uht,Agros,Garrafa de 200 ml,"0,75 €","3,75 €/L"
Espumante bruto,Cabriz,Garrafa de 750 ml,"7,99 €","10,65 €/L"
Cereais fitness,Nestle,Embalagem de 380g,"5,09 €","5,30 €/Kg"
Gelatina de frutos tropicais,PorSi,Embalagem 2X85G,"0,55 €","61,11 €/Kg"
Soft 3 Funções,Nenuco,1 unidade,"11,99 €","11,99 €/Unidade"
Patê atum em escabeche,La piara,Embalagem de 80g,"1,19 €","13,52 €/Kg"
"Vinagre virgem branco, spray",Paladin,Garrafa de 250 ml,"0,35 €","0,70 €/L"
Soja fina,PorSi Viva Bem,Embalagem de 400 g,"2,09 €","8,36 €/Kg"
Gel de Banho Silk,Dove,Embalagem de 750 ml,"6,49 €","8,65 €/L"
Açúcar granulado embalado em papel,Rar,Embalagem de 1 kg,"1,49 €","1,49 €/Kg"
Tablete de chocolate culinário negro,PorSi,Embalagem de 200 g,"1,04 €","8,32 €/Kg"
Whiskey Bourbon Gentleman Jack,Jack Daniel's,"Garrafa de 0,70L c/ Oferta 1 Copo","38,49 €","54,99 €/L"
"Iogurte sólido aroma morango, ananás e banana",Mimosa,Pack 8 x 120 g,"1,87 €","1,25 €/Kg"
Bebida de coco com arroz,PorSi Viva Bem,1 litro,"1,19 €","1,86 €/L"
Caldeirada,Bacalhau,Embalagem de 400 g,"8,73 €/Kg","8,73 €/Kg"
Crepe chocolate,PorSi,Embalagem de 540g,"2,99 €","5,54 €/Kg"
Agrafador pocket universal nº10,Maped,1 unidade,"1,35 €","1,35 €/Unidade"
Cuecas Incontinência Maxi Médio,Lindor,Embalagem com 14 un.,"9,99 €","9,99 €/Unidade"
Gronola de aveia chocolate,Nestle,Embalagem de 300g,"5,09 €","5,30 €/Kg"
Leite e cereais 8 cereais e mel +6 meses,Cerelac,Garrafa de 400 ml,"4,49 €","4,49 €/Kg"
Bebida aveia sem açúcar,Alpro,Embalagem de 1 l,"1,19 €","1,86 €/L"
Orégãos vaso aromáticas vivas,Aroma viva,Embalagem de 1 unidades,"1,35 €","1,35 €/Unidade"
Papel Higiénico Original 2 folhas,Scottex,Embalagem c/ 16 Rolos,"1,99 €","1,99 €/Unidade"
20 saquetas green framboesa/romã,Lipton,Embalagem de 30g,"44,50 €/Kg","44,50 €/Kg"
Queijo meio gordo fatias,Paiva,Embalagem de 180g,"1,56 €","7,80 €/Kg"
Pano limpa pó de flanela,PorSi,1 unidade,"1,79 €","1,79 €/Unidade"
Cola glitter perfumada,Mitama,21 g,"2,19 €","109,50 €/L"
Bolachas mini prince recheadas com chocolate,PRINCE,Embalagem de 160 g,"0,79 €","5,27 €/Kg"
Queijo 3 Igrejas Cura 2m Pimentão,Santiago,Vendido ao peso a partir de 250 gr,"2,00 €","7,99 €/Kg"
Pizza de bolonhesa,PorSi,Embalagem de 350g,"2,16 €","6,17 €/Kg"
Creme culinário soja,PorSi Viva Bem,Embalagem de 200 ml,"3,99 €","26,60 €/L"
"Pensos diários, maxi, 40 unidades",Evax,Uma embalagem,"2,99 €","2,99 €/Unidade"
10 nuggets de frango com cereais integrais,Capitão Iglo,Embalagem de 208 g,"2,34 €","7,31 €/Kg"
Cereais fitness chocolate,Nestle,Embalagem de 380g,"5,09 €","5,30 €/Kg"
Spray tira nódoas,Kh 7,Garrafa de 750 ml,"3,99 €","5,70 €/L"
Molho bechamel,Parmalat,Embalagem de 200 ml,"0,75 €","3,75 €/L"
Papa infantil para preparar com leite +6 meses,Cerelac,Embalagem de 250g,"4,49 €","4,49 €/Kg"
"Jogo ""Fake?""",Clementoni,1 unidade,"11,99 €/Unidade","11,99 €/Unidade"
Rebuçados cristais de neve,PorSi,Embalagem de 250g,"1,15 €","4,60 €/Kg"
Alheira Extra Trás os Montes,PorSi,"Vendido ao peso, 1un= 200 gr (aprox.)","2,35 €","13,06 €/Kg"
Groselha,ALBERGARIA,Garrafa de 1 l,"4,89 €","6,61 €/L"
Iogurte líquido morango/banana,PorSi,Embalagem de 4 x 160 g,"1,17 €","1,83 €/Kg"
Batata frita light,Lay's,Embalagem de 140g,"0,95 €","6,33 €/Kg"
Creme de coentros sem batata,PorSi,Embalagem de 400 g,"1,19 €","2,98 €/Kg"
Luvas Descartáveis Colors 50 P/M,Vileda,,"4,29 €","4,29 €/Unidade"
Whisky caskmates,Jameson,Garrafa de 700 ml,"19,99 €","19,99 €/L"
Lasanha bolonhesa,Iglo,Embalagem de 300g,"3,53 €","8,83 €/Kg"
Champô 3 em 1 karpex,Vanish,950 ml,"1,49 €","1,99 €/L"
Refrigerante s/ gás flórida,Sunny d,"Garrafa de 1,25 l","1,35 €","0,90 €/L"
Sobremesa de Arroz Doce,PorSi,Embalagem 2X135G,"0,55 €","2,75 €/Kg"
Animais Selvagens,Discovery Channel,set 30 peças,"11,99 €","11,99 €/Unidade"
Néctar clássico pêssego,Compal,200 ml,"0,99 €","0,99 €/L"
Ambientador spray de lavanda,Air Wick,Garrafa de 240 ml,"0,99 €","3,30 €/L"
Super Cola 3 Mini Trio Power Flex,Loctite,Embalagem de 3x1 g,"2,59 €","86,33 €/Kg"
Bolachas cream cracker,PorSi,Embalagem de 200g,"0,39 €","3,12 €/Kg"
Champanhe Monopole Blue Brut,Heidsieck,"Garrafa de 0,75L","34,99 €","46,65 €/L"
Veiculo Hot wheels,Hot Wheels,1 unidade,"2,29 €","2,29 €/Unidade"
Gogo SqueeZ Snack Morango,Gogo,Embalagem de 4 x 90g,"2,29 €","6,94 €/L"
Creme Rosto Dia Pele Mista Antirrugas Q10 Plus,Nivea,Embalagem de 50 ml,"2,99 €","59,80 €/L"
Snack gato sticks carne 6x5g porsi,PorSi,Embalagem de 30g,"0,99 €","16,50 €/Kg"
Bebida espirituosa,1920,Garrafa de 1 l,"14,99 €","14,99 €/L"
Adoçante em pó stevia,PorSi Viva Bem,Embalagem de 17g,"5,99 €","23,96 €/Kg"
Caramelos de fruta multisabor single,Sugus,Embalagem de 50g,"1,10 €","4,40 €/Kg"
Cola universal,Uhu,Embalagem de 20 ml,"2,19 €","109,50 €/L"
Cerveja sem álcool,Cheers,Pack 6 x 0.33 l,"5,99 €","3,03 €/L"
Gomas tijolos ácidos,PorSi,Embalagem de 300 g,"0,89 €","8,90 €/Kg"
Gelatina pronta a comer light 10 kcal morango,Royal,Embalagem de 4 x 100 g,"0,85 €","2,13 €/Kg"
Soja líquido frutos exóticos,PorSi Viva Bem,Embalagem de 4 x 150 ml,"2,36 €","3,93 €/L"
Sortido,Cuetara,Embalagem de 210g,"6,83 €/Kg","6,83 €/Kg"
"Pasta dentífrica, proteção branqueador",Labell,Embalagem de 75 ml,"2,29 €","38,17 €/L"
Dentífrico júnior 7 a 12 anos,Colgate,Embalagem de 50 ml,"1,05 €","1,05 €/Unidade"
"Anti-calcário, máquina roupa, gel",Calgon,"Garrafa de 1,5 l","13,99 €","3,29 €/L"
8 rissóis de carne,PorSi,Embalagem de 300g,"2,99 €","9,97 €/Kg"
Bloco sanitário com suporte azul,WC Pato,Embalagem de 40 g,"2,99 €","74,75 €/Kg"
Lombo s/ Osso,Porco,Vendido ao peso a partir de 1 kg,"1,00 €","3,98 €/Kg"
Mistura de sementes,PorSi Viva Bem,Embalagem de 200 g,"1,59 €","10,60 €/Kg"
Mistura solúvel bolero,Nestle,Embalagem de 200g,"1,64 €","6,56 €/Kg"
Delta cappuccino 10x14g,Delta,Embalagem de 140g,"3,19 €","25,52 €/Kg"
Água s/ gás,Luso,"Garrafa de 5,4 l","1,04 €","0,17 €/L"
Doce arando e mirtilo,ST.DALFOUR,Frasco de 284g,"2,19 €","9,95 €/Kg"
Farinha para bolos fina,Branca de Neve,Embalagem de 1 kg,"1,99 €","1,99 €/Kg"
Recargas ambientador elétrico romantic vanilla bloss...,Glade,Embalagem de 2 x 20 ml,"5,99 €","23,96 €/L"
Aperitivos  fritos,Fritos,Embalagem 130G,"0,74 €","7,40 €/Kg"
Cola apanha ratos,Neolar,Embalagem de 200 ml,"4,39 €","10,98 €/L"
Água c/ Gás Ananás,Frize,pack 4 x 0.25 l,"2,85 €","2,85 €/L"
Vinagre balsâmico branco,Gallo,Garrafa de 250 ml,"0,35 €","0,70 €/L"
Polvo limpo,PorSi,Embalagem de 800 g,"5,49 €","6,86 €/Kg"
Azeite virgem extra,Ouro elvas,Garrafa de 750 ml,"3,19 €","4,25 €/L"
Molho bechamel,PorSi,Embalagem de 200g,"0,70 €","2,33 €/Kg"
Crackers s/ sal superficie,GRAN PAVES,Embalagem de 560g,"0,39 €","3,12 €/Kg"
Leite com chocolate,PorSi,Embalagem de 200 ml,"0,26 €","1,30 €/L"
"Gel cabelo, hard cement",Fru style,Embalagem de 200 ml,"3,99 €","53,20 €/L"
Lixívia Denso-Activa Tradicional p/ Casa e Roupa,Neoblanc,Embalagem de 2 l,"1,74 €","0,35 €/L"
Esparguete,PorSi,Embalagem de 1 kg,"0,89 €","1,78 €/Kg"
Azeite virgem extra reserva,Gallo,Garrafa de 750 ml,"3,19 €","4,25 €/L"
Mel de néctar multifloral bio,PorSi Bio,Frasco de 250g,"4,89 €","9,78 €/Kg"
Água sem gás,Vitalis,Garrafa de 0.5 l,"1,04 €","0,17 €/L"
Renovador de Camurça em Spray Castanho,Búfalo,Embalagem de 250 ml,"6,19 €","24,76 €/L"
Café em grão,Delta,Embalagem de 250g,"9,16 €/Kg","9,16 €/Kg"
Palitos super finos,PorSi,Embalagem de 85 unidades,"1,29 €","1,29 €/Unidade"
Tostas suecas de trigo,PorSi,Embalagem de 225 g,"2,39 €","6,83 €/Kg"
Alimento para cão adulto alta energia,HappyOne,Embalagem de 10 kg,"12,95 €","3,24 €/Kg"
Pipetas repelente para cão,Repul' 7,Embalagem de 1 unidades,"19,99 €","19,99 €/Unidade"
"Refrigerante sem gás, frutos tropicais",FRESKY,"Embalagem de 4x0,20 l","1,35 €","0,90 €/L"
Bombons Quality Street,Nestlé,Embalagem de 265 g,"18,76 €/Kg","18,76 €/Kg"
Bolachas recheadas com morango e cheesecake,Oreo,Embalagem de 150g,"1,49 €","9,68 €/Kg"
Tosta integral,Diatosta,Embalagem de 510 g,"1,34 €","5,96 €/Kg"
Fita adesiva,PorSi,5m x 1.25 cm,"2,86 €","2,86 €/Unidade"
"Recarga ambientador eléctrico, alfazema",PorSi,Embalagem de 25 ml,"5,99 €","23,96 €/L"
Mistolin tira-nódoas,Mistolin,Garrafa de 500 ml,"1,49 €","1,99 €/L"
Pão de leite 8 un.,Bimbo,Embalagem de 280g,"7,40 €/Kg","7,40 €/Kg"
Bolachas com geleia de framboesa,Chabrior,Embalagem de 150 g,"1,77 €","5,53 €/Kg"
Bolacha digestiva de aveia/chocolate,Gullon,Embalagem de 430g,"0,98 €","3,27 €/Kg"
Aveia instantânea em pó 1250 g bolacha,Prozis,"Embalagem de 1,25 kg","1,09 €","2,73 €/Kg"
Queijo de mistura curado,Seia,Embalagem de 250g,"4,49 €","17,96 €/Kg"
Soja nacos,PorSi Viva Bem,Embalagem de 400 g,"2,09 €","8,36 €/Kg"
Biscoitos allumettes,Du Bois de la Roche,Embalagem de 135 g,"0,69 €","3,45 €/Kg"
Queijo Curado Meio Gordo,Fonte Mourisca,Vendido ao peso a partir de 250 gr,"3,00 €","11,99 €/Kg"
Café moído torrado aroma originale,Belissimo,Embalagem de 200g,"9,16 €/Kg","9,16 €/Kg"
Brócolos congelados,PorSi,Embalagem de 1 kg,"1,89 €","1,89 €/Kg"
Pão de forma s/ côdea,Bimbo,Embalagem de 650 g,"0,99 €","1,65 €/Kg"
Lion barra cereais  25g,Nestle,Embalagem de 150g,"1,29 €","10,24 €/Kg"
Lima-limao zero,PorSi,Garrafa de 1.5 l,"0,40 €/L","0,40 €/L"
Bagas de goji,Salutem,Embalagem de 100g,"1,09 €","2,73 €/Kg"
Crazy Chic Mala de Maquilhagem,Clementoni,1 unidade,"11,99 €","11,99 €/Unidade"
Alimento seco para gato steril,HappyOne,Embalagem de 2 kg,"12,99 €","4,33 €/Kg"
Caramelos de leite,Penha,Embalagem de 250g,"2,75 €","11,00 €/Kg"
Algodão zig zag pré-cortado,PorSi,Embalagem de 50 g,"2,86 €","2,86 €/Unidade"
Água com gás natural pet,P.salgadas,pack 6 x 0.33 l,"2,85 €","2,85 €/L"
Vinho do Porto Branco,Velhotes,"Garrafa de 0,75 l","11,99 €","15,99 €/L"
Folhado de Chocolate 60 g,PorSi,,"0,29 €","0,29 €/Unidade"
Sal cristal,PorSi,embalagem de 1 kg,"0,25 €","0,25 €/Kg"
Café solúvel clássico,Nescafe,Embalagem de 200g,"14,50 €/Kg","14,50 €/Kg"
Sidra,Kings Bräu,Pack 6 x 0.33 l,"1,59 €","3,18 €/L"
Topping chocolate belga,Branca de neve,Embalagem de 390g,"1,06 €","5,30 €/Kg"
Queijo ralado mix 3 queijos,PorSi,Embalagem de 200 g,"7,45 €/Kg","7,45 €/Kg"
10 saquetas chá frutos vermelhos,Lipton,Embalagem de 10g,"44,50 €/Kg","44,50 €/Kg"
Tira Nódoas em Pó Cores,Skip,1 kg,"3,99 €","5,70 €/L"
Vinho branco bag-in-box,Capataz,Embalagem de 5 l,"5,19 €","1,04 €/L"
Café em cápsulas aqtivus,Delta Q,Embalagem de 55 g,"54,36 €/Kg","54,36 €/Kg"
5 gouaches de cores primárias,Domédia,Uma embalagem,"4,29 €","4,29 €/Unidade"
Refresco em pó de laranja,Tang,Embalagem de 30g,"0,75 €","18,75 €/Kg"
Lula limpa 20/40,PorSi,Embalagem de 800 g,"5,49 €","6,86 €/Kg"
Gel Cabelo Styling Creme Cabelo,Nivea,Embalagem de 150 ml,"5,99 €","14,98 €/L"
Amaciador  p/ roupa concentrado Aromaterapia,PorSi,Embalagem com 60 doses,"3,99 €","3,99 €/Unidade"
Faneca,Peixe do Dia,"Vendido ao peso, 1 un = 500 g (aprox.)","6,49 €/Kg","6,49 €/Kg"
Rhum com coco,Malibu,Garrafa de 700 ml,"17,49 €","24,99 €/L"
Pão forma com côdea,PorSi,Embalagem de 600g,"0,99 €","1,65 €/Kg"
Maionese top down,Hellmman's,Embalagem de 238 g,"0,70 €","2,33 €/Kg"
Bolachas crackers s/ sal,Du bois,Embalagem de 500g,"0,39 €","3,12 €/Kg"
Fiambre da pá fatiado,PorSi,200 g,"0,90 €","5,99 €/Kg"
Leite condensado magro,Nestle,Embalagem de 390g,"1,09 €","2,75 €/Kg"
Especialidade de soja natural,PorSi Viva Bem,Embalagem de 4 x 100 g,"2,36 €","3,93 €/L"
Arroz carolino,PorSi,Embalagem de 1 kg,"0,99 €","0,99 €/Kg"
Chá preto frutos vermelhos,PorSi,Embalagem de 40g,"41,67 €/Kg","41,67 €/Kg"
Estendal de roupa com abas resina,PorSi,20 metros,"0,89 €","0,89 €/Unidade"
Lixívia para roupa tradicional,Neoblanc,Embalagem de 1 l,"2,19 €","1,10 €/L"
Manjericão,PorSi,50 g,"0,99 €","19,80 €/Kg"
Feijão encarnado,PorSi,Embalagem de 820 g,"1,79 €","2,29 €/Kg"
Flocos de cereais com mel,PorSi,Embalagem de 750g,"2,99 €","3,99 €/Kg"
Bloco Sanitário Poder Activo Aqua,Sonasol,Embalagem de 50 g,"2,99 €","74,75 €/Kg"
"Frutapura pera, banana e alperce",Bledina,Embalagem de 85g,"2,29 €","6,94 €/L"
Pimenta preta grão,PorSi,Saqueta de 50 g,"0,25 €","0,25 €/Kg"
Marmelada com frutose,PorSi Viva Bem,Embalagem de 400g,"1,09 €","2,42 €/Kg"
Gelatina de morango,PorSi,Embalagem de 170g,"0,55 €","61,11 €/Kg"
Monopoly super maus perdedores,Monopoly,,"6,99 €","6,99 €/Unidade"
Pensos diários respirare,Carefree,embalagem com 20 unidades,"2,99 €","2,99 €/Unidade"
Maria integral sem glúten,Gullon,Embalagem de 400 g,"2,69 €","17,93 €/Kg"
Aditivo gasolina sem chumbo,Redex,Embalagem de 250 ml,"4,99 €","19,96 €/L"
Lanche Misto,Pastelaria do Dia,1 unidade= 115 g,"0,99 €","0,99 €/Unidade"
Bolachas com recheio baunilha,PorSi,Embalagem de 500g,"2,15 €","2,87 €/Kg"
Açúcar mascavado claro,Rar,Embalagem de 500 g,"1,49 €","1,49 €/Kg"
Queijo fleur dange,Páturages,Embalagem de 200 g,"2,61 €","13,05 €/Kg"
"Limpa vidros, azul",PorSi,Embalagem de 5 l,"3,99 €","0,80 €/L"
Milho partido,Rac.zezere,Embalagem de 5 kg,"4,19 €","0,84 €/Kg"
"Mistura de couve flor, brócolos e cenoura",PorSi,Embalagem de 1 kg,"1,89 €","1,89 €/Kg"
Leite uht sem lactose magro,PorSi Viva Bem,1 litro,"0,99 €","0,99 €/L"
"Vinho branco região da península de setúbal, bag in ...",Dom Campos,Garrafa de 5 l,"9,49 €","1,90 €/L"
Iogurte Pedaços Ananás 0% Matéria Gorda/Açúcares,Danone,4 x 120 g,"4,36 €","2,18 €/Kg"
Pensos Incontinência Homem Men Diário,Tena,14 un.,"1,95 €","1,95 €/Unidade"
Toalhitas limpa vidros,Cif,20 unidades,"3,19 €","6,38 €/L"
Chispalhada,PorSi,Embalagem de 420 g,"2,35 €","5,60 €/Kg"
Salada de Marisco,*,Embalagem de 700 g,"4,99 €","6,24 €/Kg"
Saqueta de puré de fruta | maçã + pera,PorSi,90 g,"0,74 €","8,22 €/Kg"
Preparado para arroz de marisco,Brasmar,Embalagem de 450 g,"1,91 €","4,78 €/Kg"
Tira verniz,Labell,Embalagem de 200 ml,"2,49 €","41,50 €/L"
Tira gorduras dia a dia,Mistolin,Garrafa de 750 ml,"1,29 €","1,72 €/L"
Desentupidor gel turbo com lixívia,Destop,Garrafa de 1 l,"4,89 €","6,52 €/L"
Vinho maduro branco,Casal da eira,Embalagem de 250 ml,"0,69 €","2,76 €/L"
"Hamburgers de porco, 4x80g",PorSi,Embalagem de 320 g,"2,34 €","7,31 €/Kg"
Queijo curado mistura,PorSi,190 g,"4,49 €","17,96 €/Kg"
Kit de viagem,Colgate,pasta dentífrica + escova,"2,29 €","38,17 €/L"
Creme Depilatório Men Peles Sensíveis,Veet,Embalagem de 200 ml,"6,99 €","6,99 €/Unidade"
Pilha alcalina classic lr03x8,Domédia,1 unidade,"1,49 €","1,49 €/Unidade"
Café moagem normal: original,Buondi,Embalagem de 220g,"9,76 €/Kg","9,76 €/Kg"
Leite UHT Meio Gordo,PorSi,1 l,"0,81 €","0,81 €/L"
15 barrinhas pescada,Pescanova,Embalagem de 450g,"14,95 €/Kg","14,95 €/Kg"
Balões latex rosa,PorSi,Embalagem com 24 unidades,"1,69 €","1,69 €/Unidade"
Dobrada com feijão,Nobre,Embalagem de 420g,"2,35 €","5,60 €/Kg"
Pré-lavagem power gel,Vanish,Garrafa de 200 ml,"13,99 €","3,29 €/L"
Dentifríco p/ Dentes de Leite,Aquafresh,Embalagem de 50 ml,"1,05 €","1,05 €/Unidade"
Rolo papel cozinha branco compacto,PorSi,Embalagem de 4 unidades,"4,99 €","4,99 €/Unidade"
Néctar vital equilibrio manga/laranja,Compal,Embalagem de 1 l,"0,84 €","2,55 €/L"
Arroz de pato,PorSi,Embalagem de 250 g,"2,99 €","11,96 €/Kg"
Iogurtes aroma 4 de morango + 4 de banana,PorSi,Embalagem de 8x125g,"1,87 €","1,25 €/Kg"
Monopoly super maus perdedores,Monopoly,,"24,99 €/Unidade","24,99 €/Unidade"
Danacol natural,Danone,Embalagem de 6 x 100 g,"4,15 €/Kg","4,15 €/Kg"
Chupa clássico,Chupachups,Embalagem de 10g,"3,40 €","28,33 €/Kg"
Ganchos Perfumados Lavanda,Raid,2 unidades,"5,99 €","176,18 €/Kg"
Queijinhos mini,Babybel,Embalagem de 240g,"0,82 €","23,43 €/Kg"
Maionese magra em frasco,Hellmman's,Embalagem de 460g,"0,70 €","2,33 €/Kg"
Sobremesa danette baunilha,Danone,Embalagem de 4 x 125 g,"1,19 €","2,59 €/Kg"
Gelado viennetta morango,Olá,Embalagem de 650 ml,"5,49 €","6,10 €/L"
Lata de Brilho Incolor,Búfalo,Embalagem de 75 ml,"0,99 €","19,80 €/L"
Café torrado classic universal,Delta,Embalagem de 250g,"9,16 €/Kg","9,16 €/Kg"
Papa infantil não láctea 8 cereais e mel +6 meses,Cerelac,Embalagem de 250g,"4,49 €","4,49 €/Kg"
Balões latex mistos,PorSi,Embalagem com 24 unidades,"1,69 €","1,69 €/Unidade"
Cereais estrelitas,Nestle,Embalagem de 550g,"5,07 €/Kg","5,07 €/Kg"
Bolo recheio de chocolate multipack,Chipicao,Embalagem de 230g,"2,05 €","5,13 €/Kg"
Toalhitas para bebé melão,PorSi,Embalagem de 60 unidades,"1,09 €/Unidade","1,09 €/Unidade"
Bombons de Chocolate Leite,Merci,Embalagem de 250 g,"18,76 €/Kg","18,76 €/Kg"
Café torrado lote chávena saco,Delta,Embalagem de 250g,"9,16 €/Kg","9,16 €/Kg"
"Salsichas bockwurst em frasco, 8 unidades",Izidoro,Embalagem de 400g,"0,75 €","3,75 €/Kg"
Batata frita light,PorSi,Embalagem de 150g,"0,95 €","6,33 €/Kg"
Guardanapos 2 folhas brancos e dourado,PorSi Select,50 unidades,"1,29 €","1,29 €/Unidade"
Lava tudo brilhante madeiras,PorSi,Embalagem de 1.1 litros,"0,99 €","0,50 €/L"
Bola Unicórnio 50 cm,Mondo,1 unidade,"2,99 €","2,99 €/Unidade"
Néctar de pêssego,PorSi,Pack 3 x 200 ml,"0,99 €","0,99 €/L"
Sobremesa gelatina de ananás,PorSi,Embalagem 4X100G,"0,85 €","2,13 €/Kg"
Queijo Ovelha Curado,PorSi,Vendido ao peso a partir de 250 g,"3,73 €","14,90 €/Kg"
Barras de cereais com chocolate preto,PorSi,6 x 23 g,"1,29 €","10,24 €/Kg"
Queijo mozzarella ralado,PorSi,Embalagem de 200 g,"7,45 €/Kg","7,45 €/Kg"
Leite de coco bio,PorSi Bio,400 ml,"1,57 €","15,70 €/Kg"
Massa quebrada margarina,PorSi,Embalagem de 230 g,"0,99 €","4,30 €/Kg"
Tinta Plástica Branca,Marilina,Embalagem de 15 l,"13,99 €","0,93 €/L"
Elixir total proteção placa bacteriana,Colgate,500 ml,"5,99 €","11,98 €/L"
"Formas de alumínio rectangulares com tampa, 600ml , ...",PorSi,Uma embalagem,"1,11 €","1,11 €/Unidade"
Dinos cookienss 185g                 *10,Artiach,Embalagem de 190g,"1,89 €","15,75 €/Kg"
Adoçante com doseador,PorSi,Embalagem 100 comprimidos,"5,99 €","23,96 €/Kg"
Legumes verdes para sopa,PorSi,Embalagem de 1 kg,"1,89 €","1,89 €/Kg"
Cogumelo branco,*,Embalagem de 300g,"1,79 €","5,97 €/Kg"
Pack de 3 lâmpadas 6W LED E14,BDC,1 embalagem,"4,99 €","4,99 €/Unidade"
Desentupidor express gel elimina odores,Destop,1 litro,"4,89 €","6,52 €/L"
Caldeirada de peixe ultracongelada,Brasmar,Embalagem de 700g,"1,91 €","4,78 €/Kg"
Nestum Mel,Nestlé,Embalagem de 3x300g,"4,49 €","4,49 €/Kg"
Sapateira Cozida,Marisco Fresco,Pescado no mar,"13,59 €","16,99 €/Kg"
Mousse de chocolate preto,Páturages,Embalagem de 4x60 g,"1,19 €","2,59 €/Kg"
"Escova de dentes, proteção global média, 2 unidades",Labell,Uma embalagem,"3,49 €","3,49 €/Unidade"
Lambrusco bianco,*,Garrafa de 750 ml,"1,99 €","2,65 €/L"
Spray casa de banho brilhante,Sonasol,Embalagem de 500 ml,"0,99 €","0,50 €/L"
Manga Avião,Fruta do Dia,1 un=500 gr (aprox.),"2,25 €","4,49 €/Kg"
Queijo são jorge dop,PorSi Select,Embalagem de 400g,"3,00 €","11,99 €/Kg"
Cubos de bacon,Porminho,Embalagem de 2x75 g,"1,39 €","17,38 €/Kg"
Mix de frutas para smothie,PorSi,Embalagem de 450 g,"4,99 €","9,98 €/Kg"
Chocolate Branco Milkybar,Nestle,Embalagem de 100g,"5,80 €/Kg","5,80 €/Kg"
Feijão branco,Compal,Lata de 410 ml,"1,79 €","2,29 €/Kg"
"Espumante cava bruto, reserva",Freixenet,Garrafa de 750 ml,"7,99 €","10,65 €/L"
Papel higiénico reciclado 2 folhas,PorSi,12 rolos,"1,99 €","1,99 €/Unidade"
Tarteletes com recheio morango,PorSi,Embalagem de 96g,"1,49 €","9,68 €/Kg"
Ovos Frescos Classe M,PorSi,12 unidades,"2,19 €","2,19 €/Unidade"
Couve de bruxelas,PorSi,Embalagem de 750 g,"1,89 €","1,89 €/Kg"
Chocolate culinário 70% cacau,Pantagruel,Embalagem de 200g,"1,04 €","8,32 €/Kg"
Doce extra castanha,Bonnemaman,Embalagem de 370g,"2,19 €","9,95 €/Kg"
20 saquetas chá de limão,Lipton,Embalagem de 40g,"44,50 €/Kg","44,50 €/Kg"
Creme vegetal soja,Planta,Embalagem de 250 gr,"5,40 €/Kg","5,40 €/Kg"
Marcadores para colorir,Domédia,embalagem com 18 unidades,"4,69 €","4,69 €/Unidade"
Bebida de Aveia,PorSi Viva Bem,1 l,"1,59 €","1,59 €/L"
Cacau em pó,Pantagruel,Embalagem de 130g,"1,04 €","8,32 €/Kg"
Bolachas cookies 0% açúcares,Artiach,Embalagem de 120 g,"0,90 €","6,00 €/Kg"
Salada de fruta em calda,PorSi,Lata com 820 g,"1,99 €","2,37 €/Kg"
Receita caseira de bolonhesa,Nobre,Embalagem de 420g,"2,35 €","5,60 €/Kg"
Penso de incontinência maxi,Ausonia Discreet,Embalagem de 8 un.,"1,95 €","1,95 €/Unidade"
Robalo de Viveiro,Programa Origens,1 un= 400 gr (aprox.),"6,49 €/Kg","6,49 €/Kg"
Leite pastagem uht terra nostra inteiro,Terra Nostra,Garrafa de 1 l,"1,19 €","1,19 €/L"
Biscoitos sem glúten,Gullon,Embalagem de 200 g,"2,69 €","17,93 €/Kg"
Recarga p/ ambientador automático freshmatic flor de...,Air Wick,Embalagem de 250 ml,"5,99 €","23,96 €/L"
50 nuggets de frango,Capitão Iglo,Embalagem de 1042g,"2,34 €","7,31 €/Kg"
"Iogurte pedaços, frutimax muesli",PorSi,Embalagem de 4 x 125 g,"4,36 €","2,18 €/Kg"
Tamaras,PorSi,Embalagem de 200g,"1,79 €","3,58 €/Kg"
Doce morango 284g,ST.DALFOUR,Frasco de 284g,"2,19 €","9,95 €/Kg"
Cocktail melão,Bar Royal,Garrafa de 750 ml,"11,99 €","11,99 €/L"
Queijo fresco ligth,PorSi,Embalagem de 4 x 62.5 g,"2,39 €","19,92 €/Kg"
Bebé,Vicam,c/ Acessórios Médico,"11,99 €","11,99 €/Unidade"
"Vela com número, nº 7",PorSi,1 unidade,"0,60 €","0,60 €/Unidade"
Feijão Verde,Legumes do Dia,1 un = 250 gr  (aprox.),"0,67 €","2,69 €/Kg"
Fruta para bebé maçã cenoura manga +6 meses,Nestle,Embalagem de 90g,"0,74 €","8,22 €/Kg"
Conjunto Sensuelle,Coquette,EAU DE TOILETTE 100 ML + R-ON 10 ML,"9,99 €","9,99 €/Unidade"
Bebida láctea crescimento c/ bolacha maria,Nestle,Embalagem de 1 litro,"0,26 €","1,30 €/L"
Leite seleccionado magro,Matinal,Garrafa de 1 l,"0,81 €","0,81 €/L"
Tira nódoas em spray cores,Neoblanc,Embalagem de 700 ml,"3,99 €","5,70 €/L"
Creme Facial Depilatório,Veet,Embalagem de 2x50 ml,"6,99 €","6,99 €/Unidade"
Discos Sanitários Activos Aparelho Marinho,WC Pato,Embalagem de 36 ml,"2,99 €","74,75 €/Kg"
Morcela de Trás os Montes,PorSi,"Vendido ao peso, 1 un = 200 gr (aprox.)","2,35 €","13,06 €/Kg"
Amaciador roupa concentrado lírios e morango,PorSi,60 doses,"3,99 €","3,99 €/Unidade"
"Comida húmida para cão vaca, frango e borrego",Friskies,Embalagem de 12 x 100 g,"0,75 €","2,50 €/Kg"
Iogurte sabor pêssego morango e manga,Danone,Embalagem de 8 x 120 g com 1 grátis,"1,87 €","1,25 €/Kg"
Polvo limpo,PorSi,Embalagem de 1 kg,"5,49 €","6,86 €/Kg"
Bacalhau espiritual,PorSi,Embalagem de 300g,"1,91 €","4,78 €/Kg"
Açúcar areado amarelo,Rar,Embalagem de 1kg,"1,49 €","1,49 €/Kg"
Ambientador arbremagique pinho,Arbre Magique,1 unidade,"1,99 €","1,99 €/Unidade"
Cebola,Programa Origens,1 un = 250 gr  (aprox.),"0,27 €","1,09 €/Kg"
Feijão verde,PorSi,Embalagem de 750 g,"1,89 €","1,89 €/Kg"
Lambrusco rosé,Sorbello,Garrafa de 0.75 l,"1,99 €","2,65 €/L"
Shampô azul concentrado,PorSi,Embalagem de 1 l,"3,99 €","0,80 €/L"
Farinha de milho 500g,ESPIGA,Embalagem de 500g,"1,99 €","1,99 €/Kg"
Alho-francês,PorSi,Embalagem de 750 g,"1,89 €","1,89 €/Kg"
Vinho regional península de setúbal branco,J.m.f.,Garrafa de 750 ml,"4,99 €","6,65 €/L"
Gelatina de melancia,Koala,Embalagem de 130g,"0,85 €","2,13 €/Kg"
"Creme para mãos, caixa familiar",Nivea,Embalagem de 250 ml,"2,49 €","41,50 €/L"
Sistema microfibras com pedal,Vileda,1 unidade,"0,89 €","0,89 €/Unidade"
Ração para gato júnior com frango,Purina One,Embalagem de 800 g,"12,99 €","4,33 €/Kg"
Yopro líquido manga,Danone,Embalagem de 300g,"1,17 €","1,83 €/Kg"
20 saquetas chá detox,Lipton,Embalagem de 30g,"58,44 €/Kg","58,44 €/Kg"
Atum posta em óleo,General,Embalagem de 110g,"9,08 €/Kg","9,08 €/Kg"
Limpa Máquina Loiça Regular,Finish,,"1,49 €","5,96 €/L"
Nestum zero espelta/aveia,Nestum,Embalagem de 250 g,"4,49 €","4,49 €/Kg"
Cocktail limão,Bar Royal,Garrafa de 750 ml,"7,99 €","10,65 €/L"
"Compal vital laranja, cenoura e manga",Compal,Garrafa de 200 ml,"0,99 €","0,99 €/L"
Bacalhau posta média,PorSi,Embalagem de 800g,"6,39 €","7,99 €/Kg"
Rebuçados peitorais,Dr.bayard,Embalagem de 100g,"0,77 €","3,85 €/Kg"
Barras de cereais forma clássica,PorSi,Embalagem de 126g,"1,29 €","10,24 €/Kg"
Leite Hidratante Delicadeza de Aveia,Ultra Suave,Embalagem de 400 ml,"12,48 €/L","12,48 €/L"
Nakis milho com chocolate negro,Bicentury,Embalagem de 91 g,"1,45 €","11,15 €/Kg"
Alimento lácteo banana +6 meses,Yogolino,Embalagem de 90g,"0,74 €","8,22 €/Kg"
Lixívia com detergente,PorSi,Embalagem de 2 l,"2,59 €","1,30 €/L"
Fósforos cozinha,Flamefast,Uma embalagem com 4 unidades,"1,29 €","1,29 €/Unidade"
Metades de pera em calda,PorSi,Lata de 820 g,"1,99 €","2,37 €/Kg"
Manteiga magra,PorSi,Embalagem de 250g,"1,69 €","6,76 €/Kg"
Bolachas com recheio de chocolate,PorSi,Embalagem de 500g,"2,15 €","2,87 €/Kg"
Luvas descartáveis extra long m/g,Vileda,10 unidade,"4,29 €","4,29 €/Unidade"
Xarope grenadine,Paquito,Garrafa de 750 ml,"4,89 €","6,61 €/L"
"Batata frita, receita camponesa",Lay's,Embalagem de 250g,"1,19 €","6,43 €/Kg"
Nestum aveia e morango,Nestum,Embalagem de 250g,"2,99 €","3,99 €/Kg"
Chip choco diet nature,Gullon,Embalagem de 130g,"0,90 €","6,00 €/Kg"
Queijo fresco petits suisses  40% mg,Páturages,Embalagem 6X60G,"1,05 €","1,86 €/L"
Marcadores para colorir,Domédia,embalagem com 18 unidades,"4,29 €","4,29 €/Unidade"
"Lenços de bolso, mentol, 10 unidades",Renova,Uma embalagem de 6x10,"0,89 €","0,89 €/Unidade"
"Acendalha branca, 32 cubos",PorSi,Uma embalagem,"0,75 €","0,75 €/Unidade"
"Jogo ""Fake?""",Clementoni,1 unidade,"24,99 €/Unidade","24,99 €/Unidade"
Leite uht meio gordo,Agros,Embalagem 1L,"0,81 €","0,81 €/L"
Bolacha vitalday frutos vermelhos,Gullon,Embalagem de 240g,"2,82 €","9,40 €/Kg"
8 hamburguers s/ glúten vaca,Capitão Iglo,Embalagem de 640g,"2,34 €","7,31 €/Kg"
Caramelos de nata,PorSi,Embalagem de 250g,"2,75 €","11,00 €/Kg"
Forra livros,Mab,,"0,89 €","0,89 €/Unidade"
Leite creme,PorSi,Embalagem de 4x23g,"2,99 €","6,80 €/Kg"
Bio miolo amendoa compele,PorSi Bio,Embalagem de 100g,"1,57 €","15,70 €/Kg"
Molho inglês,Savora,Garrafa de 120 ml,"0,70 €","2,33 €/Kg"
Creme vegetal para culinária,PorSi,Embalagem de 1 kg,"2,89 €","2,89 €/Kg"
Vinho doc dão tinto,Grao vasco,Garrafa de 750 ml,"3,99 €","5,32 €/L"
Tira Nódoas Spray a Seco,Iberia,Embalagem de 200 ml,"3,99 €","5,70 €/L"
Spray limpeza casa de banho,Cillitbang,Embalagem de 500 ml,"1,49 €","1,99 €/L"
Cereais cookie crisp,Nestle,Embalagem de 380g,"5,07 €/Kg","5,07 €/Kg"
Palito la reine,PorSi,Embalagem de 400 g,"0,69 €","3,45 €/Kg"
Queijo Curado kg,Castelões,1 un = 250 gr  (aprox.),"2,00 €","7,99 €/Kg"
"Toalhetes intimos protect, 15 unidades",Dystron,Uma embalagem,"2,99 €","2,99 €/Unidade"
Guardanapos Decorados,Scottex,Embalagem 50 Unidades,"1,29 €","1,29 €/Unidade"
Borracha para desenho técnico,Domédia,1 unidade,"4,29 €","4,29 €/Unidade"
Bloco Sanitário Ativo Lavanda,Sonasol,Embalagem de 50 g,"2,99 €","74,75 €/Kg"
Rebuçados mentho-lyus sem açúcar,Halls,Embalagem de 31 g,"0,77 €","3,85 €/Kg"
Esfregão de Teflon,Fino,1 unidade,"2,54 €","2,54 €/Unidade"
Azeite Virgem,Oliveira da Serra,Embalagem de 750 ml,"3,19 €","4,25 €/L"
Baguete de alho,Panike,Embalagem de 350g,"3,40 €/Kg","3,40 €/Kg"
Biscoito para Cão Mini Sticks,Purina One,Embalagem de 90 g,"0,94 €","5,22 €/Kg"
Vinho Rosé Regional Península de Setúbal,Catarina,Garrafa de 750 ml,"4,99 €","6,65 €/L"
Espumante tinto bruto,Alianca,Garrafa de 750 ml,"7,99 €","10,65 €/L"
"Fiambre extra, fatiado",PorSi,Embalagem de 200g,"0,90 €","5,99 €/Kg"
Bolacha dibus sharkies s/ glúten,Gullon,Embalagem de 250g,"2,69 €","17,93 €/Kg"
Conjunto Start,Maped,3 peças,"1,99 €","1,99 €/Unidade"
3 Pipetas de Repelente p/ Gato,Repul'7,1 unidade,"19,99 €","19,99 €/Unidade"
Caramelos de fruta,Penha,Embalagem de 100g,"1,10 €","4,40 €/Kg"
Twins,Gullon,pack 2 x 154 g,"1,49 €","9,68 €/Kg"
Pargo Mulato,Peixe do Dia,1un = 800 gr (aprox.),"6,49 €/Kg","6,49 €/Kg"
Manteiga c/sal,Terra Nostra,Embalagem de 250g,"1,69 €","6,76 €/Kg"
"Adesivo suave, pele sensivel",Hansaplast,1 unidade,"2,86 €","2,86 €/Unidade"
"Pasta de limpeza com oxigénio activo, 48 unidades",Polident,Uma embalagem,"9,79 €","122,38 €/Kg"
Vinagre de vinho tinto,Cristal,Garrafa de 500 ml,"0,35 €","0,70 €/L"
Ervilhas primavera 500g,Iglo,Embalagem de 500g,"1,89 €","1,89 €/Kg"
Batata frita rodelas,PorSi,Embalagem de 2x70g,"1,06 €","5,73 €/Kg"
"Paezinhos azeite, alho e salsa",PorSi,Embalagem de 160g,"2,39 €","6,83 €/Kg"
Leite condensado cozido,PorSi,Embalagem de 397 g,"1,09 €","2,75 €/Kg"
Cobertura de tartes,Vahine,Embalagem de 20g,"1,06 €","5,30 €/Kg"
Cola Universal,Uhu,Embalagem de 2x20ml,"2,19 €","109,50 €/L"
Sopa da pedra,PorSi,Embalagem de 420 g,"2,35 €","5,60 €/Kg"
Termómetro digital,PorSi,1 unidade,"5,24 €","5,24 €/Unidade"
Vinho doc douro tinto,Papa Figos,Garrafa de 0.75 l,"6,49 €","8,65 €/L"
Queijo ilha ralado,PorSi,Embalagem de 200g,"7,45 €/Kg","7,45 €/Kg"
Semente papoila,Salutem,Embalagem de 125g,"1,09 €","2,73 €/Kg"
Café torrado 5 estrelas moagem normal,Sical,Embalagem de 250g,"9,16 €/Kg","9,16 €/Kg"
Galão,PorSi,16 cápsulas,"3,19 €","25,52 €/Kg"
Atum filete azeite biológico,Tenorio,Embalagem de 120g,"9,08 €/Kg","9,08 €/Kg"
Pensos clássicos,PorSi,100 unidades,"2,86 €","2,86 €/Unidade"
Folha de alumínio,Vileda,50 metros,"1,11 €","1,11 €/Unidade"
Lixívia Roupa delicada,PorSi,Embalagem de 2 l,"2,19 €","1,10 €/L"
Guardanapos Red Label 1 Folha |Verde,Renova,Dim: 30x32cm |70 unidades,"1,29 €","1,29 €/Unidade"
Snack dentabits 40g,Whiskas,Embalagem de 40g,"0,99 €","16,50 €/Kg"
Areia para gatos biodegradável vegetal,PorSi,Embalagem de 8 litros,"1,19 €","0,24 €/Kg"
Feijão com dobrada,PorSi,Embalagem de 420 g,"2,35 €","5,60 €/Kg"
Leite creme,Royal,Embalagem de 90g,"0,79 €","5,27 €/Kg"
Água Mineral Natural 100% Reciclada,Vitalis,Garrafa de 1.5 l,"1,04 €","0,17 €/L"
Spray desengordurante,Sonasol,Embalagem de 500 ml,"4,89 €","6,52 €/L"
"Sumo 100%, laranja",PorSi,"Embalagem de 1,5 l","1,09 €","0,73 €/L"
10 salsichas de porco em lata,PorSi,Embalagem de 250G,"0,75 €","3,75 €/Kg"
Inseticida Elétrico Melgas e Mosquitos 5 em 1,Dum Dum,1 unidade = 90 noites,"19,99 €","246,79 €/L"
Cogumelos Granel,Legumes do Dia,1 un = 200 gr (aprox.),"1,79 €","5,97 €/Kg"
Farinheira das beiras,PorSi,1 unidade = 730 g (aprox.),"2,35 €","13,06 €/Kg"
Pratos para pic nic 19 cm azuis,PorSi,Embalagem com 6 unidades,"1,99 €","1,99 €/Unidade"
Leite e cereais bolacha maria +6 meses,Cerelac,Garrafa de 400 ml,"4,49 €","4,49 €/Kg"
Café solúvel intenso,Delta,Embalagem de 100g,"14,50 €/Kg","14,50 €/Kg"
Sangria tinta,PorSi,Garrafa de 1.5 litros,"2,19 €","1,46 €/L"
Spray wc active clean wild,Ambipur,750 ml,"3,99 €","7,98 €/L"
Bolacha waffer bites avelã,Waferland,Embalagem de 125g,"0,98 €","4,67 €/Kg"
Resguardos de cama,PorSi,20 unidades de 60 x 90 cm,"4,99 €","4,99 €/Unidade"
Espuma de barbear para peles sensíveis,Labell Men,Embalagem de 250 ml,"1,16 €","4,64 €/L"
Sabonete alfazema de monte,Confianca,Embalagem de 125 g,"1,99 €","12,44 €/Kg"
Aperitivos tex mex,Doritos,Embalagem de 120g,"0,74 €","7,40 €/Kg"
Ambientador spray pure flor de cerejeira,PorSi,250 ml,"0,99 €","3,30 €/L"
Bacalhau desfiado,Pescanova,Embalagem de 400 g,"6,39 €","7,99 €/Kg"
"Palmilha de cortiça com latex, tamanho 40/41",Sonaf,1 unidade,"3,69 €","24,60 €/L"
Macarronete Massa Com Vegetais,Nacional,Embalagem de 500g,"0,89 €","1,78 €/Kg"
10 croquetes de carne,PorSi,Embalagem de 300 g,"2,99 €","9,97 €/Kg"
Guardanapos de 1 folha amarelos | dim.: 30 x 29 cm,PorSi,Embalagem com 70 unidades,"1,29 €","1,29 €/Unidade"
Mariscada,PorSi,Embalagem de 800g,"4,99 €","6,24 €/Kg"
Chouriça de Porco Bísaro,Prisca,Embalagem de 180 g,"2,35 €","13,06 €/Kg"
Uva Red Globe,Fruta do Dia,1 un = 250 gr  (aprox.),"0,75 €","2,99 €/Kg"
Farinha s/ fermento tipo 65,ESPIGA,Embalagem de 1 kg,"1,99 €","1,99 €/Kg"
Spray para vidros,PorSi,750 ml,"3,19 €","6,38 €/L"
Manteiga de amendoim crocante,Prozis,Embalagem de 500g,"3,99 €","7,98 €/Kg"
Ambientador Elétrico Lavanda e Aloe,Glade,1 unidade,"3,74 €","3,74 €/Unidade"
Milho tenro e doce,Bonduelle,Embalagem de 300 g,"1,79 €","2,29 €/Kg"
Limpa Vidros Cristal C/ Amónia,Ajax,Embalagem de 500 ml,"3,19 €","6,38 €/L"
Vinho verde branco alvarinho,Pbrejoeira,Garrafa de 0.75 l,"2,99 €","2,99 €/L"
Sopa de cozido,Knorr,Embalagem de 70g,"0,84 €","13,55 €/Kg"
Sopa de cebola económica,Knorr,Embalagem de 50g,"0,84 €","13,55 €/Kg"
Água mineral sem gás,Serra de Fafe,Embalagem de 6x0.5l,"1,04 €","0,17 €/L"
Bolacha infantil dinossaurus mini dino cereais,Artiach,Embalagem de 120g,"1,89 €","15,75 €/Kg"
Manteiga fácil de barrar,President,Embalagem de 250g,"1,69 €","6,76 €/Kg"
Presunto fatiado,PorSi,Embalagem de 200g,"2,79 €","13,95 €/Kg"
Mostarda de Dijon,PorSi Select,190 g,"0,70 €","2,33 €/Kg"
Sopa de agriao,PorSi,Embalagem de 400g,"1,19 €","2,98 €/Kg"
"Pensos, 20 unidades",Hansaplast,1 embalagem,"2,86 €","2,86 €/Unidade"
"Iogurte líquido yoggi, sem lactose, morango",Nestle,Embalagem de 4 x 160 g,"1,17 €","1,83 €/Kg"
Gelado carte d'or chocolate brownie,Olá,Embalagem de 900 ml,"5,49 €","6,10 €/L"
Pensos higiénicos liberty normal abas,Evax,Embalagem com 12 un.,"4,99 €","4,99 €/Unidade"
Bolachas digestive aveia e laranja,Gullon,Embalagem de 430g,"0,98 €","3,27 €/Kg"
Aperfeiçoador BB Cream Médio,Garnier,Embalagem de 50 ml,"2,99 €","59,80 €/L"
Vassoura Simples Pluma,PorSi,unidade,"2,20 €","2,20 €/Unidade"
Adoçante em pó stevia,PorSi Viva Bem,Embalagem de 250 g,"5,99 €","23,96 €/Kg"
Arroz vaporizado,Cigala,Embalagem de 1 kg,"0,99 €","0,99 €/Kg"
Asas de Frango,*,1 un = 100 gr (aprox.),"3,98 €","2,49 €/Kg"
Chocolate culinário,Nestle,Embalagem de 200g,"1,04 €","8,32 €/Kg"
Drageias de chocolate de leite,PorSi,200 g,"11,98 €/Kg","11,98 €/Kg"
Massa meada,PorSi,Embalagem de 500g,"0,89 €","1,78 €/Kg"
Iogurte activia natural,Danone,Embalagem de 4 x 120 g,"2,49 €","5,19 €/Kg"
Escova para calçado,Sonaf,1 unidade,"4,99 €","33,27 €/L"
Ritinha Gatinha e Caminha,Miss Concentra,1 unidade,"11,99 €","11,99 €/Unidade"
Massa alimentícia spaghetti,Barilla,Embalagem de 500g,"1,09 €","1,09 €/Kg"
Atum posta ao natural,Bom petisc,Embalagem de 120 g,"9,08 €/Kg","9,08 €/Kg"
Cenoura baby,PorSi,Embalagem de 400 g,"1,89 €","1,89 €/Kg"
Bolachas cream cracker,PorSi,Embalagem de 600g,"0,39 €","3,12 €/Kg"
Peito de peru,Salsicharia Limiana,"Vendido ao peso, fatiado","2,25 €","11,25 €/Kg"
Creme Depilatório Duche Men Peles Normais,Veet,Embalagem com 150 ml,"2,99 €","14,95 €/L"
Lustrante Pneus,PorSi,Embalagem de 1 l,"3,99 €","0,80 €/L"
Spray renova camurça preta,PorSi,Embalagem de 200 ml,"6,19 €","24,76 €/L"
Tablete de chocolate preto,Nestle,Embalagem de 130g,"16,67 €/Kg","16,67 €/Kg"
Bolacha maria,Cuetara,Embalagem de 3 x 200 g + 33% grátis,"2,11 €/Kg","2,11 €/Kg"
"Vinho rosé, região península de setúbal, bag in box",Dom Campos,Garrafa de 5 l,"9,49 €","1,90 €/L"
"Queijo light, mini",Babybel,Embalagem de 120g,"2,39 €","19,92 €/Kg"
Demaquilhante Dupla Ação,Nivea,1 embalagem de 125g,"0,76 €","0,76 €/Unidade"
Adoçante com doseador,PorSi,Embalagem de 66g,"5,99 €","23,96 €/Kg"
Biscoito para cão nuggets,Purina One,Embalagem de 90g,"0,94 €","5,22 €/Kg"
Alho moído,PorSi,Frasco com 45 g,"0,25 €","0,25 €/Kg"
Halls vita c morango sem açúcar,Halls,Embalagem de 32 g,"0,77 €","3,85 €/Kg"
Dentífrico Complete Elixir e Branqueador,Oral B,Embalagem de 75 ml,"2,29 €","38,17 €/L"
Chocolate culinário em pó,PorSi,Embalagem de 125 g,"1,04 €","8,32 €/Kg"
Compressas | dim.: 10 x 10 cm,PorSi,Embalagem com 100 unidades,"2,86 €","2,86 €/Unidade"
Bastão de Cola,Domédia,10 g,"1,35 €","1,35 €/Unidade"
Marmelada,Quinta de Jugais,Embalagem de 500g,"1,09 €","2,42 €/Kg"
Água s/ gás,Fastio,Garrafa de 1 l,"1,04 €","0,17 €/L"
Flocos de batata para puré,PorSi,Embalagem de 500g,"1,89 €","1,89 €/Kg"
Smarties mini chocolate,SMARTIES,Embalagem de 187g,"11,98 €/Kg","11,98 €/Kg"
Mistura solúvel mokambo,Nestle,Embalagem de 200g,"1,64 €","6,56 €/Kg"
Cenoura,PorSi,1 un = 100 gr  (aprox.),"0,79 €/Kg","0,79 €/Kg"
Ice tea limão,Lipton,Embalagem de 1L,"1,35 €","0,90 €/L"
"Lapiseira long life, 0,7 mm",Maped,"embalagem com 3 unidades, sortidas","2,69 €","2,69 €/Unidade"
Creme vegetal culinário,Vaqueiro,Embalagem de 250 g,"5,40 €/Kg","5,40 €/Kg"
"Bloco sanitário blue activ, eucalio",Sonasol,Embalagem de 50 g,"2,99 €","74,75 €/Kg"
Frango inteiro com miúdos,PorSi,Embalagem com 1.4 kg (aprox.),"3,98 €","2,49 €/Kg"
"Vinho Douro, Private Collection, Tinto",Selecção de Enófilos,Garrafa de 0.75 l,"4,99 €","6,65 €/L"
12 Preservativos Adapta Finíssimo,Control,,"3,99 €","3,99 €/Unidade"
Salsicha p/Churrasco,Carne Sorraia,1 Embalagem 300G,"2,09 €","9,95 €/Kg"
Bolacha maria ruca doses,Vieira,Embalagem de 300g,"1,89 €","15,75 €/Kg"
Bolachas choco mini estrelas,Milka,Embalagem de 190g,"2,15 €","2,87 €/Kg"
Diospiro de roer persimon | categoria: II,Fruta da Época,1 un = 250 gr  (aprox.),"2,29 €/Kg","2,29 €/Kg"
Mariscada,PorSi,Embalagem de 800g,"2,19 €","8,59 €/Kg"
Chalotas,Legumes do Dia,embalagem de 250 g (aprox.),"0,27 €","1,09 €/Kg"
Hamburguers de bovino,PorSi,Embalagem de 1 kg,"2,34 €","7,31 €/Kg"
Desinfetante p/ Roupa,Sanytol,embalagem com 500ml,"3,99 €","5,70 €/L"
Salsichas de porco,Nobre,Lata de 250g,"0,75 €","3,75 €/Kg"
Natas uht com cogumelos,Parmalat,Embalagem de 200 ml,"0,75 €","3,75 €/L"
50 Jogos Reunidos,Clementoni,1 unidade,"24,99 €/Unidade","24,99 €/Unidade"
Néctar light manga/laranja,Compal,330 ml,"0,84 €","2,55 €/L"
Vinagre de sidra pet,Paladin,Garrafa de 500 ml,"0,35 €","0,70 €/L"
Perolas perfumadas fresh,PorSi,Embalagem de 275 g,"13,99 €","3,29 €/L"
Queijo dop cura 12 meses,Sao jorge,Embalagem de 300g,"2,00 €","7,99 €/Kg"
Tampões Super Plus Compak Pearl,Tampax,16 unidades,"3,99 €","3,99 €/Unidade"
Posta Maruca Congelada,PorSi,Vendido ao peso a partir de 200 g (aprox.),"6,99 €","6,99 €/Kg"
Pescada África do Sul,Peixe Congelado,De 600g a 900g,"2,12 €","8,49 €/Kg"
Lava tudo limão verde,Cif,"Garrafa de 1,4 l","0,99 €","0,50 €/L"
Cobertura tábua de engomar,PorSi,Dim.: 130 x 47 cm,"4,00 €","4,00 €/Unidade"
5 folhas de gelatina incolor,PorSi,Embalagem de 9 g,"0,55 €","61,11 €/Kg"
Preparado para pão de ló,Branca de Neve,Embalagem de 440g,"2,99 €","6,80 €/Kg"
Pudim de baunilha,PorSi,Embalagem de 90g,"0,59 €","29,50 €/Kg"
"Luvas multiusos relevo antiderrapante, tamanho peque...",PorSi,Embalagem de 1 unidades,"4,29 €","4,29 €/Unidade"
Lava tudo lavanda,Cif,"Garrafa de 1,4 l","0,99 €","0,50 €/L"
Gel anti séptico deoprotect,Dystron,Garrafa de 400 ml,"2,99 €","11,96 €/L"
Luvas descartáveis extra long p/m,Vileda,10 unidade,"4,29 €","4,29 €/Unidade"
Biscoitos de cacau,PorSi,Embalagem de 750g,"0,69 €","3,45 €/Kg"
Pudim baunilha,Boca Doce,Embalagem de 20g,"0,59 €","29,50 €/Kg"
As minhas primeiras receitas - refeição legumes com ...,Nestle,Embalagem de 190g,"1,89 €","9,95 €/Kg"
Vinho rosé,C.mendes,Garrafa de 750 ml,"3,99 €","5,32 €/L"
Mel em frasco de vidro,Jorge v.f.,Embalagem de 500g,"4,89 €","9,78 €/Kg"
Bebida de soja de amêndoa,Alpro,Embalagem de 1 litro,"2,49 €","2,49 €/L"
Lixívia perfumada,PorSi,Embalagem de 5 l,"2,59 €","1,30 €/L"
Vinho doc alentejo tinto,T.bolotas,Garrafa de 0.75 l,"2,89 €","3,85 €/L"
Fruta para bebé maçã banana aveia +6 meses,Nestle,Embalagem de 90g,"0,74 €","8,22 €/Kg"
Sumo 100% maçã e frutos vermelhos,Compal,1 litro,"1,09 €","0,73 €/L"
Miolo camarao gig.15/30 250g,Pescanova,Embalagem de 250 g,"8,99 €","25,69 €/Kg"
Queijo mozzarella fatias,PorSi,Embalagem de 200 g,"1,56 €","7,80 €/Kg"
Nutripuffs de banana 8 meses s/ açúcar,Cerelac,Embalagem de 7g,"0,74 €","8,22 €/Kg"
Bolachas tosta rica,Cuetara,Embalagem de 570g,"1,89 €","15,75 €/Kg"
Mimosa bem especial leite e aveia,Mimosa,Embalagem de 1 litro,"0,99 €","0,99 €/L"
Bolachas digestivas go maçã,Triunfo,Embalagem de 170g,"0,98 €","3,27 €/Kg"
Manteiga magra,Mimosa,Embalagem de 250g,"1,69 €","6,76 €/Kg"
Coissant Folhado,*,50g,"0,29 €","0,29 €/Unidade"
Favas ultracongeladas,PorSi,Embalagem de 400g,"1,89 €","1,89 €/Kg"
Iogurte danacol de morango,Danone,Embalagem de 12 x 100 g,"4,15 €/Kg","4,15 €/Kg"
Água mineral sem gás,Serra de Fafe,"Embalagem de 6x0,33 l","1,04 €","0,17 €/L"
Aguarelas 30mm x 12,Giotto,1 unidade,"4,69 €","4,69 €/Unidade"
Minifresh-ambientador multiusos,Abelhinha,1 unidade,"1,99 €","1,99 €/Unidade"
Cubos pão trigo tostado,PorSi,Embalagem de 150g,"2,39 €","6,83 €/Kg"
Pudim de ovos alsa,Alsa,Embalagem de 220g,"0,59 €","29,50 €/Kg"
Gengibre,Legumes do Dia,1 un = 100 gr (aprox.),"0,67 €","2,69 €/Kg"
"Escova dentes, rotativa global, dura, 2 unidades",Labell,1 embalagem,"3,49 €","3,49 €/Unidade"
Molho bechamel,PorSi,Embalagem de 500 ml,"0,75 €","3,75 €/L"
Gelado magnum mini double chocolate e caramelo,Olá,Embalagem de 6 x 60 ml,"5,99 €","16,64 €/L"
Leite especial cálcio + vitamina d m/g,Mimosa,Garrafa de 1 l,"1,29 €","1,29 €/L"
Madalenas de Laranja,Brioxa,12 Unidades - Embalagem de 500 g,"2,05 €","5,13 €/Kg"
"Coloração permanente, louro claro, nº80",Nutrisse,1 unidade,"9,49 €/Unidade","9,49 €/Unidade"
Liquido abrilhantador castanho,PorSi,75 ml,"0,99 €","330,00 €/Kg"
Presunto S/Osso,Pata branca,"Vendido ao peso, fatiado a partir de 200 g","2,79 €","13,95 €/Kg"
Zero snack 35 g chocolate duplo,Prozis,Embalagem de 40g,"0,69 €","1,73 €/Kg"
Gomas favoritos pica,Haribo,Embalagem de 90g,"0,89 €","8,90 €/Kg"
Torta natas com cobertura de cacau,PorSi,Embalagem de 300g,"2,05 €","5,13 €/Kg"
Refrigerante sem gás laranja,Trina,"Garrafa de 1,5 l","1,35 €","0,90 €/L"
Vassoura Especial Lisa,PorSi,unidade,"2,20 €","2,20 €/Unidade"
Iogurte liquido proteína yopro baunilha/cookies,Yopro,300 g,"1,29 €","8,90 €/Kg"
Creme abrasivo ativo c/ lixívia,Cif,Garrafa de 700 ml,"0,99 €","0,99 €/L"
Sacos lixo eco 100 litros,PorSi,10 unidades,"1,79 €","1,79 €/Unidade"
Gressinos com sésamo,PorSi,Embalagem de 250 g,"2,39 €","6,83 €/Kg"
"Alimento húmido para gato júnior, carne",Whiskas,Embalagem de 400g,"3,49 €","10,26 €/Kg"
Coleira em nylon p/ cão  repelente 60cm,Repul' 7,Embalagem de 1 unidades,"19,99 €","19,99 €/Unidade"
"Queijo fundido, 24 porções",A Vaca Que Ri,Embalagem de 400g,"4,68 €","11,70 €/Kg"
Molho mad chips top down,Calve,Embalagem de 260g,"0,70 €","2,33 €/Kg"
Feijao verde redondo,PorSi,Embalagem de 400g,"1,89 €","1,89 €/Kg"
Espumante Super Reserva Bruto,Raposeira,Garrafa de 0.75 l,"7,99 €","10,65 €/L"
Piaçaba com suporte popular,Fapil,1 unidade,"2,20 €","2,20 €/Unidade"
Detergente manual de roupa,Omo,Embalagem de 540g,"2,19 €","5,48 €/Kg"
Iogurte mix-in chocapic,Nestle,Embalagem de 2 x 118 g,"1,05 €","1,86 €/L"
Pao ralado classico 200g,ESPIGA,Embalagem de 200g,"0,55 €","2,29 €/Kg"
"Cerveja com álcool, lata",Super Bock,Garrafa de 330 ml,"1,99 €/L","1,99 €/L"
Patas,Frango,1 un = 250 gr  (aprox.),"0,35 €","1,39 €/Kg"
Filetes de pescada,PorSi,Embalagem de 400 g,"4,39 €","10,98 €/Kg"
Plasticina Kids Cores Sortidas,Bic,Caixa c/ 6 un.,"2,19 €","109,50 €/L"
Snack Gato Anti Bolas de Pelo,PorSi,Embalagem 60 g,"0,99 €","16,50 €/Kg"
Desentupidor canos,Mr.muscle,Embalagem de 1 l,"4,89 €","6,52 €/L"
Double espresso go chill,Delta,Garrafa de 230 ml,"3,19 €","25,52 €/Kg"
Batata doce frita,PorSi,Embalagem de 150g,"1,06 €","5,73 €/Kg"
Queijo em cubos para saladas,PorSi,Embalagem de 150 g,"7,45 €/Kg","7,45 €/Kg"
Queijo Raclette Fatias,Páturages,Embalagem de 400 g,"1,56 €","7,80 €/Kg"
Ração para gato adulto com bacalhau e legumes,Friskies,Embalagem de 4 kg,"12,99 €","4,33 €/Kg"
Sumo florida,Sunny d,"Embalagem de 0,31 l","1,05 €","3,39 €/L"
Especialidade de soja chocolate,PorSi Viva Bem,Embalagem de 4 x 100 g,"2,36 €","3,93 €/L"
Bolachas mini prince recheadas com chocolate,PRINCE,Embalagem de 160 g,"1,89 €","15,75 €/Kg"
"Espuma cabelo, wet shine",Fru style,Embalagem de 200 ml,"3,99 €","53,20 €/L"
Snack para gato chezzy,Felix,Embalagem de 60g,"0,99 €","16,50 €/Kg"
Camarão 60/80,Congelado de Aquicultura,1 un = 250 gr  (aprox.),"2,00 €","7,99 €/Kg"
Luvas Universal Média/Grande,Vileda,1 unidade,"4,29 €","4,29 €/Unidade"
Argolas do mar,Pescanova,Embalagem de 400g,"5,49 €","6,86 €/Kg"
Tablete de chocolate negro,PorSi Select,200 g,"10,52 €/Kg","10,52 €/Kg"
"Salsichas de frango, 6 unidades",Monique Ranou,Embalagem de 210 g,"2,09 €","9,95 €/Kg"
"Queijo light, 10 fatias",A Vaca Que Ri,Embalagem de 200g,"2,39 €","19,92 €/Kg"
Maracujá Roxo,Fruta da Época,1 un = 250 gr  (aprox.),"2,25 €","4,49 €/Kg"
Gelatina limão 10kcal,Royal,Embalagem de 30g,"0,55 €","61,11 €/Kg"
Pedras limão/chá verde,P.salgadas,pack 4 x 0.25 l,"2,85 €","2,85 €/L"
Creme proteção de gengivas,Polident,Embalagem de 40 g,"9,79 €","122,38 €/Kg"
Cogumelos laminados,PorSi,780 g,"1,79 €","2,29 €/Kg"
Bolacha vitalday crocante original,Gullon,Embalagem de 270g,"2,82 €","9,40 €/Kg"
Bolachas rosquilhas,PorSi,Embalagem de 600g,"1,69 €","6,76 €/Kg"
Concentrado de laranja,Sunquick,Garrafa de 700 ml,"4,89 €","6,61 €/L"
Milho doce,PorSi,Embalagem de 400 g,"1,89 €","1,89 €/Kg"
Nata uht,PorSi,Embalagem de 200 ml,"0,75 €","3,75 €/L"
Set Criativo,Rainbow High,1 unidade,"11,99 €","11,99 €/Unidade"
Bolachas cobertura de chocolate e avelã,PorSi,Embalagem de 150g,"0,79 €","5,27 €/Kg"
Pizza de Atum,PorSi,Embalagem de 350 g,"2,16 €","6,17 €/Kg"
Nectar clássico maracujá,Compal,Garrafa de 1 l,"1,09 €","0,73 €/L"
10 saquetas infusão de cidreira,Lipton,Embalagem de 20g,"0,99 €","76,15 €/Kg"
Bolacha de aveia e laranja sem glúten,Gullon,Embalagem de 180 g,"2,69 €","17,93 €/Kg"
Leite magro em pó,Páturages,Embalagem de 300 g,"2,79 €","9,30 €/Kg"
Esfregona tiras completa,PorSi,1 unidade,"2,54 €","2,54 €/Unidade"
Spray desengordurante universal,Neoblanc,Embalagem de 500 ml,"2,59 €","1,30 €/L"
All bran plus,Kellogg's,Embalagem de 500g,"1,49 €","2,98 €/Kg"
Refrigerante c/ gás,Coca-Cola,pack 6 x 0.33 l,"0,40 €/L","0,40 €/L"
Pensos diários maxi cotton aloé,Carefree,Embalagem com 30 unidades,"2,99 €","2,99 €/Unidade"
Tomate inteiro pelado,PorSi,Embalagem de 390 g,"1,79 €","2,29 €/Kg"
Flauta plástica moderna,Maped,1 unidade,"1,35 €","1,35 €/Unidade"
Leite uht magro,Agros,Embalagem de 1 litro,"0,81 €","0,81 €/L"
Limpa Couros,Bellapelle,Garrafa de 250 ml,"3,99 €","5,70 €/L"
Cueca incontinência para Adultos Ausonia Tamanho Gra...,Lindor,Embalagem de 14 unidades,"9,99 €","9,99 €/Unidade"
Actimel morango,Danone,Embalagem de 6 x 100g,"4,15 €/Kg","4,15 €/Kg"
100% clara de ovo líquida albumina,Prozis,Embalagem de 500g,"1,57 €","15,70 €/Kg"
Néctar light manga/laranja,Compal,Garrafa de 200 ml,"0,99 €","0,99 €/L"
Iogurte líquido morango,PorSi,Embalagem de 8x160 ml,"1,17 €","1,83 €/Kg"
Chouriço com feijão,Nobre,Embalagem de 420g,"2,35 €","5,60 €/Kg"
"Hamburguers de frango, 4 x 80 g",PorSi,Embalagem de 320g,"2,34 €","7,31 €/Kg"
"Vela em número,  nº 0",PorSi,1 unidade,"0,60 €","0,60 €/Unidade"
Manhãzitos original,Manhazitos,Embalagem 6x2 unidades,"2,05 €","5,13 €/Kg"
Camarão 20/30,Congelado de Aquicultura,1 un = 250 gr  (aprox.),"2,00 €","7,99 €/Kg"
"Pasta dentífrica, tripla ação",Labell,Embalagem de 75 ml,"2,29 €","38,17 €/L"
Cereais fitness chocolate preto,Nestle,Embalagem de 375g,"5,09 €","5,30 €/Kg"
Bebida solúvel cereais+fibra frasco 200g,Delta,Embalagem de 200g,"14,50 €/Kg","14,50 €/Kg"
"Creme anti-rugas revitalizante fps30, dia",L'oreal,Embalagem de 50 ml,"2,99 €","59,80 €/L"
Inseticida elétrico líquido,Raid,45 noites,"19,99 €","246,79 €/L"
Limpa madeiras com sabão,PorSi,1.5 litros,"4,39 €","14,63 €/L"
Batata chef gourmet,MCCAIN,Embalagem de 500 g,"1,39 €","1,39 €/Kg"
"Bolachas maria, dorada",Gullón,Embalagem de 600 g,"2,11 €/Kg","2,11 €/Kg"
10 nuggets peito de frango e queijo,Capitão Iglo,Embalagem de 210g,"2,34 €","7,31 €/Kg"
Carte d'or cake romantica,Olá,Embalagem de 750 ml,"2,99 €","5,54 €/Kg"
Vinho tinto regional terras dao bib 5l,Silgueiros,Embalagem de 5L,"3,99 €","5,32 €/L"
Maionese Top Down,Calvé,Embalagem de 753 g,"0,70 €","2,33 €/Kg"
Detergente Líquido p/ Loiça Original,Fairy,"Embalagem de 1,19 l","0,99 €","1,98 €/L"
Toucinho do céu,PorSi,Embalagem de 2x100 g,"0,55 €","2,75 €/Kg"
Lava tudo lixívia amonical,Cif,"Garrafa de 1,4 l","2,79 €","3,99 €/L"
Champô Limão & Argila,Ultra Suave,Embalagem de 400 ml,"5,59 €","13,98 €/L"
"Lixívia para roupa, tradicional verde denso",PorSi,Embalagem de 2L,"1,74 €","0,35 €/L"
"Inseticida max, concentrado sensitive",Dum Dum,Garrafa de 400 ml,"4,39 €","10,98 €/L"
Pizza 4 estações,PorSi,Embalagem de 350g,"2,16 €","6,17 €/Kg"
Salsichão fuet caseiro peru,Elpozo,Embalagem de 150g,"1,35 €","16,88 €/Kg"
Esponja autobrilhante,PorSi,3 g,"0,99 €","330,00 €/Kg"
Corn flakes saco,PorSi,Embalagem de 500g,"1,49 €","2,98 €/Kg"
"Bloco sanitário azul, recarga",WC Pato,Embalagem de 2x40 g,"2,99 €","74,75 €/Kg"
Cereais petalas chocolate,PorSi,Embalagem de 625g,"5,07 €/Kg","5,07 €/Kg"
Bolacha tostada,PorSi,Embalagem de 800g,"2,11 €/Kg","2,11 €/Kg"
Forma Pão de Ló Antiaderente 24cm,PorSi,1 unidade,"14,99 €","14,99 €/Unidade"
Azeite virgem extra seleção,PorSi,Garrafa de 750 ml,"3,19 €","4,25 €/L"
Spray Limpa Cockpit,Redex,Embalagem de 600 ml + oferta pano micro-fibra,"3,99 €","0,80 €/L"
Creme vegetal para culinária,PorSi,Embalagem de 250g,"5,40 €/Kg","5,40 €/Kg"
Bolacha infantil dinossaurus mini dino chocolate,Artiach,Embalagem de 120g,"1,89 €","15,75 €/Kg"
Sumo essencial manga,Compal,pack 3 x 0.11 l,"2,29 €","6,94 €/L"
Batata frita caseira rodela,Pala-pala,Embalagem de 300g,"0,87 €","5,44 €/Kg"
Infusão lúcia lima,PorSi,Embalagem de 35 g,"0,99 €","76,15 €/Kg"
Pão de forma especial torradas,Panrico,Embalagem de 750g,"0,99 €","1,65 €/Kg"
Café solúvel + cereais,Delta,Embalagem de 200 g,"14,50 €/Kg","14,50 €/Kg"
Queijo flamengo fatiado light,Paiva,Embalagem de 180g,"1,56 €","7,80 €/Kg"
Bolachas mini,Oreo,Embalagem de 160g,"1,49 €","9,68 €/Kg"
Leite uht gordo,Mimosa,Embalagem de 1 litro,"0,94 €","0,94 €/L"
Lombos de pescada,PorSi,Embalagem de 400 g,"4,39 €","10,98 €/Kg"
Farinha de aveia integral,Cemporcent,Embalagem de 400g,"1,09 €","2,73 €/Kg"
Molho de soja c/ dispensador redução sal,KIKKOMAN,150 ml,"3,99 €","26,60 €/L"
"Bebida láctea crescimento 1-3 anos, cereais",Nestle,Embalagem de 1 litro,"0,26 €","1,30 €/L"
Chouriço cebola beiras,PorSi,Embalagem de 300g,"1,22 €","6,78 €/Kg"
Vela em número nº9,PorSi,1 unidade,"0,60 €","0,60 €/Unidade"
Pastilhas limpa próteses,Labell,embalagem com 36 unidades,"9,79 €","122,38 €/Kg"
Creme anti-rugas de dia revitalift,L'oreal,Embalagem de 50 ml,"2,99 €","59,80 €/L"
"Creme para mãos, proteção intensiva",Atrix,Embalagem de 60 ml,"2,49 €","41,50 €/L"
"Lencos faciais tate, 86 unidades",Scottex,Uma embalagem,"0,89 €","0,89 €/Unidade"
Rodelas de linguica 2x75g,Porminho,Embalagem de 2X75G,"1,22 €","6,78 €/Kg"
Leite c/ Chocolate,Agros,Embalagem de 4 x 200 ml,"0,26 €","1,30 €/L"
Pá económica,PorSi,1 unidade,"2,20 €","2,20 €/Unidade"
Ambientador tealights canela,PorSi,embalagem com 18 unidades,"9,99 €","9,99 €/Unidade"
Pastilhas café platium,Delta,Embalagem de 110g,"54,36 €/Kg","54,36 €/Kg"
Ice tea pêssego,Lipton,Garrafa de 2 l,"1,35 €","0,90 €/L"
Sumo 100% tomate,PorSi,Embalagem de 1.5 l,"1,09 €","0,73 €/L"
Néctar light de manga/laranja prism,PorSi,Embalagem de 1 l,"0,84 €","2,55 €/L"
Salsichas de aves,Nobre,Lata de 200 g,"0,75 €","3,75 €/Kg"
"Cerveja sem álcool, preta",Super Bock,pack 6 x 0.33 l,"5,99 €","3,03 €/L"
Acetona perfumada com doseador,PorSi,Embalagem de 200 ml,"1,89 €","9,45 €/L"
Máquina depilação descartável Simply Venus 2,Gillette,3 Unid. + 1 Grátis,"1,99 €","1,99 €/Unidade"
Gel intimo calendula,Fres&Clean,Garrafa de 250 ml,"2,99 €","11,96 €/L"
Tosta rica mini go,Cuetara,Embalagem de 240g,"1,89 €","15,75 €/Kg"
"Ice tea, pêssego",PorSi,"Embalagem de 6x0,20 l","1,35 €","0,90 €/L"
Azeite virgem extra seleção,PorSi,Garrafa de 250 ml,"3,19 €","4,25 €/L"
Tablete chocolate branco,PorSi,Embalagem de 100g,"5,80 €/Kg","5,80 €/Kg"
"Refrigerante com gás cola zero sem cafeína, mini lat...",Coca-Cola,pack 12 x 0.15 l,"0,40 €/L","0,40 €/L"
Alho picado,PorSi,Embalagem de 100 g,"4,99 €","9,98 €/Kg"
Comida húmida para cão de vaca e frango,PorSi,Lata de 400 g,"0,75 €","2,50 €/Kg"
"Limpa móveis pistola, multissuperfícies",Pronto,Embalagem de 500 ml,"1,19 €","0,79 €/L"
Queijo fundido original,Président,Embalagem de 250 g,"4,68 €","11,70 €/Kg"
"Sabonete sólido, oliva",Feno,Embalagem de 4x90g,"1,99 €","12,44 €/Kg"
Sabonete Liquido Gel Antibacteriano,Labell,Embalagem de 300 ml,"2,18 €/L","2,18 €/L"
Bolachas cream cracker doses individuais,Vieira,Embalagem de 180g,"0,39 €","3,12 €/Kg"
Ambientador Arbre Lavanda,Arbre Magique,3 unidade,"1,99 €","1,99 €/Unidade"
Feijão vermelho,Legumes secos,1 un = 100 gr. (aprox.),"0,23 €","2,29 €/Kg"
Pellets madeira,Nova lenha,Embalagem de 15kg,"10,99 €","0,73 €/Kg"
Cereais Corn Flakes Original,Kellogg's,Embalagem de 380g,"1,49 €","2,98 €/Kg"
Bacalhau com broa,PorSi Select,350 g,"1,91 €","4,78 €/Kg"
Pasta dentífrica,Couto,Embalagem de 60 ml,"2,29 €","38,17 €/L"
Inseticida aerossol moscas. melgas e mosquitos,Baygon,Embalagem de 400 ml,"4,39 €","10,98 €/L"
"Sacos para sandes, 100 unidades",PorSi,1 embalagem,"1,11 €","1,11 €/Unidade"
Cerveja com álcool,Super Bock,Garrafa de 1 l,"1,99 €/L","1,99 €/L"
Gogo SqueeZ Snack Banana,Gogo,Embalagem de 4 x 90g,"2,29 €","6,94 €/L"
Côtes-du-Rhône Tinto,Ferraton,0.75 litros,"1,99 €","2,65 €/L"
Iogurte sólido sem lactose morango,Mimosa,Embalagem de 480g,"1,87 €","1,25 €/Kg"
Lamina Descartáveis Platina,Labell,Pack 10 unidades,"1,16 €","4,64 €/L"
Queijinho dadoninho petitdino de morango,Danone,Embalagem de 6 x 50 g,"1,05 €","1,86 €/L"
Azeite Subtil,Gallo,Garrafa de 2 l,"3,19 €","4,25 €/L"
Café moagem universal portugal,Delta,Embalagem de 250g,"9,76 €/Kg","9,76 €/Kg"
Nata uht para bater,Parmalat,Embalagem de 200 ml,"0,75 €","3,75 €/L"
Sabão super,Clarim,Embalagem de 400g,"2,19 €","5,48 €/Kg"
Chá de gengibre,PLANTANATU,Embalagem de 20g,"1,25 €","62,50 €/Kg"
vinho do Porto Ruby,Velhotes,"garrafa de 0,75 l","6,65 €/L","6,65 €/L"
Frutapura maçã e banana,Bledina,Embalagem de 85g,"2,29 €","6,94 €/L"
Bolacha torrada com canela,PorSi,Embalagem de 2 x 250 g,"2,11 €/Kg","2,11 €/Kg"
Lixívia Denso-Activa Harmonias Florais p/ Casa e Rou...,Neoblanc,Embalagem de 2 l,"1,74 €","0,35 €/L"
Galão enriquecido com cálcio,Ucal,Embalagem de 600 ml,"2,15 €","9,77 €/L"
Tapa Fugas Radiador,Stp,Embalagem de 300 ml,"14,99 €","14,99 €/L"
Iogurte líquido danonino morango,Danone,Embalagem de 4 x 100 g,"1,05 €","1,86 €/L"
Maracujá Roxo,Fruta da Época,1 un = 250 gr  (aprox.),"2,29 €/Kg","2,29 €/Kg"
Milho para pipocas,Globo,Embalagem de 400g,"0,74 €","7,40 €/Kg"
Chá Aromatizado Pirâmide Oriente/Canela,PorSi,20 x 2 g,"58,44 €/Kg","58,44 €/Kg"
Néctar clássico tutti-frutti,Compal,330 ml,"0,99 €","0,99 €/L"
Iogurte tipo grego natural,PorSi,Embalagem de 12 x 125 g,"0,99 €","1,98 €/Kg"
Gin dry bombay(40º) 0.70l,Bombay,Garrafa de 700 ml,"14,99 €","21,41 €/L"
Eau de Toilette Heart Beat,B.U.,50 ml,"13,29 €","265,80 €/L"
"Escova dentes, proteção global suave, 2 unidades",Labell,1 embalagem,"3,49 €","3,49 €/Unidade"
Bandas de Cera Depilatória Facial,Veet,Embalagem de 20 unidades,"6,99 €","6,99 €/Unidade"
Pringles original,Pringles,Embalagem de 175g,"1,06 €","5,73 €/Kg"
Bolachas shortcake cacau,PorSi,Embalagem de 185 g,"1,69 €","6,76 €/Kg"
Sortido bolacha princesa,Vieira,Embalagem de 400g,"6,83 €/Kg","6,83 €/Kg"
Água s/ gás,S.estrela,"Pack 6 x 0,50 l","1,04 €","0,17 €/L"
"Bracito trufa de chocolate, 4 unidades",Dulcesol,Embalagem de 240g,"2,05 €","5,13 €/Kg"
Reparador de móveis normal,PorSi,Embalagem de 200 ml,"4,39 €","14,63 €/L"
Tomate triturado,Compal,Embalagem de 500g,"3,84 €","24,00 €/Kg"
Aguardente velha vsop,Antiqua,Garrafa de 700 ml,"17,79 €","25,41 €/L"
Ketchup top down,Calve,Embalagem de 550g,"0,70 €","2,33 €/Kg"
Coloração Permanente Castanho Escuro |3,Palette,,"9,49 €/Unidade","9,49 €/Unidade"
Vinho verde rosé,3 marias,Garrafa de 0.75 l,"2,99 €","2,99 €/L"
Bolachas maria,PorSi,Embalagem de 800g,"2,11 €/Kg","2,11 €/Kg"
Fada unicórnio,Steffi Love,1 unidade,"11,99 €","11,99 €/Unidade"
Concentrado laranja e pêssego,Sunquick,Garrafa de 580 ml,"4,89 €","6,61 €/L"
Rolo de cozinha mega,PorSi,1 rolo,"4,99 €","4,99 €/Unidade"
Toalhita Azul,Dodot,Embalagem c/ Tampa | 64 un.,"1,09 €/Unidade","1,09 €/Unidade"
Vinho de mesa tinto bag in box,Adega grande,Garrafa de 5 l,"5,19 €","1,04 €/L"
Flakes,Cuetara,Embalagem de 500g,"5,07 €/Kg","5,07 €/Kg"
Massa fettuccine,PorSi,Embalagem de 500g,"0,89 €","1,78 €/Kg"
Bolacha diet nature recheio iogurte,Gullon,Embalagem de 220g,"1,49 €","9,68 €/Kg"
Orégãos em folha,PorSi,Embalagem de 10g,"0,25 €","0,25 €/Kg"
Bicarbonato de sódio,Globo,Embalagem de 230g,"1,89 €","17,18 €/Kg"
Chouriço corrente,PorSi,Embalagem de 200 g,"1,22 €","6,78 €/Kg"
Porto 10 anos,Velhotes,Garrafa de 0.75 l,"10,99 €","14,65 €/L"
Iogurte pedaços frutas variadas,PorSi,Embalagem de 16 x 125 g,"4,36 €","2,18 €/Kg"
Refrigerante de lima-limão,Seven-up,"Garrafa de 1,25 l","0,40 €/L","0,40 €/L"
Creme custard baunilha,Condi,Embalagem de 150g,"2,99 €","6,80 €/Kg"
Bebida de Soja Baunilha,PorSi Viva Bem,1 l,"2,49 €","2,49 €/L"
Gira a garrafa,Concentra,Uma unidade,"11,99 €/Unidade","11,99 €/Unidade"
Rebuçados de café,Villa,Embalagem de 200 g,"1,15 €","4,60 €/Kg"
Bolacha golden,Oreo,Embalagem de 154 g,"1,49 €","9,68 €/Kg"
Moelas congeladas,*,Embalagem de 1 kg,"4,99 €","24,95 €/Kg"
Biscoitos integrais aveia e manteiga de amendoim,PorSi Viva Bem,Embalagem de 150g,"1,45 €","11,15 €/Kg"
Desinfetante álcool gel,PorSi,100 ml,"5,24 €","5,24 €/Unidade"
Sumo concentrado de laranja/maracujá,GUD,Garrafa de 740 ml,"4,89 €","6,61 €/L"
Cerveja c/ álcool,Heineken,"Embalagem de 6x0,25 l","1,99 €/L","1,99 €/L"
Azeite virgem extra seleção ouro,Oliveira da Serra,Garrafa de 750 ml,"3,19 €","4,25 €/L"
Ketchup picante,Heinz,460 g,"0,70 €","2,33 €/Kg"
Bolachas waffers nice baunilha,Dailidoce,Embalagem de 250g,"0,98 €","4,67 €/Kg"
Toalhitas de Proteção Cor,K2R,Embalagem de 20 un.,"3,99 €","5,70 €/L"
Cereais golden e crispy,PorSi,Embalagem de 375 g,"5,07 €/Kg","5,07 €/Kg"
Cuecas Incontinência Maxi Grande,Lindor,Embalagem com 14 un.,"9,99 €","9,99 €/Unidade"
Vinho regional península de setúbal tinto,J.m.f.,Garrafa de 750 ml,"4,99 €","6,65 €/L"
Iogurte sólido sem lactose morango,Mimosa,Embalagem de 480g,"0,99 €","1,98 €/Kg"
Ambientador Anti-Tabaco,Ambipur,1 un.,"1,99 €","1,99 €/Unidade"
Desinfetante em gel p/ wc,Cif,Garrafa de 750 ml,"2,79 €","3,99 €/L"
Esparguete Clássica,Nacional,Embalagem de 500 g,"0,89 €","1,78 €/Kg"
Casa mateus temporada - morango   6x350g,Casa de Mateus,Embalagem de 350g,"3,59 €","10,26 €/Kg"
Discoveries cappuccino,STARBUCKS,Embalagem de 220 ml,"3,19 €","25,52 €/Kg"
Queijo fresco meio gordo,PorSi,200 g,"1,09 €","5,45 €/Kg"
Nata uht ligeira,Páturages,Embalagem de 2X250ML,"0,75 €","3,75 €/L"
Néctar de laranja do algarve,Compal,Garrafa de 200 ml,"0,99 €","0,99 €/L"
Camarão 30/40 Madagascar,Congelado Selvagem,1 un = 250 gr  (aprox.),"2,00 €","7,99 €/Kg"
Cerveja c/ álcool,Super Bock,pack 24 x 0.33 l,"1,99 €/L","1,99 €/L"
Absorvente de odores marine,Brise,Embalagem de 300 ml,"16,63 €/L","16,63 €/L"
Tempero para Frangos Ervas Aromáticas,PorSi,34 g,"3,84 €","24,00 €/Kg"
Iogurte Líquido Yoggi Frutos Tropicais s/ Lactose,Nestle,4x160g,"0,99 €","1,98 €/Kg"
Magnésio + vitaminas,PLANTANATU,Embalagem de 1 unidades,"6,59 €","6,59 €/Unidade"
Posta de Bacalhau Longa Higienizada | Congelada,Pescanorte,± 600 a 800 g,"8,73 €/Kg","8,73 €/Kg"
Katia Beijinhos,Miss Concentra,1 unidade,"11,99 €","11,99 €/Unidade"
Cornflakes sem açúcar,Cemporcent,Embalagem de 250g,"0,69 €","1,73 €/Kg"
Alheira tradicional 180g,Prisca,Embalagem de 180g,"2,35 €","13,06 €/Kg"
Adoçante recarga,Canderel,Embalagem de 40g,"5,99 €","23,96 €/Kg"
Massa esparguete,Milaneza,Embalagem de 500g,"0,89 €","1,78 €/Kg"
"Limpa jantes, em pistola",Arbo,Embalagem de 1 l,"3,99 €","0,80 €/L"
Café 5 estrelas grão,Sical,Embalagem de 1 kg,"9,16 €/Kg","9,16 €/Kg"
Chá verde,Tetley,Embalagem de 20g,"85,00 €/Kg","85,00 €/Kg"
"Sabonete líquido de leite de amêndoas, recarga",Palmolive,Embalagem de 300 ml,"2,18 €/L","2,18 €/L"
Detergente liquido loiça limão,PorSi,Garrafa de 1 litro,"0,99 €","1,98 €/L"
Cereais chooks,Nacional,Embalagem de 300g,"5,07 €/Kg","5,07 €/Kg"
Ambientador vela maçã e canela,PorSi,1 unidade,"9,99 €","9,99 €/Unidade"
Queijo brie 60% mg,Páturages,Embalagem de 200 g,"2,61 €","13,05 €/Kg"
Cereais crunch 375g,Nestle,Embalagem de 380g,"5,07 €/Kg","5,07 €/Kg"
Princesas do mar,PorSi,Embalagem de 255 g,"2,19 €","8,59 €/Kg"
Ananás em rodelas lata,PorSi,Embalagem de 820g,"1,99 €","2,37 €/Kg"
Creme fixativo sem sabor,Polident,Embalagem de 2 x 40 g,"9,79 €","122,38 €/Kg"
Rolo de Cozinha Branco Eco Compacto,PorSi,2 = 6 Rolos,"4,99 €","4,99 €/Unidade"
Toucinho Fumado,PorSi,fatiado a partir de 100 gr,"1,39 €","17,38 €/Kg"
Creme abrasivo original,Cif,Garrafa de 700 ml,"0,99 €","0,99 €/L"
Queijo fresco natural,Matinal,Embalagem de 216g,"1,09 €","5,45 €/Kg"
Sublinhador Brite Liner - 3+1,Bic,1 unidade,"2,69 €","2,69 €/Unidade"
Feijão preto,Legumes secos,1 un = 100 gr. (aprox.),"0,23 €","2,29 €/Kg"
Croissant simples,PorSi,Embalagem de 400g,"2,05 €","5,13 €/Kg"
Croissant recheado de cacau/avelã,PorSi,Embalagem de 315g,"2,05 €","5,13 €/Kg"
Nestum 5 cereais,Nestum,Embalagem de 250g,"2,99 €","3,99 €/Kg"
Prince biscuit-sandwich chocolate chocolate r,PRINCE,Embalagem de 300g,"2,15 €","2,87 €/Kg"
Pastilhas descafeinado,Delta,Embalagem de 110g,"54,36 €/Kg","54,36 €/Kg"
"Queijo médio, metades",Casteloes,Embalagem de 580g,"2,00 €","7,99 €/Kg"
Vinho Tinto Regional Península de Setúbal,Selecção de Enófilos,750 ml,"4,99 €","6,65 €/L"
Mochila,Eastpak,Dim.: 40 x 38 x 18 cm,"12,99 €","12,99 €/Unidade"
Infusão cavalinha,Cemporcent,Embalagem de 10 unidades,"0,99 €","76,15 €/Kg"
"Cera liquida, lava e encera",PorSi,Embalagem de 750 ml,"1,49 €","1,99 €/L"
Queijo flamengo barra,PorSi,"Vendido ao peso, fatiado a partir de 100 gr","1,56 €","7,80 €/Kg"
Gelatina de laranja,PorSi,Embalagem de 170g,"0,55 €","61,11 €/Kg"
"Ambientador spray, aerosol, relax zen",Glade,Embalagem de 300 ml,"0,99 €","3,30 €/L"
Café solúvel gold,PorSi Select,Embalagem 100G,"14,50 €/Kg","14,50 €/Kg"
Filetes de pescada,Pescanova,Embalagem de 400g,"4,39 €","10,98 €/Kg"
Courgette Categoria II,Legumes do Dia,,"0,60 €","1,99 €/Kg"
Alimento lácteo alperce +6 meses,Yogolino,Embalagem de 4 x 100 g,"2,89 €","7,23 €/Kg"
Café nyeri quénia moagem universal,Sical,Embalagem de 220g,"9,76 €/Kg","9,76 €/Kg"
Pasta dentífrica 1 2 3,Oral B,Embalagem de 75 ml,"2,29 €","38,17 €/L"
Líquido p/ Radiador Verde 10% Concentração,Arbo,Embalagem de 5 l,"3,99 €","0,80 €/L"
Cola Especial Calçado,Pattex,Embalagem de 30 g,"2,59 €","86,33 €/Kg"
Copos para pic nic 145 ml rosa,PorSi,Embalagem com 4 unidades,"1,99 €","1,99 €/Unidade"
Bolachas de manteiga,PorSi,Embalagem de 200 g,"1,69 €","6,76 €/Kg"
Snack cão dentafresh pequeno,Pedigree,Embalagem de 110 g,"0,94 €","5,22 €/Kg"
Batata pré-frita palito,PorSi,"Embalagem de 2,5 kg","1,39 €","1,39 €/Kg"
Queijo emmental ralado,PorSi,Embalagem de 200 g,"7,45 €/Kg","7,45 €/Kg"
Perolas perfumadas floral,PorSi,Embalagem de 275 g,"13,99 €","3,29 €/L"
Queijo Flamengo em Barra,Terra Nostra,1 un = 150 gr (aprox.),"1,56 €","7,80 €/Kg"
Inseticida baratas e formigas,Dum Dum,Embalagem de 400 ml,"4,39 €","10,98 €/L"
Infusão de camomila,Tetley,Embalagem de 10g,"0,99 €","76,15 €/Kg"
Vinagre de vinho branco envelhecido,PorSi,Garrafa 250ML,"0,35 €","0,70 €/L"
Infusão de frutos vermelhos,Tetley,Embalagem de 20g,"44,50 €/Kg","44,50 €/Kg"
Discos de amamentação,PorSi,30 unidades,"3,99 €","3,99 €/Unidade"
Arroz agulha,Cigala,Embalagem de 1 kg,"0,99 €","0,99 €/Kg"
Delta chicória + cafe soluvel lata,Delta,Embalagem de 250g,"14,50 €/Kg","14,50 €/Kg"
Sumo 100% ananás e uva,PorSi,1.5 l,"1,09 €","0,73 €/L"
Pizza carbonara,Campofrio,Embalagem de 360g,"0,99 €","4,30 €/Kg"
Tagliatelle a carbonara 350g,Tuttipasta,Embalagem de 350G,"2,16 €","6,17 €/Kg"
Café em cápsulas dolce gusto ardenza,Nescafe,Embalagem de 110g,"54,36 €/Kg","54,36 €/Kg"
Papel higiénico 2 folhas,PorSi,32 rolos,"1,99 €","1,99 €/Unidade"
Pensos banda,PorSi,100 x 6 cm,"2,86 €","2,86 €/Unidade"
Comida húmida para gato indoor em molho com atum,Purina One,Embalagem de 340g,"3,49 €","10,26 €/Kg"
Caramelo líquido,Royal,Embalagem de 400g,"1,06 €","5,30 €/Kg"
Água mineral sem gás,Fastio,"Garrafa de 2,5 l","1,04 €","0,17 €/L"
Esferográfica cristal bl 5 az,Bic,1 unidade,"2,69 €","2,69 €/Unidade"
Vinho do Porto Tawny,Velhotes,"garrafa de 0,75 l","24,99 €","33,32 €/L"
Cerveja preta 0.0%,Sagres,Lata de 330 ml,"5,99 €","3,03 €/L"
Abacate categoria II,Fruta do Dia,Embalagem de 300 g,"2,25 €","4,49 €/Kg"
Carne p/ Estufar,Novilho,Vendido ao peso a partir de 800 g,"7,99 €/Kg","7,99 €/Kg"
Queijo Flamengo Fatias,PorSi,Embalagem 500G,"1,56 €","7,80 €/Kg"
Alimento lácteo pera +6 meses,Yogolino,Embalagem de 4 x 100 g,"2,89 €","7,23 €/Kg"
8 pães de leite,PorSi,Embalagem de 280 g,"7,40 €/Kg","7,40 €/Kg"
Ambientador tealights baunilha,PorSi,embalagem com 18 unidades,"9,99 €","9,99 €/Unidade"
Ambientador tealights frutos vermelhos,PorSi,embalagem com 18 unidades,"9,99 €","9,99 €/Unidade"
Bebida arroz bio,PorSi Bio,Embalagem de 1 litro,"1,59 €","1,59 €/L"
Bolachas digestive muesli,Gullon,Embalagem de 370g,"1,45 €","11,15 €/Kg"
Desentupidor de fole com cabo,PorSi,1 unidade,"2,50 €","2,50 €/Unidade"
Batata frita camponesa,PorSi,Embalagem de 175 g,"1,19 €","6,43 €/Kg"
Molho de whisky cocktail,Calve,Garrafa de 250 ml,"0,70 €","2,33 €/Kg"
Máquina de barbear descartável,Gillette,Embalagem com 4+1 unidades,"1,16 €","4,64 €/L"
Bolacha cracker integral,Cuetara,Embalagem de 200g,"0,39 €","3,12 €/Kg"
Bolachas de água e sal,PorSi,Embalagem de 125g,"0,39 €","3,12 €/Kg"
Milho doce,Bonduelle,Embalagem de 150 g,"1,79 €","2,29 €/Kg"
Bolachas de chocolate leite,Milka,Embalagem de 150g,"0,79 €","5,27 €/Kg"
Queijo ralado 4 queijos,Valformoso,Embalagem de 150g,"7,45 €/Kg","7,45 €/Kg"
Pensos Higiénicos Cottonlike Super Com Abas,Evax,12 unidades,"4,99 €","4,99 €/Unidade"
Farinha láctea,PorSi,Embalagem de 1 kg,"4,49 €","4,49 €/Kg"
Fatia de salame de chocolate,PorSi,Embalagem 60G,"2,05 €","5,13 €/Kg"
Gressinos com azeitonas pretas,PorSi,Embalagem de 250g,"2,39 €","6,83 €/Kg"
Vinho Regional Península de Setúbal Branco,Herdade da comporta,Garrafa de 0.75 l,"4,99 €","6,65 €/L"
Sabonete líquido Marselha e Azeitona,Labell,Embalagem de 500 ml,"2,18 €/L","2,18 €/L"
Ervilhas,PorSi,Embalagem de 1 kg,"1,89 €","1,89 €/Kg"
Ravioli com tomate,Claude Léger,Embalagem 300G,"2,35 €","5,60 €/Kg"
Bloco sanitário blue activ higiene,Sonasol,Embalagem de 50 g,"2,99 €","74,75 €/Kg"
Croutons azeite e alho,PorSi,Embalagem de 150g,"2,39 €","6,83 €/Kg"
Gel de Banho Coconut Milk,Dove,Embalagem de 750 ml,"6,49 €","8,65 €/L"
"Pedras salgadas gf 0,33 l",P.salgadas,"Garrafa de 1,98 l","2,85 €","2,85 €/L"
Guardanapos brancos folha tripla 33x33 cm,PorSi,70 unidades,"1,29 €","1,29 €/Unidade"
"Maionese, frasco",Hellmman's,Embalagem de 420g,"0,70 €","2,33 €/Kg"
Mel em frasco com doseador,PorSi,Embalagem de 500g,"4,89 €","9,78 €/Kg"
Toalhetes Íntimos Suaves,Corine de Farme,Embalagem com 10 un.,"2,99 €","2,99 €/Unidade"
"Escargots recheio de manteiga, salsa e alho",PorSi Select,89 g,"1,99 €","6,63 €/Kg"
Arroz Risotto,PorSi,Embalagem de 1 kg,"0,99 €","0,99 €/Kg"
Vinho do porto lbv 2004,Cruz,Garrafa de 0.75 l,"10,99 €","14,65 €/L"
Rolinhos waffletten milk,Bahlsen,Embalagem de 100g,"16,40 €/Kg","16,40 €/Kg"
Bolachas maria,PorSi,Embalagem de 200g,"2,11 €/Kg","2,11 €/Kg"
Água s/ Gás,Serra de Fafe,Garrafa 6L,"1,04 €","0,17 €/L"
Café solúvel descafeinado,PorSi,Embalagem de 100G,"14,50 €/Kg","14,50 €/Kg"
Pudim morango,Boca Doce,Embalagem de 20g,"0,59 €","29,50 €/Kg"
Iogurte mix-in nesquik,Nestle,Embalagem de 2 x 115 g,"1,05 €","1,86 €/L"
Leite 0% lactose magro,Mimosa,Garrafa de 1 l,"1,29 €","1,29 €/L"
Infusão melhores digestões,Cemporcent,Embalagem de 10 unidades,"0,99 €","76,15 €/Kg"
10 compressas de gaze,PorSi,20 x 20 cm,"2,86 €","2,86 €/Unidade"
Refresco em pó de morango,Tang,Embalagem de 30g,"0,75 €","18,75 €/Kg"
Limpa móveis multissuperfícies,PorSi,Frasco de 300ml,"4,39 €","14,63 €/L"
Bloco Notas A6 Pautado,Domédia,1 un.,"0,49 €","0,49 €/Unidade"
Feijão catarino,PorSi,Embalagem 500G,"0,95 €","1,90 €/Kg"
Lay's sal mpk 6x30g,Lay's,Embalagem de 180g,"1,06 €","5,73 €/Kg"
Feijoada,PorSi,Embalagem de 420 g,"2,35 €","5,60 €/Kg"
Iogurte líquido yoggi cremoso pêssego/manga,Nestle,Embalagem de 4 x 160 g,"1,17 €","1,83 €/Kg"
Coloração Permanente Castanho Claro |5,Palette,,"9,49 €/Unidade","9,49 €/Unidade"
Iogurte corpos danone + proteína ananás,Danone,Embalagem de 150g,"1,29 €","8,90 €/Kg"
Pimento Vermelho,Legumes do Dia,1 un=250 gr (aprox.),"0,70 €","2,79 €/Kg"
Caldo de galinha,PorSi,24 cubos,"3,84 €","24,00 €/Kg"
Bolachas multicereais,PorSi,Embalagem de 400 g,"0,90 €","6,00 €/Kg"
Cogumelos laminados,Ferbar,Embalagem de 290g,"1,79 €","2,29 €/Kg"
Bolachas cereais passas e laranja,PorSi,Embalagem de 300 g,"0,90 €","6,00 €/Kg"
Vinho regional alentejano bag-in-box tinto,Galitos,Garrafa de 5 l,"5,19 €","1,04 €/L"
Vermute rosso,Martini,Garrafa de 0.75 l,"7,99 €","10,65 €/L"
Snacks croc.amendoim,PorSi,Embalagem de 90g,"0,74 €","7,40 €/Kg"
Cola Especial Plásticos,Pattex,Embalagem de 30 g,"2,59 €","86,33 €/Kg"
Chá verde menta,PorSi,Embalagem de 43.7 g,"85,00 €/Kg","85,00 €/Kg"
"Linguíca, 4 unidades",PorSi,Embalagem de 180 g,"1,22 €","6,78 €/Kg"
Pensos peles sensíveis sortidos,PorSi,20 unidades,"2,86 €","2,86 €/Unidade"
Camarão Selvagem Madagáscar 60/80,Nossa seleção,vendido ao peso,"1,50 €","5,99 €/Kg"
Queijo meio gordo,D. Pedro,Vendido ao peso a partir de 250 gr,"3,00 €","11,99 €/Kg"
Cueca Incontinência Boutique Plus M,Ausonia Discreet,Embalagem de 9 Un.,"9,99 €","9,99 €/Unidade"
Snack gato frango/queijo,PorSi,Embalagem de 60g,"0,99 €","16,50 €/Kg"
Champô cacau&côco,Ultra Suave,Embalagem de 400 ml,"5,59 €","13,98 €/L"
Cereais chocapic,Nestle,Embalagem de 375 g,"5,07 €/Kg","5,07 €/Kg"
Bolachas marítimas clássicas,PorSi Viva Bem,Embalagem de 200g,"2,82 €","9,40 €/Kg"
Vinagre de fruta,PorSi,Embalagem de 500 ml,"0,35 €","0,70 €/L"
Cerveja 0.0%,Sagres,Pack 4 x 0.33 l,"5,99 €","3,03 €/L"
Infusão nº 10 colestrol,Cemporcent,Embalagem de 10 unidades,"0,99 €","76,15 €/Kg"
Queijo flamengo fatias light,PorSi,Embalagem de 200g,"2,39 €","19,92 €/Kg"
Pastilha Elástica Bottle Morango,Trident,Embalagem de 82 g,"0,89 €","59,33 €/Kg"
Água mineral natural alcalina,MONCHIQUE,1.5 l,"1,04 €","0,17 €/L"
Tostas de trigo,PorSi,Embalagem 225G,"2,39 €","6,83 €/Kg"
Lixívia para roupa delicada,Neoblanc,Embalagem de 1 l,"2,19 €","1,10 €/L"
Pães de leite redondos,s. tomé,Embalagem de 300 g,"7,40 €/Kg","7,40 €/Kg"
Tomate pelado,Guloso,Embalagem de 800g,"3,84 €","24,00 €/Kg"
Tablete de chocolate,Chabrior,Embalagem de 250 g,"0,79 €","5,27 €/Kg"
Camarao vannamei 40/48,Pescanova,Embalagem de 800G,"8,99 €","25,69 €/Kg"
"Cera de depilação oriental, pote",Labell,Embalagem de 250 ml,"6,99 €","6,99 €/Unidade"
Flauta,Hohner,1 unidade,"1,35 €","1,35 €/Unidade"
Creme vegetal sabor a manteiga,Becel,Embalagem de 450 g,"5,40 €/Kg","5,40 €/Kg"
Cápsulas de café com leite cappuccino,Nescafe,Embalagem com 16 cápsulas,"3,19 €","25,52 €/Kg"
Borrego de Leite,Nossa Selecção,1 un = 14 kg (aprox.),"15,39 €","10,99 €/Kg"
Iogurte activia cremoso coco,Danone,Embalagem de 4 x 120 g,"1,49 €","2,98 €/Kg"
Gel pure 3 em 1,Garnier,Embalagem de 150 ml,"2,99 €","59,80 €/L"
Areia para gatos mineral perfumada,PorSi,Embalagem de 5 kg,"1,19 €","0,24 €/Kg"
"Salsichas hot dog, frasco",Izidoro,Embalagem de 240g,"0,75 €","3,75 €/Kg"
Cevada solúvel,Delta,Embalagem de 200 g,"14,50 €/Kg","14,50 €/Kg"
Bacalhau com natas,PorSi,Embalagem de 380g,"1,91 €","4,78 €/Kg"
Bolacha integral doce,Vieira,Embalagem de 180g,"0,98 €","3,27 €/Kg"
Bebida láctea crescimento 3 anos+,Nestle,Embalagem de 1 litro,"0,26 €","1,30 €/L"
Bebida láctea crescimento 1 a 3 anos,Nestle,Embalagem de 1 litro,"0,26 €","1,30 €/L"
Vinagre de limpeza,Dona Pureza,Embalagem de 1 l,"3,99 €","5,32 €/L"
"Cotonetes, 100 unidades",Johnson's Baby,1 embalagem,"1,99 €","1,99 €/Unidade"
Leite de cabra uht meio gordo,President,Embalagem 1L,"0,81 €","0,81 €/L"
Chocolate culinário 70% cacau,Nestle,Embalagem de 170 g,"1,04 €","8,32 €/Kg"
Patê de marisco,Fides,Embalagem de 90g,"1,19 €","13,52 €/Kg"
Douradinhos estaladiços,Capitão Iglo,Embalagem de 340g,"14,95 €/Kg","14,95 €/Kg"
Leite especial crescimento +3 anos,Mimosa,Garrafa de 1 l,"0,26 €","1,30 €/L"
Arroz agulha,Pato real,Embalagem de 1 kg,"0,99 €","0,99 €/Kg"
Magnum mini 3 chocolates,Olá,Embalagem de 6 x 55 ml,"5,99 €","16,64 €/L"
Fralda cueca T6 - 16 a 22 kg,PorSi,18 unidades,"3,95 €","3,95 €/Unidade"
Frango Inteiro,Frango,1 un=2 Kg (aprox.),"3,98 €","2,49 €/Kg"
Aveia natural,Quaker,Embalagem de 500g,"2,99 €","7,97 €/Kg"
Luvas Colors,Vileda,Tamanho: M/G,"1,79 €","1,79 €/Unidade"
Puré de batata,Saint Eloi,Embalagem de 500 g,"1,99 €","1,99 €/Kg"
Iogurte líquido magro frutos vermelhos,PorSi Viva Bem,Embalagem de 4x160 ml,"1,17 €","1,83 €/Kg"
Sopa de rabo de boi,Knorr,Embalagem de 70g,"0,84 €","13,55 €/Kg"
Sopa de cebola,Knorr,Embalagem de 50g,"0,84 €","13,55 €/Kg"
Moinho 5 pimentas em grão,PorSi,Frasco com 40 g,"0,25 €","0,25 €/Kg"
Iogurte líquido magro frutos vermelhos,PorSi Viva Bem,Embalagem de 4x160 ml,"1,19 €","1,86 €/L"
"Vinho tinto doc dão, reserva",Cabriz,Garrafa de 0.75 l,"3,99 €","5,32 €/L"
Rojões,Porco,1 un = 250 gr  (aprox.),"1,00 €","3,98 €/Kg"
Xarope de limão sem corantes,Paquito,Garrafa de 750 ml,"4,89 €","6,61 €/L"
10 pães de leite,PorSi,Embalagem de 350g,"7,40 €/Kg","7,40 €/Kg"
Molho de soja com dispenser,KIKKOMAN,Garrafa de 150 ml,"3,99 €","26,60 €/L"
Canetas de Feltro Lavavel Kids - 14 +4,Bic,Uma embalagem,"4,69 €","4,69 €/Unidade"
Ambientador automático lavanda,PorSi,250 ml,"0,99 €","3,30 €/L"
Bolacha de água e sal júnior,Vieira,Embalagem de 160g,"1,89 €","15,75 €/Kg"
Rolo de Cozinha Multi,Renova,4 Rolos,"4,99 €","4,99 €/Unidade"
Broa de milho doce,Pão do Dia,450 g,"0,19 €","2,38 €/Kg"
Bacalhau desfiado,PorSi,Embalagem de 500g,"6,39 €","7,99 €/Kg"
Tomate Cereja Alongado Origens,PorSi Bio,Emb.: ± 250 g,"1,29 €","5,16 €/Kg"
Bife da Alcatra,Novilho,1 un = 200 gr (aprox.),"7,99 €/Kg","7,99 €/Kg"
Ameijoa Branca Grande,Marisco Fresco,1 un = 250 g (aprox.),"1,50 €","5,99 €/Kg"
Pão forma sem côdea,PorSi,Embalagem de 450g,"0,99 €","1,65 €/Kg"
Snack para gato crispies salmão e truta,Felix,Embalagem de 50g,"0,99 €","16,50 €/Kg"
Pilha alcalina classic lr6x4,Domédia,1 unidade,"1,49 €","1,49 €/Unidade"
Lixivia perfume fresco,Neoblanc,Embalagem de 2 l,"1,74 €","0,35 €/L"
Açucar granulado,PorSi,Embalagem de 1 kg,"1,49 €","1,49 €/Kg"
Óleo Performa 15W40,Galp,Embalagem de 1 l,"14,99 €","14,99 €/L"
Gelatina de manga,Koala,Embalagem de 130g,"0,85 €","2,13 €/Kg"
Mostarda a'lancienne,PorSi Select,190 g,"0,70 €","2,33 €/Kg"
Camarão cozido 30/40,Nossa seleção,Congelado,"2,00 €","7,99 €/Kg"
Salsicha Merguez,PorSi,1 un = 100 gr (aprox.),"1,40 €","13,99 €/Kg"
Salsichas de porco em lata,PorSi,Embalagem de 200g,"0,75 €","3,75 €/Kg"
Máquina Depilatória Venus Swirl,Gillette,1 unidade,"1,99 €","1,99 €/Unidade"
Frutapura maçã e pera,Bledina,Embalagem de 85g,"2,29 €","6,94 €/L"
Bacalhau lombos,PorSi,Embalagem de 1.5 kg,"6,39 €","7,99 €/Kg"
Super tea matcha verde,Tetley,Embalagem de 40g,"44,50 €/Kg","44,50 €/Kg"
Tablete de chocolate culinário negro,PorSi,Embalagem de 200 g,"16,67 €/Kg","16,67 €/Kg"
Chocolate kit kat,Kit kat,Embalagem de 130g,"16,40 €/Kg","16,40 €/Kg"
Rum 3 anos havan club (40º),Havana,Garrafa de 700 ml,"17,49 €","24,99 €/L"
Açúcar branco em saquetas,Rar,Embalagem com 170 saquetas,"1,49 €","1,49 €/Kg"
Travessa com naperon 45x36cm,PorSi,1 unidade,"0,99 €","0,99 €/Unidade"
Luvas Multi Latex M/L,Vileda,10 unidade,"4,29 €","4,29 €/Unidade"
Patafix branco,Uhu,Embalagem com 80 pastilhas adesivas,"2,49 €","2,49 €/Unidade"
Pasta Dentífrica Menta Suave,Aquafresh,Embalagem de 75 ml,"2,29 €","38,17 €/L"
Uva Branca,Fruta do Dia,1 un = 250 gr  (aprox.),"0,75 €","2,99 €/Kg"
Caracol com passas,*,90g,"0,29 €","0,29 €/Unidade"
Bebida de Arroz,PorSi Viva Bem,1 l,"1,59 €","1,59 €/L"
Limpa madeiras ecológico,PorSi,1.5 litros,"4,39 €","14,63 €/L"
Leite condensado magro cozido,Nestle,Embalagem de 390g,"1,09 €","2,75 €/Kg"
Jogo caça ao tesouro,Clementoni,1 unidade,"11,99 €/Unidade","11,99 €/Unidade"
Soft 5 Funções,Nenuco,1 unidade,"11,99 €","11,99 €/Unidade"
Pastel de Nata,Pastelaria do Dia,60 g,"0,29 €","0,29 €/Unidade"
Cerveja c/ álcool,Super Bock,pack 24 x 0.20 l,"1,99 €/L","1,99 €/L"
Café Moagem Universal do Brasil,PorSi,Embalagem de 220g,"9,16 €/Kg","9,16 €/Kg"
Amaciador concentrado para roupa floral,PorSi,80 doses,"3,99 €","3,99 €/Unidade"
Mousse chocolate,PorSi,Embalagem de 150g,"0,79 €","5,27 €/Kg"
"Salsichas wiennerwurt em frasco, 6 un",Nobre,Embalagem de 250g,"0,75 €","3,75 €/Kg"
Anti-Traça Cedro,Dum Dum,2 unidades,"5,99 €","176,18 €/Kg"
Coco ralado bio,PorSi Bio,Embalagem de 200 g,"1,79 €","8,95 €/Kg"
Óleo de girassol,PorSi,garrafa de 1 litro,"3,39 €","3,39 €/L"
Feijão encarnado,PorSi,Embalagem de 420 g,"1,79 €","2,29 €/Kg"
Espremedor,PorSi,1 unidade,"0,89 €","0,89 €/Unidade"
Iogurte natural sem lactose,PorSi Viva Bem,4 x 125 g,"0,99 €","1,98 €/Kg"
Arroz de Pato,Centralres,Vendido ao peso,"2,99 €","11,96 €/Kg"
Natas uht 3 queijos,Parmalat,Embalagem de 200 ml,"0,75 €","3,75 €/L"
Líquido Sanitário Ação Total Marine,WC Pato,Embalagem de 750 ml,"2,79 €","3,99 €/L"
Vinho doc dão branco,Grao vasco,Garrafa de 750 ml,"3,99 €","5,32 €/L"
Ambientador Arbre Coco,Arbre Magique,3 unidade,"1,99 €","1,99 €/Unidade"
Bolacha de água e sal júnior,Vieira,Embalagem de 160g,"0,98 €","3,27 €/Kg"
Creme calçado preto,PorSi,50 ml,"0,99 €","19,80 €/L"
Nestlé tablete de chocolate negro e amendoa,Nestle,Embalagem de 270g,"10,52 €/Kg","10,52 €/Kg"
Mala Crazy Chic Star Hairstyle,Clementoni,1 unidade,"6,99 €","6,99 €/Unidade"
Café torrado intensa,Nicola,Embalagem de 250 g,"9,16 €/Kg","9,16 €/Kg"
Detergente máquina roupa em gel universal,Persil,Embalagem de 42 doses,"13,99 €","3,29 €/L"
Snacks para Cão Markies Mini,Pedigree,Embalagem de 500 g,"0,94 €","5,22 €/Kg"
"Pães para hamburguer com sésamo, 4 unidades",Bimbo,embalagem de 220 g,"0,99 €","1,65 €/Kg"
Vinho tinto,PorSi,embalagem de 1 litro,"0,69 €","2,76 €/L"
"Lava tudo antibacteriano lavanda 1,5l",PorSi,Garrafa de 1.5 l,"0,99 €","0,50 €/L"
Café solúvel c/ cafeína,PorSi,Embalagem de 100g,"14,50 €/Kg","14,50 €/Kg"
Chocolate single 38g,Toff.crisp,Embalagem de 40g,"16,40 €/Kg","16,40 €/Kg"
Mel multifloral doseador,PorSi,Embalagem de 250g,"4,89 €","9,78 €/Kg"
"Lustrante pneus, em pistola",Arbo,Embalagem de 1 l,"3,99 €","0,80 €/L"
"Café em grão, lote superior",Delta,Embalagem de 1 kg,"9,16 €/Kg","9,16 €/Kg"
Tablete de chocolate extra fina leite/avelã,Nestle,Embalagem de 120g,"10,52 €/Kg","10,52 €/Kg"
Cappuccino café arábica cacau magro em pó,PorSi,250 ml,"3,19 €","25,52 €/Kg"
12 pastéis de bacalhau,PorSi,Embalagem de 300 g,"2,99 €","9,97 €/Kg"
Agarro o Coco,Games,,"6,99 €","6,99 €/Unidade"
Queijo roquefort,Páturages,Embalagem de 150 g,"2,61 €","13,05 €/Kg"
"Recarga ambientador, elétrico, baunilha",Air Wick,Embalagem de 19 ml,"5,99 €","23,96 €/L"
Adoçante em pó,Canderel,Embalagem de 90g,"5,99 €","23,96 €/Kg"
Água mineral sem gás,S.estrela,pack 4 x 1.5 l,"1,04 €","0,17 €/L"
Acetona,PorSi,Embalagem de 60 ml,"1,89 €","9,45 €/L"
Pensos higiénicos liberty noite abas,Evax,Embalagem com 9 un.,"4,99 €","4,99 €/Unidade"
Eau de Toilette Golden Kiss,B.U.,50 ml,"13,29 €","265,80 €/L"
Salsichão fuet caseiro,Elpozo,Embalagem de 150g,"1,35 €","16,88 €/Kg"
Apara lápis Galactic BLS,Maped,1 unidade,"2,69 €","2,69 €/Unidade"
Café torrado lote chávena máquina,Delta,Embalagem de 250g,"9,16 €/Kg","9,16 €/Kg"
Manteiga amendoim cremosa,PorSi,Embalagem de 340g,"8,54 €/Kg","8,54 €/Kg"
Sobremesa Paturette Creamy Chocolate,Páturages,Embalagem de 4X115G,"1,19 €","2,59 €/Kg"
Desodorizante roll on dermo invisible,Sanex,Embalagem de 50 ml,"50,80 €/L","50,80 €/L"
"Refrigerante sem gás, maracujá e la",Joi,"Garrafa de 1,5 l","1,35 €","0,90 €/L"
Iogurtes magros aroma morango,PorSi Viva Bem,Embalagem de 6 x 125 g,"1,44 €","2,88 €/Kg"
Gelado carte d'or yogurt & forest fruit,Olá,Embalagem de 900 ml,"5,49 €","6,10 €/L"
"Alimento para cão adulto bio complex, com frango",HappyOne,Embalagem de 4 kg,"12,95 €","3,24 €/Kg"
Ice tea de pêssego,PorSi,Garrafa de 2 l,"1,35 €","0,90 €/L"
Canja c/ aletria,Knorr,Embalagem de 70g,"0,84 €","13,55 €/Kg"
Rebuçados mel e limão,PorSi,Embalagem de 200g,"0,77 €","3,85 €/Kg"
Recargas ambientador elétrico pure clean linen,Glade,Embalagem de 2 x 20 ml,"5,99 €","23,96 €/L"
Leite especial cálcio + vitamina d magro,Mimosa,Garrafa de 1 l,"1,29 €","1,29 €/L"
Fermento em pó,PorSi,Embalagem de 150 g,"1,89 €","17,18 €/Kg"
Restaurador de Chão Envenizado Médio/Escuro,Novycera,Embalagem de 500 ml,"5,39 €","10,78 €/L"
Comida húmida para gato duplo prazer com peixe do oc...,Gourmet Gold,Embalagem de 90g,"3,49 €","10,26 €/Kg"
Arroz integral,PorSi Viva Bem,Embalagem de 1 kg,"1,09 €","1,09 €/Kg"
Butter cookies,PorSi,Embalagem de 450g,"0,90 €","6,00 €/Kg"
Paella,It.saveurs,Embalagem de 300g,"2,35 €","5,60 €/Kg"
Buondi extreme cafe moido 12x200g,Buondi,Embalagem de 200g,"9,76 €/Kg","9,76 €/Kg"
Pastilhas ice spearmint,CHICLETS,Embalagem de 17 g,"0,89 €","59,33 €/Kg"
Iogurte morango skyr 0%,PorSi Viva Bem,150 g,"1,29 €","8,90 €/Kg"
"Escova de dentes macia, 7-13 anos",Labell,1 unidade,"1,05 €","1,05 €/Unidade"
Água com gás natural,Perrier,Embalagem de 750ml,"2,85 €","2,85 €/L"
"Detergente líquido, manual loiça, original",Fairy,"Embalagem de 1,5 l","0,99 €","1,98 €/L"
Cereais Forma Natura,PorSi,500 g,"5,09 €","5,30 €/Kg"
Polpa de tomate em garrafa,Compal,Embalagem de 500g,"3,84 €","24,00 €/Kg"
Ambientador arbremagique limão,Arbre Magique,1 unidade,"1,99 €","1,99 €/Unidade"
Palitos superfinos,PorSi,Embalagem de 400 unidades,"1,29 €","1,29 €/Unidade"
Iogurte ananás 000%,PorSi Viva Bem,Embalagem de 4 x 125 g,"4,36 €","2,18 €/Kg"
Bolachas infantil dinossauros,Artiach,Embalagem de 190g,"1,89 €","15,75 €/Kg"
Mousse de chocolate leite,Páturages,Embalagem de 4x60 g,"1,19 €","2,59 €/Kg"
Limpa máquinas de loiça limão,PorSi,Embalagem de 250 ml,"1,49 €","5,96 €/L"
"Abacaxi ""Avião"" categoria II",*,Vendido ao peso (1un = 1.5 kg aprox.),"5,99 €","3,99 €/Kg"
Contact Ceys,Ceys,1 unidade,"2,59 €","86,33 €/Kg"
Renovador Camurça em Spray Preto,Búfalo,Embalagem de 250 ml,"6,19 €","24,76 €/L"
Argolas Romana,PorSi,Embalagem de 400 g,"1,91 €","4,78 €/Kg"
Nata uht para culinária,Parmalat,Embalagem de 200 ml,"0,75 €","3,75 €/L"
Rolos de papel multiusos 2 folhas,PorSi,1 unidade,"4,99 €","4,99 €/Unidade"
4 filetes de pescada panados c/ limão,Pescanova,Embalagem de 400g,"14,95 €/Kg","14,95 €/Kg"
Feijão branco fidalgo,Legumes secos,1 un = 100 gr. (aprox.),"0,23 €","2,29 €/Kg"
Agarro o Coco,Games,,"24,99 €/Unidade","24,99 €/Unidade"
"Tesoura de escritório, 17 cm",Domédia,1 unidade,"2,19 €","109,50 €/L"
Discos de algodão para bebé,PorSi,60 unidades,"1,79 €","1,79 €/Unidade"
Coffee Shop 100% Chef,Écoiffier,1 unidade,"11,99 €","11,99 €/Unidade"
Iogurte Pedaços Pêssego,PorSi,Embalagem de 2x135 g,"1,87 €","1,25 €/Kg"
Camião Betoneira,Lego,1 unidade,"6,99 €","6,99 €/Unidade"
Cogumelos inteiros,PorSi,Embalagem de 185 g,"1,79 €","2,29 €/Kg"
Polpa de tomate com cebola e alho,Compal,Embalagem de 500g,"3,84 €","24,00 €/Kg"
Champô cabelos pintados,Labell,Embalagem de 250 ml,"5,59 €","13,98 €/L"
Barra s.k frutos vermelhos,Kellogg's,Embalagem de 130g,"1,29 €","10,24 €/Kg"
Iogurte Activia 0% aveia e linhaça,Danone,Embalagem de 4 x 120 g,"2,49 €","5,19 €/Kg"
Barras fitness com chocolate,Nestle,Embalagem de 140g,"5,09 €","5,30 €/Kg"
Queijo Ovelha Curado,Meimoa,Vendido ao peso a partir de 250 gr,"3,73 €","14,90 €/Kg"
Salsa,PorSi,Embalagem de 50g,"0,99 €","19,80 €/Kg"
Puzzle Patrulha Pata,Clementoni,2 x 60 peças,"24,99 €/Unidade","24,99 €/Unidade"
"Limpa vidros pistola, cristal",Ajax,Embalagem de 500 ml,"3,19 €","6,38 €/L"
Café em grão,Delta,Embalagem de 1 kg,"9,16 €/Kg","9,16 €/Kg"
Depilatório homem gel,Veet,Garrafa de 200 ml,"2,99 €","14,95 €/L"
Régua duplo decimetro,CA1,1 unidade,"2,49 €","2,49 €/Unidade"
Camarão Tigre 6/8,Nossa seleção,vendido ao peso,"8,99 €","25,69 €/Kg"
Concentrado manga,Sunquick,Garrafa de 580 ml,"4,89 €","6,61 €/L"
Sacos de congelação pequenos,PorSi,"50 unidades, 1 embalagem","1,11 €","1,11 €/Unidade"
Re-New Branca,Pattex,Embalagem de 100 ml,"2,59 €","86,33 €/Kg"
Iogurte aroma 0% tutti fruti/coco,Longa vida,Embalagem de 6 x 120 g,"1,44 €","2,88 €/Kg"
12 ovos codorniz,PorSi,Embalagem de 1 unidades,"2,19 €","2,19 €/Unidade"
Frutapura Pouch Frutos Variados,Bledina,Embalagem de 85g,"2,29 €","6,94 €/L"
Bebida energética,Red Bull,Garrafa de 360 ml,"5,39 €","5,39 €/L"
Bolachas starship tradicional,PorSi,Embalagem de 150g,"0,90 €","6,00 €/Kg"
Bandas de cera facial peles normais,Veet,Embalagem de 20 unidades,"6,99 €","6,99 €/Unidade"
Abóbora Menina embalada Programa Origens,PorSi,1 un = 750 aprox,"0,79 €/Kg","0,79 €/Kg"
"Lenços de bolso sensitive, brancos, 10 unidades",Renova,1 embalagem de 18x10,"0,89 €","0,89 €/Unidade"
Sumo 100% Fruta Laranja Espremida,Compal,1 litro,"1,09 €","0,73 €/L"
Marmelada com noz,Quinta de Jugais,Embalagem de 500g,"1,09 €","2,42 €/Kg"
20 saquetas infusão de cidreira,Lipton,Embalagem de 20g,"0,99 €","76,15 €/Kg"
Leite UHT Meio Gordo,PorSi,Embalagem de 200 ml,"0,81 €","0,81 €/L"
Caldo de galinha 24 cubos,Knorr,Embalagem de 240g,"3,84 €","24,00 €/Kg"
Sidra maçã,Bandida,Lata de 500 ml,"1,59 €","3,18 €/L"
Lixivia perfumada,PorSi,Garrafa de 2 l,"2,59 €","1,30 €/L"
Liquido refrigerante verde 10%,PorSi,Embalagem de 1 l,"3,99 €","0,80 €/L"
Cereais lion chocolate/caramelo,Nestle,Embalagem de 400g,"1,29 €","10,24 €/Kg"
"Fita Isoladora, 2 Rolos",Itools,1 unidade,"2,59 €","86,33 €/Kg"
Pensos diários flexiform,Carefree,Embalagem de 30 unidades,"2,99 €","2,99 €/Unidade"
Orégãos em folhas,PorSi,Saqueta com 10 g,"0,25 €","0,25 €/Kg"
Paté de atum,PorSi,Embalagem de 65 g,"1,19 €","13,52 €/Kg"
Adoçante com doseador,PorSi,Embalagem 300 comprimidos,"5,99 €","23,96 €/Kg"
Atum ao natural,Ramirez,Embalagem de 120g,"9,08 €/Kg","9,08 €/Kg"
Desinfetante Têxtil,Sanytol,Embalagem de 500 ml,"3,99 €","5,70 €/L"
Lixívia tradicional,PorSi,Embalagem de 2 l,"1,74 €","0,35 €/L"
Néctar 8 frutos,Bongo,Pack 3 x 200 ml,"0,99 €","0,99 €/L"
"Inseticida, recarga, elétrico, pack 2",Raid,1 embalagem com 2x27ml,"19,99 €","246,79 €/L"
Milho doce,PorSi,Embalagem de 3 x 140 g,"1,79 €","2,29 €/Kg"
Removedor de bolores e fungos,Uhu,Embalagem de 500 ml,"1,49 €","1,99 €/L"
Massa pevide,Nacional,Embalagem de 250g,"0,89 €","1,78 €/Kg"
Leite C/ Chocolate,Mimosa,Embalagem de 4 x 200 ml,"0,26 €","1,30 €/L"
Leite uht sem lactose magro,PorSi Viva Bem,1 litro,"0,81 €","0,81 €/L"
Eau de Toilette Homem King of Seduction,António Banderas,Embalagem de 200 ml,"1,39 €","6,95 €/L"
"Discos desmaquilhantes, 120 unidades",PorSi,Embalagem de 120 unidades,"0,76 €","0,76 €/Unidade"
Pratos para pic nic 23 cm azuis,PorSi,Embalagem com 4 unidades,"1,99 €","1,99 €/Unidade"
Skittles fruits 174g,SKITTLES,Embalagem de 170g,"1,00 €","5,00 €/Kg"
Acetona,PorSi,Embalagem de 250 ml,"1,89 €","9,45 €/L"
Tira gorduras recarga,Mistolin,Garrafa de 550 ml,"4,89 €","6,52 €/L"
Sabonete sensitive,Palmolive,Embalagem de 4x90 g,"1,99 €","12,44 €/Kg"
Cotonetes para bebé,PorSi,Embalagem com 60 unidades,"0,58 €","0,58 €/Unidade"
Cerveja com álcool abadia,Super Bock,pack 6 x 0.33 l,"1,99 €/L","1,99 €/L"
Queijo mozzarela ralado,Valformoso,Embalagem de 150g,"7,45 €/Kg","7,45 €/Kg"
Entremeada s/ Entrecosto,Porco,Vendido ao peso a partir de 1 kg,"1,00 €","3,98 €/Kg"
1ª papa láctea multifrutos sem glúten +4 meses,Cerelac,Embalagem de 250g,"4,49 €","4,49 €/Kg"
Salsichas Frankfurt em lata,Izidoro,Embalagem de 120g,"0,75 €","3,75 €/Kg"
Bolacha de manteiga belga c/ chocolate,Saborosa,Embalagem de 200g,"1,69 €","6,76 €/Kg"
Sabonete de leite de burra,Confianca,Embalagem de 75 g,"1,99 €","12,44 €/Kg"
Cabeça de corvina,Nossa seleção,Vendido ao peso,"6,99 €","6,99 €/Kg"
Batata frita palha,PorSi,Embalagem de 160g,"0,87 €","5,44 €/Kg"
Barras de cereais nesquik,Nestle,Embalagem de 150g,"1,29 €","10,24 €/Kg"
Halls Mini Mints Menta,Halls,12.5 g,"1,00 €","5,00 €/Kg"
Sobremesa danette duplo baunilha e caramelo,Danone,Embalagem de 4 x 125 g,"1,19 €","2,59 €/Kg"
Água sem gás,Penacova,Garrafão de 5 litros,"1,04 €","0,17 €/L"
Raptor Slash,Nerf,1 unidade,"6,99 €","6,99 €/Unidade"
Alimento lácteo banana +6 meses,Yogolino,Embalagem de 90g,"2,89 €","7,23 €/Kg"
Bolachas extra pepitas xl,Ca!,Embalagem de 180g,"2,15 €","2,87 €/Kg"
Lixívia Spray Mousse Flor,Neoblanc,Embalagem de 700ml,"2,59 €","1,30 €/L"
Leite UHT Meio Gordo,Gresso,Embalagem de 1 l,"0,81 €","0,81 €/L"
Queijo flamengo ralado,Valformoso,Embalagem de 150g,"7,45 €/Kg","7,45 €/Kg"
Berbigão Médio,Marisco Fresco,1 un= 250 gr (aprox.),"1,50 €","5,99 €/Kg"
Filetes de atum dos Açores em azeite c/ orégãos,PorSi Select,190 g,"9,08 €/Kg","9,08 €/Kg"
"Bolachas aperitivas, simples",Tuc,Embalagem de 100g,"2,82 €","9,40 €/Kg"
Caderno Agrafado Capa Preta |A4 Pautado,Domédia,1 unidade,"0,49 €","0,49 €/Unidade"
Iguarias Pota com Alho,Pitéu,Embalagem de 120 g,"9,08 €/Kg","9,08 €/Kg"
Tapa fugas,Redex,Embalagem de 250 ml,"14,99 €","14,99 €/L"
Crepes de legumes,PorSi,Embalagem de 310g,"2,99 €","9,97 €/Kg"
Pasta de dentes max white expert white,Colgate,Embalagem de 75 ml,"2,29 €","38,17 €/L"
Massas alimentícias laços,PorSi,Embalagem de 500g,"0,89 €","1,78 €/Kg"
Queijo de cabra curado,PorSi,Embalagem de 2x100 g,"3,79 €","37,90 €/Kg"
Gelatina pronta a comer morango,Royal,Embalagem de 4 x 100 g,"0,85 €","2,13 €/Kg"
Extra vitamina de a a z,PLANTANATU,Embalagem de 1 unidades,"6,59 €","6,59 €/Unidade"
Bolacha shortcake,Nacional,Embalagem de 180g,"1,69 €","6,76 €/Kg"
Sobremesa Paturette Caramelo,Páturages,Embalagem de 4x115g,"1,19 €","2,59 €/Kg"
Óleo p/ Moto Performa M2T,Galp,Embalagem de 1 l,"14,99 €","14,99 €/L"
Tostas dietéticas,Diatosta,Embalagem de 225 g,"1,34 €","5,96 €/Kg"
Cerveja com álcool,Kings Bräu,"Embalagem de 0,33 l","1,99 €/L","1,99 €/L"
"Bebidas leite, caramelo machiatto",STARBUCKS,Embalagem de 220 ml,"2,15 €","9,77 €/L"
"Queijo em fatias, -50% gordura",Limiano,Embalagem de 200g,"1,56 €","7,80 €/Kg"
Creme para calçado incolor,PorSi,50 ml,"0,99 €","19,80 €/L"
Queijo flamengo em Barra,Ilha Azul,"Vendido ao peso, fatiado a partir de 100 gr","1,56 €","7,80 €/Kg"
Vassoura pequena,PorSi,unidade,"2,20 €","2,20 €/Unidade"
Iogurte yoco squeezy de morango,Nestle,Embalagem de 4 x 80 g,"1,05 €","1,86 €/L"
Legumes para sopa,PorSi,Embalagem de 1 kg,"1,89 €","1,89 €/Kg"
Spray calcário e sujidade,Cillitbang,Garrafa de 500 ml,"1,19 €","0,79 €/L"
Laca fixação forte,Elnett,Embalagem de 75 ml,"3,99 €","53,20 €/L"
Bolacha cookie sensations choco,Milka,Embalagem de 160g,"0,90 €","6,00 €/Kg"
Papa infantil não láctea bolacha maria +6 meses,Cerelac,Embalagem de 250g,"4,49 €","4,49 €/Kg"
Achocolatado intenso 40% cacau,Nestle,Embalagem de 330g,"8,59 €/Kg","8,59 €/Kg"
Néctar vital equilibrio laranja/cenoura/manga,Compal,Embalagem de 1 l,"0,99 €","0,99 €/L"
Crepe simples,PorSi,Embalagem de 630g,"2,99 €","5,54 €/Kg"
Mistura de frutos exóticos,PorSi,Embalagem de 450 g,"4,99 €","9,98 €/Kg"
Brócolos e couve-flor cortados,PorSi,500 g,"3,98 €/Kg","3,98 €/Kg"
Vinho tinto doc douro,Qta.cotto,Garrafa de 750 ml,"6,49 €","8,65 €/L"
"Sprite lima-limão sem açúcar embalagem 1,5 l.",Sprite,Garrafa de 1.5 l,"0,40 €/L","0,40 €/L"
Bolachas água e sal doces,Vieira,Embalagem de 170g,"0,98 €","3,27 €/Kg"
10 hamburguers 60% carne de bovino,PorSi,Embalagem de 1 kg,"2,34 €","7,31 €/Kg"
Biscoitos integrais sementes de agave,PorSi Viva Bem,Embalagem de 150g,"0,69 €","3,45 €/Kg"
Vinagre balsâmico modena,Gallo,Garrafa de 500 ml,"0,35 €","0,70 €/L"
Iogurte líquido morango,PorSi,Embalagem de 4 x 160 g,"1,17 €","1,83 €/Kg"
Bolacha maria junior doces,Vieira,Embalagem de 280g,"2,11 €/Kg","2,11 €/Kg"
"Refeição pronta, boião de legumes e vitela",Bledina,Embalagem de 200g,"1,89 €","9,95 €/Kg"
Mopa 1.2 spray max,Vileda,1 unidade,"0,89 €","0,89 €/Unidade"
"Luvas multiusos relevo antiderrapante, tamanho médio",PorSi,Embalagem de 1 unidades,"4,29 €","4,29 €/Unidade"
Tablete de chocolate de culinária - sem açúcar,PorSi Viva Bem,Embalagem de 100 g,"1,04 €","8,32 €/Kg"
Lixívia densa +,Neoblanc,Embalagem de 1 l,"1,74 €","0,35 €/L"
Spray wc anticalcário,PorSi,embalagem de 750 ml,"3,99 €","7,98 €/L"
Napolitanas creme cacau,PorSi,Embalagem de 320g,"1,77 €","5,53 €/Kg"
Mini tostas de trigo,Diatosta,Embalagem de 350 g,"2,39 €","6,83 €/Kg"
Limpa vidros,Arbo,embalagem de 500 ml,"3,99 €","0,80 €/L"
Sacos higiénicos para animal,Canaillou,4 x 20 unidades,"1,19 €","0,24 €/Kg"
Comida húmida para cão almôndegas,PorSi,Embalagem de 1200 g,"0,75 €","2,50 €/Kg"
Pão de forma sem côdea 9 cereais,Panrico,Embalagem de 480g,"0,99 €","1,65 €/Kg"
Alimento seco p/ cão actividade intensa,PorSi,Embalagem de 4kg,"12,95 €","3,24 €/Kg"
Cebola Roxa,Programa Origens,1 un = 500 gr (aprox.),"0,27 €","1,09 €/Kg"
Mini tostas trigo super finas,PorSi,Embalagem de 100 g,"2,39 €","6,83 €/Kg"
Lixívia densa verde,Neoblanc,Embalagem de 1 l,"1,74 €","0,35 €/L"
Bebida Energética Red Grape,Hell,250 ml,"5,39 €","5,39 €/L"
Batata frita palha,PorSi,Embalagem de 500g,"0,87 €","5,44 €/Kg"
Iogurte morango 000%,PorSi Viva Bem,Embalagem de 4 x 125 g,"1,44 €","2,88 €/Kg"
Café solúvel em saquetas,Nescafe,Embalagem de 45 g,"14,50 €/Kg","14,50 €/Kg"
Rebuçado recheio morango,PorSi,Embalagem de 250g,"1,00 €","5,00 €/Kg"
Manteiga s/ lactose,Primor,Embalagem de 130g,"1,69 €","6,76 €/Kg"
Tostas integrais,Diatosta,Embalagem de 225 g,"2,39 €","6,83 €/Kg"
Salsichas em lata,PorSi,Embalagem  de 120 g,"0,75 €","3,75 €/Kg"
Gelatina light de morango,Condi,Embalagem de 2x15g,"0,55 €","61,11 €/Kg"
"Chocolate m&m s, amendoim",M&m' s,Embalagem de 45 g,"11,98 €/Kg","11,98 €/Kg"
Caixa de arrumação reciclada,PorSi,20 litros,"5,59 €","5,59 €/Unidade"
Bola insuflável patrulha pata 50 cm,Mondo,1 un.,"2,99 €","2,99 €/Unidade"
Porto 10 anos,Valadao,Garrafa de 750 ml,"10,99 €","14,65 €/L"
Café Solúvel Black Roast,Nescafe,Embalagem de 200g,"14,50 €/Kg","14,50 €/Kg"
Sumo concentrado de laranja,GUD,Garrafa de 740 ml,"4,89 €","6,61 €/L"
Água s/ gás,Luso,"Garrafa de 0,75 l","1,04 €","0,17 €/L"
Escova de Dentes Júnior,Aquafresh,1 unidade,"1,05 €","1,05 €/Unidade"
Cerveja com álcool,Sagres,Garrafa de 1 l,"1,99 €/L","1,99 €/L"
"Líquido refrigerante, verde 10%",PorSi,Embalagem de 5 l,"3,99 €","0,80 €/L"
10 nuggets de frango,Capitão Iglo,Embalagem de 210g,"2,34 €","7,31 €/Kg"
Panos Esponja,Fino,3 unidades,"1,79 €","1,79 €/Unidade"
Café espresso descafeinado intensidade 6,PorSi,16 cápsulas,"1,59 €","6,36 €/Kg"
Compal da horta concentrado tomate,Compal,Embalagem de 140g,"3,84 €","24,00 €/Kg"
Vinhos Branco Reserva Dão,Cabriz,"Garrafa de 0,75L","3,99 €","5,32 €/L"
Fruta para bebé maçã banana morango +8 meses,Nestle,Embalagem de 90g,"0,74 €","8,22 €/Kg"
Gel de Banho Shea Butter & Vanilla,Dove,Embalagem de 750 ml,"6,49 €","8,65 €/L"
Desinfetante Multiusos,Sanytol,Embalagem de 750 ml,"4,89 €","6,52 €/L"
"Chá de mel, limão e ginseng",Tetley,Embalagem de 20g,"44,50 €/Kg","44,50 €/Kg"
Maruca,Nossa seleção,Congelada,"2,12 €","8,49 €/Kg"
Aveia instantânea em pó,Prozis,"Embalagem de 1,25 kg","0,69 €","0,69 €/Kg"
Penso diário salvaslip multiforma,Evax,embalagem de 34 unidades,"2,99 €","2,99 €/Unidade"
Néctar clássico tutti frutti,Compal,Garrafa de 200 ml,"0,99 €","0,99 €/L"
Nerf Elite Commander,Nerf,1 un.,"6,99 €","6,99 €/Unidade"
Sidra maçã,Somersby,pack 4 x 0.33 l,"1,59 €","3,18 €/L"
Lápis evolution nº 2 HB,Bic,1 embalagem,"2,69 €","2,69 €/Unidade"
20 mini rissóis de camarão,PorSi,Embalagem de 300 g,"2,99 €","9,97 €/Kg"
Senses Tropical,Trident,1 un.,"0,89 €","59,33 €/Kg"
Petit gâteau,PorSi,Embalagem de  4 x 80 g,"2,99 €","5,54 €/Kg"
Smint 2H intense mint,Smint,Embalagem de 35g,"1,00 €","5,00 €/Kg"
Sopa Creme de Marisco,PorSi,Embalagem de 80 g,"0,84 €","13,55 €/Kg"
"Refrigerante com gás cola, mini lata",Coca-Cola,pack 12 x 0.15 l,"0,40 €/L","0,40 €/L"
Iogurte liquido infantil morango,PorSi,Embalagem de 6 x 94 ml,"1,17 €","1,83 €/Kg"
Spray desinfetante casa de banho,Lysol,Embalagem de 500 ml,"3,99 €","7,98 €/L"
Dentifríco splash morango,Aquafresh,Embalagem de 75 ml,"1,05 €","1,05 €/Unidade"
Pizza marguerita,PorSi,Embalagem de 2 x 300 g,"2,16 €","6,17 €/Kg"
Salsichas Frankfurt em lata,Izidoro,Embalagem de 250g,"0,75 €","3,75 €/Kg"
Tarteletes com recheio avelã,PorSi,Embalagem de 91g,"2,15 €","2,87 €/Kg"
Vinho branco península de setúbal,Pioneiro,Garrafa de 0.75 l,"4,99 €","6,65 €/L"
Flan sabor a baunilha com caramelo,PorSi,Embalagem de 6 x 100 g,"1,19 €","2,59 €/Kg"
Lenços Bolso Colletion,Kleenex,Pack 15 unidades,"0,89 €","0,89 €/Unidade"
Noodle banzai carne,Cigala,Embalagem de 70g,"0,89 €","1,78 €/Kg"
"Alimento seco para gato junior, galinha",Whiskas,Embalagem de 350g,"12,99 €","4,33 €/Kg"
Cevada solúvel,PorSi,Embalagem de 200g,"1,64 €","6,56 €/Kg"
Salsichas extra suculentas de peru,Nobre,Frasco de 210g,"0,75 €","3,75 €/Kg"
"Bolachas, tubo",Oreo,Embalagem de 150g,"1,49 €","9,68 €/Kg"
Mochila Baby Shark,Mitama,1 unidade,"12,99 €","12,99 €/Unidade"
Mini tosta trigo,Diatosta,Embalagem de 90 g,"2,39 €","6,83 €/Kg"
Pão da Avó 90 g,Pão do Dia,,"0,19 €","2,38 €/Kg"
Miolo berbigão,PorSi,Embalagem de 250g,"4,99 €","6,24 €/Kg"
Queijo Flamengo Bola,Terra Nostra,1 un = 250 gr  (aprox.),"1,56 €","7,80 €/Kg"
Água destilada,PorSi,Garrafão de 5 l,"0,99 €","0,20 €/L"
"Queijo curado, amanteigado",Paiva,Embalagem de 550g,"2,00 €","7,99 €/Kg"
Bolacha digestive s/ gluten,Gullon,Embalagem de 150g,"2,69 €","17,93 €/Kg"
18 hamburguers de frango s/ glúten,Capitão Iglo,Embalagem de 1 kg,"11,44 €/Kg","11,44 €/Kg"
Pão ralado alho e salsa,PorSi,Embalagem de 240 g,"0,55 €","2,29 €/Kg"
Couve lombardo Programa Origens,PorSi,,"0,67 €","2,69 €/Kg"
"Refresco em pó, tropical",Tang,Embalagem de 30g,"0,75 €","18,75 €/Kg"
Vinho do porto white,Cruz,Garrafa de 750 ml,"11,99 €","15,99 €/L"
Bambolitos brancos,PorSi,Embalagem de 150g,"0,79 €","5,27 €/Kg"
Queijo Cabra 45% M.G,Bergelou,Vendido ao peso a partir de 250 gr,"2,61 €","13,05 €/Kg"
Rebuçados de mentol,Sweet flav,Embalagem de 250 g,"0,77 €","3,85 €/Kg"
Néctar tutti-fruti,Compal,Pack 3 x 200 ml,"0,99 €","0,99 €/L"
Gelatina pronta a comer light 10 kcal ananás,Royal,Embalagem de 4 x 100 g,"0,85 €","2,13 €/Kg"
Bife de atum,PorSi,Embalagem de 400 g,"4,39 €","10,98 €/Kg"
"Jogo ""Primeiras Palavras""",Clementoni,1 unidade,"11,99 €/Unidade","11,99 €/Unidade"
Creme de Barrar com Sabor a Manteiga,Becel,Embalagem de 400g,"5,40 €/Kg","5,40 €/Kg"
Alimento lácteo sem açucar com sabor a pêssego/banan...,Yogolino,Embalagem de 4 x 100 gr,"2,89 €","7,23 €/Kg"
Repelente de água,PorSi,Embalagem de 250 ml,"3,99 €","0,80 €/L"
"Plasticina Cores Sortidas, 12 barras",Bic,Caixa c/ 6 un.,"2,19 €","109,50 €/L"
Manteiga magra baixo teor sal,President,Embalagem de 250g,"1,69 €","6,76 €/Kg"
Bastão de Cola,Domédia,10 g,"2,19 €","109,50 €/L"
Beringela,Legumes do Dia,1 un=400 gr (aprox.),"0,67 €","2,69 €/Kg"
Super tea detox com selénio,Tetley,Embalagem de 40g,"44,50 €/Kg","44,50 €/Kg"
Napolitas creme baunilha,PorSi,Embalagem de 320g,"2,05 €","5,13 €/Kg"
Caldo de galinha 16 cubos,Knorr,Embalagem de 160g,"3,84 €","24,00 €/Kg"
Manteiga de amendoim crocante,Prozis,Embalagem de 500g,"8,54 €/Kg","8,54 €/Kg"
Vinho rosé,Lancers,Garrafa 0.75L,"3,99 €","5,32 €/L"
Polpa de maracuja,PorSi,Embalagem de 565g,"1,99 €","2,37 €/Kg"
Vinho maduro branco,C.da eira,Garrafa de 1 l,"0,69 €","2,76 €/L"
Bolacha dourada dietnature,Gullon,Embalagem de 330g,"2,11 €/Kg","2,11 €/Kg"
Gel Banho Apollo,Axe,Embalagem de 400 ml,"5,99 €","14,98 €/L"
Cerveja sem álcool,Super Bock,Pack 6 x 20 cl,"5,99 €","3,03 €/L"
Nectar vital equilibrio ananás/coco,Compal,Embalagem de 1 l,"0,99 €","0,99 €/L"
Pano multiusos felpo,PorSi,1 unidade,"1,79 €","1,79 €/Unidade"
Gelatina frutos tropicais  10kcal,Royal,Embalagem de 30g,"0,55 €","61,11 €/Kg"
Queijo Curado Trad.Pimentão,Alavão,Vendido ao peso a partir de 250 gr,"2,00 €","7,99 €/Kg"
Manteiga sem sal,Primor,Embalagem de 250g,"1,69 €","6,76 €/Kg"
Bebida de soja-arroz,Shoyce,Garrafa de 1 l,"1,19 €","1,86 €/L"
"Creme de dia, age perfect",L'oreal,Embalagem de 50 ml,"2,99 €","59,80 €/L"
Gelatina de coco origem vegetal,Koala,Embalagem de 130g,"0,85 €","2,13 €/Kg"
Vinho rosé mateus emotion,Mateus,Garrafa de 750 ml,"3,99 €","5,32 €/L"
Farinha nao láctea bolacha maria,PorSi,Embalagem de 250g,"4,49 €","4,49 €/Kg"
Bolacha Maria Integral,PorSi,Embalagem de 600g,"0,98 €","3,27 €/Kg"
Luva Pele,Itools,1 unidade,"2,69 €","2,69 €/Unidade"
"Shampoo, laranja",PorSi,Embalagem de 1 l,"3,99 €","0,80 €/L"
Pilha alcalina classic lr03x4,Domédia,1 unidade,"1,49 €","1,49 €/Unidade"
Tentáculo de Pota,PorSi,1 un = 1 Kg (aprox.),"6,99 €","6,99 €/Kg"
Nata uht,Mimosa,embalagem de 200 ml,"0,75 €","3,75 €/L"
Gel de banho naturals amêndoa e leite,Palmolive,500 ml,"5,99 €","7,99 €/L"
Bolachas de aveia e trigo integral,PorSi Viva Bem,Embalagem de 240g,"2,82 €","9,40 €/Kg"
Espuma Irresistível Volume,Tresemmé,Embalagem de 200 ml,"3,99 €","53,20 €/L"
Bolachas com cobertura de chocolate de leite,Oreo,Embalagem de 250g,"1,49 €","9,68 €/Kg"
Lambrusco tinto,*,Garrafa de 750 ml,"1,99 €","2,65 €/L"
Escova de Dentes Flex Interdental,Aquafresh,2 + 1 unidades,"3,49 €","3,49 €/Unidade"
Jogo caça ao tesouro,Clementoni,1 unidade,"24,99 €/Unidade","24,99 €/Unidade"
"Jogo ""8 em 1""",Clementoni,1 unidade,"11,99 €/Unidade","11,99 €/Unidade"
Fermento de padeiro em pó,Fermipan,Embalagem de 4x11 g,"1,89 €","17,18 €/Kg"
Amêijoa Branca Congelada,*,Vendido ao peso a partir de 200 g,"2,00 €","7,99 €/Kg"
Bebida energética,Red Bull,Pack 4 x 0.25 l,"5,39 €","5,39 €/L"
Gira a garrafa,Concentra,Uma unidade,"6,99 €","6,99 €/Unidade"
Bacalhau em lombos,PorSi,Embalagem de 800g,"6,39 €","7,99 €/Kg"
Spray limpeza casa de banho,Cillitbang,Embalagem de 500 ml,"3,99 €","7,98 €/L"
Ambientador elétrico + recarga alfazema,PorSi,1 unidade,"3,74 €","3,74 €/Unidade"
Tablete de chocolate com avelãs,PorSi,Embalagem de 100 g,"10,52 €/Kg","10,52 €/Kg"
Queijo Flamengo Bola,Limiano,1 un = 250 gr  (aprox.),"1,56 €","7,80 €/Kg"
Whisky Blended,Label 5,Garrafa de 1L,"19,99 €","19,99 €/L"
"Absorvedores de odores, relax zen",Brise,Embalagem de 2x150g,"16,63 €/L","16,63 €/L"
Leite uht magro,PorSi,Embalagem de 1 litro,"0,81 €","0,81 €/L"
Leite s/ lactose meio gordo,Mimosa,Garrafa de 1 l,"1,29 €","1,29 €/L"
Cappuccino intenso,Nescafe,Embalagem de 130g,"3,19 €","25,52 €/Kg"
Batata pré-frita mediterranean,MCCAIN,Embalagem de 750g,"1,39 €","1,39 €/Kg"
Pasta de atum,Fides,Embalagem de 90g,"1,19 €","13,52 €/Kg"
Gelatina morango 10kcal,Royal,Embalagem de 30g,"0,55 €","61,11 €/Kg"
12 Macarons Sortidos,PorSi Select,Embalagem de 144 g,"2,99 €","5,54 €/Kg"
Líquido wc active clean mint & jasmin,Ambipur,750 ml,"3,99 €","7,98 €/L"
Ice tea manga,Lipton,pack 6 x 0.25 l,"1,35 €","0,90 €/L"
Sabonete exfoliante alperce,Labell,Embalagem de 100 g,"1,99 €","12,44 €/Kg"
Café solúvel crema,Nescafe,Embalagem de 200g,"14,50 €/Kg","14,50 €/Kg"
Penso Higiénico Ultrafinos Normal Abas,PorSi,16 unidades,"4,99 €","4,99 €/Unidade"
Sal de mesa,PorSi,Embalagem de 250 g,"0,25 €","0,25 €/Kg"
Mini tostas integrais,PorSi,Embalagem de 180g,"2,39 €","6,83 €/Kg"
Spray tira gorduras,PorSi,Embalagem de 750 ml,"1,29 €","1,72 €/L"
Farinha láctea menos 40% açúcar,Cerelac,Embalagem de 250g,"4,49 €","4,49 €/Kg"
Spray anti-bolores,Cif,435 ml,"1,49 €","1,99 €/L"
Napolitanas creme cacau,PorSi,Embalagem de 320g,"2,05 €","5,13 €/Kg"
Cereais argolas de mel,PorSi,Embalagem de 375 g,"5,07 €/Kg","5,07 €/Kg"
Barras fitness com morango,Nestle,Embalagem de 140g,"5,09 €","5,30 €/Kg"
Moinho pimenta preta em grão,PorSi,Frasco com 45 g,"0,25 €","0,25 €/Kg"
5 manhãzitos,Bollycao,Embalagem com 175 g,"2,05 €","5,13 €/Kg"
Iogurte tipo grego stracciatella,PorSi,Embalagem de 500g,"1,49 €","2,98 €/Kg"
Gelado fizz limão,Olá,Embalagem de 6 x 60 ml,"5,99 €","16,64 €/L"
Lixívia tradicional,PorSi,Embalagem de 1 l,"1,74 €","0,35 €/L"
Spray power&shine casa de banho,Cif,Garrafa de 750 ml,"3,99 €","5,32 €/L"
Vinho branco,PorSi,embalagem de  3X187 ml,"0,69 €","2,76 €/L"
Tosta trigo,Diatosta,Embalagem de 510 g,"2,39 €","6,83 €/Kg"
Cereais chocapic,Nestle,Embalagem de 630g,"5,07 €/Kg","5,07 €/Kg"
Tortitas de Arroz com Chocolate Negro,Bicentury,Embalagem de 130g,"1,45 €","11,15 €/Kg"
Palito fry n' dip,MCCAIN,Embalagem de 500g,"1,39 €","1,39 €/Kg"
Queijo Flamengo Bola,Quinta do Convento,,"2,00 €","7,99 €/Kg"
20 saquetas chá digestão fácil,Lipton,Embalagem de 30g,"85,00 €/Kg","85,00 €/Kg"
Massa de pontinha grossa,Nacional,Embalagem de 250g,"0,89 €","1,78 €/Kg"
Recarga mopa,PorSi,1 unidade,"2,20 €","2,20 €/Unidade"
"Agrafos nº24/6, 2000 unidades",Maped,Uma embalagem,"2,49 €","2,49 €/Unidade"
Tablete de chocolate de leite com amêndoas - sem açú...,PorSi Viva Bem,Embalagem de 100 g,"10,52 €/Kg","10,52 €/Kg"
Creme p/ Calçado Preto,Búfalo,Embalagem de 40 ml,"0,99 €","19,80 €/L"
Gira a garrafa,Concentra,Uma unidade,"24,99 €/Unidade","24,99 €/Unidade"
Água com gás,Vimeiro,pack 6 x 0.25 l,"2,85 €","2,85 €/L"
Gelatina morango 8 kcal,PorSi,Embalagem de 4 x 100 g,"0,85 €","2,13 €/Kg"
Néctar de 8 frutos,Bongo,Garrafa de 1 l,"0,99 €","0,99 €/L"
Feijão frade,Compal,Lata de 410 ml,"1,79 €","2,29 €/Kg"
Bolacha cream cracker,Vieira,Embalagem de 200g,"0,39 €","3,12 €/Kg"
Arroz basmati,PorSi,Embalagem de 1 kg,"0,99 €","0,99 €/Kg"
Francesinha,PorSi,Embalagem de 450G,"3,53 €","8,83 €/Kg"
Ovos galinha solo m,PorSi,6 ovos,"1,39 €","1,39 €/Unidade"
Arroz basmati,Caçarola,Embalagem de 1 kg,"0,99 €","0,99 €/Kg"
Medalhões de pescada,PorSi,Embalagem de 400 g,"4,39 €","10,98 €/Kg"
Café solúvel viena,Nescafe,Embalagem de 140g,"14,50 €/Kg","14,50 €/Kg"
Luvas Multilatex M/L,Vileda,Embalagem com 100 un.,"4,29 €","4,29 €/Unidade"
Vinho branco regional península de setúbal,Lancers,Garrafa de 750 ml,"4,99 €","6,65 €/L"
Ambientador Difusor Frutos Vermelhos,PorSi,50 ml,"9,99 €","9,99 €/Unidade"
Toalhitas limpa moveis,PorSi,Embalagem de 24 unidades,"4,39 €","14,63 €/L"
Bolacha chocomax mini,Nacional,Embalagem de 120 g,"0,90 €","6,00 €/Kg"
Concentrado Laranja e Pêssego,Sunquick,Garrafa de 700 ml,"4,89 €","6,61 €/L"
Ração seca para gato adulto de peixe,PorSi,Embalagem 2 kg,"12,99 €","4,33 €/Kg"
"Fermento em pó, lata",Royal,Embalagem de 110g,"1,89 €","17,18 €/Kg"
Arroz integral,PorSi Viva Bem,Embalagem de 1 kg,"0,99 €","0,99 €/Kg"
Batata frita gourmet,PorSi,Embalagem de 150g,"1,06 €","5,73 €/Kg"
Queijo flamengo,Novacores,Embalagem de 320g,"1,56 €","7,80 €/Kg"
Pão de forma integral,Bimbo,Embalagem de 480 g,"0,99 €","1,65 €/Kg"
Sidra de maçã,Somersby,pack 6 x 0.2 l,"1,59 €","3,18 €/L"
"Limpa vidros pistola, tripla acção",Ajax,Embalagem de 500 ml,"3,19 €","6,38 €/L"
Açúcar amarelo,PorSi,Embalagem de 1 kg,"1,49 €","1,49 €/Kg"
Caffe latte go chill,Delta,230 ml,"3,19 €","25,52 €/Kg"
Tablete de chocolate culinário 70% negro,PorSi,Embalagem de 200 g,"16,67 €/Kg","16,67 €/Kg"
Néctar vital equilíbrio frutos vermelhos,Compal,Garrafa de 200 ml,"0,99 €","0,99 €/L"
Tempero em pó galinha,Knorr,Embalagem de 135g,"3,84 €","24,00 €/Kg"
Vela em número nº5,PorSi,1 unidade,"0,60 €","0,60 €/Unidade"
Tentáculos pota,PorSi,Embalagem de 800G,"5,49 €","6,86 €/Kg"
Chupa original,Chupachups,Embalagem de 120g,"3,40 €","28,33 €/Kg"
Óleo Cedro Líquido,PorSi,Embalagem de 200 ml,"4,39 €","14,63 €/L"
Néctar de pera,PorSi,Pack 3 x 200 ml,"0,99 €","0,99 €/L"
Preparado de tarte de flã,PorSi,360 g,"2,99 €","6,80 €/Kg"
Eau De Toilette Queen p/ Senhora,Rebel,100 ml,"13,29 €","265,80 €/L"
Vinho Regional Lisboa Reserva | Tinto,Romeira,Garrafa de 750 ml,"3,49 €","4,65 €/L"
Agrafador + 400 agrafos,Domédia,Uma embalagem,"2,19 €","109,50 €/L"
Queijo Roquefort AOC 52% M.G,Rocabret,Vendido ao peso a partir de 250 gr,"2,61 €","13,05 €/Kg"
Recarga inseticidas elétrico,Raid,Embalagem de 3 x 27 ml,"19,99 €","246,79 €/L"
"Paté de sarinha, atum e marisco",Fides,Embalagem de 90g,"1,19 €","13,52 €/Kg"
Bebida de Soja Chocolate,PorSi Viva Bem,Pack: 3 x 200 ml,"2,49 €","2,49 €/L"
6 chamucas de carne,PorSi,Embalagem de 240g,"2,99 €","9,97 €/Kg"
Detergente líquido baby,A+,24 doses,"9,99 €","8,33 €/L"
Bebida amêndoa,Shoyce,Embalagem de 1 litro,"0,99 €","0,99 €/L"
Pizza fresca de fiambre e queijo,PorSi,400 g,"0,99 €","4,30 €/Kg"
Bebida energética green,Monster,Garrafa de 500 ml,"5,39 €","5,39 €/L"
Iogurte liquido stracciatella,PorSi,Embalagem de 4 x 160 g,"1,17 €","1,83 €/Kg"
Semente linhaça castanha,Salutem,Embalagem de 250g,"1,09 €","2,73 €/Kg"
Feijão manteiga,PorSi,Embalagem de 500g,"0,95 €","1,90 €/Kg"
Bolachas maria,Triunfo,Embalagem de 200g,"2,11 €/Kg","2,11 €/Kg"
Queijo Coulommiers,Páturages,Embalagem de 350 g,"2,61 €","13,05 €/Kg"
"Gel para o cabelo, pasta remix",Studio Line,Embalagem de 150 ml,"3,99 €","53,20 €/L"
Salada bacon,PorSi,Embalagem de 192 g,"2,35 €","5,60 €/Kg"
Esferográfica Sortida Média,Mab,Embalagem com 10 un.,"2,69 €","2,69 €/Unidade"
Caderno Agrafado Capa Preta |A5 Quadriculado,Domédia,1 unidade,"0,99 €","0,99 €/Unidade"
Chocolate negro 85% cacau,Nestle,Embalagem de 120g,"16,67 €/Kg","16,67 €/Kg"
Coca-cola light,Coca-Cola,Garrafa de 1 l,"0,40 €/L","0,40 €/L"
Bolachas dinossauros dinoovos,Artiach,Embalagem de 140g,"1,89 €","15,75 €/Kg"
Vinho Vinha da Fonte Setúbal tinto,Casa Ermelinda Freitas,Garrafa de 0.75 l,"4,99 €","6,65 €/L"
"Rolos de cozinha compactos, branco, máxima absorção,...",Renova,1 unidade,"4,99 €","4,99 €/Unidade"
Farinha rainha c/ fermento,Nacional,Embalagem de 1000 g,"1,99 €","1,99 €/Kg"
Mini Tostas de Trigo,PorSi,Embalagem de 350 g,"2,39 €","6,83 €/Kg"
Wafer cacau cubos,Vieira,Embalagem de 100g,"0,98 €","4,67 €/Kg"
Chá Aromatizado Pirâmide Baunilha/Caramelo,PorSi,20 x 2 g,"58,44 €/Kg","58,44 €/Kg"
Pensos proteção calos,PorSi,embalagem com 9 unidades,"2,86 €","2,86 €/Unidade"
Refrigerante sem gás de manga/laran,Joi,"Garrafa de 1,5 l","1,35 €","0,90 €/L"
Lixivia perfumada,PorSi,Garrafa de 2 l,"1,74 €","0,35 €/L"
Pipocas doces,Orcape,Embalagem de 100g,"0,74 €","7,40 €/Kg"
Arroz agulha,Saludães,Embalagem de 1kg,"0,99 €","0,99 €/Kg"
Iogurte líquido morango / framboesa corpos danone,Danone,Embalagem de 4 x 155 g,"1,17 €","1,83 €/Kg"
Azeite tradição,Oliveira da Serra,Embalagem 3L,"3,19 €","4,25 €/L"
Bolachas vitalday recheio iogurte c/ frutos vermelho...,Gullon,Embalagem de 220g,"1,45 €","11,15 €/Kg"
Leite Protetor Sensitive Advanced 50+,Ambre Solaire,Embalagem de 200 ml,"16,99 €","84,95 €/L"
Massa de argolinhas,Nacional,Embalagem de 250g,"0,89 €","1,78 €/Kg"
Snacktoon rupy frutos variados,Bledina,Embalagem de 100g,"2,29 €","6,94 €/L"
Néctar pêssego,Compal,Pack 3 x 200 ml,"0,99 €","0,99 €/L"
Massa esparguete,PorSi,Embalagem de 500g,"0,89 €","1,78 €/Kg"
Esparguete fino,Nacional,Embalagem de 500g,"0,89 €","1,78 €/Kg"
Queijinhos Babybel Mix,Babybel,Embalagem de 180g,"0,82 €","23,43 €/Kg"
Desinfetante álcool gel com doseador,PorSi,500 ml,"5,24 €","5,24 €/Unidade"
Sobremesa tiramisú,Páturages,Embalagem de 4 x 80 g,"0,55 €","2,75 €/Kg"
Fermento,Royal,Embalagem de 230g,"1,89 €","17,18 €/Kg"
Bolacha maria doces,Vieira,Embalagem de 300g,"2,11 €/Kg","2,11 €/Kg"
Queijo grana padano D.O.P 16 meses de cura,PorSi Select,Embalagem de 180 g,"2,87 €","15,94 €/Kg"
Café mistura peninsular,Delta,Embalagem de 250g,"1,64 €","6,56 €/Kg"
Gelatina pronta a comer tutti frutti,Royal,Embalagem de 4x100 g,"0,85 €","2,13 €/Kg"
Ambientador elétrico botanica Vetiver das Caraíbas &...,Air Wick,1 unidade,"3,74 €","3,74 €/Unidade"
Papel de alumínio,PorSi,50 metros,"1,11 €","1,11 €/Unidade"
Ostra Portuguesa inteira,Nossa seleção,Pescado no mar,"1,50 €","5,99 €/Kg"
Recarga Panos p/ Madeira,Swiffer,18 un.,"1,79 €","1,79 €/Unidade"
Sabonete patti,Ach Brito,Embalagem de 160 g,"1,99 €","12,44 €/Kg"
Mostarda em frasco,Savora,Embalagem de 190g,"0,70 €","2,33 €/Kg"
Bolachas chips ahoy,Ca!,Embalagem de 130g,"0,90 €","6,00 €/Kg"
Salmão Fumado da Noruega,PorSi,Embalagem de 200 g,"3,35 €","22,33 €/Kg"
Lapiseira Velocity + 12minas,Bic,1 unidade,"2,69 €","2,69 €/Unidade"
"Borracha Technic, 600",Maped,embalagem com 2 unidades,"4,29 €","4,29 €/Unidade"
Anti-Traça Alimentos,Dum Dum,2 unidades,"5,99 €","176,18 €/Kg"
Dinosaurus chocoleche 340gr.         *12,Artiach,Embalagem de 340g,"1,19 €","26,44 €/Kg"
Leite condensado magro,PorSi,Embalagem de 390 g,"1,09 €","2,75 €/Kg"
8 hamburguers s/ glúten frango,Capitão Iglo,Embalagem de 480g,"11,44 €/Kg","11,44 €/Kg"
Oatibix aveia,Weetabix,Embalagem de 500g,"1,09 €","2,73 €/Kg"
Pão de Forma Cerealia 14 Cereais e Sementes 0% Açúca...,Panrico,Embalagem de 440g,"0,99 €","1,65 €/Kg"
Café com cafeina solúvel,Delta,Embalagem de 20g,"14,50 €/Kg","14,50 €/Kg"
Bolachas marítimas clássicas,PorSi Viva Bem,Embalagem de 200g,"1,45 €","11,15 €/Kg"
Filetes de cavala em azeite,PorSi,Embalagem de 120 g,"9,08 €/Kg","9,08 €/Kg"
Bebida de soja com cálcio,PorSi Viva Bem,Embalagem de 1 litro,"2,49 €","2,49 €/L"
Néctar de laranja e cenoura light,PorSi,Embalagem de 1 litro,"0,84 €","2,55 €/L"
Ice tea de limão,PorSi,"Embalagem de 6x0,20 l","1,35 €","0,90 €/L"
Prepar arroz marisco sem gluten cv 0.8kg,Brasmar,Embalagem de 800g,"2,19 €","8,59 €/Kg"
Iogurte magro + gelatina framboesa,Mimosa,Embalagem de 4 x 120 g,"1,44 €","2,88 €/Kg"
"Forma papel para bolos, 10. 5cm",PorSi,Embalagem com 60 unidades,"0,99 €","0,99 €/Unidade"
Iogurte líquido morango/cereais,PorSi,Embalagem de 4 x 160 g,"1,17 €","1,83 €/Kg"
Camarão vannamei 24/40,Pescanova,Embalagem de 800g,"8,99 €","25,69 €/Kg"
Batatas Pré-fritas Rosti com Cebola,PorSi,Embalagem com 600 g,"1,39 €","1,39 €/Kg"
Agrafador pocket universal nº10,Maped,1 unidade,"2,49 €","2,49 €/Unidade"
Iogurte líquido de frutos vermelhos,PorSi,Embalagem de 4 x 160 g,"1,17 €","1,83 €/Kg"
Saqueta puré de fruta e bolacha,PorSi,Embalagem de 90g,"0,74 €","8,22 €/Kg"
Cerveja super bock,Super Bock,Pack 6 x 200 ml,"1,99 €/L","1,99 €/L"
Azeite virgem clássico,PorSi,Garrafa de 750 ml,"3,19 €","4,25 €/L"
"Polpa de maracujá, em lata",Koala,Embalagem de 570g,"4,19 €","7,35 €/Kg"
Ambientador recarga oasis turquesa,Air Wick,Garrafa de 250 ml,"5,99 €","23,96 €/L"
Salsa folhas,PorSi,Embalagem de 10g,"0,25 €","0,25 €/Kg"
"Luva Nitrilica, anti-Deslizante, Nr.9",Itools,1 unidade,"2,69 €","2,69 €/Unidade"
Sopa de tomate,Knorr,Embalagem de 90g,"0,84 €","13,55 €/Kg"
EDT Mulher Nº43 (150ML+EDT 30ML),Caravan,1 unidade,"9,99 €","9,99 €/Unidade"
Café em cápsulas dolce gusto galão,Nescafe,Embalagem de 16 cápsulas,"54,36 €/Kg","54,36 €/Kg"
Sopa Canja de Galinha c/ Aletria,PorSi,Embalagem de 75 g,"0,84 €","13,55 €/Kg"
Chocolate quente 90 segundos,Lacasa,Embalagem de 350g,"8,59 €/Kg","8,59 €/Kg"
Óleo Gasolina 20w40,PorSi,Embalagem de 5 l,"14,99 €","14,99 €/L"
Café lote bocage moagem única,Nicola,Embalagem de 250g,"9,16 €/Kg","9,16 €/Kg"
Papel higiénico branco 2 folhas,PorSi,48 rolos,"1,99 €","1,99 €/Unidade"
Mistura para coelhos,Rac.zezere,Embalagem de 5 kg,"4,09 €","0,82 €/Kg"
Gel intimo propolis,Fres&Clean,Embalagem de 250 ml,"2,99 €","11,96 €/L"
Semente girassol,Salutem,Embalagem de 200g,"1,09 €","2,73 €/Kg"
Gel Duche Men Active Clean,Nivea Men,Embalagem de 500 ml,"5,99 €","14,98 €/L"
Água mineral sem gás,Vitalis,Pack 6 x 1.5 l,"1,04 €","0,17 €/L"
Escova de Dentes 1-2-3 Shiny Clean,Oral B,4 unidades,"3,49 €","3,49 €/Unidade"
Iogurte de morango sem lactose,PorSi Viva Bem,4 x 125 g,"1,87 €","1,25 €/Kg"
Gelado cornetto mini clássico,Olá,Embalagem de 8 x 60 ml,"5,99 €","16,64 €/L"
Iogurte líquido yoggi morango/banana,Nestle,Embalagem de 4 x 160 g,"1,17 €","1,83 €/Kg"
Massa de cotovelos grandes riscados,Milaneza,Embalagem de 500g,"0,89 €","1,78 €/Kg"
Queijo flamengo fatiado,PorSi,Embalagem de 200G,"1,56 €","7,80 €/Kg"
Arroz carolino,Louro,Embalagem de 1 kg,"0,99 €","0,99 €/Kg"
12 nuggets frango polme americano,Capitão Iglo,Embalagem de 220g,"14,95 €/Kg","14,95 €/Kg"
Fita Adesiva Brico Facil Especial Dupla Face,Ceys,1 unidade,"2,59 €","86,33 €/Kg"
Café descafeinado,PorSi,Embalagem de 250g,"1,59 €","6,36 €/Kg"
Bolachas com duplo creme,Oreo,Embalagem de 190g,"1,49 €","9,68 €/Kg"
Lava tudo antibacteriano floral,PorSi,"Garrafa de 1,5 l","0,99 €","0,50 €/L"
Sumo essencial pera,Compal,pack 3 x 0.11 l,"0,99 €","0,99 €/L"
Puré de maçã sem adição açúcar,PorSi,700 g,"0,74 €","8,22 €/Kg"
Bolachas Maria sem Açúcar,Vieira de Castro,Embalagem de 300 g,"2,11 €/Kg","2,11 €/Kg"
Tablete chocolate de leite,PorSi,embalagem de 100 g,"5,30 €/Kg","5,30 €/Kg"
Leite com chocolate light,Ucal,Embalagem de 6 x 250 ml,"0,26 €","1,30 €/L"
Feijão manteiga,PorSi,Frasco com 540 g,"1,79 €","2,29 €/Kg"
Leite seleccionado meio gordo,Matinal,Garrafa de 1 l,"0,81 €","0,81 €/L"
Vinho regional península de setúbal,Dom Campos,Garrafa de 0.75 l,"4,99 €","6,65 €/L"
Trinca de arroz,PorSi,Embalagem de 1 kg,"12,95 €","3,24 €/Kg"
Conjunto de 3 pinceis nº 4/8/12,Domédia,Uma embalagem,"4,69 €","4,69 €/Unidade"
"Toalhetes intimos sensitive, 15 unidades",Dystron,Uma embalagem,"2,99 €","2,99 €/Unidade"
Triciclo,Smoby,1 unidade,"6,99 €","6,99 €/Unidade"
Descafeinado,Buondi,10 cápsulas,"1,59 €","6,36 €/Kg"
Sumo 100% laranja,Compal,1 litro,"1,09 €","0,73 €/L"
Néctar vital equilibrio manga/maracujá,Compal,Embalagem de 1 l,"0,84 €","2,55 €/L"
Bolachas Vitalday crocantes aveia e chocolate de lei...,Gullon,Embalagem de 300g,"2,15 €","2,87 €/Kg"
Discos Sanitários Activos Aparelho Lavanda,WC Pato,Embalagem de 36 ml,"2,99 €","74,75 €/Kg"
Desinfetante álcool gel spray,PorSi,100 ml,"5,24 €","5,24 €/Unidade"
Sumo essencial pera,Compal,pack 3 x 0.11 l,"2,29 €","6,94 €/L"
Areia para gatos 100% natural,PorSi,Embalagem de 5 kg,"1,19 €","0,24 €/Kg"
Leite condensado,PorSi,Embalagem de 397 g,"1,09 €","2,75 €/Kg"
Cogumelos laminados,PorSi,Embalagem de 185 g,"1,79 €","2,29 €/Kg"
20 saquetas chá de frutos silvestres,Lipton,Embalagem de 30g,"44,50 €/Kg","44,50 €/Kg"
Actimel tutti-frutti,Danone,Embalagem de 6 x 100g,"4,15 €/Kg","4,15 €/Kg"
Champô anti-caspa,Labell,Embalagem de 400 ml,"5,59 €","13,98 €/L"
Sumo de laranja,Andros,Embalagem de 1 l,"1,09 €","0,73 €/L"
Pudim de chocolate,PorSi,Embalagem de 110g,"0,59 €","29,50 €/Kg"
Escova de dentes premier white,Colgate,1 unidade,"3,49 €","3,49 €/Unidade"
Chuchu,Legumes do Dia,1 un = 250 gr  (aprox.),"0,67 €","2,69 €/Kg"
Vinho verde branco alvarinho,Contacto,Garrafa de 0.75 l,"2,99 €","2,99 €/L"
Arroz vaporizado,PorSi,Embalagem de 1 kg,"0,99 €","0,99 €/Kg"
Bolachas cracker sem sal,PorSi,Embalagem de 500g,"0,39 €","3,12 €/Kg"
20 saquetas chá de pêssego manga,Lipton,Embalagem de 40g,"44,50 €/Kg","44,50 €/Kg"
Soro fisiológico,PorSi,Embalagem de 100 ml,"0,59 €","5,90 €/L"
Ração para gato bolas de pelo com frango,Friskies,"Embalagem de 1,5kg","12,99 €","4,33 €/Kg"
Termo drena rapid,PLANTANATU,Garrafa de 500 ml,"6,59 €","6,59 €/Unidade"
Dispensador com sacos higiénicos para animal,Canaillou,2 x 20 unidades,"1,19 €","0,24 €/Kg"
Azeite de moura virgem extra bio,PorSi Bio,Garrafa de 500 ml,"3,19 €","4,25 €/L"
Queijo mascarpone,Páturages,Embalagem 250G,"1,59 €","6,36 €/Kg"
"Coloração permanente, preto natural, nº3",Excellence,1 unidade,"9,49 €/Unidade","9,49 €/Unidade"
Vinho verde branco,3 marias,Garrafa de 1 l,"2,99 €","2,99 €/L"
Ervilhas,Iglo,"Embalagem de 1,125 kg","1,89 €","1,89 €/Kg"
Leite uht magro,Mimosa,Embalagem de 1 litro,"0,81 €","0,81 €/L"
Molho de maionese com alho e ervas,PorSi,Garrafa de 120 ml,"0,70 €","2,33 €/Kg"
Massa em espirais,PorSi,Embalagem de 500g,"0,89 €","1,78 €/Kg"
Bolacha shortcake chocolate,Nacional,Embalagem de 180g,"1,69 €","6,76 €/Kg"
"Sabonete sólido, mel",Feno,Embalagem de 360g,"1,99 €","12,44 €/Kg"
Vinagre balsâmico modena,Gallo,Garrafa de 250 ml,"0,35 €","0,70 €/L"
Pensos Higiénicos Cottonlike com Abas Normal Plus,Evax,28 unidades,"4,99 €","4,99 €/Unidade"
Pudim caramelo,PorSi,Embalagem de 90g,"0,59 €","29,50 €/Kg"
Ambientador Arbre Baunilha,Arbre Magique,3 unidade,"1,99 €","1,99 €/Unidade"
Spray limpeza casa de banho optimal 7,Ajax,Embalagem de 500 ml,"3,99 €","7,98 €/L"
Alimento seco p/ cão raça pequena,PorSi Select,Embalagem de 3kg,"12,95 €","3,24 €/Kg"
Leite evaporado,PorSi,Embalagem de 410g,"1,09 €","2,75 €/Kg"
Refrigerante com gás free,Seven-up,"Garrafa de 1,25 l","0,40 €/L","0,40 €/L"
Batata pom'duchesse,PorSi,Embalagem de 600g,"1,39 €","1,39 €/Kg"
Sardinhas em óleo picante,Ramirez,Embalagem de 130g,"9,08 €/Kg","9,08 €/Kg"
Limpa vidros azul,PorSi,Embalagem de 1 l,"3,99 €","0,80 €/L"
Cerveja branca,Super Bock,pack 30 x 0.20 l,"1,99 €/L","1,99 €/L"
Laca volume,Nivea,Embalagem de 250 ml,"3,99 €","53,20 €/L"
Açafrão das Índias,PorSi,Embalagem de 50g,"0,25 €","0,25 €/Kg"
Gelado cornetto morango,Olá,Embalagem de 6 x 90 ml,"5,99 €","16,64 €/L"
Molho cervejeira 8 cubos,Knorr,Embalagem de 70g,"3,84 €","24,00 €/Kg"
Pudim flan,El mandari,Embalagem de 10g,"0,59 €","29,50 €/Kg"
5 gouaches de cores primárias,Domédia,Uma embalagem,"4,69 €","4,69 €/Unidade"
"Bombons de chocolate, praleine",Schogetten,Embalagem de 100g,"5,30 €/Kg","5,30 €/Kg"
Vinho bag-in-box tinto,C.alqueva,Garrafa de 5 l,"9,49 €","1,90 €/L"
Leite uht meio gordo,Mimosa,Embalagem de 1 litro,"0,81 €","0,81 €/L"
8 salsichas aves,Izidoro,Embalagem de 200g,"0,75 €","3,75 €/Kg"
Molas de madeira,PorSi,36 unidades,"0,89 €","0,89 €/Unidade"
Queijo Brie M.Gorda 60%,President,Vendido ao peso a partir de 250 gr,"2,61 €","13,05 €/Kg"
Strike Elite Mega Bigshock,Nerf,1 un.,"6,99 €","6,99 €/Unidade"
Iogurte sabor a coco,PorSi,Embalagem de 4 x 125 g,"1,87 €","1,25 €/Kg"
Batata pré-frita para forno,PorSi,Embalagem de 750 g,"1,39 €","1,39 €/Kg"
Lava tudo brilhante madeiras,PorSi,Embalagem de 1.1 litros,"4,39 €","14,63 €/L"
Brandy,Constantin,Garrafa de 700 ml,"14,99 €","14,99 €/L"
Magnum mini white mix,Olá,Embalagem de 6 x 55 ml,"5,99 €","16,64 €/L"
Marmelada,Ferbar,Embalagem de 800g,"1,09 €","2,42 €/Kg"
Tostas suecas integrais,PorSi,Embalagem de 225 g,"2,39 €","6,83 €/Kg"
Massa de macarrão riscado,Nacional,Embalagem de 500g,"0,89 €","1,78 €/Kg"
Iogurte arôma de frutos vermelhos,PorSi,Embalagem de 8x125 g,"1,87 €","1,25 €/Kg"
Sobremesa gelatina de morango,PorSi,Embalagem 4X100G,"0,85 €","2,13 €/Kg"
Queijo de cabra curado,Seia,Embalagem de 430g,"3,79 €","37,90 €/Kg"
Azeitona preta,PorSi,Embalagem de 560 g,"1,79 €","2,29 €/Kg"
Bolachas crackers com sal,PorSi,Embalagem de 500g,"0,39 €","3,12 €/Kg"
Patê frango,La piara,Embalagem de 80g,"1,19 €","13,52 €/Kg"
Lava Tudo Perfumado Lavanda,PorSi,Embalagem de 2 l,"0,99 €","0,50 €/L"
Ambientador elétrico pure clean linen + recarga,Glade,1 unidade,"3,74 €","3,74 €/Unidade"
Tablete de chocolate leite c/ avelãs,Milka,Embalagem de 270g,"10,52 €/Kg","10,52 €/Kg"
Fita adesiva,PorSi,5m x 2.5 cm,"2,86 €","2,86 €/Unidade"
Iogurte líquido infantil morango e banana,PorSi,Pack 6 x 100 g,"1,17 €","1,83 €/Kg"
Sementes de girassol,PorSi Viva Bem,Embalagem de 200 g,"1,59 €","10,60 €/Kg"
Salsicha p/Churrasco XL,Carne Sorraia,1 Embalagem 360G,"2,09 €","9,95 €/Kg"
Escova para lavar,PorSi,1 unidade,"2,20 €","2,20 €/Unidade"
Esferográfica Cristal Ouro e Prata x2,Bic,1 unidade,"2,69 €","2,69 €/Unidade"
Bolachas ricanela,Cuetara,Embalagem de 400g + 100g grátis,"0,39 €","3,12 €/Kg"
Néctar de laranja,Bongo,Garrafa de 1 l,"0,99 €","0,99 €/L"
Liegeois de chocolate,Milchfrisc,Embalagem de 200g,"0,55 €","2,75 €/Kg"
Corantes alimentares ducros,Vahine,Garrafa de 20 ml,"1,89 €","17,18 €/Kg"
Iogurte vidro pedaços morango,PorSi,Embalagem de 2 x 135 g,"1,49 €","2,98 €/Kg"
"Frigideira anti-aderente, 24cm",PorSi,1 unidade,"14,99 €","14,99 €/Unidade"
Vermute bianco,Martini,Garrafa de 1 l,"11,99 €","11,99 €/L"
Batata pré-frita noisette,PorSi,Embalagem de 1 kg,"1,39 €","1,39 €/Kg"
Alface Frisada,*,1 un= 400 g (aprox.),"0,96 €","2,39 €/Kg"
Lixívia Tradicional,Neoblanc,Embalagem de 4 l,"1,74 €","0,35 €/L"
Polpa de tomate em garrafa,Compal,Embalagem de 1 kg,"3,84 €","24,00 €/Kg"
Iogurte natural,PorSi,Embalagem 12 x 125 g,"0,99 €","1,98 €/Kg"
Polpa de cebola e alho,PorSi,Embalagem de 500 g,"3,84 €","24,00 €/Kg"
Areia para gato aglomerante,PorSi,Embalagem de 5 litros,"1,19 €","0,24 €/Kg"
Pavilhão Politileno Branco,*,Dim.: 2x3 m,"29,99 €","29,99 €/Unidade"
Pó de talco,PorSi,Embalagem de 250g,"0,59 €","5,90 €/L"
Bolacha de caramelo,Snapy,Embalagem de 250g,"2,11 €/Kg","2,11 €/Kg"
Sopa de Cebola,PorSi,Embalagem de 62 g,"0,84 €","13,55 €/Kg"
Pudim flan,PorSi,Embalagem de 4 x 5.6 g,"0,59 €","29,50 €/Kg"
Mistolin advanced lixívia,Mistolin,Garrafa de 500 ml,"1,49 €","1,99 €/L"
Toalha em rolo papel azul,PorSi,1 Unidade,"3,45 €","3,45 €/Unidade"
Cereais choco max,Nacional,Embalagem de 300 g,"5,07 €/Kg","5,07 €/Kg"
Conjunto Caravan Nº1,Caravan,1 unidade,"9,99 €","9,99 €/Unidade"
Sementes de chia,PorSi Viva Bem,Embalagem de 150 g,"1,59 €","10,60 €/Kg"
Cebolinho vaso aromáticas vivas,Aroma viva,Embalagem de 1 unidades,"1,35 €","1,35 €/Unidade"
Vinho tinto regional peninsula de setúbal,Fonte nico,Garrafa de 750 ml,"4,99 €","6,65 €/L"
Caneta BL. Eye UB-150 Preto,Uni-Ball,1 embalagem,"2,69 €","2,69 €/Unidade"
Rebuçados peitorais,Dr.bayard,Embalagem de 200g,"0,77 €","3,85 €/Kg"
Aguarelas 30mm x 12,Giotto,1 unidade,"4,29 €","4,29 €/Unidade"
Iogurte grego maçã e canela,Danone,Embalagem de 4 x 110 g,"1,49 €","2,98 €/Kg"
Iogurte natural,Danone,Embalagem de 8x120g com 1 unidade grátis,"0,99 €","1,98 €/Kg"
Iogurte oikos pêssego,Danone,Embalagem de 4 x 110g,"1,49 €","2,98 €/Kg"
Lenços de bolso folha tripla,PorSi,9 x 30 unidades,"0,89 €","0,89 €/Unidade"
Sobremesa danette chocolate,Danone,Embalagem de 4 x 125 g,"1,19 €","2,59 €/Kg"
Batata Pré-Frita Croquettes,PorSi,Embalagem de 1 kg,"1,39 €","1,39 €/Kg"
Fio dental gentle suave,Sensodyne,1 unidade,"0,89 €","0,89 €/Unidade"
Baton blackberry shine,Labello,1 un.,"0,58 €","0,58 €/Unidade"
"Tiras limpa poros faciais, 6unidades",Labell,1 embalagem,"0,76 €","0,76 €/Unidade"
Queijo azul,PorSi,100 g,"1,89 €","18,90 €/Kg"
Gomas de amoras,Fini,Embalagem 100G,"0,89 €","8,90 €/Kg"
Detergente líquido p/ máquina lavar roupa cores,Woolite,"Garrafa de 1,65 l","13,99 €","3,29 €/L"
Marcador Turbo Color x12,Giotto,Uma embalagem,"4,69 €","4,69 €/Unidade"
Sabonete extra suave de limão,Labell,Embalagem de 2x100 g,"1,99 €","12,44 €/Kg"
Licor frutos tropicais,Safari,Garrafa de 700 ml,"16,99 €","24,27 €/L"
Aroma baunilha,Vahine,Embalagem de 20g,"1,89 €","17,18 €/Kg"
Recarga Esfregona de Microfibras,PorSi,1 unidade,"0,89 €","0,89 €/Unidade"
Carapau Pequeno,Peixe do Dia,1 un = 100 g (aprox.),"6,49 €/Kg","6,49 €/Kg"
Oikos morango 110g x4,Danone,Embalagem de 440g,"1,49 €","2,98 €/Kg"
Ovos galinha solo L,PorSi,12 unidades,"1,39 €","1,39 €/Unidade"
Crocantes de frango original,Iglo,Embalagem de 180g,"14,95 €/Kg","14,95 €/Kg"
Detergente Multiusos Spray,Ajax,Garrafa de 500 ml,"1,19 €","0,79 €/L"
"Guardanapos brancos, 33x33cm, 2 folhas, 90 unidades",Renova,Uma embalagem,"1,29 €","1,29 €/Unidade"
Choco flakes,Cuetara,Embalagem de 500g,"5,07 €/Kg","5,07 €/Kg"
"Coloração permanente, vermelho ousado nº5.62",Nutrisse,1 unidade,"9,49 €/Unidade","9,49 €/Unidade"
Bebida essencial frutos vermelhos,Compal,Pack 3 x 0.11 l,"2,29 €","6,94 €/L"
Água s/ gás,Luso,Pack 6 x 1.5 l,"1,04 €","0,17 €/L"
Néctar 8 frutos,Bongo,Pack 6 x 200 ml,"0,99 €","0,99 €/L"
"Rebuçados de fruta, diamante",PorSi,Embalagem de 200 g,"1,00 €","5,00 €/Kg"
Biscoitos integrais aveia e manteiga de amendoim,PorSi Viva Bem,Embalagem de 150g,"0,69 €","3,45 €/Kg"
"Massa polir, em bisnaga",Redex,Embalagem de 125 ml,"3,99 €","0,80 €/L"
"Sumo 100%, tutti-frutti",PorSi,"Embalagem de 1,5 l","1,09 €","0,73 €/L"
Gel de Banho Deeply Nourishing,Dove,Embalagem de 750 ml,"6,49 €","8,65 €/L"
Pensos Incontinência Mulher Discreet Normal,Tena,Embalagem com 24 unidades,"1,95 €","1,95 €/Unidade"
Bolachas bambolitos chocolate e leite,PorSi,Embalagem de 150g,"0,79 €","5,27 €/Kg"
Cereais fitness,Nestle,Embalagem de 640 g + 320 g grátis,"5,09 €","5,30 €/Kg"
Cerveja 0.0%,Heineken,Lata de 0.33 l,"5,99 €","3,03 €/L"
Lava tudo para pavimentos de madeira,Ajax,Embalagem de 1 litro,"4,39 €","14,63 €/L"
Cera de depilação profissional,Veet,Garrafa de 300 ml,"6,99 €","6,99 €/Unidade"
Cacau magro em pó,PorSi,Embalagem de 125 g,"1,04 €","8,32 €/Kg"
Penso júnior,PorSi,20 unidades,"2,86 €","2,86 €/Unidade"
Moscatel de setúbal,Selecção de Enófilos,"Garrafa de 0,75 l","6,79 €/L","6,79 €/L"
Vinagre vinho branco 250ml,Cristal,Garrafa de 250 ml,"0,35 €","0,70 €/L"
Elixir Total Care Zero,Listerine,Embalagem de 500 ml,"5,99 €","11,98 €/L"
Champanhe bruto,Delagne & Fils,"Garrafa de 0,75 l","34,99 €","46,65 €/L"
Eau De Toilette Free Spirit p/ Senhora,Rebel,100 ml,"13,29 €","265,80 €/L"
Água c/ gás limão,Frize,pack 4 x 0.25 l,"2,85 €","2,85 €/L"
Iogurte aroma de banana,PorSi,Embalagem de 4x125g,"1,87 €","1,25 €/Kg"
40 filtros café número 4,Planteur,Embalagem com 40 filtros,"0,89 €","0,89 €/Unidade"
Bolacha tosta rica choco guay,Cuetara,Embalagem de 170g,"1,89 €","15,75 €/Kg"
Gomas favoritos açúcar,Haribo,Embalagem de 90g,"0,89 €","8,90 €/Kg"
Bolacha waffer bites cacau,Waferland,Embalagem de 125g,"0,98 €","4,67 €/Kg"
Mimosa bem especial leite e amêndoa,Mimosa,Embalagem de 1 litro,"0,99 €","0,99 €/L"
Atum posta em óleo,Bom petisc,Embalagem de 120 g,"9,08 €/Kg","9,08 €/Kg"
Creme vegetal culinário,Vaqueiro,Embalagem de 250 g,"2,89 €","2,89 €/Kg"
Café em cápsulas deqafeitatus,Delta Q,Embalagem de 55 g,"54,36 €/Kg","54,36 €/Kg"
Manteiga c/ sal gourmet,Novacores,Embalagem de 250g,"1,69 €","6,76 €/Kg"
Guardanapos | Dim.: 30 x 33 cm,PorSi,Embalagem com 20 unidades,"1,29 €","1,29 €/Unidade"
Super Cola,Vito,2 unidade,"2,59 €","86,33 €/Kg"
"Frutapura maçã, banana e frutos do bosque",Bledina,Embalagem de 85g,"2,29 €","6,94 €/L"
Melão Amarelo,Fruta do Dia,Vendido ao peso | 1 un = 2.5 kg (aprox.),"0,75 €","2,99 €/Kg"
Alecrim em folhas,PorSi,Embalagem de 25g,"0,25 €","0,25 €/Kg"
Creme abrasivo de limão,PorSi,Embalagem de 750 ml,"0,99 €","0,99 €/L"
Iogurte de morango sem lactose,PorSi Viva Bem,4 x 125 g,"0,99 €","1,98 €/Kg"
Esparguete s/ glúten,Milaneza,Embalagem de 500g,"2,99 €","7,97 €/Kg"
20 saquetas chá verde pure,Lipton,Embalagem de 30g,"85,00 €/Kg","85,00 €/Kg"
Gelatina ananás 10kcal,Royal,Embalagem de 30g,"0,55 €","61,11 €/Kg"
Chocolate lion,Lion,Embalagem de 40g,"16,40 €/Kg","16,40 €/Kg"
Desodorizante roll-on invisible,Rexona,Embalagem de 50 ml,"50,80 €/L","50,80 €/L"
Pudim caseiro de laranja,Royal,Embalagem de 200g,"0,59 €","29,50 €/Kg"
Porto branco,Valadao,Garrafa de 750 ml,"11,99 €","15,99 €/L"
Sal marinho integral,Cemporcent,Embalagem de 1 kg,"0,69 €","0,69 €/Kg"
Azeite virgem extra seleção,PorSi,Garrafa de 2 l,"3,19 €","4,25 €/L"
Acendalha Querosene,Quinas,Uma embalagem - 32Unidades,"0,75 €","0,75 €/Unidade"
Escova de dentes Hello Smile suave 9+,Jordan,1 unidade,"1,05 €","1,05 €/Unidade"
Farinha láctea cerelac,Cerelac,Embalagem de 500g,"4,49 €","4,49 €/Kg"
"Busca Polos, grande",Itools,1 unidade,"2,69 €","2,69 €/Unidade"
Lombos de salmão,PorSi,Embalagem de 300g,"4,39 €","10,98 €/Kg"
Banha,PorSi,Embalagem de 940 g,"2,89 €","2,89 €/Kg"
Crepe de ovo,PorSi,Embalagem de 540 g,"2,99 €","5,54 €/Kg"
Croutons com azeite,PorSi,Embalagem de 150g,"2,39 €","6,83 €/Kg"
Cápsulas de café com leite cappuccino,Nescafe,Embalagem com 16 cápsulas,"54,36 €/Kg","54,36 €/Kg"
Pizza romana,PorSi,Embalagem de 370g,"2,16 €","6,17 €/Kg"
Marmelada,PorSi,Embalagem de 450g,"1,09 €","2,42 €/Kg"
Chá de alcachofra e dente-de-leão,PLANTANATU,Embalagem de 20g,"1,25 €","62,50 €/Kg"
Gel wc anticalcário sem lixívia,PorSi,"Garrafa de 1,5 l","2,79 €","3,99 €/L"
"Esferográfica, 4 cores",Bic,1 unidade,"2,69 €","2,69 €/Unidade"
"Vela em número, nº 6",PorSi,1 unidade,"0,60 €","0,60 €/Unidade"
5 manhãzitos choco chips,Manhazitos,Embalagem de 175 g,"7,40 €/Kg","7,40 €/Kg"
Azeite virgem delicado,Gallo,Garrafa de 750 ml,"3,19 €","4,25 €/L"
Néctar clássico de pera,Compal,Garrafa de 200 ml,"0,99 €","0,99 €/L"
Iogurte pedaços ananás,PorSi,Embalagem de 4 x 125 g,"4,36 €","2,18 €/Kg"
Lava Tudo Amoniacal,Sonasol,"Garrafa de 1,3 l","0,99 €","0,50 €/L"
Peito de peru fatiado,PorSi,Embalagem de 200g,"2,25 €","11,25 €/Kg"
Maionese,PorSi,Embalagem de 414 g,"0,70 €","2,33 €/Kg"
Tablete de chocolate leite,Schogetten,Embalagem de 100g,"5,30 €/Kg","5,30 €/Kg"
Mistura vegetais para wok,PorSi,Embalagem de 750g,"1,89 €","1,89 €/Kg"
Pastilhas fire canela,CHICLETS,Embalagem de 16 g,"0,89 €","59,33 €/Kg"
Chupas Party Mix,PorSi,150 g,"3,40 €","28,33 €/Kg"
Frutapura Pouch Banana Morango,Bledina,Embalagem de 85g,"2,29 €","6,94 €/L"
Tostas integrais,PorSi,Embalagem de 225g,"2,39 €","6,83 €/Kg"
Sacos do lixo perfumado 30 litros,PorSi,15 unidades,"1,79 €","1,79 €/Unidade"
Rolo Cozinha Meia Folha Adapt,Colhogar,2 rolos,"4,99 €","4,99 €/Unidade"
Queijo Flamengo Fatias Light,Agros,Embalagem de 170g,"2,39 €","19,92 €/Kg"
"Carteira etiquetas, 24x35",Domédia,1 unidade,"0,49 €","0,49 €/Unidade"
Chocolate de leite e amêndoas,Milka,Embalagem de 125g,"10,52 €/Kg","10,52 €/Kg"
Bebida de soja e chocolate,PorSi Viva Bem,Embalagem de 1 l,"2,49 €","2,49 €/L"
Bastão de cola,Domédia,20 g,"2,19 €","109,50 €/L"
Café Moagem Universal Honduras,PorSi,Embalagem de 220g,"9,16 €/Kg","9,16 €/Kg"
Folhado de salsichas,Pastelaria do Dia,1 unidade = 110 g,"0,99 €","0,99 €/Unidade"
Queijo fatiado cheddar,PorSi,Embalagem de 150 g,"1,56 €","7,80 €/Kg"
Cabeça sem Osso,Porco,1 un = 1 kg (aprox.),"0,35 €","1,39 €/Kg"
Pao brioche fatiado,PorSi,Embalagem 500G,"0,99 €","1,65 €/Kg"
Feijoada transmontana,Nobre,Embalagem de 420g,"2,35 €","5,60 €/Kg"
Cereais all bran,Kellogg's,Embalagem de 380g,"5,09 €","5,30 €/Kg"
Carro de Corrida de Rua,Lego,1 unidade,"6,99 €","6,99 €/Unidade"
"Limpa vidros, azul",Arbo,Embalagem de 1 l,"3,19 €","6,38 €/L"
Descafeinado em cápsulas Pianíssimo 10x5g,PorSi Select,Embalagem de 50g,"1,59 €","6,36 €/Kg"
"Mini rissóis de carne, 20 unidades",PorSi,Embalagem de 300 g,"2,99 €","9,97 €/Kg"
Super Cola para Madeira,Vito,1 unidade,"2,59 €","86,33 €/Kg"
Conjunto Descoberta Fóssil,Jurassic World,1 un.,"11,99 €/Unidade","11,99 €/Unidade"
Toalhitas Bebé Nature,PorSi,64 unidades,"1,09 €/Unidade","1,09 €/Unidade"
Bolachas com recheio de chocolate,PorSi,Embalagem de 3 x 250 g,"2,15 €","2,87 €/Kg"
Porto special reserva,Cruz,"garrafa de 0,75 l","10,99 €","14,65 €/L"
Bolacha digestive aveia 258g,Vieira,Embalagem de 258 g,"0,98 €","3,27 €/Kg"
Pensos Higiénicos Fina e Segura Maxi Super,Evax,Embalagem c/ 13 Unidades,"4,99 €","4,99 €/Unidade"
Salmão posta ao natural,PorSi Select,Lata de 120 g,"9,08 €/Kg","9,08 €/Kg"
Cereais nesquik,Nestle,Embalagem de 625g,"5,07 €/Kg","5,07 €/Kg"
Vela com número 4,PorSi,1 unidade,"0,60 €","0,60 €/Unidade"
Preparado de bolo de canela,PorSi,500 g,"2,99 €","6,80 €/Kg"
Fruta para bebé banana laranja bolacha +6 meses,Nestle,Embalagem de 90g,"0,74 €","8,22 €/Kg"
Gel ativo com lixívia,PorSi,Embalagem de 1.5 l,"1,19 €","0,79 €/L"
Bola mistura,Pão do Dia,1 unidade= 80 g,"0,19 €","2,38 €/Kg"
Mistura sol sem café granulado,PorSi,Embalagem de 200g,"1,64 €","6,56 €/Kg"
Ovos galinha solo l,PorSi,6 ovos,"1,39 €","1,39 €/Unidade"
Café moagem universal brasil,Delta,Embalagem de 220g,"9,76 €/Kg","9,76 €/Kg"
Detergente líquido Ultra Concentrado Loiça Platinium...,PorSi,Embalagem de 500 ml,"0,99 €","1,98 €/L"
"Rebuçados sem açucar vita c, sabor citrinos",Halls,Embalagem de 32G,"0,77 €","3,85 €/Kg"
Café torrado em grão,PorSi,250 g,"9,16 €/Kg","9,16 €/Kg"
"Luvas Multi 100, Tamanho Pequeno/Médio",Vileda,1 Embalagem,"4,29 €","4,29 €/Unidade"
X-ato mini,Maped,9 mm,"2,19 €","109,50 €/L"
Espumoso grand reale dessert,Gancia,Garrafa de 750 ml,"3,99 €","5,32 €/L"
Abrasivo sanitário gel citrinos,PorSi,embalagem de 1 litro,"0,99 €","0,99 €/L"
Leite seleccionado leve,Matinal,Garrafa de 1 l,"0,81 €","0,81 €/L"
After Shave Bálsamo Sensitive Cool,Nivea Men,Embalagem de 100 ml,"1,16 €","4,64 €/L"
Forra livros,Mab,,"2,19 €","109,50 €/L"
Pão ralado clássico,PorSi,Embalagem de 240 g,"0,55 €","2,29 €/Kg"
Limpeza Cozinha Vitro e Placas Spray,Mistolin,500 ml,"1,29 €","1,72 €/L"
Salada de fruta em calda,PorSi,Embalagem de 3 x 220 g,"1,99 €","2,37 €/Kg"
Nata uht para bater,Gresso,Garrafa de 200 ml,"0,75 €","3,75 €/L"
Bebida Solúvel Mokambo Chicória e Café,Nestle,Embalagem de 240g,"14,50 €/Kg","14,50 €/Kg"
"Caixa com saquetas de  pau de canela, 30 unidades",PorSi,Embalagem 90G,"0,25 €","0,25 €/Kg"
"Batata frita wavy, ondulada",PorSi,Embalagem de 90g,"1,06 €","5,73 €/Kg"
Refeição caseira almôndegas,Nobre,Embalagem de 420g,"2,35 €","5,60 €/Kg"
Acetona,PorSi,Embalagem de 200 ml,"1,89 €","9,45 €/L"
"Cueca de incontinência, adulto, pequena",PorSi,Embalagem com 14 unidades,"9,99 €","9,99 €/Unidade"
Pack de 3 embalagens de polpa de tomate,Compal,Embalagem de 630g,"3,84 €","24,00 €/Kg"
Porto tawny,Ferreira,Garrafa de 750 ml,"24,99 €","33,32 €/L"
Café c/ cafeína intenso,Nescafe,Embalagem de 100g,"14,50 €/Kg","14,50 €/Kg"
Preparado p/ mariscada s/ glúten,Pescanova,Embalagem de 500 g,"2,19 €","8,59 €/Kg"
Esfregão Salva Unhas Fibra verde Plus,Vileda,Embalagem com 1+1 grátis,"2,54 €","2,54 €/Unidade"
Néctar de laranja e cenoura light,PorSi,Embalagem de 3 x 200 ml,"0,84 €","2,55 €/L"
"Cera cabelo, indestructible",Studio Line,Embalagem de 75 ml,"3,99 €","53,20 €/L"
Escova plástica (cores sortidas),PorSi,1 unidade,"0,89 €","0,89 €/Unidade"
Loção tónica para pele seca,Labell,Embalagem de 250 ml,"0,76 €","0,76 €/Unidade"
Óleo alimentar,Vêgê,Embalagem de 1 l,"3,39 €","3,39 €/L"
Cappucino go chill com cacau,Delta,Embalagem de 230 ml,"3,19 €","25,52 €/Kg"
Tablete de chocolate oreo,Milka,Embalagem de 300g,"5,30 €/Kg","5,30 €/Kg"
Sopa rabo de boi económica,Knorr,Embalagem de 60g,"0,84 €","13,55 €/Kg"
Carne p/ Assar,Novilho,Vendido ao peso a partir de 800 g,"7,99 €/Kg","7,99 €/Kg"
Royal gelatin,Royal,Embalagem de 400g,"0,85 €","2,13 €/Kg"
"Bolachas relieve, mel e coco",PorSi,Embalagem de 700g,"2,82 €","9,40 €/Kg"
Pescada panada em forma de filete,Pescanova,Embalagem de 1 Kg,"4,39 €","10,98 €/Kg"
"Escova de cabelo, pneumática javali",Labell,Uma unidade,"3,99 €","3,99 €/Unidade"
"Limpa vidros, rosa",Redex,Embalagem de 5 l,"3,99 €","0,80 €/L"
Queijo fundido vaca que ri palitos light 140g,A Vaca Que Ri,Embalagem de 140g,"2,39 €","19,92 €/Kg"
Ambientador vela frutos vermelhos,PorSi,1 unidade,"9,99 €","9,99 €/Unidade"
Alimento seco p/ cão sénior,HappyOne,Embalagem de 4 kg,"12,95 €","3,24 €/Kg"
Queijo brie cunhas 60%,President,Embalagem de 200 g,"2,61 €","13,05 €/Kg"
Leite de limpeza age perfect,L'oreal,Embalagem de 200 ml,"0,76 €","0,76 €/Unidade"
Chiclets morango 16.8g,CHICLETS,Embalagem de 20g,"0,89 €","59,33 €/Kg"
Cubos de tamboril,Mar Ibérica,Embalagem de 250 g,"4,39 €","10,98 €/Kg"
Intensificador de perfume em gel para a roupa romanc...,Quanto,300 ml,"5,99 €","11,98 €/L"
Bolachas cream cracker sesamo,Vieira,Embalagem de 200g,"0,39 €","3,12 €/Kg"
Bolachas cereais e pepitas de chocolate,PorSi,Embalagem de 400 g,"0,90 €","6,00 €/Kg"
Bolacha dibus mini angry birds,Gullon,Embalagem de 250g,"1,89 €","15,75 €/Kg"
Pudim de chocolate,Boca Doce,Embalagem de 20g,"0,59 €","29,50 €/Kg"
"Abs odores lavanda, pack 2x150g",Glade,Embalagem de 2x150 g,"16,63 €/L","16,63 €/L"
Iogurte mix-in smarties baunilha,Nestle,Embalagem de 2 x 128 g,"1,05 €","1,86 €/L"
15 douradinhos,Capitão Iglo,Embalagem de 420g,"2,99 €","9,97 €/Kg"
Snacks crocantes com bacon,PorSi,Embalagem de 60g,"0,74 €","7,40 €/Kg"
Creme de Mãos Intensivo,Nivea,Embalagem de 100 ml,"2,49 €","41,50 €/L"
Papa infantil láctea 5 frutos +6 meses,Cerelac,Embalagem de 250g,"4,49 €","4,49 €/Kg"
Bio miolo amendoa compele,PorSi Bio,Embalagem de 100g,"1,79 €","3,58 €/Kg"
Preparado de bolo de chocolate,PorSi,500 g,"2,99 €","6,80 €/Kg"
Frango Inteiro Grande,Frango,1 un = 1.6 kg (aprox.),"3,98 €","2,49 €/Kg"
Gamba Rosa Moçambique,PorSi,Embalagem de 800 g,"8,99 €","25,69 €/Kg"
Pera Rocha 70/75,Programa Origens,1 un = 150 gr (aprox.),"0,27 €","1,79 €/Kg"
Abrasivo wc gel ecologico,PorSi,Garrafa de 1 l,"0,99 €","0,99 €/L"
"Lâmpada LED Clássic B: 4W E14, 6W E14 - Classe A+",BDC,1 unidade,"4,99 €","4,99 €/Unidade"
Sal marinho grosso,Vatel,Embalagem de 1 kg,"0,25 €","0,25 €/Kg"
Vinho rosé,Mateus,Garrafa de 750 ml,"3,99 €","5,32 €/L"
Lasanha bolonhesa,Iglo,Embalagem de 300g,"2,16 €","6,17 €/Kg"
Sumo essencial kids,Compal,pack 3 x 0.11 l,"2,29 €","6,94 €/L"
Ambientador aerossol 5 em 1 lavanda,PorSi,300 ml,"0,99 €","3,30 €/L"
Recarga p/ ambientador elétrico flores,Ambipur,3 unidades,"5,99 €","23,96 €/L"
Legumes grelhados,PorSi,Embalagem de 750g,"1,89 €","1,89 €/Kg"
Coxinhas de frango,PorSi,Embalagem de 360g,"14,95 €/Kg","14,95 €/Kg"
Cebola picada em pacote,PorSi,Embalagem de 40 g,"0,25 €","0,25 €/Kg"
Paio do Lombo,PorSi,"Vendido ao peso, a partir de 100g","2,79 €","13,95 €/Kg"
Vela com número nº 6,PorSi,1 unidade,"0,60 €","0,60 €/Unidade"
Compasso Origin 3 peças,Maped,Uma embalagem,"4,69 €","4,69 €/Unidade"
"Fiambre extra, fatias finas",PorSi,Embalagem de 150 g,"0,90 €","5,99 €/Kg"
Vinho verde branco,MIRANDA,"Garrafa de 0,75 l","2,99 €","2,99 €/L"
Néctar de pera rocha e framboesa do Oeste Algarve,Compal,1 litro,"0,99 €","0,99 €/L"
