Nome,Marca,Unidade,Preço Primário,Preço Secundário
Gomas de amoras,Fini,Embalagem 100G,"0,99 €","9,90 €/Kg"
Borracha para lápis e tinta,Domédia,1 unidade,"3,19 €","3,19 €/Unidade"
Cabo de metal com rosca,PorSi,1.20 m,"2,20 €","2,20 €/Unidade"
Baguete,PorSi,250 g,"3,12 €/Kg","3,12 €/Kg"
"Lava tudo antibacteriano lavanda 1,5l",PorSi,Garrafa de 1.5 l,"1,89 €","1,26 €/L"
Recarga rolo tira pelos,PorSi,1 unidade,"1,09 €","1,09 €/Unidade"
"Gel de banho, sensitive 3 em 1",Labell Men,Embalagem de 250 ml,"6,98 €/L","6,98 €/L"
Muesli 3 chocolates,PorSi,500 g,"2,24 €","4,48 €/Kg"
Biscoitos integrais sementes de agave,PorSi Viva Bem,Embalagem de 150g,"1,45 €","11,15 €/Kg"
Polvilho doce,PorSi,Embalagem de 500g,"2,29 €","4,58 €/Kg"
Cubos pão trigo tostado,PorSi,Embalagem de 150g,"0,89 €","3,96 €/Kg"
Insecticida recarga,Biokill,Embalagem de 375 ml,"5,49 €","14,64 €/L"
Whisky 15 anos c/caixa,J&B,Garrafa de 700 ml,"38,49 €","54,99 €/L"
Pensos clássicos,PorSi,20 unidades,"2,86 €","2,86 €/Unidade"
Conjunto de medição,Maped,4 peças,"3,29 €","3,29 €/Unidade"
8 hamburguers s/ glúten frango,Capitão Iglo,Embalagem de 480g,"2,79 €","8,72 €/Kg"
Açaí superelemento (10 saquetas),Cemporcent,Embalagem de 25g,"1,99 €","45,23 €/Kg"
Coto para calçado,Sonaf,1 unidade,"1,49 €","1,49 €/Unidade"
Café solúvel,Delta,Embalagem de 200 g,"14,50 €/Kg","14,50 €/Kg"
Palitos superfinos,PorSi,Embalagem de 400 unidades,"1,50 €","1,50 €/Unidade"
Panquecas,Condi,Embalagem de 400g,"1,69 €","8,45 €/L"
"Forma papel para bolos, 10. 5cm",PorSi,Embalagem com 60 unidades,"0,54 €","0,54 €/Unidade"
Cebolinho,PorSi,Embalagem de 50g,"0,99 €","19,80 €/Kg"
10 nuggets de frango,Capitão Iglo,Embalagem de 210g,"2,79 €","8,72 €/Kg"
Ambientador sense e spray lavanda e jasmim,Glade,18 ml,"3,74 €","3,74 €/Unidade"
"Coloração permanente, castanho claro cobre nº54",Nutrisse,1 unidade,"9,49 €/Unidade","9,49 €/Unidade"
Guardanapos 2 folhas azul e dourado,PorSi Select,40 unidades,"1,29 €","1,29 €/Unidade"
Bolachas digestive aveia e laranja,Gullon,Embalagem de 430g,"0,84 €","2,80 €/Kg"
Mortadela de peru com azeitonas,PorSi,1 un = 150 gr (aprox.),"1,05 €","6,99 €/Kg"
Buondi extreme cafe moido 12x200g,Buondi,Embalagem de 200g,"11,73 €/Kg","11,73 €/Kg"
Crepe simples,PorSi,Embalagem de 630g,"3,99 €","7,39 €/Kg"
Halls vita c morango mtp 4x32g,Halls,Embalagem de 4X32G,"0,77 €","3,85 €/Kg"
Spray tira gorduras eco,PorSi,Garrafa de 750 ml,"0,79 €","0,79 €/L"
Salsichas frasco hot dog,PorSi,Embalagem 540G,"0,75 €","3,75 €/Kg"
Conjunto higiene e hidratação,Baby Dove,,"11,99 €","11,99 €/Unidade"
Lápis de cera,Giotto,embalagem com 12 unidades,"4,69 €","4,69 €/Unidade"
Yopro líquido manga,Danone,Embalagem de 300g,"5,97 €/Kg","5,97 €/Kg"
Caldo de galinha,PorSi,24 cubos,"0,99 €","1,98 €/Kg"
Cheeseburger de frango,Snock,Embalagem de 100 g,"1,85 €","18,50 €/Kg"
Batata doce frita,PorSi,Embalagem de 150g,"1,01 €","5,46 €/Kg"
Granola + classica,Cemporcent,Embalagem de 375g,"0,93 €/Kg","0,93 €/Kg"
Linguas de gato,PorSi,Embalagem de 200 g,"0,69 €","3,45 €/Kg"
Rúcula Selvagem Programa Origens,PorSi,Embalagem de 100g,"0,99 €","9,90 €/Kg"
Massa cuscus,PorSi,Embalagem de 250g,"1,09 €","2,18 €/Kg"
Esferográficas cristal multi colour 1.6mm,Bic,10 unidades,"2,99 €","2,99 €/Unidade"
Easy Stick,Tesa,Embalagem 3x25g,"0,80 €","0,80 €/Unidade"
Linhaça castanha moída,Cemporcent,Embalagem de 200g,"2,29 €","15,27 €/Kg"
Café em cápsulas dolce gusto ardenza,Nescafe,Embalagem de 110g,"43,55 €/Kg","43,55 €/Kg"
Lâmpada  iodo h1 12v 55w,Ecauto,1 unidade,"3,49 €","3,49 €/Unidade"
Bacalhau a bras,PorSi,Embalagem de 300g,"1,79 €","7,16 €/Kg"
Bolachas cacau com recheio baunilha,PorSi,Embalagem de 176 g,"0,79 €","4,49 €/Kg"
Ovos de Galinhas Criadas ao Ar Livre,PorSi,6 ovos frescos,"1,59 €","1,59 €/Unidade"
Esparguete integral,Salutem,Embalagem de 500g,"0,93 €/Kg","0,93 €/Kg"
Leite infantil confort 1 desde o nascimento,NAN,Embalagem de 800g,"23,99 €","29,99 €/Kg"
Pensos diários normal com bolsa salvaslip flexi & fr...,Evax,Embalagem com 40 un.,"1,99 €","1,99 €/Unidade"
Bolachas barquette morango,Lu,Embalagem de 120g,"1,99 €","16,58 €/Kg"
Mel de néctar multifloral bio,PorSi Bio,Frasco de 250g,"2,29 €","9,16 €/Kg"
Creme vegetal para barrar,PorSi,Embalagem de 500 g,"5,40 €/Kg","5,40 €/Kg"
Mauzão,Concentra,Uma unidade,"12,99 €/Unidade","12,99 €/Unidade"
Cogumelos inteiros,PorSi,Embalagem de 355 g,"2,19 €","2,81 €/Kg"
Protetor Tomadas,Neo Baby,1 Embalagem c/10 unidades,"1,99 €","1,99 €/Unidade"
Petit gâteau,PorSi,Embalagem de  4 x 80 g,"3,99 €","7,39 €/Kg"
Lenços Bolso 15X10 3f,PorSi,1 Unidade,"0,89 €","0,89 €/Unidade"
Mousse limpeza refresh,Labell,Embalagem com 150ml,"12,48 €/L","12,48 €/L"
Muesli tropical,Cemporcent,Embalagem de 500g,"0,69 €","1,73 €/Kg"
Bolachas belgas manteiga,PorSi,Embalagem de 250g,"1,69 €","6,76 €/Kg"
Leite condensado,Nestle,Embalagem de 370g,"1,09 €","2,75 €/Kg"
Iogurte natural açucarado em frasco de vidro,PorSi,Embalagem de 2 x 125 g,"0,99 €","1,98 €/Kg"
Bebida de soja pur bio,Joya,Garrafa de 1 l,"2,19 €","1,46 €/L"
Batata Roxa,Legumes do Dia,embalada - 10kg,"0,35 €","1,39 €/Kg"
Esparregado de espinafres,PorSi,Embalagem de 350 g,"0,74 €","1,85 €/Kg"
Salsicha fresca merguez,PorSi,Embalagem de 330 g,"0,99 €","7,07 €/Kg"
Sumo natural de ananás bio,Cemporcent,Garrafa de 200 ml,"3,69 €","3,69 €/L"
Quebrado massa folhada,Pasta dia,Embalagem de 300g,"3,99 €","3,99 €/Unidade"
Couve flor,PorSi,Embalagem de 750 kg,"0,74 €","1,85 €/Kg"
Refrigerante c/ gás laranja,Sumol,pack 4 x 1.25 l,"0,40 €/L","0,40 €/L"
Adoçante comprimidos,PorSi,Embalagem de 250 saquetas,"5,99 €","23,96 €/Kg"
Iogurte mix-in smarties baunilha,Nestle,Embalagem de 2 x 128 g,"4,23 €/Kg","4,23 €/Kg"
Água com gás sabor a tangerina,Frize,"Pack 4x 0,25l","1,99 €/L","1,99 €/L"
"Patê de sardinha,atum e salmão",PorSi,Embalagem de 4 x 22 g,"1,19 €","13,52 €/Kg"
Brandy,Croft,Garrafa de 1 l,"15,49 €","15,49 €/L"
Favas ultracongeladas,PorSi,Embalagem de 400g,"0,74 €","1,85 €/Kg"
Mortadela de peru fatiada,PorSi,Embalagem de 200g,"1,05 €","6,99 €/Kg"
Queijo feta dop grego,Kolios,Embalagem de 200g,"7,45 €/Kg","7,45 €/Kg"
Amaciador da roupa concentrado madressilva e sândalo,Comfort,72 doses,"3,99 €","3,99 €/Unidade"
Bolacha Maria Integral,PorSi,Embalagem de 600g,"0,84 €","2,80 €/Kg"
Polvilho azedo,PorSi,Embalagem de 500g,"2,29 €","4,58 €/Kg"
Leite uht gordo,Mimosa,Embalagem de 1 litro,"1,04 €","1,04 €/L"
Senses Watermelon,Trident,1 un.,"0,89 €","59,33 €/Kg"
Espumante cava bruto,Freixenet,pack 3 x 200 ml,"8,99 €","14,98 €/L"
Lenços de bolso kids,Renova,Embalagem sortida com 8 unidades + 2 grátis,"0,89 €","0,89 €/Unidade"
Pão ralado clássico,PorSi,Embalagem de 240 g,"0,72 €","3,00 €/Kg"
10 croquetes de carne,PorSi,Embalagem de 300 g,"1,79 €","7,16 €/Kg"
Lixívia Roupa delicada,PorSi,Embalagem de 2 l,"0,60 €/L","0,60 €/L"
Brócolos e couve-flor cortados,PorSi,500 g,"0,99 €","9,90 €/Kg"
Lapiseira Vclick 0.7,Rotring,1 unidade + 24 minas,"2,99 €","2,99 €/Unidade"
8 fantasias do mar,PorSi,Embalagem de 250g,"1,79 €","7,16 €/Kg"
Queijo ilha ralado,Valformoso,Embalagem de 150g,"7,45 €/Kg","7,45 €/Kg"
Queijo ovelha curado amanteigado,Seia,Embalagem de 250g,"15,96 €/Kg","15,96 €/Kg"
Água de rosas,Hidro,Embalagem de 200 ml,"23,70 €/L","23,70 €/L"
Polpa de tomate,PorSi,Embalagem de 500 g,"0,99 €","1,98 €/Kg"
Água c/ gás: limão/pepino/gengibre,Frize,pack 4 x 0.25 l,"1,99 €/L","1,99 €/L"
Batata pré-frita noisette,PorSi,Embalagem de 1 kg,"1,99 €","1,99 €/Kg"
"Alimento para peixe, animin goldfish food",Tetra,Garrafa de 250 ml,"10,59 €","42,36 €/L"
"Coloração permanente, castanho dourado, nº43",Nutrisse,1 unidade,"9,49 €/Unidade","9,49 €/Unidade"
Café moagem normal: original,Buondi,Embalagem de 220g,"11,73 €/Kg","11,73 €/Kg"
Bolachas cobertura de chocolate e avelã,PorSi,Embalagem de 150g,"1,19 €","7,93 €/Kg"
Azeite,PorSi,Garrafa de 1 l,"3,29 €","4,39 €/L"
Queijo Fondue,Páturages,Embalagem de 400g,"4,19 €","10,48 €/Kg"
"Esfregona, algodão, completa",PorSi,1 unidade,"0,89 €","0,89 €/Unidade"
Bicarbonato de sódio,Vatel,Embalagem de 400g,"1,39 €","9,27 €/Kg"
Chocolate culinário em pó,PorSi,Embalagem de 125 g,"0,85 €","6,80 €/Kg"
Pickles em vinagre,PorSi,Embalagem de 200 g,"2,19 €","2,81 €/Kg"
Leite regular 3,Aptamil,Embalagem de 800 g,"23,99 €","29,99 €/Kg"
Tablete de chocolate de leite,Toblerone,Embalagem de 100g,"1,09 €","10,90 €/Kg"
"Lápis grafite evolution hb, 4 unidades",Conte evol,Uma embalagem,"2,99 €","2,99 €/Unidade"
Queijo emmental ralado,PorSi Select,Embalagem de 200g,"7,45 €/Kg","7,45 €/Kg"
Caderno Agrafado Capa Preta |A5 Liso,Domédia,1 unidade,"3,69 €","3,69 €/Unidade"
"Escova de cabelo, pneumática nylon",Labell,Embalagem com 1 unidade,"2,19 €","2,19 €/Unidade"
Pão ralado alho e salsa,PorSi,Embalagem de 240 g,"0,72 €","3,00 €/Kg"
Chávena c/Asa 32Cl,Dume,1 unidade,"3,69 €","3,69 €/Unidade"
Caderno agrafado A4 pautado lol surprise,*,1 unidade,"3,69 €","3,69 €/Unidade"
Iogurte liquido proteína yopro baunilha/cookies,Yopro,300 g,"5,97 €/Kg","5,97 €/Kg"
Vinagre de vinho tinto,PorSi,Garrafa de 500 ml,"0,35 €","0,70 €/L"
Anéis Empilháveis,Baby Clementoni,1 unidade,"12,99 €/Unidade","12,99 €/Unidade"
"Esquadro, 21 cm 60.",Domédia,1 unidade,"4,69 €","4,69 €/Unidade"
Queijo Brie 60%,Produto selecionado,Vendido ao peso a partir de 250 gr,"2,61 €","13,05 €/Kg"
Cocktail de marisco,PorSi,Embalagem de 400 g,"2,19 €","8,59 €/Kg"
Gelo picado,PorSi,Embalagem de 2 kg,"1,00 €","0,50 €/Kg"
"Vela em número, nº 8",PorSi,1 unidade,"0,60 €","0,60 €/Unidade"
Bolachas starship chocolate,PorSi,Embalagem de 150g,"0,79 €","5,27 €/Kg"
Queijo fresco ligth,PorSi,Embalagem de 4 x 62.5 g,"4,49 €","18,71 €/Kg"
Pastéis de nata,PorSi,Embalagem de 6x60 g,"3,99 €","7,39 €/Kg"
Leite condensado cozido,Nestle,Embalagem de 400g,"1,09 €","2,75 €/Kg"
Lombo curado fatiado,PorSi,100 g,"25,90 €/Kg","25,90 €/Kg"
Creme de amendoim chunk 340g,Skippy,Embalagem de 340g,"4,39 €","12,91 €/Kg"
Cheeseburger Vaca,Snock,Embalagem de 100 g,"1,85 €","18,50 €/Kg"
Crepe maçã e canela,PorSi,Embalagem de 540 g,"3,99 €","7,39 €/Kg"
Jardineira,PorSi,Embalagem de 750 g,"0,74 €","1,85 €/Kg"
Batata Doce,Programa Origens,1 un = 250 gr,"0,35 €","1,39 €/Kg"
Alho moído,PorSi,Saqueta de 50 g,"2,29 €","30,53 €/Kg"
Queijo flamengo 0% lactose,PorSi Viva Bem,Embalagem de 150 g,"0,99 €","1,98 €/Kg"
"Pasta dentífrica, dentes/gensivas sensitive",Labell,Embalagem de 75 ml,"2,29 €","38,17 €/L"
Tortitas de milho sem sal,PorSi Viva Bem,Embalagem de 130g,"0,79 €","7,90 €/Kg"
Caldo de galinha 24 cubos,Knorr,Embalagem de 240g,"0,99 €","1,98 €/Kg"
Sabonete glicerina natural,Palmolive,Embalagem de 90 g,"1,99 €","12,44 €/Kg"
Cebola picada,PorSi,Embalagem de 400 g,"0,74 €","1,85 €/Kg"
Loção corporal,Nivea,Embalagem de 400 ml,"12,48 €/L","12,48 €/L"
Vela com número nº 3,PorSi,1 unidade,"0,60 €","0,60 €/Unidade"
Néctar frutos vermelhos,PorSi,Embalagem de 200 ml,"0,99 €","0,99 €/L"
Queijo snack gouda,PorSi,Embalagem de 100g,"4,19 €","8,38 €/Kg"
Chouriça extra piri-piri,Prisca,Embalagem de 180g,"1,22 €","6,78 €/Kg"
10 Hambúrgueres de porco,PorSi,Embalagem de 600g,"2,79 €","8,72 €/Kg"
Mistura solúvel c/ 20% café pó,PorSi,Embalagem de 200g,"0,79 €","3,16 €/Kg"
Vinho do porto lbv 2004,Cruz,Garrafa de 0.75 l,"21,99 €","29,32 €/L"
Peito de peru forno a lenha,Primor,"Vendido ao peso, fatiado a partir de 100 gr","1,99 €","13,27 €/Kg"
Bolachas com cobertura de chocolate de leite,Oreo,Embalagem de 250g,"0,79 €","4,49 €/Kg"
Creme Muda Fralda,Baby Dove,Embalagem de 45 g,"0,55 €","5,50 €/L"
Crispies de arroz +,Cemporcent,Embalagem de 250g,"0,93 €/Kg","0,93 €/Kg"
Whisky Malte 12 Anos,Balvenie,Garrafa de 700 ml,"38,49 €","54,99 €/L"
Queijo de vaca curado light amanteigado,PorSi,+/- 550 g,"25,45 €/Kg","25,45 €/Kg"
Salsicha fresca merguez,PorSi,Embalagem de 330 g,"0,25 €","4,99 €/Kg"
Refrigerante c/ gás ananás,Sumol,pack 4 x 1.25 l,"0,40 €/L","0,40 €/L"
Limpa carpetes,PorSi,Embalagem de 1 litro,"1,79 €","2,39 €/L"
Telemóvel Vibra e Capta,Chicco,1 unidade,"12,99 €/Unidade","12,99 €/Unidade"
Nutella b-ready t.2,Nutella,Embalagem de 50g,"1,19 €","26,44 €/Kg"
Cerveja sagres,Sagres,20 x 0.25 l,"1,99 €/L","1,99 €/L"
Paio do Lombo,PorSi,"Vendido ao peso, a partir de 100g","1,27 €","12,69 €/Kg"
Queijo Curado Amanteigado Médio,Serrinha,Vendido ao peso a partir de 250 gr,"3,84 €","15,35 €/Kg"
12 ovos codorniz,PorSi,Embalagem de 1 unidades,"2,39 €","2,39 €/Unidade"
28 mini bolinhas bacalhau,PorSi,Embalagem de 300 g,"1,79 €","7,16 €/Kg"
"Yofu pedaços, 2 pêssegos, 2 frutas exóticas",Alpro,Embalagem de 4x125 g,"4,58 €/Kg","4,58 €/Kg"
Detergente manual de roupa,Omo,Embalagem de 540g,"6,99 €","34,95 €/L"
Whisky 10 anos,Bushmills,Garrafa de 700 ml,"38,49 €","54,99 €/L"
Queijo P'tits Fondants 8 Porções,PorSi,Embalagem de 140 g,"4,39 €","18,29 €/Kg"
Spray tira gorduras,PorSi,Embalagem de 750 ml,"1,79 €","2,39 €/L"
Filetes de atum dos Açores em azeite c/ orégãos,PorSi Select,190 g,"0,89 €","7,42 €/Kg"
Espinafre baby leaf Programa Origens,PorSi,embalagem de 170 g,"0,99 €","9,90 €/Kg"
Recargas ambientador elétrico relaxing zen,Glade,Embalagem de 2 x 20 ml,"1,79 €","1,79 €/Unidade"
Cevada solúvel,PorSi,Embalagem de 200g,"0,79 €","3,16 €/Kg"
"Frutapura Maçã, Laranja e Banana",Bledina,Embalagem de 4 x 95g,"5,42 €/Kg","5,42 €/Kg"
Ambientador gel marinho,PorSi,150 g,"16,63 €/L","16,63 €/L"
Protetor de cantos,Pommette,embalagem com 4 unidades,"1,99 €","1,99 €/Unidade"
Pêssego em calda metades,PorSi,Lata com 840 g,"1,99 €","2,37 €/Kg"
"Rolos de cozinha compactos, branco, 2 unidades",PorSi,Uma embalagem,"4,99 €","4,99 €/Unidade"
Caderno A4 Agrafado Quadriculado,Firmo,1 un.,"3,69 €","3,69 €/Unidade"
Bebida Energética Red Grape,Hell,250 ml,"0,34 €","0,68 €/L"
Cola Universal,Uhu,Embalagem de 2x20ml,"4,29 €","102,14 €/Kg"
Coxinhas de frango,PorSi,Embalagem de 360g,"9,30 €/Kg","9,30 €/Kg"
Noz com casca 28/30,Frutos secos,1 un = 200 gr (aprox.),"4,99 €/Kg","4,99 €/Kg"
Choco Pequeno,Peixe Congelado,1 un= 200 gr (aprox.),"3,99 €/Kg","3,99 €/Kg"
Ovos Frescos de Galinhas Criadas ao Ar Livre Classe:...,PorSi Bio,Embalagem com 6 unidades,"2,39 €","2,39 €/Unidade"
Lixivia perfumada,PorSi,Garrafa de 2 l,"1,09 €","0,55 €/L"
Fiambre da Perna Extra,Nobre,1 un = 150 gr (aprox.),"12,79 €/Kg","12,79 €/Kg"
10 nuggets de frango com cereais integrais,Capitão Iglo,Embalagem de 208 g,"2,79 €","8,72 €/Kg"
Framboesas 100% Naturais,PorSi,Embalagem de 750 g,"3,29 €","4,39 €/Kg"
Iogurte mix-in smarties morango,Nestle,Embalagem de 2 x 128 g,"4,23 €/Kg","4,23 €/Kg"
Biscoitos brownies,PorSi,Embalagem de 230g,"0,79 €","5,27 €/Kg"
Bolachas,Oreo,Embalagem de 220g,"0,79 €","4,49 €/Kg"
Croissant recheado de cacau/avelã,PorSi,Embalagem de 315g,"1,71 €","7,13 €/Kg"
Milho doce,PorSi,Embalagem de 3 x 140 g,"2,19 €","2,81 €/Kg"
Fuet extra,PorSi,170 g,"1,22 €","6,78 €/Kg"
"Escova de cabelo, esqueleto",Labell,Embalagem com 1 unidade,"2,19 €","2,19 €/Unidade"
Comida húmida para cão de vaca e frango,PorSi,Lata de 400 g,"1,53 €","1,28 €/Kg"
Café solúvel creme,Nescafe,Embalagem de 100g,"14,50 €/Kg","14,50 €/Kg"
Estojo,Superman,Dim.: 22x8x8cm,"5,99 €","5,99 €/Unidade"
Bolacha recheada mega duo cacau,Gullon,Embalagem de 500g,"2,99 €","5,98 €/Kg"
Petit gâteau chocolate negro belga,PorSi,Embalagem com 4 unidades,"3,99 €","7,39 €/Kg"
Sementes de chia,Cemporcent,Embalagem de 150G,"1,39 €","9,27 €/Kg"
Queijo curado fatias sem lactose 2x150g,Casteloes,Embalagem de 2x150g,"4,19 €","8,38 €/Kg"
Guardanapos brancos 30x30 cm,PorSi,Embalagem com 100 unidades,"1,29 €","1,29 €/Unidade"
Spray limpeza casa de banho,Cillitbang,Embalagem de 500 ml,"1,79 €","2,39 €/L"
Uvas cortadas,PorSi,100 g,"2,98 €","1,19 €/Kg"
Aguarelas 30mm x 12,Giotto,1 unidade,"3,19 €","3,19 €/Unidade"
Camarão cozido 40/60,PorSi,Embalagem de 500 g,"8,00 €","15,99 €/Kg"
Paté de sardinha,PorSi,Embalagem de 4 x 22 g,"1,19 €","13,52 €/Kg"
Banda térmica alivio dor muscular 29x9cm,PorSi,Embalagem de 2 unidades,"2,86 €","2,86 €/Unidade"
"Pasta dentífrica, máxima proteção, fresca",Colgate,Embalagem de 75 ml,"2,29 €","38,17 €/L"
Chá de infusão nº 16 - mirtilo 10 saquetas,Salutem,Embalagem de 15g,"0,99 €","66,00 €/Kg"
Aveia instantânea em pó,Prozis,"Embalagem de 1,25 kg","25,48 €/Kg","25,48 €/Kg"
Biscoitos canudinho recheio cacau,PorSi,Embalagem de 300g,"2,82 €","9,40 €/Kg"
"Guardanapos brancos, gold, folga dupla, 40x40cm, 75 ...",Renova,1 embalagem,"1,29 €","1,29 €/Unidade"
Mini Tostas de Trigo,PorSi,Embalagem de 350 g,"0,89 €","3,96 €/Kg"
Vinho frutado branco,Flor do Campo,Garrafa 0.75L,"1,45 €","1,93 €/L"
Sacos do lixo perfumado 30 litros,PorSi,15 unidades,"1,89 €","1,89 €/Unidade"
Guardanapos de 1 folha azuis | dim.: 30 x 29 cm,PorSi,Embalagem com 70 unidades,"1,29 €","1,29 €/Unidade"
Tesoura advanced green,Maped,17 cm,"4,29 €","102,14 €/Kg"
Sumo natural de uva preta bio,Cemporcent,Garrafa de 200 ml,"3,69 €","3,69 €/L"
Cocktail de marisco,PorSi,Embalagem de 400 g,"1,79 €","7,16 €/Kg"
Pão de forma sem côdea especial torradas,Panrico,Embalagem de 510g,"0,99 €","1,65 €/Kg"
Francesinha,PorSi,Embalagem de 450G,"3,99 €","9,98 €/Kg"
"Azeite extra virgem, azeitonas verdes",Oliveira da Serra,Garrafa de 750 ml,"3,29 €","4,39 €/L"
Preparado para arroz de marisco,Brasmar,Embalagem de 450 g,"1,79 €","7,16 €/Kg"
Lichias em calda,Koala,Embalagem de 567g,"1,99 €","2,37 €/Kg"
Massa folhada,Pasta dia,Embalagem de 230g,"3,99 €","3,99 €/Unidade"
Rebuçados mini café,PorSi,Embalagem de 200g,"1,15 €","4,60 €/Kg"
Fatia de salame de chocolate,PorSi,Embalagem 60G,"1,71 €","7,13 €/Kg"
Batata pré-frita palito,PorSi,"Embalagem de 2,5 kg","1,99 €","1,99 €/Kg"
Canela em pau,PorSi,Saqueta de 30 g,"2,29 €","30,53 €/Kg"
"Alimento para peixe, tetramin staple food",Tetra,Embalagem de 250 ml,"10,59 €","42,36 €/L"
Mariscada,PorSi,Embalagem de 800g,"1,79 €","7,16 €/Kg"
Farinheira de Sousel,PorSi,1 un = 120 g (aprox.),"1,49 €","7,45 €/Kg"
Farinha de aveia integral,Cemporcent,Embalagem de 400g,"2,29 €","15,27 €/Kg"
Pão Centeio com Nozes,Garcia & Filhos,1 unidade= 400 g,"3,12 €/Kg","3,12 €/Kg"
"Gel cabelo, efeito cimento, pote",Grafic,Embalagem de 300 ml,"5,99 €","39,93 €/L"
Liquido brilhante sapato preto,PorSi,75 ml,"0,99 €","330,00 €/Kg"
"Limpa vidros cristal, pistola",PorSi,Embalagem de 1 l,"0,89 €","0,89 €/L"
Arroz basmati,Caçarola,Embalagem de 1 kg,"0,99 €/Kg","0,99 €/Kg"
Cabo de metal com rosca,PorSi,1.35 m,"2,20 €","2,20 €/Unidade"
"Bloco sanitário, Blue Active Floral",Sonasol,Embalagem de 50 g,"39,60 €/Kg","39,60 €/Kg"
Queijo de cabra curado,PorSi,Embalagem de 2x100 g,"4,75 €","18,99 €/Kg"
Pasta de sardinha,Fides,Embalagem de 90g,"1,19 €","13,52 €/Kg"
Farinheira do Ribatejo,PorSi,Embalagem de 180g,"1,49 €","7,45 €/Kg"
Limpa ferros,Petex,1 unidade,"0,89 €","0,89 €/Unidade"
Champô miracle volume + nutrição,Pantene,225 ml,"12,48 €/L","12,48 €/L"
Fraldas agility T4 de 9 a 15 kg,PorSi,50 unidades,"6,49 €","6,49 €/Unidade"
Telemóvel Vibra e Capta,Chicco,1 unidade,"14,99 €/Unidade","14,99 €/Unidade"
Ambientador automático lavanda,PorSi,250 ml,"7,99 €","31,96 €/L"
Queimador extra forte,Prozis,Embalagem de 1 unidades,"7,59 €","126,50 €/Kg"
Refrigerante de cola zero,PorSi,Garrafa de 2 l,"0,40 €/L","0,40 €/L"
"Escova dentes, proteção global suave, 2 unidades",Labell,1 embalagem,"4,99 €","4,99 €/Unidade"
Amora,PorSi,Embalagem com 125g,"1,50 €","5,99 €/Kg"
Reb. mentol s/acucar 115g,Villa,Embalagem de 120g,"1,08 €","5,40 €/Kg"
Vinho branco tejo sauvignon,Fiuza,Garrafa de 750 ml,"4,49 €","5,99 €/L"
Ambientador para a máquina da loiça de lima e limão,Finish,embalagem com 2 un.,"16,63 €/L","16,63 €/L"
Bolacha waffer cacau,Waferland,Embalagem de 175g,"0,98 €","4,67 €/Kg"
Chá preto 25 saquetas,PorSi,Embalagem de 44g,"1,99 €","49,75 €/Kg"
Bolachas com duplo creme,Oreo,Embalagem de 190g,"0,79 €","4,49 €/Kg"
Desodorizante roll-on Invisible,Rexona,Embalagem de 50ml,"50,80 €/L","50,80 €/L"
Peito de peru forno a lenha fatias finas,Izidoro,110 g,"1,99 €","13,27 €/Kg"
Batata pré-frita palitos finos,PorSi,Embalagem de 2.5 kg,"1,99 €","1,99 €/Kg"
Strudel de maçã,PorSi,Embalagem de 550 g,"3,99 €","7,39 €/Kg"
Amendoim com Casca,PorSi,Embalagem de 500g,"0,79 €","3,95 €/Kg"
Tomate em pedaços,Guloso,Embalagem de 390g,"0,99 €","1,98 €/Kg"
Lancheira Térmica Infantil,Safta,1 unidade,"5,99 €","5,99 €/Unidade"
Moinho 5 pimentas em grão,PorSi,Frasco com 40 g,"2,29 €","30,53 €/Kg"
Gomas de bananas,Fini,Embalagem 100G,"0,99 €","9,90 €/Kg"
Champanhe tradicional bruto,Delagne&fi,Garrafa de 750 ml,"19,99 €","26,65 €/L"
Chocolate negro 72% cacau,Cemporcent,Embalagem de 100g,"2,79 €","27,90 €/Kg"
Creme abrasivo de limão,PorSi,Embalagem de 750 ml,"0,99 €","1,32 €/L"
Croissant Brioche com chocolate,Pastelaria do Dia,1 un = 100 g (aprox.),"0,30 €/Unidade","0,30 €/Unidade"
Spray wc anticalcário,PorSi,embalagem de 750 ml,"1,79 €","2,39 €/L"
Borracha para desenho técnico,Domédia,1 unidade,"4,69 €","4,69 €/Unidade"
Cerveja c/ álcool mini,Super Bock,Pack 15 x 0.20 L,"1,99 €/L","1,99 €/L"
"Queijo regional de vaca, cabra e ovelha curado",Qj.saloio,Embalagem de 190g,"13,63 €/Kg","13,63 €/Kg"
Super Cola para Madeira,Vito,1 unidade,"2,09 €","2,09 €/Unidade"
Bacalhau espiritual,PorSi,Embalagem de 300g,"1,79 €","7,16 €/Kg"
Fralda Cueca Banho Splashers T5,Dodot,1 Embalagem c/10 unidades,"4,59 €","4,59 €/Unidade"
Tempero em pó galinha,Knorr,Embalagem de 135g,"0,99 €","1,98 €/Kg"
Ambientador gel floral,PorSi,150 g,"16,63 €/L","16,63 €/L"
"Ice tea, pêssego",PorSi,"Embalagem de 6x0,20 l","1,09 €","0,91 €/L"
Miolo berbigão,PorSi,Embalagem de 250g,"1,79 €","7,16 €/Kg"
Cola glitter,Mitama,10.5 ml,"4,29 €","102,14 €/Kg"
Leite uht meio gordo,PorSi,Embalagem com rosca de 1 l,"0,83 €","0,83 €/L"
"Tablete de chocolate, black-white",Schogetten,Embalagem de 100g,"1,09 €","10,90 €/Kg"
Ketchup,PorSi,Embalagem de 560 g,"1,55 €","3,69 €/Kg"
Açúcar mascavado,PorSi,Embalagem de 500g,"1,49 €","1,49 €/Kg"
4 hamburguers frango s/ glúten,Capitão Iglo,Embalagem de 240g,"11,44 €/Kg","11,44 €/Kg"
Azeite virgem clássico,PorSi,Garrafa de 750 ml,"3,29 €","4,39 €/L"
Feijão vermelho,Caçarola,Embalagem de 500 g,"0,95 €","1,90 €/Kg"
"Bombons de chocolate, praleine",Schogetten,Embalagem de 100g,"1,09 €","10,90 €/Kg"
Pão de forma sem côdea,Panrico,Embalagem de 650g,"0,99 €","1,65 €/Kg"
Mistura para carnes,PorSi,Embalagem de 40g,"2,29 €","30,53 €/Kg"
Arroz de pato,PorSi,Embalagem de 400g,"3,99 €","9,98 €/Kg"
8 salsichas bockwurst,PorSi,1 Frasco 720G,"0,75 €","3,75 €/Kg"
Creme p/ Calçado Incolor,Búfalo,Embalagem de 50 ml,"0,99 €","19,80 €/L"
Água c/ gás limão,Frize,pack 4 x 0.25 l,"1,99 €/L","1,99 €/L"
Azeite virgem extra seleção,PorSi,Garrafa de 250 ml,"3,29 €","4,39 €/L"
Queijo mini,Babybel,Embalagem de 6x20 g,"2,61 €","13,05 €/Kg"
Gel ativo com lixívia,PorSi,Embalagem de 1.5 l,"1,29 €","0,86 €/L"
Mistura sol sem café granulado,PorSi,Embalagem de 200g,"0,79 €","3,16 €/Kg"
Pastilhas elásticas frost watermelon,Trident Max,Embalagem de 60 g,"0,89 €","59,33 €/Kg"
Caderno Espiral Capa Dura A4 Quadriculado,Domédia,1 un.,"3,69 €","3,69 €/Unidade"
Mortadela de peru,PorSi,1 un = 150 gr (aprox.),"1,05 €","6,99 €/Kg"
Ervilhas primavera 500g,Iglo,Embalagem de 500g,"0,74 €","1,85 €/Kg"
Estojo redondo,PorSi,1 unidade,"5,99 €","5,99 €/Unidade"
Bolachas waffers morango,PorSi,Embalagem de 210g,"0,98 €","4,67 €/Kg"
Gelatina de ananás,Koala,Embalagem de 130g,"0,85 €","2,13 €/Kg"
"Elásticos grandes coloridos, pack de 20 unidades",Domédia,1 embalagem,"4,99 €","4,99 €/Unidade"
Diese chá tensius (trilingue),Diese,Embalagem de 10 unidades,"0,99 €","26,76 €/Kg"
Atum posta em azeite,PorSi,Embalagem de 120g,"0,89 €","7,42 €/Kg"
Puzzle Frozen,Clementoni,2 x 20 peças,"34,99 €","34,99 €/Unidade"
Nuggets de frango grelhadinho,Capitão Iglo,Embalagem de 200g,"9,30 €/Kg","9,30 €/Kg"
Manteiga com sal cuvete,LORETO,Embalagem de 250g,"1,89 €","7,56 €/Kg"
Massas alimentícias laços,PorSi,Embalagem de 500g,"1,09 €","2,18 €/Kg"
Pera rocha categoria II Programa Origens,PorSi,Embalagem de 1.5 kg,"1,30 €/Kg","1,30 €/Kg"
"Desodorizante para pés, creme Sport",Protex,Embalagem de 50 ml,"4,99 €","99,80 €/L"
Dentifríco 2 em 1 super branqueador,Theramed,Embalagem de 75 ml,"3,39 €","45,20 €/L"
Tomate inteiro pelado,PorSi,Embalagem de 390 g,"2,19 €","2,81 €/Kg"
Iogurte activia líquido morango,Danone,Embalagem de 4 x 155 g,"3,21 €/Kg","3,21 €/Kg"
Iogurte activia líquido cereais,Danone,Embalagem de 4 x 155 g,"3,21 €/Kg","3,21 €/Kg"
Esponja limpa camurça,PorSi,1 unidade,"2,89 €","14,45 €/L"
Abrasivo sanitário gel citrinos,PorSi,embalagem de 1 litro,"0,99 €","1,32 €/L"
Mix panquecas proteicas,Cemporcent,Embalagem de 500g,"0,93 €/Kg","0,93 €/Kg"
50 nuggets de frango,Capitão Iglo,Embalagem de 1042g,"2,79 €","8,72 €/Kg"
Camarão cozido 60/95,PorSi,Vendido ao peso a partir de 500 g,"8,00 €","15,99 €/Kg"
Refrigerante com gás de laranja,Sumol,"Garrafa de 1,25 l","0,40 €/L","0,40 €/L"
Sacos do lixo wc 5 litros,PorSi,30 sacos,"1,89 €","1,89 €/Unidade"
"Leite em fórmula nº2, confort, para bebé",Aptamil,Embalagem de 800g,"23,99 €","29,99 €/Kg"
"Tira nódoas, gel oxi",PorSi,Embalagem de 750 ml,"2,19 €","2,92 €/L"
Manteiga magra,PorSi,Embalagem de 250g,"1,89 €","7,56 €/Kg"
Queijo de vaca curado amanteigado,PorSi,+/- 550 g,"25,45 €/Kg","25,45 €/Kg"
Miolo de amêndoa sem pele inteira,PorSi,200 g,"0,79 €","3,95 €/Kg"
Gelatina ananás 8 kcal,PorSi,Embalagem de 4 x 100 g,"0,85 €","2,13 €/Kg"
Vinho do porto white,Cruz,Garrafa de 750 ml,"6,65 €/L","6,65 €/L"
Spray bolor e sujidade,Cillitbang,Garrafa de 500 ml,"1,29 €","0,86 €/L"
Mistolin advanced lixívia,Mistolin,Garrafa de 500 ml,"1,79 €","2,39 €/L"
Esteira desdobrável,Moveo,1 unidade,"3,99 €","3,99 €/Unidade"
Pasta dentífrica gel kids,Labell,Embalagem de 50 ml,"0,67 €","8,93 €/L"
Cabo de madeira com rosca,PorSi,1.20 m,"2,20 €","2,20 €/Unidade"
Vela com número nº 0,PorSi,1 unidade,"0,60 €","0,60 €/Unidade"
MINI NACKIS PRESUNTO 70G,Bicentury,Embalagem de 70 g,"0,79 €","7,90 €/Kg"
Gel de banho nourishing,Dove,Embalagem de 500 ml,"4,99 €","9,98 €/L"
Abrasivo wc gel ecologico,PorSi,Garrafa de 1 l,"0,99 €","1,32 €/L"
Feijão preto,Caçarola,Embalagem de 500 g,"0,95 €","1,90 €/Kg"
Pães de leite,s. tomé,Embalagem de 300 g,"7,40 €/Kg","7,40 €/Kg"
Pez blister,PEZ,Embalagem de 70g,"1,08 €","5,40 €/Kg"
Bacalhau à Brás,PorSi,Embalagem de 1 kg,"1,79 €","7,16 €/Kg"
Fiambre da Pá,Salsicharia Limiana,1 un = 150 gr (aprox.),"12,79 €/Kg","12,79 €/Kg"
Recarga Esfregona de Algodão,PorSi,1 unidade,"0,89 €","0,89 €/Unidade"
Batata frita lisa,PorSi,Embalagem de 90g,"1,01 €","5,46 €/Kg"
Cueca incontinência para Adultos Ausonia Tamanho Gra...,Lindor,Embalagem de 14 unidades,"18,55 €/Unidade","18,55 €/Unidade"
Posta pescada-do-cabo nº 5 para cozer,PorSi,Embalagem de 800 g,"3,99 €","9,98 €/Kg"
"Tira gorduras, pistola",Kh 7,Garrafa de 750 ml,"4,89 €","6,52 €/L"
"Chá descafeinado, 10 saquetas",TLEY,1 embalagem com 10 unidades,"1,19 €","1,19 €/Unidade"
8 hamburguers s/ glúten vaca,Capitão Iglo,Embalagem de 640g,"2,79 €","8,72 €/Kg"
Spray lixívia e higiene,Cillitbang,Garrafa de 500 ml,"1,29 €","0,86 €/L"
Pensos peles sensíveis XL,PorSi,5 unidades,"2,86 €","2,86 €/Unidade"
"Comida húmida para cão adulto com frango, vaca e bor...",Friskies,Embalagem de 400g,"1,53 €","1,28 €/Kg"
Néctar pera,PorSi,Embalagem de 1 l,"0,99 €","0,99 €/L"
Fralda Cueca de Banho |Tamanho 3 X/S,Pommette,Embalagem de 12 un.,"4,59 €","4,59 €/Unidade"
Pilhas recarregáveis C HR14 2600mAh,Domédia,Embalagem com 2 unidades,"1,99 €","1,99 €/Unidade"
Lapiseira minas 0. 5mm,Domédia,1 unidade,"2,99 €","2,99 €/Unidade"
Espumosos tinto bruto attitude,Fita azul,Garrafa 0.75L,"5,69 €","7,59 €/L"
Queijo de azeitão dop,PorSi Select,Embalagem de 255 g,"25,45 €/Kg","25,45 €/Kg"
Barrita controlo de peso maçã,Ignoramu,Embalagem de 44g,"0,69 €","1,73 €/Kg"
Leite uht magro,Gresso,Embalagem de 1 litro,"0,83 €","0,83 €/L"
Croissant Brioche Artesanal,Pastelaria do Dia,1 unidade= 90 gr,"0,30 €/Unidade","0,30 €/Unidade"
Grão de bico,PorSi,Frasco com 540 g,"2,19 €","2,81 €/Kg"
Folhado de Maçã,*,1 unidade= 100 g,"0,30 €/Unidade","0,30 €/Unidade"
Biscoitos canudinho simples,PorSi,Embalagem de 300g,"2,82 €","9,40 €/Kg"
"Elixir bocal, menta",Labell,Embalagem de 500 ml,"1,49 €","2,98 €/L"
Kit Escolar Escrita,Bic,7 unidades,"2,99 €","2,99 €/Unidade"
Toalhitas básico,Dodot,embalagem com 54 unidades,"1,09 €/Unidade","1,09 €/Unidade"
Esfregão esponja ergonómico salva unhas,PorSi,Embalagem de 2 unidades,"0,79 €","0,79 €/Unidade"
Bebida de aveia,Frias,Garrafa de 1 l,"3,69 €","3,69 €/L"
Árvore de Natal,*,Dim.: 150cm,"24,99 €/Unidade","24,99 €/Unidade"
"Cerveja com álcool, lata",Super Bock,Garrafa de 500 ml,"1,99 €/L","1,99 €/L"
Fuet extra,Campofrio,Embalagem de 170g,"1,22 €","6,78 €/Kg"
Tablete de chocolate leite,Schogetten,Embalagem de 100g,"1,09 €","10,90 €/Kg"
Torta cacau com sabor a natas,PorSi,Embalagem de 300g,"1,71 €","7,13 €/Kg"
Tesoura advanced green,Maped,17 cm,"1,59 €","15,90 €/L"
Lava tudo antibacteriano marinho,PorSi,Garrafa de 1.5 l,"1,89 €","1,26 €/L"
Desodorizante para os Pés Spray,Scholl,Embalagem de 150 ml,"4,99 €","99,80 €/L"
Molas plásticas,PorSi,15 unidades,"0,89 €","0,89 €/Unidade"
Amaciador nutri-protec,Labell,Embalagem de 200 ml,"1,06 €","5,30 €/L"
"Escova de cabelo, Pontas Nylon Premium",Labell,Uma unidade,"2,19 €","2,19 €/Unidade"
Pensos resistentes à água,PorSi,Embalagem com 15 unidades,"2,86 €","2,86 €/Unidade"
Bloco cartolinas brancas A3,Firmo,25 folhas,"3,69 €","3,69 €/Unidade"
Super Cola 3 Gel,Loctite,Embalagem de 3 g,"2,09 €","2,09 €/Unidade"
Alface Programa Origens,PorSi,Embalagem de 150 g,"0,99 €","9,90 €/Kg"
Bolachas waffers baunilha,PorSi,Embalagem de 210g,"0,98 €","4,67 €/Kg"
Vinho verde branco,Presidente,Garrafa de 0.75 l,"4,19 €","5,59 €/L"
Tostas integrais,PorSi,Embalagem de 225g,"0,89 €","3,96 €/Kg"
Húngaros,PorSi,Embalagem de 270G,"0,69 €","3,45 €/Kg"
Moscatel favaios,Favaios,Garrafa de 750 ml,"6,79 €/L","6,79 €/L"
6 Salsichas de porco,Nobre,Lata de 120g,"0,75 €","3,75 €/Kg"
Filetes de pescada,PorSi,Embalagem de 400 g,"3,99 €","9,98 €/Kg"
Lava tudo marinho,Cif,"Garrafa de 1,4 l","1,89 €","1,26 €/L"
Biscoitos integrais aveia e cacau,PorSi Viva Bem,Embalagem de 150g,"1,45 €","11,15 €/Kg"
Desinfetante álcool gel spray,PorSi,100 ml,"0,99 €","9,90 €/L"
Pescada panada em forma de filete,Pescanova,Embalagem de 1 Kg,"3,99 €","9,98 €/Kg"
Queijo manchego D.O.P,PorSi Select,Embalagem de 250g,"2,87 €","15,94 €/Kg"
Açúcar em saquetas,PorSi,Embalagem 1K,"1,49 €","1,49 €/Kg"
Pensos Higiénicos Cottonlike Normal Abas,Evax,embalagem de 16 unidades,"2,79 €","2,79 €/Unidade"
Pano Suave C/ Microfibras,Vileda,2 + 1 Un. Grátis,"1,64 €","1,64 €/Unidade"
Sacos do lixo lavanda 50 litros,PorSi,15 unidades,"1,89 €","1,89 €/Unidade"
"Recarga ambientador, toque&fresh relax zen",Glade,Embalagem de 10 ml,"1,99 €","1,99 €/Unidade"
Iogurte natural açucarado,PorSi,Embalagem de 4x125g,"0,99 €","1,98 €/Kg"
Grão de bico,PorSi,Embalagem de 820g,"2,19 €","2,81 €/Kg"
Óleo para wok youwok,Youwok,Garrafa de 250 ml,"2,49 €","2,49 €/L"
"Livro ""Histórias Fantásticas com Unicórnios""",Girassol,1 unidade,"1,99 €","1,99 €/Unidade"
Bacon Extra Nacos,Porminho,200 g,"2,19 €","10,95 €/Kg"
Gaspacho,PorSi,1 litro,"1,59 €","1,59 €/L"
Vinagre de limpeza,PorSi,Embalagem de 1 l,"0,79 €","0,79 €/L"
Restaurador p/ móveis médio,Novycera,Garrafa de 170 ml,"1,39 €","1,26 €/L"
Feijão encarnado,PorSi,Embalagem 500G,"0,95 €","1,90 €/Kg"
Vmt reg alentejano 0.75l,T.xisto,Garrafa de 750 ml,"3,99 €","5,32 €/L"
Iogurte líquido yoggi morango,Nestle,Embalagem de 4 x 160 g,"5,97 €/Kg","5,97 €/Kg"
"Rolo de cozinha design xxl, 3 rolos",Renova,Embalagem de 3 unidades,"4,99 €","4,99 €/Unidade"
Eau De Toilette Homen Nº 56,Caravan,pack: 150ML+Deo 150ML,"6,98 €/L","6,98 €/L"
Uno cartas,Mattel,1 unidade,"31,99 €/Unidade","31,99 €/Unidade"
Posta de tintureira,PorSi,Embalagem de 500 g,"3,99 €","9,98 €/Kg"
Necessaire Flower + Etnic,Ambar,1 unidade,"5,99 €","5,99 €/Unidade"
Vela com número nº 5,PorSi,1 unidade,"0,60 €","0,60 €/Unidade"
Peskitos de pescada panados,Pescanova,Embalagem de 1 Kg,"9,30 €/Kg","9,30 €/Kg"
Spray óleo amêndoas doces,Hidro,Embalagem de 100 ml,"2,86 €","2,86 €/Unidade"
Creme de feijão c/ espinafres,Sopas Graciete,Garrafa de 400 ml,"2,69 €/Kg","2,69 €/Kg"
Feijao verde redondo,PorSi,Embalagem de 400g,"0,74 €","1,85 €/Kg"
Pescada da Africa do Sul,Peixe Congelado,Pescado no mar,"3,99 €/Kg","3,99 €/Kg"
Pêssego em calda metades,PorSi,Lata com 420 g,"1,99 €","2,37 €/Kg"
Detergentes máquina lavar loiça next generation,PorSi,30 pastilhas,"5,54 €","5,54 €/Unidade"
Feijao branco fidalgo,Caçarola,Embalagem de 500 g,"0,95 €","1,90 €/Kg"
Iogurte activia líquido kiwi,Danone,Embalagem de 4 x 155 g,"3,21 €/Kg","3,21 €/Kg"
Pensos com Abas de Noite,Ausonia,embalagem com 9 un.,"2,79 €","2,79 €/Unidade"
Vela com número nº 8,PorSi,1 unidade,"0,60 €","0,60 €/Unidade"
Alho moído,PorSi,Frasco com 45 g,"2,29 €","30,53 €/Kg"
"Bebida láctea especial crescimento, 1-3 anos",Mimosa,Garrafa de 1 l,"0,26 €","1,30 €/L"
Mel milflores,Cemporcent,Embalagem de 300g,"5,99 €","19,97 €/Kg"
Ketchup picante,Heinz,460 g,"1,55 €","3,69 €/Kg"
Polpa de cebola e alho,PorSi,Embalagem de 500 g,"0,99 €","1,98 €/Kg"
12 pastéis de bacalhau,PorSi,Embalagem de 300 g,"1,79 €","7,16 €/Kg"
Garagem,Écoiffier,Andares + camião,"9,99 €/Unidade","9,99 €/Unidade"
Leite uht gordo com rosca,PorSi,Embalagem de 1 litro,"1,04 €","1,04 €/L"
Jogo Atmosfear,Educa,1 unidade,"34,99 €","34,99 €/Unidade"
Sobremesa gelificada de laranja,PorSi,Embalagem de 4x100g,"0,85 €","2,13 €/Kg"
Oleo alimentar,PorSi,Garrafa de 1 l,"2,49 €","2,49 €/L"
Beterraba Cozida,*,Embalagem de 450 g,"2,00 €","3,99 €/Kg"
Pensos térmicos alívio da dor muscular 13x10cm,PorSi,Embalagem de 2 unidades,"2,86 €","2,86 €/Unidade"
Spray tira gorduras,Cillitbang,Garrafa de 500 ml,"1,29 €","0,86 €/L"
"Chocolate, extra single",Twix,Embalagem de 80g,"2,29 €","22,90 €/Kg"
"Pastilhas fruit, frutos silvestres",Trident,Embalagem de 15 g,"0,89 €","59,33 €/Kg"
Restaurador p/ móveis claro,Novycera,Garrafa de 170 ml,"1,39 €","1,26 €/L"
Acendalhas Ecologica,Quinas,Uma embalagem - 32Unidades,"1,89 €","1,89 €/Unidade"
Lixívia perfumada,PorSi,Embalagem de 5 l,"1,09 €","0,55 €/L"
Leite corporal,Nivea,Embalagem de 400 ml,"12,48 €/L","12,48 €/L"
Bolsa Cintura Magic Garden,Safta,1 unidade,"5,99 €","5,99 €/Unidade"
Gelado magnum pint amêndoas,Olá,Embalagem de 440 ml,"3,06 €/L","3,06 €/L"
Mini tostas integrais,PorSi,Embalagem de 180g,"0,89 €","3,96 €/Kg"
Lasanha vegetariana,*,Vendido ao peso,"6,25 €","12,49 €/Kg"
Maçã Golden 70/75,Fruta do Dia,1 un = 150 gr (aprox.),"1,30 €/Kg","1,30 €/Kg"
Alface Lisa,Legumes do Dia,1 un= 400 g (aprox.),"1,60 €","3,99 €/Kg"
"Carregador, 6 lâminas, 4 recargas",Labell Men,1 embalagem,"1,16 €","4,64 €/L"
Batata frita lisa chips,PorSi,Embalagem de 185 g,"1,01 €","5,46 €/Kg"
Amêndoa amarga,Milbar,"Garrafa de 0,70 l","6,99 €","9,99 €/L"
Ameijoa Branca Vietnamita,Marisco Congelado,Vendido a partir de 250 gr  (aprox.),"1,99 €/Kg","1,99 €/Kg"
Salsicha bockwurst 5 unidades,PorSi,Embalagem de 250g,"0,75 €","3,75 €/Kg"
Favas com sal,Frusel,Embalagem de 125g,"0,79 €","3,95 €/Kg"
Couve Flor,Legumes do Dia,Vendido ao peso,"2,89 €","2,89 €/Kg"
Leite UHT Meio Gordo,Gresso,Embalagem de 1 l,"0,83 €","0,83 €/L"
Esparregado de espinafres sem lactose,PorSi Viva Bem,Embalagem de 360 g,"1,89 €","6,30 €/Kg"
Ambientador tealights baunilha,PorSi,embalagem com 18 unidades,"1,99 €/Unidade","1,99 €/Unidade"
Vinho do porto tawny,Cruz,"Garrafa de 0,75 l","6,65 €/L","6,65 €/L"
Reparador de móveis escuro,PorSi,Embalagem de 200 ml,"1,39 €","1,26 €/L"
Tomate Cereja Redondo Biológico,PorSi Bio,Emb.: ± 250 g,"0,46 €","2,29 €/Kg"
"Elixir bocal, dentes e gengivas",Listerine,Embalagem de 250 ml,"1,49 €","2,98 €/L"
Cereais crack star,PorSi,Embalagem de 375 g,"5,07 €/Kg","5,07 €/Kg"
Detergente em pó máquina de lavar roupa lavanda,PorSi,75 doses,"8,69 €","1,84 €/Kg"
Panquecas de aveia c/ proteína pepitas chocolate,Prozis,Embalagem de 400g,"25,48 €/Kg","25,48 €/Kg"
Bolachas waffers chocolate,PorSi,Embalagem de 210g,"0,98 €","4,67 €/Kg"
Hamburguers de bovino,PorSi,Embalagem de 1 kg,"2,79 €","8,72 €/Kg"
Tablete de chocolate culinário branco,PorSi,Embalagem de 180 g,"1,09 €","10,90 €/Kg"
Película Aderente 60M,PorSi,1 unidade,"1,11 €","1,11 €/Unidade"
Queijo flamengo ralado,PorSi,Embalagem de 200G,"4,19 €","8,38 €/Kg"
Limão,Programa Origens,1 un = 200 gr (aprox.),"0,40 €","1,59 €/Kg"
Couve Lombarda,Legumes do Dia,1 un=1 kg (aprox.),"2,89 €","2,89 €/Kg"
Vela com número nº 1,PorSi,1 unidade,"0,60 €","0,60 €/Unidade"
"Rebuçados de fruta, diamante",PorSi,Embalagem de 200 g,"1,08 €","5,40 €/Kg"
"Coloração permanente, castanho tiramissu nº4.15",Nutrisse,1 unidade,"9,49 €/Unidade","9,49 €/Unidade"
Martini fiero,Martini,Garrafa de 750 ml,"8,99 €","14,98 €/L"
Bolachas digestive chocolate,PorSi,Embalagem de 300g,"0,84 €","2,80 €/Kg"
Caixa de Ameixa C/ Caroço,Ferbar,Embalagem de 230 g,"1,89 €/Kg","1,89 €/Kg"
Flocos de aveia,PorSi Viva Bem,Embalagem de 400g,"0,69 €","1,73 €/Kg"
Borracha para lápis e tinta,Domédia,1 unidade,"4,69 €","4,69 €/Unidade"
Margarina líquida,Vaqueiro,Embalagem de 500 ml,"2,89 €","2,89 €/Kg"
"Creme de muda de fralda, para bebé",Pommette,Embalagem de 100 ml,"0,55 €","5,50 €/L"
Lixívia Tradicional,PorSi,Embalagem de 5 l,"1,74 €","0,35 €/L"
Gel Duche Men Active Clean,Nivea Men,Embalagem de 500 ml,"6,98 €/L","6,98 €/L"
Máquina de barbear sensor excel universal,Gillette,1 unidade,"1,16 €","4,64 €/L"
"Esferográfica grip, sortido,  pack de 4 unidades",Bic,Uma embalagem,"2,99 €","2,99 €/Unidade"
Esferográficas galaxy,Stabilo,Embalagem com 5 cores,"2,99 €","2,99 €/Unidade"
Tomate Cacho,Programa Origens,1 un = 200 gr (aprox.),"0,46 €","2,29 €/Kg"
Suiço Longo c/ Pepitas de Chocolate,PorSi,1 un. = 100 g,"0,30 €/Unidade","0,30 €/Unidade"
Queijo flamengo fatias light,PorSi,Embalagem de 200g,"4,49 €","18,71 €/Kg"
Sacos do lixo lavanda 30 litros,PorSi,20 sacos,"1,89 €","1,89 €/Unidade"
Tira nódoas oxy limpa a seco sem deixar manchas,PorSi,Embalagem de 200 ml,"2,19 €","2,92 €/L"
Palhinhas de papel,PorSi,25 unidades,"0,60 €","0,60 €/Unidade"
Painho de Sousel,PorSi,"Vendido ao peso, fatiado a partir de 100 gr","1,27 €","12,69 €/Kg"
12 nuggets frango polme americano,Capitão Iglo,Embalagem de 220g,"9,30 €/Kg","9,30 €/Kg"
"Bloco sanitário blue activ, eucalio",Sonasol,Embalagem de 50 g,"39,60 €/Kg","39,60 €/Kg"
"Recarga Espanador, 10 unidades",Swiffer,Uma embalagem,"0,79 €","0,79 €/Unidade"
Tesoura kidy pulse,Maped,12 cm,"4,29 €","102,14 €/Kg"
Bases para pizza,PorSi,Embalagem de 3 x 125 g,"1,79 €","4,77 €/Kg"
Creme lift+ multi-protetor fluído,Diadermine,50 ml,"9,59 €","191,80 €/L"
"Coloração, tom sobre tom, ameixa, nº316",Casting,1 unidade,"9,49 €/Unidade","9,49 €/Unidade"
Folha de alumínio,PorSi,30 metros,"1,11 €","1,11 €/Unidade"
Aveia instantânea em pó 1250 g bolacha,Prozis,"Embalagem de 1,25 kg","2,29 €","15,27 €/Kg"
Arroz longo extra integral,Cacarola,Embalagem de 1 kg,"0,93 €/Kg","0,93 €/Kg"
Quinoa branca,PorSi Viva Bem,Embalagem de 200 g,"1,39 €","6,95 €/Kg"
"Óleo bronzeador com urucun, argan e cenoura",Soft&Co,Embalagem de 200 ml,"4,69 €","23,45 €/L"
Óleo Beleza N110,Diadermine,Embalagem de 100 ml,"12,48 €/L","12,48 €/L"
Feijão encarnado,PorSi,Embalagem de 820 g,"2,19 €","2,81 €/Kg"
Iogurte natural,Danone,Embalagem de 4 x 120 g,"0,99 €","1,98 €/Kg"
Ovos Frescos Omega 3 de Galinhas Solo,PorSi Viva Bem,Embalagem com 6 unidades,"2,39 €","2,39 €/Unidade"
Moinho pimenta preta em grão,PorSi,Frasco com 45 g,"2,29 €","30,53 €/Kg"
Toalhitas,Dodot,4 x 64 un.,"1,09 €/Unidade","1,09 €/Unidade"
Queijo fatiado cheddar,PorSi,Embalagem de 150 g,"4,19 €","8,38 €/Kg"
Reparador de móveis normal,PorSi,Embalagem de 200 ml,"1,39 €","1,26 €/L"
"Shampoo, laranja",PorSi,Embalagem de 1 l,"3,49 €","13,96 €/L"
Gelado viennetta morango,Olá,Embalagem de 650 ml,"3,06 €/L","3,06 €/L"
Banha,PorSi,Embalagem de 230 g,"2,89 €","2,89 €/Kg"
Multiusos cozinha pistola,Mr.muscle,Embalagem de 500 ml,"0,79 €","0,79 €/L"
Salada de Marisco,Amarras,Embalagem de 700 g,"2,19 €","8,59 €/Kg"
Cerveja com álcool,Sagres,Garrafa de 20 cl,"1,99 €/L","1,99 €/L"
Iogurte grego stracciatella sem lactose,PorSi Viva Bem,Embalagem de 240g,"0,99 €","1,98 €/Kg"
Caixa de Alperce,Ferbar,Embalagem de 230 g,"1,89 €/Kg","1,89 €/Kg"
"Fita apanha moscas, com 4 unidades",Neokill,4 unidades,"5,49 €","14,64 €/L"
Escova e pente,Neo Baby,1 unidade,"11,99 €","11,99 €/Unidade"
Salmão posta ao natural,PorSi Select,Lata de 120 g,"0,89 €","7,42 €/Kg"
Maxi folhado queijo/fiambre,Pastelaria do Dia,1 unidade = 125 g,"0,99 €/Unidade","0,99 €/Unidade"
Vinagre de vinho branco,PorSi,Garrafa de 1 l,"0,35 €","0,70 €/L"
Cem porcento-lentilhas vermelhas,Cemporcent,Embalagem de 500g,"0,93 €/Kg","0,93 €/Kg"
Churritos,PorSi,Embalagem de 240g,"1,71 €","7,13 €/Kg"
Lagartos,PorSi,Embalagem de 300 gr,"0,69 €","3,45 €/Kg"
Néctar bio multifrutos,Paquito,"Embalagem 1,5 l","2,19 €","1,46 €/L"
Bolachas integrais,PorSi,Embalagem de 200g,"0,84 €","2,80 €/Kg"
"Pasta dentífrica, 7-13 anos",Labell,Embalagem de 75 ml,"0,67 €","8,93 €/L"
Vinagre vinho branco,PorSi,Garrafa de 500 ml,"0,35 €","0,70 €/L"
Frutapura maçã e banana,Bledina,Embalagem de 85g,"9,18 €/Kg","9,18 €/Kg"
Yofu com pedaços de morango,Alpro,Embalagem de 4x125 g,"4,58 €/Kg","4,58 €/Kg"
"Hamburguers de frango, 4 x 80 g",PorSi,Embalagem de 320g,"2,79 €","8,72 €/Kg"
"Lava tudo, vinagre",Cif,"Garrafa de 1,4 l","1,89 €","1,26 €/L"
Elixir bocal de mentol,Listerine,Embalagem de 250 ml,"1,49 €","2,98 €/L"
Creme custard baunilha,Condi,Embalagem de 150g,"1,69 €","8,45 €/L"
Líquido wc active clean mint & jasmin,Ambipur,750 ml,"1,79 €","2,39 €/L"
Adoçante em pó,PorSi,250 saquetas,"5,99 €","23,96 €/Kg"
Detergente liquido loiça limão,PorSi,Garrafa de 1 litro,"0,89 €","0,89 €/L"
Choco rice,Cemporcent,Embalagem de 250g,"0,69 €","1,73 €/Kg"
Ananás Açores,Programa Origens,1 un=1 kg aprox.,"4,19 €","2,79 €/Kg"
Salada Ibérica Programa Origens,PorSi,Embalagem de 150 g,"0,99 €","9,90 €/Kg"
Iogurte aroma varios sabores,PorSi,Embalagem de 12 x 125 g,"1,87 €","1,25 €/Kg"
"Comida húmida para cão vaca, frango e borrego",Friskies,Embalagem de 12 x 100 g,"1,53 €","1,28 €/Kg"
Detergente líquido máquina de roupa lavanda,PorSi,86 Doses,"8,69 €","1,84 €/Kg"
Cola Vinilika,Giotto,100 ml,"1,59 €","15,90 €/L"
Côco ralado,PorSi,Embalagem de 200g,"1,29 €","3,23 €/Kg"
Bolacha Maria sem lactose,PorSi Viva Bem,Embalagem de 200 g,"0,99 €","1,98 €/Kg"
Caramelos de nata com recheio,Werthers,Embalagem de 140g,"1,19 €","4,76 €/Kg"
Bebida láctea especial crescimento 1-3 anos,Mimosa,Embalagem de 200 ml,"0,26 €","1,30 €/L"
Pá + espanador,PorSi,1 conjunto,"2,20 €","2,20 €/Unidade"
Feijão branco,PorSi,Embalagem de 500g,"0,95 €","1,90 €/Kg"
Néctar biológico de maçã,Paquito,"Embalagem de 1,5 l","2,19 €","1,46 €/L"
Pilhas recarregáveis D HR20 2600mAh,Domédia,Embalagem com 2 unidades,"1,99 €","1,99 €/Unidade"
Frango Inteiro,Frango,1 un=2 Kg (aprox.),"4,98 €","2,49 €/Kg"
Rolo cozinha branco 3 folhas,PorSi,3 rolos,"4,99 €","4,99 €/Unidade"
Espumante sem álcool para crianças,Look,Garrafa de 750 ml,"0,40 €/L","0,40 €/L"
Amaciador roupa essencial azul,Comfort,86 doses,"3,99 €","3,99 €/Unidade"
Desodorizante textil,PorSi,500 ml,"2,19 €","2,92 €/L"
Sabonete líquido maçãs verdes,Labell,Embalagem de 500 ml,"2,18 €/L","2,18 €/L"
Bebida Energética Apple,Hell,250 ml,"0,34 €","0,68 €/L"
Camarão moçambique 60/80,PorSi,800 g,"9,99 €","12,49 €/Kg"
Vela com número nº 9,PorSi,1 unidade,"0,60 €","0,60 €/Unidade"
Tablete de chocolate branco,Toblerone,Embalagem de 100g,"2,29 €","22,90 €/Kg"
"Néctar pêssego, prisma",PorSi,Embalagem de 1 l,"0,99 €","0,99 €/L"
Feijão manteiga caçarola,Cacarola,Embalagem de 500g,"0,95 €","1,90 €/Kg"
Sementes de linhaça dourada,PorSi Viva Bem,Embalagem de 250 g,"1,59 €","10,60 €/Kg"
Snack bounty single 57g,BOUNTY,Embalagem de 60g,"2,29 €","22,90 €/Kg"
Marmelada,PorSi,Embalagem de 900g,"1,09 €","2,42 €/Kg"
Iogurte Grego Yaos Granola e Coco,Nestle,Embalagem de 115g,"15,13 €/Kg","15,13 €/Kg"
Couve Coração Programa Origens,PorSi,1 un = 1 kg (aprox.),"2,89 €","2,89 €/Kg"
Adoçante à base de sucralose,PorSi Viva Bem,Embalagem de 17g,"5,99 €","23,96 €/Kg"
Sementes de linhaça,Cemporcent,Embalagem de 250G,"1,39 €","9,27 €/Kg"
Biscoitos de canela,PorSi,Embalagem de 750g,"0,69 €","3,45 €/Kg"
Bloco Sanitário Poder Activo Aqua,Sonasol,Embalagem de 50 g,"39,60 €/Kg","39,60 €/Kg"
Liquido em gel para WC Hibisco Rosa,Ambipur,Embalagem de 750 ml,"4,39 €","5,85 €/L"
Ração para gato adulto crunchy & tender com salmão,Friskies,"Embalagem de 1,5 kg","3,20 €/Kg","3,20 €/Kg"
"Refrigerante com gás, ananás",Sumol,"Garrafa de 1,25 l","0,40 €/L","0,40 €/L"
Queijo flamengo fatias light,PorSi,Embalagem de 200g,"4,19 €","8,38 €/Kg"
Balde de Limpeza com Espremedor,PorSi,unidade,"2,50 €","2,50 €/Unidade"
Inseticida liquido vaporizador,Ezalo,Embalagem de 375 ml,"5,49 €","14,64 €/L"
Champô nutri proteção,Labell,Embalagem de 250 ml,"12,48 €/L","12,48 €/L"
Fraldas de Incontinência Elásticos Médias,Lindor,20 Unidades,"18,55 €/Unidade","18,55 €/Unidade"
Ambientador elétrico sensual sandalwood & jasmine + ...,Glade,1 unidade,"3,74 €","3,74 €/Unidade"
Soja nacos,PorSi Viva Bem,Embalagem de 400 g,"1,49 €","3,73 €/Kg"
Sumo 100% pêssego e uva,PorSi,Pack 3 x 200 ml,"0,75 €","1,25 €/L"
Leite c/ chocolate meio-gordo s/ lactose,Agros,4 x 200 ml,"0,26 €","1,30 €/L"
Leite com chocolate,Agros,Embalagem de 200 ml,"0,26 €","1,30 €/L"
Vinh do porto ruby,Cruz,Garrafa de 750 ml,"6,65 €/L","6,65 €/L"
"Adesivo com suporte, tecido",Hansaplast,1 unidade,"2,86 €","2,86 €/Unidade"
Champô Anti-Caspa,Pantene,360 ml,"12,48 €/L","12,48 €/L"
Espremedor,PorSi,1 unidade,"2,50 €","2,50 €/Unidade"
"Vela com número, nº2",PorSi,1 unidade,"0,60 €","0,60 €/Unidade"
Tostas suecas integrais,PorSi,Embalagem de 225 g,"0,89 €","3,96 €/Kg"
Mix pimentos 3 cores,Legumes do dia,Embalagem de 500 g,"2,99 €","5,98 €/Kg"
Moelleux de chocolate,PorSi Select,960 g,"3,99 €","7,39 €/Kg"
Marcador velleda azul,Bic,1 unidade,"2,99 €","2,99 €/Unidade"
Gel de Banho Shea Butter & Vanilla,Dove,Embalagem de 750 ml,"4,99 €","9,98 €/L"
Biscoitos integrais aveia e cacau,PorSi Viva Bem,Embalagem de 150g,"0,69 €","3,45 €/Kg"
Pensos para incontinência Ausonia lady noite,Lindor,14 unidades,"9,99 €/Unidade","9,99 €/Unidade"
Iogurte naturea natural,PorSi,Embalagem de 4 x 125 g,"0,99 €","1,98 €/Kg"
"Engoma fácil, pistola",PorSi,Embalagem de 750 ml,"2,19 €","2,92 €/L"
Lenços faciais brancos 2 folhas,PorSi,150 unidades,"0,89 €","0,89 €/Unidade"
Leite com sabor a baunilha proteína,Yopro,Garrafa de 330 ml,"4,82 €/L","4,82 €/L"
Xarope de chocolate zero,Prozis,Embalagem de 290g,"5,99 €","19,97 €/Kg"
Ração para gato bolas de pelo com frango,Friskies,"Embalagem de 1,5kg","3,20 €/Kg","3,20 €/Kg"
Alcahfora plus,Forma+,Garrafa de 500 ml,"1,99 €","45,23 €/Kg"
Água mineral natural alcalina,MONCHIQUE,Garrafão de 5 l,"1,49 €","0,30 €/L"
Vermute rosso,Martini,Garrafa de 0.75 l,"9,99 €","14,27 €/L"
Cominhos moídos,PorSi,Embalagem de 35g,"2,29 €","30,53 €/Kg"
Folhado de Chocolate 60 g,PorSi,,"0,30 €/Unidade","0,30 €/Unidade"
Flan de ovos,PorSi,Embalagem 4 x 100 g,"0,55 €","2,75 €/Kg"
Petit gateau morango 4x80g,PorSi,Embalagem de 320g,"3,99 €","7,39 €/Kg"
Iogurte ananás 000%,PorSi Viva Bem,Embalagem de 4 x 125 g,"1,44 €","2,88 €/Kg"
Milho doce,PorSi,Embalagem de 400 g,"0,74 €","1,85 €/Kg"
"Livro ""Era uma Vez… Contos Intemporais""",Yoyo Books,1 unidade,"1,99 €","1,99 €/Unidade"
"Creme de dia, age perfect",L'oreal,Embalagem de 50 ml,"223,80 €/L","223,80 €/L"
Sacos do lixo 18 litros,PorSi,15 sacos,"1,89 €","1,89 €/Unidade"
Camarão cozido 50/70,PorSi,Embalagem de 500 g,"8,00 €","15,99 €/Kg"
Tostas de trigo,PorSi,Embalagem 225G,"0,89 €","3,96 €/Kg"
Bacalhau Graúdo Boa Pesca,PorSi,"Vendido ao peso, 1 un= 2.5 kg (aprox.)","10,99 €/Kg","10,99 €/Kg"
Vinagre de limpeza,Dona Pureza,Embalagem de 1 l,"0,79 €","0,79 €/L"
Salsichas de soja,Cemporcent,Embalagem de 390g,"25,48 €/Kg","25,48 €/Kg"
Ambientador tealights frutos vermelhos,PorSi,embalagem com 18 unidades,"1,99 €/Unidade","1,99 €/Unidade"
Alheira Extra Trás os Montes,PorSi,"Vendido ao peso, 1un= 200 gr (aprox.)","1,49 €","7,45 €/Kg"
Actimel magro natural,Danone,Embalagem de 6 x 100g,"4,15 €/Kg","4,15 €/Kg"
Diese cha hipericao kneip (trilingue),Diese,Embalagem de 10 unidades,"0,99 €","26,76 €/Kg"
Conjunto de ferramentas,Itools,8 peças,"12,99 €","12,99 €/Unidade"
Miolo de mexilhão,PorSi,Embalagem de 250 g,"1,79 €","7,16 €/Kg"
Framboesa mirtilo com xarope de milho,Cemporcent,Embalagem de 230g,"5,99 €","19,97 €/Kg"
Professor Espertalhão,IMC,1 un.,"31,99 €/Unidade","31,99 €/Unidade"
Cerveja c/ álcool,Sagres,pack 30 x 0.25 L,"1,99 €/L","1,99 €/L"
Barrita controlo de peso chocolate,Ignoramu,Embalagem de 44g,"0,69 €","1,73 €/Kg"
Doce de amora com frutose,Salutem,Embalagem de 330g,"5,99 €","19,97 €/Kg"
Tortitas de arroz chocolate negro,PorSi Viva Bem,130 g,"1,45 €","11,15 €/Kg"
Pano multiusos felpo,PorSi,1 unidade,"1,64 €","1,64 €/Unidade"
Paloco desfiado,PorSi,Embalagem de 500 g,"3,99 €","9,98 €/Kg"
Nabo Roxo s/ Rama,Programa Origens,1 un = 200 gr  (aprox.),"2,89 €","2,89 €/Kg"
Vinho tinto regional alentejano,Galitos,Garrafa de 3 l,"7,99 €","2,66 €/L"
Miolo de Noz,Ferbar,Embalagem de  140 g,"0,79 €","3,95 €/Kg"
"Guardanapos brancos, 33x33cm, 2 folhas",PorSi,Embalagem com 100 unidades,"1,29 €","1,29 €/Unidade"
Rebuçados de mentol,PorSi,Embalagem de 250g,"0,77 €","3,85 €/Kg"
Pá do Lixo C/ Cabo,PorSi,1 un.,"2,20 €","2,20 €/Unidade"
Vinagre de sidra,PorSi,500 ml,"0,35 €","0,70 €/L"
"Azeitonas pretas sem caroço, frasco de 165 g",PorSi,Embalagem de 165g,"2,19 €","2,81 €/Kg"
Posta de atum ao natural,PorSi,Embalagem de 120g,"0,89 €","7,42 €/Kg"
Batata pom'duchesse,PorSi,Embalagem de 600g,"1,99 €","1,99 €/Kg"
Amendoim com mel e sal,Frusel,Embalagem de 150g,"0,79 €","3,95 €/Kg"
Semente linhaça castanha,Salutem,Embalagem de 250g,"2,29 €","15,27 €/Kg"
12 Caldos de carne,PorSi,Embalagem de 127 g,"0,99 €","1,98 €/Kg"
"Escova dentes, rotativa global, dura, 2 unidades",Labell,1 embalagem,"4,99 €","4,99 €/Unidade"
Sultana Dourada,PorSi,Embalagem de 200g,"0,79 €","3,95 €/Kg"
Meloa Galia Económica,Fruta do Dia,1 un = 1 kg (aprox.),"2,98 €","1,19 €/Kg"
Doce de alperce com frutose,Salutem,Embalagem de 330g,"5,99 €","19,97 €/Kg"
Borracha para desenho técnico,Domédia,1 unidade,"3,19 €","3,19 €/Unidade"
Croutons com azeite,PorSi,Embalagem de 150g,"0,89 €","3,96 €/Kg"
Iogurte Líquido Yoggi s/ lactose frutos silvestres,Nestle,4x160g,"0,99 €","1,98 €/Kg"
Leite especial cálcio + vitamina d magro,Mimosa,Garrafa de 1 l,"0,94 €/L","0,94 €/L"
"Baton, soft rosa",Labello,Embalagem de 5 g,"2,29 €","458,00 €/Kg"
Pipoca doce para  microondas,PorSi,Embalagem de 300g,"0,79 €","7,90 €/Kg"
Limpa vidros azul,PorSi,Embalagem de 1 l,"3,49 €","13,96 €/L"
Néctar light de laranja prisma,PorSi,Embalagem de 1 l,"1,09 €","1,09 €/L"
Massa quebrada,Pasta dia,Embalagem de 230g,"3,99 €","3,99 €/Unidade"
Tesoura kidy pulse,Maped,12 cm,"1,59 €","15,90 €/L"
"12 lápis de cor, 18cm",Domédia,Uma embalagem,"4,69 €","4,69 €/Unidade"
Recargas ambientador elétrico romantic vanilla bloss...,Glade,Embalagem de 2 x 20 ml,"1,79 €","1,79 €/Unidade"
Salsicha Merguez,PorSi,1 un = 100 gr (aprox.),"0,25 €","4,99 €/Kg"
Iogurte mix-in kit kat,Nestle,Embalagem de 2 x 115 g,"4,23 €/Kg","4,23 €/Kg"
Toalhitas Bebé Basic,PorSi,Embalagem de 72 unidades,"1,09 €/Unidade","1,09 €/Unidade"
Flocos de cereais com mel,PorSi,Embalagem de 750g,"3,29 €","4,39 €/Kg"
Atum posta em óleo,Noro,Lata com 110 g,"0,89 €","7,42 €/Kg"
Boneca Caty 85 cm,Vicam,1 unidade,"27,99 €/Unidade","27,99 €/Unidade"
Fiambre da perna extra baixo teor de gordura fatias ...,PorSi Viva Bem,Embalagem de 200 g,"12,79 €/Kg","12,79 €/Kg"
Pilha alcalina hightech lr03x8,Domédia,1 unidade,"1,99 €","1,99 €/Unidade"
Separadores Index Verde + Amarelo,Post-It,1 un.,"4,99 €","4,99 €/Unidade"
Tomate frito,Heinz,Embalagem de 350g,"0,99 €","1,98 €/Kg"
Massa bagos,PorSi,Embalagem de 250g,"1,09 €","2,18 €/Kg"
"Recarga ambientador eléctrico, alfazema",PorSi,Embalagem de 25 ml,"1,79 €","1,79 €/Unidade"
Frutose,Cemporcent,Embalagem de 250g,"0,93 €/Kg","0,93 €/Kg"
Marcadores Boss Pastel,Stabilo,Embalagem c/ 4 cores,"2,99 €","2,99 €/Unidade"
Frutapura maçã e pera,Bledina,Embalagem de 4 x 95g,"5,42 €/Kg","5,42 €/Kg"
Cereais lion chocolate/caramelo,Nestle,Embalagem de 400g,"6,80 €/Kg","6,80 €/Kg"
Bloco Sanitário Ativo Lavanda,Sonasol,Embalagem de 50 g,"39,60 €/Kg","39,60 €/Kg"
Peito de frango forno a lenha,Primor,"Vendido ao peso, fatiado a partir de 100 gr","1,99 €","13,27 €/Kg"
Iogurte líquido yoggi morango/banana,Nestle,Embalagem de 4 x 160 g,"5,97 €/Kg","5,97 €/Kg"
Cera liquida amarela,Novycera,Garrafa de 500 ml,"2,49 €","2,49 €/L"
Mistura de azeitonas,PorSi,Vendido ao peso a partir de 500 g,"1,49 €","7,10 €/Kg"
Bolachas oreo,Oreo,Embalagem de 440g,"0,79 €","4,49 €/Kg"
Creme vegetal sabor manteiga,PorSi,Embalagem de 500 g,"5,40 €/Kg","5,40 €/Kg"
"Batata frita wavy, ondulada",PorSi,Embalagem de 90g,"1,01 €","5,46 €/Kg"
Café mistura peninsular,Delta,Embalagem de 250g,"0,79 €","3,16 €/Kg"
Escova de Dentes 1-2-3 Shiny Clean,Oral B,4 unidades,"4,99 €","4,99 €/Unidade"
Cuecas Incontinência Maxi Médio,Lindor,Embalagem com 14 un.,"18,55 €/Unidade","18,55 €/Unidade"
Champanhe rose bruto,Delagne & Fils,"Garrafa de 0,75 l","19,99 €","26,65 €/L"
Batata Branca,Legumes do Dia,10 kg,"0,35 €","1,39 €/Kg"
Vinho branco tejo,Alorna,Garrafa de 750 ml,"4,49 €","5,99 €/L"
Leite especial cálcio + vitamina d m/g,Mimosa,Garrafa de 1 l,"0,94 €/L","0,94 €/L"
Mistura solúvel c/ 20% café granulado,PorSi,Embalagem de 200g,"0,79 €","3,16 €/Kg"
Couve Flor,Programa Origens,1 un = 1 kg (aprox.),"2,89 €","2,89 €/Kg"
Borracha Gom Pen,Maped,1 unidade + recarga,"2,99 €","2,99 €/Unidade"
Proti soja naco,Salutem,Embalagem de 400g,"1,49 €","3,73 €/Kg"
Soro fisiológico,PorSi,Embalagem de 100 ml,"0,55 €","5,50 €/L"
Cuecas Incontinência Maxi Grande,Lindor,Embalagem com 14 un.,"18,55 €/Unidade","18,55 €/Unidade"
"Pilha alcalina, hightech lr03x4",Domédia,1 unidade,"1,99 €","1,99 €/Unidade"
Régua duplo decimetro,CA1,1 unidade,"0,80 €","0,80 €/Unidade"
Detergente Liquido Máquina Roupa Coco,Surf,88 doses,"8,69 €","1,84 €/Kg"
Leite creme,PorSi,Embalagem de 4x23g,"1,69 €","8,45 €/L"
Rebuçados cristais de neve,PorSi,Embalagem de 250g,"1,15 €","4,60 €/Kg"
Mostarda a'lancienne,PorSi Select,190 g,"1,55 €","3,69 €/Kg"
"Gel para o cabelo, pasta remix",Studio Line,Embalagem de 150 ml,"5,99 €","39,93 €/L"
24 etiquetas azuis,Domédia,Uma embalagem,"4,99 €","4,99 €/Unidade"
Pilha alcalina classic lr6x4,Domédia,1 unidade,"1,99 €","1,99 €/Unidade"
Acendalha Querosene,Quinas,Uma embalagem - 32Unidades,"1,89 €","1,89 €/Unidade"
Sobremesa de Arroz Doce,PorSi,Embalagem 2X135G,"0,55 €","2,75 €/Kg"
Sumo natural de maçã bio,Cemporcent,Garrafa de 200 ml,"3,69 €","3,69 €/L"
Ice tea de limão,PorSi,"Embalagem de 6x0,20 l","1,09 €","0,91 €/L"
Bolachas cream cracker,PorSi,Embalagem de 200g,"0,39 €","3,12 €/Kg"
Fraldas de Incontinência Elásticos Grandes,Lindor,20 Unidades,"18,55 €/Unidade","18,55 €/Unidade"
Lixívia com detergente,PorSi,Embalagem de 2 l,"1,09 €","0,55 €/L"
Vinho Regional de Lisboa Branco,Mundus,"Garrafa de 0,75L","2,12 €/L","2,12 €/L"
Adoçante em pó stevia,PorSi Viva Bem,Embalagem de 17g,"5,99 €","23,96 €/Kg"
Pimenta preta grão,PorSi,Saqueta de 50 g,"2,29 €","30,53 €/Kg"
"Pasta dentífrica, proteção branqueador",Labell,Embalagem de 75 ml,"2,29 €","38,17 €/L"
Manteiga magra,Matinal,Embalagem de 250g,"1,89 €","7,56 €/Kg"
Café Moagem Universal do Brasil,PorSi,Embalagem de 220g,"2,59 €","10,36 €/Kg"
Mistura de sementes,PorSi Viva Bem,Embalagem de 200 g,"1,59 €","10,60 €/Kg"
Nuggets pescada panada,Pescanova,Embalagem de 1Kg,"1,79 €","7,16 €/Kg"
"Salsichas em frasco bockwurst, 5 un",Izidoro,Embalagem de 250g,"0,75 €","3,75 €/Kg"
Saca-rolhas elétrico merlot,San Ignacio,1 unidade,"22,99 €","22,99 €/Unidade"
Galão enriquecido com cálcio,Ucal,Embalagem de 600 ml,"4,82 €/L","4,82 €/L"
Frutos silvestres lata,Koala,Embalagem de 415 g,"1,99 €","2,37 €/Kg"
Tremoço médio,PorSi,Embalagem de 350 g,"2,19 €","2,81 €/Kg"
Mortadela mini,PorSi,Embalagem de 350g,"1,05 €","6,99 €/Kg"
Tâmara seca sem caroço,PorSi Bio,Embalagem de 150g,"1,29 €","8,60 €/Kg"
Leite com chocolate,PorSi,Embalagem de 200 ml,"0,26 €","1,30 €/L"
Farinheira das beiras,PorSi,Embalagem de 260G,"1,49 €","7,45 €/Kg"
Pilha alcalina heightech lr6x4,Domédia,1 unidade,"1,99 €","1,99 €/Unidade"
"Café em grão, lote superior",Delta,Embalagem de 1 kg,"15,49 €","15,49 €/Kg"
Esparregado de espinafres sem lactose,PorSi Viva Bem,Embalagem de 360 g,"0,99 €","1,98 €/Kg"
Palitos redondos,PorSi,200 unidades embalados individualmente,"1,50 €","1,50 €/Unidade"
Aguardente velhíssima,Caves Bonifácio,Garrafa de 0.70 l,"18,99 €","27,13 €/L"
Guardanapos brancos 22x22cm | folha dupla,Renova,90 unidades,"1,29 €","1,29 €/Unidade"
Prato com naperon 30cm,PorSi,1 unidade,"0,54 €","0,54 €/Unidade"
"Carteira etiquetas, 24x35",Domédia,1 unidade,"3,69 €","3,69 €/Unidade"
Sumo 100% laranja,PorSi,Pack 3 x 200 ml,"0,75 €","1,25 €/L"
Cogumelos laminados,PorSi,780 g,"2,19 €","2,81 €/Kg"
Gressinos com azeitonas pretas,PorSi,Embalagem de 250g,"0,89 €","3,96 €/Kg"
Sidra de maçã,Somersby,pack 6 x 0.2 l,"3,32 €/L","3,32 €/L"
"Gel banho, sport for men",Nivea,Embalagem de 250 ml,"3,69 €","14,76 €/L"
Batata frita caseira,PorSi,Embalagem de 180g,"0,87 €","5,44 €/Kg"
Fita adesiva,PorSi,5m x 1.25 cm,"2,86 €","2,86 €/Unidade"
Farinha para bolos super fina,B.neve,Embalagem de 1 kg,"4,25 €","0,85 €/Kg"
Sacos do lixo jardim 130 litros,PorSi,10 sacos,"1,89 €","1,89 €/Unidade"
Sidra de maçã,Somersby,Lata de 500 ml,"3,32 €/L","3,32 €/L"
Biscoitos allumettes,Du Bois de la Roche,Embalagem de 135 g,"0,69 €","3,45 €/Kg"
Toalhitas proteção cores,PorSi,Embalagem de 20 unidades,"2,19 €","2,92 €/L"
Pão de forma s/ côdea,Bimbo,Embalagem de 650 g,"0,99 €","1,65 €/Kg"
Sopa de feijão verde,*,Vendido ao peso,"2,69 €/Kg","2,69 €/Kg"
Algodão zig zag pré-cortado,PorSi,Embalagem de 50 g,"2,86 €","2,86 €/Unidade"
Néctar ananás,PorSi,Pack 3 x 200 ml,"0,99 €","0,99 €/L"
Barrita controlo de peso chocolate,Ignoramu,Embalagem de 44g,"1,99 €","45,23 €/Kg"
Tablete de chocolate branco,Schogetten,Embalagem de 100g,"1,09 €","10,90 €/Kg"
Queijo p/ barrar s/ lactose,Philadelph,Embalagem de 150g,"4,19 €","10,48 €/Kg"
Melancia Riscada,Fruta da Época,Vendido ao peso | 1 un = 4kg (aprox.),"2,98 €","1,19 €/Kg"
Queijo ralado mix 3 queijos,PorSi,Embalagem de 200 g,"7,45 €/Kg","7,45 €/Kg"
Spray renova camurça castanha,PorSi,Embalagem de 200 ml,"2,89 €","14,45 €/L"
Massa meada,PorSi,Embalagem de 500g,"1,09 €","2,18 €/Kg"
Rebuçados fruta,PorSi,Embalagem de 250g,"1,08 €","5,40 €/Kg"
Pão forma com côdea,PorSi,Embalagem de 600g,"0,99 €","1,65 €/Kg"
Spray elimina odores do calçado,PorSi,embalagem de 100 ml,"1,49 €","1,49 €/Unidade"
Cacau magro em pó,PorSi,Embalagem de 125 g,"0,85 €","6,80 €/Kg"
Laranja Económica,Fruta do Dia,1 un = 250 gr  (aprox.),"0,40 €","1,59 €/Kg"
Leite condensado magro,Nestle,Embalagem de 390g,"1,09 €","2,75 €/Kg"
"Leite em fórmula nº1, confort, para bebé",Aptamil,Embalagem de 800g,"23,99 €","29,99 €/Kg"
Manjericão,PorSi,50 g,"0,99 €","19,80 €/Kg"
Marmelada com frutose,PorSi Viva Bem,Embalagem de 400g,"1,09 €","2,42 €/Kg"
Vinho maduro tinto,C.da eira,Garrafa de 250 ml,"1,23 €","2,19 €/L"
"Argolas, brancas, autocolante, 160 unidades, 13 mm",Domédia,1 embalagem,"4,99 €","4,99 €/Unidade"
Pilhas recarregáveis longa duração AAA HR03 1.2V 800...,Domédia,Embalagem com 4 unidades,"1,99 €","1,99 €/Unidade"
"Abraçadeira 14cm, caixa com 12",Ecauto,1 unidade,"3,49 €","3,49 €/Unidade"
Iogurte líquido danonino morango,Danone,Embalagem de 4 x 100 g,"4,23 €/Kg","4,23 €/Kg"
Queijo fleur dange,Páturages,Embalagem de 200 g,"2,61 €","13,05 €/Kg"
Lapiseira Criterium 0.5 MM,Bic,Embalagem com 4 un.,"2,99 €","2,99 €/Unidade"
Comida húmida de vaca para cão,Friskies,Embalagem de 4 x 100 g,"1,53 €","1,28 €/Kg"
Alimento seco para gatinhos,HappyOne,"Embalagem de 1,5 kg","3,20 €/Kg","3,20 €/Kg"
Elixir Bocal ProExpert Proteção Profunda,Oral B,Embalagem de 500 ml,"1,49 €","2,98 €/L"
Bio miolo amendoa compele,PorSi Bio,Embalagem de 100g,"0,79 €","3,95 €/Kg"
Gamba Rosa Moçambique,PorSi,Embalagem de 800 g,"9,99 €","12,49 €/Kg"
Detergente Máquina Roupa Liquido Bebé,Skip,60 doses,"12,49 €/Unidade","12,49 €/Unidade"
Água c/ gás original,Frize,pack 6 x 0.25 l,"1,99 €/L","1,99 €/L"
Iogurte Líquido Yoggi s/ lactose frutos silvestres,Nestle,4x160g,"5,97 €/Kg","5,97 €/Kg"
Tira verniz,Labell,Embalagem de 200 ml,"2,49 €","41,50 €/L"
Pilha alcalina hightech lr20x2,Domédia,1 unidade,"1,99 €","1,99 €/Unidade"
Água com gás natural,Perrier,Embalagem de 750ml,"1,99 €/L","1,99 €/L"
Batata frita rodelas,PorSi,Embalagem de 2x70g,"1,01 €","5,46 €/Kg"
Maçã Fuji 70/75,Programa Origens,1 un = 150 gr (aprox.),"1,30 €/Kg","1,30 €/Kg"
Bacalhau com azeite e alho,PorSi Select,Lata de 120 g,"0,89 €","7,42 €/Kg"
Kit de viagem,Colgate,pasta dentífrica + escova,"2,29 €","38,17 €/L"
Recarga p/ ambientador elétrico flores,Ambipur,3 unidades,"1,79 €","1,79 €/Unidade"
Gel de Banho Coconut Milk,Dove,Embalagem de 750 ml,"4,99 €","9,98 €/L"
Marcadores para colorir,Domédia,embalagem com 18 unidades,"3,19 €","3,19 €/Unidade"
Iogurte activia líquido 0% lima/limão,Danone,Embalagem de 4 x 155 g,"3,21 €/Kg","3,21 €/Kg"
Iogurtes aroma 4 de morango + 4 de banana,PorSi,Embalagem de 8x125g,"1,87 €","1,25 €/Kg"
Kiwi Económico,Fruta do Dia,1 un = 150 gr (aprox.),"0,34 €","2,29 €/Kg"
Restaurador p/ móveis escuro,Novycera,Garrafa de 170 ml,"1,39 €","1,26 €/L"
Romã,Fruta da Época,1 un = 250 gr  (aprox.),"1,89 €/Kg","1,89 €/Kg"
Sumo natural de maçã bio,Cemporcent,Garrafa de 1 l,"3,69 €","3,69 €/L"
Iogurte activia líquido 0% morango/kiwi,Danone,Embalagem de 4 x 155 g,"3,21 €/Kg","3,21 €/Kg"
Cereais estrelitas,Nestle,Embalagem de 550g,"5,07 €/Kg","5,07 €/Kg"
Toalhitas para bebé melão,PorSi,Embalagem de 60 unidades,"1,09 €/Unidade","1,09 €/Unidade"
"Salsichas bockwurst em frasco, 8 unidades",Izidoro,Embalagem de 400g,"0,75 €","3,75 €/Kg"
Batata frita light,PorSi,Embalagem de 150g,"0,95 €","6,33 €/Kg"
Guardanapos 2 folhas brancos e dourado,PorSi Select,50 unidades,"1,29 €","1,29 €/Unidade"
Semente girassol,Salutem,Embalagem de 200g,"2,29 €","15,27 €/Kg"
Néctar de pêssego,PorSi,Pack 3 x 200 ml,"0,99 €","0,99 €/L"
Creme vegetal culinário,Vaqueiro,Embalagem de 1 kg,"5,40 €/Kg","5,40 €/Kg"
"Esferográfica orange, 4 unidades, sortidas",Bic,1 embalagem,"2,99 €","2,99 €/Unidade"
Sobremesa gelatina de ananás,PorSi,Embalagem 4X100G,"0,85 €","2,13 €/Kg"
Forma tarte em alumínio 24 cm basic,PorSi,1 un.,"3,99 €/Unidade","3,99 €/Unidade"
Iogurte líquido yoggi banana,Nestle,Embalagem de 4 x 160 g,"5,97 €/Kg","5,97 €/Kg"
Queijo mozzarella ralado,PorSi,Embalagem de 200 g,"7,45 €/Kg","7,45 €/Kg"
Leite de coco bio,PorSi Bio,400 ml,"1,57 €","15,70 €/Kg"
Vinho Rosé Regional Península de Setúbal,Catarina,Garrafa de 750 ml,"3,99 €","5,32 €/L"
Folhado de salsicha,PorSi,Embalagem de 6x60 g,"1,79 €","7,16 €/Kg"
Adoçante com doseador,PorSi,Embalagem 100 comprimidos,"5,99 €","23,96 €/Kg"
Actimel morango-banana,Danone,Embalagem de 6 x 100 g,"4,15 €/Kg","4,15 €/Kg"
"Mini rissóis de carne, 20 unidades",PorSi,Embalagem de 300 g,"1,79 €","7,16 €/Kg"
10 hamburguers 60% carne de bovino,PorSi,Embalagem de 1 kg,"2,79 €","8,72 €/Kg"
Guitarra,Panda,1 un.,"12,99 €/Unidade","12,99 €/Unidade"
Feijão verde,PorSi,Embalagem de 750 g,"0,74 €","1,85 €/Kg"
Alho-francês,PorSi,Embalagem de 750 g,"0,74 €","1,85 €/Kg"
Farinha nao láctea bolacha maria,PorSi,Embalagem de 250g,"4,58 €","9,16 €/Kg"
Papel higiénico reciclado 2 folhas,PorSi,12 rolos,"1,99 €","1,99 €/Unidade"
Queijo Flamengo Bola,PorSi,1 un = 250 gr  (aprox.),"4,19 €","8,38 €/Kg"
Marcadores para colorir,Domédia,embalagem com 18 unidades,"4,69 €","4,69 €/Unidade"
Macchiato café arábica,PorSi,250 ml,"1,15 €","4,60 €/L"
Salada de fruta em calda,PorSi,Lata com 820 g,"1,99 €","2,37 €/Kg"
Espirais s/ glúten,Milaneza,Embalagem de 500g,"2,69 €","5,38 €/Kg"
Soja líquido frutos exóticos,PorSi Viva Bem,Embalagem de 4 x 150 ml,"4,58 €/Kg","4,58 €/Kg"
Arroz agulha América do Sul,PorSi,Embalagem de 1 kg,"0,99 €/Kg","0,99 €/Kg"
Caramelos de nata,PorSi,Embalagem de 250g,"1,19 €","4,76 €/Kg"
"Hamburgers de porco, 4x80g",PorSi,Embalagem de 320 g,"2,79 €","8,72 €/Kg"
Leite com sabor a chocolate proteína,Yopro,Garrafa de 330 ml,"4,82 €/L","4,82 €/L"
Castanhas,PorSi,Embalagem de 500G,"3,29 €","4,39 €/Kg"
"Vela com número, nº 7",PorSi,1 unidade,"0,60 €","0,60 €/Unidade"
Ananás rodelas em sumo,PorSi,Embalagem de 3 x 220 g,"1,99 €","2,37 €/Kg"
20 mini rissóis de camarão,PorSi,Embalagem de 300 g,"1,79 €","7,16 €/Kg"
Salsa Molho Programa Origens,PorSi,Embalagem de 50g,"0,89 €","17,80 €/Kg"
Néctar light de manga/laranja prism,PorSi,Embalagem de 1 l,"1,09 €","1,09 €/L"
Queijo de Cabra Curado Rústico,Palhais,Vendido ao peso a partir de 250 gr,"4,75 €","18,99 €/Kg"
Gelado sandwich nata/chocolate,PorSi,Embalagem de 6x100 ml,"2,23 €","4,65 €/L"
Batatas Pré-fritas Rosti com Cebola,PorSi,Embalagem com 600 g,"1,99 €","1,99 €/Kg"
Diospiro de roer persimon | categoria: II,Fruta da Época,1 un = 250 gr  (aprox.),"1,89 €/Kg","1,89 €/Kg"
"Presunto Metades, 6 meses de cura",PorSi,"Vendido ao peso, fatiado a partir de 100 gr","1,27 €","12,69 €/Kg"
Preparado sobremesa vegan sem lactose,Nestle,Embalagem de 370g,"1,69 €","8,45 €/L"
Paes de leite 10unid 350g,H.delicia,Embalagem de 350 g,"7,40 €/Kg","7,40 €/Kg"
Arroz estufado,Caçarola,Embalagem de 1 kg,"0,99 €/Kg","0,99 €/Kg"
Licor de anis,Xarao,Garrafa de 700 ml,"6,99 €","9,99 €/L"
"Tira nódoas, spray oxi",PorSi,Embalagem de 1 l,"2,19 €","2,92 €/L"
"Creme para mãos, caixa familiar",Nivea,Embalagem de 250 ml,"2,49 €","41,50 €/L"
Café moagem normal: intenso,Buondi,Embalagem de 220g,"11,73 €/Kg","11,73 €/Kg"
Whisky bourbon cask,F.grouse,Garrafa de 700 ml,"23,49 €","23,49 €/L"
"Livro de Receitas ""Mais Leve""",PorSi,1 unidade,"1,99 €","1,99 €/Unidade"
"Compal vital laranja, cenoura e manga",Compal,Garrafa de 200 ml,"0,99 €","0,99 €/L"
Lápis de cera,Giotto,embalagem com 12 unidades,"3,19 €","3,19 €/Unidade"
Mousse de Banho Silk Creme Care,Nivea,Embalagem de 200 ml,"4,99 €","9,98 €/L"
Bacalhau posta média,PorSi,Embalagem de 800g,"6,39 €","7,99 €/Kg"
Rebuçados peitorais,Dr.bayard,Embalagem de 100g,"0,77 €","3,85 €/Kg"
Index Pack - 3un +1un,Post-It,1 unidade,"4,99 €","4,99 €/Unidade"
Almôndegas de bovino,PorSi,Embalagem de 400 g,"3,99 €","9,98 €/Kg"
Sementes de abóbora,Cemporcent,Embalagem de 150g,"2,29 €","15,27 €/Kg"
Ayam leite de coco,Ayam,Garrafa de 200 ml,"1,69 €","8,45 €/L"
Pão com Cereais 125 g,Pão do Dia,,"3,12 €/Kg","3,12 €/Kg"
Cereais recheados com chocolate e avelã,PorSi,Embalagem de 400g,"5,07 €/Kg","5,07 €/Kg"
Creme de limpeza com lixívia,PorSi,750 ml,"1,09 €","0,55 €/L"
Sumo natural de uva preta bio,Cemporcent,Garrafa de 1 l,"3,69 €","3,69 €/L"
Polvo Inteiro,PorSi,1 un = 1.5 kg (aprox.),"14,99 €/Kg","14,99 €/Kg"
Lava tudo brilhante madeiras,PorSi,Embalagem de 1.1 litros,"1,89 €","1,26 €/L"
"Lenços de bolso, mentol, 10 unidades",Renova,Uma embalagem de 6x10,"0,89 €","0,89 €/Unidade"
Miolo de Avelâ,Ferbar,Embalagem de  180 g,"0,79 €","3,95 €/Kg"
Vinho do porto finest reserve,Dow's,Garrafa de 0.75 l,"21,99 €","29,32 €/L"
Pizza Ristorante Prosciutto,Dr.oetker,Embalagem de 340g,"14,68 €/Kg","14,68 €/Kg"
"Frutapura maçã, morango, banana e cereja",Bledina,Embalagem de 85g,"5,42 €/Kg","5,42 €/Kg"
Bio miolo amendoa compele,PorSi Bio,Embalagem de 100g,"1,57 €","15,70 €/Kg"
Creme vegetal para culinária,PorSi,Embalagem de 1 kg,"2,89 €","2,89 €/Kg"
Melão Branco,Fruta do Dia,"Vendido ao peso,1 un= 2.5 kg (aprox.)","2,98 €","1,19 €/Kg"
Pera conference categoria: II,*,Vendido ao peso a partir de 300 g,"1,30 €/Kg","1,30 €/Kg"
Palito la reine,PorSi,Embalagem de 400 g,"0,69 €","3,45 €/Kg"
Pilha alcalina classic lr6x8,Domédia,1 unidade,"1,99 €","1,99 €/Unidade"
Rebuçados mentho-lyus sem açúcar,Halls,Embalagem de 31 g,"0,77 €","3,85 €/Kg"
Vinho do Porto Vintage,Kopke,"Garrafa de 0,75L C/ Caixa de Madeira","21,99 €","29,32 €/L"
Bolachas starship tradicional,PorSi,Embalagem de 150g,"0,79 €","5,27 €/Kg"
Máscara Split Remedy,Tresemmé,Embalagem de 300 ml,"1,06 €","5,30 €/L"
Baguete de alho,Panike,Embalagem de 350g,"3,40 €/Kg","3,40 €/Kg"
Pilha alcalina classic lr03x4,Domédia,1 unidade,"1,99 €","1,99 €/Unidade"
"Coloração permanente, preto nº10",Nutrisse,1 unidade,"9,49 €/Unidade","9,49 €/Unidade"
Gel de Banho Corpo e Cabelo Sensitive,Baby Dove,Embalagem de 400 ml,"6,85 €/L","6,85 €/L"
Leite uht magro com rosca,PorSi,1 litro,"0,83 €","0,83 €/L"
"Espuma de cabelo, volume xxl",Fru style,Embalagem de 200 ml,"5,99 €","39,93 €/L"
Cebola,Programa Origens,1 un = 250 gr  (aprox.),"0,35 €","1,39 €/Kg"
"Adesivo suave, pele sensivel",Hansaplast,1 unidade,"2,86 €","2,86 €/Unidade"
Leite condensado cozido,PorSi,Embalagem de 397 g,"1,09 €","2,75 €/Kg"
Gestos,Hasbro,1 un.,"31,99 €/Unidade","31,99 €/Unidade"
Mix de sementes tradicional,Cemporcent,Embalagem de 250g,"0,93 €/Kg","0,93 €/Kg"
Polvo limpo,PorSi,Embalagem de 800 g,"9,59 €","11,99 €/Kg"
Queijo ilha ralado,PorSi,Embalagem de 200g,"7,45 €/Kg","7,45 €/Kg"
"Pimenta preta, moída, em frasco",PorSi,Embalagem de 43 g,"2,29 €","30,53 €/Kg"
Iogurte líquido yoggi cremoso pêssego/manga,Nestle,Embalagem de 4 x 160 g,"5,97 €/Kg","5,97 €/Kg"
Batata frita de presunto,PorSi,Embalagem de 185 g,"1,18 €","6,38 €/Kg"
Bolacha com aveia,PorSi,Embalagem de 300 g,"0,84 €","2,80 €/Kg"
10 salsichas de porco em lata,PorSi,Embalagem de 250G,"0,75 €","3,75 €/Kg"
Esferográficas Soft Feel,Bic,Embalagem com 3 un.,"2,99 €","2,99 €/Unidade"
Cenoura baby,PorSi,Embalagem de 400 g,"0,74 €","1,85 €/Kg"
Amaciador Roupa Concentrado Essência Pure,Comfort,86 doses,"3,99 €","3,99 €/Unidade"
Bolacha waffer bites avelã,Waferland,Embalagem de 125g,"0,98 €","4,67 €/Kg"
12 douradinhos forníssimo,Capitão Iglo,Embalagem de 300g,"9,30 €/Kg","9,30 €/Kg"
Espuma de barbear para peles sensíveis,Labell Men,Embalagem de 250 ml,"1,16 €","4,64 €/L"
Toranja,Fruta do Dia,1 un = 300 gr  (aprox.),"0,40 €","1,59 €/Kg"
Mistolin advanced anticalcário,Mistolin,Garrafa de 500 ml,"1,79 €","2,39 €/L"
Sabonete alfazema de monte,Confianca,Embalagem de 125 g,"1,99 €","12,44 €/Kg"
Bolacha de milho sem sal bio,Cemporcent,Embalagem de 110g,"1,45 €","11,15 €/Kg"
Guardanapos de 1 folha amarelos | dim.: 30 x 29 cm,PorSi,Embalagem com 70 unidades,"1,29 €","1,29 €/Unidade"
Powerade ice storm,POWERADE,Garrafa de 500 ml,"0,34 €","0,68 €/L"
Batata frita ondulada wavy,PorSi,Embalagem de 185 g,"1,01 €","5,46 €/Kg"
Kit cuidados para cão,Sandimas,3 peças,"9,99 €","9,99 €/Unidade"
Whisky,J&B,Garrafa de 1 l,"23,49 €","23,49 €/L"
Ambientador Elétrico Lavanda e Aloe,Glade,1 unidade,"3,74 €","3,74 €/Unidade"
Bife de atum,PorSi,Embalagem de 400 g,"3,99 €","9,98 €/Kg"
"Estilete lâmina, 9 mm",Domédia,1 unidade,"2,99 €","2,99 €/Unidade"
Lula limpa 20/40,PorSi,Embalagem de 800 g,"9,59 €","11,99 €/Kg"
Pescada congelada 350-450 g,Peixe Congelado,Peixe de aquacultura,"3,99 €/Kg","3,99 €/Kg"
Laranja,*,embalagem de 2 kg,"0,40 €","1,59 €/Kg"
Sobremesa banana/laranja/bolacha,Nestle,Embalagem de 4 x 100 g,"5,98 €/Kg","5,98 €/Kg"
Bolachas com cobertura de chocolate,PorSi,Embalagem de 150g,"1,19 €","7,93 €/Kg"
Lula recheada com carne,PorSi,Embalagem de 500 g,"1,89 €","6,30 €/Kg"
Pipocas doces,Orcape,Embalagem de 100g,"0,79 €","7,90 €/Kg"
Aguardente velhíssima,São Domingos,Garrafa de 0.70 l,"18,99 €","27,13 €/L"
"Pensos, 20 unidades",Hansaplast,1 embalagem,"2,86 €","2,86 €/Unidade"
Cereja,Programa Origens,1 un = 250 gr  (aprox.),"1,50 €","5,99 €/Kg"
Adoçante em pó stevia,PorSi Viva Bem,Embalagem de 250 g,"5,99 €","23,96 €/Kg"
Caixa de arquivo morto,Domédia,1 unidade,"3,29 €","3,29 €/Unidade"
6 chamucas de carne,PorSi,Embalagem de 240g,"1,79 €","7,16 €/Kg"
Escova Limpa Vidro Flex 51cm,Bottari,1 Embalagem,"3,49 €","3,49 €/Unidade"
Chupa sortidos s/ açúcar,Chupachups,Embalagem de 70g,"3,40 €","28,33 €/Kg"
Bolachas cream cracker,PorSi,Embalagem de 600g,"0,39 €","3,12 €/Kg"
Mistura solúvel brasa,Nestle,Embalagem de 200g,"0,79 €","3,16 €/Kg"
Bolachas cereais passas e laranja,PorSi,Embalagem de 300 g,"0,79 €","5,27 €/Kg"
Drageias de chocolate de leite,PorSi,200 g,"0,69 €","17,25 €/Kg"
"Refeição pronta, boião de frango e arroz",Bledina,Embalagem de 200g,"7,75 €/Kg","7,75 €/Kg"
Adoçante com doseador,PorSi,Embalagem de 66g,"5,99 €","23,96 €/Kg"
Dentifríco 2 em 1 original,Theramed,Embalagem de 75 ml,"3,39 €","45,20 €/L"
"Livro ""Pequenas Histórias de Animais que se Tornaram...",Girassol,1 unidade,"1,99 €","1,99 €/Unidade"
Dentífrico Complete Elixir e Branqueador,Oral B,Embalagem de 75 ml,"2,29 €","38,17 €/L"
Compressas | dim.: 10 x 10 cm,PorSi,Embalagem com 100 unidades,"2,86 €","2,86 €/Unidade"
Requeijão light,Saloio,Embalagem de 170g,"1,79 €","10,53 €/Kg"
Cenoura,PorSi,1 un = 100 gr  (aprox.),"0,79 €/Kg","0,79 €/Kg"
"Fiambre extra, fatias finas",PorSi,Embalagem de 150 g,"12,79 €/Kg","12,79 €/Kg"
Alimento seco para gato steril,HappyOne,Embalagem de 2 kg,"3,20 €/Kg","3,20 €/Kg"
Kit de rega completo,Itools,5 peças,"3,99 €","3,99 €/Unidade"
Creme vegetal culinário,Vaqueiro,Embalagem de 250 g,"5,40 €/Kg","5,40 €/Kg"
Toalhitas tripla ação vidros,Ajax,embalagem de 20 un.,"0,89 €","0,89 €/L"
Escova dentes para próteses,Labell,Embalagem de 1 un.,"9,79 €","122,38 €/Kg"
Queijo fresco petits suisses  40% mg,Páturages,Embalagem 6X60G,"4,23 €/Kg","4,23 €/Kg"
Mariscada,PorSi,Embalagem de 800g,"2,19 €","8,59 €/Kg"
Rolo de Cozinha Gigaroll Branco,Renova,1 Rolo,"4,99 €","4,99 €/Unidade"
Autocarro Formas e Cores,Baby Clementoni,1 unidade,"12,99 €/Unidade","12,99 €/Unidade"
5 folhas de gelatina incolor,PorSi,Embalagem de 9 g,"0,55 €","61,11 €/Kg"
Caramelos de fruta,PorSi,Embalagem de 250g,"1,19 €","4,76 €/Kg"
Lava tudo brilhante madeiras,PorSi,Embalagem de 1.1 litros,"1,39 €","1,26 €/L"
Biscoitos de cacau,PorSi,Embalagem de 750g,"0,69 €","3,45 €/Kg"
"Iogurte líquido yoggi, sem lactose, morango",Nestle,Embalagem de 4 x 160 g,"5,97 €/Kg","5,97 €/Kg"
Vinho rosé,C.mendes,Garrafa de 750 ml,"3,99 €","5,32 €/L"
Champanhe bruto,Delagne & Fils,"Garrafa de 0,75 l","19,99 €","26,65 €/L"
Água mineral natural alcalina,MONCHIQUE,1.5 l,"1,49 €","0,30 €/L"
Pudim flan zero açúcares adicionados,El mandari,Embalagem de 30g,"63,57 €/Kg","63,57 €/Kg"
Creme culinário soja,PorSi Viva Bem,Embalagem de 200 ml,"0,99 €","4,95 €/L"
Fio dentário fluór+menta 50m,Labell,1 unidade,"0,85 €","0,85 €/Unidade"
Aguarelas 30mm x 12,Giotto,1 unidade,"4,69 €","4,69 €/Unidade"
Minifresh-ambientador multiusos,Abelhinha,1 unidade,"1,99 €","1,99 €/Unidade"
Levedura de cerveja,Cemporcent,Embalagem de 150g,"2,29 €","15,27 €/Kg"
Farinha para bolos super fina,PorSi,Embalagem de 1 kg,"4,25 €","0,85 €/Kg"
Sardinhas em azeite,PorSi,Embalagem de 120g,"0,89 €","7,42 €/Kg"
Molho bechamel,PorSi,Embalagem de 500 ml,"0,75 €","3,75 €/L"
Sultana Preta,PorSi,Embalagem de 200g,"0,79 €","3,95 €/Kg"
Aguardente Vínica Velha,Martha's,"Garrafa 0,70L c/ Caixa de Madeira","18,99 €","27,13 €/L"
"Coloração permanente, louro claro, nº80",Nutrisse,1 unidade,"9,49 €/Unidade","9,49 €/Unidade"
Livro Hot Wheels,Europrice,,"1,99 €","1,99 €/Unidade"
Liquido abrilhantador castanho,PorSi,75 ml,"0,99 €","330,00 €/Kg"
Zero snack 35 g chocolate duplo,Prozis,Embalagem de 40g,"0,69 €","1,73 €/Kg"
Vassoura Especial Lisa,PorSi,unidade,"2,20 €","2,20 €/Unidade"
Lava tudo antibacteriano herbal,PorSi,Garrafa de 1.5 l,"1,89 €","1,26 €/L"
Perca Inteira,Peixe Congelado,de 1 a 3 Kg,"3,99 €","9,98 €/Kg"
"Bebida de soja biológica sem açúcar, natural",Provamel,Embalagem de 1 l,"2,49 €","2,49 €/L"
Mousse cabelo caracois,Labell,Embalagem de 200ml,"5,99 €","39,93 €/L"
Lombos de pescada,PorSi,Embalagem de 400 g,"3,99 €","9,98 €/Kg"
Cogumelos inteiros,PorSi,Embalagem de 185 g,"2,19 €","2,81 €/Kg"
Spray limpeza casa de banho,PorSi,750 ml,"1,79 €","2,39 €/L"
"Cerveja com álcool, lata",Super Bock,Garrafa de 330 ml,"1,99 €/L","1,99 €/L"
Pastilhas peppermint,CHICLETS,Embalagem de 17 g,"0,89 €","59,33 €/Kg"
Limpa pavimentos flutuantes,PorSi,Embalagem de 1 litro,"1,79 €","2,39 €/L"
Queijo em cubos para saladas,PorSi,Embalagem de 150 g,"7,45 €/Kg","7,45 €/Kg"
Aspirador Nasal,Neo Baby,1 unidade,"1,99 €","1,99 €/Unidade"
Limpa madeiras com sabão,PorSi,1.5 litros,"1,39 €","1,26 €/L"
Polvo limpo,PorSi,Embalagem de 1 kg,"9,59 €","11,99 €/Kg"
Miolo de avelã,PorSi,Embalagem de 200 g,"0,79 €","3,95 €/Kg"
Esferográficas sortidas,Papermate,8 un.,"2,99 €","2,99 €/Unidade"
Grão de bico,Caçarola,Embalagem de 500 g,"0,99 €","1,98 €/Kg"
Camarão moçambique 30/40,PorSi,800 g,"9,99 €","12,49 €/Kg"
Empadão de carne produto pré-cozinhado ultracongelad...,PorSi,Embalagem de 350g,"3,99 €","9,98 €/Kg"
Cereais cruesli chocolate,Quaker,Embalagem de 380g,"4,09 €","10,91 €/Kg"
Bolachas rosquilhas,PorSi,Embalagem de 600g,"1,69 €","6,76 €/Kg"
Bolo brigadeiro,Condi,Embalagem de 630g,"1,69 €","8,45 €/L"
Nata uht,PorSi,Embalagem de 200 ml,"0,75 €","3,75 €/L"
Tostas suecas de trigo,PorSi,Embalagem de 225 g,"0,89 €","3,96 €/Kg"
Coentro Molho Programa Origens,PorSi,Embalagem de 50g,"0,89 €","17,80 €/Kg"
Lava tudo limão verde,Cif,"Garrafa de 1,4 l","1,89 €","1,26 €/L"
"Vinho DOC Bairrada, Branco",Selecção de Enófilos,Garrafa de 0.75 l,"2,92 €/L","2,92 €/L"
Leite magro em pó,Páturages,Embalagem de 300 g,"2,79 €","9,30 €/Kg"
Caderno Agrafado Capa Preta |A5 Pautado,Domédia,1 unidade,"3,69 €","3,69 €/Unidade"
Comida húmida para cão almôndegas,PorSi,Embalagem de 1200 g,"1,53 €","1,28 €/Kg"
Licor,Do João,Garrafa de 0.70L,"9,99 €","14,27 €/L"
Cheesecake frutos vermelhos,PorSi Select,Embalagem de 900 g,"3,99 €","7,39 €/Kg"
Sidra frutos vermelhos,Somersby,pack 4 x 0.33 l,"3,32 €/L","3,32 €/L"
Atum posta em óleo,Ramirez,Embalagem de 120g,"0,89 €","7,42 €/Kg"
Remov. de Verniz com Esponja,Labell,Embalagem de 75 ml,"4,99 €","66,53 €/L"
Batata Roxa miúda,Legumes do Dia,Embalagem de 1 kg (aprox.),"0,35 €","1,39 €/Kg"
Actimel morango,Danone,Embalagem de 6 x 100g,"4,15 €/Kg","4,15 €/Kg"
"Vela em número,  nº 0",PorSi,1 unidade,"0,60 €","0,60 €/Unidade"
"Pasta dentífrica, tripla ação",Labell,Embalagem de 75 ml,"2,29 €","38,17 €/L"
Orégãos em folha,PorSi,Embalagem de 10g,"2,29 €","30,53 €/Kg"
Pictionary Portugal,Mattel,1 un.,"31,99 €/Unidade","31,99 €/Unidade"
Toucinho do céu,PorSi,Embalagem de 2x100 g,"0,55 €","2,75 €/Kg"
Massa folhada s/ glúten,Pasta dia,Embalagem de 280g,"3,99 €","3,99 €/Unidade"
Descafeinado,Nestlé,Embalagem de 100 g,"28,40 €/Kg","28,40 €/Kg"
Chá verde menta,PorSi,Embalagem de 43.7 g,"0,99 €","26,76 €/Kg"
"Lixívia para roupa, tradicional verde denso",PorSi,Embalagem de 2L,"1,74 €","0,35 €/L"
Desinfetante multissuperfícies,Xanpa,1 litro,"1,29 €","0,86 €/L"
Frutapura Pouch Frutos Variados,Bledina,Embalagem de 85g,"9,18 €/Kg","9,18 €/Kg"
Esponja autobrilhante,PorSi,3 g,"0,99 €","330,00 €/Kg"
Malagueta Verde,Legumes do Dia,1 un = 100 gr (aprox.),"2,99 €","5,98 €/Kg"
Ração seca mix para cão adulto,PorSi,Embalagem de 20 kg,"1,15 €/Kg","1,15 €/Kg"
Couve Penca (Portuguesa),Legumes do Dia,1 un= 1 kg (aprox.),"2,89 €","2,89 €/Kg"
Queijo Flamengo Bola,Terra Nostra,1 un = 250 gr  (aprox.),"4,19 €","8,38 €/Kg"
Bebida de soja comcálcio,Frias,Garrafa de 1 l,"3,69 €","3,69 €/L"
Pudim flan,PorSi,Embalagem de 4 x 5.6 g,"63,57 €/Kg","63,57 €/Kg"
Creme vegetal para culinária,PorSi,Embalagem de 250g,"5,40 €/Kg","5,40 €/Kg"
Pizza Speciale,Dr.oetker,Embalagem de 345g,"14,68 €/Kg","14,68 €/Kg"
Batata frita caseira rodela,Pala-pala,Embalagem de 300g,"0,87 €","5,44 €/Kg"
Cem porcento-flocos de aveia grossos,Cemporcent,Embalagem de 400g,"2,69 €","5,38 €/Kg"
Tapioca granulada,Cemporcent,Embalagem de 250g,"0,93 €/Kg","0,93 €/Kg"
Spray para vidros,PorSi,750 ml,"0,89 €","0,89 €/L"
Croutons azeite e alho,PorSi,Embalagem de 150g,"0,89 €","3,96 €/Kg"
"Creme para mãos, proteção intensiva",Atrix,Embalagem de 60 ml,"2,49 €","41,50 €/L"
Trigo integral com mel,Salutem,Embalagem de 250g,"2,29 €","15,27 €/Kg"
Leite c/ Chocolate,Agros,Embalagem de 4 x 200 ml,"0,26 €","1,30 €/L"
Pá económica,PorSi,1 unidade,"2,20 €","2,20 €/Unidade"
Queijo curado alho e salsa,Nova Açores,Vendido ao peso,"25,45 €/Kg","25,45 €/Kg"
6 salsichas tipo frankfurt original,Campofrio,Embalagem de 140g,"0,99 €","7,07 €/Kg"
Acetona perfumada com doseador,PorSi,Embalagem de 200 ml,"1,89 €","9,45 €/L"
Detergente líquido Ultra Concentrado Loiça Platinium...,PorSi,Embalagem de 500 ml,"0,89 €","0,89 €/L"
Barrita controlo de peso maçã,Ignoramu,Embalagem de 44g,"1,99 €","45,23 €/Kg"
Queijo Fresco barra,GressoChef,1 un = 250 gr  (aprox.),"1,79 €","10,53 €/Kg"
Picanha,Bovino,1 un = 1.250 kg (aprox.),"18,74 €","14,99 €/Kg"
Bicarbonato de sódio,PorSi,Embalagem de 500 g,"1,79 €","2,39 €/L"
Bolachas shortcake,PorSi,Embalagem de 233 g,"1,69 €","6,76 €/Kg"
Couve de bruxelas,PorSi,Embalagem de 750 g,"0,74 €","1,85 €/Kg"
Lay's sal mpk 6x30g,Lay's,Embalagem de 180g,"1,01 €","5,46 €/Kg"
Cranberry desidratado,Salutem,Embalagem de 100g,"25,48 €/Kg","25,48 €/Kg"
"Sacos para sandes, 100 unidades",PorSi,1 embalagem,"1,11 €","1,11 €/Unidade"
Soja grossa,Cemporcent,Embalagem de 400g,"1,49 €","3,73 €/Kg"
Nestle scm regular tubo 12x pt,Nestle,Embalagem de 450g,"1,09 €","2,75 €/Kg"
Pasta dentífrica,Couto,Embalagem de 60 ml,"2,29 €","38,17 €/L"
Lamina Descartáveis Platina,Labell,Pack 10 unidades,"1,16 €","4,64 €/L"
Doce de ameixa com frutose,Salutem,Embalagem de 330g,"5,99 €","19,97 €/Kg"
Mirtilos 100% Naturais,PorSi,Embalagem de 250 g,"3,29 €","4,39 €/Kg"
Veiculo Hot wheels,Hot Wheels,1 unidade,"9,99 €/Unidade","9,99 €/Unidade"
Pensos Higiénicos Ultra Air Dry C/ Abas,Ausonia,embalagem com 14 un.,"2,79 €","2,79 €/Unidade"
Alho Seco,Programa Origens,Vendido a partir de 100 gr,"0,35 €","1,39 €/Kg"
Vinho maduro branco,Aldeia sol,Garrafa de 750 ml,"1,45 €","1,93 €/L"
Miolo de ameijoa,PorSi,Embalagem de 250 g,"1,79 €","7,16 €/Kg"
Rebuçado recheio morango,PorSi,Embalagem de 250g,"1,08 €","5,40 €/Kg"
40 filtros café número 4,Planteur,Embalagem com 40 filtros,"0,80 €","0,80 €/Unidade"
Flocos de aveia finos integrais,Cemporcent,Embalagem de 400g,"0,69 €","1,73 €/Kg"
5 gouaches de cores primárias,Domédia,Uma embalagem,"3,19 €","3,19 €/Unidade"
Frutapura Pouch Banana Morango,Bledina,Embalagem de 85g,"9,18 €/Kg","9,18 €/Kg"
Iogurte para bebé frutas variadas,Nestle,Embalagem de 4 x 100 g,"5,98 €/Kg","5,98 €/Kg"
"Bloco de desenho A3, 24 folhas",Domédia,1 unidade,"3,29 €","3,29 €/Unidade"
Iogurte líquido laranja,Danone,Embalagem de 6 x 100 g,"4,15 €/Kg","4,15 €/Kg"
Pectina,Condi,Embalagem de 25g,"2,04 €","81,60 €/Kg"
Iogurte pedaços frutimax frutos variados,PorSi,Embalagem de 8 x 125 g,"1,44 €","2,88 €/Kg"
Limpa fornos,PorSi,500 ml,"1,79 €","2,39 €/L"
Entremeada salgada,Prisca,Embalagem de 150g,"2,19 €","10,95 €/Kg"
Cevada torrada moída,PorSi,Embalagem de 250 g,"0,79 €","3,16 €/Kg"
Toalhita Azul,Dodot,Embalagem c/ Tampa | 64 un.,"1,09 €/Unidade","1,09 €/Unidade"
"Cobertura tipo chantilly, 2x38g",PorSi,Embalagem de 80g,"1,29 €","3,23 €/Kg"
Caixa de arrumação dobrável,Moveo,Cap.: 32 Litros,"17,99 €/Unidade","17,99 €/Unidade"
Nancy Um Dia A Fazer Madeixas,Nancy,1 un.,"27,99 €/Unidade","27,99 €/Unidade"
Caramelo líquido,PorSi,Embalagem de 400g,"1,29 €","3,23 €/Kg"
Chouriço corrente,PorSi,Embalagem de 200 g,"1,22 €","6,78 €/Kg"
Biscoitos integrais aveia e manteiga de amendoim,PorSi Viva Bem,Embalagem de 150g,"1,45 €","11,15 €/Kg"
Chocolate negro 70% cacau bio,Cemporcent,Embalagem de 100g,"2,79 €","27,90 €/Kg"
Iogurte mix-in chocapic,Nestle,Embalagem de 2 x 118 g,"4,23 €/Kg","4,23 €/Kg"
Sardinha em azeite,PorSi Select,Lata de 120 g,"0,89 €","7,42 €/Kg"
Cereais golden e crispy,PorSi,Embalagem de 375 g,"5,07 €/Kg","5,07 €/Kg"
Açorda de camarão,PorSi Select,380 g,"1,79 €","7,16 €/Kg"
Levedura de cerveja,Salutem,Embalagem de 150g,"2,29 €","15,27 €/Kg"
Arroz carolino vaporizado,Cacarola,Embalagem de 1 kg,"0,99 €/Kg","0,99 €/Kg"
Vinho doc colheita selecionada branco 2016,QT.CURRAIS,Garrafa de 750 ml,"2,92 €/L","2,92 €/L"
"Vinho Bairrada, Tinto",Selecção de Enófilos,Garrafa de 0.75 l,"2,92 €/L","2,92 €/L"
Gengibre desidratado em cubos,Cemporcent,Embalagem de 100g,"0,93 €/Kg","0,93 €/Kg"
Pilha alcalina classic lr03x8,Domédia,1 unidade,"1,99 €","1,99 €/Unidade"
Batata frita caseira,PorSi,Embalagem de 500g,"0,87 €","5,44 €/Kg"
Cerveja c/ álcool,Super Bock,pack 24 x 0.33 l,"1,99 €/L","1,99 €/L"
"Croissants com recheio de cacau, 5 unidades",Dulcesol,Embalagem de 230g,"1,71 €","7,13 €/Kg"
Absorvente de odores marine,Brise,Embalagem de 300 ml,"16,63 €/L","16,63 €/L"
Iogurte Líquido Yoggi Frutos Tropicais s/ Lactose,Nestle,4x160g,"0,99 €","1,98 €/Kg"
Abrasivo sanitário pinho e eucalipto,PorSi,embalagem de 1 litro,"0,99 €","1,32 €/L"
Leite creme,El mandari,Embalagem de 90g,"12,11 €/Kg","12,11 €/Kg"
Semente linhaça amarela,Salutem,Embalagem de 250g,"2,29 €","15,27 €/Kg"
Palitos redondos,PorSi,Embalagem de 250 unidades,"1,50 €","1,50 €/Unidade"
Spray multiusos limpeza amigo dos animais,Xanpa,Embalagem de 750 ml,"1,09 €","0,55 €/L"
Bloco sanitário blue activ higiene,Sonasol,Embalagem de 50 g,"39,60 €/Kg","39,60 €/Kg"
Maçã golden 60/65 categoria II Programa Origens,PorSi,Embalagem de 1.5 kg,"1,30 €/Kg","1,30 €/Kg"
Caneta Correctora,Papermate,Embalagem com 2 un. + 2 un. Grátis,"2,99 €","2,99 €/Unidade"
"Hamburguers de vaca, 4x80g",PorSi,Embalagem de 320 g,"2,79 €","8,72 €/Kg"
Ananás em rodelas lata,PorSi,Embalagem de 820g,"1,99 €","2,37 €/Kg"
Princesas do mar,PorSi,Embalagem de 255 g,"2,19 €","8,59 €/Kg"
Creme fixativo sem sabor,Polident,Embalagem de 2 x 40 g,"9,79 €","122,38 €/Kg"
Rolo de Cozinha Branco Eco Compacto,PorSi,2 = 6 Rolos,"4,99 €","4,99 €/Unidade"
Café torrado classic universal,Delta,Embalagem de 250g,"2,59 €","10,36 €/Kg"
Água c/ Gás Ananás,Frize,pack 4 x 0.25 l,"1,99 €/L","1,99 €/L"
Pastel de Nata,PorSi,60G,"0,30 €/Unidade","0,30 €/Unidade"
Posta Tradicional 9 Meses Cura,Riberalves,Embalagem de 550 g,"6,39 €","7,99 €/Kg"
Café Moagem Universal Honduras,PorSi,Embalagem de 220g,"2,59 €","10,36 €/Kg"
Café solúvel gold,PorSi Select,Embalagem 100G,"14,50 €/Kg","14,50 €/Kg"
Bolacha digestiva de aveia/chocolate,Gullon,Embalagem de 430g,"0,84 €","2,80 €/Kg"
Leite de pastagem uht meio gordo,Milhafre,1 litro,"0,83 €","0,83 €/L"
Pizza Ristorante Mozzarella,Dr.oetker,Embalagem de 355g,"14,68 €/Kg","14,68 €/Kg"
Ervilhas,PorSi,Embalagem de 1 kg,"0,74 €","1,85 €/Kg"
Açúcar demerara,Rar,Embalagem de 500 g,"1,49 €","1,49 €/Kg"
"Sagres preta gfa 0,33l tr",Sagres,Garrafa de 330 ml,"1,99 €/L","1,99 €/L"
Spray wc active clean citrus & waterlilly,Ambipur,750 ml,"1,79 €","2,39 €/L"
Entremeada s/ Entrecosto,Porco,Vendido ao peso a partir de 1 kg,"3,62 €","3,62 €/Kg"
Alimentação Bebé Maçã/Banana/Cenoura,Nestle,Embalagem de 4 x 100 g,"7,75 €/Kg","7,75 €/Kg"
Ervilhas bio,PorSi Bio,Frasco com 290 g,"1,57 €","15,70 €/Kg"
Gel Banho Care&Orange,Nivea,Embalagem de 500 ml,"4,99 €","9,98 €/L"
Amaciador roupa essencial Sun Fresh,Comfort,86 doses,"3,99 €","3,99 €/Unidade"
Pensos banda,PorSi,100 x 6 cm,"2,86 €","2,86 €/Unidade"
Limpa móveis multissuperfícies,PorSi,Frasco de 300ml,"1,39 €","1,26 €/L"
Azeite virgem extra seleção,PorSi,Garrafa de 750 ml,"3,29 €","4,39 €/L"
Tablete de chocolate culinário negro,PorSi,Embalagem de 200 g,"0,85 €","6,80 €/Kg"
Bolachas digestive muesli,Gullon,Embalagem de 370g,"1,45 €","11,15 €/Kg"
Bl lápis noris (3x hb),Staedtler,1 unidade,"2,99 €","2,99 €/Unidade"
Óleo de girassol,PorSi,garrafa de 1 litro,"2,49 €","2,49 €/L"
Alface Roxa,Legumes do Dia,1 un= 400 g (aprox.),"1,60 €","3,99 €/Kg"
Desentupidor de fole com cabo,PorSi,1 unidade,"2,50 €","2,50 €/Unidade"
Feijão preto,PorSi,Embalagem de 500g,"0,95 €","1,90 €/Kg"
Nestle bebe natural 4x100g,Nestle,Embalagem de 400g,"5,98 €/Kg","5,98 €/Kg"
Bolachas de água e sal,PorSi,Embalagem de 125g,"0,39 €","3,12 €/Kg"
Queijo ralado 4 queijos,Valformoso,Embalagem de 150g,"7,45 €/Kg","7,45 €/Kg"
Patê peru,La piara,Embalagem de 80g,"1,19 €","13,52 €/Kg"
Fermento padeiro 44g condi,Condi,Embalagem de 40g,"1,39 €","9,27 €/Kg"
Sabonete líquido Marselha e Azeitona,Labell,Embalagem de 500 ml,"2,18 €/L","2,18 €/L"
Queijinho dadoninho petitdino de morango,Danone,Embalagem de 6 x 50 g,"4,23 €/Kg","4,23 €/Kg"
Champô cabelos pintados,Labell,Embalagem de 250 ml,"12,48 €/L","12,48 €/L"
Cone chocolate,PorSi,Embalagem de 6 x 120 ml,"2,23 €","4,65 €/L"
Champô 3 em 1 karpex,Vanish,950 ml,"1,79 €","2,39 €/L"
Massa p/ pizza,Pasta dia,Embalagem de 230g,"3,99 €","3,99 €/Unidade"
Queijo para barrar light,PorSi Viva Bem,Embalagem de 200g,"4,49 €","18,71 €/Kg"
Dentífrico infantil frutas naturais 3 aos 5 anos,Colgate,50 ml,"0,67 €","8,93 €/L"
Ambientador vela baunilha,Glade,1 unidade com 129 g,"1,99 €/Unidade","1,99 €/Unidade"
Café solúvel descafeinado,PorSi,Embalagem de 100G,"14,50 €/Kg","14,50 €/Kg"
Mauzão,Concentra,Uma unidade,"31,99 €/Unidade","31,99 €/Unidade"
Lencos bolso mentol 6x10 3f,PorSi,Embalagem de 6 unidades,"0,89 €","0,89 €/Unidade"
Batata Roxa,Programa Origens,Vendido ao peso,"0,35 €","1,39 €/Kg"
Feijão catarino,PorSi,Embalagem 500G,"0,95 €","1,90 €/Kg"
Vinho doc douro reserva tinto,Romanisco,Garrafa de 0.75 l,"8,69 €","11,59 €/L"
Mel em frasco de vidro,PorSi,Embalagem de 250g,"2,29 €","9,16 €/Kg"
Bacalhau Graúdo,Bacalhau da Noruega,1 un = 2.5 kg (aprox.),"10,99 €/Kg","10,99 €/Kg"
Queijo ralado dispensador,PorSi,Embalagem de 80g,"7,45 €/Kg","7,45 €/Kg"
Stabilo boss verde,Stabilo,1 unidade,"2,99 €","2,99 €/Unidade"
Palitos super finos,PorSi,Embalagem de 85 unidades,"1,50 €","1,50 €/Unidade"
"Linguíca, 4 unidades",PorSi,Embalagem de 180 g,"1,22 €","6,78 €/Kg"
Corn flakes,PorSi,Embalagem de 1 kg,"3,19 €","3,19 €/Kg"
"Mistura de couve flor, brócolos e cenoura",PorSi,Embalagem de 1 kg,"0,74 €","1,85 €/Kg"
Tábua de engomar,PorSi,Dim.: 120 x 38 cm,"26,99 €","26,99 €/Unidade"
5 rissóis de leitão,PorSi,Embalagem de 400g,"1,79 €","7,16 €/Kg"
Pensos peles sensíveis sortidos,PorSi,20 unidades,"2,86 €","2,86 €/Unidade"
Meloa Gália,Fruta da Época,1 un = 1 kg (aprox.),"2,98 €","1,19 €/Kg"
Pudim flan,El mandari,Embalagem de 10g,"63,57 €/Kg","63,57 €/Kg"
Bolachas marítimas clássicas,PorSi Viva Bem,Embalagem de 200g,"2,82 €","9,40 €/Kg"
Vinagre de fruta,PorSi,Embalagem de 500 ml,"0,35 €","0,70 €/L"
Crepe de ovo,PorSi,Embalagem de 540 g,"3,99 €","7,39 €/Kg"
Yofu de soja natural,Alpro,Embalagem de 4x125 g,"4,58 €/Kg","4,58 €/Kg"
Noodle banzai carne,Cigala,Embalagem de 70g,"1,09 €","2,18 €/Kg"
Iogurte líquido morango / framboesa corpos danone,Danone,Embalagem de 4 x 155 g,"5,97 €/Kg","5,97 €/Kg"
Pães de leite redondos,s. tomé,Embalagem de 300 g,"7,40 €/Kg","7,40 €/Kg"
Prepar arroz marisco sem gluten cv 0.8kg,Brasmar,Embalagem de 800g,"1,79 €","7,16 €/Kg"
Ervilhas,PorSi,Embalagem de 400 g,"0,74 €","1,85 €/Kg"
Bloco Sanitário Poder Activo Pinho,Sonasol,Embalagem de 50 g,"39,60 €/Kg","39,60 €/Kg"
Spray calcário e sujidade,Cillitbang,Garrafa de 500 ml,"1,29 €","0,86 €/L"
Polpa de manga,Koala,Embalagem de 450g,"4,19 €","7,35 €/Kg"
Areia para gatos mineral perfumada,PorSi,Embalagem de 5 kg,"1,19 €","0,24 €/Kg"
"Salsichas hot dog, frasco",Izidoro,Embalagem de 240g,"0,75 €","3,75 €/Kg"
Torta natas com cobertura de cacau,PorSi,Embalagem de 300g,"1,71 €","7,13 €/Kg"
Estojo summer boats,Firmo,1 unidade,"5,99 €","5,99 €/Unidade"
Verdinhos Grandes,Peixe do Dia,1 un= 100 gr (aprox.),"5,00 €","9,99 €/Kg"
Cereais farelo de trigo,PorSi,Embalagem de 500g,"2,19 €","4,38 €/Kg"
Rum carta blanca,Bacardi,Garrafa de 700 ml,"17,09 €","24,41 €/L"
Patê de marisco,Fides,Embalagem de 90g,"1,19 €","13,52 €/Kg"
Espumante bruto,Cabriz,Garrafa de 750 ml,"8,19 €","10,92 €/L"
Leite especial crescimento +3 anos,Mimosa,Garrafa de 1 l,"0,26 €","1,30 €/L"
Semente pevide abóbora,Salutem,Embalagem de 200g,"2,29 €","15,27 €/Kg"
Limpa madeiras ecológico,PorSi,1.5 litros,"1,39 €","1,26 €/L"
"Papel higiénico compacto, folha dupla",Renova,4 = 12 rolos,"1,99 €","1,99 €/Unidade"
Desentupidor em gel canos com soda,PorSi,Embalagem de 1 litro,"1,79 €","2,39 €/L"
Chá verde,PorSi,Embalagem de 37.5 g,"0,99 €","26,76 €/Kg"
"Abacaxi ""Avião""",Fruta da Época,"Vendido ao peso, 1 un=1.5 kg aprox.","4,19 €","2,79 €/Kg"
Palmiers,PorSi,Embalagem de 300 g,"1,69 €","6,76 €/Kg"
Solha Congelada (200/400),Peixe Congelado,Pescado no mar,"3,99 €/Kg","3,99 €/Kg"
10 pães de leite,PorSi,Embalagem de 350g,"7,40 €/Kg","7,40 €/Kg"
Ovos galinha solo m,PorSi,6 ovos,"1,59 €","1,59 €/Unidade"
Canetas de Feltro Lavavel Kids - 14 +4,Bic,Uma embalagem,"4,69 €","4,69 €/Unidade"
Rolo de Cozinha Multi,Renova,4 Rolos,"4,99 €","4,99 €/Unidade"
Mistura vegetais para wok,PorSi,Embalagem de 750g,"0,74 €","1,85 €/Kg"
Queijo mini light,Babybel,Embalagem de 12 x 20 g,"4,49 €","18,71 €/Kg"
Tablete de chocolate culinário branco,PorSi,Embalagem de 180 g,"0,85 €","6,80 €/Kg"
Açucar granulado,PorSi,Embalagem de 1 kg,"1,49 €","1,49 €/Kg"
Farinheira do fundão,PorSi,Embalagem de 250g,"1,49 €","7,45 €/Kg"
Lixívia tradicional,Lavandera,Garrafão de 2 litros,"1,09 €","0,55 €/L"
Empadão de carne,PorSi,Embalagem de 1 kg,"3,99 €","9,98 €/Kg"
Mini tostas integrais super finas,PorSi,Embalagem de 100 g,"0,89 €","3,96 €/Kg"
Arroz longo extra integral,Cacarola,Embalagem de 1 kg,"0,99 €/Kg","0,99 €/Kg"
Ambientador tealights canela,PorSi,embalagem com 18 unidades,"1,99 €/Unidade","1,99 €/Unidade"
Salsichas de porco em lata,PorSi,Embalagem de 200g,"0,75 €","3,75 €/Kg"
Puzzle Spiderman,Clementoni,2 x 60 peças,"34,99 €","34,99 €/Unidade"
Bacalhau lombos,PorSi,Embalagem de 1.5 kg,"6,39 €","7,99 €/Kg"
Sidra maçã,Somersby,pack 4 x 0.33 l,"3,32 €/L","3,32 €/L"
80 filtros nº4 com saquetas antitártaro,Planteur,Uma embalagem com 80 unidades,"0,80 €","0,80 €/Unidade"
Mistura com 20% café torrada moída,PorSi,Embalagem de 250g,"0,79 €","3,16 €/Kg"
Fermento em pó,PorSi,Embalagem de 150 g,"1,39 €","9,27 €/Kg"
Água c/ gás groselha,Frize,pack 4 x 0.25 l,"1,99 €/L","1,99 €/L"
Mix do Bosque,Fruta Embalada,Embalagem com 175 gr,"1,50 €","5,99 €/Kg"
Massa fettuccine,PorSi,Embalagem de 500g,"1,09 €","2,18 €/Kg"
Leite condensado magro cozido,Nestle,Embalagem de 390g,"1,09 €","2,75 €/Kg"
Mini tostas trigo super finas,PorSi,Embalagem de 100 g,"0,89 €","3,96 €/Kg"
"Fraldas Dry Fit, 3-6kg - Tamanho 2",Chicco,Embalagem de 50 unidades,"6,49 €","6,49 €/Unidade"
Espremedor,PorSi,1 unidade,"0,89 €","0,89 €/Unidade"
Iogurte natural sem lactose,PorSi Viva Bem,4 x 125 g,"0,99 €","1,98 €/Kg"
"Alimento seco para gato adulto, bio complex, frango ...",HappyOne,Embalagem de 2 kg,"3,20 €/Kg","3,20 €/Kg"
Feijão manteiga,PorSi,Frasco com 540 g,"2,19 €","2,81 €/Kg"
Água mineral natural alcalina,MONCHIQUE,"6x1,5l","1,49 €","0,30 €/L"
Tambor,Panda,1 un.,"12,99 €/Unidade","12,99 €/Unidade"
Alimento seco para gato de salmão,HappyOne,Embalagem de 2 kg,"3,20 €/Kg","3,20 €/Kg"
Creme calçado preto,PorSi,50 ml,"0,99 €","19,80 €/L"
Massa p/ empada,Pasta dia,Embalagem de 280g,"3,99 €","3,99 €/Unidade"
Orégãos em folhas,PorSi,Saqueta com 10 g,"2,29 €","30,53 €/Kg"
Café solúvel c/ cafeína,PorSi,Embalagem de 100g,"14,50 €/Kg","14,50 €/Kg"
Queijo Curado Trad.Pimentão,Alavão,Vendido ao peso a partir de 250 gr,"25,45 €/Kg","25,45 €/Kg"
Azeite virgem extra seleção,PorSi,Garrafa de 2 l,"3,29 €","4,39 €/L"
Frutapura 100% Ameixa/ Maçã,Bledina,Embalagem de 4x95 g,"5,42 €/Kg","5,42 €/Kg"
Queijo roquefort,Páturages,Embalagem de 150 g,"2,61 €","13,05 €/Kg"
Queijo curado alho e salsa,Nova Açores,Vendido ao peso,"4,39 €","18,29 €/Kg"
"Forma papel para bolos, 8. 4cm",PorSi,Embalagem com 60 unidades,"0,54 €","0,54 €/Unidade"
Acetona,PorSi,Embalagem de 60 ml,"1,89 €","9,45 €/L"
Molho iogurte,PorSi,Garrafa de 285 ml,"1,55 €","3,69 €/Kg"
Barrita controlo de peso iogurte,Ignoramu,Embalagem de 44g,"1,99 €","45,23 €/Kg"
Desodorizante roll on dermo invisible,Sanex,Embalagem de 50 ml,"50,80 €/L","50,80 €/L"
Iogurte liquido proteína yopro morango/framboesa,Yopro,300 g,"5,97 €/Kg","5,97 €/Kg"
Espadilha congelada,Peixe Congelado,Pescado no mar,"3,99 €","9,98 €/Kg"
Rebuçados mel e limão,PorSi,Embalagem de 200g,"0,77 €","3,85 €/Kg"
Abobora cubos,PorSi,Embalagem de 500g,"0,74 €","1,85 €/Kg"
Pastilhas ice spearmint,CHICLETS,Embalagem de 17 g,"0,89 €","59,33 €/Kg"
Pilha alcalina classic lr20x2,Domédia,1 unidade,"1,99 €","1,99 €/Unidade"
Desinfetante álcool gel,PorSi,100 ml,"0,99 €","9,90 €/L"
12 vitaminas e 12 minerais - frasco comprimido,Forma+,Embalagem de 60g,"7,59 €","126,50 €/Kg"
Iogurte mix-in nesquik,Nestle,Embalagem de 2 x 115 g,"4,23 €/Kg","4,23 €/Kg"
Choco limpo 20/40,PorSi,Embalagem de 800 g,"9,59 €","11,99 €/Kg"
"Toalhitas Higiénicas Adulto, 64unidades",Labell,Uma embalagem,"23,70 €/L","23,70 €/L"
Ambientador eléctrico Relaxing Zen + recarga,Glade,1 unidade,"3,74 €","3,74 €/Unidade"
Rolos de papel multiusos 2 folhas,PorSi,1 unidade,"4,99 €","4,99 €/Unidade"
Abóbora Butternut,Programa Origens,1 un = 1 kg (aprox.),"0,79 €/Kg","0,79 €/Kg"
Tomate  57/102,*,1 un = 200 gr (aprox.),"0,46 €","2,29 €/Kg"
"Roller preto, ponta media, pack de 2 unidades",Domédia,Uma embalagem,"2,99 €","2,99 €/Unidade"
Hambúrgueres de peru,PorSi,Embalagem de 4x80g,"2,79 €","8,72 €/Kg"
"Crepes queijo/fiambre, 6 unidades",Claude Léger,Embalagem de 300 g,"1,89 €","6,30 €/Kg"
Salsa,PorSi,Embalagem de 50g,"0,99 €","19,80 €/Kg"
Pilha recarregável 170mAh 9V HR22,Domédia,1 unidade,"1,99 €","1,99 €/Unidade"
12 nuggets frango polme americano,Capitão Iglo,Embalagem de 220g,"3,99 €","9,98 €/Kg"
Fermento de padeiro em pó,Fermipan,Embalagem de 4x11 g,"1,39 €","9,27 €/Kg"
Sacos de congelação pequenos,PorSi,"50 unidades, 1 embalagem","1,11 €","1,11 €/Unidade"
Tablete de chocolate culinário negro,PorSi,Embalagem de 200 g,"0,99 €","4,95 €/Kg"
Fel da terra planta inteira,Cemporcent,Embalagem de 40g,"0,93 €/Kg","0,93 €/Kg"
Pastilhas elásticas splash morango e lima,Trident Max,Embalagem de 66 g,"0,89 €","59,33 €/Kg"
Noodle banzai galinha,Cigala,Embalagem de 70g,"1,09 €","2,18 €/Kg"
Aptamil  prosyneo ha 1,Aptamil,Embalagem de 800g,"23,99 €","29,99 €/Kg"
"Lenços de bolso sensitive, brancos, 10 unidades",Renova,1 embalagem de 18x10,"0,89 €","0,89 €/Unidade"
Furador com 2 furos,Domédia,1 unidade,"4,99 €","4,99 €/Unidade"
Conjunto Maternidade,Tigex,29 peças,"11,99 €","11,99 €/Unidade"
Adoçante com doseador,PorSi,Embalagem 300 comprimidos,"5,99 €","23,96 €/Kg"
Atum ao natural,Ramirez,Embalagem de 120g,"0,89 €","7,42 €/Kg"
Cereja,Fruta da Época,Vendido ao peso,"1,50 €","5,99 €/Kg"
Salsicha Picante,Porco,1 un = 100 gr (aprox.),"0,25 €","4,99 €/Kg"
Marcadores Intensity Fine Sortidos,Bic,Embalagem com 4 un.,"2,99 €","2,99 €/Unidade"
Legumes para sopa,PorSi,Embalagem de 1 kg,"0,74 €","1,85 €/Kg"
Mojito,Bacardi,Garrafa de 0.70 l,"17,09 €","24,41 €/L"
Borrachas Technic 300,Maped,3 unidades,"2,99 €","2,99 €/Unidade"
Acetona,PorSi,Embalagem de 250 ml,"1,89 €","9,45 €/L"
"Escova de dentes, proteção global média, 2 unidades",Labell,Uma embalagem,"4,99 €","4,99 €/Unidade"
Amaciador Roupa Concentrado Intense Repair,Comfort,60 doses,"3,99 €","3,99 €/Unidade"
Molho tomate com azeitonas,PorSi,Frasco de 420g,"1,55 €","3,69 €/Kg"
Sumo clássico 100% maçã,Compal,Garrafa de 200 ml,"0,75 €","1,25 €/L"
Queijo mozzarela ralado,Valformoso,Embalagem de 150g,"7,45 €/Kg","7,45 €/Kg"
Cognac VSOP,Rémy Martin,"Garrafa de 0.70 l, com caixa","8,99 €","14,98 €/L"
Arroz carolino,Caçarola,Embalagem de 1kg,"0,99 €/Kg","0,99 €/Kg"
Ervilhas bio,PorSi Bio,Frasco com 290 g,"2,19 €","2,81 €/Kg"
Buondi café em grão,Buondi,Embalagem de 220g,"15,49 €","15,49 €/Kg"
Batata frita palha,PorSi,Embalagem de 160g,"0,87 €","5,44 €/Kg"
Sabonete de leite de burra,Confianca,Embalagem de 75 g,"1,99 €","12,44 €/Kg"
Morcela de Sousel,PorSi,1 un = 450 gr (aprox.),"1,49 €","7,45 €/Kg"
Kit Limpeza Animal Edição Limitada,Swiffer,Mopa + Espanador,"1,79 €","2,39 €/L"
Queijo Flamengo Fatias,PorSi,Embalagem 500G,"4,19 €","8,38 €/Kg"
Gelatina de origem vegetal de ananás 0%,Koala,Embalagem de 130g,"0,85 €","2,13 €/Kg"
Limpa Máquina Loiça Regular,Finish,,"5,54 €","5,54 €/Unidade"
Spray renova camurça incolor,PorSi,Embalagem de 200 ml,"2,89 €","14,45 €/L"
Espinafres em folhas,PorSi,Embalagem de 750 g,"0,74 €","1,85 €/Kg"
Manteiga magra,Mimosa,Embalagem de 250g,"1,89 €","7,56 €/Kg"
Aipo com Rama,Programa Origens,1 un = 1 kg (aprox.),"2,00 €","3,99 €/Kg"
Tamaras,PorSi,Embalagem de 200g,"0,79 €","3,95 €/Kg"
Feijão encarnado em frasco,PorSi,frasco de 540 g,"2,19 €","2,81 €/Kg"
Caldeirada de bacalhau,PorSi,Embalagem de 1 kg,"6,39 €","7,99 €/Kg"
Pano limpa pó de flanela,PorSi,1 unidade,"1,64 €","1,64 €/Unidade"
Creme para calçado incolor,PorSi,50 ml,"0,99 €","19,80 €/L"
Raia à Posta,Peixe Congelado,Higienizado,"14,99 €/Kg","14,99 €/Kg"
Leite condensado,PorSi,Lata de 1 kg,"1,09 €","2,75 €/Kg"
Cordon bleu,PorSi,Embalagem de 1 kg,"3,99 €","9,98 €/Kg"
Batata frita gourmet,PorSi,Embalagem de 150g,"1,01 €","5,46 €/Kg"
Sabonete de Argila,Saboaria,Embalagem de 75 g,"1,99 €","12,44 €/Kg"
"Ambientador spray, aerosol, lavanda",Glade,Embalagem de 300 ml,"7,99 €","31,96 €/L"
Açafrão das Índias,PorSi,Embalagem de 50g,"2,29 €","30,53 €/Kg"
Caneta correctora shaken squee,Tipp-ex,1 unidade,"2,99 €","2,99 €/Unidade"
Lápis HB,Mitama,5 un.,"2,99 €","2,99 €/Unidade"
Biscoitos integrais sementes de agave,PorSi Viva Bem,Embalagem de 150g,"0,69 €","3,45 €/Kg"
Detergente manual roupa,PorSi,Embalagem de 650g,"6,99 €","34,95 €/L"
"Pilha alcalina, hightech lr6X8",Domédia,1 unidade,"1,99 €","1,99 €/Unidade"
Pão de forma sem côdea 9 cereais,Panrico,Embalagem de 480g,"0,99 €","1,65 €/Kg"
Paprika,PorSi,Saqueta com 50 g,"2,29 €","30,53 €/Kg"
Grão de bico,PorSi,embalagem de 500 g,"0,99 €","1,98 €/Kg"
Baby Clemmy Balde de Atividades,Clementoni,1 un.,"14,99 €/Unidade","14,99 €/Unidade"
"Esferográfica cristal fine, 4 unidades, sortidas",Bic,1 embalagem,"2,99 €","2,99 €/Unidade"
Iogurte morango 000%,PorSi Viva Bem,Embalagem de 4 x 125 g,"1,44 €","2,88 €/Kg"
Cola stick,Uhu,Conjunto de 2 x 21 g,"4,29 €","102,14 €/Kg"
Azeitona mista,PorSi,Embalagem de 210g,"1,49 €","7,10 €/Kg"
Repelente de água,PorSi,Embalagem de 250 ml,"3,49 €","13,96 €/L"
Massa quebrada s/ glúten,Pasta dia,Embalagem de 230g,"3,99 €","3,99 €/Unidade"
Rolo tira pelos 12 folhas,PorSi,1 unidade,"1,09 €","1,09 €/Unidade"
Batata frita churrasco,PorSi,Embalagem de 185 g,"1,18 €","6,38 €/Kg"
Salsa folhas,PorSi,Saqueta de 12 g,"2,29 €","30,53 €/Kg"
24 Caldos de carne,PorSi,Embalagem de 255  g,"0,99 €","1,98 €/Kg"
Néctar clássico tutti frutti,Compal,Garrafa de 200 ml,"0,99 €","0,99 €/L"
Rebuçados Sortido Fruta,Villa,Embalagem de 1000 g,"1,15 €","4,60 €/Kg"
Couve Coração,Legumes do Dia,1 un = 1 kg (aprox.),"2,89 €","2,89 €/Kg"
Salsichão fat,Campofrio,Embalagem de 80g,"1,89 €","23,63 €/Kg"
Senses Tropical,Trident,1 un.,"0,89 €","59,33 €/Kg"
Chili com carne,Itinéraire des Saveurs,Embalagem 300G,"2,29 €","7,63 €/Kg"
Borracha para desenho técnico,Domédia,1 unidade,"2,99 €","2,99 €/Unidade"
Vinho branco regional península de setúbal,Lancers,Garrafa de 750 ml,"3,99 €","5,32 €/L"
Sal de mesa,PorSi,Embalagem de 250 g,"2,29 €","30,53 €/Kg"
Ambientador carro difusor aqua,Ambipur,1 unidade,"6,19 €","6,19 €/Unidade"
Lenços Bolso Colletion,Kleenex,Pack 15 unidades,"0,89 €","0,89 €/Unidade"
Vinho DOC Dão Colheita Branco,Quinta dos Carvalhais,Garrafa de 0.75 l,"1,50 €/L","1,50 €/L"
18 hamburguers de frango s/ glúten,Capitão Iglo,Embalagem de 1 kg,"11,44 €/Kg","11,44 €/Kg"
"Refeição pronta, boião de legumes e vitela",Bledina,Embalagem de 200g,"7,75 €/Kg","7,75 €/Kg"
Medalhões de pescada,PorSi,Embalagem de 400 g,"3,99 €","9,98 €/Kg"
Caderno Agrafado Capa Preta |A5 Quadriculado,Domédia,1 unidade,"3,69 €","3,69 €/Unidade"
Marcadores Intensity Fine Rainbow Sortidos,Bic,Embalagem com 6 un.,"2,99 €","2,99 €/Unidade"
Pré-lavagem power gel,Vanish,Garrafa de 200 ml,"8,69 €","1,84 €/Kg"
Sargo,Peixe do Dia,1 un=500 gr (aprox.),"5,00 €","9,99 €/Kg"
Vinho rosé,Lancers,Garrafa 0.75L,"3,99 €","5,32 €/L"
Leite de limpeza age perfect,L'oreal,Embalagem de 200 ml,"23,70 €/L","23,70 €/L"
Bacalhau com broa,PorSi Select,350 g,"1,79 €","7,16 €/Kg"
Flan sabor a baunilha com caramelo,PorSi,Embalagem de 6 x 100 g,"0,99 €","1,65 €/Kg"
Gin Ten Premium,Tanqueray,Garrafa de 0.70L,"43,99 €/L","43,99 €/L"
Presunto fatiado 6 meses,PorSi,Embalagem de 140 g,"1,27 €","12,69 €/Kg"
Pensos Higiénicos Cottonlike Super Com Abas,Evax,12 unidades,"2,79 €","2,79 €/Unidade"
"Bolachas, cobertura com chocolate branco",Oreo,Embalagem de 250g,"1,19 €","7,93 €/Kg"
Amaciador para cabelos pintados,Labell,Embalagem de 200 ml,"1,06 €","5,30 €/L"
Farinha de milho integral,Cemporcent,Embalagem de 500g,"2,29 €","15,27 €/Kg"
Gel de Banho Corpo e Cabelo Hidratante,Baby Dove,Embalagem de 400 ml,"6,85 €/L","6,85 €/L"
Bebida de soja natural,Frias,Garrafa de 1 l,"3,69 €","3,69 €/L"
Vinho Regional de Lisboa Rosé,Mundus,"Garrafa de 0,75 l","2,12 €/L","2,12 €/L"
Rum limon,Bacardi,Garrafa de 700 ml,"17,09 €","24,41 €/L"
Mandioca,Legumes do Dia,1 un=500 gr (aprox.),"2,00 €","3,99 €/Kg"
10 nuggets peito de frango e queijo,Capitão Iglo,Embalagem de 210g,"2,79 €","8,72 €/Kg"
Esponja de banho energy peeling,calypso,1 unidade,"4,69 €","4,69 €/Unidade"
Espadim Fumado,PorSi Select,Embalagem de 110 g,"4,99 €","45,36 €/Kg"
Ambientador elétrico + recarga alfazema,PorSi,1 unidade,"3,74 €","3,74 €/Unidade"
Salada de Marisco,*,Embalagem de 700 g,"1,79 €","7,16 €/Kg"
Pão forma familiar normal,Bimbo,embalagem de 700 g,"0,99 €","1,65 €/Kg"
Comida húmida para gato júnior,PorSi,Embalagem de 4 x 100 g,"4,98 €/Kg","4,98 €/Kg"
"Absorvedores de odores, relax zen",Brise,Embalagem de 2x150g,"16,63 €/L","16,63 €/L"
Leite uht magro,PorSi,Embalagem de 1 litro,"0,83 €","0,83 €/L"
Caderno Agrafado Capa Preta |A4 Pautado,Domédia,1 unidade,"3,69 €","3,69 €/Unidade"
Whisky,J&B,Garrafa de 700 ml,"23,49 €","23,49 €/L"
Pasta de atum,Fides,Embalagem de 90g,"1,19 €","13,52 €/Kg"
Detergente liquido maquina roupa frescura primavera,Xau,80 doses,"8,69 €","1,84 €/Kg"
"Queijo prato, metades",Alavao,Embalagem de 500g,"3,84 €","15,35 €/Kg"
16 mini croquetes de carne,PorSi,Embalagem de 290 g,"1,79 €","7,16 €/Kg"
Óleo Cedro Líquido,PorSi,Embalagem de 200 ml,"1,39 €","1,26 €/L"
Cenouras com peru +6 meses,Bledina,Embalagem de 2 x 200g,"7,75 €/Kg","7,75 €/Kg"
Cereais argolas de mel,PorSi,Embalagem de 375 g,"5,07 €/Kg","5,07 €/Kg"
Lixívia tradicional,PorSi,Embalagem de 1 l,"1,74 €","0,35 €/L"
Farinha láctea 5 frutos,PorSi,Embalagem de 500g,"4,58 €","9,16 €/Kg"
Whisky Malt c/ Tubo,Glen Crinan,Garrafa de 0.70 l,"23,49 €","23,49 €/L"
Tomate pelado,Guloso,Embalagem de 800g,"0,99 €","1,98 €/Kg"
Lava tudo lavanda,Cif,"Garrafa de 1,4 l","1,89 €","1,26 €/L"
"Lápis criterium, com 6 minas, 2mm",Bic,1 unidade,"2,99 €","2,99 €/Unidade"
Recarga mopa,PorSi,1 unidade,"2,20 €","2,20 €/Unidade"
Papel Higiénico Puríssimo 3 Folhas,Renova,Embalagem c/ 12 rolos,"1,99 €","1,99 €/Unidade"
Muesli Frutas,PorSi,500 g,"2,24 €","4,48 €/Kg"
Copos para caipirinha 200 ml,Aj simoes,Embalagem com 12 unidades,"0,54 €","0,54 €/Unidade"
Desengordurante multiusos em pistola,Agerul,Embalagem de 750 ml,"4,89 €","6,52 €/L"
Lombos de salmao vacuo,PorSi,Embalagem de 500g,"3,99 €","9,98 €/Kg"
Gelatina morango 8 kcal,PorSi,Embalagem de 4 x 100 g,"0,85 €","2,13 €/Kg"
Torresmos soltos,PorSi,Embalagem de 200 g,"1,05 €","6,99 €/Kg"
Serum reparador intensivo,Woolite,Embalagem de 100 ml,"2,19 €","2,92 €/L"
Toucinho fumado extra,PorSi,Embalagem de 200 g,"2,19 €","10,95 €/Kg"
Rum spiced,Bacardi,Garrafa de 700 ml,"17,09 €","24,41 €/L"
Kit de rega completo,Itools,5 peças,"12,99 €","12,99 €/Unidade"
Bolachas cereais e pepitas de chocolate,PorSi,Embalagem de 400 g,"0,79 €","5,27 €/Kg"
Maionese,PorSi,Embalagem de 260 g,"1,55 €","3,69 €/Kg"
Açúcar amarelo,PorSi,Embalagem de 1 kg,"1,49 €","1,49 €/Kg"
Néctar vital equilíbrio frutos vermelhos,Compal,Garrafa de 200 ml,"0,99 €","0,99 €/L"
Doce de tomate 60% fruta,Cemporcent,Embalagem de 280g,"5,99 €","19,97 €/Kg"
Caldo Verde,Sopas Portuguesas,Embalagem de 400 ml,"2,69 €/Kg","2,69 €/Kg"
Chupa original,Chupachups,Embalagem de 120g,"3,40 €","28,33 €/Kg"
Néctar de pera,PorSi,Pack 3 x 200 ml,"0,99 €","0,99 €/L"
Gressinos com sésamo,PorSi,Embalagem de 250 g,"0,89 €","3,96 €/Kg"
Salsicha Brasileira,Porco,1 un = 50 gr (aprox.),"0,25 €","4,99 €/Kg"
Cortina de banho 180 x 200 cm,C. Selecion,1 unidade,"13,99 €","13,99 €/Unidade"
Iogurte Líquido Yoggi s/ lactose Stracciatela,Nestle,4 x 160 g,"0,99 €","1,98 €/Kg"
Galette de Rois,*,100 g,"1,29 €","12,90 €/Kg"
Queijinhos mini,Babybel,Embalagem de 240g,"4,39 €","18,29 €/Kg"
"Paté de sarinha, atum e marisco",Fides,Embalagem de 90g,"1,19 €","13,52 €/Kg"
Travessa com naperon 45x36cm,PorSi,1 unidade,"0,54 €","0,54 €/Unidade"
Bolacha wafer baunilha,PorSi,Embalagem de 180g,"0,98 €","4,67 €/Kg"
Bebida de Soja Chocolate,PorSi Viva Bem,Pack: 3 x 200 ml,"2,49 €","2,49 €/L"
Limpa carpetes,PorSi,Embalagem de 1 litro,"2,49 €","2,49 €/L"
Autocarro Formas e Cores,Baby Clementoni,1 unidade,"14,99 €/Unidade","14,99 €/Unidade"
Iogurte grego yaos natural,Nestle,Embalagem de 450g,"0,99 €","1,98 €/Kg"
Gressinos com azeite,PorSi,Embalagem de 250g,"0,89 €","3,96 €/Kg"
Peito de peru fatias,PorSi,Embalagem de 150g,"1,99 €","13,27 €/Kg"
Whey protein & oats chocolate,Prozis,Embalagem de 80g,"2,19 €","4,38 €/Kg"
Queijo Coulommiers,Páturages,Embalagem de 350 g,"2,61 €","13,05 €/Kg"
"Rolos de cozinha compactos, branco, máxima absorção,...",Renova,1 unidade,"4,99 €","4,99 €/Unidade"
Gelado tiramisu,PorSi,Embalagem de 900 ml,"3,06 €/L","3,06 €/L"
Tratamento diamante força extra,Tresemmé,Embalagem de 180 ml,"1,06 €","5,30 €/L"
Esponja limpa camurça,PorSi,1 unidade,"1,49 €","1,49 €/Unidade"
Ananás em rodelas,PorSi,Embalagem de 565 g,"1,99 €","2,37 €/Kg"
Fraldas agility T5 de 13 a 18 kg,PorSi,44 unidades,"6,49 €","6,49 €/Unidade"
Spray de lavagem a seco denim,Day 2,200 ml,"6,99 €","34,95 €/L"
Lixivia perfumada,PorSi,Garrafa de 2 l,"1,74 €","0,35 €/L"
Ração seca para cão croquetes pro júnior,PorSi Select,Embalagem de 3 Kg,"1,15 €/Kg","1,15 €/Kg"
Coxinhas de frango,PorSi,Embalagem de 360g,"3,99 €","9,98 €/Kg"
Batata frita ondulada wavy,PorSi,Embalagem de 180g,"1,01 €","5,46 €/Kg"
Sobremesa tiramisú,Páturages,Embalagem de 4 x 80 g,"0,55 €","2,75 €/Kg"
Queijo grana padano D.O.P 16 meses de cura,PorSi Select,Embalagem de 180 g,"2,87 €","15,94 €/Kg"
Papel de alumínio,PorSi,50 metros,"1,11 €","1,11 €/Unidade"
Feijão frade,Caçarola,Embalagem de 500 g,"0,95 €","1,90 €/Kg"
Sabonete patti,Ach Brito,Embalagem de 160 g,"1,99 €","12,44 €/Kg"
Cillit bang limpa vidros,Cillitbang,Garrafa de 500 ml,"0,89 €","0,89 €/L"
Miolo de Amêndoa com Pele,Ferbar,Embalagem de  180 g,"0,79 €","3,95 €/Kg"
"Ambientador spray, aerosol, relax zen",Glade,Embalagem de 300 ml,"7,99 €","31,96 €/L"
Leite condensado magro,PorSi,Embalagem de 390 g,"1,09 €","2,75 €/Kg"
8 hamburguers s/ glúten frango,Capitão Iglo,Embalagem de 480g,"11,44 €/Kg","11,44 €/Kg"
Gel wc anticalcário sem lixívia,PorSi,"Garrafa de 1,5 l","4,39 €","5,85 €/L"
"Queijo em fatias, -50% gordura",Limiano,Embalagem de 200g,"4,19 €","8,38 €/Kg"
Café com cafeina solúvel,Delta,Embalagem de 20g,"14,50 €/Kg","14,50 €/Kg"
Farinha de trigo integral,Cemporcent,Embalagem de 500g,"2,29 €","15,27 €/Kg"
Bolachas marítimas clássicas,PorSi Viva Bem,Embalagem de 200g,"1,45 €","11,15 €/Kg"
Limpa injetores gasolina,PorSi,Embalagem de 250 ml,"11,49 €","39,62 €/L"
Filetes de cavala em azeite,PorSi,Embalagem de 120 g,"0,89 €","7,42 €/Kg"
4 hamburguers vaca s/ glúten,Capitão Iglo,Embalagem de 320g,"2,79 €","8,72 €/Kg"
Nectar clássico maracujá,Compal,Garrafa de 1 l,"0,75 €","1,25 €/L"
Prepar arroz marisco sem gluten cv 0.8kg,Brasmar,Embalagem de 800g,"2,19 €","8,59 €/Kg"
Yofu com pedaços de mirtilo,Alpro,Embalagem de 4x125 g,"4,58 €/Kg","4,58 €/Kg"
Marcador Preto P/ Quadro Branco,Mab,Embalagem com 1 un.,"2,99 €","2,99 €/Unidade"
"Escova de cabelo, brushing média",Labell,Uma unidade,"2,19 €","2,19 €/Unidade"
Feijao catarino,Caçarola,Embalagem de 500 g,"0,95 €","1,90 €/Kg"
Topping p/saladas cebola frita,Florette,Embalagem de 70g,"0,99 €","1,98 €/Kg"
"Polpa de maracujá, em lata",Koala,Embalagem de 570g,"4,19 €","7,35 €/Kg"
Pedaços de tamboril,PorSi,Embalagem de 500G,"3,99 €","9,98 €/Kg"
Papel higiénico branco 2 folhas,PorSi,48 rolos,"1,99 €","1,99 €/Unidade"
Caixa de Tâmaras C/ Caroço,Ferbar,Embalagem de 230 g,"1,89 €/Kg","1,89 €/Kg"
Iogurte de morango sem lactose,PorSi Viva Bem,4 x 125 g,"1,87 €","1,25 €/Kg"
Mala criativa,Lego,1 unidade,"34,99 €","34,99 €/Unidade"
Bolachas mini,Oreo,Embalagem de 160g,"0,79 €","4,49 €/Kg"
Gelado magnum pint clássico,Olá,Embalagem de 440 ml,"3,06 €/L","3,06 €/L"
Rolo de Cozinha Touch 4D XL,Renova,Embalegem c/ 3 Rolos,"4,99 €","4,99 €/Unidade"
Peluche Unicórnio Interativo,Baby Clementoni,unidade,"27,99 €/Unidade","27,99 €/Unidade"
Semente papoila,Salutem,Embalagem de 125g,"2,29 €","15,27 €/Kg"
Pack 5 veículos sortidos,Hot Wheels,1 embalagem,"9,99 €/Unidade","9,99 €/Unidade"
Maionese,PorSi,Embalagem de 414 g,"1,55 €","3,69 €/Kg"
Batata pré-frita rodelas para saltear,PorSi,Embalagem de 1 kg,"1,99 €","1,99 €/Kg"
Alho picado,PorSi,Embalagem de 100 g,"3,29 €","4,39 €/Kg"
Morcela assar fundao,PorSi,Embalagem de 250g,"1,49 €","7,45 €/Kg"
Sopa de Caldo Verde,Brilha ali,Vendido ao peso,"2,69 €/Kg","2,69 €/Kg"
Vela número 0,Vahine,Embalagem de 1 unidades,"0,60 €","0,60 €/Unidade"
Jameson caskmates ipa 70cl,Jameson,Garrafa de 700 ml,"23,49 €","23,49 €/L"
Whisky,Glen crina,Garrafa de 700 ml,"23,49 €","23,49 €/L"
Fermento em po 4x25g,PorSi,Embalagem de 100g,"1,39 €","9,27 €/Kg"
Melão Amarelo,Fruta do Dia,Vendido ao peso | 1 un = 2.5 kg (aprox.),"2,98 €","1,19 €/Kg"
Areia para gatos 100% natural,PorSi,Embalagem de 5 kg,"1,19 €","0,24 €/Kg"
Leite condensado,PorSi,Embalagem de 397 g,"1,09 €","2,75 €/Kg"
Vinho branco,PorSi,embalagem de  3X187 ml,"1,23 €","2,19 €/L"
Actimel tutti-frutti,Danone,Embalagem de 6 x 100g,"4,15 €/Kg","4,15 €/Kg"
"Batata frita, queijo e ervas",PorSi,Embalagem de 190g,"1,18 €","6,38 €/Kg"
Marcador velleda preto,Bic,1 unidade,"2,99 €","2,99 €/Unidade"
Bolachas cracker sem sal,PorSi,Embalagem de 500g,"0,39 €","3,12 €/Kg"
Máquina Depilatória Descartável Miss Soleil Sensitiv...,Bic,1 + 2 Unidades Grátis,"5,49 €","5,49 €/Unidade"
Queijo em fatias original,Casteloes,Embalagem de 200g,"4,19 €","8,38 €/Kg"
Recargas ambientador elétrico sensual sandalwood & j...,Glade,Embalagem de 2 x 20 ml,"1,79 €","1,79 €/Unidade"
Leite uht meio gordo,Agros,Embalagem 1L,"0,83 €","0,83 €/L"
Alimento húmido para cão borrego,Pedigree,Embalagem de 300g,"1,53 €","1,28 €/Kg"
Atum posta em óleo vegetal,PorSi,Embalagem de 385g,"0,89 €","7,42 €/Kg"
Bacalhau Crescido da Noruega,PorSi,1 un=1.5kg (aprox.),"10,99 €/Kg","10,99 €/Kg"
Queijo flamengo 0% lactose,PorSi Viva Bem,Embalagem de 150 g,"4,19 €","8,38 €/Kg"
Café grão bio,PorSi Bio,Embalagem de 250g,"15,49 €","15,49 €/Kg"
Borracha para lápis e tinta,Domédia,1 unidade,"2,99 €","2,99 €/Unidade"
Jaca em calda,Koala,Embalagem de 570g,"1,99 €","2,37 €/Kg"
5 gouaches de cores primárias,Domédia,Uma embalagem,"4,69 €","4,69 €/Unidade"
Leite uht meio gordo,Mimosa,Embalagem de 1 litro,"0,83 €","0,83 €/L"
Cerveja com álcool,Sagres,"Embalagem de 0,33 l","1,99 €/L","1,99 €/L"
Aguardente Bagaceira Velha,CASAL DE VALLE PRADINHOS,"Garrafa 0,70 L","18,99 €","27,13 €/L"
Vinho tinto regional terras dao bib 5l,Silgueiros,Embalagem de 5L,"1,50 €/L","1,50 €/L"
Molas de madeira,PorSi,36 unidades,"0,89 €","0,89 €/Unidade"
Compota frutos vermelhos 60% fruta,Cemporcent,Embalagem de 280g,"5,99 €","19,97 €/Kg"
Multivitaminas de a a z (cápsulas),Forma+,Embalagem de 25g,"7,59 €","126,50 €/Kg"
18 nuggets de frango,Capitão Iglo,Embalagem de 380g,"9,30 €/Kg","9,30 €/Kg"
Spray wc active clean wild,Ambipur,750 ml,"1,79 €","2,39 €/L"
Leite UHT Meio Gordo,PorSi,Embalagem de 200 ml,"0,83 €","0,83 €/L"
Iogurte arôma de frutos vermelhos,PorSi,Embalagem de 8x125 g,"1,87 €","1,25 €/Kg"
Queijo Curado Amanteigado,Torre,1 un = 250 gr  (aprox.),"25,45 €/Kg","25,45 €/Kg"
Sobremesa gelatina de morango,PorSi,Embalagem 4X100G,"0,85 €","2,13 €/Kg"
Bagas de cranberry,Cemporcent,Embalagem de 125 g,"0,79 €","3,95 €/Kg"
Elixir bocal dentes e gengivas,Listerine,Embalagem de 1 l,"1,49 €","2,98 €/L"
Caderno Diário Liceal Pautado,Firmo,40 Folhas,"3,69 €","3,69 €/Unidade"
Alecrim em folhas,PorSi,Embalagem de 25g,"2,29 €","30,53 €/Kg"
Ambientador elétrico pure clean linen + recarga,Glade,1 unidade,"3,74 €","3,74 €/Unidade"
Kiwi 30/36,Programa Origens,1 un = 150 gr (aprox.),"0,34 €","2,29 €/Kg"
Farinha de trigo sem fermento t55,PorSi,Embalagem de 5 kg,"4,25 €","0,85 €/Kg"
Iogurte grego natural açucarado sem lactose,PorSi Viva Bem,Embalagem de 240g,"0,99 €","1,98 €/Kg"
Restaurador de Chão Envenizado Médio/Escuro,Novycera,Embalagem de 500 ml,"2,49 €","2,49 €/L"
Molho piri piri,Macarico,Embalagem de 200g,"1,55 €","3,69 €/Kg"
Sementes de girassol,PorSi Viva Bem,Embalagem de 200 g,"1,59 €","10,60 €/Kg"
Nutella,Nutella,Embalagem de 700g,"4,39 €","12,91 €/Kg"
Quiche lorraine,Monique Ranou,Embalagem de 400 g,"1,89 €","6,30 €/Kg"
Escova para lavar,PorSi,1 unidade,"2,20 €","2,20 €/Unidade"
Lombos de salmão,PorSi,Embalagem de 300g,"3,99 €","9,98 €/Kg"
Liegeois de chocolate,Milchfrisc,Embalagem de 200g,"0,55 €","2,75 €/Kg"
Lava tudo antibacteriano floral,PorSi,"Garrafa de 1,5 l","1,89 €","1,26 €/L"
"Pensos Elásticos Mini Pack, 6 unidades",Hansaplast,1 embalagem,"2,86 €","2,86 €/Unidade"
Multi-usos,Wd40,Embalagem de 250 ml + 40 ml grátis,"11,49 €","39,62 €/L"
Gelados mini colosse mini mix,PorSi,Embalagem com 8 unidades,"2,23 €","4,65 €/L"
Anti-traça cedro,Raid,2 unidades,"4,29 €","4,29 €/Unidade"
"12 lápis de cor, 18cm",Domédia,Uma embalagem,"3,19 €","3,19 €/Unidade"
Elixir Bocal Complete,Oral B,Embalagem de 500 ml,"1,49 €","2,98 €/L"
Marcadores Pastel Fluo,Maped,Pack de 6,"2,99 €","2,99 €/Unidade"
Iogurte natural,PorSi,Embalagem 12 x 125 g,"0,99 €","1,98 €/Kg"
Paio das beiras,PorSi,Embalagem de 380g,"1,27 €","12,69 €/Kg"
Bolachas cacau com cereais e pepitas de chocolate,PorSi,Embalagem de 400 g,"0,79 €","5,27 €/Kg"
Flocos de trigo integral,Cemporcent,Embalagem de 400g,"0,69 €","1,73 €/Kg"
Soja fina,Cemporcent,Embalagem de 400g,"2,29 €","15,27 €/Kg"
Chá preto frutos vermelhos,PorSi,Embalagem de 40g,"1,99 €","49,75 €/Kg"
Red Fish,Peixe Congelado,300 a 500 g,"3,99 €/Kg","3,99 €/Kg"
Cordon bleu,PorSi,Embalagem de 1 kg,"2,79 €","8,72 €/Kg"
Aditivo Tira Nódoas Oxi Action White,Vanish,Embalagem de 800 g,"13,99 €","17,49 €/Kg"
Sementes de chia,PorSi Viva Bem,Embalagem de 150 g,"1,59 €","10,60 €/Kg"
Spray de lavagem a seco delicado,Day 2,200 ml,"6,99 €","34,95 €/L"
Rebuçados peitorais,Dr.bayard,Embalagem de 200g,"0,77 €","3,85 €/Kg"
Recargas ambientador elétrico pure clean linen,Glade,Embalagem de 2 x 20 ml,"1,79 €","1,79 €/Unidade"
Iogurte natural,Danone,Embalagem de 8x120g com 1 unidade grátis,"0,99 €","1,98 €/Kg"
Lenços de bolso folha tripla,PorSi,9 x 30 unidades,"0,89 €","0,89 €/Unidade"
Marcadores Intensity Fine Rainbow Lagoon,Bic,Embalagem com 6 un.,"2,99 €","2,99 €/Unidade"
Molho de maionese com alho e ervas,PorSi,Garrafa de 120 ml,"1,55 €","3,69 €/Kg"
Creme p/ Calçado Castanho,Búfalo,Embalagem de 50 ml,"0,99 €","19,80 €/L"
Queijo azul,PorSi,100 g,"1,89 €","18,90 €/Kg"
Cachaça,Velho do barreiro,Garrafa de 70 cl,"17,09 €","24,41 €/L"
Marcador Turbo Color x12,Giotto,Uma embalagem,"4,69 €","4,69 €/Unidade"
Recarga Esfregona de Microfibras,PorSi,1 unidade,"0,89 €","0,89 €/Unidade"
Bacalhau com natas,PorSi,Embalagem de 380g,"1,79 €","7,16 €/Kg"
Assador Castanhas em Barro,Produto selecionado,Diam.: 17 cm,"4,99 €/Unidade","4,99 €/Unidade"
Sidra maçã,Somersby,"Pack 15x0,20 L","3,32 €/L","3,32 €/L"
"Guardanapos brancos, 33x33cm, 2 folhas, 90 unidades",Renova,Uma embalagem,"1,29 €","1,29 €/Unidade"
"Água com gás, sabor limão",PorSi,"Embalagem de 6x0,25 l","1,99 €/L","1,99 €/L"
"Coloração permanente, vermelho ousado nº5.62",Nutrisse,1 unidade,"9,49 €/Unidade","9,49 €/Unidade"
Néctar 8 frutos,Bongo,Pack 6 x 200 ml,"0,99 €","0,99 €/L"
Biscoitos integrais aveia e manteiga de amendoim,PorSi Viva Bem,Embalagem de 150g,"0,69 €","3,45 €/Kg"
Economia,Ratinho,1 unidade,"1,56 €","1,56 €/Unidade"
Cestos com tampa e juta,*,3 unidades,"17,99 €/Unidade","17,99 €/Unidade"
Mistolin tira-nódoas,Mistolin,Garrafa de 500 ml,"1,79 €","2,39 €/L"
Fiambre da Perna Extra,Izidoro,Vendido ao peso,"12,79 €/Kg","12,79 €/Kg"
Forma de papel para bolos 6. 8cm,PorSi,Embalagem com 60 unidades,"0,54 €","0,54 €/Unidade"
Ravioli de Queijo Cabra e Cebola Caramelizada 250G,Rana,1 Embalagem,"3,99 €","3,99 €/Unidade"
Massa folhada retangular,Pasta dia,Embalagem de 250g,"1,09 €","2,18 €/Kg"
Detergente líquido máquina de roupa sabão natural,PorSi,86 Doses,"8,69 €","1,84 €/Kg"
Pensos Higiênicos com Abas Super,Ausonia,embalagem com 12 un.,"2,79 €","2,79 €/Unidade"
"Caixa com saquetas de  pau de canela, 30 unidades",PorSi,Embalagem 90G,"2,29 €","30,53 €/Kg"
Croissant de amêndoa,*,Embalagem de 100g,"7,40 €/Kg","7,40 €/Kg"
Farinha sem fermento t65,PorSi,Embalagem de 5 kg,"4,25 €","0,85 €/Kg"
Vanish gold toalhitas,Vanish,Embalagem de 16 unidades,"2,19 €","2,92 €/L"
Sardinhas,PorSi,embalagem com 1 kg,"3,99 €","9,98 €/Kg"
Bolacha waffer bites cacau,Waferland,Embalagem de 125g,"0,98 €","4,67 €/Kg"
Sumo 100% maçã,PorSi,pack 3 x 200 ml,"0,75 €","1,25 €/L"
Detergente liquido loiça clássico,PorSi,Garrafa de 1 litro,"0,89 €","0,89 €/L"
Creme vegetal culinário,Vaqueiro,Embalagem de 250 g,"2,89 €","2,89 €/Kg"
Guardanapos Gold 2 folhas,Renova,Dim.: 39x39cm,"1,29 €","1,29 €/Unidade"
Estojo cilíndrico,Paw Patrol,1 unidade,"5,99 €","5,99 €/Unidade"
Piripiri grão,PorSi,Saqueta de 20 g,"2,29 €","30,53 €/Kg"
Iogurte de morango sem lactose,PorSi Viva Bem,4 x 125 g,"0,99 €","1,98 €/Kg"
Recarga  para esfregona tiras,PorSi,1 unidade,"0,89 €","0,89 €/Unidade"
Ambientador gel lavanda,PorSi,150 g,"16,63 €/L","16,63 €/L"
Leite UHT Meio Gordo,PorSi,1 l,"0,83 €","0,83 €/L"
Desodorizante roll-on invisible,Rexona,Embalagem de 50 ml,"50,80 €/L","50,80 €/L"
Saqueta pintarolas,Pintarolas,Embalagem de 40g,"0,69 €","17,25 €/Kg"
Tablete de chocolate meio amargo,Toblerone,Embalagem de 100g,"0,99 €","4,95 €/Kg"
Proti soja grânulos,Salutem,Embalagem de 400g,"1,49 €","3,73 €/Kg"
Gelo em cubos,PorSi,Embalagem de 2 kg,"1,00 €","0,50 €/Kg"
Lava tudo amigo dos animais,Xanpa,Embalagem de 1 l,"1,09 €","0,55 €/L"
Banha,PorSi,Embalagem de 940 g,"2,89 €","2,89 €/Kg"
15 panadinhos de peixe,PorSi,Embalagem de 450 g,"3,99 €","9,98 €/Kg"
Marmelada,PorSi,Embalagem de 450g,"1,09 €","2,42 €/Kg"
Néctar clássico de pera,Compal,Garrafa de 200 ml,"0,99 €","0,99 €/L"
"Anti-calcário em pó, máquina roupa",PorSi,Embalagem de 800g,"2,19 €","2,92 €/L"
Caracol Médio,Nossa seleção,1 un = 250 gr (aprox.),"4,99 €","4,99 €/Kg"
Sal marinho grosso,Vatel,Embalagem de 1 kg,"2,29 €","30,53 €/Kg"
Pastilhas fire canela,CHICLETS,Embalagem de 16 g,"0,89 €","59,33 €/Kg"
Snacks para Cão Markies Mini,Pedigree,Embalagem de 500 g,"5,58 €/Kg","5,58 €/Kg"
Champô Hidratante,Baby Dove,Embalagem de 400 ml,"6,85 €/L","6,85 €/L"
Tira gorduras dia a dia,Mistolin,Garrafa de 750 ml,"1,79 €","2,39 €/L"
Cebola picada em pacote,PorSi,Embalagem de 40 g,"2,29 €","30,53 €/Kg"
Pimentão doce saqueta,PorSi,Embalagem de 50 g,"2,29 €","30,53 €/Kg"
Cogumelos fatiados,PorSi,Embalagem de 400g,"0,74 €","1,85 €/Kg"
Desinfetante álcool gel com doseador,PorSi,500 ml,"0,99 €","9,90 €/L"
Peito de frango forno a lenha fatias finas,Izidoro,110 g,"1,99 €","13,27 €/Kg"
Crepe chocolate,PorSi,Embalagem de 540g,"3,99 €","7,39 €/Kg"
Agrafador + 400 agrafos,Domédia,Uma embalagem,"4,99 €","4,99 €/Unidade"
Máscara Exfoliante Vermelha,L' Oreal,Embalagem de 50 ml,"23,70 €/L","23,70 €/L"
Suiss'fruits fruta 12x50g,PorSi,Embalagem de 600g,"4,23 €/Kg","4,23 €/Kg"
Caracoleta Riscada,Nossa seleção,Vendido ao peso,"4,99 €","4,99 €/Kg"
Pao brioche fatiado,PorSi,Embalagem 500G,"0,99 €","1,65 €/Kg"
Comida húmida para cão de frango e arroz,PorSi,Lata de 400 g,"1,53 €","1,28 €/Kg"
Mistolin tira-nódoas,Mistolin,Garrafa de 500 ml,"2,19 €","2,92 €/L"
18 hamburguers s/ glúten vaca,Capitão Iglo,Pack familiar com 1.4 kg,"2,79 €","8,72 €/Kg"
Alimento húmido para cão vaca,Pedigree,Embalagem de 300g,"1,53 €","1,28 €/Kg"
Morangos 100% Naturais,PorSi,Embalagem de 750 g,"3,29 €","4,39 €/Kg"
Soja fina,PorSi Viva Bem,Embalagem de 400 g,"1,49 €","3,73 €/Kg"
Fósforos cozinha,Quinas,Embalagem com 4 caixas por unidade,"1,50 €","1,50 €/Unidade"
Bolachas maria,PorSi,Embalagem de 200g,"0,59 €","2,95 €/Kg"
Bicarbonato de sódio,PorSi,Saqueta de 75 g,"1,39 €","9,27 €/Kg"
Batata pré-frita palito,PorSi,Embalagem de 1 kg,"1,99 €","1,99 €/Kg"
Actimel natural,Danone,Embalagem de 600g,"4,15 €/Kg","4,15 €/Kg"
Nan 1 optipro leite inf.optipro desde nascim.800g,NAN,Embalagem de 800g,"23,99 €","29,99 €/Kg"
Pastilhas melão e melancia,Trident,Embalagem de 20g,"0,89 €","59,33 €/Kg"
Caldeirada,Bacalhau,Embalagem de 400 g,"10,99 €/Kg","10,99 €/Kg"
Creme de amendoim cremoso 340g,Skippy,Embalagem de 340g,"4,39 €","12,91 €/Kg"
Vela com número 4,PorSi,1 unidade,"0,60 €","0,60 €/Unidade"
Azeite virgem extra dop moura,PorSi Select,Embalagem de 0.75L,"3,29 €","4,39 €/L"
Ravioli com tomate,Claude Léger,Embalagem 300G,"2,29 €","7,63 €/Kg"
Salada de fruta em calda,PorSi,Embalagem de 3 x 220 g,"1,99 €","2,37 €/Kg"
Nata uht para bater,Gresso,Garrafa de 200 ml,"0,75 €","3,75 €/L"
Acetona,PorSi,Embalagem de 200 ml,"1,89 €","9,45 €/L"
Resguardo para bebé,PorSi,Dim.: 60 x 60 cm,"4,99 €/Unidade","4,99 €/Unidade"
Café c/ cafeína intenso,Nescafe,Embalagem de 100g,"14,50 €/Kg","14,50 €/Kg"
Inseticida controller baratas,Raid,12 unidades,"6,39 €","6,39 €/Unidade"
Champô Purificante,Pantene,640ml,"12,48 €/L","12,48 €/L"
Tomate em pedaços,PorSi,Embalagem de 390g,"2,19 €","2,81 €/Kg"
Escova plástica (cores sortidas),PorSi,1 unidade,"0,89 €","0,89 €/Unidade"
Esparguete s/ glúten,Milaneza,Embalagem de 500g,"2,69 €","5,38 €/Kg"
Alheira de mirandela,PorSi Select,Embalagem de 200 g,"1,49 €","7,45 €/Kg"
Pipocas coloridas,Orcape,Embalagem de 100g,"0,79 €","7,90 €/Kg"
Néctar de laranja e cenoura light,PorSi,Embalagem de 1 litro,"1,09 €","1,09 €/L"
Cappuccino café arábica cacau magro em pó,PorSi,250 ml,"1,15 €","4,60 €/L"
Sementes de girassol,Cemporcent,Embalagem de 150 G,"1,39 €","9,27 €/Kg"
Amaciador Roupa Concentrado Intense Care Protect,Comfort,60 doses,"3,99 €","3,99 €/Unidade"
"Espuma de cabelo, volume absoluto",Pantene,Embalagem de 200 ml,"5,99 €","39,93 €/L"
Kit de viagem,Colgate,pasta dentífrica + escova,"4,99 €","4,99 €/Unidade"
"Tampão digitais, mini, proconfort, 16 unidades",O.B.,Uma embalagem,"2,69 €","2,69 €/Unidade"
Flocos cereais chocolate,PorSi,Embalagem de 300g,"3,29 €","4,39 €/Kg"
Rebuçados drops recheio de fruta,PorSi,Embalagem de 250g,"1,08 €","5,40 €/Kg"
"Abs odores lavanda, pack 2x150g",Glade,Embalagem de 2x150 g,"16,63 €/L","16,63 €/L"
"Livro ""A Magia do Ballet""",Girassol,1 unidade,"1,99 €","1,99 €/Unidade"
Creme de Mãos Intensivo,Nivea,Embalagem de 100 ml,"2,49 €","41,50 €/L"
Whisky tullamore dew,Tullamore,Garrafa de 700 ml,"23,49 €","23,49 €/L"
Amaciador Roupa Concentrado Intense Revive,Comfort,60 doses,"3,99 €","3,99 €/Unidade"
Cola glitter perfumada,Mitama,21 g,"4,29 €","102,14 €/Kg"
Tira Nódoas Brancos em Gel,Skip,"1,6 l","2,19 €","2,92 €/L"
Botija Nórdica,Do Art,,"6,99 €","6,99 €/Unidade"
Vela com número nº 6,PorSi,1 unidade,"0,60 €","0,60 €/Unidade"
Limpa Couros,Bellapelle,Garrafa de 250 ml,"2,19 €","2,92 €/L"
Puré batata doce,PorSi,Embalagem de 750g,"1,89 €","6,30 €/Kg"
Néctar de pera rocha e framboesa do Oeste Algarve,Compal,1 litro,"0,99 €","0,99 €/L"
