Nome,Marca,Unidade,Preço Primário,Preço Secundário
Filtro Chá Aço Inoxidável,Gratta,1 unidade,"3,55 €","3,55 €/Unidade"
Miolo de camarão 80/100,Pescanova,Embalagem de 350g,"8,99 €","25,69 €/Kg"
Castanhas,PorSi,Embalagem de 500G,"4,99 €","9,98 €/Kg"
Saqueta de puré de fruta | maçã + banana + morango,PorSi,90 g,"0,74 €","8,22 €/Kg"
Borracha para lápis e tinta,Domédia,1 unidade,"3,19 €","3,19 €/Unidade"
Cabo de metal com rosca,PorSi,1.20 m,"2,20 €","2,20 €/Unidade"
Porto white,Ferreira,Garrafa de 750 ml,"11,99 €","15,99 €/L"
Polvilho doce,PorSi,Embalagem de 500g,"2,29 €","4,58 €/Kg"
Água s/ gás limão,Luso,Garrafa de 1 l,"1,79 €","0,33 €/L"
Mix de sementes tradicional,Cemporcent,Embalagem de 250g,"1,49 €","1,49 €/Kg"
Ração para gato esterilizado com peru,Friskies,Embalagem de 3 kg,"12,99 €","4,33 €/Kg"
"Queijo light, 8 porções",A Vaca Que Ri,Embalagem de 140 g,"2,39 €","19,92 €/Kg"
Salsichas cocktail,PorSi,Lata com 180 g,"0,75 €","3,75 €/Kg"
Pera conference categoria: II,*,Vendido ao peso a partir de 300 g,"0,27 €","1,49 €/Kg"
Água sem gás,Vitalis,Garrafa de 0.5 l,"1,79 €","0,33 €/L"
Papel higiénico perfumado bouquet folha tripla,Foxy,4 + 2 rolos,"1,99 €","1,99 €/Unidade"
Batman Helicóptero Rádio Controlo,Mondo,1 unidade,"24,99 €/Unidade","24,99 €/Unidade"
Granola + classica,Cemporcent,Embalagem de 375g,"1,49 €","1,49 €/Kg"
Água c/ gás groselha,Frize,pack 4 x 0.25 l,"2,85 €","2,85 €/L"
8 hamburguers s/ glúten frango,Capitão Iglo,Embalagem de 480g,"2,79 €","8,72 €/Kg"
Elimina odores para calçado,Kiwi,Embalagem de 100 ml,"1,49 €","1,49 €/Unidade"
Limpa vidros recarga tripla ação,Ajax,Embalagem de 500 ml,"3,19 €","6,38 €/L"
Penso de incontinência normal,Ausonia Discreet,Embalagem de 12 un.,"7,99 €","7,99 €/Unidade"
"Iogurte pedaços, frutimax muesli",PorSi,Embalagem de 4 x 125 g,"4,38 €","2,19 €/Kg"
Cebolinho,PorSi,Embalagem de 50g,"0,99 €","19,80 €/Kg"
"Forma papel para bolos, 10. 5cm",PorSi,Embalagem com 60 unidades,"0,54 €","0,54 €/Unidade"
Néctar clássico laranja,Compal,Embalagem de 1 l,"0,99 €","0,99 €/L"
"Coloração permanente, castanho claro cobre nº54",Nutrisse,1 unidade,"9,49 €/Unidade","9,49 €/Unidade"
Guardanapos 2 folhas azul e dourado,PorSi Select,40 unidades,"1,29 €","1,29 €/Unidade"
Óleo de girassol,PorSi,garrafa de 3 litros,"3,39 €","3,39 €/L"
Crepe simples,PorSi,Embalagem de 630g,"3,99 €","7,39 €/Kg"
Atum posta em óleo,Ramirez,Embalagem de 120g,"1,69 €","14,08 €/Kg"
Fraldas Activity Extra T5 |13-19 kg,Dodot,48 Unidade,"6,49 €","6,49 €/Unidade"
Salsichas de porco,Nobre,Lata de 200g,"0,75 €","3,75 €/Kg"
Máquina de barbear mach 3 turbo,Gillette,1 unidade,"1,16 €","4,64 €/L"
Esferográfica Cor Sortida Média,Mab,Embalagem com 4 un.,"2,69 €","2,69 €/Unidade"
Desinfetante Têxtil,Sanytol,Embalagem de 500 ml,"1,79 €","8,95 €/L"
Salsichas frasco hot dog,PorSi,Embalagem 540G,"0,75 €","3,75 €/Kg"
Arroz estufado,Caçarola,Embalagem de 1 kg,"1,26 €","1,26 €/Kg"
Lápis de cera,Giotto,embalagem com 12 unidades,"4,69 €","4,69 €/Unidade"
Vinho doc douro tinto,Tellu's,Garrafa de 750 ml,"2,69 €","3,59 €/L"
"Gel para o cabelo, pasta remix",Studio Line,Embalagem de 150 ml,"4,19 €","16,76 €/L"
Vinho tinto regional peninsula de setúbal,Fonte nico,Garrafa de 750 ml,"2,99 €","3,99 €/L"
Manteiga sem sal,Primor,Embalagem de 250g,"1,89 €","7,56 €/Kg"
Corta pasta cabo áqua,PorSi,1 unidade,"8,89 €","8,89 €/Unidade"
Polpa tomate biológico,Guloso,Embalagem de 500g,"3,65 €","7,30 €/Kg"
Licor Bolota |Figura Cavalo,HS,"Garrafa de 0,35L","7,49 €","10,70 €/L"
Napolitas creme baunilha,PorSi,Embalagem de 320g,"1,77 €","5,53 €/Kg"
Linguas de gato,PorSi,Embalagem de 200 g,"0,69 €","3,45 €/Kg"
"Papel higiénico, seda, folha tripla, 4+2 rolos",Foxy,1 embalagem,"1,99 €","1,99 €/Unidade"
Creme de corpo exfoliante,Labell,Embalagem de 150 ml,"3,29 €","21,93 €/L"
Cereais corn flakes,Kellogg's,Embalagem de 500g,"3,99 €","7,98 €/Kg"
Croissants brioche,s. tomé,Embalagem de 200 g,"7,40 €/Kg","7,40 €/Kg"
"Vinho tinto regional, península de setúbal, bag-in-b...",Dom Campos,Garrafa de 5 l,"9,49 €","1,90 €/L"
Fraldas premium T4 - 9 a 15 kg,PorSi,50 unidades,"6,49 €","6,49 €/Unidade"
Cereais crack star,PorSi,Embalagem de 375 g,"4,19 €","7,62 €/Kg"
Pensos Higiénicos Cottonlike Normal Abas,Evax,embalagem de 16 unidades,"2,59 €","2,59 €/Unidade"
Mistura solúvel brasa,Nestle,Embalagem de 200g,"1,64 €","6,56 €/Kg"
Iogurte liquido sem lactose morango e banana,PorSi Viva Bem,Embalagem de 4 x 160 g,"3,21 €/Kg","3,21 €/Kg"
Mopa com cabo,PorSi,1 unidade,"0,89 €","0,89 €/Unidade"
Biscoitos brownies,PorSi,Embalagem de 230g,"0,90 €","6,00 €/Kg"
Arroz vaporizado,Cigala,Embalagem de 1 kg,"1,26 €","1,26 €/Kg"
Molho bechamel,PorSi,Embalagem de 500 ml,"1,69 €","6,76 €/Kg"
Refresco em pó de ananás,PorSi,Embalagem de 40 g,"0,75 €","18,75 €/Kg"
Sobremesa Paturette Caramelo,Páturages,Embalagem de 4x115g,"0,99 €","1,65 €/Kg"
Mel multifloral doseador,PorSi,Embalagem de 250g,"2,25 €","9,00 €/Kg"
Bolachas crackers integrais,PorSi,Embalagem de 500g,"0,39 €","3,12 €/Kg"
Vinho tinto,Pias,Garrafa de 5 l,"5,19 €","1,04 €/L"
Bacalhau a bras,PorSi,Embalagem de 300g,"1,79 €","7,16 €/Kg"
Infusão principe,Cemporcent,Embalagem de 10 unidades,"0,89 €","80,91 €/Kg"
Ovos de Galinhas Criadas ao Ar Livre,PorSi,6 ovos frescos,"1,59 €","1,59 €/Unidade"
Chá verde,Tetley,Embalagem de 20g,"0,99 €","23,02 €/Kg"
Bebida de Soja Natural,PorSi Viva Bem,Pack: 3 x 200 ml,"2,49 €","2,49 €/L"
Lixívia para roupa tradicional,Neoblanc,Embalagem de 2 l,"2,19 €","1,10 €/L"
Bolacha tostada diet nature s/ açucares,Gullon,Embalagem de 400g,"1,45 €","11,15 €/Kg"
"Iogurte, sabor a morango",PorSi,Embalagem de 4 x 125 g,"1,87 €","1,25 €/Kg"
Cogumelos inteiros,PorSi,Embalagem de 355 g,"2,19 €","2,81 €/Kg"
Colher para arroz de inox cabo oregon,PorSi,1 unidade,"8,89 €","8,89 €/Unidade"
Bife da Vazia,Novilho,Vendido ao peso a partir de 800 g,"11,99 €","14,99 €/Kg"
Seitan,Salutem,Embalagem de 300g,"0,69 €","0,69 €/Kg"
Azeite Subtil,Gallo,Garrafa de 750 ml,"3,29 €","4,39 €/L"
Carne p/ Assar,Novilho,Vendido ao peso a partir de 800 g,"11,99 €","14,99 €/Kg"
Cornflakes + gulosos,Cemporcent,Embalagem de 250g,"0,69 €","1,73 €/Kg"
Creme marisco,Knorr,Embalagem de 70g,"0,84 €","13,55 €/Kg"
Balões latex azul,PorSi,Embalagem com 24 unidades,"1,54 €","1,54 €/Unidade"
Petit gâteau,PorSi,Embalagem de  4 x 80 g,"3,99 €","7,39 €/Kg"
Bala spray,Redex,Embalagem de 400 ml,"3,99 €","0,80 €/L"
Mousse limpeza refresh,Labell,Embalagem com 150ml,"12,48 €/L","12,48 €/L"
Muesli tropical,Cemporcent,Embalagem de 500g,"0,69 €","1,73 €/Kg"
Iogurte fruta batida morango,Mimosa,Embalagem de 480g,"1,49 €","2,98 €/Kg"
Entremeada s/ Entrecosto,Porco,Vendido ao peso a partir de 1 kg,"4,99 €","4,99 €/Kg"
Bolachas belgas manteiga,PorSi,Embalagem de 250g,"1,69 €","6,76 €/Kg"
Leite condensado,Nestle,Embalagem de 370g,"1,09 €","2,75 €/Kg"
"Mistura de couve flor, brócolos e cenoura",PorSi,Embalagem de 1 kg,"1,98 €","1,98 €/Kg"
Abre latas multiusos cabo áqua,PorSi,1 unidade,"8,89 €","8,89 €/Unidade"
Bife do Lombo,Novilho,1 un= 150 gr (aprox.),"11,99 €","14,99 €/Kg"
Maçã Golden 70/75,Programa Origens,1 un = 180 gr (aprox.),"0,27 €","1,49 €/Kg"
Detergente para loiça plus + limão,Super Pop,Embalagem de 1L,"1,05 €","2,10 €/L"
"Água com gás, sabor limão",PorSi,"Embalagem de 6x0,25 l","2,85 €","2,85 €/L"
Spray optimal 7 com lixivia,Ajax,Embalagem de 500 ml,"3,99 €","7,98 €/L"
Vinagre de vinho branco,Cristal,Garrafa de 750 ml,"0,35 €","0,70 €/L"
Patê figado de porco,La piara,Embalagem de 80g,"1,19 €","13,52 €/Kg"
"Lava tudo, vinagre",Cif,"Garrafa de 1,4 l","0,99 €","0,50 €/L"
"Agrafos nº24/6, 2000 unidades",Maped,Uma embalagem,"1,35 €","1,35 €/Unidade"
Porto ruby,Valadao,Garrafa de 750 ml,"5,99 €","7,99 €/L"
Bolachas marinheiras espelta,Cemporcent,Embalagem de 200 g,"1,45 €","11,15 €/Kg"
Lancha Motor Subaquático,Playmobil,1 unidade,"24,99 €/Unidade","24,99 €/Unidade"
Iogurte mix-in smarties baunilha,Nestle,Embalagem de 2 x 128 g,"4,23 €/Kg","4,23 €/Kg"
Buondi extreme cafe moido 12x200g,Buondi,Embalagem de 200g,"3,49 €","13,96 €/Kg"
Iogurte oikos natural,Danone,Embalagem de 4 x 110g,"1,49 €","2,98 €/Kg"
Pilha alcalina classic lr20x2,Domédia,1 unidade,"1,49 €","1,49 €/Unidade"
"Patê de sardinha,atum e salmão",PorSi,Embalagem de 4 x 22 g,"1,19 €","13,52 €/Kg"
Gestos,Hasbro,1 un.,"23,99 €/Unidade","23,99 €/Unidade"
Crack.c/sal na superficie 560g,GRAN PAVES,Embalagem de 560g,"0,39 €","3,12 €/Kg"
Farinha de alfarroba bio,PorSi Bio,Embalagem de 200 g,"1,99 €","1,99 €/Kg"
Café solúvel c/ cafeína,Delta,Embalagem de 100g,"14,50 €/Kg","14,50 €/Kg"
Mistura pombos domésticos,Rac.zezere,Embalagem de 5 kg,"4,19 €","0,84 €/Kg"
Salpicão de Ponte de Lima,PorSi,270 g,"2,12 €","10,60 €/Kg"
Polvilho azedo,PorSi,Embalagem de 500g,"2,29 €","4,58 €/Kg"
Manteiga amendoim crocant,PorSi,Embalagem de 340g,"8,54 €/Kg","8,54 €/Kg"
Senses Watermelon,Trident,1 un.,"0,89 €","59,33 €/Kg"
Bolacha digestive aveia 258g,Vieira,Embalagem de 258 g,"1,19 €","5,95 €/Kg"
Pão ralado clássico,PorSi,Embalagem de 240 g,"0,72 €","3,00 €/Kg"
Chocolate culinário,Pantagruel,Embalagem de 200g,"1,79 €","8,95 €/Kg"
10 croquetes de carne,PorSi,Embalagem de 300 g,"1,79 €","7,16 €/Kg"
Limpa injetores gasolina,PorSi,Embalagem de 250 ml,"14,99 €","14,99 €/L"
Corn flakes,PorSi,Embalagem de 1 kg,"3,99 €","7,98 €/Kg"
Leite creme,El mandari,Embalagem de 90g,"0,79 €","5,27 €/Kg"
Licor de plantas aromáticas,On Off,"Garrafa de 0,70 l","7,49 €","10,70 €/L"
Pastilhas 60 minutos Spearmint Botlle,Trident,Embalagem com 80g,"0,89 €","59,33 €/Kg"
Livro Pop-Ups - Animais,Europrice,1 unidade,"5,99 €/Unidade","5,99 €/Unidade"
Cha infusão verde,Cemporcent,Embalagem com 10 saquetas,"0,99 €","99,00 €/Kg"
Pudim de caramelo,Boca Doce,Embalagem de 20g,"0,59 €","29,50 €/Kg"
8 fantasias do mar,PorSi,Embalagem de 250g,"1,79 €","7,16 €/Kg"
Batata frita churrasco,PorSi,Embalagem de 185 g,"1,19 €","6,43 €/Kg"
12 ovos codorniz,PorSi,Embalagem de 1 unidades,"1,15 €","1,15 €/Unidade"
Adoçante liquido,PorSi,Garrafa de 125 ml,"5,99 €","23,96 €/Kg"
Arroz integral,PorSi Viva Bem,Embalagem de 1 kg,"1,49 €","1,49 €/Kg"
Carne p/ Estufar,Novilho,Vendido ao peso a partir de 800 g,"11,99 €","14,99 €/Kg"
Abóbora Menina Programa Origens,PorSi,1 un= 1 kg (aprox.),"0,79 €/Kg","0,79 €/Kg"
Tábua de engomar,PorSi,Dim.: 110 x 32 cm,"20,00 €","20,00 €/Unidade"
Cogumelos laminados 1/2,PorSi,Embalagem de 355 g,"2,19 €","2,81 €/Kg"
"Tampão super, 32 unidades",Labell,1 embalagem,"1,85 €","1,85 €/Unidade"
Ketchup,PorSi,Embalagem de 300 g,"0,87 €","2,90 €/Kg"
Queijo snack gouda,PorSi,Embalagem de 100g,"1,96 €","9,80 €/Kg"
"Borracha Technic, 600",Maped,embalagem com 2 unidades,"3,19 €","3,19 €/Unidade"
Arroz extra longo integral,Saludaes,Embalagem de 1 kg,"1,26 €","1,26 €/Kg"
Ração para gato adulto de interior,Friskies,Embalagem de 3 kg,"12,99 €","4,33 €/Kg"
Jogo caça ao tesouro,Clementoni,1 unidade,"9,99 €/Unidade","9,99 €/Unidade"
Bolacha de manteiga belga original,Saborosa,Embalagem de 220g,"1,69 €","6,76 €/Kg"
"Vinagre balsâmico, spray",Paladin,Garrafa de 250 ml,"0,35 €","0,70 €/L"
Toalha de mãos,PorSi,50 x 100 cm,"5,00 €/Unidade","5,00 €/Unidade"
Danacol morango,Danone,Embalagem de 6 x 100 g,"4,15 €/Kg","4,15 €/Kg"
Desodorizante roll-on Invisible,Rexona,Embalagem de 50ml,"1,39 €","6,95 €/L"
Adoçante à base de sucralose em pó,PorSi,Embalagem de 90g,"5,99 €","23,96 €/Kg"
Bombons Caixa Dourada c/ Laço,Belgian,Embalagem de 100G,"8,29 €","31,28 €/Kg"
"Coloração permanente, castanho dourado, nº43",Nutrisse,1 unidade,"9,49 €/Unidade","9,49 €/Unidade"
Creme barrar nutela 350g,Nutella,Embalagem de 350G,"8,54 €/Kg","8,54 €/Kg"
Azeite,PorSi,Garrafa de 1 l,"3,29 €","4,39 €/L"
Jogo Operação,Hasbro,1 unidade,"9,99 €/Unidade","9,99 €/Unidade"
Puré batata doce,PorSi,Embalagem de 750g,"2,69 €","3,59 €/Kg"
Sumo 100% pêssego e uva,PorSi,Pack 3 x 200 ml,"1,09 €","0,73 €/L"
Mimos de pescada do cabo,Pescanova,Embalagem de 360g,"4,39 €","10,98 €/Kg"
Vira fritos de nylon cabo áqua,PorSi,1 unidade,"8,89 €","8,89 €/Unidade"
Guardanapos,PorSi,,"1,29 €","1,29 €/Unidade"
Desinfetante em gel c/ lixívia,Cif,Garrafa de 750 ml,"4,39 €","5,85 €/L"
Cogumelos laminados,PorSi,Embalagem de 185 g,"2,19 €","2,81 €/Kg"
"Limpa vidros cristal, pistola",PorSi,Embalagem de 1 l,"3,19 €","6,38 €/L"
Nata uht para culinária,Parmalat,Embalagem de 200 ml,"1,12 €","5,60 €/L"
Ice tea pessêgo,Lipton,pack 6 x 0.25 l,"1,90 €","1,27 €/L"
20 saquetas chá noite tranquila,Lipton,Embalagem de 30g,"0,99 €","99,00 €/Kg"
Papa infantil láctea 5 frutos +6 meses,Cerelac,Embalagem de 250g,"4,99 €","4,99 €/Kg"
Laca volume,Nivea,Embalagem de 250 ml,"4,19 €","16,76 €/L"
Pão ralado alho e salsa,PorSi,Embalagem de 240 g,"0,72 €","3,00 €/Kg"
Caderno Agrafado Capa Preta |A5 Liso,Domédia,1 unidade,"3,69 €","3,69 €/Unidade"
Vinagre de vinho tinto,PorSi,Garrafa de 500 ml,"0,35 €","0,70 €/L"
"Esquadro, 21 cm 60.",Domédia,1 unidade,"4,69 €","4,69 €/Unidade"
Comida húmida para gato duplo prazer com peixe do oc...,Gourmet Gold,Embalagem de 90g,"2,75 €","6,88 €/Kg"
Laboratório Mecânica Camião de Mina,Clementoni,1 unidade,"9,99 €/Unidade","9,99 €/Unidade"
Cocktail de marisco,PorSi,Embalagem de 400 g,"2,19 €","8,59 €/Kg"
Esmagador de nylon cabo áqua,PorSi,1 unidade,"8,89 €","8,89 €/Unidade"
Vinho tinto bag-in-box,Capataz,Embalagem de 5 l,"5,19 €","1,04 €/L"
Gelo picado,PorSi,Embalagem de 2 kg,"1,00 €","0,50 €/Kg"
Nata para culinária ligeira,Mimosa,Embalagem de 200 ml,"1,12 €","5,60 €/L"
"Vela em número, nº 8",PorSi,1 unidade,"0,60 €","0,60 €/Unidade"
Gelado tiramisu,PorSi,Embalagem de 900 ml,"2,69 €","5,38 €/L"
"Postas pescada nº3, para fritar",PorSi,Embalagem de 600 g,"4,39 €","10,98 €/Kg"
Pastéis de nata,PorSi,Embalagem de 6x60 g,"3,99 €","7,39 €/Kg"
"Pimenta preta, moída, em frasco",PorSi,Embalagem de 43 g,"0,25 €","0,25 €/Kg"
Refresco pó laranja,PorSi,Embalagem de 40g,"0,75 €","18,75 €/Kg"
Leite condensado cozido,Nestle,Embalagem de 400g,"1,09 €","2,75 €/Kg"
Algodão zig zag pré-cortado,PorSi,Embalagem de 50 g,"0,59 €","1,18 €/L"
"Queijo em fatias, -50% gordura",Limiano,Embalagem de 200g,"1,96 €","9,80 €/Kg"
Caramelos de fruta,Penha,Embalagem de 100g,"1,19 €","4,76 €/Kg"
Papel vegetal 8m,Vileda,1 unidade,"1,11 €","1,11 €/Unidade"
Elixir Bocal Complete,Oral B,Embalagem de 500 ml,"5,99 €","11,98 €/L"
Crepe maçã e canela,PorSi,Embalagem de 540 g,"3,99 €","7,39 €/Kg"
Fiambre da pá fatiado,PorSi,200 g,"0,97 €","6,49 €/Kg"
Feijoada,PorSi,Embalagem de 420 g,"2,29 €","7,63 €/Kg"
Redex magic spray,Redex,Embalagem de 300 ml,"3,99 €","0,80 €/L"
"Desodorizante para pés, creme Sport",Protex,Embalagem de 50 ml,"5,59 €","37,27 €/L"
Café torrado e moído 16 pastilhas,Sical,Embalagem de 104g,"59,82 €/Kg","59,82 €/Kg"
Banda térmica alivio dor muscular 29x9cm,PorSi,Embalagem de 2 unidades,"0,59 €","1,18 €/L"
Rolo de cozinha XXL,PorSi,1 rolo,"4,99 €","4,99 €/Unidade"
Gelatina mirtilo 10kcal 31g,Royal,Embalagem de 30g,"0,55 €","61,11 €/Kg"
Vinho Tinto Regional Península de Setúbal,Selecção de Enófilos,750 ml,"2,99 €","3,99 €/L"
Brandy,Constantin,Garrafa de 700 ml,"9,49 €","13,56 €/L"
Detergente líquido Ultra Concentrado Loiça Platinium...,PorSi,Embalagem de 500 ml,"1,05 €","2,10 €/L"
Caixa de arquivo morto,Domédia,1 unidade,"2,79 €","2,79 €/Unidade"
Longa vida morango tu banana coco 8x120,Longa vida,Embalagem de 960g,"1,87 €","1,25 €/Kg"
Creme bio mãos e unhas,Labell Bio,75 ml,"2,49 €","41,50 €/L"
Néctar clássico tutti-frutti,Compal,Embalagem de 1 l,"0,99 €","0,99 €/L"
Gel de Duche Creme Care,Nivea,Embalagem de 750 ml,"6,99 €","9,32 €/L"
Whisky heritage blend,Logan,Garrafa de 700 ml,"23,99 €","34,27 €/L"
Vinho branco,Enc.bairro,Bag-in-box de 5L,"5,19 €","1,04 €/L"
Organizador de talheres,PorSi,1 unidade,"8,89 €","8,89 €/Unidade"
Queijo camembert 45% mg,Páturages,Embalagem de 250 g,"1,69 €","6,76 €/Kg"
Elixir bocal total care,Listerine,Embalagem de 500 ml,"5,99 €","11,98 €/L"
Mistura para aves,Rac.zezere,Embalagem de 5 kg,"4,19 €","0,84 €/Kg"
Loção corporal,Nivea,Embalagem de 400 ml,"12,48 €/L","12,48 €/L"
Vela com número nº 3,PorSi,1 unidade,"0,60 €","0,60 €/Unidade"
Refrigerante sem gás de manga/laran,Joi,"Garrafa de 1,5 l","1,90 €","1,27 €/L"
Alimento húmido para cão borrego,Pedigree,Embalagem de 300g,"0,75 €","2,50 €/Kg"
Saqueta de puré de fruta | maçã + pêssego + banana +...,PorSi,90 g,"0,74 €","8,22 €/Kg"
Bolachas com cobertura de chocolate,PorSi,Embalagem de 150g,"0,79 €","5,27 €/Kg"
Creme Depilatório Peles Sensíveis,Veet,Embalagem de 200 ml,"2,99 €","14,95 €/L"
Livro Quero Conhecer Cores,Europrice,1 unidade,"5,99 €/Unidade","5,99 €/Unidade"
Cuecas de incontinência Plus G,Ausonia,Uma embalagem - 8Unidades,"9,99 €","9,99 €/Unidade"
Perna com Costa,Frango,1 un. = 300 g (aprox.),"1,05 €","2,99 €/Kg"
Creme depilatório para peles normais,Labell,Embalagem de 200 ml,"2,99 €","14,95 €/L"
Vela em número nº4,PorSi,1 unidade,"0,60 €","0,60 €/Unidade"
Queijo de vaca curado light amanteigado,PorSi,+/- 550 g,"25,45 €/Kg","25,45 €/Kg"
Néctar light de manga/laranja,Compal,Pack 3 x 200 ml,"0,84 €","2,55 €/L"
Papa infantil não láctea bolacha maria +6 meses,Cerelac,Embalagem de 250g,"4,99 €","4,99 €/Kg"
Bolachas mini chips ahoy,Ca!,Embalagem de 160g,"0,90 €","6,00 €/Kg"
Peito de frango fatias finas,Nobre,Embalagem de 110g,"2,25 €","11,25 €/Kg"
Infusão lúcia lima,PorSi,Embalagem de 35 g,"0,89 €","80,91 €/Kg"
Nata uht,Agros,Garrafa de 200 ml,"1,69 €","6,76 €/Kg"
Melaço de cana,Cemporcent,Embalagem de 370g,"2,19 €","6,64 €/Kg"
Elixir Bocal ProExpert Proteção Profunda,Oral B,Embalagem de 500 ml,"5,99 €","11,98 €/L"
Amaciador para cabelos pintados,Labell,Embalagem de 200 ml,"1,00 €","5,00 €/L"
"Borracha Technic, 600",Maped,embalagem com 2 unidades,"2,69 €","2,69 €/Unidade"
Creme p/ Calçado Castanho,Búfalo,Embalagem de 40 ml,"0,99 €","19,80 €/L"
Peito de peru fatias,PorSi,Embalagem de 150g,"2,25 €","11,25 €/Kg"
Ambientador vela frutos vermelhos,PorSi,1 unidade,"2,53 €","2,53 €/Unidade"
Ice tea de limão,PorSi,"Embalagem de 6x0,20 l","1,90 €","1,27 €/L"
28 mini bolinhas bacalhau,PorSi,Embalagem de 300 g,"1,79 €","7,16 €/Kg"
Massa em espirais,PorSi,Embalagem de 500g,"0,99 €","1,98 €/Kg"
"Escova dentes, slim soft, média",Colgate,1 unidade,"3,49 €","3,49 €/Unidade"
Maria diet nature,Gullón,Embalagem de 400 g,"1,45 €","11,15 €/Kg"
"Yofu pedaços, 2 pêssegos, 2 frutas exóticas",Alpro,Embalagem de 4x125 g,"2,95 €","5,90 €/Kg"
Spray tira gorduras,PorSi,Embalagem de 750 ml,"1,79 €","2,39 €/L"
"Leite bem essencial, morango",Mimosa,Embalagem de 200 ml,"0,47 €","2,35 €/L"
Bolachas marinheiras chia,Cemporcent,Embalagem de 200g,"1,45 €","11,15 €/Kg"
"Forrafogão de alumínio, 12 unidades",Silvex,Uma embalagem,"3,55 €","3,55 €/Unidade"
20 saquetas infusão limão gengibre,Lipton,Embalagem de 40g,"1,54 €","96,25 €/Kg"
Gressinos com azeite,PorSi,Embalagem de 250g,"2,39 €","6,83 €/Kg"
Lombinhos,Porco,1 un=500 gr aprox.,"4,99 €","4,99 €/Kg"
Protetor de cantos,Pommette,embalagem com 4 unidades,"1,99 €","1,99 €/Unidade"
Pêssego em calda metades,PorSi,Lata com 840 g,"1,99 €","2,37 €/Kg"
"Rolos de cozinha compactos, branco, 2 unidades",PorSi,Uma embalagem,"4,99 €","4,99 €/Unidade"
"Na-farinha de aveia 400g 3,2kg",Nacional,Embalagem de 400g,"1,99 €","1,99 €/Kg"
"Argolas, brancas, autocolante, 160 unidades, 13 mm",Domédia,1 embalagem,"2,19 €","109,50 €/L"
Bebida aveia,Alpro,Embalagem de 1 litro,"2,49 €","2,49 €/L"
Alimento seco para gato Júnior,Whiskas,Embalagem de 950 g,"12,99 €","4,33 €/Kg"
Refrigerante  c/ gás regular,Coca-Cola,pack 4 x 1 l,"0,40 €/L","0,40 €/L"
Esfregão Esponja Style,Vileda,10 unidade,"0,79 €","0,79 €/Unidade"
Gomas brilho,PorSi,Embalagem de 300 g,"1,19 €","3,97 €/Kg"
Queijo para barrar light,PorSi Viva Bem,Embalagem de 200g,"2,39 €","19,92 €/Kg"
6 cheeseburgers,PorSi,Embalagem de 750g,"2,79 €","8,72 €/Kg"
Queijo vaca e ovelha s. penela,Serqueijos,Embalagem de 500g,"3,99 €","15,96 €/Kg"
Moscatel de Setúbal Reserva,Selecção de Enófilos,Garrafa de 0.75 l,"5,99 €","7,99 €/L"
Queijo curado pequeno,Casteloes,Embalagem de 500g,"0,82 €","23,43 €/Kg"
10 nuggets de frango com cereais integrais,Capitão Iglo,Embalagem de 208 g,"2,79 €","8,72 €/Kg"
Champô oil nutritive,Gliss,Embalagem de 250 ml,"5,59 €","13,98 €/L"
Iogurte naturea natural,PorSi,Embalagem de 4 x 125 g,"0,65 €","1,30 €/Kg"
Faca chefe 20 cm madeira,PorSi,1 unidade,"4,99 €","4,99 €/Unidade"
Iogurte mix-in smarties morango,Nestle,Embalagem de 2 x 128 g,"4,23 €/Kg","4,23 €/Kg"
Iogurte liquido proteína yopro morango/framboesa,Yopro,300 g,"1,31 €","2,05 €/Kg"
Milho doce,PorSi,Embalagem de 3 x 140 g,"2,19 €","2,81 €/Kg"
Moscatel de setúbal,Dom Campos,Garrafa de 750 ml,"5,99 €","7,99 €/L"
Amaciador Roupa Chá Branco & Peônia,Vernel,76 doses,"3,99 €","3,99 €/Unidade"
Vinho doc dão tinto,Grao vasco,Garrafa de 750 ml,"7,49 €","9,99 €/L"
"Pasta de limpeza com oxigénio activo, 48 unidades",Polident,Uma embalagem,"7,39 €","105,57 €/Kg"
Café solúvel creme,Nescafe,Embalagem de 100g,"14,50 €/Kg","14,50 €/Kg"
EDT Mulher Nº43 (150ML+EDT 30ML),Caravan,1 unidade,"12,99 €","12,99 €/Unidade"
Esfregona de Microfibras Completa,PorSi,1 unidade,"0,89 €","0,89 €/Unidade"
Grão de bico,Compal,Lata de 850g,"2,19 €","2,81 €/Kg"
"Jogo ""Da Banho ao Cão""",Concentra,1 unidade,"9,99 €/Unidade","9,99 €/Unidade"
Batata frita de presunto,PorSi,Embalagem de 185 g,"1,19 €","6,43 €/Kg"
Batata frita ondulada wavy,PorSi,Embalagem de 185 g,"1,06 €","5,73 €/Kg"
Dentifríco p/ Dentes de Leite,Aquafresh,Embalagem de 50 ml,"0,99 €","0,99 €/Unidade"
"Máquina Tripla Matrix, + 5 unidades",Labell Men,Uma embalagem,"1,16 €","4,64 €/L"
Alimento húmido cão gelatina júnior,Pedigree,Embalagem de 400g,"0,75 €","2,50 €/Kg"
Paté de sardinha,PorSi,Embalagem de 4 x 22 g,"1,19 €","13,52 €/Kg"
"Papel Vegetal, 8mt",Fino,1 unidade,"1,11 €","1,11 €/Unidade"
Monster Truck Mega Wrex Rádio Controlo,Mondo,1 unidade,"24,99 €/Unidade","24,99 €/Unidade"
Chá preto frutos vermelhos,PorSi,Embalagem de 40g,"1,69 €","56,33 €/Kg"
Fralda de Incontinência c/ Elásticos Tamanho Grande,Lindor,Embalagem de 46 un.,"9,99 €","9,99 €/Unidade"
Atum posta em óleo,Bom petisc,Embalagem de 120 g,"1,69 €","14,08 €/Kg"
Caldo verde Programa Origens,PorSi,Embalagem de 250 g,"1,39 €","3,09 €/Kg"
Fiambre da perna extra fatias finas cuida-t+,Nobre,Embalagem de 110g,"0,97 €","6,49 €/Kg"
8 rissóis de carne,PorSi,Embalagem de 300g,"1,79 €","7,16 €/Kg"
Óleo alimentar,Fula,Embalagem 1L,"3,39 €","3,39 €/L"
Vinho tinto regional alentejano,Galitos,Garrafa de 3 l,"9,49 €","1,90 €/L"
Luvas Universal Pequeno/Médio,Vileda,1 unidade,"1,99 €","1,99 €/Unidade"
Fatia de salame de chocolate,PorSi,Embalagem 60G,"1,77 €","5,53 €/Kg"
Cachaço s/ Osso,Porco,Vendido ao peso a partir de 1 kg,"4,99 €","4,99 €/Kg"
Sacos do lixo perfumado 30 litros,PorSi,15 unidades,"1,89 €","1,89 €/Unidade"
"Bolachas, cobertura com chocolate branco",Oreo,Embalagem de 250g,"0,79 €","5,27 €/Kg"
Espátula de nylon cabo áqua,PorSi,1 unidade,"8,89 €","8,89 €/Unidade"
Guardanapos de 1 folha azuis | dim.: 30 x 29 cm,PorSi,Embalagem com 70 unidades,"1,29 €","1,29 €/Unidade"
Gengibre desidratado em cubos,Cemporcent,Embalagem de 100g,"1,49 €","1,49 €/Kg"
Azeite virgem extra clássico,Gallo,Garrafa de 750 ml,"3,29 €","4,39 €/L"
Saqueta de puré de fruta | maçã + banana,PorSi,90 g,"0,74 €","8,22 €/Kg"
Vinho regional alentejano reserva tinto,Encosta das Perdizes,Garrafa de 0.75 l,"2,89 €","3,85 €/L"
Nata pasteurizada,PorSi,Embalagem de 450 ml,"1,12 €","5,60 €/L"
Lixivia perfume fresco,Neoblanc,Embalagem de 2 l,"2,59 €","1,30 €/L"
Jogo da Glória,Olivo,1 unidade,"9,99 €/Unidade","9,99 €/Unidade"
"Cerveja sem álcool, tara perdida",Super Bock,Pack 6 X 0.33 L,"5,99 €","3,03 €/L"
Carro da polícia,Pinypon Action,1 unidade,"7,99 €/Unidade","7,99 €/Unidade"
Farinha nao láctea bolacha maria,PorSi,Embalagem de 250g,"4,99 €","4,99 €/Kg"
"Cerveja com álcool, tara perdida",Kings Bräu,pack 24 x 0.25 l,"1,99 €/L","1,99 €/L"
Francesinha,PorSi,Embalagem de 450G,"3,99 €","9,98 €/Kg"
"Azeite extra virgem, azeitonas verdes",Oliveira da Serra,Garrafa de 750 ml,"3,29 €","4,39 €/L"
Marmelada,Ferbar,Embalagem de 400g,"1,09 €","2,42 €/Kg"
Toranja,Fruta do Dia,1 un = 300 gr  (aprox.),"0,66 €","2,19 €/Kg"
Preparado para arroz de marisco,Brasmar,Embalagem de 450 g,"1,79 €","7,16 €/Kg"
Pó baratas e formigas,Baygon,Embalagem de 250 g,"4,99 €","19,96 €/Kg"
Rebuçados mini café,PorSi,Embalagem de 200g,"1,15 €","4,60 €/Kg"
Flocos de batata para puré,PorSi,Embalagem de 500g,"1,98 €","1,98 €/Kg"
Bandas de cera depilatória axilas peles sensíveis,Veet,embalagem com 16 unidades,"6,99 €","6,99 €/Unidade"
Vinho tinto,Adega grande,Garrafa de 75 cl,"1,59 €","2,12 €/L"
Nata uht,Mimosa,embalagem de 200 ml,"1,12 €","5,60 €/L"
Whisky caskmates,Jameson,Garrafa de 700 ml,"23,49 €","23,49 €/L"
Pastilhas descafeinado,Delta,Embalagem de 110g,"59,82 €/Kg","59,82 €/Kg"
Eau de Toilette p/Senhora Nº32,Caravan,1 Frasco 150ml,"11,99 €","79,93 €/L"
Alimento lácteo sem açucar com sabor a morango/banan...,Yogolino,Embalagem de 4 x 100 gr,"2,89 €","7,23 €/Kg"
Vinho maduro tinto doc alentejano,P.ravessa,Garrafa de 750 ml,"2,89 €","3,85 €/L"
Fralda cueca T6 - 16 a 22 kg,PorSi,18 unidades,"3,99 €","3,99 €/Unidade"
Creme depilatório para peles sensíveis,Labell,Embalagem de 200 ml,"2,99 €","14,95 €/L"
"Refrigerante sem gás, laranja",Joi,"Garrafa de 1,5 l","1,90 €","1,27 €/L"
Cabo de metal com rosca,PorSi,1.35 m,"2,20 €","2,20 €/Unidade"
Massa folhada margarina,PorSi,Embalagem de 230 g,"0,99 €","4,30 €/Kg"
Massa macarronete riscado,PorSi,Embalagem de 500g,"0,99 €","1,98 €/Kg"
Detergente Manual p/ Lavar Roupa Regular,Gama,Embalagem de 510 g,"2,38 €","4,67 €/Kg"
"Bloco sanitário, Blue Active Floral",Sonasol,Embalagem de 50 g,"39,60 €/Kg","39,60 €/Kg"
Massa de cotovelinhos,PorSi,Embalagem de 500g,"0,99 €","1,98 €/Kg"
Creme vegetal culinário,Vaqueiro,Embalagem de 250 g,"1,99 €","3,98 €/Kg"
Pasta de sardinha,Fides,Embalagem de 90g,"1,19 €","13,52 €/Kg"
Pedaços de tamboril,PorSi,Embalagem de 500G,"4,39 €","10,98 €/Kg"
Gelatina light de ananás,Condi,Embalagem de 2x15g,"0,55 €","61,11 €/Kg"
Fruta para bebé multifrutas +4 meses,Nestle,Embalagem de 90g,"0,74 €","8,22 €/Kg"
Gel de Banho Secrets Oil Coconut,Dove,Embalagem de 500 ml,"6,39 €/L","6,39 €/L"
Lava tudo marinho,Cif,"Garrafa de 1,4 l","0,99 €","0,50 €/L"
Batata Branca,Legumes do Dia,10 kg,"0,69 €","0,07 €/Kg"
Bolachas chiquilin energy,Artiach,Embalagem de 200g,"1,69 €","6,76 €/Kg"
Limpa ferros,Petex,1 unidade,"0,89 €","0,89 €/Unidade"
Fraldas agility T4 de 9 a 15 kg,PorSi,50 unidades,"6,49 €","6,49 €/Unidade"
Pudim de ananás,Boca Doce,Embalagem de 20g,"0,59 €","29,50 €/Kg"
Feijão com dobrada,PorSi,Embalagem de 420 g,"2,29 €","7,63 €/Kg"
Comida húmida para gato seleção de aves,Gourmet mp,Embalagem de 300g,"2,75 €","6,88 €/Kg"
Salva Camas 60 x 60 cm,PorSi,Embalagem com 20 un.,"4,99 €","4,99 €/Unidade"
Refrigerante de cola zero,PorSi,Garrafa de 2 l,"0,40 €/L","0,40 €/L"
Limpa móveis cera abelhas,PorSi,Frasco de 300ml,"1,39 €","1,26 €/L"
Fermento em po 4x25g,PorSi,Embalagem de 100g,"1,89 €","17,18 €/Kg"
Comida húmida para cão de frango e arroz,PorSi,Lata de 400 g,"0,75 €","2,50 €/Kg"
Alimento húmido para cão vaca,Pedigree,Embalagem de 300g,"0,75 €","2,50 €/Kg"
Bebida amêndoa torrada sem açúcar,Alpro,Embalagem de 1 litro,"2,49 €","2,49 €/L"
Café em cápsulas dolce gusto ardenza,Nescafe,Embalagem de 110g,"59,82 €/Kg","59,82 €/Kg"
Queijo fatias -50% de gordura,Limiano,Embalagem de 400g,"1,96 €","9,80 €/Kg"
Vela mágica pack de 10 unidades,PorSi,Uma embalagem,"0,60 €","0,60 €/Unidade"
"Cereais crusts, amêndoas e mel",PorSi,Embalagem de 380g,"2,29 €","6,11 €/Kg"
Bolacha Maria sem lactose,PorSi Viva Bem,Embalagem de 200 g,"0,89 €","4,45 €/Kg"
Puré de batata,Maggi,Embalagem de 250g,"1,99 €","1,99 €/Kg"
Refrigerante c/ gás,Coca-Cola,pack 2 x 1.75 l,"0,40 €/L","0,40 €/L"
Farinha de milho integral,Cemporcent,Embalagem de 500g,"3,39 €","22,60 €/Kg"
"Refresco em pó, manga",PorSi,Embalagem de 40g,"0,75 €","18,75 €/Kg"
Forma Pão de Ló Antiaderente 28cm,PorSi,1 unidade,"9,99 €","9,99 €/Unidade"
Óleo Performa 10W40,Galp,Embalagem de 1 l,"14,99 €","14,99 €/L"
Iogurte natural sem açúcares adicionados,Yogolino,Embalagem de 400g,"4,23 €/Kg","4,23 €/Kg"
"Batata frita, queijo e ervas",PorSi,Embalagem de 190g,"1,19 €","6,43 €/Kg"
Creme Mãos Secrets Coco,Dove,75 ml,"2,49 €","41,50 €/L"
Molho bechamel,PorSi,Embalagem de 200g,"0,87 €","2,90 €/Kg"
Baton para homem,Labello,5 g,"4,49 €","4,49 €/Unidade"
Trinca de arroz,PorSi,Embalagem de 1 kg,"1,15 €/Kg","1,15 €/Kg"
Detergente manual roupa,PorSi,Embalagem de 650g,"2,38 €","4,67 €/Kg"
Chá verde menta,PorSi,Embalagem de 43.7 g,"0,99 €","23,02 €/Kg"
"Snack de queijo flamengo, amêndoas e arandos",Limiano,Embalagem de 40g,"1,96 €","9,80 €/Kg"
Pepperoni Rodelas,Porminho,Embalagem 2 x 75 g,"3,35 €","22,33 €/Kg"
Chouriço cebola beiras,PorSi,Embalagem de 300g,"1,14 €","5,70 €/Kg"
"Sabonete líquido de leite de amêndoas, recarga",Palmolive,Embalagem de 300 ml,"2,99 €","9,97 €/L"
Resguardos de cama,PorSi,20 unidades de 80 x 180 cm,"4,99 €","4,99 €/Unidade"
Refrigerante c/ gás de laranja zero,Fanta,"Garrafa de 1,5 l","0,40 €/L","0,40 €/L"
Strudel de maçã,PorSi,Embalagem de 550 g,"3,99 €","7,39 €/Kg"
Amendoim com Casca,PorSi,Embalagem de 500g,"0,79 €","3,95 €/Kg"
Sumo 100% laranja,PorSi,Pack 3 x 200 ml,"1,09 €","0,73 €/L"
Feijao verde redondo,PorSi,Embalagem de 400g,"1,98 €","1,98 €/Kg"
Azeite virgem extra,Ouro elvas,Garrafa de 750 ml,"3,29 €","4,39 €/L"
Fita adesiva,PorSi,5m x 1.25 cm,"0,59 €","1,18 €/L"
Pasta dentífrica 1 2 3,Oral B,Embalagem de 75 ml,"2,39 €","31,87 €/L"
Borracha para desenho técnico,Domédia,1 unidade,"4,69 €","4,69 €/Unidade"
Café moagem universal brasil,Delta,Embalagem de 220g,"9,16 €/Kg","9,16 €/Kg"
Leite seleccionado magro,Matinal,Garrafa de 1 l,"0,83 €","0,83 €/L"
Canela em pau,PorSi,Saqueta de 30 g,"0,25 €","0,25 €/Kg"
Bandas de cera fria bikini peles sensíveis,Veet,Embalagem de 16 unidades,"6,99 €","6,99 €/Unidade"
Cerveja c/ álcool mini,Super Bock,Pack 15 x 0.20 L,"1,99 €/L","1,99 €/L"
Cereais golden e crispy,PorSi,Embalagem de 375 g,"4,19 €","7,62 €/Kg"
Batata pré-frita palito,PorSi,Embalagem de 1 kg,"3,99 €","1,60 €/Kg"
Gambão 20/30,Marisco Congelado,Vendido a partir de 250 (aprox.),"2,00 €","7,99 €/Kg"
Bacalhau espiritual,PorSi,Embalagem de 300g,"1,79 €","7,16 €/Kg"
Toalha de banho,PorSi,100 x 150 cm,"5,00 €/Unidade","5,00 €/Unidade"
Cuecas de incontinência Plus M,Ausonia,Uma embalagem - 9Unidades,"9,99 €","9,99 €/Unidade"
Sidra frutos vermelhos,Somersby,pack 4 x 0.33 l,"1,59 €","3,18 €/L"
Queijo curado -30% gordura,Casteloes,500 g,"25,45 €/Kg","25,45 €/Kg"
Gel de banho júnior maçã e pera,Labell,Embalagem com 300 ml,"5,59 €","18,63 €/L"
Açúcar mascavado,PorSi,Embalagem de 500g,"1,49 €","1,49 €/Kg"
Azeite virgem clássico,PorSi,Garrafa de 750 ml,"3,29 €","4,39 €/L"
"Pensos tecido, resistentes à água, 10 unidades",Hansaplast,1 embalagem,"0,59 €","1,18 €/L"
Miolo de camarão 50/70,H2Gelo,Embalagem de 250  g,"8,99 €","25,69 €/Kg"
Concha de inox cabo oregon,PorSi,1 unidade,"8,89 €","8,89 €/Unidade"
Alimento seco p/ cão raça pequena,PorSi Select,Embalagem de 3kg,"1,15 €/Kg","1,15 €/Kg"
Limpa Estofos de Pele,PorSi,Embalagem de 1 l,"3,99 €","0,80 €/L"
Arroz de pato,PorSi,Embalagem de 400g,"3,99 €","9,98 €/Kg"
8 salsichas bockwurst,PorSi,1 Frasco 720G,"0,75 €","3,75 €/Kg"
Azeite virgem extra seleção,PorSi,Garrafa de 250 ml,"3,29 €","4,39 €/L"
"Papel higiénico super, folha dupla, 24 rolos",Renova,Uma embalagem,"1,99 €","1,99 €/Unidade"
Arroz carolino,PorSi,Embalagem de 1 kg,"1,26 €","1,26 €/Kg"
Gel ativo com lixívia,PorSi,Embalagem de 1.5 l,"1,29 €","0,86 €/L"
Massa bagos,PorSi,Embalagem de 250g,"0,99 €","1,98 €/Kg"
Caderno Espiral Capa Dura A4 Quadriculado,Domédia,1 un.,"3,69 €","3,69 €/Unidade"
Abre latas cabo áqua,PorSi,1 unidade,"8,89 €","8,89 €/Unidade"
Limpa Móveis,PorSi,Embalagem de 300 ml,"1,39 €","1,26 €/L"
Iogurte líquido morango,PorSi,Embalagem de 4 x 160 g,"1,31 €","2,05 €/Kg"
Iogurte liquido sem lactose natural açucarado,PorSi Viva Bem,Embalagem de 4 x 160 g,"3,21 €/Kg","3,21 €/Kg"
Chocolate negro 90% cacau bio,Cemporcent,Embalagem de 100g,"2,99 €","29,90 €/Kg"
Marmelada sem conservantes,PorSi,Embalagem de 500g,"1,09 €","2,42 €/Kg"
Alimento lácteo cereais e bolachas maria +6 meses,Yogolino,Embalagem de 4 x 100 g,"2,89 €","7,23 €/Kg"
Chouriço corrente,PorSi,Embalagem de 200 g,"1,14 €","5,70 €/Kg"
Bolachas waffers morango,PorSi,Embalagem de 210g,"0,98 €","4,67 €/Kg"
Cuvete para gelo com tampa,PorSi,1 unidade,"8,89 €","8,89 €/Unidade"
Cerveja c/ álcool,Sagres,pack 15 x 0.33 l,"1,99 €/L","1,99 €/L"
Amaciador concentrado para roupa aloé vera,PorSi,80 doses,"3,99 €","3,99 €/Unidade"
Mousse cabelo caracois,Labell,Embalagem de 200ml,"4,19 €","16,76 €/L"
Vela em número nª2,PorSi,1 unidade,"0,60 €","0,60 €/Unidade"
Bambolitos pretos,PorSi,Embalagem de 150g,"0,79 €","5,27 €/Kg"
Leite desmaquilhante para peles secas,Labell,Embalagem de 250 ml,"1,15 €","4,60 €/L"
Dentifríco 2 em 1 super branqueador,Theramed,Embalagem de 75 ml,"3,39 €","45,20 €/L"
Pizza hawai,PorSi,Embalagem de 350g,"2,16 €","6,17 €/Kg"
Esmagador de alhos cabo áqua,PorSi,1 unidade,"8,89 €","8,89 €/Unidade"
Creme proteção de gengivas,Polident,Embalagem de 40 g,"7,39 €","105,57 €/Kg"
Tomate inteiro pelado,PorSi,Embalagem de 390 g,"2,19 €","2,81 €/Kg"
Iogurte activia líquido cereais,Danone,Embalagem de 4 x 155 g,"3,21 €/Kg","3,21 €/Kg"
Iogurte activia líquido morango,Danone,Embalagem de 4 x 155 g,"3,21 €/Kg","3,21 €/Kg"
Fruta para bebé 4 frutas +4 meses,Nestle,Embalagem de 90g,"0,74 €","8,22 €/Kg"
Óleo de cedro,Mistolin,Embalagem de 360 ml,"1,39 €","1,26 €/L"
Lava tudo antibacteriano marinho,PorSi,Garrafa de 1.5 l,"0,99 €","0,50 €/L"
Esponja limpa camurça,PorSi,1 unidade,"2,89 €","14,45 €/L"
Vulcão,Science4You,1 unidade,"9,99 €/Unidade","9,99 €/Unidade"
Chá preto,Tetley,Embalagem de 20g,"1,69 €","56,33 €/Kg"
Feijão frade,Compal,Lata de 410 ml,"2,19 €","2,81 €/Kg"
Nestum zero arroz,Nestum,Embalagem de 250 g,"4,99 €","4,99 €/Kg"
Refrigerante com gás de laranja,Sumol,"Garrafa de 1,25 l","0,40 €/L","0,40 €/L"
"Batata frita, multipack",Ruffles,Embalagem de 180g,"1,06 €","5,73 €/Kg"
Sacos do lixo wc 5 litros,PorSi,30 sacos,"1,89 €","1,89 €/Unidade"
Porto tawny,Ferreira,Garrafa de 750 ml,"6,29 €","8,39 €/L"
Queijo meio gordo fatias,Paiva,Embalagem de 180g,"1,96 €","9,80 €/Kg"
Molho de alho,Calve,Embalagem de 260g,"0,87 €","2,90 €/Kg"
Esfregão Esponja Antibacteriano,Fino,1 unidade,"0,79 €","0,79 €/Unidade"
"Jogo ""Pinta Narigudo""",Concentra,1 unidade,"9,99 €/Unidade","9,99 €/Unidade"
Fruta para bebé maçã banana +4 meses,Nestle,Embalagem de 4 x 100 g,"0,74 €","8,22 €/Kg"
Manteiga magra,PorSi,Embalagem de 250g,"1,89 €","7,56 €/Kg"
Leite aromatizado com sabor a cerea,Mimosa,Embalagem de 200 ml,"0,47 €","2,35 €/L"
Queijo de vaca curado amanteigado,PorSi,+/- 550 g,"25,45 €/Kg","25,45 €/Kg"
Miolo de amêndoa sem pele inteira,PorSi,200 g,"0,79 €","3,95 €/Kg"
Gelatina ananás 8 kcal,PorSi,Embalagem de 4 x 100 g,"0,85 €","2,13 €/Kg"
Spray bolor e sujidade,Cillitbang,Garrafa de 500 ml,"1,29 €","0,86 €/L"
Mistura solúvel c/ 20% café granulado,PorSi,Embalagem de 200g,"1,64 €","6,56 €/Kg"
Iogurte fruta batida pera,Mimosa,Embalagem de 480g,"1,49 €","2,98 €/Kg"
"Pasta de arquivo, lombada larga, verde",Domédia,1 unidade,"2,79 €","2,79 €/Unidade"
Bolachas recheadas com morango e cheesecake,Oreo,Embalagem de 150g,"2,09 €","13,06 €/Kg"
Lava Tudo Perfumado Herbal,PorSi,Embalagem de 2 l,"0,99 €","0,50 €/L"
Cordon bleu,Iglo,Embalagem de 200g,"4,99 €","24,95 €/Kg"
Vinho maduro branco,Leziria,Garrafa de 5 l,"5,19 €","1,04 €/L"
Massas alimentícias laços,PorSi,Embalagem de 500g,"0,99 €","1,98 €/Kg"
Saqueta de puré de fruta | maçã + manga + pêssego,PorSi,90 g,"0,74 €","8,22 €/Kg"
Cabo de madeira com rosca,PorSi,1.20 m,"2,20 €","2,20 €/Unidade"
Limpa máquinas de roupa tripla ação,PorSi,Embalagem de 250 ml,"31,99 €","31,99 €/Unidade"
Vela com número nº 0,PorSi,1 unidade,"0,60 €","0,60 €/Unidade"
"Pasta dentífrica, proteção branqueador",Labell,Embalagem de 75 ml,"2,39 €","31,87 €/L"
Esfregona tiras completa,PorSi,1 unidade,"0,79 €","0,79 €/Unidade"
Pipoca doce para  microondas,PorSi,Embalagem de 300g,"1,65 €","12,69 €/Kg"
Vinho do porto lágrima branco,R.pinto,Garrafa de 750 ml,"11,99 €","15,99 €/L"
Mistura para carnes,PorSi,Embalagem de 40g,"0,25 €","0,25 €/Kg"
Compasso Origin 3 peças,Maped,Uma embalagem,"3,19 €","3,19 €/Unidade"
Ameijoa Branca Vietnamita,Marisco Congelado,Vendido a partir de 250 gr  (aprox.),"2,00 €","7,99 €/Kg"
Danacol aveia,Danone,Embalagem de 6 x 100 g,"4,15 €/Kg","4,15 €/Kg"
Ração seca para gatinhos frango e legumes,PorSi,Embalagem de 2 kg,"12,99 €","4,33 €/Kg"
Tablete de chocolate de leite com passas e avelãs,PorSi Select,Embalagem de 200g,"6,50 €/Kg","6,50 €/Kg"
Flocos de centeio integral,Cemporcent,Embalagem de 400g,"0,69 €","1,73 €/Kg"
Milho inteiro,Rac.zezere,Embalagem de 5 kg,"4,19 €","0,84 €/Kg"
Pães de leite,s. tomé,Embalagem de 300 g,"7,40 €/Kg","7,40 €/Kg"
Bacalhau à Brás,PorSi,Embalagem de 1 kg,"1,79 €","7,16 €/Kg"
"Creme revitalizante, noite",L'oreal,Embalagem de 50 ml,"2,99 €","59,80 €/L"
Limpador,Pronto,Embalagem de 750 ml,"2,49 €","2,49 €/L"
Recarga Esfregona de Algodão,PorSi,1 unidade,"0,89 €","0,89 €/Unidade"
Arroz agulha,Caçarola,Embalagem de 1 kg,"1,26 €","1,26 €/Kg"
Espinafres em folhas,PorSi,Embalagem de 750 g,"1,98 €","1,98 €/Kg"
Ração para gato adulto crunchy & tender com salmão,Friskies,"Embalagem de 1,5 kg","12,99 €","4,33 €/Kg"
Lâmpada h7 12v 55w,Ecauto,1 unidade,"6,99 €","6,99 €/Unidade"
Multivitaminas de a a z (cápsulas),Forma+,Embalagem de 25g,"4,49 €","179,60 €/Kg"
8 hamburguers s/ glúten vaca,Capitão Iglo,Embalagem de 640g,"2,79 €","8,72 €/Kg"
Queijo fundido palitos,A Vaca Que Ri,Embalagem de 35g,"0,82 €","23,43 €/Kg"
Spray lixívia e higiene,Cillitbang,Garrafa de 500 ml,"1,29 €","0,86 €/L"
Cheeseburger Vaca,Snock,Embalagem de 100 g,"1,89 €","18,90 €/Kg"
Néctar pera,PorSi,Embalagem de 1 l,"0,99 €","0,99 €/L"
Vinho tinto regional alentejano,Galitos,Garrafa de 750 ml,"2,89 €","3,85 €/L"
Queijo de azeitão dop,PorSi Select,Embalagem de 255 g,"25,45 €/Kg","25,45 €/Kg"
Body Milk in Shower,Labell,Embalagem de 250 ml,"12,48 €/L","12,48 €/L"
Gelatina pronta a comer light 10 kcal mirtilo,Royal,Embalagem de 4 x 100 g,"0,85 €","2,13 €/Kg"
Rolls 6 unidades,Bimbo,Embalagem de 340g,"0,99 €","1,98 €/Kg"
Alimento lácteo cereais e baunilha +6 meses,Yogolino,Embalagem de 4 x 100 g,"2,89 €","7,23 €/Kg"
Doce de amora com frutose,Salutem,Embalagem de 330g,"2,19 €","6,64 €/Kg"
Leite uht magro,Gresso,Embalagem de 1 litro,"0,83 €","0,83 €/L"
Coador extensível,PorSi,1 unidade,"8,89 €","8,89 €/Unidade"
Vinho do porto dona antónia reserva branco,Ferreira,Garrafa de 0.75 l,"11,99 €","15,99 €/L"
Bolacha vitalday crocante original,Gullon,Embalagem de 270g,"3,09 €","10,30 €/Kg"
Infusão de frutos vermelhos,Tetley,Embalagem de 20g,"1,54 €","96,25 €/Kg"
Manteiga com sal,Primor,Embalagem de 250g,"1,89 €","7,56 €/Kg"
Pensos Higiénicos Fina e Segura Maxi Super,Evax,Embalagem c/ 13 Unidades,"2,59 €","2,59 €/Unidade"
Veículo de Resgate de Montanha,Playmobil,1 unidade,"24,99 €/Unidade","24,99 €/Unidade"
Massa cuscus,PorSi,Embalagem de 250g,"0,99 €","1,98 €/Kg"
Areia para gatos aglomerante compacta perfumada,PorSi,Embalagem de 4 kg,"1,19 €","0,24 €/Kg"
15 panadinhos de peixe,PorSi,Embalagem de 450 g,"4,39 €","10,98 €/Kg"
Alimento lácteo morango +8 meses,Yogolino,Embalagem de 4 x 100 g,"2,89 €","7,23 €/Kg"
Moscatel de setúbal,Selecção de Enófilos,"Garrafa de 0,75 l","5,99 €","7,99 €/L"
Toalhitas básico,Dodot,embalagem com 54 unidades,"1,09 €/Unidade","1,09 €/Unidade"
Esfregão esponja ergonómico salva unhas,PorSi,Embalagem de 2 unidades,"0,79 €","0,79 €/Unidade"
Árvore de Natal,*,Dim.: 150cm,"24,99 €/Unidade","24,99 €/Unidade"
"Cerveja com álcool, lata",Super Bock,Garrafa de 500 ml,"1,99 €/L","1,99 €/L"
Detergente pastilhas p/ máquina loiça oxyplus,Super Pop,Embalagem de 45 unidades,"1,49 €","5,96 €/L"
Tostas de trigo,Diatosta,Embalagem de 225 g,"2,39 €","6,83 €/Kg"
Creme de dia para pele seca,Labell,Embalagem de 50 ml,"2,99 €","59,80 €/L"
Molas plásticas,PorSi,15 unidades,"0,89 €","0,89 €/Unidade"
Cerveja c/ álcool,Super Bock,Pack 15 X 0. 33L,"1,99 €/L","1,99 €/L"
Semente papoila,Salutem,Embalagem de 125g,"3,39 €","22,60 €/Kg"
Gelatina pronta a comer ananás,Royal,Embalagem de 4 x 100 g,"0,85 €","2,13 €/Kg"
Leite de coco,PorSi,Embalagem de 400 ml,"3,84 €","24,00 €/Kg"
Cuecas Incontinência Unisexo Pants Super M,Tena,Unidade,"9,99 €","9,99 €/Unidade"
Bolachas waffers baunilha,PorSi,Embalagem de 210g,"0,98 €","4,67 €/Kg"
"Coloração permanente, caramelo avelã, nº 6.41",Excellence,1 unidade,"9,49 €/Unidade","9,49 €/Unidade"
Loção hidratante,Baby Dove,Embalagem de 200 ml,"0,59 €","5,90 €/L"
Húngaros,PorSi,Embalagem de 270G,"0,69 €","3,45 €/Kg"
"Coloração permanente, óleo intensivo, castanho caram...",Syoss,1 unidade,"9,49 €/Unidade","9,49 €/Unidade"
6 Salsichas de porco,Nobre,Lata de 120g,"0,75 €","3,75 €/Kg"
Amaciador Roupa lavanda,PorSi,Embalagem de 60 doses,"3,99 €","3,99 €/Unidade"
Biscoitos integrais aveia e cacau,PorSi Viva Bem,Embalagem de 150g,"1,45 €","11,15 €/Kg"
Açúcar em saquetas,PorSi,Embalagem 1K,"1,49 €","1,49 €/Kg"
Jardineira,PorSi,Embalagem de 750 g,"1,98 €","1,98 €/Kg"
Massa fusilli tricolor,Milaneza,Embalagem de 500g,"0,99 €","1,98 €/Kg"
Bifanas,Porco,Vendido ao peso a partir de 1 kg,"4,99 €","4,99 €/Kg"
Salsichas extra suculentas,Nobre,Frasco de 650 g,"0,75 €","3,75 €/Kg"
Sacos do lixo lavanda 50 litros,PorSi,15 unidades,"1,89 €","1,89 €/Unidade"
Cria o Cenário,Jurassic World,1 un.,"9,99 €/Unidade","9,99 €/Unidade"
Grão de bico,PorSi,Embalagem de 820g,"2,19 €","2,81 €/Kg"
Iogurte natural açucarado,PorSi,Embalagem de 4x125g,"0,65 €","1,30 €/Kg"
Fel da terra planta inteira,Cemporcent,Embalagem de 40g,"1,49 €","1,49 €/Kg"
Pensos higiénicos liberty super abas,Evax,Embalagem com 10 un.,"2,59 €","2,59 €/Unidade"
Ketchup,Calve,Embalagem de 280g,"0,87 €","2,90 €/Kg"
Bolacha maria dourada,PorSi,Embalagem de 800g,"2,11 €/Kg","2,11 €/Kg"
Abrasivo sanitário gel citrinos,PorSi,embalagem de 1 litro,"1,09 €","1,09 €/L"
Patas,Frango,1 un = 250 gr  (aprox.),"2,49 €","2,49 €/Kg"
Lápis de cor 18 cm,Domédia,embalagem com 18 unidades,"4,69 €","4,69 €/Unidade"
"Rolo de cozinha design xxl, 3 rolos",Renova,Embalagem de 3 unidades,"4,99 €","4,99 €/Unidade"
Uva Branca,Programa Origens,Vendido ao peso,"16,49 €","16,49 €/Kg"
Tablete chocolate de iogurte morango,Milka,Embalagem de 100g,"5,30 €/Kg","5,30 €/Kg"
Cerveja,Kings Bräu,Embalagem de 10x25 cl,"1,99 €/L","1,99 €/L"
Cebola picada,PorSi,Embalagem de 400 g,"1,98 €","1,98 €/Kg"
"Tablete de chocolate, black-white",Schogetten,Embalagem de 100g,"5,30 €/Kg","5,30 €/Kg"
Mopa 1.2 spray max,Vileda,1 unidade,"2,20 €","2,20 €/Unidade"
Tira nódoas oxy limpa a seco sem deixar manchas,PorSi,Embalagem de 200 ml,"1,79 €","8,95 €/L"
Autobrilhante Incolor,Búfalo,Embalagem de 50 ml,"2,25 €","45,00 €/L"
Vinho regional tejo,Plexus,Garrafa de 750 ml,"2,29 €","3,05 €/L"
Vela com número nº 5,PorSi,1 unidade,"0,60 €","0,60 €/Unidade"
Linhaça dourada moída,Cemporcent,Embalagem de 200g,"3,39 €","22,60 €/Kg"
Chá de menta e eucalipto,Lipton,20 saquetas,"1,54 €","96,25 €/Kg"
Alimento seco para cão alta energia,PorSi,Embalagem de 10kg,"1,15 €/Kg","1,15 €/Kg"
Mopa com cabo,PorSi,1 unidade,"2,20 €","2,20 €/Unidade"
Amaciador concentrado para roupa jojoba,PorSi,80 doses,"3,99 €","3,99 €/Unidade"
Salsicha p/Churrasco,Carne Sorraia,1 Embalagem 300G,"2,69 €","7,47 €/Kg"
Iogurte activia líquido kiwi,Danone,Embalagem de 4 x 155 g,"3,21 €/Kg","3,21 €/Kg"
Molho bechamel,Parmalat,Embalagem de 200 ml,"1,12 €","5,60 €/L"
Vela com número nº 8,PorSi,1 unidade,"0,60 €","0,60 €/Unidade"
Farelo de trigo,Cemporcent,Embalagem de 250g,"3,39 €","22,60 €/Kg"
Muslitos do mar,Pescanova,Embalagem de 250 g,"2,19 €","8,59 €/Kg"
"Bebida láctea especial crescimento, 1-3 anos",Mimosa,Garrafa de 1 l,"0,26 €","1,30 €/L"
Carro polícia com som e luz,Playmobil,1 unidade,"24,99 €/Unidade","24,99 €/Unidade"
12 pastéis de bacalhau,PorSi,Embalagem de 300 g,"1,79 €","7,16 €/Kg"
Cápsulas de café com leite cappuccino,Nescafe,Embalagem com 16 cápsulas,"59,82 €/Kg","59,82 €/Kg"
Gel Banho Excite,Axe,Embalagem de 400 ml,"5,99 €","14,98 €/L"
Sobremesa gelificada de laranja,PorSi,Embalagem de 4x100g,"0,85 €","2,13 €/Kg"
Spray power&shine multiusos c/ lixívia,Cif,Garrafa de 750 ml,"3,99 €","5,32 €/L"
Sumo 100% maçã,Compal,1 litro,"1,09 €","0,73 €/L"
Caldo de galinha 8 cubos,Knorr,Embalagem de 80g,"3,84 €","24,00 €/Kg"
Achocolatado em pó extra chocolate,Nesquik,Embalagem de 390g,"8,59 €/Kg","8,59 €/Kg"
Cheeseburger de frango,Snock,Embalagem de 100 g,"1,89 €","18,90 €/Kg"
Tarteletes com recheio morango,PorSi,Embalagem de 96g,"2,09 €","13,06 €/Kg"
Vinho branco,Alandra,Garrafa de 750 ml,"1,59 €","2,12 €/L"
"Pastilhas fruit, frutos silvestres",Trident,Embalagem de 15 g,"0,89 €","59,33 €/Kg"
Iogurte liquido stracciatella,PorSi,Embalagem de 4 x 160 g,"1,31 €","2,05 €/Kg"
"Adesivo suave, pele sensivel",Hansaplast,1 unidade,"0,59 €","1,18 €/L"
Café torrado 5 estrelas moagem grossa,Sical,Embalagem de 250g,"9,16 €/Kg","9,16 €/Kg"
Manteiga c/ sal,Mimosa,Embalagem de 250g,"1,89 €","7,56 €/Kg"
Néctar ananás,Compal,pack 3 x 200 ml,"0,99 €","0,99 €/L"
Comida húmida para cão,PorSi,Embalagem de 300 g,"0,75 €","2,50 €/Kg"
Massa fettuccine,PorSi,Embalagem de 500g,"0,99 €","1,98 €/Kg"
Pratos para pic nic 19 cm azuis,PorSi,Embalagem com 6 unidades,"1,69 €","1,69 €/Unidade"
Leite corporal,Nivea,Embalagem de 400 ml,"12,48 €/L","12,48 €/L"
Chá fresh verde e pêssego,Cemporcent,Embalagem de 18g,"1,54 €","96,25 €/Kg"
Batata frita ondulada wavy,PorSi,Embalagem de 180g,"1,06 €","5,73 €/Kg"
"Carregador, 6 lâminas, 4 recargas",Labell Men,1 embalagem,"1,16 €","4,64 €/L"
Remov. de Verniz com Esponja,Labell,Embalagem de 75 ml,"1,15 €","4,60 €/L"
Farinha de alfarroba bio,PorSi Bio,Embalagem de 200 g,"1,39 €","9,27 €/Kg"
"Coloração permanente, óleo intenso louro luminoso 9/...",Syoss,1 unidade,"9,49 €/Unidade","9,49 €/Unidade"
Costeletas do Cachaço,Porco,Vendido ao peso a partir de 1 kg,"4,99 €","4,99 €/Kg"
Manteiga com sal,Milhafre,Embalagem de 250g,"1,89 €","7,56 €/Kg"
Comida Húmida para Gatinhos Mousse com Vitela,Gourmet Diamant,Embalagem de 85 g,"2,75 €","6,88 €/Kg"
Salsicha bockwurst 5 unidades,PorSi,Embalagem de 250g,"0,75 €","3,75 €/Kg"
Preparado para bolo de laranja,B.neve,Embalagem de 450g,"1,77 €","5,53 €/Kg"
Soja líquido frutos exóticos,PorSi Viva Bem,Embalagem de 4 x 150 ml,"2,95 €","5,90 €/Kg"
Azeite,Oliveira da Serra,Embalagem de 750 ml,"3,29 €","4,39 €/L"
Leite UHT Meio Gordo,Gresso,Embalagem de 1 l,"0,83 €","0,83 €/L"
"Agrafos nº24/6, 2000 unidades",Maped,Uma embalagem,"2,79 €","2,79 €/Unidade"
"Vinho DOC Bairrada, Branco",Selecção de Enófilos,Garrafa de 0.75 l,"2,49 €","3,32 €/L"
Queijo mozzarella fatias,PorSi,Embalagem de 200 g,"1,96 €","9,80 €/Kg"
Uno cartas,Mattel,1 unidade,"9,99 €/Unidade","9,99 €/Unidade"
Nata uht 0% lactose,Parmalat,Embalagem de 200 ml,"1,69 €","6,76 €/Kg"
Dettol sabonete líquido frutos do bosque x 12,Dettol,Garrafa de 250 ml,"2,99 €","9,97 €/L"
Farinha p/ bolos fina,Nacional,Embalagem de 1Kg,"1,99 €","1,99 €/Kg"
Delícia de bolacha,PorSi,Embalagem de 2x135 g,"0,55 €","2,75 €/Kg"
Reparador de móveis escuro,PorSi,Embalagem de 200 ml,"1,39 €","1,26 €/L"
Cereais chocapic,Nestle,Embalagem de 630g,"4,19 €","7,62 €/Kg"
Lata de Brilho Castanho,Búfalo,Embalagem de 75 ml,"0,99 €","19,80 €/L"
Iogurte ananás 000%,PorSi Viva Bem,Embalagem de 4 x 125 g,"4,38 €","2,19 €/Kg"
Loção para bebé pink,Johnson's Baby,500 ml,"0,59 €","5,90 €/L"
Soja fina,Cemporcent,Embalagem de 400g,"3,39 €","22,60 €/Kg"
Vinho rosé,Lancers,Garrafa 0.75L,"4,29 €","5,72 €/L"
Tira cápsulas cabo áqua,PorSi,1 unidade,"8,89 €","8,89 €/Unidade"
Gelatina de ananás,PorSi,Embalagem de 170g,"0,55 €","61,11 €/Kg"
Chá solúvel alívio respiratório,Cemporcent,Embalagem de 50g,"0,99 €","99,00 €/Kg"
Arroz agulha Europa,PorSi,Embalagem de 1 kg,"1,26 €","1,26 €/Kg"
Farinha láctea cerelac,Cerelac,Embalagem de 500g,"4,99 €","4,99 €/Kg"
"Papel higiénico acolchoado, folha tripla, 9 rolos",Scottex,1 embalagem,"1,99 €","1,99 €/Unidade"
Bolachas waffers chocolate,PorSi,Embalagem de 210g,"0,98 €","4,67 €/Kg"
Lasanha bolonhesa,Iglo,Embalagem de 300g,"3,99 €","9,98 €/Kg"
Massa de cotovelos grandes riscados,Milaneza,Embalagem de 500g,"0,99 €","1,98 €/Kg"
Barras de cereais nesquik,Nestle,Embalagem de 150g,"3,29 €","21,93 €/Kg"
Bolachas chips ahoy,Ca!,Embalagem de 300g,"0,90 €","6,00 €/Kg"
Limpa vidros cristal recarga,Ajax,Embalagem de 500 ml,"3,19 €","6,38 €/L"
Película Aderente 60M,PorSi,1 unidade,"1,11 €","1,11 €/Unidade"
Azeitona preta,PorSi,Embalagem de 560 g,"2,19 €","2,81 €/Kg"
Leite uht c/ chocolate,Ucal,Garrafa de 1 l,"0,26 €","1,30 €/L"
Vela com número nº 1,PorSi,1 unidade,"0,60 €","0,60 €/Unidade"
"Rebuçados de fruta, diamante",PorSi,Embalagem de 200 g,"1,08 €","5,40 €/Kg"
"Coloração permanente, castanho tiramissu nº4.15",Nutrisse,1 unidade,"9,49 €/Unidade","9,49 €/Unidade"
Xarope de limão sem corantes,Paquito,Garrafa de 750 ml,"3,69 €","4,92 €/L"
Flocos de aveia,PorSi Viva Bem,Embalagem de 400g,"0,69 €","1,73 €/Kg"
5 manhãzitos,Bollycao,Embalagem com 175 g,"1,77 €","5,53 €/Kg"
Borracha para lápis e tinta,Domédia,1 unidade,"4,69 €","4,69 €/Unidade"
Pasta de Arquivo Marmoreada S/ Caixa,Domédia,1 un.,"2,79 €","2,79 €/Unidade"
Lixívia para roupa delicada,Neoblanc,Embalagem de 2 l,"2,19 €","1,10 €/L"
Margarina líquida,Vaqueiro,Embalagem de 500 ml,"2,89 €","2,89 €/Kg"
Amaciador nutri-protec,Labell,Embalagem de 200 ml,"1,00 €","5,00 €/L"
Mostarda de Dijon,PorSi Select,190 g,"0,87 €","2,90 €/Kg"
Leite creme,PorSi,Embalagem de 4x23g,"0,49 €","5,44 €/Kg"
Lixívia Tradicional,PorSi,Embalagem de 5 l,"1,74 €","0,35 €/L"
Queijo cura especial barrado pimentão,Casteloes,500 g,"25,45 €/Kg","25,45 €/Kg"
Molho mil ilhas,PorSi,Garrafa de 120 ml,"0,87 €","2,90 €/Kg"
Patê de sardinha,PorSi,Embalagem de 65 g,"1,19 €","13,52 €/Kg"
Refrigerante c/ gás,Pepsi,Pack 6 x 0.33 l,"0,40 €/L","0,40 €/L"
Néctar light de laranja prisma,PorSi,Embalagem de 1 l,"0,84 €","2,55 €/L"
"Ambientador spray, aerosol, relax zen",Glade,Embalagem de 300 ml,"8,63 €/L","8,63 €/L"
Sopa de legumes,PorSi,Embalagem de 400 g,"1,29 €","3,23 €/Kg"
Leite uht magro,Agros,Embalagem de 1 litro,"0,83 €","0,83 €/L"
Vinho rosé,C.mendes,Garrafa de 750 ml,"4,29 €","5,72 €/L"
Spray desinfetante elimina odores,Lysol,Embalagem de 400 ml,"1,29 €","0,86 €/L"
Molho piri piri,Macarico,Embalagem de 200g,"0,87 €","2,90 €/Kg"
Bombons Quality Street,Nestlé,Embalagem de 265 g,"8,29 €","31,28 €/Kg"
Sacos do lixo lavanda 30 litros,PorSi,20 sacos,"1,89 €","1,89 €/Unidade"
"Frigideira anti-aderente, 24cm",PorSi,1 unidade,"9,99 €","9,99 €/Unidade"
Mistura de cogumelos,PorSi,Embalagem de 400g,"1,98 €","1,98 €/Kg"
Filetes de cavala em azeite,PorSi,Embalagem de 120 g,"1,69 €","14,08 €/Kg"
Iogurte líquido yoggi morango/banana,Nestle,Embalagem de 4 x 160 g,"1,31 €","2,05 €/Kg"
Cha infusão vermelho,Cemporcent,Embalagem com 10 saquetas,"0,99 €","99,00 €/Kg"
"Bloco sanitário blue activ, eucalio",Sonasol,Embalagem de 50 g,"39,60 €/Kg","39,60 €/Kg"
Frutos vermelhos,PorSi,Embalagem de 750 g,"4,99 €","9,98 €/Kg"
Bolachas marinheiras linhaça,Cemporcent,Embalagem de 200 g,"1,45 €","11,15 €/Kg"
Liégeois Sobremesa de Caramelo,Páturages,Embalagem de 4x100 g,"0,55 €","2,75 €/Kg"
Guardanapos de papel reciclado,PorSi,100 unidades,"1,29 €","1,29 €/Unidade"
Bases para pizza,PorSi,Embalagem de 3 x 125 g,"1,79 €","4,77 €/Kg"
Creme autobrilhante preto,Splendor,40 ml,"2,25 €","45,00 €/L"
Escova de Dentes Júnior,Aquafresh,1 unidade,"3,49 €","3,49 €/Unidade"
Compressas | dim.: 10 x 10 cm,PorSi,Embalagem com 100 unidades,"0,59 €","1,18 €/L"
"Ambientador spray, aerosol, lavanda",Glade,Embalagem de 300 ml,"8,63 €/L","8,63 €/L"
Peito de frango,PorSi,"Vendido ao peso, fatiado a partir de 150 g","2,25 €","11,25 €/Kg"
Folha de alumínio,PorSi,30 metros,"1,11 €","1,11 €/Unidade"
Depilatório homem gel,Veet,Garrafa de 200 ml,"9,99 €","49,95 €/L"
Pensos Incontinência Mulher Discreet Normal,Tena,Embalagem com 24 unidades,"7,99 €","7,99 €/Unidade"
Trinca de arroz,PorSi,Embalagem de 5 kg,"1,15 €/Kg","1,15 €/Kg"
Sabonete líquido para as mãos de coco,Dove,embalagem de 250 ml,"2,99 €","9,97 €/L"
Creme fixação para dentaduras,Polident,Embalagem de 70 g,"7,39 €","105,57 €/Kg"
Besugo Médio,Peixe do Dia,1 un = 300 gr (aprox.),"1,80 €","5,99 €/Kg"
Feijão encarnado,PorSi,Embalagem de 820 g,"2,19 €","2,81 €/Kg"
Spray wc active clean citrus & waterlilly,Ambipur,750 ml,"3,99 €","7,98 €/L"
Leite e cereais pijama +6 meses,Cerelac,Garrafa de 400 ml,"4,99 €","4,99 €/Kg"
"Creme de depilação duche, peles normais",Veet,Garrafa de 150 ml,"2,99 €","14,95 €/L"
Loção Sensitive,Baby Dove,Embalagem de 200 ml,"0,59 €","5,90 €/L"
Creme Mãos Hidratante,Labell,Embalagem de 100 ml,"2,49 €","41,50 €/L"
"Pensos diários, maxi, 40 unidades",Evax,Uma embalagem,"1,79 €","1,79 €/Unidade"
Reparador de móveis normal,PorSi,Embalagem de 200 ml,"1,39 €","1,26 €/L"
Mini tostas integrais super finas,PorSi,Embalagem de 100 g,"2,39 €","6,83 €/Kg"
Creme vegetal para culinária,PorSi,Embalagem de 250g,"1,99 €","3,98 €/Kg"
Ketchup,PorSi,Embalagem de 560 g,"0,87 €","2,90 €/Kg"
Néctar vital equilibrio frutos vermelhos,Compal,Embalagem de 1 l,"0,99 €","0,99 €/L"
Esparguete,PorSi,Embalagem de 1 kg,"0,99 €","1,98 €/Kg"
Autobrilhante Preto,Búfalo,Embalagem de 50 ml,"2,25 €","45,00 €/L"
Desodorizante spray sport 48h,Labell Men,Embalagem de 200 ml,"1,39 €","6,95 €/L"
Sangria pet,Don Simon,"Garrafa de 1,5 l","2,19 €","1,46 €/L"
Acetona,PorSi,Embalagem de 250 ml,"1,09 €","4,36 €/L"
Batata palha finíssima,PorSi Select,Embalagem de 180 g,"0,87 €","5,44 €/Kg"
20 saquetas chá digestão fácil,Lipton,Embalagem de 30g,"0,99 €","23,02 €/Kg"
Vinho Vinha da Fonte Setúbal branco,Casa Ermelinda Freitas,Garrafa de 0.75 l,"2,99 €","3,99 €/L"
Farinha p/ bolos extra fina,Nacional,Embalagem de 1 kg,"1,99 €","1,99 €/Kg"
Vinagre de vinho branco,PorSi,Garrafa de 1 l,"0,35 €","0,70 €/L"
Leite e cereais 8 cereais e mel +6 meses,Cerelac,Garrafa de 400 ml,"4,99 €","4,99 €/Kg"
Lambrusco tinto,*,Garrafa de 750 ml,"2,29 €","3,05 €/L"
"Engoma fácil, pistola",PorSi,Embalagem de 750 ml,"1,79 €","8,95 €/L"
Cereais fitness chocolate preto,Nestle,Embalagem de 375g,"3,29 €","8,77 €/Kg"
Acendalhas Ecologica,Quinas,Uma embalagem - 32Unidades,"0,75 €","0,75 €/Unidade"
Infusão tília,Cemporcent,Embalagem de 10 unidades,"0,89 €","80,91 €/Kg"
Nuggets de frango grelhadinho,Capitão Iglo,Embalagem de 200g,"14,95 €/Kg","14,95 €/Kg"
Maquina Depiladora Descartável Venus Basic,Gillette,Embalagem de 3 + 1 un. Grátis,"9,99 €","49,95 €/L"
"Ração granulado, frangos (2fase)",Rac.zezere,Embalagem de 5 kg,"4,19 €","0,84 €/Kg"
Brandy,Macieira,Garrafa de 1 l,"9,49 €","13,56 €/L"
Vinho tinto,Enc.bairro,Bag-in-box de 5L,"5,19 €","1,04 €/L"
Vinho regional península de setúbal,Dom Campos,Garrafa de 0.75 l,"2,99 €","3,99 €/L"
Vinagre vinho branco,PorSi,Garrafa de 500 ml,"0,35 €","0,70 €/L"
Creme de dia para pele normal,Labell,Embalagem de 50 ml,"2,99 €","59,80 €/L"
Pensos banda,PorSi,100 x 6 cm,"0,59 €","1,18 €/L"
"Vinho tinto doc dão, reserva",Cabriz,Garrafa de 0.75 l,"7,49 €","9,99 €/L"
Papa infantil para preparar com leite +6 meses,Cerelac,Embalagem de 250g,"4,99 €","4,99 €/Kg"
Farinha de centeio,Cemporcent,Embalagem de 500g,"3,39 €","22,60 €/Kg"
Grelos,PorSi,Embalagem de 750g,"1,98 €","1,98 €/Kg"
Batmobile Rádio Controlo,Mondo,1 unidade,"24,99 €/Unidade","24,99 €/Unidade"
"Hamburguers de frango, 4 x 80 g",PorSi,Embalagem de 320g,"2,79 €","8,72 €/Kg"
Elimina odores shoe fresh,Kiwi,Embalagem de 100 ml,"1,49 €","1,49 €/Unidade"
Vinagre vinho branco 500ml,Cristal,Garrafa de 500 ml,"0,35 €","0,70 €/L"
Sobremesa paturette baunilha,Páturages,Embalagem de 4 x 115 g,"0,99 €","1,65 €/Kg"
Bolachas starship chocolate,PorSi,Embalagem de 150g,"0,90 €","6,00 €/Kg"
Bolacha vitalday crocante chocolate,Gullon,Embalagem de 280g,"3,09 €","10,30 €/Kg"
Magnum amêndoa,Olá,Embalagem de 6 x 55 ml,"5,99 €","16,64 €/L"
Arroz carolino malandrinho,Malandrinh,Embalagem de 1 kg,"1,26 €","1,26 €/Kg"
Creme anti-rugas reafirmante,Diadermine,Embalagem de 50 ml,"2,99 €","59,80 €/L"
Café moagem universal portugal,Delta,Embalagem de 250g,"9,16 €/Kg","9,16 €/Kg"
Baton Care & Colour Red,Labello,,"2,99 €","598,00 €/Kg"
Queijo em fatias,Terra Nostra,Embalagem de 400g,"1,96 €","9,80 €/Kg"
Iogurte aroma varios sabores,PorSi,Embalagem de 12 x 125 g,"1,87 €","1,25 €/Kg"
Massa de macarrão grande estriado,PorSi,Embalagem de 500g,"0,99 €","1,98 €/Kg"
Sardinhas em óleo picante,Ramirez,Embalagem de 130g,"1,69 €","14,08 €/Kg"
Óleo alimentar,Fula,Embalagem 3L,"3,39 €","3,39 €/L"
Côco ralado,PorSi,Embalagem de 200g,"1,29 €","3,23 €/Kg"
Tablete de chocolate leite,Nestle,Embalagem de 130g,"5,30 €/Kg","5,30 €/Kg"
Bolachas marítimas clássicas,PorSi Viva Bem,Embalagem de 200g,"3,09 €","10,30 €/Kg"
Salsicha p/Churrasco Picante,Carne Sorraia,1 Embalagem 360G,"2,69 €","7,47 €/Kg"
Bebida láctea especial crescimento 1-3 anos,Mimosa,Embalagem de 200 ml,"0,26 €","1,30 €/L"
Pá + espanador,PorSi,1 conjunto,"2,20 €","2,20 €/Unidade"
Ambientador vela odor tabaco,PorSi,1 unidade,"2,53 €","2,53 €/Unidade"
Pilha alcalina classic lr14x2,Domédia,1 unidade,"1,49 €","1,49 €/Unidade"
Tablete de chocolate de culinária - sem açúcar,PorSi Viva Bem,Embalagem de 100 g,"1,79 €","8,95 €/Kg"
Sabonete glicerina natural,Palmolive,Embalagem de 90 g,"4,49 €","12,47 €/Kg"
Rolo cozinha branco 3 folhas,PorSi,3 rolos,"4,99 €","4,99 €/Unidade"
Fruta para bebé banana maçã +4 meses,Nestle,Embalagem de 90g,"0,74 €","8,22 €/Kg"
Massa Fresca Lasanha,PorSi,Embalagem de 250 g,"0,99 €","4,30 €/Kg"
Bicarbonato de sódio,PorSi,Saqueta de 75 g,"1,89 €","17,18 €/Kg"
Livro Hot Wheels,Europrice,,"5,99 €/Unidade","5,99 €/Unidade"
Leite creme,PorSi,Embalagem de 2x135 g,"0,55 €","2,75 €/Kg"
Esferográfica Preta Média,Mab,Embalagem com 4 un.,"2,69 €","2,69 €/Unidade"
Vela com número nº 9,PorSi,1 unidade,"0,60 €","0,60 €/Unidade"
Folha de Alumínio,Fino,30 metros,"1,11 €","1,11 €/Unidade"
Mistura saborosa,PorSi,Embalagem de 450g,"1,39 €","3,09 €/Kg"
Batata frita lisa chips,PorSi,Embalagem de 185 g,"1,06 €","5,73 €/Kg"
"Néctar pêssego, prisma",PorSi,Embalagem de 1 l,"0,99 €","0,99 €/L"
Cereais petalas chocolate,PorSi,Embalagem de 625g,"4,19 €","7,62 €/Kg"
Sementes de linhaça dourada,PorSi Viva Bem,Embalagem de 250 g,"1,59 €","10,60 €/Kg"
Sangria branca,Don Simon,"Garrafa de 1,5 l","2,19 €","1,46 €/L"
"Detergente manual de loiça, ultra limão",PorSi,Embalagem de 500 ml,"1,05 €","2,10 €/L"
Marmelada,PorSi,Embalagem de 900g,"1,09 €","2,42 €/Kg"
Feijão manteiga,Compal,Lata de 410 ml,"2,19 €","2,81 €/Kg"
Óleo 10w40 Semi-Sintectico,PorSi,Embalagem de 1 l,"14,99 €","14,99 €/L"
Adoçante à base de sucralose,PorSi Viva Bem,Embalagem de 17g,"5,99 €","23,96 €/Kg"
Paloco desfiado do pacifico,Peixe Fresco,Embalagem de 400 g,"8,73 €/Kg","8,73 €/Kg"
Sementes de linhaça,Cemporcent,Embalagem de 250G,"1,39 €","9,27 €/Kg"
Doce de morango com frutose,Salutem,Embalagem de 330g,"2,19 €","6,64 €/Kg"
"Vinho bairrada, reserva, tinto",Selecção de Enófilos,Garrafa de 0.75 l,"2,49 €","3,32 €/L"
Água s/ gás,Luso,"Garrafa de 5,4 l","1,79 €","0,33 €/L"
Bolacha tosta rica choco guay,Cuetara,Embalagem de 170g,"2,09 €","12,44 €/Kg"
Palitos redondos,PorSi,200 unidades embalados individualmente,"1,15 €","1,15 €/Unidade"
Biscoitos de canela,PorSi,Embalagem de 750g,"0,69 €","3,45 €/Kg"
Bloco Sanitário Poder Activo Aqua,Sonasol,Embalagem de 50 g,"39,60 €/Kg","39,60 €/Kg"
Nestum flocos de cereais com mel,Nestum,Embalagem de 300g,"3,29 €","4,39 €/Kg"
Liquido em gel para WC Hibisco Rosa,Ambipur,Embalagem de 750 ml,"4,39 €","5,85 €/L"
Vermute rosso,Martini,Embalagem de 10x6 cl,"9,09 €","15,15 €/L"
"Refrigerante com gás, ananás",Sumol,"Garrafa de 1,25 l","0,40 €/L","0,40 €/L"
Pastilhas de Limpeza Dentífrica Branqueadora,Polident,Embalagem com 30 unidades,"7,39 €","105,57 €/Kg"
Mistolin advanced anticalcário,Mistolin,Garrafa de 500 ml,"4,99 €","11,47 €/L"
Arroz agulha América do Sul,PorSi,Embalagem de 1 kg,"1,26 €","1,26 €/Kg"
Leite uht gordo,Mimosa,Embalagem de 1 litro,"1,19 €","1,19 €/L"
Balde de Limpeza com Espremedor,PorSi,unidade,"2,50 €","2,50 €/Unidade"
Leite e cereais bolacha maria +6 meses,Cerelac,Garrafa de 400 ml,"4,99 €","4,99 €/Kg"
Pastilhas 60 minutos Peppermint Botlle,Trident,Embalagem com 80g,"0,89 €","59,33 €/Kg"
Refrigerante c/ gás laranja,Fanta,"Garrafa de 1,5 l","0,40 €/L","0,40 €/L"
Crispies de arroz +,Cemporcent,Embalagem de 250g,"1,49 €","1,49 €/Kg"
"Borracha Technic, 600",Maped,embalagem com 2 unidades,"4,69 €","4,69 €/Unidade"
Sabonete leite & mel,Palmolive,Embalagem de 4x90 g,"4,49 €","12,47 €/Kg"
Batata pré-frita palito,PorSi,"Embalagem de 2,5 kg","3,99 €","1,60 €/Kg"
"Creme protector contra assaduras, para bebé",Johnson's Baby,Embalagem de 100 ml,"0,59 €","5,90 €/L"
Tablete de chocolate de leite,PorSi Select,Embalagem de 200g,"5,30 €/Kg","5,30 €/Kg"
Gelado carte d'or tarte limão merengue,Olá,Embalagem de 900 ml,"2,69 €","5,38 €/L"
Sidra de maçã,Somersby,Lata de 500 ml,"1,59 €","3,18 €/L"
Creme para barrar,Nutella,Embalagem de 200 g,"8,54 €/Kg","8,54 €/Kg"
Sumo 100% ananás/uva,PorSi,Pack 3 x 200 ml,"1,09 €","0,73 €/L"
"Coloração tom sobre tom, semi permanente, nº400",Casting,1 unidade,"9,49 €/Unidade","9,49 €/Unidade"
Gelatina pêssego,PorSi,Embalagem de 2x85g,"0,55 €","61,11 €/Kg"
Leite com chocolate,Agros,Embalagem de 200 ml,"0,26 €","1,30 €/L"
Natas uht com cogumelos,Parmalat,Embalagem de 200 ml,"1,69 €","6,76 €/Kg"
Esferográfica Azul Média,Mab,Embalagem com 4 un.,"2,69 €","2,69 €/Unidade"
"Vela com número, nº2",PorSi,1 unidade,"0,60 €","0,60 €/Unidade"
Bife da Pá,Novilho,Vendido ao peso a partir de 800 g,"11,99 €","14,99 €/Kg"
Biscoitos integrais aveia e cacau,PorSi Viva Bem,Embalagem de 150g,"0,69 €","3,45 €/Kg"
Farinha para bolos super fina,B.neve,Embalagem de 1 kg,"1,99 €","1,99 €/Kg"
Água c/ gás: limão/pepino/gengibre,Frize,pack 4 x 0.25 l,"2,85 €","2,85 €/L"
Refresco em pó de morango,PorSi,Embalagem de 40g,"0,75 €","18,75 €/Kg"
"Spray depilatório, peles sensiveis",Veet,Garrafa de 150 ml,"2,99 €","14,95 €/L"
Café moagem fina bio,PorSi Bio,Embalagem de 250g,"9,16 €/Kg","9,16 €/Kg"
Queijo de ovelha curado amanteigado,Seia,Embalagem de 500g,"8,99 €","17,98 €/Kg"
Comida húmida para cão de frango e legumes,PorSi,Lata de 400 g,"0,75 €","2,50 €/Kg"
Lenços faciais brancos 2 folhas,PorSi,150 unidades,"0,89 €","0,89 €/Unidade"
8 salsichas frankfurt,Izidoro,Embalagem de 200g,"0,75 €","3,75 €/Kg"
Brócolos congelados,PorSi,Embalagem de 1 kg,"1,98 €","1,98 €/Kg"
Leite uht c/ chocolate,Ucal,Embalagem de 3 x 250 ml,"0,26 €","1,30 €/L"
Vinho tinto cotes du rhone,Expert Club,Garrafa de 75 cl,"2,09 €","2,79 €/L"
Preparado para crepes,Branca de Neve,Embalagem de 380g,"0,79 €","5,27 €/Kg"
Ambientador vela citronela,PorSi,1 unidade,"2,53 €","2,53 €/Unidade"
Galão enriquecido em cálcio,Ucal,Embalagem de 3 x 200 ml,"0,26 €","1,30 €/L"
Panos Esponja,Fino,3 unidades,"1,64 €","1,64 €/Unidade"
Pilhas recarregáveis AA HR6 1.2V 1900mAh,Domédia,Embalagem com 4 unidades,"1,49 €","1,49 €/Unidade"
Água com gás,Vimeiro,"Garrafa de 1,5 l","2,85 €","2,85 €/L"
Vinho verde branco,3 marias,Garrafa de 1 l,"3,09 €","3,09 €/L"
Petit gateau morango 4x80g,PorSi,Embalagem de 320g,"3,99 €","7,39 €/Kg"
Bolachas com recheio baunilha,PorSi,Embalagem de 500g,"2,78 €/Kg","2,78 €/Kg"
Iogurte ananás 000%,PorSi Viva Bem,Embalagem de 4 x 125 g,"1,44 €","2,88 €/Kg"
Biscoitos canudinho simples,PorSi,Embalagem de 300g,"3,09 €","10,30 €/Kg"
Manteiga com sal,Novacores,Embalagem de 250g,"1,89 €","7,56 €/Kg"
Lava Tudo Flores Montanha,Sonasol,1.3 l,"0,99 €","0,50 €/L"
Cappucinno,PorSi,Embalagem de 125 g,"3,19 €","25,52 €/Kg"
Vinho verde,Via Latina,Garrafa de 750 ml,"3,09 €","3,09 €/L"
Tablete chocolate creme de cacau,Milka,Embalagem de 100g,"5,30 €/Kg","5,30 €/Kg"
Feijão catarino,Legumes secos,1 un = 100 gr. (aprox.),"0,23 €","2,29 €/Kg"
Body Milk Cocoa,Nivea,Embalagem de 250 ml,"12,48 €/L","12,48 €/L"
"Snack de queijo flamengo, nozes e uvas passas",Terra Nostra,Embalagem de 3 x 40g,"1,96 €","9,80 €/Kg"
"Néctar de alperce, tetra",Compal,pack 3 x 200 ml,"0,99 €","0,99 €/L"
Mistolin tira gorduras desinfetante,Mistolin,Garrafa de 550 ml,"4,99 €","11,47 €/L"
Chispalhada,PorSi,Embalagem de 420 g,"2,29 €","7,63 €/Kg"
Eau De Toilette Homen Nº 56,Caravan,pack: 150ML+Deo 150ML,"5,99 €","14,98 €/L"
Manteiga sem sal,Mimosa,Embalagem de 250g,"1,89 €","7,56 €/Kg"
Lixívia Spray Mousse Flor,Neoblanc,Embalagem de 700ml,"1,74 €","0,35 €/L"
Lixívia Spray Mousse,Neoblanc,Embalagem de 700ml,"1,74 €","0,35 €/L"
Queijo Flamengo Bola,PorSi,1 un = 250 gr  (aprox.),"1,96 €","9,80 €/Kg"
Queijo flamengo 0% lactose,PorSi Viva Bem,Embalagem de 150 g,"1,96 €","9,80 €/Kg"
Iogurte grego oikos stracciatella,Danone,Embalagem de 4 x 110 g,"1,49 €","2,98 €/Kg"
Bolacha digestiva de aveia/chocolate,Gullon,Embalagem de 430g,"1,19 €","5,95 €/Kg"
Água mineral sem gás,Fastio,Pack 4 x 1.5 l,"1,79 €","0,33 €/L"
Abrasivo sanitário anti-calcário,PorSi,embalagem de 1 litro,"1,09 €","1,09 €/L"
Cerveja c/ álcool,Sagres,pack 30 x 0.25 L,"1,99 €/L","1,99 €/L"
Azeite Subtil,Gallo,Garrafa de 2 l,"3,29 €","4,39 €/L"
Massa de espirais,Nacional,Embalagem de 500g,"0,99 €","1,98 €/Kg"
Limpa injetores diesel,PorSi,Embalagem de 250 ml,"14,99 €","14,99 €/L"
Ambientador vela baunilha,PorSi,1 unidade,"2,53 €","2,53 €/Unidade"
Gel de banho naturals amêndoa e leite,Palmolive,500 ml,"6,99 €","9,32 €/L"
Cereais crunch 375g,Nestle,Embalagem de 380g,"4,19 €","7,62 €/Kg"
Água s/ gás,Luso,"Garrafa de 0,75 l","1,79 €","0,33 €/L"
"Iogurte, sabor a tutti-fruti",PorSi,Embalagem de 4 x 125 g,"1,87 €","1,25 €/Kg"
Tortitas de arroz chocolate negro,PorSi Viva Bem,130 g,"1,45 €","11,15 €/Kg"
Papel higiénico macio absorvente,PorSi,12 rolos,"1,99 €","1,99 €/Unidade"
Pano multiusos felpo,PorSi,1 unidade,"1,64 €","1,64 €/Unidade"
Mistura solúvel c/ 20% café pó,PorSi,Embalagem de 200g,"1,64 €","6,56 €/Kg"
Bolachas marinheiras integrais,Cemporcent,Embalagem de 200g,"1,45 €","11,15 €/Kg"
Batata frita lisa,PorSi,Embalagem de 90g,"1,06 €","5,73 €/Kg"
"Guardanapos brancos, 33x33cm, 2 folhas",PorSi,Embalagem com 100 unidades,"1,29 €","1,29 €/Unidade"
Rebuçados de mentol,PorSi,Embalagem de 250g,"0,77 €","3,85 €/Kg"
"Vinho branco, denominação de origem controlada, dour...",VILA REAL,Garrafa de 750 ml,"2,69 €","3,59 €/L"
Vinagre de sidra,PorSi,500 ml,"0,35 €","0,70 €/L"
"Azeitonas pretas sem caroço, frasco de 165 g",PorSi,Embalagem de 165g,"2,19 €","2,81 €/Kg"
Pá do Lixo C/ Cabo,PorSi,1 un.,"2,20 €","2,20 €/Unidade"
"Elixir bocal, menta",Labell,Embalagem de 500 ml,"5,99 €","11,98 €/L"
"Snack de queijo flamengo, nozes e uvas passas",Terra Nostra,Embalagem de 40g,"1,96 €","9,80 €/Kg"
Vira fritos de inox cabo oregon,PorSi,1 unidade,"8,89 €","8,89 €/Unidade"
Sementes de sésamo,PorSi Viva Bem,Embalagem de 200 g,"1,59 €","10,60 €/Kg"
Infusão camomila,Cemporcent,Embalagem de 10 unidades,"0,89 €","80,91 €/Kg"
"Alimento para cão júnior bio complex, com frango",HappyOne,Embalagem de 4 kg,"1,15 €/Kg","1,15 €/Kg"
Alimento lácteo banana +6 meses,Yogolino,Embalagem de 4 x 100 g,"2,89 €","7,23 €/Kg"
Gelatina tutti-fruti,PorSi,Embalagem de 170g,"0,55 €","61,11 €/Kg"
Granola,Salutem,Embalagem de 500g,"3,39 €","22,60 €/Kg"
Snack para gato anti-hairball,Whiskas,Embalagem de 60g,"2,19 €","36,50 €/Kg"
Toucinho fumado extra,PorSi,Embalagem de 200 g,"3,29 €","21,93 €/Kg"
Sultana Dourada,PorSi,Embalagem de 200g,"0,79 €","3,95 €/Kg"
Bolachas água e sal doces,Vieira,Embalagem de 170g,"1,19 €","5,95 €/Kg"
Vinho doc dão tinto,Santar,Garrafa de 0.75 l,"7,49 €","9,99 €/L"
Tosta integral,Diatosta,Embalagem de 510 g,"2,59 €","5,08 €/Kg"
Papel higiénico compacto 2 folhas,PorSi,18 = 36 Rolos,"1,99 €","1,99 €/Unidade"
Borracha para desenho técnico,Domédia,1 unidade,"3,19 €","3,19 €/Unidade"
Chá infusão sene,Cemporcent,Embalagem de 13g,"0,99 €","99,00 €/Kg"
Frango Inteiro Grande,Frango,1 un = 1.6 kg (aprox.),"1,05 €","2,99 €/Kg"
Cominhos moídos,PorSi,Embalagem de 35g,"0,25 €","0,25 €/Kg"
Molho de nata para carne,Mimosa,Garrafa de 200 ml,"0,87 €","2,90 €/Kg"
"Coloração permanente, óleo intenso, castanho praliné...",Syoss,1 unidade,"9,49 €/Unidade","9,49 €/Unidade"
Esfregão Fibra Verde Grande XXL Gama Classic,Scotch-Brite,Embalagem de 1 unidades,"0,79 €","0,79 €/Unidade"
Pescada 3 Chile,Peixe Congelado,1 un= 1 kg (aprox.),"11,49 €","11,49 €/Kg"
Toalhetes Íntimos Suaves,Corine de Farme,Embalagem com 10 un.,"2,19 €","2,19 €/Unidade"
Bagas de goji,Cemporcent,Embalagem de 125 g,"0,79 €","3,95 €/Kg"
Alimento seco p/ cão actividade intensa,PorSi,Embalagem de 4kg,"1,15 €/Kg","1,15 €/Kg"
Mini salsichas cocktail,Nobre,lata de 180g,"0,75 €","3,75 €/Kg"
"12 lápis de cor, 18cm",Domédia,Uma embalagem,"4,69 €","4,69 €/Unidade"
Arroz Carolino,Cigala,Embalagem de 1 kg,"1,26 €","1,26 €/Kg"
Flocos de cereais com mel,PorSi,Embalagem de 750g,"3,29 €","4,39 €/Kg"
Mel em frasco de vidro,PorSi,Embalagem de 250g,"2,25 €","9,00 €/Kg"
Café moagem grossa bio,PorSi Bio,Embalagem de 250g,"9,16 €/Kg","9,16 €/Kg"
Vinho maduro branco,Aldeia sol,Garrafa de 750 ml,"1,59 €","2,12 €/L"
Boneca Caty 85 cm,Vicam,1 unidade,"27,99 €/Unidade","27,99 €/Unidade"
Presunto nacos,PorSi,Embalagem de 250g,"1,27 €","12,69 €/Kg"
Espumoso moscato,Selecção de Enófilos,"Garrafa de 0,75 l","3,99 €","5,32 €/L"
Bebida de arroz,Shoyce,Embalagem de 3 x 200 ml,"1,59 €","1,59 €/L"
Pirassununga (38º),Cachaca 51,Garrafa de 700 ml,"17,49 €","24,99 €/L"
Mortadela de peru,PorSi,1 un = 150 gr (aprox.),"0,95 €","4,75 €/Kg"
"Bolachas aperitivas, simples",Tuc,Embalagem de 100g,"3,09 €","10,30 €/Kg"
Adoçante c/ doseador,Canderel,Embalagem de 10g,"5,99 €","23,96 €/Kg"
Chapéu mágico,Mattel,1 unidade,"9,99 €/Unidade","9,99 €/Unidade"
Açucar icing,Rar,Embalagem de 250 g,"1,49 €","1,49 €/Kg"
Esoumante prosecco branco,Gancia,Garrafa de 750 ml,"3,99 €","5,32 €/L"
Aperitivos de amendoim com sal e mel,Matutano,Embalagem de 150g,"0,79 €","3,95 €/Kg"
"Recarga ambientador eléctrico, alfazema",PorSi,Embalagem de 25 ml,"1,79 €","1,79 €/Unidade"
Bebida de cereais e café mokambo intenso,Nestle,Embalagem de 180g,"1,64 €","6,56 €/Kg"
Cafe soluvel c/c 200g,Delta,Embalagem de 200g,"14,50 €/Kg","14,50 €/Kg"
Cereais +linha clássico,Nacional,Embalagem de 300g,"3,29 €","8,77 €/Kg"
Refresco pó laranja e morango,PorSi,Embalagem de 40g,"0,75 €","18,75 €/Kg"
Concha inox cabo áqua,PorSi,1 unidade,"8,89 €","8,89 €/Unidade"
Bloco Sanitário Ativo Lavanda,Sonasol,Embalagem de 50 g,"39,60 €/Kg","39,60 €/Kg"
Vinho regional de lisboa tinto,Marginal,Garrafa de 750 ml,"3,99 €","5,32 €/L"
Vinho tinto,PorSi,embalagem de 5 litros,"5,19 €","1,04 €/L"
Champô nutri proteção,Labell,Embalagem de 250 ml,"5,59 €","13,98 €/L"
Vinho rosé regional península de Setúbal,Selecção de Enófilos,Garrafa de 0.75 l,"2,99 €","3,99 €/L"
"Espumante cava bruto, reserva",Freixenet,Garrafa de 750 ml,"8,49 €","11,32 €/L"
Gelatina de frutos tropicais,PorSi,Embalagem 2X85G,"0,55 €","61,11 €/Kg"
Piri piri,Calve,Garrafa de 50 ml,"0,87 €","2,90 €/Kg"
Detergente liquido loiça clássico,PorSi,Garrafa de 1 litro,"1,05 €","2,10 €/L"
"Vinagre virgem branco, spray",Paladin,Garrafa de 250 ml,"0,35 €","0,70 €/L"
Sumo natural de uva preta bio,Cemporcent,Garrafa de 200 ml,"2,19 €","2,19 €/L"
Feijão verde,PorSi,Embalagem de 750 g,"1,98 €","1,98 €/Kg"
Açúcar granulado embalado em papel,Rar,Embalagem de 1 kg,"1,49 €","1,49 €/Kg"
Alho-francês,PorSi,Embalagem de 750 g,"1,98 €","1,98 €/Kg"
Creme Depilatório Peles Normais,Veet,Embalagem de 200 ml,"9,99 €","49,95 €/L"
Bolacha golden,Oreo,Embalagem de 154 g,"2,09 €","13,06 €/Kg"
Cuecas Incontinência Maxi Médio,Lindor,Embalagem com 14 un.,"9,99 €","9,99 €/Unidade"
Liquido brilhante sapato preto,PorSi,75 ml,"2,25 €","45,00 €/L"
Pasta dentífrica,Couto,Embalagem de 60 ml,"2,39 €","31,87 €/L"
Bacalhau à Brás,PorSi,Embalagem de 250g,"3,99 €","3,99 €/Kg"
10 saquetas infusão de camomila,Lipton,Embalagem de 10g,"0,89 €","80,91 €/Kg"
Batata frita em azeite,PorSi,Embalagem de 150g,"1,19 €","6,43 €/Kg"
Special k aveia mel,Kellogg's,Embalagem de 420g,"3,99 €","7,98 €/Kg"
Perolas perfumadas fresh,PorSi,Embalagem de 275 g,"31,99 €","31,99 €/Unidade"
Molho bechamel,PorSi,Embalagem de 500 ml,"1,12 €","5,60 €/L"
Comida húmida para gato seleção de peixes,Gourmet mp,Embalagem de 300g,"2,75 €","6,88 €/Kg"
Rebuçados cristais de neve,PorSi,Embalagem de 250g,"1,15 €","4,60 €/Kg"
Arroz Risotto,PorSi,Embalagem de 1 kg,"1,26 €","1,26 €/Kg"
Leite bem essencial chocolate,Mimosa,Embalagem de 200 ml,"0,26 €","1,30 €/L"
Lasanha à bolonhesa,PorSi,Embalagem de 400 g,"3,99 €","3,99 €/Kg"
Sobremesa de Arroz Doce,PorSi,Embalagem 2X135G,"0,55 €","2,75 €/Kg"
Massa carbonara,PorSi,Embalagem de 300g,"3,99 €","3,99 €/Kg"
Moscatel de setúbal,Alambre,"Garrafa de 0,75L","5,99 €","7,99 €/L"
Bolachas cream cracker,PorSi,Embalagem de 200g,"0,39 €","3,12 €/Kg"
Creme Rosto Dia Pele Mista Antirrugas Q10 Plus,Nivea,Embalagem de 50 ml,"2,99 €","59,80 €/L"
Bicarbonato de sódio,PorSi,Embalagem de 500 g,"4,99 €","11,47 €/L"
Cola universal,Uhu,Embalagem de 20 ml,"2,19 €","109,50 €/L"
Cerveja sem álcool,Cheers,Pack 6 x 0.33 l,"5,99 €","3,03 €/L"
Pilha alcalina heightch lr14x2,Domédia,1 unidade,"1,49 €","1,49 €/Unidade"
Condicionador cabelos loiros,Ultra Suave,Embalagem de 200 ml,"1,00 €","5,00 €/L"
Pensos peles sensíveis sortidos,PorSi,20 unidades,"0,59 €","1,18 €/L"
Gelatina pronta a comer light 10 kcal morango,Royal,Embalagem de 4 x 100 g,"0,85 €","2,13 €/Kg"
Iogurte para bebé frutas variadas,Nestle,Embalagem de 4 x 100 g,"2,89 €","7,23 €/Kg"
Tablete de chocolate culinário negro,PorSi,Embalagem de 200 g,"1,79 €","8,95 €/Kg"
Manteiga magra,Matinal,Embalagem de 250g,"1,89 €","7,56 €/Kg"
Mistura de sementes,PorSi Viva Bem,Embalagem de 200 g,"1,59 €","10,60 €/Kg"
Mistura solúvel bolero,Nestle,Embalagem de 200g,"1,64 €","6,56 €/Kg"
Cuecas Incontinência Unisexo Pants Super L,Tena,12 unidades,"9,99 €","9,99 €/Unidade"
Chá fresh preto e limão,Cemporcent,Embalagem de 18g,"1,54 €","96,25 €/Kg"
Presunto fatias,Damatta,Embalagem de 120 g,"1,27 €","12,69 €/Kg"
Farinha para bolos fina,Branca de Neve,Embalagem de 1 kg,"1,99 €","1,99 €/Kg"
Frutos silvestres lata,Koala,Embalagem de 415 g,"1,99 €","2,37 €/Kg"
Tremoço médio,PorSi,Embalagem de 350 g,"2,19 €","2,81 €/Kg"
Laboratório Mecânica Carro Bombeiros,Clementoni,1 unidade,"9,99 €","9,99 €/Unidade"
Polvo limpo,PorSi,Embalagem de 800 g,"5,49 €","6,86 €/Kg"
Lixívia Denso-Activa Tradicional p/ Casa e Roupa,Neoblanc,Embalagem de 2 l,"1,74 €","0,35 €/L"
Leite com chocolate,PorSi,Embalagem de 200 ml,"0,26 €","1,30 €/L"
Crackers s/ sal superficie,GRAN PAVES,Embalagem de 560g,"0,39 €","3,12 €/Kg"
Esparguete integral,Cemporcent,Embalagem de 500g,"1,49 €","1,49 €/Kg"
Mandioca,Legumes do Dia,1 un=500 gr (aprox.),"0,47 €","4,69 €/Kg"
Limpa fornos,PorSi,500 ml,"4,99 €","11,47 €/L"
Café em grão,Delta,Embalagem de 250g,"9,16 €/Kg","9,16 €/Kg"
Tostas suecas de trigo,PorSi,Embalagem de 225 g,"2,39 €","6,83 €/Kg"
Queijo fresco natural,Matinal,Embalagem de 216g,"2,44 €","11,30 €/Kg"
Prato com naperon 30cm,PorSi,1 unidade,"0,54 €","0,54 €/Unidade"
Tablete de chocolate com avelãs,PorSi,Embalagem de 100 g,"6,50 €/Kg","6,50 €/Kg"
Cogumelos laminados,PorSi,780 g,"2,19 €","2,81 €/Kg"
Tiras da Costela/Piano,Porco,1 un = 500 gr (aprox.),"4,99 €","4,99 €/Kg"
Vinho branco arinto bucelas,P.regia,Garrafa de 750 ml,"3,99 €","5,32 €/L"
Licor de coco,On Off,"Garrafa de 0,70 l","7,49 €","10,70 €/L"
Pão de leite 8 un.,Bimbo,Embalagem de 280g,"7,40 €/Kg","7,40 €/Kg"
Sacos do lixo jardim 130 litros,PorSi,10 sacos,"1,89 €","1,89 €/Unidade"
Creme para calçado preto,Splendor,80 ml,"0,99 €","19,80 €/L"
Bolachas de aveia e trigo integral,PorSi Viva Bem,Embalagem de 240g,"3,09 €","10,30 €/Kg"
Pão de forma s/ côdea,Bimbo,Embalagem de 650 g,"0,99 €","1,65 €/Kg"
Inseticida moscas e mosquitos,Dum Dum,Garrafa de 300 ml,"4,49 €","11,97 €/L"
Lima-limao zero,PorSi,Garrafa de 1.5 l,"0,40 €/L","0,40 €/L"
Batatas Pré-fritas Rosti com Cebola,PorSi,Embalagem com 600 g,"3,99 €","1,60 €/Kg"
Crescido Asa Branca,Bacalhau da Noruega,1 un=1.5 Kg (aprox.),"8,73 €/Kg","8,73 €/Kg"
Maionese light,PorSi,Frasco de 414 g,"0,87 €","2,90 €/Kg"
Óleo Performa 10W40,Galp,Embalagem de 5 l,"14,99 €","14,99 €/L"
Alimento seco para gato steril,HappyOne,Embalagem de 2 kg,"12,99 €","4,33 €/Kg"
Kit mopa + 20 recargas,PorSi,Embalagem de 1 unidades,"2,20 €","2,20 €/Unidade"
Vinho verde branco,MIRANDA,"Garrafa de 0,75 l","3,09 €","3,09 €/L"
Mostarda a'lancienne,PorSi Select,190 g,"0,87 €","2,90 €/Kg"
Água com gás natural pet,P.salgadas,pack 6 x 0.33 l,"2,85 €","2,85 €/L"
Néctar ananás,PorSi,Pack 3 x 200 ml,"0,99 €","0,99 €/L"
Vinho do Porto Branco,Velhotes,"Garrafa de 0,75 l","11,99 €","15,99 €/L"
Sal cristal,PorSi,embalagem de 1 kg,"0,25 €","0,25 €/Kg"
Sidra,Kings Bräu,Pack 6 x 0.33 l,"1,59 €","3,18 €/L"
Vinho rosé,Mateus,Garrafa de 750 ml,"4,29 €","5,72 €/L"
Queijo ralado mix 3 queijos,PorSi,Embalagem de 200 g,"7,45 €/Kg","7,45 €/Kg"
Ice tea pêssego,Lipton,Embalagem de 1L,"1,90 €","1,27 €/L"
Iogurte pedaços pêssego/alperce,PorSi,Embalagem de 4x125g,"4,38 €","2,19 €/Kg"
Vinho branco bag-in-box,Capataz,Embalagem de 5 l,"5,19 €","1,04 €/L"
Spray renova camurça castanha,PorSi,Embalagem de 200 ml,"2,89 €","14,45 €/L"
Refresco em pó de laranja,Tang,Embalagem de 30g,"0,75 €","18,75 €/Kg"
Amaciador  p/ roupa concentrado Aromaterapia,PorSi,Embalagem com 60 doses,"3,99 €","3,99 €/Unidade"
Rhum com coco,Malibu,Garrafa de 700 ml,"17,49 €","24,99 €/L"
Rebuçados fruta,PorSi,Embalagem de 250g,"1,08 €","5,40 €/Kg"
Pão forma com côdea,PorSi,Embalagem de 600g,"0,99 €","1,65 €/Kg"
Spray elimina odores do calçado,PorSi,embalagem de 100 ml,"1,49 €","1,49 €/Unidade"
Doce de pêssego com frutose,Salutem,Embalagem de 330g,"2,19 €","6,64 €/Kg"
Bolachas crackers s/ sal,Du bois,Embalagem de 500g,"0,39 €","3,12 €/Kg"
Queijo de vaca/ovelha penela,Serqueijos,Embalagem de 250 g,"3,99 €","15,96 €/Kg"
Tablete de chocolate culinário branco,PorSi,Embalagem de 180 g,"5,80 €/Kg","5,80 €/Kg"
Leite condensado magro,Nestle,Embalagem de 390g,"1,09 €","2,75 €/Kg"
Estendal de roupa com abas resina,PorSi,20 metros,"0,89 €","0,89 €/Unidade"
Aperitivos  fritos,Fritos,Embalagem 130G,"1,65 €","12,69 €/Kg"
Caramelo líquido,Royal,Embalagem de 400g,"1,29 €","3,23 €/Kg"
Colher para esparguete cabo áqua,PorSi,1 unidade,"8,89 €","8,89 €/Unidade"
Marmelada com frutose,PorSi Viva Bem,Embalagem de 400g,"1,09 €","2,42 €/Kg"
Gelatina de morango,PorSi,Embalagem de 170g,"0,55 €","61,11 €/Kg"
Tisana de chá verde/limão light,Pleno,"Garrafa de 1,5 l","1,90 €","1,27 €/L"
Sardinha em tomate,PorSi,Embalagem de 120g,"1,69 €","14,08 €/Kg"
Pensos Higiénicos Fina e Segura Normal,Evax,Embalagem c/ 24 Unidades,"2,59 €","2,59 €/Unidade"
Mortadela mini,PorSi,Embalagem de 350g,"0,95 €","4,75 €/Kg"
Água mineral sem gás,Vitalis,Pack 6 x 1.5 l,"1,79 €","0,33 €/L"
Cenoura baby,PorSi,Embalagem de 400 g,"1,98 €","1,98 €/Kg"
Pasta de Arquivo Marmoreada S/ Caixa,Domédia,1 un.,"3,69 €","3,69 €/Unidade"
Iogurte líquido danonino morango,Danone,Embalagem de 4 x 100 g,"4,23 €/Kg","4,23 €/Kg"
Milho partido,Rac.zezere,Embalagem de 5 kg,"4,19 €","0,84 €/Kg"
Leite uht sem lactose magro,PorSi Viva Bem,1 litro,"0,99 €","0,99 €/L"
"Salsichas aves, frasco com 5 unidad",Izidoro,Embalagem de 250g,"0,75 €","3,75 €/Kg"
Orelhas,Porco,1 un = 250 gr (aprox.),"2,49 €","2,49 €/Kg"
"Vinho branco região da península de setúbal, bag in ...",Dom Campos,Garrafa de 5 l,"9,49 €","1,90 €/L"
Tablete de chocolate culinário branco,PorSi,Embalagem de 180 g,"1,79 €","8,95 €/Kg"
Bolacha recheada mega duo chocolate,Gullon,Embalagem de 500g,"2,78 €/Kg","2,78 €/Kg"
Água s/ gás,Fastio,Garrafa de 1 l,"1,79 €","0,33 €/L"
"Tira nódoas, spray oxi",PorSi,Embalagem de 1 l,"1,79 €","8,95 €/L"
Tequila,On Off,Garrafa de 70 cl,"11,99 €","11,99 €/L"
Saqueta de puré de fruta | maçã + pera,PorSi,90 g,"0,74 €","8,22 €/Kg"
"Cera cabelo, paste signature",Axe,Embalagem de 75 ml,"4,19 €","16,76 €/L"
Aguardente bagaceira,S.domingos,Garrafa de 1 l,"14,27 €","20,39 €/L"
Nata uht para bater,Parmalat,Embalagem de 200 ml,"1,12 €","5,60 €/L"
Vinho maduro branco,Casal da eira,Embalagem de 250 ml,"0,69 €","2,76 €/L"
Gel de Banho Coconut Milk,Dove,Embalagem de 750 ml,"6,39 €/L","6,39 €/L"
Creme Depilatório Men Peles Sensíveis,Veet,Embalagem de 200 ml,"6,99 €","6,99 €/Unidade"
Atum posta em óleo,Noro,Lata com 110 g,"1,69 €","14,08 €/Kg"
Pasta dentífrica menta fresca,Aquafresh,Embalagem de 75 ml,"2,39 €","31,87 €/L"
Robô que salta Jumping Bot,Clementoni,1 un.,"9,99 €/Unidade","9,99 €/Unidade"
15 barrinhas pescada,Pescanova,Embalagem de 450g,"14,95 €/Kg","14,95 €/Kg"
"Cera cabelo, indestructible",Studio Line,Embalagem de 75 ml,"4,19 €","16,76 €/L"
Lambrusco rosé,Sorbello,Garrafa de 0.75 l,"2,29 €","3,05 €/L"
Pasta de amendoim com pedaços,Cemporcent,Embalagem de 200g,"2,19 €","6,64 €/Kg"
Marcadores para colorir,Domédia,embalagem com 18 unidades,"3,19 €","3,19 €/Unidade"
Iogurte activia líquido 0% lima/limão,Danone,Embalagem de 4 x 155 g,"3,21 €/Kg","3,21 €/Kg"
Néctar vital equilibrio manga/laranja,Compal,Embalagem de 1 l,"0,84 €","2,55 €/L"
Iogurtes aroma 4 de morango + 4 de banana,PorSi,Embalagem de 8x125g,"1,87 €","1,25 €/Kg"
Pensos higiénicos liberty normal abas,Evax,Embalagem com 12 un.,"2,59 €","2,59 €/Unidade"
Casal garcia sweet 750ml/1,Casal Garcia,Garrafa de 750 ml,"3,09 €","3,09 €/L"
Infusão hipericão,Cemporcent,Embalagem de 10 unidades,"0,89 €","80,91 €/Kg"
Arroz basmati,PorSi,Embalagem de 1 kg,"1,26 €","1,26 €/Kg"
Romã,Fruta da Época,1 un = 250 gr  (aprox.),"1,89 €/Kg","1,89 €/Kg"
Queijo flamengo ralado,PorSi,Embalagem de 200G,"1,96 €","9,80 €/Kg"
Pista Dragstrip Champion,Hot Wheels,1 embalagem,"24,99 €/Unidade","24,99 €/Unidade"
Lancha Motor Subaquático,Playmobil,1 unidade,"7,99 €/Unidade","7,99 €/Unidade"
Trigo integral com mel,Salutem,Embalagem de 250g,"3,39 €","22,60 €/Kg"
Lata de Brilho Incolor,Búfalo,Embalagem de 75 ml,"0,99 €","19,80 €/L"
Piaçaba com suporte,PorSi,1 unidade,"3,99 €","3,99 €/Unidade"
Alho Seco,Programa Origens,Vendido a partir de 100 gr,"0,69 €","0,07 €/Kg"
Iogurte pedaços ananás,PorSi,Embalagem de 4 x 125 g,"4,38 €","2,19 €/Kg"
Iogurte activia líquido 0% morango/kiwi,Danone,Embalagem de 4 x 155 g,"3,21 €/Kg","3,21 €/Kg"
Vinho verde branco,Aveleda,Garrafa de 750 ml,"3,09 €","3,09 €/L"
Café torrado lote chávena saco,Delta,Embalagem de 250g,"9,16 €/Kg","9,16 €/Kg"
Batata frita light,PorSi,Embalagem de 150g,"0,95 €","6,33 €/Kg"
Guardanapos 2 folhas brancos e dourado,PorSi Select,50 unidades,"1,29 €","1,29 €/Unidade"
Lava tudo brilhante madeiras,PorSi,Embalagem de 1.1 litros,"0,99 €","0,50 €/L"
24 Caldos de carne,PorSi,Embalagem de 255  g,"3,84 €","24,00 €/Kg"
Néctar de pêssego,PorSi,Pack 3 x 200 ml,"0,99 €","0,99 €/L"
Especialidade de soja chocolate,PorSi Viva Bem,Embalagem de 4 x 100 g,"2,95 €","5,90 €/Kg"
Sobremesa gelatina de ananás,PorSi,Embalagem 4X100G,"0,85 €","2,13 €/Kg"
Caixa de arrumação reciclada,PorSi,20 litros,"5,24 €","5,24 €/Unidade"
Queijo mozzarella ralado,PorSi,Embalagem de 200 g,"7,45 €/Kg","7,45 €/Kg"
Massa quebrada margarina,PorSi,Embalagem de 230 g,"0,99 €","4,30 €/Kg"
Água mineral sem gás,Serra de Fafe,"Embalagem de 6x0,33 l","1,79 €","0,33 €/L"
Farinha láctea 5 frutos,PorSi,Embalagem de 500g,"4,99 €","4,99 €/Kg"
Elixir total proteção placa bacteriana,Colgate,500 ml,"5,99 €","11,98 €/L"
Banana da  Madeira,Fruta do Dia,1 un= 200 gr (aprox.),"0,60 €","2,99 €/Kg"
"Formas de alumínio rectangulares com tampa, 600ml , ...",PorSi,Uma embalagem,"1,11 €","1,11 €/Unidade"
Adoçante com doseador,PorSi,Embalagem 100 comprimidos,"5,99 €","23,96 €/Kg"
Actimel morango-banana,Danone,Embalagem de 6 x 100 g,"4,15 €/Kg","4,15 €/Kg"
"Mini rissóis de carne, 20 unidades",PorSi,Embalagem de 300 g,"1,79 €","7,16 €/Kg"
Fervedor em alumínio 1 litro basic,PorSi,1 un.,"8,89 €","8,89 €/Unidade"
10 hamburguers 60% carne de bovino,PorSi,Embalagem de 1 kg,"2,79 €","8,72 €/Kg"
"Escova de dentes, proteção global média, 2 unidades",Labell,Uma embalagem,"3,49 €","3,49 €/Unidade"
Spray casa de banho brilhante,Sonasol,Embalagem de 500 ml,"0,99 €","0,50 €/L"
Pastilha Elástica Bottle Spearmint,Trident,Embalagem de 82 g,"0,89 €","59,33 €/Kg"
Red Fish Grande,Peixe Congelado,1 un = 500 gr (aprox.),"11,49 €","11,49 €/Kg"
Mignonnettes Leite,Cote D'or,Embalagem de 240 g,"5,30 €/Kg","5,30 €/Kg"
Água Micelar c/doseador,Labell,Embalagem de 500ml,"3,29 €","21,93 €/L"
Manteiga com sal,Mimosa,Embalagem de 130g,"1,89 €","7,56 €/Kg"
"Toalhitas intimas, 20 unidades",Labell,Uma embalagem,"2,19 €","2,19 €/Unidade"
Papel higiénico reciclado 2 folhas,PorSi,12 rolos,"1,99 €","1,99 €/Unidade"
"Queijo médio, metades",Casteloes,Embalagem de 580g,"25,45 €/Kg","25,45 €/Kg"
Morcela assar fundao,PorSi,Embalagem de 250g,"2,56 €","10,24 €/Kg"
Café moagem normal: intenso,Buondi,Embalagem de 220g,"3,49 €","13,96 €/Kg"
Arroz carolino vaporizado,Cacarola,Embalagem de 1 kg,"1,26 €","1,26 €/Kg"
20 saquetas infusão de cidreira,Lipton,Embalagem de 20g,"0,89 €","80,91 €/Kg"
Marcadores para colorir,Domédia,embalagem com 18 unidades,"4,69 €","4,69 €/Unidade"
Bebida de Aveia,PorSi Viva Bem,1 l,"1,59 €","1,59 €/L"
Medalhões  de Pescada,Peixe Congelado Higienizado,1 un = 150 gr (aprox.),"4,39 €","10,98 €/Kg"
Rojões,Porco,1 un = 250 gr  (aprox.),"4,99 €","4,99 €/Kg"
Espirais s/ glúten,Milaneza,Embalagem de 500g,"2,69 €","5,38 €/Kg"
Vela em número nº1,PorSi,1 unidade,"0,60 €","0,60 €/Unidade"
Balões latex brancos,PorSi,Embalagem com 24 unidades,"1,54 €","1,54 €/Unidade"
Pensos térmicos alívio da dor muscular 13x10cm,PorSi,Embalagem de 2 unidades,"0,59 €","1,18 €/L"
Leite pastagem uht terra nostra inteiro,Terra Nostra,Garrafa de 1 l,"1,19 €","1,19 €/L"
Caramelos de nata,PorSi,Embalagem de 250g,"1,19 €","4,76 €/Kg"
"Hamburgers de porco, 4x80g",PorSi,Embalagem de 320 g,"2,79 €","8,72 €/Kg"
Cocktail melão,Bar Royal,Garrafa de 750 ml,"11,99 €","11,99 €/L"
Cubos de bacon,Porminho,Embalagem de 2x75 g,"3,29 €","21,93 €/Kg"
Queijo fresco ligth,PorSi,Embalagem de 4 x 62.5 g,"2,39 €","19,92 €/Kg"
Pasta dentífrica herbal,Colgate,Embalagem de 75 ml,"2,39 €","31,87 €/L"
"Vela com número, nº 7",PorSi,1 unidade,"0,60 €","0,60 €/Unidade"
Fruta para bebé maçã cenoura manga +6 meses,Nestle,Embalagem de 90g,"0,74 €","8,22 €/Kg"
Manteiga magra meio sal,President,Embalagem de 250g,"1,89 €","7,56 €/Kg"
Mousse de chocolate preto,Páturages,Embalagem de 4x60 g,"0,99 €","1,65 €/Kg"
Bebida láctea crescimento c/ bolacha maria,Nestle,Embalagem de 1 litro,"0,26 €","1,30 €/L"
Bolacha recheada mega duo cacau,Gullon,Embalagem de 500g,"2,78 €/Kg","2,78 €/Kg"
Polvo limpo,PorSi,Embalagem de 1 kg,"5,49 €","6,86 €/Kg"
Batata Pré-Frita Croquettes,PorSi,Embalagem de 1 kg,"3,99 €","1,60 €/Kg"
Açúcar areado amarelo,Rar,Embalagem de 1kg,"1,49 €","1,49 €/Kg"
Aditivo Máquina Roupa em Pó Oxi action Pink,Vanish,420 g,"8,99 €","21,40 €/Kg"
Creme p/ Calçado Azul,Búfalo,Embalagem de 40 ml,"0,99 €","19,80 €/L"
Esparguete integral,Salutem,Embalagem de 500g,"1,49 €","1,49 €/Kg"
Fígado,Porco,Vendido ao peso a partir de 1 kg,"2,49 €","2,49 €/Kg"
15 douradinhos,Capitão Iglo,Embalagem de 420g,"1,79 €","7,16 €/Kg"
Limpador para chão de madeira ecológico,Novycera,Embalagem de 500 ml,"2,49 €","2,49 €/L"
Shampô azul concentrado,PorSi,Embalagem de 1 l,"3,99 €","0,80 €/L"
"Presunto Metades, 6 meses de cura",PorSi,"Vendido ao peso, fatiado a partir de 100 gr","1,27 €","12,69 €/Kg"
"Anti-calcário em pó, máquina roupa",PorSi,Embalagem de 800g,"1,79 €","8,95 €/L"
Farinha de milho 500g,ESPIGA,Embalagem de 500g,"1,99 €","1,99 €/Kg"
Carro Muda Cor c/ Água Sortidos,Hot Wheels,1 embalagem,"24,99 €/Unidade","24,99 €/Unidade"
Anti-traça Alimentos,Raid,2 + 1 unidades,"1,99 €","1,99 €/Unidade"
"Creme para mãos, caixa familiar",Nivea,Embalagem de 250 ml,"2,49 €","41,50 €/L"
Sistema microfibras com pedal,Vileda,1 unidade,"0,89 €","0,89 €/Unidade"
Ração para gato júnior com frango,Purina One,Embalagem de 800 g,"12,99 €","4,33 €/Kg"
Vinho Vinha da Fonte Setúbal tinto,Casa Ermelinda Freitas,Garrafa de 0.75 l,"2,99 €","3,99 €/L"
Milho doce,PorSi,Embalagem de 400 g,"1,98 €","1,98 €/Kg"
Lápis de cera,Giotto,embalagem com 12 unidades,"3,19 €","3,19 €/Unidade"
Chocolate culinário 70% cacau,Pantagruel,Embalagem de 200g,"1,79 €","8,95 €/Kg"
Peito peru fumado fatias finas cuida-te +,Nobre,Embalagem de 110g,"2,25 €","11,25 €/Kg"
Bacalhau posta média,PorSi,Embalagem de 800g,"6,39 €","7,99 €/Kg"
Rebuçados peitorais,Dr.bayard,Embalagem de 100g,"0,77 €","3,85 €/Kg"
Água oxigenada,Labell,Embalagem de 500 ml,"0,59 €","1,18 €/L"
Leite Hidratante Delicadeza de Aveia,Ultra Suave,Embalagem de 400 ml,"12,48 €/L","12,48 €/L"
Moscatel favaios,Favaios,Garrafa de 750 ml,"5,99 €","7,99 €/L"
Lixívia com detergente,PorSi,Embalagem de 2 l,"2,59 €","1,30 €/L"
Gelado viennetta morango,Olá,Embalagem de 650 ml,"2,69 €","5,38 €/L"
Metades de pera em calda,PorSi,Lata de 820 g,"1,99 €","2,37 €/Kg"
Aguardente,Alma pura,Garrafa de 0.70 l,"14,27 €","20,39 €/L"
Bolachas digestive go aveia,Triunfo,Embalagem de 170g,"1,19 €","5,95 €/Kg"
Bolacha Maria Integral,PorSi,Embalagem de 600g,"1,19 €","5,95 €/Kg"
"Batata frita, receita camponesa",Lay's,Embalagem de 250g,"1,19 €","6,43 €/Kg"
Chip choco diet nature,Gullon,Embalagem de 130g,"0,90 €","6,00 €/Kg"
"Acendalha branca, 32 cubos",PorSi,Uma embalagem,"0,75 €","0,75 €/Unidade"
Carro da polícia,Pinypon Action,1 unidade,"24,99 €/Unidade","24,99 €/Unidade"
Recarga p/ Esfregona |Suave,Vileda,,"0,89 €","0,89 €/Unidade"
"Tesoura de escritório, 21cm",Domédia,1 unidade,"2,19 €","109,50 €/L"
Molas plásticas amarelas,PorSi,50 unidades,"0,89 €","0,89 €/Unidade"
Creme vegetal para culinária,PorSi,Embalagem de 1 kg,"2,89 €","2,89 €/Kg"
Trivial Familia,Hasbro,,"9,99 €/Unidade","9,99 €/Unidade"
Rebuçados mentho-lyus sem açúcar,Halls,Embalagem de 31 g,"0,77 €","3,85 €/Kg"
Luvas Universal Média/Grande,Vileda,1 unidade,"1,99 €","1,99 €/Unidade"
Baguete de alho,Panike,Embalagem de 350g,"3,40 €/Kg","3,40 €/Kg"
"Coloração permanente, preto nº10",Nutrisse,1 unidade,"9,49 €/Unidade","9,49 €/Unidade"
Saco de pastelaria,*,650 ml,"8,89 €","8,89 €/Unidade"
Cogumelo portobello pequeno,Legumes do Dia,vendido ao peso,"0,70 €","6,99 €/Kg"
Máquina Descartável Depilatória Venus Plus,Gillette,4 un. + 2 grátis,"8,99 €","8,99 €/Unidade"
Leite uht magro com rosca,PorSi,1 litro,"0,83 €","0,83 €/L"
Infusão nº 6 sem barriga,Cemporcent,Embalagem de 10 unidades,"0,89 €","80,91 €/Kg"
10 cápsulas café qanela,Delta Q,Embalagem de 60g,"59,82 €/Kg","59,82 €/Kg"
Batata frita rodelas,PorSi,Embalagem de 2x70g,"1,06 €","5,73 €/Kg"
Leite condensado cozido,PorSi,Embalagem de 397 g,"1,09 €","2,75 €/Kg"
Cola Universal,Uhu,Embalagem de 2x20ml,"2,19 €","109,50 €/L"
Moelas,Frango,1 un = 200 gr (aprox.),"2,49 €","2,49 €/Kg"
Bebida energética,Red Bull,Garrafa de 360 ml,"1,95 €","1,95 €/L"
Sabonete,Feno,Embalagem de 4x90 g,"4,49 €","12,47 €/Kg"
Tablete de chocolate leite c/ avelãs,Milka,Embalagem de 270g,"6,50 €/Kg","6,50 €/Kg"
Café torrado 5 estrelas moagem normal,Sical,Embalagem de 250g,"9,16 €/Kg","9,16 €/Kg"
Loção tónica para pele seca,Labell,Embalagem de 250 ml,"3,29 €","21,93 €/L"
Areia para gatos biodegradável vegetal,PorSi,Embalagem de 8 litros,"1,19 €","0,24 €/Kg"
Nectar multivitaminas,Paquito,Embalagem de 2 l,"0,99 €","0,99 €/L"
Alimento seco para cão raças pequenas,HappyOne,Embalagem de 2 kg,"1,15 €/Kg","1,15 €/Kg"
Leite creme,Royal,Embalagem de 90g,"0,79 €","5,27 €/Kg"
Caderno Universitário A4 Pautado,Domédia,1 un.,"3,69 €","3,69 €/Unidade"
Chá preto,Tetley,Embalagem de 30g,"1,69 €","56,33 €/Kg"
"Sumo 100%, laranja",PorSi,"Embalagem de 1,5 l","1,09 €","0,73 €/L"
10 salsichas de porco em lata,PorSi,Embalagem de 250G,"0,75 €","3,75 €/Kg"
Tablete de chocolate negro,PorSi Select,200 g,"6,50 €/Kg","6,50 €/Kg"
Detergente para loiça plus + citrinos,Super Pop,Embalagem de 1L,"1,05 €","2,10 €/L"
Spray wc active clean wild,Ambipur,750 ml,"3,99 €","7,98 €/L"
Resguardos de cama,PorSi,20 unidades de 60 x 90 cm,"4,99 €","4,99 €/Unidade"
Espuma de barbear para peles sensíveis,Labell Men,Embalagem de 250 ml,"1,16 €","4,64 €/L"
Mistura vegetais para wok,PorSi,Embalagem de 750g,"1,98 €","1,98 €/Kg"
Água s/ gás,S.estrela,"Pack 6 x 0,50 l","1,79 €","0,33 €/L"
Bolacha de milho sem sal bio,Cemporcent,Embalagem de 110g,"1,45 €","11,15 €/Kg"
Lentilhas vermelhas,Salutem,Embalagem de 500g,"1,49 €","1,49 €/Kg"
Guardanapos de 1 folha amarelos | dim.: 30 x 29 cm,PorSi,Embalagem com 70 unidades,"1,29 €","1,29 €/Unidade"
Mariscada,PorSi,Embalagem de 800g,"4,99 €","6,24 €/Kg"
Água mineral sem gás,S.estrela,pack 4 x 1.5 l,"1,79 €","0,33 €/L"
Costeletas do Lombo,Porco,Vendido ao peso a partir de 1 kg,"4,99 €","4,99 €/Kg"
Cereais argolas de mel,PorSi,Embalagem de 375 g,"4,19 €","7,62 €/Kg"
Alimento seco p/ cão alta energia c/ frango,HappyOne,Embalagem de 4 kg,"1,15 €/Kg","1,15 €/Kg"
Farinha s/ fermento tipo 65,ESPIGA,Embalagem de 1 kg,"1,99 €","1,99 €/Kg"
"Livro ""A Magia do Ballet""",Girassol,1 unidade,"5,99 €/Unidade","5,99 €/Unidade"
Whisky,J&B,Garrafa de 1 l,"23,49 €","23,49 €/L"
"Gel banho, hidratante",Labell,Embalagem de 750 ml,"6,39 €/L","6,39 €/L"
Sopa de cozido,Knorr,Embalagem de 70g,"0,84 €","13,55 €/Kg"
Infusão cidreira,PorSi,Embalagem de 40g,"0,89 €","80,91 €/Kg"
Óleo Multigasolina 20W40,Galp,Embalagem de 5 l,"14,99 €","14,99 €/L"
Refrigerante c/ gás laranja,Sumol,Garrafa de 500 ml,"0,40 €/L","0,40 €/L"
Vinho regional península de setúbal tinto,J.m.f.,Garrafa de 750 ml,"2,99 €","3,99 €/L"
Vinho verde,Felgueiras,Garrafa de 0.75 l,"3,09 €","3,09 €/L"
Iogurte pedaços frutimax frutos variados,PorSi,Embalagem de 8 x 125 g,"4,38 €","2,19 €/Kg"
Aperfeiçoador BB Cream Médio,Garnier,Embalagem de 50 ml,"2,99 €","59,80 €/L"
Infusão de camomila,PorSi,Embalagem de 33.7 g,"0,89 €","80,91 €/Kg"
Adoçante em pó stevia,PorSi Viva Bem,Embalagem de 250 g,"5,99 €","23,96 €/Kg"
Vassoura Simples Pluma,PorSi,unidade,"2,20 €","2,20 €/Unidade"
Gestos,Hasbro,1 un.,"9,99 €/Unidade","9,99 €/Unidade"
Vodka,ON/OFF,Garrafa 0.70L,"16,49 €","23,56 €/L"
6 chamucas de carne,PorSi,Embalagem de 240g,"1,79 €","7,16 €/Kg"
Tablete de chocolate culinário 70% negro,PorSi,Embalagem de 200 g,"1,79 €","8,95 €/Kg"
Arroz integral extra longo,Cemporcent,Embalagem de 1 kg,"1,49 €","1,49 €/Kg"
Matraquilhos,Olivo,1 un.,"9,99 €/Unidade","9,99 €/Unidade"
Papa infantil não láctea 8 cereais e mel +6 meses,Cerelac,Embalagem de 250g,"4,99 €","4,99 €/Kg"
Ração para Cão Delicate rico em Salmão,Purina One,Embalagem de 800g,"1,15 €/Kg","1,15 €/Kg"
Bolachas cream cracker,PorSi,Embalagem de 600g,"0,39 €","3,12 €/Kg"
Creme Depilatório Duche Men Peles Normais,Veet,Embalagem com 150 ml,"2,99 €","14,95 €/L"
Lustrante Pneus,PorSi,Embalagem de 1 l,"3,99 €","0,80 €/L"
"Vinho rosé, região península de setúbal, bag in box",Dom Campos,Garrafa de 5 l,"9,49 €","1,90 €/L"
"Creme de rosto de noite revitalift, laser",L'oreal,Embalagem de 50 ml,"2,99 €","59,80 €/L"
Nata uht 0% lactose,Parmalat,Embalagem de 200 ml,"1,12 €","5,60 €/L"
"Queijo light, mini",Babybel,Embalagem de 120g,"2,39 €","19,92 €/Kg"
Gomas tijolos ácidos,PorSi,Embalagem de 300 g,"1,19 €","3,97 €/Kg"
Chantilly 18% mg,Páturages,Embalagem de 250g,"1,69 €","6,76 €/Kg"
Adoçante com doseador,PorSi,Embalagem de 66g,"5,99 €","23,96 €/Kg"
Dentifríco 2 em 1 original,Theramed,Embalagem de 75 ml,"3,39 €","45,20 €/L"
Alho moído,PorSi,Frasco com 45 g,"0,25 €","0,25 €/Kg"
Halls vita c morango sem açúcar,Halls,Embalagem de 32 g,"0,77 €","3,85 €/Kg"
Elixir Nightly Reset,Listerine,400 ml,"5,99 €","11,98 €/L"
Refrigerante com gás guaraná,Antartica,"Garrafa de 1,5 l","0,40 €/L","0,40 €/L"
Marmelada,Quinta de Jugais,Embalagem de 500g,"1,09 €","2,42 €/Kg"
Maçã Fuji 75/80,Programa Origens,1 un = 180 gr (aprox.),"0,27 €","1,49 €/Kg"
Mistura solúvel mokambo,Nestle,Embalagem de 200g,"1,64 €","6,56 €/Kg"
Cenoura,PorSi,1 un = 100 gr  (aprox.),"0,79 €/Kg","0,79 €/Kg"
Desinfetante em gel p/ wc,Cif,Garrafa de 750 ml,"4,39 €","5,85 €/L"
6 argolas com cobertura glace,PorSi,Embalagem de 252g,"1,00 €","23,26 €/Kg"
Feijão encarnado,PorSi,Embalagem de 420 g,"2,19 €","2,81 €/Kg"
"Escova de cabelo, Pontas Nylon Premium",Labell,Uma unidade,"1,99 €","1,99 €/Unidade"
Queijo manchego D.O.P,PorSi Select,Embalagem de 250g,"3,99 €","15,96 €/Kg"
Mariscada,PorSi,Embalagem de 800g,"2,19 €","8,59 €/Kg"
Doce de frutos do bosque com frutose,Salutem,Embalagem de 330g,"2,19 €","6,64 €/Kg"
Pilha recarregável 170mAh 9V HR22,Domédia,1 unidade,"1,49 €","1,49 €/Unidade"
Ice tea limão,Lipton,pack 6 x 0.25 l,"1,90 €","1,27 €/L"
Salsichas de porco,Nobre,Lata de 250g,"0,75 €","3,75 €/Kg"
Néctar light manga/laranja,Compal,330 ml,"0,84 €","2,55 €/L"
Vinagre de sidra pet,Paladin,Garrafa de 500 ml,"0,35 €","0,70 €/L"
Chouriço Extra do Ribatejo,PorSi,200 g,"1,14 €","5,70 €/Kg"
Lava tudo limão verde,Cif,"Garrafa de 1,4 l","0,99 €","0,50 €/L"
Creme de cenoura,PorSi,Embalagem de 400 g,"1,29 €","3,23 €/Kg"
Bolachas mini,Oreo,Embalagem de 160g,"2,09 €","13,06 €/Kg"
Chourico vinho das beiras,PorSi,Embalagem de 280g,"1,14 €","5,70 €/Kg"
Massa para pizza,PorSi,Embalagem de 260 g,"0,99 €","4,30 €/Kg"
Arroz integral,PorSi Viva Bem,Embalagem de 1 kg,"1,26 €","1,26 €/Kg"
5 folhas de gelatina incolor,PorSi,Embalagem de 9 g,"0,55 €","61,11 €/Kg"
Chocolate culinário,Nestle,Embalagem de 200g,"1,79 €","8,95 €/Kg"
Caramelos de fruta,PorSi,Embalagem de 250g,"1,19 €","4,76 €/Kg"
Pomada para calçado preto,Splendor,lata com 50 ml,"0,99 €","19,80 €/L"
Lava tudo lavanda,Cif,"Garrafa de 1,4 l","0,99 €","0,50 €/L"
Óleo Diesel 15w40,PorSi,Embalagem de 5 l,"14,99 €","14,99 €/L"
Papel Higiénico Acolchoado 3 Folhas,Scottex,1 embalagem,"1,99 €","1,99 €/Unidade"
Concha de nylon cabo áqua,PorSi,1 unidade,"8,89 €","8,89 €/Unidade"
Lava tudo brilhante madeiras,PorSi,Embalagem de 1.1 litros,"1,39 €","1,26 €/L"
Pudim baunilha,Boca Doce,Embalagem de 20g,"0,59 €","29,50 €/Kg"
Macchiato café arábica,PorSi,250 ml,"3,19 €","25,52 €/Kg"
Bebida de soja de amêndoa,Alpro,Embalagem de 1 litro,"2,49 €","2,49 €/L"
Nata uht p/ bater 0% lactose,Parmalat,Embalagem de 200 ml,"1,12 €","5,60 €/L"
Lixívia perfumada,PorSi,Embalagem de 5 l,"2,59 €","1,30 €/L"
Vinho doc alentejo tinto,T.bolotas,Garrafa de 0.75 l,"2,89 €","3,85 €/L"
Esparguete fino,Nacional,Embalagem de 500g,"0,99 €","1,98 €/Kg"
Vassoura exterior alta,PorSi,Unidade,"2,20 €","2,20 €/Unidade"
Corta frutos cabo áqua,PorSi,1 unidade,"8,89 €","8,89 €/Unidade"
Mimosa bem especial leite e aveia,Mimosa,Embalagem de 1 litro,"0,99 €","0,99 €/L"
Tortitas de milho sem sal,PorSi Viva Bem,Embalagem de 130g,"1,65 €","12,69 €/Kg"
Moscatel do Douro,Selecção de Enófilos,"Garrafa de 0,75 l","5,99 €","7,99 €/L"
Chocolate culinário em pó,PorSi,Embalagem de 125 g,"1,79 €","8,95 €/Kg"
Creme culinário soja,PorSi Viva Bem,Embalagem de 200 ml,"0,99 €","4,95 €/L"
Fio dentário fluór+menta 50m,Labell,1 unidade,"0,85 €","0,85 €/Unidade"
Iogurte danacol de morango,Danone,Embalagem de 12 x 100 g,"4,15 €/Kg","4,15 €/Kg"
Arroz integral extra longo,Cemporcent,Embalagem de 1 kg,"1,26 €","1,26 €/Kg"
Cubos pão trigo tostado,PorSi,Embalagem de 150g,"2,39 €","6,83 €/Kg"
"Escova dentes, rotativa global, dura, 2 unidades",Labell,1 embalagem,"3,49 €","3,49 €/Unidade"
8 rissóis de camarão,PorSi,Embalagem de 300g,"1,79 €","7,16 €/Kg"
Balde com pedal eco branco,PorSi,Capacidade: 52 litros,"2,50 €","2,50 €/Unidade"
Gelado magnum mini double chocolate e caramelo,Olá,Embalagem de 6 x 60 ml,"5,99 €","16,64 €/L"
Sultana Preta,PorSi,Embalagem de 200g,"0,79 €","3,95 €/Kg"
Leite especial cálcio + vitamina d m/g,Mimosa,Garrafa de 1 l,"1,29 €","1,29 €/L"
"Coloração permanente, louro claro, nº80",Nutrisse,1 unidade,"9,49 €/Unidade","9,49 €/Unidade"
Queijo mini,Babybel,Embalagem de 6x20 g,"1,69 €","6,76 €/Kg"
"Espuma de cabelo, volume absoluto",Pantene,Embalagem de 200 ml,"4,19 €","16,76 €/L"
Creme Muda Fralda,Baby Dove,Embalagem de 45 g,"0,59 €","5,90 €/L"
Chá verde,PorSi,Embalagem de 37.5 g,"0,99 €","23,02 €/Kg"
Vassoura Especial Lisa,PorSi,unidade,"2,20 €","2,20 €/Unidade"
Ração para cão mini adulto nutri soft com frango,Friskies,"Embalagem de 1,4 kg","1,15 €/Kg","1,15 €/Kg"
Iogurte líquido morango / framboesa corpos danone,Danone,Embalagem de 4 x 155 g,"1,31 €","2,05 €/Kg"
Queijo gouda fatias,PorSi,Embalagem de 200 g,"1,96 €","9,80 €/Kg"
Amaciador color-vive,Elvive,Embalagem de 200 ml,"1,00 €","5,00 €/L"
Desentupidor gel turbo com lixívia,Destop,Garrafa de 1 l,"4,49 €","5,99 €/L"
Queijo Flamengo Bola,Terra Nostra,1 un = 250 gr  (aprox.),"1,96 €","9,80 €/Kg"
Coca-cola zero,Coca-Cola,pack 2 x 1.75 l,"0,40 €/L","0,40 €/L"
Cogumelos inteiros,PorSi,Embalagem de 185 g,"2,19 €","2,81 €/Kg"
Descascador de maçã cabo áqua,PorSi,1 unidade,"8,89 €","8,89 €/Unidade"
Mortadela de peru fatiada,PorSi,Embalagem de 200g,"0,95 €","4,75 €/Kg"
Café em cápsulas dolce gusto galão,Nescafe,Embalagem de 16 cápsulas,"59,82 €/Kg","59,82 €/Kg"
Pensos diários salvaslip flexi & fresh normal,Evax,28 unidades,"1,79 €","1,79 €/Unidade"
"Cerveja com álcool, lata",Super Bock,Garrafa de 330 ml,"1,99 €/L","1,99 €/L"
Luvas Colors,Vileda,Tamanho: M/G,"1,64 €","1,64 €/Unidade"
Arroz agulha,B.sucesso,Embalagem de 1 kg,"1,26 €","1,26 €/Kg"
Filetes de pescada,PorSi,Embalagem de 400 g,"4,39 €","10,98 €/Kg"
Pastilhas peppermint,CHICLETS,Embalagem de 17 g,"0,89 €","59,33 €/Kg"
Desinfetante Multiusos,Sanytol,Embalagem de 750 ml,"4,49 €","5,99 €/L"
Batata doce frita,PorSi,Embalagem de 150g,"1,06 €","5,73 €/Kg"
Queijo em cubos para saladas,PorSi,Embalagem de 150 g,"7,45 €/Kg","7,45 €/Kg"
Fralda Cueca T3,Dodot,Embalagem de 37 un.,"3,99 €","3,99 €/Unidade"
Gin dry,Gordons,Garrafa de 700 ml,"16,49 €","23,56 €/L"
Ração para gato adulto com bacalhau e legumes,Friskies,Embalagem de 4 kg,"12,99 €","4,33 €/Kg"
Miolo de avelã,PorSi,Embalagem de 200 g,"0,79 €","3,95 €/Kg"
Atum posta em azeite,Bom petisc,Embalagem de 120 g,"1,69 €","14,08 €/Kg"
Mortadela fatiada,PorSi,Embalagem de 200 g,"0,95 €","4,75 €/Kg"
Ecobag 30 L Perfumado,Vileda,1 embalagem,"1,89 €","1,89 €/Unidade"
Camarão 60/80,Congelado de Aquicultura,1 un = 250 gr  (aprox.),"2,00 €","7,99 €/Kg"
"Anti-calcário, máquina roupa, gel",Calgon,"Garrafa de 1,5 l","31,99 €","31,99 €/Unidade"
"Fraldas cuecas, autonomy t4, 8-15 k, 22 unidades",Pommette,1 embalagem,"3,99 €","3,99 €/Unidade"
Nestum 5 cereais,Nestum,Embalagem de 250g,"3,29 €","4,39 €/Kg"
Pedras limão/chá verde,P.salgadas,pack 4 x 0.25 l,"2,85 €","2,85 €/L"
Creme autobrilha incolor,Splendor,40 ml,"2,25 €","45,00 €/L"
Óleo de linhaça bio,Cemporcent,Garrafa de 250 ml,"3,39 €","3,39 €/L"
Bolachas rosquilhas,PorSi,Embalagem de 600g,"1,69 €","6,76 €/Kg"
Eau de Toilette p/Senhora Nº40,Caravan,1 Frasco 150ml,"11,99 €","79,93 €/L"
"Bolachas relieve, mel e coco",PorSi,Embalagem de 700g,"3,09 €","10,30 €/Kg"
Bolacha dibus mini angry birds,Gullon,Embalagem de 250g,"2,09 €","12,44 €/Kg"
Iogurte líquido de frutos vermelhos,PorSi,Embalagem de 4 x 160 g,"1,31 €","2,05 €/Kg"
Nectar clássico maracujá,Compal,Garrafa de 1 l,"1,09 €","0,73 €/L"
Conjunto Caravan Nº1,Caravan,1 unidade,"12,99 €","12,99 €/Unidade"
Massa para pizza,PorSi,Embalagem de 260 g,"0,99 €","1,98 €/Kg"
Caderno Agrafado Capa Preta |A5 Pautado,Domédia,1 unidade,"3,69 €","3,69 €/Unidade"
Batido de baunilha,Forma+,Embalagem de 700g,"11,99 €","17,13 €/Kg"
Refrigerante c/ gás,Coca-Cola,pack 6 x 0.33 l,"0,40 €/L","0,40 €/L"
Aperitivos 3d's cones,3d's,Embalagem de 90g,"1,65 €","12,69 €/Kg"
Cueca incontinência para Adultos Ausonia Tamanho Gra...,Lindor,Embalagem de 14 unidades,"9,99 €","9,99 €/Unidade"
"Tampão com aplicador, super compak, 20 unidades",Labell,1 embalagem,"1,85 €","1,85 €/Unidade"
Actimel morango,Danone,Embalagem de 6 x 100g,"4,15 €/Kg","4,15 €/Kg"
Iogurte líquido yoggi morango,Nestle,Embalagem de 4 x 160 g,"1,31 €","2,05 €/Kg"
Pano Microfibras Actifibre,Vileda,2 unidade,"1,64 €","1,64 €/Unidade"
"Vela em número,  nº 0",PorSi,1 unidade,"0,60 €","0,60 €/Unidade"
"Creme anti-rugas revitalizante fps30, dia",L'oreal,Embalagem de 50 ml,"2,99 €","59,80 €/L"
Arroz carolino,Caçarola,Embalagem de 1kg,"1,26 €","1,26 €/Kg"
Queijo Flamengo Bola,Limiano,1 un = 250 gr  (aprox.),"1,96 €","9,80 €/Kg"
Ovos galinha solo l,PorSi,6 ovos,"1,59 €","1,59 €/Unidade"
Tomate em pedaços,Guloso,Embalagem de 390g,"3,84 €","24,00 €/Kg"
Azeite virgem extra seleção ouro,Oliveira da Serra,Garrafa de 750 ml,"3,29 €","4,39 €/L"
Toucinho do céu,PorSi,Embalagem de 2x100 g,"0,55 €","2,75 €/Kg"
Champô Limão & Argila,Ultra Suave,Embalagem de 400 ml,"5,59 €","13,98 €/L"
Fralda Cueca de Banho |Tamanho 3 X/S,Pommette,Embalagem de 12 un.,"3,99 €","3,99 €/Unidade"
Arroz carolino,Louro,Embalagem de 1 kg,"1,26 €","1,26 €/Kg"
"Lixívia para roupa, tradicional verde denso",PorSi,Embalagem de 2L,"1,74 €","0,35 €/L"
Chispe da Perna,Porco,1 un = 800 gr (aprox.),"4,99 €","4,99 €/Kg"
Croissant recheado de cacau/avelã,PorSi,Embalagem de 315g,"1,77 €","5,53 €/Kg"
Especialidade soja baunilha,PorSi Viva Bem,Embalagem de 4 x 100 g,"2,95 €","5,90 €/Kg"
Gel de banho júnior frutos exóticos,Labell,Embalagem com 300 ml,"5,59 €","18,63 €/L"
Coador redondo com tampa,PorSi,Capacidade: 4 l,"8,89 €","8,89 €/Unidade"
Ice tea de limão,PorSi,Embalagem de 2 l,"1,90 €","1,27 €/L"
Recarga mopa,PorSi,1 unidade,"0,89 €","0,89 €/Unidade"
Água com gás,PorSi,"Garrafa de 1,5 l","2,85 €","2,85 €/L"
Ração seca mix para cão adulto,PorSi,Embalagem de 20 kg,"1,15 €/Kg","1,15 €/Kg"
Caixa de arrumação reciclada,PorSi,40 litros,"5,24 €","5,24 €/Unidade"
Bolacha tostada,PorSi,Embalagem de 800g,"2,11 €/Kg","2,11 €/Kg"
Bebida Energética Apple,Hell,250 ml,"1,95 €","1,95 €/L"
Monopoly Viaja Pelo Mundo,Hasbro,1 un.,"9,99 €/Unidade","9,99 €/Unidade"
Iogurte pedaços morango,PorSi,Embalagem de 4x125g,"4,38 €","2,19 €/Kg"
20 saquetas infusão camomila,Lipton,Embalagem de 10g,"0,89 €","80,91 €/Kg"
"Sumo 100%, tutti-frutti",PorSi,Embalagem de 3 x 200 ml,"1,09 €","0,73 €/L"
Creme Depilatório Peles Sensíveis,Veet,Embalagem de 200 ml,"9,99 €","49,95 €/L"
Cem porcento-flocos de aveia grossos,Cemporcent,Embalagem de 400g,"2,69 €","5,38 €/Kg"
Molho bechamel,Parmalat,Embalagem de 200 ml,"1,69 €","6,76 €/Kg"
"Bebida láctea crescimento 1-3 anos, cereais",Nestle,Embalagem de 1 litro,"0,26 €","1,30 €/L"
Ervilhas,PorSi,Embalagem de 400 g,"1,98 €","1,98 €/Kg"
Creme anti-rugas de dia revitalift,L'oreal,Embalagem de 50 ml,"2,99 €","59,80 €/L"
"Fiambre extra, fatias finas",PorSi,Embalagem de 150 g,"0,97 €","6,49 €/Kg"
"Creme para mãos, proteção intensiva",Atrix,Embalagem de 60 ml,"2,49 €","41,50 €/L"
Alho moído,PorSi,Saqueta de 50 g,"0,25 €","0,25 €/Kg"
Leite c/ Chocolate,Agros,Embalagem de 4 x 200 ml,"0,26 €","1,30 €/L"
Sumo 100% tomate,PorSi,Embalagem de 1.5 l,"1,09 €","0,73 €/L"
Néctar light de manga/laranja prism,PorSi,Embalagem de 1 l,"0,84 €","2,55 €/L"
Salsichas de aves,Nobre,Lata de 200 g,"0,75 €","3,75 €/Kg"
"Cerveja sem álcool, preta",Super Bock,pack 6 x 0.33 l,"5,99 €","3,03 €/L"
Tablete chocolate branco,PorSi,Embalagem de 100g,"5,80 €/Kg","5,80 €/Kg"
Porto tawny valadão,Valadao,Garrafa de 750 ml,"6,29 €","8,39 €/L"
Comida húmida para cão de vaca e frango,PorSi,Lata de 400 g,"0,75 €","2,50 €/Kg"
Bolachas cream cracker doses individuais,Vieira,Embalagem de 180g,"0,39 €","3,12 €/Kg"
Feijão vermelho,Legumes secos,1 un = 100 gr. (aprox.),"0,23 €","2,29 €/Kg"
"Sacos para sandes, 100 unidades",PorSi,1 embalagem,"1,11 €","1,11 €/Unidade"
Chaleira Vidro/Inox C/ Filtro,Gratta,Cap.: 1250 ml,"3,55 €","3,55 €/Unidade"
Cerveja com álcool,Super Bock,Garrafa de 1 l,"1,99 €/L","1,99 €/L"
Perfume Crazy p/ Senhora,Rebel,100 ml,"11,99 €","79,93 €/L"
Natas uht com cogumelos,Parmalat,Embalagem de 200 ml,"1,12 €","5,60 €/L"
Lamina Descartáveis Platina,Labell,Pack 10 unidades,"1,16 €","4,64 €/L"
Couve flor,PorSi,Embalagem de 750 kg,"1,98 €","1,98 €/Kg"
Rebuçado recheio morango,PorSi,Embalagem de 250g,"1,08 €","5,40 €/Kg"
"Vinho Bairrada, Tinto",Selecção de Enófilos,Garrafa de 0.75 l,"2,49 €","3,32 €/L"
Lixívia Denso-Activa Harmonias Florais p/ Casa e Rou...,Neoblanc,Embalagem de 2 l,"1,74 €","0,35 €/L"
Lambrusco bianco,*,Garrafa de 750 ml,"2,29 €","3,05 €/L"
40 filtros café número 4,Planteur,Embalagem com 40 filtros,"0,80 €","0,80 €/Unidade"
Flocos de aveia finos integrais,Cemporcent,Embalagem de 400g,"0,69 €","1,73 €/Kg"
Néctar clássico tutti-frutti,Compal,330 ml,"0,99 €","0,99 €/L"
"Refrigerante sem gás, maracujá e la",Joi,"Garrafa de 1,5 l","1,90 €","1,27 €/L"
"Escova dentes, proteção global suave, 2 unidades",Labell,1 embalagem,"3,49 €","3,49 €/Unidade"
Garfo inox cabo áqua,PorSi,1 unidade,"8,89 €","8,89 €/Unidade"
Track Builder Caixa,Hot Wheels,1 embalagem,"24,99 €/Unidade","24,99 €/Unidade"
Laboratório Mecânica Carro Bombeiros,Clementoni,1 unidade,"9,99 €/Unidade","9,99 €/Unidade"
Camião do lixo,Dickie Toys,30 cm,"24,99 €/Unidade","24,99 €/Unidade"
Limpa fornos,PorSi,500 ml,"1,79 €","2,39 €/L"
Sacos para congelar zip & go 1 litro,Vileda,15 unidades,"1,11 €","1,11 €/Unidade"
Toalhita Azul,Dodot,Embalagem c/ Tampa | 64 un.,"1,09 €/Unidade","1,09 €/Unidade"
"Cobertura tipo chantilly, 2x38g",PorSi,Embalagem de 80g,"1,29 €","3,23 €/Kg"
Vinho de mesa tinto bag in box,Adega grande,Garrafa de 5 l,"5,19 €","1,04 €/L"
Nancy Um Dia A Fazer Madeixas,Nancy,1 un.,"27,99 €/Unidade","27,99 €/Unidade"
Caramelo líquido,PorSi,Embalagem de 400g,"1,29 €","3,23 €/Kg"
Orégãos em folha,PorSi,Embalagem de 10g,"0,25 €","0,25 €/Kg"
Bicarbonato de sódio,Globo,Embalagem de 230g,"1,89 €","17,18 €/Kg"
Refrigerante sem gás de maçã,Trina,"Garrafa de 1,5 l","1,90 €","1,27 €/L"
Molho mad chips top down,Calve,Embalagem de 260g,"0,87 €","2,90 €/Kg"
Refrigerante de lima-limão,Seven-up,"Garrafa de 1,25 l","0,40 €/L","0,40 €/L"
Bebida de Soja Baunilha,PorSi Viva Bem,1 l,"2,49 €","2,49 €/L"
Azeite tradição,Oliveira da Serra,Embalagem 3L,"3,29 €","4,39 €/L"
"Vinho Alentejo, Private Collection, Tinto",Selecção de Enófilos,Garrafa de 0.75 l,"2,99 €","3,99 €/L"
Moelas congeladas,*,Embalagem de 1 kg,"4,99 €","24,95 €/Kg"
Choco flakes,Cuetara,Embalagem de 500g,"4,19 €","7,62 €/Kg"
Eau de Toilette p/Senhora Nº44,Caravan,1 Frasco 150ml,"11,99 €","79,93 €/L"
Leite de pastagem magro,Terra Nostra,Embalagem de 1 litro,"0,83 €","0,83 €/L"
Bolachas waffers nice baunilha,Dailidoce,Embalagem de 250g,"0,98 €","4,67 €/Kg"
Infusão carqueja,Cemporcent,Embalagem de 10 unidades,"0,89 €","80,91 €/Kg"
Alface Roxa,Programa Origens,1 un= 400 g ( aprox.),"1,20 €","2,99 €/Kg"
Cuecas Incontinência Maxi Grande,Lindor,Embalagem com 14 un.,"9,99 €","9,99 €/Unidade"
Açorda de camarão,PorSi Select,380 g,"1,79 €","7,16 €/Kg"
Fralda cueca T4 - 8 a 14 kg,PorSi,22 unidades,"3,99 €","3,99 €/Unidade"
"Champô, anti-caspa",Labell Men,Embalagem de 300 ml,"5,99 €","14,98 €/L"
Iogurte líquido pinacolada,PorSi,Embalagem de 4 x 160 g,"1,31 €","2,05 €/Kg"
Veículo de Resgate de Montanha,Playmobil,1 unidade,"7,99 €/Unidade","7,99 €/Unidade"
Batata frita caseira,PorSi,Embalagem de 500g,"0,87 €","5,44 €/Kg"
Cerveja c/ álcool,Super Bock,pack 24 x 0.33 l,"1,99 €/L","1,99 €/L"
Vinho regional lisboa reserva tinto,Marginal,Garrafa de 0.75 l,"3,99 €","5,32 €/L"
Cornflakes sem açúcar,Cemporcent,Embalagem de 250g,"0,69 €","1,73 €/Kg"
Fuet extra,PorSi,170 g,"1,14 €","5,70 €/Kg"
Escumadeira inox cabo áqua,PorSi,1 unidade,"8,89 €","8,89 €/Unidade"
Infusão alcachofra e dente de leão,Cemporcent,Embalagem de 10 unidades,"0,89 €","80,91 €/Kg"
Café em cápsulas deqafeitatus,Delta Q,Embalagem de 55 g,"59,82 €/Kg","59,82 €/Kg"
Agarro o Coco,Games,,"9,99 €/Unidade","9,99 €/Unidade"
Queijo flamengo sticks 5x20g,PorSi,Embalagem de 100g,"1,96 €","9,80 €/Kg"
Café 5 estrelas grão,Sical,Embalagem de 1 kg,"9,16 €/Kg","9,16 €/Kg"
Spray desengordurante,Sonasol,Embalagem de 500 ml,"4,49 €","5,99 €/L"
Bloco sanitário blue activ higiene,Sonasol,Embalagem de 50 g,"39,60 €/Kg","39,60 €/Kg"
"Hamburguers de vaca, 4x80g",PorSi,Embalagem de 320 g,"2,79 €","8,72 €/Kg"
Ananás em rodelas lata,PorSi,Embalagem de 820g,"1,99 €","2,37 €/Kg"
Queijo Flamengo Bola,Quinta do Convento,,"25,45 €/Kg","25,45 €/Kg"
Princesas do mar,PorSi,Embalagem de 255 g,"2,19 €","8,59 €/Kg"
Creme autobrilhante castanho,Splendor,40 ml,"2,25 €","45,00 €/L"
Rolo de Cozinha Branco Eco Compacto,PorSi,2 = 6 Rolos,"4,99 €","4,99 €/Unidade"
Lava Tudo Brilhante Floral,Sonasol,"embalagem 1,1L","0,99 €","0,50 €/L"
Máscara tesouros de mel,Garnier,Embalagem de 300 ml,"1,00 €","5,00 €/L"
Leite de transição Optipro 2 +6 meses,NAN,Embalagem de 800g,"16,99 €","21,24 €/Kg"
Maionese top down,Hellmman's,Embalagem de 238 g,"0,87 €","2,90 €/Kg"
Feijão preto,Legumes secos,1 un = 100 gr. (aprox.),"0,23 €","2,29 €/Kg"
Escumadeira de nylon cabo áqua,PorSi,1 unidade,"8,89 €","8,89 €/Unidade"
Lasanha à bolonhesa,PorSi,Embalagem de 1 kg,"3,99 €","3,99 €/Kg"
Gelatina de laranja,PorSi,Embalagem de 170g,"0,55 €","61,11 €/Kg"
Filetes de pescada,Pescanova,Embalagem de 400g,"4,39 €","10,98 €/Kg"
Livro A Cinderela,Europrice,1 unidade,"5,99 €/Unidade","5,99 €/Unidade"
Líquido p/ Radiador Verde 10% Concentração,Arbo,Embalagem de 5 l,"3,99 €","0,80 €/L"
Gel de Banho Shea Butter & Vanilla,Dove,Embalagem de 750 ml,"6,39 €/L","6,39 €/L"
Queijo flamengo fatiado,PorSi,Embalagem de 200G,"1,96 €","9,80 €/Kg"
Coco ralado bio,PorSi Bio,Embalagem de 200 g,"1,39 €","9,27 €/Kg"
Açúcar demerara,Rar,Embalagem de 500 g,"1,49 €","1,49 €/Kg"
Tablete de chocolate leite com avelã,PorSi Select,200 g,"6,50 €/Kg","6,50 €/Kg"
Anti-embaciante,PorSi,Embalagem de 250 ml,"3,99 €","0,80 €/L"
Bacalhau Corrente,Bacalhau da Noruega,1 un= 750 g (aprox.),"8,73 €/Kg","8,73 €/Kg"
Vinagre de vinho branco envelhecido,PorSi,Garrafa 250ML,"0,35 €","0,70 €/L"
Sumo 100% ananás e uva,PorSi,1.5 l,"1,09 €","0,73 €/L"
Bife da Alcatra,Novilho,1 un = 250 gr (aprox.),"11,99 €","14,99 €/Kg"
Nata uht para culinária,Parmalat,Embalagem de 200 ml,"1,69 €","6,76 €/Kg"
Sardinha em tomate picante,PorSi,Embalagem de 120g,"1,69 €","14,08 €/Kg"
Papel higiénico 2 folhas,PorSi,32 rolos,"1,99 €","1,99 €/Unidade"
Colher de gelado cabo áqua,PorSi,1 unidade,"8,89 €","8,89 €/Unidade"
Esferográfica cristal bl 5 az,Bic,1 unidade,"2,69 €","2,69 €/Unidade"
Carro polícia com som e luz,Playmobil,1 unidade,"7,99 €/Unidade","7,99 €/Unidade"
"Elásticos grandes coloridos, pack de 20 unidades",Domédia,1 embalagem,"2,19 €","109,50 €/L"
Escova de Dentes Júnior,Aquafresh,1 unidade,"0,99 €","0,99 €/Unidade"
Água mineral sem gás,Serra de Fafe,Embalagem de 6x0.5l,"1,79 €","0,33 €/L"
Aperitivos de amendoim com sal e mel,Matutano,Embalagem de 150g,"1,65 €","12,69 €/Kg"
Alimento lácteo pera +6 meses,Yogolino,Embalagem de 4 x 100 g,"2,89 €","7,23 €/Kg"
Azeite virgem extra seleção,PorSi,Garrafa de 750 ml,"3,29 €","4,39 €/L"
Cobertura tábua de engomar,PorSi,Dim.: 120 x 42 cm,"20,00 €","20,00 €/Unidade"
Bebida arroz bio,PorSi Bio,Embalagem de 1 litro,"1,59 €","1,59 €/L"
Desentupidor de fole com cabo,PorSi,1 unidade,"2,50 €","2,50 €/Unidade"
Batata frita camponesa,PorSi,Embalagem de 175 g,"1,19 €","6,43 €/Kg"
Máquina de barbear descartável,Gillette,Embalagem com 4+1 unidades,"1,16 €","4,64 €/L"
Bolacha cracker integral,Cuetara,Embalagem de 200g,"0,39 €","3,12 €/Kg"
Bolachas de água e sal,PorSi,Embalagem de 125g,"0,39 €","3,12 €/Kg"
Bolachas de chocolate leite,Milka,Embalagem de 150g,"0,79 €","5,27 €/Kg"
Pensos peles sensíveis XL,PorSi,5 unidades,"0,59 €","1,18 €/L"
Moscatel de setúbal,Adega de Palmela,Garrafa de 750 ml,"5,99 €","7,99 €/L"
Queijinho dadoninho petitdino de morango,Danone,Embalagem de 6 x 50 g,"4,23 €/Kg","4,23 €/Kg"
Croutons azeite e alho,PorSi,Embalagem de 150g,"2,39 €","6,83 €/Kg"
Linhaça castanha moída,Cemporcent,Embalagem de 200g,"3,39 €","22,60 €/Kg"
Pastilhas café lote chávena,Delta,Embalagem de 110g,"59,82 €/Kg","59,82 €/Kg"
Maionese,PorSi,Embalagem de 414 g,"0,87 €","2,90 €/Kg"
Iogurte líquido dan'up morango e banana,Danone,Embalagem de 4 x 155 g,"1,31 €","2,05 €/Kg"
Estendal Universal,Vileda,,"0,89 €","0,89 €/Unidade"
Bolachas maria,PorSi,Embalagem de 200g,"2,11 €/Kg","2,11 €/Kg"
Café solúvel descafeinado,PorSi,Embalagem de 100G,"14,50 €/Kg","14,50 €/Kg"
Pudim morango,Boca Doce,Embalagem de 20g,"0,59 €","29,50 €/Kg"
Leite 0% lactose magro,Mimosa,Garrafa de 1 l,"1,29 €","1,29 €/L"
Queijo flamengo fatias light,PorSi,Embalagem de 200g,"1,96 €","9,80 €/Kg"
Refresco em pó de morango,Tang,Embalagem de 30g,"0,75 €","18,75 €/Kg"
Feijão catarino,PorSi,Embalagem 500G,"0,95 €","1,90 €/Kg"
"Cera cabelo, Paste Urban",Axe,Embalagem de 130 ml,"4,19 €","16,76 €/L"
Livro do Peter Pan,Europrice,1 unidade,"5,99 €/Unidade","5,99 €/Unidade"
Caldo de galinha,PorSi,24 cubos,"3,84 €","24,00 €/Kg"
Queijo ralado dispensador,PorSi,Embalagem de 80g,"7,45 €/Kg","7,45 €/Kg"
Refrigerante c/ gás ananás,Sumol,Garrafa de 500 ml,"0,40 €/L","0,40 €/L"
Creme Corpo Goodness,Dove,Embalagem de 300 ml,"12,48 €/L","12,48 €/L"
Concha de molhos de nylon cabo áqua,PorSi,1 unidade,"8,89 €","8,89 €/Unidade"
Azeitona Preta Extra,PorSi,1 un = 100 gr (aprox.),"0,42 €","4,19 €/Kg"
Champô cacau&côco,Ultra Suave,Embalagem de 400 ml,"5,59 €","13,98 €/L"
Vinagre de fruta,PorSi,Embalagem de 500 ml,"0,35 €","0,70 €/L"
Queijo flamengo fatias light,PorSi,Embalagem de 200g,"2,39 €","19,92 €/Kg"
Pastilha Elástica Bottle Morango,Trident,Embalagem de 82 g,"0,89 €","59,33 €/Kg"
Tostas de trigo,PorSi,Embalagem 225G,"2,39 €","6,83 €/Kg"
Lixívia para roupa delicada,Neoblanc,Embalagem de 1 l,"2,19 €","1,10 €/L"
Pães de leite redondos,s. tomé,Embalagem de 300 g,"7,40 €/Kg","7,40 €/Kg"
"Cera de depilação oriental, pote",Labell,Embalagem de 250 ml,"6,99 €","6,99 €/Unidade"
Leite de coco bio,PorSi Bio,400 ml,"3,65 €","7,30 €/Kg"
Cereais recheados com chocolate e avelã,PorSi,Embalagem de 400g,"4,19 €","7,62 €/Kg"
Cápsulas de café com leite cappuccino,Nescafe,Embalagem com 16 cápsulas,"3,19 €","25,52 €/Kg"
Bloco Sanitário Poder Activo Pinho,Sonasol,Embalagem de 50 g,"39,60 €/Kg","39,60 €/Kg"
Iogurte activia cremoso coco,Danone,Embalagem de 4 x 120 g,"1,49 €","2,98 €/Kg"
Gel pure 3 em 1,Garnier,Embalagem de 150 ml,"2,99 €","59,80 €/L"
Cevada solúvel,Delta,Embalagem de 200 g,"14,50 €/Kg","14,50 €/Kg"
Bebida láctea crescimento 1 a 3 anos,Nestle,Embalagem de 1 litro,"0,26 €","1,30 €/L"
Leite especial crescimento +3 anos,Mimosa,Garrafa de 1 l,"0,26 €","1,30 €/L"
Jarro graduado,PorSi,Embalagem de 1 unidades,"0,54 €","0,54 €/Unidade"
"Escova de cabelo, esqueleto",Labell,Embalagem com 1 unidade,"1,99 €","1,99 €/Unidade"
8 salsichas aves,PorSi,Embalagem de 200 g,"0,75 €","3,75 €/Kg"
"Vela em número, nº 3",PorSi,1 unidade,"0,60 €","0,60 €/Unidade"
Milho tenro e doce,Bonduelle,Embalagem de 300 g,"2,19 €","2,81 €/Kg"
Escorredor de talheres,PorSi,1 unidade,"8,89 €","8,89 €/Unidade"
Sopa de cebola,Knorr,Embalagem de 50g,"0,84 €","13,55 €/Kg"
Moinho 5 pimentas em grão,PorSi,Frasco com 40 g,"0,25 €","0,25 €/Kg"
Palmiers,PorSi,Embalagem de 300 g,"1,69 €","6,76 €/Kg"
Snack para cão adulto com frango,Friskies,Embalagem de 200g,"5,58 €/Kg","5,58 €/Kg"
Semente linhaça castanha,Salutem,Embalagem de 250g,"3,39 €","22,60 €/Kg"
10 pães de leite,PorSi,Embalagem de 350g,"7,40 €/Kg","7,40 €/Kg"
Ovos galinha solo m,PorSi,6 ovos,"1,59 €","1,59 €/Unidade"
Canetas de Feltro Lavavel Kids - 14 +4,Bic,Uma embalagem,"4,69 €","4,69 €/Unidade"
Gengibre,Legumes do Dia,1 un = 100 gr (aprox.),"0,47 €","4,69 €/Kg"
Rolo de Cozinha Multi,Renova,4 Rolos,"4,99 €","4,99 €/Unidade"
Bacalhau desfiado,PorSi,Embalagem de 500g,"6,39 €","7,99 €/Kg"
Doce de alperce com frutose,Salutem,Embalagem de 330g,"2,19 €","6,64 €/Kg"
Lixivia perfume fresco,Neoblanc,Embalagem de 2 l,"1,74 €","0,35 €/L"
Açucar granulado,PorSi,Embalagem de 1 kg,"1,49 €","1,49 €/Kg"
Óleo Performa 15W40,Galp,Embalagem de 1 l,"14,99 €","14,99 €/L"
Queijo Camembert Cunhas,*,Vendido ao peso,"25,45 €/Kg","25,45 €/Kg"
Salsichas de porco em lata,PorSi,Embalagem de 200g,"0,75 €","3,75 €/Kg"
Nata uht,Agros,Garrafa de 200 ml,"1,12 €","5,60 €/L"
Gronola de aveia arandos/sementes,Nestle,Embalagem de 300g,"3,29 €","8,77 €/Kg"
Aperitivos tex mex,Doritos,Embalagem de 120g,"1,65 €","12,69 €/Kg"
Gelado cookie dough,PorSi Select,Embalagem de 500ml,"2,69 €","5,38 €/L"
80 filtros nº4 com saquetas antitártaro,Planteur,Uma embalagem com 80 unidades,"0,80 €","0,80 €/Unidade"
Rum 3 anos havan club (40º),Havana,Garrafa de 700 ml,"17,49 €","24,99 €/L"
Ambientador vela odor animais,PorSi,1 unidade,"2,53 €","2,53 €/Unidade"
Patafix branco,Uhu,Embalagem com 80 pastilhas adesivas,"2,49 €","2,49 €/Unidade"
Mel em frasco com doseador,PorSi,Embalagem de 500g,"2,25 €","9,00 €/Kg"
Creme abrasivo de limão,PorSi,Embalagem de 750 ml,"1,09 €","1,09 €/L"
Cerveja c/ álcool,Super Bock,pack 24 x 0.20 l,"1,99 €/L","1,99 €/L"
Café Moagem Universal do Brasil,PorSi,Embalagem de 220g,"9,16 €/Kg","9,16 €/Kg"
"Maionese, frasco",Hellmman's,Embalagem de 210g,"0,87 €","2,90 €/Kg"
Cheerios 375g,Nestle,Embalagem de 380g,"4,19 €","7,62 €/Kg"
"Salsichas wiennerwurt em frasco, 6 un",Nobre,Embalagem de 250g,"0,75 €","3,75 €/Kg"
Mousse chocolate,PorSi,Embalagem de 150g,"0,79 €","5,27 €/Kg"
Amaciador concentrado para roupa floral,PorSi,80 doses,"3,99 €","3,99 €/Unidade"
"Escova de dentes macia, 7-13 anos",Labell,1 unidade,"0,99 €","0,99 €/Unidade"
"Queijo curado, amanteigado",Paiva,Embalagem de 550g,"25,45 €/Kg","25,45 €/Kg"
Cereais nesquik,Nestle,Embalagem de 625g,"4,19 €","7,62 €/Kg"
Manteiga c/sal,Terra Nostra,Embalagem de 250g,"1,89 €","7,56 €/Kg"
"Abs odores lavanda, pack 2x150g",Glade,Embalagem de 2x150 g,"33,27 €/Kg","33,27 €/Kg"
Tosta rica mini go,Cuetara,Embalagem de 240g,"2,09 €","12,44 €/Kg"
Feijão manteiga,PorSi,Frasco com 540 g,"2,19 €","2,81 €/Kg"
"Alimento húmido para gato +1 ano, sabor a aves",Whiskas,Embalagem de 400g,"2,75 €","6,88 €/Kg"
Iogurte natural,Danone,Embalagem de 4 x 120 g,"0,65 €","1,30 €/Kg"
Esfregona super completa,Vileda,1 unidade,"0,89 €","0,89 €/Unidade"
Tablete de chocolate negro,PorSi,Embalagem de 100 g,"0,99 €","4,95 €/Kg"
"Lava tudo antibacteriano lavanda 1,5l",PorSi,Garrafa de 1.5 l,"0,99 €","0,50 €/L"
Café solúvel c/ cafeína,PorSi,Embalagem de 100g,"14,50 €/Kg","14,50 €/Kg"
Rolos de cozinha Olé branco,Renova,Embalagem de 4 unidades,"4,99 €","4,99 €/Unidade"
Estendal de roupa com abas alumínio,PorSi,20 metros,"0,89 €","0,89 €/Unidade"
Colher de arroz de nylon cabo áqua,PorSi,1 unidade,"8,89 €","8,89 €/Unidade"
Azeite virgem extra seleção,PorSi,Garrafa de 2 l,"3,29 €","4,39 €/L"
"Jogo ""Mentiroso""",Concentra,1 unidade,"9,99 €/Unidade","9,99 €/Unidade"
Cappuccino café arábica cacau magro em pó,PorSi,250 ml,"3,19 €","25,52 €/Kg"
Doce de ameixa com frutose,Salutem,Embalagem de 330g,"2,19 €","6,64 €/Kg"
Nata pasteurizada,PorSi,Embalagem de 450 ml,"1,69 €","6,76 €/Kg"
"Forma papel para bolos, 8. 4cm",PorSi,Embalagem com 60 unidades,"0,54 €","0,54 €/Unidade"
Vira fritos inox cabo áqua,PorSi,1 unidade,"8,89 €","8,89 €/Unidade"
Couve lombardo Programa Origens,PorSi,,"0,48 €","2,39 €/Kg"
Molho de whisky cocktail,Calve,Garrafa de 250 ml,"0,87 €","2,90 €/Kg"
Café em cápsulas aqtivus,Delta Q,Embalagem de 55 g,"59,82 €/Kg","59,82 €/Kg"
Café torrado lote chávena máquina,Delta,Embalagem de 250g,"9,16 €/Kg","9,16 €/Kg"
Manteiga amendoim cremosa,PorSi,Embalagem de 340g,"8,54 €/Kg","8,54 €/Kg"
Desodorizante roll on dermo invisible,Sanex,Embalagem de 50 ml,"50,80 €/L","50,80 €/L"
Palitos redondos,PorSi,Embalagem de 250 unidades,"1,15 €","1,15 €/Unidade"
Colher de esparguete de inox cabo oregon,PorSi,1 unidade,"8,89 €","8,89 €/Unidade"
Bolacha alfa,Nacional,Embalagem de 180g,"3,09 €","10,30 €/Kg"
Iogurte liquido proteína yopro morango/framboesa,Yopro,300 g,"5,97 €/Kg","5,97 €/Kg"
Rebuçados mel e limão,PorSi,Embalagem de 200g,"0,77 €","3,85 €/Kg"
Arroz Carolino,Saludães,Embalagem de 1 kg,"1,26 €","1,26 €/Kg"
Biscoitos canudinho recheio cacau,PorSi,Embalagem de 300g,"3,09 €","10,30 €/Kg"
Leite especial cálcio + vitamina d magro,Mimosa,Garrafa de 1 l,"1,29 €","1,29 €/L"
Fermento em pó,PorSi,Embalagem de 150 g,"1,89 €","17,18 €/Kg"
Whisky 15 anos c/caixa,J&B,Garrafa de 700 ml,"23,99 €","34,27 €/L"
Papel Anti-traça 4 Seasons,Raid,4 unidades,"1,99 €","1,99 €/Unidade"
Maçã Golden 70/75,Fruta do Dia,1 un = 150 gr (aprox.),"0,27 €","1,49 €/Kg"
Butter cookies,PorSi,Embalagem de 450g,"0,90 €","6,00 €/Kg"
Requeijão Ovelha,Saloio,170 g,"2,44 €","11,30 €/Kg"
Vinho frisante branco,Lapadas,Garrafa de 750 ml,"2,29 €","3,05 €/L"
Vinho Regional Península Setúbal Tinto,Periquita,"Caixa de 2x0,75 l","2,99 €","3,99 €/L"
Iogurte Líquido Frutos Tropicais,PorSi,1 Embalagem 4X160G,"1,31 €","2,05 €/Kg"
Caramelos de fruta,Penha,Embalagem de 250 g,"1,19 €","4,76 €/Kg"
Iogurte mix-in nesquik,Nestle,Embalagem de 2 x 115 g,"4,23 €/Kg","4,23 €/Kg"
Polpa de tomate em garrafa,Compal,Embalagem de 500g,"3,84 €","24,00 €/Kg"
Esparguete Clássica,Nacional,Embalagem de 500 g,"0,99 €","1,98 €/Kg"
Nata uht,Mimosa,embalagem de 200 ml,"1,69 €","6,76 €/Kg"
Limpa máquinas de loiça limão,PorSi,Embalagem de 250 ml,"1,49 €","5,96 €/L"
Descascador de batata cabo áqua,PorSi,1 unidade,"8,89 €","8,89 €/Unidade"
Feijão branco fidalgo,Legumes secos,1 un = 100 gr. (aprox.),"0,23 €","2,29 €/Kg"
"Linguíca, 4 unidades",PorSi,Embalagem de 180 g,"1,14 €","5,70 €/Kg"
"Tesoura de escritório, 17 cm",Domédia,1 unidade,"2,19 €","109,50 €/L"
Sacos cubos de gelo,PorSi,Embalagem com 15 unidades,"1,11 €","1,11 €/Unidade"
Iogurte Pedaços Pêssego,PorSi,Embalagem de 2x135 g,"1,87 €","1,25 €/Kg"
Polpa de tomate com cebola e alho,Compal,Embalagem de 500g,"3,84 €","24,00 €/Kg"
Cueca Incontinência Boutique Plus G,Ausonia Discreet,Embalagem de 8 Un.,"9,99 €","9,99 €/Unidade"
Champô cabelos pintados,Labell,Embalagem de 250 ml,"5,59 €","13,98 €/L"
Salsa,PorSi,Embalagem de 50g,"0,99 €","19,80 €/Kg"
Sumo natural de ananás bio,Cemporcent,Garrafa de 200 ml,"2,19 €","2,19 €/L"
Bolachas digestivas go maçã,Triunfo,Embalagem de 170g,"1,19 €","5,95 €/Kg"
Moscatel de Setúbal,Bacalhoa,Garrafa de 750 ml,"5,99 €","7,99 €/L"
"Limpa vidros pistola, cristal",Ajax,Embalagem de 500 ml,"3,19 €","6,38 €/L"
Massa esparguete,Milaneza,Embalagem de 500g,"0,99 €","1,98 €/Kg"
"Frigideira anti-aderente, 20cm",PorSi,1 unidade,"9,99 €","9,99 €/Unidade"
Uno cartas,Mattel,1 unidade,"23,99 €/Unidade","23,99 €/Unidade"
Desodorizante spray energy,Labell Men,Embalagem de 200 ml,"1,39 €","6,95 €/L"
Depilatório homem gel,Veet,Garrafa de 200 ml,"2,99 €","14,95 €/L"
Água mineral natural alcalina,MONCHIQUE,"6x1,5l","1,79 €","0,33 €/L"
Iogurte aroma 0% tutti fruti/coco,Longa vida,Embalagem de 6 x 120 g,"1,44 €","2,88 €/Kg"
Tablete de chocolate culinário negro,PorSi,Embalagem de 200 g,"0,99 €","4,95 €/Kg"
Bolachas starship tradicional,PorSi,Embalagem de 150g,"0,90 €","6,00 €/Kg"
Vinho rosé mateus emotion,Mateus,Garrafa de 750 ml,"4,29 €","5,72 €/L"
Bandas de cera facial peles normais,Veet,Embalagem de 20 unidades,"6,99 €","6,99 €/Unidade"
Bolacha vida equilíbrio ameixa e fibra,Cemporcent,Embalagem de 140g,"1,45 €","11,15 €/Kg"
Iogurte líquido morango/cereais,PorSi,Embalagem de 4 x 160 g,"1,31 €","2,05 €/Kg"
Autocaravana de férias,Lego,1 unidade,"24,99 €/Unidade","24,99 €/Unidade"
"Lenços de bolso sensitive, brancos, 10 unidades",Renova,1 embalagem de 18x10,"0,89 €","0,89 €/Unidade"
Acetona,PorSi,Embalagem de 60 ml,"1,09 €","4,36 €/L"
Mortadela fatiada com azeitonas,PorSi,Embalagem de 200 g,"0,95 €","4,75 €/Kg"
Lixivia perfumada,PorSi,Garrafa de 2 l,"2,59 €","1,30 €/L"
Polpa tomate biológico,Guloso,Embalagem de 500g,"3,84 €","24,00 €/Kg"
Caldo de galinha 24 cubos,Knorr,Embalagem de 240g,"3,84 €","24,00 €/Kg"
Sidra maçã,Bandida,Lata de 500 ml,"1,59 €","3,18 €/L"
Mousse de chocolate leite,Páturages,Embalagem de 4x60 g,"0,99 €","1,65 €/Kg"
Aguardente vínica velha,Alianca v.,Garrafa de 700 ml,"14,27 €","20,39 €/L"
Adoçante com doseador,PorSi,Embalagem 300 comprimidos,"5,99 €","23,96 €/Kg"
Paté de atum,PorSi,Embalagem de 65 g,"1,19 €","13,52 €/Kg"
Cocktail de marisco,PorSi,Embalagem de 400 g,"4,99 €","6,24 €/Kg"
Lixívia tradicional,PorSi,Embalagem de 2 l,"1,74 €","0,35 €/L"
Vinho bag-in-box branco,C.alqueva,Garrafa de 5 l,"9,49 €","1,90 €/L"
Néctar 8 frutos,Bongo,Pack 3 x 200 ml,"0,99 €","0,99 €/L"
"Pasta dentífrica, dentes/gensivas sensitive",Labell,Embalagem de 75 ml,"2,39 €","31,87 €/L"
Batedor de ovos cabo áqua,PorSi,1 unidade,"8,89 €","8,89 €/Unidade"
Café moagem normal: original,Buondi,Embalagem de 220g,"3,49 €","13,96 €/Kg"
Leite C/ Chocolate,Mimosa,Embalagem de 4 x 200 ml,"0,26 €","1,30 €/L"
Leite uht sem lactose magro,PorSi Viva Bem,1 litro,"0,83 €","0,83 €/L"
Bolachas integrais,PorSi,Embalagem de 200g,"1,19 €","5,95 €/Kg"
Lixívia Spray Multiusos,Neoblanc,Embalagem de 650ml,"2,59 €","1,30 €/L"
Pensos de incontinência Maxi,Ausonia,Uma embalagem - 12Unidades,"7,99 €","7,99 €/Unidade"
Natas para café,President,Embalagem de 10X10G,"1,69 €","6,76 €/Kg"
Detergente liquido loiça limão,PorSi,Garrafa de 1 litro,"1,05 €","2,10 €/L"
Vinho maduro branco meio seco,Adega grande,Garrafa de 750 ml,"1,59 €","2,12 €/L"
Molho iogurte,PorSi,Garrafa de 285 ml,"0,87 €","2,90 €/Kg"
Cereais fitness,Nestle,Embalagem de 380g,"3,29 €","8,77 €/Kg"
"Creme de muda de fralda, para bebé",Pommette,Embalagem de 100 ml,"0,59 €","5,90 €/L"
Cerveja com álcool abadia,Super Bock,pack 6 x 0.33 l,"1,99 €/L","1,99 €/L"
Massa alimentícia spaghetti,Barilla,Embalagem de 500g,"1,49 €","1,49 €/Kg"
Lentilhas vemelhas,PorSi Viva Bem,Embalagem de 500 g,"1,19 €","2,38 €/Kg"
Salsichas Frankfurt em lata,Izidoro,Embalagem de 120g,"0,75 €","3,75 €/Kg"
Bolacha de manteiga belga c/ chocolate,Saborosa,Embalagem de 200g,"1,69 €","6,76 €/Kg"
Guitarra,Panda,1 un.,"14,99 €/Unidade","14,99 €/Unidade"
Batata frita palha,PorSi,Embalagem de 160g,"0,87 €","5,44 €/Kg"
Anti-traça lavanda,Raid,2 unidades,"1,99 €","1,99 €/Unidade"
Bolachas com cobertura de chocolate de leite,Oreo,Embalagem de 250g,"2,09 €","13,06 €/Kg"
Esmagador em inox cabo oregon,PorSi,1 unidade,"8,89 €","8,89 €/Unidade"
Renovador Camurça em Spray Preto,Búfalo,Embalagem de 250 ml,"2,89 €","14,45 €/L"
Escova para calçado,Sonaf,1 unidade,"1,49 €","1,49 €/Unidade"
Lixívia Spray Mousse Flor,Neoblanc,Embalagem de 700ml,"2,59 €","1,30 €/L"
Lixívia Spray Mousse,Neoblanc,Embalagem de 700ml,"2,59 €","1,30 €/L"
Água Tónica Zero,Schweppes,Garrafa de 1 l,"1,95 €","1,95 €/L"
Desodorizante de pés em spray,Protex,Embalagem de 150 ml,"5,59 €","37,27 €/L"
Tapa fugas,Redex,Embalagem de 250 ml,"14,99 €","14,99 €/L"
Colher de esparguete de nylon cabo áqua,PorSi,1 unidade,"8,89 €","8,89 €/Unidade"
Gelatina pronta a comer morango,Royal,Embalagem de 4 x 100 g,"0,85 €","2,13 €/Kg"
Garfo de inox cabo oregon,PorSi,1 unidade,"8,89 €","8,89 €/Unidade"
Palitos super finos,PorSi,Embalagem de 85 unidades,"1,15 €","1,15 €/Unidade"
Concha molhos de inox cabo oregon,PorSi,1 unidade,"8,89 €","8,89 €/Unidade"
Gelado pecan deligh,PorSi Select,Embalagem de 500ml,"2,69 €","5,38 €/L"
Gelado carte d'or yogurt & forest fruit,Olá,Embalagem de 900 ml,"2,69 €","5,38 €/L"
Ambientador vela maçã e canela,PorSi,1 unidade,"2,53 €","2,53 €/Unidade"
Chourição fatiado,PorSi,Embalagem de 200g,"2,12 €","10,60 €/Kg"
Tablete de chocolate de leite com amêndoas - sem açú...,PorSi Viva Bem,Embalagem de 100 g,"6,50 €/Kg","6,50 €/Kg"
Champanhe brut,Pommery,Garrafa de 0.75 l,"40,29 €","53,72 €/L"
Nata para culinária ligeira,Mimosa,Embalagem de 200 ml,"1,69 €","6,76 €/Kg"
Manteiga magra,Mimosa,Embalagem de 250g,"1,89 €","7,56 €/Kg"
Tamaras,PorSi,Embalagem de 200g,"0,79 €","3,95 €/Kg"
Cerveja com álcool,Kings Bräu,"Embalagem de 0,33 l","1,99 €/L","1,99 €/L"
Feijão encarnado em frasco,PorSi,frasco de 540 g,"2,19 €","2,81 €/Kg"
Infusão cidreira,Cemporcent,Embalagem de 10 unidades,"0,89 €","80,91 €/Kg"
Caldeirada de bacalhau,PorSi,Embalagem de 1 kg,"6,39 €","7,99 €/Kg"
Pano limpa pó de flanela,PorSi,1 unidade,"1,64 €","1,64 €/Unidade"
Creme para calçado incolor,PorSi,50 ml,"0,99 €","19,80 €/L"
Vassoura pequena,PorSi,unidade,"2,20 €","2,20 €/Unidade"
Spray optimal 7 cozinha,Ajax,500 ml,"1,79 €","2,39 €/L"
Baby Comando TV,Baby Clementoni,1 un.,"14,99 €/Unidade","14,99 €/Unidade"
Massa de cotovelinhos,Nacional,Embalagem de 500g,"0,99 €","1,98 €/Kg"
Sabonete original,Palmolive,Embalagem de 4x90 g,"4,49 €","12,47 €/Kg"
Néctar vital equilibrio laranja/cenoura/manga,Compal,Embalagem de 1 l,"0,99 €","0,99 €/L"
Sumo 100% fresh maçã,Compal,Garrafa de 330 ml,"1,09 €","0,73 €/L"
Couve de bruxelas,PorSi,Embalagem de 750 g,"1,98 €","1,98 €/Kg"
Mopa 1.2 spray max,Vileda,1 unidade,"0,89 €","0,89 €/Unidade"
Chourico picante beiras,PorSi,Embalagem de 290g,"1,14 €","5,70 €/Kg"
Spray wc anticalcário,PorSi,embalagem de 750 ml,"3,99 €","7,98 €/L"
Napolitanas creme cacau,PorSi,Embalagem de 320g,"1,77 €","5,53 €/Kg"
Café moagem universal brasil,Delta,Embalagem de 220g,"3,49 €","13,96 €/Kg"
Mini tostas de trigo,Diatosta,Embalagem de 350 g,"2,39 €","6,83 €/Kg"
Ice tea limão,Lipton,Embalagem de 1L,"1,90 €","1,27 €/L"
Madalenas de Laranja,Brioxa,12 Unidades - Embalagem de 500 g,"1,77 €","5,53 €/Kg"
Sacos higiénicos para animal,Canaillou,4 x 20 unidades,"1,19 €","0,24 €/Kg"
Pasta dentífrica herbal branqueadora,Colgate,Embalagem de 75 ml,"2,39 €","31,87 €/L"
Lambrusco bianco,*,Garrafa de 750 ml,"2,09 €","2,79 €/L"
Mini tostas trigo super finas,PorSi,Embalagem de 100 g,"2,39 €","6,83 €/Kg"
Torta natas com cobertura de cacau,PorSi,Embalagem de 300g,"1,77 €","5,53 €/Kg"
Bebida de Amêndoa,PorSi Viva Bem,1 litro,"2,19 €","2,19 €/L"
Lixívia densa verde,Neoblanc,Embalagem de 1 l,"1,74 €","0,35 €/L"
Batata frita palha,PorSi,Embalagem de 500g,"0,87 €","5,44 €/Kg"
Bolachas choco mini estrelas,Milka,Embalagem de 190g,"2,78 €/Kg","2,78 €/Kg"
Balões latex amarelos,PorSi,Embalagem com 24 unidades,"1,54 €","1,54 €/Unidade"
Tostas integrais,Diatosta,Embalagem de 225 g,"2,39 €","6,83 €/Kg"
Gelatina pronta a comer light 10 kcal melancia,Royal,Embalagem de 4 x 100 g,"0,85 €","2,13 €/Kg"
Salsichas em lata,PorSi,Embalagem  de 120 g,"0,75 €","3,75 €/Kg"
Gelatina light de morango,Condi,Embalagem de 2x15g,"0,55 €","61,11 €/Kg"
Lâmpada auto 12v 21w 5w,Ecauto,1 unidade,"6,99 €","6,99 €/Unidade"
Vinho branco regional península de setúbal,Joao pires,Garrafa de 0.75 l,"2,99 €","3,99 €/L"
Sombrinhas decorativas,PorSi,Embalagem com 25 unidades,"1,54 €","1,54 €/Unidade"
Fralda Cueca de Banho |Tamanho 5 - 11-18 kg,Pommette,unidade,"3,99 €","3,99 €/Unidade"
Bolachas,Oreo,Embalagem de 220g,"2,09 €","13,06 €/Kg"
Cerveja com álcool,Sagres,Garrafa de 1 l,"1,99 €/L","1,99 €/L"
"Líquido refrigerante, verde 10%",PorSi,Embalagem de 5 l,"3,99 €","0,80 €/L"
Frango do Campo Inteiro c/ Miúdos Programa Origens,PorSi Select,Vendido ao peso,"1,05 €","2,99 €/Kg"
Compal da horta concentrado tomate,Compal,Embalagem de 140g,"3,84 €","24,00 €/Kg"
Mega Grua,Volvo,32 cm,"24,99 €/Unidade","24,99 €/Unidade"
Lambrusco rose,*,Garrafa de 750 ml,"2,29 €","3,05 €/L"
Fruta para bebé maçã banana morango +8 meses,Nestle,Embalagem de 90g,"0,74 €","8,22 €/Kg"
Ambientador tealights frutos vermelhos,PorSi,embalagem com 18 unidades,"2,53 €","2,53 €/Unidade"
Bollycao,Bollycao,Embalagem de 2 unidades,"1,77 €","5,53 €/Kg"
Rolo tira pelos 12 folhas,PorSi,1 unidade,"1,09 €","1,09 €/Unidade"
Vinho maduro tinto,Alto de Pias,Garrafa de 5 l,"5,19 €","1,04 €/L"
Sidra maçã,Somersby,pack 4 x 0.33 l,"1,59 €","3,18 €/L"
Fralda cueca T5 - 12 a 18 kg,PorSi,20 unidades,"3,99 €","3,99 €/Unidade"
Chuchu,Legumes do Dia,1 un = 250 gr  (aprox.),"0,47 €","4,69 €/Kg"
Lápis evolution nº 2 HB,Bic,1 embalagem,"2,69 €","2,69 €/Unidade"
Senses Tropical,Trident,1 un.,"0,89 €","59,33 €/Kg"
Chili com carne,Itinéraire des Saveurs,Embalagem 300G,"2,29 €","7,63 €/Kg"
Sopa Creme de Marisco,PorSi,Embalagem de 80 g,"0,84 €","13,55 €/Kg"
Iogurte natural 0%,PorSi Viva Bem,Embalagem de 6 x 125 g,"0,65 €","1,30 €/Kg"
Pizza marguerita,PorSi,Embalagem de 2 x 300 g,"2,16 €","6,17 €/Kg"
Salsichas Frankfurt em lata,Izidoro,Embalagem de 250g,"0,75 €","3,75 €/Kg"
Cevada solúvel,PorSi,Embalagem de 200g,"1,64 €","6,56 €/Kg"
Iogurte natural açucarado em frasco de vidro,PorSi,Embalagem de 2 x 125 g,"0,65 €","1,30 €/Kg"
Desinfetante p/ Cozinha,Sanytol,Embalagem de 750 ml,"4,49 €","5,99 €/L"
Mini tosta trigo,Diatosta,Embalagem de 90 g,"2,39 €","6,83 €/Kg"
"Gomas talhadas, sabor a melancia",Fini,Embalagem de 100 g,"1,19 €","3,97 €/Kg"
Esparguete integral com aveia,Milaneza,Embalagem de 500g,"0,99 €","1,98 €/Kg"
"Refresco em pó, tropical",Tang,Embalagem de 30g,"0,75 €","18,75 €/Kg"
Bambolitos brancos,PorSi,Embalagem de 150g,"0,79 €","5,27 €/Kg"
Néctar tutti-fruti,Compal,Pack 3 x 200 ml,"0,99 €","0,99 €/L"
Leite uht magro,Mimosa,Embalagem de 1 litro,"0,83 €","0,83 €/L"
Vinho maduro branco,Alorna,Garrafa de 0.75 l,"1,59 €","2,12 €/L"
Gelatina pronta a comer light 10 kcal ananás,Royal,Embalagem de 4 x 100 g,"0,85 €","2,13 €/Kg"
Refrigerante sem gás laranja,Trina,"Garrafa de 1,5 l","1,90 €","1,27 €/L"
Caderno Agrafado Capa Preta |A5 Quadriculado,Domédia,1 unidade,"3,69 €","3,69 €/Unidade"
Corta pizza cabo áqua,PorSi,1 unidade,"8,89 €","8,89 €/Unidade"
Infusão cavalinha,Cemporcent,Embalagem de 10 unidades,"0,89 €","80,91 €/Kg"
Iogurte líquido morango/banana,PorSi,Embalagem de 4 x 160 g,"1,31 €","2,05 €/Kg"
Caldo de galinha 16 cubos,Knorr,Embalagem de 160g,"3,84 €","24,00 €/Kg"
Jogo Joker Kids,Clementoni,1 un.,"9,99 €/Unidade","9,99 €/Unidade"
"Gel depilatório, peles sensiveis",Labell,Embalagem de 200 ml,"2,99 €","14,95 €/L"
Semente girassol,Salutem,Embalagem de 200g,"3,39 €","22,60 €/Kg"
Polpa de maracuja,PorSi,Embalagem de 565g,"1,99 €","2,37 €/Kg"
Vinho maduro branco,C.da eira,Garrafa de 1 l,"0,69 €","2,76 €/L"
Bolacha dourada dietnature,Gullon,Embalagem de 330g,"2,11 €/Kg","2,11 €/Kg"
Gel Banho Apollo,Axe,Embalagem de 400 ml,"5,99 €","14,98 €/L"
Cerveja sem álcool,Super Bock,Pack 6 x 20 cl,"5,99 €","3,03 €/L"
Manhãzitos original,Manhazitos,Embalagem 6x2 unidades,"1,77 €","5,53 €/Kg"
Nectar vital equilibrio ananás/coco,Compal,Embalagem de 1 l,"0,99 €","0,99 €/L"
Gelatina frutos tropicais  10kcal,Royal,Embalagem de 30g,"0,55 €","61,11 €/Kg"
Flan sabor a baunilha com caramelo,PorSi,Embalagem de 6 x 100 g,"0,99 €","1,65 €/Kg"
Azeite Virgem,Oliveira da Serra,Embalagem de 750 ml,"3,29 €","4,39 €/L"
Iogurte tipo grego natural açucarado,PorSi,1 kg,"1,49 €","2,98 €/Kg"
Nestum zero espelta/aveia,Nestum,Embalagem de 250 g,"4,99 €","4,99 €/Kg"
Snack dentastix grande,Pedigree,Embalagem de 270 g,"5,58 €/Kg","5,58 €/Kg"
Gel de Banho Secrets Oil Avocato,Dove,Embalagem de 500 ml,"6,39 €/L","6,39 €/L"
Pasta dentífrica branco intenso,Aquafresh,Embalagem de 75 ml,"2,39 €","31,87 €/L"
Almofada antialérgica,PorSi,45 x 60 cm,"5,00 €/Unidade","5,00 €/Unidade"
Pensos proteção calos,PorSi,embalagem com 9 unidades,"0,59 €","1,18 €/L"
Pilha alcalina classic lr03x4,Domédia,1 unidade,"1,49 €","1,49 €/Unidade"
Cesto multiusos com gancho,PorSi,1 unidade,"2,50 €","2,50 €/Unidade"
Ervilhas,PorSi,Embalagem de 1 kg,"1,98 €","1,98 €/Kg"
10 nuggets peito de frango e queijo,Capitão Iglo,Embalagem de 210g,"2,79 €","8,72 €/Kg"
Vinho tinto regional tejo reserva,Alorna,Garrafa de 0.75 l,"3,99 €","5,32 €/L"
Bebida de coco com arroz,PorSi Viva Bem,1 litro,"2,19 €","2,19 €/L"
Shoyce aveia& amendoa 0%,Shoyce,Garrafa de 1 l,"2,19 €","2,19 €/L"
Ambientador elétrico + recarga alfazema,PorSi,1 unidade,"3,74 €","3,74 €/Unidade"
Pão forma familiar normal,Bimbo,embalagem de 700 g,"0,99 €","1,65 €/Kg"
Pensos Higiénicos Cottonlike com Abas Normal Plus,Evax,28 unidades,"2,59 €","2,59 €/Unidade"
Bebida aveia sem açúcar,Alpro,Embalagem de 1 l,"2,19 €","2,19 €/L"
Aperfeiçoador BB Cream Oil Free Médio,Garnier,Embalagem de 40 ml,"2,99 €","59,80 €/L"
Salva os Oceanos,Science4You,1 unidade,"9,99 €/Unidade","9,99 €/Unidade"
Natas para café,President,Embalagem de 10X10G,"1,12 €","5,60 €/L"
Leite uht magro,PorSi,Embalagem de 1 litro,"0,83 €","0,83 €/L"
Leite s/ lactose meio gordo,Mimosa,Garrafa de 1 l,"1,29 €","1,29 €/L"
Caderno Agrafado Capa Preta |A4 Pautado,Domédia,1 unidade,"3,69 €","3,69 €/Unidade"
Salsa folhas,PorSi,Saqueta de 12 g,"0,25 €","0,25 €/Kg"
Chourico carne das beiras,PorSi,Embalagem de 290g,"1,14 €","5,70 €/Kg"
Cappuccino intenso,Nescafe,Embalagem de 130g,"3,19 €","25,52 €/Kg"
3 garfos para bife 12 cm,PorSi,1 conjunto,"8,89 €","8,89 €/Unidade"
Ice tea de manga,PorSi,"Embalagem de 6x0,20 l","1,90 €","1,27 €/L"
Whisky,J&B,Garrafa de 700 ml,"23,49 €","23,49 €/L"
Amaciador G. Maravilhosa,Ultra Suave,Embalagem de 400 ml,"1,00 €","5,00 €/L"
"Amaciador de roupa, pure",Comfort,Garrafa de 4 l,"8,99 €","2,25 €/L"
Gelatina morango 10kcal,Royal,Embalagem de 30g,"0,55 €","61,11 €/Kg"
Líquido wc active clean mint & jasmin,Ambipur,750 ml,"3,99 €","7,98 €/L"
Sidra maçã,Somersby,"Pack 15x0,20 L","1,59 €","3,18 €/L"
Queijo flamengo em fatias,Terra Nostra,Embalagem de 200g,"1,96 €","9,80 €/Kg"
Sal de mesa,PorSi,Embalagem de 250 g,"0,25 €","0,25 €/Kg"
Mini tostas integrais,PorSi,Embalagem de 180g,"2,39 €","6,83 €/Kg"
Flakes,Cuetara,Embalagem de 500g,"4,19 €","7,62 €/Kg"
Arroz brajma,Cigala,Embalagem de 1 kg,"1,26 €","1,26 €/Kg"
Óleo Cedro Líquido,PorSi,Embalagem de 200 ml,"1,39 €","1,26 €/L"
Iogurte tipo grego stracciatella,PorSi,Embalagem de 500g,"1,49 €","2,98 €/Kg"
Moinho pimenta preta em grão,PorSi,Frasco com 45 g,"0,25 €","0,25 €/Kg"
Lixívia tradicional,PorSi,Embalagem de 1 l,"1,74 €","0,35 €/L"
Spray power&shine casa de banho,Cif,Garrafa de 750 ml,"3,99 €","5,32 €/L"
Vinho branco,PorSi,embalagem de  3X187 ml,"0,69 €","2,76 €/L"
Penso de incontinência maxi,Ausonia Discreet,Embalagem de 8 un.,"7,99 €","7,99 €/Unidade"
Abrasivo sanitário gel marinho,PorSi,embalagem de 1 litro,"1,09 €","1,09 €/L"
Pistachios com sal,PorSi,Embalagem de 200g,"0,79 €","3,95 €/Kg"
Bolachas com duplo creme,Oreo,Embalagem de 190g,"2,09 €","13,06 €/Kg"
Leite uht gordo,Agros,Embalagem de 1 litro,"1,19 €","1,19 €/L"
Recarga mopa,PorSi,1 unidade,"2,20 €","2,20 €/Unidade"
"Agrafos nº24/6, 2000 unidades",Maped,Uma embalagem,"2,49 €","2,49 €/Unidade"
Papel Higiénico Puríssimo 3 Folhas,Renova,Embalagem c/ 12 rolos,"1,99 €","1,99 €/Unidade"
Infusão nº 5 emagrecimento,Cemporcent,Embalagem de 10 unidades,"0,89 €","80,91 €/Kg"
Nata uht para bater,Parmalat,Embalagem de 200 ml,"1,69 €","6,76 €/Kg"
Xarope grenadine,Paquito,Garrafa de 750 ml,"3,69 €","4,92 €/L"
Creme p/ Calçado Preto,Búfalo,Embalagem de 40 ml,"0,99 €","19,80 €/L"
Água s/ gás,Luso,Pack 6 x 1.5 l,"1,79 €","0,33 €/L"
Água com gás,Vimeiro,pack 6 x 0.25 l,"2,85 €","2,85 €/L"
Gelatina morango 8 kcal,PorSi,Embalagem de 4 x 100 g,"0,85 €","2,13 €/Kg"
Néctar de 8 frutos,Bongo,Garrafa de 1 l,"0,99 €","0,99 €/L"
Colher furada em inox cabo oregon,PorSi,1 unidade,"8,89 €","8,89 €/Unidade"
Café solúvel viena,Nescafe,Embalagem de 140g,"14,50 €/Kg","14,50 €/Kg"
Ração seca para gato adulto de peixe,PorSi,Embalagem 2 kg,"12,99 €","4,33 €/Kg"
"Fermento em pó, lata",Royal,Embalagem de 110g,"1,89 €","17,18 €/Kg"
Ice tea de manga,Lipton,Garrafa de 2 l,"1,90 €","1,27 €/L"
Vermute rosso,Martini,Garrafa de 1 l,"11,99 €","11,99 €/L"
Perolas perfumadas floral,PorSi,Embalagem de 275 g,"31,99 €","31,99 €/Unidade"
Pão de forma integral,Bimbo,Embalagem de 480 g,"0,99 €","1,65 €/Kg"
Cereais all bran,Kellogg's,Embalagem de 380g,"3,29 €","8,77 €/Kg"
"Limpa vidros pistola, tripla acção",Ajax,Embalagem de 500 ml,"3,19 €","6,38 €/L"
Iogurte Pedaços Amoras/Mirtilo,PorSi,Embalagem 2X135 g,"4,38 €","2,19 €/Kg"
Açúcar amarelo,PorSi,Embalagem de 1 kg,"1,49 €","1,49 €/Kg"
Especialidade de soja natural,PorSi Viva Bem,Embalagem de 4 x 100 g,"2,95 €","5,90 €/Kg"
Iogurte líquido tutti-frutti,Danone,Embalagem de 4 x 155 g,"1,31 €","2,05 €/Kg"
Vela em número nº5,PorSi,1 unidade,"0,60 €","0,60 €/Unidade"
Tentáculos pota,PorSi,Embalagem de 800G,"5,49 €","6,86 €/Kg"
Café em cápsulas  qonvictus,Delta Q,Embalagem de 55 g,"59,82 €/Kg","59,82 €/Kg"
Creme de fixação para dentaduras,Labell,Embalagem de 50 g,"7,39 €","105,57 €/Kg"
"Pensos diários respirare, 44 unidades",Carefree,Uma embalagem,"1,79 €","1,79 €/Unidade"
Néctar de pera,PorSi,Pack 3 x 200 ml,"0,99 €","0,99 €/L"
Agrafador + 400 agrafos,Domédia,Uma embalagem,"2,19 €","109,50 €/L"
Milho doce,Bonduelle,Embalagem de 150 g,"2,19 €","2,81 €/Kg"
"Alimento seco para cão, croquetes pro adulto",PorSi Select,Embalagem de 4 Kg,"1,15 €/Kg","1,15 €/Kg"
Iogurte líquido yoggi banana,Nestle,Embalagem de 4 x 160 g,"1,31 €","2,05 €/Kg"
"Alimento húmido para cão, galinha e cordeiro",Pedigree,Embalagem de 400g,"0,75 €","2,50 €/Kg"
"Ice tea, pêssego",PorSi,"Embalagem de 6x0,20 l","1,90 €","1,27 €/L"
Camarão moçambique 60/80,PorSi,800 g,"8,99 €","25,69 €/Kg"
Lambrusco rose,*,Garrafa de 750 ml,"2,09 €","2,79 €/L"
6 empadas de galinha,PorSi,Embalagem de 330g,"1,79 €","7,16 €/Kg"
Limpa carpetes,PorSi,Embalagem de 1 litro,"2,49 €","2,49 €/L"
Bebida amêndoa,Shoyce,Embalagem de 1 litro,"0,99 €","0,99 €/L"
Pizza fresca de fiambre e queijo,PorSi,400 g,"0,99 €","4,30 €/Kg"
Pêssego metades calda,PorSi,Embalagem de 3x205g,"1,99 €","2,37 €/Kg"
Autocarro Formas e Cores,Baby Clementoni,1 unidade,"14,99 €/Unidade","14,99 €/Unidade"
Feijão manteiga,PorSi,Embalagem de 500g,"0,95 €","1,90 €/Kg"
Bolachas maria,Triunfo,Embalagem de 200g,"2,11 €/Kg","2,11 €/Kg"
Desinfetante de frutas e vegetais,Clean Essence,500 ml,"0,47 €","4,69 €/Kg"
Bagas de goji,Salutem,Embalagem de 100g,"3,39 €","22,60 €/Kg"
"Rolos de cozinha compactos, branco, máxima absorção,...",Renova,1 unidade,"4,99 €","4,99 €/Unidade"
Farinha rainha c/ fermento,Nacional,Embalagem de 1000 g,"1,99 €","1,99 €/Kg"
Esponja limpa camurça,PorSi,1 unidade,"1,49 €","1,49 €/Unidade"
Fraldas agility T5 de 13 a 18 kg,PorSi,44 unidades,"6,49 €","6,49 €/Unidade"
Laboratório Mecânica Camião de Mina,Clementoni,1 unidade,"9,99 €","9,99 €/Unidade"
Mini Tostas de Trigo,PorSi,Embalagem de 350 g,"2,39 €","6,83 €/Kg"
Mel em frasco de vidro,Jorge v.f.,Embalagem de 500g,"2,25 €","9,00 €/Kg"
Lixivia perfumada,PorSi,Garrafa de 2 l,"1,74 €","0,35 €/L"
Ração seca para cão croquetes pro júnior,PorSi Select,Embalagem de 3 Kg,"1,15 €/Kg","1,15 €/Kg"
Massa pevide,Nacional,Embalagem de 250g,"0,99 €","1,98 €/Kg"
Anti-traça Maçã Verde,Dum Dum,2 unidades,"1,99 €","1,99 €/Unidade"
Nabo Roxo s/ Rama,Programa Origens,1 un = 200 gr  (aprox.),"0,48 €","2,39 €/Kg"
Bolachas vitalday recheio iogurte c/ frutos vermelho...,Gullon,Embalagem de 220g,"1,45 €","11,15 €/Kg"
Creme vegetal para barrar,PorSi,Embalagem de 500 g,"1,99 €","3,98 €/Kg"
Néctar pêssego,Compal,Pack 3 x 200 ml,"0,99 €","0,99 €/L"
Óleo 15w40,PorSi,Embalagem de 5 l,"14,99 €","14,99 €/L"
Bollycao® dip dip,Bollycao,Embalagem de 43g,"1,00 €","23,26 €/Kg"
Sobremesa tiramisú,Páturages,Embalagem de 4 x 80 g,"0,55 €","2,75 €/Kg"
Camião c/ Escavadora Luz e som,Volvo,32 cm,"24,99 €/Unidade","24,99 €/Unidade"
Cogumelos laminados,*,Embalagem de 250g,"0,70 €","6,99 €/Kg"
Bolacha maria doces,Vieira,Embalagem de 300g,"2,11 €/Kg","2,11 €/Kg"
Café mistura peninsular,Delta,Embalagem de 250g,"1,64 €","6,56 €/Kg"
Papel de alumínio,PorSi,50 metros,"1,11 €","1,11 €/Unidade"
Spray desinfetante multiusos,Lysol,Embalagem de 500 ml,"1,29 €","0,86 €/L"
Desinfetante de frutas e vegetais,Clean Essence,500 ml,"1,89 €/Kg","1,89 €/Kg"
Lapiseira Velocity + 12minas,Bic,1 unidade,"2,69 €","2,69 €/Unidade"
Escumadeira de inox cabo oregon,PorSi,1 unidade,"8,89 €","8,89 €/Unidade"
Fiambre da Pá,PorSi,1 un = 150 gr (aprox.),"0,97 €","6,49 €/Kg"
Leite condensado magro,PorSi,Embalagem de 390 g,"1,09 €","2,75 €/Kg"
8 hamburguers s/ glúten frango,Capitão Iglo,Embalagem de 480g,"11,44 €/Kg","11,44 €/Kg"
Queijo Flamengo em Barra,Terra Nostra,1 un = 150 gr (aprox.),"1,96 €","9,80 €/Kg"
Gel wc anticalcário sem lixívia,PorSi,"Garrafa de 1,5 l","4,39 €","5,85 €/L"
Perfume Happy,Rebel,100 ml,"11,99 €","79,93 €/L"
Café com cafeina solúvel,Delta,Embalagem de 20g,"14,50 €/Kg","14,50 €/Kg"
Bolachas marítimas clássicas,PorSi Viva Bem,Embalagem de 200g,"1,45 €","11,15 €/Kg"
Crocodilo dentista,Hasbro,1 un.,"9,99 €/Unidade","9,99 €/Unidade"
Gelado cookies & cream,PorSi Select,Embalagem de 500ml,"2,69 €","5,38 €/L"
Bebida de soja com cálcio,PorSi Viva Bem,Embalagem de 1 litro,"2,49 €","2,49 €/L"
Maionese,PorSi,Embalagem de 260 g,"0,87 €","2,90 €/Kg"
Néctar de laranja e cenoura light,PorSi,Embalagem de 1 litro,"0,84 €","2,55 €/L"
"Pasta dentífrica, tripla ação",Labell,Embalagem de 75 ml,"2,39 €","31,87 €/L"
Colher furada de nylon cabo áqua,PorSi,1 unidade,"8,89 €","8,89 €/Unidade"
Leite de pastagem meio-gordo,Terra Nostra,Embalagem de 1 litro,"0,83 €","0,83 €/L"
20 saquetas chá yellow label,Lipton,Embalagem de 30g,"0,99 €","99,00 €/Kg"
Cerveja super bock,Super Bock,Pack 6 x 200 ml,"1,99 €/L","1,99 €/L"
Salsa folhas,PorSi,Embalagem de 10g,"0,25 €","0,25 €/Kg"
Whisky,Grants,Garrafa de 1 l,"23,49 €","23,49 €/L"
Sopa Canja de Galinha c/ Aletria,PorSi,Embalagem de 75 g,"0,84 €","13,55 €/Kg"
Esponja autobrilhante,PorSi,3 g,"2,25 €","45,00 €/L"
Papel higiénico branco 2 folhas,PorSi,48 rolos,"1,99 €","1,99 €/Unidade"
Tablete de chocolate culinário 70% negro,PorSi,Embalagem de 200 g,"0,99 €","4,95 €/Kg"
Mistura para coelhos,Rac.zezere,Embalagem de 5 kg,"4,09 €","0,82 €/Kg"
Gel Duche Men Active Clean,Nivea Men,Embalagem de 500 ml,"5,99 €","14,98 €/L"
Nestum chocolate,Nestum,Embalagem de 250g,"3,29 €","4,39 €/Kg"
Limpa carpetes,PorSi,Embalagem de 1 litro,"4,99 €","11,47 €/L"
Cogumelos fatiados,PorSi,Embalagem de 400g,"1,98 €","1,98 €/Kg"
Café descafeinado,PorSi,Embalagem de 250g,"1,59 €","6,36 €/Kg"
Peluche Unicórnio Interativo,Baby Clementoni,unidade,"27,99 €/Unidade","27,99 €/Unidade"
Bolachas Maria sem Açúcar,Vieira de Castro,Embalagem de 300 g,"2,11 €/Kg","2,11 €/Kg"
Tablete chocolate de leite,PorSi,embalagem de 100 g,"5,30 €/Kg","5,30 €/Kg"
Bebida Energética Red Grape,Hell,250 ml,"1,95 €","1,95 €/L"
Cereais chocapic,Nestle,Embalagem de 375 g,"4,19 €","7,62 €/Kg"
Leite seleccionado meio gordo,Matinal,Garrafa de 1 l,"0,83 €","0,83 €/L"
Tira gorduras recarga,Mistolin,Garrafa de 550 ml,"4,49 €","5,99 €/L"
Moscatel Pedro Álvares Cabral,Martha's,Garrafa de 0.75L,"5,99 €","7,99 €/L"
Infusão nº 13 diabet control,Cemporcent,Embalagem de 10 unidades,"0,89 €","80,91 €/Kg"
Caixa Cubo Pearls,Jacquot,Embalagem de 200g,"8,29 €","31,28 €/Kg"
Cuvete para gelo,PorSi,1 unidade,"8,89 €","8,89 €/Unidade"
Yofu com polpa de fruta,Alpro,Embalagem de 4x125 g,"2,95 €","5,90 €/Kg"
Sumo 100% laranja,Compal,1 litro,"1,09 €","0,73 €/L"
Néctar vital equilibrio manga/maracujá,Compal,Embalagem de 1 l,"0,84 €","2,55 €/L"
Bolachas marinheiras s/ sal,Cemporcent,Embalagem de 200g,"1,45 €","11,15 €/Kg"
Areia para gatos 100% natural,PorSi,Embalagem de 5 kg,"1,19 €","0,24 €/Kg"
Leite condensado,PorSi,Embalagem de 397 g,"1,09 €","2,75 €/Kg"
Actimel tutti-frutti,Danone,Embalagem de 6 x 100g,"4,15 €/Kg","4,15 €/Kg"
Doce de morango,PorSi Select,200 g,"1,89 €","9,45 €/Kg"
Champô anti-caspa,Labell,Embalagem de 400 ml,"5,59 €","13,98 €/L"
Legumes grelhados,PorSi,Embalagem de 750g,"1,98 €","1,98 €/Kg"
Pudim de chocolate,PorSi,Embalagem de 110g,"0,59 €","29,50 €/Kg"
Spray anti-bolores,Cif,435 ml,"4,99 €","11,47 €/L"
Cereais estrelitas,Nestle,Embalagem de 550g,"4,19 €","7,62 €/Kg"
Cem porcento-chá infusão sem barriga,Cemporcent,Embalagem de 13g,"0,99 €","99,00 €/Kg"
Farinha para pão integral,Nacional,Embalagem de 1 kg,"1,99 €","1,99 €/Kg"
Bolachas cracker sem sal,PorSi,Embalagem de 500g,"0,39 €","3,12 €/Kg"
Soro fisiológico,PorSi,Embalagem de 100 ml,"0,59 €","5,90 €/L"
Dispensador com sacos higiénicos para animal,Canaillou,2 x 20 unidades,"1,19 €","0,24 €/Kg"
Puzzles Sereia / Lama,Olivo,60 peças,"9,99 €/Unidade","9,99 €/Unidade"
Noodle banzai carne,Cigala,Embalagem de 70g,"0,99 €","1,98 €/Kg"
Leite uht meio gordo,Agros,Embalagem 1L,"0,83 €","0,83 €/L"
Proti soja grânulos,Salutem,Embalagem de 400g,"2,09 €","5,23 €/Kg"
"Coloração permanente, preto natural, nº3",Excellence,1 unidade,"9,49 €/Unidade","9,49 €/Unidade"
Palitos superfinos,PorSi,Embalagem de 400 unidades,"1,15 €","1,15 €/Unidade"
Cápsulas de café qharacter,Delta Q,Embalagem de 60g,"59,82 €/Kg","59,82 €/Kg"
Faca cozinha 15 cm madeira,PorSi,1 unidade,"4,99 €","4,99 €/Unidade"
"Livro ""Era uma Vez… Contos Intemporais""",Yoyo Books,1 unidade,"5,99 €/Unidade","5,99 €/Unidade"
Vinagre balsâmico modena,Gallo,Garrafa de 250 ml,"0,35 €","0,70 €/L"
Pudim caramelo,PorSi,Embalagem de 90g,"0,59 €","29,50 €/Kg"
Porto special reserva,Q.harris,Garrafa de 750 ml,"9,99 €","13,32 €/L"
Gel Barbear Mach3 Conforto Extra,Gillette,Embalagem de 200 ml,"1,16 €","4,64 €/L"
Spray limpeza casa de banho optimal 7,Ajax,Embalagem de 500 ml,"3,99 €","7,98 €/L"
Chá camomila,Cemporcent,Embalagem de 40g,"1,79 €","44,75 €/Kg"
Leite evaporado,PorSi,Embalagem de 410g,"1,09 €","2,75 €/Kg"
Refrigerante com gás free,Seven-up,"Garrafa de 1,25 l","0,40 €/L","0,40 €/L"
Limpa vidros azul,PorSi,Embalagem de 1 l,"3,99 €","0,80 €/L"
"Creme depilatório para duche, peles sensiveis",Veet,Garrafa de 150 ml,"2,99 €","14,95 €/L"
Açafrão das Índias,PorSi,Embalagem de 50g,"0,25 €","0,25 €/Kg"
Atum posta em óleo,General,Embalagem de 110g,"1,69 €","14,08 €/Kg"
Gelado cornetto morango,Olá,Embalagem de 6 x 90 ml,"5,99 €","16,64 €/L"
vinho do Porto Ruby,Velhotes,"garrafa de 0,75 l","5,99 €","7,99 €/L"
"Bombons de chocolate, praleine",Schogetten,Embalagem de 100g,"5,30 €/Kg","5,30 €/Kg"
Batata Pré-Frita Dauphines,PorSi,500 g,"3,99 €","1,60 €/Kg"
Vinho bag-in-box tinto,C.alqueva,Garrafa de 5 l,"9,49 €","1,90 €/L"
Leite uht meio gordo,Mimosa,Embalagem de 1 litro,"0,83 €","0,83 €/L"
Sopa da pedra,PorSi,Embalagem de 420 g,"2,29 €","7,63 €/Kg"
Insecticida recarga,Biokill,Embalagem de 375 ml,"4,49 €","11,97 €/L"
Infusão funcho,Cemporcent,Embalagem de 10 unidades,"0,89 €","80,91 €/Kg"
Arroz agulha,Cigala,Embalagem de 1 kg,"1,26 €","1,26 €/Kg"
2 Toalhas de bidé,PorSi,30 x 50 cm,"5,00 €/Unidade","5,00 €/Unidade"
Bolo recheio de chocolate multipack,Chipicao,Embalagem de 230g,"1,77 €","5,53 €/Kg"
Gelado carte d'or chocolate brownie,Olá,Embalagem de 900 ml,"2,69 €","5,38 €/L"
Milho para pipocas,Globo,Embalagem de 400g,"1,65 €","12,69 €/Kg"
Molas de madeira,PorSi,36 unidades,"0,89 €","0,89 €/Unidade"
Iogurte sabor a coco,PorSi,Embalagem de 4 x 125 g,"1,87 €","1,25 €/Kg"
Salsichas extra suculentas de frango,Nobre,Frasco de 210g,"0,75 €","3,75 €/Kg"
Pensos Incontinência Mulher Discreet Normal Night,Tena,10 unidades,"7,99 €","7,99 €/Unidade"
Infusão de camomila,Tetley,Embalagem de 10g,"0,89 €","80,91 €/Kg"
Levedura de cerveja,Cemporcent,Embalagem de 150g,"3,39 €","22,60 €/Kg"
Magnum mini white mix,Olá,Embalagem de 6 x 55 ml,"5,99 €","16,64 €/L"
"Fiambre extra, fatiado",PorSi,Embalagem de 200g,"0,97 €","6,49 €/Kg"
Leite UHT Meio Gordo,PorSi,Embalagem de 200 ml,"0,83 €","0,83 €/L"
Tostas suecas integrais,PorSi,Embalagem de 225 g,"2,39 €","6,83 €/Kg"
Iogurte arôma de frutos vermelhos,PorSi,Embalagem de 8x125 g,"1,87 €","1,25 €/Kg"
Sobremesa gelatina de morango,PorSi,Embalagem 4X100G,"0,85 €","2,13 €/Kg"
Bagas de cranberry,Cemporcent,Embalagem de 125 g,"0,79 €","3,95 €/Kg"
Queijo flamengo 0% lactose,PorSi Viva Bem,Embalagem de 150 g,"0,89 €","4,45 €/Kg"
Bolachas crackers com sal,PorSi,Embalagem de 500g,"0,39 €","3,12 €/Kg"
Líquido wc duraguard pinho da montanha,Harpic,Garrafa de 750 ml,"3,99 €","7,98 €/L"
Mignonnettes Moir de Noir,Cote D'or,Embalagem de 240 g,"0,99 €","4,95 €/Kg"
Lava Tudo Perfumado Lavanda,PorSi,Embalagem de 2 l,"0,99 €","0,50 €/L"
Tablete de chocolate preto,Nestle,Embalagem de 130g,"0,99 €","4,95 €/Kg"
Champô Caracóis Hidratados,Tresemmé,500 ml,"5,59 €","13,98 €/L"
"Alimento húmido para gato 7+, aves",Whiskas,Embalagem de 400g,"2,75 €","6,88 €/Kg"
Sementes de girassol,PorSi Viva Bem,Embalagem de 200 g,"1,59 €","10,60 €/Kg"
Escova para lavar,PorSi,1 unidade,"2,20 €","2,20 €/Unidade"
Esferográfica Cristal Ouro e Prata x2,Bic,1 unidade,"2,69 €","2,69 €/Unidade"
Néctar de laranja,Bongo,Garrafa de 1 l,"0,99 €","0,99 €/L"
Liegeois de chocolate,Milchfrisc,Embalagem de 200g,"0,55 €","2,75 €/Kg"
Corantes alimentares ducros,Vahine,Garrafa de 20 ml,"1,89 €","17,18 €/Kg"
Iogurte vidro pedaços morango,PorSi,Embalagem de 2 x 135 g,"1,49 €","2,98 €/Kg"
Dessert topping chocolate,Winsenia,Embalagem de 300g,"1,29 €","3,23 €/Kg"
Azeite virgem delicado,Gallo,Garrafa de 750 ml,"3,29 €","4,39 €/L"
"12 lápis de cor, 18cm",Domédia,Uma embalagem,"3,19 €","3,19 €/Unidade"
Vermute bianco,Martini,Garrafa de 1 l,"11,99 €","11,99 €/L"
Vinho regional lisboa branco,Marginal,Garrafa de 750 ml,"3,99 €","5,32 €/L"
Lixívia Tradicional,Neoblanc,Embalagem de 4 l,"1,74 €","0,35 €/L"
Areia para gato aglomerante,PorSi,Embalagem de 5 litros,"1,19 €","0,24 €/Kg"
Polpa de cebola e alho,PorSi,Embalagem de 500 g,"3,84 €","24,00 €/Kg"
Iogurte líquido frutos tropicais,Longa vida,Embalagem de 4 x 160 g,"1,31 €","2,05 €/Kg"
Iogurte líquido pinacolada corpos danone,Danone,Embalagem de 4 x 155 g,"1,31 €","2,05 €/Kg"
Pó de talco,PorSi,Embalagem de 250g,"0,59 €","5,90 €/L"
Sopa de Cebola,PorSi,Embalagem de 62 g,"0,84 €","13,55 €/Kg"
Pudim flan,PorSi,Embalagem de 4 x 5.6 g,"0,59 €","29,50 €/Kg"
Tarteletes com recheio avelã,PorSi,Embalagem de 91g,"2,78 €/Kg","2,78 €/Kg"
Sementes de chia,PorSi Viva Bem,Embalagem de 150 g,"1,59 €","10,60 €/Kg"
Concentrado de laranja,Sunquick,Garrafa de 700 ml,"3,69 €","4,92 €/L"
Café moagem universal portugal,Delta,Embalagem de 250g,"3,49 €","13,96 €/Kg"
Anticalcário,Viakal,Embalagem de 500 ml,"1,09 €","1,09 €/L"
Iogurte grego maçã e canela,Danone,Embalagem de 4 x 110 g,"1,49 €","2,98 €/Kg"
Iogurte oikos pêssego,Danone,Embalagem de 4 x 110g,"1,49 €","2,98 €/Kg"
Bife de Frango,Frango,Vendido ao peso a partir de 1 kg,"1,05 €","2,99 €/Kg"
Óleo aloé vera,Johnson's Baby,Embalagem de 300 ml,"5,59 €","18,63 €/L"
Fralda Cueca de Banho |Tamanho 4 - 6-12 kg,Pommette,,"3,99 €","3,99 €/Unidade"
Argolas Romana,PorSi,Embalagem de 400 g,"1,79 €","7,16 €/Kg"
Infusão melhores digestões,Cemporcent,Embalagem de 10 unidades,"0,89 €","80,91 €/Kg"
Pensos Higiénicos Cottonlike Super Com Abas,Evax,12 unidades,"2,59 €","2,59 €/Unidade"
Pensos Higiénicos Ultra Air Dry C/ Abas,Ausonia,embalagem com 14 un.,"2,59 €","2,59 €/Unidade"
Marcador Turbo Color x12,Giotto,Uma embalagem,"4,69 €","4,69 €/Unidade"
Lenços de bolso 4 folhas,PorSi,Embalagem de 18 x 10 unidades,"0,89 €","0,89 €/Unidade"
Massa spaghetti tricolore,Milaneza,Embalagem de 500 g,"0,99 €","1,98 €/Kg"
Bacalhau com natas,PorSi,Embalagem de 380g,"1,79 €","7,16 €/Kg"
Oikos morango 110g x4,Danone,Embalagem de 440g,"1,49 €","2,98 €/Kg"
"Guardanapos brancos, 33x33cm, 2 folhas, 90 unidades",Renova,Uma embalagem,"1,29 €","1,29 €/Unidade"
Puzzles Sereia / Lama,Olivo,60 peças,"7,99 €/Unidade","7,99 €/Unidade"
Néctar 8 frutos,Bongo,Pack 6 x 200 ml,"0,99 €","0,99 €/L"
Queijo Flamengo Bola Metades,PorSi,Vendido ao peso,"1,96 €","9,80 €/Kg"
Mortadela de peru com azeitonas,PorSi,1 un = 150 gr (aprox.),"0,95 €","4,75 €/Kg"
Dentifríco anti-tártaro + branqueador,Colgate,Embalagem de 75 ml,"2,39 €","31,87 €/L"
Bolachas bambolitos chocolate e leite,PorSi,Embalagem de 150g,"0,79 €","5,27 €/Kg"
Lambrusco tinto,*,Garrafa de 750 ml,"2,09 €","2,79 €/L"
Cereais cookie crisp,Nestle,Embalagem de 380g,"4,19 €","7,62 €/Kg"
Cera de depilação profissional,Veet,Garrafa de 300 ml,"6,99 €","6,99 €/Unidade"
Forma de papel para bolos 6. 8cm,PorSi,Embalagem com 60 unidades,"0,54 €","0,54 €/Unidade"
Vinagre vinho branco 250ml,Cristal,Garrafa de 250 ml,"0,35 €","0,70 €/L"
Água c/ gás limão,Frize,pack 4 x 0.25 l,"2,85 €","2,85 €/L"
Cozedor micro-ondas a vapor p/ arroz 2 l,Snips,1 un.,"8,89 €","8,89 €/Unidade"
Arroz agulha,Pato real,Embalagem de 1 kg,"1,26 €","1,26 €/Kg"
Iogurte aroma de banana,PorSi,Embalagem de 4x125g,"1,87 €","1,25 €/Kg"
Pilha alcalina hightech lr20x2,Domédia,1 unidade,"1,49 €","1,49 €/Unidade"
Mimosa bem especial leite e amêndoa,Mimosa,Embalagem de 1 litro,"0,99 €","0,99 €/L"
Creme vegetal culinário,Vaqueiro,Embalagem de 250 g,"2,89 €","2,89 €/Kg"
Guardanapos | Dim.: 30 x 33 cm,PorSi,Embalagem com 20 unidades,"1,29 €","1,29 €/Unidade"
Nata uht p/ bater 0% lactose,Parmalat,Embalagem de 200 ml,"1,69 €","6,76 €/Kg"
Alecrim em folhas,PorSi,Embalagem de 25g,"0,25 €","0,25 €/Kg"
Bolacha digestiva go canela,Triunfo,Embalagem de 170g,"1,19 €","5,95 €/Kg"
Manteiga pasteurizada com sal cuvet,Primor,Embalagem de 250g,"1,89 €","7,56 €/Kg"
Queijo Flamengo Bola 1/4,PorSi,Vendido ao peso,"1,96 €","9,80 €/Kg"
Gelatina ananás 10kcal,Royal,Embalagem de 30g,"0,55 €","61,11 €/Kg"
Azeite virgem extra clássico,Gallo,Garrafa de 250 ml,"3,29 €","4,39 €/L"
Gofres,PorSi,Embalagem de 150 g,"0,77 €","5,13 €/Kg"
Leite UHT Meio Gordo,PorSi,1 l,"0,83 €","0,83 €/L"
Desodorizante roll-on invisible,Rexona,Embalagem de 50 ml,"50,80 €/L","50,80 €/L"
Recarga  para esfregona tiras,PorSi,1 unidade,"0,89 €","0,89 €/Unidade"
Porto branco,Valadao,Garrafa de 750 ml,"11,99 €","15,99 €/L"
Sal marinho integral,Cemporcent,Embalagem de 1 kg,"0,69 €","0,69 €/Kg"
Garfo de nylon cabo áqua,PorSi,1 unidade,"8,89 €","8,89 €/Unidade"
Acendalha Querosene,Quinas,Uma embalagem - 32Unidades,"0,75 €","0,75 €/Unidade"
Ração para Gato Esterilizado com Vaca,Purina One,"Embalagem de 1,5 kg","12,99 €","4,33 €/Kg"
Gelo em cubos,PorSi,Embalagem de 2 kg,"1,00 €","0,50 €/Kg"
Café 5 estrelas moído tradição,Sical,Embalagem de 250g,"3,49 €","13,96 €/Kg"
Lombos de salmão,PorSi,Embalagem de 300g,"4,39 €","10,98 €/Kg"
Banha,PorSi,Embalagem de 940 g,"2,89 €","2,89 €/Kg"
Autocaravana de férias,Lego,1 unidade,"7,99 €/Unidade","7,99 €/Unidade"
Croutons com azeite,PorSi,Embalagem de 150g,"2,39 €","6,83 €/Kg"
Marmelada,PorSi,Embalagem de 450g,"1,09 €","2,42 €/Kg"
Detergente Multiusos Spray,Ajax,Garrafa de 500 ml,"1,29 €","0,86 €/L"
"Esferográfica, 4 cores",Bic,1 unidade,"2,69 €","2,69 €/Unidade"
Atum posta ao natural,Bom petisc,Embalagem de 120 g,"1,69 €","14,08 €/Kg"
Azeite virgem extra dop trás-os-montes,PorSi Select,Embalagem 750 ml,"3,29 €","4,39 €/L"
Crepes de legumes,PorSi,Embalagem de 310g,"1,79 €","7,16 €/Kg"
"Vela em número, nº 6",PorSi,1 unidade,"0,60 €","0,60 €/Unidade"
Cápsulas de café delta qualidus,Delta Q,Embalagem de 60g,"59,82 €/Kg","59,82 €/Kg"
Noodle banzai galinha,Cigala,Embalagem de 70g,"0,99 €","1,98 €/Kg"
Ambientador Difusor Frutos Vermelhos,PorSi,50 ml,"2,53 €","2,53 €/Unidade"
Lava Tudo Amoniacal,Sonasol,"Garrafa de 1,3 l","0,99 €","0,50 €/L"
Tablete de chocolate leite com amêndoas,PorSi Select,200 g,"6,50 €/Kg","6,50 €/Kg"
Peito de peru fatiado,PorSi,Embalagem de 200g,"2,25 €","11,25 €/Kg"
Lápis de cor 18 cm,Domédia,embalagem com 18 unidades,"3,19 €","3,19 €/Unidade"
Molho de maionese com alho e ervas,PorSi,Garrafa de 120 ml,"0,87 €","2,90 €/Kg"
Tablete de chocolate leite,Schogetten,Embalagem de 100g,"5,30 €/Kg","5,30 €/Kg"
Pastilhas fire canela,CHICLETS,Embalagem de 16 g,"0,89 €","59,33 €/Kg"
Snacks para Cão Markies Mini,Pedigree,Embalagem de 500 g,"5,58 €/Kg","5,58 €/Kg"
"Pensos diários maxiplus, 30 unidades",Evax,Uma embalagem,"1,79 €","1,79 €/Unidade"
Cacau magro em pó,PorSi,Embalagem de 125 g,"1,79 €","8,95 €/Kg"
Fiambre da perna extra,PorSi,Pack Poupança de 2 x 170 g,"0,97 €","6,49 €/Kg"
Tostas integrais,PorSi,Embalagem de 225g,"2,39 €","6,83 €/Kg"
Tira gorduras dia a dia,Mistolin,Garrafa de 750 ml,"1,79 €","2,39 €/L"
Pensos clássicos,PorSi,20 unidades,"0,59 €","1,18 €/L"
Fiambre da perna extra baixo teor de gordura fatias ...,PorSi Viva Bem,Embalagem de 200 g,"0,97 €","6,49 €/Kg"
Bolacha cream cracker,Cuetara,Embalagem de 200g,"0,39 €","3,12 €/Kg"
Bebida de soja e chocolate,PorSi Viva Bem,Embalagem de 1 l,"2,49 €","2,49 €/L"
Crepe chocolate,PorSi,Embalagem de 540g,"3,99 €","7,39 €/Kg"
Café Moagem Universal Honduras,PorSi,Embalagem de 220g,"9,16 €/Kg","9,16 €/Kg"
Chá infusão nº3 prostal control,Cemporcent,Embalagem de 13g,"0,99 €","99,00 €/Kg"
Ice tea de pêssego,PorSi,Garrafa de 2 l,"1,90 €","1,27 €/L"
"Amaciador de roupa, azul",Comfort,Garrafa de 4 l,"8,99 €","2,25 €/L"
Descafeinado em cápsulas Pianíssimo 10x5g,PorSi Select,Embalagem de 50g,"1,59 €","6,36 €/Kg"
Favas ultracongeladas,PorSi,Embalagem de 400g,"1,98 €","1,98 €/Kg"
Nestum flocos de cereais integrais,Nestum,Embalagem de 250g,"3,29 €","4,39 €/Kg"
Actimel natural,Danone,Embalagem de 600g,"4,15 €/Kg","4,15 €/Kg"
Creme Depilatório Peles Normais,Veet,Embalagem de 200 ml,"2,99 €","14,95 €/L"
Infusão de camomila,Tetley,Embalagem de 10g,"0,99 €","23,02 €/Kg"
Vela com número 4,PorSi,1 unidade,"0,60 €","0,60 €/Unidade"
Forma Pão de Ló Antiaderente 24cm,PorSi,1 unidade,"9,99 €","9,99 €/Unidade"
Fruta para bebé banana laranja bolacha +6 meses,Nestle,Embalagem de 90g,"0,74 €","8,22 €/Kg"
Tampa de micro-ondas com válvula,PorSi,1 unidade,"8,89 €","8,89 €/Unidade"
Iogurte pedaços frutas variadas,PorSi,Embalagem de 16 x 125 g,"4,38 €","2,19 €/Kg"
Azeite virgem extra dop moura,PorSi Select,Embalagem de 0.75L,"3,29 €","4,39 €/L"
Mistura sol sem café granulado,PorSi,Embalagem de 200g,"1,64 €","6,56 €/Kg"
Café torrado em grão,PorSi,250 g,"9,16 €/Kg","9,16 €/Kg"
Detergente liquido para máquina de lavar roupa activ...,Skip,Embalagem de 80 doses,"31,99 €","31,99 €/Unidade"
After Shave Bálsamo Sensitive Cool,Nivea Men,Embalagem de 100 ml,"1,16 €","4,64 €/L"
Elixir intense clean,Aquafresh,Embalagem de 500 ml,"5,99 €","11,98 €/L"
Queijo Flamengo Fatias,PorSi,Embalagem 500G,"1,96 €","9,80 €/Kg"
Salada de fruta em calda,PorSi,Embalagem de 3 x 220 g,"1,99 €","2,37 €/Kg"
"Caixa com saquetas de  pau de canela, 30 unidades",PorSi,Embalagem 90G,"0,25 €","0,25 €/Kg"
"Batata frita wavy, ondulada",PorSi,Embalagem de 90g,"1,06 €","5,73 €/Kg"
"Cueca de incontinência, adulto, pequena",PorSi,Embalagem com 14 unidades,"9,99 €","9,99 €/Unidade"
Molho 4 pimentas,PorSi,Embalagem de 120 ml,"0,87 €","2,90 €/Kg"
Massa aletria,PorSi,Embalagem de 500g,"0,99 €","1,98 €/Kg"
Café c/ cafeína intenso,Nescafe,Embalagem de 100g,"14,50 €/Kg","14,50 €/Kg"
Néctar de laranja e cenoura light,PorSi,Embalagem de 3 x 200 ml,"0,84 €","2,55 €/L"
Massa meada,PorSi,Embalagem de 500g,"0,99 €","1,98 €/Kg"
Raspador de citrinos cabo áqua,PorSi,1 unidade,"8,89 €","8,89 €/Unidade"
Tomate em pedaços,PorSi,Embalagem de 390g,"2,19 €","2,81 €/Kg"
Escova plástica (cores sortidas),PorSi,1 unidade,"0,89 €","0,89 €/Unidade"
Vinho tinto doc dão,Cabriz,Garrafa de 0.75 l,"7,49 €","9,99 €/L"
Creme vegetal sabor manteiga,PorSi,Embalagem de 500 g,"1,99 €","3,98 €/Kg"
Abrasivo sanitário pinho e eucalipto,PorSi,embalagem de 1 litro,"1,09 €","1,09 €/L"
Óleo alimentar,Vêgê,Embalagem de 1 l,"3,39 €","3,39 €/L"
Tablete de chocolate oreo,Milka,Embalagem de 300g,"5,30 €/Kg","5,30 €/Kg"
Vulcão,Science4You,1 unidade,"9,99 €","9,99 €/Unidade"
Sementes de girassol,Cemporcent,Embalagem de 150 G,"1,39 €","9,27 €/Kg"
Royal gelatin,Royal,Embalagem de 400g,"0,85 €","2,13 €/Kg"
"Limpa vidros, rosa",Redex,Embalagem de 5 l,"3,99 €","0,80 €/L"
Queijo fundido vaca que ri palitos light 140g,A Vaca Que Ri,Embalagem de 140g,"2,39 €","19,92 €/Kg"
Levedura de cerveja,Salutem,Embalagem de 150g,"3,39 €","22,60 €/Kg"
Arroz basmati,Caçarola,Embalagem de 1 kg,"1,26 €","1,26 €/Kg"
Cubos de tamboril,Mar Ibérica,Embalagem de 250 g,"4,39 €","10,98 €/Kg"
Pudim de chocolate,Boca Doce,Embalagem de 20g,"0,59 €","29,50 €/Kg"
"Máquina depiladora descartável, Body men",Gillette,Embalagem de 3 unidades,"9,99 €","49,95 €/L"
Flocos cereais chocolate,PorSi,Embalagem de 300g,"3,29 €","4,39 €/Kg"
Rebuçados drops recheio de fruta,PorSi,Embalagem de 250g,"1,08 €","5,40 €/Kg"
Pensos higiénicos liberty noite abas,Evax,Embalagem com 9 un.,"2,59 €","2,59 €/Unidade"
Balões latex verde,PorSi,Embalagem com 24 unidades,"1,54 €","1,54 €/Unidade"
Moscatel de setúbal,Pioneiro,Garrafa de 750 ml,"7,49 €","10,70 €/L"
Detergente manual de roupa,Omo,Embalagem de 540g,"2,38 €","4,67 €/Kg"
Creme de Mãos Intensivo,Nivea,Embalagem de 100 ml,"2,49 €","41,50 €/L"
Farinha de aveia integral,Cemporcent,Embalagem de 400g,"3,39 €","22,60 €/Kg"
Leite 0% lactose meio gordo,Mimosa,Embalagem de 200 ml,"0,99 €","0,99 €/L"
Vinho do Porto Tawny,Velhotes,"garrafa de 0,75 l","6,29 €","8,39 €/L"
Cereais corn flakes s/ glúten,Nestle,Embalagem de 380g,"3,99 €","7,98 €/Kg"
Sal marinho grosso,Vatel,Embalagem de 1 kg,"0,25 €","0,25 €/Kg"
Lasanha bolonhesa,Iglo,Embalagem de 300g,"2,16 €","6,17 €/Kg"
Esponja mágica tira manchas e riscos,PorSi,Embalagem com 2 unidades,"0,79 €","0,79 €/Unidade"
Lambrusco branco,Sorbello,Garrafa de 0.75 l,"2,09 €","2,79 €/L"
Bolacha com aveia,PorSi,Embalagem de 300 g,"1,19 €","5,95 €/Kg"
Semente linhaça amarela,Salutem,Embalagem de 250g,"3,39 €","22,60 €/Kg"
Vela com número nº 6,PorSi,1 unidade,"0,60 €","0,60 €/Unidade"
Compasso Origin 3 peças,Maped,Uma embalagem,"4,69 €","4,69 €/Unidade"
Farinha láctea,PorSi,Embalagem de 1 kg,"4,99 €","4,99 €/Kg"
Iogurte líquido de morango,Longa vida,Embalagem de 4 x 160 g,"1,31 €","2,05 €/Kg"
Oceana Máquinas Descartáveis,Venus,4 unidades,"8,99 €","8,99 €/Unidade"
Néctar de pera rocha e framboesa do Oeste Algarve,Compal,1 litro,"0,99 €","0,99 €/L"
