Nome,Marca,Unidade,Preço Primário,Preço Secundário
Super tea detox com selénio,Tetley,Embalagem de 40g,"1,19 €","59,50 €/Kg"
"Lixívia, perfume fresco",Neoblanc,Embalagem de 4 l,"2,19 €","1,10 €/L"
Miolo de camarão 80/100,Pescanova,Embalagem de 350g,"8,99 €","25,69 €/Kg"
"Maionese, frasco",Hellmman's,Embalagem de 210g,"0,70 €","2,33 €/Kg"
Saqueta de puré de fruta | maçã + banana + morango,PorSi,90 g,"0,74 €","8,22 €/Kg"
Guardanapos 2 folhas vermelhos e dourado,PorSi Select,40 unidades,"1,29 €","1,29 €/Unidade"
Cabo de metal com rosca,PorSi,1.20 m,"2,20 €","2,20 €/Unidade"
Leite de pastagem uht meio gordo,Milhafre,1 litro,"0,81 €","0,81 €/L"
Spray optimal 7 cozinha,Ajax,500 ml,"1,29 €","1,72 €/L"
Laboratório Mecânica Camião de Mina,Clementoni,1 unidade,"16,99 €/Unidade","16,99 €/Unidade"
Maxi folhado queijo/fiambre,Pastelaria do Dia,1 unidade = 125 g,"0,65 €","0,65 €/Unidade"
Vinho tinto regional península de setúbal,Q.camarate,Garrafa de 0.75 l,"8,59 €","11,45 €/L"
Azeite,PorSi,Garrafa de 1 l,"3,19 €","4,25 €/L"
Porto white,Ferreira,Garrafa de 750 ml,"11,99 €","15,99 €/L"
Mistura solúvel brasa,Nestle,Embalagem de 200g,"0,99 €","3,96 €/Kg"
Vinho regional península de setúbal tinto,J.m.f.,Garrafa de 750 ml,"8,59 €","11,45 €/L"
Whiskey bourbon,J.daniels,Garrafa de 700 ml,"32,99 €","47,13 €/L"
Semente pevide abóbora,Salutem,Embalagem de 200g,"2,29 €","11,45 €/Kg"
Biscoitos integrais sementes de agave,PorSi Viva Bem,Embalagem de 150g,"1,45 €","11,15 €/Kg"
Desumidificador e Ambientador Mini,HUMYDRY,embalagem de 75g,"4,59 €","61,20 €/Kg"
Vassoura cruzeta,PorSi,1 unidade,"2,20 €","2,20 €/Unidade"
Livro Hensel e Gretel,Europrice,1 unidade,"7,50 €/Unidade","7,50 €/Unidade"
Queijo vaca sem lactose,PorSi Viva Bem,250 g,"0,99 €","1,98 €/Kg"
Bebida energética ultra white,Monster,Garrafa de 500 ml,"5,39 €","5,39 €/L"
Sabonete sensitive,Palmolive,Embalagem de 4x90 g,"4,49 €","12,47 €/Kg"
Água Tónica Zero,Schweppes,Garrafa de 1 l,"5,39 €","5,39 €/L"
Iogurte pedaços ananás,PorSi,Embalagem de 4 x 125 g,"1,44 €","2,88 €/Kg"
Ração para gato esterilizado com peru,Friskies,Embalagem de 3 kg,"12,99 €","4,33 €/Kg"
Sobremesa banana/laranja/bolacha,Nestle,Embalagem de 4 x 100 g,"2,89 €","7,23 €/Kg"
Vinho tinto regional alentejano,Tapada do Barão,Garrafa de 0.75 l,"2,89 €","3,85 €/L"
Papel higiénico perfumado bouquet folha tripla,Foxy,4 + 2 rolos,"1,99 €","1,99 €/Unidade"
"Jogo ""Quem sou eu?""",Clementoni,1 unidade,"9,99 €/Unidade","9,99 €/Unidade"
Vinho doc douro tinto,Papa Figos,Garrafa de 0.75 l,"7,49 €","9,99 €/L"
"Vinho rosé, meio seco",Leziria,Garrafa de 750 ml,"4,29 €","5,72 €/L"
Água c/ gás groselha,Frize,pack 4 x 0.25 l,"2,85 €","2,85 €/L"
8 hamburguers s/ glúten frango,Capitão Iglo,Embalagem de 480g,"2,79 €","8,72 €/Kg"
Nestum 5 cereais,Nestum,Embalagem de 250g,"2,19 €","8,76 €/Kg"
Miolo de camarão cozido 40/60,Pescanova,Embalagem de 200 g,"8,99 €","25,69 €/Kg"
Limpa vidros recarga tripla ação,Ajax,Embalagem de 500 ml,"3,19 €","6,38 €/L"
Chocolate negro com coco,Cemporcent,Embalagem de 125g,"2,89 €","23,12 €/Kg"
Palitos superfinos,PorSi,Embalagem de 400 unidades,"1,50 €","1,50 €/Unidade"
Cebolinho,PorSi,Embalagem de 50g,"0,99 €","19,80 €/Kg"
Sumo essencial de pêssego,Compal,pack 3 x 0.11 l,"0,99 €","0,99 €/L"
Gel de banho bio kids,Corine de Farme,300 ml,"6,49 €","8,65 €/L"
10 nuggets de frango,Capitão Iglo,Embalagem de 210g,"2,79 €","8,72 €/Kg"
"Bolachas aperitivas, bacon",Tuc,Embalagem de 100g,"0,99 €","7,92 €/Kg"
Ambientador sense e spray lavanda e jasmim,Glade,18 ml,"3,74 €","3,74 €/Unidade"
Néctar clássico laranja,Compal,Embalagem de 1 l,"0,99 €","0,99 €/L"
Leite Bem Essencial Chocolate,Mimosa,Embalagem de 4 x 200 ml,"0,26 €","1,30 €/L"
"Luvas multiusos relevo antiderrapante, tamanho médio",PorSi,Embalagem de 1 unidades,"2,40 €","2,40 €/Unidade"
"Coloração permanente, castanho claro cobre nº54",Nutrisse,1 unidade,"9,49 €/Unidade","9,49 €/Unidade"
Guardanapos 2 folhas azul e dourado,PorSi Select,40 unidades,"1,29 €","1,29 €/Unidade"
Sortido tradição,Frusel,Embalagem de 250 g,"1,89 €/Kg","1,89 €/Kg"
Mortadela de peru com azeitonas,PorSi,1 un = 150 gr (aprox.),"1,05 €","6,99 €/Kg"
Óleo de girassol,PorSi,garrafa de 3 litros,"3,39 €","3,39 €/L"
Rum Spiced,Captain Morgan,"Garrafa de 0,70L","17,49 €","24,99 €/L"
Depilatório homem gel,Veet,Garrafa de 200 ml,"12,99 €","12,99 €/Unidade"
Fraldas Activity Extra T5 |13-19 kg,Dodot,48 Unidade,"6,49 €","6,49 €/Unidade"
Salsichas de porco,Nobre,Lata de 200g,"0,75 €","3,75 €/Kg"
Desinfetante em gel p/ wc,Cif,Garrafa de 750 ml,"2,79 €","3,72 €/L"
Spray tira gorduras eco,PorSi,Garrafa de 750 ml,"0,79 €","0,79 €/L"
Mala criativa,Lego,1 unidade,"12,99 €/Unidade","12,99 €/Unidade"
Salsichão fuet caseiro,Elpozo,Embalagem de 150g,"0,95 €","9,49 €/Kg"
Salsichas frasco hot dog,PorSi,Embalagem 540G,"0,75 €","3,75 €/Kg"
Queijo de nisa dop,PorSi Select,1 unidade = 280g (aprox.),"2,87 €","15,94 €/Kg"
Farinheira das beiras,PorSi,1 unidade = 730 g (aprox.),"1,39 €","6,95 €/Kg"
Plantanatur gorduras dia e noite refeições,PLANTANATU,Embalagem de 1 unidades,"7,59 €","126,50 €/Kg"
Vinho branco regional península de setúbal,Joao pires,Garrafa de 0.75 l,"8,59 €","11,45 €/L"
Pensos Higiénicos Ultra Air Dry C/ Abas,Ausonia,embalagem com 14 un.,"4,99 €","4,99 €/Unidade"
Lápis de cera,Giotto,embalagem com 12 unidades,"4,69 €","4,69 €/Unidade"
Palito com pele original style,MCCAIN,Embalagem de 500g,"1,39 €","1,39 €/Kg"
Cera liquida amarela,Novycera,Garrafa de 500 ml,"9,19 €","18,38 €/L"
Café lote normal moagem grossa,PorSi,Embalagem de 250 g,"3,49 €","13,96 €/Kg"
Esferográfica 4 Cores Shine,Bic,1 unidade,"2,49 €","2,49 €/Unidade"
Queijo de cabra,Palhais,Embalagem de 200g,"1,89 €","10,50 €/Kg"
"Gel para o cabelo, pasta remix",Studio Line,Embalagem de 150 ml,"4,19 €","16,76 €/L"
Doce light alperce,PorSi,Embalagem de 340g,"3,59 €","10,26 €/Kg"
Chocolate negro 90% cacau bio,Cemporcent,Embalagem de 100g,"2,89 €","23,12 €/Kg"
Arroz Carolino,Saludães,Embalagem de 1 kg,"0,99 €","0,99 €/Kg"
Caramelos de fruta,PorSi,Embalagem de 250g,"1,10 €","4,40 €/Kg"
Farinha de chia,Salutem,Embalagem de 200g,"2,29 €","11,45 €/Kg"
Linguas de gato,PorSi,Embalagem de 200 g,"0,69 €","3,45 €/Kg"
"Papel higiénico, seda, folha tripla, 4+2 rolos",Foxy,1 embalagem,"1,99 €","1,99 €/Unidade"
Filetes de cavala em azeite virgem extra,Bom Petisco,Embalagem de 120g,"0,89 €","7,42 €/Kg"
Agarro o Coco,Games,,"12,99 €/Unidade","12,99 €/Unidade"
Atum posta em óleo,General,Embalagem de 110g,"0,89 €","7,42 €/Kg"
Croissants brioche,s. tomé,Embalagem de 200 g,"7,40 €/Kg","7,40 €/Kg"
"Vinho tinto regional, península de setúbal, bag-in-b...",Dom Campos,Garrafa de 5 l,"9,49 €","1,90 €/L"
Iogurte fruta batida morango,Mimosa,Embalagem de 480g,"1,99 €","4,15 €/Kg"
Fraldas premium T4 - 9 a 15 kg,PorSi,50 unidades,"6,49 €","6,49 €/Unidade"
Frutose,Cemporcent,Embalagem de 250g,"1,94 €","3,88 €/Kg"
Carro de Corrida de Rua,Lego,1 unidade,"12,99 €/Unidade","12,99 €/Unidade"
Bife da Vazia,Novilho,Vendido ao peso a partir de 800 g,"6,39 €","7,99 €/Kg"
Caramelos de fruta de laranja single,Sugus,Embalagem de 50g,"1,10 €","4,40 €/Kg"
Anti-Traça Alimentos,Dum Dum,2 unidades,"4,69 €","4,69 €/Unidade"
Bombons de chocolate merci,Merci,Embalagem de 250g,"31,40 €/Kg","31,40 €/Kg"
Remove Insectos,PorSi,Embalagem de 1 l,"3,99 €","0,80 €/L"
"Vinho DOC Bairrada, Tinto",Selecção de Enófilos,"Garrafa de 1,5 L","6,49 €","8,65 €/L"
Biscoitos brownies,PorSi,Embalagem de 230g,"0,90 €","6,00 €/Kg"
Fita Adesiva Brico Facil Especial Dupla Face,Ceys,1 unidade,"3,19 €","3,19 €/Unidade"
Ataque do T-Rex,Playmobil,1 unidade,"9,99 €/Unidade","9,99 €/Unidade"
"Azeitonas pretas sem caroço, frasco de 165 g",PorSi,Embalagem de 165g,"1,79 €","2,29 €/Kg"
Refresco em pó de ananás,PorSi,Embalagem de 40 g,"0,75 €","18,75 €/Kg"
Vinho tinto cotes du rhone,Expert Club,Garrafa de 75 cl,"6,89 €","9,19 €/L"
Bolachas crackers integrais,PorSi,Embalagem de 500g,"0,39 €","3,12 €/Kg"
Vinho tinto,Pias,Garrafa de 5 l,"5,19 €","1,04 €/L"
Pensos peles sensíveis XL,PorSi,5 unidades,"1,69 €","1,69 €/Unidade"
Creme vegetal culinário,Vaqueiro,Embalagem de 250 g,"1,59 €","6,36 €/Kg"
Bolachas cacau com recheio baunilha,PorSi,Embalagem de 176 g,"0,79 €","4,49 €/Kg"
Ice tea de pêssego,PorSi,Garrafa de 2 l,"1,14 €","0,76 €/L"
Iogurte líquido yoggi cremoso pêssego/manga,Nestle,Embalagem de 4 x 160 g,"1,20 €","1,88 €/Kg"
Sopa de Caldo Verde,Brilha ali,Vendido ao peso,"1,19 €","2,98 €/Kg"
Bacalhau à Brás,PorSi,Embalagem de 1 kg,"1,91 €","4,78 €/Kg"
Queijo curado fatias sem lactose 2x150g,Casteloes,Embalagem de 2x150g,"1,56 €","7,80 €/Kg"
Bola de Berlim chocolate,PorSi,85g,"0,30 €/Unidade","0,30 €/Unidade"
Bebida de Soja Natural,PorSi Viva Bem,Pack: 3 x 200 ml,"2,49 €","2,49 €/L"
Lixívia para roupa tradicional,Neoblanc,Embalagem de 2 l,"2,19 €","1,10 €/L"
Bebida de amêndoa,Joya,Garrafa de 1 l,"1,59 €","1,59 €/L"
Farinha de trigo sem fermento t55,PorSi,Embalagem de 5 kg,"1,29 €","1,29 €/Kg"
"Alimento húmido para gato júnior, carne",Whiskas,Embalagem de 400g,"2,89 €","7,23 €/Kg"
Boudoirs,Du Bois de la Roche,Embalagem de 200 g,"0,69 €","3,45 €/Kg"
Wafers framboesa barras,Vieira,Embalagem de 150g,"0,98 €","4,67 €/Kg"
Bolacha dibus sharkies s/ glúten,Gullon,Embalagem de 250g,"1,89 €","15,75 €/Kg"
"Iogurte, sabor a morango",PorSi,Embalagem de 4 x 125 g,"1,87 €","1,25 €/Kg"
Ambientador recarga lavanda,Air Wick,Garrafa de 250 ml,"11,98 €","11,98 €/Unidade"
Mistura solúvel tofina despertar,Nestle,Embalagem de 200g,"0,99 €","3,96 €/Kg"
Fraldas de Incontinência Elásticos Grandes,Lindor,20 Unidades,"20,79 €","20,79 €/Unidade"
Álcool canforado 85%,PorSi,Embalagem de 250 ml,"1,69 €","1,69 €/Unidade"
Chourico vinho das beiras,PorSi,Embalagem de 280g,"1,22 €","6,78 €/Kg"
Comida húmida para gato seleção de aves,Gourmet mp,Embalagem de 300g,"2,89 €","7,23 €/Kg"
Cornflakes + gulosos,Cemporcent,Embalagem de 250g,"0,69 €","1,73 €/Kg"
Spray recarga limpeza da cozinha,Cif,embalagem de 70 ml,"0,79 €","0,79 €/L"
Creme marisco,Knorr,Embalagem de 70g,"0,84 €","13,55 €/Kg"
Lenços Bolso 15X10 3f,PorSi,1 Unidade,"0,89 €","0,89 €/Unidade"
Iogurte magro natural,Longa vida,Embalagem de 6 x 120 g,"0,99 €","1,32 €/Kg"
Prepar arroz marisco sem gluten cv 0.8kg,Brasmar,Embalagem de 800g,"1,91 €","4,78 €/Kg"
Limpa pavimentos flutuantes,PorSi,Embalagem de 1 litro,"1,99 €","3,98 €/L"
Maçã Royal Gala 70/75,Programa Origens,1 un = 150 gr (aprox.),"0,28 €","1,89 €/Kg"
Mousse limpeza refresh,Labell,Embalagem com 150ml,"12,48 €/L","12,48 €/L"
Azeitona mista,PorSi,Embalagem de 210g,"0,42 €","4,19 €/Kg"
Inseticida liquido vaporizador,Ezalo,Embalagem de 375 ml,"5,09 €","8,48 €/L"
Muesli tropical,Cemporcent,Embalagem de 500g,"0,69 €","1,73 €/Kg"
Sacos do lixo wc 5 litros,PorSi,30 sacos,"1,79 €","1,79 €/Unidade"
Óleo extra virgem de coco,Origensbio,Garrafa de 500 ml,"3,39 €","3,39 €/L"
Mega Grua,Volvo,32 cm,"9,99 €/Unidade","9,99 €/Unidade"
Iogurte natural 0%,PorSi Viva Bem,Embalagem de 6 x 125 g,"0,99 €","1,98 €/Kg"
Pensos diários maxi,Carefree,Embalagem com 64 unidades,"1,79 €","1,79 €/Unidade"
Farinha de milho 500g,ESPIGA,Embalagem de 500g,"1,29 €","1,29 €/Kg"
Bolachas recheadas com morango e cheesecake,Oreo,Embalagem de 150g,"0,79 €","4,49 €/Kg"
Bolachas belgas manteiga,PorSi,Embalagem de 250g,"1,69 €","6,76 €/Kg"
Pasta de amendoim com pedaços,Cemporcent,Embalagem de 200g,"5,99 €","19,97 €/Kg"
Elixir Anti-Tartaro,Listerine,500 ml,"1,29 €","2,58 €/L"
Leite condensado,Nestle,Embalagem de 370g,"1,09 €","2,75 €/Kg"
Pensos resistentes à água,PorSi,Embalagem com 15 unidades,"1,69 €","1,69 €/Unidade"
Vinho regional tejo 3 castas tinto,Fiuza,Garrafa de 750 ml,"3,99 €","5,32 €/L"
Tampões ProComfort Normal,O.B.,1 Embalagem c/32 unidades,"3,99 €","3,99 €/Unidade"
"Água com gás, sabor limão",PorSi,"Embalagem de 6x0,25 l","2,85 €","2,85 €/L"
Iogurte activia líquido kiwi,Danone,Embalagem de 4 x 155 g,"2,49 €","5,19 €/Kg"
Gelado tiramisu,PorSi,Embalagem de 900 ml,"5,49 €","6,10 €/L"
Queijo Curado Ilha Flor,Páturages,Vendido ao peso a partir de 250 gr,"2,42 €","9,69 €/Kg"
Leite uht magro com rosca,PorSi,1 litro,"0,81 €","0,81 €/L"
Couve Branca,Programa Origens,1 un = 1.5 kg (aprox.),"1,49 €","0,99 €/Kg"
Spray optimal 7 com lixivia,Ajax,Embalagem de 500 ml,"3,99 €","7,98 €/L"
Molho iogurte,PorSi,Garrafa de 285 ml,"0,70 €","2,33 €/Kg"
Vinagre de vinho branco,Cristal,Garrafa de 750 ml,"0,35 €","0,70 €/L"
Esfregona suave completa,Vileda,1 unidade,"0,89 €","0,89 €/Unidade"
Mega cozinha,Barbie,1 conjunto,"12,99 €/Unidade","12,99 €/Unidade"
Oleo alimentar,PorSi,Garrafa de 1 l,"3,39 €","3,39 €/L"
Patê figado de porco,La piara,Embalagem de 80g,"1,19 €","13,52 €/Kg"
Iogurte sólido sem lactose multifrutos,Mimosa,Embalagem de 480g,"1,87 €","1,25 €/Kg"
"Lava tudo, vinagre",Cif,"Garrafa de 1,4 l","0,99 €","0,50 €/L"
"Agrafos nº24/6, 2000 unidades",Maped,Uma embalagem,"1,35 €","1,35 €/Unidade"
Porto ruby,Valadao,Garrafa de 750 ml,"5,99 €","7,99 €/L"
Adoçante comprimidos,PorSi,Embalagem de 250 saquetas,"5,99 €","23,96 €/Kg"
Bolachas marinheiras espelta,Cemporcent,Embalagem de 200 g,"1,45 €","11,15 €/Kg"
Limpa fornos,PorSi,500 ml,"1,29 €","1,72 €/L"
Bolachas digestive chocolate,PorSi,Embalagem de 300g,"0,98 €","3,27 €/Kg"
Água mineral sem gás,Vimeiro,Pack 4 x 1.5 l,"1,04 €","0,17 €/L"
Vinho regional tejo reserva tinto,Casaleiro,Garrafa de 0.75 l,"3,99 €","5,32 €/L"
Vinagre balsâmico de modena gourmet,Gallo,Garrafa de 250 ml,"0,35 €","0,70 €/L"
Batata frita palha,Pala-pala,Embalagem de 250g,"0,87 €","5,44 €/Kg"
Licor triple seco 16%,Olaias,Garrafa de 1 l,"16,99 €","24,27 €/L"
Buondi extreme cafe moido 12x200g,Buondi,Embalagem de 200g,"3,49 €","13,96 €/Kg"
Carne Picada,Novilho,1 un = 200 gr (aprox.),"6,39 €","7,99 €/Kg"
Iogurte mix-in smarties baunilha,Nestle,Embalagem de 2 x 128 g,"4,23 €/Kg","4,23 €/Kg"
Choco limpo 10/30,Pescanova,Embalagem de 500g,"5,49 €","6,86 €/Kg"
Bifes de soja ao natural,Cemporcent,Embalagem de 250g,"2,09 €","8,36 €/Kg"
Atum filete azeite biológico,Tenorio,Embalagem de 120g,"0,89 €","7,42 €/Kg"
Gelatina de morango,Koala,Embalagem de 130g,"0,85 €","2,13 €/Kg"
Lapiseira Velocity + 12minas,Bic,1 unidade,"2,49 €","2,49 €/Unidade"
Livro Quero Conhecer Alfabeto,Europrice,1 unidade,"7,50 €/Unidade","7,50 €/Unidade"
Tarteletes morango doses 192g,Vieira,Embalagem de 190g,"0,79 €","5,27 €/Kg"
Bol. chip choco s/gluten 130g,Gullon,Embalagem de 130g,"2,69 €","20,69 €/Kg"
Reparador de móveis escuro,PorSi,Embalagem de 200 ml,"4,39 €","14,63 €/L"
"Patê de sardinha,atum e salmão",PorSi,Embalagem de 4 x 22 g,"1,19 €","13,52 €/Kg"
Champô Purificante,Pantene,640ml,"5,59 €","13,98 €/L"
Formas de alumínio 950 ml,PorSi,5 unidades,"1,10 €","1,10 €/Unidade"
Crack.c/sal na superficie 560g,GRAN PAVES,Embalagem de 560g,"0,39 €","3,12 €/Kg"
Ervilhas bio,PorSi Bio,Frasco com 290 g,"2,99 €","5,98 €/Kg"
Chocolate em pó 70% cacau,STARBUCKS,Embalagem de 300g,"5,39 €","7,19 €/Kg"
Sacos do lixo jardim 130 litros,PorSi,10 sacos,"1,79 €","1,79 €/Unidade"
Estojo de maquilhagem Urban Style,Clementoni,1 unidade,"12,99 €/Unidade","12,99 €/Unidade"
Queijo light,Philadelph,Embalagem de 180g,"4,19 €","10,48 €/Kg"
Ervilhas,PorSi,Embalagem de 400 g,"1,89 €","1,89 €/Kg"
Café solúvel c/ cafeína,Delta,Embalagem de 100g,"14,50 €/Kg","14,50 €/Kg"
Almôndegas Vegetais Green Cuisine,Iglo green,Embalagem de 240g,"1,89 €","6,30 €/Kg"
Pastilha Elástica Bottle Frutos Vermelhos,Trident,Embalagem de 82 g,"0,99 €","58,24 €/Kg"
Pasta de Moldar Branca,DAS,Embalagem com 1 kg,"2,19 €","109,50 €/L"
Bacalhau com natas,PorSi,Embalagem de 250 g,"3,99 €","3,99 €/Kg"
Ovos | Classe: M,Ovitae,24 unidades,"1,39 €","1,39 €/Unidade"
Mortadela de peru fatiada,PorSi,Embalagem de 200g,"1,05 €","6,99 €/Kg"
Queijo flamengo em fatias,Terra Nostra,Embalagem de 200g,"1,56 €","7,80 €/Kg"
Chispalhada com feijão,Nobre,Embalagem de 420g,"2,35 €","5,60 €/Kg"
Bolachas soft bakes recheio chocolate,Belvita,Embalagem de 250g,"2,78 €/Kg","2,78 €/Kg"
Infusão nº 6 sem barriga,Cemporcent,Embalagem de 10 unidades,"0,99 €","76,15 €/Kg"
Manteiga amendoim crocant,PorSi,Embalagem de 340g,"8,54 €/Kg","8,54 €/Kg"
Snack de milho com queijo,Cheetos,Embalagem de 75 g,"0,79 €","7,90 €/Kg"
Leite uht gordo com rosca,PorSi,Embalagem de 1 litro,"0,94 €","0,94 €/L"
Manteiga c/ sal,Mimosa,Embalagem de 250g,"1,69 €","6,76 €/Kg"
Lenços de bolso kids,Renova,Embalagem sortida com 8 unidades + 2 grátis,"0,89 €","0,89 €/Unidade"
Babete Maleavel,Tigex,1 unidade,"5,99 €","5,99 €/Unidade"
Super laboratório de Beleza,Clementoni,1 unidade,"12,99 €/Unidade","12,99 €/Unidade"
Óleo de cedro em frasco,Splendor,250 ml,"9,19 €","18,38 €/L"
Leite creme,El mandari,Embalagem de 90g,"0,79 €","5,27 €/Kg"
Profiteroles de nata,PorSi Select,Embalagem de 330 g,"2,49 €","7,55 €/Kg"
Microscópio cientifico,Clementoni,1 unidade,"19,99 €/Unidade","19,99 €/Unidade"
Café em grão 5 estrelas,Sical,Embalagem de 250g,"9,16 €/Kg","9,16 €/Kg"
Refrigerante c/ gás zero s/ cafeína,Coca-Cola,pack 6 x 0.33 l,"0,40 €/L","0,40 €/L"
Crackers c/ sal superficie,GRAN PAVES,Embalagem de 250g,"0,39 €","3,12 €/Kg"
Pudim de caramelo,Boca Doce,Embalagem de 20g,"0,59 €","29,50 €/Kg"
Chiclets morango 16.8g,CHICLETS,Embalagem de 20g,"0,99 €","58,24 €/Kg"
Batata frita churrasco,PorSi,Embalagem de 185 g,"1,19 €","6,43 €/Kg"
Toalhitas de limpeza casa de banho,Cif,36 unidades,"1,15 €","1,15 €/L"
12 Caldos de carne,PorSi,Embalagem de 127 g,"3,84 €","24,00 €/Kg"
Adoçante liquido,PorSi,Garrafa de 125 ml,"5,99 €","23,96 €/Kg"
Abóbora Menina Programa Origens,PorSi,1 un= 1 kg (aprox.),"0,79 €/Kg","0,79 €/Kg"
Pringles sour cream & onion,Pringles,Embalagem de 175g,"1,19 €","6,43 €/Kg"
Jenga,Mitama,1 unidade,"12,99 €/Unidade","12,99 €/Unidade"
Spray anti-bolores,Cif,435 ml,"1,99 €","3,98 €/L"
Manteiga com sal,Milhafre,Embalagem de 250g,"1,69 €","6,76 €/Kg"
Granola + classica,Cemporcent,Embalagem de 375g,"1,94 €","3,88 €/Kg"
Iogurte infantil c/ drageias coloridas,PorSi,140 g,"4,23 €/Kg","4,23 €/Kg"
Set Chá,Minnie,1 conjunto,"19,99 €/Unidade","19,99 €/Unidade"
Frutos do mar,Guylian,250 g,"31,40 €/Kg","31,40 €/Kg"
Ração para gato adulto de interior,Friskies,Embalagem de 3 kg,"12,99 €","4,33 €/Kg"
Purificador de água,Tetra,Embalagem de 1 l,"7,29 €","7,29 €/L"
Bolacha vitalday aveia e chocolate,Gullon,Embalagem de 240g,"0,99 €","7,92 €/Kg"
Gogo SqueeZ Snack Pêssego,Gogo,Embalagem de 90g,"2,29 €","6,94 €/L"
Porto ruby,Ferreira,Garrafa de 750 ml,"5,99 €","7,99 €/L"
Strudel de maçã,PorSi,Embalagem de 550 g,"2,49 €","7,55 €/Kg"
Bolacha de manteiga belga original,Saborosa,Embalagem de 220g,"1,69 €","6,76 €/Kg"
"Vinagre balsâmico, spray",Paladin,Garrafa de 250 ml,"0,35 €","0,70 €/L"
Vegalia especialidade vegetariana de soja,Nobre,Lata com 8 unidades,"2,09 €","8,36 €/Kg"
Jogo caça ao tesouro,Clementoni,1 unidade,"9,99 €/Unidade","9,99 €/Unidade"
Doce framboesa e romã,ST.DALFOUR,Frasco de 284g,"2,99 €","8,67 €/Kg"
20 saquetas chá de baunilha c/ caramelo,Lipton,Embalagem de 40g,"58,44 €/Kg","58,44 €/Kg"
Danacol morango,Danone,Embalagem de 6 x 100 g,"4,15 €/Kg","4,15 €/Kg"
Desodorizante roll-on Invisible,Rexona,Embalagem de 50ml,"1,39 €","6,95 €/L"
Brócolos e couve-flor cortados,PorSi,500 g,"5,16 €/Kg","5,16 €/Kg"
Bolachas digestive finas de chocolate negro,Triunfo,Embalagem de 170 g,"0,79 €","5,27 €/Kg"
Adoçante à base de sucralose em pó,PorSi,Embalagem de 90g,"5,99 €","23,96 €/Kg"
"Coloração permanente, castanho dourado, nº43",Nutrisse,1 unidade,"9,49 €/Unidade","9,49 €/Unidade"
Infusão tília,Cemporcent,Embalagem de 10 unidades,"0,99 €","76,15 €/Kg"
Cereais corn flakes s/ glúten chocolate,Nestle,Embalagem de 380g,"2,99 €","7,97 €/Kg"
Bloco Sanitário Sólido Poder Activo Pinho,Sonasol,Embalagem de 2x50 g,"2,99 €","74,75 €/Kg"
Gelatina melancia 10kcal 31g,Royal,Embalagem de 30g,"0,55 €","61,11 €/Kg"
Vinho maduro tinto doc alentejo reserva,Albarrada,Garrafa de 75 cl,"2,89 €","3,85 €/L"
Farinha coco bio,Origensbio,Embalagem de 250g,"1,89 €","3,78 €/Kg"
Mega cozinha,Frozen,1 conjunto,"12,99 €/Unidade","12,99 €/Unidade"
Lambrusco rose,*,Garrafa de 750 ml,"1,99 €","2,65 €/L"
Creme barrar nutela 350g,Nutella,Embalagem de 350G,"8,54 €/Kg","8,54 €/Kg"
Arroz extra longo branco,Oriente,Embalagem de 1kg,"0,99 €","0,99 €/Kg"
Azeite Subtil,Gallo,Garrafa de 750 ml,"3,19 €","4,25 €/L"
Bolachas palets bretons,Chabrior,Embalagem 125G,"0,99 €","7,92 €/Kg"
Queijo Fondue,Páturages,Embalagem de 400g,"4,19 €","10,48 €/Kg"
Sumo 100% pêssego e uva,PorSi,Pack 3 x 200 ml,"1,09 €","0,73 €/L"
"Iogurte líquido yoggi, sem lactose, morango",Nestle,Embalagem de 4 x 160 g,"1,20 €","1,88 €/Kg"
Sabao azul e branco,PorSi,Embalagem de 400g,"2,38 €","4,67 €/Kg"
"Esfregona, algodão, completa",PorSi,1 unidade,"0,89 €","0,89 €/Unidade"
Salsicha p/Churrasco Aves,Carne Sorraia,1 Embalagem 360G,"4,79 €","4,79 €/Kg"
Requeijão de vaca,PorSi,Embalagem de 200 g,"1,09 €","5,45 €/Kg"
Meloa Gália,Fruta da Época,1 un = 1 kg (aprox.),"2,48 €","0,99 €/Kg"
Abrasivo sanitário gel marinho,PorSi,embalagem de 1 litro,"0,99 €","0,99 €/L"
Gengibre,Legumes do Dia,1 un = 100 gr (aprox.),"0,62 €","2,49 €/Kg"
Manteiga com sal e sem lactose,Mimosa,Embalagem de 250g,"1,69 €","6,76 €/Kg"
"Limpa vidros cristal, pistola",PorSi,Embalagem de 1 l,"3,19 €","6,38 €/L"
Queijo Cabra 45% M.G,Bergelou,Vendido ao peso a partir de 250 gr,"1,45 €","7,25 €/Kg"
Gelado cornetto mini clássico,Olá,Embalagem de 8 x 60 ml,"5,99 €","17,11 €/L"
Chá verde matcha e ginger,Lipton,Embalagem com 20 saquetas,"58,44 €/Kg","58,44 €/Kg"
"Jogo ""Gira a Garrafa""",Concentra,1 unidade,"9,99 €/Unidade","9,99 €/Unidade"
Soja grossa,Cemporcent,Embalagem de 400g,"2,09 €","8,36 €/Kg"
Vermute Vibrante sem Álcool,Martini,Garrafa de 750 ml,"11,99 €","11,99 €/L"
Leite uht sem lactose magro,PorSi Viva Bem,1 litro,"2,19 €","2,19 €/L"
Queijo emmental ralado,PorSi Select,Embalagem de 200g,"7,45 €/Kg","7,45 €/Kg"
Luvas Multilatex M/L,Vileda,Embalagem com 100 un.,"2,40 €","2,40 €/Unidade"
Recargas ambientador elétrico sensual sandalwood & j...,Glade,Embalagem de 2 x 20 ml,"11,98 €","11,98 €/Unidade"
Laca volume,Nivea,Embalagem de 250 ml,"4,19 €","16,76 €/L"
Caderno Agrafado Capa Preta |A5 Liso,Domédia,1 unidade,"3,69 €","3,69 €/Unidade"
Farinha de trigo sem fermento t65,PorSi,Embalagem de 1 kg,"1,29 €","1,29 €/Kg"
Iogurte liquido proteína yopro baunilha/cookies,Yopro,300 g,"5,97 €/Kg","5,97 €/Kg"
Vinagre de vinho tinto,PorSi,Garrafa de 500 ml,"0,35 €","0,70 €/L"
Pizza barbecue,Campofrio,Embalagem de 410g,"0,99 €","4,30 €/Kg"
Perna com Osso,Porco,1 un = 2 kg (aprox.),"3,99 €","3,99 €/Kg"
Barras de cereais de trigo integral com chocolate e ...,Nestle,Embalagem de 135 g,"1,29 €","10,24 €/Kg"
Anéis Empilháveis,Baby Clementoni,1 unidade,"12,99 €/Unidade","12,99 €/Unidade"
"Esquadro, 21 cm 60.",Domédia,1 unidade,"4,69 €","4,69 €/Unidade"
Laboratório Mecânica Camião de Mina,Clementoni,1 unidade,"9,99 €/Unidade","9,99 €/Unidade"
Toalhitas multiusos limão,PorSi,Embalagem de 80 unidades,"1,79 €","1,79 €/Unidade"
Tomate frito,Heinz,Embalagem de 350g,"3,84 €","24,00 €/Kg"
Prato com naperon 30cm,PorSi,1 unidade,"0,99 €","0,99 €/Unidade"
Milho partido,Rac.zezere,Embalagem de 5 kg,"4,09 €","0,82 €/Kg"
Vinho tinto bag-in-box,Capataz,Embalagem de 5 l,"5,19 €","1,04 €/L"
Arroz carolino malandrinho,Malandrinh,Embalagem de 1 kg,"0,99 €","0,99 €/Kg"
"Vela em número, nº 8",PorSi,1 unidade,"0,60 €","0,60 €/Unidade"
Buondi café em grão,Buondi,Embalagem de 220g,"9,16 €/Kg","9,16 €/Kg"
Vinho do porto special reserve,Velhotes,"garrafa de 0,75 l","9,99 €","13,32 €/L"
Xarope de groselha,Xarão,Garrafa de 1 l,"3,54 €","3,54 €/L"
Forma Pudim Antiaderente 18cm,PorSi,1 unidade,"11,99 €","11,99 €/Unidade"
"Postas pescada nº3, para fritar",PorSi,Embalagem de 600 g,"4,39 €","10,98 €/Kg"
"Pimenta preta, moída, em frasco",PorSi,Embalagem de 43 g,"0,25 €","0,25 €/Kg"
Papillottes praliné,PorSi,Embalagem de 400 g,"31,40 €/Kg","31,40 €/Kg"
Leite condensado cozido,Nestle,Embalagem de 400g,"1,09 €","2,75 €/Kg"
Refresco pó laranja,PorSi,Embalagem de 40g,"0,75 €","18,75 €/Kg"
Macarronete integral,Cemporcent,Embalagem de 250g,"1,94 €","3,88 €/Kg"
Bolachas integrais,PorSi,Embalagem de 200g,"0,98 €","3,27 €/Kg"
Livro Quero Conhecer os Números,Europrice,1 unidade,"7,50 €/Unidade","7,50 €/Unidade"
Puzzle Avengers,Clementoni,2 x 60 peças,"9,99 €/Unidade","9,99 €/Unidade"
Sementes de linhaça,Cemporcent,Embalagem de 250G,"1,89 €","3,78 €/Kg"
Massa de cotovelinhos,Nacional,Embalagem de 500g,"1,39 €","1,39 €/Kg"
Milho inteiro,Rac.zezere,Embalagem de 5 kg,"4,09 €","0,82 €/Kg"
Mexilhão Médio Fresco,Marisco Fresco,Vendido ao peso,"0,69 €","2,29 €/Kg"
Papel vegetal 8m,Vileda,1 unidade,"1,11 €","1,11 €/Unidade"
Gel Intimo Suave,Corine de Farme,250 ml,"0,59 €","5,90 €/L"
Trator,Lego,1 unidade,"9,99 €/Unidade","9,99 €/Unidade"
"Rolos cozinha absorção Ultra, Maxi, 2 rolos",Foxy,1 embalagem,"4,99 €","4,99 €/Unidade"
Peito peru forno lenha fatias finas,Campofrio,Embalagem de 120g,"2,25 €","11,25 €/Kg"
Tremoço médio,PorSi,Embalagem de 350 g,"1,79 €","2,29 €/Kg"
Bolacha vitalday crocante original,Gullon,Embalagem de 270g,"0,99 €","7,92 €/Kg"
Batata Doce,Programa Origens,1 un = 250 gr,"0,35 €","1,39 €/Kg"
Creme vegetal para culinária,PorSi,Embalagem de 250g,"1,59 €","6,36 €/Kg"
Luvas Multi Sensitive Médio/Grande,Vileda,40 unidade,"2,40 €","2,40 €/Unidade"
Knorr sopa gourmet b.doce e abobora 49gr,Knorr,Embalagem de 70g,"0,84 €","13,55 €/Kg"
Rolo de cozinha XXL,PorSi,1 rolo,"4,99 €","4,99 €/Unidade"
Gelatina mirtilo 10kcal 31g,Royal,Embalagem de 30g,"0,55 €","61,11 €/Kg"
Peito de peru forno a lenha,Primor,"Vendido ao peso, fatiado a partir de 100 gr","2,25 €","11,25 €/Kg"
Corn flakes sem açúcar bio,Origensbio,Embalagem de 250 g,"1,49 €","2,98 €/Kg"
Vinagre de sidra,Cristal,Garrafa de 500 ml,"0,35 €","0,70 €/L"
Tortitas de milho sem sal,PorSi Viva Bem,Embalagem de 130g,"0,79 €","7,90 €/Kg"
Tira Nódoas Brancos em Pó,Skip,1 kg,"10,99 €","52,33 €/Kg"
Rolo de cozinha reciclado,PorSi,4 rolos,"4,99 €","4,99 €/Unidade"
Eau de Toilette p/Senhora Nº36,Caravan,1 Frasco 150ml,"11,99 €","79,93 €/L"
Néctar clássico tutti-frutti,Compal,Embalagem de 1 l,"0,99 €","0,99 €/L"
Café torrado moído masaka,Sical,Embalagem de 220g,"9,16 €/Kg","9,16 €/Kg"
Água com gás,Castello,24 x 25 cl,"2,85 €","2,85 €/L"
Loção corporal,Nivea,Embalagem de 400 ml,"12,48 €/L","12,48 €/L"
Vela com número nº 3,PorSi,1 unidade,"0,60 €","0,60 €/Unidade"
Sopa de feijão verde,*,Vendido ao peso,"1,19 €","2,98 €/Kg"
Spaghetti a bolonhesa 350g,Tuttipasta,Embalagem de 350g,"2,16 €","6,17 €/Kg"
Alimento húmido para cão borrego,Pedigree,Embalagem de 300g,"0,75 €","2,50 €/Kg"
Saqueta de puré de fruta | maçã + pêssego + banana +...,PorSi,90 g,"0,74 €","8,22 €/Kg"
Néctar frutos vermelhos,PorSi,Embalagem de 200 ml,"0,99 €","0,99 €/L"
Queijo Ovelha Curado,Meimoa,Vendido ao peso a partir de 250 gr,"4,62 €","18,49 €/Kg"
Banda térmica alivio dor muscular 29x9cm,PorSi,Embalagem de 2 unidades,"1,69 €","1,69 €/Unidade"
Bolachas com cobertura de chocolate,PorSi,Embalagem de 150g,"0,79 €","5,27 €/Kg"
Cevada torrada moída,PorSi,Embalagem de 250 g,"0,99 €","3,96 €/Kg"
Vinho Regional de Lisboa Rosé,Mundus,"Garrafa de 0,75 l","1,99 €","2,65 €/L"
10 Hambúrgueres de porco,PorSi,Embalagem de 600g,"2,79 €","8,72 €/Kg"
Creme Depilatório Peles Sensíveis,Veet,Embalagem de 200 ml,"2,99 €","14,95 €/L"
Manhãzitos® mini,Manhazitos,Embalagem de 84g,"2,05 €","5,13 €/Kg"
Amaciador concentrado spa,PorSi,80 doses,"3,99 €","3,99 €/Unidade"
Vinho regional tejo,Plexus,Garrafa de 750 ml,"1,99 €","2,65 €/L"
Bolachas com cobertura de chocolate de leite,Oreo,Embalagem de 250g,"0,79 €","4,49 €/Kg"
Perna com Costa,Frango,1 un. = 300 g (aprox.),"1,05 €","2,99 €/Kg"
Camarão 60/95,PorSi,Vendido a partir de 250 (aprox.),"2,25 €","8,99 €/Kg"
Gel anti séptico deoprotect,Dystron,Garrafa de 400 ml,"7,69 €","19,23 €/L"
Vela em número nº4,PorSi,1 unidade,"0,60 €","0,60 €/Unidade"
Cera líquida spray,Arbo,embalagem de 500 ml,"3,99 €","0,80 €/L"
Queijo snack gouda,PorSi,Embalagem de 100g,"1,56 €","7,80 €/Kg"
Champanhe brut,Pommery,Garrafa de 0.75 l,"34,00 €","45,33 €/L"
Néctar light de manga/laranja,Compal,Pack 3 x 200 ml,"0,84 €","2,55 €/L"
Gel de Banho Orquídea & Cashmere Extract,Nivea,Embalagem de 750 ml,"6,49 €","8,65 €/L"
Sangria tinta,PorSi,Garrafa de 1.5 litros,"2,39 €","1,59 €/L"
Bolacha maria junior doces,Vieira,Embalagem de 280g,"1,89 €","15,75 €/Kg"
Arroz agulha América do Sul,PorSi,Embalagem de 1 kg,"0,99 €","0,99 €/Kg"
Creme de Mãos Intensivo,Nivea,Embalagem de 100 ml,"1,03 €","10,30 €/L"
Telemóvel Vibra e Capta,Chicco,1 unidade,"12,99 €/Unidade","12,99 €/Unidade"
Sacos cubos de gelo fecho manual,PorSi,Embalagem com 10 unidades,"1,11 €","1,11 €/Unidade"
Iogurte vidro pedaços morango,PorSi,Embalagem de 2 x 135 g,"1,99 €","4,15 €/Kg"
Água com gás sabor a tangerina,Frize,"Pack 4x 0,25l","2,85 €","2,85 €/L"
Sacos do Lixo Style 30 L,Vileda,1 embalagem,"1,79 €","1,79 €/Unidade"
Bolachas mini chips ahoy,Ca!,Embalagem de 160g,"0,90 €","6,00 €/Kg"
Peito de frango fatias finas,Nobre,Embalagem de 110g,"2,25 €","11,25 €/Kg"
After shave bálsamo sensitive,Labell Men,Embalagem de 100 ml,"1,16 €","4,64 €/L"
Cerveja sagres,Sagres,20 x 0.25 l,"1,99 €/L","1,99 €/L"
"Vinho Alentejo, Private Collection, Tinto",Selecção de Enófilos,Garrafa de 0.75 l,"8,59 €","11,45 €/L"
"Alimento húmido para gato +1 ano, sabor a aves",Whiskas,Embalagem de 400g,"2,89 €","7,23 €/Kg"
Paio do Lombo,PorSi,"Vendido ao peso, a partir de 100g","1,27 €","12,69 €/Kg"
Lava Tudo Amoniacal,Sonasol,4 litros,"0,99 €","0,50 €/L"
Amaciador para cabelos pintados,Labell,Embalagem de 200 ml,"1,00 €","5,00 €/L"
Ice tea limão,Lipton,Embalagem de 1L,"1,14 €","0,76 €/L"
Sementes de chia,Cemporcent,Embalagem de 150G,"1,89 €","3,78 €/Kg"
Pensos Higiénicos Cottonlike Normal Abas,Evax,embalagem de 16 unidades,"4,99 €","4,99 €/Unidade"
Creme p/ Calçado Castanho,Búfalo,Embalagem de 40 ml,"0,99 €","19,80 €/L"
20 saquetas chá yellow label,Lipton,Embalagem de 30g,"58,44 €/Kg","58,44 €/Kg"
Insecticida Casa e Plantas,Raid,400 ml,"5,49 €","13,73 €/L"
Set Cozinha,Frozen,1 conjunto,"19,99 €/Unidade","19,99 €/Unidade"
Mel em frasco de vidro,PorSi,Embalagem de 250g,"4,89 €","9,78 €/Kg"
Peito de peru fatias,PorSi,Embalagem de 150g,"2,25 €","11,25 €/Kg"
Camião de cimento,Play-Doh,1 unidade,"19,99 €/Unidade","19,99 €/Unidade"
Creme para calçado castanho,PorSi,50 ml,"0,99 €","19,80 €/L"
Esparguete fino,Nacional,Embalagem de 500g,"1,39 €","1,39 €/Kg"
Irish whiskey original,Bushmills,Garrafa de 700 ml,"11,49 €","16,41 €/L"
Iogurte aroma 0% tutti fruti/coco,Longa vida,Embalagem de 6 x 120 g,"0,99 €","1,32 €/Kg"
Maria diet nature,Gullón,Embalagem de 400 g,"1,45 €","11,15 €/Kg"
Esparguete integral com aveia,Milaneza,Embalagem de 500g,"1,39 €","1,39 €/Kg"
Tampão Super,O.B.,1 Embalagem c/32 unidades,"3,99 €","3,99 €/Unidade"
Filetes de atum dos Açores em azeite c/ orégãos,PorSi Select,190 g,"0,89 €","7,42 €/Kg"
Leite pastagem uht terra nostra inteiro,Terra Nostra,Garrafa de 1 l,"0,99 €","0,99 €/L"
Papa infantil láctea banana laranja +6 meses,Cerelac,Embalagem de 250g,"4,49 €","4,49 €/Kg"
Pedras limão,P.salgadas,Garrafa de 1 l,"2,85 €","2,85 €/L"
"Vinho Douro, Private Collection, Tinto",Selecção de Enófilos,Garrafa de 0.75 l,"8,59 €","11,45 €/L"
Bolachas marinheiras chia,Cemporcent,Embalagem de 200g,"1,45 €","11,15 €/Kg"
Arroz estufado,Caçarola,Embalagem de 1 kg,"0,99 €","0,99 €/Kg"
Gressinos com azeite,PorSi,Embalagem de 250g,"2,39 €","6,83 €/Kg"
Iogurte sólido sem lactose multifrutos,Mimosa,Embalagem de 480g,"0,99 €","1,98 €/Kg"
Óleo alimentar,PorSi,Garrafão de 3 litros,"3,39 €","3,39 €/L"
Bombons Luxo Belga,PorSi Select,Embalagem de 200 g,"31,40 €/Kg","31,40 €/Kg"
Ambientador gel marinho,PorSi,150 g,"16,63 €/L","16,63 €/L"
Protetor de cantos,Pommette,embalagem com 4 unidades,"1,99 €","1,99 €/Unidade"
Bolacha vitalday crocante fruta & fibra,Gullon,Embalagem de 300g,"0,99 €","7,92 €/Kg"
Pêssego em calda metades,PorSi,Lata com 840 g,"1,99 €","2,37 €/Kg"
Leite com sabor a baunilha proteína,Yopro,Garrafa de 330 ml,"1,99 €","2,49 €/L"
Creme fresco à base de soja p/bater,Alpro,Garrafa de 250 ml,"5,55 €","18,50 €/Kg"
"Rolos de cozinha compactos, branco, 2 unidades",PorSi,Uma embalagem,"4,99 €","4,99 €/Unidade"
"Argolas, brancas, autocolante, 160 unidades, 13 mm",Domédia,1 embalagem,"2,19 €","109,50 €/L"
Kefir líquido natural,Nestle,Embalagem de 500 g,"1,20 €","1,88 €/Kg"
Arroz integral,PorSi Viva Bem,Embalagem de 1 kg,"1,94 €","3,88 €/Kg"
Bombons praliné amêndoa,PorSi Select,100 g,"31,40 €/Kg","31,40 €/Kg"
Bebida aveia,Alpro,Embalagem de 1 litro,"2,49 €","2,49 €/L"
Coxinhas de frango,PorSi,Embalagem de 360g,"9,30 €/Kg","9,30 €/Kg"
Noz com casca 28/30,Frutos secos,1 un = 200 gr (aprox.),"4,99 €/Kg","4,99 €/Kg"
Colgate smiles escova de dente manual kids,Colgate,Embalagem de 2 unidades,"0,99 €","0,99 €/Unidade"
Desinfetante p/ WC,Sanytol,Embalagem de 750 ml,"3,99 €","7,98 €/L"
Dinosaurus chocoleche 340gr.         *12,Artiach,Embalagem de 340g,"1,89 €","15,75 €/Kg"
The famous grouse ruby cask 700ml/1,F.grouse,Garrafa de 700 ml,"11,49 €","16,41 €/L"
Manteiga de amendoim,Prozis,Embalagem de 1 kg,"8,54 €/Kg","8,54 €/Kg"
Vinho doc dão tinto,Santar,Garrafa de 0.75 l,"3,99 €","5,32 €/L"
Alimento seco para gato Júnior,Whiskas,Embalagem de 950 g,"12,99 €","4,33 €/Kg"
Sal Himalaias Grosso,Origens Bio,1 Embalagem 500G,"0,25 €","0,25 €/Kg"
Refrigerante  c/ gás regular,Coca-Cola,pack 4 x 1 l,"0,40 €/L","0,40 €/L"
Gomas brilho,PorSi,Embalagem de 300 g,"1,19 €","3,97 €/Kg"
Queijo para barrar light,PorSi Viva Bem,Embalagem de 200g,"2,39 €","19,92 €/Kg"
6 cheeseburgers,PorSi,Embalagem de 750g,"2,79 €","8,72 €/Kg"
Fermento de padeiro,Vahine,Embalagem de 20g,"1,89 €","17,18 €/Kg"
Moscatel de Setúbal Reserva,Selecção de Enófilos,Garrafa de 0.75 l,"5,99 €","7,99 €/L"
Farinha de milho integral,Cemporcent,Embalagem de 500g,"2,29 €","11,45 €/Kg"
Queijo curado pequeno,Casteloes,Embalagem de 500g,"0,82 €","23,43 €/Kg"
Bolachas chiquilin ositos de mel,Artiach,Embalagem de 160g,"1,89 €","15,75 €/Kg"
10 nuggets de frango com cereais integrais,Capitão Iglo,Embalagem de 208 g,"2,79 €","8,72 €/Kg"
Framboesas 100% Naturais,PorSi,Embalagem de 750 g,"3,29 €","4,39 €/Kg"
Puzzle Patrulha Pata,Clementoni,2 x 20 peças,"9,99 €/Unidade","9,99 €/Unidade"
Iogurte mix-in smarties morango,Nestle,Embalagem de 2 x 128 g,"4,23 €/Kg","4,23 €/Kg"
Achocolatado em saco,Nesquik,Embalagem de 1 kg,"5,39 €","7,19 €/Kg"
Leite c/ cacau original,Cacaolat,Garrafa de 1 l,"0,26 €","1,30 €/L"
Bolachas,Oreo,Embalagem de 220g,"0,79 €","4,49 €/Kg"
Caixa com 12 aguarelas + pincel,Domédia,1 unidade,"4,69 €","4,69 €/Unidade"
Nestum zero arroz,Nestum,Embalagem de 250 g,"4,49 €","4,49 €/Kg"
Barra choco krispies 120g,Kellogg's,Embalagem de 380g,"1,29 €","10,24 €/Kg"
Moscatel de setúbal,Dom Campos,Garrafa de 750 ml,"5,99 €","7,99 €/L"
Amaciador Roupa Chá Branco & Peônia,Vernel,76 doses,"3,99 €","3,99 €/Unidade"
Queijo Coulommiers,Páturages,Embalagem de 350 g,"1,45 €","7,25 €/Kg"
Fuet extra,PorSi,170 g,"1,22 €","6,78 €/Kg"
"Pasta de limpeza com oxigénio activo, 48 unidades",Polident,Uma embalagem,"7,39 €","105,57 €/Kg"
Sal marinho integral,Cemporcent,Embalagem de 1 kg,"5,55 €","18,50 €/Kg"
Creme Mãos Hidratante,Labell,Embalagem de 100 ml,"1,03 €","10,30 €/L"
Vinho do porto malvasia branco,Rcv,Garrafa de 750 ml,"11,99 €","15,99 €/L"
Café solúvel creme,Nescafe,Embalagem de 100g,"14,50 €/Kg","14,50 €/Kg"
Bolachas de aveia e trigo integral,PorSi Viva Bem,Embalagem de 240g,"0,99 €","7,92 €/Kg"
Esfregona de Microfibras Completa,PorSi,1 unidade,"0,89 €","0,89 €/Unidade"
Beira interior colheita 2014,Beyra,Garrafa de 0.75 l,"6,49 €","8,65 €/L"
Canja de galinha económica,Knorr,Embalagem de 60g,"0,84 €","13,55 €/Kg"
"Pandorino cacau, 4 unidades",Dulcesol,Embalagem de 240g,"2,05 €","5,13 €/Kg"
"Jogo ""Da Banho ao Cão""",Concentra,1 unidade,"9,99 €/Unidade","9,99 €/Unidade"
Eau de Toilette Golden Kiss,B.U.,50 ml,"11,99 €","79,93 €/L"
Tampão Normal,O.B.,1 Embalagem c/32 unidades,"3,99 €","3,99 €/Unidade"
Batata frita de presunto,PorSi,Embalagem de 185 g,"1,19 €","6,43 €/Kg"
Batata frita ondulada wavy,PorSi,Embalagem de 185 g,"1,06 €","5,73 €/Kg"
Dentifríco p/ Dentes de Leite,Aquafresh,Embalagem de 50 ml,"0,99 €","0,99 €/Unidade"
Vinho tinto,Alandra,Garrafa de 750 ml,"1,59 €","2,12 €/L"
Guardanapos brancos 30x30 cm,PorSi,Embalagem com 100 unidades,"1,29 €","1,29 €/Unidade"
Pudim flan zero açúcares adicionados,El mandari,Embalagem de 30g,"0,59 €","29,50 €/Kg"
"Detergente manual de loiça, ultra limão",PorSi,Embalagem de 500 ml,"0,99 €","1,98 €/L"
Alimento húmido cão gelatina júnior,Pedigree,Embalagem de 400g,"0,75 €","2,50 €/Kg"
Iogurte Líquido Frutos Tropicais,PorSi,1 Embalagem 4X160G,"1,20 €","1,88 €/Kg"
Paté de sardinha,PorSi,Embalagem de 4 x 22 g,"1,19 €","13,52 €/Kg"
Arroz agulha,B.sucesso,Embalagem de 1 kg,"0,99 €","0,99 €/Kg"
Chocolate em pó Starbucks 42% cacau,STARBUCKS,Embalagem de 330g,"5,39 €","7,19 €/Kg"
Puré de batata,PorSi,Embalagem com 750 g,"1,39 €","1,39 €/Kg"
Chocolate sombrinhas,Regina,Embalagem de 15 g,"18,50 €/Kg","18,50 €/Kg"
Chá preto frutos vermelhos,PorSi,Embalagem de 40g,"1,69 €","56,33 €/Kg"
Cem porcento-chá infusão sem barriga,Cemporcent,Embalagem de 13g,"58,44 €/Kg","58,44 €/Kg"
Paloco desfiado,PorSi,Embalagem de 500 g,"4,39 €","10,98 €/Kg"
Lixívia com detergente,PorSi,Embalagem de 2 l,"2,49 €","1,25 €/L"
Bolachinhas,Cerelac,Embalagem de 180g,"1,89 €","15,75 €/Kg"
Óleo alimentar,Fula,Embalagem 1L,"3,39 €","3,39 €/L"
Spray bolor e sujidade,Cillitbang,Garrafa de 500 ml,"1,15 €","1,15 €/L"
Tiras da Costela/Piano,Porco,1 un = 500 gr (aprox.),"3,99 €","3,99 €/Kg"
Mão de vaca com grão,Nobre,Embalagem de 420 g,"2,35 €","5,60 €/Kg"
Vinho tinto regional alentejano,Galitos,Garrafa de 3 l,"9,49 €","1,90 €/L"
Ovos | Classe: L,Ovitae,24 unidades,"1,39 €","1,39 €/Unidade"
Focinho,Porco,1 un = 300 gr (aprox.),"0,60 €","5,99 €/Kg"
"Gel de banho, sensitive 3 em 1",Labell Men,Embalagem de 250 ml,"5,99 €","14,98 €/L"
Preparado de bolo de canela,PorSi,500 g,"1,69 €","8,45 €/L"
"Bolachas, cobertura com chocolate branco",Oreo,Embalagem de 250g,"0,79 €","5,27 €/Kg"
Champô 3 em 1 karpex,Vanish,950 ml,"1,99 €","3,98 €/L"
Guardanapos de 1 folha azuis | dim.: 30 x 29 cm,PorSi,Embalagem com 70 unidades,"1,29 €","1,29 €/Unidade"
Manteiga de amendoim crocante,Prozis,Embalagem de 500g,"5,99 €","19,97 €/Kg"
Saqueta de puré de fruta | maçã + banana,PorSi,90 g,"0,74 €","8,22 €/Kg"
Vinho regional alentejano reserva tinto,Encosta das Perdizes,Garrafa de 0.75 l,"2,89 €","3,85 €/L"
Bolachas marítimas chlorella,PorSi Viva Bem,Embalagem de 200g,"0,99 €","7,92 €/Kg"
Recarga Sabonete Liquido Lavanda,Dettol,250 ml,"2,18 €/L","2,18 €/L"
"Cerveja sem álcool, tara perdida",Super Bock,Pack 6 X 0.33 L,"5,99 €","3,03 €/L"
Jogo da Glória,Olivo,1 unidade,"9,99 €/Unidade","9,99 €/Unidade"
Chocolate culinário,Pantagruel,Embalagem de 200g,"1,04 €","8,32 €/Kg"
"Cerveja com álcool, tara perdida",Kings Bräu,pack 24 x 0.25 l,"1,99 €/L","1,99 €/L"
Creme Depilatório Peles Normais,Veet,Embalagem de 200 ml,"12,99 €","12,99 €/Unidade"
Queijo mozzarella,PorSi,Embalagem 125G,"1,59 €","6,36 €/Kg"
Hambúrguer Vegeta Green Cuisine,Iglo green,Embalagem de 200g,"1,89 €","6,30 €/Kg"
24 bombons de chocolate,Ferrero Rocher,Embalagem de 300g,"31,40 €/Kg","31,40 €/Kg"
Vermute Floreale sem Álcool,Martini,Garrafa de 750 ml,"11,99 €","11,99 €/L"
Sementes de abóbora,Cemporcent,Embalagem de 150g,"2,29 €","11,45 €/Kg"
Deo Spray Black & White Active,Nivea,Embalagem de 150 ml,"4,69 €","31,27 €/L"
Infusão camomila,Cemporcent,Embalagem de 10 unidades,"0,99 €","76,15 €/Kg"
Marmelada,Ferbar,Embalagem de 400g,"1,09 €","2,42 €/Kg"
Tira nódoas em spray,Skip,Embalagem de 500 ml,"5,99 €","11,98 €/L"
Grão de bico,PorSi,Embalagem de 420g,"1,79 €","2,29 €/Kg"
Lindahls pro+ liq tropical,Lindahls,Garrafa de 330 ml,"5,97 €/Kg","5,97 €/Kg"
Lichias em calda,Koala,Embalagem de 567g,"1,99 €","2,37 €/Kg"
Nescafe galao original 18(8x17g) pt ea,Nescafe,Embalagem de 136g,"15,92 €/Kg","15,92 €/Kg"
Maruca,Peixe Congelado,de 600g a 1kg,"3,99 €/Kg","3,99 €/Kg"
Salsichas de tofu,Cemporcent,Embalagem de 200g,"4,79 €","4,79 €/Kg"
Queijo mini light,Babybel,Embalagem de 12 x 20 g,"2,39 €","19,92 €/Kg"
Grão de bico,Legumes secos,1 un = 100 gr. (aprox.),"0,23 €","2,29 €/Kg"
Café Qalidus XXL,Delta Q,Embalagem com 60 cápsulas,"54,36 €/Kg","54,36 €/Kg"
Rebuçados mini café,PorSi,Embalagem de 200g,"1,15 €","4,60 €/Kg"
Spray lixívia e higiene,Cillitbang,Garrafa de 500 ml,"1,15 €","1,15 €/L"
Protetor Solar Spray para Criança Pure & Sensitive F...,Nivea Sun,Embalagem de 200 ml,"16,99 €","84,95 €/L"
Gin dry,Gibson's,Garrafa de 700 ml,"16,49 €","23,56 €/L"
Palmiers,Du bois,Embalagem de 150g,"0,69 €","3,45 €/Kg"
Bandas de cera depilatória axilas peles sensíveis,Veet,embalagem com 16 unidades,"6,99 €","6,99 €/Unidade"
Spray fornos e grelhadores,Cif,435 ml,"1,99 €","3,98 €/L"
Mariscada,PorSi,Embalagem de 800g,"1,79 €","7,16 €/Kg"
Coleira em nylon p/ cão  repelente 75cm,Repul' 7,Embalagem de 1 unidades,"19,99 €","19,99 €/Unidade"
Iogurte magro morango sem lactose,Mimosa,Embalagem de 4x 120 g,"0,99 €","1,98 €/Kg"
Molho de alho,Calve,Embalagem de 260g,"0,70 €","2,33 €/Kg"
Vinho tinto,Adega grande,Garrafa de 75 cl,"1,59 €","2,12 €/L"
Cerveja com álcool,Sagres,Lata de 500ml,"1,99 €/L","1,99 €/L"
Semente de chia,Salutem,Embalagem de 125g,"2,29 €","11,45 €/Kg"
"Leite bem essencial, morango",Mimosa,Embalagem de 200 ml,"1,99 €","2,49 €/L"
Alho picado,Margao,Embalagem de 60g,"0,25 €","0,25 €/Kg"
Lagartos,PorSi,Embalagem de 750g,"0,99 €","7,92 €/Kg"
Eau de Toilette p/Senhora Nº32,Caravan,1 Frasco 150ml,"11,99 €","79,93 €/L"
Recarga Esfregona Premium 2 em 1,Vileda,1 unidade,"0,89 €","0,89 €/Unidade"
Vinho maduro tinto doc alentejano,P.ravessa,Garrafa de 750 ml,"2,89 €","3,85 €/L"
Café em cápsulas  qonvictus,Delta Q,Embalagem de 55 g,"54,36 €/Kg","54,36 €/Kg"
Nuggets de frango,PorSi,Embalagem de 360 g,"9,30 €/Kg","9,30 €/Kg"
Batata pré-frita tradition,MCCAIN,Embalagem de 1 kg,"1,39 €","1,39 €/Kg"
Miúdos,Frango,1 un = 250 gr  (aprox.),"0,60 €","5,99 €/Kg"
Arroz de pato,PorSi,Embalagem de 400g,"3,53 €","8,83 €/Kg"
Morcela de Assar do Fundão,PorSi,"Vendido ao peso, 1 un= 500 g (aprox.)","1,39 €","6,95 €/Kg"
Perfume p/ senhora Nº81,Caravan,1 Frasco 150ml,"11,99 €","79,93 €/L"
Caracol com passas,*,90g,"0,30 €/Unidade","0,30 €/Unidade"
Creme depilatório para peles sensíveis,Labell,Embalagem de 200 ml,"2,99 €","14,95 €/L"
Toalhitas de Proteção Cor,K2R,Embalagem de 20 un.,"10,99 €","52,33 €/Kg"
4 filetes de pescada panados c/ limão,Pescanova,Embalagem de 400g,"9,30 €/Kg","9,30 €/Kg"
Mousse d´or,Du Bois de la Roche,Embalagem de 200 g,"0,69 €","3,45 €/Kg"
Massa folhada margarina,PorSi,Embalagem de 230 g,"0,99 €","4,30 €/Kg"
Detergente Manual p/ Lavar Roupa Regular,Gama,Embalagem de 510 g,"2,38 €","4,67 €/Kg"
Lay's mediterrâneas originais,Lay's,Embalagem de 220g,"1,06 €","5,73 €/Kg"
Veggie bowls quinoa & abóbora 350g,Iglo green,Embalagem de 350g,"1,89 €","6,30 €/Kg"
Pasta de sardinha,Fides,Embalagem de 90g,"1,19 €","13,52 €/Kg"
Gelatina light de ananás,Condi,Embalagem de 2x15g,"0,55 €","61,11 €/Kg"
Fruta para bebé multifrutas +4 meses,Nestle,Embalagem de 90g,"0,74 €","8,22 €/Kg"
Mistolin tira-nódoas,Mistolin,Garrafa de 500 ml,"1,99 €","3,98 €/L"
Cereais fitness,Nestle,Embalagem de 640 g + 320 g grátis,"3,45 €","26,74 €/Kg"
Liégeois Sobremesa de Café,Páturages,Embalagem de 4x100 g,"0,55 €","2,75 €/Kg"
5 gouaches de cores primárias,Domédia,Uma embalagem,"3,09 €","3,09 €/Unidade"
Fraldas agility T4 de 9 a 15 kg,PorSi,50 unidades,"6,49 €","6,49 €/Unidade"
Pudim de ananás,Boca Doce,Embalagem de 20g,"0,59 €","29,50 €/Kg"
Maionese,PorSi,Embalagem de 260 g,"0,70 €","2,33 €/Kg"
Salva Camas 60 x 60 cm,PorSi,Embalagem com 20 un.,"4,99 €","4,99 €/Unidade"
Barras de cereais golden grahams,Nestle,Embalagem de 150g,"1,29 €","10,24 €/Kg"
Queimador extra forte,Prozis,Embalagem de 1 unidades,"7,59 €","126,50 €/Kg"
Snack para cão adulto com frango,Friskies,Embalagem de 200g,"0,94 €","5,22 €/Kg"
Moscatel roxo c/ caixa,Pioneiro,Garrafa de 750 ml,"5,99 €","7,99 €/L"
Refrigerante de cola zero,PorSi,Garrafa de 2 l,"0,40 €/L","0,40 €/L"
Licor laranja,HS,Garrafa de 700 ml,"16,99 €","24,27 €/L"
Preparado para bolo de laranja,B.neve,Embalagem de 450g,"2,05 €","5,13 €/Kg"
Fermento em po 4x25g,PorSi,Embalagem de 100g,"1,89 €","17,18 €/Kg"
Petit gateau morango 4x80g,PorSi,Embalagem de 320g,"2,49 €","7,55 €/Kg"
Comida húmida para cão de frango e arroz,PorSi,Lata de 400 g,"0,75 €","2,50 €/Kg"
Alimento húmido para cão vaca,Pedigree,Embalagem de 300g,"0,75 €","2,50 €/Kg"
Fashionista,Barbie,1 unidade,"19,99 €/Unidade","19,99 €/Unidade"
"Snack light de queijo flamengo, amêndoas e uvas pass...",Limiano,Embalagem de 120g,"2,39 €","19,92 €/Kg"
Bebida amêndoa torrada sem açúcar,Alpro,Embalagem de 1 litro,"2,49 €","2,49 €/L"
Granulado PH mais,Gre,1 kg,"14,99 €","14,99 €/Unidade"
Banda cera fria peles sensíveis p/corpo,Veet,Embalagem de 20 unidades,"6,99 €","6,99 €/Unidade"
"Licor de ginja ""mariquinhas"" 0,70l sem fruto",Mariquinha,Garrafa de 700 ml,"16,99 €","24,27 €/L"
"Cereais crusts, amêndoas e mel",PorSi,Embalagem de 380g,"2,29 €","6,11 €/Kg"
Pensos para picadas de insetos,PorSi,10 unidades,"1,69 €","1,69 €/Unidade"
Chuchu,Legumes do Dia,1 un = 250 gr  (aprox.),"0,62 €","2,49 €/Kg"
Manteiga com sal,Novacores,Embalagem de 250g,"1,69 €","6,76 €/Kg"
"Alimento para peixe, tetra gammarus",Tetra,Embalagem de 250 ml,"7,29 €","7,29 €/L"
Bolacha waffer cacau,Waferland,Embalagem de 175g,"0,98 €","4,67 €/Kg"
Goiaba,Ferbar,Embalagem de 300g,"1,09 €","2,42 €/Kg"
Cappucino go chill com cacau,Delta,Embalagem de 230 ml,"15,92 €/Kg","15,92 €/Kg"
Vinagre balsâmico,PorSi,Embalagem de 250 ml,"0,35 €","0,70 €/L"
Ovos de Galinhas Criadas ao Ar Livre,PorSi,6 ovos frescos,"1,39 €","1,39 €/Unidade"
Sacos lixo com alças 25 litros,PorSi,30 unidades,"1,79 €","1,79 €/Unidade"
Espumante cava meio seco reserva,Freixenet,Garrafa de 750 ml,"8,49 €","11,32 €/L"
"Refrigerante com gás, laranja, lata",Fanta,pack 6 x 0.33 l,"0,40 €/L","0,40 €/L"
Bolachas com duplo creme,Oreo,Embalagem de 190g,"0,79 €","4,49 €/Kg"
Iogurte natural sem açúcares adicionados,Yogolino,Embalagem de 400g,"4,23 €/Kg","4,23 €/Kg"
Queijo Curado kg,Castelões,1 un = 250 gr  (aprox.),"25,45 €/Kg","25,45 €/Kg"
Pensos banda,PorSi,100 x 6 cm,"1,69 €","1,69 €/Unidade"
"Batata frita, queijo e ervas",PorSi,Embalagem de 190g,"1,19 €","6,43 €/Kg"
6 empadas de galinha,PorSi,Embalagem de 330g,"2,99 €","9,97 €/Kg"
Petit gâteau,PorSi,Embalagem de  4 x 80 g,"2,49 €","7,55 €/Kg"
Shampo automóvel laranja,PorSi,Embalagem de 5 l,"3,99 €","0,80 €/L"
Puzzle Mickey e Amigos,Clementoni,2 x 60 peças,"9,99 €/Unidade","9,99 €/Unidade"
Trinca de arroz,PorSi,Embalagem de 1 kg,"1,15 €/Kg","1,15 €/Kg"
Ice tea de limão,PorSi,"Embalagem de 6x0,20 l","1,14 €","0,76 €/L"
Detergente manual roupa,PorSi,Embalagem de 650g,"2,38 €","4,67 €/Kg"
Leite de pastagem magro,Terra Nostra,Embalagem de 1 litro,"0,81 €","0,81 €/L"
Manteiga sem sal,Mimosa,Embalagem de 250g,"1,69 €","6,76 €/Kg"
Brandy,ON/OFF,Garrafa de 700 ml,"16,99 €","24,27 €/L"
Abrasivo sanitário gel pinho,PorSi,embalagem de 1 litro,"0,99 €","0,99 €/L"
Jogo Aqui há festa,Clementoni,1 unidade,"9,99 €/Unidade","9,99 €/Unidade"
Crocante frango integrais,Iglo,Embalagem de 180g,"9,30 €/Kg","9,30 €/Kg"
Azeite virgem extra clássico,Gallo,Garrafa de 750 ml,"3,19 €","4,25 €/L"
Bombons chocolate de leite,Merci,Embalagem de 100g,"31,40 €/Kg","31,40 €/Kg"
Detergente para loiça plus + limão,Super Pop,Embalagem de 1L,"0,99 €","1,98 €/L"
Eau de Toilette p/Senhora Nº30,Caravan,1 Frasco 150ml,"11,99 €","79,93 €/L"
Sumo 100% maçã,PorSi,pack 3 x 200 ml,"1,09 €","0,73 €/L"
Batata pré-frita palitos finos,PorSi,Embalagem de 1 kg,"1,39 €","1,39 €/Kg"
Resguardos de cama,PorSi,20 unidades de 80 x 180 cm,"4,99 €","4,99 €/Unidade"
Refrigerante c/ gás de laranja zero,Fanta,"Garrafa de 1,5 l","0,40 €/L","0,40 €/L"
Bebida de soja sem acucar 1l,Alpro,Embalagem de 1L,"2,49 €","2,49 €/L"
Bolachas cacau com cereais e pepitas de chocolate,PorSi,Embalagem de 400 g,"0,90 €","6,00 €/Kg"
Amendoim com Casca,PorSi,Embalagem de 500g,"0,79 €","3,95 €/Kg"
"Sopa gourmet, cogumelos",Knorr,Embalagem de 60g,"0,84 €","13,55 €/Kg"
Sumo 100% laranja,PorSi,Pack 3 x 200 ml,"1,09 €","0,73 €/L"
Choco limpo 20/40,PorSi,Embalagem de 800 g,"5,49 €","6,86 €/Kg"
Ambientador vela maçã e canela,PorSi,1 unidade,"9,49 €","45,19 €/Kg"
Pastilhas café lote chávena,Delta,Embalagem de 110g,"54,36 €/Kg","54,36 €/Kg"
Barras cereais chocapic,Nestle,Embalagem de 150g,"1,29 €","10,24 €/Kg"
After shave gold,Denim,Embalagem de 100 ml,"1,16 €","4,64 €/L"
Limpa Moveis Lavanda,Pronto,300 ml,"4,39 €","14,63 €/L"
Álcool Etílico Sanitário,PorSi,200 ml,"5,24 €","5,24 €/Unidade"
Forma Pão de Ló Antiaderente 28cm,PorSi,1 unidade,"11,99 €","11,99 €/Unidade"
Gin london dry 40,Bulldog,Embalagem de 0.70L,"16,49 €","23,56 €/L"
Limpa móveis cera abelhas,PorSi,Frasco de 300ml,"4,39 €","14,63 €/L"
Molho tomate com azeitonas,PorSi,Frasco de 420g,"0,70 €","2,33 €/Kg"
Iogurte activia líquido morango,Danone,Embalagem de 4 x 155 g,"2,49 €","5,19 €/Kg"
Iogurte activia líquido cereais,Danone,Embalagem de 4 x 155 g,"2,49 €","5,19 €/Kg"
Croissant Brioche com chocolate,Pastelaria do Dia,1 un = 100 g (aprox.),"0,30 €/Unidade","0,30 €/Unidade"
Mistura com 20% café torrada moída,PorSi,Embalagem de 250g,"0,99 €","3,96 €/Kg"
Estojo de maquilhagem Fairy Style,Clementoni,1 unidade,"19,99 €/Unidade","19,99 €/Unidade"
Borracha para desenho técnico,Domédia,1 unidade,"4,69 €","4,69 €/Unidade"
Café moagem universal brasil,Delta,Embalagem de 220g,"9,16 €/Kg","9,16 €/Kg"
Farinha de trigo integral,Cemporcent,Embalagem de 500g,"2,29 €","11,45 €/Kg"
Canela em pau,PorSi,Saqueta de 30 g,"0,25 €","0,25 €/Kg"
Bandas de cera fria bikini peles sensíveis,Veet,Embalagem de 16 unidades,"6,99 €","6,99 €/Unidade"
Concentrado maracujá mix,Sunquick,Garrafa de 580 ml,"3,54 €","3,54 €/L"
Baguete,PorSi,250 g,"0,19 €","2,71 €/Kg"
Cerveja c/ álcool mini,Super Bock,Pack 15 x 0.20 L,"1,99 €/L","1,99 €/L"
3 Pipetas de Repelente p/ Gato,Repul'7,1 unidade,"1,19 €","0,24 €/Kg"
Ambientador gel floral,PorSi,150 g,"16,63 €/L","16,63 €/L"
10 saquetas infusão de camomila,Lipton,Embalagem de 10g,"0,99 €","76,15 €/Kg"
Pizza ristorante s/ gluten salame,Dr. Oetker,Embalagem de 320g,"2,16 €","6,17 €/Kg"
Farinha láctea 5 frutos,PorSi,Embalagem de 500g,"4,49 €","4,49 €/Kg"
Miolo berbigão,PorSi,Embalagem de 250g,"1,79 €","7,16 €/Kg"
Sidra frutos vermelhos,Somersby,pack 4 x 0.33 l,"1,59 €","3,18 €/L"
Azeite virgem extra clássico,Gallo,Garrafa de 250 ml,"3,19 €","4,25 €/L"
Queijo Brie M.Gorda 60%,President,Vendido ao peso a partir de 250 gr,"1,45 €","7,25 €/Kg"
Leite uht meio gordo,PorSi,Embalagem com rosca de 1 l,"0,81 €","0,81 €/L"
Pasta de açúcar bege,PorSi,250 g,"1,49 €","1,49 €/Kg"
Açúcar mascavado,PorSi,Embalagem de 500g,"1,49 €","1,49 €/Kg"
Spray tira gorduras,Cillitbang,Garrafa de 500 ml,"1,15 €","1,15 €/L"
Miolo de camarão 50/70,H2Gelo,Embalagem de 250  g,"8,99 €","25,69 €/Kg"
Batata pré-frita rodelas para saltear,PorSi,Embalagem de 1 kg,"1,39 €","1,39 €/Kg"
Feijão vermelho,Caçarola,Embalagem de 500 g,"0,95 €","1,90 €/Kg"
Alimento seco p/ cão raça pequena,PorSi Select,Embalagem de 3kg,"1,15 €/Kg","1,15 €/Kg"
Moto4 salvamento de animais,Lego,1 unidade,"12,99 €/Unidade","12,99 €/Unidade"
Limpa Estofos de Pele,PorSi,Embalagem de 1 l,"3,99 €","0,80 €/L"
Pensos para bolhas,PorSi,20 unidades,"1,69 €","1,69 €/Unidade"
Queijo flamengo ralado,PorSi,Embalagem de 200G,"1,56 €","7,80 €/Kg"
Balde ecologic,Vileda,1 unidade,"17,00 €","17,00 €/Unidade"
8 salsichas bockwurst,PorSi,1 Frasco 720G,"0,75 €","3,75 €/Kg"
Tablete triple caramelo,Milka,Embalagem de 90g,"5,30 €/Kg","5,30 €/Kg"
Triciclo,Smoby,1 unidade,"12,99 €/Unidade","12,99 €/Unidade"
Desentupidor canos,Mr.muscle,Embalagem de 1 l,"2,89 €","5,25 €/L"
Ketchup,Calve,Embalagem de 280g,"0,70 €","2,33 €/Kg"
Iogurte corpos danone + proteína ananás,Danone,Embalagem de 150g,"5,97 €/Kg","5,97 €/Kg"
Azeite virgem extra dop trás-os-montes,PorSi Select,Embalagem 750 ml,"3,19 €","4,25 €/L"
Refrigerante C/ Gás Zero,Coca-Cola,Garrafa de 1 l,"0,40 €/L","0,40 €/L"
"Ração para gato adulto com vaca, frango",Friskies,Embalagem de 4kg,"12,99 €","4,33 €/Kg"
Café solúvel creme,Delta,Embalagem de 80 g,"14,50 €/Kg","14,50 €/Kg"
Caderno Espiral Capa Dura A4 Quadriculado,Domédia,1 un.,"3,69 €","3,69 €/Unidade"
Mortadela de peru,PorSi,1 un = 150 gr (aprox.),"1,05 €","6,99 €/Kg"
Bebida energética a-zero,Monster,Garrafa de 500 ml,"5,39 €","5,39 €/L"
"Yofu pedaços, 2 pêssegos, 2 frutas exóticas",Alpro,Embalagem de 4x125 g,"3,09 €","6,18 €/Kg"
Puzzle Frozen,Clementoni,2 x 20 peças,"9,99 €/Unidade","9,99 €/Unidade"
Marmelada sem conservantes,PorSi,Embalagem de 500g,"1,09 €","2,42 €/Kg"
Infusão de tília,Tetley,Embalagem de 10g,"0,99 €","76,15 €/Kg"
Farinheira do Fundão,PorSi,"Vendido ao peso, 1 unidade =200 gr (aprox.)","1,39 €","6,95 €/Kg"
Crazy Chic Relógios com Estilo,Clementoni,1 unidade,"12,99 €/Unidade","12,99 €/Unidade"
Doce light framboesa,PorSi,Embalagem de 340g,"3,59 €","10,26 €/Kg"
"Inseticida, recarga, elétrico, pack 2",Raid,1 embalagem com 2x27ml,"7,69 €","7,69 €/Unidade"
Gelatina light manga e laranja,Condi,Embalagem de 2x15 g,"0,55 €","61,11 €/Kg"
Gin pink,Big Boss,Garrafa de 700 ml,"16,49 €","23,56 €/L"
Infusão alcachofra e dente de leão,Cemporcent,Embalagem de 10 unidades,"0,99 €","76,15 €/Kg"
Alimento lácteo cereais e bolachas maria +6 meses,Yogolino,Embalagem de 4 x 100 g,"2,89 €","7,23 €/Kg"
Papel Higiénico Compacto Ultra Suave XXL,Colhogar,12 rolos,"1,99 €","1,99 €/Unidade"
Bolachas waffers morango,PorSi,Embalagem de 210g,"0,98 €","4,67 €/Kg"
Gelatina de ananás,Koala,Embalagem de 130g,"0,85 €","2,13 €/Kg"
Tablete chocolate chips ahoy,Milka,Embalagem de 100g,"5,30 €/Kg","5,30 €/Kg"
Chili com carne,Itinéraire des Saveurs,Embalagem 300G,"2,35 €","5,60 €/Kg"
Semente papoila,Salutem,Embalagem de 125g,"2,29 €","11,45 €/Kg"
Super Napolitana Creme 125 g,Pastelaria do Dia,1 un = 125 g (aprox.),"0,30 €/Unidade","0,30 €/Unidade"
Mimosa bem especial leite e aveia,Mimosa,Embalagem de 1 litro,"2,19 €","2,19 €/L"
Pensos higiénicos liberty normal sem abas,Evax,Embalagem com 12 un.,"4,99 €","4,99 €/Unidade"
Pera Rocha 70/75,Programa Origens,1 un = 150 gr (aprox.),"0,28 €","1,89 €/Kg"
"Comida húmida para cão júnior com frango, cenoura em...",Friskies,Embalagem de 100g,"0,75 €","2,50 €/Kg"
Atum posta em azeite,PorSi,Embalagem de 120g,"0,89 €","7,42 €/Kg"
Cerveja c/ álcool,Sagres,pack 15 x 0.33 l,"1,99 €/L","1,99 €/L"
5 rissóis de leitão,PorSi,Embalagem de 400g,"2,99 €","9,97 €/Kg"
Nuggets de frango grelhadinho,Capitão Iglo,Embalagem de 200g,"9,30 €/Kg","9,30 €/Kg"
Ambientador recarga oasis turquesa,Air Wick,Garrafa de 250 ml,"11,98 €","11,98 €/Unidade"
Amaciador concentrado para roupa aloé vera,PorSi,80 doses,"3,99 €","3,99 €/Unidade"
Esferográfica Cor Sortida Média,Mab,Embalagem com 4 un.,"2,49 €","2,49 €/Unidade"
Pasta de açúcar branco,PorSi,250 g,"1,49 €","1,49 €/Kg"
Iogurte líquido morango/banana,PorSi,Embalagem de 4 x 160 g,"1,20 €","1,88 €/Kg"
Balde wring & go,Vileda,1 un.,"17,00 €","17,00 €/Unidade"
Leite Reparador Tesouros de Mel,Ultra Suave,Embalagem de 400 ml,"12,48 €/L","12,48 €/L"
Farinheira de Sousel,PorSi,1 un = 120 g (aprox.),"1,39 €","6,95 €/Kg"
Queijo Curado Apimentado,Fonte Mourisca,Vendido ao peso a partir de 250 gr,"25,45 €/Kg","25,45 €/Kg"
Bambolitos pretos,PorSi,Embalagem de 150g,"0,79 €","5,27 €/Kg"
Mousse cabelo caracois,Labell,Embalagem de 200ml,"4,19 €","16,76 €/L"
"Desodorizante para pés, creme Sport",Protex,Embalagem de 50 ml,"4,99 €","99,80 €/L"
Leite desmaquilhante para peles secas,Labell,Embalagem de 250 ml,"1,15 €","4,60 €/L"
Balões latex brancos,PorSi,Embalagem com 24 unidades,"1,69 €","1,69 €/Unidade"
Vela em número nª2,PorSi,1 unidade,"0,60 €","0,60 €/Unidade"
Pizza hawai,PorSi,Embalagem de 350g,"2,16 €","6,17 €/Kg"
"Cueca de incontinência, adulto, pequena",PorSi,Embalagem com 14 unidades,"20,79 €","20,79 €/Unidade"
Vmt reg alentejano 0.75l,T.xisto,Garrafa de 750 ml,"2,89 €","3,85 €/L"
Sortido Tertúlia,Frusel,Embalagem de 250 g,"1,89 €/Kg","1,89 €/Kg"
Creme proteção de gengivas,Polident,Embalagem de 40 g,"7,39 €","105,57 €/Kg"
Recarga mopa 1.2 spray max,Vileda,1 unidade,"0,89 €","0,89 €/Unidade"
Creme vegetal com óleo de girassol,Becel,Embalagem de 500 ml,"1,59 €","6,36 €/Kg"
"Lixívia para roupa, azul, tradicional",Neoblanc,Embalagem de 1 l,"1,74 €","0,35 €/L"
Fios D'Ovos,PorSi Select,Embalagem de 2 x 50 g,"0,55 €","2,75 €/Kg"
Fruta para bebé 4 frutas +4 meses,Nestle,Embalagem de 90g,"0,74 €","8,22 €/Kg"
Atum posta em azeite,Bom petisc,Embalagem de 120 g,"0,89 €","7,42 €/Kg"
Esponja limpa camurça,PorSi,1 unidade,"2,89 €","14,45 €/L"
Seitan,Salutem,Embalagem de 300g,"5,55 €","18,50 €/Kg"
Lava tudo antibacteriano marinho,PorSi,Garrafa de 1.5 l,"0,99 €","0,50 €/L"
Toalhão de banho,PorSi,100 x 150 cm,"12,00 €/Unidade","12,00 €/Unidade"
Livro Pop-Ups - Transportes,Europrice,1 unidade,"7,50 €/Unidade","7,50 €/Unidade"
Luvas Universal Pequeno/Médio,Vileda,1 unidade,"2,40 €","2,40 €/Unidade"
Retroescavadora,Volvo,26 cm,"9,99 €/Unidade","9,99 €/Unidade"
Cogumelos inteiros,PorSi,Embalagem de 355 g,"1,79 €","2,29 €/Kg"
Hamburger cogumelos,Veg In,Embalagem de 160g,"3,39 €","21,19 €/Kg"
Chá preto,Tetley,Embalagem de 20g,"1,69 €","56,33 €/Kg"
Aveia instantânea em pó,Prozis,"Embalagem de 1,25 kg","5,55 €","18,50 €/Kg"
Penso júnior,PorSi,20 unidades,"1,69 €","1,69 €/Unidade"
Balde com pedal branco,PorSi,Capacidade: 7 litros,"17,00 €","17,00 €/Unidade"
Queque,PorSi,1 unidade = 55 g,"0,30 €/Unidade","0,30 €/Unidade"
Refrigerante com gás de laranja,Sumol,"Garrafa de 1,25 l","0,40 €/L","0,40 €/L"
"Batata frita, multipack",Ruffles,Embalagem de 180g,"1,06 €","5,73 €/Kg"
Biscottina com alho e salsa,RUSTICA,Embalagem de 100 g,"2,39 €","6,83 €/Kg"
Iogurte líquido morango / framboesa corpos danone,Danone,Embalagem de 4 x 155 g,"1,20 €","1,88 €/Kg"
Máscara Olhos Brow Drama Medium,Maybelline,1 unidade,"1,15 €","4,60 €/L"
Bolachas galettes bretonnes,Chabrior,Embalagem de 125 g,"1,69 €","6,76 €/Kg"
Caramelos de fruta,Penha,Embalagem de 250 g,"1,10 €","4,40 €/Kg"
Bombons de chocolate negro 70% cacau lindor,Lindt,Embalagem de 75 g,"31,40 €/Kg","31,40 €/Kg"
Fralda Cueca Activity Extra Tamanho 5,Dodot,Embalagem com 40 uni.,"8,49 €","8,49 €/Unidade"
Caixa de ferramentas 32 peças,Vicam,1 unidade,"12,99 €/Unidade","12,99 €/Unidade"
Porto 10 anos,Valadao,Garrafa de 750 ml,"9,99 €","13,32 €/L"
Pista Dragstrip Champion,Hot Wheels,1 embalagem,"9,99 €/Unidade","9,99 €/Unidade"
Barrita controlo de peso maçã,Ignoramu,Embalagem de 44g,"3,99 €","39,90 €/Kg"
Farinheira do Ribatejo,PorSi,Embalagem de 180g,"1,39 €","6,95 €/Kg"
Feijão encarnado em frasco,PorSi,frasco de 540 g,"1,79 €","2,29 €/Kg"
Fruta para bebé maçã banana +4 meses,Nestle,Embalagem de 4 x 100 g,"0,74 €","8,22 €/Kg"
Vinho branco tejo sauvignon,Fiuza,Garrafa de 750 ml,"3,99 €","5,32 €/L"
8 salsicha soja,Izidoro,Embalagem de 180g,"2,09 €","8,36 €/Kg"
Miolo de amêndoa sem pele inteira,PorSi,200 g,"0,79 €","3,95 €/Kg"
Fio dentário fluór+menta 50m,Labell,1 unidade,"3,49 €","3,49 €/Unidade"
Gelatina ananás 8 kcal,PorSi,Embalagem de 4 x 100 g,"0,85 €","2,13 €/Kg"
Vinho Regional de Lisboa Branco,Mundus,"Garrafa de 0,75L","1,99 €","2,65 €/L"
"Caramelos de fruta, morango single",Sugus,Embalagem de 50g,"1,10 €","4,40 €/Kg"
Tablete de chocolate culinário branco,PorSi,Embalagem de 180 g,"0,99 €","9,90 €/Kg"
Livro Pop-Ups - Quinta,Europrice,1 unidade,"7,50 €/Unidade","7,50 €/Unidade"
Aperitivos 3d's cones,3d's,Embalagem de 90g,"0,79 €","7,90 €/Kg"
Plantanatur slim rapid 30 comprimidos,PLANTANATU,Embalagem de 1 unidades,"7,59 €","126,50 €/Kg"
Tira Nódoas Spray a Seco,Iberia,Embalagem de 200 ml,"10,99 €","52,33 €/Kg"
Azeite Virgem Extra Suave,Gallo,Garrafa de 750 ml,"3,19 €","4,25 €/L"
Esfregona premium 2 em 1 completa,Vileda,1 un.,"0,89 €","0,89 €/Unidade"
Puré de batata,Maggi,Embalagem de 250g,"1,29 €","1,29 €/Kg"
"Pasta de arquivo, lombada larga, verde",Domédia,1 unidade,"2,79 €","2,79 €/Unidade"
Spray desinfetante elimina odores,Lysol,Embalagem de 400 ml,"1,15 €","1,15 €/L"
Folhado de salsicha,PorSi,Embalagem de 6x60 g,"2,99 €","9,97 €/Kg"
Lava Tudo Perfumado Herbal,PorSi,Embalagem de 2 l,"0,99 €","0,50 €/L"
Cordon bleu,Iglo,Embalagem de 200g,"4,99 €","24,95 €/Kg"
As minhas primeiras receitas - refeição esparguete c...,Nestle,Embalagem de 190g,"1,89 €","9,95 €/Kg"
Gelado carte d'or tarte limão merengue,Olá,Embalagem de 900 ml,"5,49 €","6,10 €/L"
Levedura de cerveja,Cemporcent,Embalagem de 150g,"2,29 €","11,45 €/Kg"
Farelo de trigo,Cemporcent,Embalagem de 250g,"2,29 €","11,45 €/Kg"
Aguardente velhíssima,Caves Bonifácio,Garrafa de 0.70 l,"11,49 €","16,41 €/L"
Pilha alcalina hightech lr03x8,Domédia,1 unidade,"1,49 €","1,49 €/Unidade"
"Croissants com recheio de cacau, 5 unidades",Dulcesol,Embalagem de 230g,"2,05 €","5,13 €/Kg"
Collant licra 15d tabac l,PorSi,Embalagem de 1 unidades,"2,99 €","2,99 €/Unidade"
Saqueta de puré de fruta | maçã + manga + pêssego,PorSi,90 g,"0,74 €","8,22 €/Kg"
Cabo de madeira com rosca,PorSi,1.20 m,"2,20 €","2,20 €/Unidade"
Tablete de chocolate culinário 70% negro,PorSi,Embalagem de 200 g,"1,04 €","8,32 €/Kg"
Areia para gato,Catsan,Embalagem com 10 litros,"1,19 €","0,24 €/Kg"
Pensos incontinência homem,PorSi,10 unidades,"1,95 €","1,95 €/Unidade"
Vela com número nº 0,PorSi,1 unidade,"0,60 €","0,60 €/Unidade"
"Pasta dentífrica, proteção branqueador",Labell,Embalagem de 75 ml,"2,39 €","31,87 €/L"
Corações de chocolate,PorSi,Embalagem de 250g,"0,99 €","7,92 €/Kg"
Iogurte proteína framboesa,Lindahls,Embalagem de 150 g,"5,97 €/Kg","5,97 €/Kg"
Inseticida vaporizador,Biokill,Embalagem de 375 ml,"5,09 €","8,48 €/L"
Limpa Estofos de Tecido,PorSi,Embalagem de 1 l,"3,99 €","0,80 €/L"
"Livro ""Contos da Avozinha""",Girassol,1 unidade,"7,50 €/Unidade","7,50 €/Unidade"
Caldo carne 16 cubos,Knorr,Embalagem de 160g,"3,84 €","24,00 €/Kg"
Óleo de cedro,Mistolin,Embalagem de 360 ml,"4,39 €","14,63 €/L"
Leite de pastagem meio-gordo,Terra Nostra,Embalagem de 1 litro,"0,81 €","0,81 €/L"
Arroz brajma,Cigala,Embalagem de 1 kg,"0,99 €","0,99 €/Kg"
"Iogurte sabor morango, banana e tutti frutti",Danone,Embalagem de 8 x 120 g com 1 grátis,"1,87 €","1,25 €/Kg"
Favas ultracongeladas,PorSi,Embalagem de 1 kg,"1,89 €","1,89 €/Kg"
Pensos Higiénicos Fina e Segura Normal,Evax,Embalagem c/ 24 Unidades,"4,99 €","4,99 €/Unidade"
"Livro ""Histórias Fantásticas com Unicórnios""",Girassol,1 unidade,"7,50 €/Unidade","7,50 €/Unidade"
Frutapura maçã manga laranja,Bledina,Embalagem de 85g,"2,29 €","6,94 €/L"
Ameijoa Branca Vietnamita,Marisco Congelado,Vendido a partir de 250 gr  (aprox.),"2,00 €","7,99 €/Kg"
Danacol aveia,Danone,Embalagem de 6 x 100 g,"4,15 €/Kg","4,15 €/Kg"
Ração seca para gatinhos frango e legumes,PorSi,Embalagem de 2 kg,"12,99 €","4,33 €/Kg"
Trator,Lego,1 unidade,"12,99 €/Unidade","12,99 €/Unidade"
Tarte de Flan,Pastelaria do Dia,embalagem com 650g,"4,29 €","6,60 €/Kg"
Feijão preto,Caçarola,Embalagem de 500 g,"0,95 €","1,90 €/Kg"
Frutose,PorSi,Boião de 410 g,"5,99 €","23,96 €/Kg"
Flocos de centeio integral,Cemporcent,Embalagem de 400g,"0,69 €","1,73 €/Kg"
Iogurte líquido de frutos vermelhos,PorSi,Embalagem de 4 x 160 g,"1,20 €","1,88 €/Kg"
Pães de leite,s. tomé,Embalagem de 300 g,"7,40 €/Kg","7,40 €/Kg"
Champanhe rose bruto,Delagne & Fils,"Garrafa de 0,75 l","34,00 €","45,33 €/L"
"Creme revitalizante, noite",L'oreal,Embalagem de 50 ml,"2,99 €","59,80 €/L"
Recarga Esfregona de Algodão,PorSi,1 unidade,"0,89 €","0,89 €/Unidade"
Vinho do Porto 10 anos,Cruz,"Garrafa de 0,75L c/ Caixa de Madeira","9,99 €","13,32 €/L"
Drops cream,Heller,Embalagem de 140g,"2,75 €","11,00 €/Kg"
Água s/ gás frutos vermelhos,Luso,Garrafa de 1 l,"1,04 €","0,17 €/L"
Limpa fornos normal,Mr.muscle,Embalagem de 300 ml,"1,29 €","1,72 €/L"
Desinfetante de frutas e vegetais,Clean Essence,500 ml,"0,62 €","2,49 €/Kg"
Contact Ceys,Ceys,1 unidade,"3,19 €","3,19 €/Unidade"
Chá de menta e eucalipto,Lipton,20 saquetas,"1,19 €","59,50 €/Kg"
Aguardente velha reserva,CRF,Garrafa de 700 ml,"11,49 €","16,41 €/L"
Pão Regional Rio Maior Inteiro,Pão do Dia,1 unidade= 450 g,"0,19 €","2,71 €/Kg"
Escova dentes kids minions bateria,Colgate,1 un.,"0,99 €","0,99 €/Unidade"
Água sem gás,PorSi,Garrafão de 5 l,"1,04 €","0,17 €/L"
Ração para gato adulto crunchy & tender com salmão,Friskies,"Embalagem de 1,5 kg","12,99 €","4,33 €/Kg"
Cranberry desidratado,Salutem,Embalagem de 100g,"5,55 €","18,50 €/Kg"
Aditivo em pó oxi roupa branca,Vanish,Embalagem de 420 g,"5,99 €","11,98 €/L"
Leite e cereais pijama +6 meses,Cerelac,Garrafa de 400 ml,"4,49 €","4,49 €/Kg"
Beira interior colheita 2013,Beyra,Garrafa de 0.75 l,"6,49 €","8,65 €/L"
Pizza ristorante s/ gluten mozzarela,Dr. Oetker,Embalagem de 370g,"2,16 €","6,17 €/Kg"
8 hamburguers s/ glúten vaca,Capitão Iglo,Embalagem de 640g,"2,79 €","8,72 €/Kg"
Queijo fundido palitos,A Vaca Que Ri,Embalagem de 35g,"0,82 €","23,43 €/Kg"
Iogurte activia líquido 0% lima/limão,Danone,Embalagem de 4 x 155 g,"2,49 €","5,19 €/Kg"
Champô miracle volume + nutrição,Pantene,225 ml,"5,59 €","13,98 €/L"
Chocolate,After Eight,Embalagem de 200g,"31,40 €/Kg","31,40 €/Kg"
Vinho DOC Dão Tinto,Dharma,"Garrafa de 0,75 L","3,99 €","5,32 €/L"
Recarga inseticida elétrico líquido,Raid,45 noites,"7,69 €","7,69 €/Unidade"
Spray limpeza fornos e grelhas,PorSi,500 ml,"1,29 €","1,72 €/L"
"Bloco de desenho A4, 24 folhas",Domédia,1 unidade,"2,79 €","2,79 €/Unidade"
Camião Basculante,Volvo,26 cm,"9,99 €/Unidade","9,99 €/Unidade"
Vinho Verde Loureiro Branco,Aveleda,Garrafa de 0.75 l,"3,09 €","3,09 €/L"
Néctar pera,PorSi,Embalagem de 1 l,"0,99 €","0,99 €/L"
Vinho tinto regional alentejano,Galitos,Garrafa de 750 ml,"2,89 €","3,85 €/L"
Champô Hidratante,Baby Dove,Embalagem de 400 ml,"4,99 €","16,63 €/L"
Super Napolitana de Chocolate,Pastelaria do Dia,1 un = 120 g (aprox.),"0,30 €/Unidade","0,30 €/Unidade"
Fita adesiva,PorSi,5m x 2.5 cm,"1,69 €","1,69 €/Unidade"
Queijo de azeitão dop,PorSi Select,Embalagem de 255 g,"25,45 €/Kg","25,45 €/Kg"
Body Milk in Shower,Labell,Embalagem de 250 ml,"12,48 €/L","12,48 €/L"
Bloco Sanitário Poder Activo Pinho,Sonasol,Embalagem de 50 g,"2,99 €","74,75 €/Kg"
Gelatina pronta a comer light 10 kcal mirtilo,Royal,Embalagem de 4 x 100 g,"0,85 €","2,13 €/Kg"
Cerveja com álcool,Corona,"Embalagem de 6x0,355L","1,99 €/L","1,99 €/L"
Barrita controlo de peso maçã,Ignoramu,Embalagem de 44g,"0,69 €","1,73 €/Kg"
Chocolate culinário branco,Pantagruel,Embalagem de 200g,"1,04 €","8,32 €/Kg"
Alimento lácteo cereais e baunilha +6 meses,Yogolino,Embalagem de 4 x 100 g,"2,89 €","7,23 €/Kg"
Carro de Limpeza,Vicam,1 unidade,"12,99 €/Unidade","12,99 €/Unidade"
Galão,PorSi,16 cápsulas,"15,92 €/Kg","15,92 €/Kg"
Fralda cueca T6 - 16 a 22 kg,PorSi,18 unidades,"8,49 €","8,49 €/Unidade"
Vinho do porto dona antónia reserva branco,Ferreira,Garrafa de 0.75 l,"11,99 €","15,99 €/L"
Óleo alimentar,PorSi,Garrafa de 5 l,"3,39 €","3,39 €/L"
Whisky,Glen crina,Garrafa de 700 ml,"11,49 €","16,41 €/L"
Bolacha maria de chocolate,Cuetara,Embalagem de 265g,"2,11 €/Kg","2,11 €/Kg"
Folhado de Maçã,*,1 unidade= 100 g,"0,30 €/Unidade","0,30 €/Unidade"
"Lenços de bolso sensi, brancos, 10 unidades",Renova,Uma embalagem de 6x10,"0,89 €","0,89 €/Unidade"
Papa infantil láctea maçã +6 meses,Cerelac,Embalagem de 250g,"4,49 €","4,49 €/Kg"
Desodorizante e desinfetante para calçado,Sanytol,Embalagem de 150 ml,"5,29 €","35,27 €/L"
Borracha para desenho técnico,Domédia,1 unidade,"3,09 €","3,09 €/Unidade"
Mega cozinha,Minnie,1 conjunto,"19,99 €/Unidade","19,99 €/Unidade"
Muesli nozes,PorSi,500 g,"3,79 €","10,83 €/Kg"
Alface frisada categoria: II Programa Origens,PorSi,Embalagem de 300 g,"0,80 €","1,99 €/Kg"
Cogumelos laminados 1/2,PorSi,Embalagem de 355 g,"1,79 €","2,29 €/Kg"
Leite seleccionado leve,Matinal,pack 3 x 200 ml,"0,81 €","0,81 €/L"
Soja fina,Cemporcent,Embalagem de 400g,"2,29 €","11,45 €/Kg"
Spray anti calcário,Cif,Garrafa de 435 ml,"3,19 €","6,38 €/L"
Refrigerante c/ gás light,Coca-Cola,pack 6 x 0.33 l,"0,40 €/L","0,40 €/L"
Spray Limpeza para aço inoxidável,Induclean,450 ml,"1,29 €","1,72 €/L"
15 panadinhos de peixe,PorSi,Embalagem de 450 g,"4,39 €","10,98 €/Kg"
Alimento lácteo morango +8 meses,Yogolino,Embalagem de 4 x 100 g,"2,89 €","7,23 €/Kg"
Molho piri piri,Macarico,Embalagem de 200g,"0,70 €","2,33 €/Kg"
Moscatel de setúbal,Selecção de Enófilos,"Garrafa de 0,75 l","5,99 €","7,99 €/L"
Gelado sandwich nata/chocolate,PorSi,Embalagem de 6x100 ml,"5,99 €","17,11 €/L"
Toalhitas básico,Dodot,embalagem com 54 unidades,"1,09 €/Unidade","1,09 €/Unidade"
Feijão preto cozido,PorSi,Embalagem de 420 g,"1,79 €","2,29 €/Kg"
Sabonete líquido para as mãos de coco,Dove,embalagem de 250 ml,"2,18 €/L","2,18 €/L"
Fraldas de Incontinência Elásticos Médias,Lindor,20 Unidades,"20,79 €","20,79 €/Unidade"
Spray recarga limpeza da casa de banho,Cif,embalagem de 70 ml,"0,79 €","0,79 €/L"
Árvore de Natal,*,Dim.: 150cm,"24,99 €/Unidade","24,99 €/Unidade"
"Cerveja com álcool, lata",Super Bock,Garrafa de 500 ml,"1,99 €/L","1,99 €/L"
Manteiga magra,Matinal,Embalagem de 250g,"1,69 €","6,76 €/Kg"
"Pilha alcalina, hightech lr03x4",Domédia,1 unidade,"1,49 €","1,49 €/Unidade"
Roller Shoes,Nancy,1 un.,"19,99 €/Unidade","19,99 €/Unidade"
Detergente pastilhas p/ máquina loiça oxyplus,Super Pop,Embalagem de 45 unidades,"1,49 €","5,96 €/L"
Nestum flocos de cereais com mel,Nestum,Embalagem de 300g,"2,19 €","8,76 €/Kg"
Tostas de trigo,Diatosta,Embalagem de 225 g,"2,39 €","6,83 €/Kg"
Bolachas marítimas chia,PorSi Viva Bem,Embalagem de 200g,"0,99 €","7,92 €/Kg"
Creme de dia para pele seca,Labell,Embalagem de 50 ml,"2,99 €","59,80 €/L"
Manga em calda,It.saveurs,Embalagem de 250g,"1,99 €","2,37 €/Kg"
"Chocolate, tripack",Pintarolas,Embalagem de 70g,"11,98 €/Kg","11,98 €/Kg"
Vulcão brilhante,Clementoni,1 unidade,"16,99 €/Unidade","16,99 €/Unidade"
Gelatina pronta a comer ananás,Royal,Embalagem de 4 x 100 g,"0,85 €","2,13 €/Kg"
Gel de Banho Secrets Oil Avocato,Dove,Embalagem de 500 ml,"6,49 €","8,65 €/L"
Leite de coco,PorSi,Embalagem de 400 ml,"3,84 €","24,00 €/Kg"
Anti-traça Alimentos,Raid,2 + 1 unidades,"4,69 €","4,69 €/Unidade"
Patas,Frango,1 un = 250 gr  (aprox.),"0,60 €","5,99 €/Kg"
Vinho branco península de setúbal,Periquita,Garrafa de 0.75 l,"8,59 €","11,45 €/L"
Bolachas waffers baunilha,PorSi,Embalagem de 210g,"0,98 €","4,67 €/Kg"
Mel de montanha,PorSi Select,Frasco de 250 g,"4,89 €","9,78 €/Kg"
"Coloração permanente, caramelo avelã, nº 6.41",Excellence,1 unidade,"9,49 €/Unidade","9,49 €/Unidade"
Balde Limpeza Super Fácil Cinza + Espremedor,Vileda,1 unidade,"17,00 €","17,00 €/Unidade"
Loção hidratante,Baby Dove,Embalagem de 200 ml,"0,59 €","5,90 €/L"
Ração para gato adulto com frango,Purina One,Embalagem de 3 kg,"12,99 €","4,33 €/Kg"
Pickles em vinagre,PorSi,Embalagem de 200 g,"1,79 €","2,29 €/Kg"
Clementina,Programa Origens,,"0,50 €","1,99 €/Kg"
Iogurte morango skyr 0%,PorSi Viva Bem,150 g,"5,97 €/Kg","5,97 €/Kg"
Água de rosas,Hidro,Embalagem de 200 ml,"0,76 €","0,76 €/Unidade"
Queijo Ovelha Curado,PorSi,Vendido ao peso a partir de 250 g,"4,62 €","18,49 €/Kg"
Creme de coco,Koala,Garrafa de 165 ml,"1,09 €","2,75 €/Kg"
Húngaros,PorSi,Embalagem de 270G,"0,69 €","3,45 €/Kg"
Atum posta em óleo,Bom petisc,Embalagem de 120 g,"0,89 €","7,42 €/Kg"
6 Salsichas de porco,Nobre,Lata de 120g,"0,75 €","3,75 €/Kg"
Amaciador Roupa lavanda,PorSi,Embalagem de 60 doses,"3,99 €","3,99 €/Unidade"
Água c/ gás original,Frize,pack 6 x 0.25 l,"2,85 €","2,85 €/L"
Biscoitos integrais aveia e cacau,PorSi Viva Bem,Embalagem de 150g,"1,45 €","11,15 €/Kg"
Osso Buco,Novilho,1un=150 gr aprox.,"6,39 €","7,99 €/Kg"
Água mineral sem gás,Fastio,Pack 4 x 1.5 l,"1,04 €","0,17 €/L"
Gronola de aveia arandos/sementes,Nestle,Embalagem de 300g,"3,45 €","26,74 €/Kg"
Açúcar em saquetas,PorSi,Embalagem 1K,"1,49 €","1,49 €/Kg"
Queijo manchego D.O.P,PorSi Select,Embalagem de 250g,"2,87 €","15,94 €/Kg"
"Recarga ambientador, toque&fresh relax zen",Glade,Embalagem de 10 ml,"1,99 €","1,99 €/Unidade"
Salsichas extra suculentas,Nobre,Frasco de 650 g,"0,75 €","3,75 €/Kg"
Iogurte natural açucarado,PorSi,Embalagem de 4x125g,"0,99 €","1,98 €/Kg"
Porto tawny,Ferreira,Garrafa de 750 ml,"15,99 €","21,32 €/L"
Hamburger azeitona preta,Veg In,Embalagem de 160g,"3,39 €","21,19 €/Kg"
Papas aveia banana/cacau,Origensbio,Embalagem de 300g,"5,55 €","18,50 €/Kg"
Gel de Duche Creme Care,Nivea,Embalagem de 750 ml,"3,69 €","14,76 €/L"
Bolacha maria dourada,PorSi,Embalagem de 800g,"2,11 €/Kg","2,11 €/Kg"
Iogurte liquido proteína yopro morango/framboesa,Yopro,300 g,"1,20 €","1,88 €/Kg"
Inseticida moscas e mosquitos,Dum Dum,Garrafa de 300 ml,"5,09 €","8,48 €/L"
"Bebida açucarada  tinto de verão, limão",Sandevid,"Garrafa de 1,5 l","2,39 €","1,59 €/L"
Coco ralado bio,PorSi Bio,Embalagem de 200 g,"1,89 €","3,78 €/Kg"
Leite aromatizado com sabor a cerea,Mimosa,Embalagem de 200 ml,"1,99 €","2,49 €/L"
Arroz Thai Jasmim,PorSi,1 kg,"0,99 €","0,99 €/Kg"
Preparado de tarte de flã,PorSi,360 g,"1,69 €","8,45 €/L"
12 nuggets frango polme americano,Capitão Iglo,Embalagem de 220g,"3,53 €","8,83 €/Kg"
Vinagre de limpeza,PorSi,Embalagem de 1 l,"0,79 €","0,79 €/L"
Feijão encarnado,PorSi,Embalagem 500G,"0,95 €","1,90 €/Kg"
Termo ultra dreno-volume,PLANTANATU,Garrafa de 500 ml,"7,59 €","126,50 €/Kg"
Escova de Dentes Júnior,Aquafresh,1 unidade,"3,99 €","3,99 €/Unidade"
Preparado para pão de ló,Branca de Neve,Embalagem de 440g,"1,69 €","8,45 €/L"
Queijo da Ilha DOP Cura 4 Meses,São Jorge,Vendido ao peso a partir de 250 gr,"2,87 €","15,94 €/Kg"
Lápis de cor 18 cm,Domédia,embalagem com 18 unidades,"4,69 €","4,69 €/Unidade"
Argolas Romana,PorSi,Embalagem de 400 g,"2,99 €","9,97 €/Kg"
"Rolo de cozinha design xxl, 3 rolos",Renova,Embalagem de 3 unidades,"4,99 €","4,99 €/Unidade"
Tapetes educativos p/ cães/gatos 60x60cm,PorSi,20 unidades,"8,75 €","8,75 €/Unidade"
Tablete chocolate de iogurte morango,Milka,Embalagem de 100g,"5,30 €/Kg","5,30 €/Kg"
Cerveja,Kings Bräu,Embalagem de 10x25 cl,"1,99 €/L","1,99 €/L"
"Tablete de chocolate, black-white",Schogetten,Embalagem de 100g,"5,30 €/Kg","5,30 €/Kg"
Aroma baunilha fr.plast.200ml,Vahine,Garrafa de 200 ml,"1,89 €","17,18 €/Kg"
Água s/ gás,S.estrela,Garrafão de 6L,"1,04 €","0,17 €/L"
Aspirador e Acessórios,Play-Doh,1 unidade,"19,99 €/Unidade","19,99 €/Unidade"
Mopa 1.2 spray max,Vileda,1 unidade,"2,20 €","2,20 €/Unidade"
Autobrilhante Incolor,Búfalo,Embalagem de 50 ml,"2,25 €","45,00 €/L"
Bolachas de manteiga,Triunfo,Embalagem de 170g,"1,69 €","6,76 €/Kg"
Puré de batata,Saint Eloi,Embalagem de 500 g,"1,29 €","1,29 €/Kg"
Bolacha golden,Oreo,Embalagem de 154 g,"0,79 €","4,49 €/Kg"
Vela com número nº 5,PorSi,1 unidade,"0,60 €","0,60 €/Unidade"
Nata para culinária ligeira,Mimosa,Embalagem de 200 ml,"0,75 €","3,75 €/L"
Peskitos de pescada panados,Pescanova,Embalagem de 1 Kg,"9,30 €/Kg","9,30 €/Kg"
Bicacereais - preparado para bebida de cereais,Cemporcent,Embalagem de 100g,"1,19 €","1,98 €/L"
Whisky 12 anos,Ballantin.,Garrafa de 700 ml,"32,99 €","47,13 €/L"
Toalhitas Activity |Recarga,Dodot,Pack: 4x54 unidades,"1,09 €/Unidade","1,09 €/Unidade"
Licor de amêndoa amarga,Produto selecionado,"Garrafa de 0,70 l","16,99 €","24,27 €/L"
Balões latex vermelho,PorSi,Embalagem com 24 unidades,"1,69 €","1,69 €/Unidade"
Nuggets pescada panada,Pescanova,Embalagem de 1Kg,"1,91 €","4,78 €/Kg"
Ketchup,PorSi,Embalagem de 560 g,"0,70 €","2,33 €/Kg"
Shoyce aveia& amendoa 0%,Shoyce,Garrafa de 1 l,"1,19 €","1,98 €/L"
Arroz Carolino,Cigala,Embalagem de 1 kg,"0,99 €","0,99 €/Kg"
Pescada da Africa do Sul,Peixe Congelado,Pescado no mar,"3,99 €/Kg","3,99 €/Kg"
Pêssego em calda metades,PorSi,Lata com 420 g,"1,99 €","2,37 €/Kg"
Amaciador concentrado para roupa jojoba,PorSi,80 doses,"3,99 €","3,99 €/Unidade"
Posta pescada-do-cabo nº 5 para cozer,PorSi,Embalagem de 800 g,"4,39 €","10,98 €/Kg"
Gin Beefeater Light,Beefeater,"Garrafa de 0,70 l","16,49 €","23,56 €/L"
Feijao branco fidalgo,Caçarola,Embalagem de 500 g,"0,95 €","1,90 €/Kg"
Tapioca granulada,Cemporcent,Embalagem de 250g,"1,94 €","3,88 €/Kg"
Chourico picante beiras,PorSi,Embalagem de 290g,"1,22 €","6,78 €/Kg"
Leite de coco light biológico,Origensbio,Garrafa de 400 ml,"1,59 €","1,59 €/L"
Espremedor,PorSi,1 unidade,"17,00 €","17,00 €/Unidade"
Vela com número nº 8,PorSi,1 unidade,"0,60 €","0,60 €/Unidade"
Estendal de roupa com abas resina,PorSi,20 metros,"36,00 €","36,00 €/Unidade"
Mistura pombos domésticos,Rac.zezere,Embalagem de 5 kg,"4,09 €","0,82 €/Kg"
Ambientador vela duo exotic baunilha,Air Wick,Embalagem de 210g,"9,49 €","45,19 €/Kg"
Bancada de ferramentas,Hot Wheels,1 embalagem,"9,99 €/Unidade","9,99 €/Unidade"
Muslitos do mar,Pescanova,Embalagem de 250 g,"2,19 €","8,59 €/Kg"
Doce mirtilos e framboesa 0% açúcar,C.mateus,Embalagem de 280g,"3,59 €","10,26 €/Kg"
"Bebida láctea especial crescimento, 1-3 anos",Mimosa,Garrafa de 1 l,"0,26 €","1,30 €/L"
Alcahfora plus,Forma+,Garrafa de 500 ml,"3,99 €","39,90 €/Kg"
Iogurte magro + gelatina maracujá,Mimosa,Embalagem de 4 x 120 g,"0,99 €","1,32 €/Kg"
Mel milflores,Cemporcent,Embalagem de 300g,"5,99 €","19,97 €/Kg"
Adoçante c/ doseador,Canderel,Embalagem de 30g,"5,99 €","23,96 €/Kg"
Gel Banho Excite,Axe,Embalagem de 400 ml,"5,99 €","14,98 €/L"
Pólen de abelhas,PorSi Select,Frasco de 130 g,"4,89 €","9,78 €/Kg"
Sobremesa gelificada de laranja,PorSi,Embalagem de 4x100g,"0,85 €","2,13 €/Kg"
Capa para tábua metálica,Vileda,1 un.,"16,50 €","16,50 €/Unidade"
Sumo 100% maçã,Compal,1 litro,"1,09 €","0,73 €/L"
Caldo de galinha 8 cubos,Knorr,Embalagem de 80g,"3,84 €","24,00 €/Kg"
Vinho regional alentejano tinto,Qta.carmo,Garrafa de 0.75 l,"2,89 €","3,85 €/L"
Escova Dentes Suave Limpeza e Frescura,Sensodyne,1 un.,"3,99 €","3,99 €/Unidade"
Bocadelia de caranguejo,La piara,Embalagem de 170g,"1,19 €","13,52 €/Kg"
Limpa Tablier,PorSi,Embalagem de 1 l,"3,99 €","0,80 €/L"
Sumo essencial de pêssego,Compal,pack 3 x 0.11 l,"2,29 €","6,94 €/L"
Ricore,Nestle,Embalagem de 260g,"0,99 €","3,96 €/Kg"
Alimento seco p/ cão sénior,HappyOne,Embalagem de 4 kg,"1,15 €/Kg","1,15 €/Kg"
"Infusão de romã/framboesa, 20 saquetas",Tetley,Embalagem de 40g,"0,99 €","76,15 €/Kg"
Pescada Pequena da Argentina -500g,Peixe Congelado,Pescado no mar,"4,39 €","10,98 €/Kg"
Vinho branco,Alandra,Garrafa de 750 ml,"1,59 €","2,12 €/L"
Cápsulas de café delta qualidus,Delta Q,Embalagem de 60g,"54,36 €/Kg","54,36 €/Kg"
Maze breaker,Ycoo,1 unidade,"19,99 €/Unidade","19,99 €/Unidade"
Pasta de Moldar Terracota,DAS,Embalagem com 1 kg,"2,19 €","109,50 €/L"
Coloração Permanente Louro Escuro |6,Palette,,"9,49 €/Unidade","9,49 €/Unidade"
Café torrado 5 estrelas moagem grossa,Sical,Embalagem de 250g,"9,16 €/Kg","9,16 €/Kg"
Leite de coco condensado,Koala,Embalagem de 490 g,"1,09 €","2,75 €/Kg"
Pastilhas ice spearmint,CHICLETS,Embalagem de 17 g,"0,99 €","58,24 €/Kg"
Comida húmida para cão,PorSi,Embalagem de 300 g,"0,75 €","2,50 €/Kg"
Desodorizante Black & White Invisible,Nivea,150 ml,"4,69 €","31,27 €/L"
30 douradinhos,Capitão Iglo,Embalagem de 840g,"4,39 €","10,98 €/Kg"
Fralda Cueca de Banho 7 a 15 kg,Huggies,Embalagem com 12 un.,"8,49 €","8,49 €/Unidade"
Leite corporal,Nivea,Embalagem de 400 ml,"12,48 €/L","12,48 €/L"
Sacos do lixo lavanda 50 litros,PorSi,15 unidades,"1,79 €","1,79 €/Unidade"
Sumo s/ gás manga/cenoura,Santal,"Garrafa de 1,5 l","1,14 €","0,76 €/L"
Batata Frita c/ Sal,Ruffles,Embalagem de 160 g,"1,06 €","5,73 €/Kg"
Cereais corn flakes,Kellogg's,Embalagem de 500g,"1,49 €","2,98 €/Kg"
Batata frita ondulada wavy,PorSi,Embalagem de 180g,"1,06 €","5,73 €/Kg"
Refrigerante sem gás frutos tropicais,Trina,"Garrafa de 1,5 l","1,14 €","0,76 €/L"
Comida húmida para gato júnior,PorSi,Embalagem de 4 x 100 g,"2,89 €","7,23 €/Kg"
Jenga,Mitama,1 unidade,"9,99 €/Unidade","9,99 €/Unidade"
"M&m's drageias de chocolate de leite,",M&m's,Embalagem de 45g,"11,98 €/Kg","11,98 €/Kg"
Iogurte líquido pinacolada,PorSi,Embalagem de 4 x 160 g,"1,20 €","1,88 €/Kg"
Queijinho petit nesquik,Nestle,Embalagem de 6 x 60 g,"4,23 €/Kg","4,23 €/Kg"
Polvilho doce,PorSi,Embalagem de 500g,"3,49 €","12,46 €/Kg"
Bolachas crackers integral,Du bois,Embalagem de 500g,"0,39 €","3,12 €/Kg"
Café dak lak vietnam moagem universal,Sical,Embalagem de 220g,"3,49 €","13,96 €/Kg"
"Carregador, 6 lâminas, 4 recargas",Labell Men,1 embalagem,"1,16 €","4,64 €/L"
Remov. de Verniz com Esponja,Labell,Embalagem de 75 ml,"1,15 €","4,60 €/L"
Drops cafe,Heller,Embalagem de 140g,"2,75 €","11,00 €/Kg"
Bolacha maria ruca doses,Vieira,Embalagem de 300g,"2,11 €/Kg","2,11 €/Kg"
Jogo da Glória,Olivo,1 unidade,"12,99 €/Unidade","12,99 €/Unidade"
Salsicha bockwurst 5 unidades,PorSi,Embalagem de 250g,"0,75 €","3,75 €/Kg"
"Agrafos nº24/6, 2000 unidades",Maped,Uma embalagem,"2,79 €","2,79 €/Unidade"
Baton para homem,Labello,5 g,"16,99 €","84,95 €/L"
Uno cartas,Mattel,1 unidade,"9,99 €/Unidade","9,99 €/Unidade"
Bombons Frutos do Mar,PorSi Select,250 g,"31,40 €/Kg","31,40 €/Kg"
Delícia de bolacha,PorSi,Embalagem de 2x135 g,"0,55 €","2,75 €/Kg"
Bacalhau Especial,Bacalhau da Noruega,1 un = 4 kg (aprox.),"8,73 €/Kg","8,73 €/Kg"
Iogurte grego natural magro,PorSi Viva Bem,Embalagem de 1 kg,"0,99 €","1,98 €/Kg"
Lata de Brilho Castanho,Búfalo,Embalagem de 75 ml,"0,99 €","19,80 €/L"
Cem porcento-flocos de aveia grossos,Cemporcent,Embalagem de 400g,"2,99 €","7,97 €/Kg"
Açúcar baunilhado,Vahine,Embalagem de 40g,"1,49 €","1,49 €/Kg"
Loção para bebé pink,Johnson's Baby,500 ml,"0,59 €","5,90 €/L"
Yofu de soja natural,Alpro,Embalagem de 4x125 g,"3,09 €","6,18 €/Kg"
Spray limpa inox,Cif,Garrafa de 440 ml,"1,99 €","3,98 €/L"
Bloco Sanitário Poder Activo Lavanda,Sonasol,Embalagem de 2x50 g,"2,99 €","74,75 €/Kg"
Farinha de centeio,Cemporcent,Embalagem de 500g,"2,29 €","11,45 €/Kg"
Vinho rosé,Lancers,Garrafa 0.75L,"4,29 €","5,72 €/L"
Pensos clássicos,PorSi,100 unidades,"1,69 €","1,69 €/Unidade"
Monster Truck Bone Shaker Rádio Controlo,Mondo,1 unidade,"9,99 €/Unidade","9,99 €/Unidade"
Óleo Cedro Spray,PorSi,Embalagem de 250 ml,"4,39 €","14,63 €/L"
Cereais crack star,PorSi,Embalagem de 375 g,"5,07 €/Kg","5,07 €/Kg"
Gelatina de ananás,PorSi,Embalagem de 170g,"0,55 €","61,11 €/Kg"
Detergente em pó máquina de lavar roupa lavanda,PorSi,75 doses,"8,69 €","1,84 €/Kg"
"Papel higiénico acolchoado, folha tripla, 9 rolos",Scottex,1 embalagem,"1,99 €","1,99 €/Unidade"
Quiona branca bio,Origensbio,Embalagem de 250g,"1,89 €","3,78 €/Kg"
Bolachas waffers chocolate,PorSi,Embalagem de 210g,"0,98 €","4,67 €/Kg"
Ovos de galinha ao ar livre | Classe: M/L,Matinados,6 unidades,"2,28 €","2,28 €/Unidade"
Hamburguers de bovino,PorSi,Embalagem de 1 kg,"2,79 €","8,72 €/Kg"
Iogurte activia líquido 0% morango/kiwi,Danone,Embalagem de 4 x 155 g,"2,49 €","5,19 €/Kg"
Cappuccino Café Solúvel Descafeinado,Nescafe,Embalagem de 125g | 10 Saquetas,"1,59 €","6,36 €/Kg"
Sidra Maçã em Lata,Somersby,"0,33 L","1,59 €","3,18 €/L"
Orelhas,Porco,1 un = 250 gr (aprox.),"0,60 €","5,99 €/Kg"
Balões latex verde,PorSi,Embalagem com 24 unidades,"1,69 €","1,69 €/Unidade"
Bolachas chips ahoy,Ca!,Embalagem de 300g,"0,90 €","6,00 €/Kg"
Limpa vidros cristal recarga,Ajax,Embalagem de 500 ml,"3,19 €","6,38 €/L"
"Batata frita caseira, rodela",Pala-pala,Embalagem de 180g,"0,87 €","5,44 €/Kg"
Película Aderente 60M,PorSi,1 unidade,"1,11 €","1,11 €/Unidade"
Leite uht c/ chocolate,Ucal,Garrafa de 1 l,"0,26 €","1,30 €/L"
Alho Francês Programa Origens,PorSi,Embalagem de 500g,"2,99 €","2,99 €/Kg"
Bolachas vitalday recheio avelã,Gullon,Embalagem de 220g,"0,99 €","7,92 €/Kg"
Vela com número nº 1,PorSi,1 unidade,"0,60 €","0,60 €/Unidade"
"Coloração permanente, castanho tiramissu nº4.15",Nutrisse,1 unidade,"9,49 €/Unidade","9,49 €/Unidade"
Tablete de chocolate de leite,Nestle,Embalagem de 90g,"5,30 €/Kg","5,30 €/Kg"
Óleo Performa 5W40 Sintetico,Galp,Embalagem de 5 l com oferta limpa vidros Ecauto 5L,"12,99 €","12,99 €/L"
Papas aveia maçã/canela,Origensbio,Embalagem de 300g,"5,55 €","18,50 €/Kg"
Iogurtes magros aroma morango,PorSi Viva Bem,Embalagem de 6 x 125 g,"0,99 €","1,32 €/Kg"
Recarga para Esfregona Microfibra e Algodão,Vileda,,"0,89 €","0,89 €/Unidade"
Pilhas recarregáveis longa duração AAA HR03 1.2V 800...,Domédia,Embalagem com 4 unidades,"1,49 €","1,49 €/Unidade"
Ice tea pêssego,Lipton,Embalagem de 1L,"1,14 €","0,76 €/L"
Bolacha torrada,PorSi,Embalagem de 4 x 200 g,"2,11 €/Kg","2,11 €/Kg"
Flocos de aveia,PorSi Viva Bem,Embalagem de 400g,"0,69 €","1,73 €/Kg"
Caixa de médico,Vicam,31 peças,"19,99 €/Unidade","19,99 €/Unidade"
Borracha para lápis e tinta,Domédia,1 unidade,"4,69 €","4,69 €/Unidade"
Esfregão Ultra Fresh,Vileda,Embalagem de 2 + 1 Grátis,"2,54 €","2,54 €/Unidade"
Chá Aromatizado Pirâmide Mel/Limão/Ginseng,PorSi,20 x 2 g,"1,19 €","59,50 €/Kg"
Pasta de dentes max white expert white,Colgate,Embalagem de 75 ml,"2,39 €","31,87 €/L"
Massa meada,PorSi,Embalagem de 500g,"1,39 €","1,39 €/Kg"
Lixívia para roupa delicada,Neoblanc,Embalagem de 2 l,"2,19 €","1,10 €/L"
Margarina líquida,Vaqueiro,Embalagem de 500 ml,"2,89 €","2,89 €/Kg"
Lixívia Tradicional,PorSi,Embalagem de 5 l,"1,74 €","0,35 €/L"
Queijo cura especial barrado pimentão,Casteloes,500 g,"25,45 €/Kg","25,45 €/Kg"
Cha infusão verde,Cemporcent,Embalagem com 10 saquetas,"58,44 €/Kg","58,44 €/Kg"
Porto 10 anos,Velhotes,Garrafa de 0.75 l,"9,99 €","13,32 €/L"
Máquina Descartável Depilatória Venus Plus,Gillette,4 un. + 2 grátis,"1,99 €","1,99 €/Unidade"
Patê de sardinha,PorSi,Embalagem de 65 g,"1,19 €","13,52 €/Kg"
Helicóptero da polícia,Lego,1 unidade,"12,99 €/Unidade","12,99 €/Unidade"
Vinho maduto tinto,Casal da eira,Embalagem de 1 l,"0,85 €/L","0,85 €/L"
Refrigerante c/ gás,Pepsi,Pack 6 x 0.33 l,"0,40 €/L","0,40 €/L"
Néctar light de laranja prisma,PorSi,Embalagem de 1 l,"0,84 €","2,55 €/L"
Bacalhau posta asa branca,PorSi,Embalagem de 800G,"6,39 €","7,99 €/Kg"
Café lote bocage grão,Nicola,Embalagem de 1 kg,"9,16 €/Kg","9,16 €/Kg"
Batido de chocolate,Forma+,Embalagem de 700g,"3,99 €","39,90 €/Kg"
Vinho rosé,C.mendes,Garrafa de 750 ml,"4,29 €","5,72 €/L"
Lambrusco bianco,*,Garrafa de 750 ml,"6,89 €","9,19 €/L"
Leite infantil confort 1 desde o nascimento,NAN,Embalagem de 800g,"20,99 €","26,24 €/Kg"
Queijo dop 7 meses,Sao jorge,Embalagem de 400g,"2,87 €","15,94 €/Kg"
Desentupidor gel turbo com lixívia,Destop,Garrafa de 1 l,"2,89 €","5,25 €/L"
Esferográfica Azul Média,Mab,Embalagem com 4 un.,"2,49 €","2,49 €/Unidade"
Recargas ambientador elétrico pure clean linen,Glade,Embalagem de 2 x 20 ml,"11,98 €","11,98 €/Unidade"
Açúcar baunilhado,Globo,Embalagem de 70g,"1,49 €","1,49 €/Kg"
Café moagem universal timor,Delta,Embalagem de 220g,"9,16 €/Kg","9,16 €/Kg"
10 douradinhos vegetais,Iglo green,Embalagem de 280g,"9,30 €/Kg","9,30 €/Kg"
Achocolatado energy,Cola cao,Embalagem de 750g,"5,39 €","7,19 €/Kg"
Almôndegas bolonhesa,Iglo,Embalagem de 400g,"3,53 €","8,83 €/Kg"
Ambientador tealights frutos vermelhos,PorSi,embalagem com 18 unidades,"9,49 €","45,19 €/Kg"
Mousse chocolate leite,Alsa,Embalagem de 300g,"0,79 €","5,27 €/Kg"
Painho de Sousel,PorSi,"Vendido ao peso, fatiado a partir de 100 gr","1,27 €","12,69 €/Kg"
12 nuggets frango polme americano,Capitão Iglo,Embalagem de 220g,"9,30 €/Kg","9,30 €/Kg"
Inseticida Elétrico Night&Day Pack Duplo,Raid,Embalagem de 2x300 mg,"7,69 €","7,69 €/Unidade"
Bolachas marinheiras linhaça,Cemporcent,Embalagem de 200 g,"1,45 €","11,15 €/Kg"
Recarga p/ ambientador automático freshmatic flor de...,Air Wick,Embalagem de 250 ml,"11,98 €","11,98 €/Unidade"
Liégeois Sobremesa de Caramelo,Páturages,Embalagem de 4x100 g,"0,55 €","2,75 €/Kg"
"Inseticida recarga, elétrico, 45 noites",Raid,1 unidade,"7,69 €","7,69 €/Unidade"
Guardanapos de papel reciclado,PorSi,100 unidades,"1,29 €","1,29 €/Unidade"
Creme autobrilhante preto,Splendor,40 ml,"2,25 €","45,00 €/L"
Manteiga com sal,Mimosa,Embalagem de 130g,"1,69 €","6,76 €/Kg"
"Vela em número, nº 7",PorSi,1 unidade,"0,60 €","0,60 €/Unidade"
Esparregado de espinafres,PorSi,Embalagem de 350 g,"1,89 €","1,89 €/Kg"
Peito de frango,PorSi,"Vendido ao peso, fatiado a partir de 150 g","2,25 €","11,25 €/Kg"
Bolo de Arroz 70 g,*,,"0,30 €/Unidade","0,30 €/Unidade"
Folha de alumínio,PorSi,30 metros,"1,11 €","1,11 €/Unidade"
Leite regular 2,Aptamil,Embalagem de 800 g,"20,99 €","26,24 €/Kg"
Sical 5est café moido,Sical,Embalagem de 220g,"9,16 €/Kg","9,16 €/Kg"
Helicóptero de resgate,Dickie Toys,30 cm,"9,99 €/Unidade","9,99 €/Unidade"
20 saquetas chá noite tranquila,Lipton,Embalagem de 30g,"58,44 €/Kg","58,44 €/Kg"
Quinoa branca,PorSi Viva Bem,Embalagem de 200 g,"1,39 €","6,95 €/Kg"
Trinca de arroz,PorSi,Embalagem de 5 kg,"1,15 €/Kg","1,15 €/Kg"
Iguarias Pota com Alho,Pitéu,Embalagem de 120 g,"0,89 €","7,42 €/Kg"
Drageias de chocolate single,MALTESERS,Embalagem de 40g,"11,98 €/Kg","11,98 €/Kg"
Creme fixação para dentaduras,Polident,Embalagem de 70 g,"7,39 €","105,57 €/Kg"
Chourico carne das beiras,PorSi,Embalagem de 290g,"1,22 €","6,78 €/Kg"
Toucinho fumado extra,PorSi,Embalagem de 200 g,"2,79 €","9,30 €/Kg"
Corn flakes,PorSi,Embalagem de 1 kg,"1,49 €","2,98 €/Kg"
Snack Cão Prodental,PorSi,Embalagem 180 g,"0,94 €","5,22 €/Kg"
Iogurte natural,Danone,Embalagem de 4 x 120 g,"0,99 €","1,98 €/Kg"
"Creme de depilação duche, peles normais",Veet,Garrafa de 150 ml,"2,99 €","14,95 €/L"
Água mineral natural alcalina,MONCHIQUE,Garrafão de 5 l,"1,04 €","0,17 €/L"
Cuecas Incontinência Maxi Médio,Lindor,Embalagem com 14 un.,"20,79 €","20,79 €/Unidade"
Café moagem universal angola,Delta,Embalagem de 220g,"9,16 €/Kg","9,16 €/Kg"
"Livro ""A Magia do Ballet""",Girassol,1 unidade,"7,50 €/Unidade","7,50 €/Unidade"
Croissant de Manteiga,PorSi,50g,"0,30 €/Unidade","0,30 €/Unidade"
Pescada Média Argentina,Peixe Congelado,+ de 500 g,"3,99 €/Kg","3,99 €/Kg"
"Pensos diários, maxi, 40 unidades",Evax,Uma embalagem,"1,79 €","1,79 €/Unidade"
Descafeinado aroma e leveza,Nicola,12 cápsulas,"1,59 €","6,36 €/Kg"
Nestum chocolate,Nestum,Embalagem de 250g,"2,19 €","8,76 €/Kg"
Azeite,Oliveira da Serra,Embalagem de 750 ml,"3,19 €","4,25 €/L"
Frutos vermelhos,PorSi,Embalagem de 750 g,"3,29 €","4,39 €/Kg"
Comida húmida para gato seleção de peixes,Gourmet mp,Embalagem de 300g,"2,89 €","7,23 €/Kg"
Leite infantil 3+ anos sem lactose,Mimosa,Garrafa de 1 l,"0,26 €","1,30 €/L"
Chá de camomila e erva príncipe,Lipton,20 saquetas,"1,14 €","114,00 €/Kg"
Manteiga magra meio sal,President,Embalagem de 250g,"1,69 €","6,76 €/Kg"
O Meu Primeiro Monopoly,Monopoly,,"9,99 €/Unidade","9,99 €/Unidade"
Aguadente vinica velha,Património,Garrafa de 0.70 l,"11,49 €","16,41 €/L"
Infusão principe,Cemporcent,Embalagem de 10 unidades,"0,99 €","76,15 €/Kg"
Buggy e Lagarto,Pinypon Action,1 unidade,"12,99 €/Unidade","12,99 €/Unidade"
Rolo cozinha compacto 3 folhas,Foxy,1 unidade,"4,99 €","4,99 €/Unidade"
Mini tostas integrais super finas,PorSi,Embalagem de 100 g,"2,39 €","6,83 €/Kg"
"Atum em posta, em azeite",General,Embalagem de 110g,"0,89 €","7,42 €/Kg"
Quad drive,Beyblade,1 un.,"12,99 €/Unidade","12,99 €/Unidade"
Ice tea limão,Lipton,pack 6 x 0.25 l,"1,14 €","0,76 €/L"
Nutella,Nutella,Embalagem de 700g,"8,54 €/Kg","8,54 €/Kg"
Nata pasteurizada,PorSi,Embalagem de 450 ml,"0,75 €","3,75 €/L"
Bolacha de Manteiga Belga c/ Chocolate Branco,Saborosa,Embalagem de 198 g,"1,69 €","6,76 €/Kg"
Lixívia Densa + Squeeze Harmonias Florais,Neoblanc,Embalagem de 1 l,"1,74 €","0,35 €/L"
Detergente liquido loiça clássico,PorSi,Garrafa de 1 litro,"0,99 €","1,98 €/L"
Cerveja com álcool,Sagres,Garrafa de 20 cl,"1,99 €/L","1,99 €/L"
Iogurte grego stracciatella sem lactose,PorSi Viva Bem,Embalagem de 240g,"0,99 €","1,98 €/Kg"
Bebida energética tropical edition,Red Bull,Garrafa de 250 ml,"5,39 €","5,39 €/L"
Néctar vital equilibrio frutos vermelhos,Compal,Embalagem de 1 l,"0,99 €","0,99 €/L"
Louro em folhas,PorSi,30 g,"0,25 €","0,25 €/Kg"
Cheerios 375g,Nestle,Embalagem de 380g,"5,07 €/Kg","5,07 €/Kg"
24 etiquetas azuis,Domédia,Uma embalagem,"2,19 €","109,50 €/L"
Autobrilhante Preto,Búfalo,Embalagem de 50 ml,"2,25 €","45,00 €/L"
Pensos Incontinência Mulher Discreet Maxi Night,Tena,12 unidades,"1,95 €","1,95 €/Unidade"
Eau de Toilette p/Senhora Nº35,Caravan,1 Frasco 150ml,"11,99 €","79,93 €/L"
Queijo Flamengo Cubos,Valformoso,Embalagem de 150 g,"7,45 €/Kg","7,45 €/Kg"
Salmão posta ao natural,PorSi Select,Lata de 120 g,"0,89 €","7,42 €/Kg"
Desodorizante spray sport 48h,Labell Men,Embalagem de 200 ml,"1,39 €","6,95 €/L"
Arroz agulha,Caçarola,Embalagem de 1 kg,"0,99 €","0,99 €/Kg"
Tomate pelado,Guloso,Embalagem de 390g,"3,84 €","24,00 €/Kg"
Ambientador vela duo maçã,Air Wick,Embalagem de 210g,"9,49 €","45,19 €/Kg"
Lambrusco tinto,Sorbello,Garrafa de 0.75 l,"1,99 €","2,65 €/L"
Bol agua s. dose integral 186g,Vieira,Embalagem de 180g,"0,98 €","3,27 €/Kg"
Batata palha finíssima,PorSi Select,Embalagem de 180 g,"0,87 €","5,44 €/Kg"
Rebuçados café s/açúcar,Villa,Embalagem de 120g,"1,15 €","4,60 €/Kg"
Vinagre de vinho branco,PorSi,Garrafa de 1 l,"0,35 €","0,70 €/L"
Sacos do lixo lavanda 30 litros,PorSi,20 sacos,"1,79 €","1,79 €/Unidade"
10 saquetas chá frutos vermelhos,Lipton,Embalagem de 10g,"1,19 €","59,50 €/Kg"
Infusão cidreira,PorSi,Embalagem de 40g,"0,99 €","76,15 €/Kg"
Spray de lavagem a seco delicado,Day 2,200 ml,"2,38 €","4,67 €/Kg"
Toalhitas desinfetantes multiusos,PorSi,35 unidades,"1,15 €","1,15 €/L"
Bolacha com aveia,PorSi,Embalagem de 300 g,"0,98 €","3,27 €/Kg"
Iogurte pedaços pêssego/alperce,PorSi,Embalagem de 4x125g,"1,44 €","2,88 €/Kg"
Infusão cidreira,Cemporcent,Embalagem de 10 unidades,"0,99 €","76,15 €/Kg"
Caixa de médico,Vicam,31 peças,"12,99 €/Unidade","12,99 €/Unidade"
20 saquetas chá digestão fácil,Lipton,Embalagem de 30g,"1,14 €","114,00 €/Kg"
"Creme de rosto de dia revitalift, laser",L'oreal,Embalagem de 50 ml,"2,99 €","59,80 €/L"
Bebida de aveia,Shoyce,Embalagem de 3 x 200 ml,"2,19 €","2,19 €/L"
Vinho tinto,Enc.bairro,Bag-in-box de 5L,"5,19 €","1,04 €/L"
Espinafres em folhas,PorSi,Embalagem de 750 g,"1,89 €","1,89 €/Kg"
Vinagre vinho branco,PorSi,Garrafa de 500 ml,"0,35 €","0,70 €/L"
Creme de dia para pele normal,Labell,Embalagem de 50 ml,"2,99 €","59,80 €/L"
Massa folhada s/ glúten,Pasta dia,Embalagem de 280g,"0,99 €","4,30 €/Kg"
Farinha p/ bolos fina,Nacional,Embalagem de 1Kg,"1,29 €","1,29 €/Kg"
Spray elimina odores do calçado,PorSi,embalagem de 100 ml,"5,29 €","35,27 €/L"
28 mini bolinhas bacalhau,PorSi,Embalagem de 300 g,"2,99 €","9,97 €/Kg"
Infusão de camomila,PorSi,Embalagem de 33.7 g,"0,99 €","76,15 €/Kg"
"Hamburguers de frango, 4 x 80 g",PorSi,Embalagem de 320g,"2,79 €","8,72 €/Kg"
Abóbora adoçada com xarope de milho,Cemporcent,Embalagem de 240g,"5,99 €","19,97 €/Kg"
Gelatina pronta a comer melancia,Royal,Embalagem de 4 x 100 g,"0,85 €","2,13 €/Kg"
Tostas sem glúten,Schar,Embalagem de 150g,"2,39 €","6,83 €/Kg"
Cuecas Incontinência Unisexo Pants Super L,Tena,12 unidades,"20,79 €","20,79 €/Unidade"
Arroz agulha Europa,PorSi,Embalagem de 1 kg,"0,99 €","0,99 €/Kg"
Celicau Sem glúten,Salutem,Embalagem de 250g,"2,99 €","7,97 €/Kg"
Pão Centeio com Nozes,Garcia & Filhos,1 unidade= 400 g,"0,19 €","2,71 €/Kg"
Cubos de bacon,Porminho,Embalagem de 2x75 g,"2,79 €","9,30 €/Kg"
Vinagre vinho branco 500ml,Cristal,Garrafa de 500 ml,"0,35 €","0,70 €/L"
Salmão Fumado da Escócia,PorSi Select,Embalagem de 80 g,"3,69 €","36,90 €/Kg"
Bolachas starship chocolate,PorSi,Embalagem de 150g,"0,90 €","6,00 €/Kg"
Adoçante em pó,PorSi,250 saquetas,"5,99 €","23,96 €/Kg"
Sumo clássico 100% maçã,Compal,Garrafa de 200 ml,"1,09 €","0,73 €/L"
Cogumelos fatiados,PorSi,Embalagem de 400g,"1,89 €","1,89 €/Kg"
Carro da polícia,Lego,1 unidade,"12,99 €/Unidade","12,99 €/Unidade"
Creme anti-rugas reafirmante,Diadermine,Embalagem de 50 ml,"2,99 €","59,80 €/L"
Vinho branco monbazillac  2012,Expertclub,Garrafa de 750 ml,"6,89 €","9,19 €/L"
Pensos higiénicos liberty super abas,Evax,Embalagem com 10 un.,"4,99 €","4,99 €/Unidade"
Choco rice,Cemporcent,Embalagem de 250g,"0,69 €","1,73 €/Kg"
Café moagem universal portugal,Delta,Embalagem de 250g,"9,16 €/Kg","9,16 €/Kg"
Queijo de azeitão dop,Santiago,Embalagem de 240g,"4,62 €","18,49 €/Kg"
Café em Cápsulas Dolce Gusto Sical,Nescafé,Embalagem de 3x16 cápsulas,"54,36 €/Kg","54,36 €/Kg"
Iogurte aroma varios sabores,PorSi,Embalagem de 12 x 125 g,"1,87 €","1,25 €/Kg"
Gin dry bombay(40º) 0.70l,Bombay,Garrafa de 700 ml,"16,49 €","23,56 €/L"
Em passeio,Steffi Love,1 unidade,"19,99 €/Unidade","19,99 €/Unidade"
Descafeinado,Nestlé,Embalagem de 100 g,"1,59 €","6,36 €/Kg"
Leite uht magro,Gresso,Embalagem de 1 litro,"0,81 €","0,81 €/L"
Detergente líquido máquina de roupa lavanda,PorSi,86 Doses,"8,69 €","1,84 €/Kg"
Malha vegetal com Ricotta 110 g,Pastelaria do Dia,,"0,65 €","0,65 €/Unidade"
Óleo alimentar,Fula,Embalagem 3L,"3,39 €","3,39 €/L"
"Chá preto, sem cafeína, 10 saquetas",Tetley,Embalagem de 20g,"1,69 €","56,33 €/Kg"
Côco ralado,PorSi,Embalagem de 200g,"1,29 €","3,23 €/Kg"
Aguardente velhíssima,São Domingos,Garrafa de 0.70 l,"11,49 €","16,41 €/L"
Mão,Borrego,1 un = 1 kg (aprox.),"19,49 €","12,99 €/Kg"
Receita caseira de jardineira,Nobre,Embalagem de 420g,"2,35 €","5,60 €/Kg"
Tablete de chocolate leite,Nestle,Embalagem de 130g,"5,30 €/Kg","5,30 €/Kg"
Rex o comilão,Play-Doh,1 unidade,"19,99 €/Unidade","19,99 €/Unidade"
Condicionador spray penteia fácil,Johnson's Baby,Embalagem de 200 ml,"4,99 €","16,63 €/L"
Nata uht light,Mimosa,Embalagem de 200 ml,"0,75 €","3,75 €/L"
Clara de ovo liquida pasteurizada,Dovo,1 kg,"2,28 €","2,28 €/Unidade"
Bebida coco,Alpro,Embalagem de 1L,"2,49 €","2,49 €/L"
Bolacha Maria sem lactose,PorSi Viva Bem,Embalagem de 200 g,"0,99 €","1,98 €/Kg"
Pá + espanador,PorSi,1 conjunto,"2,20 €","2,20 €/Unidade"
Feijão branco,PorSi,Embalagem de 500g,"0,95 €","1,90 €/Kg"
Pilha alcalina classic lr14x2,Domédia,1 unidade,"1,49 €","1,49 €/Unidade"
Camião de cimento,Play-Doh,1 unidade,"12,99 €/Unidade","12,99 €/Unidade"
Espumante bruto,Cabriz,Garrafa de 750 ml,"8,49 €","11,32 €/L"
Iogurte magro + gelatina framboesa,Mimosa,Embalagem de 4 x 120 g,"0,99 €","1,32 €/Kg"
Vinho verde branco,Da Barca,Garrafa de 1 litro (33% grátis),"3,09 €","3,09 €/L"
Peito de peru,PorSi,"Vendido ao peso, fatiado a partir de 150 g","2,25 €","11,25 €/Kg"
Cápsulas de café qharisma,Delta Q,Embalagem de 60g,"54,36 €/Kg","54,36 €/Kg"
Aditivo em pó máquina pink,Vanish,Embalagem de 1.2 kg,"5,99 €","11,98 €/L"
Espumante sem álcool para crianças,Look,Garrafa de 750 ml,"0,40 €/L","0,40 €/L"
Fruta para bebé banana maçã +4 meses,Nestle,Embalagem de 90g,"0,74 €","8,22 €/Kg"
Bolachas brownie tubo,Oreo,Embalagem de 150g,"0,79 €","4,49 €/Kg"
"Baton, soft rosa",Labello,Embalagem de 5 g,"0,59 €","0,59 €/Unidade"
Rolo cozinha branco 3 folhas,PorSi,3 rolos,"4,99 €","4,99 €/Unidade"
Leite regular 3,Aptamil,Embalagem de 800 g,"20,99 €","26,24 €/Kg"
Arroz longo extra integral,Cacarola,Embalagem de 1 kg,"0,99 €","0,99 €/Kg"
Vinho doc douro tinto,Tellu's,Garrafa de 750 ml,"7,49 €","9,99 €/L"
Sabonete Líquido Sensitive,Dettol,Embalagem de 250 ml,"2,18 €/L","2,18 €/L"
"Cereais special k, frutos vermelhos",Kellogg's,Embalagem de 300g,"3,45 €","26,74 €/Kg"
Bolacha vitalday frutos vermelhos,Gullon,Embalagem de 240g,"0,99 €","7,92 €/Kg"
Pão ralado crocante,ESPIGA,Embalagem de 150g,"0,55 €","2,29 €/Kg"
Leite creme,PorSi,Embalagem de 2x135 g,"0,55 €","2,75 €/Kg"
Sabonete líquido maçãs verdes,Labell,Embalagem de 500 ml,"2,18 €/L","2,18 €/L"
3 filetes recheados tomate e mozzarella,Iglo,Embalagem de 300g,"1,91 €","4,78 €/Kg"
Gel wc anticalcário sem lixívia,PorSi,"Garrafa de 1,5 l","2,79 €","3,72 €/L"
Batata frita lisa chips,PorSi,Embalagem de 185 g,"1,06 €","5,73 €/Kg"
16 mini croquetes de carne,PorSi,Embalagem de 290 g,"2,99 €","9,97 €/Kg"
Vela com número nº 9,PorSi,1 unidade,"0,60 €","0,60 €/Unidade"
"Néctar pêssego, prisma",PorSi,Embalagem de 1 l,"0,99 €","0,99 €/L"
Martini Riserva Rubino,Martini,Garrafa de 750 ml,"22,49 €","32,13 €/L"
Feijão manteiga caçarola,Cacarola,Embalagem de 500g,"0,95 €","1,90 €/Kg"
Especialidade de soja chocolate,PorSi Viva Bem,Embalagem de 4 x 100 g,"3,09 €","6,18 €/Kg"
Sementes de linhaça dourada,PorSi Viva Bem,Embalagem de 250 g,"1,59 €","10,60 €/Kg"
Vinho do porto lbv 2004,Cruz,Garrafa de 0.75 l,"9,99 €","13,32 €/L"
Soquete licra 15d preto t. único,PorSi,2 unidades,"2,99 €","2,99 €/Unidade"
Marmelada,PorSi,Embalagem de 900g,"1,09 €","2,42 €/Kg"
Pimentão doce saqueta,PorSi,Embalagem de 50 g,"0,25 €","0,25 €/Kg"
Empada de Frango 60 g,Fornada do Dia,,"0,65 €","0,65 €/Unidade"
Espumante para crianças,Kidibul,750 ml,"34,00 €","45,33 €/L"
Whisky heritage blend,Logan,Garrafa de 700 ml,"32,99 €","47,13 €/L"
Jardineira,PorSi,Embalagem de 750 g,"1,89 €","1,89 €/Kg"
Molho de nata para carne,Mimosa,Garrafa de 200 ml,"0,70 €","2,33 €/Kg"
Topping caramelo,Branca de neve,Embalagem de 380g,"1,29 €","3,23 €/Kg"
Queijo de Cabra Alentejano,Terra de Sabores,Embalagem de 2 x 60 g,"1,89 €","10,50 €/Kg"
Dettol sabonete líquido aloe vera x 12,Dettol,Garrafa de 250 ml,"2,18 €/L","2,18 €/L"
Adoçante à base de sucralose,PorSi Viva Bem,Embalagem de 17g,"5,99 €","23,96 €/Kg"
"Creme para mãos, caixa familiar",Nivea,Embalagem de 250 ml,"1,03 €","10,30 €/L"
Paloco desfiado do pacifico,Peixe Fresco,Embalagem de 400 g,"8,73 €/Kg","8,73 €/Kg"
O Meu Primeiro Monopoly,Monopoly,,"12,99 €/Unidade","12,99 €/Unidade"
Puzzle Animais Disney,Clementoni,2 x 20 peças,"9,99 €/Unidade","9,99 €/Unidade"
Massa de pontinha grossa,Nacional,Embalagem de 250g,"1,39 €","1,39 €/Kg"
Biscoitos de canela,PorSi,Embalagem de 750g,"0,69 €","3,45 €/Kg"
Limpa ferros,Petex,1 unidade,"36,00 €","36,00 €/Unidade"
Queijo 3 Igrejas Cura 2m Pimentão,Santiago,Vendido ao peso a partir de 250 gr,"25,45 €/Kg","25,45 €/Kg"
Pastilhas de Limpeza Dentífrica Branqueadora,Polident,Embalagem com 30 unidades,"7,39 €","105,57 €/Kg"
"Refrigerante com gás, ananás",Sumol,"Garrafa de 1,25 l","0,40 €/L","0,40 €/L"
Ketchup,PorSi,Embalagem de 300 g,"0,70 €","2,33 €/Kg"
Café moído torrado aroma bellissimo,Belissimo,Embalagem de 200g,"9,16 €/Kg","9,16 €/Kg"
Alface Roxa,Programa Origens,1 un= 400 g ( aprox.),"0,80 €","1,99 €/Kg"
Fralda de Incontinência c/ Elásticos Tamanho Grande,Lindor,Embalagem de 46 un.,"20,79 €","20,79 €/Unidade"
Detergente para loiça plus + citrinos,Super Pop,Embalagem de 1L,"0,99 €","1,98 €/L"
Gel de banho nourishing,Dove,Embalagem de 500 ml,"6,49 €","8,65 €/L"
Bebida Energética Apple,Hell,250 ml,"5,39 €","5,39 €/L"
Creme abrasivo limão,Cif,Garrafa de 700 ml,"0,99 €","0,99 €/L"
Cebola picada,PorSi,Embalagem de 400 g,"1,89 €","1,89 €/Kg"
Chocolate culinário em pó,Pantagruel,Embalagem de 130g,"1,04 €","8,32 €/Kg"
Pano Microfibras Colors,Vileda,4 unidades,"1,79 €","1,79 €/Unidade"
Sabonete leite & mel,Palmolive,Embalagem de 4x90 g,"4,49 €","12,47 €/Kg"
Ambientador elétrico sensual sandalwood & jasmine + ...,Glade,1 unidade,"3,74 €","3,74 €/Unidade"
Tablete de chocolate de leite,PorSi Select,Embalagem de 200g,"5,30 €/Kg","5,30 €/Kg"
Esfregão c/ Esponja Salva Unhas Ergonómico / Confort...,Scotch-Brite,Embalagem de 2 unidades,"2,54 €","2,54 €/Unidade"
Elixir bocal total care,Listerine,Embalagem de 500 ml,"1,29 €","2,58 €/L"
Sidra de maçã,Somersby,Lata de 500 ml,"1,59 €","3,18 €/L"
Creme para barrar,Nutella,Embalagem de 200 g,"8,54 €/Kg","8,54 €/Kg"
Goodnight Coney,Cry Babies,1 unidade,"19,99 €/Unidade","19,99 €/Unidade"
Sumo 100% ananás/uva,PorSi,Pack 3 x 200 ml,"1,09 €","0,73 €/L"
Maçã Golden 70/75,Fruta do Dia,1 un = 150 gr (aprox.),"0,28 €","1,89 €/Kg"
Moelas,Frango,1 un = 200 gr (aprox.),"0,60 €","5,99 €/Kg"
Leite c/ chocolate meio-gordo s/ lactose,Agros,4 x 200 ml,"0,26 €","1,30 €/L"
Leite com chocolate,Agros,Embalagem de 200 ml,"0,26 €","1,30 €/L"
Café solúvel sem cafeína,Nescafe,Embalagem de 20g,"14,50 €/Kg","14,50 €/Kg"
Filetes primavera alecrim e sal marinho,Iglo,Embalagem de 230g,"1,91 €","4,78 €/Kg"
Bombons de chocolate com creme,Jacquot,Embalagem de 100 g,"31,40 €/Kg","31,40 €/Kg"
Soja líquido frutos exóticos,PorSi Viva Bem,Embalagem de 4 x 150 ml,"3,09 €","6,18 €/Kg"
Dinosaurus chocoleche 340gr.         *12,Artiach,Embalagem de 340g,"18,50 €/Kg","18,50 €/Kg"
Bife da Alcatra,Novilho,1 un = 250 gr (aprox.),"6,39 €","7,99 €/Kg"
Amido de milho,PorSi,Embalagem de 400g,"1,89 €","17,18 €/Kg"
Porto tawny valadão,Valadao,Garrafa de 750 ml,"15,99 €","21,32 €/L"
Alface Frisada,*,1 un= 400 g (aprox.),"0,80 €","1,99 €/Kg"
Salmão Fumado da Noruega,PorSi,Embalagem de 100 g,"3,69 €","36,90 €/Kg"
2 Ligaduras elásticas,PorSi,4m x 6 cm,"1,69 €","1,69 €/Unidade"
Abrótea,Peixe Congelado,1 un= 1 kg (aprox.),"3,99 €/Kg","3,99 €/Kg"
Patê de salmão,La piara,Embalagem de 80g,"1,19 €","13,52 €/Kg"
Caramelos de nata com recheio,Werthers,Embalagem de 140g,"2,75 €","11,00 €/Kg"
Detergente Máquina Loiça Pastilhas All in 1 Extra Po...,Sun,76 pastilhas,"1,49 €","5,96 €/L"
"Vela com número, nº2",PorSi,1 unidade,"0,60 €","0,60 €/Unidade"
Robô beats,Ycoo,1 unidade,"19,99 €/Unidade","19,99 €/Unidade"
"Livro ""Tudo o que preciso para o Natal...""",Yoyobooks,1 unidade,"7,50 €/Unidade","7,50 €/Unidade"
Pão de forma sem côdea,Panrico,Embalagem de 650g,"2,63 €/Kg","2,63 €/Kg"
Vinho branco península de setúbal,Pioneiro,Garrafa de 0.75 l,"8,59 €","11,45 €/L"
Alimento seco para gatinhos,HappyOne,"Embalagem de 1,5 kg","12,99 €","4,33 €/Kg"
Naperon redondo 35 cm,PorSi,Embalagem com 6 unidades,"1,10 €","1,10 €/Unidade"
Biscoitos integrais aveia e cacau,PorSi Viva Bem,Embalagem de 150g,"0,69 €","3,45 €/Kg"
Água c/ gás: limão/pepino/gengibre,Frize,pack 4 x 0.25 l,"2,85 €","2,85 €/L"
Coxinhas de frango,PorSi,Embalagem de 360g,"3,53 €","8,83 €/Kg"
Rolo tira pelos 12 folhas,PorSi,1 unidade,"6,99 €","6,99 €/Unidade"
Esfregão esponja ergonómico salva unhas,PorSi,Embalagem de 2 unidades,"2,54 €","2,54 €/Unidade"
Lay's gourmet corte fino,Lay's,Embalagem de 150g,"1,06 €","5,73 €/Kg"
Barrita controlo de peso chocolate,Ignoramu,Embalagem de 44g,"3,99 €","39,90 €/Kg"
Iogurte naturea natural,PorSi,Embalagem de 4 x 125 g,"0,99 €","1,98 €/Kg"
Creme Depilatório Peles Sensíveis,Veet,Embalagem de 200 ml,"12,99 €","12,99 €/Unidade"
"Spray depilatório, peles sensiveis",Veet,Garrafa de 150 ml,"2,99 €","14,95 €/L"
Café moagem fina bio,PorSi Bio,Embalagem de 250g,"9,16 €/Kg","9,16 €/Kg"
Panados de frango,PorSi,Embalagem de 500 g,"9,30 €/Kg","9,30 €/Kg"
Super tea immune com vitamina c,Tetley,Embalagem de 40g,"1,19 €","59,50 €/Kg"
Gaspacho,PorSi,1 litro,"0,84 €","13,55 €/Kg"
Comida húmida para cão de frango e legumes,PorSi,Lata de 400 g,"0,75 €","2,50 €/Kg"
Lenços faciais brancos 2 folhas,PorSi,150 unidades,"0,89 €","0,89 €/Unidade"
"Ambientador spray, aerosol, lavanda",Glade,Embalagem de 300 ml,"0,99 €","3,30 €/L"
Queijo Amarelo da Beira Baixa DOP,Casa Almeida,Vendido ao peso a partir de 250 gr,"2,87 €","15,94 €/Kg"
8 salsichas frankfurt,Izidoro,Embalagem de 200g,"0,75 €","3,75 €/Kg"
Arroz carolino vaporizado,Cacarola,Embalagem de 1 kg,"0,99 €","0,99 €/Kg"
Danacol frutos exóticos,Danone,Embalagem de 6 x 100 g,"4,15 €/Kg","4,15 €/Kg"
Leite uht c/ chocolate,Ucal,Embalagem de 3 x 250 ml,"0,26 €","1,30 €/L"
Leite c/ chocolate,Gresso,Pack 4X200ml,"0,26 €","1,30 €/L"
Iogurte magro morango,Longa vida,Embalagem de 6 x 120 g,"0,99 €","1,32 €/Kg"
Xarope de chocolate zero,Prozis,Embalagem de 290g,"5,99 €","19,97 €/Kg"
Lápis de cera,Giotto,embalagem com 12 unidades,"3,09 €","3,09 €/Unidade"
Gel de banho bio kids,Corine de Farme,300 ml,"4,99 €","16,63 €/L"
Sopa económica de marisco,Knorr,Embalagem de 60g,"0,84 €","13,55 €/Kg"
Preparado para crepes,Branca de Neve,Embalagem de 380g,"0,79 €","5,27 €/Kg"
Galão enriquecido em cálcio,Ucal,Embalagem de 3 x 200 ml,"0,26 €","1,30 €/L"
Rebuçados drops recheio de fruta,PorSi,Embalagem de 250g,"2,89 €","16,61 €/Kg"
Pilhas recarregáveis AA HR6 1.2V 1900mAh,Domédia,Embalagem com 4 unidades,"1,49 €","1,49 €/Unidade"
"Azeite extra virgem, azeitonas verdes",Oliveira da Serra,Garrafa de 750 ml,"3,19 €","4,25 €/L"
Fralda de Incontinência c/ Elásticos Tamanho Médio,Lindor,Embalagem de 52 un.,"20,79 €","20,79 €/Unidade"
Gomas happy cola,Haribo,Embalagem de 100g,"1,19 €","3,97 €/Kg"
Gogo SqueeZ Snack Maçã e Pera,Gogo,Embalagem de 90g,"2,29 €","6,94 €/L"
Toalhitas Sensitive |Recarga,Dodot,Pack: 4 x54 unidades,"1,09 €/Unidade","1,09 €/Unidade"
Bola de Futebol,Adidas,T.5 Glide,"12,99 €/Unidade","12,99 €/Unidade"
Eau de Toilette p/Senhora Nº27,Caravan,1 Frasco 150ml,"11,99 €","79,93 €/L"
Folhado de Chocolate 60 g,PorSi,,"0,30 €/Unidade","0,30 €/Unidade"
Salame fatiado,PorSi,Embalagem de 200g,"0,95 €","9,49 €/Kg"
Água com gás,Vimeiro,"Garrafa de 1,5 l","2,85 €","2,85 €/L"
Vinho verde branco,3 marias,Garrafa de 1 l,"3,09 €","3,09 €/L"
Bolachas com recheio baunilha,PorSi,Embalagem de 500g,"2,78 €/Kg","2,78 €/Kg"
Iogurte ananás 000%,PorSi Viva Bem,Embalagem de 4 x 125 g,"1,44 €","2,88 €/Kg"
Flan de ovos,PorSi,Embalagem 4 x 100 g,"0,55 €","2,75 €/Kg"
Bacalhau a bras,PorSi,Embalagem de 300g,"1,91 €","4,78 €/Kg"
"Aperitivos, amendoins no forno",Matutano,Embalagem de 200g,"0,79 €","3,95 €/Kg"
Bacalhau Especial,PorSi,"1 un= 3kg /3,5kg (aprox.)","8,73 €/Kg","8,73 €/Kg"
Tablete de chocolate leite bubbly,Milka,Embalagem de 90g,"5,30 €/Kg","5,30 €/Kg"
"As minhas primeiras receitas - refeição batata, abób...",Nestle,Embalagem de 190g,"1,89 €","9,95 €/Kg"
Caramelos de fruta,Penha,Embalagem de 500 g,"1,10 €","4,40 €/Kg"
Lava Tudo Flores Montanha,Sonasol,1.3 l,"0,99 €","0,50 €/L"
Whisky 8 anos,Grant's,Garrafa de 0.70 l,"32,99 €","47,13 €/L"
Polpa tomate tetra,PorSi,Embalagem de 210g,"3,84 €","24,00 €/Kg"
Vinho verde,Via Latina,Garrafa de 750 ml,"3,09 €","3,09 €/L"
Vinagre de limpeza,Dona Pureza,Embalagem de 1 l,"0,79 €","0,79 €/L"
Tablete chocolate creme de cacau,Milka,Embalagem de 100g,"5,30 €/Kg","5,30 €/Kg"
Feijão catarino,Legumes secos,1 un = 100 gr. (aprox.),"0,23 €","2,29 €/Kg"
Body Milk Cocoa,Nivea,Embalagem de 250 ml,"12,48 €/L","12,48 €/L"
Monster Truck Mega Wrex Rádio Controlo,Mondo,1 unidade,"9,99 €/Unidade","9,99 €/Unidade"
Faca Pão 20 cm Inox,PorSi,1 unidade,"6,99 €","6,99 €/Unidade"
Boneca Pediatra,Steffi Love,1 unidade,"19,99 €/Unidade","19,99 €/Unidade"
Chá verde,Tetley,Embalagem de 20g,"1,14 €","114,00 €/Kg"
"Leite uht, com café, galão alentejano",Serraleite,Embalagem de 1 l,"1,99 €","2,49 €/L"
Ambientador vela odor cozinha,PorSi,1 unidade,"9,49 €","45,19 €/Kg"
"Néctar de alperce, tetra",Compal,pack 3 x 200 ml,"0,99 €","0,99 €/L"
"Alimento seco para gato adulto, galinha",Whiskas,"Embalagem de 1,75 kg","12,99 €","4,33 €/Kg"
Detergente líquido manual loiça lavanda e alecrim,Fairy,Embalagem de 650 ml,"0,99 €","1,98 €/L"
Actimel magro natural,Danone,Embalagem de 6 x 100g,"4,15 €/Kg","4,15 €/Kg"
Lixívia Spray Mousse Flor,Neoblanc,Embalagem de 700ml,"1,74 €","0,35 €/L"
Iogurte activia cremoso coco,Danone,Embalagem de 4 x 120 g,"1,99 €","4,15 €/Kg"
Lixívia Spray Mousse,Neoblanc,Embalagem de 700ml,"1,74 €","0,35 €/L"
Vinho tinto bordeaux,CLOS DE LOS SIETE,Garrafa de 0.75 l,"6,89 €","9,19 €/L"
Salsichas de quinoa bio,Cemporcent,Embalagem de 200g,"5,55 €","18,50 €/Kg"
Camião do lixo,Dickie Toys,30 cm,"9,99 €/Unidade","9,99 €/Unidade"
Miolo de mexilhão,PorSi,Embalagem de 250 g,"1,79 €","7,16 €/Kg"
Bandida do pomar frutos vermelhos lata 50cl,Bandida,Garrafa de 500 ml,"1,59 €","3,18 €/L"
Framboesa mirtilo com xarope de milho,Cemporcent,Embalagem de 230g,"5,99 €","19,97 €/Kg"
Creme calosidades,Scholl,Embalagem de 60 ml,"4,99 €","99,80 €/L"
Tostas mistura s/ glúten,MUSEU PAO,Embalagem de 140g,"2,69 €","20,69 €/Kg"
Cerveja c/ álcool,Sagres,pack 30 x 0.25 L,"1,99 €/L","1,99 €/L"
Barrita controlo de peso chocolate,Ignoramu,Embalagem de 44g,"0,69 €","1,73 €/Kg"
Rebuçados peitorais,Villa,Embalagem de 200 g,"0,77 €","3,85 €/Kg"
Copos de Shot,Aj simoes,12 copos,"1,10 €","1,10 €/Unidade"
Espirais s/ glúten,Milaneza,Embalagem de 500g,"2,99 €","7,97 €/Kg"
Bebida de Amêndoa,PorSi Viva Bem,1 litro,"1,19 €","1,98 €/L"
Creme vegetal para barrar de chocolate,Tulicreme,Embalagem de 200g,"8,54 €/Kg","8,54 €/Kg"
Infusão nº 5 emagrecimento,Cemporcent,Embalagem de 10 unidades,"0,99 €","76,15 €/Kg"
"Iogurte, sabor a tutti-fruti",PorSi,Embalagem de 4 x 125 g,"1,87 €","1,25 €/Kg"
Tortitas de arroz chocolate negro,PorSi Viva Bem,130 g,"1,45 €","11,15 €/Kg"
Refrigerante c/ gás zero,Coca-Cola,pack 4 x 1 l,"0,40 €/L","0,40 €/L"
"Pensos para calos, 10 unidades",PorSi,1 embalagem,"1,69 €","1,69 €/Unidade"
Queijo Curado Amanteigado,Fonte Mourisca,1 un = 250 gr  (aprox.),"2,42 €","9,69 €/Kg"
Papel higiénico macio absorvente,PorSi,12 rolos,"1,99 €","1,99 €/Unidade"
Snack bone beef xs,8in1,Embalagem de 80g,"0,94 €","5,22 €/Kg"
Toranja,Fruta do Dia,1 un = 300 gr  (aprox.),"0,50 €","1,99 €/Kg"
Figados de Frango,Lusiaves,embalagem de 350 g (aprox.),"0,60 €","5,99 €/Kg"
Alimento para cão junior,HappyOne,Embalagem de 10 kg,"1,15 €/Kg","1,15 €/Kg"
Vinho branco,PorSi,embalagem de 1 litro,"0,85 €/L","0,85 €/L"
Spray de limpeza multiusos free & clear,Seventh Generation,Embalagem de 500 ml,"1,15 €","1,15 €/L"
Gelatina de morango,Royal,Embalagem de 114g,"0,55 €","61,11 €/Kg"
Feuilletine,Du Bois de la Roche,Embalagem de 135 g,"0,39 €","3,12 €/Kg"
Gel de Banho Secrets Oil Coconut,Dove,Embalagem de 500 ml,"6,49 €","8,65 €/L"
"Creme de noite, age perfect",L'oreal,Embalagem de 50 ml,"2,99 €","59,80 €/L"
Batata frita lisa,PorSi,Embalagem de 90g,"1,06 €","5,73 €/Kg"
Esparguete Clássica,Nacional,Embalagem de 500 g,"1,39 €","1,39 €/Kg"
Queijo cabra curado,PorSi,300 g,"1,89 €","10,50 €/Kg"
Arroz carolino,Caçarola,Embalagem de 1kg,"0,99 €","0,99 €/Kg"
Café torrado e moído 16 pastilhas,Sical,Embalagem de 104g,"54,36 €/Kg","54,36 €/Kg"
Chá infusão nº3 prostal control,Cemporcent,Embalagem de 13g,"58,44 €/Kg","58,44 €/Kg"
Rebuçados de mentol,PorSi,Embalagem de 250g,"0,77 €","3,85 €/Kg"
Vinagre de sidra,PorSi,500 ml,"0,35 €","0,70 €/L"
"Luvas multiusos relevo antiderrapante, tamanho grand...",PorSi,Embalagem de 1 unidades,"2,40 €","2,40 €/Unidade"
Pá do Lixo C/ Cabo,PorSi,1 un.,"2,20 €","2,20 €/Unidade"
Ambientador spray aerosol white bouquet,Air Wick,Garrafa de 240 ml,"0,99 €","3,30 €/L"
"Guardanapos brancos, 33x33cm, 2 folhas",PorSi,Embalagem com 100 unidades,"1,29 €","1,29 €/Unidade"
Posta de atum ao natural,PorSi,Embalagem de 120g,"0,89 €","7,42 €/Kg"
Creme de feijão c/ espinafres,Sopas Graciete,Garrafa de 400 ml,"1,19 €","2,98 €/Kg"
"Alimento para cão júnior bio complex, com frango",HappyOne,Embalagem de 4 kg,"1,15 €/Kg","1,15 €/Kg"
Tomate seco,PONTI,Embalagem de 280g,"3,84 €","24,00 €/Kg"
Crocantes de frango piri piri 180g,Iglo,Embalagem de 180g,"4,99 €","24,95 €/Kg"
Moto4 salvamento de animais,Lego,1 unidade,"9,99 €/Unidade","9,99 €/Unidade"
Cereais fitness,Nestle,Embalagem de 380g,"3,45 €","26,74 €/Kg"
Alimento lácteo banana +6 meses,Yogolino,Embalagem de 4 x 100 g,"2,89 €","7,23 €/Kg"
Creme de cenoura,PorSi,Embalagem de 400 g,"1,19 €","2,98 €/Kg"
Bebé com patudo,Nenuco,1 unidade,"19,99 €/Unidade","19,99 €/Unidade"
Gelatina tutti-fruti,PorSi,Embalagem de 170g,"0,55 €","61,11 €/Kg"
Nata uht carbonara,Parmalat,Embalagem de 200 ml,"0,75 €","3,75 €/L"
Tablete de chocolate branco,Schogetten,Embalagem de 100g,"0,99 €","9,90 €/Kg"
Lombo s/ Osso,Porco,Vendido ao peso a partir de 1 kg,"3,99 €","3,99 €/Kg"
Doce arando e mirtilo,ST.DALFOUR,Frasco de 284g,"2,99 €","8,67 €/Kg"
Sultana Dourada,PorSi,Embalagem de 200g,"0,79 €","3,95 €/Kg"
20 saquetas infusão camomila,Lipton,Embalagem de 10g,"0,99 €","76,15 €/Kg"
Collant opac micro 60d cast xl,PorSi,Embalagem de 1 unidades,"2,99 €","2,99 €/Unidade"
Massa esparguete,Milaneza,Embalagem de 500g,"1,39 €","1,39 €/Kg"
Iogurte Líquido Yoggi s/ lactose frutos silvestres,Nestle,4x160g,"0,99 €","1,98 €/Kg"
Sumo essencial manga,Compal,pack 3 x 0.11 l,"0,99 €","0,99 €/L"
Gel Styling Casual Black,Axe,Embalagem de 75 ml,"5,99 €","14,98 €/L"
Champanhe bruto,Delagne & Fils,"Garrafa de 0,75 l","34,00 €","45,33 €/L"
Iogurte pedaços morango,PorSi,Embalagem de 4x125g,"1,44 €","2,88 €/Kg"
Cá drenó volum,PLANTANATU,Embalagem de 10 unidades,"1,25 €","1,25 €/Unidade"
Inseticida Aerossol Rapid Moscas e Mosquitos,Raid,1 Embalagem 600ml,"5,09 €","8,48 €/L"
Grelo Nabo Programa Origens,PorSi,1 un= 1 kg (aprox.),"2,99 €","2,99 €/Kg"
Tintureira Posta,Peixe Congelado Higienizado,Vendido ao peso,"1,20 €","7,99 €/Kg"
Pipoca doce para  microondas,PorSi,Embalagem de 300g,"0,79 €","7,90 €/Kg"
Cominhos moídos,PorSi,Embalagem de 35g,"0,25 €","0,25 €/Kg"
Grão de bico,PorSi,Frasco com 540 g,"1,79 €","2,29 €/Kg"
Chantilly,Royal,Embalagem de 70g,"1,29 €","3,23 €/Kg"
Queijo curado vaca e ovelha,D. Sebastião,Embalagem de +-550G,"8,99 €","16,35 €/Kg"
Batata pré-frita cubos,PorSi,Embalagem de 1 kg,"1,39 €","1,39 €/Kg"
Farinha sem fermento t65,PorSi,Embalagem de 5 kg,"1,29 €","1,29 €/Kg"
Toalhetes Íntimos Suaves,Corine de Farme,Embalagem com 10 un.,"2,19 €","2,19 €/Unidade"
Cápsulas de café qharacter,Delta Q,Embalagem de 60g,"54,36 €/Kg","54,36 €/Kg"
Ambientador vela baunilha,Glade,1 unidade com 129 g,"9,49 €","45,19 €/Kg"
Milka chocolate tablet cocoa,Milka,Embalagem de 100g,"17,42 €/Kg","17,42 €/Kg"
"Pães para hamburguer com sésamo, 4 unidades",Bimbo,embalagem de 220 g,"2,63 €/Kg","2,63 €/Kg"
Infusão de tília,PorSi,Embalagem de 30g,"0,99 €","76,15 €/Kg"
Espinafres Arrancar Programa Origens,PorSi,1 un= 1 kg  (aprox. ),"2,99 €","2,99 €/Kg"
Bagas de goji,Cemporcent,Embalagem de 125 g,"0,79 €","3,95 €/Kg"
Vinho tinto doc dão,Cabriz,Garrafa de 0.75 l,"3,99 €","5,32 €/L"
Alimento seco p/ cão actividade intensa,PorSi,Embalagem de 4kg,"1,15 €/Kg","1,15 €/Kg"
Mini salsichas cocktail,Nobre,lata de 180g,"0,75 €","3,75 €/Kg"
"12 lápis de cor, 18cm",Domédia,Uma embalagem,"4,69 €","4,69 €/Unidade"
Estojo de maquilhagem Fairy Style,Clementoni,1 unidade,"12,99 €/Unidade","12,99 €/Unidade"
Sopa tailandesa,Knorr,embalagem com 69 g,"0,84 €","13,55 €/Kg"
Cereais fitness chocolate,Nestle,Embalagem de 380g,"3,45 €","26,74 €/Kg"
Yofu com pedaços de morango,Alpro,Embalagem de 4x125 g,"3,09 €","6,18 €/Kg"
Açúcar granulado,Rar,Embalagem de 1kg,"1,49 €","1,49 €/Kg"
Iogurte mix-in kit kat,Nestle,Embalagem de 2 x 115 g,"4,23 €/Kg","4,23 €/Kg"
Crispies de arroz +,Cemporcent,Embalagem de 250g,"1,94 €","3,88 €/Kg"
Toalhitas Bebé Basic,PorSi,Embalagem de 72 unidades,"1,09 €/Unidade","1,09 €/Unidade"
Gomas favoritos pica,Haribo,Embalagem de 90g,"1,19 €","3,97 €/Kg"
Peito de frango forno a lenha,Primor,"Vendido ao peso, fatiado a partir de 100 gr","2,25 €","11,25 €/Kg"
Bucal maça natural,Andros,Embalagem de 750 g,"3,39 €","4,52 €/Kg"
Atum posta em óleo,Noro,Lata com 110 g,"0,89 €","7,42 €/Kg"
Café moagem grossa bio,PorSi Bio,Embalagem de 250g,"9,16 €/Kg","9,16 €/Kg"
Pudim de leite condensado,Fabridoce,Embalagem de 500 g,"0,59 €","29,50 €/Kg"
Spray power&shine casa de banho,Cif,Garrafa de 750 ml,"0,79 €","0,79 €/L"
Presunto nacos,PorSi,Embalagem de 250g,"1,27 €","12,69 €/Kg"
Le cassoulet,Claude leg,Embalagem de 840g,"2,35 €","5,60 €/Kg"
Bebida de arroz,Shoyce,Embalagem de 3 x 200 ml,"1,59 €","1,59 €/L"
Chocolate de leite e amêndoas,Milka,Embalagem de 125g,"6,50 €/Kg","6,50 €/Kg"
Elixir bocal para crianças,Listerine,Embalagem de 500 ml,"1,29 €","2,58 €/L"
Pirassununga (38º),Cachaca 51,Garrafa de 700 ml,"17,49 €","24,99 €/L"
Anticalcário,Viakal,Embalagem de 500 ml,"0,99 €","0,99 €/L"
Infusão de menta,Tetley,Embalagem de 10g,"0,99 €","76,15 €/Kg"
Farinha rainha c/ fermento,Nacional,Embalagem de 1000 g,"1,29 €","1,29 €/Kg"
Café Clássico,PorSi,10 cápsulas,"54,36 €/Kg","54,36 €/Kg"
Queijo em fatias,Limiano,Embalagem de 400g,"1,56 €","7,80 €/Kg"
Óleo Performa 15W40,Galp,Embalagem de 1 l,"12,99 €","12,99 €/L"
Pringles flame kickin sour cream,Pringles,Embalagem de 160g,"1,19 €","6,43 €/Kg"
Adoçante c/ doseador,Canderel,Embalagem de 10g,"5,99 €","23,96 €/Kg"
Carapau Médio Fresco,Peixe do Dia,1 un = 150 gr (aprox.),"2,95 €/Kg","2,95 €/Kg"
Açucar icing,Rar,Embalagem de 250 g,"1,49 €","1,49 €/Kg"
Ice tea pêssego,Lipton,Garrafa de 2 l,"1,14 €","0,76 €/L"
Spray desinfetante multiusos,PorSi,750 ml,"1,15 €","1,15 €/L"
Polaretti magic milk micro esferas solúveis sabor ch...,Dolfin,Embalagem de 30g,"5,39 €","7,19 €/Kg"
Aperitivos de amendoim com sal e mel,Matutano,Embalagem de 150g,"0,79 €","3,95 €/Kg"
"Refresco em pó, ananás",Tang,Embalagem de 30g,"0,75 €","18,75 €/Kg"
Chá verde menta,PorSi,Embalagem de 43.7 g,"1,14 €","114,00 €/Kg"
Cafe soluvel c/c 200g,Delta,Embalagem de 200g,"14,50 €/Kg","14,50 €/Kg"
Refresco pó laranja e morango,PorSi,Embalagem de 40g,"0,75 €","18,75 €/Kg"
Nata uht light para culinária,PorSi,embalagem de 200 ml,"0,75 €","3,75 €/L"
Grão de bico,PorSi,Embalagem de 820g,"1,79 €","2,29 €/Kg"
Cerveja preta 0.0%,Sagres,Pack 4 x 0.33 l,"5,99 €","3,03 €/L"
Iogurte fruta batida banana/laranja/bolacha,Mimosa,Embalagem de 480g,"1,99 €","4,15 €/Kg"
Bolacha Maria,Cuetara,Embalagem de 200g,"2,11 €/Kg","2,11 €/Kg"
Creme vegetal soja,Planta,Embalagem de 250 gr,"2,09 €","8,36 €/Kg"
"Comida húmida para cão adulto com frango, vaca e bor...",Friskies,Embalagem de 400g,"0,75 €","2,50 €/Kg"
8 rissóis de camarão,PorSi,Embalagem de 300g,"2,99 €","9,97 €/Kg"
Bolachas oreo,Oreo,Embalagem de 440g,"0,79 €","4,49 €/Kg"
12 Preservativos Adapta Finíssimo XL,Control,,"14,99 €","74,95 €/L"
Melão Branco,Fruta do Dia,"Vendido ao peso,1 un= 2.5 kg (aprox.)","2,48 €","0,99 €/Kg"
Pastel de Nata,Pastelaria do Dia,60 g,"0,30 €/Unidade","0,30 €/Unidade"
Vinho regional de lisboa tinto,Marginal,Garrafa de 750 ml,"3,99 €","5,32 €/L"
Compak Regular Tampões Com Aplicador,Tampax,22 unidades,"3,99 €","3,99 €/Unidade"
Vinho tinto,PorSi,embalagem de 5 litros,"5,19 €","1,04 €/L"
Ovos Galinha Solo S,PorSi,6 unidades,"1,39 €","1,39 €/Unidade"
Leite Bem Essencial morango,Mimosa,Embalagem de 4 x 200 ml,"1,99 €","2,49 €/L"
Puzzle Spiderman,Clementoni,2 x 60 peças,"15,99 €/Unidade","15,99 €/Unidade"
Café nespresso descafeinado intensidade 11,STARBUCKS,Embalagem com 10 unidades,"1,59 €","6,36 €/Kg"
"Bolachas, tubo",Oreo,Embalagem de 150g,"0,79 €","4,49 €/Kg"
Nata uht,Agros,Garrafa de 200 ml,"0,75 €","3,75 €/L"
"Vinho bairrada, reserva, tinto",Selecção de Enófilos,Garrafa de 0.75 l,"6,49 €","8,65 €/L"
Camião obras na estrada,Lego,1 unidade,"9,99 €/Unidade","9,99 €/Unidade"
Tapioca hidratada sem adição de açúcares,PorSi Viva Bem,Embalagem de 500 g,"0,69 €","1,73 €/Kg"
Peito de peru forno a lenha fatias finas,Izidoro,110 g,"2,25 €","11,25 €/Kg"
"Máquina depilatória descartável, bikini",Labell,1 embalagem - 3 unidades,"12,99 €","12,99 €/Unidade"
"Espumante cava bruto, reserva",Freixenet,Garrafa de 750 ml,"8,49 €","11,32 €/L"
Creme Depilatório Peles Sensíveis,Veet,Embalagem de 400 ml,"2,99 €","14,95 €/L"
Chá barriguinha,PLANTANATU,Embalagem de 10 unidades,"1,25 €","1,25 €/Unidade"
Gelatina de frutos tropicais,PorSi,Embalagem 2X85G,"0,55 €","61,11 €/Kg"
Entremeada Novilho,Novilho,1 un=150 gr (aprox),"6,39 €","7,99 €/Kg"
Polpa de manga,Koala,Embalagem de 450g,"2,25 €","5,00 €/Kg"
Iogurte magro morango sem lactose,Mimosa,Embalagem de 4x 120 g,"1,87 €","1,25 €/Kg"
Bebida aveia sem açúcar,Alpro,Embalagem de 1 l,"1,19 €","1,98 €/L"
Patê atum em escabeche,La piara,Embalagem de 80g,"1,19 €","13,52 €/Kg"
"Vinagre virgem branco, spray",Paladin,Garrafa de 250 ml,"0,35 €","0,70 €/L"
Soja fina,PorSi Viva Bem,Embalagem de 400 g,"2,09 €","8,36 €/Kg"
Infusão carqueja,Cemporcent,Embalagem de 10 unidades,"0,99 €","76,15 €/Kg"
Champô Anti-Caspa,Pantene,360 ml,"5,59 €","13,98 €/L"
Gel de Banho Silk,Dove,Embalagem de 750 ml,"6,49 €","8,65 €/L"
Bolachas com recheio de chocolate,PorSi,Embalagem de 500g,"2,78 €/Kg","2,78 €/Kg"
Açúcar granulado embalado em papel,Rar,Embalagem de 1 kg,"1,49 €","1,49 €/Kg"
Tablete de chocolate culinário negro,PorSi,Embalagem de 200 g,"1,04 €","8,32 €/Kg"
Queijo ovelha curado amanteigado,Seia,Embalagem de 250g,"4,62 €","18,49 €/Kg"
"Fraldas Dry Fit, 4-9kg - Tamanho 3",Chicco,Embalagem de 42 unidades,"6,49 €","6,49 €/Unidade"
Chocolate kit kat,Kit kat,Embalagem de 210g,"19,47 €/Kg","19,47 €/Kg"
Manteiga sem sal terra nostra,Terra Nostra,Embalagem de 250g,"1,69 €","6,76 €/Kg"
Alheira Extra Trás os Montes,PorSi,"Vendido ao peso, 1un= 200 gr (aprox.)","1,39 €","6,95 €/Kg"
Rojões,Porco,1 un = 250 gr  (aprox.),"3,99 €","3,99 €/Kg"
Laca Cabelo Criação Brilho,Tresemmé,Embalagem de 300 ml,"4,19 €","16,76 €/L"
25 bombons de chocolate,Mon cheri,Embalagem de 260g,"31,40 €/Kg","31,40 €/Kg"
Escova e pente,Neo Baby,1 unidade,"5,99 €","5,99 €/Unidade"
Cabeça c/ Osso,Porco,1 un = 1.5 kg (aprox.),"0,60 €","5,99 €/Kg"
Nestlé® smarties® drageias de chocolate de leite 38g,SMARTIES,Embalagem de 40g,"18,50 €/Kg","18,50 €/Kg"
Leite e cereais 8 cereais e mel +6 meses,Cerelac,Garrafa de 400 ml,"4,49 €","4,49 €/Kg"
Paté Fígado Porco c/ Cogumelos,PorSi,75 g,"1,05 €","6,99 €/Kg"
Vinho maduro tinto,C.da eira,Garrafa de 250 ml,"0,85 €/L","0,85 €/L"
Liquido brilhante sapato preto,PorSi,75 ml,"2,25 €","45,00 €/L"
Concentrado laranja e pêssego,Sunquick,Garrafa de 580 ml,"3,54 €","3,54 €/L"
Pasta dentífrica,Couto,Embalagem de 60 ml,"2,39 €","31,87 €/L"
Balde Formas e Cores,Baby Clementoni,unidade,"12,99 €/Unidade","12,99 €/Unidade"
Algodão zig zag pré-cortado,PorSi,Embalagem de 50 g,"1,69 €","1,69 €/Unidade"
Pano limpa pó de flanela,PorSi,1 unidade,"1,79 €","1,79 €/Unidade"
Bacalhau à Brás,PorSi,Embalagem de 250g,"3,99 €","3,99 €/Kg"
Bolachas mini prince recheadas com chocolate,PRINCE,Embalagem de 160 g,"0,79 €","5,27 €/Kg"
Creme culinário soja,PorSi Viva Bem,Embalagem de 200 ml,"3,99 €","26,60 €/L"
Ananás Açores,Programa Origens,1 un=1 kg aprox.,"6,99 €","6,99 €/Kg"
Trufas de Cacau,PorSi Select,200 g,"31,40 €/Kg","31,40 €/Kg"
Molho bechamel,Parmalat,Embalagem de 200 ml,"0,75 €","3,75 €/L"
Papa infantil para preparar com leite +6 meses,Cerelac,Embalagem de 250g,"4,49 €","4,49 €/Kg"
Borracha branca gigante,Domédia,1 unidade,"2,19 €","109,50 €/L"
Difusor elétrico sem fio para pastilhas,Ezalo,Embalagem de 1 unidades,"7,69 €","7,69 €/Unidade"
Leite creme,PorSi,Embalagem de 4x23g,"1,69 €","8,45 €/L"
Rebuçados cristais de neve,PorSi,Embalagem de 250g,"1,15 €","4,60 €/Kg"
Lasanha à bolonhesa,PorSi,Embalagem de 500G,"3,53 €","8,83 €/Kg"
Extra Smooth Snap Máquina De Depilação,Venus,1 unidade,"1,99 €","1,99 €/Unidade"
Batata frita light,Lay's,Embalagem de 140g,"0,95 €","6,33 €/Kg"
Gomas spaghetti pica morango,Haribo,Embalagem de 80g,"1,19 €","3,97 €/Kg"
Creme de coentros sem batata,PorSi,Embalagem de 400 g,"1,19 €","2,98 €/Kg"
Bolacha alfa,Nacional,Embalagem de 180g,"0,99 €","7,92 €/Kg"
Iogurte morango 000%,PorSi Viva Bem,Embalagem de 4 x 125 g,"0,99 €","1,32 €/Kg"
Lasanha bolonhesa,Iglo,Embalagem de 300g,"3,53 €","8,83 €/Kg"
Toalhitas bebé natural care,Huggies,3 x 56 unidades,"1,09 €/Unidade","1,09 €/Unidade"
Leite bem essencial chocolate,Mimosa,Embalagem de 200 ml,"0,26 €","1,30 €/L"
Lasanha à bolonhesa,PorSi,Embalagem de 400 g,"3,99 €","3,99 €/Kg"
Biscoitos canudinho recheio cacau,PorSi,Embalagem de 300g,"0,99 €","7,92 €/Kg"
Sobremesa de Arroz Doce,PorSi,Embalagem 2X135G,"0,55 €","2,75 €/Kg"
Massa carbonara,PorSi,Embalagem de 300g,"3,99 €","3,99 €/Kg"
Néctar clássico pêssego,Compal,200 ml,"0,99 €","0,99 €/L"
Moscatel de setúbal,Alambre,"Garrafa de 0,75L","5,99 €","7,99 €/L"
Bolachas cream cracker,PorSi,Embalagem de 200g,"0,39 €","3,12 €/Kg"
Vinho do Porto Tawny,Velhotes,"garrafa de 0,75 l","15,99 €","21,32 €/L"
Gogo SqueeZ Snack Morango,Gogo,Embalagem de 4 x 90g,"2,29 €","6,94 €/L"
Fralda Activity T3 - 6 a 10 kg,Dodot,66 unidades,"6,49 €","6,49 €/Unidade"
Creme Rosto Dia Pele Mista Antirrugas Q10 Plus,Nivea,Embalagem de 50 ml,"2,99 €","59,80 €/L"
Snack gato sticks carne 6x5g porsi,PorSi,Embalagem de 30g,"0,99 €","16,50 €/Kg"
Puzzle Frozen 2,Clementoni,2 x 60 peças,"9,99 €/Unidade","9,99 €/Unidade"
Chourição,PorSi,"Vendido ao peso, fatiado a partir de 100 gr","0,95 €","9,49 €/Kg"
Adoçante em pó stevia,PorSi Viva Bem,Embalagem de 17g,"5,99 €","23,96 €/Kg"
Caramelos de fruta multisabor single,Sugus,Embalagem de 50g,"1,10 €","4,40 €/Kg"
Cola universal,Uhu,Embalagem de 20 ml,"2,19 €","109,50 €/L"
Condicionador cabelos loiros,Ultra Suave,Embalagem de 200 ml,"1,00 €","5,00 €/L"
Gelatina pronta a comer light 10 kcal morango,Royal,Embalagem de 4 x 100 g,"0,85 €","2,13 €/Kg"
Tortilha batata com cebola,PorSi,500 g,"3,99 €","3,99 €/Kg"
Azeite virgem extra dop moura,PorSi Select,Embalagem de 0.75L,"3,19 €","4,25 €/L"
Iogurte para bebé frutas variadas,Nestle,Embalagem de 4 x 100 g,"2,89 €","7,23 €/Kg"
Tortitas de arroz c/ iogurte,Bicentury,Embalagem de 130g,"1,45 €","11,15 €/Kg"
8 rissóis de carne,PorSi,Embalagem de 300g,"2,99 €","9,97 €/Kg"
Leite Hidratante After Sun,Ambre Solaire,Embalagem de 200 ml,"9,99 €","49,95 €/L"
Bloco sanitário com suporte azul,WC Pato,Embalagem de 40 g,"2,99 €","74,75 €/Kg"
Mistura de sementes,PorSi Viva Bem,Embalagem de 200 g,"1,59 €","10,60 €/Kg"
Ambientador elétrico baunilha & magnólia asiática,Air Wick,Difusor + Recarga,"3,74 €","3,74 €/Unidade"
Bebida de aveia s/ glúten,Shoyce,Embalagem de 1 litro,"11,44 €/Kg","11,44 €/Kg"
"Salsichas em frasco bockwurst, 5 un",Izidoro,Embalagem de 250g,"0,75 €","3,75 €/Kg"
Água s/ gás,Luso,"Garrafa de 5,4 l","1,04 €","0,17 €/L"
Presunto fatias,Damatta,Embalagem de 120 g,"1,27 €","12,69 €/Kg"
Fada,Barbie,1 unidade,"19,99 €/Unidade","19,99 €/Unidade"
Mortadela mini,PorSi,Embalagem de 350g,"1,05 €","6,99 €/Kg"
Pastilhas peppermint,CHICLETS,Embalagem de 17 g,"0,99 €","58,24 €/Kg"
Aguardente vínica velha,Alianca v.,Garrafa de 700 ml,"11,49 €","16,41 €/L"
Granola,Salutem,Embalagem de 500g,"2,29 €","11,45 €/Kg"
Café Solúvel Espresso Intenso,Nescafe,Embalagem de 100g,"14,50 €/Kg","14,50 €/Kg"
Quad racy 6v,Feber,1 un.,"49,99 €/Unidade","49,99 €/Unidade"
Água c/ Gás Ananás,Frize,pack 4 x 0.25 l,"2,85 €","2,85 €/L"
Gelo picado,PorSi,Embalagem de 2 kg,"1,99 €","1,00 €/Kg"
Chá cherry love,Lipton,20 saquetas,"1,19 €","59,50 €/Kg"
Vinagre balsâmico branco,Gallo,Garrafa de 250 ml,"0,35 €","0,70 €/L"
Chocolate negro 85% cacau,Nestle,Embalagem de 120g,"17,42 €/Kg","17,42 €/Kg"
Azeite virgem extra,Ouro elvas,Garrafa de 750 ml,"3,19 €","4,25 €/L"
Molho bechamel,PorSi,Embalagem de 200g,"0,70 €","2,33 €/Kg"
Crackers s/ sal superficie,GRAN PAVES,Embalagem de 560g,"0,39 €","3,12 €/Kg"
Leite com chocolate,PorSi,Embalagem de 200 ml,"0,26 €","1,30 €/L"
Polvo limpo,PorSi,Embalagem de 800 g,"5,49 €","6,86 €/Kg"
Pensos peles sensíveis sortidos,PorSi,20 unidades,"1,69 €","1,69 €/Unidade"
Lixívia Denso-Activa Tradicional p/ Casa e Roupa,Neoblanc,Embalagem de 2 l,"1,74 €","0,35 €/L"
"Alimento para cão adulto bio complex mix, com frango",HappyOne,Embalagem de 4 kg,"1,15 €/Kg","1,15 €/Kg"
Palitos redondos,PorSi,200 unidades embalados individualmente,"1,50 €","1,50 €/Unidade"
Azeite virgem extra reserva,Gallo,Garrafa de 750 ml,"3,19 €","4,25 €/L"
Queijinho yoco suissi maxi de morango e banana,Nestle,Embalagem de 4 x 90 g,"4,23 €/Kg","4,23 €/Kg"
Mel de néctar multifloral bio,PorSi Bio,Frasco de 250g,"4,89 €","9,78 €/Kg"
Bolachas fruit & fit frutos vermelhos,Triunfo,Embalagem de 148g,"0,99 €","7,92 €/Kg"
Água sem gás,Vitalis,Garrafa de 0.5 l,"1,04 €","0,17 €/L"
Gelado magnum pint amêndoas,Olá,Embalagem de 440 ml,"5,49 €","6,10 €/L"
Detergente máquina loiça tudo em 1 limão,Sun,70 pastilhas,"1,49 €","5,96 €/L"
Camião obras na estrada,Lego,1 unidade,"12,99 €/Unidade","12,99 €/Unidade"
Café em grão,Delta,Embalagem de 250g,"9,16 €/Kg","9,16 €/Kg"
Tostas suecas de trigo,PorSi,Embalagem de 225 g,"2,39 €","6,83 €/Kg"
Caramelos de nata,Werthers,Embalagem de 140g,"2,75 €","11,00 €/Kg"
Vinho tinto regional setúbal,Herdade da comporta,Garrafa de 0.75 l,"8,59 €","11,45 €/L"
Queijo mini,Babybel,Embalagem de 6x20 g,"1,45 €","7,25 €/Kg"
Papaia Avião,Fruta do Dia,1 un = 500 g (aprox.),"2,30 €","4,59 €/Kg"
Whisky 12 anos,Chivas,Garrafa de 700 ml,"32,99 €","47,13 €/L"
Ecobag 30 L Perfumado,Vileda,1 embalagem,"1,79 €","1,79 €/Unidade"
Café lote normal moagem fina,PorSi,Embalagem de 250 g,"3,49 €","13,96 €/Kg"
Tablete de chocolate com avelãs,PorSi,Embalagem de 100 g,"6,50 €/Kg","6,50 €/Kg"
Baby Pipi Comiditas,Vicam,1 unidade,"19,99 €/Unidade","19,99 €/Unidade"
"12 lápis de cor, 18cm",Domédia,Uma embalagem,"3,09 €","3,09 €/Unidade"
Pipetas repelente para cão,Repul' 7,Embalagem de 1 unidades,"19,99 €","19,99 €/Unidade"
Comida húmida para gato duplo prazer com peixe do oc...,Gourmet Gold,Embalagem de 90g,"2,89 €","7,23 €/Kg"
Papa infantil não láctea multicereais +6 meses,Cerelac,Embalagem de 250g,"4,49 €","4,49 €/Kg"
Vinho branco arinto bucelas,P.regia,Garrafa de 750 ml,"3,99 €","5,32 €/L"
Bolacha princesa chocolate,Vieira,Embalagem de 200 g,"2,24 €","11,20 €/Kg"
"Gel banho, sport for men",Nivea,Embalagem de 250 ml,"3,69 €","14,76 €/L"
Batata frita caseira,PorSi,Embalagem de 180g,"0,87 €","5,44 €/Kg"
Detergente líquido p/ máquina lavar roupa cores escu...,Woolite,"Garrafa de 1,65 l","8,69 €","1,84 €/Kg"
Pão de leite 8 un.,Bimbo,Embalagem de 280g,"7,40 €/Kg","7,40 €/Kg"
Massa macarronete riscado,PorSi,Embalagem de 500g,"1,39 €","1,39 €/Kg"
Bolacha digestiva de aveia/chocolate,Gullon,Embalagem de 430g,"0,98 €","3,27 €/Kg"
Cone morango/baunilha,PorSi,Embalagem de 6 x 120 ml,"5,99 €","17,11 €/L"
Chá de maçã e canela,Tetley,Embalagem de 20g,"1,19 €","59,50 €/Kg"
Yofu com pedaços de mirtilo,Alpro,Embalagem de 4x125 g,"3,09 €","6,18 €/Kg"
Soja nacos,PorSi Viva Bem,Embalagem de 400 g,"2,09 €","8,36 €/Kg"
Tablete de chocolate culinário branco,PorSi,Embalagem de 180 g,"1,04 €","8,32 €/Kg"
Café moído torrado aroma originale,Belissimo,Embalagem de 200g,"9,16 €/Kg","9,16 €/Kg"
Brócolos congelados,PorSi,Embalagem de 1 kg,"1,89 €","1,89 €/Kg"
Ambientador elétrico maçã,Glade,20 ml,"3,74 €","3,74 €/Unidade"
Snacks crocantes com bacon,PorSi,Embalagem de 60g,"0,79 €","7,90 €/Kg"
Papel higiénico branco folha quadrupla,PorSi,12 rolos,"1,99 €","1,99 €/Unidade"
Lion barra cereais  25g,Nestle,Embalagem de 150g,"1,29 €","10,24 €/Kg"
Doce morango 284g,ST.DALFOUR,Frasco de 284g,"2,99 €","8,67 €/Kg"
Lima-limao zero,PorSi,Garrafa de 1.5 l,"0,40 €/L","0,40 €/L"
Aguardente Vínica Velha,Curvada de Velha,Garrafa de 70 cl,"11,49 €","16,41 €/L"
Leite seleccionado matinal leve,Matinal,Embalagem de 200 ml,"0,81 €","0,81 €/L"
Ambientador Difusor Frutos Vermelhos,PorSi,50 ml,"9,49 €","45,19 €/Kg"
Iogurte activia cremoso frutos silvestres,Danone,Embalagem de 4 x 120 g,"1,99 €","4,15 €/Kg"
Atum filete manjericão + tomate,Tenorio,Embalagem de 120g,"0,89 €","7,42 €/Kg"
Caramelos de leite,Penha,Embalagem de 250g,"2,75 €","11,00 €/Kg"
Vinho verde branco,MIRANDA,"Garrafa de 0,75 l","3,09 €","3,09 €/L"
Água com gás natural pet,P.salgadas,pack 6 x 0.33 l,"2,85 €","2,85 €/L"
Desinfetante Têxtil,Sanytol,Embalagem de 500 ml,"10,99 €","52,33 €/Kg"
Néctar ananás,PorSi,Pack 3 x 200 ml,"0,99 €","0,99 €/L"
Vinho do Porto Branco,Velhotes,"Garrafa de 0,75 l","11,99 €","15,99 €/L"
Sal cristal,PorSi,embalagem de 1 kg,"0,25 €","0,25 €/Kg"
Café solúvel clássico,Nescafe,Embalagem de 200g,"14,50 €/Kg","14,50 €/Kg"
Vinho rosé,Mateus,Garrafa de 750 ml,"4,29 €","5,72 €/L"
Sal Himalaias Grosso,Origens Bio,1 Embalagem 500G,"2,99 €","5,98 €/Kg"
Queijo p/ barrar s/ lactose,Philadelph,Embalagem de 150g,"4,19 €","10,48 €/Kg"
Queijo ralado mix 3 queijos,PorSi,Embalagem de 200 g,"7,45 €/Kg","7,45 €/Kg"
Alface Lisa,Programa Origens,1 un = 400 g (aprox.),"0,80 €","1,99 €/Kg"
Vinho branco tejo,Alorna,Garrafa de 750 ml,"3,99 €","5,32 €/L"
Queijo de ovelha curado amanteigado,PorSi Select,250 g,"25,45 €/Kg","25,45 €/Kg"
Vinho branco bag-in-box,Capataz,Embalagem de 5 l,"5,19 €","1,04 €/L"
Spray renova camurça castanha,PorSi,Embalagem de 200 ml,"2,89 €","14,45 €/L"
Café em cápsulas aqtivus,Delta Q,Embalagem de 55 g,"54,36 €/Kg","54,36 €/Kg"
Collant confort 20d preto S/M,PorSi,Embalagem de 1 unidades,"2,99 €","2,99 €/Unidade"
Refresco em pó de laranja,Tang,Embalagem de 30g,"0,75 €","18,75 €/Kg"
Lula limpa 20/40,PorSi,Embalagem de 800 g,"5,49 €","6,86 €/Kg"
Gel Cabelo Styling Creme Cabelo,Nivea,Embalagem de 150 ml,"5,99 €","14,98 €/L"
Amaciador  p/ roupa concentrado Aromaterapia,PorSi,Embalagem com 60 doses,"3,99 €","3,99 €/Unidade"
Rhum com coco,Malibu,Garrafa de 700 ml,"17,49 €","24,99 €/L"
Chocolate kit kat,Kit kat,Embalagem de 130g,"19,47 €/Kg","19,47 €/Kg"
Vinho maduro branco,Ala dos namorados,Garrafa de 75 cl,"1,99 €","2,65 €/L"
"Livro ""Era uma vez contos intemporais""",Yoyo Books,1 unidade,"7,50 €/Unidade","7,50 €/Unidade"
Café Torrado em Grão Indonésia,Delta,Embalagem de 220g,"9,16 €/Kg","9,16 €/Kg"
Maionese top down,Hellmman's,Embalagem de 238 g,"0,70 €","2,33 €/Kg"
Cereais muesli goji e mirtilos,Quaker,Embalagem de 350g,"3,79 €","10,83 €/Kg"
Sangria branca,Casal Garcia,Garrafa de 750 ml,"2,39 €","1,59 €/L"
Pera rocha categoria II Programa Origens,PorSi,Embalagem de 1.5 kg,"0,28 €","1,89 €/Kg"
Bolachas crackers s/ sal,Du bois,Embalagem de 500g,"0,39 €","3,12 €/Kg"
Bandas de cera fria facial,Labell,Embalagem com 20 un. + 4 toalhitas de acabamento,"6,99 €","6,99 €/Unidade"
Loção Hidratante para Depois do Sol,Nivea Sun,Embalagem de 200 ml,"9,99 €","49,95 €/L"
Ambientador recarga delícias de verão,Air Wick,Garrafa de 250 ml,"11,98 €","11,98 €/Unidade"
Millet (milho painço),Cemporcent,Embalagem de 500g,"1,94 €","3,88 €/Kg"
"Bloco de desenho A3, 24 folhas",Domédia,1 unidade,"2,79 €","2,79 €/Unidade"
Lipton limão zero pet,Lipton,Garrafa de 2 l,"1,14 €","0,76 €/L"
Codornizes,Aves,1 un. = 150 g (aprox.),"1,05 €","2,99 €/Kg"
Alheira Especial de Trás-Os-Montes,PorSi,200 g,"1,39 €","6,95 €/Kg"
Massa de macarrão grande estriado,PorSi,Embalagem de 500g,"1,39 €","1,39 €/Kg"
Leite condensado magro,Nestle,Embalagem de 390g,"1,09 €","2,75 €/Kg"
Arroz carolino,PorSi,Embalagem de 1 kg,"0,99 €","0,99 €/Kg"
Aguardente vínica,P.marante,Garrafa de 700 ml,"11,49 €","16,41 €/L"
Pão Rústico com Malte,Pão do Dia,1 unidade= 100 g,"0,19 €","2,71 €/Kg"
"Canas de creme, 4 unidades",Dulcesol,Embalagem de 250g,"2,05 €","5,13 €/Kg"
Manjericão,PorSi,50 g,"0,99 €","19,80 €/Kg"
Feijão encarnado,PorSi,Embalagem de 820 g,"1,79 €","2,29 €/Kg"
Delícia semi-fria cheesecake,Royal,embalagem de 325 g,"1,69 €","8,45 €/L"
Gogo SqueeZ Snack Morango,Gogo,Embalagem de 90g,"2,29 €","6,94 €/L"
Caramelo líquido,Royal,Embalagem de 400g,"1,29 €","3,23 €/Kg"
Bloco Sanitário Poder Activo Aqua,Sonasol,Embalagem de 50 g,"2,99 €","74,75 €/Kg"
"Frutapura pera, banana e alperce",Bledina,Embalagem de 85g,"2,29 €","6,94 €/L"
Pimenta preta grão,PorSi,Saqueta de 50 g,"0,25 €","0,25 €/Kg"
Ameijoa Castanha Vietnamita,Marisco Congelado,Venda ao Kilo,"2,00 €","7,99 €/Kg"
Concentrado de frutas tropicais,Sunquick,Garrafa de 700 ml,"3,54 €","3,54 €/L"
Queijo creme de ervas finas,Philadelph,Embalagem de 150g,"4,19 €","10,48 €/Kg"
Marmelada com frutose,PorSi Viva Bem,Embalagem de 400g,"1,09 €","2,42 €/Kg"
Gelatina de morango,PorSi,Embalagem de 170g,"0,55 €","61,11 €/Kg"
Taolhão de banho,PorSi,100 x 150 cm,"12,00 €/Unidade","12,00 €/Unidade"
Fralda Cueca de Banho |Tamanho 3 X/S,Pommette,Embalagem de 12 un.,"8,49 €","8,49 €/Unidade"
Livro A Cigarra e a Formiga,Europrice,1 unidade,"7,50 €/Unidade","7,50 €/Unidade"
Mandioca,Legumes do Dia,1 un=500 gr (aprox.),"0,62 €","2,49 €/Kg"
Mousse de chocolate,PorSi,Embalagem de 110 g,"1,19 €","2,59 €/Kg"
Pasta dentífrica gel kids,Labell,Embalagem de 50 ml,"0,99 €","0,99 €/Unidade"
Iogurte líquido danonino morango,Danone,Embalagem de 4 x 100 g,"4,23 €/Kg","4,23 €/Kg"
"Limpa vidros, azul",PorSi,Embalagem de 5 l,"3,99 €","0,80 €/L"
Couscous tradicional,Cemporcent,Embalagem de 500g,"1,94 €","3,88 €/Kg"
Leite de crescimento 4 de 1 a 3 anos,NAN,Embalagem de 800g,"20,99 €","26,24 €/Kg"
Palmiers,PorSi,Embalagem de 720 g,"1,69 €","6,76 €/Kg"
"Mistura de couve flor, brócolos e cenoura",PorSi,Embalagem de 1 kg,"1,89 €","1,89 €/Kg"
"Salsichas aves, frasco com 5 unidad",Izidoro,Embalagem de 250g,"0,75 €","3,75 €/Kg"
Doce de morango,Casa de Mateus,Embalagem de 345g,"2,99 €","8,67 €/Kg"
"Vinho branco região da península de setúbal, bag in ...",Dom Campos,Garrafa de 5 l,"9,49 €","1,90 €/L"
Bio miolo amendoa compele,PorSi Bio,Embalagem de 100g,"0,79 €","3,95 €/Kg"
Bolacha recheada mega duo chocolate,Gullon,Embalagem de 500g,"2,78 €/Kg","2,78 €/Kg"
Rum anejo especial,Havana,Garrafa de 700 ml,"17,49 €","24,99 €/L"
Pensos Incontinência Homem Men Diário,Tena,14 un.,"1,95 €","1,95 €/Unidade"
Chispalhada,PorSi,Embalagem de 420 g,"2,35 €","5,60 €/Kg"
"Refrigerante sem gás, maracujá e la",Joi,"Garrafa de 1,5 l","1,14 €","0,76 €/L"
Tequila,On Off,Garrafa de 70 cl,"11,99 €","11,99 €/L"
Vinho branco região do Dão,Dharma,Garrafa de 0.75 l,"3,99 €","5,32 €/L"
Preparado para arroz de marisco,Brasmar,Embalagem de 450 g,"1,91 €","4,78 €/Kg"
Saqueta de puré de fruta | maçã + pera,PorSi,90 g,"0,74 €","8,22 €/Kg"
Chocolate single 38g,Toff.crisp,Embalagem de 40g,"19,47 €/Kg","19,47 €/Kg"
Tira gorduras dia a dia,Mistolin,Garrafa de 750 ml,"1,29 €","1,72 €/L"
Bacalhau com azeite e alho,PorSi Select,Lata de 120 g,"0,89 €","7,42 €/Kg"
Creme Depilatório Men Peles Sensíveis,Veet,Embalagem de 200 ml,"6,99 €","6,99 €/Unidade"
Cereais Forma Natura,PorSi,500 g,"3,45 €","26,74 €/Kg"
Entremeada s/ Entrecosto,Porco,Vendido ao peso a partir de 1 kg,"3,99 €","3,99 €/Kg"
Pasta dentífrica menta fresca,Aquafresh,Embalagem de 75 ml,"2,39 €","31,87 €/L"
Creme Mãos Secrets Abacate,Dove,75 ml,"1,03 €","10,30 €/L"
Leite UHT Meio Gordo,PorSi,1 l,"0,81 €","0,81 €/L"
Balões latex rosa,PorSi,Embalagem com 24 unidades,"1,69 €","1,69 €/Unidade"
Dobrada com feijão,Nobre,Embalagem de 420g,"2,35 €","5,60 €/Kg"
Rolo papel cozinha branco compacto,PorSi,Embalagem de 4 unidades,"4,99 €","4,99 €/Unidade"
Vinho tinto regional peninsula de setúbal,Fonte nico,Garrafa de 750 ml,"8,59 €","11,45 €/L"
Creme de corpo exfoliante,Labell,Embalagem de 150 ml,"0,76 €","0,76 €/Unidade"
Refrigerante s/ gás flórida,Sunny d,"Garrafa de 1,25 l","1,14 €","0,76 €/L"
Néctar vital equilibrio manga/laranja,Compal,Embalagem de 1 l,"0,84 €","2,55 €/L"
Iogurtes aroma 4 de morango + 4 de banana,PorSi,Embalagem de 8x125g,"1,87 €","1,25 €/Kg"
Cabide Anti-Humidade,HUMYDRY,450 g,"6,99 €","6,99 €/Unidade"
Damas + Xadrez,Clementoni,1 unidade,"9,99 €/Unidade","9,99 €/Unidade"
Nestle bebe natural 4x100g,Nestle,Embalagem de 400g,"2,89 €","7,23 €/Kg"
Kit escovas de dentes,Tigex,1 conjunto,"7,99 €","7,99 €/Unidade"
Bebida de soja comcálcio,Frias,Garrafa de 1 l,"1,19 €","1,98 €/L"
Danacol natural,Danone,Embalagem de 6 x 100 g,"4,15 €/Kg","4,15 €/Kg"
Fondue,Novilho,1 un = 250 gr  (aprox.),"6,39 €","7,99 €/Kg"
Mala criativa,Lego,1 unidade,"15,99 €/Unidade","15,99 €/Unidade"
Romã,Fruta da Época,1 un = 250 gr  (aprox.),"1,89 €/Kg","1,89 €/Kg"
Puré de maçã natural,Cemporcent,Embalagem de 350g,"5,99 €","19,97 €/Kg"
Queijinhos mini,Babybel,Embalagem de 240g,"0,82 €","23,43 €/Kg"
Maionese magra em frasco,Hellmman's,Embalagem de 460g,"0,70 €","2,33 €/Kg"
Lápis de cor 18 cm,Domédia,embalagem com 18 unidades,"3,09 €","3,09 €/Unidade"
Sobremesa danette baunilha,Danone,Embalagem de 4 x 125 g,"1,19 €","2,59 €/Kg"
Gelado viennetta morango,Olá,Embalagem de 650 ml,"5,49 €","6,10 €/L"
Azeite Virgem Extra Clássico,Gallo,Garrafa de 2 l,"3,19 €","4,25 €/L"
Livro Pop-Ups - Animais,Europrice,1 unidade,"7,50 €/Unidade","7,50 €/Unidade"
Café torrado classic universal,Delta,Embalagem de 250g,"9,16 €/Kg","9,16 €/Kg"
Água mineral sem gás,Vimeiro,Pack 6 x 0.5 l,"1,04 €","0,17 €/L"
Vinho do porto 10 anos,Souza,Garrafa de 750 ml,"15,99 €","21,32 €/L"
Papa infantil não láctea 8 cereais e mel +6 meses,Cerelac,Embalagem de 250g,"4,49 €","4,49 €/Kg"
Vinho verde branco,Aveleda,Garrafa de 750 ml,"3,09 €","3,09 €/L"
Balões latex mistos,PorSi,Embalagem com 24 unidades,"1,69 €","1,69 €/Unidade"
Cereais estrelitas,Nestle,Embalagem de 550g,"5,07 €/Kg","5,07 €/Kg"
Helicóptero da polícia,Lego,1 unidade,"9,99 €/Unidade","9,99 €/Unidade"
Nestum flocos de cereais integrais,Nestum,Embalagem de 250g,"2,19 €","8,76 €/Kg"
Café torrado lote chávena saco,Delta,Embalagem de 250g,"9,16 €/Kg","9,16 €/Kg"
"Salsichas bockwurst em frasco, 8 unidades",Izidoro,Embalagem de 400g,"0,75 €","3,75 €/Kg"
Batata frita light,PorSi,Embalagem de 150g,"0,95 €","6,33 €/Kg"
Palmiers,PorSi,Embalagem de 100g,"1,69 €","6,76 €/Kg"
Guardanapos 2 folhas brancos e dourado,PorSi Select,50 unidades,"1,29 €","1,29 €/Unidade"
24 Caldos de carne,PorSi,Embalagem de 255  g,"3,84 €","24,00 €/Kg"
Néctar de pêssego,PorSi,Pack 3 x 200 ml,"0,99 €","0,99 €/L"
Lava tudo brilhante madeiras,PorSi,Embalagem de 1.1 litros,"0,99 €","0,50 €/L"
Cereais cruesli fruta,Quaker,Embalagem de 380g,"2,29 €","6,11 €/Kg"
Sobremesa gelatina de ananás,PorSi,Embalagem 4X100G,"0,85 €","2,13 €/Kg"
Caixa de arrumação reciclada,PorSi,20 litros,"5,24 €","5,24 €/Unidade"
Melaço de cana,Cemporcent,Embalagem de 370g,"5,99 €","19,97 €/Kg"
Queijo mozzarella ralado,PorSi,Embalagem de 200 g,"7,45 €/Kg","7,45 €/Kg"
Desodorizante roll-on invisible,Rexona,Embalagem de 50 ml,"4,69 €","31,27 €/L"
Stevia chocolate negro com frutos vermelhos,Cemporcent,Embalagem de 125g,"2,89 €","23,12 €/Kg"
Massa quebrada margarina,PorSi,Embalagem de 230 g,"0,99 €","4,30 €/Kg"
Salsichas de tofu,Cemporcent,Embalagem de 200g,"5,55 €","18,50 €/Kg"
Farinheira das beiras,PorSi,Embalagem de 260G,"1,39 €","6,95 €/Kg"
Bebida energética ripper,Monster,Garrafa de 500 ml,"5,39 €","5,39 €/L"
"Formas de alumínio rectangulares com tampa, 600ml , ...",PorSi,Uma embalagem,"1,11 €","1,11 €/Unidade"
Dinos cookienss 185g                 *10,Artiach,Embalagem de 190g,"1,89 €","15,75 €/Kg"
Adoçante com doseador,PorSi,Embalagem 100 comprimidos,"5,99 €","23,96 €/Kg"
Recarga Desumidificador Basic,HUMYDRY,embalagem de 3 x 250g,"4,59 €","61,20 €/Kg"
Corações de Frango,Lusiaves,embalagem de 350 g (aprox.),"0,60 €","5,99 €/Kg"
Extra vitamina de a a z,PLANTANATU,Embalagem de 1 unidades,"7,59 €","126,50 €/Kg"
Gin Ten Premium,Tanqueray,Garrafa de 0.70L,"16,49 €","23,56 €/L"
Gel Lubrificante Play Calor,Durex,Embalagem de 50 ml,"14,99 €","74,95 €/L"
Paté Fígado Porco c/ Vinho do Porto,PorSi,75 g,"1,05 €","6,99 €/Kg"
Nestum Mel,Nestlé,Embalagem de 3x300g,"4,49 €","4,49 €/Kg"
10 hamburguers 60% carne de bovino,PorSi,Embalagem de 1 kg,"2,79 €","8,72 €/Kg"
Mousse de chocolate preto,Páturages,Embalagem de 4x60 g,"1,19 €","2,59 €/Kg"
Guitarra,Panda,1 un.,"12,99 €/Unidade","12,99 €/Unidade"
Lambrusco bianco,*,Garrafa de 750 ml,"1,99 €","2,65 €/L"
Spray casa de banho brilhante,Sonasol,Embalagem de 500 ml,"0,99 €","0,50 €/L"
Iogurte líquido magro morango,PorSi Viva Bem,Embalagem de 4x150 ml,"1,19 €","1,98 €/L"
Analisador água piscina,Gre,,"14,99 €","14,99 €/Unidade"
Berbigão Grande,Marisco Fresco,1 un = 250 gr  (aprox.),"0,69 €","2,29 €/Kg"
Feijão branco,Compal,Lata de 410 ml,"1,79 €","2,29 €/Kg"
Massa pevide,Nacional,Embalagem de 250g,"1,39 €","1,39 €/Kg"
Esparguete com legumes,Cemporcent,Embalagem de 250g,"1,94 €","3,88 €/Kg"
"Toalhitas intimas, 20 unidades",Labell,Uma embalagem,"2,19 €","2,19 €/Unidade"
Creme vegetal para barrar,PorSi,Embalagem de 500 g,"1,59 €","6,36 €/Kg"
Papel higiénico reciclado 2 folhas,PorSi,12 rolos,"1,99 €","1,99 €/Unidade"
Chocolate culinário 70% cacau,Pantagruel,Embalagem de 200g,"1,04 €","8,32 €/Kg"
Mistolin advanced anticalcário,Mistolin,Garrafa de 500 ml,"1,99 €","3,98 €/L"
Café moagem normal: intenso,Buondi,Embalagem de 220g,"3,49 €","13,96 €/Kg"
Camião Betoneira,Lego,1 unidade,"9,99 €/Unidade","9,99 €/Unidade"
Magnum amêndoa,Olá,Embalagem de 6 x 55 ml,"5,99 €","17,11 €/L"
"Joya bebida de amêndoa alto teor de protéina, sem aç...",Joya,Garrafa de 1 l,"1,19 €","1,98 €/L"
Iogurte tipo grego maracujá,PorSi,Embalagem de 4 x 125 g,"1,99 €","4,15 €/Kg"
Snack para gato original,Felix,Embalagem de 60g,"0,99 €","16,50 €/Kg"
Vinho Tinto Douro Reserva,Duas Quintas,Garrafa de 750 ml,"3,09 €","3,09 €/L"
Cacau em pó,Pantagruel,Embalagem de 130g,"1,04 €","8,32 €/Kg"
Queijo P'tits Fondants 8 Porções,PorSi,Embalagem de 140 g,"0,82 €","23,43 €/Kg"
Salada de fruta em calda,PorSi,Lata com 820 g,"1,99 €","2,37 €/Kg"
Medalhões  de Pescada,Peixe Congelado Higienizado,1 un = 150 gr (aprox.),"4,39 €","10,98 €/Kg"
Na-esparguete bio 500g 10kg,Nacional,Embalagem de 500g,"1,89 €","3,78 €/Kg"
"Escova dentes, proteção global suave, 2 unidades",Labell,1 embalagem,"3,99 €","3,99 €/Unidade"
Bochechas,Porco,1 un = 150 gr (aprox.),"3,99 €","3,99 €/Kg"
Receita caseira de bolonhesa,Nobre,Embalagem de 420g,"2,35 €","5,60 €/Kg"
Fralda cueca T4 - 8 a 14 kg,PorSi,22 unidades,"8,49 €","8,49 €/Unidade"
Penso de incontinência maxi,Ausonia Discreet,Embalagem de 8 un.,"1,95 €","1,95 €/Unidade"
Massa quebrada s/ glúten,Pasta dia,Embalagem de 230g,"0,99 €","4,30 €/Kg"
Iogurte líquido magro morango,PorSi Viva Bem,Embalagem de 4x150 ml,"1,20 €","1,88 €/Kg"
Super mix cacau pepitas,Origensbio,Embalagem de 100g,"3,99 €","39,90 €/Kg"
"Hamburgers de porco, 4x80g",PorSi,Embalagem de 320 g,"2,79 €","8,72 €/Kg"
Mega cozinha,Barbie,1 conjunto,"19,99 €/Unidade","19,99 €/Unidade"
Palhinhas brancas em biomaterial,PorSi,Embalagem com 25 unidades,"0,60 €","0,60 €/Unidade"
Cocktail melão,Bar Royal,Garrafa de 750 ml,"11,99 €","11,99 €/L"
Queijo fresco ligth,PorSi,Embalagem de 4 x 62.5 g,"2,39 €","19,92 €/Kg"
Queijo fatias -50% gordura,Terra Nostra,Embalagem de 400g,"2,39 €","19,92 €/Kg"
Esferográfica Preta Média,Mab,Embalagem com 4 un.,"2,49 €","2,49 €/Unidade"
Pasta dentífrica herbal,Colgate,Embalagem de 75 ml,"2,39 €","31,87 €/L"
Castanhas,PorSi,Embalagem de 500G,"3,29 €","4,39 €/Kg"
Creme Mãos Secrets Coco,Dove,75 ml,"1,03 €","10,30 €/L"
Fruta para bebé maçã cenoura manga +6 meses,Nestle,Embalagem de 90g,"0,74 €","8,22 €/Kg"
Penso diário salvaslip multiforma,Evax,embalagem de 34 unidades,"1,79 €","1,79 €/Unidade"
"Vela com número, nº 7",PorSi,1 unidade,"0,60 €","0,60 €/Unidade"
Camião do Lixo,Play-Doh,1 unidade,"19,99 €/Unidade","19,99 €/Unidade"
Bola de Futebol,Nike,T.5,"12,99 €/Unidade","12,99 €/Unidade"
Bebida láctea crescimento c/ bolacha maria,Nestle,Embalagem de 1 litro,"0,26 €","1,30 €/L"
Leite seleccionado magro,Matinal,Garrafa de 1 l,"0,81 €","0,81 €/L"
Discos Sanitários Activos Aparelho Marinho,WC Pato,Embalagem de 36 ml,"2,99 €","74,75 €/Kg"
Amaciador roupa concentrado lírios e morango,PorSi,60 doses,"3,99 €","3,99 €/Unidade"
Massas alimentícias laços,PorSi,Embalagem de 500g,"1,39 €","1,39 €/Kg"
Polvo limpo,PorSi,Embalagem de 1 kg,"5,49 €","6,86 €/Kg"
Bacalhau espiritual,PorSi,Embalagem de 300g,"1,91 €","4,78 €/Kg"
Creme p/ Calçado Azul,Búfalo,Embalagem de 40 ml,"0,99 €","19,80 €/L"
Figo pingo mel,PorSi,Embalagem de 300 g,"1,89 €/Kg","1,89 €/Kg"
Bebida de arroz bio,Joya,Embalagem de 3 x 200 ml,"1,59 €","1,59 €/L"
20 saquetas green framboesa/romã,Lipton,Embalagem de 30g,"1,19 €","59,50 €/Kg"
Feijão verde,PorSi,Embalagem de 750 g,"1,89 €","1,89 €/Kg"
Lambrusco rosé,Sorbello,Garrafa de 0.75 l,"1,99 €","2,65 €/L"
10 compressas de gaze,PorSi,20 x 20 cm,"1,69 €","1,69 €/Unidade"
Diospiro de roer persimon | categoria: II,Fruta da Época,1 un = 250 gr  (aprox.),"1,89 €/Kg","1,89 €/Kg"
"Presunto Metades, 6 meses de cura",PorSi,"Vendido ao peso, fatiado a partir de 100 gr","1,27 €","12,69 €/Kg"
Preparado sobremesa vegan sem lactose,Nestle,Embalagem de 370g,"1,69 €","8,45 €/L"
Leite infantil 3+ anos sem lactose,Mimosa,Garrafa de 1 l,"2,19 €","2,19 €/L"
Gengibre desidratado,Salutem,Embalagem de 100g,"5,55 €","18,50 €/Kg"
Fita adesiva,PorSi,5m x 1.25 cm,"1,69 €","1,69 €/Unidade"
Salsichas de quinoa bio,Cemporcent,Embalagem de 200g,"4,79 €","4,79 €/Kg"
Ice tea de limão,PorSi,"Embalagem de 1,5 l","1,14 €","0,76 €/L"
Bechamel sem glúten,Parmalat,500 ml,"0,75 €","3,75 €/L"
Salvacamas 60x180,Lindor,Embalagem de 15 unidades,"4,99 €","4,99 €/Unidade"
Gelatina de melancia,Koala,Embalagem de 130g,"0,85 €","2,13 €/Kg"
Topping chocolate belga,Branca de neve,Embalagem de 390g,"1,29 €","3,23 €/Kg"
Ambientador vela citronela,PorSi,1 unidade,"9,49 €","45,19 €/Kg"
Cha infusão vermelho,Cemporcent,Embalagem com 10 saquetas,"58,44 €/Kg","58,44 €/Kg"
Vinho rosé,Gatão,Garrafa de 0.75 l,"4,29 €","5,72 €/L"
Ração para gato júnior com frango,Purina One,Embalagem de 800 g,"12,99 €","4,33 €/Kg"
20 saquetas chá detox,Lipton,Embalagem de 30g,"58,44 €/Kg","58,44 €/Kg"
Joya bebida de aveia 0% açúcares uht,Joya,Garrafa de 1 l,"1,19 €","1,98 €/L"
Limpa Máquina Loiça Regular,Finish,,"1,49 €","5,96 €/L"
Nestum zero espelta/aveia,Nestum,Embalagem de 250 g,"4,49 €","4,49 €/Kg"
Pastilha Elástica Bottle Spearmint,Trident,Embalagem de 82 g,"0,99 €","58,24 €/Kg"
Super laboratório de Beleza,Clementoni,1 unidade,"19,99 €/Unidade","19,99 €/Unidade"
Costeleta,Novilho,1 un= 400 gr aprox.,"6,39 €","7,99 €/Kg"
Bacalhau posta média,PorSi,Embalagem de 800g,"6,39 €","7,99 €/Kg"
Barras de cereais forma clássica,PorSi,Embalagem de 126g,"1,29 €","10,24 €/Kg"
Barras fitness natural 141g,Nestle,Embalagem de 140g,"1,29 €","10,24 €/Kg"
Bebida energética original,Burn,Garrafa de 500 ml,"5,39 €","5,39 €/L"
Moscatel favaios,Favaios,Garrafa de 750 ml,"5,99 €","7,99 €/L"
Leite Hidratante Delicadeza de Aveia,Ultra Suave,Embalagem de 400 ml,"12,48 €/L","12,48 €/L"
"Bolachas relieve, mel e coco",PorSi,Embalagem de 700g,"0,99 €","7,92 €/Kg"
Livro Quero Conhecer Cores,Europrice,1 unidade,"7,50 €/Unidade","7,50 €/Unidade"
Framboesa,Fruta do Dia,Embalagem com 250g,"3,49 €","13,96 €/Kg"
Achocolatado intenso 40% cacau,Nestle,Embalagem de 330g,"5,39 €","7,19 €/Kg"
Ayam leite de coco,Ayam,Garrafa de 200 ml,"1,69 €","8,45 €/L"
Metades de pera em calda,PorSi,Lata de 820 g,"1,99 €","2,37 €/Kg"
Cereais recheados com chocolate e avelã,PorSi,Embalagem de 400g,"5,07 €/Kg","5,07 €/Kg"
Manteiga magra,PorSi,Embalagem de 250g,"1,69 €","6,76 €/Kg"
Natas para café,President,Embalagem de 10X10G,"0,75 €","3,75 €/L"
Carro da polícia,Lego,1 unidade,"9,99 €/Unidade","9,99 €/Unidade"
"Batata frita, receita camponesa",Lay's,Embalagem de 250g,"1,19 €","6,43 €/Kg"
Glitter lab,Clementoni,1 unidade,"12,99 €/Unidade","12,99 €/Unidade"
Chip choco diet nature,Gullon,Embalagem de 130g,"0,90 €","6,00 €/Kg"
"M&m's drageias de amendoim e chocolate de leite,",M&m's,Embalagem de 200g,"11,98 €/Kg","11,98 €/Kg"
Baby Fruta,Baby Clementoni,1 unidade,"9,99 €/Unidade","9,99 €/Unidade"
"Lenços de bolso, mentol, 10 unidades",Renova,Uma embalagem de 6x10,"0,89 €","0,89 €/Unidade"
Alimento seco p/ cão croquetes vaca,Pedigree,Embalagem de 3 kg,"1,15 €/Kg","1,15 €/Kg"
Couve Coração Programa Origens,PorSi,1 un = 1 kg (aprox.),"1,49 €","0,99 €/Kg"
Desinfetante em gel c/ lixívia,Cif,Garrafa de 750 ml,"2,79 €","3,72 €/L"
"Acendalha branca, 32 cubos",PorSi,Uma embalagem,"0,75 €","0,75 €/Unidade"
Amendoins mix original,Matutano,Embalagem de 130g,"0,79 €","7,90 €/Kg"
Couve Penca (Portuguesa) Programa Origens,PorSi,1 un = 1 kg (aprox.),"1,49 €","0,99 €/Kg"
Massa macarronete riscado,Milaneza,Embalagem de 500g,"1,39 €","1,39 €/Kg"
Topping chocolate branco,Branca de neve,Embalagem de 360g,"1,29 €","3,23 €/Kg"
Caramelos de nata,PorSi,Embalagem de 250g,"2,75 €","11,00 €/Kg"
Mega cozinha,Frozen,1 conjunto,"19,99 €/Unidade","19,99 €/Unidade"
"Jogo ""Quem Sou Eu?""",Concentra,1 unidade,"9,99 €/Unidade","9,99 €/Unidade"
Vinho do porto finest reserve,Dow's,Garrafa de 0.75 l,"9,99 €","13,32 €/L"
Manteiga com sal,Gresso,Embalagem de 250g,"1,69 €","6,76 €/Kg"
Recarga p/ Esfregona |Suave,Vileda,,"0,89 €","0,89 €/Unidade"
Gel de banho naturals amêndoa e leite,Palmolive,500 ml,"3,69 €","14,76 €/L"
"Tesoura de escritório, 21cm",Domédia,1 unidade,"2,19 €","109,50 €/L"
Super articulações,PLANTANATU,Embalagem de 1 unidades,"7,59 €","126,50 €/Kg"
Molho inglês,Savora,Garrafa de 120 ml,"0,70 €","2,33 €/Kg"
Creme vegetal para culinária,PorSi,Embalagem de 1 kg,"2,89 €","2,89 €/Kg"
Vinho doc dão tinto,Grao vasco,Garrafa de 750 ml,"3,99 €","5,32 €/L"
Ecobag 30 L perfumado limão,Vileda,1 embalagem,"1,79 €","1,79 €/Unidade"
Morcela de Arroz do Fundão,PorSi,"Vendido ao peso, 1 un=200 g (aprox.)","1,39 €","6,95 €/Kg"
Cereais cookie crisp,Nestle,Embalagem de 380g,"5,07 €/Kg","5,07 €/Kg"
Palito la reine,PorSi,Embalagem de 400 g,"0,69 €","3,45 €/Kg"
Bloco Sanitário Ativo Lavanda,Sonasol,Embalagem de 50 g,"2,99 €","74,75 €/Kg"
Rebuçados mentho-lyus sem açúcar,Halls,Embalagem de 31 g,"0,77 €","3,85 €/Kg"
Camião Betoneira,Lego,1 unidade,"12,99 €/Unidade","12,99 €/Unidade"
Ambientador vela baunilha,PorSi,1 unidade,"9,49 €","45,19 €/Kg"
Azeite Virgem,Oliveira da Serra,Embalagem de 750 ml,"3,19 €","4,25 €/L"
Baguete de alho,Panike,Embalagem de 350g,"3,40 €/Kg","3,40 €/Kg"
Queijo mozzarella light ralado,PorSi Viva Bem,Embalagem de 150 g,"2,39 €","19,92 €/Kg"
Vinho Vinha da Fonte Setúbal branco,Casa Ermelinda Freitas,Garrafa de 0.75 l,"8,59 €","11,45 €/L"
"Coloração permanente, preto nº10",Nutrisse,1 unidade,"9,49 €/Unidade","9,49 €/Unidade"
Chá verde matcha mirtilo,Tetley,20 saquetas,"1,19 €","59,50 €/Kg"
3 Pipetas de Repelente p/ Gato,Repul'7,1 unidade,"19,99 €","19,99 €/Unidade"
Comida húmida para gato esterilizado em molho com sa...,Purina One,4 x 85 g,"2,89 €","7,23 €/Kg"
Caramelos de fruta,Penha,Embalagem de 100g,"1,10 €","4,40 €/Kg"
Brandy,Constantin,Garrafa de 700 ml,"16,99 €","24,27 €/L"
Tostas mistura sem glúten,PorSi Viva Bem,Embalagem de 140g,"2,69 €","20,69 €/Kg"
Cebola,Programa Origens,1 un = 250 gr  (aprox.),"0,35 €","1,39 €/Kg"
Cerveja c/ álcool radler,Sagres,pack 6 x 0.33 l,"1,99 €/L","1,99 €/L"
Manteiga c/sal,Terra Nostra,Embalagem de 250g,"1,69 €","6,76 €/Kg"
Gengibre em pó bio,Cemporcent,Embalagem de 75g,"1,94 €","3,88 €/Kg"
Noodle banzai carne,Cigala,Embalagem de 70g,"1,39 €","1,39 €/Kg"
Collant opac micro 60d cast l,PorSi,Embalagem de 1 unidades,"2,99 €","2,99 €/Unidade"
Vinagre de vinho tinto,Cristal,Garrafa de 500 ml,"0,35 €","0,70 €/L"
Oatibix aveia,Weetabix,Embalagem de 500g,"2,29 €","11,45 €/Kg"
Ervilhas primavera 500g,Iglo,Embalagem de 500g,"1,89 €","1,89 €/Kg"
Batata frita rodelas,PorSi,Embalagem de 2x70g,"1,06 €","5,73 €/Kg"
"Paezinhos azeite, alho e salsa",PorSi,Embalagem de 160g,"2,39 €","6,83 €/Kg"
Leite condensado cozido,PorSi,Embalagem de 397 g,"1,09 €","2,75 €/Kg"
Geleia de marmelo,Casa de Mateus,345 g,"3,29 €","9,54 €/Kg"
Panaché,Kings Bräu,"Embalagem de 10x0,25 l","1,59 €","3,18 €/L"
Fio dental gentle suave,Sensodyne,1 unidade,"3,49 €","3,49 €/Unidade"
Linhaça dourada moída,Cemporcent,Embalagem de 200g,"2,29 €","11,45 €/Kg"
Cola Universal,Uhu,Embalagem de 2x20ml,"2,19 €","109,50 €/L"
Sopa da pedra,PorSi,Embalagem de 420 g,"2,35 €","5,60 €/Kg"
Termómetro digital,PorSi,1 unidade,"5,24 €","5,24 €/Unidade"
Queijo ilha ralado,PorSi,Embalagem de 200g,"7,45 €/Kg","7,45 €/Kg"
Snack dentastix médio,Pedigree,Embalagem de 720 g,"0,94 €","5,22 €/Kg"
Tablete de chocolate leite c/ avelãs,Milka,Embalagem de 270g,"6,50 €/Kg","6,50 €/Kg"
Cuecas Incontinência Maxi Grande,Lindor,Embalagem com 14 un.,"20,79 €","20,79 €/Unidade"
Granulado PH menos,Gre,1.5 kg,"14,99 €","14,99 €/Unidade"
Café torrado 5 estrelas moagem normal,Sical,Embalagem de 250g,"9,16 €/Kg","9,16 €/Kg"
Camarão cozido 40/60,PorSi,Embalagem de 500 g,"2,25 €","8,99 €/Kg"
Areia para gatos biodegradável vegetal,PorSi,Embalagem de 8 litros,"1,19 €","0,24 €/Kg"
Lixívia Roupa delicada,PorSi,Embalagem de 2 l,"2,19 €","1,10 €/L"
Guardanapos Red Label 1 Folha |Verde,Renova,Dim: 30x32cm |70 unidades,"1,29 €","1,29 €/Unidade"
Snack dentabits 40g,Whiskas,Embalagem de 40g,"0,99 €","16,50 €/Kg"
Iogurtes magros aroma manga,PorSi Viva Bem,Embalagem de 6 x 125 g,"0,99 €","1,32 €/Kg"
Nectar multivitaminas,Paquito,Embalagem de 2 l,"0,99 €","0,99 €/L"
Feijão com dobrada,PorSi,Embalagem de 420 g,"2,35 €","5,60 €/Kg"
Alimento seco para cão raças pequenas,HappyOne,Embalagem de 2 kg,"1,15 €/Kg","1,15 €/Kg"
Leite creme,Royal,Embalagem de 90g,"0,79 €","5,27 €/Kg"
Vinho Tinto Regional Península de Setúbal,Selecção de Enófilos,750 ml,"8,59 €","11,45 €/L"
Vermute rosso,Martini,Garrafa de 0.75 l,"22,49 €","32,13 €/L"
Whisky,Grants,Garrafa de 1 l,"11,49 €","16,41 €/L"
Manteiga com sal,Primor,Embalagem de 250g,"1,69 €","6,76 €/Kg"
Chá preto,Tetley,Embalagem de 30g,"1,69 €","56,33 €/Kg"
"Refeição pronta, boião de frango e arroz",Bledina,Embalagem de 200g,"1,89 €","9,95 €/Kg"
"Sumo 100%, laranja",PorSi,"Embalagem de 1,5 l","1,09 €","0,73 €/L"
Pantagruel leite caramelo (10x),Pantagruel,Embalagem de 200g,"1,04 €","8,32 €/Kg"
Mistura solúvel c/ 20% café pó,PorSi,Embalagem de 200g,"0,99 €","3,96 €/Kg"
Tablete de chocolate negro,PorSi Select,200 g,"6,50 €/Kg","6,50 €/Kg"
Leite e cereais bolacha maria +6 meses,Cerelac,Garrafa de 400 ml,"4,49 €","4,49 €/Kg"
Puzzle Frozen,Clementoni,2 x 20 peças,"15,99 €/Unidade","15,99 €/Unidade"
Café solúvel intenso,Delta,Embalagem de 100g,"14,50 €/Kg","14,50 €/Kg"
Pastilha Elástica Bottle Morango,Trident,Embalagem de 82 g,"0,99 €","58,24 €/Kg"
Bolachas Vitalday crocantes aveia e chocolate de lei...,Gullon,Embalagem de 300g,"2,78 €/Kg","2,78 €/Kg"
12 douradinhos forníssimo,Capitão Iglo,Embalagem de 300g,"9,30 €/Kg","9,30 €/Kg"
Espuma de barbear para peles sensíveis,Labell Men,Embalagem de 250 ml,"1,16 €","4,64 €/L"
Resguardos de cama,PorSi,20 unidades de 60 x 90 cm,"4,99 €","4,99 €/Unidade"
Clara liquida pasteurizado,Dovo,Embalagem de 320 ml,"2,28 €","2,28 €/Unidade"
Água com gás,Pedras salgadas,Embalagem de 4x1L,"2,85 €","2,85 €/L"
Snack para gato mixed grill,Felix,Embalagem de 60 g,"0,99 €","16,50 €/Kg"
Bife do Pojadouro,Novilho,Vendido ao peso a partir de 800 g,"6,39 €","7,99 €/Kg"
"Pera em metades, lata",PorSi,Embalagem de 420 g,"1,99 €","2,37 €/Kg"
"Inseticida eléctrico, recarga, night&day",Raid,1 unidade,"7,69 €","7,69 €/Unidade"
Bacalhau desfiado,Pescanova,Embalagem de 400 g,"6,39 €","7,99 €/Kg"
Restaurador de Chão Envenizado Médio/Escuro,Novycera,Embalagem de 500 ml,"9,19 €","18,38 €/L"
Autobrilhante Castanho,Búfalo,Embalagem de 50 ml,"2,25 €","45,00 €/L"
10 croquetes de carne,PorSi,Embalagem de 300 g,"2,99 €","9,97 €/Kg"
Bolacha de milho sem sal bio,Cemporcent,Embalagem de 110g,"1,45 €","11,15 €/Kg"
Guardanapos de 1 folha amarelos | dim.: 30 x 29 cm,PorSi,Embalagem com 70 unidades,"1,29 €","1,29 €/Unidade"
Sangria branca,PorSi,Garrafa de 1.5 litros,"2,39 €","1,59 €/L"
Lenços faciais brancos 3 folhas,PorSi,110 unidades,"0,89 €","0,89 €/Unidade"
Senses Tropical,Trident,1 un.,"0,99 €","58,24 €/Kg"
Salsichão fuet nobreza,Elpozo,Embalagem de 200 g,"0,95 €","9,49 €/Kg"
Mistura solúvel mokambo,Nestle,Embalagem de 200g,"0,99 €","3,96 €/Kg"
Alimento seco p/ cão alta energia c/ frango,HappyOne,Embalagem de 4 kg,"1,15 €/Kg","1,15 €/Kg"
Licor de coco,On Off,"Garrafa de 0,70 l","16,99 €","24,27 €/L"
Spray multisuperfícies,PorSi,750 ml,"1,15 €","1,15 €/L"
Aperitivo de amendoins tostados forno,Matutano,Embalagem de 120g,"0,79 €","7,90 €/Kg"
Spray para vidros,PorSi,750 ml,"3,19 €","6,38 €/L"
Ambientador Elétrico Lavanda e Aloe,Glade,1 unidade,"3,74 €","3,74 €/Unidade"
Milho tenro e doce,Bonduelle,Embalagem de 300 g,"1,79 €","2,29 €/Kg"
Recarga rolo tira pelos,PorSi,1 unidade,"6,99 €","6,99 €/Unidade"
Ambientador aerossol 5 em 1 flor laranjeira,PorSi,300 ml,"0,99 €","3,30 €/L"
Puzzle Baby Shark,Clementoni,2 x 20 peças,"9,99 €/Unidade","9,99 €/Unidade"
Sopa de cozido,Knorr,Embalagem de 70g,"0,84 €","13,55 €/Kg"
Sopa de cebola económica,Knorr,Embalagem de 50g,"0,84 €","13,55 €/Kg"
Bolacha craker queijo,Tuc,Embalagem de 100g,"0,98 €","3,27 €/Kg"
Spray desinfetante cozinha,Lysol,Embalagem de 500 ml,"1,29 €","1,72 €/L"
Farinha para bolos super fina,B.neve,Embalagem de 1 kg,"1,29 €","1,29 €/Kg"
Água mineral sem gás,Serra de Fafe,Embalagem de 6x0.5l,"1,04 €","0,17 €/L"
Toalha em rolo papel bordeau,PorSi,1 Unidade,"3,45 €","3,45 €/Unidade"
Bolacha infantil dinossaurus mini dino cereais,Artiach,Embalagem de 120g,"1,89 €","15,75 €/Kg"
Manteiga fácil de barrar,President,Embalagem de 250g,"1,69 €","6,76 €/Kg"
Refrigerante c/ gás laranja,Sumol,Garrafa de 500 ml,"0,40 €/L","0,40 €/L"
Lula recheada com carne,PorSi,Embalagem de 500 g,"1,89 €","6,30 €/Kg"
Mostarda de Dijon,PorSi Select,190 g,"0,70 €","2,33 €/Kg"
Pipocas doces,Orcape,Embalagem de 100g,"0,79 €","7,90 €/Kg"
Mortadela fatiada com azeitonas,PorSi,Embalagem de 200 g,"1,05 €","6,99 €/Kg"
Sopa de agriao,PorSi,Embalagem de 400g,"1,19 €","2,98 €/Kg"
Gelado carte d'or chocolate brownie,Olá,Embalagem de 900 ml,"5,49 €","6,10 €/L"
Massa fettuccine,PorSi,Embalagem de 500g,"1,39 €","1,39 €/Kg"
Bolachas marítimas integrais,PorSi Viva Bem,Embalagem de 200g,"0,99 €","7,92 €/Kg"
Pensos higiénicos liberty normal abas,Evax,Embalagem com 12 un.,"4,99 €","4,99 €/Unidade"
Bolachas digestive aveia e laranja,Gullon,Embalagem de 430g,"0,98 €","3,27 €/Kg"
Tablete de chocolate amendoim,Nestle,Embalagem de 90 g,"6,50 €/Kg","6,50 €/Kg"
Lava tudo antibacteriano herbal,PorSi,Garrafa de 1.5 l,"0,99 €","0,50 €/L"
Autobrilhante Branco,Búfalo,Embalagem de 50 ml,"2,25 €","45,00 €/L"
Aperfeiçoador BB Cream Médio,Garnier,Embalagem de 50 ml,"2,99 €","59,80 €/L"
Adoçante em pó stevia,PorSi Viva Bem,Embalagem de 250 g,"5,99 €","23,96 €/Kg"
Queijo Raclette 48% MG,Terrier,Vendido ao peso a partir de 250 gr,"1,45 €","7,25 €/Kg"
Vodka,ON/OFF,Garrafa 0.70L,"16,49 €","23,56 €/L"
Arroz vaporizado,Cigala,Embalagem de 1 kg,"0,99 €","0,99 €/Kg"
Chocolate culinário,Nestle,Embalagem de 200g,"1,04 €","8,32 €/Kg"
Drageias de chocolate de leite,PorSi,200 g,"11,98 €/Kg","11,98 €/Kg"
Chupa sortidos s/ açúcar,Chupachups,Embalagem de 70g,"3,40 €","28,33 €/Kg"
Iogurte activia natural,Danone,Embalagem de 4 x 120 g,"2,49 €","5,19 €/Kg"
Vinho rosé frisante,Cacho Fresco,Garrafa de 0.75 l,"1,99 €","2,65 €/L"
Espinafres salteado com alho,PorSi,Embalagem de 750g,"1,89 €","1,89 €/Kg"
Cevada solúvel,PorSi,Embalagem de 200g,"0,99 €","3,96 €/Kg"
Bolacha maria oro +33% grátis,Cuetara,Embalagem de 800g,"2,11 €/Kg","2,11 €/Kg"
Atum posta ao natural,Bom petisc,Embalagem de 120 g,"0,89 €","7,42 €/Kg"
Matraquilhos,Olivo,1 un.,"9,99 €/Unidade","9,99 €/Unidade"
Cenoura baby,PorSi,Embalagem de 400 g,"1,89 €","1,89 €/Kg"
Bolachas cream cracker,PorSi,Embalagem de 600g,"0,39 €","3,12 €/Kg"
Peito,Borrego,1 un = 500 gr (aprox.),"19,49 €","12,99 €/Kg"
Bolacha maria,Cuetara,Embalagem de 3 x 200 g + 33% grátis,"2,11 €/Kg","2,11 €/Kg"
"Vinho rosé, região península de setúbal, bag in box",Dom Campos,Garrafa de 5 l,"9,49 €","1,90 €/L"
Nan 1 optipro leite inf.optipro desde nascim.800g,NAN,Embalagem de 800g,"20,99 €","26,24 €/Kg"
"Creme de rosto de noite revitalift, laser",L'oreal,Embalagem de 50 ml,"2,99 €","59,80 €/L"
Limpa injetores diesel,PorSi,Embalagem de 250 ml,"12,99 €","12,99 €/L"
"Queijo light, mini",Babybel,Embalagem de 120g,"2,39 €","19,92 €/Kg"
Gomas tijolos ácidos,PorSi,Embalagem de 300 g,"1,19 €","3,97 €/Kg"
Mimosa bem especial leite e amêndoa,Mimosa,Embalagem de 1 litro,"2,19 €","2,19 €/L"
Livro Hot Wheels,Europrice,,"7,50 €/Unidade","7,50 €/Unidade"
Adoçante com doseador,PorSi,Embalagem de 66g,"5,99 €","23,96 €/Kg"
Topping p/saladas cebola frita,Florette,Embalagem de 70g,"3,84 €","24,00 €/Kg"
Magnum mini 3 chocolates,Olá,Embalagem de 6 x 55 ml,"5,99 €","17,11 €/L"
Bacalhau Graúdo Boa Pesca,PorSi,"Vendido ao peso, 1 un= 2.5 kg (aprox.)","8,73 €/Kg","8,73 €/Kg"
Alho moído,PorSi,Frasco com 45 g,"0,25 €","0,25 €/Kg"
Halls vita c morango sem açúcar,Halls,Embalagem de 32 g,"0,77 €","3,85 €/Kg"
Doce pessego 284g,ST.DALFOUR,Frasco de 284g,"2,99 €","8,67 €/Kg"
"Inseticída, vaporizador, extra gt",Biokill,Garrafa de 380 ml,"5,09 €","8,48 €/L"
Chocolate culinário em pó,PorSi,Embalagem de 125 g,"1,04 €","8,32 €/Kg"
"Recarga ambientador eléctrico, alfazema",PorSi,Embalagem de 25 ml,"11,98 €","11,98 €/Unidade"
Almôndegas bolonhesa,Iglo,Embalagem de 400g,"2,79 €","8,72 €/Kg"
20 saquetas infusão limão gengibre,Lipton,Embalagem de 40g,"1,19 €","59,50 €/Kg"
Bastão de Cola,Domédia,10 g,"1,35 €","1,35 €/Unidade"
Água s/ gás,Fastio,Garrafa de 1 l,"1,04 €","0,17 €/L"
Flocos de batata para puré,PorSi,Embalagem de 500g,"1,89 €","1,89 €/Kg"
Massa spaghetti tricolore,Milaneza,Embalagem de 500 g,"1,39 €","1,39 €/Kg"
Smarties mini chocolate,SMARTIES,Embalagem de 187g,"11,98 €/Kg","11,98 €/Kg"
Detergente máquina roupa em gel universal,Persil,Embalagem de 42 doses,"8,69 €","1,84 €/Kg"
Mistura de frutos exóticos,PorSi,Embalagem de 450 g,"3,29 €","4,39 €/Kg"
Cenoura,PorSi,1 un = 100 gr  (aprox.),"0,79 €/Kg","0,79 €/Kg"
Aguardente bagaceira,Dinastia,"Garrafa de 0,70 l","11,49 €","16,41 €/L"
Pão forma integral sem côdea,PorSi,Embalagem de 450g,"2,63 €/Kg","2,63 €/Kg"
Spray de lavagem a seco denim,Day 2,200 ml,"2,38 €","4,67 €/Kg"
Tablete triple chocolate,Milka,Embalagem de 90g,"5,30 €/Kg","5,30 €/Kg"
Massa quebrada,Pasta dia,Embalagem de 230g,"0,99 €","4,30 €/Kg"
Cuecas Incontinência Homem Active Fit M,Tena,9 unidades,"20,79 €","20,79 €/Unidade"
"Bloco sanitário blue activ, eucalio",Sonasol,Embalagem de 50 g,"2,99 €","74,75 €/Kg"
Whisky,F.grouse,Garrafa de 1 litro,"11,49 €","16,41 €/L"
Lava tudo multiusos desinfetante,PorSi,"Garrafa de 1,5 l","1,15 €","1,15 €/L"
Pão caseiro sem glúten,Schar,Embalagem de 240g,"2,99 €","7,97 €/Kg"
"Barra especial k, chocolate de leite",Kellogg's,Embalagem de 130g,"1,29 €","10,24 €/Kg"
Bolacha maria ruca doses,Vieira,Embalagem de 300g,"1,89 €","15,75 €/Kg"
Mariscada,PorSi,Embalagem de 800g,"2,19 €","8,59 €/Kg"
Cera Depilatória,Veet,Embalagem de 250 ml,"6,99 €","6,99 €/Unidade"
Salsichas de porco,Nobre,Lata de 250g,"0,75 €","3,75 €/Kg"
Natas uht com cogumelos,Parmalat,Embalagem de 200 ml,"0,75 €","3,75 €/L"
Detergente Máquina Roupa Liquido Bebé,PorSi,50 doses,"19,99 €","19,99 €/Unidade"
Queijo nisa dop,Monforqj,Embalagem de 300g,"2,87 €","15,94 €/Kg"
Néctar light manga/laranja,Compal,330 ml,"0,84 €","2,55 €/L"
Vinagre de sidra pet,Paladin,Garrafa de 500 ml,"0,35 €","0,70 €/L"
Cerveja branca,E.damm,Pack 6 x 0.25 l,"1,99 €/L","1,99 €/L"
Lava tudo limão verde,Cif,"Garrafa de 1,4 l","0,99 €","0,50 €/L"
Pomada para calçado preto,Splendor,lata com 50 ml,"0,99 €","19,80 €/L"
Chá de frutos vermelhos,Tetley,Embalagem de 30g,"1,19 €","59,50 €/Kg"
5 folhas de gelatina incolor,PorSi,Embalagem de 9 g,"0,55 €","61,11 €/Kg"
"Caramelos de café, creme",Werthers,Embalagem de 90g,"2,75 €","11,00 €/Kg"
Pudim de baunilha,PorSi,Embalagem de 90g,"0,59 €","29,50 €/Kg"
Farinha integral,ESPIGA,Embalagem de 500g,"1,29 €","1,29 €/Kg"
Maminha,Novilho,Vendido ao peso (artigo em vácuo),"6,39 €","7,99 €/Kg"
Queijo Picante Beira Baixa DOP,Casa Almeida,Vendido a partir de 250 gr (aprox.),"2,87 €","15,94 €/Kg"
Pudim baunilha,Boca Doce,Embalagem de 20g,"0,59 €","29,50 €/Kg"
Leite com chocolate sem lactose,Ucal,Embalagem de 6 x 250 ml,"0,26 €","1,30 €/L"
Mel em frasco de vidro,Jorge v.f.,Embalagem de 500g,"4,89 €","9,78 €/Kg"
Xarope grenadine zero,Paquito,Garrafa de 750 ml,"3,54 €","3,54 €/L"
Bebida de soja de amêndoa,Alpro,Embalagem de 1 litro,"2,49 €","2,49 €/L"
Fio dentario 50m,Colgate,1 unidade,"3,49 €","3,49 €/Unidade"
20 saquetas chá de pêssego manga,Lipton,Embalagem de 40g,"1,19 €","59,50 €/Kg"
Fruta para bebé maçã banana aveia +6 meses,Nestle,Embalagem de 90g,"0,74 €","8,22 €/Kg"
Eau de Toilette p/Senhora Nº5,Caravan,1 Frasco 150ml,"11,99 €","79,93 €/L"
Sumo 100% maçã e frutos vermelhos,Compal,1 litro,"1,09 €","0,73 €/L"
Muesli 3 chocolates,PorSi,500 g,"3,79 €","10,83 €/Kg"
Vassoura exterior alta,PorSi,Unidade,"2,20 €","2,20 €/Unidade"
Queijo mozzarella fatias,PorSi,Embalagem de 200 g,"1,56 €","7,80 €/Kg"
"Jogo ""Quem é quem?""",Hasbro,1 unidade,"12,99 €/Unidade","12,99 €/Unidade"
Batatas forno ervas,Lay's,Embalagem de 130g,"1,19 €","6,43 €/Kg"
Moscatel Roxo Setúbal,Alambre,Garrafa de 750 ml,"5,99 €","7,99 €/L"
Moscatel do Douro,Selecção de Enófilos,"Garrafa de 0,75 l","5,99 €","7,99 €/L"
Panado de frango com alho e ervas,PorSi,240 g,"9,30 €/Kg","9,30 €/Kg"
"Saquetas de sais de fruto, laranja",Eno,Embalagem de 50g,"0,59 €","0,59 €/Unidade"
Sangria,Casal Garcia,Garrafa de 750 ml,"2,39 €","1,59 €/L"
Tablete de chocolate culinário 70% negro,PorSi,Embalagem de 200 g,"17,42 €/Kg","17,42 €/Kg"
Manteiga magra,Mimosa,Embalagem de 250g,"1,69 €","6,76 €/Kg"
Guardanapos Olé Branco 1 Folha,Renova do Bem,Dim.: 30x30cm,"1,29 €","1,29 €/Unidade"
Favas ultracongeladas,PorSi,Embalagem de 400g,"1,89 €","1,89 €/Kg"
Na-esparguete bio 500g 10kg,Nacional,Embalagem de 500g,"1,39 €","1,39 €/Kg"
Bicarbonato de sódio,PorSi,Embalagem de 500 g,"1,99 €","3,98 €/L"
Desinfetante p/ Roupa,Sanytol,embalagem com 500ml,"10,99 €","52,33 €/Kg"
Café torrado em grão,PorSi,Embalagem de 1 kg,"9,16 €/Kg","9,16 €/Kg"
Iogurte danacol de morango,Danone,Embalagem de 12 x 100 g,"4,15 €/Kg","4,15 €/Kg"
Minifresh-ambientador multiusos,Abelhinha,1 unidade,"1,99 €","1,99 €/Unidade"
Cubos pão trigo tostado,PorSi,Embalagem de 150g,"2,39 €","6,83 €/Kg"
Pudim de ovos alsa,Alsa,Embalagem de 220g,"0,59 €","29,50 €/Kg"
Esparguete integral,Cemporcent,Embalagem de 500g,"1,94 €","3,88 €/Kg"
Gelado magnum pint clássico,Olá,Embalagem de 440 ml,"5,49 €","6,10 €/L"
Sardinhas em azeite,PorSi,Embalagem de 120g,"0,89 €","7,42 €/Kg"
Couscous comespeciarias 4x125g,PorSi,Embalagem de 500g,"1,39 €","1,39 €/Kg"
Pudim de leite condensado,Fabridoce,Embalagem de 500 g,"1,69 €","8,45 €/L"
Molho bechamel,PorSi,Embalagem de 500 ml,"0,75 €","3,75 €/L"
Spray tira nódoas,Kh 7,Garrafa de 750 ml,"10,99 €","52,33 €/Kg"
Sultana Preta,PorSi,Embalagem de 200g,"0,79 €","3,95 €/Kg"
Leite especial cálcio + vitamina d m/g,Mimosa,Garrafa de 1 l,"1,29 €","1,29 €/L"
"Coloração permanente, louro claro, nº80",Nutrisse,1 unidade,"9,49 €/Unidade","9,49 €/Unidade"
Tira gorduras recarga,Mistolin,Garrafa de 550 ml,"2,89 €","5,25 €/L"
Manteiga de amendoim cremosa,Prozis,Embalagem de 500g,"8,54 €/Kg","8,54 €/Kg"
Zero snack 35 g chocolate duplo,Prozis,Embalagem de 40g,"0,69 €","1,73 €/Kg"
Noodle banzai galinha,Cigala,Embalagem de 70g,"1,39 €","1,39 €/Kg"
Arroz longo extra integral,Cacarola,Embalagem de 1 kg,"1,94 €","3,88 €/Kg"
"Anti-calcário, máquina roupa, gel",Calgon,"Garrafa de 1,5 l","8,69 €","1,84 €/Kg"
Parque aquático,Bestway,Dim.: 228 x 206 cm,"14,99 €","14,99 €/Unidade"
"Espuma de cabelo, volume absoluto",Pantene,Embalagem de 200 ml,"4,19 €","16,76 €/L"
Toucinho fumado fatiado,PorSi,Embalagem de 200g,"2,79 €","9,30 €/Kg"
Creme Muda Fralda,Baby Dove,Embalagem de 45 g,"0,59 €","5,90 €/L"
Vassoura Especial Lisa,PorSi,unidade,"2,20 €","2,20 €/Unidade"
Ambientador vela frutos vermelhos,PorSi,1 unidade,"9,49 €","45,19 €/Kg"
Toalhitas desinfetantes,Sanytol,36 unidades,"1,15 €","1,15 €/L"
Ração para cão mini adulto nutri soft com frango,Friskies,"Embalagem de 1,4 kg","1,15 €/Kg","1,15 €/Kg"
Elimina odores spray,Splendor,150 ml,"5,29 €","35,27 €/L"
Sacos lixo eco 100 litros,PorSi,10 unidades,"1,79 €","1,79 €/Unidade"
Gressinos com sésamo,PorSi,Embalagem de 250 g,"2,39 €","6,83 €/Kg"
Gel de massagem,Durex,Embalagem de 200 ml,"14,99 €","74,95 €/L"
Massa de argolinhas,Nacional,Embalagem de 250g,"1,39 €","1,39 €/Kg"
Snack dentastix grande,Pedigree,Embalagem de 270 g,"0,94 €","5,22 €/Kg"
Coleira em nylon p/ cão  repelente 60cm,Repul' 7,Embalagem de 1 unidades,"19,99 €","19,99 €/Unidade"
Massa esparguete,PorSi,Embalagem de 500g,"1,39 €","1,39 €/Kg"
Molho mad chips top down,Calve,Embalagem de 260g,"0,70 €","2,33 €/Kg"
Desentupidor de fole com cabo,PorSi,1 unidade,"17,00 €","17,00 €/Unidade"
Camião c/ Escavadora Luz e som,Volvo,32 cm,"9,99 €/Unidade","9,99 €/Unidade"
Douradinhos estaladiços,Capitão Iglo,Embalagem de 340g,"9,30 €/Kg","9,30 €/Kg"
Feijao verde redondo,PorSi,Embalagem de 400g,"1,89 €","1,89 €/Kg"
Confronto de Camiões Hulk vs Rhino,Lego,1 unidade,"9,99 €/Unidade","9,99 €/Unidade"
Sabonete de leite de burra,Confianca,Embalagem de 75 g,"4,49 €","12,47 €/Kg"
Coca-cola zero,Coca-Cola,pack 2 x 1.75 l,"0,40 €/L","0,40 €/L"
"Gel cabelo, hard cement",Fru style,Embalagem de 200 ml,"4,19 €","16,76 €/L"
Vinho tinto doc douro,Qta.cotto,Garrafa de 750 ml,"7,49 €","9,99 €/L"
Vinho do porto tawny,Cruz,"Garrafa de 0,75 l","15,99 €","21,32 €/L"
Pensos diários salvaslip flexi & fresh normal,Evax,28 unidades,"1,79 €","1,79 €/Unidade"
Pao ralado classico 200g,ESPIGA,Embalagem de 200g,"0,55 €","2,29 €/Kg"
"Cerveja com álcool, lata",Super Bock,Garrafa de 330 ml,"1,99 €/L","1,99 €/L"
Nerf Elite 2.0 Volt SD,Nerf,1 un.,"12,99 €/Unidade","12,99 €/Unidade"
Filetes de pescada,PorSi,Embalagem de 400 g,"4,39 €","10,98 €/Kg"
Baby jardinagem,Baby Clementoni,1 un.,"12,99 €/Unidade","12,99 €/Unidade"
Banana da  Madeira,Fruta do Dia,1 un= 200 gr (aprox.),"0,22 €","1,09 €/Kg"
Tostas multicereais s/ glúten,MUSEU PAO,Embalagem de 140g,"2,69 €","20,69 €/Kg"
Snack Gato Anti Bolas de Pelo,PorSi,Embalagem 60 g,"0,99 €","16,50 €/Kg"
Filete de Pescada,Peixe Congelado Higienizado,1 un. = 150g (aprox.),"1,20 €","7,99 €/Kg"
Eau de Toilette p/Senhora Nº38,Caravan,1 Frasco 150ml,"11,99 €","79,93 €/L"
Batata doce frita,PorSi,Embalagem de 150g,"1,06 €","5,73 €/Kg"
Queijo em cubos para saladas,PorSi,Embalagem de 150 g,"7,45 €/Kg","7,45 €/Kg"
Mel de Rosmaninho,PorSi Select,Frasco de 250 g,"4,89 €","9,78 €/Kg"
Leite com chocolate sem lactose,Ucal,Embalagem de 6 x 250 ml,"2,19 €","2,19 €/L"
Oikos morango 110g x4,Danone,Embalagem de 440g,"1,99 €","4,15 €/Kg"
Gin dry,Gordons,Garrafa de 700 ml,"16,49 €","23,56 €/L"
Ração para gato adulto com bacalhau e legumes,Friskies,Embalagem de 4 kg,"12,99 €","4,33 €/Kg"
Refrigerante s/ gás califórnia,Sunny d,"Garrafa de 1,25 l","1,14 €","0,76 €/L"
Miolo de avelã,PorSi,Embalagem de 200 g,"0,79 €","3,95 €/Kg"
Pão Forno Pedra Centeio,Garcia & Filhos,1 un = 400 g (aprox.),"0,19 €","2,71 €/Kg"
Bolachas mini prince recheadas com chocolate,PRINCE,Embalagem de 160 g,"1,89 €","15,75 €/Kg"
Bebida de Aveia Bio,Joya,Embalagem de 1 l,"1,59 €","1,59 €/L"
Snack para gato chezzy,Felix,Embalagem de 60g,"0,99 €","16,50 €/Kg"
Passeio com Mateo,Nenuco,1 unidade,"19,99 €/Unidade","19,99 €/Unidade"
Queijo Castelo Branco DOP,Casa Almeida,Vendido ao peso a partir de 250 gr,"2,87 €","15,94 €/Kg"
Alecrim,Margao,Embalagem de 20g,"0,25 €","0,25 €/Kg"
Marcadores para colorir,Domédia,embalagem com 12 unidades,"4,69 €","4,69 €/Unidade"
Camarão 60/80,Congelado de Aquicultura,1 un = 250 gr  (aprox.),"2,00 €","7,99 €/Kg"
Grão de bico,Caçarola,Embalagem de 500 g,"0,99 €","1,98 €/Kg"
Bolachas mini alfa,Nacional,Embalagem de 120g,"0,99 €","7,92 €/Kg"
Argolas do mar,Pescanova,Embalagem de 400g,"5,49 €","6,86 €/Kg"
Bolacha diet nature recheio creme,Gullon,Embalagem de 210g,"0,79 €","4,49 €/Kg"
"Queijo light, 10 fatias",A Vaca Que Ri,Embalagem de 200g,"2,39 €","19,92 €/Kg"
Cem porcento-lentilhas vermelhas,Cemporcent,Embalagem de 500g,"1,94 €","3,88 €/Kg"
Gelatina limão 10kcal,Royal,Embalagem de 30g,"0,55 €","61,11 €/Kg"
Patê sardinha,La piara,Embalagem de 80g,"1,19 €","13,52 €/Kg"
Pedras limão/chá verde,P.salgadas,pack 4 x 0.25 l,"2,85 €","2,85 €/L"
Creme autobrilha incolor,Splendor,40 ml,"2,25 €","45,00 €/L"
Cogumelos laminados,PorSi,780 g,"1,79 €","2,29 €/Kg"
Delta cappuccino 10x14g,Delta,Embalagem de 140g,"15,92 €/Kg","15,92 €/Kg"
Bolachas rosquilhas,PorSi,Embalagem de 600g,"1,69 €","6,76 €/Kg"
Eau de Toilette p/Senhora Nº40,Caravan,1 Frasco 150ml,"11,99 €","79,93 €/L"
"Alimento para peixe, tetramin staple food",Tetra,Embalagem de 250 ml,"7,29 €","7,29 €/L"
Microscópio cientifico,Clementoni,1 unidade,"12,99 €/Unidade","12,99 €/Unidade"
Milho doce,PorSi,Embalagem de 400 g,"1,89 €","1,89 €/Kg"
Nata uht,PorSi,Embalagem de 200 ml,"0,75 €","3,75 €/L"
"Alimento seco para gato, atum",Whiskas,"Embalagem de 1,75 kg","12,99 €","4,33 €/Kg"
Ice tea manga,Lipton,pack 6 x 0.25 l,"1,14 €","0,76 €/L"
Vinho verde branco alvarinho,Qm,Garrafa de 0.75 l,"3,09 €","3,09 €/L"
"Rebuçados sem açúcar, mel/limão",Halls,Embalagem de 128 g,"0,77 €","3,85 €/Kg"
Bolachas cobertura de chocolate e avelã,PorSi,Embalagem de 150g,"0,79 €","5,27 €/Kg"
Lic.amendoa amarga zimbro,Zimbro,Garrafa de 0.70L,"16,99 €","24,27 €/L"
Nectar clássico maracujá,Compal,Garrafa de 1 l,"1,09 €","0,73 €/L"
10 saquetas infusão de cidreira,Lipton,Embalagem de 20g,"0,99 €","76,15 €/Kg"
Caderno Agrafado Capa Preta |A5 Pautado,Domédia,1 unidade,"3,69 €","3,69 €/Unidade"
Arroz integral extra longo,Cemporcent,Embalagem de 1 kg,"1,94 €","3,88 €/Kg"
Leite magro em pó,Páturages,Embalagem de 300 g,"2,79 €","9,30 €/Kg"
Set Chá,Minnie,1 conjunto,"12,99 €/Unidade","12,99 €/Unidade"
Gel de banho júnior maçã e pera,Labell,Embalagem com 300 ml,"4,99 €","16,63 €/L"
Atum posta em óleo,Ramirez,Embalagem de 120g,"0,89 €","7,42 €/Kg"
All bran plus,Kellogg's,Embalagem de 500g,"1,49 €","2,98 €/Kg"
Refrigerante c/ gás,Coca-Cola,pack 6 x 0.33 l,"0,40 €/L","0,40 €/L"
Tomate inteiro pelado,PorSi,Embalagem de 390 g,"1,79 €","2,29 €/Kg"
Gogo SqueeZ Snack Maçã e Manga,Gogo,Embalagem de 4 x 90g,"2,29 €","6,94 €/L"
Massa cuscus,Nacional,Embalagem de 250g,"1,39 €","1,39 €/Kg"
Actimel morango,Danone,Embalagem de 6 x 100g,"4,15 €/Kg","4,15 €/Kg"
Néctar light manga/laranja,Compal,Garrafa de 200 ml,"0,99 €","0,99 €/L"
Chouriço com feijão,Nobre,Embalagem de 420g,"2,35 €","5,60 €/Kg"
"Vela em número,  nº 0",PorSi,1 unidade,"0,60 €","0,60 €/Unidade"
Granola aveia fitness mel,Nestle,Embalagem de 300g,"3,45 €","26,74 €/Kg"
"Alimento seco para gato adulto, bio complex, frango ...",HappyOne,Embalagem de 2 kg,"12,99 €","4,33 €/Kg"
Camarão 20/30,Congelado de Aquicultura,1 un = 250 gr  (aprox.),"2,00 €","7,99 €/Kg"
Limpa madeiras com sabão,PorSi,1.5 litros,"4,39 €","14,63 €/L"
"Creme anti-rugas revitalizante fps30, dia",L'oreal,Embalagem de 50 ml,"2,99 €","59,80 €/L"
"Frigideira anti-aderente, 28cm",PorSi,1 unidade,"11,99 €","11,99 €/Unidade"
Batata chef gourmet,MCCAIN,Embalagem de 500 g,"1,39 €","1,39 €/Kg"
Tomate em pedaços,Guloso,Embalagem de 390g,"3,84 €","24,00 €/Kg"
Cocktail mango,Bar Royal,Garrafa de 750 ml,"8,49 €","11,32 €/L"
Queijo Cabra Curado Rústico com pimentão,Palhais,Vendido ao peso a partir de 250 gr,"1,89 €","10,50 €/Kg"
Alimento seco para gato de salmão,HappyOne,Embalagem de 2 kg,"12,99 €","4,33 €/Kg"
Vinho tinto regional terras dao bib 5l,Silgueiros,Embalagem de 5L,"3,99 €","5,32 €/L"
Maionese Top Down,Calvé,Embalagem de 753 g,"0,70 €","2,33 €/Kg"
Detergente Líquido p/ Loiça Original,Fairy,"Embalagem de 1,19 l","0,99 €","1,98 €/L"
Toucinho do céu,PorSi,Embalagem de 2x100 g,"0,55 €","2,75 €/Kg"
"Tira nódoas, spray oxi",PorSi,Embalagem de 1 l,"10,99 €","52,33 €/Kg"
Champô Limão & Argila,Ultra Suave,Embalagem de 400 ml,"5,59 €","13,98 €/L"
Green mayo,Cemporcent,Embalagem de 300g,"1,19 €","1,98 €/L"
"Lixívia para roupa, tradicional verde denso",PorSi,Embalagem de 2L,"1,74 €","0,35 €/L"
Desinfetante Multiusos,Sanytol,Embalagem de 750 ml,"2,89 €","5,25 €/L"
Pizza 4 estações,PorSi,Embalagem de 350g,"2,16 €","6,17 €/Kg"
Bolacha diet nature 5 cereais,Gullon,Embalagem de 220g,"0,99 €","7,92 €/Kg"
Vinho do porto lágrima tinto,Ramos Pinto,"Garrafa de 0,75L","15,99 €","21,32 €/L"
Gronola de aveia chocolate,Nestle,Embalagem de 300g,"3,45 €","26,74 €/Kg"
Tablete de chocolate preto,Nestle,Embalagem de 130g,"17,42 €/Kg","17,42 €/Kg"
Veículo de Resgate de Montanha,Playmobil,1 unidade,"9,99 €/Unidade","9,99 €/Unidade"
New Dotty com Cabelo,Cry Babies,1 unidade,"19,99 €/Unidade","19,99 €/Unidade"
Vinh do porto ruby,Cruz,Garrafa de 750 ml,"5,99 €","7,99 €/L"
Corn flakes saco,PorSi,Embalagem de 500g,"1,49 €","2,98 €/Kg"
"Bloco sanitário azul, recarga",WC Pato,Embalagem de 2x40 g,"2,99 €","74,75 €/Kg"
Leite natal 1,Nutriben,Embalagem de 800g,"20,99 €","26,24 €/Kg"
Luvas Multi Latex M/L,Vileda,10 unidade,"2,40 €","2,40 €/Unidade"
Caixa de arrumação reciclada,PorSi,40 litros,"5,24 €","5,24 €/Unidade"
Champanhe meio seco,Delagne & Fils,"Garrafa de 0,75 l","34,00 €","45,33 €/L"
Bolacha tostada,PorSi,Embalagem de 800g,"2,11 €/Kg","2,11 €/Kg"
Ração seca mix para cão adulto,PorSi,Embalagem de 20 kg,"1,15 €/Kg","1,15 €/Kg"
Farinha para pão integral,Nacional,Embalagem de 1 kg,"1,29 €","1,29 €/Kg"
Azeite virgem extra seleção,PorSi,Garrafa de 750 ml,"3,19 €","4,25 €/L"
Tablete de chocolate leite/amêndoa,Nestle,Embalagem de 120g,"6,50 €/Kg","6,50 €/Kg"
Eau de Toilette p/Senhora Nº43,Caravan,1 Frasco 150ml,"11,99 €","79,93 €/L"
Esferográfica cristal bl 5 az,Bic,1 unidade,"2,49 €","2,49 €/Unidade"
Limpa Couros,Bellapelle,Garrafa de 250 ml,"10,99 €","52,33 €/Kg"
Manteiga la motte sal do mar,President,Embalagem de 250 g,"1,69 €","6,76 €/Kg"
Bolacha infantil dinossaurus mini dino chocolate,Artiach,Embalagem de 120g,"1,89 €","15,75 €/Kg"
"Sumo 100%, tutti-frutti",PorSi,Embalagem de 3 x 200 ml,"1,09 €","0,73 €/L"
Inseticida Eléctrico Night & Day,Raid,1 Difusor + 1 Recarga,"7,69 €","7,69 €/Unidade"
Sumo essencial manga,Compal,pack 3 x 0.11 l,"2,29 €","6,94 €/L"
Batata frita caseira rodela,Pala-pala,Embalagem de 300g,"0,87 €","5,44 €/Kg"
Infusão lúcia lima,PorSi,Embalagem de 35 g,"0,99 €","76,15 €/Kg"
Café solúvel + cereais,Delta,Embalagem de 200 g,"14,50 €/Kg","14,50 €/Kg"
Lombos de pescada,PorSi,Embalagem de 400 g,"4,39 €","10,98 €/Kg"
"Pasta dentífrica, máxima proteção, fresca",Colgate,Embalagem de 75 ml,"2,39 €","31,87 €/L"
Leite uht gordo,Mimosa,Embalagem de 1 litro,"0,94 €","0,94 €/L"
Black Berries,Faisão,Garrafa de 0.75 l,"2,39 €","1,59 €/L"
Copos para café 80 ml,Aj simoes,Embalagem com 25 unidades,"1,10 €","1,10 €/Unidade"
Risott mediterrâneo,Trevijano,Embalagem de 280g,"3,49 €","12,46 €/Kg"
"Bebida láctea crescimento 1-3 anos, cereais",Nestle,Embalagem de 1 litro,"0,26 €","1,30 €/L"
Chouriço cebola beiras,PorSi,Embalagem de 300g,"1,22 €","6,78 €/Kg"
Molho de soja c/ dispensador redução sal,KIKKOMAN,150 ml,"3,99 €","26,60 €/L"
Compressas | dim.: 10 x 10 cm,PorSi,Embalagem com 100 unidades,"1,69 €","1,69 €/Unidade"
Vermute rosso,Martini,Embalagem de 10x6 cl,"22,49 €","32,13 €/L"
Vela em número nº9,PorSi,1 unidade,"0,60 €","0,60 €/Unidade"
Creme anti-rugas de dia revitalift,L'oreal,Embalagem de 50 ml,"2,99 €","59,80 €/L"
"Fiambre extra, fatias finas",PorSi,Embalagem de 150 g,"0,97 €","6,49 €/Kg"
"Elixir bocal, menta",Labell,Embalagem de 500 ml,"1,29 €","2,58 €/L"
Rodelas de linguica 2x75g,Porminho,Embalagem de 2X75G,"1,22 €","6,78 €/Kg"
Alho moído,PorSi,Saqueta de 50 g,"0,25 €","0,25 €/Kg"
Chá earl grey,Lipton,Embalagem de 40g,"1,19 €","59,50 €/Kg"
Leite c/ Chocolate,Agros,Embalagem de 4 x 200 ml,"0,26 €","1,30 €/L"
Pastilhas café platium,Delta,Embalagem de 110g,"54,36 €/Kg","54,36 €/Kg"
Nestlé® smarties® drageias de chocolate de leite 38g,SMARTIES,Embalagem de 40g,"11,98 €/Kg","11,98 €/Kg"
Sumo 100% tomate,PorSi,Embalagem de 1.5 l,"1,09 €","0,73 €/L"
Néctar light de manga/laranja prism,PorSi,Embalagem de 1 l,"0,84 €","2,55 €/L"
Lambrusco rose,*,Garrafa de 750 ml,"6,89 €","9,19 €/L"
Lindahls pro+ liq tropical,Lindahls,Garrafa de 330 ml,"1,20 €","1,88 €/Kg"
Mistura sol sem café granulado,PorSi,Embalagem de 200g,"0,99 €","3,96 €/Kg"
Salsichas de aves,Nobre,Lata de 200 g,"0,75 €","3,75 €/Kg"
Toalha de mãos,PorSi,50 x 100 cm,"12,00 €/Unidade","12,00 €/Unidade"
"Cerveja sem álcool, preta",Super Bock,pack 6 x 0.33 l,"5,99 €","3,03 €/L"
Acetona perfumada com doseador,PorSi,Embalagem de 200 ml,"1,89 €","9,45 €/L"
Comida Húmida para Gatinhos Mousse com Vitela,Gourmet Diamant,Embalagem de 85 g,"2,89 €","7,23 €/Kg"
Luva Animais da Quinta,Chicco,Uma unidade,"11,99 €/Unidade","11,99 €/Unidade"
Máquina depilação descartável Simply Venus 2,Gillette,3 Unid. + 1 Grátis,"1,99 €","1,99 €/Unidade"
Spray calcário e sujidade,Cillitbang,Garrafa de 500 ml,"1,15 €","1,15 €/L"
Tosta rica mini go,Cuetara,Embalagem de 240g,"1,89 €","15,75 €/Kg"
Anti algas,Gre,1 litro,"4,19 €","4,19 €/Unidade"
Queijo em fatias,Terra Nostra,Embalagem de 400g,"1,56 €","7,80 €/Kg"
Peito de frango forno a lenha fatias finas,Izidoro,110 g,"2,25 €","11,25 €/Kg"
Spray vitrocerâmica/indução,PorSi,Embalagem de 500 ml,"1,99 €","3,98 €/L"
Azeite virgem extra seleção,PorSi,Garrafa de 250 ml,"3,19 €","4,25 €/L"
Bolachas shortcake,PorSi,Embalagem de 233 g,"1,69 €","6,76 €/Kg"
Doce de framboesa,ST.DALFOUR,Frasco de 284g,"2,99 €","8,67 €/Kg"
Stevia chocolate negro,Cemporcent,Embalagem de 100g,"2,89 €","23,12 €/Kg"
Cereais cruesli chocolate,Quaker,Embalagem de 380g,"2,29 €","6,11 €/Kg"
Comida húmida para cão de vaca e frango,PorSi,Lata de 400 g,"0,75 €","2,50 €/Kg"
Chá fresh preto e limão,Cemporcent,Embalagem de 18g,"1,19 €","59,50 €/Kg"
Recarga p/ ambientador elétrico flores,Ambipur,3 unidades,"11,98 €","11,98 €/Unidade"
Vinho regional tejo 3 castas branco,Fiuza,Garrafa de 750 ml,"3,99 €","5,32 €/L"
Snack gato salmao,PorSi,Embalagem de 60g,"0,99 €","16,50 €/Kg"
Sabonete Liquido Gel Antibacteriano,Labell,Embalagem de 300 ml,"2,18 €/L","2,18 €/L"
Uva Branca sem grainha,Fruta do Dia,Embalagem de 500 g,"2,48 €","0,99 €/Kg"
Bolachas cream cracker doses individuais,Vieira,Embalagem de 180g,"0,39 €","3,12 €/Kg"
Feijão vermelho,Legumes secos,1 un = 100 gr. (aprox.),"0,23 €","2,29 €/Kg"
"Sacos para sandes, 100 unidades",PorSi,1 embalagem,"1,11 €","1,11 €/Unidade"
Bacalhau com broa,PorSi Select,350 g,"1,91 €","4,78 €/Kg"
Nestle scm regular tubo 12x pt,Nestle,Embalagem de 450g,"1,09 €","2,75 €/Kg"
Licor beirão,Beirão,Garrafa de 700 ml,"22,49 €","32,13 €/L"
Cerveja com álcool,Super Bock,Garrafa de 1 l,"1,99 €/L","1,99 €/L"
Gogo SqueeZ Snack Banana,Gogo,Embalagem de 4 x 90g,"2,29 €","6,94 €/L"
Iogurte sólido sem lactose morango,Mimosa,Embalagem de 480g,"1,87 €","1,25 €/Kg"
Chocolates maltesers,MALTESERS,Embalagem de 90g,"11,98 €/Kg","11,98 €/Kg"
Patê atum,La piara,Embalagem de 80g,"1,19 €","13,52 €/Kg"
Lamina Descartáveis Platina,Labell,Pack 10 unidades,"1,16 €","4,64 €/L"
Azeite Subtil,Gallo,Garrafa de 2 l,"3,19 €","4,25 €/L"
Mirtilos 100% Naturais,PorSi,Embalagem de 250 g,"3,29 €","4,39 €/Kg"
Nata uht para bater,Parmalat,Embalagem de 200 ml,"0,75 €","3,75 €/L"
Special k choco,Kellogg's,Embalagem de 375g,"1,49 €","2,98 €/Kg"
Alho Seco,Programa Origens,Vendido a partir de 100 gr,"0,35 €","1,39 €/Kg"
Lixívia Spray Multiusos,Neoblanc,Embalagem de 650ml,"2,49 €","1,25 €/L"
Queijo Curado,Ilha Azul,Vendido ao peso a partir de 250 gr,"2,42 €","9,69 €/Kg"
Bolacha torrada com canela,PorSi,Embalagem de 2 x 250 g,"2,11 €/Kg","2,11 €/Kg"
Vinho tinto península de setúbal,Pioneiro,Garrafa de 0.75 l,"8,59 €","11,45 €/L"
Miolo de ameijoa,PorSi,Embalagem de 250 g,"1,79 €","7,16 €/Kg"
"Sangria tinta, bag in the box",Leziria,Garrafa de 5 l,"2,39 €","1,59 €/L"
Lixívia Denso-Activa Harmonias Florais p/ Casa e Rou...,Neoblanc,Embalagem de 2 l,"1,74 €","0,35 €/L"
Crazy Chic Relógios com Estilo,Clementoni,1 unidade,"19,99 €/Unidade","19,99 €/Unidade"
Queijo de cabra curado,PorSi,Embalagem de 2x100 g,"1,89 €","10,50 €/Kg"
Sardinha Pequena,Peixe Congelado,1 un= 250 gr (aprox.),"3,99 €/Kg","3,99 €/Kg"
Chocolate branco com recheio de avelã,Kinder,Embalagem de 160g,"18,50 €/Kg","18,50 €/Kg"
Chá Aromatizado Pirâmide Oriente/Canela,PorSi,20 x 2 g,"58,44 €/Kg","58,44 €/Kg"
Néctar clássico tutti-frutti,Compal,330 ml,"0,99 €","0,99 €/L"
Iogurte tipo grego natural,PorSi,Embalagem de 12 x 125 g,"0,99 €","1,98 €/Kg"
Queijo Curado Amanteigado,Quinta do Convento,Vendido ao peso a partir de 250 g,"25,45 €/Kg","25,45 €/Kg"
Discos de algodão para bebé,PorSi,60 unidades,"5,99 €","5,99 €/Unidade"
Flocos de aveia finos integrais,Cemporcent,Embalagem de 400g,"0,69 €","1,73 €/Kg"
Livro O Patinho Feio,Europrice,1 unidade,"7,50 €/Unidade","7,50 €/Unidade"
Gin Premium |Blue Magic,Sharish,"Embalagem de 0,50L + Oferta 1 Copo","16,49 €","23,56 €/L"
Pringles original,Pringles,Embalagem de 175g,"1,06 €","5,73 €/Kg"
Iogurte natural magro sem lactose,Mimosa,Embalagem de 4x 120 g,"0,99 €","1,32 €/Kg"
Barrita controlo de peso iogurte,Ignoramu,Embalagem de 44g,"3,99 €","39,90 €/Kg"
Água s/ gás,S.estrela,"Pack 6 x 0,50 l","1,04 €","0,17 €/L"
"Bracito trufa de chocolate, 4 unidades",Dulcesol,Embalagem de 240g,"2,05 €","5,13 €/Kg"
Reparador de móveis normal,PorSi,Embalagem de 200 ml,"4,39 €","14,63 €/L"
Tomate triturado,Compal,Embalagem de 500g,"3,84 €","24,00 €/Kg"
Resguardo para bebé,PorSi,Dim.: 60 x 60 cm,"4,99 €","4,99 €/Unidade"
Ketchup top down,Calve,Embalagem de 550g,"0,70 €","2,33 €/Kg"
Iogurte pedaços frutimax frutos variados,PorSi,Embalagem de 8 x 125 g,"1,44 €","2,88 €/Kg"
Óleo Multigasolina 20W40,Galp,Embalagem de 5 l,"12,99 €","12,99 €/L"
Pernil,Porco,1 un = 1 kg (aprox.),"3,99 €","3,99 €/Kg"
Alga wakame desidratada,Trevijano,Embalagem de 50g,"3,49 €","12,46 €/Kg"
Bolachas maria,PorSi,Embalagem de 800g,"2,11 €/Kg","2,11 €/Kg"
Multi vitaminas 50+,PLANTANATU,Embalagem de 1 unidades,"7,59 €","126,50 €/Kg"
Lixívia Spray Mousse Flor,Neoblanc,Embalagem de 700ml,"2,49 €","1,25 €/L"
Tinta Plástica Branca,Marilina,Embalagem de 15 l,"12,99 €","0,87 €/L"
Sopa 100% de cogumelos,Knorr,embalagem com 57 g,"0,84 €","13,55 €/Kg"
Vinho Regional Lisboa Reserva Branco,Marginal,Garrafa de 0.75 l,"3,99 €","5,32 €/L"
Rolo de cozinha mega,PorSi,1 rolo,"4,99 €","4,99 €/Unidade"
Toalhita Azul,Dodot,Embalagem c/ Tampa | 64 un.,"1,09 €/Unidade","1,09 €/Unidade"
"Cobertura tipo chantilly, 2x38g",PorSi,Embalagem de 80g,"1,29 €","3,23 €/Kg"
Lixívia Spray Mousse,Neoblanc,Embalagem de 700ml,"2,49 €","1,25 €/L"
Vinho de mesa tinto bag in box,Adega grande,Garrafa de 5 l,"5,19 €","1,04 €/L"
Flakes,Cuetara,Embalagem de 500g,"5,07 €/Kg","5,07 €/Kg"
"Infusãoo mirtilo/acai, 20 saquetas",Tetley,Embalagem de 40g,"0,99 €","76,15 €/Kg"
Maçã golden 60/65 categoria II Programa Origens,PorSi,Embalagem de 1.5 kg,"0,28 €","1,89 €/Kg"
Orégãos em folha,PorSi,Embalagem de 10g,"0,25 €","0,25 €/Kg"
Chouriço corrente,PorSi,Embalagem de 200 g,"1,22 €","6,78 €/Kg"
Caramelo líquido,PorSi,Embalagem de 400g,"1,29 €","3,23 €/Kg"
Bicarbonato de sódio,Globo,Embalagem de 230g,"1,89 €","17,18 €/Kg"
Skittles fruits 174g,SKITTLES,Embalagem de 170g,"2,89 €","16,61 €/Kg"
Iogurte líquido yoggi banana,Nestle,Embalagem de 4 x 160 g,"1,20 €","1,88 €/Kg"
Costeletas do Lombo,Porco,Vendido ao peso a partir de 1 kg,"3,99 €","3,99 €/Kg"
2 toalhas de bidé,PorSi,30 x 50 cm,"12,00 €/Unidade","12,00 €/Unidade"
Refrigerante de lima-limão,Seven-up,"Garrafa de 1,25 l","0,40 €/L","0,40 €/L"
Bebida de Soja Baunilha,PorSi Viva Bem,1 l,"2,49 €","2,49 €/L"
Champanhe tradicional bruto,Delagne&fi,Garrafa de 750 ml,"34,00 €","45,33 €/L"
Linhaça castanha moída,Cemporcent,Embalagem de 200g,"2,29 €","11,45 €/Kg"
Rebuçados de café,Villa,Embalagem de 200 g,"1,15 €","4,60 €/Kg"
Moelas congeladas,*,Embalagem de 1 kg,"4,99 €","24,95 €/Kg"
Biscoitos integrais aveia e manteiga de amendoim,PorSi Viva Bem,Embalagem de 150g,"1,45 €","11,15 €/Kg"
Desinfetante álcool gel,PorSi,100 ml,"5,24 €","5,24 €/Unidade"
Iogurte mix-in chocapic,Nestle,Embalagem de 2 x 118 g,"4,23 €/Kg","4,23 €/Kg"
Sardinha em azeite,PorSi Select,Lata de 120 g,"0,89 €","7,42 €/Kg"
Cerveja c/ álcool,Heineken,"Embalagem de 6x0,25 l","1,99 €/L","1,99 €/L"
Azeite virgem extra seleção ouro,Oliveira da Serra,Garrafa de 750 ml,"3,19 €","4,25 €/L"
Ketchup picante,Heinz,460 g,"0,70 €","2,33 €/Kg"
Iogurte líquido morango/cereais,PorSi,Embalagem de 4 x 160 g,"1,20 €","1,88 €/Kg"
Bolachas waffers nice baunilha,Dailidoce,Embalagem de 250g,"0,98 €","4,67 €/Kg"
Set Cozinha,Frozen,1 conjunto,"12,99 €/Unidade","12,99 €/Unidade"
Detergente Liquido Loiça Ultra Poder Limão,Fairy,Embalagem de 600 ml,"0,99 €","1,98 €/L"
Cereais golden e crispy,PorSi,Embalagem de 375 g,"5,07 €/Kg","5,07 €/Kg"
Gogo SqueeZ Snack Maçã e Pera,Gogo,Embalagem de 4 x 90g,"2,29 €","6,94 €/L"
Azeite Virgem Extra Planícies do Sul,Gallo,Garrafa de 0.75 l,"3,19 €","4,25 €/L"
Bicarbonato de sódio,Vatel,Embalagem de 400g,"1,89 €","17,18 €/Kg"
Yofu natural com coco,Alpro,Embalagem de 500 gr,"3,09 €","6,18 €/Kg"
Iogurte sólido sem lactose morango,Mimosa,Embalagem de 480g,"0,99 €","1,98 €/Kg"
Queijo de cabra curado rolo,PorSi,Embalagem de 180 g,"1,89 €","10,50 €/Kg"
Casa mateus temporada - morango   6x350g,Casa de Mateus,Embalagem de 350g,"3,59 €","10,26 €/Kg"
Special k aveia mel,Kellogg's,Embalagem de 420g,"1,49 €","2,98 €/Kg"
Bocadelia atum,La piara,Embalagem de 180g,"0,89 €","7,42 €/Kg"
Eau de Toilette p/Senhora Nº24,Caravan,1 Frasco 150ml,"11,99 €","79,93 €/L"
Salsicha vegetal,Veg In,Embalagem de 1 kg,"4,79 €","4,79 €/Kg"
Milho para pipocas,Globo,Embalagem de 400g,"0,79 €","7,90 €/Kg"
20 saquetas chá verde pure,Lipton,Embalagem de 30g,"1,14 €","114,00 €/Kg"
Nabiças Programa Origens,PorSi,1 un = 1 kg (aprox.),"2,99 €","2,99 €/Kg"
Linhaça dourada e moída,Cemporcent,Embalagem de 200g,"2,29 €","11,45 €/Kg"
Forma Pão de Ló Antiaderente 24cm,PorSi,1 unidade,"11,99 €","11,99 €/Unidade"
Batata frita caseira,PorSi,Embalagem de 500g,"0,87 €","5,44 €/Kg"
Hambúrgueres,Novilho,1 un = 100 gr (aprox.),"6,39 €","7,99 €/Kg"
Cerveja c/ álcool,Super Bock,pack 24 x 0.33 l,"1,99 €/L","1,99 €/L"
Carlota cambalhota,Miss Concentra,1 unidade,"19,99 €/Unidade","19,99 €/Unidade"
Absorvente de odores marine,Brise,Embalagem de 300 ml,"16,63 €/L","16,63 €/L"
Tempero para Frangos Ervas Aromáticas,PorSi,34 g,"3,84 €","24,00 €/Kg"
Iogurte Líquido Yoggi Frutos Tropicais s/ Lactose,Nestle,4x160g,"0,99 €","1,98 €/Kg"
"Chá de mel, limão e ginseng",Tetley,Embalagem de 20g,"1,19 €","59,50 €/Kg"
Café gold colômbia frasco,Nescafe,Embalagem de 100 g,"14,50 €/Kg","14,50 €/Kg"
Vinho regional lisboa reserva tinto,Marginal,Garrafa de 0.75 l,"3,99 €","5,32 €/L"
Pão da Avó Alongado,Pão do Dia,1 unidade =400 g,"0,19 €","2,71 €/Kg"
Sacos lixo eco com atilho 50 litros,PorSi,15 unidades,"1,79 €","1,79 €/Unidade"
Adoçante recarga,Canderel,Embalagem de 40g,"5,99 €","23,96 €/Kg"
"Livro ""Era uma Vez… Contos Intemporais""",Yoyo Books,1 unidade,"7,50 €/Unidade","7,50 €/Unidade"
Bebida de cereais e café mokambo intenso,Nestle,Embalagem de 180g,"0,99 €","3,96 €/Kg"
Iogurte líquido yoggi morango/banana,Nestle,Embalagem de 4 x 160 g,"1,20 €","1,88 €/Kg"
Bolacha vitalday crocante chocolate,Gullon,Embalagem de 280g,"0,99 €","7,92 €/Kg"
Manga Refrigerante p/ Garrafas,AR,1 unidade,"3,99 €","3,99 €/Unidade"
Salsichas de soja,Cemporcent,Embalagem de 390g,"5,55 €","18,50 €/Kg"
Spray desengordurante universal,Neoblanc,Embalagem de 500 ml,"2,49 €","1,25 €/L"
Agarro o Coco,Games,,"9,99 €/Unidade","9,99 €/Unidade"
Café 5 estrelas grão,Sical,Embalagem de 1 kg,"9,16 €/Kg","9,16 €/Kg"
Queijo de Cabra Curado Rústico,Palhais,Vendido ao peso a partir de 250 gr,"1,89 €","10,50 €/Kg"
"Sabonete líquido de leite de amêndoas, recarga",Palmolive,Embalagem de 300 ml,"2,18 €/L","2,18 €/L"
Detergente liquido loiça limão,PorSi,Garrafa de 1 litro,"0,99 €","1,98 €/L"
Palitos redondos,PorSi,Embalagem de 250 unidades,"1,50 €","1,50 €/Unidade"
Batido de baunilha,Forma+,Embalagem de 700g,"3,99 €","39,90 €/Kg"
Cereais crunch 375g,Nestle,Embalagem de 380g,"5,07 €/Kg","5,07 €/Kg"
Massa de espirais,Nacional,Embalagem de 500g,"1,39 €","1,39 €/Kg"
"Hamburguers de vaca, 4x80g",PorSi,Embalagem de 320 g,"2,79 €","8,72 €/Kg"
Ananás em rodelas lata,PorSi,Embalagem de 820g,"1,99 €","2,37 €/Kg"
21 bombons de chocolate,F.prestige,Embalagem de 250g,"31,40 €/Kg","31,40 €/Kg"
Queijo Flamengo Bola,Quinta do Convento,,"25,45 €/Kg","25,45 €/Kg"
Princesas do mar,PorSi,Embalagem de 255 g,"2,19 €","8,59 €/Kg"
Máquina Depilatória Descartável 3 Sensitive,Bic,Embalagem com 4+2 unidades,"12,99 €","12,99 €/Unidade"
Rolo de Cozinha Branco Eco Compacto,PorSi,2 = 6 Rolos,"4,99 €","4,99 €/Unidade"
Creme abrasivo original,Cif,Garrafa de 700 ml,"0,99 €","0,99 €/L"
Lava Tudo Brilhante Floral,Sonasol,"embalagem 1,1L","0,99 €","0,50 €/L"
Creme autobrilhante castanho,Splendor,40 ml,"2,25 €","45,00 €/L"
Quad com Dinossauro,Pinypon Action,1 unidade,"12,99 €/Unidade","12,99 €/Unidade"
Máscara tesouros de mel,Garnier,Embalagem de 300 ml,"1,00 €","5,00 €/L"
Puzzle Patrulha Pata,Clementoni,2 x 60 peças,"9,99 €/Unidade","9,99 €/Unidade"
Queijo fresco natural,Matinal,Embalagem de 216g,"1,09 €","5,45 €/Kg"
Pastel de Nata,PorSi,60G,"0,30 €/Unidade","0,30 €/Unidade"
Feijão preto,Legumes secos,1 un = 100 gr. (aprox.),"0,23 €","2,29 €/Kg"
Croissant simples,PorSi,Embalagem de 400g,"2,05 €","5,13 €/Kg"
Croissant recheado de cacau/avelã,PorSi,Embalagem de 315g,"2,05 €","5,13 €/Kg"
Pão forma familiar normal,Bimbo,embalagem de 700 g,"2,63 €/Kg","2,63 €/Kg"
Cerveja c/ álcool radler,Sagres,pack 6 x 0.33 l,"1,59 €","3,18 €/L"
"Queijo fresco, grande",PorSi,Embalagem de 250 g,"1,09 €","5,45 €/Kg"
Eau de Toilette p/Senhora Nº22,Caravan,1 Frasco 150ml,"11,99 €","79,93 €/L"
Posta Tradicional 9 Meses Cura,Riberalves,Embalagem de 550 g,"6,39 €","7,99 €/Kg"
Pastilhas descafeinado,Delta,Embalagem de 110g,"54,36 €/Kg","54,36 €/Kg"
"Elixir bocal, dentes e gengivas",Listerine,Embalagem de 250 ml,"1,29 €","2,58 €/L"
Sabonete Líquido Original,Dove,Embalagem de 250 ml,"2,18 €/L","2,18 €/L"
Tira nódoas em spray cores,Neoblanc,Embalagem de 700 ml,"10,99 €","52,33 €/Kg"
Aperitivo de anis,Ricard,Garrafa de 700 ml,"22,49 €","32,13 €/L"
Infusão cavalinha,Cemporcent,Embalagem de 10 unidades,"0,99 €","76,15 €/Kg"
Lasanha à bolonhesa,PorSi,Embalagem de 1 kg,"3,99 €","3,99 €/Kg"
Gelatina de laranja,PorSi,Embalagem de 170g,"0,55 €","61,11 €/Kg"
Queijo flamengo barra,PorSi,"Vendido ao peso, fatiado a partir de 100 gr","1,56 €","7,80 €/Kg"
Pomada Oxido de Zinco,Hygie'net,100 ml,"0,59 €","0,59 €/Unidade"
"Frigideira anti-aderente, 20cm",PorSi,1 unidade,"11,99 €","11,99 €/Unidade"
Whisky,J&B,Garrafa de 700 ml,"11,49 €","16,41 €/L"
"Ambientador spray, aerosol, relax zen",Glade,Embalagem de 300 ml,"0,99 €","3,30 €/L"
Café solúvel gold,PorSi Select,Embalagem 100G,"14,50 €/Kg","14,50 €/Kg"
Queijo são jorge dop,PorSi Select,Embalagem de 400g,"2,42 €","9,69 €/Kg"
"Chocolate kit kat, single",Kit kat,Embalagem de 40g,"19,47 €/Kg","19,47 €/Kg"
Filetes de pescada,Pescanova,Embalagem de 400g,"4,39 €","10,98 €/Kg"
Alimento lácteo alperce +6 meses,Yogolino,Embalagem de 4 x 100 g,"2,89 €","7,23 €/Kg"
Pensos peles sensíveis sortidos,PorSi,30 unidades,"1,69 €","1,69 €/Unidade"
Rolhas de cortiça,PorSi,6 unidades,"3,99 €","3,99 €/Unidade"
Biscoitos rosegones,Dulcesol,Embalagem de 130g,"0,69 €","3,45 €/Kg"
Líquido p/ Radiador Verde 10% Concentração,Arbo,Embalagem de 5 l,"3,99 €","0,80 €/L"
Fralda Cueca T3,Dodot,Embalagem de 37 un.,"8,49 €","8,49 €/Unidade"
Mega cozinha,Minnie,1 conjunto,"12,99 €/Unidade","12,99 €/Unidade"
Gran cruz rosé porto cruz pink,Cruz,Garrafa de 750 ml,"22,49 €","32,13 €/L"
Carro de Limpeza,Vicam,1 unidade,"19,99 €/Unidade","19,99 €/Unidade"
Anti-embaciante,PorSi,Embalagem de 250 ml,"3,99 €","0,80 €/L"
Açúcar demerara,Rar,Embalagem de 500 g,"1,49 €","1,49 €/Kg"
Tablete de chocolate leite com avelã,PorSi Select,200 g,"6,50 €/Kg","6,50 €/Kg"
Chá solúvel alívio respiratório,Cemporcent,Embalagem de 50g,"58,44 €/Kg","58,44 €/Kg"
Bolachas de manteiga,PorSi,Embalagem de 200 g,"1,69 €","6,76 €/Kg"
"Sagres preta gfa 0,33l tr",Sagres,Garrafa de 330 ml,"1,99 €/L","1,99 €/L"
Batata pré-frita palito,PorSi,"Embalagem de 2,5 kg","1,39 €","1,39 €/Kg"
Queijo emmental ralado,PorSi,Embalagem de 200 g,"7,45 €/Kg","7,45 €/Kg"
Pérolas de perfume unstoppables fresh,Lenor,Embalagem de 210g,"10,99 €","52,33 €/Kg"
Lixívia perfumada,PorSi,Embalagem de 5 l,"2,49 €","1,25 €/L"
Tablete de chocolate extra fina leite/avelã,Nestle,Embalagem de 120g,"6,50 €/Kg","6,50 €/Kg"
Queijo Flamengo em Barra,Terra Nostra,1 un = 150 gr (aprox.),"1,56 €","7,80 €/Kg"
Ice tea de limão,PorSi,Embalagem de 2 l,"1,14 €","0,76 €/L"
Batatas mediterrâneas originais,Lay's,Embalagem de 150g,"1,06 €","5,73 €/Kg"
Infusão de camomila,Tetley,Embalagem de 10g,"0,99 €","76,15 €/Kg"
Vinagre de vinho branco envelhecido,PorSi,Garrafa 250ML,"0,35 €","0,70 €/L"
20 saquetas chá de limão,Lipton,Embalagem de 40g,"1,19 €","59,50 €/Kg"
Fusion Cola,Faisão,Garrafa de 0.75 l,"2,39 €","1,59 €/L"
Delta chicória + cafe soluvel lata,Delta,Embalagem de 250g,"14,50 €/Kg","14,50 €/Kg"
Sumo 100% ananás e uva,PorSi,1.5 l,"1,09 €","0,73 €/L"
Batata doce para fritar,PorSi,Embalagem de 600g,"1,39 €","1,39 €/Kg"
Gomas ositos de oro,Haribo,Embalagem de 100g,"1,19 €","3,97 €/Kg"
Bebida de soja natural,Frias,Garrafa de 1 l,"1,19 €","1,98 €/L"
Tagliatelle a carbonara 350g,Tuttipasta,Embalagem de 350G,"2,16 €","6,17 €/Kg"
Tomate pedaços biológico,Guloso,Embalagem de 390g,"3,84 €","24,00 €/Kg"
Café em cápsulas dolce gusto ardenza,Nescafe,Embalagem de 110g,"54,36 €/Kg","54,36 €/Kg"
Cappuccino café arábica cacau magro em pó,PorSi,250 ml,"15,92 €/Kg","15,92 €/Kg"
Piri piri,Calve,Garrafa de 50 ml,"0,70 €","2,33 €/Kg"
Água mineral sem gás,Fastio,"Garrafa de 2,5 l","1,04 €","0,17 €/L"
Cereais cruesli frutos secos,Quaker,Embalagem de 380g,"2,29 €","6,11 €/Kg"
Crocantes frango parmesão e ervas,Iglo,Embalagem de 180g,"9,30 €/Kg","9,30 €/Kg"
"Elásticos grandes coloridos, pack de 20 unidades",Domédia,1 embalagem,"2,19 €","109,50 €/L"
Escova de Dentes Júnior,Aquafresh,1 unidade,"0,99 €","0,99 €/Unidade"
Amaciador intense nature,Comfort,60 doses,"8,99 €","2,25 €/L"
Detergente Máquina Roupa Liquido Bebé,Skip,52 doses,"19,99 €","19,99 €/Unidade"
Pão com Cereais 125 g,Pão do Dia,,"0,19 €","2,71 €/Kg"
Alimento lácteo pera +6 meses,Yogolino,Embalagem de 4 x 100 g,"2,89 €","7,23 €/Kg"
Queijo Flamengo Fatias,PorSi,Embalagem 500G,"1,56 €","7,80 €/Kg"
Iogurte proteína stracciatella,Lindahls,Embalagem de 150 g,"5,97 €/Kg","5,97 €/Kg"
8 pães de leite,PorSi,Embalagem de 280 g,"7,40 €/Kg","7,40 €/Kg"
Champanhe,Moet & chandon,"Garrafa de 0,75 l","34,00 €","45,33 €/L"
Bebida arroz bio,PorSi Bio,Embalagem de 1 litro,"1,59 €","1,59 €/L"
Bacon Extra Nacos,Porminho,200 g,"2,79 €","9,30 €/Kg"
Bolachas digestive muesli,Gullon,Embalagem de 370g,"1,45 €","11,15 €/Kg"
Chocolate lion,Lion,Embalagem de 40g,"19,47 €/Kg","19,47 €/Kg"
Pão de forma integral,Bimbo,Embalagem de 480 g,"2,63 €/Kg","2,63 €/Kg"
Feijão preto,PorSi,Embalagem de 500g,"0,95 €","1,90 €/Kg"
Batata frita camponesa,PorSi,Embalagem de 175 g,"1,19 €","6,43 €/Kg"
Molho de whisky cocktail,Calve,Garrafa de 250 ml,"0,70 €","2,33 €/Kg"
Máquina de barbear descartável,Gillette,Embalagem com 4+1 unidades,"1,16 €","4,64 €/L"
Açúcar de coco bio,Origensbio,Embalagem de 250g,"2,99 €","5,98 €/Kg"
Creme Suavizante Picadas de Insectos,Mercurochrome,Embalagem 50 ml,"0,59 €","0,59 €/Unidade"
Anti-traça Maçã Verde,Dum Dum,2 unidades,"4,69 €","4,69 €/Unidade"
Presunto S/Osso,Pata branca,"Vendido ao peso, fatiado a partir de 200 g","1,27 €","12,69 €/Kg"
Bolacha cracker integral,Cuetara,Embalagem de 200g,"0,39 €","3,12 €/Kg"
Bolachas de água e sal,PorSi,Embalagem de 125g,"0,39 €","3,12 €/Kg"
Milho doce,Bonduelle,Embalagem de 150 g,"1,79 €","2,29 €/Kg"
Bolachas de chocolate leite,Milka,Embalagem de 150g,"0,79 €","5,27 €/Kg"
Queijo ralado 4 queijos,Valformoso,Embalagem de 150g,"7,45 €/Kg","7,45 €/Kg"
Dentifríco splash morango,Aquafresh,Embalagem de 75 ml,"0,99 €","0,99 €/Unidade"
Farinha láctea,PorSi,Embalagem de 1 kg,"4,49 €","4,49 €/Kg"
Pensos Higiénicos Cottonlike Super Com Abas,Evax,12 unidades,"4,99 €","4,99 €/Unidade"
Fatia de salame de chocolate,PorSi,Embalagem 60G,"2,05 €","5,13 €/Kg"
Toalhitas limpeza do chão,PorSi,Embalagem de 15 unidades,"1,15 €","1,15 €/L"
Cereais all bran,Kellogg's,Embalagem de 380g,"3,45 €","26,74 €/Kg"
Gressinos com azeitonas pretas,PorSi,Embalagem de 250g,"2,39 €","6,83 €/Kg"
Alimentação láctea pera/banana bio,Naturnes,Embalagem de 4 x 90 g,"2,89 €","7,23 €/Kg"
Sabonete líquido Marselha e Azeitona,Labell,Embalagem de 500 ml,"2,18 €/L","2,18 €/L"
Vinho branco doce regional península de setúbal,Q.camarate,Garrafa de 750 ml,"8,59 €","11,45 €/L"
Ravioli com tomate,Claude Léger,Embalagem 300G,"2,35 €","5,60 €/Kg"
Ervilhas,PorSi,Embalagem de 1 kg,"1,89 €","1,89 €/Kg"
Bloco sanitário blue activ higiene,Sonasol,Embalagem de 50 g,"2,99 €","74,75 €/Kg"
Farinha para bolos super fina,PorSi,Embalagem de 1 kg,"1,29 €","1,29 €/Kg"
Queijinho dadoninho petitdino de morango,Danone,Embalagem de 6 x 50 g,"4,23 €/Kg","4,23 €/Kg"
Croutons azeite e alho,PorSi,Embalagem de 150g,"2,39 €","6,83 €/Kg"
Gel de Banho Coconut Milk,Dove,Embalagem de 750 ml,"6,49 €","8,65 €/L"
"Queijo regional de vaca, cabra e ovelha curado",Qj.saloio,Embalagem de 190g,"8,99 €","16,35 €/Kg"
Guardanapos brancos folha tripla 33x33 cm,PorSi,70 unidades,"1,29 €","1,29 €/Unidade"
"Maionese, frasco",Hellmman's,Embalagem de 420g,"0,70 €","2,33 €/Kg"
Mel em frasco com doseador,PorSi,Embalagem de 500g,"4,89 €","9,78 €/Kg"
Dawnut Açucarado,Pastelaria do Dia,48g,"0,30 €/Unidade","0,30 €/Unidade"
Lombos de salmao vacuo,PorSi,Embalagem de 500g,"4,39 €","10,98 €/Kg"
"Delta decaf. mu cx 3,520 kg - café torrado moído des...",Delta,Embalagem de 220g,"1,59 €","6,36 €/Kg"
Veggie bowls bulgur & courgette 350g,Iglo green,Embalagem de 350g,"1,89 €","6,30 €/Kg"
Doce de tomate adoçado com xarope de milho,Cemporcent,Embalagem de 240g,"5,99 €","19,97 €/Kg"
Queijo flamengo sticks 5x20g,PorSi,Embalagem de 100g,"1,56 €","7,80 €/Kg"
Bolachas maria,PorSi,Embalagem de 200g,"2,11 €/Kg","2,11 €/Kg"
Água s/ Gás,Serra de Fafe,Garrafa 6L,"1,04 €","0,17 €/L"
Caffe latte go chill,Delta,230 ml,"15,92 €/Kg","15,92 €/Kg"
Café solúvel descafeinado,PorSi,Embalagem de 100G,"14,50 €/Kg","14,50 €/Kg"
Pudim morango,Boca Doce,Embalagem de 20g,"0,59 €","29,50 €/Kg"
Leite 0% lactose magro,Mimosa,Garrafa de 1 l,"1,29 €","1,29 €/L"
Óleo Performa C3 5W40 Sintético,Galp,Embalagem de 1 l,"12,99 €","12,99 €/L"
Infusão melhores digestões,Cemporcent,Embalagem de 10 unidades,"0,99 €","76,15 €/Kg"
Refresco em pó de morango,Tang,Embalagem de 30g,"0,75 €","18,75 €/Kg"
Limpa móveis multissuperfícies,PorSi,Frasco de 300ml,"4,39 €","14,63 €/L"
Especialidade soja baunilha,PorSi Viva Bem,Embalagem de 4 x 100 g,"3,09 €","6,18 €/Kg"
Feijão catarino,PorSi,Embalagem 500G,"0,95 €","1,90 €/Kg"
Abóbora cubos,Saint Eloi,Embalagem de 750 g,"1,89 €","1,89 €/Kg"
Folhado Misto 90 g,Pastelaria do Dia,,"0,65 €","0,65 €/Unidade"
Fígado,Novilho,1 un = 100 gr (aprox.),"0,60 €","5,99 €/Kg"
Lay's sal mpk 6x30g,Lay's,Embalagem de 180g,"1,06 €","5,73 €/Kg"
Feijoada,PorSi,Embalagem de 420 g,"2,35 €","5,60 €/Kg"
Caldo de galinha,PorSi,24 cubos,"3,84 €","24,00 €/Kg"
Comida húmida para cão em saquetas de frango/borrego,Purina One,Embalagem de 400g,"0,75 €","2,50 €/Kg"
Queijo ralado dispensador,PorSi,Embalagem de 80g,"7,45 €/Kg","7,45 €/Kg"
Refrigerante c/ gás ananás,Sumol,Garrafa de 500 ml,"0,40 €/L","0,40 €/L"
Cogumelos laminados,Ferbar,Embalagem de 290g,"1,79 €","2,29 €/Kg"
Bolachas cereais passas e laranja,PorSi,Embalagem de 300 g,"0,90 €","6,00 €/Kg"
Palitos super finos,PorSi,Embalagem de 85 unidades,"1,50 €","1,50 €/Unidade"
Borrego Inteiro/Metades,Borrego,"1/2 un = 7 kg,  1 un = 14 kg (aprox.)","19,49 €","12,99 €/Kg"
Creme Corpo Goodness,Dove,Embalagem de 300 ml,"12,48 €/L","12,48 €/L"
Queijo tres igrejas cura 2 meses,Santiago,Vendido ao peso a partir de 250 gr,"25,45 €/Kg","25,45 €/Kg"
"Linguíca, 4 unidades",PorSi,Embalagem de 180 g,"1,22 €","6,78 €/Kg"
Dettol sabonete líquido frustos do bosque x 12 recar...,Dettol,Garrafa de 250 ml,"2,18 €/L","2,18 €/L"
Creme de limpeza com lixívia,PorSi,750 ml,"2,49 €","1,25 €/L"
Azeitona Preta Extra,PorSi,1 un = 100 gr (aprox.),"0,42 €","4,19 €/Kg"
Creme de avelãs e cacau para barrar sem glúten,Cemporcent,Embalagem de 200g,"11,44 €/Kg","11,44 €/Kg"
Mousse chocolate branco,Alsa,Embalagem de 133g,"0,79 €","5,27 €/Kg"
Kit veterinário,Play-Doh,1 unidade,"19,99 €/Unidade","19,99 €/Unidade"
Champô cacau&côco,Ultra Suave,Embalagem de 400 ml,"5,59 €","13,98 €/L"
Cereais chocapic,Nestle,Embalagem de 375 g,"5,07 €/Kg","5,07 €/Kg"
Molas plásticas amarelas,PorSi,50 unidades,"36,00 €","36,00 €/Unidade"
Vinagre de fruta,PorSi,Embalagem de 500 ml,"0,35 €","0,70 €/L"
Cerveja 0.0%,Sagres,Pack 4 x 0.33 l,"5,99 €","3,03 €/L"
Infusão nº 10 colestrol,Cemporcent,Embalagem de 10 unidades,"0,99 €","76,15 €/Kg"
Batata pré-frita palitos finos,PorSi,Embalagem de 2.5 kg,"1,39 €","1,39 €/Kg"
Sangria pet,Don Simon,"Garrafa de 1,5 l","2,39 €","1,59 €/L"
Tablete de chocolate de leite com amêndoas,PorSi,100 g,"6,50 €/Kg","6,50 €/Kg"
Tostas de trigo,PorSi,Embalagem 225G,"2,39 €","6,83 €/Kg"
Refrigerante sem gás de maçã,Trina,"Garrafa de 1,5 l","1,14 €","0,76 €/L"
Iogurte oikos natural,Danone,Embalagem de 4 x 110g,"1,99 €","4,15 €/Kg"
Pães de leite redondos,s. tomé,Embalagem de 300 g,"7,40 €/Kg","7,40 €/Kg"
Tomate pelado,Guloso,Embalagem de 800g,"3,84 €","24,00 €/Kg"
Tablete de chocolate,Chabrior,Embalagem de 250 g,"0,79 €","5,27 €/Kg"
"Cera de depilação oriental, pote",Labell,Embalagem de 250 ml,"6,99 €","6,99 €/Unidade"
Lixívia para roupa delicada,Neoblanc,Embalagem de 1 l,"2,19 €","1,10 €/L"
Alimento para cão adulto alta energia,HappyOne,Embalagem de 10 kg,"1,15 €/Kg","1,15 €/Kg"
Cereais fitness e fruits,Nestle,Embalagem de 380g,"3,45 €","26,74 €/Kg"
Ultra magnésio +b6,PLANTANATU,Embalagem de 1 unidades,"7,59 €","126,50 €/Kg"
Dentífrico sensibilidade e gengivas,Sensodyne,Embalagem de 75 ml,"2,39 €","31,87 €/L"
Atum em azeite,Ramirez,Embalagem de 120g,"0,89 €","7,42 €/Kg"
Nestum aveia e maçã,Nestum,Embalagem de 250g,"2,19 €","8,76 €/Kg"
Chá preguiça intestinal,PLANTANATU,Embalagem de 10 unidades,"1,25 €","1,25 €/Unidade"
Brandy,Croft,Garrafa de 700 ml,"16,99 €","24,27 €/L"
Ambientador recarga bouquet,Air Wick,Garrafa de 250 ml,"11,98 €","11,98 €/Unidade"
Areia para gatos mineral perfumada,PorSi,Embalagem de 5 kg,"1,19 €","0,24 €/Kg"
Batata frita forno originais,Lay's,Embalagem de 150g,"0,87 €","5,44 €/Kg"
"Salsichas hot dog, frasco",Izidoro,Embalagem de 240g,"0,75 €","3,75 €/Kg"
Cevada solúvel,Delta,Embalagem de 200 g,"14,50 €/Kg","14,50 €/Kg"
Queijo fatias -50% gordura,Terra Nostra,Embalagem de 400g,"1,56 €","7,80 €/Kg"
Leite uht magro,Mimosa,Embalagem de 200 ml,"0,81 €","0,81 €/L"
Bacalhau com natas,PorSi,Embalagem de 380g,"1,91 €","4,78 €/Kg"
Bolacha integral doce,Vieira,Embalagem de 180g,"0,98 €","3,27 €/Kg"
Tablete chocolate branco,PorSi,Embalagem de 100g,"0,99 €","9,90 €/Kg"
Bebida láctea crescimento 3 anos+,Nestle,Embalagem de 1 litro,"0,26 €","1,30 €/L"
Ambientador vela odor tabaco,PorSi,1 unidade,"9,49 €","45,19 €/Kg"
Bebida láctea crescimento 1 a 3 anos,Nestle,Embalagem de 1 litro,"0,26 €","1,30 €/L"
Bolachas marítimas baixo teor de sal,PorSi Viva Bem,Embalagem de 200g,"0,99 €","7,92 €/Kg"
Leite de cabra uht meio gordo,President,Embalagem 1L,"0,81 €","0,81 €/L"
Toalhitas intimas com aloé vera,Carefree,20 unidades,"2,19 €","2,19 €/Unidade"
Açúcar fino,Rar,Embalagem de 1000 g,"1,49 €","1,49 €/Kg"
Chocolate culinário 70% cacau,Nestle,Embalagem de 170 g,"1,04 €","8,32 €/Kg"
Iogurte líquido morango,PorSi,Embalagem de 8x160 ml,"1,20 €","1,88 €/Kg"
Patê de marisco,Fides,Embalagem de 90g,"1,19 €","13,52 €/Kg"
Leite especial crescimento +3 anos,Mimosa,Garrafa de 1 l,"0,26 €","1,30 €/L"
Arroz agulha,Pato real,Embalagem de 1 kg,"0,99 €","0,99 €/Kg"
Aveia natural,Quaker,Embalagem de 500g,"2,99 €","7,97 €/Kg"
"Papel higiénico compacto, folha dupla",Renova,4 = 12 rolos,"1,99 €","1,99 €/Unidade"
Cocktail pessego,Bar Royal,Garrafa de 750 ml,"11,99 €","11,99 €/L"
"Vela em número, nº 3",PorSi,1 unidade,"0,60 €","0,60 €/Unidade"
Costeleta mista,Porco,1 un = 150 gr (aprox.),"3,99 €","3,99 €/Kg"
Vinho branco regional península de setúbal,Lancers,Garrafa de 750 ml,"8,59 €","11,45 €/L"
Sopa de rabo de boi,Knorr,Embalagem de 70g,"0,84 €","13,55 €/Kg"
Sopa de cebola,Knorr,Embalagem de 50g,"0,84 €","13,55 €/Kg"
Moinho 5 pimentas em grão,PorSi,Frasco com 40 g,"0,25 €","0,25 €/Kg"
Palmiers,PorSi,Embalagem de 300 g,"1,69 €","6,76 €/Kg"
Chá fresh verde e pêssego,Cemporcent,Embalagem de 18g,"1,19 €","59,50 €/Kg"
"Vinho tinto doc dão, reserva",Cabriz,Garrafa de 0.75 l,"3,99 €","5,32 €/L"
Solha Congelada (200/400),Peixe Congelado,Pescado no mar,"3,99 €/Kg","3,99 €/Kg"
"Esferográfica cristal, 5 Uni",Bic,1 unidade,"2,49 €","2,49 €/Unidade"
Snack para gato de salmão e queijo,Catisfactions,Embalagem de 60g,"0,99 €","16,50 €/Kg"
10 pães de leite,PorSi,Embalagem de 350g,"7,40 €/Kg","7,40 €/Kg"
Elixir bocal de mentol,Listerine,Embalagem de 250 ml,"1,29 €","2,58 €/L"
Molho de soja com dispenser,KIKKOMAN,Garrafa de 150 ml,"3,99 €","26,60 €/L"
Queijo vaca sem lactose,PorSi Viva Bem,250 g,"2,42 €","9,69 €/Kg"
Canetas de Feltro Lavavel Kids - 14 +4,Bic,Uma embalagem,"4,69 €","4,69 €/Unidade"
Salpicão de Ponte de Lima,PorSi,Vendido ao peso a partir de 750 g,"0,95 €","9,49 €/Kg"
12 ovos codorniz,PorSi,Embalagem de 1 unidades,"2,28 €","2,28 €/Unidade"
Bolacha de água e sal júnior,Vieira,Embalagem de 160g,"1,89 €","15,75 €/Kg"
Ambientador automático lavanda,PorSi,250 ml,"0,99 €","3,30 €/L"
Moscatel de Setúbal 20 anos,Alambre,Garrafa de 0.50 l,"5,99 €","7,99 €/L"
Cappucinno,PorSi,Embalagem de 125 g,"15,92 €/Kg","15,92 €/Kg"
Rolo de Cozinha Multi,Renova,4 Rolos,"4,99 €","4,99 €/Unidade"
Iogurte Oikos de Ananás,Danone,Embalagem de 4x110g,"1,99 €","4,15 €/Kg"
Preparado pato desfiado,PorSi,Embalagem de 400g,"3,99 €","3,99 €/Kg"
Bacalhau desfiado,PorSi,Embalagem de 500g,"6,39 €","7,99 €/Kg"
Óleo extra virgem de coco,Origensbio,Garrafa de 200 ml,"3,39 €","3,39 €/L"
Lambrusco tinto,*,Garrafa de 750 ml,"6,89 €","9,19 €/L"
Toalha em rolo papel verde,PorSi,1 Unidade,"3,45 €","3,45 €/Unidade"
Snack para gato crispies salmão e truta,Felix,Embalagem de 50g,"0,99 €","16,50 €/Kg"
Tostas crocantes sem glúten,Schar,Embalagem de 200 g,"2,39 €","6,83 €/Kg"
Batido de morango,Forma+,Embalagem de 700g,"3,99 €","39,90 €/Kg"
"Escova dentes, rotativa global, dura, 2 unidades",Labell,1 embalagem,"3,99 €","3,99 €/Unidade"
Açucar granulado,PorSi,Embalagem de 1 kg,"1,49 €","1,49 €/Kg"
Lixivia perfume fresco,Neoblanc,Embalagem de 2 l,"1,74 €","0,35 €/L"
Gelatina de manga,Koala,Embalagem de 130g,"0,85 €","2,13 €/Kg"
Chispe da Perna,Porco,1 un = 800 gr (aprox.),"3,99 €","3,99 €/Kg"
Esponja limpa camurça,PorSi,1 unidade,"5,29 €","35,27 €/L"
Café Descafeinado,Nescafe,Embalagem de 100g,"1,59 €","6,36 €/Kg"
Confronto de Camiões Hulk vs Rhino,Lego,1 unidade,"12,99 €/Unidade","12,99 €/Unidade"
Mostarda a'lancienne,PorSi Select,190 g,"0,70 €","2,33 €/Kg"
Amaciador Concentrado Creations Flor Lótus Lima,Comfort,80 doses,"3,99 €","3,99 €/Unidade"
Seitan,Veg In,Embalagem de 250g,"2,99 €","5,98 €/Kg"
Salsichas de porco em lata,PorSi,Embalagem de 200g,"0,75 €","3,75 €/Kg"
Frutapura maçã e pera,Bledina,Embalagem de 85g,"2,29 €","6,94 €/L"
Bacalhau lombos,PorSi,Embalagem de 1.5 kg,"6,39 €","7,99 €/Kg"
Veículo Speed Fury,Pinypon Action,1 unidade,"9,99 €/Unidade","9,99 €/Unidade"
Cafe pastilhas 20x7g,PorSi,Embalagem de 140g,"54,36 €/Kg","54,36 €/Kg"
Rum 3 anos havan club (40º),Havana,Garrafa de 700 ml,"17,49 €","24,99 €/L"
Açúcar branco em saquetas,Rar,Embalagem com 170 saquetas,"1,49 €","1,49 €/Kg"
Inseticida elétrico melgas e mosquitos,Dum Dum,1 unidade = 45 noites,"7,69 €","7,69 €/Unidade"
Travessa com naperon 45x36cm,PorSi,1 unidade,"0,99 €","0,99 €/Unidade"
Agrafador universal +400 agrafos,Maped,1 unidade,"1,35 €","1,35 €/Unidade"
Patafix branco,Uhu,Embalagem com 80 pastilhas adesivas,"2,49 €","2,49 €/Unidade"
10 cápsulas café qanela,Delta Q,Embalagem de 60g,"54,36 €/Kg","54,36 €/Kg"
Sangria branca,Don Simon,"Garrafa de 1,5 l","2,39 €","1,59 €/L"
Aguardente Bagaceira,Martha's,"Garrafa de 0,70L","16,99 €","24,27 €/L"
Bebida de Arroz,PorSi Viva Bem,1 l,"1,59 €","1,59 €/L"
Leite condensado magro cozido,Nestle,Embalagem de 390g,"1,09 €","2,75 €/Kg"
Nata uht 0% lactose,Parmalat,Embalagem de 200 ml,"0,75 €","3,75 €/L"
Cerveja c/ álcool,Super Bock,pack 24 x 0.20 l,"1,99 €/L","1,99 €/L"
Conelones recheados com espinafres e queijo ricota,PorSi,Embalagem de 1 kg,"3,99 €","3,99 €/Kg"
Café Moagem Universal do Brasil,PorSi,Embalagem de 220g,"9,16 €/Kg","9,16 €/Kg"
Amaciador concentrado para roupa floral,PorSi,80 doses,"3,99 €","3,99 €/Unidade"
Flocos cereais chocolate,PorSi,Embalagem de 300g,"2,19 €","8,76 €/Kg"
"Salsichas wiennerwurt em frasco, 6 un",Nobre,Embalagem de 250g,"0,75 €","3,75 €/Kg"
Mousse chocolate,PorSi,Embalagem de 150g,"0,79 €","5,27 €/Kg"
Vinho Vinha da Fonte Setúbal tinto,Casa Ermelinda Freitas,Garrafa de 0.75 l,"8,59 €","11,45 €/L"
"Escova de dentes macia, 7-13 anos",Labell,1 unidade,"0,99 €","0,99 €/Unidade"
Risott de cogumelos,Trevijano,Embalagem de 280g,"3,49 €","12,46 €/Kg"
"Queijo curado, amanteigado",Paiva,Embalagem de 550g,"25,45 €/Kg","25,45 €/Kg"
Spray desinfetante cozinha,Lysol,Embalagem de 500 ml,"0,79 €","0,79 €/L"
Tablete de chocolate choco jelly,Milka,Embalagem de 250g,"18,50 €/Kg","18,50 €/Kg"
Óleo de girassol,PorSi,garrafa de 1 litro,"3,39 €","3,39 €/L"
"Fraldas Dry Fit, 3-6kg - Tamanho 2",Chicco,Embalagem de 50 unidades,"6,49 €","6,49 €/Unidade"
Barras fitness com chocolate,Nestle,Embalagem de 140g,"3,45 €","26,74 €/Kg"
Ovos Frescos de Galinhas Criadas ao Ar Livre Classe:...,PorSi Bio,Embalagem com 6 unidades,"2,28 €","2,28 €/Unidade"
Feijão encarnado,PorSi,Embalagem de 420 g,"1,79 €","2,29 €/Kg"
Espremedor,PorSi,1 unidade,"0,89 €","0,89 €/Unidade"
Iogurte natural sem lactose,PorSi Viva Bem,4 x 125 g,"0,99 €","1,98 €/Kg"
Papel higiénico branco folha tripla,PorSi,12 rolos,"1,99 €","1,99 €/Unidade"
Limpa injetores gasolina,PorSi,Embalagem de 250 ml,"12,99 €","12,99 €/L"
Iogurte líquido yoggi morango,Nestle,Embalagem de 4 x 160 g,"1,20 €","1,88 €/Kg"
Natas uht 3 queijos,Parmalat,Embalagem de 200 ml,"0,75 €","3,75 €/L"
Vinho doc dão branco,Grao vasco,Garrafa de 750 ml,"3,99 €","5,32 €/L"
Bebida de coco com arroz,PorSi Viva Bem,1 litro,"1,19 €","1,98 €/L"
Tambor,Panda,1 un.,"12,99 €/Unidade","12,99 €/Unidade"
Ambientador aerossol 5 em 1 jasmim,PorSi,300 ml,"0,99 €","3,30 €/L"
Álcool Etílico Sanitário,PorSi,200 ml,"1,69 €","1,69 €/Unidade"
Leite em pó crescimento 3 pro +,Nutriben,Embalagem de 800g,"20,99 €","26,24 €/Kg"
Bolacha de água e sal júnior,Vieira,Embalagem de 160g,"0,98 €","3,27 €/Kg"
Cone baunilha,PorSi,embalagem 6 x 120 ml,"5,99 €","17,11 €/L"
Creme calçado preto,PorSi,50 ml,"0,99 €","19,80 €/L"
Fermento padeiro,Royal,Embalagem de 27g,"1,89 €","17,18 €/Kg"
Café torrado intensa,Nicola,Embalagem de 250 g,"9,16 €/Kg","9,16 €/Kg"
Esfregona super completa,Vileda,1 unidade,"0,89 €","0,89 €/Unidade"
Pilha alcalina heightech lr6x4,Domédia,1 unidade,"1,49 €","1,49 €/Unidade"
Multiusos perfumado,PorSi,Embalagem de 1 l,"1,15 €","1,15 €/L"
Snacks para Cão Markies Mini,Pedigree,Embalagem de 500 g,"0,94 €","5,22 €/Kg"
"Lava tudo antibacteriano lavanda 1,5l",PorSi,Garrafa de 1.5 l,"0,99 €","0,50 €/L"
Aroma de café,Rayners,Garrafa de 28 ml,"1,89 €","17,18 €/Kg"
Quiona tricolor bio,Origensbio,Embalagem de 250g,"1,89 €","3,78 €/Kg"
Café solúvel c/ cafeína,PorSi,Embalagem de 100g,"14,50 €/Kg","14,50 €/Kg"
Quebrado massa folhada,Pasta dia,Embalagem de 300g,"0,99 €","4,30 €/Kg"
Batido diet iogurte e ananás,Forma+s,Embalagem de 700g,"3,99 €","39,90 €/Kg"
Recargas ambientador elétrico romantic vanilla bloss...,Glade,Embalagem de 2 x 20 ml,"11,98 €","11,98 €/Unidade"
Mel multifloral doseador,PorSi,Embalagem de 250g,"4,89 €","9,78 €/Kg"
Queijo Curado Trad.Pimentão,Alavão,Vendido ao peso a partir de 250 gr,"25,45 €/Kg","25,45 €/Kg"
Chocolate chunky,Kit kat,Embalagem de 160g,"19,47 €/Kg","19,47 €/Kg"
Manga Avião,Fruta do Dia,1 un=500 gr (aprox.),"2,30 €","4,59 €/Kg"
Nestum bolacha maria,Nestum,Embalagem de 250g,"2,19 €","8,76 €/Kg"
"Café em grão, lote superior",Delta,Embalagem de 1 kg,"9,16 €/Kg","9,16 €/Kg"
"Jogo ""Mentiroso""",Concentra,1 unidade,"9,99 €/Unidade","9,99 €/Unidade"
12 pastéis de bacalhau,PorSi,Embalagem de 300 g,"2,99 €","9,97 €/Kg"
"Tira gorduras, recarga",Agerul,Embalagem de 750 ml,"2,89 €","5,25 €/L"
Adoçante em pó,Canderel,Embalagem de 90g,"5,99 €","23,96 €/Kg"
Água mineral sem gás,S.estrela,pack 4 x 1.5 l,"1,04 €","0,17 €/L"
Jardineira,Novilho,1 un = 200 gr (aprox.),"6,39 €","7,99 €/Kg"
Polpa de tomate,PorSi,Embalagem de 500 g,"3,84 €","24,00 €/Kg"
Acetona,PorSi,Embalagem de 60 ml,"1,89 €","9,45 €/L"
Pensos higiénicos liberty noite abas,Evax,Embalagem com 9 un.,"4,99 €","4,99 €/Unidade"
Anti-humidade,HUMYDRY,1 embalagem,"6,99 €","6,99 €/Unidade"
Fralda Cueca Banho Splashers T5,Dodot,1 Embalagem c/10 unidades,"8,49 €","8,49 €/Unidade"
Bebida de arroz,Frias,Garrafa de 1 l,"1,19 €","1,98 €/L"
Café torrado lote chávena máquina,Delta,Embalagem de 250g,"9,16 €/Kg","9,16 €/Kg"
Manteiga amendoim cremosa,PorSi,Embalagem de 340g,"8,54 €/Kg","8,54 €/Kg"
Sobremesa Paturette Creamy Chocolate,Páturages,Embalagem de 4X115G,"1,19 €","2,59 €/Kg"
Desumidificador Basic,HUMYDRY,embalagem de 250g,"4,59 €","61,20 €/Kg"
Iogurte liquido sem lactose natural açucarado,PorSi Viva Bem,Embalagem de 4 x 160 g,"2,49 €","5,19 €/Kg"
Leite com sabor a chocolate proteína,Yopro,Garrafa de 330 ml,"1,99 €","2,49 €/L"
Spray limpeza casa de banho,Cillitbang,Embalagem de 500 ml,"1,99 €","3,98 €/L"
Iogurte liquido proteína yopro morango/framboesa,Yopro,300 g,"5,97 €/Kg","5,97 €/Kg"
Canja c/ aletria,Knorr,Embalagem de 70g,"0,84 €","13,55 €/Kg"
Rebuçados mel e limão,PorSi,Embalagem de 200g,"0,77 €","3,85 €/Kg"
Ab bran flakes,Kellogg's,Embalagem de 375g,"1,49 €","2,98 €/Kg"
Leite especial cálcio + vitamina d magro,Mimosa,Garrafa de 1 l,"1,29 €","1,29 €/L"
Fermento em pó,PorSi,Embalagem de 150 g,"1,89 €","17,18 €/Kg"
"Jogo ""Pizza Express""",Clementoni,1 unidade,"9,99 €/Unidade","9,99 €/Unidade"
Mojito,Bacardi,Garrafa de 0.70 l,"17,49 €","24,99 €/L"
Butter cookies,PorSi,Embalagem de 450g,"0,90 €","6,00 €/Kg"
Paella,It.saveurs,Embalagem de 300g,"2,35 €","5,60 €/Kg"
Veículo de Resgate de Montanha,Playmobil,1 unidade,"12,99 €/Unidade","12,99 €/Unidade"
Açorda de camarão,PorSi Select,380 g,"1,91 €","4,78 €/Kg"
Farinha s/ fermento tipo 65,ESPIGA,Embalagem de 1 kg,"1,29 €","1,29 €/Kg"
Salada toscana Programa Origens,PorSi,embalagem de 250 g,"5,16 €/Kg","5,16 €/Kg"
Água com gás natural,Perrier,Embalagem de 750ml,"2,85 €","2,85 €/L"
12 vitaminas e 12 minerais - frasco comprimido,Forma+,Embalagem de 60g,"7,59 €","126,50 €/Kg"
"Detergente líquido, manual loiça, original",Fairy,"Embalagem de 1,5 l","0,99 €","1,98 €/L"
Vinho branco tejo chardonnay,Fiuza,Garrafa de 750 ml,"3,99 €","5,32 €/L"
Polpa de tomate em garrafa,Compal,Embalagem de 500g,"3,84 €","24,00 €/Kg"
Iogurte mix-in nesquik,Nestle,Embalagem de 2 x 115 g,"4,23 €/Kg","4,23 €/Kg"
Infusão nº 13 diabet control,Cemporcent,Embalagem de 10 unidades,"0,99 €","76,15 €/Kg"
Bolachas infantil dinossauros,Artiach,Embalagem de 190g,"1,89 €","15,75 €/Kg"
Iogurte magro + gelatina morango,Mimosa,Embalagem de 4 x 120 g,"0,99 €","1,32 €/Kg"
Achocolatado em Pó,Nesquik,Embalagem de 700g,"5,39 €","7,19 €/Kg"
Mousse de chocolate leite,Páturages,Embalagem de 4x60 g,"1,19 €","2,59 €/Kg"
Limpa máquinas de loiça limão,PorSi,Embalagem de 250 ml,"1,49 €","5,96 €/L"
Limpa fornos,PorSi,500 ml,"1,99 €","3,98 €/L"
Ambientador eléctrico Relaxing Zen + recarga,Glade,1 unidade,"3,74 €","3,74 €/Unidade"
Leite de transição Optipro 2 +6 meses,NAN,Embalagem de 800g,"20,99 €","26,24 €/Kg"
Argolas Romana,PorSi,Embalagem de 400 g,"1,91 €","4,78 €/Kg"
Vinho tinto,PorSi,embalagem de 1 litro,"0,85 €/L","0,85 €/L"
Tiras de bacon fumado,PorSi,Embalagem de 300g,"2,79 €","9,30 €/Kg"
Abóbora Butternut,Programa Origens,1 un = 1 kg (aprox.),"0,79 €/Kg","0,79 €/Kg"
Vinho doc douro reserva tinto,Romanisco,Garrafa de 0.75 l,"7,49 €","9,99 €/L"
Nata uht para culinária,Parmalat,Embalagem de 200 ml,"0,75 €","3,75 €/L"
Ambientador vela fresh berries,Glade,1 unidade com 129 g,"9,49 €","45,19 €/Kg"
Brandy,Macieira,Garrafa de 1 l,"16,99 €","24,27 €/L"
Rolos de papel multiusos 2 folhas,PorSi,1 unidade,"4,99 €","4,99 €/Unidade"
Feijão branco fidalgo,Legumes secos,1 un = 100 gr. (aprox.),"0,23 €","2,29 €/Kg"
Gomas favoritos açúcar,Haribo,Embalagem de 90g,"1,19 €","3,97 €/Kg"
Manteiga pasteurizada com sal cuvet,Primor,Embalagem de 250g,"1,69 €","6,76 €/Kg"
Vinho tinto alentejo,ALABASTRO,"Garrafa de 0,75 l","2,89 €","3,85 €/L"
Esponja Autobrilhante Incolor,Búfalo,Unidade,"2,25 €","45,00 €/L"
Formas de alumínio redondas 55 ml,PorSi,20 unidades,"1,10 €","1,10 €/Unidade"
Hambúrgueres de peru,PorSi,Embalagem de 4x80g,"2,79 €","8,72 €/Kg"
Bolachas belvita de chocolate,Belvita,Embalagem de 300g,"0,99 €","7,92 €/Kg"
Bolachas de aveia,Triunfo,Embalagem de 190g,"0,99 €","7,92 €/Kg"
Cogumelos inteiros,PorSi,Embalagem de 185 g,"1,79 €","2,29 €/Kg"
Polpa de tomate com cebola e alho,Compal,Embalagem de 500g,"3,84 €","24,00 €/Kg"
Aroma de morango,Rayners,Garrafa de 28 ml,"1,89 €","17,18 €/Kg"
Desodorizante roll on dermo invisible,Sanex,Embalagem de 50 ml,"4,69 €","31,27 €/L"
"Crepes queijo/fiambre, 6 unidades",Claude Léger,Embalagem de 300 g,"1,89 €","6,30 €/Kg"
Champô cabelos pintados,Labell,Embalagem de 250 ml,"5,59 €","13,98 €/L"
Barra s.k frutos vermelhos,Kellogg's,Embalagem de 130g,"1,29 €","10,24 €/Kg"
Salsa,PorSi,Embalagem de 50g,"0,99 €","19,80 €/Kg"
Tarteletes com recheio morango,PorSi,Embalagem de 96g,"0,79 €","4,49 €/Kg"
"Limpa vidros pistola, cristal",Ajax,Embalagem de 500 ml,"3,19 €","6,38 €/L"
Moscatel de Setúbal,Bacalhoa,Garrafa de 750 ml,"5,99 €","7,99 €/L"
"Bloco sanitário, Blue Active Floral",Sonasol,Embalagem de 50 g,"2,99 €","74,75 €/Kg"
Café em grão,Delta,Embalagem de 1 kg,"9,16 €/Kg","9,16 €/Kg"
Desodorizante spray energy,Labell Men,Embalagem de 200 ml,"1,39 €","6,95 €/L"
Depilatório homem gel,Veet,Garrafa de 200 ml,"2,99 €","14,95 €/L"
Sacos de congelação pequenos,PorSi,"50 unidades, 1 embalagem","1,11 €","1,11 €/Unidade"
Bolacha dibus sharkies s/ glúten,Gullon,Embalagem de 250g,"2,69 €","20,69 €/Kg"
Frutapura Pouch Frutos Variados,Bledina,Embalagem de 85g,"2,29 €","6,94 €/L"
Lasanha,Nacional,Embalagem de 400g,"1,39 €","1,39 €/Kg"
Bebida energética,Red Bull,Garrafa de 360 ml,"5,39 €","5,39 €/L"
Dettol sabonete líquido frutos do bosque x 12,Dettol,Garrafa de 250 ml,"2,18 €/L","2,18 €/L"
Bolachas starship tradicional,PorSi,Embalagem de 150g,"0,90 €","6,00 €/Kg"
Vinho rosé mateus emotion,Mateus,Garrafa de 750 ml,"4,29 €","5,72 €/L"
Bandas de cera facial peles normais,Veet,Embalagem de 20 unidades,"6,99 €","6,99 €/Unidade"
Concentrado manga,Sunquick,Garrafa de 580 ml,"3,54 €","3,54 €/L"
Bolacha vida equilíbrio ameixa e fibra,Cemporcent,Embalagem de 140g,"1,45 €","11,15 €/Kg"
Vinho regional península de setúbal,Dom Campos,Garrafa de 0.75 l,"8,59 €","11,45 €/L"
"Lenços de bolso sensitive, brancos, 10 unidades",Renova,1 embalagem de 18x10,"0,89 €","0,89 €/Unidade"
Hamburgúer de queijo,Cemporcent,Embalagem de 160g,"5,55 €","18,50 €/Kg"
Sumo 100% Fruta Laranja Espremida,Compal,1 litro,"1,09 €","0,73 €/L"
Posta de tintureira,PorSi,Embalagem de 500 g,"4,39 €","10,98 €/Kg"
Marmelada com noz,Quinta de Jugais,Embalagem de 500g,"1,09 €","2,42 €/Kg"
Feijao frade,PorSi,Embalagem de 500g,"0,95 €","1,90 €/Kg"
20 saquetas infusão de cidreira,Lipton,Embalagem de 20g,"0,99 €","76,15 €/Kg"
Leite UHT Meio Gordo,PorSi,Embalagem de 200 ml,"0,81 €","0,81 €/L"
Polpa tomate biológico,Guloso,Embalagem de 500g,"3,84 €","24,00 €/Kg"
Caldo de galinha 24 cubos,Knorr,Embalagem de 240g,"3,84 €","24,00 €/Kg"
Sidra maçã,Bandida,Lata de 500 ml,"1,59 €","3,18 €/L"
Redfish Médio (200/500),Peixe Congelado,de 200 a 500g,"3,99 €/Kg","3,99 €/Kg"
Bife do Acém Redondo,Novilho,1 un = 250 gr  (aprox.),"6,39 €","7,99 €/Kg"
Leite pasteurizado magro,Vigor,Garrafa de 1 l,"0,99 €","0,99 €/L"
Cereais lion chocolate/caramelo,Nestle,Embalagem de 400g,"1,29 €","10,24 €/Kg"
Gelado cornetto morango,Olá,Embalagem de 6 x 90 ml,"5,99 €","17,11 €/L"
Farinha de aveia integral,Cemporcent,Embalagem de 400g,"2,29 €","11,45 €/Kg"
Miúdos de Frango,Lusiaves,Embalagem de 400 g (aprox.),"0,60 €","5,99 €/Kg"
Reptomin alimento para tartarugas,Tetra,Garrafa de 250 ml,"7,29 €","7,29 €/L"
Orégãos em folhas,PorSi,Saqueta com 10 g,"0,25 €","0,25 €/Kg"
Paté de atum,PorSi,Embalagem de 65 g,"1,19 €","13,52 €/Kg"
Atum ao natural,Ramirez,Embalagem de 120g,"0,89 €","7,42 €/Kg"
Adoçante com doseador,PorSi,Embalagem 300 comprimidos,"5,99 €","23,96 €/Kg"
Vinho regional península de setúbal reserva,Periquita,Garrafa de 0.75 l,"8,59 €","11,45 €/L"
Vinho bag-in-box branco,C.alqueva,Garrafa de 5 l,"9,49 €","1,90 €/L"
"Queijinho, yoco suisse maxi, morango",Nestle,Embalagem de 4 x 90 g,"4,23 €/Kg","4,23 €/Kg"
Lixívia tradicional,PorSi,Embalagem de 2 l,"1,74 €","0,35 €/L"
Néctar 8 frutos,Bongo,Pack 3 x 200 ml,"0,99 €","0,99 €/L"
"Pasta dentífrica, dentes/gensivas sensitive",Labell,Embalagem de 75 ml,"2,39 €","31,87 €/L"
Milho doce,PorSi,Embalagem de 3 x 140 g,"1,79 €","2,29 €/Kg"
Hambúrguer de cogumelos,Cemporcent,Embalagem de 160g,"5,55 €","18,50 €/Kg"
Café moagem normal: original,Buondi,Embalagem de 220g,"3,49 €","13,96 €/Kg"
Farinheira do fundão,PorSi,Embalagem de 250g,"1,39 €","6,95 €/Kg"
Leite uht sem lactose magro,PorSi Viva Bem,1 litro,"0,81 €","0,81 €/L"
Leite C/ Chocolate,Mimosa,Embalagem de 4 x 200 ml,"0,26 €","1,30 €/L"
Mopa ultramax,Vileda,1 unidade,"17,00 €","17,00 €/Unidade"
Mega balde dos animais,Baby Clementoni,1 un.,"12,99 €/Unidade","12,99 €/Unidade"
"Discos desmaquilhantes, 120 unidades",PorSi,Embalagem de 120 unidades,"0,76 €","0,76 €/Unidade"
10 Preservativos Ultrafeel,Control,,"14,99 €","74,95 €/L"
Lambrusco branco,Sorbello,Garrafa de 0.75 l,"6,89 €","9,19 €/L"
Esferográfica Cristal Ouro e Prata x2,Bic,1 unidade,"2,49 €","2,49 €/Unidade"
Acetona,PorSi,Embalagem de 250 ml,"1,89 €","9,45 €/L"
Vinho maduro branco meio seco,Adega grande,Garrafa de 750 ml,"1,59 €","2,12 €/L"
Xarope grenadine,Paquito,Garrafa de 750 ml,"3,54 €","3,54 €/L"
Magnum mini white mix,Olá,Embalagem de 6 x 55 ml,"5,99 €","17,11 €/L"
Espremedor super,Fapil,1 unidade,"17,00 €","17,00 €/Unidade"
Katia Beijinhos,Miss Concentra,1 unidade,"19,99 €/Unidade","19,99 €/Unidade"
"Creme de muda de fralda, para bebé",Pommette,Embalagem de 100 ml,"0,59 €","5,90 €/L"
Cerveja com álcool abadia,Super Bock,pack 6 x 0.33 l,"1,99 €/L","1,99 €/L"
Uva Preta s/ Graínha,Vale da Rosa,Embalagem 500g,"2,48 €","0,99 €/Kg"
Licor de poejo,HS,Garrafa de 700 ml,"16,99 €","24,27 €/L"
"Iogurte pedaços, frutimax muesli",PorSi,Embalagem de 4 x 125 g,"1,44 €","2,88 €/Kg"
Queijo mozzarela ralado,Valformoso,Embalagem de 150g,"7,45 €/Kg","7,45 €/Kg"
1ª papa láctea multifrutos sem glúten +4 meses,Cerelac,Embalagem de 250g,"4,49 €","4,49 €/Kg"
Carro polícia com som e luz,Playmobil,1 unidade,"12,99 €/Unidade","12,99 €/Unidade"
Salsichas Frankfurt em lata,Izidoro,Embalagem de 120g,"0,75 €","3,75 €/Kg"
Baby pesca,Baby Clementoni,1 un.,"12,99 €/Unidade","12,99 €/Unidade"
Semente girassol,Salutem,Embalagem de 200g,"2,29 €","11,45 €/Kg"
Bolacha de manteiga belga c/ chocolate,Saborosa,Embalagem de 200g,"1,69 €","6,76 €/Kg"
Alimento seco gato salmao 1.5k,Purina One,"Embalagem de 1,5 kg","12,99 €","4,33 €/Kg"
Batata frita palha,PorSi,Embalagem de 160g,"0,87 €","5,44 €/Kg"
Barras de cereais nesquik,Nestle,Embalagem de 150g,"1,29 €","10,24 €/Kg"
Whisky blended,Label 5,"Garrafa de 0,70 l","11,49 €","16,41 €/L"
Perna,Borrego,1 un = 1.5 kg (aprox.),"19,49 €","12,99 €/Kg"
Água sem gás,Penacova,Garrafão de 5 litros,"1,04 €","0,17 €/L"
Bolachas digestive finas de chocolate de leite,Triunfo,Embalagem de 170 g,"0,79 €","5,27 €/Kg"
Renovador Camurça em Spray Preto,Búfalo,Embalagem de 250 ml,"2,89 €","14,45 €/L"
Máquina Depilatória Extra Smooth Sensitive,Gillette,1 unidade,"1,99 €","1,99 €/Unidade"
Tira Nódoas em Gel Cores,Skip,1.6 l,"10,99 €","52,33 €/Kg"
Leite UHT Meio Gordo,Gresso,Embalagem de 1 l,"0,81 €","0,81 €/L"
Ambulância,Dickie Toys,30 cm,"9,99 €/Unidade","9,99 €/Unidade"
Queijo flamengo ralado,Valformoso,Embalagem de 150g,"7,45 €/Kg","7,45 €/Kg"
"Jogo ""Quem é quem?""",Hasbro,1 unidade,"9,99 €/Unidade","9,99 €/Unidade"
Pimento Verde,Legumes do Dia,1 un = 250 gr  (aprox.),"0,75 €","2,99 €/Kg"
Spray renova camurça incolor,PorSi,Embalagem de 200 ml,"2,89 €","14,45 €/L"
Gelatina pronta a comer morango,Royal,Embalagem de 4 x 100 g,"0,85 €","2,13 €/Kg"
Recarga Ambientador Automático Sparkling Citrus,PorSi,Embalagem de 250 ml,"11,98 €","11,98 €/Unidade"
Vinho branco frisante,Cacho Fresco,Garrafa de 0.75 l,"1,99 €","2,65 €/L"
Sobremesa Paturette Caramelo,Páturages,Embalagem de 4x115g,"1,19 €","2,59 €/Kg"
Melão Amarelo,Fruta do Dia,Vendido ao peso | 1 un = 2.5 kg (aprox.),"2,48 €","0,99 €/Kg"
Tablete de chocolate de leite com amêndoas - sem açú...,PorSi Viva Bem,Embalagem de 100 g,"6,50 €/Kg","6,50 €/Kg"
Caramelos de leite,Penha,Embalagem de 100g,"2,75 €","11,00 €/Kg"
Tostas dietéticas,Diatosta,Embalagem de 225 g,"1,34 €","5,96 €/Kg"
Caldeirada de bacalhau,PorSi,Embalagem de 1 kg,"6,39 €","7,99 €/Kg"
"Queijo em fatias, -50% gordura",Limiano,Embalagem de 200g,"1,56 €","7,80 €/Kg"
Creme para calçado incolor,PorSi,50 ml,"0,99 €","19,80 €/L"
Vassoura pequena,PorSi,unidade,"2,20 €","2,20 €/Unidade"
Leite condensado,PorSi,Lata de 1 kg,"1,09 €","2,75 €/Kg"
Legumes para sopa,PorSi,Embalagem de 1 kg,"1,89 €","1,89 €/Kg"
Tosta integral de alfarroba,Cemporcent,Embalagem de 250g,"1,34 €","5,96 €/Kg"
Sabonete original,Palmolive,Embalagem de 4x90 g,"4,49 €","12,47 €/Kg"
Papa infantil não láctea bolacha maria +6 meses,Cerelac,Embalagem de 250g,"4,49 €","4,49 €/Kg"
Néctar vital equilibrio laranja/cenoura/manga,Compal,Embalagem de 1 l,"0,99 €","0,99 €/L"
Sumo 100% fresh maçã,Compal,Garrafa de 330 ml,"1,09 €","0,73 €/L"
Recargas ambientador elétrico relaxing zen,Glade,Embalagem de 2 x 20 ml,"11,98 €","11,98 €/Unidade"
Wrap misto,Snock,Embalagem de 190g,"0,65 €","0,65 €/Unidade"
Água sem gás,PorSi,Garrafa de 1.5 l,"1,04 €","0,17 €/L"
Bolachas água e sal doces,Vieira,Embalagem de 170g,"0,98 €","3,27 €/Kg"
Banana,Fruta do Dia,1 un = 200 gr (aprox.),"0,22 €","1,09 €/Kg"
Biscoitos integrais sementes de agave,PorSi Viva Bem,Embalagem de 150g,"0,69 €","3,45 €/Kg"
Kinder delice cacau,Kinder,Embalagem de 400g,"2,05 €","5,13 €/Kg"
Queijo meio gordo,D. Pedro,Vendido ao peso a partir de 250 gr,"2,42 €","9,69 €/Kg"
Vinagre balsâmico modena,Gallo,Garrafa de 500 ml,"0,35 €","0,70 €/L"
Mopa 1.2 spray max,Vileda,1 unidade,"0,89 €","0,89 €/Unidade"
Bolacha maria junior doces,Vieira,Embalagem de 280g,"2,11 €/Kg","2,11 €/Kg"
Chá infusão sene,Cemporcent,Embalagem de 13g,"58,44 €/Kg","58,44 €/Kg"
"Refeição pronta, boião de legumes e vitela",Bledina,Embalagem de 200g,"1,89 €","9,95 €/Kg"
Eau de Toilette p/Senhora Nº21,Caravan,1 Frasco 150ml,"11,99 €","79,93 €/L"
Tablete de chocolate de culinária - sem açúcar,PorSi Viva Bem,Embalagem de 100 g,"1,04 €","8,32 €/Kg"
Spray wc anticalcário,PorSi,embalagem de 750 ml,"3,99 €","7,98 €/L"
Napolitanas creme cacau,PorSi,Embalagem de 320g,"1,77 €","5,53 €/Kg"
Café moagem universal brasil,Delta,Embalagem de 220g,"3,49 €","13,96 €/Kg"
Achocolatado em Pó,Nesquik,Embalagem de 390g,"5,39 €","7,19 €/Kg"
Mini tostas de trigo,Diatosta,Embalagem de 350 g,"2,39 €","6,83 €/Kg"
Super tea boost com vitamina b6,Tetley,Embalagem de 40g,"1,19 €","59,50 €/Kg"
Sacos higiénicos para animal,Canaillou,4 x 20 unidades,"1,19 €","0,24 €/Kg"
Pasta dentífrica herbal branqueadora,Colgate,Embalagem de 75 ml,"2,39 €","31,87 €/L"
Comida húmida para cão almôndegas,PorSi,Embalagem de 1200 g,"0,75 €","2,50 €/Kg"
Grão de bico,PorSi,embalagem de 500 g,"0,99 €","1,98 €/Kg"
Carne p/ Assar,Novilho,Vendido ao peso a partir de 800 g,"6,39 €","7,99 €/Kg"
Mini tostas trigo super finas,PorSi,Embalagem de 100 g,"2,39 €","6,83 €/Kg"
Bebida Energética Red Grape,Hell,250 ml,"5,39 €","5,39 €/L"
Batata frita palha,PorSi,Embalagem de 500g,"0,87 €","5,44 €/Kg"
Lombinhos,Porco,1 un=500 gr aprox.,"3,99 €","3,99 €/Kg"
Bolachas choco mini estrelas,Milka,Embalagem de 190g,"2,78 €/Kg","2,78 €/Kg"
Iogurte morango 000%,PorSi Viva Bem,Embalagem de 4 x 125 g,"1,44 €","2,88 €/Kg"
Queijo de Serpa DOP,PorSi Select,1 un = 250 gr  (aprox.),"2,87 €","15,94 €/Kg"
Infusão de camomila,Tetley,Embalagem de 10g,"1,14 €","114,00 €/Kg"
Café solúvel em saquetas,Nescafe,Embalagem de 45 g,"14,50 €/Kg","14,50 €/Kg"
Manteiga s/ lactose,Primor,Embalagem de 130g,"1,69 €","6,76 €/Kg"
Inseticida líquido elétrico recarga,Raid,Pack 3 x 27 ml,"7,69 €","7,69 €/Unidade"
Bebida de aveia s/ gluten,Joya,Garrafa de 1 l,"11,44 €/Kg","11,44 €/Kg"
Bebé,Vicam,c/ Acessórios Médico,"19,99 €/Unidade","19,99 €/Unidade"
Gelatina pronta a comer light 10 kcal melancia,Royal,Embalagem de 4 x 100 g,"0,85 €","2,13 €/Kg"
Salsichas em lata,PorSi,Embalagem  de 120 g,"0,75 €","3,75 €/Kg"
Gelatina light de morango,Condi,Embalagem de 2x15g,"0,55 €","61,11 €/Kg"
Sangria frutos vermelhos,Casal Garcia,Garrafa de 0.75 l,"2,39 €","1,59 €/L"
Barras de cereais frosties,Kellogg's,Embalagem de 150g,"1,29 €","10,24 €/Kg"
"Chocolate m&m s, amendoim",M&m' s,Embalagem de 45 g,"11,98 €/Kg","11,98 €/Kg"
Água destilada,PorSi,Garrafão de 5 l,"6,99 €","6,99 €/Unidade"
Batata doce em palitos,MCCAIN,Embalagem de 500 g,"1,39 €","1,39 €/Kg"
Mega bolsa com 60 peças,Mega Bloks,1 unidade,"12,99 €/Unidade","12,99 €/Unidade"
Massa de cotovelos grandes riscados,Milaneza,Embalagem de 500g,"1,39 €","1,39 €/Kg"
Café Solúvel Black Roast,Nescafe,Embalagem de 200g,"14,50 €/Kg","14,50 €/Kg"
Chá preto com aroma natural e vitamina C,Lipton,Embalagem de 40g,"1,69 €","56,33 €/Kg"
Recargas de esfregão com cabo,Fino,embalagem com 3 un.,"2,54 €","2,54 €/Unidade"
Água s/ gás,Luso,"Garrafa de 0,75 l","1,04 €","0,17 €/L"
Bife do Lombo,Novilho,1 un= 150 gr (aprox.),"6,39 €","7,99 €/Kg"
"Luvas multiusos relevo antiderrapante, tamanho peque...",PorSi,Embalagem de 1 unidades,"2,40 €","2,40 €/Unidade"
Bolachas chiquilin,Artiach,Embalagem de 180g,"1,69 €","6,76 €/Kg"
Autocaravana de férias,Lego,1 unidade,"12,99 €/Unidade","12,99 €/Unidade"
Cerveja com álcool,Sagres,Garrafa de 1 l,"1,99 €/L","1,99 €/L"
"Líquido refrigerante, verde 10%",PorSi,Embalagem de 5 l,"3,99 €","0,80 €/L"
Panos Esponja,Fino,3 unidades,"1,79 €","1,79 €/Unidade"
Mistura para aves,Rac.zezere,Embalagem de 5 kg,"4,09 €","0,82 €/Kg"
Bacalhau com natas,PorSi,Embalagem de 800 g,"3,99 €","3,99 €/Kg"
Frango do Campo Inteiro c/ Miúdos Programa Origens,PorSi Select,Vendido ao peso,"1,05 €","2,99 €/Kg"
Estábulo para banho dos póneis,Lego,1 unidade,"12,99 €/Unidade","12,99 €/Unidade"
Café espresso descafeinado intensidade 6,PorSi,16 cápsulas,"1,59 €","6,36 €/Kg"
Compal da horta concentrado tomate,Compal,Embalagem de 140g,"3,84 €","24,00 €/Kg"
Gel de Banho Shea Butter & Vanilla,Dove,Embalagem de 750 ml,"6,49 €","8,65 €/L"
Fruta para bebé maçã banana morango +8 meses,Nestle,Embalagem de 90g,"0,74 €","8,22 €/Kg"
Aguardente,1920,Garrafa de 700 ml,"11,49 €","16,41 €/L"
Amaciador roupa citrus,Bot.origin,45 doses,"8,99 €","2,25 €/L"
Gin dry beefeater,Beefeater,Garrafa de 700 ml,"16,49 €","23,56 €/L"
Gel wc tripla ação c/ lixívia,Harpic,Garrafa de 750 ml,"3,99 €","7,98 €/L"
Salsichas de Aves Extra Suculentas,Nobre,frasco de 650g,"0,75 €","3,75 €/Kg"
Vinho maduro tinto,Alto de Pias,Garrafa de 5 l,"5,19 €","1,04 €/L"
Leite com chocolate original,Ucal,Embalagem de 6 x 250 ml,"0,26 €","1,30 €/L"
Joya bebida de arroz 0% açúcares uht,Joya,Garrafa de 1 l,"1,19 €","1,98 €/L"
Bebida de amêndoa,Frias,Garrafa de 1 l,"1,19 €","1,98 €/L"
Néctar clássico tutti frutti,Compal,Garrafa de 200 ml,"0,99 €","0,99 €/L"
Sidra maçã,Somersby,pack 4 x 0.33 l,"1,59 €","3,18 €/L"
Broa de Milho,Pão do Dia,1 unidade= 400 g,"0,19 €","2,71 €/Kg"
Lasanha de bacalhau,Centralres,Vendido ao peso,"3,99 €","3,99 €/Kg"
Pastilhas fire canela,CHICLETS,Embalagem de 16 g,"0,99 €","58,24 €/Kg"
Vinho branco,PorSi,Bag-in-box de 5 litros,"0,85 €/L","0,85 €/L"
Gel Banho Care&Orange,Nivea,Embalagem de 500 ml,"6,49 €","8,65 €/L"
Tira verniz,Labell,Embalagem de 200 ml,"1,03 €","10,30 €/L"
Aroma de limão,Vahine,Embalagem de 20g,"1,89 €","17,18 €/Kg"
Sopa Creme de Marisco,PorSi,Embalagem de 80 g,"0,84 €","13,55 €/Kg"
"Alimento húmido para gato 7+, aves",Whiskas,Embalagem de 400g,"2,89 €","7,23 €/Kg"
Rum limon,Bacardi,Garrafa de 700 ml,"17,49 €","24,99 €/L"
Spray desinfetante casa de banho,Lysol,Embalagem de 500 ml,"3,99 €","7,98 €/L"
Vinho verde branco,Torre de menagem,"Garrafa de 0,75 l","3,09 €","3,09 €/L"
Salsichas Frankfurt em lata,Izidoro,Embalagem de 250g,"0,75 €","3,75 €/Kg"
Sumo essencial kids,Compal,pack 3 x 0.11 l,"2,09 €","6,33 €/L"
"Limpa móveis pistola, multissuperfícies",Pronto,Embalagem de 500 ml,"1,15 €","1,15 €/L"
Pao brioche fatiado,PorSi,Embalagem 500G,"2,63 €/Kg","2,63 €/Kg"
"Alimento seco para gato junior, galinha",Whiskas,Embalagem de 350g,"12,99 €","4,33 €/Kg"
Salsichas extra suculentas de peru,Nobre,Frasco de 210g,"0,75 €","3,75 €/Kg"
Coleira repelente para gatos,Repul' 7,Embalagem de 1 unidades,"8,75 €","8,75 €/Unidade"
Bolacha vida equilíbrio aveia e canela,Cemporcent,Embalagem de 140g,"1,45 €","11,15 €/Kg"
Recarga inseticida eléctrico líquido anti melgas e m...,Raid,60 noites,"7,69 €","7,69 €/Unidade"
"Bebida açucarada  tinto de verão, clássico",Sandevid,"Garrafa de 1,5 l","2,39 €","1,59 €/L"
Leite pasteurizado meio gordo,Vigor,Garrafa de 1 l,"0,99 €","0,99 €/L"
Cajus tostados no forno,Matutano,Embalagem de 90g,"0,79 €","7,90 €/Kg"
Queijo Flamengo Bola,Terra Nostra,1 un = 250 gr  (aprox.),"1,56 €","7,80 €/Kg"
Óleo de coco biológico,Seara,Garrafa de 270 ml,"2,99 €","5,98 €/Kg"
Pão ralado alho e salsa,PorSi,Embalagem de 240 g,"0,55 €","2,29 €/Kg"
"Refresco em pó, tropical",Tang,Embalagem de 30g,"0,75 €","18,75 €/Kg"
Vinho do porto white,Cruz,Garrafa de 750 ml,"11,99 €","15,99 €/L"
Bambolitos brancos,PorSi,Embalagem de 150g,"0,79 €","5,27 €/Kg"
Barras fitness com morango,Nestle,Embalagem de 140g,"3,45 €","26,74 €/Kg"
Néctar tutti-fruti,Compal,Pack 3 x 200 ml,"0,99 €","0,99 €/L"
Vermute bianco,Martini,Garrafa de 0.75 l,"22,49 €","32,13 €/L"
Vinho maduro branco,Alorna,Garrafa de 0.75 l,"1,59 €","2,12 €/L"
Gelatina pronta a comer light 10 kcal ananás,Royal,Embalagem de 4 x 100 g,"0,85 €","2,13 €/Kg"
Queijo em fatias original,Casteloes,Embalagem de 200g,"1,56 €","7,80 €/Kg"
Bife de atum,PorSi,Embalagem de 400 g,"4,39 €","10,98 €/Kg"
Mousse chocolate leite,Alsa,Embalagem de 150g,"0,79 €","5,27 €/Kg"
Repelente de água,PorSi,Embalagem de 250 ml,"3,99 €","0,80 €/L"
Caderno Agrafado Capa Preta |A5 Quadriculado,Domédia,1 unidade,"3,69 €","3,69 €/Unidade"
Manteiga magra baixo teor sal,President,Embalagem de 250g,"1,69 €","6,76 €/Kg"
Iogurte líquido dan'up morango e banana,Danone,Embalagem de 4 x 155 g,"1,20 €","1,88 €/Kg"
Crepe simples,PorSi,Embalagem de 630g,"2,49 €","7,55 €/Kg"
Bastão de Cola,Domédia,10 g,"2,19 €","109,50 €/L"
Tampão proteção de confiança,O.B.,1 Embalagem c/32 unidades,"3,99 €","3,99 €/Unidade"
Pré-lavagem power gel,Vanish,Garrafa de 200 ml,"8,69 €","1,84 €/Kg"
Puzzle Spiderman,Clementoni,2 x 60 peças,"9,99 €/Unidade","9,99 €/Unidade"
Rebuçados fruta,PorSi,Embalagem de 250g,"2,89 €","16,61 €/Kg"
Napolitas creme baunilha,PorSi,Embalagem de 320g,"2,05 €","5,13 €/Kg"
Bacalhau Graúdo Asa Branca,Bacalhau da Noruega,"1 un=2,5 kg (aprox.)","8,73 €/Kg","8,73 €/Kg"
Caldo de galinha 16 cubos,Knorr,Embalagem de 160g,"3,84 €","24,00 €/Kg"
Manteiga de amendoim crocante,Prozis,Embalagem de 500g,"8,54 €/Kg","8,54 €/Kg"
Sacos do Lixo Ecobag 50 L,Vileda,Embalagem c/ 10 un.,"1,79 €","1,79 €/Unidade"
Cotonetes 100% biodegradáveis,PorSi,Embalagem de 200 unidades,"0,59 €","0,59 €/Unidade"
Lixivia perfumada,PorSi,Garrafa de 2 l,"2,49 €","1,25 €/L"
Canelones à bolonhesa,PorSi,Embalagem de 1 kg,"3,99 €","3,99 €/Kg"
Carrinho com boneco,Vicam,1 unidade,"19,99 €/Unidade","19,99 €/Unidade"
"Gel depilatório, peles sensiveis",Labell,Embalagem de 200 ml,"2,99 €","14,95 €/L"
Jogo Joker Kids,Clementoni,1 un.,"9,99 €/Unidade","9,99 €/Unidade"
Polpa de maracuja,PorSi,Embalagem de 565g,"1,99 €","2,37 €/Kg"
"Aperitivos, amendoins no forno",Matutano,Embalagem de 200g,"0,79 €","7,90 €/Kg"
Bolacha dourada dietnature,Gullon,Embalagem de 330g,"2,11 €/Kg","2,11 €/Kg"
Gel Banho Apollo,Axe,Embalagem de 400 ml,"5,99 €","14,98 €/L"
Pensos Higiênicos com Abas Super,Ausonia,embalagem com 12 un.,"4,99 €","4,99 €/Unidade"
Cereais fitness chocolate preto,Nestle,Embalagem de 375g,"3,45 €","26,74 €/Kg"
Cerveja sem álcool,Super Bock,Pack 6 x 20 cl,"5,99 €","3,03 €/L"
Iogurte líquido pinacolada corpos danone,Danone,Embalagem de 4 x 155 g,"1,20 €","1,88 €/Kg"
Refrigerante sem gás de manga/laran,Joi,"Garrafa de 1,5 l","1,14 €","0,76 €/L"
Nectar vital equilibrio ananás/coco,Compal,Embalagem de 1 l,"0,99 €","0,99 €/L"
Gelatina frutos tropicais  10kcal,Royal,Embalagem de 30g,"0,55 €","61,11 €/Kg"
Carne p/ Estufar,Novilho,Vendido ao peso a partir de 800 g,"6,39 €","7,99 €/Kg"
Manteiga sem sal,Primor,Embalagem de 250g,"1,69 €","6,76 €/Kg"
Azeite virgem extra bio frutado,Gallo,Garrafa de 750 ml,"3,19 €","4,25 €/L"
Bagas de goji,Salutem,Embalagem de 100g,"2,29 €","11,45 €/Kg"
"Creme de dia, age perfect",L'oreal,Embalagem de 50 ml,"2,99 €","59,80 €/L"
Pano multiusos felpo,PorSi,1 unidade,"1,79 €","1,79 €/Unidade"
Gelatina de coco origem vegetal,Koala,Embalagem de 130g,"0,85 €","2,13 €/Kg"
Presunto fatiado 6 meses,PorSi,Embalagem de 140 g,"1,27 €","12,69 €/Kg"
Cueca incontinência para Adultos Ausonia Tamanho Gra...,Lindor,Embalagem de 14 unidades,"20,79 €","20,79 €/Unidade"
Moscatel do douro aperitivo,Favaito,pack: 10 x 55 ml,"5,99 €","7,99 €/L"
Paprika,PorSi,Saqueta com 50 g,"0,25 €","0,25 €/Kg"
Pasta dentífrica branco intenso,Aquafresh,Embalagem de 75 ml,"2,39 €","31,87 €/L"
Bifanas,Porco,Vendido ao peso a partir de 1 kg,"3,99 €","3,99 €/Kg"
Farinha nao láctea bolacha maria,PorSi,Embalagem de 250g,"4,49 €","4,49 €/Kg"
Bolacha Maria Integral,PorSi,Embalagem de 600g,"0,98 €","3,27 €/Kg"
Morcela de Sousel,PorSi,1 un = 450 gr (aprox.),"1,39 €","6,95 €/Kg"
Chá verde,PorSi,Embalagem de 37.5 g,"1,14 €","114,00 €/Kg"
"Vinho regional península de setúbal, colheita seleci...",Adega de Pegões,Garrafa de 0.75 l,"8,59 €","11,45 €/L"
Pilha alcalina classic lr03x4,Domédia,1 unidade,"1,49 €","1,49 €/Unidade"
Fígado,Porco,Vendido ao peso a partir de 1 kg,"0,60 €","5,99 €/Kg"
Bolachas crackers c/ sal,Du bois,Embalagem de 500g,"0,39 €","3,12 €/Kg"
Queijo Feta Grego,PorSi Select,Embalagem de 200 g,"1,99 €","9,95 €/Kg"
Nata uht,Mimosa,embalagem de 200 ml,"0,75 €","3,75 €/L"
Bebida de Arroz S/ Glúten,Joya,Embalagem de 1 L,"11,44 €/Kg","11,44 €/Kg"
Sidra maçãs ácidas,Bandida do Pomar,lata de 0.5 l,"1,59 €","3,18 €/L"
Luvas Universal Média/Grande,Vileda,1 unidade,"2,40 €","2,40 €/Unidade"
Raptor Slash,Nerf,1 unidade,"12,99 €/Unidade","12,99 €/Unidade"
Licor de anis,Xarao,Garrafa de 700 ml,"16,99 €","24,27 €/L"
Ataque do T-Rex,Playmobil,1 unidade,"12,99 €/Unidade","12,99 €/Unidade"
Discoveries cappuccino,STARBUCKS,Embalagem de 220 ml,"15,92 €/Kg","15,92 €/Kg"
Rum spiced,Bacardi,Garrafa de 700 ml,"17,49 €","24,99 €/L"
Lambrusco tinto,*,Garrafa de 750 ml,"1,99 €","2,65 €/L"
Mix de sementes tradicional,Cemporcent,Embalagem de 250g,"1,94 €","3,88 €/Kg"
"Na-farinha de aveia 400g 3,2kg",Nacional,Embalagem de 400g,"1,29 €","1,29 €/Kg"
Esoumante prosecco branco,Gancia,Garrafa de 750 ml,"9,69 €","12,92 €/L"
10 nuggets peito de frango e queijo,Capitão Iglo,Embalagem de 210g,"2,79 €","8,72 €/Kg"
Vinho tinto regional tejo reserva,Alorna,Garrafa de 0.75 l,"3,99 €","5,32 €/L"
Fermento de padeiro em pó,Fermipan,Embalagem de 4x11 g,"1,89 €","17,18 €/Kg"
Massa de macarrão riscado,Nacional,Embalagem de 500g,"1,39 €","1,39 €/Kg"
Desinfetante p/ Cozinha,Sanytol,Embalagem de 750 ml,"2,89 €","5,25 €/L"
Bebida energética,Red Bull,Pack 4 x 0.25 l,"5,39 €","5,39 €/L"
Bacalhau em lombos,PorSi,Embalagem de 800g,"6,39 €","7,99 €/Kg"
Spray limpeza casa de banho,Cillitbang,Embalagem de 500 ml,"3,99 €","7,98 €/L"
Ambientador elétrico + recarga alfazema,PorSi,1 unidade,"3,74 €","3,74 €/Unidade"
Crepe de ovo,PorSi,Embalagem de 540 g,"2,49 €","7,55 €/Kg"
Queijo Flamengo Bola,Limiano,1 un = 250 gr  (aprox.),"1,56 €","7,80 €/Kg"
Pensos térmicos alívio da dor muscular 13x10cm,PorSi,Embalagem de 2 unidades,"1,69 €","1,69 €/Unidade"
"Absorvedores de odores, relax zen",Brise,Embalagem de 2x150g,"16,63 €/L","16,63 €/L"
Cápsulas de café com leite cappuccino,Nescafe,Embalagem com 16 cápsulas,"15,92 €/Kg","15,92 €/Kg"
Leite uht magro,PorSi,Embalagem de 1 litro,"0,81 €","0,81 €/L"
Leite s/ lactose meio gordo,Mimosa,Garrafa de 1 l,"1,29 €","1,29 €/L"
Caderno Agrafado Capa Preta |A4 Pautado,Domédia,1 unidade,"3,69 €","3,69 €/Unidade"
Estojo de maquilhagem Urban Style,Clementoni,1 unidade,"19,99 €/Unidade","19,99 €/Unidade"
Salsa folhas,PorSi,Saqueta de 12 g,"0,25 €","0,25 €/Kg"
Massa folhada,Pasta dia,Embalagem de 230g,"0,99 €","4,30 €/Kg"
Puré de maçã em frasco,Andros,Embalagem de 730g,"5,99 €","19,97 €/Kg"
Vinho maduro branco,C.da eira,Garrafa de 1 l,"0,85 €/L","0,85 €/L"
Batata pré-frita mediterranean,MCCAIN,Embalagem de 750g,"1,39 €","1,39 €/Kg"
Preparado de bolo de mármore,PorSi,528 g,"1,69 €","8,45 €/L"
Achocolatado zero% açúcares,Nesquik,Embalagem de 345g,"5,39 €","7,19 €/Kg"
Amaciador G. Maravilhosa,Ultra Suave,Embalagem de 400 ml,"1,00 €","5,00 €/L"
Pasta de atum,Fides,Embalagem de 90g,"1,19 €","13,52 €/Kg"
Gelatina morango 10kcal,Royal,Embalagem de 30g,"0,55 €","61,11 €/Kg"
Perolas perfumadas floral,PorSi,Embalagem de 275 g,"8,69 €","1,84 €/Kg"
Detergente liquido maquina roupa frescura primavera,Xau,80 doses,"8,69 €","1,84 €/Kg"
"Amaciador de roupa, pure",Comfort,Garrafa de 4 l,"8,99 €","2,25 €/L"
Snack para gato anti-hairball,Whiskas,Embalagem de 60g,"0,99 €","16,50 €/Kg"
Sidra maçã,Somersby,"Pack 15x0,20 L","1,59 €","3,18 €/L"
Café solúvel crema,Nescafe,Embalagem de 200g,"14,50 €/Kg","14,50 €/Kg"
Gomas favoritos classic,Haribo,Embalagem de 90g,"1,19 €","3,97 €/Kg"
Penso Higiénico Ultrafinos Normal Abas,PorSi,16 unidades,"4,99 €","4,99 €/Unidade"
Sal de mesa,PorSi,Embalagem de 250 g,"0,25 €","0,25 €/Kg"
Filete de anchovas estendidas,General,Embalagem de 40g,"0,89 €","7,42 €/Kg"
Mini tostas integrais,PorSi,Embalagem de 180g,"2,39 €","6,83 €/Kg"
Planta cozinha,Planta,Embalagem de 500g,"1,59 €","6,36 €/Kg"
Spray tira gorduras,PorSi,Embalagem de 750 ml,"1,29 €","1,72 €/L"
Farinha p/ bolos extra fina,Nacional,Embalagem de 1 kg,"1,29 €","1,29 €/Kg"
Napolitanas creme cacau,PorSi,Embalagem de 320g,"2,05 €","5,13 €/Kg"
Cereais argolas de mel,PorSi,Embalagem de 375 g,"5,07 €/Kg","5,07 €/Kg"
Moinho pimenta preta em grão,PorSi,Frasco com 45 g,"0,25 €","0,25 €/Kg"
5 manhãzitos,Bollycao,Embalagem com 175 g,"2,05 €","5,13 €/Kg"
Lixívia tradicional,PorSi,Embalagem de 1 l,"1,74 €","0,35 €/L"
Livro Quero Conhecer o Meu Mundo,Europrice,1 unidade,"7,50 €/Unidade","7,50 €/Unidade"
20 saquetas infusão de lúcia lima,Lipton,Embalagem de 30g,"1,14 €","114,00 €/Kg"
Fósforos longos,Quinas,Embalagem com 3 unidades,"1,50 €","1,50 €/Unidade"
Cereais chocapic,Nestle,Embalagem de 630g,"5,07 €/Kg","5,07 €/Kg"
Puzzle Super Hero,Clementoni,2 x 20 peças,"9,99 €/Unidade","9,99 €/Unidade"
Recarga mopa,PorSi,1 unidade,"2,20 €","2,20 €/Unidade"
"Agrafos nº24/6, 2000 unidades",Maped,Uma embalagem,"2,49 €","2,49 €/Unidade"
Papel Higiénico Puríssimo 3 Folhas,Renova,Embalagem c/ 12 rolos,"1,99 €","1,99 €/Unidade"
Creme p/ Calçado Preto,Búfalo,Embalagem de 40 ml,"0,99 €","19,80 €/L"
Água com gás,Vimeiro,pack 6 x 0.25 l,"2,85 €","2,85 €/L"
Gin London Dry,Gordons,Garrafa de 1 l,"16,49 €","23,56 €/L"
Gelatina morango 8 kcal,PorSi,Embalagem de 4 x 100 g,"0,85 €","2,13 €/Kg"
Néctar de 8 frutos,Bongo,Garrafa de 1 l,"0,99 €","0,99 €/L"
"Elixir bocal, cool mint",Sensodyne,Embalagem de 500 ml,"1,29 €","2,58 €/L"
Feijão frade,Compal,Lata de 410 ml,"1,79 €","2,29 €/Kg"
Rum carta blanca,Bacardi,Garrafa de 700 ml,"17,49 €","24,99 €/L"
Arroz basmati,PorSi,Embalagem de 1 kg,"0,99 €","0,99 €/Kg"
Francesinha,PorSi,Embalagem de 450G,"3,53 €","8,83 €/Kg"
Medalhões de pescada,PorSi,Embalagem de 400 g,"4,39 €","10,98 €/Kg"
Arroz basmati,Caçarola,Embalagem de 1 kg,"0,99 €","0,99 €/Kg"
Torresmos soltos,PorSi,Embalagem de 200 g,"1,05 €","6,99 €/Kg"
Café solúvel viena,Nescafe,Embalagem de 140g,"14,50 €/Kg","14,50 €/Kg"
Toalhitas limpa moveis,PorSi,Embalagem de 24 unidades,"4,39 €","14,63 €/L"
Aperitivo pappadum simples,PATAKS,Embalagem de 100g,"0,79 €","7,90 €/Kg"
Bolacha chocomax mini,Nacional,Embalagem de 120 g,"0,90 €","6,00 €/Kg"
Bebida de aveia,Frias,Garrafa de 1 l,"1,19 €","1,98 €/L"
Ração seca para gato adulto de peixe,PorSi,Embalagem 2 kg,"12,99 €","4,33 €/Kg"
"Fermento em pó, lata",Royal,Embalagem de 110g,"1,89 €","17,18 €/Kg"
Arroz integral,PorSi Viva Bem,Embalagem de 1 kg,"0,99 €","0,99 €/Kg"
Batata frita gourmet,PorSi,Embalagem de 150g,"1,06 €","5,73 €/Kg"
Perfume p/ senhora Nº49,Caravan,1 Frasco 150ml,"11,99 €","79,93 €/L"
Massa cuscus,PorSi,Embalagem de 250g,"1,39 €","1,39 €/Kg"
Sidra de maçã,Somersby,pack 6 x 0.2 l,"1,59 €","3,18 €/L"
"Limpa vidros pistola, tripla acção",Ajax,Embalagem de 500 ml,"3,19 €","6,38 €/L"
Doce de tomate 60% fruta,Cemporcent,Embalagem de 280g,"5,99 €","19,97 €/Kg"
Óleo de coco extra virgem,Koala,Garrafa de 180 ml,"3,39 €","3,39 €/L"
Café mistura peninsular,Delta,Embalagem de 250g,"0,99 €","3,96 €/Kg"
Jogo Não saias daqui,Clementoni,1 unidade,"9,99 €/Unidade","9,99 €/Unidade"
Vela em número nº5,PorSi,1 unidade,"0,60 €","0,60 €/Unidade"
Tentáculos pota,PorSi,Embalagem de 800G,"5,49 €","6,86 €/Kg"
"Rebuçados sem açúcar, mentho-lyus",Halls,Embalagem de 128 g,"0,77 €","3,85 €/Kg"
Chupa original,Chupachups,Embalagem de 120g,"3,40 €","28,33 €/Kg"
Creme de fixação para dentaduras,Labell,Embalagem de 50 g,"7,39 €","105,57 €/Kg"
"Pensos diários respirare, 44 unidades",Carefree,Uma embalagem,"1,79 €","1,79 €/Unidade"
Cheeseburger de Vaca,Snock,,"3,09 €","15,45 €/Kg"
Néctar de pera,PorSi,Pack 3 x 200 ml,"0,99 €","0,99 €/L"
Requeijão de ovelha,PorSi,Embalagem de 250g,"1,09 €","5,45 €/Kg"
"Alimento seco para cão, croquetes pro adulto",PorSi Select,Embalagem de 4 Kg,"1,15 €/Kg","1,15 €/Kg"
Mistura solúvel c/ 20% café granulado,PorSi,Embalagem de 200g,"0,99 €","3,96 €/Kg"
"Alimento húmido para cão, galinha e cordeiro",Pedigree,Embalagem de 400g,"0,75 €","2,50 €/Kg"
Iogurte Líquido Yoggi s/ lactose Stracciatela,Nestle,4 x 160 g,"0,99 €","1,98 €/Kg"
Bacalhau Crescido da Noruega,PorSi,1 un=1.5kg (aprox.),"8,73 €/Kg","8,73 €/Kg"
Camarão moçambique 60/80,PorSi,800 g,"8,99 €","25,69 €/Kg"
Óleo aloé vera,Johnson's Baby,Embalagem de 300 ml,"4,99 €","16,63 €/L"
"Paté de sarinha, atum e marisco",Fides,Embalagem de 90g,"1,19 €","13,52 €/Kg"
Bolacha wafer baunilha,PorSi,Embalagem de 180g,"0,98 €","4,67 €/Kg"
Nestum aveia e morango,Nestum,Embalagem de 250g,"2,19 €","8,76 €/Kg"
Vinho branco,PorSi,embalagem de  3X187 ml,"0,85 €/L","0,85 €/L"
Bebida de Soja Chocolate,PorSi Viva Bem,Pack: 3 x 200 ml,"2,49 €","2,49 €/L"
6 chamucas de carne,PorSi,Embalagem de 240g,"2,99 €","9,97 €/Kg"
"Briquetes madeira, 12 unidades",Nova lenha,1 embalagem,"0,75 €","0,75 €/Unidade"
Pizza fresca de fiambre e queijo,PorSi,400 g,"0,99 €","4,30 €/Kg"
Massa fusilli tricolor,Milaneza,Embalagem de 500g,"1,39 €","1,39 €/Kg"
Vinho regional península de setúbal branco,J.m.f.,Garrafa de 750 ml,"8,59 €","11,45 €/L"
Mega bolsa com 60 peças sortidas,Mega Bloks,1 unidade,"12,99 €/Unidade","12,99 €/Unidade"
Aperitivos de amendoim com sal e mel,Matutano,Embalagem de 150g,"0,79 €","7,90 €/Kg"
Água mineral natural alcalina,MONCHIQUE,"6x1,5l","1,04 €","0,17 €/L"
Queijo fatias -50% de gordura,Limiano,Embalagem de 400g,"1,56 €","7,80 €/Kg"
Bebida energética green,Monster,Garrafa de 500 ml,"5,39 €","5,39 €/L"
Bandas de cera fria peles normais,Veet,Embalagem de 20 unidades,"6,99 €","6,99 €/Unidade"
Concentrado de laranja,Sunquick,Garrafa de 700 ml,"3,54 €","3,54 €/L"
Feijão manteiga,PorSi,Embalagem de 500g,"0,95 €","1,90 €/Kg"
Queijo Curado Meio Gordo,Fonte Mourisca,Vendido ao peso a partir de 250 gr,"2,42 €","9,69 €/Kg"
Bolachas maria,Triunfo,Embalagem de 200g,"2,11 €/Kg","2,11 €/Kg"
Jogo O Corpo humano,Clementoni,1 un.,"9,99 €/Unidade","9,99 €/Unidade"
Salada bacon,PorSi,Embalagem de 192 g,"2,35 €","5,60 €/Kg"
Inseticida baratas e formigas,Dum Dum,Embalagem de 400 ml,"5,09 €","8,48 €/L"
Iogurte liquido stracciatella,PorSi,Embalagem de 4 x 160 g,"1,20 €","1,88 €/Kg"
Bolachas dinossauros dinoovos,Artiach,Embalagem de 140g,"1,89 €","15,75 €/Kg"
Creme vegetal sabor manteiga,PorSi,Embalagem de 500 g,"1,59 €","6,36 €/Kg"
"Rolos de cozinha compactos, branco, máxima absorção,...",Renova,1 unidade,"4,99 €","4,99 €/Unidade"
2 Vieiras Gratinadas À Bretanha,PorSi Select,220 g,"1,89 €","6,30 €/Kg"
Infusão de frutos vermelhos,Tetley,Embalagem de 20g,"1,19 €","59,50 €/Kg"
Fraldas agility T5 de 13 a 18 kg,PorSi,44 unidades,"6,49 €","6,49 €/Unidade"
Mini Tostas de Trigo,PorSi,Embalagem de 350 g,"2,39 €","6,83 €/Kg"
Gin premium hendricks 0.70l,Hendricks,Garrafa de 700 ml,"16,49 €","23,56 €/L"
Gelado magnum after dinner,Olá,Embalagem de 10 x 35 ml,"5,99 €","17,11 €/L"
Aroma de anis,Vahine,Embalagem de 20g,"1,89 €","17,18 €/Kg"
"Livro ""Pequenas Histórias de Animais que se Tornaram...",Girassol,1 unidade,"7,50 €/Unidade","7,50 €/Unidade"
15 barrinhas pescada,Pescanova,Embalagem de 450g,"9,30 €/Kg","9,30 €/Kg"
Lixivia perfumada,PorSi,Garrafa de 2 l,"1,74 €","0,35 €/L"
Leite de coco,Koala,250 ml,"1,09 €","2,75 €/Kg"
Arroz agulha,Saludães,Embalagem de 1kg,"0,99 €","0,99 €/Kg"
Ração seca para cão croquetes pro júnior,PorSi Select,Embalagem de 3 Kg,"1,15 €/Kg","1,15 €/Kg"
Ração para gato indoor,Purina One,Embalagem de 800g,"12,99 €","4,33 €/Kg"
Azeite tradição,Oliveira da Serra,Embalagem 3L,"3,19 €","4,25 €/L"
Bolachas vitalday recheio iogurte c/ frutos vermelho...,Gullon,Embalagem de 220g,"1,45 €","11,15 €/Kg"
Pringles flame kickin sour cream,Pringles,Embalagem de 160g,"0,79 €","7,90 €/Kg"
Detergente liquido para máquina de lavar roupa activ...,Skip,Embalagem de 80 doses,"8,69 €","1,84 €/Kg"
Tartaro de Salmão Fumado,PorSi Select,Embalagem de 110 g,"3,69 €","36,90 €/Kg"
Néctar pêssego,Compal,Pack 3 x 200 ml,"0,99 €","0,99 €/L"
Desinfetante álcool gel com doseador,PorSi,500 ml,"5,24 €","5,24 €/Unidade"
Tostas multicereais sem glúten,PorSi Viva Bem,Embalagem de 140g,"2,69 €","20,69 €/Kg"
Fósforos compridos para lareira,Quinas,1 unidade,"1,50 €","1,50 €/Unidade"
Laranja Económica,Fruta do Dia,1 un = 250 gr  (aprox.),"0,50 €","1,99 €/Kg"
Fermento,Royal,Embalagem de 230g,"1,89 €","17,18 €/Kg"
Bolacha maria doces,Vieira,Embalagem de 300g,"2,11 €/Kg","2,11 €/Kg"
Polvilho doce,Do Brasil,500 g,"1,29 €","1,29 €/Kg"
Queijo grana padano D.O.P 16 meses de cura,PorSi Select,Embalagem de 180 g,"2,87 €","15,94 €/Kg"
Geleia de morango,Casa de Mateus,Embalagem de 345 g,"3,29 €","9,54 €/Kg"
Ambientador elétrico botanica Vetiver das Caraíbas &...,Air Wick,1 unidade,"3,74 €","3,74 €/Unidade"
Refrigerante sem gás laranja,Trina,"Garrafa de 1,5 l","1,14 €","0,76 €/L"
Papel de alumínio,PorSi,50 metros,"1,11 €","1,11 €/Unidade"
Francesinha,PorSi,Embalagem de 500 g,"3,99 €","3,99 €/Kg"
Recarga Panos p/ Madeira,Swiffer,18 un.,"1,79 €","1,79 €/Unidade"
Feijão frade,Caçarola,Embalagem de 500 g,"0,95 €","1,90 €/Kg"
Desinfetante de frutas e vegetais,Clean Essence,500 ml,"1,89 €/Kg","1,89 €/Kg"
Mostarda em frasco,Savora,Embalagem de 190g,"0,70 €","2,33 €/Kg"
Bolachas chips ahoy,Ca!,Embalagem de 130g,"0,90 €","6,00 €/Kg"
Spray power&shine vidros,Cif,Garrafa de 750 ml,"0,79 €","0,79 €/L"
Vinho regional lisboa tinto,Res.cortes,Garrafa de 750 ml,"3,99 €","5,32 €/L"
Fiambre da Pá,PorSi,1 un = 150 gr (aprox.),"0,97 €","6,49 €/Kg"
Leite condensado magro,PorSi,Embalagem de 390 g,"1,09 €","2,75 €/Kg"
8 hamburguers s/ glúten frango,Capitão Iglo,Embalagem de 480g,"11,44 €/Kg","11,44 €/Kg"
Bolacha chocodiet nature,Gullon,Embalagem de 270g,"0,79 €","5,27 €/Kg"
Estendal Universal,Vileda,,"36,00 €","36,00 €/Unidade"
"Refrigerante sem gás, laranja",Joi,"Garrafa de 1,5 l","1,14 €","0,76 €/L"
Café com cafeina solúvel,Delta,Embalagem de 20g,"14,50 €/Kg","14,50 €/Kg"
Bolachas marítimas clássicas,PorSi Viva Bem,Embalagem de 200g,"1,45 €","11,15 €/Kg"
Fralda cueca T5 - 12 a 18 kg,PorSi,20 unidades,"8,49 €","8,49 €/Unidade"
Filetes de cavala em azeite,PorSi,Embalagem de 120 g,"0,89 €","7,42 €/Kg"
Anti-Traça Cedro,Dum Dum,2 unidades,"4,69 €","4,69 €/Unidade"
Bebida de soja com cálcio,PorSi Viva Bem,Embalagem de 1 litro,"2,49 €","2,49 €/L"
Crocodilo dentista,Hasbro,1 un.,"9,99 €/Unidade","9,99 €/Unidade"
Néctar de laranja e cenoura light,PorSi,Embalagem de 1 litro,"0,84 €","2,55 €/L"
4 hamburguers vaca s/ glúten,Capitão Iglo,Embalagem de 320g,"2,79 €","8,72 €/Kg"
"Pasta dentífrica, tripla ação",Labell,Embalagem de 75 ml,"2,39 €","31,87 €/L"
Prepar arroz marisco sem gluten cv 0.8kg,Brasmar,Embalagem de 800g,"2,19 €","8,59 €/Kg"
Camarão vannamei 24/40,Pescanova,Embalagem de 800g,"8,99 €","25,69 €/Kg"
Ambientador vela odor animais,PorSi,1 unidade,"9,49 €","45,19 €/Kg"
Batatas Pré-fritas Rosti com Cebola,PorSi,Embalagem com 600 g,"1,39 €","1,39 €/Kg"
Saqueta puré de fruta e bolacha,PorSi,Embalagem de 90g,"0,74 €","8,22 €/Kg"
Detergentes máquina lavar loiça next generation,PorSi,30 pastilhas,"1,49 €","5,96 €/L"
Iogurte natural magro sem lactose,Mimosa,Embalagem de 4x 120 g,"0,99 €","1,98 €/Kg"
Feijao catarino,Caçarola,Embalagem de 500 g,"0,95 €","1,90 €/Kg"
Leite Bem Essencial cereais,Mimosa,Embalagem de 4 x 200 ml,"1,99 €","2,49 €/L"
Palmiers,PorSi,Embalagem de 720 g,"0,69 €","3,45 €/Kg"
Batata frita forno camponesas,Lay's,Embalagem de 130g,"1,19 €","6,43 €/Kg"
Cerveja super bock,Super Bock,Pack 6 x 200 ml,"1,99 €/L","1,99 €/L"
Azeite virgem clássico,PorSi,Garrafa de 750 ml,"3,19 €","4,25 €/L"
Salsa folhas,PorSi,Embalagem de 10g,"0,25 €","0,25 €/Kg"
Pensos com Abas de Noite,Ausonia,embalagem com 9 un.,"4,99 €","4,99 €/Unidade"
"Máquina depiladora descartável, Blue II Feminina",Gillette,Embalagem de 5+1 unidades,"12,99 €","12,99 €/Unidade"
Pimento Vermelho,Legumes do Dia,1 un=250 gr (aprox.),"0,75 €","2,99 €/Kg"
Café em cápsulas dolce gusto galão,Nescafe,Embalagem de 16 cápsulas,"54,36 €/Kg","54,36 €/Kg"
Spray de limpeza casa de banho,Seventh Generation,Embalagem de 500 ml,"3,99 €","7,98 €/L"
Esponja autobrilhante,PorSi,3 g,"2,25 €","45,00 €/L"
Café lote bocage moagem única,Nicola,Embalagem de 250g,"9,16 €/Kg","9,16 €/Kg"
Tira gorduras pistola,Mistolin,Garrafa de 550 ml,"2,89 €","5,25 €/L"
Miolo de camarão 100/200,H2Gelo,Embalagem de 250  g,"8,99 €","25,69 €/Kg"
Mistura para coelhos,Rac.zezere,Embalagem de 5 kg,"4,09 €","0,82 €/Kg"
Tablete de chocolate de preto,Nestle,Embalagem de 90g,"17,42 €/Kg","17,42 €/Kg"
Gel Duche Men Active Clean,Nivea Men,Embalagem de 500 ml,"5,99 €","14,98 €/L"
Água mineral sem gás,Vitalis,Pack 6 x 1.5 l,"1,04 €","0,17 €/L"
Vinho tinto reserva região do dão,Carvalhais,Garrafa de 750 ml,"3,99 €","5,32 €/L"
Oreo flavors cookies birthday party rollpack 154 gr,Oreo,Embalagem de 150g,"0,79 €","4,49 €/Kg"
Cevada em grão - cozinha pura,Cemporcent,Embalagem de 500g,"1,94 €","3,88 €/Kg"
Queijo flamengo fatiado,PorSi,Embalagem de 200G,"1,56 €","7,80 €/Kg"
Arroz carolino,Louro,Embalagem de 1 kg,"0,99 €","0,99 €/Kg"
Spray desinfetante multiusos,Lysol,Embalagem de 500 ml,"1,15 €","1,15 €/L"
Bolachas mini,Oreo,Embalagem de 160g,"0,79 €","4,49 €/Kg"
Café descafeinado,PorSi,Embalagem de 250g,"1,59 €","6,36 €/Kg"
Preparado de bolo de chocolate,PorSi,500 g,"1,69 €","8,45 €/L"
Senses Watermelon,Trident,1 un.,"0,99 €","58,24 €/Kg"
Ice tea de manga,PorSi,"Embalagem de 6x0,20 l","1,14 €","0,76 €/L"
Bio miolo amendoa compele,PorSi Bio,Embalagem de 100g,"2,99 €","5,98 €/Kg"
Lava tudo antibacteriano floral,PorSi,"Garrafa de 1,5 l","0,99 €","0,50 €/L"
Brinca a curar,Nenuco,1 unidade,"19,99 €/Unidade","19,99 €/Unidade"
Carro de Corrida de Rua,Lego,1 unidade,"9,99 €/Unidade","9,99 €/Unidade"
Leite Hidratante Óleos Maravilhosos,Ultra Suave,Embalagem de 400 ml,"12,48 €/L","12,48 €/L"
Bolachas Maria sem Açúcar,Vieira de Castro,Embalagem de 300 g,"2,11 €/Kg","2,11 €/Kg"
Tablete chocolate de leite,PorSi,embalagem de 100 g,"5,30 €/Kg","5,30 €/Kg"
Pack 5 veículos sortidos,Hot Wheels,1 embalagem,"9,99 €/Unidade","9,99 €/Unidade"
Leite com chocolate light,Ucal,Embalagem de 6 x 250 ml,"0,26 €","1,30 €/L"
Feijão manteiga,PorSi,Frasco com 540 g,"1,79 €","2,29 €/Kg"
Leite seleccionado meio gordo,Matinal,Garrafa de 1 l,"0,81 €","0,81 €/L"
Conjunto de 3 pinceis nº 4/8/12,Domédia,Uma embalagem,"4,69 €","4,69 €/Unidade"
Inseticida Aerossol Casa&Plantas,Raid,1 Embalagem 600ml,"5,49 €","13,73 €/L"
Alho picado,PorSi,Embalagem de 100 g,"3,29 €","4,39 €/Kg"
Smooth Lâminas Para Máquina De Depilação,Venus,4 Unidades,"12,99 €","12,99 €/Unidade"
Vela número 0,Vahine,Embalagem de 1 unidades,"0,60 €","0,60 €/Unidade"
Pensos Incontinência Mulher Lady Super,Tena,30 unidades,"1,95 €","1,95 €/Unidade"
"Quadrado trufa, 3 unidades",Dulcesol,Embalagem de 210 g,"2,05 €","5,13 €/Kg"
Batido de café,Forma+,Embalagem de 700g,"3,99 €","39,90 €/Kg"
Snacks croc.amendoim,PorSi,Embalagem de 90g,"0,79 €","7,90 €/Kg"
Queijo creme de camembert,Président,embalagem de 125 g,"1,45 €","7,25 €/Kg"
Sumo 100% laranja,Compal,1 litro,"1,09 €","0,73 €/L"
Néctar vital equilibrio manga/maracujá,Compal,Embalagem de 1 l,"0,84 €","2,55 €/L"
Livro Pop-Ups - Oceanos,Europrice,1 unidade,"7,50 €/Unidade","7,50 €/Unidade"
Ambientador tealights canela,PorSi,embalagem com 18 unidades,"9,49 €","45,19 €/Kg"
Bolachas marinheiras s/ sal,Cemporcent,Embalagem de 200g,"1,45 €","11,15 €/Kg"
Iogurte magro morango sem lactose,Mimosa,Embalagem de 4x 120 g,"0,99 €","1,32 €/Kg"
Jardineira,PorSi,Embalagem de 400 g,"1,89 €","1,89 €/Kg"
Desinfetante álcool gel spray,PorSi,100 ml,"5,24 €","5,24 €/Unidade"
Spray power&shine multiusos c/ lixívia,Cif,Garrafa de 750 ml,"0,79 €","0,79 €/L"
Areia para gatos 100% natural,PorSi,Embalagem de 5 kg,"1,19 €","0,24 €/Kg"
Leite condensado,PorSi,Embalagem de 397 g,"1,09 €","2,75 €/Kg"
Cogumelos laminados,PorSi,Embalagem de 185 g,"1,79 €","2,29 €/Kg"
Actimel tutti-frutti,Danone,Embalagem de 6 x 100g,"4,15 €/Kg","4,15 €/Kg"
Café moagem universal timor,Delta,Embalagem de 220g,"3,49 €","13,96 €/Kg"
Segurelha,PorSi,20 g,"1,49 €","74,50 €/Kg"
Rabos,Porco,1 un = 250 gr  (aprox.),"0,60 €","5,99 €/Kg"
Corrida de automóveis,Olivo,1 unidade,"9,99 €/Unidade","9,99 €/Unidade"
Sumo de laranja,Andros,Embalagem de 1 l,"1,09 €","0,73 €/L"
Pudim de chocolate,PorSi,Embalagem de 110g,"0,59 €","29,50 €/Kg"
Filetes primavera alho & ervas,Iglo,Embalagem de 230g,"1,91 €","4,78 €/Kg"
Ração para gato bolas de pelo com frango,Friskies,"Embalagem de 1,5kg","12,99 €","4,33 €/Kg"
Lulas recheadas,Piteu,Embalagem de 120g,"0,89 €","7,42 €/Kg"
Arroz vaporizado,PorSi,Embalagem de 1 kg,"0,99 €","0,99 €/Kg"
Bolachas cracker sem sal,PorSi,Embalagem de 500g,"0,39 €","3,12 €/Kg"
Cerveja com álcool,Sagres,pack 24 x 0.25 l,"1,99 €/L","1,99 €/L"
Ovos de galinha ao ar livre | Classe: M/L,Matinados,6 unidades,"1,39 €","1,39 €/Unidade"
Soro fisiológico,PorSi,Embalagem de 100 ml,"0,59 €","5,90 €/L"
Barras fitness chocolate de leite,Nestle,Embalagem de 135 g,"1,29 €","10,24 €/Kg"
Dispensador com sacos higiénicos para animal,Canaillou,2 x 20 unidades,"1,19 €","0,24 €/Kg"
Queijo mascarpone,Páturages,Embalagem 250G,"1,59 €","6,36 €/Kg"
Cocktail mix,PorSi,720 g,"2,99 €","9,97 €/Kg"
Ice tea de pêssego,PorSi,"Embalagem de 1,5 l","1,14 €","0,76 €/L"
O cacau puro,Cemporcent,Embalagem de 200g,"2,29 €","11,45 €/Kg"
Croquetes vegetais,PorSi Viva Bem,Embalagem de 220g,"1,89 €","6,30 €/Kg"
"Coloração permanente, preto natural, nº3",Excellence,1 unidade,"9,49 €/Unidade","9,49 €/Unidade"
Atum posta em óleo vegetal,PorSi,Embalagem de 385g,"0,89 €","7,42 €/Kg"
Tónico de limpeza age perfect,L'oreal,Embalagem de 200 ml,"0,76 €","0,76 €/Unidade"
Leite uht magro,Mimosa,Embalagem de 1 litro,"0,81 €","0,81 €/L"
Ambientador aerossol 5 em 1 frescura água,PorSi,300 ml,"0,99 €","3,30 €/L"
Ovos Frescos Omega 3 de Galinhas Solo,PorSi Viva Bem,Embalagem com 6 unidades,"2,28 €","2,28 €/Unidade"
Molho de maionese com alho e ervas,PorSi,Garrafa de 120 ml,"0,70 €","2,33 €/Kg"
Fralda Cueca Activity Extra Tamanho 4,Dodot,Embalagem com 45 uni.,"8,49 €","8,49 €/Unidade"
Creme bio mãos e unhas,Labell Bio,75 ml,"1,03 €","10,30 €/L"
Spray renova camurça preta,PorSi,Embalagem de 200 ml,"2,89 €","14,45 €/L"
Pensos de incontinência Maxi,Ausonia,Uma embalagem - 12Unidades,"1,95 €","1,95 €/Unidade"
Pensos Higiénicos Cottonlike com Abas Normal Plus,Evax,28 unidades,"4,99 €","4,99 €/Unidade"
Vinagre balsâmico modena,Gallo,Garrafa de 250 ml,"0,35 €","0,70 €/L"
Cachaça,Pitu,Garrafa de 700 ml,"17,49 €","24,99 €/L"
Pudim caramelo,PorSi,Embalagem de 90g,"0,59 €","29,50 €/Kg"
Snack para gato seaside,Felix,Embalagem de 60g,"0,99 €","16,50 €/Kg"
Spray limpeza casa de banho optimal 7,Ajax,Embalagem de 500 ml,"3,99 €","7,98 €/L"
Refrigerante com gás free,Seven-up,"Garrafa de 1,25 l","0,40 €/L","0,40 €/L"
Sardinhas em óleo picante,Ramirez,Embalagem de 130g,"0,89 €","7,42 €/Kg"
Batata pom'duchesse,PorSi,Embalagem de 600g,"1,39 €","1,39 €/Kg"
Lava Tudo Brilhante Madeira,Sonasol,"embalagem 1,1L","9,19 €","18,38 €/L"
Limpa vidros azul,PorSi,Embalagem de 1 l,"3,99 €","0,80 €/L"
"Ice tea, pêssego",PorSi,"Embalagem de 6x0,20 l","1,14 €","0,76 €/L"
Café moagem universal angola,Delta,Embalagem de 220g,"3,49 €","13,96 €/Kg"
Açafrão das Índias,PorSi,Embalagem de 50g,"0,25 €","0,25 €/Kg"
Queijo Brie 60%,Produto selecionado,Vendido ao peso a partir de 250 gr,"1,45 €","7,25 €/Kg"
Molho cervejeira 8 cubos,Knorr,Embalagem de 70g,"3,84 €","24,00 €/Kg"
vinho do Porto Ruby,Velhotes,"garrafa de 0,75 l","5,99 €","7,99 €/L"
5 gouaches de cores primárias,Domédia,Uma embalagem,"4,69 €","4,69 €/Unidade"
"Bombons de chocolate, praleine",Schogetten,Embalagem de 100g,"5,30 €/Kg","5,30 €/Kg"
Vinho bag-in-box tinto,C.alqueva,Garrafa de 5 l,"9,49 €","1,90 €/L"
Leite uht meio gordo,Mimosa,Embalagem de 1 litro,"0,81 €","0,81 €/L"
Polpa tomate biológico,Guloso,Embalagem de 500g,"2,99 €","5,98 €/Kg"
Plantanatur detox rapid,PLANTANATU,Garrafa de 500 ml,"7,59 €","126,50 €/Kg"
8 salsichas aves,Izidoro,Embalagem de 200g,"0,75 €","3,75 €/Kg"
Cerveja com álcool,Sagres,"Embalagem de 0,33 l","1,99 €/L","1,99 €/L"
Martini fiero,Martini,Garrafa de 750 ml,"11,99 €","11,99 €/L"
Matraquilhos,Olivo,1 un.,"12,99 €/Unidade","12,99 €/Unidade"
Iogurte sabor a coco,PorSi,Embalagem de 4 x 125 g,"1,87 €","1,25 €/Kg"
Compota frutos vermelhos 60% fruta,Cemporcent,Embalagem de 280g,"5,99 €","19,97 €/Kg"
Gel ativo com lixívia,PorSi,Embalagem de 1.5 l,"1,15 €","1,15 €/L"
Multivitaminas de a a z (cápsulas),Forma+,Embalagem de 25g,"7,59 €","126,50 €/Kg"
18 nuggets de frango,Capitão Iglo,Embalagem de 380g,"9,30 €/Kg","9,30 €/Kg"
Batata pré-frita para forno,PorSi,Embalagem de 750 g,"1,39 €","1,39 €/Kg"
Salsichas extra suculentas de frango,Nobre,Frasco de 210g,"0,75 €","3,75 €/Kg"
Lava tudo brilhante madeiras,PorSi,Embalagem de 1.1 litros,"4,39 €","14,63 €/L"
Alface frisada categoria: II Programa Origens,PorSi,Embalagem de 300 g,"5,16 €/Kg","5,16 €/Kg"
Petit gâteau chocolate negro belga,PorSi,Embalagem com 4 unidades,"2,49 €","7,55 €/Kg"
Massa alimentícia spaghetti,Barilla,Embalagem de 500g,"1,94 €","3,88 €/Kg"
Chá verde 20 saquetas,Lipton,Embalagem de 32g,"1,14 €","114,00 €/Kg"
Doce quatro frutos,ST.DALFOUR,Frasco de 284g,"2,99 €","8,67 €/Kg"
Queijo brie 60% mg,Páturages,Embalagem de 200 g,"1,45 €","7,25 €/Kg"
Tostas suecas integrais,PorSi,Embalagem de 225 g,"2,39 €","6,83 €/Kg"
Iogurte arôma de frutos vermelhos,PorSi,Embalagem de 8x125 g,"1,87 €","1,25 €/Kg"
Iogurte oikos pêssego,Danone,Embalagem de 4 x 110g,"1,99 €","4,15 €/Kg"
Bagas de cranberry,Cemporcent,Embalagem de 125 g,"0,79 €","3,95 €/Kg"
Sobremesa gelatina de morango,PorSi,Embalagem 4X100G,"0,85 €","2,13 €/Kg"
Azeitona preta,PorSi,Embalagem de 560 g,"1,79 €","2,29 €/Kg"
Bolachas crackers com sal,PorSi,Embalagem de 500g,"0,39 €","3,12 €/Kg"
Queijo Curado Amanteigado,Torre,1 un = 250 gr  (aprox.),"25,45 €/Kg","25,45 €/Kg"
Vinho doc alentejo tinto,Albarrada,Garrafa de 750 ml,"2,89 €","3,85 €/L"
Vinhos tinto doc dão,Porta cav,Garrafa de 750 ml,"3,99 €","5,32 €/L"
Líquido wc duraguard pinho da montanha,Harpic,Garrafa de 750 ml,"3,99 €","7,98 €/L"
Patê frango,La piara,Embalagem de 80g,"1,19 €","13,52 €/Kg"
"Recarga para ambientador elétrico, white bouquet duo",Air Wick,Embalagem de 2 unidades,"11,98 €","11,98 €/Unidade"
Ambientador elétrico pure clean linen + recarga,Glade,1 unidade,"3,74 €","3,74 €/Unidade"
Lava Tudo Perfumado Lavanda,PorSi,Embalagem de 2 l,"0,99 €","0,50 €/L"
Toalha de banho,PorSi,100 x 150 cm,"12,00 €/Unidade","12,00 €/Unidade"
Iogurte grego natural açucarado sem lactose,PorSi Viva Bem,Embalagem de 240g,"0,99 €","1,98 €/Kg"
Mistura solúvel bolero,Nestle,Embalagem de 200g,"0,99 €","3,96 €/Kg"
Gogo SqueeZ Snack de Maçã,Gogo,Embalagem de 4 x 90g,"2,29 €","6,94 €/L"
Creme vitalift 5,Men expert,Embalagem de 50 ml,"5,99 €","14,98 €/L"
"Toalhitas Higiénicas Adulto, 64unidades",Labell,Uma embalagem,"0,76 €","0,76 €/Unidade"
Iogurte tipo grego natural,PorSi,Embalagem de 12 x 125 g,"1,99 €","4,15 €/Kg"
Sementes de girassol,PorSi Viva Bem,Embalagem de 200 g,"1,59 €","10,60 €/Kg"
Cafe rossio m.unica 250g,Nicola,Embalagem de 250g,"3,49 €","13,96 €/Kg"
Quiche lorraine,Monique Ranou,Embalagem de 400 g,"1,89 €","6,30 €/Kg"
Bolachas ricanela,Cuetara,Embalagem de 400g + 100g grátis,"0,39 €","3,12 €/Kg"
Néctar de laranja,Bongo,Garrafa de 1 l,"0,99 €","0,99 €/L"
Esparguete,PorSi,Embalagem de 1 kg,"1,39 €","1,39 €/Kg"
Corantes alimentares ducros,Vahine,Garrafa de 20 ml,"1,89 €","17,18 €/Kg"
Whisky,Cutty Sark,Garrafa de 700 ml,"11,49 €","16,41 €/L"
Liegeois de chocolate,Milchfrisc,Embalagem de 200g,"0,55 €","2,75 €/Kg"
Dessert topping chocolate,Winsenia,Embalagem de 300g,"1,29 €","3,23 €/Kg"
Pensos proteção calos,PorSi,embalagem com 9 unidades,"1,69 €","1,69 €/Unidade"
Farinha,Maizena,Embalagem de 400g,"1,29 €","1,29 €/Kg"
Vermute bianco,Martini,Garrafa de 1 l,"11,99 €","11,99 €/L"
Vinho regional lisboa branco,Marginal,Garrafa de 750 ml,"3,99 €","5,32 €/L"
Batata pré-frita noisette,PorSi,Embalagem de 1 kg,"1,39 €","1,39 €/Kg"
Recarga mopa 1.2 spray max,Vileda,1 unidade,"2,20 €","2,20 €/Unidade"
Lixívia Tradicional,Neoblanc,Embalagem de 4 l,"1,74 €","0,35 €/L"
Polpa de tomate em garrafa,Compal,Embalagem de 1 kg,"3,84 €","24,00 €/Kg"
Polpa de cebola e alho,PorSi,Embalagem de 500 g,"3,84 €","24,00 €/Kg"
Bolachas waffers com recheio de limão,Cuetara,Embalagem de 150 gr,"0,98 €","4,67 €/Kg"
Paio das beiras,PorSi,Embalagem de 380g,"1,27 €","12,69 €/Kg"
"Porto, reserva",Calém,"garrafa de 0,75 l","9,99 €","13,32 €/L"
Flocos de trigo integral,Cemporcent,Embalagem de 400g,"0,69 €","1,73 €/Kg"
Pó de talco,PorSi,Embalagem de 250g,"0,59 €","5,90 €/L"
Red Fish,Peixe Congelado,300 a 500 g,"3,99 €/Kg","3,99 €/Kg"
Fralda Cueca Banho Splashers T4,Dodot,1 Embalagem c/11 unidades,"8,49 €","8,49 €/Unidade"
Sopa de Cebola,PorSi,Embalagem de 62 g,"0,84 €","13,55 €/Kg"
Pudim flan,PorSi,Embalagem de 4 x 5.6 g,"0,59 €","29,50 €/Kg"
Gomas beijinhos,PorSi,Embalagem de 300 g,"1,19 €","3,97 €/Kg"
Snack para gato de galinha e pato,Catisfactions,Embalagem de 60g,"0,99 €","16,50 €/Kg"
Toalha em rolo papel azul,PorSi,1 Unidade,"3,45 €","3,45 €/Unidade"
Café Torrado em Grão Colômbia,Delta,Embalagem de 220g,"9,16 €/Kg","9,16 €/Kg"
Perna c/ Osso,Peru,1 un = 1 kg (aprox.),"1,05 €","2,99 €/Kg"
Tarteletes com recheio avelã,PorSi,Embalagem de 91g,"2,78 €/Kg","2,78 €/Kg"
Sementes de chia,PorSi Viva Bem,Embalagem de 150 g,"1,59 €","10,60 €/Kg"
Macchiato café arábica,PorSi,250 ml,"15,92 €/Kg","15,92 €/Kg"
Café moagem universal portugal,Delta,Embalagem de 250g,"3,49 €","13,96 €/Kg"
Rebuçados peitorais,Dr.bayard,Embalagem de 200g,"0,77 €","3,85 €/Kg"
Hambúrguer mediterrânico,Cemporcent,Embalagem de 160g,"5,55 €","18,50 €/Kg"
Biscoitos canudinho simples,PorSi,Embalagem de 300g,"0,99 €","7,92 €/Kg"
Elixir junior,Aquafresh,Embalagem de 300 ml,"0,99 €","0,99 €/Unidade"
Iogurte natural,Danone,Embalagem de 8x120g com 1 unidade grátis,"0,99 €","1,98 €/Kg"
Lenços de bolso folha tripla,PorSi,9 x 30 unidades,"0,89 €","0,89 €/Unidade"
Corrida de automóveis,Olivo,1 unidade,"12,99 €/Unidade","12,99 €/Unidade"
Batata Pré-Frita Croquettes,PorSi,Embalagem de 1 kg,"1,39 €","1,39 €/Kg"
Aperitivos de amendoins sal e mel,Matutano,Embalagem de 70g,"0,79 €","7,90 €/Kg"
Bife de Frango,Frango,Vendido ao peso a partir de 1 kg,"1,05 €","2,99 €/Kg"
Batatas fritas onduladas originais,Ruffles,Embalagem de 282g,"1,06 €","5,73 €/Kg"
Ervilhas bio,PorSi Bio,Frasco com 290 g,"1,79 €","2,29 €/Kg"
Creme p/ Calçado Castanho,Búfalo,Embalagem de 50 ml,"0,99 €","19,80 €/L"
Gogo SqueeZ Snack Maçã,Gogo,Embalagem de 90g,"2,29 €","6,94 €/L"
Achocolatado em pó,Ovomaltine,Embalagem de 400g,"5,39 €","7,19 €/Kg"
"Tiras limpa poros faciais, 6unidades",Labell,1 embalagem,"0,76 €","0,76 €/Unidade"
Marcador Turbo Color x12,Giotto,Uma embalagem,"4,69 €","4,69 €/Unidade"
Lenços de bolso 4 folhas,PorSi,Embalagem de 18 x 10 unidades,"0,89 €","0,89 €/Unidade"
Licor frutos tropicais,Safari,Garrafa de 700 ml,"16,99 €","24,27 €/L"
Aroma baunilha,Vahine,Embalagem de 20g,"1,89 €","17,18 €/Kg"
Cocktail limão,Bar Royal,Garrafa de 750 ml,"8,49 €","11,32 €/L"
Recarga Esfregona de Microfibras,PorSi,1 unidade,"0,89 €","0,89 €/Unidade"
Pilhas Alcalinas AAA Optimum,Duracell,Blister 4 Pilhas,"1,49 €","1,49 €/Unidade"
Termo drena rapid,PLANTANATU,Garrafa de 500 ml,"7,59 €","126,50 €/Kg"
Queijo camembert 45% mg,Páturages,Embalagem de 250 g,"1,45 €","7,25 €/Kg"
Havana club-añejo 7 anos,Havana,Garrafa de 700 ml,"17,49 €","24,99 €/L"
Assador Castanhas em Barro,Produto selecionado,Diam.: 17 cm,"4,99 €/Unidade","4,99 €/Unidade"
Creme vegetal culinário,Vaqueiro,Embalagem de 1 kg,"1,59 €","6,36 €/Kg"
"Guardanapos brancos, 33x33cm, 2 folhas, 90 unidades",Renova,Uma embalagem,"1,29 €","1,29 €/Unidade"
Queijo Curado Vaca/ Cabra/ Ovelha,PorSi,,"8,99 €","16,35 €/Kg"
Choco flakes,Cuetara,Embalagem de 500g,"5,07 €/Kg","5,07 €/Kg"
Tablete de chocolate negro,PorSi,Embalagem de 100 g,"17,42 €/Kg","17,42 €/Kg"
"Coloração permanente, vermelho ousado nº5.62",Nutrisse,1 unidade,"9,49 €/Unidade","9,49 €/Unidade"
Pescada 3 Chile,Peixe Congelado,1 un= 1 kg (aprox.),"3,99 €/Kg","3,99 €/Kg"
Água s/ gás,Luso,Pack 6 x 1.5 l,"1,04 €","0,17 €/L"
Néctar 8 frutos,Bongo,Pack 6 x 200 ml,"0,99 €","0,99 €/L"
10 Preservativos Easy Way Finissímos,Control,,"14,99 €","74,95 €/L"
Biscoitos integrais aveia e manteiga de amendoim,PorSi Viva Bem,Embalagem de 150g,"0,69 €","3,45 €/Kg"
Dentifríco anti-tártaro + branqueador,Colgate,Embalagem de 75 ml,"2,39 €","31,87 €/L"
"Sumo 100%, tutti-frutti",PorSi,"Embalagem de 1,5 l","1,09 €","0,73 €/L"
Vitamina c,PLANTANATU,Embalagem de 1 unidades,"7,59 €","126,50 €/Kg"
Gel de Banho Deeply Nourishing,Dove,Embalagem de 750 ml,"6,49 €","8,65 €/L"
Pensos Incontinência Mulher Discreet Normal,Tena,Embalagem com 24 unidades,"1,95 €","1,95 €/Unidade"
Bolachas bambolitos chocolate e leite,PorSi,Embalagem de 150g,"0,79 €","5,27 €/Kg"
Sumo natural de maçã bio,Cemporcent,Garrafa de 200 ml,"1,19 €","1,98 €/L"
Fiambre da Pá,Salsicharia Limiana,1 un = 150 gr (aprox.),"0,97 €","6,49 €/Kg"
Creme de ovos moles,Fabridoce,Embalagem de 300g,"4,99 €","16,63 €/Kg"
Cera de depilação profissional,Veet,Garrafa de 300 ml,"6,99 €","6,99 €/Unidade"
Cacau magro em pó,PorSi,Embalagem de 125 g,"1,04 €","8,32 €/Kg"
Delta solúvel intenso,Delta,Embalagem de 200g,"14,50 €/Kg","14,50 €/Kg"
Vinagre vinho branco 250ml,Cristal,Garrafa de 250 ml,"0,35 €","0,70 €/L"
Manteiga com sal e sem lactose,Mimosa,Embalagem de 250g,"0,99 €","1,98 €/Kg"
Jogo das escadas,Olivo,1 unidade,"9,99 €/Unidade","9,99 €/Unidade"
Bandas de cera axilas/bikini,Labell,Embalagem com 16 un. + 4 toalhitas de acabamento,"6,99 €","6,99 €/Unidade"
Água c/ gás limão,Frize,pack 4 x 0.25 l,"2,85 €","2,85 €/L"
Detergente líquido máquina de roupa sabão natural,PorSi,86 Doses,"8,69 €","1,84 €/Kg"
Iogurte aroma de banana,PorSi,Embalagem de 4x125g,"1,87 €","1,25 €/Kg"
Moelas de Frango,Lusiaves,Embalagem de 350 g (aprox.),"0,60 €","5,99 €/Kg"
Pilha alcalina hightech lr20x2,Domédia,1 unidade,"1,49 €","1,49 €/Unidade"
Bolacha tosta rica choco guay,Cuetara,Embalagem de 170g,"1,89 €","15,75 €/Kg"
"Alimento para peixe, tetrapond stickslago",Tetra,Embalagem de 1 l,"7,29 €","7,29 €/L"
Bolacha waffer bites cacau,Waferland,Embalagem de 125g,"0,98 €","4,67 €/Kg"
Creme vegetal soja,Planta,Embalagem de 250 gr,"1,59 €","6,36 €/Kg"
Cerveja super bock stout,Super Bock,Garrafa de 330 ml,"1,99 €/L","1,99 €/L"
Creme vegetal culinário,Vaqueiro,Embalagem de 250 g,"2,89 €","2,89 €/Kg"
Farinha para pão rústico,Nacional,Embalagem de 1 kg,"1,29 €","1,29 €/Kg"
Escorrega para água,Bestway,"Dim.: 4,88 m","14,99 €","14,99 €/Unidade"
Café em cápsulas deqafeitatus,Delta Q,Embalagem de 55 g,"54,36 €/Kg","54,36 €/Kg"
Vinho rosé regional península de Setúbal,Selecção de Enófilos,Garrafa de 0.75 l,"8,59 €","11,45 €/L"
Manteiga c/ sal gourmet,Novacores,Embalagem de 250g,"1,69 €","6,76 €/Kg"
Guardanapos Gold 2 folhas,Renova,Dim.: 39x39cm,"1,29 €","1,29 €/Unidade"
Guardanapos | Dim.: 30 x 33 cm,PorSi,Embalagem com 20 unidades,"1,29 €","1,29 €/Unidade"
Cookies sem glúten,Gullon,Embalagem de 200 g,"2,69 €","20,69 €/Kg"
Alecrim em folhas,PorSi,Embalagem de 25g,"0,25 €","0,25 €/Kg"
Creme abrasivo de limão,PorSi,Embalagem de 750 ml,"0,99 €","0,99 €/L"
Comida húmida para gato seleção de carnes,Gourmet mp,Embalagem de 300g,"2,89 €","7,23 €/Kg"
Esparguete s/ glúten,Milaneza,Embalagem de 500g,"2,99 €","7,97 €/Kg"
Chocolate negro 85 % cacau,Cemporcent,Embalagem de 100g,"2,89 €","23,12 €/Kg"
Infusão funcho,Cemporcent,Embalagem de 10 unidades,"0,99 €","76,15 €/Kg"
Semente linhaça amarela,Salutem,Embalagem de 250g,"2,29 €","11,45 €/Kg"
Gelatina ananás 10kcal,Royal,Embalagem de 30g,"0,55 €","61,11 €/Kg"
Ambientador tealights baunilha,PorSi,embalagem com 18 unidades,"9,49 €","45,19 €/Kg"
Recarga  para esfregona tiras,PorSi,1 unidade,"0,89 €","0,89 €/Unidade"
Ambientador gel lavanda,PorSi,150 g,"16,63 €/L","16,63 €/L"
Pudim caseiro de laranja,Royal,Embalagem de 200g,"0,59 €","29,50 €/Kg"
Porto branco,Valadao,Garrafa de 750 ml,"11,99 €","15,99 €/L"
Queijo curado mistura,PorSi,190 g,"8,99 €","16,35 €/Kg"
Azeite virgem extra seleção,PorSi,Garrafa de 2 l,"3,19 €","4,25 €/L"
Iogurte Líquido Yoggi s/ lactose frutos silvestres,Nestle,4x160g,"1,20 €","1,88 €/Kg"
Café 5 estrelas moído tradição,Sical,Embalagem de 250g,"3,49 €","13,96 €/Kg"
Farinha láctea cerelac,Cerelac,Embalagem de 500g,"4,49 €","4,49 €/Kg"
Peluche Unicórnio Interativo,Baby Clementoni,unidade,"11,99 €/Unidade","11,99 €/Unidade"
Lombos de salmão,PorSi,Embalagem de 300g,"4,39 €","10,98 €/Kg"
Vinho tinto alentejo,Loios,Garrafa de 750 ml,"2,89 €","3,85 €/L"
Banha,PorSi,Embalagem de 940 g,"2,89 €","2,89 €/Kg"
Croutons com azeite,PorSi,Embalagem de 150g,"2,39 €","6,83 €/Kg"
Cápsulas de café com leite cappuccino,Nescafe,Embalagem com 16 cápsulas,"54,36 €/Kg","54,36 €/Kg"
Marmelada,PorSi,Embalagem de 450g,"1,09 €","2,42 €/Kg"
Fiambre da Perna Extra,Izidoro,Vendido ao peso,"0,97 €","6,49 €/Kg"
Telemóvel Vibra e Capta,Chicco,1 unidade,"11,99 €/Unidade","11,99 €/Unidade"
Escova de Dentes Flex Interdental,Aquafresh,2 + 1 unidades,"3,99 €","3,99 €/Unidade"
"Vela em número, nº 6",PorSi,1 unidade,"0,60 €","0,60 €/Unidade"
5 manhãzitos choco chips,Manhazitos,Embalagem de 175 g,"7,40 €/Kg","7,40 €/Kg"
Azeite virgem delicado,Gallo,Garrafa de 750 ml,"3,19 €","4,25 €/L"
Néctar clássico de pera,Compal,Garrafa de 200 ml,"0,99 €","0,99 €/L"
Lava Tudo Amoniacal,Sonasol,"Garrafa de 1,3 l","0,99 €","0,50 €/L"
Tablete de chocolate leite com amêndoas,PorSi Select,200 g,"6,50 €/Kg","6,50 €/Kg"
"Frigideira anti-aderente, 24cm",PorSi,1 unidade,"11,99 €","11,99 €/Unidade"
Anticongelante vermelho 20%,PorSi,Embalagem de 1 l,"3,99 €","0,80 €/L"
Farinha para bolos fina,Branca de Neve,Embalagem de 1 kg,"1,29 €","1,29 €/Kg"
Peito de peru fatiado,PorSi,Embalagem de 200g,"2,25 €","11,25 €/Kg"
Vinho regional alentejano bag-in-box branco,Galitos,Garrafa de 5 l,"5,19 €","1,04 €/L"
Maionese,PorSi,Embalagem de 414 g,"0,70 €","2,33 €/Kg"
Tablete de chocolate leite,Schogetten,Embalagem de 100g,"5,30 €/Kg","5,30 €/Kg"
Mistura vegetais para wok,PorSi,Embalagem de 750g,"1,89 €","1,89 €/Kg"
Salpicão soja e seitan - enchido 100% vegetal,Cemporcent,Embalagem de 200g,"5,55 €","18,50 €/Kg"
Sementes de girassol,Cemporcent,Embalagem de 150 G,"1,89 €","3,78 €/Kg"
Chupas Party Mix,PorSi,150 g,"3,40 €","28,33 €/Kg"
"Pensos diários maxiplus, 30 unidades",Evax,Uma embalagem,"1,79 €","1,79 €/Unidade"
Inseticida para baratas e formigas,Baygon,Embalagem de 400 ml,"5,09 €","8,48 €/L"
Frutapura Pouch Banana Morango,Bledina,Embalagem de 85g,"2,29 €","6,94 €/L"
Fiambre da perna extra,PorSi,Pack Poupança de 2 x 170 g,"0,97 €","6,49 €/Kg"
Tostas integrais,PorSi,Embalagem de 225g,"2,39 €","6,83 €/Kg"
Sacos do lixo perfumado 30 litros,PorSi,15 unidades,"1,79 €","1,79 €/Unidade"
Tablete de chocolate culinário negro,PorSi,Embalagem de 200 g,"17,42 €/Kg","17,42 €/Kg"
Rolo Cozinha Meia Folha Adapt,Colhogar,2 rolos,"4,99 €","4,99 €/Unidade"
Glitter lab,Clementoni,1 unidade,"19,99 €/Unidade","19,99 €/Unidade"
Fiambre da perna extra baixo teor de gordura fatias ...,PorSi Viva Bem,Embalagem de 200 g,"0,97 €","6,49 €/Kg"
Pão de forma sem côdea especial torradas,Panrico,Embalagem de 510g,"2,63 €/Kg","2,63 €/Kg"
Xarope de menta,Paquito,Garrafa de 0.75 lt,"3,54 €","3,54 €/L"
Bolacha cream cracker,Cuetara,Embalagem de 200g,"0,39 €","3,12 €/Kg"
Bebida de soja e chocolate,PorSi Viva Bem,Embalagem de 1 l,"2,49 €","2,49 €/L"
Bastão de cola,Domédia,20 g,"2,19 €","109,50 €/L"
Café Moagem Universal Honduras,PorSi,Embalagem de 220g,"9,16 €/Kg","9,16 €/Kg"
Xarope de limão sem corantes,Paquito,Garrafa de 750 ml,"3,54 €","3,54 €/L"
Suiss'fruits fruta 12x50g,PorSi,Embalagem de 600g,"4,23 €/Kg","4,23 €/Kg"
Queijo fatiado cheddar,PorSi,Embalagem de 150 g,"1,56 €","7,80 €/Kg"
Feijoada transmontana,Nobre,Embalagem de 420g,"2,35 €","5,60 €/Kg"
"Amaciador de roupa, azul",Comfort,Garrafa de 4 l,"8,99 €","2,25 €/L"
Óleo p/ Moto Performa M2T,Galp,Embalagem de 1 l,"12,99 €","12,99 €/L"
Carcaça Rústica 70 g,Pão do Dia,,"0,19 €","2,71 €/Kg"
Café nyeri quénia moagem universal,Sical,Embalagem de 220g,"3,49 €","13,96 €/Kg"
Queijo dop cura 4 meses fatias,Sao jorge,Embalagem de 400g,"2,42 €","9,69 €/Kg"
18 hamburguers s/ glúten vaca,Capitão Iglo,Pack familiar com 1.4 kg,"2,79 €","8,72 €/Kg"
Morangos 100% Naturais,PorSi,Embalagem de 750 g,"3,29 €","4,39 €/Kg"
Vulcão brilhante,Clementoni,1 unidade,"9,99 €/Unidade","9,99 €/Unidade"
Cenoura adoçada com xarope de milho,Cemporcent,Embalagem de 240g,"1,94 €","3,88 €/Kg"
"Espuma cabelo, hidra caracóis",Fru style,Embalagem de 200 ml,"4,19 €","16,76 €/L"
Descafeinado em cápsulas Pianíssimo 10x5g,PorSi Select,Embalagem de 50g,"1,59 €","6,36 €/Kg"
Fósforos cozinha,Quinas,Embalagem com 4 caixas por unidade,"1,50 €","1,50 €/Unidade"
Carro polícia com som e luz,Playmobil,1 unidade,"9,99 €/Unidade","9,99 €/Unidade"
Actimel natural,Danone,Embalagem de 600g,"4,15 €/Kg","4,15 €/Kg"
Bolacha digestive aveia 258g,Vieira,Embalagem de 258 g,"0,98 €","3,27 €/Kg"
Vitalday recheada duplo chocolate,Gullon,Embalagem de 200g,"2,78 €/Kg","2,78 €/Kg"
"Bolachas aperitivas, simples",Tuc,Embalagem de 100g,"0,99 €","7,92 €/Kg"
Creme Depilatório Peles Normais,Veet,Embalagem de 200 ml,"2,99 €","14,95 €/L"
Pensos Higiénicos Fina e Segura Maxi Super,Evax,Embalagem c/ 13 Unidades,"4,99 €","4,99 €/Unidade"
Cereais nesquik,Nestle,Embalagem de 625g,"5,07 €/Kg","5,07 €/Kg"
Recarga difusor elétrico melgas e mosquitos,Dum Dum,18 ml,"7,69 €","7,69 €/Unidade"
Vela com número 4,PorSi,1 unidade,"0,60 €","0,60 €/Unidade"
Fruta para bebé banana laranja bolacha +6 meses,Nestle,Embalagem de 90g,"0,74 €","8,22 €/Kg"
Comida húmida para gato com frango/vaca,Purina One,Embalagem de 340g,"2,89 €","7,23 €/Kg"
Crepe maçã e canela,PorSi,Embalagem de 540 g,"2,49 €","7,55 €/Kg"
Elixir oil,Gliss,Embalagem de 75 ml,"1,00 €","5,00 €/L"
Pá escavadora,Volvo,26 cm,"9,99 €/Unidade","9,99 €/Unidade"
Detergente líquido Ultra Concentrado Loiça Platinium...,PorSi,Embalagem de 500 ml,"0,99 €","1,98 €/L"
Balões latex amarelos,PorSi,Embalagem com 24 unidades,"1,69 €","1,69 €/Unidade"
Café torrado em grão,PorSi,250 g,"9,16 €/Kg","9,16 €/Kg"
Azeite virgem extra gourmet,Gallo,Garrafa de 750 ml,"3,19 €","4,25 €/L"
Termo forte beringela/limão,PLANTANATU,Garrafa de 500 ml,"7,59 €","126,50 €/Kg"
Abrasivo sanitário gel citrinos,PorSi,embalagem de 1 litro,"0,99 €","0,99 €/L"
Vinho regional lisboa reserva tinto,Mundus,Garrafa de 750 ml,"3,99 €","5,32 €/L"
Leite seleccionado leve,Matinal,Garrafa de 1 l,"0,81 €","0,81 €/L"
Pão ralado clássico,PorSi,Embalagem de 240 g,"0,55 €","2,29 €/Kg"
Licor frutos do bosque,HS,Garrafa de 700 ml,"16,99 €","24,27 €/L"
Iogurte pedaços frutos vermelhos,PorSi,Embalagem de 8 x 125 g,"1,44 €","2,88 €/Kg"
Salada de fruta em calda,PorSi,Embalagem de 3 x 220 g,"1,99 €","2,37 €/Kg"
Achocolatado em pó extra chocolate,Nesquik,Embalagem de 390g,"5,39 €","7,19 €/Kg"
Bebida aveia-amêndoa,Alpro,Embalagem de 1 litro,"1,19 €","1,98 €/L"
Nata uht para bater,Gresso,Garrafa de 200 ml,"0,75 €","3,75 €/L"
Bebida Solúvel Mokambo Chicória e Café,Nestle,Embalagem de 240g,"14,50 €/Kg","14,50 €/Kg"
"Caixa com saquetas de  pau de canela, 30 unidades",PorSi,Embalagem 90G,"0,25 €","0,25 €/Kg"
"Batata frita wavy, ondulada",PorSi,Embalagem de 90g,"1,06 €","5,73 €/Kg"
Refeição caseira almôndegas,Nobre,Embalagem de 420g,"2,35 €","5,60 €/Kg"
Acetona,PorSi,Embalagem de 200 ml,"1,89 €","9,45 €/L"
Pó baratas e formigas,Baygon,Embalagem de 250 g,"5,49 €","13,73 €/L"
Pack de 3 embalagens de polpa de tomate,Compal,Embalagem de 630g,"3,84 €","24,00 €/Kg"
Café c/ cafeína intenso,Nescafe,Embalagem de 100g,"14,50 €/Kg","14,50 €/Kg"
Lentilhas verdes,Cemporcent,Embalagem de 500g,"1,94 €","3,88 €/Kg"
Iogurte ananás 000%,PorSi Viva Bem,Embalagem de 4 x 125 g,"0,99 €","1,32 €/Kg"
Pipocas coloridas,Orcape,Embalagem de 100g,"0,79 €","7,90 €/Kg"
Creme vegetal para cozinha,Becel,Embalagem de 450 g,"1,59 €","6,36 €/Kg"
Óleo alimentar,Vêgê,Embalagem de 1 l,"3,39 €","3,39 €/L"
Tablete de chocolate oreo,Milka,Embalagem de 300g,"5,30 €/Kg","5,30 €/Kg"
Piripiri grão,PorSi,Saqueta de 20 g,"0,25 €","0,25 €/Kg"
Sopa rabo de boi económica,Knorr,Embalagem de 60g,"0,84 €","13,55 €/Kg"
Esfregão de fibra com cabo depósito com detergente,Fino,embalagem com 5 un. + 1 un.,"2,54 €","2,54 €/Unidade"
Royal gelatin,Royal,Embalagem de 400g,"0,85 €","2,13 €/Kg"
Pescada panada em forma de filete,Pescanova,Embalagem de 1 Kg,"4,39 €","10,98 €/Kg"
Fiambre da Perna Extra,PorSi,1 un = 150 gr (aprox.),"0,97 €","6,49 €/Kg"
Barra s.k chocolate 6x21.5g,Kellogg's,Embalagem de 6X21.5G,"3,45 €","26,74 €/Kg"
Vinho branco alentejo,Loios,Garrafa de 750 ml,"2,89 €","3,85 €/L"
Vinho tinto península de setúbal superyor,Periquita,Garrafa de 750 ml,"8,59 €","11,45 €/L"
Whisky 15 anos c/caixa,J&B,Garrafa de 700 ml,"32,99 €","47,13 €/L"
Manteiga com sal cuvete,LORETO,Embalagem de 250g,"1,69 €","6,76 €/Kg"
Leite de limpeza age perfect,L'oreal,Embalagem de 200 ml,"0,76 €","0,76 €/Unidade"
Removedor de bolores e fungos,Uhu,Embalagem de 500 ml,"1,99 €","3,98 €/L"
Intensificador de perfume em gel para a roupa romanc...,Quanto,300 ml,"5,99 €","11,98 €/L"
Bolachas cream cracker sesamo,Vieira,Embalagem de 200g,"0,39 €","3,12 €/Kg"
Bolachas cereais e pepitas de chocolate,PorSi,Embalagem de 400 g,"0,90 €","6,00 €/Kg"
Massa bagos,PorSi,Embalagem de 250g,"1,39 €","1,39 €/Kg"
Bolacha dibus mini angry birds,Gullon,Embalagem de 250g,"1,89 €","15,75 €/Kg"
Pudim de chocolate,Boca Doce,Embalagem de 20g,"0,59 €","29,50 €/Kg"
"Abs odores lavanda, pack 2x150g",Glade,Embalagem de 2x150 g,"16,63 €/L","16,63 €/L"
Vinho frisante rosé,Lapadas,Garrafa de 750 ml,"1,99 €","2,65 €/L"
Cereais fitness,Nestle,Embalagem de 630g,"3,45 €","26,74 €/Kg"
Doce de abóbora c/ noz,Quinta de Jugais,Embalagem de 280g,"2,99 €","8,67 €/Kg"
20 saquetas chá de frutos silvestres,Lipton,Embalagem de 30g,"1,19 €","59,50 €/Kg"
15 douradinhos,Capitão Iglo,Embalagem de 420g,"2,99 €","9,97 €/Kg"
"Gel para o cabelo, wet shine",Fru style,Embalagem de 200 ml,"4,19 €","16,76 €/L"
Almôndegas de bovino,PorSi,Embalagem de 400 g,"3,53 €","8,83 €/Kg"
Ambientador aerosol pure flor de cerejeira,Air Wick,Garrafa de 250 ml,"0,99 €","3,30 €/L"
Detergente manual de roupa,Omo,Embalagem de 540g,"2,38 €","4,67 €/Kg"
Papa infantil láctea 5 frutos +6 meses,Cerelac,Embalagem de 250g,"4,49 €","4,49 €/Kg"
2 Toalhas de bidé,PorSi,30 x 50 cm,"12,00 €/Unidade","12,00 €/Unidade"
Café gold alta rica frasco,Nescafe,Embalagem de 100 g,"14,50 €/Kg","14,50 €/Kg"
Elixir bocal dentes e gengivas,Listerine,Embalagem de 1 l,"1,29 €","2,58 €/L"
Gamba Rosa Moçambique,PorSi,Embalagem de 800 g,"8,99 €","25,69 €/Kg"
Abrasivo wc gel ecologico,PorSi,Garrafa de 1 l,"0,99 €","0,99 €/L"
Bolachas marítimas clássicas,PorSi Viva Bem,Embalagem de 200g,"0,99 €","7,92 €/Kg"
Sal marinho grosso,Vatel,Embalagem de 1 kg,"0,25 €","0,25 €/Kg"
Queijo roquefort,Páturages,Embalagem de 150 g,"1,45 €","7,25 €/Kg"
Lasanha bolonhesa,Iglo,Embalagem de 300g,"2,16 €","6,17 €/Kg"
Autocaravana de férias,Lego,1 unidade,"9,99 €/Unidade","9,99 €/Unidade"
Sumo essencial kids,Compal,pack 3 x 0.11 l,"2,29 €","6,94 €/L"
Ambientador aerossol 5 em 1 lavanda,PorSi,300 ml,"0,99 €","3,30 €/L"
Guache,Giotto,6 x 7.5 ml,"3,09 €","3,09 €/Unidade"
Legumes grelhados,PorSi,Embalagem de 750g,"1,89 €","1,89 €/Kg"
Cebola picada em pacote,PorSi,Embalagem de 40 g,"0,25 €","0,25 €/Kg"
Infusão hipericão,Cemporcent,Embalagem de 10 unidades,"0,99 €","76,15 €/Kg"
Vela com número nº 6,PorSi,1 unidade,"0,60 €","0,60 €/Unidade"
Bebida arroz,Alpro,Embalagem de 1 l,"2,19 €","2,19 €/L"
Lixivia perfume fresco,Neoblanc,Embalagem de 2 l,"2,49 €","1,25 €/L"
Borracha para lápis e tinta,Domédia,1 unidade,"3,09 €","3,09 €/Unidade"
Estábulo para banho dos póneis,Lego,1 unidade,"9,99 €/Unidade","9,99 €/Unidade"
Moscatel de setúbal,Pioneiro,Garrafa de 750 ml,"16,99 €","24,27 €/L"
Semente linhaça castanha,Salutem,Embalagem de 250g,"2,29 €","11,45 €/Kg"
Melancia Riscada,Fruta da Época,Vendido ao peso | 1 un = 4kg (aprox.),"2,48 €","0,99 €/Kg"
Iogurte liquido sem lactose morango e banana,PorSi Viva Bem,Embalagem de 4 x 160 g,"2,49 €","5,19 €/Kg"
