Nome,Marca,Unidade,Preço Primário,Preço Secundário
Miolo de camarão 80/100,Pescanova,Embalagem de 350g,"8,99 €","25,69 €/Kg"
"Maionese, frasco",Hellmman's,Embalagem de 210g,"0,70 €","2,33 €/Kg"
Saqueta de puré de fruta | maçã + banana + morango,PorSi,90 g,"0,74 €","8,22 €/Kg"
Ambientador vela odor tabaco,PorSi,1 unidade,"4,99 €","4,99 €/Unidade"
Cabo de metal com rosca,PorSi,1.20 m,"2,20 €","2,20 €/Unidade"
Leite de pastagem uht meio gordo,Milhafre,1 litro,"0,81 €","0,81 €/L"
Spray optimal 7 cozinha,Ajax,500 ml,"1,29 €","1,72 €/L"
Spray tira gorduras,Cillitbang,Garrafa de 500 ml,"1,19 €","0,79 €/L"
Queijo Barra Inteiro,Alavão,"Vendido Inteiro, un=1k(aprox)","2,42 €","9,69 €/Kg"
Saco de cama criança,Saurium,1 un.,"14,99 €","14,99 €/Unidade"
Recarga rolo tira pelos,PorSi,1 unidade,"1,09 €","1,09 €/Unidade"
Maxi folhado queijo/fiambre,Pastelaria do Dia,1 unidade = 125 g,"0,65 €","0,65 €/Unidade"
Tisana de chá verde/limão light,Pleno,"Garrafa de 1,5 l","1,14 €","0,76 €/L"
Banda cera fria peles sensíveis p/corpo,Veet,Embalagem de 20 unidades,"3,11 €","3,11 €/Unidade"
Vinho tinto regional península de setúbal,Q.camarate,Garrafa de 0.75 l,"8,59 €","11,45 €/L"
Mistura Tomates Cereja Biológicos,PorSi Bio,Emb.: ± 200 g,"0,87 €","3,49 €/Kg"
Pão Regional Rio Maior Inteiro,Pão do Dia,1 unidade= 900 g,"0,19 €","2,38 €/Kg"
Azeite,PorSi,Garrafa de 1 l,"3,19 €","4,25 €/L"
Vinho regional península de setúbal tinto,J.m.f.,Garrafa de 750 ml,"8,59 €","11,45 €/L"
Lambrusco rosé,Cavicchiol,Garrafa de 750 ml,"6,89 €","9,19 €/L"
Porto white,Ferreira,Garrafa de 750 ml,"11,99 €","15,99 €/L"
Whiskey bourbon,J.daniels,Garrafa de 700 ml,"32,99 €","47,13 €/L"
Bolacha de aveia e laranja sem glúten,Gullon,Embalagem de 180 g,"4,29 €","20,43 €/Kg"
Semente pevide abóbora,Salutem,Embalagem de 200g,"2,29 €","11,45 €/Kg"
Biscoitos integrais sementes de agave,PorSi Viva Bem,Embalagem de 150g,"1,45 €","11,15 €/Kg"
Vassoura cruzeta,PorSi,1 unidade,"2,20 €","2,20 €/Unidade"
"Pasta de arquivo, lombada larga, amarela",Domédia,1 unidade,"1,49 €","1,49 €/Unidade"
Chocolate kit kat,Kit kat,Embalagem de 130g,"11,93 €/Kg","11,93 €/Kg"
Bebida energética ultra white,Monster,Garrafa de 500 ml,"5,39 €","5,39 €/L"
Iogurte magro morango,Longa vida,Embalagem de 6 x 120 g,"1,44 €","2,88 €/Kg"
Spray casa de banho,Neoblanc,Embalagem de 500 ml,"2,59 €","1,30 €/L"
Água Tónica Zero,Schweppes,Garrafa de 1 l,"5,39 €","5,39 €/L"
Papel higiénico compacto,PorSi,24 rolos,"1,99 €","1,99 €/Unidade"
Iogurte Pedaços Amoras/Mirtilo,PorSi,Embalagem 2X135 g,"4,36 €","2,18 €/Kg"
Aroma de baunilha,Rayners,Garrafa de 28 ml,"0,75 €","15,00 €/Kg"
Iogurte infantil c/ drageias coloridas,PorSi,140 g,"1,05 €","1,86 €/L"
Ovos Frescos de Galinhas Criadas ao Ar Livre Classe:...,PorSi Bio,Embalagem com 6 unidades,"2,19 €","2,19 €/Unidade"
Gel desinfetante casa de banho,Sonasol,Embalagem de 1.25 litros,"2,79 €","3,99 €/L"
Ração para gato esterilizado com peru,Friskies,Embalagem de 3 kg,"12,99 €","4,33 €/Kg"
"Queijo light, 8 porções",A Vaca Que Ri,Embalagem de 140 g,"2,39 €","19,92 €/Kg"
Aeijoa castanhola,Nossa seleção,Pescado no mar,"4,99 €","4,99 €/Kg"
Vinho tinto regional alentejano,Tapada do Barão,Garrafa de 0.75 l,"2,89 €","3,85 €/L"
Nabo Roxo sem Rama,Legumes do Dia,1 un = 200 gr (aprox.),"2,29 €","2,29 €/Kg"
Pera conference categoria: II,*,Vendido ao peso a partir de 300 g,"0,27 €","1,49 €/Kg"
Gressinos com azeitonas pretas,PorSi,Embalagem de 250g,"0,69 €","3,07 €/Kg"
Iogurte Pedaços Ananás 0% Matéria Gorda/Açúcares,Danone,4 x 120 g,"2,79 €","6,07 €/Kg"
Papel higiénico perfumado bouquet folha tripla,Foxy,4 + 2 rolos,"1,99 €","1,99 €/Unidade"
"Inseticida, recarga, elétrico, pack 2",Raid,1 embalagem com 2x27ml,"10,49 €","17,48 €/L"
Vinho doc douro tinto,Papa Figos,Garrafa de 0.75 l,"7,49 €","9,99 €/L"
Tablete de chocolate choco jelly,Milka,Embalagem de 250g,"2,29 €","17,62 €/Kg"
Água c/ gás groselha,Frize,pack 4 x 0.25 l,"2,85 €","2,85 €/L"
"Vinho rosé, meio seco",Leziria,Garrafa de 750 ml,"4,29 €","5,72 €/L"
Espargos Verdes,Legumes do Dia,embalagem com 250g,"0,62 €","2,49 €/Kg"
Pacote maçã e pêssego,Nestle,Embalagem de 90 g,"0,74 €","8,22 €/Kg"
8 hamburguers s/ glúten frango,Capitão Iglo,Embalagem de 480g,"2,79 €","8,72 €/Kg"
Nestum 5 cereais,Nestum,Embalagem de 250g,"2,19 €","8,76 €/Kg"
Miolo de camarão cozido 40/60,Pescanova,Embalagem de 200 g,"8,99 €","25,69 €/Kg"
Palitos superfinos,PorSi,Embalagem de 400 unidades,"1,50 €","1,50 €/Unidade"
Panquecas,Condi,Embalagem de 400g,"1,69 €","8,45 €/L"
"Forma papel para bolos, 10. 5cm",PorSi,Embalagem com 60 unidades,"0,54 €","0,54 €/Unidade"
Cebolinho,PorSi,Embalagem de 50g,"0,99 €","19,80 €/Kg"
Sumo essencial de pêssego,Compal,pack 3 x 0.11 l,"0,99 €","0,99 €/L"
Gel de banho bio kids,Corine de Farme,300 ml,"6,49 €","8,65 €/L"
10 nuggets de frango,Capitão Iglo,Embalagem de 210g,"2,79 €","8,72 €/Kg"
Ambientador sense e spray lavanda e jasmim,Glade,18 ml,"3,74 €","3,74 €/Unidade"
Néctar clássico laranja,Compal,Embalagem de 1 l,"0,99 €","0,99 €/L"
Leite Bem Essencial Chocolate,Mimosa,Embalagem de 4 x 200 ml,"0,26 €","1,30 €/L"
Creme para calcanhares gretados,Scholl,Embalagem de 60 ml,"1,85 €","1,85 €/Unidade"
"Luvas multiusos relevo antiderrapante, tamanho médio",PorSi,Embalagem de 1 unidades,"2,40 €","2,40 €/Unidade"
Esfregona Microfibras Eco,Vileda,1 un.,"0,89 €","0,89 €/Unidade"
Guardanapos 2 folhas azul e dourado,PorSi Select,40 unidades,"1,29 €","1,29 €/Unidade"
Gelado magnum after dinner,Olá,Embalagem de 10 x 35 ml,"5,99 €","16,64 €/L"
Mortadela de peru com azeitonas,PorSi,1 un = 150 gr (aprox.),"1,05 €","6,99 €/Kg"
Óleo de girassol,PorSi,garrafa de 3 litros,"3,39 €","3,39 €/L"
Caju bio,*,Vendido ao peso a partir de 200 g,"1,25 €","4,99 €/Kg"
Cabrito Inteiro/Metades,PorSi,1/2 un = 7 kg <br> 1 un = 14 kg (aprox.),"27,45 €","10,98 €/Kg"
Fraldas Activity Extra T5 |13-19 kg,Dodot,48 Unidade,"6,49 €","6,49 €/Unidade"
Salsichas de porco,Nobre,Lata de 200g,"0,75 €","3,75 €/Kg"
Spray tira gorduras eco,PorSi,Garrafa de 750 ml,"0,79 €","0,79 €/L"
Contentor para água dobrável,Camp Active,Cap.: 10 L,"3,00 €","3,00 €/Unidade"
Conjunto Sensuelle,Coquette,EAU DE TOILETTE 100 ML + R-ON 10 ML,"12,99 €","12,99 €/Unidade"
Esferográfica Cor Sortida Média,Mab,Embalagem com 4 un.,"2,69 €","2,69 €/Unidade"
Saca Rolhas Elétrico c/ USB,San Ignacio,1 unidade,"7,99 €","7,99 €/Unidade"
Salsichas frasco hot dog,PorSi,Embalagem 540G,"0,75 €","3,75 €/Kg"
Queijo de nisa dop,PorSi Select,1 unidade = 280g (aprox.),"2,87 €","15,94 €/Kg"
Plantanatur gorduras dia e noite refeições,PLANTANATU,Embalagem de 1 unidades,"7,59 €","126,50 €/Kg"
Marmelada em cubos,Ferbar,Embalagem de 200g,"1,09 €","2,42 €/Kg"
Lápis de Cor Ecolapis,Faber Castell,12 un. + Oferta 3 un. Bicolor,"3,09 €","3,09 €/Unidade"
Vinho branco regional península de setúbal,Joao pires,Garrafa de 0.75 l,"8,59 €","11,45 €/L"
Lápis de cera,Giotto,embalagem com 12 unidades,"4,69 €","4,69 €/Unidade"
Iogurtes Corpos Danone Pedaços de Coco,Danone,Embalagem de 4 x 115 g,"4,36 €","2,18 €/Kg"
Limpa Motores,PorSi,Embalagem de 1 l,"3,99 €","0,80 €/L"
Mochila campro level com parte da frente amovível,*,1 unidade,"19,90 €","19,90 €/Unidade"
Broa de Milho,Pão do Dia,1 unidade= 400 g,"0,19 €","2,38 €/Kg"
Queijo de cabra,Palhais,Embalagem de 200g,"1,89 €","10,50 €/Kg"
Vinho regional lisboa reserva tinto,Mundus,Garrafa de 750 ml,"4,99 €","6,65 €/L"
Bolo Rei c/ Castanhas,Pastelaria do Dia,1 un. = 600 g,"0,30 €/Unidade","0,30 €/Unidade"
Doce light alperce,PorSi,Embalagem de 340g,"3,59 €","10,26 €/Kg"
Arroz Carolino,Saludães,Embalagem de 1 kg,"0,99 €","0,99 €/Kg"
Caramelos de fruta,PorSi,Embalagem de 250g,"1,10 €","4,40 €/Kg"
Filetes de cavala em azeite virgem extra,Bom Petisco,Embalagem de 120g,"0,89 €","7,42 €/Kg"
Gin dry,Gibson's,Garrafa de 700 ml,"26,99 €","38,56 €/L"
"Máquina depiladora descartável, Blue II Feminina",Gillette,Embalagem de 5+1 unidades,"3,29 €","3,29 €/Unidade"
Atum posta em óleo,General,Embalagem de 110g,"0,89 €","7,42 €/Kg"
Frutose,Cemporcent,Embalagem de 250g,"1,94 €","3,88 €/Kg"
"Vinho tinto regional, península de setúbal, bag-in-b...",Dom Campos,Garrafa de 5 l,"9,49 €","1,90 €/L"
Fraldas premium T4 - 9 a 15 kg,PorSi,50 unidades,"6,49 €","6,49 €/Unidade"
Pilha alcalina classic lr14x2,Domédia,1 unidade,"1,99 €","1,99 €/Unidade"
Feijao catarino,Caçarola,Embalagem de 500 g,"2,78 €/Kg","2,78 €/Kg"
Bife da Vazia,Novilho,Vendido ao peso a partir de 800 g,"6,39 €","7,99 €/Kg"
Mistura solúvel brasa,Nestle,Embalagem de 200g,"1,64 €","6,56 €/Kg"
Gelado magnum mini double framboesa,Olá,Embalagem de 6 x 60 ml,"5,99 €","16,64 €/L"
Mopa com cabo,PorSi,1 unidade,"0,89 €","0,89 €/Unidade"
Remove Insectos,PorSi,Embalagem de 1 l,"3,99 €","0,80 €/L"
Biscoitos brownies,PorSi,Embalagem de 230g,"0,90 €","6,00 €/Kg"
Iogurte Líquido Frutos Tropicais,PorSi,1 Embalagem 4X160G,"1,17 €","1,83 €/Kg"
Chá de gengibre,PLANTANATU,Embalagem de 20g,"1,19 €","1,19 €/Unidade"
"Azeitonas pretas sem caroço, frasco de 165 g",PorSi,Embalagem de 165g,"1,79 €","2,29 €/Kg"
Refresco em pó de ananás,PorSi,Embalagem de 40 g,"0,75 €","18,75 €/Kg"
Trinca de arroz,PorSi,Embalagem de 5 kg,"12,95 €","3,24 €/Kg"
Lixívia WC Gel Higienizante,Neoblanc,Embalagem de 700ml,"1,74 €","0,35 €/L"
Mel rosmaninho,Salutem,Embalagem de 300g,"4,49 €","13,61 €/Kg"
Café em cápsulas  qonvictus,Delta Q,Embalagem de 55 g,"2,79 €","19,93 €/Kg"
Vinho tinto cotes du rhone,Expert Club,Garrafa de 75 cl,"6,89 €","9,19 €/L"
Bolachas crackers integrais,PorSi,Embalagem de 500g,"0,39 €","3,12 €/Kg"
Vinho tinto,Pias,Garrafa de 5 l,"5,19 €","1,04 €/L"
Queijo de cabra atabafado,Monforqueijo,180 g,"1,89 €","10,50 €/Kg"
Farinha de trigo sem fermento t65,PorSi,Embalagem de 1 kg,"1,99 €","1,99 €/Kg"
Pensos peles sensíveis XL,PorSi,5 unidades,"1,69 €","1,69 €/Unidade"
Salada de Marisco,*,Embalagem de 700 g,"8,39 €","11,99 €/Kg"
Bacalhau a bras,PorSi,Embalagem de 300g,"1,79 €","7,16 €/Kg"
Romã,Fruta da Época,1 un = 250 gr  (aprox.),"1,00 €","3,99 €/Kg"
"Coloração permanente, caramelo avelã, nº 6.41",Excellence,1 unidade,"8,49 €","8,49 €/Unidade"
Bolachas cacau com recheio baunilha,PorSi,Embalagem de 176 g,"0,79 €","4,49 €/Kg"
Sebenta a5 40 folhas,Firmo,1 unidade,"2,29 €","2,29 €/Unidade"
Maçã Golden 65/70,Fruta do Dia,1 un = 140 gr (aprox.),"0,27 €","1,49 €/Kg"
Ice tea de pêssego,PorSi,Garrafa de 2 l,"1,14 €","0,76 €/L"
"Creme Hidratante de Dia, pele normal",Bioten,Embalagem de 50 ml,"2,99 €","59,80 €/L"
Champanhe tradicional bruto,Delagne&fi,Garrafa de 750 ml,"34,99 €","46,65 €/L"
Chá de menta e eucalipto,Lipton,20 saquetas,"44,50 €/Kg","44,50 €/Kg"
Bola de Berlim chocolate,PorSi,85g,"0,30 €/Unidade","0,30 €/Unidade"
Removedor Pêlos 56 Folhas + 33%,Scotch-Brite,1 un.,"10,99 €","52,33 €/Kg"
Bebida de Soja Natural,PorSi Viva Bem,Pack: 3 x 200 ml,"2,49 €","2,49 €/L"
Caneta BL. Eye UB-150 Vermelho,Uni-Ball,1 embalagem,"2,69 €","2,69 €/Unidade"
Bebida de amêndoa,Joya,Garrafa de 1 l,"1,59 €","1,59 €/L"
Pratos para pic nic 19 cm verdes,PorSi,Embalagem com 6 unidades,"3,00 €","3,00 €/Unidade"
Bolacha tostada diet nature s/ açucares,Gullon,Embalagem de 400g,"1,45 €","11,15 €/Kg"
Pudim Rico em Proteína de Baunilha,Ehrmann,Embalagem de 200g,"1,19 €","2,59 €/Kg"
Carte d'or profiteroles,Olá,Embalagem de 900 ml,"5,49 €","6,10 €/L"
"Iogurte, sabor a morango",PorSi,Embalagem de 4 x 125 g,"1,87 €","1,25 €/Kg"
Ambientador recarga lavanda,Air Wick,Garrafa de 250 ml,"11,98 €","11,98 €/Unidade"
"Coloração permanente, preto natural, nº3",Excellence,1 unidade,"8,49 €","8,49 €/Unidade"
Chouriço Extra do Ribatejo,PorSi,200 g,"1,22 €","6,78 €/Kg"
Álcool canforado 85%,PorSi,Embalagem de 250 ml,"1,69 €","1,69 €/Unidade"
Chourico vinho das beiras,PorSi,Embalagem de 280g,"1,22 €","6,78 €/Kg"
Cornflakes + gulosos,Cemporcent,Embalagem de 250g,"0,69 €","1,73 €/Kg"
Spray recarga limpeza da cozinha,Cif,embalagem de 70 ml,"0,79 €","0,79 €/L"
Creme marisco,Knorr,Embalagem de 70g,"0,84 €","13,55 €/Kg"
Lenços Bolso 15X10 3f,PorSi,1 Unidade,"0,89 €","0,89 €/Unidade"
Batata frita presunto,Ruffles,Embalagem de 150 g,"1,19 €","6,43 €/Kg"
Grelo Nabo Programa Origens,PorSi,1 un= 1 kg (aprox.),"3,49 €","3,49 €/Kg"
Inseticida liquido vaporizador,Ezalo,Embalagem de 375 ml,"5,09 €","8,48 €/L"
Cereais all bran,Kellogg's,Embalagem de 380g,"5,59 €","8,87 €/Kg"
Sacos do lixo wc 5 litros,PorSi,30 sacos,"1,79 €","1,79 €/Unidade"
Óleo extra virgem de coco,Origensbio,Garrafa de 500 ml,"3,39 €","3,39 €/L"
Faca santoku 16 cm,PorSi,1 unidade,"4,75 €","4,75 €/Unidade"
Livro Sabichão Matemática,Firmo,1 un.,"1,49 €","1,49 €/Unidade"
Iogurte natural 0%,PorSi Viva Bem,Embalagem de 6 x 125 g,"0,99 €","1,98 €/Kg"
Leite de crescimento 4 de 1 a 3 anos,NAN,Embalagem de 800g,"22,39 €","27,99 €/Kg"
Pensos diários maxi,Carefree,Embalagem com 64 unidades,"1,79 €","1,79 €/Unidade"
Cartucho com gás CP-206,Campingaz,1 unidade,"3,00 €","3,00 €/Unidade"
Feijão Verde,Programa Origens,1 un = 250 gr  (aprox.),"2,29 €","2,29 €/Kg"
Bolachas recheadas com morango e cheesecake,Oreo,Embalagem de 150g,"0,79 €","4,49 €/Kg"
Maçã Fuji 75/80,Fruta do Dia,1 un = 180 gr (aprox.),"0,27 €","1,49 €/Kg"
Natas pasteurizadas para bater,Nestle,Embalagem de 200 ml,"0,75 €","3,75 €/L"
Agrião,PorSi,Vendido ao peso,"3,49 €","3,49 €/Kg"
Espinafres Arrancar Programa Origens,PorSi,1 un= 1 kg  (aprox. ),"3,49 €","3,49 €/Kg"
Bolachas belgas manteiga,PorSi,Embalagem de 250g,"1,69 €","6,76 €/Kg"
Iogurte pedaços frutimax frutos variados,PorSi,Embalagem de 8 x 125 g,"4,36 €","2,18 €/Kg"
Lima,Fruta do Dia,1 un = 200 gr (aprox.),"0,35 €","1,39 €/Kg"
Leite condensado,Nestle,Embalagem de 370g,"1,09 €","2,75 €/Kg"
Pensos resistentes à água,PorSi,Embalagem com 15 unidades,"1,69 €","1,69 €/Unidade"
Maçã Golden 70/75,Programa Origens,1 un = 180 gr (aprox.),"0,27 €","1,49 €/Kg"
Iogurte natural açucarado em frasco de vidro,PorSi,Embalagem de 2 x 125 g,"0,99 €","1,98 €/Kg"
Balões latex mistos,PorSi,Embalagem com 24 unidades,"1,59 €","1,59 €/Unidade"
"Chocolate kit kat, single",Kit kat,Embalagem de 40g,"11,93 €/Kg","11,93 €/Kg"
"Fitness granola chocolate, amêndoas e quinoa com 51%...",Nestle,Embalagem de 300 g,"5,59 €","8,87 €/Kg"
Espumante Bruto,Gancia,"Garrafa de 0,75 l","3,99 €","5,32 €/L"
"Água com gás, sabor limão",PorSi,"Embalagem de 6x0,25 l","2,85 €","2,85 €/L"
Lata de Brilho Preto,Búfalo,Embalagem de 75 ml,"0,99 €","19,80 €/L"
Frango Inteiro Grande,Frango,1 un = 1.6 kg (aprox.),"19,95 €","3,99 €/Kg"
Gelado tiramisu,PorSi,Embalagem de 900 ml,"5,49 €","6,10 €/L"
Chá fresh verde e pêssego,Cemporcent,Embalagem de 18g,"44,50 €/Kg","44,50 €/Kg"
Pão de Forma Cerealia 14 Cereais e Sementes 0% Açúca...,Panrico,Embalagem de 440g,"2,63 €/Kg","2,63 €/Kg"
Comida húmida para gato carnes e legumes com molho,PorSi,Embalagem de 1.2 kg,"3,49 €","10,26 €/Kg"
Laranja Económica,Fruta do Dia,1 un = 250 gr  (aprox.),"0,35 €","1,39 €/Kg"
Molho iogurte,PorSi,Garrafa de 285 ml,"0,70 €","2,33 €/Kg"
Vinagre de vinho branco,Cristal,Garrafa de 750 ml,"0,35 €","0,70 €/L"
Esfregona suave completa,Vileda,1 unidade,"0,89 €","0,89 €/Unidade"
Patê figado de porco,La piara,Embalagem de 80g,"1,19 €","13,52 €/Kg"
"Lava tudo, vinagre",Cif,"Garrafa de 1,4 l","0,99 €","0,50 €/L"
Bolachas marinheiras espelta,Cemporcent,Embalagem de 200 g,"1,45 €","11,15 €/Kg"
Adoçante comprimidos,PorSi,Embalagem de 250 saquetas,"5,99 €","23,96 €/Kg"
Creme Depilatório Peles Sensíveis,Veet,Embalagem de 200 ml,"3,29 €","3,29 €/Unidade"
Limpa fornos,PorSi,500 ml,"1,29 €","1,72 €/L"
Bolachas digestive chocolate,PorSi,Embalagem de 300g,"0,98 €","3,27 €/Kg"
Camarão cozido 30/50,PorSi,vendido ao peso a partir de 350 g,"2,00 €","7,99 €/Kg"
Vinagre balsâmico de modena gourmet,Gallo,Garrafa de 250 ml,"0,35 €","0,70 €/L"
Lombo s/ Osso,Porco,Vendido ao peso a partir de 1 kg,"1,22 €","4,89 €/Kg"
Batata frita palha,Pala-pala,Embalagem de 250g,"0,87 €","5,44 €/Kg"
Licor triple seco 16%,Olaias,Garrafa de 1 l,"16,99 €","24,27 €/L"
Açúcar Branco,Sidul,Embalagem 1Kg,"1,49 €","1,49 €/Kg"
"Vinho maduro tinto, bag in the box",Capataz,Embalagem de 10 l,"5,19 €","1,04 €/L"
Choco limpo 10/30,Pescanova,Embalagem de 500g,"5,49 €","6,86 €/Kg"
Atum filete azeite biológico,Tenorio,Embalagem de 120g,"0,89 €","7,42 €/Kg"
Iogurte oikos natural,Danone,Embalagem de 4 x 110g,"1,49 €","2,98 €/Kg"
Tarteletes morango doses 192g,Vieira,Embalagem de 190g,"0,79 €","5,27 €/Kg"
Batata Branca Nova Granel,Legumes do Dia,1 un = 250 gr  (aprox.),"0,25 €","0,99 €/Kg"
Gelado sandwich nata/chocolate,PorSi,Embalagem de 6x100 ml,"5,99 €","16,64 €/L"
"Patê de sardinha,atum e salmão",PorSi,Embalagem de 4 x 22 g,"1,19 €","13,52 €/Kg"
Champô Purificante,Pantene,640ml,"5,59 €","13,98 €/L"
Reparador de móveis escuro,PorSi,Embalagem de 200 ml,"4,39 €","14,63 €/L"
Preparado em pó para pudim flan,El mandari,Embalagem de 19.2 g,"0,59 €","29,50 €/Kg"
Ervilhas bio,PorSi Bio,Frasco com 290 g,"2,99 €","5,98 €/Kg"
Compota de Morango c/ Stevia,Good Good,1 Frasco 330G,"4,49 €","13,61 €/Kg"
Chocolate em pó 70% cacau,STARBUCKS,Embalagem de 300g,"5,39 €","7,19 €/Kg"
Sacos do lixo jardim 130 litros,PorSi,10 sacos,"1,79 €","1,79 €/Unidade"
Massa macarronete riscado,PorSi,Embalagem de 500g,"0,89 €","1,78 €/Kg"
Vinho DOC Trás-os-Montes Tinto,Terras de Mogadouro,750 ml,"7,49 €","9,99 €/L"
Ervilhas,PorSi,Embalagem de 400 g,"1,89 €","1,89 €/Kg"
Sal marinho integral,Cemporcent,Embalagem de 1 kg,"25,48 €/Kg","25,48 €/Kg"
Café solúvel c/ cafeína,Delta,Embalagem de 100g,"14,50 €/Kg","14,50 €/Kg"
Manteiga de amendoim cremosa,Prozis,Embalagem de 500g,"4,19 €","12,32 €/Kg"
Almôndegas Vegetais Green Cuisine,Iglo green,Embalagem de 240g,"1,89 €","6,30 €/Kg"
Leite Hidratante Delicadeza de Aveia,Ultra Suave,Embalagem de 400 ml,"4,49 €","11,23 €/L"
Anti-traça Maçã Verde,Dum Dum,2 unidades,"5,99 €","176,18 €/Kg"
Pescoços,Frango,1 un = 200 gr (aprox.),"0,50 €","4,99 €/Kg"
Balões latex amarelos,PorSi,Embalagem com 24 unidades,"1,59 €","1,59 €/Unidade"
Papaia em calda,Globo,Embalagem de 425g,"1,99 €","2,37 €/Kg"
Massa folhada retangular,Pasta dia,Embalagem de 250g,"0,89 €","1,78 €/Kg"
Big burger frango,Capitão Iglo,Embalagem de 230g,"3,53 €","8,83 €/Kg"
Café em grão,Delta,Embalagem de 1 kg,"9,96 €/Kg","9,96 €/Kg"
Salva,PorSi,20 g,"0,11 €","2,29 €/Kg"
Pasta de Moldar Branca,DAS,Embalagem com 1 kg,"2,19 €","109,50 €/L"
Ovos | Classe: M,Ovitae,24 unidades,"1,39 €","1,39 €/Unidade"
Comida húmida para gato júnior,PorSi,Embalagem de 4 x 100 g,"3,49 €","10,26 €/Kg"
Mortadela de peru fatiada,PorSi,Embalagem de 200g,"1,05 €","6,99 €/Kg"
Chocolate milkinis,Milka,Embalagem de 90g,"2,29 €","17,62 €/Kg"
Queijo flamengo em fatias,Terra Nostra,Embalagem de 200g,"1,56 €","7,80 €/Kg"
Chispalhada com feijão,Nobre,Embalagem de 420g,"2,35 €","5,60 €/Kg"
Infusão nº 6 sem barriga,Cemporcent,Embalagem de 10 unidades,"0,99 €","76,15 €/Kg"
Tostas integrais,PorSi,Embalagem de 225g,"0,69 €","3,07 €/Kg"
Snack de milho com queijo,Cheetos,Embalagem de 75 g,"0,79 €","7,90 €/Kg"
Leite uht gordo com rosca,PorSi,Embalagem de 1 litro,"0,94 €","0,94 €/L"
Gin London Dry,Gordons,Garrafa de 1 l,"26,99 €","38,56 €/L"
Manteiga c/ sal,Mimosa,Embalagem de 250g,"1,69 €","6,76 €/Kg"
"Baton, soft rosa",Labello,Embalagem de 5 g,"0,58 €","0,58 €/Unidade"
Lenços de bolso kids,Renova,Embalagem sortida com 8 unidades + 2 grátis,"0,89 €","0,89 €/Unidade"
10 croquetes de carne,PorSi,Embalagem de 300 g,"1,79 €","7,16 €/Kg"
Lixívia para roupa delicada,Neoblanc,Embalagem de 1 l,"4,49 €","1,12 €/L"
Babete Maleavel,Tigex,1 unidade,"5,99 €","5,99 €/Unidade"
Leite creme,El mandari,Embalagem de 90g,"0,79 €","5,27 €/Kg"
Manteiga de cabra,Gr.fermage,Embalagem de 125g,"1,69 €","6,76 €/Kg"
Polaretti magic milk micro esferas solúveis sabor bi...,Dolfin,Embalagem de 30g,"5,39 €","7,19 €/Kg"
Vinho Dão Mélange à 3 Tinto,Carvalhais,Garrafa de 0.75 l,"3,99 €","5,32 €/L"
Profiteroles de nata,PorSi Select,Embalagem de 330 g,"2,49 €","7,55 €/Kg"
Refrigerante c/ gás zero s/ cafeína,Coca-Cola,pack 6 x 0.33 l,"0,40 €/L","0,40 €/L"
Crackers c/ sal superficie,GRAN PAVES,Embalagem de 250g,"0,39 €","3,12 €/Kg"
Pudim de caramelo,Boca Doce,Embalagem de 20g,"0,59 €","29,50 €/Kg"
8 fantasias do mar,PorSi,Embalagem de 250g,"1,79 €","7,16 €/Kg"
12 Caldos de carne,PorSi,Embalagem de 127 g,"3,84 €","24,00 €/Kg"
Bebida de amêndoa - 0% açúcar,Shoyce,Embalagem de 1 litro,"2,19 €","2,19 €/L"
Adoçante liquido,PorSi,Garrafa de 125 ml,"5,99 €","23,96 €/Kg"
Iogurte Oikos de Ananás,Danone,Embalagem de 4x110g,"1,49 €","2,98 €/Kg"
Extra Smooth Snap Máquina De Depilação,Venus,1 unidade,"3,99 €","3,99 €/Unidade"
Pringles sour cream & onion,Pringles,Embalagem de 175g,"1,19 €","6,43 €/Kg"
Café torrado em grão,PorSi,Embalagem de 1 kg,"9,96 €/Kg","9,96 €/Kg"
Couve flor,PorSi,Embalagem de 750 kg,"1,89 €","1,89 €/Kg"
"Inseticida líquido, elétrico, apa",Raid,Embalagem de 21 ml,"10,49 €","17,48 €/L"
Iogurte mix-in smarties morango,Nestle,Embalagem de 2 x 128 g,"1,05 €","1,86 €/L"
Manteiga com sal,Milhafre,Embalagem de 250g,"1,69 €","6,76 €/Kg"
Granola + classica,Cemporcent,Embalagem de 375g,"1,94 €","3,88 €/Kg"
Ração para gato adulto de interior,Friskies,Embalagem de 3 kg,"12,99 €","4,33 €/Kg"
Purificador de água,Tetra,Embalagem de 1 l,"7,29 €","7,29 €/L"
Gogo SqueeZ Snack Pêssego,Gogo,Embalagem de 90g,"2,29 €","6,94 €/L"
Sabonete original,Palmolive,Embalagem de 4x90 g,"1,99 €","12,44 €/Kg"
Strudel de maçã,PorSi,Embalagem de 550 g,"2,49 €","7,55 €/Kg"
Bolacha de manteiga belga original,Saborosa,Embalagem de 220g,"1,69 €","6,76 €/Kg"
"Vinagre balsâmico, spray",Paladin,Garrafa de 250 ml,"0,35 €","0,70 €/L"
Vegalia especialidade vegetariana de soja,Nobre,Lata com 8 unidades,"2,09 €","8,36 €/Kg"
20 saquetas chá de baunilha c/ caramelo,Lipton,Embalagem de 40g,"58,44 €/Kg","58,44 €/Kg"
Danacol morango,Danone,Embalagem de 6 x 100 g,"4,15 €/Kg","4,15 €/Kg"
Adoçante green em pó,Canderel,Embalagem de 40g,"5,99 €","23,96 €/Kg"
Bolachas digestive finas de chocolate negro,Triunfo,Embalagem de 170 g,"0,79 €","5,27 €/Kg"
Adoçante à base de sucralose em pó,PorSi,Embalagem de 90g,"5,99 €","23,96 €/Kg"
Desodorizante roll-on Invisible,Rexona,Embalagem de 50ml,"1,39 €","6,95 €/L"
Ambientador tealights frutos vermelhos,PorSi,embalagem com 18 unidades,"4,99 €","4,99 €/Unidade"
Infusão tília,Cemporcent,Embalagem de 10 unidades,"0,99 €","76,15 €/Kg"
Creme vegetal para barrar de chocolate,Tulicreme,Embalagem de 200g,"4,19 €","12,32 €/Kg"
Fruta Compal Essencial Laranja,Compal,pack de 3 x 110 ml,"2,29 €","6,94 €/L"
Gelatina melancia 10kcal 31g,Royal,Embalagem de 30g,"0,55 €","61,11 €/Kg"
Vinho maduro tinto doc alentejo reserva,Albarrada,Garrafa de 75 cl,"2,89 €","3,85 €/L"
Cubos de bacon,Porminho,Embalagem de 2x75 g,"1,45 €","18,13 €/Kg"
Cereais corn flakes s/ glúten chocolate,Nestle,Embalagem de 380g,"2,99 €","7,97 €/Kg"
Farinha coco bio,Origensbio,Embalagem de 250g,"1,89 €","3,78 €/Kg"
Naperon redondo 35 cm,PorSi,Embalagem com 6 unidades,"1,29 €","1,29 €/Unidade"
Azeite Subtil,Gallo,Garrafa de 750 ml,"3,19 €","4,25 €/L"
"Coloração permanente, vermelho ousado nº5.62",Nutrisse,1 unidade,"8,49 €","8,49 €/Unidade"
Sumo 100% pêssego e uva,PorSi,Pack 3 x 200 ml,"1,09 €","0,73 €/L"
Pão de Ló Real,Pastelaria do Dia,600 g,"8,99 €","11,24 €/Kg"
Guardanapos,PorSi,,"1,29 €","1,29 €/Unidade"
Requeijão de vaca,PorSi,Embalagem de 200 g,"1,09 €","5,45 €/Kg"
Gengibre,Legumes do Dia,1 un = 100 gr (aprox.),"0,62 €","2,49 €/Kg"
Meloa Cantalupe Bio | Categoria: II,PorSi Bio,Vendido ao peso,"2,30 €","4,59 €/Kg"
Manteiga com sal e sem lactose,Mimosa,Embalagem de 250g,"1,69 €","6,76 €/Kg"
Sobremesa paturette baunilha,Páturages,Embalagem de 4 x 115 g,"1,19 €","2,59 €/Kg"
"Limpa vidros cristal, pistola",PorSi,Embalagem de 1 l,"3,19 €","6,38 €/L"
Chá verde matcha e ginger,Lipton,Embalagem com 20 saquetas,"58,44 €/Kg","58,44 €/Kg"
Sabao rosa e branco,PorSi,Embalagem de 400g,"1,09 €","2,73 €/Kg"
Creme Depilatório Duche Men Peles Normais,Veet,Embalagem com 150 ml,"10,99 €","73,27 €/L"
Vermute Vibrante sem Álcool,Martini,Garrafa de 750 ml,"11,99 €","11,99 €/L"
Tampão proteção de confiança,O.B.,1 Embalagem c/32 unidades,"1,39 €","1,39 €/Unidade"
Leite uht sem lactose magro,PorSi Viva Bem,1 litro,"2,19 €","2,19 €/L"
Brandy,Croft,Garrafa de 1 l,"11,99 €","17,13 €/L"
Luvas Multilatex M/L,Vileda,Embalagem com 100 un.,"2,40 €","2,40 €/Unidade"
Mignonnettes Moir de Noir,Cote D'or,Embalagem de 240 g,"16,67 €/Kg","16,67 €/Kg"
"Guardanapos brancos, 33x33cm, 2 folhas",PorSi,Embalagem com 100 unidades,"1,29 €","1,29 €/Unidade"
Laca volume,Nivea,Embalagem de 250 ml,"4,19 €","16,76 €/L"
"Pasta de arquivo, lombada larga, verde",Domédia,1 unidade,"1,49 €","1,49 €/Unidade"
Creme vegetal sabor manteiga,PorSi,Embalagem de 500 g,"1,39 €","6,95 €/L"
Bicarbonato de sódio,Globo,Embalagem de 230g,"0,75 €","15,00 €/Kg"
Café torrado e moído 16 pastilhas,Sical,Embalagem de 104g,"2,79 €","19,93 €/Kg"
Iogurte liquido proteína yopro baunilha/cookies,Yopro,300 g,"5,97 €/Kg","5,97 €/Kg"
Vinagre de vinho tinto,PorSi,Garrafa de 500 ml,"0,35 €","0,70 €/L"
Salada Ibérica Programa Origens,PorSi,Embalagem de 150 g,"0,99 €","0,99 €/Kg"
Pastilhas de morango,Smint,Embalagem de 35 g,"0,89 €","59,33 €/Kg"
Vinho Tinto DOC Dão Reserva,Catedral,Garrafa 75cl,"3,99 €","5,32 €/L"
Vinho verde branco alvarinho,Qm,Garrafa de 0.75 l,"2,89 €","3,85 €/L"
Gel WC Desincustrante,Neoblanc,Embalagem de 700 ml,"2,79 €","3,99 €/L"
Bomba de ar de pé,Bestway,1 un.,"3,00 €","3,00 €/Unidade"
Toalhitas multiusos limão,PorSi,Embalagem de 80 unidades,"1,79 €","1,79 €/Unidade"
Cobertura de tartes,Vahine,Embalagem de 20g,"1,29 €","3,23 €/Kg"
Compak Regular Tampões Com Aplicador,Tampax,22 unidades,"1,39 €","1,39 €/Unidade"
Vinho tinto bag-in-box,Capataz,Embalagem de 5 l,"5,19 €","1,04 €/L"
Bebida aveia-amêndoa,Alpro,Embalagem de 1 litro,"2,19 €","2,19 €/L"
Arroz carolino malandrinho,Malandrinh,Embalagem de 1 kg,"0,99 €","0,99 €/Kg"
Bolachas vitalday recheio avelã,Gullon,Embalagem de 220g,"2,82 €","9,40 €/Kg"
Gel de Banho Corpo e Cabelo Hidratante,Baby Dove,Embalagem de 400 ml,"4,99 €","16,63 €/L"
"Vela em número, nº 8",PorSi,1 unidade,"0,60 €","0,60 €/Unidade"
Rojões,Porco,1 un = 250 gr  (aprox.),"1,22 €","4,89 €/Kg"
Fralda cueca T5 - 12 a 18 kg,PorSi,20 unidades,"4,59 €","4,59 €/Unidade"
"Postas pescada nº3, para fritar",PorSi,Embalagem de 600 g,"4,39 €","10,98 €/Kg"
Conjunto de 2 Tesouras Zenoa Fit,Maped,unidade,"2,19 €","109,50 €/L"
Dettol sabonete líquido Lavanda,Dettol,Garrafa de 250 ml,"2,18 €/L","2,18 €/L"
"Pimenta preta, moída, em frasco",PorSi,Embalagem de 43 g,"0,25 €","0,25 €/Kg"
Refresco pó laranja,PorSi,Embalagem de 40g,"0,75 €","18,75 €/Kg"
Leite condensado cozido,Nestle,Embalagem de 400g,"1,09 €","2,75 €/Kg"
Macarronete integral,Cemporcent,Embalagem de 250g,"1,94 €","3,88 €/Kg"
Bolachas integrais,PorSi,Embalagem de 200g,"0,98 €","3,27 €/Kg"
Bolacha filipinos chocolate de leite,Artiach,Embalagem de 140g,"0,79 €","5,27 €/Kg"
Recarga p/ Esfregona |Eco,Vileda,,"0,89 €","0,89 €/Unidade"
"Caramelos de fruta rainbow, tripack",Mentos,Embalagem de 110g,"1,10 €","4,40 €/Kg"
Sementes de linhaça,Cemporcent,Embalagem de 250G,"1,89 €","3,78 €/Kg"
Liégeois Sobremesa de chocolate,Páturages,Embalagem de 4x100 g,"1,19 €","2,59 €/Kg"
Papel vegetal 8m,Vileda,1 unidade,"1,11 €","1,11 €/Unidade"
Camarão Tigre 20/30 Congelado,Nossa seleção,,"2,00 €","7,99 €/Kg"
Vinho regional tejo 3 castas tinto,Fiuza,Garrafa de 750 ml,"4,99 €","6,65 €/L"
Maçã Jonared 70+ Económica,Fruta do Dia,1 un = 150 gr (aprox.),"0,27 €","1,49 €/Kg"
Gel Intimo Suave,Corine de Farme,250 ml,"0,59 €","5,90 €/L"
Cacetinho de trigo integral,Pão do Dia,90 g,"0,19 €","2,38 €/Kg"
Fiambre da pá fatiado,PorSi,200 g,"0,97 €","6,49 €/Kg"
Bio gelatina alimentar 6 folhas,Vahine,Embalagem de 1 unidades,"2,39 €","2,39 €/Unidade"
Peito peru forno lenha fatias finas,Campofrio,Embalagem de 120g,"2,25 €","11,25 €/Kg"
Tremoço médio,PorSi,Embalagem de 350 g,"1,79 €","2,29 €/Kg"
Knorr sopa gourmet b.doce e abobora 49gr,Knorr,Embalagem de 70g,"0,84 €","13,55 €/Kg"
Rolo de cozinha XXL,PorSi,1 rolo,"4,99 €","4,99 €/Unidade"
Cápsulas de café qharacter,Delta Q,Embalagem de 60g,"2,79 €","19,93 €/Kg"
Gelatina mirtilo 10kcal 31g,Royal,Embalagem de 30g,"0,55 €","61,11 €/Kg"
Corn flakes sem açúcar bio,Origensbio,Embalagem de 250 g,"1,49 €","2,98 €/Kg"
"Bloco de desenho A4, 24 folhas",Domédia,1 unidade,"1,49 €","1,49 €/Unidade"
Queijo flamengo 0% lactose,PorSi Viva Bem,Embalagem de 150 g,"0,99 €","1,98 €/Kg"
Dentes de alho Categoria: II,PorSi,Embalagem de 150 g,"0,25 €","0,99 €/Kg"
Vinagre de sidra,Cristal,Garrafa de 500 ml,"0,35 €","0,70 €/L"
Queijo ovelha curado amanteigado,Seia,Embalagem de 250g,"4,50 €","17,99 €/Kg"
Tortitas de milho sem sal,PorSi Viva Bem,Embalagem de 130g,"0,79 €","7,90 €/Kg"
Tira Nódoas Brancos em Pó,Skip,1 kg,"10,99 €","52,33 €/Kg"
Rolo de cozinha reciclado,PorSi,4 rolos,"4,99 €","4,99 €/Unidade"
Longa vida morango tu banana coco 8x120,Longa vida,Embalagem de 960g,"1,87 €","1,25 €/Kg"
Risott de cogumelos,Trevijano,Embalagem de 280g,"2,99 €","271,82 €/Kg"
Sumo florida,Sunny d,"Embalagem de 0,31 l","3,99 €","3,99 €/L"
Champô para cabelos pintados,Labell,Embalagem de 750 ml,"5,59 €","13,98 €/L"
Néctar clássico tutti-frutti,Compal,Embalagem de 1 l,"0,99 €","0,99 €/L"
Sabonete glicerina natural,Palmolive,Embalagem de 90 g,"1,99 €","12,44 €/Kg"
Espresso café arábica,PorSi,250 ml,"3,19 €","25,52 €/Kg"
Gel de Duche Creme Care,Nivea,Embalagem de 750 ml,"6,99 €","9,32 €/L"
Tremoços extra,PorSi,Vendido ao peso a partir de 500 g,"1,00 €","3,99 €/Kg"
Elixir bocal total care,Listerine,Embalagem de 500 ml,"5,99 €","11,98 €/L"
Batata frita lisas originais,Lay's,Embalagem de 160g,"1,06 €","5,73 €/Kg"
"Tesoura 6""",Time Office,1 unidade,"1,79 €","1,79 €/Unidade"
Cocktail mix,PorSi,720 g,"1,79 €","7,16 €/Kg"
Vela com número nº 3,PorSi,1 unidade,"0,60 €","0,60 €/Unidade"
Alimento húmido para cão borrego,Pedigree,Embalagem de 300g,"0,75 €","2,50 €/Kg"
Saqueta de puré de fruta | maçã + pêssego + banana +...,PorSi,90 g,"0,74 €","8,22 €/Kg"
Banda térmica alivio dor muscular 29x9cm,PorSi,Embalagem de 2 unidades,"1,69 €","1,69 €/Unidade"
Whisky,Cutty Sark,Garrafa de 700 ml,"23,49 €","23,49 €/L"
Bolachas com cobertura de chocolate,PorSi,Embalagem de 150g,"0,79 €","5,27 €/Kg"
Chá Aromatizado Pirâmide Mel/Limão/Ginseng,PorSi,20 x 2 g,"44,50 €/Kg","44,50 €/Kg"
Folhado de pizza,*,110 g,"0,65 €","0,65 €/Unidade"
10 Hambúrgueres de porco,PorSi,Embalagem de 600g,"2,79 €","8,72 €/Kg"
Cafe pastilhas 20x7g,PorSi,Embalagem de 140g,"2,79 €","19,93 €/Kg"
Chá sene,PLANTANATU,Embalagem Com 10 saquetas,"1,19 €","1,19 €/Unidade"
"Spray depilatório, peles sensiveis",Veet,Garrafa de 150 ml,"10,99 €","73,27 €/L"
Creme para barrar,Nutella,Embalagem de 600g,"4,19 €","12,32 €/Kg"
Limão,Programa Origens,1 un = 200 gr (aprox.),"0,35 €","1,39 €/Kg"
Amaciador concentrado spa,PorSi,80 doses,"3,99 €","3,99 €/Unidade"
Cuecas de incontinência Plus G,Ausonia,Uma embalagem - 8Unidades,"9,99 €","9,99 €/Unidade"
Achocolatado em Pó,Suchard,Embalagem de 500g,"5,39 €","7,19 €/Kg"
Bolachas com cobertura de chocolate de leite,Oreo,Embalagem de 250g,"0,79 €","4,49 €/Kg"
Penso de incontinência boutique normal,Ausonia Discreet,Embalagem de 10 un.,"1,95 €","1,95 €/Unidade"
Vela em número nº4,PorSi,1 unidade,"0,60 €","0,60 €/Unidade"
Queijo snack gouda,PorSi,Embalagem de 100g,"1,56 €","7,80 €/Kg"
Queijo de vaca curado light amanteigado,PorSi,+/- 550 g,"25,45 €/Kg","25,45 €/Kg"
Néctar light de manga/laranja,Compal,Pack 3 x 200 ml,"0,84 €","2,55 €/L"
Infusão de camomila,Tetley,Embalagem de 10g,"85,00 €/Kg","85,00 €/Kg"
Bombons Caixa Dourada c/ Laço,Belgian,Embalagem de 100G,"2,99 €","29,90 €/Kg"
Limpa carpetes,PorSi,Embalagem de 1 litro,"1,79 €","2,39 €/L"
Gel de Banho Orquídea & Cashmere Extract,Nivea,Embalagem de 750 ml,"6,49 €","8,65 €/L"
Café em cápsulas dolce gusto galão,Nescafe,Embalagem de 16 cápsulas,"2,79 €","19,93 €/Kg"
Sangria tinta,PorSi,Garrafa de 1.5 litros,"2,39 €","1,59 €/L"
Bolacha maria junior doces,Vieira,Embalagem de 280g,"1,89 €","15,75 €/Kg"
Noodle banzai galinha,Cigala,Embalagem de 70g,"0,89 €","1,78 €/Kg"
Arroz agulha América do Sul,PorSi,Embalagem de 1 kg,"0,99 €","0,99 €/Kg"
Creme de Mãos Intensivo,Nivea,Embalagem de 100 ml,"1,03 €","10,30 €/L"
Sacos cubos de gelo fecho manual,PorSi,Embalagem com 10 unidades,"1,11 €","1,11 €/Unidade"
Água com gás sabor a tangerina,Frize,"Pack 4x 0,25l","2,85 €","2,85 €/L"
Esferográfica Cristal Azul,Bic,Embalagem com 10 un.,"2,69 €","2,69 €/Unidade"
Escova de Camurça,Búfalo,Embalagem de 250 ml,"5,09 €","20,36 €/L"
After shave bálsamo sensitive,Labell Men,Embalagem de 100 ml,"1,16 €","4,64 €/L"
"Vinho Alentejo, Private Collection, Tinto",Selecção de Enófilos,Garrafa de 0.75 l,"8,59 €","11,45 €/L"
Spray boost multiusos,Ajax,500 ml,"1,19 €","0,79 €/L"
Lava Tudo Amoniacal,Sonasol,4 litros,"0,99 €","0,50 €/L"
Chá preto,Tetley,Embalagem de 30g,"41,67 €/Kg","41,67 €/Kg"
"Madalenas, saquetas individuais",Chabrior,Embalagem de 600g,"2,05 €","5,13 €/Kg"
Amaciador para cabelos pintados,Labell,Embalagem de 200 ml,"1,00 €","5,00 €/L"
"Borracha Technic, 600",Maped,embalagem com 2 unidades,"2,69 €","2,69 €/Unidade"
Tesoura para esquerdinos com 13 cm,Maped,unidade,"1,79 €","1,79 €/Unidade"
Pão Regional Rio Maior Inteiro,Pão do Dia,1 unidade= 450 g,"0,19 €","2,38 €/Kg"
Ice tea limão,Lipton,Embalagem de 1L,"1,14 €","0,76 €/L"
Sementes de chia,Cemporcent,Embalagem de 150G,"1,89 €","3,78 €/Kg"
Creme p/ Calçado Castanho,Búfalo,Embalagem de 40 ml,"0,99 €","19,80 €/L"
20 saquetas chá yellow label,Lipton,Embalagem de 30g,"58,44 €/Kg","58,44 €/Kg"
Empadão de carne,PorSi,Embalagem de 1 kg,"3,53 €","8,83 €/Kg"
Mel em frasco de vidro,PorSi,Embalagem de 250g,"4,89 €","9,78 €/Kg"
Bife da Pá,Novilho,Vendido ao peso a partir de 800 g,"6,39 €","7,99 €/Kg"
Peito de peru fatias,PorSi,Embalagem de 150g,"2,25 €","11,25 €/Kg"
Máquina Depilatória Descartável Twin Lady,Bic,Embalagem com 10 un.,"3,99 €","3,99 €/Unidade"
Livro Sabichão Inglês,Firmo,1 un.,"1,49 €","1,49 €/Unidade"
Creme para calçado castanho,PorSi,50 ml,"0,99 €","19,80 €/L"
28 mini bolinhas bacalhau,PorSi,Embalagem de 300 g,"1,79 €","7,16 €/Kg"
Água s/ gás limão,Luso,Garrafa de 1 l,"1,04 €","0,17 €/L"
Batatas fritas ketchup,Ruffles,Embalagem de 150g,"1,19 €","6,43 €/Kg"
Shampo repelente p/ cão,Repul' 7,Garrafa de 200 ml,"11,98 €","59,90 €/L"
Maria diet nature,Gullón,Embalagem de 400 g,"1,45 €","11,15 €/Kg"
Bife de Frango,Frango,Vendido ao peso a partir de 1 kg,"19,95 €","3,99 €/Kg"
Filetes de atum dos Açores em azeite c/ orégãos,PorSi Select,190 g,"0,89 €","7,42 €/Kg"
Papa infantil láctea banana laranja +6 meses,Cerelac,Embalagem de 250g,"4,49 €","4,49 €/Kg"
Formas de alumínio 600 ml,PorSi,5 unidades,"1,29 €","1,29 €/Unidade"
Pedras limão,P.salgadas,Garrafa de 1 l,"2,85 €","2,85 €/L"
"Vinho Douro, Private Collection, Tinto",Selecção de Enófilos,Garrafa de 0.75 l,"8,59 €","11,45 €/L"
Bolachas marinheiras chia,Cemporcent,Embalagem de 200g,"1,45 €","11,15 €/Kg"
Mel rosmaninho,Salutem,Embalagem de 300g,"4,89 €","9,78 €/Kg"
Iogurte pedaços morango,PorSi,Embalagem de 4x125g,"4,36 €","2,18 €/Kg"
Arroz estufado,Caçarola,Embalagem de 1 kg,"0,99 €","0,99 €/Kg"
Ambientador Vela Maçã e Canela,Glade,unidade,"4,99 €","4,99 €/Unidade"
Ambientador gel marinho,PorSi,150 g,"16,63 €/L","16,63 €/L"
"Rolos de cozinha compactos, branco, 2 unidades",PorSi,Uma embalagem,"4,99 €","4,99 €/Unidade"
Pêssego em calda metades,PorSi,Lata com 840 g,"1,99 €","2,37 €/Kg"
Veg bowls trigo sarraceno&brócolos 350g,Iglo green,Embalagem de 350g,"1,89 €","6,30 €/Kg"
"Na-farinha de aveia 400g 3,2kg",Nacional,Embalagem de 400g,"1,99 €","1,99 €/Kg"
"Argolas, brancas, autocolante, 160 unidades, 13 mm",Domédia,1 embalagem,"2,19 €","109,50 €/L"
"Alimento para cão júnior bio complex, com frango",HappyOne,Embalagem de 4 kg,"12,95 €","3,24 €/Kg"
Arroz integral,PorSi Viva Bem,Embalagem de 1 kg,"1,94 €","3,88 €/Kg"
Bebida aveia,Alpro,Embalagem de 1 litro,"2,49 €","2,49 €/L"
Coxinhas de frango,PorSi,Embalagem de 360g,"9,30 €/Kg","9,30 €/Kg"
Colgate smiles escova de dente manual kids,Colgate,Embalagem de 2 unidades,"0,99 €","0,99 €/Unidade"
Cafe rossio m.unica 250g,Nicola,Embalagem de 250g,"9,76 €/Kg","9,76 €/Kg"
Ração seca para cão croquetes pro júnior,PorSi Select,Embalagem de 3 Kg,"12,95 €","3,24 €/Kg"
Vinho doc dão tinto,Santar,Garrafa de 0.75 l,"3,99 €","5,32 €/L"
Alimento seco para gato Júnior,Whiskas,Embalagem de 950 g,"12,99 €","4,33 €/Kg"
Goiabada,PorSi,600 g,"1,09 €","2,42 €/Kg"
Sal Himalaias Grosso,Origens Bio,1 Embalagem 500G,"0,25 €","0,25 €/Kg"
Refrigerante  c/ gás regular,Coca-Cola,pack 4 x 1 l,"0,40 €/L","0,40 €/L"
Tostas integrais,Diatosta,Embalagem de 225 g,"0,69 €","3,07 €/Kg"
Gomas brilho,PorSi,Embalagem de 300 g,"1,19 €","3,97 €/Kg"
Queijo para barrar light,PorSi Viva Bem,Embalagem de 200g,"2,39 €","19,92 €/Kg"
Choco Pequeno,Peixe Congelado,1 un= 200 gr (aprox.),"3,99 €/Kg","3,99 €/Kg"
Doce framboesa e romã,ST.DALFOUR,Frasco de 284g,"2,19 €","9,95 €/Kg"
6 cheeseburgers,PorSi,Embalagem de 750g,"2,79 €","8,72 €/Kg"
Biscoito para cão strips,Purina One,Embalagem de 90g,"0,94 €","5,22 €/Kg"
Moscatel de Setúbal Reserva,Selecção de Enófilos,Garrafa de 0.75 l,"5,99 €","7,99 €/L"
Farinha de milho integral,Cemporcent,Embalagem de 500g,"2,29 €","11,45 €/Kg"
Queijo curado pequeno,Casteloes,Embalagem de 500g,"0,82 €","23,43 €/Kg"
10 nuggets de frango com cereais integrais,Capitão Iglo,Embalagem de 208 g,"2,79 €","8,72 €/Kg"
Rebuçados mel e limão,Halls,Embalagem de 32 g,"0,77 €","3,85 €/Kg"
Framboesas 100% Naturais,PorSi,Embalagem de 750 g,"3,29 €","4,39 €/Kg"
Champô oil nutritive,Gliss,Embalagem de 250 ml,"5,59 €","13,98 €/L"
Achocolatado em saco,Nesquik,Embalagem de 1 kg,"5,39 €","7,19 €/Kg"
Leite c/ cacau original,Cacaolat,Garrafa de 1 l,"0,26 €","1,30 €/L"
Nestum zero arroz,Nestum,Embalagem de 250 g,"4,49 €","4,49 €/Kg"
Sabonete líquido mel,Feno,Embalagem de 300 ml,"2,18 €/L","2,18 €/L"
Formas de alumínio redondas 55 ml,PorSi,20 unidades,"1,29 €","1,29 €/Unidade"
Barra choco krispies 120g,Kellogg's,Embalagem de 380g,"1,29 €","10,24 €/Kg"
Moscatel de setúbal,Dom Campos,Garrafa de 750 ml,"5,99 €","7,99 €/L"
Pensos higiénicos liberty super abas,Evax,Embalagem com 10 un.,"1,42 €","1,42 €/Unidade"
Amaciador Roupa Chá Branco & Peônia,Vernel,76 doses,"3,99 €","3,99 €/Unidade"
Fuet extra,PorSi,170 g,"1,22 €","6,78 €/Kg"
Creme Mãos Hidratante,Labell,Embalagem de 100 ml,"1,03 €","10,30 €/L"
Creme de Mãos Hyaluronic,Bioten,Embalagem de 50ML,"1,03 €","10,30 €/L"
Vinho do porto malvasia branco,Rcv,Garrafa de 750 ml,"11,99 €","15,99 €/L"
Café solúvel creme,Nescafe,Embalagem de 100g,"14,50 €/Kg","14,50 €/Kg"
Creme vegetal p/ barrar reduz colesterol,PorSi Viva Bem,250 g,"1,39 €","6,95 €/L"
EDT Mulher Nº43 (150ML+EDT 30ML),Caravan,1 unidade,"12,99 €","12,99 €/Unidade"
Bloco Sanitário Sólido Aqua,Sonasol,Embalagem de 2x50 g,"2,99 €","74,75 €/Kg"
Esfregona de Microfibras Completa,PorSi,1 unidade,"0,89 €","0,89 €/Unidade"
Biscoitos de cacau,PorSi,Embalagem de 750g,"2,29 €","3,05 €/Kg"
Pêssego amarelo categoria II,*,Vendido ao peso a partir de 300 g,"0,35 €","2,49 €/Kg"
Nectarina,Fruta do Dia,1 un = 150 gr (aprox.),"0,35 €","2,49 €/Kg"
Massa cuscus,Nacional,Embalagem de 250g,"0,89 €","1,78 €/Kg"
Canja de galinha económica,Knorr,Embalagem de 60g,"0,84 €","13,55 €/Kg"
Vinho rosé,Gatao,Garrafa de 750 ml,"4,29 €","5,72 €/L"
Caderno Agrafado A5 c/ 20 Folhas | 2 Linhas,Firmo,1 un.,"2,29 €","2,29 €/Unidade"
Línguas,Chupa Chups,Embalagem de 150 g,"1,19 €","3,97 €/Kg"
Tomates Alongados,PorSi Bio,Emb.: ± 400 g,"0,87 €","3,49 €/Kg"
Batata frita de presunto,PorSi,Embalagem de 185 g,"1,19 €","6,43 €/Kg"
Batata frita ondulada wavy,PorSi,Embalagem de 185 g,"1,06 €","5,73 €/Kg"
Vinho tinto,Alandra,Garrafa de 750 ml,"1,59 €","2,12 €/L"
"Máquina Tripla Matrix, + 5 unidades",Labell Men,Uma embalagem,"1,16 €","4,64 €/L"
Dentifríco p/ Dentes de Leite,Aquafresh,Embalagem de 50 ml,"0,99 €","0,99 €/Unidade"
Pudim flan zero açúcares adicionados,El mandari,Embalagem de 30g,"0,59 €","29,50 €/Kg"
"Detergente manual de loiça, ultra limão",PorSi,Embalagem de 500 ml,"0,99 €","1,98 €/L"
Guardanapos brancos 30x30 cm,PorSi,Embalagem com 100 unidades,"1,29 €","1,29 €/Unidade"
Spray limpeza casa de banho,Cillitbang,Embalagem de 500 ml,"1,79 €","2,39 €/L"
Paté de sardinha,PorSi,Embalagem de 4 x 22 g,"1,19 €","13,52 €/Kg"
Alimento húmido cão gelatina júnior,Pedigree,Embalagem de 400g,"0,75 €","2,50 €/Kg"
Arroz agulha,B.sucesso,Embalagem de 1 kg,"0,99 €","0,99 €/Kg"
Chocolate em pó Starbucks 42% cacau,STARBUCKS,Embalagem de 330g,"5,39 €","7,19 €/Kg"
Puré de batata,PorSi,Embalagem com 750 g,"1,39 €","1,39 €/Kg"
Máquina depilatória Miss Soleil,Bic,3 + 1 unidades,"3,29 €","3,29 €/Unidade"
Batata Branca,Legumes do Dia,10 kg,"0,25 €","0,99 €/Kg"
Chá verde 20 saquetas,Lipton,Embalagem de 32g,"85,00 €/Kg","85,00 €/Kg"
Chá verde,PorSi,Embalagem de 37.5 g,"85,00 €/Kg","85,00 €/Kg"
Iogurte magro + gelatina morango,Mimosa,Embalagem de 4 x 120 g,"1,44 €","2,88 €/Kg"
Massa macarronete riscado,Milaneza,Embalagem de 500g,"0,89 €","1,78 €/Kg"
Fiambre da perna extra fatias finas cuida-t+,Nobre,Embalagem de 110g,"0,97 €","6,49 €/Kg"
8 rissóis de carne,PorSi,Embalagem de 300g,"1,79 €","7,16 €/Kg"
Bolachinhas,Cerelac,Embalagem de 180g,"1,89 €","15,75 €/Kg"
Óleo alimentar,Fula,Embalagem 1L,"3,39 €","3,39 €/L"
Paloco desfiado,PorSi,Embalagem de 500 g,"4,39 €","10,98 €/Kg"
Fralda de Incontinência c/ Elásticos Tamanho Grande,Lindor,Embalagem de 46 un.,"9,99 €","9,99 €/Unidade"
Mão de vaca com grão,Nobre,Embalagem de 420 g,"2,35 €","5,60 €/Kg"
Penso Higiénico Ultrafinos Normal Abas,PorSi,16 unidades,"1,42 €","1,42 €/Unidade"
Aguardente velha reserva,CRF,Garrafa de 700 ml,"12,79 €","18,27 €/L"
Vinho tinto regional alentejano,Galitos,Garrafa de 3 l,"9,49 €","1,90 €/L"
Bolacha alfa,Nacional,Embalagem de 180g,"2,82 €","9,40 €/Kg"
Ovos | Classe: L,Ovitae,24 unidades,"1,39 €","1,39 €/Unidade"
"Leite em fórmula nº1, confort, para bebé",Aptamil,Embalagem de 800g,"22,39 €","27,99 €/Kg"
Aveia instantânea em pó,Prozis,"Embalagem de 1,25 kg","25,48 €/Kg","25,48 €/Kg"
Biscoitos canudinho recheio cacau,PorSi,Embalagem de 300g,"2,82 €","9,40 €/Kg"
Detergente em gel máquina lavar roupa universal,Persil,85 doses,"8,69 €","1,84 €/Kg"
Preparado de bolo de canela,PorSi,500 g,"1,69 €","8,45 €/L"
Toalhitas Limpeza Vitrocerámica,Induclean,embalagem de 30 un.,"1,79 €","2,39 €/L"
Bolacha de manteiga,Snapy,Embalagem de 250g,"2,11 €/Kg","2,11 €/Kg"
Tira Nódoas Branqueador,Sanytol,embalagem com 450g,"10,99 €","52,33 €/Kg"
Gin Beefeater Light,Beefeater,"Garrafa de 0,70 l","26,99 €","38,56 €/L"
Fralda Cueca Banho Splashers T4,Dodot,1 Embalagem c/11 unidades,"4,59 €","4,59 €/Unidade"
Guardanapos de 1 folha azuis | dim.: 30 x 29 cm,PorSi,Embalagem com 70 unidades,"1,29 €","1,29 €/Unidade"
Mochila,Spider-Man,Dim.: 41x16x32 cm,"19,90 €","19,90 €/Unidade"
Iogurte líquido yoggi banana,Nestle,Embalagem de 4 x 160 g,"1,17 €","1,83 €/Kg"
Saqueta de puré de fruta | maçã + banana,PorSi,90 g,"0,74 €","8,22 €/Kg"
Esponja brilho preto,Búfalo,1 embalagem,"2,59 €","2,59 €/Unidade"
Vinho regional alentejano reserva tinto,Encosta das Perdizes,Garrafa de 0.75 l,"2,89 €","3,85 €/L"
Queijo Fondue,Páturages,Embalagem de 400g,"4,68 €","11,70 €/Kg"
Mochila 42 cm + Estojo,Lightning Bolt,1 un.,"19,90 €","19,90 €/Unidade"
Iogurte líquido magro frutos vermelhos,PorSi Viva Bem,Embalagem de 4x160 ml,"2,19 €","2,19 €/L"
Resguardo para mesa,PorSi,Dim.: 140 x 200 cm,"13,99 €","13,99 €/Unidade"
Lixivia perfume fresco,Neoblanc,Embalagem de 2 l,"2,59 €","1,30 €/L"
2 Pesos p/ tornozelo e punho,Umbro,500 g,"6,99 €","6,99 €/Unidade"
"Cerveja sem álcool, tara perdida",Super Bock,Pack 6 X 0.33 L,"5,99 €","3,03 €/L"
Sobremesa Paturette Chocolate,Páturages,Embalagem de 4x115g,"1,19 €","2,59 €/Kg"
Comida húmida cão -10kg controlo peso peru/cenoura |...,Purina One,4x100 g,"0,75 €","2,50 €/Kg"
Chocolate culinário,Pantagruel,Embalagem de 200g,"1,04 €","8,32 €/Kg"
Escova de dentes max white média,Colgate,1 + 1 unidades,"3,49 €","3,49 €/Unidade"
Hambúrguer Vegeta Green Cuisine,Iglo green,Embalagem de 200g,"1,89 €","6,30 €/Kg"
Uva Branca sem grainha,Fruta do Dia,Embalagem de 500 g,"0,75 €","2,99 €/Kg"
Vermute Floreale sem Álcool,Martini,Garrafa de 750 ml,"11,99 €","11,99 €/L"
Sementes de abóbora,Cemporcent,Embalagem de 150g,"2,29 €","11,45 €/Kg"
Entremeada s/ Entrecosto,Porco,Vendido ao peso a partir de 1 kg,"1,22 €","4,89 €/Kg"
Infusão camomila,Cemporcent,Embalagem de 10 unidades,"0,99 €","76,15 €/Kg"
Tablete de chocolate de leite,Toblerone,Embalagem de 100g,"5,30 €/Kg","5,30 €/Kg"
Deo Spray Black & White Active,Nivea,Embalagem de 150 ml,"4,69 €","31,27 €/L"
Farinheira do Fundão,PorSi,"Vendido ao peso, 1 unidade =200 gr (aprox.)","1,49 €","7,45 €/Kg"
Pensos Higiénicos Fina e Segura Super Alas,Evax,Embalagem c/ 11 Unidades,"1,42 €","1,42 €/Unidade"
Marmelada,Ferbar,Embalagem de 400g,"1,09 €","2,42 €/Kg"
Grão de bico,PorSi,Embalagem de 420g,"1,79 €","2,29 €/Kg"
Preparado para arroz de marisco,Brasmar,Embalagem de 450 g,"1,79 €","7,16 €/Kg"
Pó baratas e formigas,Baygon,Embalagem de 250 g,"4,99 €","19,96 €/Kg"
Lichias em calda,Koala,Embalagem de 567g,"1,99 €","2,37 €/Kg"
"Chá preto, sem cafeína, 10 saquetas",Tetley,Embalagem de 20g,"41,67 €/Kg","41,67 €/Kg"
Iogurte magro + gelatina maracujá,Mimosa,Embalagem de 4 x 120 g,"1,44 €","2,88 €/Kg"
30 comprimidos super ginseng,PLANTANATU,Embalagem de 1 unidades,"7,59 €","126,50 €/Kg"
Sumo natural de maçã bio,Cemporcent,Garrafa de 200 ml,"2,19 €","2,19 €/L"
"Toalhetes intimos sensitive, 15 unidades",Dystron,Uma embalagem,"2,89 €","2,89 €/Unidade"
Queijo mini light,Babybel,Embalagem de 12 x 20 g,"2,39 €","19,92 €/Kg"
Rebuçados mini café,PorSi,Embalagem de 200g,"1,15 €","4,60 €/Kg"
Azeitona Maçanilha inteira,PorSi,Vendido ao peso a partir de 500 g,"1,00 €","3,99 €/Kg"
Cogumelo portobello grande,Legumes do Dia,vendido ao peso,"0,98 €","4,89 €/Kg"
Coleira em nylon p/ cão  repelente 75cm,Repul' 7,Embalagem de 1 unidades,"19,99 €","19,99 €/Unidade"
Farinheira de Sousel,PorSi,1 un = 120 g (aprox.),"1,49 €","7,45 €/Kg"
Arroz de pato,PorSi,Embalagem de 250 g,"2,35 €","5,60 €/Kg"
20 saquetas infusão de lúcia lima,Lipton,Embalagem de 30g,"85,00 €/Kg","85,00 €/Kg"
Molho de alho,Calve,Embalagem de 260g,"0,70 €","2,33 €/Kg"
Vinho tinto,Adega grande,Garrafa de 75 cl,"1,59 €","2,12 €/L"
Fralda de Incontinência c/ Elásticos Tamanho Médio,Lindor,Embalagem de 52 un.,"9,99 €","9,99 €/Unidade"
Elixir bocal para crianças,Listerine,Embalagem de 500 ml,"5,99 €","11,98 €/L"
Semente de chia,Salutem,Embalagem de 125g,"2,29 €","11,45 €/Kg"
"Azeite clássico, virgem extra",Oliveira da Serra,Garrafa de 2 l,"3,19 €","4,25 €/L"
Alimento lácteo sem açucar com sabor a morango/banan...,Yogolino,Embalagem de 4 x 100 gr,"2,89 €","7,23 €/Kg"
Vinho maduro tinto doc alentejano,P.ravessa,Garrafa de 750 ml,"2,89 €","3,85 €/L"
Nuggets de frango,PorSi,Embalagem de 360 g,"9,30 €/Kg","9,30 €/Kg"
Bolos cake e chococolate,Milka,Embalagem de 180g,"2,15 €","2,87 €/Kg"
Maçã Jonagored 70+,Fruta do Dia,1 un = 150 gr (aprox.),"0,27 €","1,49 €/Kg"
Batata pré-frita tradition,MCCAIN,Embalagem de 1 kg,"1,39 €","1,39 €/Kg"
Arroz de pato,PorSi,Embalagem de 400g,"3,53 €","8,83 €/Kg"
Gel anti séptico sensitive,Dystron,Embalagem de 400 ml,"4,69 €","18,76 €/L"
Tomate em pedaços,PorSi,Embalagem de 390g,"1,79 €","2,29 €/Kg"
Gomas tropifrutti,Haribo,Embalagem de 100g,"1,19 €","3,97 €/Kg"
Café 5 estrelas moído tradição,Sical,Embalagem de 250g,"9,76 €/Kg","9,76 €/Kg"
Palmiers,PorSi,Embalagem de 720 g,"2,29 €","3,05 €/Kg"
Gomas funky mix,Haribo,Embalagem de 100g,"1,19 €","3,97 €/Kg"
Gel Banho Vitamin Power,FA,Embalagem de 500 ml,"6,99 €","9,32 €/L"
Loção corporal sport 2 power,FA,Embalagem de 400 ml,"4,49 €","11,23 €/L"
Vinho regional lisboa tinto,Res.cortes,Garrafa de 750 ml,"4,99 €","6,65 €/L"
Estojo evaw glitch gradient,*,1 unidade,"19,90 €","19,90 €/Unidade"
Cotos de Frango do Campo Lusitano,PorSi Select,embalagem de 500 g (aprox.),"19,95 €","3,99 €/Kg"
Café em cápsulas aqtivus,Delta Q,Embalagem de 55 g,"2,79 €","19,93 €/Kg"
Mix do Bosque,Fruta Embalada,Embalagem com 175 gr,"0,75 €","2,99 €/Kg"
Espumosos tinto bruto attitude,Fita azul,Garrafa 0.75L,"3,99 €","5,32 €/L"
Mochila junior glittery,LOL,1 unidade,"19,90 €","19,90 €/Unidade"
Cabo de metal com rosca,PorSi,1.35 m,"2,20 €","2,20 €/Unidade"
Massa folhada margarina,PorSi,Embalagem de 230 g,"0,99 €","4,30 €/Kg"
Tortellini ricotta e espinafres,Rana,Embalagem de 250g,"0,99 €","4,30 €/Kg"
"M&m's drageias de chocolate de leite,",M&m's,Embalagem de 200g,"11,98 €/Kg","11,98 €/Kg"
Veggie bowls quinoa & abóbora 350g,Iglo green,Embalagem de 350g,"1,89 €","6,30 €/Kg"
Pasta de sardinha,Fides,Embalagem de 90g,"1,19 €","13,52 €/Kg"
Pedaços de tamboril,PorSi,Embalagem de 500G,"4,39 €","10,98 €/Kg"
Super homem,PLANTANATU,Embalagem de 1 unidades,"7,59 €","126,50 €/Kg"
Farinheira do Ribatejo,PorSi,Embalagem de 180g,"1,49 €","7,45 €/Kg"
Creme vegetal culinário,Vaqueiro,Embalagem de 1 kg,"1,39 €","6,95 €/L"
Fruta para bebé multifrutas +4 meses,Nestle,Embalagem de 90g,"0,74 €","8,22 €/Kg"
Leite com chocolate light,Mimosa,Embalagem de 200 ml,"0,26 €","1,30 €/L"
Bolachas chiquilin energy,Artiach,Embalagem de 200g,"1,69 €","6,76 €/Kg"
5 gouaches de cores primárias,Domédia,Uma embalagem,"3,09 €","3,09 €/Unidade"
Fraldas agility T4 de 9 a 15 kg,PorSi,50 unidades,"6,49 €","6,49 €/Unidade"
Pudim de ananás,Boca Doce,Embalagem de 20g,"0,59 €","29,50 €/Kg"
Gel de banho hydra energetic,Men expert,Embalagem com 300 ml,"5,99 €","14,98 €/L"
Maionese,PorSi,Embalagem de 260 g,"0,70 €","2,33 €/Kg"
Doce cereja 284g,ST.DALFOUR,Frasco de 284g,"2,19 €","9,95 €/Kg"
Bolacha recheada mega duo chocolate,Gullon,Embalagem de 500g,"2,15 €","2,87 €/Kg"
Bolachas digestive go aveia,Triunfo,Embalagem de 170g,"0,98 €","3,27 €/Kg"
Salva Camas 60 x 60 cm,PorSi,Embalagem com 20 un.,"4,99 €","4,99 €/Unidade"
Barras de cereais golden grahams,Nestle,Embalagem de 150g,"1,29 €","10,24 €/Kg"
Queimador extra forte,Prozis,Embalagem de 1 unidades,"7,59 €","126,50 €/Kg"
Bolinhos de Amendoim,Fabridoce,Embalagem de 200g,"2,29 €","3,05 €/Kg"
Snack para cão adulto com frango,Friskies,Embalagem de 200g,"0,94 €","5,22 €/Kg"
Moscatel roxo c/ caixa,Pioneiro,Garrafa de 750 ml,"5,99 €","7,99 €/L"
Refrigerante de cola zero,PorSi,Garrafa de 2 l,"0,40 €/L","0,40 €/L"
Recarga removedor de pelos - 56 folhas,Scotch bri,Embalagem de 1 unidades,"8,75 €","8,75 €/Unidade"
Preparado para bolo de laranja,B.neve,Embalagem de 450g,"2,05 €","5,13 €/Kg"
Petit gateau morango 4x80g,PorSi,Embalagem de 320g,"2,49 €","7,55 €/Kg"
Comida húmida para cão de frango e arroz,PorSi,Lata de 400 g,"0,75 €","2,50 €/Kg"
Alimento húmido para cão vaca,Pedigree,Embalagem de 300g,"0,75 €","2,50 €/Kg"
Bebida amêndoa torrada sem açúcar,Alpro,Embalagem de 1 litro,"2,49 €","2,49 €/L"
Spray Casa Banho Anti Fungos,Pattex,Embalagem 500ML,"1,79 €","2,39 €/L"
Fralda Cueca Activity Extra Tamanho 4,Dodot,Embalagem com 45 uni.,"4,59 €","4,59 €/Unidade"
Fraldas Bebé Seco T3 | 6-10 Kg,Dodot,Embalagem com 62 un.,"6,49 €","6,49 €/Unidade"
Toffee crisp,Toff.crisp,Embalagem de 4 x 83 g,"11,93 €/Kg","11,93 €/Kg"
"Cereais crusts, amêndoas e mel",PorSi,Embalagem de 380g,"2,29 €","6,11 €/Kg"
Pensos para picadas de insetos,PorSi,10 unidades,"1,69 €","1,69 €/Unidade"
Chuchu,Legumes do Dia,1 un = 250 gr  (aprox.),"0,62 €","2,49 €/Kg"
"Cla ultra l-carnitina + chá verde, 30caps",PLANTANATU,Embalagem de 1 unidades,"7,59 €","126,50 €/Kg"
Manteiga com sal,Novacores,Embalagem de 250g,"1,69 €","6,76 €/Kg"
Ambientador para a máquina da loiça de lima e limão,Finish,embalagem com 2 un.,"16,63 €/L","16,63 €/L"
Tablete de chocolate de preto,Nestle,Embalagem de 90g,"16,67 €/Kg","16,67 €/Kg"
Caldeirada de peixe ultracongelada,Brasmar,Embalagem de 700g,"1,79 €","7,16 €/Kg"
Aguardente XO 10 anos,Aliança,Garrafa de 0.5 l,"12,79 €","18,27 €/L"
Pensos Higiénicos Cottonlike Noite Extra Abas,Evax,16 unidades,"1,42 €","1,42 €/Unidade"
Bolacha waffer cacau,Waferland,Embalagem de 175g,"0,98 €","4,67 €/Kg"
Ovos de Galinhas Criadas ao Ar Livre,PorSi,6 ovos frescos,"1,39 €","1,39 €/Unidade"
Vinagre balsâmico,PorSi,Embalagem de 250 ml,"0,35 €","0,70 €/L"
Sacos lixo com alças 25 litros,PorSi,30 unidades,"1,79 €","1,79 €/Unidade"
Puré de batata,Maggi,Embalagem de 250g,"1,99 €","1,99 €/Kg"
Detergente manual roupa,PorSi,Embalagem de 650g,"1,09 €","2,73 €/Kg"
Abacate,Programa Origens,1 un. = 300 g (aprox.),"2,30 €","4,59 €/Kg"
Espumante cava meio seco reserva,Freixenet,Garrafa de 750 ml,"8,49 €","11,32 €/L"
"Refrigerante com gás, laranja, lata",Fanta,pack 6 x 0.33 l,"0,40 €/L","0,40 €/L"
"Refresco em pó, manga",PorSi,Embalagem de 40g,"0,75 €","18,75 €/Kg"
Queijo Curado de Cabra,Mourisca,Vendido ao peso a partir de 250 gr,"1,89 €","10,50 €/Kg"
Bochechas,Porco,1 un = 150 gr (aprox.),"1,22 €","4,89 €/Kg"
Queijo Curado kg,Castelões,1 un = 250 gr  (aprox.),"25,45 €/Kg","25,45 €/Kg"
Pensos banda,PorSi,100 x 6 cm,"1,69 €","1,69 €/Unidade"
"Batata frita, queijo e ervas",PorSi,Embalagem de 190g,"1,19 €","6,43 €/Kg"
Petit gâteau,PorSi,Embalagem de  4 x 80 g,"2,49 €","7,55 €/Kg"
Shampo automóvel laranja,PorSi,Embalagem de 5 l,"3,99 €","0,80 €/L"
Ice tea de limão,PorSi,"Embalagem de 6x0,20 l","1,14 €","0,76 €/L"
Papel Fotocópia A4 |80g,Navigator,,"2,19 €","109,50 €/L"
Super tea immune com vitamina c,Tetley,Embalagem de 40g,"44,50 €/Kg","44,50 €/Kg"
Lenços de Bolso 4 Folhas Sensitive,Colhogar,embalagem com 10 un.,"0,89 €","0,89 €/Unidade"
Banana Canárias,Fruta do Dia,1 un= 200 gr (aprox.),"0,58 €","2,89 €/Kg"
Porto lágrima,Ferreira,Garrafa 0.75L,"11,99 €","15,99 €/L"
Leite de pastagem magro,Terra Nostra,Embalagem de 1 litro,"0,81 €","0,81 €/L"
Manteiga sem sal,Mimosa,Embalagem de 250g,"1,69 €","6,76 €/Kg"
"Dentífrico Senses Melancia, Pepino e Menta",Aquafresh,75 ml,"2,39 €","31,87 €/L"
Alimento seco para cão alta energia,PorSi,Embalagem de 10kg,"12,95 €","3,24 €/Kg"
Azeite virgem extra clássico,Gallo,Garrafa de 750 ml,"3,19 €","4,25 €/L"
SuperCeys,Ceys,1 unidade,"3,99 €","3,99 €/Unidade"
Detergente para loiça plus + limão,Super Pop,Embalagem de 1L,"0,99 €","1,98 €/L"
Sumo 100% maçã,PorSi,pack 3 x 200 ml,"1,09 €","0,73 €/L"
Tostas suecas integrais,PorSi,Embalagem de 225 g,"0,69 €","3,07 €/Kg"
Batata pré-frita palitos finos,PorSi,Embalagem de 1 kg,"1,39 €","1,39 €/Kg"
Resguardos de cama,PorSi,20 unidades de 80 x 180 cm,"4,99 €","4,99 €/Unidade"
Refrigerante c/ gás de laranja zero,Fanta,"Garrafa de 1,5 l","0,40 €/L","0,40 €/L"
Bebida de soja sem acucar 1l,Alpro,Embalagem de 1L,"2,49 €","2,49 €/L"
Bolachas cacau com cereais e pepitas de chocolate,PorSi,Embalagem de 400 g,"0,90 €","6,00 €/Kg"
Amendoim com Casca,PorSi,Embalagem de 500g,"0,79 €","3,95 €/Kg"
"Sopa gourmet, cogumelos",Knorr,Embalagem de 60g,"0,84 €","13,55 €/Kg"
Sumo 100% laranja,PorSi,Pack 3 x 200 ml,"1,09 €","0,73 €/L"
Choco limpo 20/40,PorSi,Embalagem de 800 g,"5,49 €","6,86 €/Kg"
Limpa Moveis Lavanda,Pronto,300 ml,"4,39 €","14,63 €/L"
Barras cereais chocapic,Nestle,Embalagem de 150g,"1,29 €","10,24 €/Kg"
After shave gold,Denim,Embalagem de 100 ml,"1,16 €","4,64 €/L"
Vinho Regional de Lisboa Branco,Mundus,"Garrafa de 0,75L","2,29 €","3,05 €/L"
Limpa móveis cera abelhas,PorSi,Frasco de 300ml,"4,39 €","14,63 €/L"
"Alimento para cão adulto bio complex mix, com frango",HappyOne,Embalagem de 4 kg,"12,95 €","3,24 €/Kg"
"Anti-calcário em pó, máquina roupa",PorSi,Embalagem de 800g,"10,99 €","52,33 €/Kg"
Ambientador Arbre Baunilha,Arbre Magique,3 unidade,"2,89 €","2,89 €/Unidade"
Creme abrasivo de limão,PorSi,Embalagem de 750 ml,"0,99 €","1,32 €/L"
Molho tomate com azeitonas,PorSi,Frasco de 420g,"0,70 €","2,33 €/Kg"
Agrafador pocket universal nº10,Maped,1 unidade,"1,69 €","1,69 €/Unidade"
Bastão de Cola,Domédia,10 g,"1,79 €","1,79 €/Unidade"
Spray wc anticalcário,PorSi,embalagem de 750 ml,"1,79 €","2,39 €/L"
Borracha para desenho técnico,Domédia,1 unidade,"4,69 €","4,69 €/Unidade"
Café moagem universal brasil,Delta,Embalagem de 220g,"9,16 €/Kg","9,16 €/Kg"
Esferográfica Preta Retratil 0.7mm,Mab,Embalagem com 1 un.,"2,69 €","2,69 €/Unidade"
Canela em pau,PorSi,Saqueta de 30 g,"0,25 €","0,25 €/Kg"
3 Pipetas de Repelente p/ Gato,Repul'7,1 unidade,"1,19 €","0,24 €/Kg"
Massa de cotovelinhos,Nacional,Embalagem de 500g,"0,89 €","1,78 €/Kg"
Gambão 20/30,Marisco Congelado,Vendido a partir de 250 (aprox.),"2,00 €","7,99 €/Kg"
Bacalhau espiritual,PorSi,Embalagem de 300g,"1,79 €","7,16 €/Kg"
Wafers caramelo cubos,Vieira,Embalagem de 130g,"0,98 €","4,67 €/Kg"
Fralda Cueca Banho Splashers T5,Dodot,1 Embalagem c/10 unidades,"4,59 €","4,59 €/Unidade"
Ambientador gel floral,PorSi,150 g,"16,63 €/L","16,63 €/L"
10 saquetas infusão de camomila,Lipton,Embalagem de 10g,"0,99 €","76,15 €/Kg"
Pêssego Vermelho A,Programa Origens,1 un = 150 gr (aprox.),"0,35 €","2,49 €/Kg"
Almofada royal,Bestway,1 un.,"14,99 €","14,99 €/Unidade"
Farinha láctea 5 frutos,PorSi,Embalagem de 500g,"4,49 €","4,49 €/Kg"
"Recarga Espanador, 10 unidades",Swiffer,Uma embalagem,"2,54 €","2,54 €/Unidade"
Sidra frutos vermelhos,Somersby,pack 4 x 0.33 l,"1,59 €","3,18 €/L"
Azeite virgem extra clássico,Gallo,Garrafa de 250 ml,"3,19 €","4,25 €/L"
Queijo curado -30% gordura,Casteloes,500 g,"25,45 €/Kg","25,45 €/Kg"
Régua 50 cm,Mab,1 un.,"1,69 €","1,69 €/Unidade"
Choco limpo congelado,PorSi,Vendido ao peso a partir de 200 g (aprox.),"6,99 €","6,99 €/Kg"
Leite uht meio gordo,PorSi,Embalagem com rosca de 1 l,"0,81 €","0,81 €/L"
Pasta de açúcar bege,PorSi,250 g,"1,49 €","1,49 €/Kg"
Danette caramel 125g p4,Danone,Embalagem de 4 x 125 g,"1,19 €","2,59 €/Kg"
Açúcar mascavado,PorSi,Embalagem de 500g,"1,49 €","1,49 €/Kg"
Moscatel de Douro Reserva,Favaios,Garrafa de 0.75 l,"5,99 €","7,99 €/L"
Esponja Autobrilhante Incolor,Búfalo,Unidade,"2,59 €","2,59 €/Unidade"
4 hamburguers frango s/ glúten,Capitão Iglo,Embalagem de 240g,"11,44 €/Kg","11,44 €/Kg"
Batata pré-frita rodelas para saltear,PorSi,Embalagem de 1 kg,"1,39 €","1,39 €/Kg"
Colchonete em Espuma,Saurium,"Dim.: 180x60x1,2 cm","6,99 €","6,99 €/Unidade"
Limpa Estofos de Pele,PorSi,Embalagem de 1 l,"3,99 €","0,80 €/L"
Pensos para bolhas,PorSi,20 unidades,"1,69 €","1,69 €/Unidade"
Bolacha princesa chocolate,Vieira,Embalagem de 200 g,"6,83 €/Kg","6,83 €/Kg"
Cama de rede,Saurium,Dim.: 180 x 80 cm,"3,00 €","3,00 €/Unidade"
Queijo flamengo ralado,PorSi,Embalagem de 200G,"1,56 €","7,80 €/Kg"
Camarão selvagem de Madagáscar 60/80,*,Vendido ao peso,"2,00 €","7,99 €/Kg"
8 salsichas bockwurst,PorSi,1 Frasco 720G,"0,75 €","3,75 €/Kg"
Tablete triple caramelo,Milka,Embalagem de 90g,"5,30 €/Kg","5,30 €/Kg"
Pastas Smart Consept Lombada Larga,Firmo,1 un.,"2,29 €","2,29 €/Unidade"
Barras de cereais fitness crunchy & caramelo,Nestle,Embalagem de 140g,"1,29 €","10,24 €/Kg"
Mousse d´or,Du Bois de la Roche,Embalagem de 200 g,"2,29 €","3,05 €/Kg"
Coelho Inteiro Programa Origens,PorSi,1 un = 1 kg (aprox.),"19,95 €","3,99 €/Kg"
Ketchup,Calve,Embalagem de 280g,"0,70 €","2,33 €/Kg"
Iogurte corpos danone + proteína ananás,Danone,Embalagem de 150g,"5,97 €/Kg","5,97 €/Kg"
"Coloração permanente, óleo intenso, castanho praliné...",Syoss,1 unidade,"8,49 €","8,49 €/Unidade"
Azeite virgem extra dop trás-os-montes,PorSi Select,Embalagem 750 ml,"3,19 €","4,25 €/L"
Pensos de incontinência Mini,Ausonia,Uma embalagem - 20Unidades,"1,95 €","1,95 €/Unidade"
Aroma de morango,Rayners,Garrafa de 28 ml,"0,75 €","15,00 €/Kg"
Gengibre desidratado em cubos,Cemporcent,Embalagem de 100g,"1,94 €","3,88 €/Kg"
Whisky 10 anos,Bushmills,Garrafa de 700 ml,"32,99 €","47,13 €/L"
Tablete de chocolate negro,Nestle,Embalagem de 100 g,"16,67 €/Kg","16,67 €/Kg"
Refrigerante C/ Gás Zero,Coca-Cola,Garrafa de 1 l,"0,40 €/L","0,40 €/L"
Café solúvel creme,Delta,Embalagem de 80 g,"14,50 €/Kg","14,50 €/Kg"
Pez blister,PEZ,Embalagem de 70g,"2,30 €","57,50 €/Kg"
Mortadela de peru,PorSi,1 un = 150 gr (aprox.),"1,05 €","6,99 €/Kg"
Bebida energética a-zero,Monster,Garrafa de 500 ml,"5,39 €","5,39 €/L"
Spray bolor e sujidade,Cillitbang,Garrafa de 500 ml,"1,19 €","0,79 €/L"
"Yofu pedaços, 2 pêssegos, 2 frutas exóticas",Alpro,Embalagem de 4x125 g,"3,09 €","6,18 €/Kg"
Marmelada sem conservantes,PorSi,Embalagem de 500g,"1,09 €","2,42 €/Kg"
Infusão de tília,Tetley,Embalagem de 10g,"0,99 €","76,15 €/Kg"
"Tabuleiro Forno 29x21x3,5 cm",Rioja IMF,1 unidade,"7,99 €","7,99 €/Unidade"
Painho de Sousel,PorSi,"Vendido ao peso, fatiado a partir de 100 gr","2,79 €","13,95 €/Kg"
Bola Fiambre/ Queijo/ Bacon/ Chourição,Nutriva,,"0,65 €","0,65 €/Unidade"
Esfregão Power Inox,Vileda,2 unidades,"2,54 €","2,54 €/Unidade"
Feijão manteiga,PorSi,Embalagem de 500g,"2,78 €/Kg","2,78 €/Kg"
Vinho regional lisboa reserva tinto,Marginal,Garrafa de 0.75 l,"4,99 €","6,65 €/L"
Confetis 80 gr sortido,Mercagranel,Embalagem de 80 gr,"0,54 €","0,54 €/Unidade"
Alimento lácteo cereais e bolachas maria +6 meses,Yogolino,Embalagem de 4 x 100 g,"2,89 €","7,23 €/Kg"
"Farinha láctea 8 cereais, mel, 4 frutas",Nutriben,Embalagem de 300g,"4,49 €","4,49 €/Kg"
Papel Higiénico Compacto Ultra Suave XXL,Colhogar,12 rolos,"1,99 €","1,99 €/Unidade"
Bolachas waffers morango,PorSi,Embalagem de 210g,"0,98 €","4,67 €/Kg"
Semente papoila,Salutem,Embalagem de 125g,"2,29 €","11,45 €/Kg"
Tablete chocolate chips ahoy,Milka,Embalagem de 100g,"5,30 €/Kg","5,30 €/Kg"
Chili com carne,Itinéraire des Saveurs,Embalagem 300G,"2,35 €","5,60 €/Kg"
Carcaça Rústica 70 g,Pão do Dia,,"0,19 €","2,38 €/Kg"
Mimosa bem especial leite e aveia,Mimosa,Embalagem de 1 litro,"2,19 €","2,19 €/L"
"Comida húmida para cão júnior com frango, cenoura em...",Friskies,Embalagem de 100g,"0,75 €","2,50 €/Kg"
Na-esparguete bio 500g 10kg,Nacional,Embalagem de 500g,"0,89 €","1,78 €/Kg"
Atum posta em azeite,PorSi,Embalagem de 120g,"0,89 €","7,42 €/Kg"
Pão de forma sem côdea 9 cereais,Panrico,Embalagem de 480g,"2,63 €/Kg","2,63 €/Kg"
Amaciador concentrado para roupa aloé vera,PorSi,80 doses,"3,99 €","3,99 €/Unidade"
Iogurte morango 000%,PorSi Viva Bem,Embalagem de 4 x 125 g,"4,36 €","2,18 €/Kg"
Pasta de açúcar branco,PorSi,250 g,"1,49 €","1,49 €/Kg"
Bolo de chocolate brownie,Milka,Embalagem de 150g,"1,69 €","8,45 €/L"
Amaciador para a roupa pureza campestre,Larbrevert,53 doses,"8,99 €","2,25 €/L"
Discos de algodão para bebé,PorSi,60 unidades,"14,99 €","14,99 €/Unidade"
Mousse cabelo caracois,Labell,Embalagem de 200ml,"4,19 €","16,76 €/L"
Vela em número nª2,PorSi,1 unidade,"0,60 €","0,60 €/Unidade"
Bambolitos pretos,PorSi,Embalagem de 150g,"0,79 €","5,27 €/Kg"
Leite desmaquilhante para peles secas,Labell,Embalagem de 250 ml,"1,15 €","4,60 €/L"
Dentifríco 2 em 1 super branqueador,Theramed,Embalagem de 75 ml,"3,39 €","45,20 €/L"
Couscous comespeciarias 4x125g,PorSi,Embalagem de 500g,"0,89 €","1,78 €/Kg"
Pizza hawai,PorSi,Embalagem de 350g,"2,16 €","6,17 €/Kg"
Recarga mopa 1.2 spray max,Vileda,1 unidade,"0,89 €","0,89 €/Unidade"
"Lixívia para roupa, azul, tradicional",Neoblanc,Embalagem de 1 l,"1,74 €","0,35 €/L"
Café moagem normal: intenso,Buondi,Embalagem de 220g,"9,76 €/Kg","9,76 €/Kg"
Fruta para bebé 4 frutas +4 meses,Nestle,Embalagem de 90g,"0,74 €","8,22 €/Kg"
Atum posta em azeite,Bom petisc,Embalagem de 120 g,"0,89 €","7,42 €/Kg"
Lava tudo antibacteriano marinho,PorSi,Garrafa de 1.5 l,"0,99 €","0,50 €/L"
Yofu soja natural sem açúcar,Alpro,Embalagem de 500g,"3,09 €","6,18 €/Kg"
Abrasivo sanitário gel citrinos,PorSi,embalagem de 1 litro,"0,99 €","1,32 €/L"
Castanhas 80/100,Frutos secos,1 un = 250 gr  (aprox.),"1,25 €","4,99 €/Kg"
Café dak lak vietnam moagem universal,Sical,Embalagem de 220g,"9,76 €/Kg","9,76 €/Kg"
Luvas Universal Pequeno/Médio,Vileda,1 unidade,"2,40 €","2,40 €/Unidade"
Cogumelos inteiros,PorSi,Embalagem de 355 g,"1,79 €","2,29 €/Kg"
Alperce,Fruta do Dia,Vendido a partir de 250 gr,"0,35 €","2,49 €/Kg"
Hamburger cogumelos,Veg In,Embalagem de 160g,"3,39 €","21,19 €/Kg"
Bolo Brigadeiro 800 g,Pastelaria do Dia,,"8,99 €","11,24 €/Kg"
Gressinos com azeite,PorSi,Embalagem de 250g,"0,69 €","3,07 €/Kg"
Cobertura tábua de engomar,PorSi,Dim.: 120 x 42 cm,"16,50 €","16,50 €/Unidade"
Cerveja 0.0%,Sagres,Lata 0.33 l,"5,99 €","3,03 €/L"
50 nuggets de frango,Capitão Iglo,Embalagem de 1042g,"2,79 €","8,72 €/Kg"
Penso júnior,PorSi,20 unidades,"1,69 €","1,69 €/Unidade"
Queque,PorSi,1 unidade = 55 g,"0,30 €/Unidade","0,30 €/Unidade"
Refrigerante com gás de laranja,Sumol,"Garrafa de 1,25 l","0,40 €/L","0,40 €/L"
"Batata frita, multipack",Ruffles,Embalagem de 180g,"1,06 €","5,73 €/Kg"
Batata doce polpa laranja,*,Vendido ao peso a partir de 500 g,"0,25 €","0,99 €/Kg"
Snack gato sticks salmao 6x5g,PorSi,Embalagem de 30g,"0,99 €","16,50 €/Kg"
Chouriço fatiado,Campofrio,Embalagem de 80g,"0,95 €","9,49 €/Kg"
Bolachas galettes bretonnes,Chabrior,Embalagem de 125 g,"1,69 €","6,76 €/Kg"
Caramelos de fruta,Penha,Embalagem de 250 g,"1,10 €","4,40 €/Kg"
Estojo redondo,PorSi,1 unidade,"19,90 €","19,90 €/Unidade"
Spray lixívia e higiene,Cillitbang,Garrafa de 500 ml,"1,19 €","0,79 €/L"
Limpa Móveis,PorSi,Embalagem de 300 ml,"4,39 €","14,63 €/L"
Gin dry bombay(40º) 0.70l,Bombay,Garrafa de 700 ml,"26,99 €","38,56 €/L"
Barrita controlo de peso maçã,Ignoramu,Embalagem de 44g,"3,99 €","39,90 €/Kg"
Vinho Verde Loureiro Branco,Aveleda,Garrafa de 0.75 l,"2,89 €","3,85 €/L"
"Gelatina pronto a comer, 10kcal tropical",Royal,Embalagem de 4 x 100 g,"0,85 €","2,13 €/Kg"
Pão Centeio com Nozes,Garcia & Filhos,1 unidade= 400 g,"0,19 €","2,38 €/Kg"
Guardanapos Red Label 1 folha |Vermelho,Renova,Dim: 30x32cm |70 unidades,"1,29 €","1,29 €/Unidade"
Feijão encarnado em frasco,PorSi,frasco de 540 g,"1,79 €","2,29 €/Kg"
Sardinha Congelada,Peixe Congelado,1 un = 250 gr  (aprox.),"3,99 €/Kg","3,99 €/Kg"
Nêspera,Fruta da Época,1 un = 250 gr  (aprox.),"1,00 €","3,99 €/Kg"
Fruta para bebé maçã banana +4 meses,Nestle,Embalagem de 4 x 100 g,"0,74 €","8,22 €/Kg"
Fralda Cueca T3,Dodot,Embalagem de 37 un.,"4,59 €","4,59 €/Unidade"
Tesoura essencial soft 21 cm,Maped,unidade,"2,19 €","109,50 €/L"
Snack bounty single 57g,BOUNTY,Embalagem de 60g,"11,93 €/Kg","11,93 €/Kg"
Concentrado de frutas tropicais,Sunquick,Garrafa de 700 ml,"4,89 €","6,61 €/L"
Queijo de vaca curado amanteigado,PorSi,+/- 550 g,"25,45 €/Kg","25,45 €/Kg"
8 salsicha soja,Izidoro,Embalagem de 180g,"2,09 €","8,36 €/Kg"
Miolo de amêndoa sem pele inteira,PorSi,200 g,"0,79 €","3,95 €/Kg"
Fígado,Porco,Vendido ao peso a partir de 1 kg,"0,50 €","4,99 €/Kg"
Gelatina ananás 8 kcal,PorSi,Embalagem de 4 x 100 g,"0,85 €","2,13 €/Kg"
Fio dentário fluór+menta 50m,Labell,1 unidade,"3,49 €","3,49 €/Unidade"
Mousse de chocolate,Royal,Embalagem de 160g,"0,79 €","5,27 €/Kg"
Tablete de chocolate culinário branco,PorSi,Embalagem de 180 g,"0,99 €","9,90 €/Kg"
Toucinho fumado extra,PorSi,Embalagem de 200 g,"1,45 €","18,13 €/Kg"
Aperitivos 3d's cones,3d's,Embalagem de 90g,"0,79 €","7,90 €/Kg"
Whisky,William Lawson's,1 l,"23,49 €","23,49 €/L"
Mistura solúvel c/ 20% café granulado,PorSi,Embalagem de 200g,"1,64 €","6,56 €/Kg"
Wc lixívia gel original,Domestos,Garrafa de 750 ml,"2,79 €","3,99 €/L"
Azeite Virgem Extra Suave,Gallo,Garrafa de 750 ml,"3,19 €","4,25 €/L"
Bebida de soja baunilha,Shoyce,embalagem de 3x200 ml,"1,79 €","2,98 €/L"
Mistolin advanced lixívia,Mistolin,Garrafa de 500 ml,"1,79 €","2,39 €/L"
Mexilhão Médio Fresco,Marisco Fresco,Vendido ao peso,"4,99 €","4,99 €/Kg"
Vinho Rosé,Mateus,"Garrafa de 1,5L","4,29 €","5,72 €/L"
Copos para pic nic 145 ml rosa,PorSi,Embalagem com 4 unidades,"3,00 €","3,00 €/Unidade"
Lava Tudo Perfumado Herbal,PorSi,Embalagem de 2 l,"0,99 €","0,50 €/L"
Pastéis de nata,PorSi,Embalagem de 6x60 g,"2,49 €","7,55 €/Kg"
Cordon bleu,Iglo,Embalagem de 200g,"4,99 €","24,95 €/Kg"
Presunto fatiado 6 meses,PorSi,Embalagem de 140 g,"2,79 €","13,95 €/Kg"
As minhas primeiras receitas - refeição esparguete c...,Nestle,Embalagem de 190g,"1,89 €","9,95 €/Kg"
Gelado carte d'or tarte limão merengue,Olá,Embalagem de 900 ml,"5,49 €","6,10 €/L"
Lixívia WC Gel Higienizante,Neoblanc,Embalagem de 700ml,"2,59 €","1,30 €/L"
Levedura de cerveja,Cemporcent,Embalagem de 150g,"2,29 €","11,45 €/Kg"
Farelo de trigo,Cemporcent,Embalagem de 250g,"2,29 €","11,45 €/Kg"
"Croissants com recheio de cacau, 5 unidades",Dulcesol,Embalagem de 230g,"2,05 €","5,13 €/Kg"
Saqueta de puré de fruta | maçã + manga + pêssego,PorSi,90 g,"0,74 €","8,22 €/Kg"
Cabo de madeira com rosca,PorSi,1.20 m,"2,20 €","2,20 €/Unidade"
Tablete de chocolate culinário 70% negro,PorSi,Embalagem de 200 g,"1,04 €","8,32 €/Kg"
Queijo Saint Albray.,St.Albray,Vendido ao peso a partir de 250 gr,"1,45 €","7,25 €/Kg"
Pensos incontinência homem,PorSi,10 unidades,"1,95 €","1,95 €/Unidade"
"Pasta dentífrica, proteção branqueador",Labell,Embalagem de 75 ml,"2,39 €","31,87 €/L"
Vela com número nº 0,PorSi,1 unidade,"0,60 €","0,60 €/Unidade"
Veiculo Hot wheels,Hot Wheels,1 unidade,"22,99 €","22,99 €/Unidade"
Limpa Estofos de Tecido,PorSi,Embalagem de 1 l,"3,99 €","0,80 €/L"
O cacau + cremoso,Cemporcent,Embalagem de 180g,"2,29 €","22,90 €/Kg"
Biscoitos integrais aveia e manteiga de amendoim,PorSi Viva Bem,Embalagem de 150g,"2,29 €","3,05 €/Kg"
Caldo carne 16 cubos,Knorr,Embalagem de 160g,"3,84 €","24,00 €/Kg"
Doce de alperce com frutose,Salutem,Embalagem de 330g,"4,49 €","13,61 €/Kg"
Leite de pastagem meio-gordo,Terra Nostra,Embalagem de 1 litro,"0,81 €","0,81 €/L"
Fato de Pai Natal |Adulto,Anitex,,"7,99 €","7,99 €/Unidade"
Feijão mung bio,Cemporcent,Embalagem de 250g,"1,94 €","3,88 €/Kg"
Arroz brajma,Cigala,Embalagem de 1 kg,"0,99 €","0,99 €/Kg"
Vinho do porto lágrima branco,R.pinto,Garrafa de 750 ml,"11,99 €","15,99 €/L"
Favas ultracongeladas,PorSi,Embalagem de 1 kg,"1,89 €","1,89 €/Kg"
Mistura para carnes,PorSi,Embalagem de 40g,"0,25 €","0,25 €/Kg"
Alface Lisa,Legumes do Dia,1 un= 400 g (aprox.),"0,80 €","1,99 €/Kg"
Fralda Cueca de Banho |Tamanho 4 - 6-12 kg,Pommette,,"4,59 €","4,59 €/Unidade"
Frutapura maçã manga laranja,Bledina,Embalagem de 85g,"2,29 €","6,94 €/L"
Ameijoa Branca Vietnamita,Marisco Congelado,Vendido a partir de 250 gr  (aprox.),"2,00 €","7,99 €/Kg"
Danacol aveia,Danone,Embalagem de 6 x 100 g,"4,15 €/Kg","4,15 €/Kg"
Abrasivo wc gel ecologico,PorSi,Garrafa de 1 l,"0,99 €","1,32 €/L"
Ração seca para gatinhos frango e legumes,PorSi,Embalagem de 2 kg,"12,99 €","4,33 €/Kg"
Frutose,PorSi,Boião de 410 g,"5,99 €","23,96 €/Kg"
Queijo edam light fatias,PorSi Viva Bem,Embalagem de 150g,"2,39 €","19,92 €/Kg"
Flocos de centeio integral,Cemporcent,Embalagem de 400g,"0,69 €","1,73 €/Kg"
Tablete de chocolate negro,PorSi,Embalagem de 100 g,"16,67 €/Kg","16,67 €/Kg"
Pães de leite,s. tomé,Embalagem de 300 g,"7,40 €/Kg","7,40 €/Kg"
Rolo de Cozinha Megarollo,Scottex,Uma embalagem c/ 8 rolos,"4,99 €","4,99 €/Unidade"
Whisky scotch blend,Sir Edward,Garrafa de 0.70 l,"23,49 €","23,49 €/L"
Grelos couve,PorSi,Embalagem com 500 g (aprox.),"2,29 €","2,29 €/Kg"
Bacalhau à Brás,PorSi,Embalagem de 1 kg,"1,79 €","7,16 €/Kg"
"Creme revitalizante, noite",L'oreal,Embalagem de 50 ml,"2,99 €","59,80 €/L"
Recarga Esfregona de Algodão,PorSi,1 unidade,"0,89 €","0,89 €/Unidade"
Cola stick,Uhu,Conjunto de 2 x 21 g,"2,19 €","109,50 €/L"
Água s/ gás frutos vermelhos,Luso,Garrafa de 1 l,"1,04 €","0,17 €/L"
Queijo mozzarella fresca,Galbani,Embalagem de 125 g,"1,59 €","6,36 €/Kg"
Escova dentes kids minions bateria,Colgate,1 un.,"0,99 €","0,99 €/Unidade"
Guardanapos com riscas verdes | Dim.: 33 x 33 cm,PorSi,Embalagem com 20 unidades,"1,29 €","1,29 €/Unidade"
Ração para gato adulto crunchy & tender com salmão,Friskies,"Embalagem de 1,5 kg","12,99 €","4,33 €/Kg"
Fralda Incontinência Grande,Affective,20 Unidades,"9,99 €","9,99 €/Unidade"
Marcadores para colorir,Domédia,embalagem com 18 unidades,"3,09 €","3,09 €/Unidade"
Leite e cereais pijama +6 meses,Cerelac,Garrafa de 400 ml,"4,49 €","4,49 €/Kg"
Beterraba Cozida,*,Embalagem de 450 g,"0,62 €","2,49 €/Kg"
Iogurte líquido yoggi morango,Nestle,Embalagem de 4 x 160 g,"1,17 €","1,83 €/Kg"
8 hamburguers s/ glúten vaca,Capitão Iglo,Embalagem de 640g,"2,79 €","8,72 €/Kg"
Queijo fundido palitos,A Vaca Que Ri,Embalagem de 35g,"0,82 €","23,43 €/Kg"
Champô miracle volume + nutrição,Pantene,225 ml,"5,59 €","13,98 €/L"
Vinho DOC Dão Tinto,Dharma,"Garrafa de 0,75 L","3,99 €","5,32 €/L"
Spray limpeza fornos e grelhas,PorSi,500 ml,"1,29 €","1,72 €/L"
Cerveja super bock stout,Super Bock,Garrafa de 330 ml,"0,38 €","1,15 €/L"
Néctar pera,PorSi,Embalagem de 1 l,"0,99 €","0,99 €/L"
Vinho tinto regional alentejano,Galitos,Garrafa de 750 ml,"2,89 €","3,85 €/L"
Champô Hidratante,Baby Dove,Embalagem de 400 ml,"4,99 €","16,63 €/L"
Fralda Cueca de Banho |Tamanho 3 X/S,Pommette,Embalagem de 12 un.,"4,59 €","4,59 €/Unidade"
Pilhas recarregáveis C HR14 2600mAh,Domédia,Embalagem com 2 unidades,"1,99 €","1,99 €/Unidade"
Fita adesiva,PorSi,5m x 2.5 cm,"1,69 €","1,69 €/Unidade"
Bloco Sanitário Poder Activo Pinho,Sonasol,Embalagem de 50 g,"2,99 €","74,75 €/Kg"
Massa de macarrão grande estriado,PorSi,Embalagem de 500g,"0,89 €","1,78 €/Kg"
Queijo de azeitão dop,PorSi Select,Embalagem de 255 g,"25,45 €/Kg","25,45 €/Kg"
Barrita controlo de peso maçã,Ignoramu,Embalagem de 44g,"0,69 €","1,73 €/Kg"
Chocolate culinário branco,Pantagruel,Embalagem de 200g,"1,04 €","8,32 €/Kg"
Salsichas Frescas Chipolatas,PorSi,Embalagem com 1 kg (aprox.),"0,63 €","6,29 €/Kg"
Creme para barrar,Nutella,Embalagem de 200 g,"4,19 €","12,32 €/Kg"
Salsa,PorSi,Vendido ao peso,"0,11 €","2,29 €/Kg"
Alimento lácteo cereais e baunilha +6 meses,Yogolino,Embalagem de 4 x 100 g,"2,89 €","7,23 €/Kg"
Gel de banho zero pele normal,Sanex,Embalagem de 475ml,"6,99 €","9,32 €/L"
Vinho do porto dona antónia reserva branco,Ferreira,Garrafa de 0.75 l,"11,99 €","15,99 €/L"
Bolacha maria de chocolate,Cuetara,Embalagem de 265g,"2,11 €/Kg","2,11 €/Kg"
Folhado de Maçã,*,1 unidade= 100 g,"0,30 €/Unidade","0,30 €/Unidade"
"Lenços de bolso sensi, brancos, 10 unidades",Renova,Uma embalagem de 6x10,"0,89 €","0,89 €/Unidade"
Restaurador de Chão Envenizado Médio/Escuro,Novycera,Embalagem de 500 ml,"2,29 €","2,29 €/L"
Papa infantil láctea maçã +6 meses,Cerelac,Embalagem de 250g,"4,49 €","4,49 €/Kg"
Desodorizante e desinfetante para calçado,Sanytol,Embalagem de 150 ml,"5,29 €","35,27 €/L"
Borracha para desenho técnico,Domédia,1 unidade,"3,09 €","3,09 €/Unidade"
Óleo Performa 5W40 Sintetico,Galp,Embalagem de 5 l com oferta limpa vidros Ecauto 5L,"41,99 €","8,40 €/L"
Alface frisada categoria: II Programa Origens,PorSi,Embalagem de 300 g,"0,80 €","1,99 €/Kg"
Cogumelos laminados 1/2,PorSi,Embalagem de 355 g,"1,79 €","2,29 €/Kg"
Biscoitos canudinho simples,PorSi,Embalagem de 300g,"2,82 €","9,40 €/Kg"
Cerveja com álcool,Sagres,Lata de 500ml,"0,38 €","1,15 €/L"
Refrigerante c/ gás light,Coca-Cola,pack 6 x 0.33 l,"0,40 €/L","0,40 €/L"
Iogurte líquido tutti-frutti,Danone,Embalagem de 4 x 155 g,"1,17 €","1,83 €/Kg"
Queijo de ovelha cura 12 meses,Serramonte,vendido ao peso,"4,50 €","17,99 €/Kg"
Soja fina,Cemporcent,Embalagem de 400g,"2,29 €","11,45 €/Kg"
Protegeslip Maxi Plus,Ausonia,20 unidades,"1,42 €","1,42 €/Unidade"
Doce de cereja s/ açúcar adicionado,PorSi,Frasco com 220 g,"2,19 €","9,95 €/Kg"
Spray Limpeza para aço inoxidável,Induclean,450 ml,"1,29 €","1,72 €/L"
Spray anti calcário,Cif,Garrafa de 435 ml,"3,19 €","6,38 €/L"
Areia para gatos aglomerante compacta perfumada,PorSi,Embalagem de 4 kg,"1,19 €","0,24 €/Kg"
Café Torrado em Grão Colômbia,Delta,Embalagem de 220g,"9,96 €/Kg","9,96 €/Kg"
Alimento lácteo morango +8 meses,Yogolino,Embalagem de 4 x 100 g,"2,89 €","7,23 €/Kg"
Bebida de amêndoa,Frias,Garrafa de 1 l,"2,19 €","2,19 €/L"
Molho piri piri,Macarico,Embalagem de 200g,"0,70 €","2,33 €/Kg"
Moscatel de setúbal,Selecção de Enófilos,"Garrafa de 0,75 l","5,99 €","7,99 €/L"
Toalhitas básico,Dodot,embalagem com 54 unidades,"1,09 €/Unidade","1,09 €/Unidade"
Feijão preto cozido,PorSi,Embalagem de 420 g,"1,79 €","2,29 €/Kg"
Sabonete líquido para as mãos de coco,Dove,embalagem de 250 ml,"2,18 €/L","2,18 €/L"
Powerade ice storm,POWERADE,Garrafa de 500 ml,"5,39 €","5,39 €/L"
Bolachas cream cracker sesamo,Vieira,Embalagem de 186 g,"0,39 €","3,12 €/Kg"
Spray recarga limpeza da casa de banho,Cif,embalagem de 70 ml,"0,79 €","0,79 €/L"
Taças para sopa,Aj simoes,Embalagem com 25 unidades,"1,29 €","1,29 €/Unidade"
Manteiga magra,Matinal,Embalagem de 250g,"1,69 €","6,76 €/Kg"
Chocolate em pó,Canderel,Embalagem de 250g,"5,39 €","7,19 €/Kg"
Aperitivos tex mex,Doritos,Embalagem de 120g,"0,79 €","7,90 €/Kg"
Morcela de Ponte de Lima,PorSi,Vendido ao peso a partir de 750 g,"1,49 €","7,45 €/Kg"
Nestum flocos de cereais com mel,Nestum,Embalagem de 300g,"2,19 €","8,76 €/Kg"
Creme de dia para pele seca,Labell,Embalagem de 50 ml,"2,99 €","59,80 €/L"
Manga em calda,It.saveurs,Embalagem de 250g,"1,99 €","2,37 €/Kg"
Molas plásticas,PorSi,15 unidades,"0,89 €","0,89 €/Unidade"
Gelatina pronta a comer ananás,Royal,Embalagem de 4 x 100 g,"0,85 €","2,13 €/Kg"
Gel de Banho Secrets Oil Avocato,Dove,Embalagem de 500 ml,"6,49 €","8,65 €/L"
Leite de coco,PorSi,Embalagem de 400 ml,"3,84 €","24,00 €/Kg"
Kit mangueira + acessórios,Itools,"15 metros, c/ Suporte p/ Mangueira","4,39 €","4,39 €/Unidade"
Aipo com Rama,Programa Origens,1 un = 1 kg (aprox.),"0,62 €","2,49 €/Kg"
Unha,Porco,1 un = 500 gr (aprox.),"0,50 €","4,99 €/Kg"
Bolachas waffers baunilha,PorSi,Embalagem de 210g,"0,98 €","4,67 €/Kg"
Mel de montanha,PorSi Select,Frasco de 250 g,"4,89 €","9,78 €/Kg"
Vinho branco península de setúbal,Periquita,Garrafa de 0.75 l,"8,59 €","11,45 €/L"
Pastilhas de Limpeza Dentífrica Branqueadora,Polident,Embalagem com 30 unidades,"9,79 €","122,38 €/Kg"
Cuecas Incontinência Unisexo Pants Super M,Tena,Unidade,"9,99 €","9,99 €/Unidade"
Ração para gato adulto com frango,Purina One,Embalagem de 3 kg,"12,99 €","4,33 €/Kg"
Pickles em vinagre,PorSi,Embalagem de 200 g,"1,79 €","2,29 €/Kg"
Iogurte morango skyr 0%,PorSi Viva Bem,150 g,"5,97 €/Kg","5,97 €/Kg"
Água de rosas,Hidro,Embalagem de 200 ml,"0,76 €","0,76 €/Unidade"
Creme de coco,Koala,Garrafa de 165 ml,"1,09 €","2,75 €/Kg"
Maruca,Nossa seleção,Congelada,"3,99 €/Kg","3,99 €/Kg"
6 Salsichas de porco,Nobre,Lata de 120g,"0,75 €","3,75 €/Kg"
Atum posta em óleo,Bom petisc,Embalagem de 120 g,"0,89 €","7,42 €/Kg"
Cereais corn flakes s/ glúten,Nestle,Embalagem de 380g,"1,49 €","2,98 €/Kg"
Água c/ gás original,Frize,pack 6 x 0.25 l,"2,85 €","2,85 €/L"
Biscoitos integrais aveia e cacau,PorSi Viva Bem,Embalagem de 150g,"1,45 €","11,15 €/Kg"
Esfregão Esponja Style,Vileda,10 unidade,"2,54 €","2,54 €/Unidade"
Osso Buco,Novilho,1un=150 gr aprox.,"6,39 €","7,99 €/Kg"
Presunto fatias,Damatta,Embalagem de 120 g,"2,79 €","13,95 €/Kg"
Água mineral sem gás,Fastio,Pack 4 x 1.5 l,"1,04 €","0,17 €/L"
Queijo manchego D.O.P,PorSi Select,Embalagem de 250g,"2,87 €","15,94 €/Kg"
Açúcar em saquetas,PorSi,Embalagem 1K,"1,49 €","1,49 €/Kg"
Amaciador Roupa lavanda,PorSi,Embalagem de 60 doses,"3,99 €","3,99 €/Unidade"
Salsichas extra suculentas,Nobre,Frasco de 650 g,"0,75 €","3,75 €/Kg"
Iogurte natural açucarado,PorSi,Embalagem de 4x125g,"0,99 €","1,98 €/Kg"
Vinho verde branco,C.penela,Garrafa de 750 ml,"2,89 €","3,85 €/L"
Farinha para pão rústico,Nacional,Embalagem de 1 kg,"1,99 €","1,99 €/Kg"
Creme vegetal culinário,Vaqueiro,Embalagem de 250 g,"1,39 €","6,95 €/L"
Porto tawny,Ferreira,Garrafa de 750 ml,"15,99 €","21,32 €/L"
Diospiro,Fruta da Época,1 un = 250 gr  (aprox.),"1,00 €","3,99 €/Kg"
"Groselha, Categoria ll",Fruta do Dia,Embalagem de 125 g,"0,75 €","2,99 €/Kg"
Detergente Máquina Roupa Liquido Bebé,Skip,60 doses,"19,99 €","19,99 €/Unidade"
Recarga de Desumidificador Maçã,HUMYDRY,embalagem de 3 x 75g,"5,99 €","26,62 €/Kg"
Bolacha maria dourada,PorSi,Embalagem de 800g,"2,11 €/Kg","2,11 €/Kg"
Chocolate lion,Lion,Embalagem de 40g,"11,93 €/Kg","11,93 €/Kg"
Cereais fitness,Nestle,Embalagem de 380g,"5,59 €","8,87 €/Kg"
"Bebida açucarada  tinto de verão, limão",Sandevid,"Garrafa de 1,5 l","2,39 €","1,59 €/L"
Espumante Super Reserva Meio Seco,Raposeira,Garrafa de 0.75 l,"8,49 €","11,32 €/L"
Ovos Frescos Classe M,PorSi,12 unidades,"1,39 €","1,39 €/Unidade"
Coco ralado bio,PorSi Bio,Embalagem de 200 g,"1,89 €","3,78 €/Kg"
Arroz Thai Jasmim,PorSi,1 kg,"0,99 €","0,99 €/Kg"
12 nuggets frango polme americano,Capitão Iglo,Embalagem de 220g,"3,53 €","8,83 €/Kg"
Vinagre de limpeza,PorSi,Embalagem de 1 l,"0,79 €","0,79 €/L"
Cone chocolate,PorSi,Embalagem de 6 x 120 ml,"5,99 €","16,64 €/L"
Termo ultra dreno-volume,PLANTANATU,Garrafa de 500 ml,"7,59 €","126,50 €/Kg"
Queijo da Ilha DOP Cura 4 Meses,São Jorge,Vendido ao peso a partir de 250 gr,"2,87 €","15,94 €/Kg"
Tapetes educativos p/ cães/gatos 60x60cm,PorSi,20 unidades,"8,75 €","8,75 €/Unidade"
"Rolo de cozinha design xxl, 3 rolos",Renova,Embalagem de 3 unidades,"4,99 €","4,99 €/Unidade"
Ovas de bacalhau higienizadas congeladas,*,Vendido ao peso a partir de 250 g,"8,73 €/Kg","8,73 €/Kg"
Ovos de galinha ao ar livre | Classe: M/L,Matinados,12 unidades,"1,39 €","1,39 €/Unidade"
Bandas de Cera Depilatória Bikini,Veet,100ml + Bálsamo 50 Ml,"10,99 €","73,27 €/L"
Tablete chocolate de iogurte morango,Milka,Embalagem de 100g,"5,30 €/Kg","5,30 €/Kg"
Guardanapos com riscas rosa | Dim.: 33 x 33 cm,PorSi,Embalagem com 20 unidades,"1,29 €","1,29 €/Unidade"
Queijo flamengo fatias light,PorSi,Embalagem de 200g,"1,56 €","7,80 €/Kg"
Bolacha diet nature recheio iogurte,Gullon,Embalagem de 220g,"0,79 €","4,49 €/Kg"
Borracha Lápis + 1 Mista,Mab,pack c/ 2 un.,"4,69 €","4,69 €/Unidade"
Água s/ gás,S.estrela,Garrafão de 6L,"1,04 €","0,17 €/L"
Máscara fibrology,Elvive,Embalagem de 300 ml,"1,00 €","5,00 €/L"
"Toalhitas intimas, 20 unidades",Labell,Uma embalagem,"2,89 €","2,89 €/Unidade"
Bolachas de manteiga,Triunfo,Embalagem de 170g,"1,69 €","6,76 €/Kg"
C surtido cuetara 420gr.              *8,Cuetara,Embalagem de 420g,"6,83 €/Kg","6,83 €/Kg"
Bolacha golden,Oreo,Embalagem de 154 g,"0,79 €","4,49 €/Kg"
Vinho regional tejo,Plexus,Garrafa de 750 ml,"2,29 €","3,05 €/L"
Vinho verde branco,MIRANDA,"Garrafa de 0,75 l","2,89 €","3,85 €/L"
Gronola de aveia chocolate,Nestle,Embalagem de 300g,"5,59 €","8,87 €/Kg"
Nata para culinária ligeira,Mimosa,Embalagem de 200 ml,"0,75 €","3,75 €/L"
Côtes-du-Rhône Tinto,Ferraton,0.75 litros,"6,89 €","9,19 €/L"
Peskitos de pescada panados,Pescanova,Embalagem de 1 Kg,"9,30 €/Kg","9,30 €/Kg"
Queijo brie cunhas 60%,President,Embalagem de 200 g,"1,45 €","7,25 €/Kg"
Toalhitas Activity |Recarga,Dodot,Pack: 4x54 unidades,"1,09 €/Unidade","1,09 €/Unidade"
Mousse limpeza refresh,Labell,Embalagem com 150ml,"4,49 €","11,23 €/L"
Chá preto,Tetley,Embalagem de 20g,"41,67 €/Kg","41,67 €/Kg"
Gel WC Flores,Neoblanc,Embalagem de 700 ml,"2,79 €","3,99 €/L"
Cebola Restia,Legumes do Dia,1un = 2 Kg (aprox.),"0,25 €","0,99 €/Kg"
Ketchup,PorSi,Embalagem de 560 g,"0,70 €","2,33 €/Kg"
Boudoirs,Du Bois de la Roche,Embalagem de 200 g,"2,29 €","3,05 €/Kg"
"Pensos higiénicos ultra, odor fresh, normal, 20 unid...",Evax,1 embalagem,"1,42 €","1,42 €/Unidade"
Arroz Carolino,Cigala,Embalagem de 1 kg,"0,99 €","0,99 €/Kg"
Pescada da Africa do Sul,Peixe Congelado,Pescado no mar,"3,99 €/Kg","3,99 €/Kg"
Pêssego em calda metades,PorSi,Lata com 420 g,"1,99 €","2,37 €/Kg"
Mopa com cabo,PorSi,1 unidade,"2,20 €","2,20 €/Unidade"
Amaciador concentrado para roupa jojoba,PorSi,80 doses,"3,99 €","3,99 €/Unidade"
Posta pescada-do-cabo nº 5 para cozer,PorSi,Embalagem de 800 g,"4,39 €","10,98 €/Kg"
Roupão banho criança rosa,PorSi,33 x 53 cm,"4,99 €/Unidade","4,99 €/Unidade"
Tapioca granulada,Cemporcent,Embalagem de 250g,"1,94 €","3,88 €/Kg"
Chourico picante beiras,PorSi,Embalagem de 290g,"1,22 €","6,78 €/Kg"
"Gelatina com stevia, frutos vermelhos",Condi,Embalagem de 2x15 g,"0,55 €","61,11 €/Kg"
Leite de coco light biológico,Origensbio,Garrafa de 400 ml,"1,59 €","1,59 €/L"
Vela com número nº 8,PorSi,1 unidade,"0,60 €","0,60 €/Unidade"
Trigo integral com mel,Salutem,Embalagem de 250g,"2,29 €","11,45 €/Kg"
Doce mirtilos e framboesa 0% açúcar,C.mateus,Embalagem de 280g,"3,59 €","10,26 €/Kg"
Alcahfora plus,Forma+,Garrafa de 500 ml,"3,99 €","39,90 €/Kg"
Bombons Presente Opus,Guylian,Embalagem de 180G,"2,99 €","29,90 €/Kg"
Ameijoa Branca Grande,Marisco Fresco,1 un = 250 gr  (aprox.),"4,99 €","4,99 €/Kg"
Iogurtes Corpos Danone Pedaços de Pêssego e Maracujá,Danone,Embalagem de 4 x 115 g,"4,36 €","2,18 €/Kg"
Banheira Quadrada,Molding,unidade,"15,99 €","15,99 €/Unidade"
Beringela,Legumes do Dia,1 un=400 gr (aprox.),"0,62 €","2,49 €/Kg"
Adoçante c/ doseador,Canderel,Embalagem de 30g,"5,99 €","23,96 €/Kg"
Pólen de abelhas,PorSi Select,Frasco de 130 g,"4,89 €","9,78 €/Kg"
Sobremesa gelificada de laranja,PorSi,Embalagem de 4x100g,"0,85 €","2,13 €/Kg"
Hambúrguer de soja,Cemporcent,Embalagem de 160g,"25,48 €/Kg","25,48 €/Kg"
Sumo 100% maçã,Compal,1 litro,"1,09 €","0,73 €/L"
Caldo de galinha 8 cubos,Knorr,Embalagem de 80g,"3,84 €","24,00 €/Kg"
Vinho regional alentejano tinto,Qta.carmo,Garrafa de 0.75 l,"2,89 €","3,85 €/L"
Cerveja c/ álcool mini,Super Bock,Pack 15 x 0.20 L,"0,38 €","1,15 €/L"
Bocadelia de caranguejo,La piara,Embalagem de 170g,"1,19 €","13,52 €/Kg"
Água sem gás,Penacova,Garrafa de 1.5 litros,"1,04 €","0,17 €/L"
Sumo essencial de pêssego,Compal,pack 3 x 0.11 l,"2,29 €","6,94 €/L"
Porto ruby,Valadao,Garrafa de 750 ml,"6,65 €/L","6,65 €/L"
Batata Pré-Frita Dauphines,PorSi,500 g,"1,39 €","1,39 €/Kg"
Fermento de padeiro em pó,Fermipan,Embalagem de 4x11 g,"0,75 €","15,00 €/Kg"
Gogo SqueeZ Snack Banana,Gogo,Embalagem de 90g,"2,29 €","6,94 €/L"
Doce de morango 60% fruta,Cemporcent,Embalagem de 280g,"4,49 €","13,61 €/Kg"
"Infusão de romã/framboesa, 20 saquetas",Tetley,Embalagem de 40g,"0,99 €","76,15 €/Kg"
Pescada Pequena da Argentina -500g,Peixe Congelado,Pescado no mar,"4,39 €","10,98 €/Kg"
Vinho branco,Alandra,Garrafa de 750 ml,"1,59 €","2,12 €/L"
"Pastilhas fruit, frutos silvestres",Trident,Embalagem de 15 g,"0,89 €","59,33 €/Kg"
Pasta de Moldar Terracota,DAS,Embalagem com 1 kg,"2,19 €","109,50 €/L"
Bolacha vitalday aveia e chocolate,Gullon,Embalagem de 240g,"2,82 €","9,40 €/Kg"
Sical 5est café moido,Sical,Embalagem de 220g,"9,96 €/Kg","9,96 €/Kg"
Café torrado 5 estrelas moagem grossa,Sical,Embalagem de 250g,"9,16 €/Kg","9,16 €/Kg"
Leite de coco condensado,Koala,Embalagem de 490 g,"1,09 €","2,75 €/Kg"
Clementinas,Fruta do Dia,1 un = 100 gr  (aprox.),"0,35 €","1,39 €/Kg"
Néctar ananás,Compal,pack 3 x 200 ml,"0,99 €","0,99 €/L"
Bebida espirituosa,1920,Garrafa de 1 l,"11,99 €","17,13 €/L"
Desodorizante Black & White Invisible,Nivea,150 ml,"4,69 €","31,27 €/L"
Conjunto Romantique,Coquette,EAU DE TOILETTE 100 ML + R-ON 10 ML,"12,99 €","12,99 €/Unidade"
Comida húmida para cão,PorSi,Embalagem de 300 g,"0,75 €","2,50 €/Kg"
Sortido Tertúlia,Frusel,Embalagem de 250 g,"1,00 €","3,99 €/Kg"
30 douradinhos,Capitão Iglo,Embalagem de 840g,"4,39 €","10,98 €/Kg"
Aditivo em pó oxi elimina odores,Vanish,Embalagem de 420 g,"7,99 €","19,02 €/Kg"
Sacos do lixo lavanda 50 litros,PorSi,15 unidades,"1,79 €","1,79 €/Unidade"
Chá de maçã e canela,Tetley,Embalagem de 20g,"44,50 €/Kg","44,50 €/Kg"
Kiwi Económico,Fruta do Dia,1 un = 150 gr (aprox.),"0,58 €","2,89 €/Kg"
Iogurte líquido pinacolada,PorSi,Embalagem de 4 x 160 g,"1,17 €","1,83 €/Kg"
Batata Frita c/ Sal,Ruffles,Embalagem de 160 g,"1,06 €","5,73 €/Kg"
Cereais corn flakes,Kellogg's,Embalagem de 500g,"1,49 €","2,98 €/Kg"
Batata frita ondulada wavy,PorSi,Embalagem de 180g,"1,06 €","5,73 €/Kg"
Gin dry,Big Boss,Garrafa de 700 ml,"26,99 €","38,56 €/L"
Farinha 8 cereais e mel,Nutriben,Embalagem de 300g,"4,49 €","4,49 €/Kg"
Bombons Chocolate,Candycat,Embalagem de 230G,"2,99 €","29,90 €/Kg"
"Rolo Película Protect 25x1,4m",Tesa,1 Embalagem,"5,39 €","5,39 €/Unidade"
Miúdos de Frango do Campo Lusitano,PorSi Select,embalagem de 700 g (aprox.),"0,50 €","4,99 €/Kg"
Salsicha fresca merguez,PorSi,Embalagem de 330 g,"0,63 €","6,29 €/Kg"
Barras fitness com chocolate,Nestle,Embalagem de 140g,"5,59 €","8,87 €/Kg"
"M&m's drageias de chocolate de leite,",M&m's,Embalagem de 45g,"11,98 €/Kg","11,98 €/Kg"
Bolachas crackers integral,Du bois,Embalagem de 500g,"0,39 €","3,12 €/Kg"
Tomates Cereja Cacho,PorSi Bio,Emb.: ± 200 g,"0,87 €","3,49 €/Kg"
Melaço de cana,Cemporcent,Embalagem de 370g,"4,49 €","13,61 €/Kg"
Bolacha maria ruca doses,Vieira,Embalagem de 300g,"2,11 €/Kg","2,11 €/Kg"
Multi vitaminas mulher,PLANTANATU,Embalagem de 30 Cápsulas,"7,59 €","126,50 €/Kg"
Spray desinfetante elimina odores,Lysol,Embalagem de 400 ml,"1,19 €","0,79 €/L"
Salsicha bockwurst 5 unidades,PorSi,Embalagem de 250g,"0,75 €","3,75 €/Kg"
Esparregado de espinafres sem lactose,PorSi Viva Bem,Embalagem de 360 g,"1,89 €","6,30 €/Kg"
Creme de fixação para dentaduras,Labell,Embalagem de 50 g,"9,79 €","122,38 €/Kg"
Poncho,Patrulha Pata,1 unidade,"3,00 €","3,00 €/Unidade"
Bolacha digestiva go canela,Triunfo,Embalagem de 170g,"0,98 €","3,27 €/Kg"
Iogurte liquido sem lactose natural açucarado,PorSi Viva Bem,Embalagem de 4 x 160 g,"2,79 €","6,07 €/Kg"
Fermento fresco,Levital,Embalagem de 50g,"0,75 €","15,00 €/Kg"
Húngaros,PorSi,Embalagem de 270G,"2,29 €","3,05 €/Kg"
Farinha p/ bolos fina,Nacional,Embalagem de 1Kg,"1,99 €","1,99 €/Kg"
Delícia de bolacha,PorSi,Embalagem de 2x135 g,"0,55 €","2,75 €/Kg"
Gel de Banho Fresh Touch,Dove,Embalagem de 750 ml,"6,49 €","8,65 €/L"
Iogurte grego natural magro,PorSi Viva Bem,Embalagem de 1 kg,"0,99 €","1,98 €/Kg"
Néctar classico de ananás,Compal,Garrafa de 200 ml,"0,99 €","0,99 €/L"
Lata de Brilho Castanho,Búfalo,Embalagem de 75 ml,"0,99 €","19,80 €/L"
Cem porcento-flocos de aveia grossos,Cemporcent,Embalagem de 400g,"2,99 €","7,97 €/Kg"
Corretor,Papermate,7 ml,"2,69 €","2,69 €/Unidade"
Loção para bebé pink,Johnson's Baby,500 ml,"0,59 €","5,90 €/L"
Yofu de soja natural,Alpro,Embalagem de 4x125 g,"3,09 €","6,18 €/Kg"
Iogurte tipo grego natural,PorSi,Embalagem de 12 x 125 g,"1,49 €","2,98 €/Kg"
Bloco Sanitário Poder Activo Lavanda,Sonasol,Embalagem de 2x50 g,"2,99 €","74,75 €/Kg"
Pensos clássicos,PorSi,100 unidades,"1,69 €","1,69 €/Unidade"
Vinho rosé,Lancers,Garrafa 0.75L,"4,29 €","5,72 €/L"
Banda cera facial peles sensíveis,Veet,Embalagem de 20 unidades,"3,11 €","3,11 €/Unidade"
Óleo Cedro Spray,PorSi,Embalagem de 250 ml,"4,39 €","14,63 €/L"
Alimento seco para cão raças pequenas,HappyOne,Embalagem de 2 kg,"12,95 €","3,24 €/Kg"
Cereais crack star,PorSi,Embalagem de 375 g,"5,07 €/Kg","5,07 €/Kg"
Gelatina de ananás,PorSi,Embalagem de 170g,"0,55 €","61,11 €/Kg"
Panquecas de aveia c/ proteína pepitas chocolate,Prozis,Embalagem de 400g,"25,48 €/Kg","25,48 €/Kg"
Cerveja c/ álcool,Sagres,pack 15 x 0.33 l,"0,38 €","1,15 €/L"
Fralda Cueca Extra Tamanho 3,Dodot,Embalagem com 64 uni.,"4,59 €","4,59 €/Unidade"
Gel desinfectante de mãos,Big Home,236 ml,"5,24 €","5,24 €/Unidade"
Detergente em pó máquina de lavar roupa lavanda,PorSi,75 doses,"8,69 €","1,84 €/Kg"
Bolachas waffers chocolate,PorSi,Embalagem de 210g,"0,98 €","4,67 €/Kg"
Chá de camomila e erva príncipe,Lipton,20 saquetas,"85,00 €/Kg","85,00 €/Kg"
Conjunto Absolute Me,B.U.,3 peças,"12,99 €","12,99 €/Unidade"
Massa de espirais,Nacional,Embalagem de 500g,"0,89 €","1,78 €/Kg"
Hamburguers de bovino,PorSi,Embalagem de 1 kg,"2,79 €","8,72 €/Kg"
Fralda Cueca de Banho 7 a 15 kg,Huggies,Embalagem com 12 un.,"4,59 €","4,59 €/Unidade"
Palmiers de maçã e canela,Du bois,Embalagem de 150g,"2,29 €","3,05 €/Kg"
Bolachas chips ahoy,Ca!,Embalagem de 300g,"0,90 €","6,00 €/Kg"
Película Aderente 60M,PorSi,1 unidade,"1,11 €","1,11 €/Unidade"
Esfregão Fibra Verde Grande XXL Gama Classic,Scotch-Brite,Embalagem de 1 unidades,"2,54 €","2,54 €/Unidade"
Salsicha Fresca de Aves,Aves,1 un = 100 gr (aprox.),"0,63 €","6,29 €/Kg"
Leite uht c/ chocolate,Ucal,Garrafa de 1 l,"0,26 €","1,30 €/L"
Yofu soja e manga sem açúcar adicionado,Alpro,Embalagem de 400g,"3,09 €","6,18 €/Kg"
Preparado p/ arroz de marisco,Pescanova,Embalagem de 500g,"2,19 €","8,59 €/Kg"
Vela com número nº 1,PorSi,1 unidade,"0,60 €","0,60 €/Unidade"
Ricore,Nestle,Embalagem de 260g,"1,64 €","6,56 €/Kg"
"Fermento em pó, lata",Royal,Embalagem de 110g,"0,75 €","15,00 €/Kg"
Sopa de agrião,PorSi,800 g,"1,19 €","2,98 €/Kg"
Vinho verde branco,Torre de menagem,"Garrafa de 0,75 l","2,89 €","3,85 €/L"
Queijo Flamengo Bola,Queijaria de Celorico,Vendido ao peso a partir de 100 g,"1,56 €","7,80 €/Kg"
Tablete de chocolate de leite,Nestle,Embalagem de 90g,"5,30 €/Kg","5,30 €/Kg"
Ice tea pêssego,Lipton,Embalagem de 1L,"1,14 €","0,76 €/L"
Gel de banho zero % anti-poluição,Sanex,Embalagem com 475 ml,"6,49 €","8,65 €/L"
Bolacha torrada,PorSi,Embalagem de 4 x 200 g,"2,11 €/Kg","2,11 €/Kg"
Flocos de aveia,PorSi Viva Bem,Embalagem de 400g,"0,69 €","1,73 €/Kg"
Creme barrar nutela 350g,Nutella,Embalagem de 350G,"4,19 €","12,32 €/Kg"
Borracha para lápis e tinta,Domédia,1 unidade,"4,69 €","4,69 €/Unidade"
Esfregão Ultra Fresh,Vileda,Embalagem de 2 + 1 Grátis,"2,54 €","2,54 €/Unidade"
Iogurte activia cremoso frutos silvestres,Danone,Embalagem de 4 x 120 g,"1,49 €","2,98 €/Kg"
Pasta de dentes max white expert white,Colgate,Embalagem de 75 ml,"2,39 €","31,87 €/L"
Pate picante 73gr.                ce *24,La piara,Embalagem de 70g,"1,19 €","13,52 €/Kg"
Bolachas de aveia,Triunfo,Embalagem de 190g,"2,82 €","9,40 €/Kg"
Margarina líquida,Vaqueiro,Embalagem de 500 ml,"2,89 €","2,89 €/Kg"
Amaciador nutri-protec,Labell,Embalagem de 200 ml,"1,00 €","5,00 €/L"
Lixívia Tradicional,PorSi,Embalagem de 5 l,"1,74 €","0,35 €/L"
Aguardente,Alma pura,Garrafa de 0.70 l,"12,79 €","18,27 €/L"
Queijo cura especial barrado pimentão,Casteloes,500 g,"25,45 €/Kg","25,45 €/Kg"
Cha infusão verde,Cemporcent,Embalagem com 10 saquetas,"58,44 €/Kg","58,44 €/Kg"
Gel wc tripla ação c/ lixívia,Harpic,Garrafa de 750 ml,"1,79 €","2,39 €/L"
Alimento seco p/ cão alta energia c/ frango,HappyOne,Embalagem de 4 kg,"12,95 €","3,24 €/Kg"
Patê de sardinha,PorSi,Embalagem de 65 g,"1,19 €","13,52 €/Kg"
Vinho maduto tinto,Casal da eira,Embalagem de 1 l,"0,85 €/L","0,85 €/L"
Refrigerante c/ gás,Pepsi,Pack 6 x 0.33 l,"0,40 €/L","0,40 €/L"
Barra cereais nesquik delice,Nestle,Embalagem de 140g,"1,29 €","10,24 €/Kg"
Néctar light de laranja prisma,PorSi,Embalagem de 1 l,"0,84 €","2,55 €/L"
Bacalhau posta asa branca,PorSi,Embalagem de 800G,"6,39 €","7,99 €/Kg"
Pringles hot & spicy,Pringles,Embalagem de 175g,"1,19 €","6,43 €/Kg"
Batido de chocolate,Forma+,Embalagem de 700g,"3,99 €","39,90 €/Kg"
Suiço Longo c/ Pepitas de Chocolate,PorSi,1 un. = 100 g,"0,30 €/Unidade","0,30 €/Unidade"
Vinho rosé,C.mendes,Garrafa de 750 ml,"4,29 €","5,72 €/L"
Lambrusco bianco,*,Garrafa de 750 ml,"6,89 €","9,19 €/L"
Desentupidor express gel elimina odores,Destop,1 litro,"4,49 €","5,99 €/L"
Queijo dop 7 meses,Sao jorge,Embalagem de 400g,"2,87 €","15,94 €/Kg"
Ovos Frescos Omega 3 de Galinhas Solo,PorSi Viva Bem,Embalagem com 6 unidades,"2,19 €","2,19 €/Unidade"
Meloa Canteloupe,Fruta do Dia,1un=800 g (aprox.),"0,75 €","2,99 €/Kg"
Escorrega para água,Bestway,"Dim.: 4,88 m","35,99 €","35,99 €/Unidade"
Penso Higiénico Ultrafinos Super Abas,PorSi,24 unidades,"1,42 €","1,42 €/Unidade"
Spray desinfetante casa de banho,Lysol,Embalagem de 500 ml,"1,79 €","2,39 €/L"
Abrasivo sanitário gel marinho,PorSi,embalagem de 1 litro,"0,99 €","1,32 €/L"
Mistura solúvel tofina despertar,Nestle,Embalagem de 200g,"1,64 €","6,56 €/Kg"
Açúcar baunilhado,Globo,Embalagem de 70g,"1,49 €","1,49 €/Kg"
Café moagem universal timor,Delta,Embalagem de 220g,"9,16 €/Kg","9,16 €/Kg"
5 douradinhos rústicos,Capitão Iglo,Embalagem de 300g,"1,79 €","7,16 €/Kg"
Piaçaba com suporte,PorSi,1 unidade,"5,99 €","26,62 €/Kg"
Iogurte liquido infantil morango,PorSi,Embalagem de 6 x 94 ml,"1,05 €","1,86 €/L"
Achocolatado energy,Cola cao,Embalagem de 750g,"5,39 €","7,19 €/Kg"
Almôndegas bolonhesa,Iglo,Embalagem de 400g,"3,53 €","8,83 €/Kg"
Estojo Redondo Teckl,Domédia,1 unidade,"19,90 €","19,90 €/Unidade"
12 nuggets frango polme americano,Capitão Iglo,Embalagem de 220g,"9,30 €/Kg","9,30 €/Kg"
"Líquido sanitário extra power, marinho",WC Pato,Embalagem de 750 ml,"2,79 €","3,99 €/L"
Mochila muda fraldas,Do Art,1 un.,"0,59 €","5,90 €/L"
Tostas multicereais sem glúten,PorSi Viva Bem,Embalagem de 140g,"4,29 €","20,43 €/Kg"
Bolachas marinheiras linhaça,Cemporcent,Embalagem de 200 g,"1,45 €","11,15 €/Kg"
Piscina com armação em ferro,Bestway,Dim.: 152 x 38 cm,"2,99 €","2,99 €/Unidade"
Guardanapos de papel reciclado,PorSi,100 unidades,"1,29 €","1,29 €/Unidade"
Fel da terra planta inteira,Cemporcent,Embalagem de 40g,"1,94 €","3,88 €/Kg"
Camarão Tigre Selvagem do Senegal 1/5,Nossa seleção,Congelado,"2,00 €","7,99 €/Kg"
Manteiga com sal,Mimosa,Embalagem de 130g,"1,69 €","6,76 €/Kg"
"Vela em número, nº 7",PorSi,1 unidade,"0,60 €","0,60 €/Unidade"
Vinho Tinto Douro Reserva,Duas Quintas,Garrafa de 750 ml,"2,89 €","3,85 €/L"
Esparregado de espinafres,PorSi,Embalagem de 350 g,"1,89 €","1,89 €/Kg"
Peito de frango,PorSi,"Vendido ao peso, fatiado a partir de 150 g","2,25 €","11,25 €/Kg"
5 douradinhos rústicos,Capitão Iglo,Embalagem de 300g,"9,30 €/Kg","9,30 €/Kg"
Bolo de Arroz 70 g,*,,"0,30 €/Unidade","0,30 €/Unidade"
Ração para Cão Delicate rico em Salmão,Purina One,Embalagem de 800g,"12,95 €","3,24 €/Kg"
Aguardente velha vsop,Antiqua,Garrafa de 700 ml,"12,79 €","18,27 €/L"
Folha de alumínio,PorSi,30 metros,"1,11 €","1,11 €/Unidade"
Cola stick,Uhu,Conjunto de 2 x 8.2 g,"2,19 €","109,50 €/L"
Presunto nacos,PorSi,Embalagem de 250g,"2,79 €","13,95 €/Kg"
Tomate coração de boi categoria: II,*,Vendido ao peso,"0,87 €","3,49 €/Kg"
Lava tudo mosaico,Cif,1.1 L,"4,39 €","14,63 €/L"
20 saquetas chá noite tranquila,Lipton,Embalagem de 30g,"58,44 €/Kg","58,44 €/Kg"
Quinoa branca,PorSi Viva Bem,Embalagem de 200 g,"1,39 €","6,95 €/Kg"
Pudim Rico em Proteína de Avelã,Ehrmann,Embalagem de 200g,"1,19 €","2,59 €/Kg"
Feijao branco fidalgo,Caçarola,Embalagem de 500 g,"2,78 €/Kg","2,78 €/Kg"
Torta cacau com sabor a natas,PorSi,Embalagem de 300g,"2,05 €","5,13 €/Kg"
Spray limpeza casa de banho optimal 7,Ajax,Embalagem de 500 ml,"1,79 €","2,39 €/L"
Chourico carne das beiras,PorSi,Embalagem de 290g,"1,22 €","6,78 €/Kg"
Fita adesiva com desenrolador easyc,Tesa,1 unidade,"2,19 €","109,50 €/L"
Corn flakes,PorSi,Embalagem de 1 kg,"1,49 €","2,98 €/Kg"
Bolsinhas Perfumadas Anti Traça de Lavanda,Dum Dum,34 g,"5,99 €","176,18 €/Kg"
Snack Cão Prodental,PorSi,Embalagem 180 g,"0,94 €","5,22 €/Kg"
Queijo de ovelha curado,H.da maia,Embalagem de 200g,"4,50 €","17,99 €/Kg"
Iogurte natural,Danone,Embalagem de 4 x 120 g,"0,99 €","1,98 €/Kg"
Água mineral natural alcalina,MONCHIQUE,Garrafão de 5 l,"1,04 €","0,17 €/L"
Café moagem universal angola,Delta,Embalagem de 220g,"9,16 €/Kg","9,16 €/Kg"
Uno cartas,Mattel,1 unidade,"6,99 €","6,99 €/Unidade"
Loção Sensitive,Baby Dove,Embalagem de 200 ml,"0,59 €","5,90 €/L"
Toalhitas,Dodot,4 x 64 un.,"1,09 €/Unidade","1,09 €/Unidade"
Pescada Média Argentina,Peixe Congelado,+ de 500 g,"3,99 €/Kg","3,99 €/Kg"
Bebida de soja,Shoyce,Embalagem de 1 litro,"2,49 €","2,49 €/L"
Morangos,Fruta da Época,Vendido a partir de 250 gr,"0,75 €","2,99 €/Kg"
"Pensos diários, maxi, 40 unidades",Evax,Uma embalagem,"1,79 €","1,79 €/Unidade"
Nestum chocolate,Nestum,Embalagem de 250g,"2,19 €","8,76 €/Kg"
Sabonete,Feno,Embalagem de 4x90 g,"1,99 €","12,44 €/Kg"
Ambientador aerosol pure nenuco,Air Wick,Garrafa de 250 ml,"0,99 €","3,30 €/L"
Azeite,Oliveira da Serra,Embalagem de 750 ml,"3,19 €","4,25 €/L"
Frutos vermelhos,PorSi,Embalagem de 750 g,"3,29 €","4,39 €/Kg"
Manteiga magra meio sal,President,Embalagem de 250g,"1,69 €","6,76 €/Kg"
Iogurte líquido dan'up morango e banana,Danone,Embalagem de 4 x 155 g,"1,17 €","1,83 €/Kg"
Infusão principe,Cemporcent,Embalagem de 10 unidades,"0,99 €","76,15 €/Kg"
Batata Roxa Nova Granel,Legumes do Dia,1 un = 250 gr  (aprox.),"0,25 €","0,99 €/Kg"
Queijo light,Philadelph,Embalagem de 180g,"4,68 €","11,70 €/Kg"
Rolo cozinha compacto 3 folhas,Foxy,1 unidade,"4,99 €","4,99 €/Unidade"
Lixívia para roupa delicada,Neoblanc,Embalagem de 2 l,"4,49 €","1,12 €/L"
"Atum em posta, em azeite",General,Embalagem de 110g,"0,89 €","7,42 €/Kg"
Sopa de caldo verde Programa Origens,PorSi,Embalagem de 250g,"0,99 €","0,99 €/Kg"
Nata pasteurizada,PorSi,Embalagem de 450 ml,"0,75 €","3,75 €/L"
Detergente liquido loiça clássico,PorSi,Garrafa de 1 litro,"0,99 €","1,98 €/L"
Lixívia Densa + Squeeze Harmonias Florais,Neoblanc,Embalagem de 1 l,"1,74 €","0,35 €/L"
Salada de Marisco,Amarras,Embalagem de 700 g,"2,19 €","8,59 €/Kg"
Bolacha de canela,Snapy,Embalagem de 250g,"2,11 €/Kg","2,11 €/Kg"
Agrafador vivo + 400 agrafos nº10,Maped,unidade,"1,79 €","1,79 €/Unidade"
Painho do Ribatejo,PorSi,"Vendido ao peso, fatiado a partir de 100 gr","2,79 €","13,95 €/Kg"
Fermento químico,Vahine,Embalagem de 108g,"0,75 €","15,00 €/Kg"
Iogurte grego stracciatella sem lactose,PorSi Viva Bem,Embalagem de 240g,"0,99 €","1,98 €/Kg"
Bebida energética tropical edition,Red Bull,Garrafa de 250 ml,"5,39 €","5,39 €/L"
Néctar vital equilibrio frutos vermelhos,Compal,Embalagem de 1 l,"0,99 €","0,99 €/L"
Iogurte líquido pinacolada corpos danone,Danone,Embalagem de 4 x 155 g,"1,17 €","1,83 €/Kg"
Gelado bomboniera,Olá,Embalagem de 140ML,"5,99 €","16,64 €/L"
Gestos,Hasbro,1 un.,"6,99 €","6,99 €/Unidade"
Cheerios 375g,Nestle,Embalagem de 380g,"5,07 €/Kg","5,07 €/Kg"
24 etiquetas azuis,Domédia,Uma embalagem,"2,19 €","109,50 €/L"
Óleo Performa 10W40,Galp,Embalagem de 5 l,"41,99 €","8,40 €/L"
Pensos Incontinência Mulher Discreet Maxi Night,Tena,12 unidades,"1,95 €","1,95 €/Unidade"
Leite pasteurizado magro,Vigor,Garrafa de 1 l,"1,09 €","1,09 €/L"
Crackers sem glúten,Schar,Embalagem de 210 g,"4,29 €","20,43 €/Kg"
Salmão posta ao natural,PorSi Select,Lata de 120 g,"0,89 €","7,42 €/Kg"
Desodorizante spray sport 48h,Labell Men,Embalagem de 200 ml,"1,39 €","6,95 €/L"
Arroz agulha,Caçarola,Embalagem de 1 kg,"0,99 €","0,99 €/Kg"
Bol agua s. dose integral 186g,Vieira,Embalagem de 180g,"0,98 €","3,27 €/Kg"
Batata palha finíssima,PorSi Select,Embalagem de 180 g,"0,87 €","5,44 €/Kg"
Brandy,Macieira,Garrafa de 1 l,"11,99 €","17,13 €/L"
Farinha p/ bolos extra fina,Nacional,Embalagem de 1 kg,"1,99 €","1,99 €/Kg"
Vinagre de vinho branco,PorSi,Garrafa de 1 l,"0,35 €","0,70 €/L"
Rebuçados café s/açúcar,Villa,Embalagem de 120g,"1,15 €","4,60 €/Kg"
Pescada do Pacífico,Peixe Congelado,"Congelada de 1 a 1,5 kg","3,99 €/Kg","3,99 €/Kg"
Camarão selvagem de Madagáscar 60/70,*,Vendido ao peso,"2,00 €","7,99 €/Kg"
Infusão cidreira,PorSi,Embalagem de 40g,"0,99 €","76,15 €/Kg"
Barra de bolacha com cobertura de chocolate branco e...,Kit kat,Embalagem de 3 x 41.5 g,"0,99 €","9,90 €/Kg"
Lambrusco tinto,*,Garrafa de 750 ml,"2,29 €","3,05 €/L"
Pensos Higiénicos Ultra Air Dry C/ Abas,Ausonia,embalagem com 14 un.,"1,42 €","1,42 €/Unidade"
Sacos do lixo lavanda 30 litros,PorSi,20 sacos,"1,79 €","1,79 €/Unidade"
Bolacha com aveia,PorSi,Embalagem de 300 g,"0,98 €","3,27 €/Kg"
"Fita de Embalar Transparente, 50mmx66m",Vito,1 unidade,"3,99 €","3,99 €/Unidade"
Infusão cidreira,Cemporcent,Embalagem de 10 unidades,"0,99 €","76,15 €/Kg"
"Cerveja com álcool, lata",Super Bock,Garrafa de 500 ml,"0,38 €","1,15 €/L"
Mini tortitas milho c/ sal,PorSi Viva Bem,Embalagem de 200g,"1,45 €","11,15 €/Kg"
"Creme de rosto de dia revitalift, laser",L'oreal,Embalagem de 50 ml,"2,99 €","59,80 €/L"
Tampões Compak Pearl Super Com Aplicador,Tampax,16 unidades,"1,39 €","1,39 €/Unidade"
Esponja autobrilhante,PorSi,3 g,"2,59 €","2,59 €/Unidade"
Vinho tinto,Enc.bairro,Bag-in-box de 5L,"5,19 €","1,04 €/L"
Secretos,Porco,1 un = 200 gr (aprox.),"1,22 €","4,89 €/Kg"
Vinagre vinho branco,PorSi,Garrafa de 500 ml,"0,35 €","0,70 €/L"
Espinafres em folhas,PorSi,Embalagem de 750 g,"1,89 €","1,89 €/Kg"
Creme de dia para pele normal,Labell,Embalagem de 50 ml,"2,99 €","59,80 €/L"
Maçã Golden Económica,Fruta do Dia,1 un = 120 gr (aprox.),"0,27 €","1,49 €/Kg"
Mix de Amendoins,Nuts Original,Embalagem de 150 g,"0,79 €","3,95 €/Kg"
Spray elimina odores do calçado,PorSi,embalagem de 100 ml,"5,29 €","35,27 €/L"
Pastilha Elástica Bottle Frutos Vermelhos,Trident,Embalagem de 82 g,"0,89 €","59,33 €/Kg"
Infusão de camomila,PorSi,Embalagem de 33.7 g,"0,99 €","76,15 €/Kg"
"Hamburguers de frango, 4 x 80 g",PorSi,Embalagem de 320g,"2,79 €","8,72 €/Kg"
Gelatina pronta a comer melancia,Royal,Embalagem de 4 x 100 g,"0,85 €","2,13 €/Kg"
Mistura para canários,Canto Alegre,Embalagem de 1K,"2,49 €","2,49 €/Kg"
Arroz agulha Europa,PorSi,Embalagem de 1 kg,"0,99 €","0,99 €/Kg"
"Saquetas de sais de fruto, laranja",Eno,Embalagem de 50g,"0,58 €","0,58 €/Unidade"
Vinagre vinho branco 500ml,Cristal,Garrafa de 500 ml,"0,35 €","0,70 €/L"
Estojo plano mirage,*,1 unidade,"19,90 €","19,90 €/Unidade"
Líquido wc active clean mint & jasmin,Ambipur,750 ml,"1,79 €","2,39 €/L"
Bolachas starship chocolate,PorSi,Embalagem de 150g,"0,90 €","6,00 €/Kg"
Adoçante em pó,PorSi,250 saquetas,"5,99 €","23,96 €/Kg"
Magnum amêndoa,Olá,Embalagem de 6 x 55 ml,"5,99 €","16,64 €/L"
Sumo clássico 100% maçã,Compal,Garrafa de 200 ml,"1,09 €","0,73 €/L"
Cogumelos fatiados,PorSi,Embalagem de 400g,"1,89 €","1,89 €/Kg"
Óleo p/ Moto Performa M2T,Galp,Embalagem de 1 l,"41,99 €","8,40 €/L"
Óleo de teca,Tintinhas,Garrafa de 500 ml,"16,99 €","1,13 €/L"
Paio das beiras,PorSi,Embalagem de 380g,"2,79 €","13,95 €/Kg"
Vinho branco monbazillac  2012,Expertclub,Garrafa de 750 ml,"6,89 €","9,19 €/L"
"Queijo, 16 porções",A Vaca Que Ri,Embalagem de 280g,"4,68 €","11,70 €/Kg"
Massa bagos,PorSi,Embalagem de 250g,"0,89 €","1,78 €/Kg"
Café moagem universal portugal,Delta,Embalagem de 250g,"9,16 €/Kg","9,16 €/Kg"
Tostas de trigo,Diatosta,Embalagem de 225 g,"0,69 €","3,07 €/Kg"
Choco rice,Cemporcent,Embalagem de 250g,"0,69 €","1,73 €/Kg"
Creme anti-rugas reafirmante,Diadermine,Embalagem de 50 ml,"2,99 €","59,80 €/L"
Creme Depilatório Men Peles Sensíveis,Veet,Embalagem de 200 ml,"3,11 €","3,11 €/Unidade"
"Fita Castanha, 50mmx66m",Vito,1 unidade,"3,99 €","3,99 €/Unidade"
Iogurte aroma varios sabores,PorSi,Embalagem de 12 x 125 g,"1,87 €","1,25 €/Kg"
Alho picado em pacote,Margao,Embalagem de 50g,"0,25 €","0,25 €/Kg"
Crackers s/ Sal Superficie,Gran Pavesi,Embalagem de 250g,"0,39 €","3,12 €/Kg"
Cebola Embalada,Legumes do Dia,Embalagem 2 kg (aprox.),"0,25 €","0,99 €/Kg"
Queijo Camembert,President,Embalagem de 250 g,"1,45 €","7,25 €/Kg"
Descafeinado,Nestlé,Embalagem de 100 g,"1,59 €","6,36 €/Kg"
Leite uht magro,Gresso,Embalagem de 1 litro,"0,81 €","0,81 €/L"
Detergente líquido máquina de roupa lavanda,PorSi,86 Doses,"8,69 €","1,84 €/Kg"
Galinha Pequena com Miúdos,Aves,1 un = 1 kg (aprox.),"19,95 €","3,99 €/Kg"
Óleo alimentar,Fula,Embalagem 3L,"3,39 €","3,39 €/L"
Comida húmida para gato esterilizado em molho com sa...,Purina One,4 x 85 g,"3,49 €","10,26 €/Kg"
Creme autobrilhante castanho,Splendor,40 ml,"2,59 €","2,59 €/Unidade"
Côco ralado,PorSi,Embalagem de 200g,"1,29 €","3,23 €/Kg"
Receita caseira de jardineira,Nobre,Embalagem de 420g,"2,35 €","5,60 €/Kg"
Tablete de chocolate leite,Nestle,Embalagem de 130g,"5,30 €/Kg","5,30 €/Kg"
Xarope grenadine zero,Paquito,Garrafa de 750 ml,"4,89 €","6,61 €/L"
Nata uht light,Mimosa,Embalagem de 200 ml,"0,75 €","3,75 €/L"
Bolacha Maria sem lactose,PorSi Viva Bem,Embalagem de 200 g,"0,99 €","1,98 €/Kg"
Bebida láctea especial crescimento 1-3 anos,Mimosa,Embalagem de 200 ml,"0,26 €","1,30 €/L"
Bebida coco,Alpro,Embalagem de 1L,"2,49 €","2,49 €/L"
Pá + espanador,PorSi,1 conjunto,"2,20 €","2,20 €/Unidade"
Pilhas recarregáveis D HR20 2600mAh,Domédia,Embalagem com 2 unidades,"1,99 €","1,99 €/Unidade"
Máquina de barbear c/ 2 recargas de 6 lâminas,Labell Men,,"1,16 €","4,64 €/L"
Espumante bruto,Cabriz,Garrafa de 750 ml,"8,49 €","11,32 €/L"
Iogurte tipo grego maracujá,PorSi,Embalagem de 4 x 125 g,"1,49 €","2,98 €/Kg"
"Queijo flamengo, ralado",Terra Nostra,Embalagem de 150g,"7,45 €/Kg","7,45 €/Kg"
Peito de peru,PorSi,"Vendido ao peso, fatiado a partir de 150 g","2,25 €","11,25 €/Kg"
Creme culinário de soja,Shoyce,Garrafa de 200 ml,"1,39 €","6,95 €/L"
Rolo cozinha branco 3 folhas,PorSi,3 rolos,"4,99 €","4,99 €/Unidade"
Fruta para bebé banana maçã +4 meses,Nestle,Embalagem de 90g,"0,74 €","8,22 €/Kg"
Ração para cão mini adulto nutri soft com frango,Friskies,"Embalagem de 1,4 kg","12,95 €","3,24 €/Kg"
Bolachas brownie tubo,Oreo,Embalagem de 150g,"0,79 €","4,49 €/Kg"
Bolachas Recheadas Com Chocolate,PRINCE,Embalagem de 178g,"2,15 €","2,87 €/Kg"
Arroz longo extra integral,Cacarola,Embalagem de 1 kg,"0,99 €","0,99 €/Kg"
Vinho doc douro tinto,Tellu's,Garrafa de 750 ml,"7,49 €","9,99 €/L"
Sacos lixo eco com atilho 30 litros,PorSi,20 unidades,"1,79 €","1,79 €/Unidade"
Livro Hot Wheels,Europrice,,"5,99 €/Unidade","5,99 €/Unidade"
Leite creme,PorSi,Embalagem de 2x135 g,"0,55 €","2,75 €/Kg"
Esferográfica Preta Média,Mab,Embalagem com 4 un.,"2,69 €","2,69 €/Unidade"
Queijo vaca e ovelha s. penela,Serqueijos,Embalagem de 500g,"5,99 €","23,96 €/Kg"
Vela com número nº 9,PorSi,1 unidade,"0,60 €","0,60 €/Unidade"
Batata frita lisa chips,PorSi,Embalagem de 185 g,"1,06 €","5,73 €/Kg"
"Pasta de arquivo, lombada estreita, amarela",Domédia,1 unidade,"1,49 €","1,49 €/Unidade"
Detergente Liquido Loiça Gel Limão,Cif,Embalagem de 1 L,"0,99 €","1,98 €/L"
"Néctar pêssego, prisma",PorSi,Embalagem de 1 l,"0,99 €","0,99 €/L"
Martini Riserva Rubino,Martini,Garrafa de 750 ml,"22,49 €","32,13 €/L"
Especialidade de soja chocolate,PorSi Viva Bem,Embalagem de 4 x 100 g,"3,09 €","6,18 €/Kg"
Cebola Amarela,Nossa seleção,1 un = 500 gr (aprox.),"0,25 €","0,99 €/Kg"
Sementes de linhaça dourada,PorSi Viva Bem,Embalagem de 250 g,"1,59 €","10,60 €/Kg"
Na-far pão caseiro 6kg,Nacional,Embalagem de 1 kg,"1,99 €","1,99 €/Kg"
Massa spaghetti tricolore,Milaneza,Embalagem de 500 g,"0,89 €","1,78 €/Kg"
Marmelada,PorSi,Embalagem de 900g,"1,09 €","2,42 €/Kg"
Pimentão doce saqueta,PorSi,Embalagem de 50 g,"0,25 €","0,25 €/Kg"
Iogurte activia líquido kiwi,Danone,Embalagem de 4 x 155 g,"2,79 €","6,07 €/Kg"
Empada de Frango 60 g,Fornada do Dia,,"0,65 €","0,65 €/Unidade"
Queijo azul,PorSi,100 g,"1,99 €","9,95 €/Kg"
Whisky heritage blend,Logan,Garrafa de 700 ml,"32,99 €","47,13 €/L"
Sumo de toranja,Andros,Embalagem de 1 l,"1,09 €","0,73 €/L"
Jardineira,PorSi,Embalagem de 750 g,"1,89 €","1,89 €/Kg"
Molho de nata para carne,Mimosa,Garrafa de 200 ml,"0,70 €","2,33 €/Kg"
"Gel depilatório, peles sensiveis",Labell,Embalagem de 200 ml,"10,99 €","73,27 €/L"
Recarga laminas labs,Gillette,9 unidades,"1,16 €","4,64 €/L"
Dettol sabonete líquido aloe vera x 12,Dettol,Garrafa de 250 ml,"2,18 €/L","2,18 €/L"
"Creme para mãos, caixa familiar",Nivea,Embalagem de 250 ml,"1,03 €","10,30 €/L"
Paloco desfiado do pacifico,Peixe Fresco,Embalagem de 400 g,"8,73 €/Kg","8,73 €/Kg"
Chocolate quente 90 segundos,Lacasa,Embalagem de 350g,"5,39 €","7,19 €/Kg"
Analisador água piscina,Gre,,"35,99 €","35,99 €/Unidade"
Biscoitos integrais sementes de agave,PorSi Viva Bem,Embalagem de 150g,"2,29 €","3,05 €/Kg"
Bebé Pipi Comiditas,Vicam,1 un.,"29,99 €","29,99 €/Unidade"
Iogurte mix-in kit kat,Nestle,Embalagem de 2 x 115 g,"1,05 €","1,86 €/L"
Queijo 3 Igrejas Cura 2m Pimentão,Santiago,Vendido ao peso a partir de 250 gr,"25,45 €/Kg","25,45 €/Kg"
"Refrigerante com gás, ananás",Sumol,"Garrafa de 1,25 l","0,40 €/L","0,40 €/L"
Ketchup,PorSi,Embalagem de 300 g,"0,70 €","2,33 €/Kg"
Café moído torrado aroma bellissimo,Belissimo,Embalagem de 200g,"9,16 €/Kg","9,16 €/Kg"
Alface Roxa,Programa Origens,1 un= 400 g ( aprox.),"0,80 €","1,99 €/Kg"
Sortido seleção,Chabrior,Embalagem de 380g,"6,83 €/Kg","6,83 €/Kg"
Cereais Extra Chocolate e Avelã,Kellogg's,Embalagem de 375 g,"2,29 €","6,11 €/Kg"
Detergente para loiça plus + citrinos,Super Pop,Embalagem de 1L,"0,99 €","1,98 €/L"
Gel de banho nourishing,Dove,Embalagem de 500 ml,"6,49 €","8,65 €/L"
Bebida Energética Apple,Hell,250 ml,"5,39 €","5,39 €/L"
Mel,Granja San Francisco,Embalagem de 500g,"4,89 €","9,78 €/Kg"
Vinho verde branco,3 marias,Garrafa de 1 l,"2,89 €","3,85 €/L"
Crocantes de frango original,Iglo,Embalagem de 180g,"9,30 €/Kg","9,30 €/Kg"
Cebola picada,PorSi,Embalagem de 400 g,"1,89 €","1,89 €/Kg"
Balde de Limpeza com Espremedor,PorSi,unidade,"2,50 €","2,50 €/Unidade"
Chocolate culinário em pó,Pantagruel,Embalagem de 130g,"1,04 €","8,32 €/Kg"
Refrigerante c/ gás laranja,Fanta,"Garrafa de 1,5 l","0,40 €/L","0,40 €/L"
Mariscada,PorSi,Embalagem de 800g,"8,39 €","11,99 €/Kg"
Arroz extra longo integral,Saludaes,Embalagem de 1 kg,"0,99 €","0,99 €/Kg"
Pano Microfibras Colors,Vileda,4 unidades,"1,79 €","1,79 €/Unidade"
Polvilho doce,Do Brasil,500 g,"1,99 €","1,99 €/Kg"
Licor serrano com palha,Zimbro,"Garrafa de 0,70 l","16,99 €","24,27 €/L"
"Creme protector contra assaduras, para bebé",Johnson's Baby,Embalagem de 100 ml,"0,59 €","5,90 €/L"
Ambientador elétrico sensual sandalwood & jasmine + ...,Glade,1 unidade,"3,74 €","3,74 €/Unidade"
Tablete de chocolate de leite,PorSi Select,Embalagem de 200g,"5,30 €/Kg","5,30 €/Kg"
"Borracha Technic, 600",Maped,embalagem com 2 unidades,"4,69 €","4,69 €/Unidade"
Papel Premier p/ Fotocópia A4,Xerox,1 resma,"1,09 €","1,09 €/Unidade"
Esfregão c/ Esponja Salva Unhas Ergonómico / Confort...,Scotch-Brite,Embalagem de 2 unidades,"2,54 €","2,54 €/Unidade"
Vinho Regional de Lisboa Rosé,Mundus,"Garrafa de 0,75 l","2,29 €","3,05 €/L"
Sidra de maçã,Somersby,Lata de 500 ml,"1,59 €","3,18 €/L"
Papel Anti traça,Raid,2 x 12 unidades,"5,99 €","176,18 €/Kg"
Vinho verde,Via Latina,Garrafa de 750 ml,"2,89 €","3,85 €/L"
Noz com casca 28/30,Frutos secos,1 un = 200 gr (aprox.),"1,25 €","4,99 €/Kg"
Leite c/ chocolate meio-gordo s/ lactose,Agros,4 x 200 ml,"0,26 €","1,30 €/L"
Leite com chocolate,Agros,Embalagem de 200 ml,"0,26 €","1,30 €/L"
Café solúvel sem cafeína,Nescafe,Embalagem de 20g,"14,50 €/Kg","14,50 €/Kg"
Vinh do porto ruby,Cruz,Garrafa de 750 ml,"6,65 €/L","6,65 €/L"
Whisky Blended,Label 5,Embalagem com 700ml,"23,49 €","23,49 €/L"
Soja líquido frutos exóticos,PorSi Viva Bem,Embalagem de 4 x 150 ml,"3,09 €","6,18 €/Kg"
Bife da Alcatra,Novilho,1 un = 250 gr (aprox.),"6,39 €","7,99 €/Kg"
Policia Galáctica,Playmobil,1 unidade,"19,99 €","19,99 €/Unidade"
Pensos Higiénicos Fina e Segura Normal,Evax,Embalagem c/ 24 Unidades,"1,42 €","1,42 €/Unidade"
Couve Flor,Programa Origens,1 un = 1 kg (aprox.),"2,29 €","2,29 €/Kg"
Alface Frisada,*,1 un= 400 g (aprox.),"0,80 €","1,99 €/Kg"
Salmão Fumado da Noruega,PorSi,Embalagem de 100 g,"3,69 €","36,90 €/Kg"
2 Ligaduras elásticas,PorSi,4m x 6 cm,"1,69 €","1,69 €/Unidade"
Espremedor,PorSi,1 unidade,"2,50 €","2,50 €/Unidade"
Esferográfica Azul Média,Mab,Embalagem com 4 un.,"2,69 €","2,69 €/Unidade"
Snack para gato crispies vaca e frango,Felix,Embalagem de 50g,"0,99 €","16,50 €/Kg"
"Caramelos de fruta, tripack",Mentos,Embalagem de 110g,"1,10 €","4,40 €/Kg"
Spray anti-bolores,Cif,435 ml,"1,79 €","2,39 €/L"
Patê de salmão,La piara,Embalagem de 80g,"1,19 €","13,52 €/Kg"
Caramelos de nata com recheio,Werthers,Embalagem de 140g,"2,75 €","11,00 €/Kg"
Inseticida Elétrico Night&Day Pack Duplo,Raid,Embalagem de 2x300 mg,"10,49 €","17,48 €/L"
"Vela com número, nº2",PorSi,1 unidade,"0,60 €","0,60 €/Unidade"
Pão de forma sem côdea,Panrico,Embalagem de 650g,"2,63 €/Kg","2,63 €/Kg"
Vinho branco península de setúbal,Pioneiro,Garrafa de 0.75 l,"8,59 €","11,45 €/L"
Óleo Performa 15W40,Galp,Embalagem de 1 l,"41,99 €","8,40 €/L"
Melão Branco,Programa Origens,Vendido ao peso | 1 un = 2.5 kg (aprox.),"0,75 €","2,99 €/Kg"
Conjunto de medição,Maped,4 peças,"1,49 €","1,49 €/Unidade"
Água c/ gás: limão/pepino/gengibre,Frize,pack 4 x 0.25 l,"2,85 €","2,85 €/L"
Farinha para bolos super fina,B.neve,Embalagem de 1 kg,"1,99 €","1,99 €/Kg"
Coxinhas de frango,PorSi,Embalagem de 360g,"3,53 €","8,83 €/Kg"
Fraldas de Incontinência Elásticos Médias,Lindor,20 Unidades,"9,99 €","9,99 €/Unidade"
Esfregão esponja ergonómico salva unhas,PorSi,Embalagem de 2 unidades,"2,54 €","2,54 €/Unidade"
"Cerveja com álcool, lata",Super Bock,Garrafa de 330 ml,"0,38 €","1,15 €/L"
Refresco em pó de morango,PorSi,Embalagem de 40g,"0,75 €","18,75 €/Kg"
Lay's gourmet corte fino,Lay's,Embalagem de 150g,"1,06 €","5,73 €/Kg"
Iogurte naturea natural,PorSi,Embalagem de 4 x 125 g,"0,99 €","1,98 €/Kg"
Boneca Caty 85 cm,Vicam,1 unidade,"29,99 €","29,99 €/Unidade"
Agrafador pocket universal nº10,Maped,1 unidade,"1,79 €","1,79 €/Unidade"
"Combinado Fiambre,Queijo e Carne",Pastelaria do Dia,,"0,65 €","0,65 €/Unidade"
Palhinhas brancas individuais em biomaterial,PorSi,Embalagem com 25 unidades,"0,60 €","0,60 €/Unidade"
Café Qalidus XXL,Delta Q,Embalagem com 60 cápsulas,"2,79 €","19,93 €/Kg"
Amêndoa amarga,Milbar,"Garrafa de 0,70 l","16,99 €","24,27 €/L"
Leite pasteurizado meio gordo,Vigor,Garrafa de 1 l,"1,09 €","1,09 €/L"
Vinho verde,Felgueiras,Garrafa de 0.75 l,"2,89 €","3,85 €/L"
Lenços faciais brancos 2 folhas,PorSi,150 unidades,"0,89 €","0,89 €/Unidade"
Queijo Amarelo da Beira Baixa DOP,Casa Almeida,Vendido ao peso a partir de 250 gr,"2,87 €","15,94 €/Kg"
Comida húmida para cão de frango e legumes,PorSi,Lata de 400 g,"0,75 €","2,50 €/Kg"
Guardanapos com riscas azuis | Dim.: 33 x 33 cm,PorSi,Embalagem com 20 unidades,"1,29 €","1,29 €/Unidade"
Chá de alcachofra e dente-de-leão,PLANTANATU,Embalagem de 20g,"1,19 €","1,19 €/Unidade"
8 salsichas frankfurt,Izidoro,Embalagem de 200g,"0,75 €","3,75 €/Kg"
"Escargots recheio de manteiga, salsa e alho",PorSi Select,89 g,"1,89 €","6,30 €/Kg"
Fraldas Premium Tamanho 2 |3-6 kg,Moltex,embalagem com 70 un.,"6,49 €","6,49 €/Unidade"
Arroz carolino vaporizado,Cacarola,Embalagem de 1 kg,"0,99 €","0,99 €/Kg"
Danacol frutos exóticos,Danone,Embalagem de 6 x 100 g,"4,15 €/Kg","4,15 €/Kg"
Leite uht c/ chocolate,Ucal,Embalagem de 3 x 250 ml,"0,26 €","1,30 €/L"
Leite c/ chocolate,Gresso,Pack 4X200ml,"0,26 €","1,30 €/L"
Bandida do pomar maçã 4x25cl,Bandida,Garrafa de 1 l,"1,59 €","3,18 €/L"
Lápis de cera,Giotto,embalagem com 12 unidades,"3,09 €","3,09 €/Unidade"
Gel de banho bio kids,Corine de Farme,300 ml,"4,99 €","16,63 €/L"
Café em grão 5 estrelas,Sical,Embalagem de 250g,"9,96 €/Kg","9,96 €/Kg"
Azeitona galega mista inteira,PorSi,Vendido ao peso a partir de 500 g,"1,00 €","3,99 €/Kg"
Sopa económica de marisco,Knorr,Embalagem de 60g,"0,84 €","13,55 €/Kg"
Preparado para crepes,Branca de Neve,Embalagem de 380g,"0,79 €","5,27 €/Kg"
Galão enriquecido em cálcio,Ucal,Embalagem de 3 x 200 ml,"0,26 €","1,30 €/L"
Bacalhau Postas,Riberalves,1 Embalagem 800G,"6,39 €","7,99 €/Kg"
"Lixívia, perfume fresco",Neoblanc,Embalagem de 4 l,"4,49 €","1,12 €/L"
Cola glitter,Maped,9 unidades,"2,19 €","109,50 €/L"
Cola de Contacto Liquida,Vito,1 unidade,"3,99 €","3,99 €/Unidade"
"Azeite extra virgem, azeitonas verdes",Oliveira da Serra,Garrafa de 750 ml,"3,19 €","4,25 €/L"
Yoggi liquido morango,Nestle,Embalagem de 8x160g,"1,17 €","1,83 €/Kg"
Posta de bacalhau do atlântico,Pescanova,Embalagem de 700 g,"6,39 €","7,99 €/Kg"
Gomas happy cola,Haribo,Embalagem de 100g,"1,19 €","3,97 €/Kg"
Gogo SqueeZ Snack Maçã e Pera,Gogo,Embalagem de 90g,"2,29 €","6,94 €/L"
Toalhitas Sensitive |Recarga,Dodot,Pack: 4 x54 unidades,"1,09 €/Unidade","1,09 €/Unidade"
Pepitas choc maxi,Vahine,Embalagem de 100g,"1,69 €","8,45 €/L"
Folhado de Chocolate 60 g,PorSi,,"0,30 €/Unidade","0,30 €/Unidade"
Água com gás,Vimeiro,"Garrafa de 1,5 l","2,85 €","2,85 €/L"
Queijo Curado Amanteigado,Queijaria das Pousadas,Vendido ao peso a partir de 250 g,"2,42 €","9,69 €/Kg"
Flan de ovos,PorSi,Embalagem 4 x 100 g,"0,55 €","2,75 €/Kg"
Pensos higiénicos liberty normal abas,Evax,Embalagem com 12 un.,"1,42 €","1,42 €/Unidade"
Iogurte ananás 000%,PorSi Viva Bem,Embalagem de 4 x 125 g,"1,44 €","2,88 €/Kg"
"Coloração permanente, óleo preto intenso 1/10",Syoss,1 unidade,"8,49 €","8,49 €/Unidade"
"Joya bebida de amêndoa alto teor de protéina, sem aç...",Joya,Garrafa de 1 l,"2,19 €","2,19 €/L"
Tira Nódoas,Sanytol,embalagem com 450g,"10,99 €","52,33 €/Kg"
"Aperitivos, amendoins no forno",Matutano,Embalagem de 200g,"0,79 €","3,95 €/Kg"
Caneta correctora  Shake & Squeeze 2+1,Bic,1 unidade,"2,69 €","2,69 €/Unidade"
Bacalhau Especial,PorSi,"1 un= 3kg /3,5kg (aprox.)","8,73 €/Kg","8,73 €/Kg"
Compota ananás 70% fruta,Cemporcent,Embalagem de 260g,"4,49 €","13,61 €/Kg"
Tablete de chocolate leite bubbly,Milka,Embalagem de 90g,"5,30 €/Kg","5,30 €/Kg"
"As minhas primeiras receitas - refeição batata, abób...",Nestle,Embalagem de 190g,"1,89 €","9,95 €/Kg"
Palmiers,Du bois,Embalagem de 150g,"2,29 €","3,05 €/Kg"
Caramelos de fruta,Penha,Embalagem de 500 g,"1,10 €","4,40 €/Kg"
"Coloração permanente, óleo intensivo, castanho caram...",Syoss,1 unidade,"8,49 €","8,49 €/Unidade"
Lava Tudo Flores Montanha,Sonasol,1.3 l,"0,99 €","0,50 €/L"
Whisky 8 anos,Grant's,Garrafa de 0.70 l,"32,99 €","47,13 €/L"
Polpa tomate tetra,PorSi,Embalagem de 210g,"3,84 €","24,00 €/Kg"
Cappucinno,PorSi,Embalagem de 125 g,"3,19 €","25,52 €/Kg"
Vinagre de limpeza,Dona Pureza,Embalagem de 1 l,"0,79 €","0,79 €/L"
Tablete chocolate creme de cacau,Milka,Embalagem de 100g,"5,30 €/Kg","5,30 €/Kg"
Massa cuscus,PorSi,Embalagem de 250g,"0,89 €","1,78 €/Kg"
Polpa ananás,Nutry,Embalagem de 565g,"4,19 €","7,35 €/Kg"
Bebida de aveia com chia,Joya,Garrafa de 1 l,"1,59 €","1,59 €/L"
Queijo curado alho e salsa,Nova Açores,Vendido ao peso,"0,82 €","23,43 €/Kg"
Salsichas de soja,Cemporcent,Embalagem de 390g,"25,48 €/Kg","25,48 €/Kg"
Champanhe rose bruto,Delagne & Fils,"Garrafa de 0,75 l","34,99 €","46,65 €/L"
Toranja,Fruta do Dia,1 un = 300 gr  (aprox.),"0,35 €","1,39 €/Kg"
M&m's drageias de caramelo salgado e chocolate de le...,M&m's,Embalagem de 160g,"11,98 €/Kg","11,98 €/Kg"
Alheira Extra Trás os Montes,PorSi,"Vendido ao peso, 1un= 200 gr (aprox.)","1,49 €","7,45 €/Kg"
Pão de forma integral sem côdea,Panrico,Embalagem de 450g,"2,63 €/Kg","2,63 €/Kg"
"Néctar de alperce, tetra",Compal,pack 3 x 200 ml,"0,99 €","0,99 €/L"
Desengordurante de Vitrocerâmica/Indução 3 em 1 |Cre...,Vitroclen,Embalagem de 450 ml,"1,29 €","1,72 €/L"
Detergente líquido manual loiça lavanda e alecrim,Fairy,Embalagem de 650 ml,"0,99 €","1,98 €/L"
"Alimento seco para gato adulto, galinha",Whiskas,"Embalagem de 1,75 kg","12,99 €","4,33 €/Kg"
Sacos do lixo de 30 litros 100% reciclado,Silvex,20 sacos,"1,79 €","1,79 €/Unidade"
Cesto para o lixo bancada,PorSi,1 unidade,"2,50 €","2,50 €/Unidade"
Actimel magro natural,Danone,Embalagem de 6 x 100g,"4,15 €/Kg","4,15 €/Kg"
Eau De Toilette Homen Nº 56,Caravan,pack: 150ML+Deo 150ML,"5,99 €","14,98 €/L"
Lixívia Spray Mousse,Neoblanc,Embalagem de 700ml,"1,74 €","0,35 €/L"
Bandida do pomar frutos vermelhos lata 50cl,Bandida,Garrafa de 500 ml,"1,59 €","3,18 €/L"
Tampões Compak Pearl Regular Com Aplicador,Tampax,16 unidades,"1,39 €","1,39 €/Unidade"
"Alimento húmido para gato 7+, aves",Whiskas,Embalagem de 400g,"3,49 €","10,26 €/Kg"
Couve Roxa,Legumes do Dia,1 un= 1kg (aprox.),"2,29 €","2,29 €/Kg"
Bebida doubleshot expresso,STARBUCKS,Embalagem de 200 ml,"3,19 €","25,52 €/Kg"
Preparo para bolo de chocolate,Branca de Neve,Embalagem de 450g,"1,69 €","8,45 €/L"
Detergentes máquina lavar loiça ecológico,PorSi,26 pastilhas,"2,99 €","2,99 €/Unidade"
Cuecas de incontinência médias,Ausonia Discreet,Embalagem com 8 unidades,"9,99 €","9,99 €/Unidade"
Espirais s/ glúten,Milaneza,Embalagem de 500g,"2,99 €","7,97 €/Kg"
Gin Ten Premium,Tanqueray,Garrafa de 0.70L,"26,99 €","38,56 €/L"
Massa fusilli tricolor,Milaneza,Embalagem de 500g,"0,89 €","1,78 €/Kg"
"Fita Papel, 50mmx50m",Vito,1 unidade,"3,99 €","3,99 €/Unidade"
Aguardente velha,S.domingos,Garrafa de 700 ml,"12,79 €","18,27 €/L"
Infusão nº 5 emagrecimento,Cemporcent,Embalagem de 10 unidades,"0,99 €","76,15 €/Kg"
Puff de banho senses,calypso,1 unidade,"1,10 €","1,10 €/Unidade"
Bol. chip choco s/gluten 130g,Gullon,Embalagem de 130g,"4,29 €","20,43 €/Kg"
Tomates Cocktail Românticos Biológicos,PorSi Bio,Emb.: ± 200 g,"0,87 €","3,49 €/Kg"
Buondi café em grão,Buondi,Embalagem de 220g,"9,96 €/Kg","9,96 €/Kg"
Laranja,*,embalagem de 2 kg,"0,35 €","1,39 €/Kg"
Melão Verde,Fruta da Época,Vendido ao peso | 1 un = 4kg (aprox.),"0,75 €","2,99 €/Kg"
"Iogurte, sabor a tutti-fruti",PorSi,Embalagem de 4 x 125 g,"1,87 €","1,25 €/Kg"
Gel de banho naturals amêndoa e leite,Palmolive,500 ml,"6,99 €","9,32 €/L"
Tortitas de arroz chocolate negro,PorSi Viva Bem,130 g,"1,45 €","11,15 €/Kg"
Refrigerante c/ gás zero,Coca-Cola,pack 4 x 1 l,"0,40 €/L","0,40 €/L"
"Pensos para calos, 10 unidades",PorSi,1 embalagem,"1,69 €","1,69 €/Unidade"
Doce de abóbora c/ noz,Quinta de Jugais,Embalagem de 280g,"2,19 €","9,95 €/Kg"
Papel higiénico macio absorvente,PorSi,12 rolos,"1,99 €","1,99 €/Unidade"
Fiambre Peito de Peru,Primor,Vendido ao peso a partir de 100 g,"2,25 €","11,25 €/Kg"
"Palmilha de cortiça com latex, tamanho 42/43",Sonaf,1 unidade,"1,85 €","1,85 €/Unidade"
Lixívia Roupa delicada,PorSi,Embalagem de 2 l,"4,49 €","1,12 €/L"
"Coloração permanente, louro médio 7/6",Syoss,1 unidade,"8,49 €","8,49 €/Unidade"
Vinho branco,PorSi,embalagem de 1 litro,"0,85 €/L","0,85 €/L"
Coxas de Frango do Campo Lusitano,PorSi Select,embalagem de 700 g (aprox.),"19,95 €","3,99 €/Kg"
Mistura solúvel c/ 20% café pó,PorSi,Embalagem de 200g,"1,64 €","6,56 €/Kg"
Feuilletine,Du Bois de la Roche,Embalagem de 135 g,"0,39 €","3,12 €/Kg"
Gelatina de morango,Royal,Embalagem de 114g,"0,55 €","61,11 €/Kg"
Gel de Banho Secrets Oil Coconut,Dove,Embalagem de 500 ml,"6,49 €","8,65 €/L"
Batata frita lisa,PorSi,Embalagem de 90g,"1,06 €","5,73 €/Kg"
Bolacha recheada mega duo cacau,Gullon,Embalagem de 500g,"2,15 €","2,87 €/Kg"
Creme fixação para dentaduras,Polident,Embalagem de 70 g,"9,79 €","122,38 €/Kg"
Iogurte Activia 0% aveia e linhaça,Danone,Embalagem de 4 x 120 g,"2,79 €","6,07 €/Kg"
Queijo cabra curado,PorSi,300 g,"1,89 €","10,50 €/Kg"
Tablete de chocolate caramel peanut,Milka,Embalagem de 280g,"6,50 €/Kg","6,50 €/Kg"
Arroz carolino,Caçarola,Embalagem de 1kg,"0,99 €","0,99 €/Kg"
Iogurte pedaços frutos vermelhos,PorSi,Embalagem de 8 x 125 g,"4,36 €","2,18 €/Kg"
Rebuçados de mentol,PorSi,Embalagem de 250g,"0,77 €","3,85 €/Kg"
Pá do Lixo C/ Cabo,PorSi,1 un.,"2,20 €","2,20 €/Unidade"
Vinagre de sidra,PorSi,500 ml,"0,35 €","0,70 €/L"
Biscoitos rosegones,Dulcesol,Embalagem de 130g,"2,29 €","3,05 €/Kg"
Gel intimo propolis,Fres&Clean,Embalagem de 250 ml,"4,69 €","18,76 €/L"
"Luvas multiusos relevo antiderrapante, tamanho grand...",PorSi,Embalagem de 1 unidades,"2,40 €","2,40 €/Unidade"
Café em cápsulas dolce gusto ardenza,Nescafe,Embalagem de 110g,"2,79 €","19,93 €/Kg"
Posta de atum ao natural,PorSi,Embalagem de 120g,"0,89 €","7,42 €/Kg"
Mopa ultramax,Vileda,1 unidade,"2,50 €","2,50 €/Unidade"
Ambientador spray aerosol white bouquet,Air Wick,Garrafa de 240 ml,"0,99 €","3,30 €/L"
Creme de feijão c/ espinafres,Sopas Graciete,Garrafa de 400 ml,"1,19 €","2,98 €/Kg"
Cereais bio chocapic,Nestle,Embalagem de 330g,"2,99 €","5,98 €/Kg"
20 saquetas infusão limão gengibre,Lipton,Embalagem de 40g,"44,50 €/Kg","44,50 €/Kg"
12 Macarons Sortidos,PorSi Select,Embalagem de 144 g,"2,49 €","7,55 €/Kg"
Tomate seco,PONTI,Embalagem de 280g,"3,84 €","24,00 €/Kg"
Chá gordura localizada,PLANTANATU,Embalagem de 10 unidades,"1,19 €","1,19 €/Unidade"
Kit de viagem,Colgate,pasta dentífrica + escova,"3,49 €","3,49 €/Unidade"
Limpa vidros boost,Ajax,Embalagem de 500 ml,"3,19 €","6,38 €/L"
Iogurte activia aveia nozes,Danone,Embalagem de 4 x 120 g,"2,79 €","6,07 €/Kg"
Alimento lácteo banana +6 meses,Yogolino,Embalagem de 4 x 100 g,"2,89 €","7,23 €/Kg"
Fralda Recém Nascido T2 |3-6 kg,Chelino,Embalagem 28 Unidades,"6,49 €","6,49 €/Unidade"
Mistura de cogumelos,PorSi,Embalagem de 400g,"1,89 €","1,89 €/Kg"
Gelatina tutti-fruti,PorSi,Embalagem de 170g,"0,55 €","61,11 €/Kg"
Saco de cama para adulto,Saurium,1 unidade,"14,99 €","14,99 €/Unidade"
Coloração Permanente Louro Escuro |6,Palette,,"8,49 €","8,49 €/Unidade"
Lava tudo tijoleira,Cif,1.1 L,"4,39 €","14,63 €/L"
Nata uht carbonara,Parmalat,Embalagem de 200 ml,"0,75 €","3,75 €/L"
Tablete de chocolate branco,Schogetten,Embalagem de 100g,"0,99 €","9,90 €/Kg"
Sacos do lixo 18 litros,PorSi,15 sacos,"1,79 €","1,79 €/Unidade"
Sultana Dourada,PorSi,Embalagem de 200g,"0,79 €","3,95 €/Kg"
Brandy Family,Martha's,"Garrafa de 0,70L c/ Oferta 1 Copo","11,99 €","17,13 €/L"
Papel higiénico compacto 2 folhas,PorSi,18 = 36 Rolos,"1,99 €","1,99 €/Unidade"
Sumo Manga s/ Açúcar Adicionado Patrulha Pata,SONATURAL,4 x 110 ml,"0,84 €","2,55 €/L"
Sumo essencial manga,Compal,pack 3 x 0.11 l,"0,99 €","0,99 €/L"
Queijo de vaca/ovelha penela,Serqueijos,Embalagem de 250 g,"5,99 €","23,96 €/Kg"
Gel Styling Casual Black,Axe,Embalagem de 75 ml,"5,99 €","14,98 €/L"
Inseticida Aerossol Rapid Moscas e Mosquitos,Raid,1 Embalagem 600ml,"5,09 €","8,48 €/L"
Chocolate para culinária 85% cacau sem glúten,Regina,embalagem de 200 g,"1,04 €","8,32 €/Kg"
Grelos,Bonduelle,Embalagem de 400 g,"1,89 €","1,89 €/Kg"
Pipoca doce para  microondas,PorSi,Embalagem de 300g,"0,79 €","7,90 €/Kg"
Queijo de ovelha curado amanteigado,Seia,Embalagem de 500g,"4,50 €","17,99 €/Kg"
Bloco sanitário power 5 duo blue water ocean,Domestos,Embalagem de 1 unidades,"2,99 €","74,75 €/Kg"
Cominhos moídos,PorSi,Embalagem de 35g,"0,25 €","0,25 €/Kg"
Grão de bico,PorSi,Frasco com 540 g,"1,79 €","2,29 €/Kg"
Pão Alentejano,Pão do Dia,1 unidade = 400 g,"0,19 €","2,38 €/Kg"
Chantilly,Royal,Embalagem de 70g,"1,29 €","3,23 €/Kg"
Batata pré-frita cubos,PorSi,Embalagem de 1 kg,"1,39 €","1,39 €/Kg"
"Fita Papel, 25mmx50m",Vito,1 unidade,"3,99 €","3,99 €/Unidade"
Mini tostas integrais super finas,PorSi,Embalagem de 100 g,"0,69 €","3,07 €/Kg"
Chispe da Perna,Porco,1 un = 800 gr (aprox.),"1,22 €","4,89 €/Kg"
Lápis de Cera Color'peps Wax,Maped,Embalagem com 12 un.,"4,69 €","4,69 €/Unidade"
Bebida de arroz e amêndoas,Joya,Garrafa de 1 l,"2,49 €","2,49 €/L"
Infusão de tília,PorSi,Embalagem de 30g,"0,99 €","76,15 €/Kg"
Bagas de goji,Cemporcent,Embalagem de 125 g,"0,79 €","3,95 €/Kg"
Vinho tinto doc dão,Cabriz,Garrafa de 0.75 l,"3,99 €","5,32 €/L"
Chá de frutos vermelhos,Tetley,Embalagem de 30g,"44,50 €/Kg","44,50 €/Kg"
Mini salsichas cocktail,Nobre,lata de 180g,"0,75 €","3,75 €/Kg"
Sumo maçã,Andros,Embalagem de 1 l,"3,99 €","3,99 €/L"
Baguete,PorSi,250 g,"0,19 €","2,38 €/Kg"
"12 lápis de cor, 18cm",Domédia,Uma embalagem,"4,69 €","4,69 €/Unidade"
Creme vegetal para culinária,PorSi,Embalagem de 250g,"1,39 €","6,95 €/L"
Sopa tailandesa,Knorr,embalagem com 69 g,"0,84 €","13,55 €/Kg"
Farinha s/ glúten p/ pão,Schar,Embalagem de 1 kg,"1,99 €","1,99 €/Kg"
Yofu com pedaços de morango,Alpro,Embalagem de 4x125 g,"3,09 €","6,18 €/Kg"
Açúcar granulado,Rar,Embalagem de 1kg,"1,49 €","1,49 €/Kg"
Toalhitas Bebé Basic,PorSi,Embalagem de 72 unidades,"1,09 €/Unidade","1,09 €/Unidade"
Gomas favoritos pica,Haribo,Embalagem de 90g,"1,19 €","3,97 €/Kg"
Mochila,Minnie,1 unidade,"19,90 €","19,90 €/Unidade"
Conjunto multiusos de cozinha,Jocca,1 unidade,"7,99 €","7,99 €/Unidade"
Lápis de Cera Color'peps Wax,Maped,Embalagem com 12 un.,"3,09 €","3,09 €/Unidade"
Atum posta em óleo,Noro,Lata com 110 g,"0,89 €","7,42 €/Kg"
Fermento padeiro,Royal,Embalagem de 27g,"0,75 €","15,00 €/Kg"
Boneca Caty 85 cm,Vicam,1 unidade,"27,99 €/Unidade","27,99 €/Unidade"
Spray power&shine casa de banho,Cif,Garrafa de 750 ml,"0,79 €","0,79 €/L"
Acumulador Térmico,Gio'Style,2x400g,"3,00 €","3,00 €/Unidade"
Le cassoulet,Claude leg,Embalagem de 840g,"2,35 €","5,60 €/Kg"
Espumoso moscato,Selecção de Enófilos,"Garrafa de 0,75 l","3,99 €","5,32 €/L"
Renovador de Camurça em Spray Incolor,Búfalo,Embalagem de 250 ml,"5,09 €","20,36 €/L"
Faca Chefe 20 cm Preta,PorSi,1 unidade,"4,75 €","4,75 €/Unidade"
Desentupidor canos,Mr.muscle,Embalagem de 1 l,"4,49 €","5,99 €/L"
Aroma de café,Rayners,Garrafa de 28 ml,"0,75 €","15,00 €/Kg"
Bebida de arroz,Shoyce,Embalagem de 3 x 200 ml,"1,59 €","1,59 €/L"
Marmelada bio,Casaprisca,Embalagem de 250g,"1,09 €","2,42 €/Kg"
Pilha alcalina hightech lr03x8,Domédia,1 unidade,"1,99 €","1,99 €/Unidade"
Chocolate de leite e amêndoas,Milka,Embalagem de 125g,"6,50 €/Kg","6,50 €/Kg"
Pirassununga (38º),Cachaca 51,Garrafa de 700 ml,"17,49 €","24,99 €/L"
Queijo dop cura 12 meses,Sao jorge,Embalagem de 300g,"25,45 €/Kg","25,45 €/Kg"
Infusão de menta,Tetley,Embalagem de 10g,"0,99 €","76,15 €/Kg"
Iogurte líquido dan'up milkshake straciatella,Danone,Embalagem de 4 x 155 g,"1,17 €","1,83 €/Kg"
Queijo em fatias,Limiano,Embalagem de 400g,"1,56 €","7,80 €/Kg"
Chocolate negro 85 % cacau,Cemporcent,Embalagem de 100g,"2,29 €","22,90 €/Kg"
Açaí superelemento (10 saquetas),Cemporcent,Embalagem de 25g,"3,99 €","39,90 €/Kg"
Ambientador auto pinho,PorSi,1 unidade,"2,89 €","2,89 €/Unidade"
Caderno Agrafado Capa Preta |A5 Quadriculado,Domédia,1 unidade,"1,09 €","1,09 €/Unidade"
Pringles flame kickin sour cream,Pringles,Embalagem de 160g,"1,19 €","6,43 €/Kg"
Farinha,Maizena,Embalagem de 400g,"1,99 €","1,99 €/Kg"
Adoçante c/ doseador,Canderel,Embalagem de 10g,"5,99 €","23,96 €/Kg"
Açucar icing,Rar,Embalagem de 250 g,"1,49 €","1,49 €/Kg"
Conjunto acessórios para vinho,Anilar,1 unidade,"17,99 €","17,99 €/Unidade"
Esoumante prosecco branco,Gancia,Garrafa de 750 ml,"3,99 €","5,32 €/L"
"Queijo fundido emmental, em fatias",President,Embalagem de 200 g,"1,56 €","7,80 €/Kg"
Polaretti magic milk micro esferas solúveis sabor ch...,Dolfin,Embalagem de 30g,"5,39 €","7,19 €/Kg"
"Refresco em pó, ananás",Tang,Embalagem de 30g,"0,75 €","18,75 €/Kg"
Bebida de cereais e café mokambo intenso,Nestle,Embalagem de 180g,"1,64 €","6,56 €/Kg"
"Coloração permanente, castanho tiramissu nº4.15",Nutrisse,1 unidade,"8,49 €","8,49 €/Unidade"
Cafe soluvel c/c 200g,Delta,Embalagem de 200g,"14,50 €/Kg","14,50 €/Kg"
Refresco pó laranja e morango,PorSi,Embalagem de 40g,"0,75 €","18,75 €/Kg"
Nata uht light para culinária,PorSi,embalagem de 200 ml,"0,75 €","3,75 €/L"
Grão de bico,PorSi,Embalagem de 820g,"1,79 €","2,29 €/Kg"
Tesoura essencial soft 21 cm,Maped,unidade,"1,79 €","1,79 €/Unidade"
Posta de Corvina-Prata Congelada,PorSi,Vendido ao peso a partir de 200 g (aprox.),"6,99 €","6,99 €/Kg"
Areia para gatos mineral perfumada,PorSi,Embalagem de 5 kg,"1,19 €","0,24 €/Kg"
Livro Hot Wheels,Europrice,,"4,99 €","4,99 €/Unidade"
Bolacha Maria,Cuetara,Embalagem de 200g,"2,11 €/Kg","2,11 €/Kg"
Bandas cera depilatórias corpo pele sensível,Labell,40 unidades,"3,11 €","3,11 €/Unidade"
Creme vegetal soja,Planta,Embalagem de 250 gr,"2,09 €","8,36 €/Kg"
"Comida húmida para cão adulto com frango, vaca e bor...",Friskies,Embalagem de 400g,"0,75 €","2,50 €/Kg"
Bolachas oreo,Oreo,Embalagem de 440g,"0,79 €","4,49 €/Kg"
Pai Natal de Chocolate,PorSi,Embalagem de 60 g,"2,29 €","17,62 €/Kg"
Pastel de Nata,Pastelaria do Dia,60 g,"0,30 €/Unidade","0,30 €/Unidade"
Perolas perfumadas fresh,PorSi,Embalagem de 275 g,"8,69 €","1,84 €/Kg"
Doce de tomate com frutose,Salutem,Embalagem de 340g,"4,49 €","13,61 €/Kg"
Cachaça,Velho do barreiro,Garrafa de 70 cl,"17,49 €","24,99 €/L"
Vinho tinto,PorSi,embalagem de 5 litros,"5,19 €","1,04 €/L"
"Alimento seco para gato adulto, vaca",Whiskas,"Embalagem de 1,75 kg","12,99 €","4,33 €/Kg"
Fígado,Novilho,1 un = 100 gr (aprox.),"0,50 €","4,99 €/Kg"
Café nespresso descafeinado intensidade 11,STARBUCKS,Embalagem com 10 unidades,"1,59 €","6,36 €/Kg"
Massa filo,JR,Embalagem de 250g,"0,99 €","4,30 €/Kg"
"Bolachas, tubo",Oreo,Embalagem de 150g,"0,79 €","4,49 €/Kg"
Bolachas mini alfa,Nacional,Embalagem de 120g,"2,82 €","9,40 €/Kg"
Vinho Regional Lisboa Reserva Branco,Marginal,Garrafa de 0.75 l,"4,99 €","6,65 €/L"
Iogurte líquido infantil morango e banana,PorSi,Pack 6 x 100 g,"1,05 €","1,86 €/L"
Nata uht,Agros,Garrafa de 200 ml,"0,75 €","3,75 €/L"
Soja polpa fruta,PorSi Viva Bem,Embalagem de 8 x 100 g,"3,09 €","6,18 €/Kg"
Ambientador vela odor animais,PorSi,1 unidade,"4,99 €","4,99 €/Unidade"
Tapioca hidratada sem adição de açúcares,PorSi Viva Bem,Embalagem de 500 g,"0,69 €","1,73 €/Kg"
Cereais fitness chocolate,Nestle,Embalagem de 380g,"5,59 €","8,87 €/Kg"
Pernil,Porco,1 un = 1 kg (aprox.),"1,22 €","4,89 €/Kg"
"Espumante cava bruto, reserva",Freixenet,Garrafa de 750 ml,"8,49 €","11,32 €/L"
Alheira Especial de Trás-Os-Montes,PorSi,200 g,"1,49 €","7,45 €/Kg"
Gelatina de frutos tropicais,PorSi,Embalagem 2X85G,"0,55 €","61,11 €/Kg"
Iogurte magro natural,Longa vida,Embalagem de 6 x 120 g,"1,44 €","2,88 €/Kg"
Patê atum em escabeche,La piara,Embalagem de 80g,"1,19 €","13,52 €/Kg"
"Vinagre virgem branco, spray",Paladin,Garrafa de 250 ml,"0,35 €","0,70 €/L"
Soja fina,PorSi Viva Bem,Embalagem de 400 g,"2,09 €","8,36 €/Kg"
Infusão carqueja,Cemporcent,Embalagem de 10 unidades,"0,99 €","76,15 €/Kg"
Escova de dentes infantil 3 a 6 anos,Labell,1 un.,"2,29 €","2,29 €/Unidade"
Sumo natural de uva preta bio,Cemporcent,Garrafa de 200 ml,"2,19 €","2,19 €/L"
Dentífrico júnior 7 a 12 anos,Colgate,Embalagem de 50 ml,"0,99 €","0,99 €/Unidade"
Gel de Banho Silk,Dove,Embalagem de 750 ml,"6,49 €","8,65 €/L"
Champô Anti-Caspa,Pantene,360 ml,"5,59 €","13,98 €/L"
Lápis de Cor Color'Peps Animal,Maped,Embalagem com 12 un.,"3,09 €","3,09 €/Unidade"
Mochila mirage,*,1 unidade,"19,90 €","19,90 €/Unidade"
Tablete de chocolate culinário negro,PorSi,Embalagem de 200 g,"1,04 €","8,32 €/Kg"
Manteiga sem sal terra nostra,Terra Nostra,Embalagem de 250g,"1,69 €","6,76 €/Kg"
Leite regular 3,Aptamil,Embalagem de 800 g,"22,39 €","27,99 €/Kg"
Apara lápis,Maped,1 unidade,"2,69 €","2,69 €/Unidade"
Laca Cabelo Criação Brilho,Tresemmé,Embalagem de 300 ml,"4,19 €","16,76 €/L"
Chocolate negro 72% cacau,Cemporcent,Embalagem de 100g,"2,29 €","22,90 €/Kg"
Cuecas Incontinência Maxi Médio,Lindor,Embalagem com 14 un.,"9,99 €","9,99 €/Unidade"
Leite e cereais 8 cereais e mel +6 meses,Cerelac,Garrafa de 400 ml,"4,49 €","4,49 €/Kg"
Queijo fresco,Santiago,Embalagem de 80g,"2,39 €","19,92 €/Kg"
Paté Fígado Porco c/ Cogumelos,PorSi,75 g,"1,05 €","6,99 €/Kg"
Vinho maduro tinto,C.da eira,Garrafa de 250 ml,"0,85 €/L","0,85 €/L"
Caixa Cubo Pearls,Jacquot,Embalagem de 200g,"2,99 €","29,90 €/Kg"
Agrião Programa Origens,PorSi,embalagem de 170 g,"0,99 €","0,99 €/Kg"
20 saquetas green framboesa/romã,Lipton,Embalagem de 30g,"44,50 €/Kg","44,50 €/Kg"
Algodão zig zag pré-cortado,PorSi,Embalagem de 50 g,"1,69 €","1,69 €/Unidade"
Queijo meio gordo fatias,Paiva,Embalagem de 180g,"1,56 €","7,80 €/Kg"
Pano limpa pó de flanela,PorSi,1 unidade,"1,79 €","1,79 €/Unidade"
Cola glitter perfumada,Mitama,21 g,"2,19 €","109,50 €/L"
Pizza de bolonhesa,PorSi,Embalagem de 350g,"2,16 €","6,17 €/Kg"
"Pilha alcalina, hightech lr03x4",Domédia,1 unidade,"1,99 €","1,99 €/Unidade"
Creme culinário soja,PorSi Viva Bem,Embalagem de 200 ml,"3,99 €","26,60 €/L"
Salsichas de tofu,Cemporcent,Embalagem de 200g,"25,48 €/Kg","25,48 €/Kg"
Dow's 20 years old tawny port,Dow's,Garrafa de 750 ml,"10,99 €","14,65 €/L"
Spray tira nódoas,A+,Embalagem de 750 ml,"7,99 €","19,02 €/Kg"
Maçã Golden Premium,*,Calibre: 75/80,"0,27 €","1,49 €/Kg"
Vinho regional tejo reserva tinto,Casaleiro,Garrafa de 0.75 l,"4,99 €","6,65 €/L"
Orelhas,Porco,1 un = 250 gr (aprox.),"0,50 €","4,99 €/Kg"
Sopa portuguesa programa origens,PorSi,embalagem de 300 g,"0,99 €","0,99 €/Kg"
Detergente Liquido Máquina Roupa Coco,Surf,88 doses,"8,69 €","1,84 €/Kg"
Molho bechamel,Parmalat,Embalagem de 200 ml,"0,75 €","3,75 €/L"
Papa infantil para preparar com leite +6 meses,Cerelac,Embalagem de 250g,"4,49 €","4,49 €/Kg"
Leite creme,PorSi,Embalagem de 4x23g,"1,69 €","8,45 €/L"
Rebuçados cristais de neve,PorSi,Embalagem de 250g,"1,15 €","4,60 €/Kg"
Papel Anti-traça 4 Seasons,Raid,4 unidades,"5,99 €","176,18 €/Kg"
Cera Depilatória,Veet,Embalagem de 250 ml,"3,11 €","3,11 €/Unidade"
Liquido em gel para WC Hibisco Rosa,Ambipur,Embalagem de 750 ml,"2,79 €","3,99 €/L"
Fralda cueca T6 - 16 a 22 kg,PorSi,18 unidades,"4,59 €","4,59 €/Unidade"
Groselha,ALBERGARIA,Garrafa de 1 l,"4,89 €","6,61 €/L"
Iogurte líquido morango/banana,PorSi,Embalagem de 4 x 160 g,"1,17 €","1,83 €/Kg"
Batata frita light,Lay's,Embalagem de 140g,"0,95 €","6,33 €/Kg"
Gomas spaghetti pica morango,Haribo,Embalagem de 80g,"1,19 €","3,97 €/Kg"
Bebida de soja pur bio,Joya,Garrafa de 1 l,"1,59 €","1,59 €/L"
Creme de coentros sem batata,PorSi,Embalagem de 400 g,"1,19 €","2,98 €/Kg"
Toalhitas bebé natural care,Huggies,3 x 56 unidades,"1,09 €/Unidade","1,09 €/Unidade"
Pilha alcalina classic lr6x4,Domédia,1 unidade,"1,99 €","1,99 €/Unidade"
Alimento Húmido p/Gato Salmão,Gourmet Perle,Embalagem de 8x85g,"3,49 €","10,26 €/Kg"
Mamão,Fruta do Dia,"1 un = 1,5 kg (aprox.)","2,30 €","4,59 €/Kg"
Leite bem essencial chocolate,Mimosa,Embalagem de 200 ml,"0,26 €","1,30 €/L"
Mochila Baby Shark,Mitama,1 unidade,"19,90 €","19,90 €/Unidade"
Sobremesa de Arroz Doce,PorSi,Embalagem 2X135G,"0,55 €","2,75 €/Kg"
Moscatel de setúbal,Alambre,"Garrafa de 0,75L","5,99 €","7,99 €/L"
Néctar clássico pêssego,Compal,200 ml,"0,99 €","0,99 €/L"
Ambientador spray de lavanda,Air Wick,Garrafa de 240 ml,"0,99 €","3,30 €/L"
Jogo 4 Tapetes Alcatifa,PorSi,1 unidade,"7,49 €","7,49 €/Unidade"
Líquido wc fresh marine,Harpic,Garrafa de 750 ml,"1,79 €","2,39 €/L"
Maçã Golden 70+ Económica,Fruta do Dia,1 un = 170 gr (aprox.),"0,27 €","1,49 €/Kg"
Bolachas cream cracker,PorSi,Embalagem de 200g,"0,39 €","3,12 €/Kg"
Champanhe Monopole Blue Brut,Heidsieck,"Garrafa de 0,75L","34,99 €","46,65 €/L"
Milka chocolate tablet cocoa,Milka,Embalagem de 100g,"16,67 €/Kg","16,67 €/Kg"
Gogo SqueeZ Snack Morango,Gogo,Embalagem de 4 x 90g,"2,29 €","6,94 €/L"
Fralda Activity T3 - 6 a 10 kg,Dodot,66 unidades,"6,49 €","6,49 €/Unidade"
Tratamento diamante força extra,Tresemmé,Embalagem de 180 ml,"1,00 €","5,00 €/L"
Creme Rosto Dia Pele Mista Antirrugas Q10 Plus,Nivea,Embalagem de 50 ml,"2,99 €","59,80 €/L"
Snack gato sticks carne 6x5g porsi,PorSi,Embalagem de 30g,"0,99 €","16,50 €/Kg"
"Creme depilatório para duche, peles sensiveis",Veet,Garrafa de 150 ml,"10,99 €","73,27 €/L"
Ambientador tealights canela,PorSi,embalagem com 18 unidades,"4,99 €","4,99 €/Unidade"
Chourição,PorSi,"Vendido ao peso, fatiado a partir de 100 gr","0,95 €","9,49 €/Kg"
Adoçante em pó stevia,PorSi Viva Bem,Embalagem de 17g,"5,99 €","23,96 €/Kg"
Caramelos de fruta multisabor single,Sugus,Embalagem de 50g,"1,10 €","4,40 €/Kg"
Conjunto de 2 Tesouras Zenoa Fit,Maped,unidade,"1,69 €","1,69 €/Unidade"
Cola universal,Uhu,Embalagem de 20 ml,"2,19 €","109,50 €/L"
Cerveja sem álcool,Cheers,Pack 6 x 0.33 l,"5,99 €","3,03 €/L"
Spray vitrocerâmica/indução,PorSi,Embalagem de 500 ml,"1,79 €","2,39 €/L"
"Sagres preta gfa 0,33l tr",Sagres,Garrafa de 330 ml,"0,38 €","1,15 €/L"
Condicionador cabelos loiros,Ultra Suave,Embalagem de 200 ml,"1,00 €","5,00 €/L"
Lanterna LED Large,BDC,1 un.,"1,99 €","1,99 €/Unidade"
"Pasta de arquivo, lombada estreita, verde",Domédia,1 unidade,"1,49 €","1,49 €/Unidade"
"Chocolate de leite com passas, avelãs e amêndoas",Nestle,Embalagem com 195 g,"6,50 €/Kg","6,50 €/Kg"
Lata Cebo Protexol Incolor,Búfalo,Embalagem de 75 ml,"0,99 €","19,80 €/L"
Azeite virgem extra dop moura,PorSi Select,Embalagem de 0.75L,"3,19 €","4,25 €/L"
Sortido,Cuetara,Embalagem de 210g,"6,83 €/Kg","6,83 €/Kg"
Nutella b-ready t.2,Nutella,Embalagem de 50g,"2,29 €","17,62 €/Kg"
Snack Delight XS,8in1,embalagem de 84g,"0,94 €","5,22 €/Kg"
Bloco sanitário com suporte azul,WC Pato,Embalagem de 40 g,"2,99 €","74,75 €/Kg"
Mistura de sementes,PorSi Viva Bem,Embalagem de 200 g,"1,59 €","10,60 €/Kg"
Mistura solúvel bolero,Nestle,Embalagem de 200g,"1,64 €","6,56 €/Kg"
Body Milk in Shower,Labell,Embalagem de 250 ml,"4,49 €","11,23 €/L"
Cuecas Incontinência Unisexo Pants Super L,Tena,12 unidades,"9,99 €","9,99 €/Unidade"
Ambientador elétrico baunilha & magnólia asiática,Air Wick,Difusor + Recarga,"3,74 €","3,74 €/Unidade"
Caderno Espiral Universal A5 Quadriculado,Domédia,1 un.,"1,09 €","1,09 €/Unidade"
Bebida de aveia s/ glúten,Shoyce,Embalagem de 1 litro,"11,44 €/Kg","11,44 €/Kg"
Mousse Caramelo,A leiteira,Embalagem de 4 x 60 g,"1,19 €","2,59 €/Kg"
Nuggets pescada panada,Pescanova,Embalagem de 1Kg,"1,79 €","7,16 €/Kg"
"Salsichas em frasco bockwurst, 5 un",Izidoro,Embalagem de 250g,"0,75 €","3,75 €/Kg"
Água s/ gás,Luso,"Garrafa de 5,4 l","1,04 €","0,17 €/L"
Doce arando e mirtilo,ST.DALFOUR,Frasco de 284g,"2,19 €","9,95 €/Kg"
Farinha para bolos fina,Branca de Neve,Embalagem de 1 kg,"1,99 €","1,99 €/Kg"
Frutos silvestres lata,Koala,Embalagem de 415 g,"1,99 €","2,37 €/Kg"
Mortadela mini,PorSi,Embalagem de 350g,"1,05 €","6,99 €/Kg"
Aptamil  prosyneo ha 1,Aptamil,Embalagem de 800g,"22,39 €","27,99 €/Kg"
Granola,Salutem,Embalagem de 500g,"2,29 €","11,45 €/Kg"
Café Solúvel Espresso Intenso,Nescafe,Embalagem de 100g,"14,50 €/Kg","14,50 €/Kg"
Papel Fotocópia A4 |80g,Navigator,,"1,49 €","1,49 €/Unidade"
Chourição,Salsicharia Limiana,1 un = 100 gr (aprox.),"0,95 €","9,49 €/Kg"
Vinagre balsâmico branco,Gallo,Garrafa de 250 ml,"0,35 €","0,70 €/L"
Polvo limpo,PorSi,Embalagem de 800 g,"5,49 €","6,86 €/Kg"
Azeite virgem extra,Ouro elvas,Garrafa de 750 ml,"3,19 €","4,25 €/L"
Molho bechamel,PorSi,Embalagem de 200g,"0,70 €","2,33 €/Kg"
Crackers s/ sal superficie,GRAN PAVES,Embalagem de 560g,"0,39 €","3,12 €/Kg"
Farinheira das beiras,PorSi,Embalagem de 260G,"1,49 €","7,45 €/Kg"
Leite com chocolate,PorSi,Embalagem de 200 ml,"0,26 €","1,30 €/L"
Creme descolorante,Veet,Garrafa de 150 ml,"10,99 €","73,27 €/L"
Pensos peles sensíveis sortidos,PorSi,20 unidades,"1,69 €","1,69 €/Unidade"
Lixívia Denso-Activa Tradicional p/ Casa e Roupa,Neoblanc,Embalagem de 2 l,"1,74 €","0,35 €/L"
Pensos Higiênicos com Abas Super,Ausonia,embalagem com 12 un.,"1,42 €","1,42 €/Unidade"
Pilha alcalina heightech lr6x4,Domédia,1 unidade,"1,99 €","1,99 €/Unidade"
Mochila infantil my jungle,Perona,1 unidade,"19,90 €","19,90 €/Unidade"
Esparregado de espinafres sem lactose,PorSi Viva Bem,Embalagem de 360 g,"0,99 €","1,98 €/Kg"
Palitos redondos,PorSi,200 unidades embalados individualmente,"1,50 €","1,50 €/Unidade"
Esparguete,PorSi,Embalagem de 1 kg,"0,89 €","1,78 €/Kg"
Azeite virgem extra reserva,Gallo,Garrafa de 750 ml,"3,19 €","4,25 €/L"
Mel de néctar multifloral bio,PorSi Bio,Frasco de 250g,"4,89 €","9,78 €/Kg"
Gelado magnum pint amêndoas,Olá,Embalagem de 440 ml,"5,49 €","6,10 €/L"
Água sem gás,Vitalis,Garrafa de 0.5 l,"1,04 €","0,17 €/L"
Gengibre desidratado,Salutem,Embalagem de 100g,"25,48 €/Kg","25,48 €/Kg"
Caramelos de nata,Werthers,Embalagem de 140g,"2,75 €","11,00 €/Kg"
Vinho tinto regional setúbal,Herdade da comporta,Garrafa de 0.75 l,"8,59 €","11,45 €/L"
Queijo mini,Babybel,Embalagem de 6x20 g,"1,45 €","7,25 €/Kg"
Guardanapos brancos 22x22cm | folha dupla,Renova,90 unidades,"1,29 €","1,29 €/Unidade"
Papaia Avião,Fruta do Dia,1 un = 500 g (aprox.),"2,30 €","4,59 €/Kg"
Whisky 12 anos,Chivas,Garrafa de 700 ml,"32,99 €","47,13 €/L"
Ecobag 30 L Perfumado,Vileda,1 embalagem,"1,79 €","1,79 €/Unidade"
Tablete de chocolate com avelãs,PorSi,Embalagem de 100 g,"6,50 €/Kg","6,50 €/Kg"
Carro tuner relâmpago 20 cm,Dickie,1 unidade,"9,99 €/Unidade","9,99 €/Unidade"
"12 lápis de cor, 18cm",Domédia,Uma embalagem,"3,09 €","3,09 €/Unidade"
Pipetas repelente para cão,Repul' 7,Embalagem de 1 unidades,"19,99 €","19,99 €/Unidade"
Papa infantil não láctea multicereais +6 meses,Cerelac,Embalagem de 250g,"4,49 €","4,49 €/Kg"
Penso Higiénico Ultrafinos Abas,PorSi,14 unidades,"1,42 €","1,42 €/Unidade"
Tosta integral,Diatosta,Embalagem de 510 g,"1,34 €","5,96 €/Kg"
Detergente líquido p/ máquina lavar roupa cores escu...,Woolite,"Garrafa de 1,65 l","8,69 €","1,84 €/Kg"
Batata frita caseira,PorSi,Embalagem de 180g,"0,87 €","5,44 €/Kg"
Detergente pastilhas p/ máquina loiça oxyplus,Super Pop,Embalagem de 45 unidades,"2,99 €","2,99 €/Unidade"
Bolachas com geleia de framboesa,Chabrior,Embalagem de 150 g,"1,77 €","5,53 €/Kg"
Barra push up,Dunlop,1 unidade,"6,99 €","6,99 €/Unidade"
Vinho regional de lisboa tinto,Marginal,Garrafa de 750 ml,"4,99 €","6,65 €/L"
Morcela de Trás os Montes,PorSi,"Vendido ao peso, 1 un = 200 gr (aprox.)","1,49 €","7,45 €/Kg"
Bolacha digestiva de aveia/chocolate,Gullon,Embalagem de 430g,"0,98 €","3,27 €/Kg"
Folhado de salsichas,Pastelaria do Dia,1 unidade = 110 g,"0,65 €","0,65 €/Unidade"
Vinho do porto special reserve,Velhotes,"garrafa de 0,75 l","10,99 €","14,65 €/L"
Creme p/ barrar de chocolate e avelã,Milka,Embalagem de 340g,"4,19 €","12,32 €/Kg"
Soja nacos,PorSi Viva Bem,Embalagem de 400 g,"2,09 €","8,36 €/Kg"
Tablete de chocolate culinário branco,PorSi,Embalagem de 180 g,"1,04 €","8,32 €/Kg"
Coentros,PorSi,Vendido ao peso,"0,11 €","2,29 €/Kg"
Café moído torrado aroma originale,Belissimo,Embalagem de 200g,"9,16 €/Kg","9,16 €/Kg"
Brócolos congelados,PorSi,Embalagem de 1 kg,"1,89 €","1,89 €/Kg"
Farinha s/ glúten p/ pão,Schar,Embalagem de 1 kg,"2,99 €","7,97 €/Kg"
Snacks crocantes com bacon,PorSi,Embalagem de 60g,"0,79 €","7,90 €/Kg"
Lima-limao zero,PorSi,Garrafa de 1.5 l,"0,40 €/L","0,40 €/L"
Estendal de roupa com abas resina,PorSi,20 metros,"0,89 €","0,89 €/Unidade"
Chá fresh preto e limão,Cemporcent,Embalagem de 18g,"44,50 €/Kg","44,50 €/Kg"
Gel intimo calendula,Fres&Clean,Garrafa de 250 ml,"4,69 €","18,76 €/L"
Maçã Starking 70/75,Programa Origens,1 un = 150 gr (aprox.),"0,27 €","1,49 €/Kg"
Lanche Misto,Pastelaria do Dia,1 unidade= 115 g,"0,65 €","0,65 €/Unidade"
Alimento seco para gato steril,HappyOne,Embalagem de 2 kg,"12,99 €","4,33 €/Kg"
Caramelos de leite,Penha,Embalagem de 250g,"2,75 €","11,00 €/Kg"
Néctar bio laranja,Paquito,"Embalagem de 1,5 l","1,59 €","1,59 €/L"
Cerveja c/ álcool,Sagres,pack 30 x 0.25 L,"0,38 €","1,15 €/L"
Desinfetante Têxtil,Sanytol,Embalagem de 500 ml,"10,99 €","52,33 €/Kg"
Vinho do Porto Branco,Velhotes,"Garrafa de 0,75 l","11,99 €","15,99 €/L"
Sal cristal,PorSi,embalagem de 1 kg,"0,25 €","0,25 €/Kg"
Café solúvel clássico,Nescafe,Embalagem de 200g,"14,50 €/Kg","14,50 €/Kg"
Croutons azeite e alho,PorSi,Embalagem de 150g,"0,69 €","3,07 €/Kg"
Vinho rosé,Mateus,Garrafa de 750 ml,"4,29 €","5,72 €/L"
Sal Himalaias Grosso,Origens Bio,1 Embalagem 500G,"2,99 €","5,98 €/Kg"
Queijo ralado mix 3 queijos,PorSi,Embalagem de 200 g,"7,45 €/Kg","7,45 €/Kg"
10 saquetas chá frutos vermelhos,Lipton,Embalagem de 10g,"44,50 €/Kg","44,50 €/Kg"
Alface Roxa,Legumes do Dia,1 un= 400 g (aprox.),"0,80 €","1,99 €/Kg"
Queijo de ovelha curado amanteigado,PorSi Select,250 g,"25,45 €/Kg","25,45 €/Kg"
Vinho branco bag-in-box,Capataz,Embalagem de 5 l,"5,19 €","1,04 €/L"
Toalha em rolo papel bordeau,PorSi,1 Unidade,"13,99 €","13,99 €/Unidade"
Refresco em pó de laranja,Tang,Embalagem de 30g,"0,75 €","18,75 €/Kg"
Frango de Churrasco Pré Temperado,Frango,Vendido ao peso,"19,95 €","3,99 €/Kg"
Lula limpa 20/40,PorSi,Embalagem de 800 g,"5,49 €","6,86 €/Kg"
Chocolate negro com coco,Cemporcent,Embalagem de 125g,"2,29 €","22,90 €/Kg"
Gel Cabelo Styling Creme Cabelo,Nivea,Embalagem de 150 ml,"5,99 €","14,98 €/L"
Amaciador  p/ roupa concentrado Aromaterapia,PorSi,Embalagem com 60 doses,"3,99 €","3,99 €/Unidade"
Conjunto 4 Velas Litúrgicas Brancas,Codipostal,1 unidade,"19,99 €","19,99 €/Unidade"
Rhum com coco,Malibu,Garrafa de 700 ml,"17,49 €","24,99 €/L"
Baliza de futebol c/ 2 Pinos de Montagem,Dunlop,Dim.: 55 x 44 x 44 cm,"3,00 €","3,00 €/Unidade"
Maionese top down,Hellmman's,Embalagem de 238 g,"0,70 €","2,33 €/Kg"
Sangria branca,Casal Garcia,Garrafa de 750 ml,"2,39 €","1,59 €/L"
"Elixir bocal, Menta Fresca",Aquafresh,Embalagem de 500 ml,"5,99 €","11,98 €/L"
Queijo regular,Philadelph,Embalagem de 180g,"4,68 €","11,70 €/Kg"
Millet (milho painço),Cemporcent,Embalagem de 500g,"1,94 €","3,88 €/Kg"
Lipton limão zero pet,Lipton,Garrafa de 2 l,"1,14 €","0,76 €/L"
Pudim Rico em Proteína de Caramelo,Ehrmann,Embalagem de 200g,"1,19 €","2,59 €/Kg"
Leite condensado magro,Nestle,Embalagem de 390g,"1,09 €","2,75 €/Kg"
Maçã Jonagored 75/80,Programa Origens,1 un = 200 gr (aprox.),"0,27 €","1,49 €/Kg"
Ameixa Vermelha,Fruta da Época,1 un = 250 gr  (aprox.),"0,35 €","2,49 €/Kg"
Arroz carolino,PorSi,Embalagem de 1 kg,"0,99 €","0,99 €/Kg"
Ameijoa Branca 60/80,*,Congelada,"2,00 €","7,99 €/Kg"
Chá preto frutos vermelhos,PorSi,Embalagem de 40g,"41,67 €/Kg","41,67 €/Kg"
Reb. mentol s/acucar 115g,Villa,Embalagem de 120g,"2,30 €","57,50 €/Kg"
"Canas de creme, 4 unidades",Dulcesol,Embalagem de 250g,"2,05 €","5,13 €/Kg"
Vinho regional lisboa branco,Marginal,Garrafa de 750 ml,"4,99 €","6,65 €/L"
Feijão encarnado,PorSi,Embalagem de 820 g,"1,79 €","2,29 €/Kg"
Delícia semi-fria cheesecake,Royal,embalagem de 325 g,"1,69 €","8,45 €/L"
Gogo SqueeZ Snack Morango,Gogo,Embalagem de 90g,"2,29 €","6,94 €/L"
Caramelo líquido,Royal,Embalagem de 400g,"1,29 €","3,23 €/Kg"
Manjericão,PorSi,50 g,"0,99 €","19,80 €/Kg"
Semente mistura,Salutem,Embalagem de 250g,"2,29 €","11,45 €/Kg"
"Frutapura pera, banana e alperce",Bledina,Embalagem de 85g,"2,29 €","6,94 €/L"
Pimenta preta grão,PorSi,Saqueta de 50 g,"0,25 €","0,25 €/Kg"
Bloco Sanitário Poder Activo Aqua,Sonasol,Embalagem de 50 g,"2,99 €","74,75 €/Kg"
Marmelada com frutose,PorSi Viva Bem,Embalagem de 400g,"1,09 €","2,42 €/Kg"
Gelatina de morango,PorSi,Embalagem de 170g,"0,55 €","61,11 €/Kg"
Iogurte activia líquido morango,Danone,Embalagem de 4 x 155 g,"2,79 €","6,07 €/Kg"
Conjunto 6 formas madalenas,Rioja IMF,1 unidade,"5,89 €","5,89 €/Unidade"
Espinafres corte Programa Origens,PorSi,"Vendido ao molhe, 1 un= 1 kg aprox.","3,49 €","3,49 €/Kg"
Bombons Presente La Trufflina,Guylian,Embalagem de 180G,"2,99 €","29,90 €/Kg"
Agrafador ergologic 24/6 +400 agrafos,Maped,1 unidade,"1,79 €","1,79 €/Unidade"
Vinho Tinto DOC Dão Touriga Nacional,Cabriz,Garrafa de 0.75 l,"3,99 €","5,32 €/L"
Lombinhos,Porco,1 un=500 gr aprox.,"1,22 €","4,89 €/Kg"
Búzio Cozido Pescado no Mar,Marisco Fresco,1 un = 250 gr (aprox.),"2,00 €","7,99 €/Kg"
"Chave de Fenda Cabo Bimat, 3.0x75mm",Itools,1 unidade,"5,39 €","5,39 €/Unidade"
Cobertura de tartes,Vahine,Embalagem de 20g,"0,75 €","15,00 €/Kg"
Mandioca,Legumes do Dia,1 un=500 gr (aprox.),"0,62 €","2,49 €/Kg"
Salsichas brasileiras para churrasco,Nobre,Embalagem em vácuo de 200 g,"4,85 €","14,70 €/Kg"
Bolachas com recheio baunilha,PorSi,Embalagem de 500g,"2,15 €","2,87 €/Kg"
Magnésio + vitaminas,PLANTANATU,Embalagem de 1 unidades,"7,59 €","126,50 €/Kg"
Pilhas recarregáveis longa duração AAA HR03 1.2V 800...,Domédia,Embalagem com 4 unidades,"1,99 €","1,99 €/Unidade"
Açúcar mascavado claro,Rar,Embalagem de 500 g,"1,49 €","1,49 €/Kg"
Pasta dentífrica gel kids,Labell,Embalagem de 50 ml,"0,99 €","0,99 €/Unidade"
Aroma de limão,Vahine,Embalagem de 20g,"0,75 €","15,00 €/Kg"
The famous grouse ruby cask 700ml/1,F.grouse,Garrafa de 700 ml,"23,49 €","23,49 €/L"
Pensos diários flexiform,Carefree,Embalagem de 30 unidades,"1,79 €","1,79 €/Unidade"
Couscous tradicional,Cemporcent,Embalagem de 500g,"1,94 €","3,88 €/Kg"
Palmiers,PorSi,Embalagem de 720 g,"1,69 €","6,76 €/Kg"
"Mistura de couve flor, brócolos e cenoura",PorSi,Embalagem de 1 kg,"1,89 €","1,89 €/Kg"
Dentífrico infantil frutas naturais 3 aos 5 anos,Colgate,50 ml,"0,99 €","0,99 €/Unidade"
Lava tudo amigo dos animais,Xanpa,Embalagem de 1 l,"2,59 €","1,30 €/L"
"Salsichas aves, frasco com 5 unidad",Izidoro,Embalagem de 250g,"0,75 €","3,75 €/Kg"
"Vinho branco região da península de setúbal, bag in ...",Dom Campos,Garrafa de 5 l,"9,49 €","1,90 €/L"
Kit Jardim com 3 Peças,Itools,1 unidade,"4,39 €","4,39 €/Unidade"
Bio miolo amendoa compele,PorSi Bio,Embalagem de 100g,"0,79 €","3,95 €/Kg"
Fiambre da perna,Primor,1 un = 150 gr (aprox.),"0,97 €","6,49 €/Kg"
Iogurte Pedaços Ananás 0% Matéria Gorda/Açúcares,Danone,4 x 120 g,"4,36 €","2,18 €/Kg"
Jogo de Mesa Ping Pong,Olivo,1 un.,"31,99 €/Unidade","31,99 €/Unidade"
Rum anejo especial,Havana,Garrafa de 700 ml,"17,49 €","24,99 €/L"
Cápsulas de café delta qualidus,Delta Q,Embalagem de 60g,"2,79 €","19,93 €/Kg"
Chispalhada,PorSi,Embalagem de 420 g,"2,35 €","5,60 €/Kg"
"Refrigerante sem gás, maracujá e la",Joi,"Garrafa de 1,5 l","1,14 €","0,76 €/L"
Brandy  (36º),Macieira,Garrafa de 700 ml,"11,99 €","17,13 €/L"
Vinho branco região do Dão,Dharma,Garrafa de 0.75 l,"3,99 €","5,32 €/L"
Tequila,On Off,Garrafa de 70 cl,"11,99 €","11,99 €/L"
Saqueta de puré de fruta | maçã + pera,PorSi,90 g,"0,74 €","8,22 €/Kg"
Pilha alcalina hightech lr20x2,Domédia,1 unidade,"1,99 €","1,99 €/Unidade"
"Cera cabelo, paste signature",Axe,Embalagem de 75 ml,"4,19 €","16,76 €/L"
Tira gorduras dia a dia,Mistolin,Garrafa de 750 ml,"1,29 €","1,72 €/L"
Bacalhau com azeite e alho,PorSi Select,Lata de 120 g,"0,89 €","7,42 €/Kg"
Feijão manteiga caçarola,Cacarola,Embalagem de 500g,"2,78 €/Kg","2,78 €/Kg"
Creme vegetal para barrar,PorSi,Embalagem de 500 g,"1,39 €","6,95 €/L"
Hambúrguer de cogumelos,Cemporcent,Embalagem de 160g,"25,48 €/Kg","25,48 €/Kg"
"Vinho doc loureiro, verde",Selecção de Enófilos,Garrafa de 0.75 l,"2,89 €","3,85 €/L"
Tomate Cacho Económico,Legumes do Dia,1 un = 200 gr (aprox.),"0,87 €","3,49 €/Kg"
Gel de banho tonic greenwod,Labell Men,Embalagem de 250 ml,"5,99 €","14,98 €/L"
Café moagem normal: original,Buondi,Embalagem de 220g,"9,76 €/Kg","9,76 €/Kg"
Pasta dentífrica menta fresca,Aquafresh,Embalagem de 75 ml,"2,39 €","31,87 €/L"
Creme Mãos Secrets Abacate,Dove,75 ml,"1,03 €","10,30 €/L"
Lambrusco rosé,Sorbello,Garrafa de 0.75 l,"2,29 €","3,05 €/L"
Dobrada com feijão,Nobre,Embalagem de 420g,"2,35 €","5,60 €/Kg"
Figo pingo mel,PorSi,Embalagem de 300 g,"1,00 €","3,99 €/Kg"
Moelleux de chocolate,PorSi Select,960 g,"2,49 €","7,55 €/Kg"
Vinho tinto regional peninsula de setúbal,Fonte nico,Garrafa de 750 ml,"8,59 €","11,45 €/L"
Empadas soja,PorSi Viva Bem,Embalagem de 260g,"2,09 €","8,36 €/Kg"
Licor Limoncello,Vila Massa,"Embalagem de 0,50 l","16,99 €","24,27 €/L"
Creme de corpo exfoliante,Labell,Embalagem de 150 ml,"0,76 €","0,76 €/Unidade"
Refrigerante s/ gás flórida,Sunny d,"Garrafa de 1,25 l","1,14 €","0,76 €/L"
Néctar vital equilibrio manga/laranja,Compal,Embalagem de 1 l,"0,84 €","2,55 €/L"
Arroz de pato,PorSi,Embalagem de 250 g,"2,99 €","11,96 €/Kg"
Iogurtes aroma 4 de morango + 4 de banana,PorSi,Embalagem de 8x125g,"1,87 €","1,25 €/Kg"
Penso Higiénico Ultrafinos s/ Abas Noite,PorSi,14 unidades,"1,42 €","1,42 €/Unidade"
Morcela de Arroz do Fundão,PorSi,"Vendido ao peso, 1 un=200 g (aprox.)","1,49 €","7,45 €/Kg"
VMB DOC BAIRRADA 0.75L,E.2 SANTOS,Garrafa de 750 ml,"2,92 €/L","2,92 €/L"
Difusor elétrico sem fio para pastilhas,Ezalo,Embalagem de 1 unidades,"10,49 €","17,48 €/L"
Toucinho Fumado,PorSi,fatiado a partir de 100 gr,"1,45 €","18,13 €/Kg"
"Vinho tinto, bag in box",Capela Pias,Garrafa de 5 l,"9,49 €","1,90 €/L"
Fondue,Novilho,1 un = 250 gr  (aprox.),"6,39 €","7,99 €/Kg"
Vinho branco tejo sauvignon,Fiuza,Garrafa de 750 ml,"4,99 €","6,65 €/L"
Danacol natural,Danone,Embalagem de 6 x 100 g,"4,15 €/Kg","4,15 €/Kg"
Detergente manual de roupa,Omo,Embalagem de 540g,"1,09 €","2,73 €/Kg"
Melão verde,Fruta do Dia,Vendido ao peso | 1 un = 2.5 kg (aprox.),"0,75 €","2,99 €/Kg"
Queijinhos mini,Babybel,Embalagem de 240g,"0,82 €","23,43 €/Kg"
Maionese magra em frasco,Hellmman's,Embalagem de 460g,"0,70 €","2,33 €/Kg"
Sobremesa danette baunilha,Danone,Embalagem de 4 x 125 g,"1,19 €","2,59 €/Kg"
Gelado viennetta morango,Olá,Embalagem de 650 ml,"5,49 €","6,10 €/L"
Azeite Virgem Extra Clássico,Gallo,Garrafa de 2 l,"3,19 €","4,25 €/L"
Bombom Caja Roja,Nestlé,Embalagem de 100G,"2,99 €","29,90 €/Kg"
Lata de Brilho Incolor,Búfalo,Embalagem de 75 ml,"0,99 €","19,80 €/L"
Index Cores Brilhantes,Post-It,,"2,19 €","109,50 €/L"
Gelatina mirtilos,Alsa,Embalagem de 180g,"0,55 €","61,11 €/Kg"
Espinafres,PorSi,Embalagem com 500 g (aprox.),"3,49 €","3,49 €/Kg"
Vinho do porto 10 anos,Souza,Garrafa de 750 ml,"15,99 €","21,32 €/L"
Papa infantil não láctea 8 cereais e mel +6 meses,Cerelac,Embalagem de 250g,"4,49 €","4,49 €/Kg"
Pá do Lixo C/ Cabo Dobrável,Fapil,1 un.,"2,20 €","2,20 €/Unidade"
"Rolo de fita transparente, 10mx15mm, 2 unidades",Tesa,Uma embalagem,"1,79 €","1,79 €/Unidade"
Cereais estrelitas,Nestle,Embalagem de 550g,"5,07 €/Kg","5,07 €/Kg"
Toalhitas para bebé melão,PorSi,Embalagem de 60 unidades,"1,09 €/Unidade","1,09 €/Unidade"
Camarão 40/60,Congelado de Aquicultura,1 un = 250 gr  (aprox.),"2,00 €","7,99 €/Kg"
Nestum flocos de cereais integrais,Nestum,Embalagem de 250g,"2,19 €","8,76 €/Kg"
Café torrado lote chávena saco,Delta,Embalagem de 250g,"9,16 €/Kg","9,16 €/Kg"
"Salsichas bockwurst em frasco, 8 unidades",Izidoro,Embalagem de 400g,"0,75 €","3,75 €/Kg"
Batata frita light,PorSi,Embalagem de 150g,"0,95 €","6,33 €/Kg"
Guardanapos 2 folhas brancos e dourado,PorSi Select,50 unidades,"1,29 €","1,29 €/Unidade"
Lava tudo brilhante madeiras,PorSi,Embalagem de 1.1 litros,"0,99 €","0,50 €/L"
24 Caldos de carne,PorSi,Embalagem de 255  g,"3,84 €","24,00 €/Kg"
Néctar de pêssego,PorSi,Pack 3 x 200 ml,"0,99 €","0,99 €/L"
Gin dry,Gordons,Garrafa de 700 ml,"26,99 €","38,56 €/L"
Cereais cruesli fruta,Quaker,Embalagem de 380g,"2,29 €","6,11 €/Kg"
Pensos Higiénicos Cottonlike com Abas Normal Plus,Evax,28 unidades,"1,42 €","1,42 €/Unidade"
Sobremesa gelatina de ananás,PorSi,Embalagem 4X100G,"0,85 €","2,13 €/Kg"
Caixa de arrumação reciclada,PorSi,20 litros,"5,24 €","5,24 €/Unidade"
Barras de cereais com chocolate preto,PorSi,6 x 23 g,"1,29 €","10,24 €/Kg"
Queijo mozzarella ralado,PorSi,Embalagem de 200 g,"7,45 €/Kg","7,45 €/Kg"
Toalhitas Limpeza Aquas,Kandoo,Embalagem c/ 50 un.,"1,09 €/Unidade","1,09 €/Unidade"
Desodorizante roll-on invisible,Rexona,Embalagem de 50 ml,"4,69 €","31,27 €/L"
Inseticida multi-insectos,Dum Dum,Garrafa de 400 ml,"5,09 €","8,48 €/L"
Massa quebrada margarina,PorSi,Embalagem de 230 g,"0,99 €","4,30 €/Kg"
Leite de pastagem biológico meio gordo,Milhafre,1 litro,"0,81 €","0,81 €/L"
Bebida energética ripper,Monster,Garrafa de 500 ml,"5,39 €","5,39 €/L"
Folhado de salsicha,PorSi,Embalagem de 6x60 g,"1,79 €","7,16 €/Kg"
Dinos cookienss 185g                 *10,Artiach,Embalagem de 190g,"1,89 €","15,75 €/Kg"
Adoçante com doseador,PorSi,Embalagem 100 comprimidos,"5,99 €","23,96 €/Kg"
"Mini rissóis de carne, 20 unidades",PorSi,Embalagem de 300 g,"1,79 €","7,16 €/Kg"
Elixir total proteção placa bacteriana,Colgate,500 ml,"5,99 €","11,98 €/L"
"Formas de alumínio rectangulares com tampa, 600ml , ...",PorSi,Uma embalagem,"1,11 €","1,11 €/Unidade"
Pilhas Alcalinas AA Optimum,Duracell,Blister 4 Pilhas,"1,99 €","1,99 €/Unidade"
Legumes verdes para sopa,PorSi,Embalagem de 1 kg,"1,89 €","1,89 €/Kg"
Extra vitamina de a a z,PLANTANATU,Embalagem de 1 unidades,"7,59 €","126,50 €/Kg"
Bandas de cera fria facial,Labell,Embalagem com 20 un. + 4 toalhitas de acabamento,"3,11 €","3,11 €/Unidade"
Paté Fígado Porco c/ Vinho do Porto,PorSi,75 g,"1,05 €","6,99 €/Kg"
10 hamburguers 60% carne de bovino,PorSi,Embalagem de 1 kg,"2,79 €","8,72 €/Kg"
Chouriça de Porco Bísaro,Prisca,Embalagem de 180 g,"1,49 €","7,45 €/Kg"
Mousse de chocolate preto,Páturages,Embalagem de 4x60 g,"1,19 €","2,59 €/Kg"
"Escova de dentes, proteção global média, 2 unidades",Labell,Uma embalagem,"3,49 €","3,49 €/Unidade"
Mochila sk8 pc,*,1 unidade,"19,90 €","19,90 €/Unidade"
Pão da Beira,PorSi,1 unidade = 83 g,"0,19 €","2,38 €/Kg"
Pastilha Elástica Bottle Spearmint,Trident,Embalagem de 82 g,"0,89 €","59,33 €/Kg"
Spray casa de banho brilhante,Sonasol,Embalagem de 500 ml,"0,99 €","0,50 €/L"
"Fita Teflon, 2 Rolos",Itools,1 unidade,"3,99 €","3,99 €/Unidade"
Leite de pastagem biológico meio gordo,Milhafre,1 litro,"2,99 €","5,98 €/Kg"
Mignonnettes Leite,Cote D'or,Embalagem de 240 g,"5,30 €/Kg","5,30 €/Kg"
Chocolate de leite com avelãs,Nestle,Embalagem com 195 g,"6,50 €/Kg","6,50 €/Kg"
Beterraba sem Rama,Legumes do Dia,1 un=250 gr (aprox.),"0,62 €","2,49 €/Kg"
Feijão branco,Compal,Lata de 410 ml,"1,79 €","2,29 €/Kg"
Embalagem Presente Sortidos,El Almendro,Embalagem de 225G,"11,93 €/Kg","11,93 €/Kg"
Salsichas picantes para churrasco,Nobre,Embalagem em vácuo de 200 g,"4,85 €","14,70 €/Kg"
Papel higiénico reciclado 2 folhas,PorSi,12 rolos,"1,99 €","1,99 €/Unidade"
Pescada África do Sul,Peixe Congelado,De 600g a 900g,"3,99 €/Kg","3,99 €/Kg"
Ovos Frescos Classe M,PorSi,12 unidades,"2,19 €","2,19 €/Unidade"
"Esferográfica freewriter, x4 cores clássicas",Maped,1 unidade,"2,69 €","2,69 €/Unidade"
Chocolate culinário 70% cacau,Pantagruel,Embalagem de 200g,"1,04 €","8,32 €/Kg"
Azeitona verde inteira com alho,PorSi,Vendido ao peso a partir de 500 g,"1,00 €","3,99 €/Kg"
Couve branca,Legumes do Dia,1 un= 1 kg aprox,"2,29 €","2,29 €/Kg"
Doce de morango com frutose,Salutem,Embalagem de 330g,"4,49 €","13,61 €/Kg"
Marcadores para colorir,Domédia,embalagem com 18 unidades,"4,69 €","4,69 €/Unidade"
"Pasta de arquivo, lombada estreita, cinza",Domédia,1 unidade,"1,49 €","1,49 €/Unidade"
Bebida de Aveia,PorSi Viva Bem,1 l,"1,59 €","1,59 €/L"
Snack para gato original,Felix,Embalagem de 60g,"0,99 €","16,50 €/Kg"
Bolachas cookies 0% açúcares,Artiach,Embalagem de 120 g,"0,90 €","6,00 €/Kg"
Salada de fruta em calda,PorSi,Lata com 820 g,"1,99 €","2,37 €/Kg"
Queijo P'tits Fondants 8 Porções,PorSi,Embalagem de 140 g,"0,82 €","23,43 €/Kg"
Ovos de galinha ao ar livre | Classe: M/L,Matinados,12 unidades,"2,19 €","2,19 €/Unidade"
Na-esparguete bio 500g 10kg,Nacional,Embalagem de 500g,"1,89 €","3,78 €/Kg"
Pensos Higiénicos com Abas Cotton Protection 100% Or...,Ausonia,9 unidades,"1,42 €","1,42 €/Unidade"
Vela em número nº1,PorSi,1 unidade,"0,60 €","0,60 €/Unidade"
Óleo 15w40,PorSi,Embalagem de 5 l,"41,99 €","8,40 €/L"
Receita caseira de bolonhesa,Nobre,Embalagem de 420g,"2,35 €","5,60 €/Kg"
Penso de incontinência maxi,Ausonia Discreet,Embalagem de 8 un.,"1,95 €","1,95 €/Unidade"
Saca Rolhas Elétrico c/ USB,San Ignacio,1 unidade,"17,99 €","17,99 €/Unidade"
Super mix cacau pepitas,Origensbio,Embalagem de 100g,"3,99 €","39,90 €/Kg"
"Hamburgers de porco, 4x80g",PorSi,Embalagem de 320 g,"2,79 €","8,72 €/Kg"
"Iogurte pedaços, frutimax muesli",PorSi,Embalagem de 4 x 125 g,"4,36 €","2,18 €/Kg"
Comida húmida para gato seleção de aves,Gourmet mp,Embalagem de 300g,"3,49 €","10,26 €/Kg"
Canetas de Feltro Escolar,Faber Castell,Caixa c/ 12 un.,"3,09 €","3,09 €/Unidade"
Doce morango 284g,ST.DALFOUR,Frasco de 284g,"2,19 €","9,95 €/Kg"
Cocktail melão,Bar Royal,Garrafa de 750 ml,"11,99 €","11,99 €/L"
Queijo fresco ligth,PorSi,Embalagem de 4 x 62.5 g,"2,39 €","19,92 €/Kg"
Queijo fatias -50% gordura,Terra Nostra,Embalagem de 400g,"2,39 €","19,92 €/Kg"
Pasta dentífrica herbal,Colgate,Embalagem de 75 ml,"2,39 €","31,87 €/L"
Castanhas,PorSi,Embalagem de 500G,"3,29 €","4,39 €/Kg"
Bolsa exfoliante,Bioten,1 conjunto,"9,99 €","9,99 €/Unidade"
Fruta para bebé maçã cenoura manga +6 meses,Nestle,Embalagem de 90g,"0,74 €","8,22 €/Kg"
Creme Mãos Secrets Coco,Dove,75 ml,"1,03 €","10,30 €/L"
Penso diário salvaslip multiforma,Evax,embalagem de 34 unidades,"1,79 €","1,79 €/Unidade"
Mix de frutas para smothie,PorSi,Embalagem de 450 g,"3,29 €","4,39 €/Kg"
Iglo c/ Avançado p/ 3 Pessoas,Saurium,,"14,99 €","14,99 €/Unidade"
Bebida láctea crescimento c/ bolacha maria,Nestle,Embalagem de 1 litro,"0,26 €","1,30 €/L"
Aguardente 6 Anos,Adega Velha,"Garrafa 0,50 L","12,79 €","18,27 €/L"
Leite seleccionado magro,Matinal,Garrafa de 1 l,"0,81 €","0,81 €/L"
20 mini rissóis de camarão,PorSi,Embalagem de 300 g,"1,79 €","7,16 €/Kg"
Discos Sanitários Activos Aparelho Marinho,WC Pato,Embalagem de 36 ml,"2,99 €","74,75 €/Kg"
Fermento em pó,PorSi,Embalagem de 150 g,"0,75 €","15,00 €/Kg"
Rebuçados recheio mel,PorSi,Embalagem de 200g,"0,77 €","3,85 €/Kg"
Amaciador roupa concentrado lírios e morango,PorSi,60 doses,"3,99 €","3,99 €/Unidade"
"Comida húmida para cão vaca, frango e borrego",Friskies,Embalagem de 12 x 100 g,"0,75 €","2,50 €/Kg"
Iogurte sabor pêssego morango e manga,Danone,Embalagem de 8 x 120 g com 1 grátis,"1,87 €","1,25 €/Kg"
Polvo limpo,PorSi,Embalagem de 1 kg,"5,49 €","6,86 €/Kg"
Açúcar areado amarelo,Rar,Embalagem de 1kg,"1,49 €","1,49 €/Kg"
Creme p/ Calçado Azul,Búfalo,Embalagem de 40 ml,"0,99 €","19,80 €/L"
Bebida de arroz bio,Joya,Embalagem de 3 x 200 ml,"1,59 €","1,59 €/L"
15 douradinhos,Capitão Iglo,Embalagem de 420g,"1,79 €","7,16 €/Kg"
Feijão verde,PorSi,Embalagem de 750 g,"1,89 €","1,89 €/Kg"
Espreguiçadeira malibu antracite,Joluce,190 x 66 x 42 cm,"35,99 €","35,99 €/Unidade"
Anti-Traça Maçã,Dum Dum,3 Unidades,"5,99 €","176,18 €/Kg"
Shampô azul concentrado,PorSi,Embalagem de 1 l,"3,99 €","0,80 €/L"
"Bolachas chiquilin, com 2 chocolates",Artiach,Embalagem de 150g,"2,15 €","2,87 €/Kg"
Miolo de ameijoa,PorSi,Embalagem de 250 g,"8,39 €","11,99 €/Kg"
10 compressas de gaze,PorSi,20 x 20 cm,"1,69 €","1,69 €/Unidade"
Preparado sobremesa vegan sem lactose,Nestle,Embalagem de 370g,"1,69 €","8,45 €/L"
Assador Castanhas em Barro,Produto selecionado,Diam.: 17 cm,"5,89 €","5,89 €/Unidade"
Rebuçados peitorais,PorSi,Embalagem de 200g,"0,77 €","3,85 €/Kg"
Farinha de milho 500g,ESPIGA,Embalagem de 500g,"1,99 €","1,99 €/Kg"
Alho-francês,PorSi,Embalagem de 750 g,"1,89 €","1,89 €/Kg"
Fita adesiva,PorSi,5m x 1.25 cm,"1,69 €","1,69 €/Unidade"
Balde ecologic,Vileda,1 unidade,"2,50 €","2,50 €/Unidade"
Iogurte activia líquido cereais,Danone,Embalagem de 4 x 155 g,"2,79 €","6,07 €/Kg"
Ice tea de limão,PorSi,"Embalagem de 1,5 l","1,14 €","0,76 €/L"
Bechamel sem glúten,Parmalat,500 ml,"0,75 €","3,75 €/L"
Toalha de Mesa Anti Nódoas,VZT,Dim.: 150 x 150 cm,"5,89 €","5,89 €/Unidade"
Topping chocolate belga,Branca de neve,Embalagem de 390g,"1,29 €","3,23 €/Kg"
Ambientador auto limão,PorSi,1 unidade,"2,89 €","2,89 €/Unidade"
Sistema microfibras com pedal,Vileda,1 unidade,"0,89 €","0,89 €/Unidade"
Cha infusão vermelho,Cemporcent,Embalagem com 10 saquetas,"58,44 €/Kg","58,44 €/Kg"
Vinho rosé,Gatão,Garrafa de 0.75 l,"4,29 €","5,72 €/L"
Ração para gato júnior com frango,Purina One,Embalagem de 800 g,"12,99 €","4,33 €/Kg"
Feijão catarino,PorSi,Embalagem 500G,"2,78 €/Kg","2,78 €/Kg"
20 saquetas chá detox,Lipton,Embalagem de 30g,"58,44 €/Kg","58,44 €/Kg"
Whisky bourbon cask,F.grouse,Garrafa de 700 ml,"23,49 €","23,49 €/L"
Ambientador stick delicias de verão,Air Wick,Embalagem de 1 unidades,"4,99 €","4,99 €/Unidade"
Pilhas recarregáveis longa duração AA HR3 1.2V 2100m...,Domédia,Embalagem com 4 unidades,"1,99 €","1,99 €/Unidade"
Nestum zero espelta/aveia,Nestum,Embalagem de 250 g,"4,49 €","4,49 €/Kg"
Batata pré-frita palito,PorSi,Embalagem de 1 kg,"1,39 €","1,39 €/Kg"
"Compal vital laranja, cenoura e manga",Compal,Garrafa de 200 ml,"0,99 €","0,99 €/L"
Porto special reserva,Q.harris,Garrafa de 750 ml,"10,99 €","14,65 €/L"
Forma de papel para bolos 6. 8cm,PorSi,Embalagem com 60 unidades,"1,29 €","1,29 €/Unidade"
Peito peru fumado fatias finas cuida-te +,Nobre,Embalagem de 110g,"2,25 €","11,25 €/Kg"
Costeleta,Novilho,1 un= 400 gr aprox.,"6,39 €","7,99 €/Kg"
Rebuçados peitorais,Dr.bayard,Embalagem de 100g,"0,77 €","3,85 €/Kg"
Barras de cereais forma clássica,PorSi,Embalagem de 126g,"1,29 €","10,24 €/Kg"
Rebucado mentol 250g,Vieira,Embalagem de 250g,"0,77 €","3,85 €/Kg"
Bebida energética original,Burn,Garrafa de 500 ml,"5,39 €","5,39 €/L"
Moscatel favaios,Favaios,Garrafa de 750 ml,"5,99 €","7,99 €/L"
Bacalhau posta média,PorSi,Embalagem de 800g,"6,39 €","7,99 €/Kg"
Alimento lácteo banana +6 meses,Yogolino,Embalagem de 90g,"0,74 €","8,22 €/Kg"
Lixívia com detergente,PorSi,Embalagem de 2 l,"2,59 €","1,30 €/L"
Achocolatado intenso 40% cacau,Nestle,Embalagem de 330g,"5,39 €","7,19 €/Kg"
Agrafador ergologic 24/6 +400 agrafos,Maped,1 unidade,"1,69 €","1,69 €/Unidade"
Ayam leite de coco,Ayam,Garrafa de 200 ml,"1,69 €","8,45 €/L"
Nata uht p/ bater 0% lactose,Parmalat,Embalagem de 200 ml,"0,75 €","3,75 €/L"
Queijo p/ barrar s/ lactose,Philadelph,Embalagem de 150g,"4,68 €","11,70 €/Kg"
Metades de pera em calda,PorSi,Lata de 820 g,"1,99 €","2,37 €/Kg"
Cereais recheados com chocolate e avelã,PorSi,Embalagem de 400g,"5,07 €/Kg","5,07 €/Kg"
Bolachas com recheio de chocolate,PorSi,Embalagem de 500g,"2,15 €","2,87 €/Kg"
Manteiga magra,PorSi,Embalagem de 250g,"1,69 €","6,76 €/Kg"
Xarope grenadine,Paquito,Garrafa de 750 ml,"4,89 €","6,61 €/L"
Tomate Chucha Económico,Legumes do Dia,1 un = 200 gr (aprox.),"0,87 €","3,49 €/Kg"
"Batata frita, receita camponesa",Lay's,Embalagem de 250g,"1,19 €","6,43 €/Kg"
Champanhe meio seco,Delagne & Fils,"Garrafa de 0,75 l","34,99 €","46,65 €/L"
Chip choco diet nature,Gullon,Embalagem de 130g,"0,90 €","6,00 €/Kg"
Queijo fresco petits suisses  40% mg,Páturages,Embalagem 6X60G,"1,05 €","1,86 €/L"
"M&m's drageias de amendoim e chocolate de leite,",M&m's,Embalagem de 200g,"11,98 €/Kg","11,98 €/Kg"
Papel vegetal esquiço A4,Papelaria Fernandes,56 folhas,"1,09 €","1,09 €/Unidade"
"Lenços de bolso, mentol, 10 unidades",Renova,Uma embalagem de 6x10,"0,89 €","0,89 €/Unidade"
Detergente Líquido Máquina Roupa Lavanda,Xau,Embalagem com 62 doses,"8,69 €","1,84 €/Kg"
Abacate categoria II,Fruta do Dia,Embalagem de 300 g,"2,30 €","4,59 €/Kg"
"Acendalha branca, 32 cubos",PorSi,Uma embalagem,"0,75 €","0,75 €/Unidade"
Costeletas do Cachaço,Porco,Vendido ao peso a partir de 1 kg,"1,22 €","4,89 €/Kg"
Leite uht meio gordo,Agros,Embalagem 1L,"0,81 €","0,81 €/L"
Bolacha vitalday frutos vermelhos,Gullon,Embalagem de 240g,"2,82 €","9,40 €/Kg"
Chá verde pyr bring the boost,Lipton,Embalagem de 30g,"85,00 €/Kg","85,00 €/Kg"
Cenouras Programa Origens,PorSi,Embalagem de 1 kg,"0,99 €","0,99 €/Kg"
Chá preguiça intestinal,PLANTANATU,Embalagem de 10 unidades,"1,19 €","1,19 €/Unidade"
Leite uht meio gordo,Serraleite,Embalagem de 1 l,"0,81 €","0,81 €/L"
"Pensos, 20 unidades",Hansaplast,1 embalagem,"1,69 €","1,69 €/Unidade"
Caramelos de nata,PorSi,Embalagem de 250g,"2,75 €","11,00 €/Kg"
Topping chocolate branco,Branca de neve,Embalagem de 360g,"1,29 €","3,23 €/Kg"
Ambientador vela citronela,PorSi,1 unidade,"4,99 €","4,99 €/Unidade"
Manteiga com sal,Gresso,Embalagem de 250g,"1,69 €","6,76 €/Kg"
Recarga p/ Esfregona |Suave,Vileda,,"0,89 €","0,89 €/Unidade"
Alimento húmido de vaca para cão,Purina Beyond,Embalagem de 400 g,"0,75 €","2,50 €/Kg"
Óleo especial fritura,Fula,Garrafa de 1 l,"3,39 €","3,39 €/L"
Super articulações,PLANTANATU,Embalagem de 1 unidades,"7,59 €","126,50 €/Kg"
Molho inglês,Savora,Garrafa de 120 ml,"0,70 €","2,33 €/Kg"
"Paezinhos azeite, alho e salsa",PorSi,Embalagem de 160g,"0,69 €","3,07 €/Kg"
Smint 2H intense mint,Smint,Embalagem de 35g,"2,30 €","57,50 €/Kg"
Queijo creme de ervas finas,Philadelph,Embalagem de 150g,"4,68 €","11,70 €/Kg"
Vinho doc dão tinto,Grao vasco,Garrafa de 750 ml,"3,99 €","5,32 €/L"
Cereais fitness,Nestle,Embalagem de 630g,"5,59 €","8,87 €/Kg"
Vinho rosé frisante,Cacho Fresco,Garrafa de 0.75 l,"2,29 €","3,05 €/L"
Creme vegetal para culinária,PorSi,Embalagem de 1 kg,"2,89 €","2,89 €/Kg"
Cereais cookie crisp,Nestle,Embalagem de 380g,"5,07 €/Kg","5,07 €/Kg"
Guardanapos Decorados,Scottex,Embalagem 50 Unidades,"1,29 €","1,29 €/Unidade"
Capa Premium 2 em 1,Vileda,1 unidade,"16,50 €","16,50 €/Unidade"
Bloco Sanitário Ativo Lavanda,Sonasol,Embalagem de 50 g,"2,99 €","74,75 €/Kg"
Pilha alcalina classic lr6x8,Domédia,1 unidade,"1,99 €","1,99 €/Unidade"
Wafers chocolate cubos,Vieira,Embalagem de 130g,"0,98 €","4,67 €/Kg"
Azeite Virgem,Oliveira da Serra,Embalagem de 750 ml,"3,19 €","4,25 €/L"
Malagueta Vermelha,Legumes do Dia,1 un = 100 gr (aprox.),"0,75 €","2,99 €/Kg"
Baguete de alho,Panike,Embalagem de 350g,"3,40 €/Kg","3,40 €/Kg"
Pilha alcalina classic lr03x4,Domédia,1 unidade,"1,99 €","1,99 €/Unidade"
Biscoito para Cão Mini Sticks,Purina One,Embalagem de 90 g,"0,94 €","5,22 €/Kg"
Queijo mozzarella light ralado,PorSi Viva Bem,Embalagem de 150 g,"2,39 €","19,92 €/Kg"
Vinho Vinha da Fonte Setúbal branco,Casa Ermelinda Freitas,Garrafa de 0.75 l,"8,59 €","11,45 €/L"
Toalhitas WC Sensitive,Kandoo,Embalagem  2 x 50 un.,"1,09 €/Unidade","1,09 €/Unidade"
3 Pipetas de Repelente p/ Gato,Repul'7,1 unidade,"19,99 €","19,99 €/Unidade"
Conjunto Start,Maped,3 peças,"1,99 €","1,99 €/Unidade"
Caramelos de fruta,Penha,Embalagem de 100g,"1,10 €","4,40 €/Kg"
Espreguiçadeira malibu antracite,Joluce,190 x 66 x 42 cm,"2,99 €","2,99 €/Unidade"
Manteiga c/sal,Terra Nostra,Embalagem de 250g,"1,69 €","6,76 €/Kg"
Aguardente vínica velha,Alianca v.,Garrafa de 700 ml,"12,79 €","18,27 €/L"
"Pasta de limpeza com oxigénio activo, 48 unidades",Polident,Uma embalagem,"9,79 €","122,38 €/Kg"
Vinagre de vinho tinto,Cristal,Garrafa de 500 ml,"0,35 €","0,70 €/L"
Oatibix aveia,Weetabix,Embalagem de 500g,"2,29 €","11,45 €/Kg"
Ervilhas primavera 500g,Iglo,Embalagem de 500g,"1,89 €","1,89 €/Kg"
Rhum negrita white,Negrita,Garrafa de 700 ml,"17,49 €","24,99 €/L"
Batata frita rodelas,PorSi,Embalagem de 2x70g,"1,06 €","5,73 €/Kg"
Leite condensado cozido,PorSi,Embalagem de 397 g,"1,09 €","2,75 €/Kg"
Geleia de marmelo,Casa de Mateus,345 g,"3,29 €","9,54 €/Kg"
Fio dental gentle suave,Sensodyne,1 unidade,"3,49 €","3,49 €/Unidade"
Pasta de Arquivo Marmoreada S/ Caixa,Domédia,1 un.,"2,29 €","2,29 €/Unidade"
Linhaça dourada moída,Cemporcent,Embalagem de 200g,"2,29 €","11,45 €/Kg"
Sopa da pedra,PorSi,Embalagem de 420 g,"2,35 €","5,60 €/Kg"
Termómetro digital,PorSi,1 unidade,"5,24 €","5,24 €/Unidade"
Pensos Higiénicos Sensitive c/ Abas Normal,Ausonia,Embalagem de 14 Unidades,"1,42 €","1,42 €/Unidade"
Queijo ilha ralado,PorSi,Embalagem de 200g,"7,45 €/Kg","7,45 €/Kg"
Snack dentastix médio,Pedigree,Embalagem de 720 g,"0,94 €","5,22 €/Kg"
Tablete de chocolate leite c/ avelãs,Milka,Embalagem de 270g,"6,50 €/Kg","6,50 €/Kg"
"Azeitona Maçanilha retalhada com azeite, alho e orég...",PorSi,Vendido ao peso a partir de 500 g,"1,00 €","3,99 €/Kg"
Café torrado 5 estrelas moagem normal,Sical,Embalagem de 250g,"9,16 €/Kg","9,16 €/Kg"
Galão,PorSi,16 cápsulas,"3,19 €","25,52 €/Kg"
Pastilhas limão,Smint,Embalagem de 35 g,"2,30 €","57,50 €/Kg"
"Inseticida elétrico, moscas e mosquitos, 45 noites",Dum Dum,Uma unidade,"10,49 €","17,48 €/L"
Snack dentabits 40g,Whiskas,Embalagem de 40g,"0,99 €","16,50 €/Kg"
Cerveja com álcool,Kings Bräu,"Embalagem de 0,33 l","0,38 €","1,15 €/L"
Nectar multivitaminas,Paquito,Embalagem de 2 l,"0,99 €","0,99 €/L"
Feijão com dobrada,PorSi,Embalagem de 420 g,"2,35 €","5,60 €/Kg"
Leite creme,Royal,Embalagem de 90g,"0,79 €","5,27 €/Kg"
Água Mineral Natural 100% Reciclada,Vitalis,Garrafa de 1.5 l,"1,04 €","0,17 €/L"
Vinho Tinto Regional Península de Setúbal,Selecção de Enófilos,750 ml,"8,59 €","11,45 €/L"
Vermute rosso,Martini,Garrafa de 0.75 l,"22,49 €","32,13 €/L"
Cebola Roxa,Programa Origens,1 un = 500 gr (aprox.),"0,25 €","0,99 €/Kg"
Vinho doc palmela tinto,Selecção de Enófilos,Garrafa de 0.75 l,"8,59 €","11,45 €/L"
Manteiga com sal,Primor,Embalagem de 250g,"1,69 €","6,76 €/Kg"
"Refeição pronta, boião de frango e arroz",Bledina,Embalagem de 200g,"1,89 €","9,95 €/Kg"
Mesa caribe rattan antracite,Joluce,Dim.: 100 x 72 cm,"35,99 €","35,99 €/Unidade"
"Sumo 100%, laranja",PorSi,"Embalagem de 1,5 l","1,09 €","0,73 €/L"
Pantagruel leite caramelo (10x),Pantagruel,Embalagem de 200g,"1,04 €","8,32 €/Kg"
10 salsichas de porco em lata,PorSi,Embalagem de 250G,"0,75 €","3,75 €/Kg"
Leite e cereais bolacha maria +6 meses,Cerelac,Garrafa de 400 ml,"4,49 €","4,49 €/Kg"
Café solúvel intenso,Delta,Embalagem de 100g,"14,50 €/Kg","14,50 €/Kg"
"Leite em fórmula nº2, confort, para bebé",Aptamil,Embalagem de 800g,"22,39 €","27,99 €/Kg"
12 douradinhos forníssimo,Capitão Iglo,Embalagem de 300g,"9,30 €/Kg","9,30 €/Kg"
Resguardos de cama,PorSi,20 unidades de 60 x 90 cm,"4,99 €","4,99 €/Unidade"
Espuma de barbear para peles sensíveis,Labell Men,Embalagem de 250 ml,"1,16 €","4,64 €/L"
Mistolin advanced anticalcário,Mistolin,Garrafa de 500 ml,"1,79 €","2,39 €/L"
Sabonete alfazema de monte,Confianca,Embalagem de 125 g,"1,99 €","12,44 €/Kg"
Aguardente Vínica Velha,Curvada de Velha,Garrafa de 70 cl,"12,79 €","18,27 €/L"
Bife do Pojadouro,Novilho,Vendido ao peso a partir de 800 g,"6,39 €","7,99 €/Kg"
Snack para gato mixed grill,Felix,Embalagem de 60 g,"0,99 €","16,50 €/Kg"
Ambientador spray pure flor de cerejeira,PorSi,250 ml,"0,99 €","3,30 €/L"
Bacalhau desfiado,Pescanova,Embalagem de 400 g,"6,39 €","7,99 €/Kg"
Macarronete Massa Com Vegetais,Nacional,Embalagem de 500g,"0,89 €","1,78 €/Kg"
Bolacha de milho sem sal bio,Cemporcent,Embalagem de 110g,"1,45 €","11,15 €/Kg"
Guardanapos de 1 folha amarelos | dim.: 30 x 29 cm,PorSi,Embalagem com 70 unidades,"1,29 €","1,29 €/Unidade"
Sangria branca,PorSi,Garrafa de 1.5 litros,"2,39 €","1,59 €/L"
Mousse crocante baunilha,A leiteira,Embalagem 4 x 57 g,"1,19 €","2,59 €/Kg"
Grelo de Couve Programa Origens,PorSi,1 un = 1 kg (aprox.),"3,49 €","3,49 €/Kg"
"Alimento húmido para cão, molho",César,Embalagem de 4x100 g,"0,75 €","2,50 €/Kg"
Mochila muda fraldas,Do Art,1 un.,"14,99 €","14,99 €/Unidade"
Uva Red Globe,Fruta do Dia,1 un = 250 gr  (aprox.),"0,75 €","2,99 €/Kg"
"Fralda Ecológica, tamanho 3, 4-9 kg",Pommette,32 Unidades,"6,49 €","6,49 €/Unidade"
Pão da Avó Alongado,Pão do Dia,1 unidade =400 g,"0,19 €","2,38 €/Kg"
Farinha s/ fermento tipo 65,ESPIGA,Embalagem de 1 kg,"1,99 €","1,99 €/Kg"
Licor de coco,On Off,"Garrafa de 0,70 l","16,99 €","24,27 €/L"
Aperitivo de amendoins tostados forno,Matutano,Embalagem de 120g,"0,79 €","7,90 €/Kg"
Spray para vidros,PorSi,750 ml,"3,19 €","6,38 €/L"
Whisky,J&B,Garrafa de 1 l,"23,49 €","23,49 €/L"
Arroz selvagem,Caçarola,Embalagem de 500 g,"0,99 €","0,99 €/Kg"
Milho tenro e doce,Bonduelle,Embalagem de 300 g,"1,79 €","2,29 €/Kg"
Ambientador Elétrico Lavanda e Aloe,Glade,1 unidade,"3,74 €","3,74 €/Unidade"
Flauta plástica moderna,Maped,1 unidade,"1,79 €","1,79 €/Unidade"
Vinho regional lisboa tinto reserva,Critterium,Garrafa de 0.75 l,"4,99 €","6,65 €/L"
Sopa de cozido,Knorr,Embalagem de 70g,"0,84 €","13,55 €/Kg"
Sopa de cebola económica,Knorr,Embalagem de 50g,"0,84 €","13,55 €/Kg"
Bolacha craker queijo,Tuc,Embalagem de 100g,"0,98 €","3,27 €/Kg"
Spray desinfetante cozinha,Lysol,Embalagem de 500 ml,"1,29 €","1,72 €/L"
Nuggets frango,PorSi,pack familiar de 1 kg,"2,79 €","8,72 €/Kg"
Gel anti séptico deoprotect,Dystron,Garrafa de 400 ml,"4,69 €","18,76 €/L"
Pescada congelada 350-450 g,Peixe Congelado,Peixe de aquacultura,"3,99 €/Kg","3,99 €/Kg"
Biscoitos de canela,PorSi,Embalagem de 750g,"2,29 €","3,05 €/Kg"
Bolacha infantil dinossaurus mini dino cereais,Artiach,Embalagem de 120g,"1,89 €","15,75 €/Kg"
Aguardente Bagaceira Velha,CASAL DE VALLE PRADINHOS,"Garrafa 0,70 L","12,79 €","18,27 €/L"
Manteiga fácil de barrar,President,Embalagem de 250g,"1,69 €","6,76 €/Kg"
Mini tostas trigo super finas,PorSi,Embalagem de 100 g,"0,69 €","3,07 €/Kg"
Presunto fatiado,PorSi,Embalagem de 200g,"2,79 €","13,95 €/Kg"
Whisky black bush,Bushmills,Garrafa de 700 ml,"23,49 €","23,49 €/L"
Refrigerante c/ gás laranja,Sumol,Garrafa de 500 ml,"0,40 €/L","0,40 €/L"
Lula recheada com carne,PorSi,Embalagem de 500 g,"1,89 €","6,30 €/Kg"
Mostarda de Dijon,PorSi Select,190 g,"0,70 €","2,33 €/Kg"
Pipocas doces,Orcape,Embalagem de 100g,"0,79 €","7,90 €/Kg"
Mortadela fatiada com azeitonas,PorSi,Embalagem de 200 g,"1,05 €","6,99 €/Kg"
Feijão vermelho,Caçarola,Embalagem de 500 g,"2,78 €/Kg","2,78 €/Kg"
Água Micelar Vitamina C,Garnier,Embalagem de 400 ml,"0,76 €","0,76 €/Unidade"
Sopa de agriao,PorSi,Embalagem de 400g,"1,19 €","2,98 €/Kg"
Creme abrasivo limão,Cif,Garrafa de 700 ml,"0,99 €","1,32 €/L"
Gelado carte d'or chocolate brownie,Olá,Embalagem de 900 ml,"5,49 €","6,10 €/L"
Mochila Infantil Surf Camp,Safta,1 unidade,"19,90 €","19,90 €/Unidade"
Bolachas digestive aveia e laranja,Gullon,Embalagem de 430g,"0,98 €","3,27 €/Kg"
"Leite uht, com café, galão alentejano",Serraleite,Embalagem de 1 l,"2,15 €","9,77 €/L"
Lambrusco tinto,Sorbello,Garrafa de 0.75 l,"2,29 €","3,05 €/L"
Tablete de chocolate amendoim,Nestle,Embalagem de 90 g,"6,50 €/Kg","6,50 €/Kg"
Farinha láctea 8 cereais e 4 frutas,Nutriben,Embalagem de 300g,"4,49 €","4,49 €/Kg"
Fralda Cueca Activity Extra Tamanho 6,Dodot,Embalagem com 37 uni.,"4,59 €","4,59 €/Unidade"
Aperfeiçoador BB Cream Médio,Garnier,Embalagem de 50 ml,"2,99 €","59,80 €/L"
Vassoura Simples Pluma,PorSi,unidade,"2,20 €","2,20 €/Unidade"
Adoçante em pó stevia,PorSi Viva Bem,Embalagem de 250 g,"5,99 €","23,96 €/Kg"
Luvas Multi Latex S/M,Vileda,10 unidade,"2,40 €","2,40 €/Unidade"
Detergente máquina loiça tudo em 1 limão,Sun,70 pastilhas,"2,99 €","2,99 €/Unidade"
Lava tudo antibacteriano herbal,PorSi,Garrafa de 1.5 l,"0,99 €","0,50 €/L"
Arroz vaporizado,Cigala,Embalagem de 1 kg,"0,99 €","0,99 €/Kg"
6 chamucas de carne,PorSi,Embalagem de 240g,"1,79 €","7,16 €/Kg"
Farelo de aveia,Salutem,Embalagem de 200g,"2,29 €","11,45 €/Kg"
Esparguete integral,Salutem,Embalagem de 500g,"1,94 €","3,88 €/Kg"
Chocolate culinário,Nestle,Embalagem de 200g,"1,04 €","8,32 €/Kg"
Espinafres salteado com alho,PorSi,Embalagem de 750g,"1,89 €","1,89 €/Kg"
Massa meada,PorSi,Embalagem de 500g,"0,89 €","1,78 €/Kg"
Miolo berbigão,PorSi,Embalagem de 250g,"8,39 €","11,99 €/Kg"
Cone baunilha,PorSi,embalagem 6 x 120 ml,"5,99 €","16,64 €/L"
Mirtilos,Salutem,Embalagem de 100g,"0,75 €","2,99 €/Kg"
Atum posta ao natural,Bom petisc,Embalagem de 120 g,"0,89 €","7,42 €/Kg"
Cenoura baby,PorSi,Embalagem de 400 g,"1,89 €","1,89 €/Kg"
Barrinhas pescada sem glúten,Pescanova,Embalagem de 300g,"1,79 €","7,16 €/Kg"
Bolachas cream cracker,PorSi,Embalagem de 600g,"0,39 €","3,12 €/Kg"
Peito de peru,Salsicharia Limiana,"Vendido ao peso, fatiado","2,25 €","11,25 €/Kg"
Pasta oriental frango,Maggi,Embalagem de 60g,"2,35 €","5,60 €/Kg"
Lustrante Pneus,PorSi,Embalagem de 1 l,"3,99 €","0,80 €/L"
Tablete de chocolate preto,Nestle,Embalagem de 130g,"16,67 €/Kg","16,67 €/Kg"
Bolacha maria,Cuetara,Embalagem de 3 x 200 g + 33% grátis,"2,11 €/Kg","2,11 €/Kg"
Conjunto Pequenos Eletrodomésticos,Écoiffier,1 un.,"22,99 €","22,99 €/Unidade"
"Creme de rosto de noite revitalift, laser",L'oreal,Embalagem de 50 ml,"2,99 €","59,80 €/L"
"Queijo light, mini",Babybel,Embalagem de 120g,"2,39 €","19,92 €/Kg"
Gomas tijolos ácidos,PorSi,Embalagem de 300 g,"1,19 €","3,97 €/Kg"
Vinho verde branco alvarinho,Pbrejoeira,Garrafa de 0.75 l,"2,89 €","3,85 €/L"
Mimosa bem especial leite e amêndoa,Mimosa,Embalagem de 1 litro,"2,19 €","2,19 €/L"
Red Fish Grande,Peixe Congelado,1 un = 500 gr (aprox.),"3,99 €/Kg","3,99 €/Kg"
Demaquilhante Dupla Ação,Nivea,1 embalagem de 125g,"0,76 €","0,76 €/Unidade"
Adoçante com doseador,PorSi,Embalagem de 66g,"5,99 €","23,96 €/Kg"
Dentifríco 2 em 1 original,Theramed,Embalagem de 75 ml,"3,39 €","45,20 €/L"
Miolo de Camarão 80/100,Brasmar,Embalagem de 200 g,"8,99 €","25,69 €/Kg"
Bacalhau Graúdo Boa Pesca,PorSi,"Vendido ao peso, 1 un= 2.5 kg (aprox.)","8,73 €/Kg","8,73 €/Kg"
Alho moído,PorSi,Frasco com 45 g,"0,25 €","0,25 €/Kg"
Bolacha água e sal com azeite e azeitona doses,Vieira,Embalagem de 190g,"0,39 €","3,12 €/Kg"
Elixir Nightly Reset,Listerine,400 ml,"5,99 €","11,98 €/L"
Biscoito para cão nuggets,Purina One,Embalagem de 90g,"0,94 €","5,22 €/Kg"
Chocolate culinário em pó,PorSi,Embalagem de 125 g,"1,04 €","8,32 €/Kg"
"Recarga ambientador eléctrico, alfazema",PorSi,Embalagem de 25 ml,"11,98 €","11,98 €/Unidade"
Almôndegas bolonhesa,Iglo,Embalagem de 400g,"2,79 €","8,72 €/Kg"
Spray nature cozinha,Cif,embalagem de 750 ml,"0,79 €","0,79 €/L"
Refrigerante com gás guaraná,Antartica,"Garrafa de 1,5 l","0,40 €/L","0,40 €/L"
"Forma de papel para bolos, 9 cm, 60 unidades",PorSi,Uma embalagem,"0,54 €","0,54 €/Unidade"
Marmelada,Quinta de Jugais,Embalagem de 500g,"1,09 €","2,42 €/Kg"
Água s/ gás,Fastio,Garrafa de 1 l,"1,04 €","0,17 €/L"
"Queijo prato, metades",Alavao,Embalagem de 500g,"2,42 €","9,69 €/Kg"
Flocos de batata para puré,PorSi,Embalagem de 500g,"1,89 €","1,89 €/Kg"
Cobertura tábua de engomar,PorSi,Dim.: 130 x 47 cm,"16,50 €","16,50 €/Unidade"
Smarties mini chocolate,SMARTIES,Embalagem de 187g,"11,98 €/Kg","11,98 €/Kg"
Detergente máquina roupa em gel universal,Persil,Embalagem de 42 doses,"8,69 €","1,84 €/Kg"
Mistura solúvel mokambo,Nestle,Embalagem de 200g,"1,64 €","6,56 €/Kg"
Iglo Simples P/ 2 Pessoas,Saurium,1 un.,"14,99 €","14,99 €/Unidade"
Mistura de frutos exóticos,PorSi,Embalagem de 450 g,"3,29 €","4,39 €/Kg"
Faca Pão 20 cm Preta,PorSi,1 unidade,"4,75 €","4,75 €/Unidade"
Cenoura,PorSi,1 un = 100 gr  (aprox.),"0,79 €/Kg","0,79 €/Kg"
Borracha Branca x2,Mab,1 unidade,"4,69 €","4,69 €/Unidade"
Spray limpa vidros,Ajax,Embalagem de 500 ml,"3,19 €","6,38 €/L"
"Lapiseira long life, 0,7 mm",Maped,"embalagem com 3 unidades, sortidas","2,69 €","2,69 €/Unidade"
Café torrado moído masaka,Sical,Embalagem de 220g,"9,96 €/Kg","9,96 €/Kg"
Camarão Tigre Selvagem 1/5 do Senegal,*,Vendido ao peso,"2,00 €","7,99 €/Kg"
Mini tosta trigo,Diatosta,Embalagem de 90 g,"0,69 €","3,07 €/Kg"
Detergente líquido máquina de lavar roupa cores escu...,Woolite,56 doses,"8,69 €","1,84 €/Kg"
"Pasta de arquivo, lombada estreita, azul",Domédia,1 unidade,"2,29 €","2,29 €/Unidade"
"Bloco sanitário blue activ, eucalio",Sonasol,Embalagem de 50 g,"2,99 €","74,75 €/Kg"
Cebola Granel,Programa Origens,1 un = 250 gr  (aprox.),"0,25 €","0,99 €/Kg"
"Semi-Frio de Morango, 700g",Nossa seleção,,"8,99 €","11,24 €/Kg"
Alheira com cogumelos,Terras do Demo,Embalagem com 200 g,"1,49 €","7,45 €/Kg"
Mortandela de peru fatias,Campofrio,Embalagem de 140g,"1,05 €","6,99 €/Kg"
Queijo de Ovelha Curado Apimentado,PorSi,,"4,50 €","17,99 €/Kg"
Queijo de cabra alho e ervas,Monforqueijo,180 g,"1,89 €","10,50 €/Kg"
Bolacha maria ruca doses,Vieira,Embalagem de 300g,"1,89 €","15,75 €/Kg"
Bolachas choco mini estrelas,Milka,Embalagem de 190g,"2,15 €","2,87 €/Kg"
Mistolin tira gorduras desinfetante,Mistolin,Garrafa de 550 ml,"1,79 €","2,39 €/L"
Massas espirais tricolores,PorSi,Embalagem 500G,"0,89 €","1,78 €/Kg"
Mariscada,PorSi,Embalagem de 800g,"2,19 €","8,59 €/Kg"
"Coloração permanente, óleo intenso louro luminoso 9/...",Syoss,1 unidade,"8,49 €","8,49 €/Unidade"
Piscina familiar fast set,Bestway,Dim.: 244 x 66 cm,"2,99 €","2,99 €/Unidade"
Inseticida elétrico,Raid,2 Aparelhos + 2 Recargas de 27 ml | 45 Noites + 45 Noites,"10,49 €","17,48 €/L"
Salsichas de porco,Nobre,Lata de 250g,"0,75 €","3,75 €/Kg"
Natas uht com cogumelos,Parmalat,Embalagem de 200 ml,"0,75 €","3,75 €/L"
Detergente Máquina Roupa Liquido Bebé,PorSi,50 doses,"19,99 €","19,99 €/Unidade"
Queijo nisa dop,Monforqj,Embalagem de 300g,"2,87 €","15,94 €/Kg"
Néctar light manga/laranja,Compal,330 ml,"0,84 €","2,55 €/L"
Vinagre de sidra pet,Paladin,Garrafa de 500 ml,"0,35 €","0,70 €/L"
Spray nature casa de banho,Cif,embalagem de 750 ml,"1,79 €","2,39 €/L"
Lava tudo limão verde,Cif,"Garrafa de 1,4 l","0,99 €","0,50 €/L"
Pastilhas de Limpeza Aparelho Dentário,Polident,Embalagem com 30 unidades,"9,79 €","122,38 €/Kg"
"Rebuçados de fruta, diamante",PorSi,Embalagem de 200 g,"2,30 €","57,50 €/Kg"
Bomba Boom,Diset,1 unidade,"31,99 €/Unidade","31,99 €/Unidade"
5 folhas de gelatina incolor,PorSi,Embalagem de 9 g,"0,55 €","61,11 €/Kg"
"Palmilha de cortiça com latex, tamanho 40/41",Sonaf,1 unidade,"1,85 €","1,85 €/Unidade"
"Caramelos de café, creme",Werthers,Embalagem de 90g,"2,75 €","11,00 €/Kg"
Pudim de baunilha,PorSi,Embalagem de 90g,"0,59 €","29,50 €/Kg"
Melão Branco,Fruta do Dia,"Vendido ao peso,1 un= 2.5 kg (aprox.)","0,75 €","2,99 €/Kg"
Pensos Incontinência Mulher Discreet Normal Night,Tena,10 unidades,"1,95 €","1,95 €/Unidade"
Lava tudo lavanda,Cif,"Garrafa de 1,4 l","0,99 €","0,50 €/L"
Queijo Picante Beira Baixa DOP,Casa Almeida,Vendido a partir de 250 gr (aprox.),"2,87 €","15,94 €/Kg"
Maminha,Novilho,Vendido ao peso (artigo em vácuo),"6,39 €","7,99 €/Kg"
Papel Higiénico Acolchoado 3 Folhas,Scottex,1 embalagem,"1,99 €","1,99 €/Unidade"
Queijo fresco magro,Santiago,Embalagem de 200g,"1,09 €","5,45 €/Kg"
Café lote bocage grão,Nicola,Embalagem de 1 kg,"9,96 €/Kg","9,96 €/Kg"
Pudim baunilha,Boca Doce,Embalagem de 20g,"0,59 €","29,50 €/Kg"
As minhas primeiras receitas - refeição legumes com ...,Nestle,Embalagem de 190g,"1,89 €","9,95 €/Kg"
Leite com chocolate sem lactose,Ucal,Embalagem de 6 x 250 ml,"0,26 €","1,30 €/L"
Puré de cenoura e abóbora,Bonduelle,Embalagem de 420g,"1,89 €","6,30 €/Kg"
Bife  de Frango do campo Lusitano,PorSi Select,embalagem de 500 g (aprox.),"19,95 €","3,99 €/Kg"
Mel em frasco de vidro,Jorge v.f.,Embalagem de 500g,"4,89 €","9,78 €/Kg"
Bebida de soja de amêndoa,Alpro,Embalagem de 1 litro,"2,49 €","2,49 €/L"
Fio dentario 50m,Colgate,1 unidade,"3,49 €","3,49 €/Unidade"
Salsa Molho Programa Origens,PorSi,Embalagem de 50g,"0,11 €","2,29 €/Kg"
Lixívia perfumada,PorSi,Embalagem de 5 l,"2,59 €","1,30 €/L"
Vinho doc alentejo tinto,T.bolotas,Garrafa de 0.75 l,"2,89 €","3,85 €/L"
Fruta para bebé maçã banana aveia +6 meses,Nestle,Embalagem de 90g,"0,74 €","8,22 €/Kg"
Sumo 100% maçã e frutos vermelhos,Compal,1 litro,"1,09 €","0,73 €/L"
Salsichas clássicas churrasco,Nobre,Embalagem em vácuo de 200g,"4,85 €","14,70 €/Kg"
Vassoura exterior alta,PorSi,Unidade,"2,20 €","2,20 €/Unidade"
Miolo camarao gig.15/30 250g,Pescanova,Embalagem de 250 g,"8,99 €","25,69 €/Kg"
Queijo mozzarella fatias,PorSi,Embalagem de 200 g,"1,56 €","7,80 €/Kg"
Detergente máquina lavar roupa tira nódoas,Xau+vanish,102 doses,"8,69 €","1,84 €/Kg"
Nutripuffs de banana 8 meses s/ açúcar,Cerelac,Embalagem de 7g,"0,74 €","8,22 €/Kg"
Bolachas tosta rica,Cuetara,Embalagem de 570g,"1,89 €","15,75 €/Kg"
Forra livros,Mab,,"1,49 €","1,49 €/Unidade"
Bolachas Rosquilhas,Cuetara,Embalagem de 300g,"1,69 €","6,76 €/Kg"
Fermento em po 4x25g,PorSi,Embalagem de 100g,"0,75 €","15,00 €/Kg"
Batatas forno ervas,Lay's,Embalagem de 130g,"1,19 €","6,43 €/Kg"
Moscatel Roxo Setúbal,Alambre,Garrafa de 750 ml,"5,99 €","7,99 €/L"
Moscatel do Douro,Selecção de Enófilos,"Garrafa de 0,75 l","5,99 €","7,99 €/L"
Bolachas digestivas go maçã,Triunfo,Embalagem de 170g,"0,98 €","3,27 €/Kg"
Sangria,Casal Garcia,Garrafa de 750 ml,"2,39 €","1,59 €/L"
Alimento lácteo maçã morango +8 meses,Yogolino,Embalagem de 90g,"0,74 €","8,22 €/Kg"
Manteiga magra,Mimosa,Embalagem de 250g,"1,69 €","6,76 €/Kg"
Favas ultracongeladas,PorSi,Embalagem de 400g,"1,89 €","1,89 €/Kg"
Desinfetante p/ Roupa,Sanytol,embalagem com 500ml,"10,99 €","52,33 €/Kg"
Queijo flamengo 0% lactose,PorSi Viva Bem,Embalagem de 150 g,"1,56 €","7,80 €/Kg"
Água mineral sem gás,Serra de Fafe,"Embalagem de 6x0,33 l","1,04 €","0,17 €/L"
Meloa Canteloupe,Programa Origens,1 un = 800 g (aprox.),"0,75 €","2,99 €/Kg"
Abrótea,Peixe Congelado,1 un= 1.5 kg (aprox.),"3,99 €/Kg","3,99 €/Kg"
Esparguete integral,Cemporcent,Embalagem de 500g,"1,94 €","3,88 €/Kg"
Sardinhas em azeite,PorSi,Embalagem de 120g,"0,89 €","7,42 €/Kg"
"Escova dentes, rotativa global, dura, 2 unidades",Labell,1 embalagem,"3,49 €","3,49 €/Unidade"
8 rissóis de camarão,PorSi,Embalagem de 300g,"1,79 €","7,16 €/Kg"
Molho bechamel,PorSi,Embalagem de 500 ml,"0,75 €","3,75 €/L"
Bomba Boom,Diset,1 unidade,"22,99 €","22,99 €/Unidade"
Inteiro/Metades,Cabrito,"1/2 un = 2.5 kg, 1 un = 5 kg (aprox.)","27,45 €","10,98 €/Kg"
Gelado magnum mini double chocolate e caramelo,Olá,Embalagem de 6 x 60 ml,"5,99 €","16,64 €/L"
Sultana Preta,PorSi,Embalagem de 200g,"0,79 €","3,95 €/Kg"
Leite especial cálcio + vitamina d m/g,Mimosa,Garrafa de 1 l,"1,29 €","1,29 €/L"
Madalenas de Laranja,Brioxa,12 Unidades - Embalagem de 500 g,"2,05 €","5,13 €/Kg"
Stevia chocolate negro,Cemporcent,Embalagem de 100g,"2,29 €","22,90 €/Kg"
Creme p/ barrar de chocolate e avelã,Milka,Embalagem de 600g,"4,19 €","12,32 €/Kg"
Callippo super mix,Olá,Embalagem de 5 x 105 ml,"5,99 €","16,64 €/L"
Presunto S/Osso,Pata branca,"Vendido ao peso, fatiado a partir de 200 g","2,79 €","13,95 €/Kg"
Zero snack 35 g chocolate duplo,Prozis,Embalagem de 40g,"0,69 €","1,73 €/Kg"
"Anti-calcário, máquina roupa, gel",Calgon,"Garrafa de 1,5 l","8,69 €","1,84 €/Kg"
Arroz longo extra integral,Cacarola,Embalagem de 1 kg,"1,94 €","3,88 €/Kg"
Torta natas com cobertura de cacau,PorSi,Embalagem de 300g,"2,05 €","5,13 €/Kg"
"Espuma de cabelo, volume absoluto",Pantene,Embalagem de 200 ml,"4,19 €","16,76 €/L"
Creme Muda Fralda,Baby Dove,Embalagem de 45 g,"0,59 €","5,90 €/L"
"Alimento seco para cão, croquetes pro adulto",PorSi Select,Embalagem de 4 Kg,"12,95 €","3,24 €/Kg"
Vassoura Especial Lisa,PorSi,unidade,"2,20 €","2,20 €/Unidade"
Queijo Curado Barrado,Quinta do Convento,"vendido ao peso, a partir de 250 g","25,45 €/Kg","25,45 €/Kg"
Elimina odores spray,Splendor,150 ml,"5,29 €","35,27 €/L"
Sacos lixo eco 100 litros,PorSi,10 unidades,"1,79 €","1,79 €/Unidade"
Bombom Praliné,Jacquot,Embalagem de 260g,"2,99 €","29,90 €/Kg"
Toalha de Mesa Anti Nódoas,VZT,Dim.: 150 x 200 cm,"13,99 €","13,99 €/Unidade"
Desinfetante p/ WC,Sanytol,Embalagem de 750 ml,"1,79 €","2,39 €/L"
Snack dentastix grande,Pedigree,Embalagem de 270 g,"0,94 €","5,22 €/Kg"
Coleira em nylon p/ cão  repelente 60cm,Repul' 7,Embalagem de 1 unidades,"19,99 €","19,99 €/Unidade"
"Queijo fundido, 24 porções",A Vaca Que Ri,Embalagem de 400g,"4,68 €","11,70 €/Kg"
"Alimento húmido para gato júnior, carne",Whiskas,Embalagem de 400g,"3,49 €","10,26 €/Kg"
Molho mad chips top down,Calve,Embalagem de 260g,"0,70 €","2,33 €/Kg"
Desentupidor gel turbo com lixívia,Destop,Garrafa de 1 l,"4,49 €","5,99 €/L"
Douradinhos estaladiços,Capitão Iglo,Embalagem de 340g,"9,30 €/Kg","9,30 €/Kg"
Feijao verde redondo,PorSi,Embalagem de 400g,"1,89 €","1,89 €/Kg"
Vinho DOC Bairrada Tinto,Marquês de Marialva,Garrafa de 0.75 l,"2,92 €/L","2,92 €/L"
Coca-cola zero,Coca-Cola,pack 2 x 1.75 l,"0,40 €/L","0,40 €/L"
Vinho tinto doc douro,Qta.cotto,Garrafa de 750 ml,"7,49 €","9,99 €/L"
Vinho do porto tawny,Cruz,"Garrafa de 0,75 l","15,99 €","21,32 €/L"
Pensos Higiénicos Cottonlike Noite Alas,Evax,embalagem de 9 unidades,"1,42 €","1,42 €/Unidade"
Spray limpeza casa de banho,PorSi,750 ml,"1,79 €","2,39 €/L"
Pensos diários salvaslip flexi & fresh normal,Evax,28 unidades,"1,79 €","1,79 €/Unidade"
Cone morango/baunilha,PorSi,Embalagem de 6 x 120 ml,"5,99 €","16,64 €/L"
Pao ralado classico 200g,ESPIGA,Embalagem de 200g,"0,55 €","2,29 €/Kg"
Bacon Extra Nacos,Porminho,200 g,"1,45 €","18,13 €/Kg"
Filetes de pescada,PorSi,Embalagem de 400 g,"4,39 €","10,98 €/Kg"
Pastilhas peppermint,CHICLETS,Embalagem de 17 g,"0,89 €","59,33 €/Kg"
Plasticina Kids Cores Sortidas,Bic,Caixa c/ 6 un.,"2,19 €","109,50 €/L"
Snack Gato Anti Bolas de Pelo,PorSi,Embalagem 60 g,"0,99 €","16,50 €/Kg"
Limpa pavimentos flutuantes,PorSi,Embalagem de 1 litro,"1,79 €","2,39 €/L"
Desinfetante Multiusos,Sanytol,Embalagem de 750 ml,"4,49 €","5,99 €/L"
Batata doce frita,PorSi,Embalagem de 150g,"1,06 €","5,73 €/Kg"
Mel de Rosmaninho,PorSi Select,Frasco de 250 g,"4,89 €","9,78 €/Kg"
Queijo Raclette Fatias,Páturages,Embalagem de 400 g,"1,56 €","7,80 €/Kg"
Leite com chocolate sem lactose,Ucal,Embalagem de 6 x 250 ml,"2,19 €","2,19 €/L"
Ração para gato adulto com bacalhau e legumes,Friskies,Embalagem de 4 kg,"12,99 €","4,33 €/Kg"
Refrigerante s/ gás califórnia,Sunny d,"Garrafa de 1,25 l","1,14 €","0,76 €/L"
Miolo de avelã,PorSi,Embalagem de 200 g,"0,79 €","3,95 €/Kg"
Caderno Agrafado Capa Preta |A4 Pautado,Domédia,1 unidade,"1,09 €","1,09 €/Unidade"
Snack para gato chezzy,Felix,Embalagem de 60g,"0,99 €","16,50 €/Kg"
Queijo Castelo Branco DOP,Casa Almeida,Vendido ao peso a partir de 250 gr,"2,87 €","15,94 €/Kg"
Rocher t8 100g,Ferrero Rocher,Embalagem de 100g,"2,99 €","29,90 €/Kg"
Alecrim,Margao,Embalagem de 20g,"0,25 €","0,25 €/Kg"
Comida húmida para cão em saquetas de frango/borrego,Purina One,Embalagem de 400g,"0,75 €","2,50 €/Kg"
Creme Depilatório Peles Normais,Veet,Embalagem de 200 ml,"3,29 €","3,29 €/Unidade"
Camarão 60/80,Congelado de Aquicultura,1 un = 250 gr  (aprox.),"2,00 €","7,99 €/Kg"
Creme de limpeza com lixívia,PorSi,750 ml,"2,59 €","1,30 €/L"
Argolas do mar,Pescanova,Embalagem de 400g,"5,49 €","6,86 €/Kg"
Asas de Frango,*,1 un = 100 gr (aprox.),"19,95 €","3,99 €/Kg"
Bolacha diet nature recheio creme,Gullon,Embalagem de 210g,"0,79 €","4,49 €/Kg"
Cem porcento-lentilhas vermelhas,Cemporcent,Embalagem de 500g,"1,94 €","3,88 €/Kg"
Saco Lanche,Sugarspice,Dim.: 21 x 55 x 30 cm,"19,90 €","19,90 €/Unidade"
Gelatina limão 10kcal,Royal,Embalagem de 30g,"0,55 €","61,11 €/Kg"
Patê sardinha,La piara,Embalagem de 80g,"1,19 €","13,52 €/Kg"
Pedras limão/chá verde,P.salgadas,pack 4 x 0.25 l,"2,85 €","2,85 €/L"
Creme proteção de gengivas,Polident,Embalagem de 40 g,"9,79 €","122,38 €/Kg"
Penso Higiénico Ultrafinos Normal s/ Abas,PorSi,28 unidades,"1,42 €","1,42 €/Unidade"
Cogumelos laminados,PorSi,780 g,"1,79 €","2,29 €/Kg"
Bolacha vitalday crocante original,Gullon,Embalagem de 270g,"2,82 €","9,40 €/Kg"
Bolachas rosquilhas,PorSi,Embalagem de 600g,"1,69 €","6,76 €/Kg"
Concentrado de laranja,Sunquick,Garrafa de 700 ml,"4,89 €","6,61 €/L"
Milho doce,PorSi,Embalagem de 400 g,"1,89 €","1,89 €/Kg"
Nata uht,PorSi,Embalagem de 200 ml,"0,75 €","3,75 €/L"
"Alimento seco para gato, atum",Whiskas,"Embalagem de 1,75 kg","12,99 €","4,33 €/Kg"
Café Clássico,PorSi,10 cápsulas,"2,79 €","19,93 €/Kg"
Escova de dentes expert white media 360º,Colgate,1 unidade,"3,49 €","3,49 €/Unidade"
"Chantilly, spray",Páturages,Embalagem de 250g,"0,75 €","3,75 €/L"
"Rebuçados sem açúcar, mel/limão",Halls,Embalagem de 128 g,"0,77 €","3,85 €/Kg"
Bolachas cobertura de chocolate e avelã,PorSi,Embalagem de 150g,"0,79 €","5,27 €/Kg"
Lic.amendoa amarga zimbro,Zimbro,Garrafa de 0.70L,"16,99 €","24,27 €/L"
Pizza de Atum,PorSi,Embalagem de 350 g,"2,16 €","6,17 €/Kg"
Nectar clássico maracujá,Compal,Garrafa de 1 l,"1,09 €","0,73 €/L"
Conjunto Caravan Nº1,Caravan,1 unidade,"12,99 €","12,99 €/Unidade"
10 saquetas infusão de cidreira,Lipton,Embalagem de 20g,"0,99 €","76,15 €/Kg"
Arroz integral extra longo,Cemporcent,Embalagem de 1 kg,"1,94 €","3,88 €/Kg"
Leite magro em pó,Páturages,Embalagem de 300 g,"2,79 €","9,30 €/Kg"
Recarga difusor elétrico recarga citronela,Dum Dum,1 unidade,"10,49 €","17,48 €/L"
Jarro de 1 litro + 4 copos,Codil,1 conjunto,"0,54 €","0,54 €/Unidade"
Rebuçado recheio morango,PorSi,Embalagem de 250g,"2,30 €","57,50 €/Kg"
Coloração Permanente Castanho Chocolate |3.65,Palette,,"8,49 €","8,49 €/Unidade"
Salame fat,Campofrio,Embalagem de 80g,"0,95 €","9,49 €/Kg"
Spray desengordurante universal,Neoblanc,Embalagem de 500 ml,"2,59 €","1,30 €/L"
Gel de banho júnior maçã e pera,Labell,Embalagem com 300 ml,"4,99 €","16,63 €/L"
Atum posta em óleo,Ramirez,Embalagem de 120g,"0,89 €","7,42 €/Kg"
Alheira seleção,Terras do Demo,Embalagem com 200 g,"1,49 €","7,45 €/Kg"
All bran plus,Kellogg's,Embalagem de 500g,"1,49 €","2,98 €/Kg"
Cerveja c/ álcool radler,Sagres,pack 6 x 0.33 l,"0,38 €","1,15 €/L"
Refrigerante c/ gás,Coca-Cola,pack 6 x 0.33 l,"0,40 €/L","0,40 €/L"
Tomate inteiro pelado,PorSi,Embalagem de 390 g,"1,79 €","2,29 €/Kg"
Morcela de Assar do Fundão,PorSi,"Vendido ao peso, 1 un= 500 g (aprox.)","1,49 €","7,45 €/Kg"
Pão de forma s/ côdea,Bimbo,Embalagem de 650 g,"2,63 €/Kg","2,63 €/Kg"
Actimel morango,Danone,Embalagem de 6 x 100g,"4,15 €/Kg","4,15 €/Kg"
Néctar light manga/laranja,Compal,Garrafa de 200 ml,"0,99 €","0,99 €/L"
Iogurte líquido morango,PorSi,Embalagem de 8x160 ml,"1,17 €","1,83 €/Kg"
Chouriço com feijão,Nobre,Embalagem de 420g,"2,35 €","5,60 €/Kg"
"Leite uht, gordo",Serraleite,Embalagem de 1 l,"0,94 €","0,94 €/L"
"Vela em número,  nº 0",PorSi,1 unidade,"0,60 €","0,60 €/Unidade"
Batata frita palha,Pala-pala,Embalagem de 500g,"0,87 €","5,44 €/Kg"
Manhãzitos original,Manhazitos,Embalagem 6x2 unidades,"2,05 €","5,13 €/Kg"
Camarão 20/30,Congelado de Aquicultura,1 un = 250 gr  (aprox.),"2,00 €","7,99 €/Kg"
Limpa madeiras com sabão,PorSi,1.5 litros,"4,39 €","14,63 €/L"
Bebida solúvel cereais+fibra frasco 200g,Delta,Embalagem de 200g,"14,50 €/Kg","14,50 €/Kg"
"Creme anti-rugas revitalizante fps30, dia",L'oreal,Embalagem de 50 ml,"2,99 €","59,80 €/L"
Pilha alcalina heightch lr14x2,Domédia,1 unidade,"1,99 €","1,99 €/Unidade"
Areia para Gato Absorvente 100% Natural,Friskies,Embalagem de 5 l,"1,19 €","0,24 €/Kg"
Batata chef gourmet,MCCAIN,Embalagem de 500 g,"1,39 €","1,39 €/Kg"
Tomate em pedaços,Guloso,Embalagem de 390g,"3,84 €","24,00 €/Kg"
Cocktail mango,Bar Royal,Garrafa de 750 ml,"8,49 €","11,32 €/L"
Café moagem universal angola,Delta,Embalagem de 220g,"9,76 €/Kg","9,76 €/Kg"
Vinho tinto regional terras dao bib 5l,Silgueiros,Embalagem de 5L,"3,99 €","5,32 €/L"
Maionese Top Down,Calvé,Embalagem de 753 g,"0,70 €","2,33 €/Kg"
Detergente Líquido p/ Loiça Original,Fairy,"Embalagem de 1,19 l","0,99 €","1,98 €/L"
Frango inteiro com miúdos,PorSi,Embalagem com 1.4 kg (aprox.),"19,95 €","3,99 €/Kg"
Toucinho do céu,PorSi,Embalagem de 2x100 g,"0,55 €","2,75 €/Kg"
Chá preto com aroma natural e vitamina C,Lipton,Embalagem de 40g,"41,67 €/Kg","41,67 €/Kg"
Champô Limão & Argila,Ultra Suave,Embalagem de 400 ml,"5,59 €","13,98 €/L"
"Tira nódoas, spray oxi",PorSi,Embalagem de 1 l,"10,99 €","52,33 €/Kg"
Livro Sabichão Estudo do Meio,Firmo,1 un.,"1,49 €","1,49 €/Unidade"
"Lixívia para roupa, tradicional verde denso",PorSi,Embalagem de 2L,"1,74 €","0,35 €/L"
Xarope de chocolate zero,Prozis,Embalagem de 290g,"4,49 €","13,61 €/Kg"
Pizza 4 estações,PorSi,Embalagem de 350g,"2,16 €","6,17 €/Kg"
Vinho do porto lágrima tinto,Ramos Pinto,"Garrafa de 0,75L","15,99 €","21,32 €/L"
Transportadora com porta metálica,Anivite,1 unidade,"19,99 €","19,99 €/Unidade"
Polvilho doce,PorSi,Embalagem de 500g,"2,99 €","271,82 €/Kg"
Anti-Traça Gel Lavanda,Dum Dum,2 unidades,"5,99 €","176,18 €/Kg"
Iogurte liquido sem lactose morango e banana,PorSi Viva Bem,Embalagem de 4 x 160 g,"2,79 €","6,07 €/Kg"
Inseticida líquido elétrico recarga,Raid,Pack 3 x 27 ml,"10,49 €","17,48 €/L"
Corn flakes saco,PorSi,Embalagem de 500g,"1,49 €","2,98 €/Kg"
"Folhas de tomilho, pacote",Margao,Embalagem de 20g,"0,25 €","0,25 €/Kg"
Camarão moçambique 30/40,PorSi,800 g,"8,99 €","25,69 €/Kg"
Miúdos,Frango,1 un = 250 gr  (aprox.),"0,50 €","4,99 €/Kg"
Massa p/ pizza,Pasta dia,Embalagem de 230g,"0,99 €","4,30 €/Kg"
Brandy,ON/OFF,Garrafa de 700 ml,"11,99 €","17,13 €/L"
"Bloco sanitário azul, recarga",WC Pato,Embalagem de 2x40 g,"2,99 €","74,75 €/Kg"
Balões latex azul,PorSi,Embalagem com 24 unidades,"1,59 €","1,59 €/Unidade"
Luvas Multi Latex M/L,Vileda,10 unidade,"2,40 €","2,40 €/Unidade"
Cereais petalas chocolate,PorSi,Embalagem de 625g,"5,07 €/Kg","5,07 €/Kg"
Tomate cherry,*,1 un = 200 gr (aprox.),"0,87 €","3,49 €/Kg"
"Pasta de arquivo, lombada estreita, azul",Domédia,1 unidade,"1,49 €","1,49 €/Unidade"
Bolacha tostada,PorSi,Embalagem de 800g,"2,11 €/Kg","2,11 €/Kg"
Azeite virgem extra seleção,PorSi,Garrafa de 750 ml,"3,19 €","4,25 €/L"
Tablete de chocolate leite/amêndoa,Nestle,Embalagem de 120g,"6,50 €/Kg","6,50 €/Kg"
Tomates Cereja Cocktail Biológicos,PorSi Bio,± 250 g,"0,87 €","3,49 €/Kg"
Spray Limpa Cockpit,Redex,Embalagem de 600 ml + oferta pano micro-fibra,"3,99 €","0,80 €/L"
Limpa Couros,Bellapelle,Garrafa de 250 ml,"10,99 €","52,33 €/Kg"
Perca Inteira,Peixe Congelado,de 1 a 3 Kg,"4,39 €","10,98 €/Kg"
Manteiga la motte sal do mar,President,Embalagem de 250 g,"1,69 €","6,76 €/Kg"
Doce de Laranja com Farripas,ST.DALFOUR,Frasco de 284g,"2,19 €","9,95 €/Kg"
Conjunto Fleurs Du Paradis,Coquette,EAU DE TOILETTE 100 ML + R-ON 10 ML,"12,99 €","12,99 €/Unidade"
Sumo essencial manga,Compal,pack 3 x 0.11 l,"2,29 €","6,94 €/L"
Batata frita caseira rodela,Pala-pala,Embalagem de 300g,"0,87 €","5,44 €/Kg"
Infusão lúcia lima,PorSi,Embalagem de 35 g,"0,99 €","76,15 €/Kg"
Café solúvel + cereais,Delta,Embalagem de 200 g,"14,50 €/Kg","14,50 €/Kg"
Fermento,Royal,Embalagem de 230g,"0,75 €","15,00 €/Kg"
Manteiga amendoim cremosa,PorSi,Embalagem de 340g,"4,19 €","12,32 €/Kg"
Queijo flamengo fatiado light,Paiva,Embalagem de 180g,"1,56 €","7,80 €/Kg"
Leite uht gordo,Mimosa,Embalagem de 1 litro,"0,94 €","0,94 €/L"
Lombos de pescada,PorSi,Embalagem de 400 g,"4,39 €","10,98 €/Kg"
Fralda Cueca de Banho 12 a 18 kg,Huggies,Embalagem com 11 un.,"4,59 €","4,59 €/Unidade"
Escova dentífrica infantil bambu,Colgate,1 unidade,"0,99 €","0,99 €/Unidade"
Molho de soja c/ dispensador redução sal,KIKKOMAN,150 ml,"3,99 €","26,60 €/L"
"Bebida láctea crescimento 1-3 anos, cereais",Nestle,Embalagem de 1 litro,"0,26 €","1,30 €/L"
Chouriço cebola beiras,PorSi,Embalagem de 300g,"1,22 €","6,78 €/Kg"
Compressas | dim.: 10 x 10 cm,PorSi,Embalagem com 100 unidades,"1,69 €","1,69 €/Unidade"
Limpa Máquina Loiça Regular,Finish,,"2,99 €","2,99 €/Unidade"
Vermute rosso,Martini,Embalagem de 10x6 cl,"22,49 €","32,13 €/L"
Vela em número nº9,PorSi,1 unidade,"0,60 €","0,60 €/Unidade"
Pastilhas limpa próteses,Labell,embalagem com 36 unidades,"9,79 €","122,38 €/Kg"
Vinho verde branco loureiro,Q.REGAINHO,Garrafa de 0.75 l,"1,59 €","2,12 €/L"
Creme anti-rugas de dia revitalift,L'oreal,Embalagem de 50 ml,"2,99 €","59,80 €/L"
Hortelã Molho Programa Origens,PorSi,Embalagem de 50g,"0,11 €","2,29 €/Kg"
"Fiambre extra, fatias finas",PorSi,Embalagem de 150 g,"0,97 €","6,49 €/Kg"
Cuecas de incontinência grandes,Ausonia Discreet,Embalagem com 7 unidades,"9,99 €","9,99 €/Unidade"
Pack de 3 lâmpadas 7W LED E27,BDC,1 embalagem,"5,99 €","5,99 €/Unidade"
Rodelas de linguica 2x75g,Porminho,Embalagem de 2X75G,"1,22 €","6,78 €/Kg"
Alho moído,PorSi,Saqueta de 50 g,"0,25 €","0,25 €/Kg"
"Vinho branco regional alentejano, bib",Galitos,Garrafa de 3 l,"5,19 €","1,04 €/L"
Leite c/ Chocolate,Agros,Embalagem de 4 x 200 ml,"0,26 €","1,30 €/L"
"Milhojas de cacau, 4 unidades",Dulcesol,Embalagem de 260g,"2,05 €","5,13 €/Kg"
Sumo 100% tomate,PorSi,Embalagem de 1.5 l,"1,09 €","0,73 €/L"
Néctar light de manga/laranja prism,PorSi,Embalagem de 1 l,"0,84 €","2,55 €/L"
Lambrusco rose,*,Garrafa de 750 ml,"6,89 €","9,19 €/L"
Queijo curado alho e salsa,Nova Açores,Vendido ao peso,"25,45 €/Kg","25,45 €/Kg"
Pá económica,PorSi,1 unidade,"2,20 €","2,20 €/Unidade"
Camião + Pá + Ancinho,Fantástiko,1 conjunto,"2,99 €","2,99 €/Unidade"
Salsichas de aves,Nobre,Lata de 200 g,"0,75 €","3,75 €/Kg"
"Cerveja sem álcool, preta",Super Bock,pack 6 x 0.33 l,"5,99 €","3,03 €/L"
Hambúrguer de soja,Cemporcent,Embalagem de 160g,"2,09 €","8,36 €/Kg"
Acetona perfumada com doseador,PorSi,Embalagem de 200 ml,"1,89 €","9,45 €/L"
Caixa para 6 relógios,BC,1 un.,"19,99 €","19,99 €/Unidade"
Tosta rica mini go,Cuetara,Embalagem de 240g,"1,89 €","15,75 €/Kg"
Queijo em fatias,Terra Nostra,Embalagem de 400g,"1,56 €","7,80 €/Kg"
Açorda de camarão,PorSi Select,Embalagem de 300g,"1,79 €","7,16 €/Kg"
Comida húmida para gato gelatinas com peixe,Felix,Embalagem de 4x100 g,"3,49 €","10,26 €/Kg"
Piscina morango,Bestway,Dim.: 160 x 38 cm,"2,99 €","2,99 €/Unidade"
Azeite virgem extra seleção,PorSi,Garrafa de 250 ml,"3,19 €","4,25 €/L"
Bicarbonato de sódio,PorSi,Embalagem de 500 g,"1,79 €","2,39 €/L"
Comida húmida para cão de vaca e frango,PorSi,Lata de 400 g,"0,75 €","2,50 €/Kg"
Cereais cruesli chocolate,Quaker,Embalagem de 380g,"2,29 €","6,11 €/Kg"
Líquido wc duraguard pinho da montanha,Harpic,Garrafa de 750 ml,"1,79 €","2,39 €/L"
Recarga inseticida eléctrico líquido anti melgas e m...,Raid,60 noites,"10,49 €","17,48 €/L"
"Limpa móveis pistola, multissuperfícies",Pronto,Embalagem de 500 ml,"1,19 €","0,79 €/L"
"Sabonete sólido, oliva",Feno,Embalagem de 4x90g,"1,99 €","12,44 €/Kg"
Snack gato salmao,PorSi,Embalagem de 60g,"0,99 €","16,50 €/Kg"
Sabonete Liquido Gel Antibacteriano,Labell,Embalagem de 300 ml,"2,18 €/L","2,18 €/L"
Escova para calçado,Sonaf,1 unidade,"5,29 €","35,27 €/L"
Pellets madeira,Nova lenha,Embalagem de 15kg,"10,99 €","0,73 €/Kg"
Cereais Corn Flakes Original,Kellogg's,Embalagem de 380g,"1,49 €","2,98 €/Kg"
"Sacos para sandes, 100 unidades",PorSi,1 embalagem,"1,11 €","1,11 €/Unidade"
Cerveja super bock,Super Bock,Pack 6 x 200 ml,"0,38 €","1,15 €/L"
Licor beirão,Beirão,Garrafa de 700 ml,"22,49 €","32,13 €/L"
Gogo SqueeZ Snack Banana,Gogo,Embalagem de 4 x 90g,"2,29 €","6,94 €/L"
Optimal 7 ultra frescura,Ajax,Embalagem de 1L,"1,19 €","0,79 €/L"
Chocolates maltesers,MALTESERS,Embalagem de 90g,"11,98 €/Kg","11,98 €/Kg"
Lamina Descartáveis Platina,Labell,Pack 10 unidades,"1,16 €","4,64 €/L"
Queijinho dadoninho petitdino de morango,Danone,Embalagem de 6 x 50 g,"1,05 €","1,86 €/L"
Azeite Subtil,Gallo,Garrafa de 2 l,"3,19 €","4,25 €/L"
Café moagem universal portugal,Delta,Embalagem de 250g,"9,76 €/Kg","9,76 €/Kg"
Nata uht para bater,Parmalat,Embalagem de 200 ml,"0,75 €","3,75 €/L"
Mirtilos 100% Naturais,PorSi,Embalagem de 250 g,"3,29 €","4,39 €/Kg"
Veiculo Hot wheels,Hot Wheels,1 unidade,"9,99 €/Unidade","9,99 €/Unidade"
vinho do Porto Ruby,Velhotes,"garrafa de 0,75 l","6,65 €/L","6,65 €/L"
Frutapura maçã e banana,Bledina,Embalagem de 85g,"2,29 €","6,94 €/L"
Bolacha torrada com canela,PorSi,Embalagem de 2 x 250 g,"2,11 €/Kg","2,11 €/Kg"
Queijo Curado,Ilha Azul,Vendido ao peso a partir de 250 gr,"2,42 €","9,69 €/Kg"
Vinho tinto península de setúbal,Pioneiro,Garrafa de 0.75 l,"8,59 €","11,45 €/L"
"Sangria tinta, bag in the box",Leziria,Garrafa de 5 l,"2,39 €","1,59 €/L"
Leite de pastagem magro,Terra Nostra,Embalagem de 1 l,"0,81 €","0,81 €/L"
Lixívia Denso-Activa Harmonias Florais p/ Casa e Rou...,Neoblanc,Embalagem de 2 l,"1,74 €","0,35 €/L"
Galão enriquecido com cálcio,Ucal,Embalagem de 600 ml,"2,15 €","9,77 €/L"
Queijo de cabra curado,PorSi,Embalagem de 2x100 g,"1,89 €","10,50 €/Kg"
Sardinha Pequena,Peixe Congelado,1 un= 250 gr (aprox.),"3,99 €/Kg","3,99 €/Kg"
Lambrusco bianco,*,Garrafa de 750 ml,"2,29 €","3,05 €/L"
40 filtros café número 4,Planteur,Embalagem com 40 filtros,"0,80 €","0,80 €/Unidade"
Iogurte líquido danonino morango,Danone,Embalagem de 4 x 100 g,"1,05 €","1,86 €/L"
Apara lápis,Maped,1 unidade,"1,49 €","1,49 €/Unidade"
Chá Aromatizado Pirâmide Oriente/Canela,PorSi,20 x 2 g,"58,44 €/Kg","58,44 €/Kg"
Mel rosmaninho com doseador,SERRAMEL,Embalagem de 500 g,"4,89 €","9,78 €/Kg"
Tomates Cereja Púrpura Biológicos,PorSi Bio,± 200 g,"0,87 €","3,49 €/Kg"
Néctar clássico tutti-frutti,Compal,330 ml,"0,99 €","0,99 €/L"
Iogurte tipo grego natural,PorSi,Embalagem de 12 x 125 g,"0,99 €","1,98 €/Kg"
Queijo Curado Amanteigado,Quinta do Convento,Vendido ao peso a partir de 250 g,"25,45 €/Kg","25,45 €/Kg"
Flocos de aveia finos integrais,Cemporcent,Embalagem de 400g,"0,69 €","1,73 €/Kg"
Barrita controlo de peso iogurte,Ignoramu,Embalagem de 44g,"3,99 €","39,90 €/Kg"
Pringles original,Pringles,Embalagem de 175g,"1,06 €","5,73 €/Kg"
Pilhas Alcalinas AAA Optimum,Duracell,Blister 4 Pilhas,"1,99 €","1,99 €/Unidade"
Bolachas shortcake cacau,PorSi,Embalagem de 185 g,"1,69 €","6,76 €/Kg"
Romã,Programa Origens,1 un = 250 gr  (aprox.),"1,00 €","3,99 €/Kg"
Sortido bolacha princesa,Vieira,Embalagem de 400g,"6,83 €/Kg","6,83 €/Kg"
Água s/ gás,S.estrela,"Pack 6 x 0,50 l","1,04 €","0,17 €/L"
"Bracito trufa de chocolate, 4 unidades",Dulcesol,Embalagem de 240g,"2,05 €","5,13 €/Kg"
Costeletas do Lombo,Porco,Vendido ao peso a partir de 1 kg,"1,22 €","4,89 €/Kg"
Tomate triturado,Compal,Embalagem de 500g,"3,84 €","24,00 €/Kg"
Iogurte líquido laranja,Danone,Embalagem de 6 x 100 g,"4,15 €/Kg","4,15 €/Kg"
Reparador de móveis normal,PorSi,Embalagem de 200 ml,"4,39 €","14,63 €/L"
Ketchup top down,Calve,Embalagem de 550g,"0,70 €","2,33 €/Kg"
Pectina,Condi,Embalagem de 25g,"2,04 €","81,60 €/Kg"
Carte d'or cake romantica,Olá,Embalagem de 750 ml,"2,49 €","7,55 €/Kg"
Penso Higiénico Ultrafinos Super Abas,PorSi,12 unidades,"1,42 €","1,42 €/Unidade"
Bolachas maria,PorSi,Embalagem de 800g,"2,11 €/Kg","2,11 €/Kg"
Multi vitaminas 50+,PLANTANATU,Embalagem de 1 unidades,"7,59 €","126,50 €/Kg"
"Inseticida elétrico, trio, nigth & day",Raid,1 unidade,"10,49 €","17,48 €/L"
Limpa fornos,PorSi,500 ml,"1,79 €","2,39 €/L"
Rolo de cozinha mega,PorSi,1 rolo,"4,99 €","4,99 €/Unidade"
Toalha em rolo papel branco,PorSi,1 Unidade,"13,99 €","13,99 €/Unidade"
Toalhita Azul,Dodot,Embalagem c/ Tampa | 64 un.,"1,09 €/Unidade","1,09 €/Unidade"
"Cobertura tipo chantilly, 2x38g",PorSi,Embalagem de 80g,"1,29 €","3,23 €/Kg"
Vinho de mesa tinto bag in box,Adega grande,Garrafa de 5 l,"5,19 €","1,04 €/L"
Massa fettuccine,PorSi,Embalagem de 500g,"0,89 €","1,78 €/Kg"
Nan 1 optipro leite inf.optipro desde nascim.800g,NAN,Embalagem de 800g,"22,39 €","27,99 €/Kg"
"Infusãoo mirtilo/acai, 20 saquetas",Tetley,Embalagem de 40g,"0,99 €","76,15 €/Kg"
Caramelo líquido,PorSi,Embalagem de 400g,"1,29 €","3,23 €/Kg"
Porto 10 anos,Velhotes,Garrafa de 0.75 l,"10,99 €","14,65 €/L"
Chouriço corrente,PorSi,Embalagem de 200 g,"1,22 €","6,78 €/Kg"
Pastilhas descafeinado,Delta,Embalagem de 110g,"2,79 €","19,93 €/Kg"
Iogurte pedaços frutas variadas,PorSi,Embalagem de 16 x 125 g,"4,36 €","2,18 €/Kg"
Spray limpa inox,Cif,Garrafa de 440 ml,"1,79 €","2,39 €/L"
"Jogo de Viagem, Batalha Naval",Hasbro,,"6,99 €","6,99 €/Unidade"
Queijo Roquefort,SOCIETE,Vendido ao peso a partir de 250 gr,"1,99 €","9,95 €/Kg"
Refrigerante de lima-limão,Seven-up,"Garrafa de 1,25 l","0,40 €/L","0,40 €/L"
Leite pastagem uht terra nostra inteiro,Terra Nostra,Garrafa de 1 l,"1,09 €","1,09 €/L"
Bebida de Soja Baunilha,PorSi Viva Bem,1 l,"2,49 €","2,49 €/L"
Linhaça castanha moída,Cemporcent,Embalagem de 200g,"2,29 €","11,45 €/Kg"
Rebuçados de café,Villa,Embalagem de 200 g,"1,15 €","4,60 €/Kg"
Biscoitos integrais aveia e manteiga de amendoim,PorSi Viva Bem,Embalagem de 150g,"1,45 €","11,15 €/Kg"
Desinfetante álcool gel,PorSi,100 ml,"5,24 €","5,24 €/Unidade"
Sumo concentrado de laranja/maracujá,GUD,Garrafa de 740 ml,"4,89 €","6,61 €/L"
Licor Jagermeister,JAGERMEIST,Garrafa de 700 ml,"16,99 €","24,27 €/L"
Sardinha em azeite,PorSi Select,Lata de 120 g,"0,89 €","7,42 €/Kg"
Jogo de Viagem Conecta 4,Hasbro,,"6,99 €","6,99 €/Unidade"
Azeite virgem extra seleção ouro,Oliveira da Serra,Garrafa de 750 ml,"3,19 €","4,25 €/L"
Ketchup picante,Heinz,460 g,"0,70 €","2,33 €/Kg"
Bolachas waffers nice baunilha,Dailidoce,Embalagem de 250g,"0,98 €","4,67 €/Kg"
Queijo limiano amanteigado vaca e ovelha sem casca o...,Limiano,Embalagem de 450g,"25,45 €/Kg","25,45 €/Kg"
Cereais golden e crispy,PorSi,Embalagem de 375 g,"5,07 €/Kg","5,07 €/Kg"
"Coloração permanente, preto nº10",Nutrisse,1 unidade,"8,49 €","8,49 €/Unidade"
Cuecas Incontinência Maxi Grande,Lindor,Embalagem com 14 un.,"9,99 €","9,99 €/Unidade"
Yofu natural com coco,Alpro,Embalagem de 500 gr,"3,09 €","6,18 €/Kg"
Azeite Virgem Extra Planícies do Sul,Gallo,Garrafa de 0.75 l,"3,19 €","4,25 €/L"
Detergente Liquido Loiça Ultra Poder Limão,Fairy,Embalagem de 600 ml,"0,99 €","1,98 €/L"
Açorda de camarão,PorSi Select,380 g,"1,79 €","7,16 €/Kg"
Queijo de cabra curado rolo,PorSi,Embalagem de 180 g,"1,89 €","10,50 €/Kg"
Bolacha diet nature 5 cereais,Gullon,Embalagem de 220g,"2,82 €","9,40 €/Kg"
Esparguete Clássica,Nacional,Embalagem de 500 g,"0,89 €","1,78 €/Kg"
Mochila Infantil,Peppa Pig,1 unidade,"19,90 €","19,90 €/Unidade"
Casa mateus temporada - morango   6x350g,Casa de Mateus,Embalagem de 350g,"3,59 €","10,26 €/Kg"
Special k aveia mel,Kellogg's,Embalagem de 420g,"1,49 €","2,98 €/Kg"
Discoveries cappuccino,STARBUCKS,Embalagem de 220 ml,"3,19 €","25,52 €/Kg"
"Vinho Bairrada, Tinto",Selecção de Enófilos,Garrafa de 0.75 l,"2,92 €/L","2,92 €/L"
Bocadelia atum,La piara,Embalagem de 180g,"0,89 €","7,42 €/Kg"
Queijo fresco meio gordo,PorSi,200 g,"1,09 €","5,45 €/Kg"
Cordon bleu,PorSi,Embalagem de 1 kg,"3,53 €","8,83 €/Kg"
Toalhetes Íntimos Suaves,Corine de Farme,Embalagem com 10 un.,"2,89 €","2,89 €/Unidade"
Milho para pipocas,Globo,Embalagem de 400g,"0,79 €","7,90 €/Kg"
Champagne Brut França,DELALANDE,Garrafa de 0.75 l,"34,99 €","46,65 €/L"
Lula cortada da patagónia,Pescanova,Embalagem de 400g,"5,49 €","6,86 €/Kg"
Camarão 30/40 Madagascar,Congelado Selvagem,1 un = 250 gr  (aprox.),"2,00 €","7,99 €/Kg"
Carapau Pequeno,Peixe Congelado,1 un= 120 gr (aprox.),"3,99 €/Kg","3,99 €/Kg"
Vinho verde rosé,3 marias,Garrafa de 0.75 l,"2,89 €","3,85 €/L"
Linhaça dourada e moída,Cemporcent,Embalagem de 200g,"2,29 €","11,45 €/Kg"
Corvina,*,Posta Higienizada Congelada,"6,99 €","6,99 €/Kg"
Buggy com Woody,Toy Story,1 unidade,"9,99 €/Unidade","9,99 €/Unidade"
Pilha alcalina classic lr03x8,Domédia,1 unidade,"1,99 €","1,99 €/Unidade"
Leite de transição 3 +10 meses,NAN,Embalagem de 800g,"22,39 €","27,99 €/Kg"
Batata frita caseira,PorSi,Embalagem de 500g,"0,87 €","5,44 €/Kg"
Couscous marroquino com vegetais desidratados,Trevijano,Embalagem de 300g,"2,99 €","271,82 €/Kg"
Lombo curado fatiado,PorSi,100 g,"2,59 €","28,78 €/Kg"
Absorvente de odores marine,Brise,Embalagem de 300 ml,"16,63 €/L","16,63 €/L"
Tempero para Frangos Ervas Aromáticas,PorSi,34 g,"3,84 €","24,00 €/Kg"
Cápsulas de café com leite cappuccino,Nescafe,Embalagem com 16 cápsulas,"2,79 €","19,93 €/Kg"
Café gold colômbia frasco,Nescafe,Embalagem de 100 g,"14,50 €/Kg","14,50 €/Kg"
Sacos lixo eco com atilho 50 litros,PorSi,15 unidades,"1,79 €","1,79 €/Unidade"
Adoçante recarga,Canderel,Embalagem de 40g,"5,99 €","23,96 €/Kg"
Massa esparguete,Milaneza,Embalagem de 500g,"0,89 €","1,78 €/Kg"
Abrasivo sanitário pinho e eucalipto,PorSi,embalagem de 1 litro,"0,99 €","1,32 €/L"
Costeleta mista,Porco,1 un = 150 gr (aprox.),"1,22 €","4,89 €/Kg"
Biscoitos sem glúten,Gullon,Embalagem de 200 g,"4,29 €","20,43 €/Kg"
Peito de frango,Salsicharia Limiana,"Vendido ao peso, fatiado","2,25 €","11,25 €/Kg"
Ambientador Arbre Coco,Arbre Magique,3 unidade,"2,89 €","2,89 €/Unidade"
Spray desengordurante,Sonasol,Embalagem de 500 ml,"4,49 €","5,99 €/L"
Chá verde,Tetley,Embalagem de 20g,"85,00 €/Kg","85,00 €/Kg"
"Sabonete líquido de leite de amêndoas, recarga",Palmolive,Embalagem de 300 ml,"2,18 €/L","2,18 €/L"
Iogurte com Cereais Activia,Danone,Embalagem 4x115g,"2,79 €","6,07 €/Kg"
Detergente liquido loiça limão,PorSi,Garrafa de 1 litro,"0,99 €","1,98 €/L"
Palitos redondos,PorSi,Embalagem de 250 unidades,"1,50 €","1,50 €/Unidade"
Batido de baunilha,Forma+,Embalagem de 700g,"3,99 €","39,90 €/Kg"
Creme Depilatório Men Peles Sensíveis,Veet,400 ml,"10,99 €","73,27 €/L"
Cereais crunch 375g,Nestle,Embalagem de 380g,"5,07 €/Kg","5,07 €/Kg"
Penso Diário Maxi,Ausonia,1 Embalagem c/30 unidades,"1,79 €","1,79 €/Unidade"
"Hamburguers de vaca, 4x80g",PorSi,Embalagem de 320 g,"2,79 €","8,72 €/Kg"
Ananás em rodelas lata,PorSi,Embalagem de 820g,"1,99 €","2,37 €/Kg"
Queijo Flamengo Bola,Quinta do Convento,,"25,45 €/Kg","25,45 €/Kg"
Faneca,Peixe do Dia,"Vendido ao peso, 1 un = 500 g (aprox.)","5,20 €","12,99 €/Kg"
Queijo de Ovelha Meio Gordo,Seia,1 un = 450 g (aprox.),"4,50 €","17,99 €/Kg"
Princesas do mar,PorSi,Embalagem de 255 g,"2,19 €","8,59 €/Kg"
Creme fixativo sem sabor,Polident,Embalagem de 2 x 40 g,"9,79 €","122,38 €/Kg"
Rolo de Cozinha Branco Eco Compacto,PorSi,2 = 6 Rolos,"4,99 €","4,99 €/Unidade"
Limpa placa de vitrocerâmica,Kh 7,Embalagem de 750 ml,"1,29 €","1,72 €/L"
Lava Tudo Brilhante Floral,Sonasol,"embalagem 1,1L","0,99 €","0,50 €/L"
Máscara tesouros de mel,Garnier,Embalagem de 300 ml,"1,00 €","5,00 €/L"
"Borracha Technic, 600",Maped,embalagem com 2 unidades,"3,09 €","3,09 €/Unidade"
Polvilho azedo,PorSi,Embalagem de 500g,"2,99 €","271,82 €/Kg"
Queijo fresco natural,Matinal,Embalagem de 216g,"1,09 €","5,45 €/Kg"
Sublinhador Brite Liner - 3+1,Bic,1 unidade,"2,69 €","2,69 €/Unidade"
Pastel de Nata,PorSi,60G,"0,30 €/Unidade","0,30 €/Unidade"
Mix pimentos 3 cores,Legumes do dia,Embalagem de 500 g,"0,75 €","2,99 €/Kg"
Croissant simples,PorSi,Embalagem de 400g,"2,05 €","5,13 €/Kg"
Croissant recheado de cacau/avelã,PorSi,Embalagem de 315g,"2,05 €","5,13 €/Kg"
Cerveja c/ álcool radler,Sagres,pack 6 x 0.33 l,"1,59 €","3,18 €/L"
"Escova dentífrica infantil, minions, + 6 anos",Colgate,1 + 1 unidade grátis,"0,99 €","0,99 €/Unidade"
"Queijo fresco, grande",PorSi,Embalagem de 250 g,"1,09 €","5,45 €/Kg"
Posta Tradicional 9 Meses Cura,Riberalves,Embalagem de 550 g,"6,39 €","7,99 €/Kg"
Prince biscuit-sandwich chocolate chocolate r,PRINCE,Embalagem de 300g,"2,15 €","2,87 €/Kg"
Pictionary Portugal,Mattel,1 un.,"6,99 €","6,99 €/Unidade"
Sabonete Líquido Original,Dove,Embalagem de 250 ml,"2,18 €/L","2,18 €/L"
Infusão cavalinha,Cemporcent,Embalagem de 10 unidades,"0,99 €","76,15 €/Kg"
Mesa Joker Rattan,Ipae,Dim.: 138 x 78 x 72 cm,"35,99 €","35,99 €/Unidade"
Queijo curado de cabra,Seia,Embalagem de 250g,"1,89 €","10,50 €/Kg"
Queijo flamengo barra,PorSi,"Vendido ao peso, fatiado a partir de 100 gr","1,56 €","7,80 €/Kg"
Cubos pão trigo tostado,PorSi,Embalagem de 150g,"0,69 €","3,07 €/Kg"
Gelatina de laranja,PorSi,Embalagem de 170g,"0,55 €","61,11 €/Kg"
Café solúvel gold,PorSi Select,Embalagem 100G,"14,50 €/Kg","14,50 €/Kg"
Queijo são jorge dop,PorSi Select,Embalagem de 400g,"2,42 €","9,69 €/Kg"
Filetes de pescada,Pescanova,Embalagem de 400g,"4,39 €","10,98 €/Kg"
Rolo Cozinha Meia Folha Adapt,Colhogar,3 Rolos,"4,99 €","4,99 €/Unidade"
Alimento lácteo alperce +6 meses,Yogolino,Embalagem de 4 x 100 g,"2,89 €","7,23 €/Kg"
Pensos peles sensíveis sortidos,PorSi,30 unidades,"1,69 €","1,69 €/Unidade"
Pão Rústico com Malte,Pão do Dia,1 unidade= 100 g,"0,19 €","2,38 €/Kg"
Café nyeri quénia moagem universal,Sical,Embalagem de 220g,"9,76 €/Kg","9,76 €/Kg"
Bandas de Cera Depilatória Facial,Veet,Embalagem de 20 unidades,"3,11 €","3,11 €/Unidade"
Gran cruz rosé porto cruz pink,Cruz,Garrafa de 750 ml,"22,49 €","32,13 €/L"
Asas de Frango do Campo Lusitano,PorSi Select,embalagem de 500 g (aprox.),"19,95 €","3,99 €/Kg"
Queijo mistura de tapadas santo antónio,Herdade da maia,Embalagem de 220 g,"5,99 €","23,96 €/Kg"
Anti-embaciante,PorSi,Embalagem de 250 ml,"3,99 €","0,80 €/L"
Açúcar demerara,Rar,Embalagem de 500 g,"1,49 €","1,49 €/Kg"
Tablete de chocolate leite com avelã,PorSi Select,200 g,"6,50 €/Kg","6,50 €/Kg"
Chá solúvel alívio respiratório,Cemporcent,Embalagem de 50g,"58,44 €/Kg","58,44 €/Kg"
Bolachas de manteiga,PorSi,Embalagem de 200 g,"1,69 €","6,76 €/Kg"
Espumante tinto bruto,Alianca,Garrafa de 750 ml,"8,49 €","11,32 €/L"
Ambientador vela gota frutos vermelhos,Air Wick,Embalagem de 1 unidades,"4,99 €","4,99 €/Unidade"
Bucal maça natural,Andros,Embalagem de 750 g,"2,04 €","81,60 €/Kg"
Snack cão dentafresh pequeno,Pedigree,Embalagem de 110 g,"0,94 €","5,22 €/Kg"
Batata pré-frita palito,PorSi,"Embalagem de 2,5 kg","1,39 €","1,39 €/Kg"
"Vinho bairrada, reserva, tinto",Selecção de Enófilos,Garrafa de 0.75 l,"2,92 €/L","2,92 €/L"
Cotton Protection Protege Slip 100% Orgânico Normal,Ausonia,9 unidades,"1,42 €","1,42 €/Unidade"
Gressinos com sésamo,PorSi,Embalagem de 250 g,"0,69 €","3,07 €/Kg"
Queijo emmental ralado,PorSi,Embalagem de 200 g,"7,45 €/Kg","7,45 €/Kg"
Pérolas de perfume unstoppables fresh,Lenor,Embalagem de 210g,"10,99 €","52,33 €/Kg"
Tablete de chocolate extra fina leite/avelã,Nestle,Embalagem de 120g,"6,50 €/Kg","6,50 €/Kg"
Uva Preta Palierie,Programa Origens,1 un = 250 gr  (aprox.),"0,75 €","2,99 €/Kg"
Ice tea de limão,PorSi,Embalagem de 2 l,"1,14 €","0,76 €/L"
Aipo,Nossa seleção,Vendido ao peso,"0,11 €","2,29 €/Kg"
Bacalhau Corrente,Bacalhau da Noruega,1 un= 750 g (aprox.),"8,73 €/Kg","8,73 €/Kg"
Queijo Flamengo em Barra,Terra Nostra,1 un = 150 gr (aprox.),"1,56 €","7,80 €/Kg"
Régua 20 cm,Mab,1 un.,"1,69 €","1,69 €/Unidade"
Infusão de camomila,Tetley,Embalagem de 10g,"0,99 €","76,15 €/Kg"
Vinagre de vinho branco envelhecido,PorSi,Garrafa 250ML,"0,35 €","0,70 €/L"
Preparado de marisco,*,Embalagem de 1 Kg (aprox.),"2,00 €","7,99 €/Kg"
"Bloco sanitário power 5, ocean",Domestos,Embalagem de 1 unidades,"2,99 €","74,75 €/Kg"
Arroz agulha,Cigala,Embalagem de 1 kg,"0,99 €","0,99 €/Kg"
Delta chicória + cafe soluvel lata,Delta,Embalagem de 250g,"14,50 €/Kg","14,50 €/Kg"
Sumo 100% ananás e uva,PorSi,1.5 l,"1,09 €","0,73 €/L"
Pizza carbonara,Campofrio,Embalagem de 360g,"0,99 €","4,30 €/Kg"
Gomas ositos de oro,Haribo,Embalagem de 100g,"1,19 €","3,97 €/Kg"
Batata doce para fritar,PorSi,Embalagem de 600g,"1,39 €","1,39 €/Kg"
Estendal Roupa Aço com Abas,Sonecol,Dim.: 18 m,"0,89 €","0,89 €/Unidade"
Tagliatelle a carbonara 350g,Tuttipasta,Embalagem de 350G,"2,16 €","6,17 €/Kg"
Tomate pedaços biológico,Guloso,Embalagem de 390g,"3,84 €","24,00 €/Kg"
Dentífrico herbal naturals,Aquafresh,75 ml,"2,39 €","31,87 €/L"
Papel higiénico 2 folhas,PorSi,32 rolos,"1,99 €","1,99 €/Unidade"
Cogumelo portobello pequeno,Legumes do Dia,vendido ao peso,"0,98 €","4,89 €/Kg"
Camarão cozido 60/80,PorSi,Vendido ao peso a partir de 350 g,"2,00 €","7,99 €/Kg"
Piri piri,Calve,Garrafa de 50 ml,"0,70 €","2,33 €/Kg"
Água mineral sem gás,Fastio,"Garrafa de 2,5 l","1,04 €","0,17 €/L"
Esferográfica cristal bl 5 az,Bic,1 unidade,"2,69 €","2,69 €/Unidade"
Limpa injetores gasolina,PorSi,Embalagem de 250 ml,"41,99 €","8,40 €/L"
Comida húmida para gato indoor em molho com atum,Purina One,Embalagem de 340g,"3,49 €","10,26 €/Kg"
Crocantes frango parmesão e ervas,Iglo,Embalagem de 180g,"9,30 €/Kg","9,30 €/Kg"
"Elásticos grandes coloridos, pack de 20 unidades",Domédia,1 embalagem,"2,19 €","109,50 €/L"
Amaciador intense nature,Comfort,60 doses,"8,99 €","2,25 €/L"
Cerveja preta 0.0%,Sagres,Lata de 330 ml,"5,99 €","3,03 €/L"
Detergente Máquina Roupa Liquido Bebé,Skip,52 doses,"19,99 €","19,99 €/Unidade"
Iogurte magro 0% pedaços de frutas,Páturages,Embalagem de 12X125G,"4,36 €","2,18 €/Kg"
Doce de framboesa,ST.DALFOUR,Frasco de 284g,"2,19 €","9,95 €/Kg"
Alimento lácteo pera +6 meses,Yogolino,Embalagem de 4 x 100 g,"2,89 €","7,23 €/Kg"
Queijo Flamengo Fatias,PorSi,Embalagem 500G,"1,56 €","7,80 €/Kg"
Concentrado maracujá mix,Sunquick,Garrafa de 580 ml,"4,89 €","6,61 €/L"
8 pães de leite,PorSi,Embalagem de 280 g,"7,40 €/Kg","7,40 €/Kg"
Iogurte proteína stracciatella,Lindahls,Embalagem de 150 g,"5,97 €/Kg","5,97 €/Kg"
Bebida arroz bio,PorSi Bio,Embalagem de 1 litro,"1,59 €","1,59 €/L"
Bolachas digestive muesli,Gullon,Embalagem de 370g,"1,45 €","11,15 €/Kg"
Desentupidor de fole com cabo,PorSi,1 unidade,"2,50 €","2,50 €/Unidade"
Pão de forma integral,Bimbo,Embalagem de 480 g,"2,63 €/Kg","2,63 €/Kg"
Rolo de seitan com ervas,Cemporcent,Embalagem de 200g,"25,48 €/Kg","25,48 €/Kg"
Spray renova camurça castanha,PorSi,Embalagem de 200 ml,"5,09 €","20,36 €/L"
Batata frita camponesa,PorSi,Embalagem de 175 g,"1,19 €","6,43 €/Kg"
Tomate  57/102,*,1 un = 200 gr (aprox.),"0,87 €","3,49 €/Kg"
Molho de whisky cocktail,Calve,Garrafa de 250 ml,"0,70 €","2,33 €/Kg"
Vinho doc douro colheita branco,Vallegre,Garrafa de 750 ml,"7,49 €","9,99 €/L"
Máquina de barbear descartável,Gillette,Embalagem com 4+1 unidades,"1,16 €","4,64 €/L"
Açúcar de coco bio,Origensbio,Embalagem de 250g,"2,99 €","5,98 €/Kg"
Pensos com Abas de Noite,Ausonia,embalagem com 9 un.,"1,42 €","1,42 €/Unidade"
Kiwi Biológico,PorSi Bio,Emb.: ± 500 g,"0,58 €","2,89 €/Kg"
Bolacha cracker integral,Cuetara,Embalagem de 200g,"0,39 €","3,12 €/Kg"
Bolachas de água e sal,PorSi,Embalagem de 125g,"0,39 €","3,12 €/Kg"
Milho doce,Bonduelle,Embalagem de 150 g,"1,79 €","2,29 €/Kg"
Bolachas de chocolate leite,Milka,Embalagem de 150g,"0,79 €","5,27 €/Kg"
Dentifríco splash morango,Aquafresh,Embalagem de 75 ml,"0,99 €","0,99 €/Unidade"
Farinha láctea,PorSi,Embalagem de 1 kg,"4,49 €","4,49 €/Kg"
Fatia de salame de chocolate,PorSi,Embalagem 60G,"2,05 €","5,13 €/Kg"
Sabonete líquido Marselha e Azeitona,Labell,Embalagem de 500 ml,"2,18 €/L","2,18 €/L"
Ervilhas,PorSi,Embalagem de 1 kg,"1,89 €","1,89 €/Kg"
Ravioli com tomate,Claude Léger,Embalagem 300G,"2,35 €","5,60 €/Kg"
Bloco sanitário blue activ higiene,Sonasol,Embalagem de 50 g,"2,99 €","74,75 €/Kg"
Moscatel de setúbal,Adega de Palmela,Garrafa de 750 ml,"5,99 €","7,99 €/L"
Chouriço fatiado,Campofrio,Embalagem de 80g,"1,22 €","6,78 €/Kg"
Queijo Curado Vaca/ Cabra/ Ovelha,PorSi,,"5,99 €","23,96 €/Kg"
Gel de Banho Coconut Milk,Dove,Embalagem de 750 ml,"6,49 €","8,65 €/L"
Guardanapos brancos folha tripla 33x33 cm,PorSi,70 unidades,"1,29 €","1,29 €/Unidade"
"Maionese, frasco",Hellmman's,Embalagem de 420g,"0,70 €","2,33 €/Kg"
Mel em frasco com doseador,PorSi,Embalagem de 500g,"4,89 €","9,78 €/Kg"
Dawnut Açucarado,Pastelaria do Dia,48g,"0,30 €/Unidade","0,30 €/Unidade"
Lombos de salmao vacuo,PorSi,Embalagem de 500g,"4,39 €","10,98 €/Kg"
Champô 3 em 1 karpex,Vanish,950 ml,"1,79 €","2,39 €/L"
Pilhas recarregáveis AAA HR03 1.2V 800mAh,Domédia,Embalagem com 4 unidades,"1,99 €","1,99 €/Unidade"
Veggie bowls bulgur & courgette 350g,Iglo green,Embalagem de 350g,"1,89 €","6,30 €/Kg"
Couve lombardo Programa Origens,PorSi,,"2,29 €","2,29 €/Kg"
Metade de Frango do campo Lusitano,PorSi Select,embalagem de 900 g (aprox.),"19,95 €","3,99 €/Kg"
Carcaça Forno de Pedra,Pão do Dia,1 un = 60 gr (aprox.),"0,19 €","2,38 €/Kg"
Arroz Risotto,PorSi,Embalagem de 1 kg,"0,99 €","0,99 €/Kg"
Tostas de trigo,PorSi,Embalagem 225G,"0,69 €","3,07 €/Kg"
Estendal Universal,Vileda,,"0,89 €","0,89 €/Unidade"
Vinho do porto lbv 2004,Cruz,Garrafa de 0.75 l,"10,99 €","14,65 €/L"
Queijo flamengo sticks 5x20g,PorSi,Embalagem de 100g,"1,56 €","7,80 €/Kg"
Bolachas maria,PorSi,Embalagem de 200g,"2,11 €/Kg","2,11 €/Kg"
Água s/ Gás,Serra de Fafe,Garrafa 6L,"1,04 €","0,17 €/L"
Mauzão,Concentra,Uma unidade,"31,99 €/Unidade","31,99 €/Unidade"
Café solúvel descafeinado,PorSi,Embalagem de 100G,"14,50 €/Kg","14,50 €/Kg"
Pudim morango,Boca Doce,Embalagem de 20g,"0,59 €","29,50 €/Kg"
Leite 0% lactose magro,Mimosa,Garrafa de 1 l,"1,29 €","1,29 €/L"
Infusão melhores digestões,Cemporcent,Embalagem de 10 unidades,"0,99 €","76,15 €/Kg"
Bloco Sanitário Sólido Poder Activo Pinho,Sonasol,Embalagem de 2x50 g,"2,99 €","74,75 €/Kg"
Refresco em pó de morango,Tang,Embalagem de 30g,"0,75 €","18,75 €/Kg"
Especialidade soja baunilha,PorSi Viva Bem,Embalagem de 4 x 100 g,"3,09 €","6,18 €/Kg"
Espetadas,Frango,1 un= 150 gr (aprox.),"19,95 €","3,99 €/Kg"
Folhado Misto 90 g,Pastelaria do Dia,,"0,65 €","0,65 €/Unidade"
Lay's sal mpk 6x30g,Lay's,Embalagem de 180g,"1,06 €","5,73 €/Kg"
Feijoada,PorSi,Embalagem de 420 g,"2,35 €","5,60 €/Kg"
Caldo verde sem batata,PorSi Viva Bem,Embalagem de 400 g,"1,19 €","2,98 €/Kg"
Farinha de trigo sem fermento t55,PorSi,Embalagem de 1 kg,"1,99 €","1,99 €/Kg"
Manteiga de amendoim crocante,Prozis,Embalagem de 500g,"4,19 €","12,32 €/Kg"
Iogurte líquido yoggi cremoso pêssego/manga,Nestle,Embalagem de 4 x 160 g,"1,17 €","1,83 €/Kg"
Especialidade de soja natural,PorSi Viva Bem,Embalagem de 4 x 100 g,"3,09 €","6,18 €/Kg"
"Cera cabelo, Paste Urban",Axe,Embalagem de 130 ml,"4,19 €","16,76 €/L"
Recarga para mopa ultramax,Vileda,1 unidade,"2,20 €","2,20 €/Unidade"
Caldo de galinha,PorSi,24 cubos,"3,84 €","24,00 €/Kg"
Cheeseburger de frango,Snock,Embalagem de 100 g,"3,39 €","21,19 €/Kg"
Bolachas multicereais,PorSi,Embalagem de 400 g,"0,90 €","6,00 €/Kg"
Refrigerante c/ gás ananás,Sumol,Garrafa de 500 ml,"0,40 €/L","0,40 €/L"
Queijo ralado dispensador,PorSi,Embalagem de 80g,"7,45 €/Kg","7,45 €/Kg"
Cogumelos laminados,Ferbar,Embalagem de 290g,"1,79 €","2,29 €/Kg"
Bolachas cereais passas e laranja,PorSi,Embalagem de 300 g,"0,90 €","6,00 €/Kg"
Saqueta puré de fruta e aveia,PorSi,Embalagem de 90g,"0,74 €","8,22 €/Kg"
Vinho regional alentejano bag-in-box tinto,Galitos,Garrafa de 5 l,"5,19 €","1,04 €/L"
Chocolate maxi 6 barritas,Kinder,Embalagem de 130g,"2,29 €","17,62 €/Kg"
Palitos super finos,PorSi,Embalagem de 85 unidades,"1,50 €","1,50 €/Unidade"
"Manga kent ""avião""",*,Embalagem de 350 g,"2,30 €","4,59 €/Kg"
Chá verde menta,PorSi,Embalagem de 43.7 g,"85,00 €/Kg","85,00 €/Kg"
Queijo tres igrejas cura 2 meses,Santiago,Vendido ao peso a partir de 250 gr,"25,45 €/Kg","25,45 €/Kg"
"Linguíca, 4 unidades",PorSi,Embalagem de 180 g,"1,22 €","6,78 €/Kg"
Pensos Higiénicos Normal c/ Abas Fina e Segura,Evax,Embalagem c/ 12 Unidades,"1,42 €","1,42 €/Unidade"
Piscina morango,Bestway,Dim.: 160 x 38 cm,"35,99 €","35,99 €/Unidade"
5 rissóis de leitão,PorSi,Embalagem de 400g,"1,79 €","7,16 €/Kg"
Poncho,Patrulha Pata,1 unidade,"2,99 €","2,99 €/Unidade"
Cueca Incontinência Boutique Plus M,Ausonia Discreet,Embalagem de 9 Un.,"9,99 €","9,99 €/Unidade"
Snack gato frango/queijo,PorSi,Embalagem de 60g,"0,99 €","16,50 €/Kg"
Doce amoras,ST.DALFOUR,Frasco de 284g,"2,19 €","9,95 €/Kg"
Cereais chocapic,Nestle,Embalagem de 375 g,"5,07 €/Kg","5,07 €/Kg"
Bolachas marítimas clássicas,PorSi Viva Bem,Embalagem de 200g,"2,82 €","9,40 €/Kg"
Vinagre de fruta,PorSi,Embalagem de 500 ml,"0,35 €","0,70 €/L"
Champô cacau&côco,Ultra Suave,Embalagem de 400 ml,"5,59 €","13,98 €/L"
Infusão nº 10 colestrol,Cemporcent,Embalagem de 10 unidades,"0,99 €","76,15 €/Kg"
Sardinhas,PorSi,embalagem com 1 kg,"4,39 €","10,98 €/Kg"
Intensificador de perfume em gel para a roupa romanc...,Quanto,300 ml,"7,99 €","19,02 €/Kg"
Queijo flamengo fatias light,PorSi,Embalagem de 200g,"2,39 €","19,92 €/Kg"
Batata pré-frita palitos finos,PorSi,Embalagem de 2.5 kg,"1,39 €","1,39 €/Kg"
Comida Húmida para Gatinhos Mousse com Vitela,Gourmet Diamant,Embalagem de 85 g,"3,49 €","10,26 €/Kg"
Pastilha Elástica Bottle Morango,Trident,Embalagem de 82 g,"0,89 €","59,33 €/Kg"
Água mineral natural alcalina,MONCHIQUE,1.5 l,"1,04 €","0,17 €/L"
Sangria pet,Don Simon,"Garrafa de 1,5 l","2,39 €","1,59 €/L"
Tablete de chocolate de leite com amêndoas,PorSi,100 g,"6,50 €/Kg","6,50 €/Kg"
Coco Seco,Fruta do Dia,1 un= 500 gr (aprox.),"2,30 €","4,59 €/Kg"
Pães de leite redondos,s. tomé,Embalagem de 300 g,"7,40 €/Kg","7,40 €/Kg"
Tomate pelado,Guloso,Embalagem de 800g,"3,84 €","24,00 €/Kg"
Tablete de chocolate,Chabrior,Embalagem de 250 g,"0,79 €","5,27 €/Kg"
Prepar arroz marisco sem gluten cv 0.8kg,Brasmar,Embalagem de 800g,"1,79 €","7,16 €/Kg"
Patas,Frango,1 un = 250 gr  (aprox.),"0,50 €","4,99 €/Kg"
Azeitona mista,PorSi,Embalagem de 210g,"1,00 €","3,99 €/Kg"
Licor de anis,On Off,"Garrafa de 0,70 l","16,99 €","24,27 €/L"
Queijo curado mistura,PorSi,190 g,"5,99 €","23,96 €/Kg"
Cápsulas de café com leite cappuccino,Nescafe,Embalagem com 16 cápsulas,"3,19 €","25,52 €/Kg"
Ultra magnésio +b6,PLANTANATU,Embalagem de 1 unidades,"7,59 €","126,50 €/Kg"
Robalo de Viveiro,Programa Origens,1 un= 400 gr (aprox.),"5,20 €","12,99 €/Kg"
Tintureira Posta,PorSi,1 un = 150 g (aprox.),"6,99 €","6,99 €/Kg"
Atum em azeite,Ramirez,Embalagem de 120g,"0,89 €","7,42 €/Kg"
Nestum aveia e maçã,Nestum,Embalagem de 250g,"2,19 €","8,76 €/Kg"
Iogurte activia cremoso coco,Danone,Embalagem de 4 x 120 g,"1,49 €","2,98 €/Kg"
Polpa de manga,Koala,Embalagem de 450g,"4,19 €","7,35 €/Kg"
Gel pure 3 em 1,Garnier,Embalagem de 150 ml,"2,99 €","59,80 €/L"
Leite natal 1,Nutriben,Embalagem de 800g,"22,39 €","27,99 €/Kg"
Batata frita forno originais,Lay's,Embalagem de 150g,"0,87 €","5,44 €/Kg"
"Salsichas hot dog, frasco",Izidoro,Embalagem de 240g,"0,75 €","3,75 €/Kg"
Queijo fatias -50% gordura,Terra Nostra,Embalagem de 400g,"1,56 €","7,80 €/Kg"
Leite uht magro,Mimosa,Embalagem de 200 ml,"0,81 €","0,81 €/L"
Peru Fêmea c/ Miúdos Programa Origens,PorSi,1 un= 5kg (aprox.),"19,95 €","3,99 €/Kg"
Bandas de cera fria peles normais,Veet,Embalagem de 20 unidades,"3,11 €","3,11 €/Unidade"
Bolacha integral doce,Vieira,Embalagem de 180g,"0,98 €","3,27 €/Kg"
Tablete chocolate branco,PorSi,Embalagem de 100g,"0,99 €","9,90 €/Kg"
Bebida láctea crescimento 3 anos+,Nestle,Embalagem de 1 litro,"0,26 €","1,30 €/L"
Bebida láctea crescimento 1 a 3 anos,Nestle,Embalagem de 1 litro,"0,26 €","1,30 €/L"
Leite de cabra uht meio gordo,President,Embalagem 1L,"0,81 €","0,81 €/L"
Pimento vermelho assado em tiras,*,350 g,"0,75 €","2,99 €/Kg"
Quarto de Frango do campo Lusitano,PorSi Select,embalagem de 900 g (aprox.),"19,95 €","3,99 €/Kg"
Açúcar fino,Rar,Embalagem de 1000 g,"1,49 €","1,49 €/Kg"
Chocolate culinário 70% cacau,Nestle,Embalagem de 170 g,"1,04 €","8,32 €/Kg"
Patê de marisco,Fides,Embalagem de 90g,"1,19 €","13,52 €/Kg"
Canjinha de Frango do Campo Lusitano,PorSi Select,Embalagem de 750 g (aprox.),"0,50 €","4,99 €/Kg"
Leite especial crescimento +3 anos,Mimosa,Garrafa de 1 l,"0,26 €","1,30 €/L"
Arroz agulha,Pato real,Embalagem de 1 kg,"0,99 €","0,99 €/Kg"
Magnum mini 3 chocolates,Olá,Embalagem de 6 x 55 ml,"5,99 €","16,64 €/L"
Creme autobrilhante preto,Splendor,40 ml,"2,59 €","2,59 €/Unidade"
Jarro graduado,PorSi,Embalagem de 1 unidades,"0,54 €","0,54 €/Unidade"
Toalhitas Refrescantes Rosto e Mãos,PorSi,Embalagem 3 x 10 un.,"1,10 €","1,10 €/Unidade"
Cerveja c/ álcool,Super Bock,pack 24 x 0.20 l,"0,38 €","1,15 €/L"
Aveia natural,Quaker,Embalagem de 500g,"2,99 €","7,97 €/Kg"
"Escova de cabelo, esqueleto",Labell,Embalagem com 1 unidade,"1,99 €","1,99 €/Unidade"
Puré de batata,Saint Eloi,Embalagem de 500 g,"1,99 €","1,99 €/Kg"
Desentupidor em gel canos com soda,PorSi,Embalagem de 1 litro,"1,79 €","2,39 €/L"
Cocktail pessego,Bar Royal,Garrafa de 750 ml,"11,99 €","11,99 €/L"
"Vela em número, nº 3",PorSi,1 unidade,"0,60 €","0,60 €/Unidade"
Xarope de menta,Paquito,Garrafa de 0.75 lt,"4,89 €","6,61 €/L"
Iogurte líquido magro frutos vermelhos,PorSi Viva Bem,Embalagem de 4x160 ml,"1,17 €","1,83 €/Kg"
Espetadas,Porco,1 un = 150 gr (aprox.),"1,22 €","4,89 €/Kg"
Protetores de tomada com chave,Pommette,embalagem com 10 unidades + 2 chaves,"15,99 €","15,99 €/Unidade"
Vinho branco regional península de setúbal,Lancers,Garrafa de 750 ml,"8,59 €","11,45 €/L"
Espreguiçadeira malibu antracite,Joluce,190 x 66 x 42 cm,"4,39 €","4,39 €/Unidade"
Sopa de cebola,Knorr,Embalagem de 50g,"0,84 €","13,55 €/Kg"
Palmiers,PorSi,Embalagem de 300 g,"1,69 €","6,76 €/Kg"
Bombons Quality Street,Nestlé,Embalagem de 480 g,"2,99 €","29,90 €/Kg"
Gel Íntimo Fresh,Corine de Farme,Embalagem de 250 ml,"4,69 €","18,76 €/L"
"Vinho tinto doc dão, reserva",Cabriz,Garrafa de 0.75 l,"3,99 €","5,32 €/L"
Solha Congelada (200/400),Peixe Congelado,Pescado no mar,"3,99 €/Kg","3,99 €/Kg"
Xarope de limão sem corantes,Paquito,Garrafa de 750 ml,"4,89 €","6,61 €/L"
Snack para gato de salmão e queijo,Catisfactions,Embalagem de 60g,"0,99 €","16,50 €/Kg"
10 pães de leite,PorSi,Embalagem de 350g,"7,40 €/Kg","7,40 €/Kg"
Picanha,Bovino,1 un = 1.250 kg (aprox.),"6,39 €","7,99 €/Kg"
Molho de soja com dispenser,KIKKOMAN,Garrafa de 150 ml,"3,99 €","26,60 €/L"
Pimento verde assado em tiras,*,350 g,"0,75 €","2,99 €/Kg"
Canetas de Feltro Lavavel Kids - 14 +4,Bic,Uma embalagem,"4,69 €","4,69 €/Unidade"
Salpicão de Ponte de Lima,PorSi,Vendido ao peso a partir de 750 g,"0,95 €","9,49 €/Kg"
Cerveja com álcool,Super Bock,Garrafa de 1 l,"0,38 €","1,15 €/L"
Bolacha de água e sal júnior,Vieira,Embalagem de 160g,"1,89 €","15,75 €/Kg"
Ambientador automático lavanda,PorSi,250 ml,"0,99 €","3,30 €/L"
Moscatel de Setúbal 20 anos,Alambre,Garrafa de 0.50 l,"5,99 €","7,99 €/L"
Rolo de Cozinha Multi,Renova,4 Rolos,"4,99 €","4,99 €/Unidade"
Broa de milho doce,Pão do Dia,450 g,"0,19 €","2,38 €/Kg"
Batata Doce,Legumes do Dia,1 un = 250 gr  (aprox.),"0,25 €","0,99 €/Kg"
Bacalhau desfiado,PorSi,Embalagem de 500g,"6,39 €","7,99 €/Kg"
Vinho maduro branco,Casal da eira,Embalagem de 250 ml,"0,85 €/L","0,85 €/L"
Aguardente bagaceira,S.domingos,Garrafa de 1 l,"12,79 €","18,27 €/L"
Wafers sem glúten de chocolate preto,Schar,Embalagem de 40 g,"4,29 €","20,43 €/Kg"
Óleo extra virgem de coco,Origensbio,Garrafa de 200 ml,"3,39 €","3,39 €/L"
Lambrusco tinto,*,Garrafa de 750 ml,"6,89 €","9,19 €/L"
Recarga dupla esfregona super,Vileda,embalagem com 2 unidades,"0,89 €","0,89 €/Unidade"
Croutons com azeite,PorSi,Embalagem de 150g,"0,69 €","3,07 €/Kg"
Snack para gato crispies salmão e truta,Felix,Embalagem de 50g,"0,99 €","16,50 €/Kg"
15 Sacos de Lixo,Fino,Capacidade: 35L,"1,79 €","1,79 €/Unidade"
Lixivia perfume fresco,Neoblanc,Embalagem de 2 l,"1,74 €","0,35 €/L"
Açucar granulado,PorSi,Embalagem de 1 kg,"1,49 €","1,49 €/Kg"
Régua duplo decimetro,CA1,1 unidade,"1,69 €","1,69 €/Unidade"
Farinheira do fundão,PorSi,Embalagem de 250g,"1,49 €","7,45 €/Kg"
Tomate 57/67,Legumes do Dia,1 un = 100 gr (aprox.),"0,87 €","3,49 €/Kg"
Creme Depilatório Peles Normais,Veet,Embalagem de 200 ml,"10,99 €","73,27 €/L"
Café Descafeinado,Nescafe,Embalagem de 100g,"1,59 €","6,36 €/Kg"
Mostarda a'lancienne,PorSi Select,190 g,"0,70 €","2,33 €/Kg"
Cacetinho de Trigo,Pão do Dia,80 g,"0,19 €","2,38 €/Kg"
Iogurte liquido proteína yopro morango/framboesa,Yopro,300 g,"1,17 €","1,83 €/Kg"
Amaciador Concentrado Creations Flor Lótus Lima,Comfort,80 doses,"3,99 €","3,99 €/Unidade"
Fecho Segurança Multi-Usos,Neo Baby,1 Embalagem,"15,99 €","15,99 €/Unidade"
Seitan,Veg In,Embalagem de 250g,"2,99 €","5,98 €/Kg"
Camarão cozido 30/40,Nossa seleção,Congelado,"2,00 €","7,99 €/Kg"
Cereais fitness e fruits,Nestle,Embalagem de 380g,"5,59 €","8,87 €/Kg"
Salsichas de porco em lata,PorSi,Embalagem de 200g,"0,75 €","3,75 €/Kg"
Frutapura maçã e pera,Bledina,Embalagem de 85g,"2,29 €","6,94 €/L"
Queijo Ovelha Curado,PorSi,Vendido ao peso a partir de 250 g,"4,50 €","17,99 €/Kg"
Bacalhau lombos,PorSi,Embalagem de 1.5 kg,"6,39 €","7,99 €/Kg"
80 filtros nº4 com saquetas antitártaro,Planteur,Uma embalagem com 80 unidades,"0,80 €","0,80 €/Unidade"
Super tea matcha verde,Tetley,Embalagem de 40g,"44,50 €/Kg","44,50 €/Kg"
Tablete de chocolate culinário negro,PorSi,Embalagem de 200 g,"16,67 €/Kg","16,67 €/Kg"
Rum 3 anos havan club (40º),Havana,Garrafa de 700 ml,"17,49 €","24,99 €/L"
Creme Corpo Goodness,Dove,Embalagem de 300 ml,"4,49 €","11,23 €/L"
Sangria branca,Don Simon,"Garrafa de 1,5 l","2,39 €","1,59 €/L"
Autobrilhante Preto,Búfalo,Embalagem de 50 ml,"2,59 €","2,59 €/Unidade"
Bebida de Arroz,PorSi Viva Bem,1 l,"1,59 €","1,59 €/L"
Limpa madeiras ecológico,PorSi,1.5 litros,"4,39 €","14,63 €/L"
Leite condensado magro cozido,Nestle,Embalagem de 390g,"1,09 €","2,75 €/Kg"
Nata uht 0% lactose,Parmalat,Embalagem de 200 ml,"0,75 €","3,75 €/L"
Maçã 60/70 Económica,Fruta do Dia,1 un = 130 gr (aprox.),"0,27 €","1,49 €/Kg"
Café Moagem Universal do Brasil,PorSi,Embalagem de 220g,"9,16 €/Kg","9,16 €/Kg"
Cachaço curado fatiado,Terras do Demo,Embalagem de 90 g,"2,59 €","28,78 €/Kg"
Flocos cereais chocolate,PorSi,Embalagem de 300g,"2,19 €","8,76 €/Kg"
"Salsichas wiennerwurt em frasco, 6 un",Nobre,Embalagem de 250g,"0,75 €","3,75 €/Kg"
Mousse chocolate,PorSi,Embalagem de 150g,"0,79 €","5,27 €/Kg"
Pescada de África do Sul,Peixe Congelado,"Vendido ao peso, 1 unidade = 400 a 600 g aprox.","3,99 €/Kg","3,99 €/Kg"
Pão de Ló Tradicional,Pastelaria do Dia,1Kg,"8,99 €","11,24 €/Kg"
Preparado em pó para pudim flan,El mandari,Embalagem de 19.2 g,"1,69 €","8,45 €/L"
Vinho Vinha da Fonte Setúbal tinto,Casa Ermelinda Freitas,Garrafa de 0.75 l,"8,59 €","11,45 €/L"
"Escova de dentes macia, 7-13 anos",Labell,1 unidade,"0,99 €","0,99 €/Unidade"
Leite Reparador Tesouros de Mel,Ultra Suave,Embalagem de 400 ml,"4,49 €","11,23 €/L"
Óleo de girassol,PorSi,garrafa de 1 litro,"3,39 €","3,39 €/L"
Anti-Traça Cedro,Dum Dum,2 unidades,"5,99 €","176,18 €/Kg"
Spray desinfetante cozinha,Lysol,Embalagem de 500 ml,"0,79 €","0,79 €/L"
Feijão encarnado,PorSi,Embalagem de 420 g,"1,79 €","2,29 €/Kg"
Cerveja c/ álcool branca,Franziskan,Garrafa de 500 ml,"0,38 €","1,15 €/L"
Espremedor,PorSi,1 unidade,"0,89 €","0,89 €/Unidade"
Iogurte natural sem lactose,PorSi Viva Bem,4 x 125 g,"0,99 €","1,98 €/Kg"
Esferográfica Visio P/ Esq. Azul,Maped,1 unidade,"2,69 €","2,69 €/Unidade"
Whisky,F.grouse,Garrafa de 1 litro,"23,49 €","23,49 €/L"
Líquido Sanitário Ação Total Marine,WC Pato,Embalagem de 750 ml,"2,79 €","3,99 €/L"
Vinho doc dão branco,Grao vasco,Garrafa de 750 ml,"3,99 €","5,32 €/L"
Cocktail de azeitonas,PorSi,Vendido ao peso a partir de 250 g,"1,00 €","3,99 €/Kg"
Queijo Serra da Estrela DOP,Queijo Lagos,Vendido ao peso,"4,50 €","17,99 €/Kg"
Capa para tábua metálica,Vileda,1 un.,"16,50 €","16,50 €/Unidade"
Bolacha de água e sal júnior,Vieira,Embalagem de 160g,"0,98 €","3,27 €/Kg"
"Máquina depilatória descartável, 2beauty, 5 unidades",Wilkinson,1 embalagem,"3,29 €","3,29 €/Unidade"
Creme calçado preto,PorSi,50 ml,"0,99 €","19,80 €/L"
Chocolate sombrinhas,Regina,Embalagem de 15 g,"2,29 €","17,62 €/Kg"
Kit de viagem,Colgate,pasta dentífrica + escova,"2,39 €","31,87 €/L"
Resguardo para mesa,PorSi,Dim.: 140 x 300 cm,"13,99 €","13,99 €/Unidade"
Melancia Riscada,Fruta da Época,Vendido ao peso | 1 un = 4kg (aprox.),"0,75 €","2,99 €/Kg"
Café torrado intensa,Nicola,Embalagem de 250 g,"9,16 €/Kg","9,16 €/Kg"
Esfregona super completa,Vileda,1 unidade,"0,89 €","0,89 €/Unidade"
Snacks para Cão Markies Mini,Pedigree,Embalagem de 500 g,"0,94 €","5,22 €/Kg"
"Lava tudo antibacteriano lavanda 1,5l",PorSi,Garrafa de 1.5 l,"0,99 €","0,50 €/L"
Quiona tricolor bio,Origensbio,Embalagem de 250g,"1,89 €","3,78 €/Kg"
Farinheira das beiras,PorSi,1 unidade = 730 g (aprox.),"1,49 €","7,45 €/Kg"
Café solúvel c/ cafeína,PorSi,Embalagem de 100g,"14,50 €/Kg","14,50 €/Kg"
Estendal de roupa com abas alumínio,PorSi,20 metros,"0,89 €","0,89 €/Unidade"
Cheesecake frutos vermelhos,PorSi Select,Embalagem de 900 g,"2,49 €","7,55 €/Kg"
Batido diet iogurte e ananás,Forma+s,Embalagem de 700g,"3,99 €","39,90 €/Kg"
Mel multifloral doseador,PorSi,Embalagem de 250g,"4,89 €","9,78 €/Kg"
Queijo Curado Trad.Pimentão,Alavão,Vendido ao peso a partir de 250 gr,"25,45 €/Kg","25,45 €/Kg"
Bolacha maria sem glúten,Schar,Embalagem de 200 g,"1,45 €","11,15 €/Kg"
Salsicha Merguez,PorSi,1 un = 100 gr (aprox.),"0,63 €","6,29 €/Kg"
Anona,Fruta do Dia,1 un = 250 gr  (aprox.),"2,30 €","4,59 €/Kg"
Nestum bolacha maria,Nestum,Embalagem de 250g,"2,19 €","8,76 €/Kg"
"Engoma fácil, pistola",PorSi,Embalagem de 750 ml,"10,99 €","52,33 €/Kg"
Palito la reine,PorSi,Embalagem de 400 g,"2,29 €","3,05 €/Kg"
Cappuccino café arábica cacau magro em pó,PorSi,250 ml,"3,19 €","25,52 €/Kg"
Adoçante em pó,Canderel,Embalagem de 90g,"5,99 €","23,96 €/Kg"
Água mineral sem gás,S.estrela,pack 4 x 1.5 l,"1,04 €","0,17 €/L"
"Forma papel para bolos, 8. 4cm",PorSi,Embalagem com 60 unidades,"0,54 €","0,54 €/Unidade"
Jardineira,Novilho,1 un = 200 gr (aprox.),"6,39 €","7,99 €/Kg"
Polpa de tomate,PorSi,Embalagem de 500 g,"3,84 €","24,00 €/Kg"
Acetona,PorSi,Embalagem de 60 ml,"1,89 €","9,45 €/L"
Puré de maçã natural,Cemporcent,Embalagem de 350g,"4,49 €","13,61 €/Kg"
Café torrado lote chávena máquina,Delta,Embalagem de 250g,"9,16 €/Kg","9,16 €/Kg"
Sobremesa Paturette Creamy Chocolate,Páturages,Embalagem de 4X115G,"1,19 €","2,59 €/Kg"
Iogurte fruta batida banana/laranja/bolacha,Mimosa,Embalagem de 480g,"1,49 €","2,98 €/Kg"
"Borracha mini softy, pack de 3 unidades",Maped,1 embalagem,"3,09 €","3,09 €/Unidade"
Favas,Programa Origens,1 un = 250 gr  (aprox.),"0,62 €","2,49 €/Kg"
Iogurtes magros aroma morango,PorSi Viva Bem,Embalagem de 6 x 125 g,"1,44 €","2,88 €/Kg"
Gelado carte d'or yogurt & forest fruit,Olá,Embalagem de 900 ml,"5,49 €","6,10 €/L"
"Alimento para cão adulto bio complex, com frango",HappyOne,Embalagem de 4 kg,"12,95 €","3,24 €/Kg"
Iogurte liquido proteína yopro morango/framboesa,Yopro,300 g,"5,97 €/Kg","5,97 €/Kg"
Canja c/ aletria,Knorr,Embalagem de 70g,"0,84 €","13,55 €/Kg"
Rebuçados mel e limão,PorSi,Embalagem de 200g,"0,77 €","3,85 €/Kg"
Semente linhaça castanha,Salutem,Embalagem de 250g,"2,29 €","11,45 €/Kg"
Ab bran flakes,Kellogg's,Embalagem de 375g,"1,49 €","2,98 €/Kg"
Gin premium hendricks 0.70l,Hendricks,Garrafa de 700 ml,"26,99 €","38,56 €/L"
Tomates Cereja Alongados,PorSi Bio,Emb.: ± 200 g,"0,87 €","3,49 €/Kg"
Leite especial cálcio + vitamina d magro,Mimosa,Garrafa de 1 l,"1,29 €","1,29 €/L"
Doce de morango,Casa de Mateus,Embalagem de 345g,"2,19 €","9,95 €/Kg"
Mojito,Bacardi,Garrafa de 0.70 l,"17,49 €","24,99 €/L"
Eau de Toilette Homem Blue,António Banderas,Embalagem de 200 ml,"1,39 €","6,95 €/L"
Butter cookies,PorSi,Embalagem de 450g,"0,90 €","6,00 €/Kg"
Comida húmida para gato duplo prazer com peixe do oc...,Gourmet Gold,Embalagem de 90g,"3,49 €","10,26 €/Kg"
Comida húmida para gato seleção de carnes,Gourmet mp,Embalagem de 300g,"3,49 €","10,26 €/Kg"
Paella,It.saveurs,Embalagem de 300g,"2,35 €","5,60 €/Kg"
Buondi extreme cafe moido 12x200g,Buondi,Embalagem de 200g,"9,76 €/Kg","9,76 €/Kg"
Mauzão,Concentra,Uma unidade,"6,99 €","6,99 €/Unidade"
Creme de Limpeza Facial com Chá Kombucha,Diadermine,40 g,"0,76 €","0,76 €/Unidade"
Vinho frisante branco,Lapadas,Garrafa de 750 ml,"2,29 €","3,05 €/L"
Pilha alcalina classic lr20x2,Domédia,1 unidade,"1,99 €","1,99 €/Unidade"
Água com gás natural,Perrier,Embalagem de 750ml,"2,85 €","2,85 €/L"
12 vitaminas e 12 minerais - frasco comprimido,Forma+,Embalagem de 60g,"7,59 €","126,50 €/Kg"
Perna com Costa,Frango,1 un. = 300 g (aprox.),"19,95 €","3,99 €/Kg"
Grão de bico,Caçarola,Embalagem de 500 g,"2,18 €/Kg","2,18 €/Kg"
Lápis de Cor Tropicolors,Bic,24 un.,"3,09 €","3,09 €/Unidade"
"Detergente líquido, manual loiça, original",Fairy,"Embalagem de 1,5 l","0,99 €","1,98 €/L"
Polpa de tomate em garrafa,Compal,Embalagem de 500g,"3,84 €","24,00 €/Kg"
Conjunto higiene e hidratação,Baby Dove,,"14,99 €","14,99 €/Unidade"
Infusão nº 13 diabet control,Cemporcent,Embalagem de 10 unidades,"0,99 €","76,15 €/Kg"
Balões latex brancos,PorSi,Embalagem com 24 unidades,"1,59 €","1,59 €/Unidade"
Iogurte ananás 000%,PorSi Viva Bem,Embalagem de 4 x 125 g,"4,36 €","2,18 €/Kg"
Cogumelos Granel,Legumes do Dia,1 un = 200 gr (aprox.),"0,98 €","4,89 €/Kg"
Bolachas infantil dinossauros,Artiach,Embalagem de 190g,"1,89 €","15,75 €/Kg"
Nestum mel,Nestum,Embalagem de 700g,"2,19 €","8,76 €/Kg"
Mousse de chocolate leite,Páturages,Embalagem de 4x60 g,"1,19 €","2,59 €/Kg"
"Abacaxi ""Avião"" categoria II",*,Vendido ao peso (1un = 1.5 kg aprox.),"5,99 €","3,99 €/Kg"
Spray fornos e grelhadores,Cif,435 ml,"1,79 €","2,39 €/L"
Rebuçados fruta,PorSi,Embalagem de 250g,"2,30 €","57,50 €/Kg"
Ambientador eléctrico Relaxing Zen + recarga,Glade,1 unidade,"3,74 €","3,74 €/Unidade"
Vinho tinto,PorSi,embalagem de 1 litro,"0,85 €/L","0,85 €/L"
Vinho doc douro reserva tinto,Romanisco,Garrafa de 0.75 l,"7,49 €","9,99 €/L"
Abóbora Butternut,Programa Origens,1 un = 1 kg (aprox.),"0,79 €/Kg","0,79 €/Kg"
Nata uht para culinária,Parmalat,Embalagem de 200 ml,"0,75 €","3,75 €/L"
Creme culinário soja light,Shoyce,Garrafa de 200 ml,"0,75 €","3,75 €/L"
Empadão de carne produto pré-cozinhado ultracongelad...,PorSi,Embalagem de 350g,"3,53 €","8,83 €/Kg"
Rolos de papel multiusos 2 folhas,PorSi,1 unidade,"4,99 €","4,99 €/Unidade"
Bolsa Neopreno,Bergner,30 x 30 x 17 cm,"19,90 €","19,90 €/Unidade"
Gomas favoritos açúcar,Haribo,Embalagem de 90g,"1,19 €","3,97 €/Kg"
Manteiga pasteurizada com sal cuvet,Primor,Embalagem de 250g,"1,69 €","6,76 €/Kg"
Meloa Gália,Fruta da Época,1 un = 1 kg (aprox.),"0,75 €","2,99 €/Kg"
Vinho tinto alentejo,ALABASTRO,"Garrafa de 0,75 l","2,89 €","3,85 €/L"
Serrote com Ferro,Itools,1 unidade,"5,39 €","5,39 €/Unidade"
Sobremesa petit gourmand de chocolate,Páturages,Embalagem 6X60G,"1,05 €","1,86 €/L"
Iogurte Pedaços Pêssego,PorSi,Embalagem de 2x135 g,"1,87 €","1,25 €/Kg"
Hambúrgueres de peru,PorSi,Embalagem de 4x80g,"2,79 €","8,72 €/Kg"
Cogumelos inteiros,PorSi,Embalagem de 185 g,"1,79 €","2,29 €/Kg"
Polpa de tomate com cebola e alho,Compal,Embalagem de 500g,"3,84 €","24,00 €/Kg"
Cueca Incontinência Boutique Plus G,Ausonia Discreet,Embalagem de 8 Un.,"9,99 €","9,99 €/Unidade"
"Crepes queijo/fiambre, 6 unidades",Claude Léger,Embalagem de 300 g,"1,89 €","6,30 €/Kg"
Champô cabelos pintados,Labell,Embalagem de 250 ml,"5,59 €","13,98 €/L"
Cebola Programa Origens,PorSi,Embalagem de 1 kg,"0,25 €","0,99 €/Kg"
Barra s.k frutos vermelhos,Kellogg's,Embalagem de 130g,"1,29 €","10,24 €/Kg"
Tostas suecas de trigo,PorSi,Embalagem de 225 g,"0,69 €","3,07 €/Kg"
Salsa,PorSi,Embalagem de 50g,"0,99 €","19,80 €/Kg"
Sumo natural de ananás bio,Cemporcent,Garrafa de 200 ml,"2,19 €","2,19 €/L"
Tarteletes com recheio morango,PorSi,Embalagem de 96g,"0,79 €","4,49 €/Kg"
"Limpa vidros pistola, cristal",Ajax,Embalagem de 500 ml,"3,19 €","6,38 €/L"
Moscatel de Setúbal,Bacalhoa,Garrafa de 750 ml,"5,99 €","7,99 €/L"
Damasco Programa Origens,PorSi,Vendido ao peso,"0,75 €","2,99 €/Kg"
"Bloco sanitário, Blue Active Floral",Sonasol,Embalagem de 50 g,"2,99 €","74,75 €/Kg"
Desodorizante spray energy,Labell Men,Embalagem de 200 ml,"1,39 €","6,95 €/L"
Camarão Tigre 6/8,Nossa seleção,vendido ao peso,"8,99 €","25,69 €/Kg"
Concentrado manga,Sunquick,Garrafa de 580 ml,"4,89 €","6,61 €/L"
Ovos Galinha Solo XL Categoria A,PorSi,6 unidades,"1,39 €","1,39 €/Unidade"
Sacos de congelação pequenos,PorSi,"50 unidades, 1 embalagem","1,11 €","1,11 €/Unidade"
Iogurte aroma 0% tutti fruti/coco,Longa vida,Embalagem de 6 x 120 g,"1,44 €","2,88 €/Kg"
12 ovos codorniz,PorSi,Embalagem de 1 unidades,"2,19 €","2,19 €/Unidade"
Frutapura Pouch Frutos Variados,Bledina,Embalagem de 85g,"2,29 €","6,94 €/L"
Bolachas starship tradicional,PorSi,Embalagem de 150g,"0,90 €","6,00 €/Kg"
Vinho rosé mateus emotion,Mateus,Garrafa de 750 ml,"4,29 €","5,72 €/L"
Abóbora Menina embalada Programa Origens,PorSi,1 un = 750 aprox,"0,79 €/Kg","0,79 €/Kg"
Bolacha vida equilíbrio ameixa e fibra,Cemporcent,Embalagem de 140g,"1,45 €","11,15 €/Kg"
Vinho regional península de setúbal,Dom Campos,Garrafa de 0.75 l,"8,59 €","11,45 €/L"
"Lenços de bolso sensitive, brancos, 10 unidades",Renova,1 embalagem de 18x10,"0,89 €","0,89 €/Unidade"
Máscara snorkel com suporte para câmara,JCN,1 unidade,"2,99 €","2,99 €/Unidade"
Chá cherry love,Lipton,20 saquetas,"44,50 €/Kg","44,50 €/Kg"
Spray madeiras,Cif,435 ml,"4,39 €","14,63 €/L"
Acumulador térmico 400 g,Atlantic,1 un.,"0,79 €","0,79 €/Unidade"
Kinder chocolate t24,Kinder,Embalagem de 300g,"2,29 €","17,62 €/Kg"
Sumo 100% Fruta Laranja Espremida,Compal,1 litro,"1,09 €","0,73 €/L"
Posta de tintureira,PorSi,Embalagem de 500 g,"4,39 €","10,98 €/Kg"
Gel de massagem,Durex,Embalagem de 200 ml,"4,49 €","4,49 €/Unidade"
20 saquetas infusão de cidreira,Lipton,Embalagem de 20g,"0,99 €","76,15 €/Kg"
Leite UHT Meio Gordo,PorSi,Embalagem de 200 ml,"0,81 €","0,81 €/L"
Polpa tomate biológico,Guloso,Embalagem de 500g,"3,84 €","24,00 €/Kg"
Caldo de galinha 24 cubos,Knorr,Embalagem de 240g,"3,84 €","24,00 €/Kg"
Sidra maçã,Bandida,Lata de 500 ml,"1,59 €","3,18 €/L"
Limpa fornos normal,Mr.muscle,Embalagem de 300 ml,"1,29 €","1,72 €/L"
Bife do Acém Redondo,Novilho,1 un = 250 gr  (aprox.),"6,39 €","7,99 €/Kg"
Lixivia perfumada,PorSi,Garrafa de 2 l,"2,59 €","1,30 €/L"
Cereais lion chocolate/caramelo,Nestle,Embalagem de 400g,"1,29 €","10,24 €/Kg"
Vinho doc branco alentejo antão vaz,Vila dos Gamas,Garrafa 0.75L,"2,89 €","3,85 €/L"
Vodka,ON/OFF,Garrafa 0.70L,"26,99 €","38,56 €/L"
Aditivo tira-nódoas anti-odores,Vanish,Embalagem de 912 ml,"7,99 €","19,02 €/Kg"
"Tampão mini, 24 unidades",Labell,1 embalagem,"1,39 €","1,39 €/Unidade"
Cerveja 0.0%,Heineken,Pack 6 x 0.25 l,"5,99 €","3,03 €/L"
Orégãos em folhas,PorSi,Saqueta com 10 g,"0,25 €","0,25 €/Kg"
Paté de atum,PorSi,Embalagem de 65 g,"1,19 €","13,52 €/Kg"
Atum ao natural,Ramirez,Embalagem de 120g,"0,89 €","7,42 €/Kg"
Adoçante com doseador,PorSi,Embalagem 300 comprimidos,"5,99 €","23,96 €/Kg"
Vinho regional península de setúbal reserva,Periquita,Garrafa de 0.75 l,"8,59 €","11,45 €/L"
Vinho bag-in-box branco,C.alqueva,Garrafa de 5 l,"9,49 €","1,90 €/L"
Lixívia tradicional,PorSi,Embalagem de 2 l,"1,74 €","0,35 €/L"
Detergentes máquina lavar loiça next generation,PorSi,30 pastilhas,"2,99 €","2,99 €/Unidade"
Néctar 8 frutos,Bongo,Pack 3 x 200 ml,"0,99 €","0,99 €/L"
Amido de milho,PorSi,Embalagem de 400g,"0,75 €","15,00 €/Kg"
"Pasta dentífrica, dentes/gensivas sensitive",Labell,Embalagem de 75 ml,"2,39 €","31,87 €/L"
Recarga sabonete líquido para as mãos de coco,Dove,500 ml,"2,18 €/L","2,18 €/L"
Milho doce,PorSi,Embalagem de 3 x 140 g,"1,79 €","2,29 €/Kg"
Recarga Desumidificador Basic,HUMYDRY,embalagem de 3 x 250g,"5,99 €","26,62 €/Kg"
Massa pevide,Nacional,Embalagem de 250g,"0,89 €","1,78 €/Kg"
Shampoo Bebé Brilho Mágico,Johnson's Baby,Embalagem de 500 ml,"4,99 €","16,63 €/L"
Saqueta pintarolas,Pintarolas,Embalagem de 40g,"11,98 €/Kg","11,98 €/Kg"
Detergente líquido p/ máquina lavar roupa cores,Woolite,"Garrafa de 1,65 l","8,69 €","1,84 €/Kg"
Salted caramel,Haagen daz,Embalagem de 460 ml,"5,49 €","6,10 €/L"
Leite C/ Chocolate,Mimosa,Embalagem de 4 x 200 ml,"0,26 €","1,30 €/L"
Leite uht sem lactose magro,PorSi Viva Bem,1 litro,"0,81 €","0,81 €/L"
Crepe chocolate,PorSi,Embalagem de 540g,"2,49 €","7,55 €/Kg"
Comida húmida para gato com frango/vaca,Purina One,Embalagem de 340g,"3,49 €","10,26 €/Kg"
"Discos desmaquilhantes, 120 unidades",PorSi,Embalagem de 120 unidades,"0,76 €","0,76 €/Unidade"
Lambrusco branco,Sorbello,Garrafa de 0.75 l,"6,89 €","9,19 €/L"
Acetona,PorSi,Embalagem de 250 ml,"1,89 €","9,45 €/L"
Vinho maduro branco meio seco,Adega grande,Garrafa de 750 ml,"1,59 €","2,12 €/L"
Sabonete sensitive,Palmolive,Embalagem de 4x90 g,"1,99 €","12,44 €/Kg"
Detergente em pastilhas p/ máquina lavar loiça quant...,Finish,Embalagem de 36 unidades,"2,99 €","2,99 €/Unidade"
Cotonetes para bebé,PorSi,Embalagem com 60 unidades,"0,58 €","0,58 €/Unidade"
"Creme de muda de fralda, para bebé",Pommette,Embalagem de 100 ml,"0,59 €","5,90 €/L"
Mix de Amendoins,Nuts Original,Embalagem de 150 g,"0,79 €","7,90 €/Kg"
AMG Aventura,Dickie,1 unidade,"9,99 €/Unidade","9,99 €/Unidade"
Queijo mozzarela ralado,Valformoso,Embalagem de 150g,"7,45 €/Kg","7,45 €/Kg"
1ª papa láctea multifrutos sem glúten +4 meses,Cerelac,Embalagem de 250g,"4,49 €","4,49 €/Kg"
Salsichas Frankfurt em lata,Izidoro,Embalagem de 120g,"0,75 €","3,75 €/Kg"
Régua 30 cm,Mab,1 un.,"1,69 €","1,69 €/Unidade"
Semente girassol,Salutem,Embalagem de 200g,"2,29 €","11,45 €/Kg"
Ovos moles de aveiro,Fabridoce,Embalagem de 250g,"2,29 €","3,05 €/Kg"
Bolacha de manteiga belga c/ chocolate,Saborosa,Embalagem de 200g,"1,69 €","6,76 €/Kg"
Cabeça de corvina,Nossa seleção,Vendido ao peso,"6,99 €","6,99 €/Kg"
Batata frita palha,PorSi,Embalagem de 160g,"0,87 €","5,44 €/Kg"
Barras de cereais nesquik,Nestle,Embalagem de 150g,"1,29 €","10,24 €/Kg"
Sabonete de leite de burra,Confianca,Embalagem de 75 g,"1,99 €","12,44 €/Kg"
Aditivo em pó oxi elimina odores,Vanish,Embalagem de 840 g,"7,99 €","19,02 €/Kg"
Alimento seco gato salmao 1.5k,Purina One,"Embalagem de 1,5 kg","12,99 €","4,33 €/Kg"
Água sem gás,Penacova,Garrafão de 5 litros,"1,04 €","0,17 €/L"
Bacon Extra fatiado,Porminho,Embalagem 80g,"1,45 €","18,13 €/Kg"
Morcela de Sousel,PorSi,1 un = 450 gr (aprox.),"1,49 €","7,45 €/Kg"
Alimento lácteo banana +6 meses,Yogolino,Embalagem de 90g,"2,89 €","7,23 €/Kg"
Bolachas extra pepitas xl,Ca!,Embalagem de 180g,"2,15 €","2,87 €/Kg"
Tira Nódoas em Gel Cores,Skip,1.6 l,"10,99 €","52,33 €/Kg"
Leite UHT Meio Gordo,Gresso,Embalagem de 1 l,"0,81 €","0,81 €/L"
Lixívia Spray Mousse,Neoblanc,Embalagem de 700ml,"2,59 €","1,30 €/L"
Queijo flamengo ralado,Valformoso,Embalagem de 150g,"7,45 €/Kg","7,45 €/Kg"
Vinho tinto regional península de setúbal,Dom Campos,Garrafa de 10 l,"5,19 €","1,04 €/L"
Rúcula Selvagem Programa Origens,PorSi,Embalagem de 100g,"0,99 €","0,99 €/Kg"
"Bolachas aperitivas, simples",Tuc,Embalagem de 100g,"2,82 €","9,40 €/Kg"
Massas alimentícias laços,PorSi,Embalagem de 500g,"0,89 €","1,78 €/Kg"
Gelatina pronta a comer morango,Royal,Embalagem de 4 x 100 g,"0,85 €","2,13 €/Kg"
Bolacha shortcake,Nacional,Embalagem de 180g,"1,69 €","6,76 €/Kg"
"Vinho maduro tinto, bag in the box",Silgueiros,Embalagem de 10 l,"0,85 €/L","0,85 €/L"
Tomate 82/102,Programa Origens,1 un = 200 gr (aprox.),"0,87 €","3,49 €/Kg"
Queijo de cabra curado,Seia,Embalagem de 430g,"1,89 €","10,50 €/Kg"
Sobremesa Paturette Caramelo,Páturages,Embalagem de 4x115g,"1,19 €","2,59 €/Kg"
Spray renova camurça incolor,PorSi,Embalagem de 200 ml,"5,09 €","20,36 €/L"
Caramelos de leite,Penha,Embalagem de 100g,"2,75 €","11,00 €/Kg"
Tostas dietéticas,Diatosta,Embalagem de 225 g,"1,34 €","5,96 €/Kg"
Inseticida ajustável eléctrico líquido anti melgas e...,Raid,60 noites,"10,49 €","17,48 €/L"
Patê com caça,Prisca,Embalagem de 90g,"1,19 €","13,52 €/Kg"
Tamaras,PorSi,Embalagem de 200g,"0,79 €","3,95 €/Kg"
"Bebidas leite, caramelo machiatto",STARBUCKS,Embalagem de 220 ml,"2,15 €","9,77 €/L"
Caldeirada de bacalhau,PorSi,Embalagem de 1 kg,"6,39 €","7,99 €/Kg"
"Queijo em fatias, -50% gordura",Limiano,Embalagem de 200g,"1,56 €","7,80 €/Kg"
Creme para calçado incolor,PorSi,50 ml,"0,99 €","19,80 €/L"
Queijo flamengo em Barra,Ilha Azul,"Vendido ao peso, fatiado a partir de 100 gr","1,56 €","7,80 €/Kg"
Vassoura pequena,PorSi,unidade,"2,20 €","2,20 €/Unidade"
Leite condensado,PorSi,Lata de 1 kg,"1,09 €","2,75 €/Kg"
Legumes para sopa,PorSi,Embalagem de 1 kg,"1,89 €","1,89 €/Kg"
Spray calcário e sujidade,Cillitbang,Garrafa de 500 ml,"1,19 €","0,79 €/L"
Porto ruby,Ferreira,Garrafa de 750 ml,"6,65 €/L","6,65 €/L"
Papa infantil não láctea bolacha maria +6 meses,Cerelac,Embalagem de 250g,"4,49 €","4,49 €/Kg"
Néctar vital equilibrio laranja/cenoura/manga,Compal,Embalagem de 1 l,"0,99 €","0,99 €/L"
Sumo 100% fresh maçã,Compal,Garrafa de 330 ml,"1,09 €","0,73 €/L"
"Sprite lima-limão sem açúcar embalagem 1,5 l.",Sprite,Garrafa de 1.5 l,"0,40 €/L","0,40 €/L"
Bolachas água e sal doces,Vieira,Embalagem de 170g,"0,98 €","3,27 €/Kg"
Lombo curado fatiado,Terras do Demo,Embalagem de 90 g,"2,59 €","28,78 €/Kg"
Kinder delice cacau,Kinder,Embalagem de 400g,"2,05 €","5,13 €/Kg"
Elixir Anti-Tartaro,Listerine,500 ml,"5,99 €","11,98 €/L"
Queijo meio gordo,D. Pedro,Vendido ao peso a partir de 250 gr,"2,42 €","9,69 €/Kg"
Vinagre balsâmico modena,Gallo,Garrafa de 500 ml,"0,35 €","0,70 €/L"
Iogurte líquido morango,PorSi,Embalagem de 4 x 160 g,"1,17 €","1,83 €/Kg"
Bolacha maria junior doces,Vieira,Embalagem de 280g,"2,11 €/Kg","2,11 €/Kg"
Chá infusão sene,Cemporcent,Embalagem de 13g,"58,44 €/Kg","58,44 €/Kg"
"Refeição pronta, boião de legumes e vitela",Bledina,Embalagem de 200g,"1,89 €","9,95 €/Kg"
Recarga Desumidificador Lavanda,HUMYDRY,embalagem de 3x75 g,"5,99 €","26,62 €/Kg"
Aguardente velhíssima,Caves Bonifácio,Garrafa de 0.70 l,"12,79 €","18,27 €/L"
Alheira com maçã,Terras do Demo,Embalagem com 200 g,"1,49 €","7,45 €/Kg"
Boia pneu,Wet Fun,Dim: Ø 90 cm,"2,99 €","2,99 €/Unidade"
Pão de forma especial torradas,Panrico,Embalagem de 750g,"2,63 €/Kg","2,63 €/Kg"
Tablete de chocolate de culinária - sem açúcar,PorSi Viva Bem,Embalagem de 100 g,"1,04 €","8,32 €/Kg"
Maçã Fuji 60/70,Fruta do Dia,1 un = 130 gr (aprox.),"0,27 €","1,49 €/Kg"
Napolitanas creme cacau,PorSi,Embalagem de 320g,"1,77 €","5,53 €/Kg"
Achocolatado em Pó,Nesquik,Embalagem de 390g,"5,39 €","7,19 €/Kg"
"Pilha alcalina, hightech lr6X8",Domédia,1 unidade,"1,99 €","1,99 €/Unidade"
Sacos higiénicos para animal,Canaillou,4 x 20 unidades,"1,19 €","0,24 €/Kg"
Bombons de Chocolate Leite,Merci,Embalagem de 250 g,"2,99 €","29,90 €/Kg"
Vinho branco tejo chardonnay,Fiuza,Garrafa de 750 ml,"4,99 €","6,65 €/L"
Detergente líquido baby,Skip,22 doses,"19,99 €","19,99 €/Unidade"
"Queijo flamengo, fatias",Paiva,Embalagem de 180 g,"1,56 €","7,80 €/Kg"
Pasta dentífrica herbal branqueadora,Colgate,Embalagem de 75 ml,"2,39 €","31,87 €/L"
Tiras da Costela/Piano,Porco,1 un = 500 gr (aprox.),"1,22 €","4,89 €/Kg"
Alimento seco p/ cão actividade intensa,PorSi,Embalagem de 4kg,"12,95 €","3,24 €/Kg"
Carne p/ Assar,Novilho,Vendido ao peso a partir de 800 g,"6,39 €","7,99 €/Kg"
Comida húmida para cão almôndegas,PorSi,Embalagem de 1200 g,"0,75 €","2,50 €/Kg"
Desumidificador Basic,HUMYDRY,embalagem de 250g,"5,99 €","26,62 €/Kg"
Salame extra allnatural fatiado,Allnatural,Embalagem de 80g,"0,95 €","9,49 €/Kg"
Bebida de Amêndoa,PorSi Viva Bem,1 litro,"2,19 €","2,19 €/L"
"Papel higiénico, Super Duplo 2 folha, 9=18rolos",Renova,Uma embalagem,"1,99 €","1,99 €/Unidade"
Bandas de cera facial peles normais,Veet,Embalagem de 20 unidades,"3,11 €","3,11 €/Unidade"
Pai Natal de Chocolate,PorSi,Embalagem de 125 g,"2,29 €","17,62 €/Kg"
Bebida Energética Red Grape,Hell,250 ml,"5,39 €","5,39 €/L"
Iogurte morango 000%,PorSi Viva Bem,Embalagem de 4 x 125 g,"1,44 €","2,88 €/Kg"
Azeitona galega mista retalhada,PorSi,Vendido ao peso a partir de 500 g,"1,00 €","3,99 €/Kg"
Biscoitos integrais aveia e cacau,PorSi Viva Bem,Embalagem de 150g,"2,29 €","3,05 €/Kg"
Queijo de Serpa DOP,PorSi Select,1 un = 250 gr  (aprox.),"2,87 €","15,94 €/Kg"
"Rolo de fita transparente, 10mx15mm, 2 unidades",Tesa,Uma embalagem,"2,19 €","109,50 €/L"
Café solúvel em saquetas,Nescafe,Embalagem de 45 g,"14,50 €/Kg","14,50 €/Kg"
Manteiga s/ lactose,Primor,Embalagem de 130g,"1,69 €","6,76 €/Kg"
Cera de depilação profissional,Veet,Garrafa de 300 ml,"3,11 €","3,11 €/Unidade"
Fruta pura ameixa/maçã,Bledina,Embalagem de 4 x 100 g,"0,74 €","8,22 €/Kg"
Bebida de aveia s/ gluten,Joya,Garrafa de 1 l,"11,44 €/Kg","11,44 €/Kg"
Tampão Normal,O.B.,1 Embalagem c/32 unidades,"1,39 €","1,39 €/Unidade"
Amaciador concentrado para a roupa peles sensíveis,Larbrevert,53 doses,"8,99 €","2,25 €/L"
Gelatina pronta a comer light 10 kcal melancia,Royal,Embalagem de 4 x 100 g,"0,85 €","2,13 €/Kg"
Salsichas em lata,PorSi,Embalagem  de 120 g,"0,75 €","3,75 €/Kg"
Gelatina light de morango,Condi,Embalagem de 2x15g,"0,55 €","61,11 €/Kg"
Sangria frutos vermelhos,Casal Garcia,Garrafa de 0.75 l,"2,39 €","1,59 €/L"
"Chocolate m&m s, amendoim",M&m' s,Embalagem de 45 g,"11,98 €/Kg","11,98 €/Kg"
Queijo gouda fatias 0% lactose,PorSi Viva Bem,Embalagem de 150g,"2,39 €","19,92 €/Kg"
Vinho branco doc beira interior,Entreserra,Garrafa de 750 ml,"2,92 €/L","2,92 €/L"
Café Solúvel Black Roast,Nescafe,Embalagem de 200g,"14,50 €/Kg","14,50 €/Kg"
Sumo concentrado de laranja,GUD,Garrafa de 740 ml,"4,89 €","6,61 €/L"
Porto 10 anos,Valadao,Garrafa de 750 ml,"10,99 €","14,65 €/L"
Mistura de azeitonas,PorSi,Vendido ao peso a partir de 500 g,"1,00 €","3,99 €/Kg"
Bife do Lombo,Novilho,1 un= 150 gr (aprox.),"6,39 €","7,99 €/Kg"
"Luvas multiusos relevo antiderrapante, tamanho peque...",PorSi,Embalagem de 1 unidades,"2,40 €","2,40 €/Unidade"
Bolachas chiquilin,Artiach,Embalagem de 180g,"1,69 €","6,76 €/Kg"
Muesli 3 chocolates,PorSi,500 g,"2,28 €","4,56 €/Kg"
"Líquido refrigerante, verde 10%",PorSi,Embalagem de 5 l,"3,99 €","0,80 €/L"
Flocos de cereais com mel,PorSi,Embalagem de 750g,"2,19 €","8,76 €/Kg"
Panos Esponja,Fino,3 unidades,"1,79 €","1,79 €/Unidade"
Fios de ovos  100 g fabridoce,Fabridoce,Embalagem de 100g,"2,95 €","29,50 €/Kg"
Compal da horta concentrado tomate,Compal,Embalagem de 140g,"3,84 €","24,00 €/Kg"
Gel de Banho Shea Butter & Vanilla,Dove,Embalagem de 750 ml,"6,49 €","8,65 €/L"
Lambrusco rose,*,Garrafa de 750 ml,"2,29 €","3,05 €/L"
Fruta para bebé maçã banana morango +8 meses,Nestle,Embalagem de 90g,"0,74 €","8,22 €/Kg"
Rolo tira pelos 12 folhas,PorSi,1 unidade,"1,09 €","1,09 €/Unidade"
Bloco sanitário fresh power brisa,Harpic,Embalagem de 40g,"2,99 €","74,75 €/Kg"
"Chá de mel, limão e ginseng",Tetley,Embalagem de 20g,"44,50 €/Kg","44,50 €/Kg"
Salsichas de Aves Extra Suculentas,Nobre,frasco de 650g,"0,75 €","3,75 €/Kg"
Vinho maduro tinto,Alto de Pias,Garrafa de 5 l,"5,19 €","1,04 €/L"
Leite com chocolate original,Ucal,Embalagem de 6 x 250 ml,"0,26 €","1,30 €/L"
Máquina Depilatória Descartável 3 Sensitive,Bic,Embalagem com 4+2 unidades,"3,29 €","3,29 €/Unidade"
Flocos de aveia - flocos pequenos neutro,Prozis,Embalagem de 500g,"0,69 €","1,73 €/Kg"
Néctar clássico tutti frutti,Compal,Garrafa de 200 ml,"0,99 €","0,99 €/L"
"Agrafos nº24/6, 2000 unidades",Maped,Uma embalagem,"1,69 €","1,69 €/Unidade"
Sidra maçã,Somersby,pack 4 x 0.33 l,"1,59 €","3,18 €/L"
Estojo fantasy colours,Mitama,1 unidade,"19,90 €","19,90 €/Unidade"
Gel Banho Care&Orange,Nivea,Embalagem de 500 ml,"6,49 €","8,65 €/L"
Fita dental,Sensodyne,1 unidade,"3,49 €","3,49 €/Unidade"
Lápis evolution nº 2 HB,Bic,1 embalagem,"2,69 €","2,69 €/Unidade"
Recarga ambientador elétrico delícias de verão,Air Wick,Embalagem de 1 unidades,"11,98 €","11,98 €/Unidade"
"Recarga Inseticida elétrico, nigth & day",Raid,Embalagem de 2x300 ml,"10,49 €","17,48 €/L"
Creme abrasivo ativo c/ lixívia,Cif,Garrafa de 700 ml,"0,99 €","1,32 €/L"
Sopa Creme de Marisco,PorSi,Embalagem de 80 g,"0,84 €","13,55 €/Kg"
Iogurte liquido infantil morango,PorSi,Embalagem de 6 x 94 ml,"1,17 €","1,83 €/Kg"
Inseticida Elétrico Citronela,Dum Dum,1 unidade = 45 noites,"10,49 €","17,48 €/L"
Berbigão Médio,Marisco Fresco,1 un= 250 gr (aprox.),"4,99 €","4,99 €/Kg"
Balões latex vermelho,PorSi,Embalagem com 24 unidades,"1,59 €","1,59 €/Unidade"
Alimento completo p/ canários,Petzezere,Embalagem de 1 kg,"2,49 €","2,49 €/Kg"
Pizza marguerita,PorSi,Embalagem de 2 x 300 g,"2,16 €","6,17 €/Kg"
Preparo para bolo de chocolate,Branca de Neve,Embalagem de 450g,"0,79 €","5,27 €/Kg"
Carne Picada,Bovino,1 un = 200 gr (aprox.),"6,39 €","7,99 €/Kg"
Tarteletes com recheio avelã,PorSi,Embalagem de 91g,"2,15 €","2,87 €/Kg"
Salsichas Frankfurt em lata,Izidoro,Embalagem de 250g,"0,75 €","3,75 €/Kg"
Flan sabor a baunilha com caramelo,PorSi,Embalagem de 6 x 100 g,"1,19 €","2,59 €/Kg"
Sumo essencial kids,Compal,pack 3 x 0.11 l,"2,09 €","6,33 €/L"
Filetes primavera alho & ervas,Iglo,Embalagem de 230g,"1,79 €","7,16 €/Kg"
Noodle banzai carne,Cigala,Embalagem de 70g,"0,89 €","1,78 €/Kg"
Pao brioche fatiado,PorSi,Embalagem 500G,"2,63 €/Kg","2,63 €/Kg"
Cevada solúvel,PorSi,Embalagem de 200g,"1,64 €","6,56 €/Kg"
"Creme de depilação duche, peles normais",Veet,Garrafa de 150 ml,"10,99 €","73,27 €/L"
Salsichas extra suculentas de peru,Nobre,Frasco de 210g,"0,75 €","3,75 €/Kg"
"Alimento seco para gato junior, galinha",Whiskas,Embalagem de 350g,"12,99 €","4,33 €/Kg"
Coleira repelente para gatos,Repul' 7,Embalagem de 1 unidades,"8,75 €","8,75 €/Unidade"
Bolacha vida equilíbrio aveia e canela,Cemporcent,Embalagem de 140g,"1,45 €","11,15 €/Kg"
Amora,PorSi,Embalagem com 125g,"0,75 €","2,99 €/Kg"
"Bebida açucarada  tinto de verão, clássico",Sandevid,"Garrafa de 1,5 l","2,39 €","1,59 €/L"
Desinfetante p/ Cozinha,Sanytol,Embalagem de 750 ml,"4,49 €","5,99 €/L"
Cajus tostados no forno,Matutano,Embalagem de 90g,"0,79 €","7,90 €/Kg"
Pão da Avó 90 g,Pão do Dia,,"0,19 €","2,38 €/Kg"
Tampões ProComfort Normal,O.B.,1 Embalagem c/32 unidades,"1,39 €","1,39 €/Unidade"
Queijo Flamengo Bola,Terra Nostra,1 un = 250 gr  (aprox.),"1,56 €","7,80 €/Kg"
"Livro de Receitas ""Mais Leve""",PorSi,1 unidade,"4,99 €","4,99 €/Unidade"
18 hamburguers de frango s/ glúten,Capitão Iglo,Embalagem de 1 kg,"11,44 €/Kg","11,44 €/Kg"
Pão ralado alho e salsa,PorSi,Embalagem de 240 g,"0,55 €","2,29 €/Kg"
"Refresco em pó, tropical",Tang,Embalagem de 30g,"0,75 €","18,75 €/Kg"
Vinho do porto white,Cruz,Garrafa de 750 ml,"11,99 €","15,99 €/L"
Queijo flamengo fatias light,Agros,Embalagem de 200g,"2,39 €","19,92 €/Kg"
Bambolitos brancos,PorSi,Embalagem de 150g,"0,79 €","5,27 €/Kg"
Creme de Barrar com Sabor a Manteiga,Becel,Embalagem de 400g,"1,39 €","6,95 €/L"
Rebuçados de mentol,Sweet flav,Embalagem de 250 g,"0,77 €","3,85 €/Kg"
Néctar tutti-fruti,Compal,Pack 3 x 200 ml,"0,99 €","0,99 €/L"
Vermute bianco,Martini,Garrafa de 0.75 l,"22,49 €","32,13 €/L"
Kefir natural,Vigor,Garrafa de 800 ml,"1,09 €","1,09 €/L"
Vinho maduro branco,Alorna,Garrafa de 0.75 l,"1,59 €","2,12 €/L"
Gelatina pronta a comer light 10 kcal ananás,Royal,Embalagem de 4 x 100 g,"0,85 €","2,13 €/Kg"
Bife de atum,PorSi,Embalagem de 400 g,"4,39 €","10,98 €/Kg"
Brócolos e couve-flor cortados,PorSi,500 g,"0,99 €","0,99 €/Kg"
Mousse chocolate leite,Alsa,Embalagem de 150g,"0,79 €","5,27 €/Kg"
Repelente de água,PorSi,Embalagem de 250 ml,"3,99 €","0,80 €/L"
Queijo vaca amanteigado,Ponte Nova,1 Unidade,"2,42 €","9,69 €/Kg"
Manteiga magra baixo teor sal,President,Embalagem de 250g,"1,69 €","6,76 €/Kg"
Crepe simples,PorSi,Embalagem de 630g,"2,49 €","7,55 €/Kg"
Snack bio base de milho e aveia c/ amendoim,Gerber,Embalagem de 35g,"1,89 €","9,95 €/Kg"
Moelas,Frango,1 un = 200 gr (aprox.),"0,50 €","4,99 €/Kg"
Bastão de Cola,Domédia,10 g,"2,19 €","109,50 €/L"
Pré-lavagem power gel,Vanish,Garrafa de 200 ml,"8,69 €","1,84 €/Kg"
Pasta de Arquivo Marmoreada S/ Caixa,Domédia,1 un.,"1,49 €","1,49 €/Unidade"
Planta cozinha,Planta,Embalagem de 500g,"1,39 €","6,95 €/L"
Pão Forno Pedra Centeio,Garcia & Filhos,1 un = 400 g (aprox.),"0,19 €","2,38 €/Kg"
Super tea detox com selénio,Tetley,Embalagem de 40g,"44,50 €/Kg","44,50 €/Kg"
Napolitas creme baunilha,PorSi,Embalagem de 320g,"2,05 €","5,13 €/Kg"
Caldo de galinha 16 cubos,Knorr,Embalagem de 160g,"3,84 €","24,00 €/Kg"
Pão de Ló Húmido Simples,Pastelaria do Dia,500g,"8,99 €","11,24 €/Kg"
Queijo curado babybel protein rede 5x20g,Babybel,Embalagem de 100g,"0,82 €","23,43 €/Kg"
Cenouras com peru +6 meses,Bledina,Embalagem de 2 x 200g,"1,89 €","9,95 €/Kg"
Detergente Manual p/ Lavar Roupa Regular,Gama,Embalagem de 510 g,"1,09 €","2,73 €/Kg"
Polpa de maracuja,PorSi,Embalagem de 565g,"1,99 €","2,37 €/Kg"
"Aperitivos, amendoins no forno",Matutano,Embalagem de 200g,"0,79 €","7,90 €/Kg"
Bolacha dourada dietnature,Gullon,Embalagem de 330g,"2,11 €/Kg","2,11 €/Kg"
Gel Banho Apollo,Axe,Embalagem de 400 ml,"5,99 €","14,98 €/L"
Cerveja sem álcool,Super Bock,Pack 6 x 20 cl,"5,99 €","3,03 €/L"
Refrigerante sem gás de manga/laran,Joi,"Garrafa de 1,5 l","1,14 €","0,76 €/L"
Nectar vital equilibrio ananás/coco,Compal,Embalagem de 1 l,"0,99 €","0,99 €/L"
Gelatina frutos tropicais  10kcal,Royal,Embalagem de 30g,"0,55 €","61,11 €/Kg"
Carne p/ Estufar,Novilho,Vendido ao peso a partir de 800 g,"6,39 €","7,99 €/Kg"
Manteiga sem sal,Primor,Embalagem de 250g,"1,69 €","6,76 €/Kg"
Bacalhau com broa,PorSi Select,350 g,"1,79 €","7,16 €/Kg"
"Creme de dia, age perfect",L'oreal,Embalagem de 50 ml,"2,99 €","59,80 €/L"
Pano multiusos felpo,PorSi,1 unidade,"1,79 €","1,79 €/Unidade"
Pensos diários maxi cotton aloé,Carefree,Embalagem com 30 unidades,"1,79 €","1,79 €/Unidade"
Pensos Higiénicos Cottonlike Super Com Abas,Evax,12 unidades,"1,42 €","1,42 €/Unidade"
Leite em pó crescimento 3 pro +,Nutriben,Embalagem de 800g,"22,39 €","27,99 €/Kg"
"Champô 2 em 1, peles sensiveis",Corine de Farme,Embalagem de 750 ml,"4,99 €","16,63 €/L"
Loção Corporal Peles Secas,Le Petit Marseillais,Embalagem de 400 ml,"4,49 €","11,23 €/L"
Pensos Higiénicos Fina e Segura Normal,Evax,Embalagem c/ 16 Unidades,"1,42 €","1,42 €/Unidade"
Fraldas de Incontinência Elásticos Grandes,Lindor,20 Unidades,"9,99 €","9,99 €/Unidade"
Vinho Regional Lisboa Reserva | Tinto,Romeira,Garrafa de 750 ml,"4,99 €","6,65 €/L"
Moscatel do douro aperitivo,Favaito,pack: 10 x 55 ml,"5,99 €","7,99 €/L"
Paprika,PorSi,Saqueta com 50 g,"0,25 €","0,25 €/Kg"
Pasta dentífrica branco intenso,Aquafresh,Embalagem de 75 ml,"2,39 €","31,87 €/L"
Farinha nao láctea bolacha maria,PorSi,Embalagem de 250g,"4,49 €","4,49 €/Kg"
"Vinho regional península de setúbal, colheita seleci...",Adega de Pegões,Garrafa de 0.75 l,"8,59 €","11,45 €/L"
"Shampoo, laranja",PorSi,Embalagem de 1 l,"3,99 €","0,80 €/L"
Luvas Universal Média/Grande,Vileda,1 unidade,"2,40 €","2,40 €/Unidade"
Tentáculo de Pota,PorSi,1 un = 1 Kg (aprox.),"6,99 €","6,99 €/Kg"
Bolachas crackers c/ sal,Du bois,Embalagem de 500g,"0,39 €","3,12 €/Kg"
Queijo Feta Grego,PorSi Select,Embalagem de 200 g,"1,99 €","9,95 €/Kg"
Salmão de viveiro à posta,Peixe Fresco,1 un. = 300 g (aprox.),"5,20 €","12,99 €/Kg"
Sidra maçãs ácidas,Bandida do Pomar,lata de 0.5 l,"1,59 €","3,18 €/L"
Nata uht,Mimosa,embalagem de 200 ml,"0,75 €","3,75 €/L"
Licor de anis,Xarao,Garrafa de 700 ml,"16,99 €","24,27 €/L"
Bolachas de aveia e trigo integral,PorSi Viva Bem,Embalagem de 240g,"2,82 €","9,40 €/Kg"
Rum spiced,Bacardi,Garrafa de 700 ml,"17,49 €","24,99 €/L"
Coloração Permanente Preto |1.0,Palette,,"8,49 €","8,49 €/Unidade"
Mix de sementes tradicional,Cemporcent,Embalagem de 250g,"1,94 €","3,88 €/Kg"
Escova de Dentes Flex Interdental,Aquafresh,2 + 1 unidades,"3,49 €","3,49 €/Unidade"
La Croix Rosé,Peyrassol,0.75 litros,"6,89 €","9,19 €/L"
Pensos diários respirare,Carefree,embalagem com 20 unidades,"1,79 €","1,79 €/Unidade"
10 nuggets peito de frango e queijo,Capitão Iglo,Embalagem de 210g,"2,79 €","8,72 €/Kg"
Bebida de coco com arroz,PorSi Viva Bem,1 litro,"2,19 €","2,19 €/L"
Shoyce aveia& amendoa 0%,Shoyce,Garrafa de 1 l,"2,19 €","2,19 €/L"
Amêijoa Branca Congelada,*,Vendido ao peso a partir de 200 g,"2,00 €","7,99 €/Kg"
Bebida energética,Red Bull,Pack 4 x 0.25 l,"5,39 €","5,39 €/L"
Bacalhau em lombos,PorSi,Embalagem de 800g,"6,39 €","7,99 €/Kg"
Vmr reg.tejo 0.75l,Q.lagoalva,Garrafa de 750 ml,"4,99 €","6,65 €/L"
Ambientador elétrico + recarga alfazema,PorSi,1 unidade,"3,74 €","3,74 €/Unidade"
Crepe de ovo,PorSi,Embalagem de 540 g,"2,49 €","7,55 €/Kg"
Capa A4 Teckl 2 Argolas,Domédia,1 unidade,"1,09 €","1,09 €/Unidade"
Queijo Flamengo Bola,Limiano,1 un = 250 gr  (aprox.),"1,56 €","7,80 €/Kg"
"Farinha 8 cereais, mel e bolacha maria",Nutriben,Embalagem de 300g,"4,49 €","4,49 €/Kg"
Pensos térmicos alívio da dor muscular 13x10cm,PorSi,Embalagem de 2 unidades,"1,69 €","1,69 €/Unidade"
"Bolacha belvita soft brakes, frutos vermelhos",Belvita,Embalagem de 250g,"0,98 €","3,27 €/Kg"
Bebida aveia sem açúcar,Alpro,Embalagem de 1 l,"2,19 €","2,19 €/L"
Aperfeiçoador BB Cream Oil Free Médio,Garnier,Embalagem de 40 ml,"2,99 €","59,80 €/L"
"Absorvedores de odores, relax zen",Brise,Embalagem de 2x150g,"16,63 €/L","16,63 €/L"
Balões latex verde,PorSi,Embalagem com 24 unidades,"1,59 €","1,59 €/Unidade"
Leite uht magro,PorSi,Embalagem de 1 litro,"0,81 €","0,81 €/L"
Leite s/ lactose meio gordo,Mimosa,Garrafa de 1 l,"1,29 €","1,29 €/L"
Cappucino go chill com aveia biológica,Delta,Embalagem de 230 ml,"3,19 €","25,52 €/Kg"
Salsa folhas,PorSi,Saqueta de 12 g,"0,25 €","0,25 €/Kg"
Focinho,Porco,1 un = 300 gr (aprox.),"0,50 €","4,99 €/Kg"
Cappuccino intenso,Nescafe,Embalagem de 130g,"3,19 €","25,52 €/Kg"
Café em cápsulas deqafeitatus,Delta Q,Embalagem de 55 g,"2,79 €","19,93 €/Kg"
Vinho maduro branco,C.da eira,Garrafa de 1 l,"0,85 €/L","0,85 €/L"
Batata pré-frita mediterranean,MCCAIN,Embalagem de 750g,"1,39 €","1,39 €/Kg"
Toalha em rolo papel azul,PorSi,1 Unidade,"13,99 €","13,99 €/Unidade"
Bebida de coco,Shoyce,Embalagem de 1 litro,"2,19 €","2,19 €/L"
Chouriço de Sangue Envinagrada,Porco,Vendido ao peso a partir de 500 gr,"3,00 €","5,99 €/Kg"
Preparado de bolo de mármore,PorSi,528 g,"1,69 €","8,45 €/L"
Achocolatado zero% açúcares,Nesquik,Embalagem de 345g,"5,39 €","7,19 €/Kg"
Amaciador G. Maravilhosa,Ultra Suave,Embalagem de 400 ml,"1,00 €","5,00 €/L"
Perolas perfumadas floral,PorSi,Embalagem de 275 g,"8,69 €","1,84 €/Kg"
Gelatina morango 10kcal,Royal,Embalagem de 30g,"0,55 €","61,11 €/Kg"
Detergente liquido maquina roupa frescura primavera,Xau,80 doses,"8,69 €","1,84 €/Kg"
"Amaciador de roupa, pure",Comfort,Garrafa de 4 l,"8,99 €","2,25 €/L"
Liquido brilhante sapato preto,PorSi,75 ml,"2,59 €","2,59 €/Unidade"
Café moagem universal timor,Delta,Embalagem de 220g,"9,76 €/Kg","9,76 €/Kg"
Sidra maçã,Somersby,"Pack 15x0,20 L","1,59 €","3,18 €/L"
Café solúvel crema,Nescafe,Embalagem de 200g,"14,50 €/Kg","14,50 €/Kg"
Gomas favoritos classic,Haribo,Embalagem de 90g,"1,19 €","3,97 €/Kg"
Sal de mesa,PorSi,Embalagem de 250 g,"0,25 €","0,25 €/Kg"
Filete de anchovas estendidas,General,Embalagem de 40g,"0,89 €","7,42 €/Kg"
Cola Vinilika,Giotto,100 ml,"1,79 €","1,79 €/Unidade"
16 mini croquetes de carne,PorSi,Embalagem de 290 g,"1,79 €","7,16 €/Kg"
Spray tira gorduras,PorSi,Embalagem de 750 ml,"1,29 €","1,72 €/L"
Cerveja branca,E.damm,Pack 6 x 0.25 l,"0,38 €","1,15 €/L"
Saco Carvão Vegetal,Forgrill,Uma unidade,"0,75 €","0,75 €/Unidade"
Pastilhas café platium,Delta,Embalagem de 110g,"2,79 €","19,93 €/Kg"
Farinha láctea menos 40% açúcar,Cerelac,Embalagem de 250g,"4,49 €","4,49 €/Kg"
Napolitanas creme cacau,PorSi,Embalagem de 320g,"2,05 €","5,13 €/Kg"
Cereais argolas de mel,PorSi,Embalagem de 375 g,"5,07 €/Kg","5,07 €/Kg"
Iogurte tipo grego stracciatella,PorSi,Embalagem de 500g,"1,49 €","2,98 €/Kg"
Moinho pimenta preta em grão,PorSi,Frasco com 45 g,"0,25 €","0,25 €/Kg"
Creme depilatório para peles normais,Labell,Embalagem de 200 ml,"10,99 €","73,27 €/L"
Lixívia tradicional,PorSi,Embalagem de 1 l,"1,74 €","0,35 €/L"
Leite de transição Optipro 2 +6 meses,NAN,Embalagem de 800g,"22,39 €","27,99 €/Kg"
Whisky Malt c/ Tubo,Glen Crinan,Garrafa de 0.70 l,"23,49 €","23,49 €/L"
Fósforos longos,Quinas,Embalagem com 3 unidades,"1,50 €","1,50 €/Unidade"
Cereais chocapic,Nestle,Embalagem de 630g,"5,07 €/Kg","5,07 €/Kg"
Pão forma de Rio Maior,*,500 g,"0,19 €","2,38 €/Kg"
Sumo 100% maçã,PorSi,"Embalagem de 1,5 l","1,09 €","0,73 €/L"
Escova de dentes Hello Smile suave 9+,Jordan,1 unidade,"0,99 €","0,99 €/Unidade"
20 saquetas chá digestão fácil,Lipton,Embalagem de 30g,"85,00 €/Kg","85,00 €/Kg"
Massa de pontinha grossa,Nacional,Embalagem de 250g,"0,89 €","1,78 €/Kg"
Recarga mopa,PorSi,1 unidade,"2,20 €","2,20 €/Unidade"
Papel Higiénico Puríssimo 3 Folhas,Renova,Embalagem c/ 12 rolos,"1,99 €","1,99 €/Unidade"
Iogurte activia natural,Danone,Embalagem de 4 x 120 g,"2,79 €","6,07 €/Kg"
Creme p/ Calçado Preto,Búfalo,Embalagem de 40 ml,"0,99 €","19,80 €/L"
Água com gás,Vimeiro,pack 6 x 0.25 l,"2,85 €","2,85 €/L"
Gelatina morango 8 kcal,PorSi,Embalagem de 4 x 100 g,"0,85 €","2,13 €/Kg"
Néctar de 8 frutos,Bongo,Garrafa de 1 l,"0,99 €","0,99 €/L"
Alimento lácteo maçã morango +8 meses,Yogolino,Embalagem de 90g,"2,89 €","7,23 €/Kg"
Feijão frade,Compal,Lata de 410 ml,"1,79 €","2,29 €/Kg"
Régua 40 cm,Mab,1 un.,"1,69 €","1,69 €/Unidade"
"Alimento húmido para gato +1 ano, sabor a aves",Whiskas,Embalagem de 400g,"3,49 €","10,26 €/Kg"
Bolacha cream cracker,Vieira,Embalagem de 200g,"0,39 €","3,12 €/Kg"
Pizza fiambre e queijo,Campofrio,Embalagem de 360g,"0,99 €","4,30 €/Kg"
Arroz basmati,PorSi,Embalagem de 1 kg,"0,99 €","0,99 €/Kg"
Rum carta blanca,Bacardi,Garrafa de 700 ml,"17,49 €","24,99 €/L"
Ovos galinha solo m,PorSi,6 ovos,"1,39 €","1,39 €/Unidade"
Arroz basmati,Caçarola,Embalagem de 1 kg,"0,99 €","0,99 €/Kg"
Francesinha,PorSi,Embalagem de 450G,"3,53 €","8,83 €/Kg"
Café solúvel viena,Nescafe,Embalagem de 140g,"14,50 €/Kg","14,50 €/Kg"
Medalhões de pescada,PorSi,Embalagem de 400 g,"4,39 €","10,98 €/Kg"
Toalhitas limpa moveis,PorSi,Embalagem de 24 unidades,"4,39 €","14,63 €/L"
Tomates Cereja Kumato Biológicos,PorSi Bio,± 200 g,"0,87 €","3,49 €/Kg"
Aperitivo pappadum simples,PATAKS,Embalagem de 100g,"0,79 €","7,90 €/Kg"
Chilli sem Carne,Iglo green,Embalagem de 400g,"1,89 €","6,30 €/Kg"
Ração seca para gato adulto de peixe,PorSi,Embalagem 2 kg,"12,99 €","4,33 €/Kg"
Vitalday recheada duplo chocolate,Gullon,Embalagem de 200g,"2,15 €","2,87 €/Kg"
Salsichão fat,Campofrio,Embalagem de 80g,"0,95 €","9,49 €/Kg"
Arroz integral,PorSi Viva Bem,Embalagem de 1 kg,"0,99 €","0,99 €/Kg"
Vermute rosso,Martini,Garrafa de 1 l,"11,99 €","11,99 €/L"
Batata frita gourmet,PorSi,Embalagem de 150g,"1,06 €","5,73 €/Kg"
Queijo flamengo,Novacores,Embalagem de 320g,"1,56 €","7,80 €/Kg"
Sidra de maçã,Somersby,pack 6 x 0.2 l,"1,59 €","3,18 €/L"
"Limpa vidros pistola, tripla acção",Ajax,Embalagem de 500 ml,"3,19 €","6,38 €/L"
Açúcar amarelo,PorSi,Embalagem de 1 kg,"1,49 €","1,49 €/Kg"
Caffe latte go chill,Delta,230 ml,"3,19 €","25,52 €/Kg"
Tablete de chocolate culinário 70% negro,PorSi,Embalagem de 200 g,"16,67 €/Kg","16,67 €/Kg"
Néctar vital equilíbrio frutos vermelhos,Compal,Garrafa de 200 ml,"0,99 €","0,99 €/L"
Óleo de coco extra virgem,Koala,Garrafa de 180 ml,"3,39 €","3,39 €/L"
Whisky gold heritage,Label 5,"Garrafa de 0,70 l","23,49 €","23,49 €/L"
Bolacha de manteiga sem glúten,Schar,Embalagem de 165g,"4,29 €","20,43 €/Kg"
"Leite de limpeza, equilibrio, peles normais e secas",L'oreal,Embalagem de 200 ml,"0,76 €","0,76 €/Unidade"
Tempero em pó galinha,Knorr,Embalagem de 135g,"3,84 €","24,00 €/Kg"
Cerveja sagres,Sagres,20 x 0.25 l,"0,38 €","1,15 €/L"
Vela em número nº5,PorSi,1 unidade,"0,60 €","0,60 €/Unidade"
Lagartos,PorSi,Embalagem de 300 gr,"2,29 €","3,05 €/Kg"
Cerveja com álcool abadia,Super Bock,pack 6 x 0.33 l,"0,38 €","1,15 €/L"
Chupa original,Chupachups,Embalagem de 120g,"3,40 €","28,33 €/Kg"
Tentáculos pota,PorSi,Embalagem de 800G,"5,49 €","6,86 €/Kg"
"Pensos diários respirare, 44 unidades",Carefree,Uma embalagem,"1,79 €","1,79 €/Unidade"
Óleo Cedro Líquido,PorSi,Embalagem de 200 ml,"4,39 €","14,63 €/L"
Néctar de pera,PorSi,Pack 3 x 200 ml,"0,99 €","0,99 €/L"
Requeijão de ovelha,PorSi,Embalagem de 250g,"1,09 €","5,45 €/Kg"
Aditivo diesel,Redex,Embalagem de 250 ml,"41,99 €","8,40 €/L"
"Alimento húmido para cão, galinha e cordeiro",Pedigree,Embalagem de 400g,"0,75 €","2,50 €/Kg"
Sopa de legumes,PorSi,Embalagem de 400 g,"1,19 €","2,98 €/Kg"
Kit cuidados para cão,Sandimas,3 peças,"11,98 €","59,90 €/L"
Leite de coco bio,PorSi Bio,400 ml,"2,99 €","5,98 €/Kg"
Bacalhau Crescido da Noruega,PorSi,1 un=1.5kg (aprox.),"8,73 €/Kg","8,73 €/Kg"
Camarão cozido 60/95,PorSi,Vendido ao peso a partir de 500 g,"2,00 €","7,99 €/Kg"
Camarão moçambique 60/80,PorSi,800 g,"8,99 €","25,69 €/Kg"
Óleo aloé vera,Johnson's Baby,Embalagem de 300 ml,"4,99 €","16,63 €/L"
Travessa com naperon 45x36cm,PorSi,1 unidade,"0,54 €","0,54 €/Unidade"
"Paté de sarinha, atum e marisco",Fides,Embalagem de 90g,"1,19 €","13,52 €/Kg"
Churritos,PorSi,Embalagem de 240g,"2,05 €","5,13 €/Kg"
Bolacha wafer baunilha,PorSi,Embalagem de 180g,"0,98 €","4,67 €/Kg"
Pensos Higiénicos Cotton Protection com Abas 100% Or...,Ausonia,10 unidades,"1,42 €","1,42 €/Unidade"
Nestum aveia e morango,Nestum,Embalagem de 250g,"2,19 €","8,76 €/Kg"
Vinho branco,PorSi,embalagem de  3X187 ml,"0,85 €/L","0,85 €/L"
Whisky Swing,Johnnie Walker,"Garrafa de 0,70 l","32,99 €","47,13 €/L"
Bebida de Soja Chocolate,PorSi Viva Bem,Pack: 3 x 200 ml,"2,49 €","2,49 €/L"
6 empadas de galinha,PorSi,Embalagem de 330g,"1,79 €","7,16 €/Kg"
Mochila Butterfly,Pets Friends,Dim.: 43X50X42 CM,"19,90 €","19,90 €/Unidade"
"Briquetes madeira, 12 unidades",Nova lenha,1 embalagem,"0,75 €","0,75 €/Unidade"
Pizza fresca de fiambre e queijo,PorSi,400 g,"0,99 €","4,30 €/Kg"
Vinho regional península de setúbal branco,J.m.f.,Garrafa de 750 ml,"8,59 €","11,45 €/L"
Comida húmida para gato seleção de peixes,Gourmet mp,Embalagem de 300g,"3,49 €","10,26 €/Kg"
Água mineral natural alcalina,MONCHIQUE,"6x1,5l","1,04 €","0,17 €/L"
Queijo fatias -50% de gordura,Limiano,Embalagem de 400g,"1,56 €","7,80 €/Kg"
Bebida energética green,Monster,Garrafa de 500 ml,"5,39 €","5,39 €/L"
Iogurte liquido stracciatella,PorSi,Embalagem de 4 x 160 g,"1,17 €","1,83 €/Kg"
"Coloração permanente, castanho dourado, nº43",Nutrisse,1 unidade,"8,49 €","8,49 €/Unidade"
Queijo Curado Meio Gordo,Fonte Mourisca,Vendido ao peso a partir de 250 gr,"2,42 €","9,69 €/Kg"
Mortadela peru com azeitonas fatias,Elpozo,Embalagem de 150g,"1,05 €","6,99 €/Kg"
Framboesa,PorSi,Embalagem com 125g,"0,75 €","2,99 €/Kg"
Bolachas com pepitas de chocolate sem glúten,Schar,Embalagem de 200g,"0,79 €","5,27 €/Kg"
Bolachas maria,Triunfo,Embalagem de 200g,"2,11 €/Kg","2,11 €/Kg"
Esferográfica Sortida Média,Mab,Embalagem com 10 un.,"2,69 €","2,69 €/Unidade"
Salada bacon,PorSi,Embalagem de 192 g,"2,35 €","5,60 €/Kg"
Inseticida baratas e formigas,Dum Dum,Embalagem de 400 ml,"5,09 €","8,48 €/L"
Chocolate negro 85% cacau,Nestle,Embalagem de 120g,"16,67 €/Kg","16,67 €/Kg"
Coca-cola light,Coca-Cola,Garrafa de 1 l,"0,40 €/L","0,40 €/L"
Leite pasteurizado gordo,Vigor,Garrafa de 1 l,"1,09 €","1,09 €/L"
Doce de tomate 60% fruta,Cemporcent,Embalagem de 280g,"4,49 €","13,61 €/Kg"
"Rolos de cozinha compactos, branco, máxima absorção,...",Renova,1 unidade,"4,99 €","4,99 €/Unidade"
Leite meio-gordo bio,PorSi Bio,Garrafa de 1 litro,"0,81 €","0,81 €/L"
2 Vieiras Gratinadas À Bretanha,PorSi Select,220 g,"1,89 €","6,30 €/Kg"
Lombo de bacalhau com lombo higienizada congelada,Reymar,Vendido ao peso,"8,73 €/Kg","8,73 €/Kg"
Farinha rainha c/ fermento,Nacional,Embalagem de 1000 g,"1,99 €","1,99 €/Kg"
Ananás em rodelas,PorSi,Embalagem de 565 g,"1,99 €","2,37 €/Kg"
Fraldas agility T5 de 13 a 18 kg,PorSi,44 unidades,"6,49 €","6,49 €/Unidade"
Chá Aromatizado Pirâmide Baunilha/Caramelo,PorSi,20 x 2 g,"58,44 €/Kg","58,44 €/Kg"
Espinafre baby leaf Programa Origens,PorSi,embalagem de 170 g,"0,99 €","0,99 €/Kg"
Sombrinhas de Natal,Regina,Embalagem de 35 g,"2,29 €","17,62 €/Kg"
Toalha de papel 10x1m branco,Papstar,1 un.,"13,99 €","13,99 €/Unidade"
Pastilhas café lote chávena,Delta,Embalagem de 110g,"2,79 €","19,93 €/Kg"
Lixivia perfumada,PorSi,Garrafa de 2 l,"1,74 €","0,35 €/L"
Leite regular 2,Aptamil,Embalagem de 800 g,"22,39 €","27,99 €/Kg"
Arroz agulha,Saludães,Embalagem de 1kg,"0,99 €","0,99 €/Kg"
Ração para gato indoor,Purina One,Embalagem de 800g,"12,99 €","4,33 €/Kg"
Azeite tradição,Oliveira da Serra,Embalagem 3L,"3,19 €","4,25 €/L"
Bolachas vitalday recheio iogurte c/ frutos vermelho...,Gullon,Embalagem de 220g,"1,45 €","11,15 €/Kg"
Pringles flame kickin sour cream,Pringles,Embalagem de 160g,"0,79 €","7,90 €/Kg"
Detergente liquido para máquina de lavar roupa activ...,Skip,Embalagem de 80 doses,"8,69 €","1,84 €/Kg"
Toalha de Mesa Anti Nódoas,VZT,Dim.: 150 x 150 cm,"13,99 €","13,99 €/Unidade"
Massa de argolinhas,Nacional,Embalagem de 250g,"0,89 €","1,78 €/Kg"
Lombo assado fatiado,PorSi,150 g,"2,59 €","28,78 €/Kg"
Chocolate cereali 4 barritas,Kinder,Embalagem de 940g,"2,29 €","17,62 €/Kg"
Néctar pêssego,Compal,Pack 3 x 200 ml,"0,99 €","0,99 €/L"
Limpa máquinas de loiça limão,PorSi,Embalagem de 250 ml,"2,99 €","2,99 €/Unidade"
Massa esparguete,PorSi,Embalagem de 500g,"0,89 €","1,78 €/Kg"
Maçã golden 60/65 categoria II Programa Origens,PorSi,Embalagem de 1.5 kg,"0,27 €","1,49 €/Kg"
Esparguete fino,Nacional,Embalagem de 500g,"0,89 €","1,78 €/Kg"
Vinho tinto regional tejo reserva,Alorna,Garrafa de 0.75 l,"4,99 €","6,65 €/L"
Desinfetante álcool gel com doseador,PorSi,500 ml,"5,24 €","5,24 €/Unidade"
Sobremesa tiramisú,Páturages,Embalagem de 4 x 80 g,"0,55 €","2,75 €/Kg"
Autobrilhante Castanho,Búfalo,Embalagem de 50 ml,"2,59 €","2,59 €/Unidade"
Fósforos compridos para lareira,Quinas,1 unidade,"1,50 €","1,50 €/Unidade"
Conjunto Pequenos Eletrodomésticos,Écoiffier,1 un.,"29,99 €","29,99 €/Unidade"
Bolacha maria doces,Vieira,Embalagem de 300g,"2,11 €/Kg","2,11 €/Kg"
Queijo grana padano D.O.P 16 meses de cura,PorSi Select,Embalagem de 180 g,"2,87 €","15,94 €/Kg"
Geleia de morango,Casa de Mateus,Embalagem de 345 g,"3,29 €","9,54 €/Kg"
Estojo retangular sugar & spice,*,1 unidade,"19,90 €","19,90 €/Unidade"
Café mistura peninsular,Delta,Embalagem de 250g,"1,64 €","6,56 €/Kg"
Gelatina pronta a comer tutti frutti,Royal,Embalagem de 4x100 g,"0,85 €","2,13 €/Kg"
Queijo creme flamengo,President,Embalagem de 125 g,"4,68 €","11,70 €/Kg"
Papel de alumínio,PorSi,50 metros,"1,11 €","1,11 €/Unidade"
Cenouras Programa Origens,PorSi,Embalagem de 1 kg,"0,79 €/Kg","0,79 €/Kg"
12 Preservativos Adapta Non Stop,Control,,"4,49 €","4,49 €/Unidade"
Sabonete patti,Ach Brito,Embalagem de 160 g,"1,99 €","12,44 €/Kg"
Mostarda em frasco,Savora,Embalagem de 190g,"0,70 €","2,33 €/Kg"
Bolachas chips ahoy,Ca!,Embalagem de 130g,"0,90 €","6,00 €/Kg"
Saca-rolhas elétrico merlot,San Ignacio,1 unidade,"17,99 €","17,99 €/Unidade"
Spray power&shine vidros,Cif,Garrafa de 750 ml,"0,79 €","0,79 €/L"
Fricassé de Frango do Campo Lusitano,PorSi Select,embalagem de 500 g (aprox.),"19,95 €","3,99 €/Kg"
Pensos higiénicos liberty noite abas,Evax,Embalagem com 9 un.,"1,42 €","1,42 €/Unidade"
Tira Nódoas Brancos em Gel,Skip,"1,6 l","10,99 €","52,33 €/Kg"
Lapiseira Velocity + 12minas,Bic,1 unidade,"2,69 €","2,69 €/Unidade"
Aguardente Bagaceira Velha,Martha's,"Garrafa de 0,70L","11,99 €","17,13 €/L"
Pudim Rico em Proteína de Café,Ehrmann,Embalagem de 200g,"1,19 €","2,59 €/Kg"
Anti-Traça Alimentos,Dum Dum,2 unidades,"5,99 €","176,18 €/Kg"
Cleudo,Hasbro,1 un.,"6,99 €","6,99 €/Unidade"
Lagosta selvagem de moçambique,Frip,embalagem de 800 g,"2,19 €","8,59 €/Kg"
Fiambre da Pá,PorSi,1 un = 150 gr (aprox.),"0,97 €","6,49 €/Kg"
Tampão Super,O.B.,1 Embalagem c/32 unidades,"1,39 €","1,39 €/Unidade"
Pudim zero chocolate,Condi,27 g,"0,59 €","29,50 €/Kg"
Leite condensado magro,PorSi,Embalagem de 390 g,"1,09 €","2,75 €/Kg"
8 hamburguers s/ glúten frango,Capitão Iglo,Embalagem de 480g,"11,44 €/Kg","11,44 €/Kg"
Pensos Higiénicos Fina e Segura Maxi Super,Evax,Embalagem c/ 13 Unidades,"1,42 €","1,42 €/Unidade"
Bolacha chocodiet nature,Gullon,Embalagem de 270g,"0,79 €","5,27 €/Kg"
"Palmilha de cortiça com látex, tamanho 36/37",Sonaf,1 unidade,"1,85 €","1,85 €/Unidade"
"Refrigerante sem gás, laranja",Joi,"Garrafa de 1,5 l","1,14 €","0,76 €/L"
Café com cafeina solúvel,Delta,Embalagem de 20g,"14,50 €/Kg","14,50 €/Kg"
10 saquetas chá yellow label,Lipton,Embalagem de 20g,"58,44 €/Kg","58,44 €/Kg"
Pudim zero mirtilo 22g,Condi,Embalagem de 20g,"0,59 €","29,50 €/Kg"
Beira interior colheita 2014,Beyra,Garrafa de 0.75 l,"2,92 €/L","2,92 €/L"
Bolachas marítimas clássicas,PorSi Viva Bem,Embalagem de 200g,"1,45 €","11,15 €/Kg"
Bolachas Rosquilhas com Canela,Cuetara,Embalagem de 300g,"1,69 €","6,76 €/Kg"
Filetes de cavala em azeite,PorSi,Embalagem de 120 g,"0,89 €","7,42 €/Kg"
Bebida de soja com cálcio,PorSi Viva Bem,Embalagem de 1 litro,"2,49 €","2,49 €/L"
Néctar de laranja e cenoura light,PorSi,Embalagem de 1 litro,"0,84 €","2,55 €/L"
4 hamburguers vaca s/ glúten,Capitão Iglo,Embalagem de 320g,"2,79 €","8,72 €/Kg"
Piscina criança c/ repuxo,Bestway,Dim.: Ø 152 cm,"2,99 €","2,99 €/Unidade"
Prepar arroz marisco sem gluten cv 0.8kg,Brasmar,Embalagem de 800g,"2,19 €","8,59 €/Kg"
Tomates Redondos Kumato Biológicos,PorSi Bio,± 400 g,"0,87 €","3,49 €/Kg"
Iogurte magro + gelatina framboesa,Mimosa,Embalagem de 4 x 120 g,"1,44 €","2,88 €/Kg"
Discos Sanitários Activos Recarga Eucalipto,WC Pato,Embalagem de 2x36 ml,"2,99 €","74,75 €/Kg"
Cerveja com álcool,Sagres,Garrafa de 1 l,"0,38 €","1,15 €/L"
Iogurte líquido morango/cereais,PorSi,Embalagem de 4 x 160 g,"1,17 €","1,83 €/Kg"
Camarão vannamei 24/40,Pescanova,Embalagem de 800g,"8,99 €","25,69 €/Kg"
Creme abrasivo original,Cif,Garrafa de 700 ml,"0,99 €","1,32 €/L"
Batatas Pré-fritas Rosti com Cebola,PorSi,Embalagem com 600 g,"1,39 €","1,39 €/Kg"
Iogurte líquido de frutos vermelhos,PorSi,Embalagem de 4 x 160 g,"1,17 €","1,83 €/Kg"
Saqueta puré de fruta e bolacha,PorSi,Embalagem de 90g,"0,74 €","8,22 €/Kg"
Ambientador vela frutos vermelhos,PorSi,1 unidade,"4,99 €","4,99 €/Unidade"
Vela com número nº 5,PorSi,1 unidade,"0,60 €","0,60 €/Unidade"
Pack 5 veículos sortidos,Hot Wheels,1 embalagem,"22,99 €","22,99 €/Unidade"
Azeite virgem clássico,PorSi,Garrafa de 750 ml,"3,19 €","4,25 €/L"
"Polpa de maracujá, em lata",Koala,Embalagem de 570g,"4,19 €","7,35 €/Kg"
Xarope morango,Paquito,Garrafa de 750 ml,"4,89 €","6,61 €/L"
Whisky Blended,Label 5,Garrafa de 1L,"23,49 €","23,49 €/L"
Plantanatur super cartilagem de tubarão,PLANTANATU,Embalagem de 1 unidades,"7,59 €","126,50 €/Kg"
Aditivo em gel máquina roupa branca,Vanish,Embalagem de 1.6 litros,"7,99 €","19,02 €/Kg"
Salsa folhas,PorSi,Embalagem de 10g,"0,25 €","0,25 €/Kg"
Piscina fast set,Bestway,Dim.: 244 x 61 cm,"35,99 €","35,99 €/Unidade"
Whisky,Grants,Garrafa de 1 l,"23,49 €","23,49 €/L"
Pimento Vermelho,Legumes do Dia,1 un=250 gr (aprox.),"0,75 €","2,99 €/Kg"
Sopa de tomate,Knorr,Embalagem de 90g,"0,84 €","13,55 €/Kg"
Mini Frutos do Mar,Candycat,Embalagem de 250G,"2,99 €","29,90 €/Kg"
"Cerveja com álcool, tara perdida",Kings Bräu,pack 24 x 0.25 l,"0,38 €","1,15 €/L"
Anti-Traças Papel 4 Seasons Floral,Raid,1 Embalagem c/12 unidades,"5,99 €","176,18 €/Kg"
Café lote bocage moagem única,Nicola,Embalagem de 250g,"9,16 €/Kg","9,16 €/Kg"
Papel higiénico branco 2 folhas,PorSi,48 rolos,"1,99 €","1,99 €/Unidade"
Reizinhos 100gr,Pastelaria do Dia,,"8,99 €","11,24 €/Kg"
Ambientador vela odor cozinha,PorSi,1 unidade,"4,99 €","4,99 €/Unidade"
Gel Duche Men Active Clean,Nivea Men,Embalagem de 500 ml,"5,99 €","14,98 €/L"
Queijo amanteigado fatias,Paiva,Embalagem de 180 g,"1,56 €","7,80 €/Kg"
Água mineral sem gás,Vitalis,Pack 6 x 1.5 l,"1,04 €","0,17 €/L"
Oreo flavors cookies birthday party rollpack 154 gr,Oreo,Embalagem de 150g,"0,79 €","4,49 €/Kg"
Escova de Dentes 1-2-3 Shiny Clean,Oral B,4 unidades,"3,49 €","3,49 €/Unidade"
"Presunto Metades, 6 meses de cura",PorSi,"Vendido ao peso, fatiado a partir de 100 gr","2,79 €","13,95 €/Kg"
Iogurte de morango sem lactose,PorSi Viva Bem,4 x 125 g,"1,87 €","1,25 €/Kg"
Gelado cornetto mini clássico,Olá,Embalagem de 8 x 60 ml,"5,99 €","16,64 €/L"
Tomates Cereja Vermelhos,PorSi Bio,Emb.: ± 200 g,"0,87 €","3,49 €/Kg"
Iogurte líquido yoggi morango/banana,Nestle,Embalagem de 4 x 160 g,"1,17 €","1,83 €/Kg"
Cevada em grão - cozinha pura,Cemporcent,Embalagem de 500g,"1,94 €","3,88 €/Kg"
Massa de cotovelos grandes riscados,Milaneza,Embalagem de 500g,"0,89 €","1,78 €/Kg"
Queijo flamengo fatiado,PorSi,Embalagem de 200G,"1,56 €","7,80 €/Kg"
"Tesoura 6""",Time Office,1 unidade,"2,19 €","109,50 €/L"
Arroz carolino,Louro,Embalagem de 1 kg,"0,99 €","0,99 €/Kg"
Creme depilatório para peles sensíveis,Labell,Embalagem de 200 ml,"10,99 €","73,27 €/L"
Bolachas mini,Oreo,Embalagem de 160g,"0,79 €","4,49 €/Kg"
Café descafeinado,PorSi,Embalagem de 250g,"1,59 €","6,36 €/Kg"
Preparado de bolo de chocolate,PorSi,500 g,"1,69 €","8,45 €/L"
Bio miolo amendoa compele,PorSi Bio,Embalagem de 100g,"2,99 €","5,98 €/Kg"
Ice tea de manga,PorSi,"Embalagem de 6x0,20 l","1,14 €","0,76 €/L"
Beterraba s/ Rama,Programa Origens,1 un = 250 gr  (aprox.),"0,62 €","2,49 €/Kg"
"Gelatina pronto a comer, 10kcal limão",Royal,Embalagem de 4 x 100 g,"0,85 €","2,13 €/Kg"
Lava tudo antibacteriano floral,PorSi,"Garrafa de 1,5 l","0,99 €","0,50 €/L"
Mimos de pescada,Pescanova,Embalagem de 1 kg,"4,39 €","10,98 €/Kg"
Sumo essencial pera,Compal,pack 3 x 0.11 l,"0,99 €","0,99 €/L"
Cillit bang limpa vidros,Cillitbang,Garrafa de 500 ml,"3,19 €","6,38 €/L"
Limpador Madeiras Ecológico,Agerul,1 Embalagem 750ml,"4,39 €","14,63 €/L"
Puré de maçã sem adição açúcar,PorSi,700 g,"0,74 €","8,22 €/Kg"
Bolachas Maria sem Açúcar,Vieira de Castro,Embalagem de 300 g,"2,11 €/Kg","2,11 €/Kg"
Tablete chocolate de leite,PorSi,embalagem de 100 g,"5,30 €/Kg","5,30 €/Kg"
Pack 5 veículos sortidos,Hot Wheels,1 embalagem,"9,99 €/Unidade","9,99 €/Unidade"
Faca Pão 20 cm Inox,PorSi,1 unidade,"4,75 €","4,75 €/Unidade"
Leite com chocolate light,Ucal,Embalagem de 6 x 250 ml,"0,26 €","1,30 €/L"
Feijão manteiga,PorSi,Frasco com 540 g,"1,79 €","2,29 €/Kg"
Leite seleccionado meio gordo,Matinal,Garrafa de 1 l,"0,81 €","0,81 €/L"
Tira gorduras recarga,Mistolin,Garrafa de 550 ml,"4,49 €","5,99 €/L"
Bóia Patrulha Pata 50 cm,Mondo,1 unidade,"2,99 €","2,99 €/Unidade"
Aguardente,1920,Garrafa de 700 ml,"12,79 €","18,27 €/L"
Alho picado,PorSi,Embalagem de 100 g,"3,29 €","4,39 €/Kg"
Leite em pó continuação 2 pro alfa,Nutriben,Embalagem de 800g,"22,39 €","27,99 €/Kg"
Descafeinado,Buondi,10 cápsulas,"1,59 €","6,36 €/Kg"
Cerveja branca,Super Bock,pack 30 x 0.20 l,"0,38 €","1,15 €/L"
"Agrafos nº24/6, 2000 unidades",Maped,Uma embalagem,"1,49 €","1,49 €/Unidade"
Vela número 0,Vahine,Embalagem de 1 unidades,"0,60 €","0,60 €/Unidade"
Pensos Incontinência Mulher Lady Super,Tena,30 unidades,"1,95 €","1,95 €/Unidade"
Penso de incontinência normal,Ausonia Discreet,Embalagem de 12 un.,"1,95 €","1,95 €/Unidade"
Ameixa Amarela,Fruta da Época,1 un = 250 gr  (aprox.),"0,35 €","2,49 €/Kg"
Snacks croc.amendoim,PorSi,Embalagem de 90g,"0,79 €","7,90 €/Kg"
Queijo creme de camembert,Président,embalagem de 125 g,"1,45 €","7,25 €/Kg"
Jameson caskmates ipa 70cl,Jameson,Garrafa de 700 ml,"23,49 €","23,49 €/L"
6 Preservativos Adapta Nature,Control,,"4,49 €","4,49 €/Unidade"
Pão com Cereais 125 g,Pão do Dia,,"0,19 €","2,38 €/Kg"
Sumo 100% laranja,Compal,1 litro,"1,09 €","0,73 €/L"
Whisky,Glen crina,Garrafa de 700 ml,"23,49 €","23,49 €/L"
Néctar vital equilibrio manga/maracujá,Compal,Embalagem de 1 l,"0,84 €","2,55 €/L"
Alface frisada categoria: II Programa Origens,PorSi,Embalagem de 300 g,"0,99 €","0,99 €/Kg"
Bolachas marinheiras s/ sal,Cemporcent,Embalagem de 200g,"1,45 €","11,15 €/Kg"
Gogo SqueeZ Snack Maçã e Manga,Gogo,Embalagem de 90g,"2,29 €","6,94 €/L"
Discos Sanitários Activos Aparelho Lavanda,WC Pato,Embalagem de 36 ml,"2,99 €","74,75 €/Kg"
Caderno Agrafado Capa Preta |A4 Pautado,Domédia,1 unidade,"2,29 €","2,29 €/Unidade"
Jardineira,PorSi,Embalagem de 400 g,"1,89 €","1,89 €/Kg"
Doce de ameixa com frutose,Salutem,Embalagem de 330g,"4,49 €","13,61 €/Kg"
Desinfetante álcool gel spray,PorSi,100 ml,"5,24 €","5,24 €/Unidade"
Limpa carpetes,PorSi,Embalagem de 1 litro,"2,29 €","2,29 €/L"
"Pasta de arquivo, lombada estreita, vermelha",Domédia,1 unidade,"1,49 €","1,49 €/Unidade"
Máscara Split Remedy,Tresemmé,Embalagem de 300 ml,"1,00 €","5,00 €/L"
Spray power&shine multiusos c/ lixívia,Cif,Garrafa de 750 ml,"0,79 €","0,79 €/L"
Sumo essencial pera,Compal,pack 3 x 0.11 l,"2,29 €","6,94 €/L"
Aguardente velhíssima,São Domingos,Garrafa de 0.70 l,"12,79 €","18,27 €/L"
Areia para gatos 100% natural,PorSi,Embalagem de 5 kg,"1,19 €","0,24 €/Kg"
Leite condensado,PorSi,Embalagem de 397 g,"1,09 €","2,75 €/Kg"
Cogumelos laminados,PorSi,Embalagem de 185 g,"1,79 €","2,29 €/Kg"
20 saquetas chá de frutos silvestres,Lipton,Embalagem de 30g,"44,50 €/Kg","44,50 €/Kg"
Actimel tutti-frutti,Danone,Embalagem de 6 x 100g,"4,15 €/Kg","4,15 €/Kg"
Abacaxi crocante sem glúten,Fruut,Embalagem de 20g,"11,44 €/Kg","11,44 €/Kg"
Tesoura para esquerdinos com 13 cm,Maped,unidade,"2,19 €","109,50 €/L"
Champô anti-caspa,Labell,Embalagem de 400 ml,"5,59 €","13,98 €/L"
Sumo de laranja,Andros,Embalagem de 1 l,"1,09 €","0,73 €/L"
Lulas recheadas,Piteu,Embalagem de 120g,"0,89 €","7,42 €/Kg"
Arroz vaporizado,PorSi,Embalagem de 1 kg,"0,99 €","0,99 €/Kg"
Farinha para pão integral,Nacional,Embalagem de 1 kg,"1,99 €","1,99 €/Kg"
Bolachas cracker sem sal,PorSi,Embalagem de 500g,"0,39 €","3,12 €/Kg"
20 saquetas chá de pêssego manga,Lipton,Embalagem de 40g,"44,50 €/Kg","44,50 €/Kg"
Soro fisiológico,PorSi,Embalagem de 100 ml,"0,59 €","5,90 €/L"
Barras fitness chocolate de leite,Nestle,Embalagem de 135 g,"1,29 €","10,24 €/Kg"
Pensos Higiénicos Cottonlike Normal Abas,Evax,embalagem de 16 unidades,"1,42 €","1,42 €/Unidade"
Gomas starmix,Haribo,Embalagem de 90g,"1,19 €","3,97 €/Kg"
Queijo mascarpone,Páturages,Embalagem 250G,"1,59 €","6,36 €/Kg"
Vinho regional tejo 3 castas branco,Fiuza,Garrafa de 750 ml,"4,99 €","6,65 €/L"
Ice tea de pêssego,PorSi,"Embalagem de 1,5 l","1,14 €","0,76 €/L"
Leite de pastagem meio gordo,Terra Nostra,Embalagem de 1 l,"0,81 €","0,81 €/L"
O cacau puro,Cemporcent,Embalagem de 200g,"2,29 €","11,45 €/Kg"
Croquetes vegetais,PorSi Viva Bem,Embalagem de 220g,"1,89 €","6,30 €/Kg"
Atum posta em óleo vegetal,PorSi,Embalagem de 385g,"0,89 €","7,42 €/Kg"
Ervilhas,Iglo,"Embalagem de 1,125 kg","1,89 €","1,89 €/Kg"
Leite uht magro,Mimosa,Embalagem de 1 litro,"0,81 €","0,81 €/L"
Pudim Rico em Proteína de Chocolate,Ehrmann,Embalagem de 200g,"1,19 €","2,59 €/Kg"
Molho de maionese com alho e ervas,PorSi,Garrafa de 120 ml,"0,70 €","2,33 €/Kg"
Ananás pedaços em calda,PorSi,Embalagem de 565g,"1,99 €","2,37 €/Kg"
Manteiga de amendoim crocante,Prozis,Embalagem de 500g,"4,49 €","13,61 €/Kg"
Massa em espirais,PorSi,Embalagem de 500g,"0,89 €","1,78 €/Kg"
Creme bio mãos e unhas,Labell Bio,75 ml,"1,03 €","10,30 €/L"
Mochila flower & birds,*,1 unidade,"19,90 €","19,90 €/Unidade"
Vinho do Porto 10 anos,Cruz,"Garrafa de 0,75L c/ Caixa de Madeira","10,99 €","14,65 €/L"
Pensos de incontinência Maxi,Ausonia,Uma embalagem - 12Unidades,"1,95 €","1,95 €/Unidade"
Uva s/ grainha grimson,Vale Bom,Embalagem de 500 g,"0,75 €","2,99 €/Kg"
Na-fpequilib/integral 6kg,Nacional,Embalagem de 1 kg,"1,99 €","1,99 €/Kg"
Bolacha shortcake chocolate,Nacional,Embalagem de 180g,"1,69 €","6,76 €/Kg"
Endívias,Legumes do Dia,450 g,"0,62 €","2,49 €/Kg"
Pudim caramelo,PorSi,Embalagem de 90g,"0,59 €","29,50 €/Kg"
Mel rosmaninho 500g,SERRAMEL,Embalagem de 500G,"4,89 €","9,78 €/Kg"
Cachaça,Pitu,Garrafa de 700 ml,"17,49 €","24,99 €/L"
"Tesoura 6""",Time Office,1 unidade,"1,69 €","1,69 €/Unidade"
Snack para gato seaside,Felix,Embalagem de 60g,"0,99 €","16,50 €/Kg"
Alimento seco p/ cão raça pequena,PorSi Select,Embalagem de 3kg,"12,95 €","3,24 €/Kg"
Leite evaporado,PorSi,Embalagem de 410g,"1,09 €","2,75 €/Kg"
Spray renova camurça preta,PorSi,Embalagem de 200 ml,"5,09 €","20,36 €/L"
Refrigerante com gás free,Seven-up,"Garrafa de 1,25 l","0,40 €/L","0,40 €/L"
Sardinhas em óleo picante,Ramirez,Embalagem de 130g,"0,89 €","7,42 €/Kg"
Limpa vidros azul,PorSi,Embalagem de 1 l,"3,99 €","0,80 €/L"
Aveia instantânea em pó 1250 g bolacha,Prozis,"Embalagem de 1,25 kg","2,29 €","11,45 €/Kg"
Camarão Selvagem Madagáscar 60/80,Nossa seleção,vendido ao peso,"4,99 €","4,99 €/Kg"
"Ice tea, pêssego",PorSi,"Embalagem de 6x0,20 l","1,14 €","0,76 €/L"
Jaca em calda,Koala,Embalagem de 570g,"1,99 €","2,37 €/Kg"
Chá noite super tranquila,PLANTANATU,Embalagem de 10 unidades,"1,19 €","1,19 €/Unidade"
Sabonete regular,Dove,Embalagem de 400 g,"1,99 €","12,44 €/Kg"
Fita Adesiva Brico Facil Especial Dupla Face,Ceys,1 unidade,"3,99 €","3,99 €/Unidade"
Açafrão das Índias,PorSi,Embalagem de 50g,"0,25 €","0,25 €/Kg"
Chocolate pastilhas,Pantagruel,Embalagem de 200g,"1,04 €","8,32 €/Kg"
Molho cervejeira 8 cubos,Knorr,Embalagem de 70g,"3,84 €","24,00 €/Kg"
Pudim flan,El mandari,Embalagem de 10g,"0,59 €","29,50 €/Kg"
Gelado cornetto morango,Olá,Embalagem de 6 x 90 ml,"5,99 €","16,64 €/L"
Queijo de mistura curado,Seia,Embalagem de 250g,"5,99 €","23,96 €/Kg"
5 gouaches de cores primárias,Domédia,Uma embalagem,"4,69 €","4,69 €/Unidade"
"Bombons de chocolate, praleine",Schogetten,Embalagem de 100g,"5,30 €/Kg","5,30 €/Kg"
Suiss'fruits fruta 12x50g,PorSi,Embalagem de 600g,"1,05 €","1,86 €/L"
Bombom Caja Roja,Nestlé,Embalagem de 200G,"2,99 €","29,90 €/Kg"
Vinho bag-in-box tinto,C.alqueva,Garrafa de 5 l,"9,49 €","1,90 €/L"
Sobremesa láctea com chocolate e drageias de chocola...,Páturages,Embalagem de 4X120 g,"0,55 €","2,75 €/Kg"
Leite uht meio gordo,Mimosa,Embalagem de 1 litro,"0,81 €","0,81 €/L"
Polpa tomate biológico,Guloso,Embalagem de 500g,"2,99 €","5,98 €/Kg"
Formas de alumínio redondas 650 ml,PorSi,5 unidades,"1,29 €","1,29 €/Unidade"
Banana da  Madeira,Fruta do Dia,1 un= 200 gr (aprox.),"0,58 €","2,89 €/Kg"
Plantanatur detox rapid,PLANTANATU,Garrafa de 500 ml,"7,59 €","126,50 €/Kg"
8 salsichas aves,Izidoro,Embalagem de 200g,"0,75 €","3,75 €/Kg"
Ovas lumpo negras,Martiko,Embalagem de 50 g,"0,89 €","7,42 €/Kg"
Xarope de groselha,Xarão,Garrafa de 1 l,"4,89 €","6,61 €/L"
Martini fiero,Martini,Garrafa de 750 ml,"11,99 €","11,99 €/L"
Amendoim cremoso,Cemporcent,Embalagem de 510g,"4,49 €","13,61 €/Kg"
Pera Rocha 60/65,Programa Origens,1 un = 130 gr (aprox.),"0,27 €","1,49 €/Kg"
Molas de madeira,PorSi,36 unidades,"0,89 €","0,89 €/Unidade"
Iogurte sabor a coco,PorSi,Embalagem de 4 x 125 g,"1,87 €","1,25 €/Kg"
Multivitaminas de a a z (cápsulas),Forma+,Embalagem de 25g,"7,59 €","126,50 €/Kg"
Leite Hidratante Óleos Maravilhosos,Ultra Suave,Embalagem de 400 ml,"4,49 €","11,23 €/L"
18 nuggets de frango,Capitão Iglo,Embalagem de 380g,"9,30 €/Kg","9,30 €/Kg"
Queijo fresco de ovelha,Santiago,Embalagem de 70g,"1,09 €","5,45 €/Kg"
Salsichas extra suculentas de frango,Nobre,Frasco de 210g,"0,75 €","3,75 €/Kg"
Lava tudo brilhante madeiras,PorSi,Embalagem de 1.1 litros,"4,39 €","14,63 €/L"
Creme de amendoim chunk 340g,Skippy,Embalagem de 340g,"4,19 €","12,32 €/Kg"
Gel Banho Excite,Axe,Embalagem de 400 ml,"5,99 €","14,98 €/L"
Petit gâteau chocolate negro belga,PorSi,Embalagem com 4 unidades,"2,49 €","7,55 €/Kg"
Massa alimentícia spaghetti,Barilla,Embalagem de 500g,"1,94 €","3,88 €/Kg"
Esterilizador 2 em 1 - Frio e Microondas,Neo Baby,1 unidade,"15,99 €","15,99 €/Unidade"
Magnum mini white mix,Olá,Embalagem de 6 x 55 ml,"5,99 €","16,64 €/L"
"Fiambre extra, fatiado",PorSi,Embalagem de 200g,"0,97 €","6,49 €/Kg"
Tablete de chocolate meio amargo,Toblerone,Embalagem de 100g,"16,67 €/Kg","16,67 €/Kg"
Marmelada,Ferbar,Embalagem de 800g,"1,09 €","2,42 €/Kg"
Queijo brie 60% mg,Páturages,Embalagem de 200 g,"1,45 €","7,25 €/Kg"
"Detergente para máquina de loiça, gel, tudo em 1 reg...",Sun,Embalagem de 45 doses,"2,99 €","2,99 €/Unidade"
Iogurte arôma de frutos vermelhos,PorSi,Embalagem de 8x125 g,"1,87 €","1,25 €/Kg"
Massa de macarrão riscado,Nacional,Embalagem de 500g,"0,89 €","1,78 €/Kg"
Sobremesa gelatina de morango,PorSi,Embalagem 4X100G,"0,85 €","2,13 €/Kg"
Bagas de cranberry,Cemporcent,Embalagem de 125 g,"0,79 €","3,95 €/Kg"
Spray wc active clean wild,Ambipur,750 ml,"1,79 €","2,39 €/L"
Azeitona preta,PorSi,Embalagem de 560 g,"1,79 €","2,29 €/Kg"
Bolachas crackers com sal,PorSi,Embalagem de 500g,"0,39 €","3,12 €/Kg"
Vinho doc alentejo tinto,Albarrada,Garrafa de 750 ml,"2,89 €","3,85 €/L"
Sumo natural de cenoura bio,Cemporcent,Garrafa de 200 ml,"2,19 €","2,19 €/L"
Patê frango,La piara,Embalagem de 80g,"1,19 €","13,52 €/Kg"
Iogurte Activia Fibras Aveia & Frutos Secos,Danone,Embalagem 4x115g,"2,79 €","6,07 €/Kg"
"Recarga para ambientador elétrico, white bouquet duo",Air Wick,Embalagem de 2 unidades,"11,98 €","11,98 €/Unidade"
Lava Tudo Perfumado Lavanda,PorSi,Embalagem de 2 l,"0,99 €","0,50 €/L"
Iogurte grego natural açucarado sem lactose,PorSi Viva Bem,Embalagem de 240g,"0,99 €","1,98 €/Kg"
"Borracha mini softy, pack de 3 unidades",Maped,1 embalagem,"4,69 €","4,69 €/Unidade"
Gogo SqueeZ Snack de Maçã,Gogo,Embalagem de 4 x 90g,"2,29 €","6,94 €/L"
Mini tostas integrais,PorSi,Embalagem de 180g,"0,69 €","3,07 €/Kg"
"Toalhitas Higiénicas Adulto, 64unidades",Labell,Uma embalagem,"0,76 €","0,76 €/Unidade"
Iogurte líquido infantil morango e banana,PorSi,Pack 6 x 100 g,"1,17 €","1,83 €/Kg"
Sementes de girassol,PorSi Viva Bem,Embalagem de 200 g,"1,59 €","10,60 €/Kg"
Quiche lorraine,Monique Ranou,Embalagem de 400 g,"1,89 €","6,30 €/Kg"
Escova para lavar,PorSi,1 unidade,"2,20 €","2,20 €/Unidade"
Esferográfica Cristal Ouro e Prata x2,Bic,1 unidade,"2,69 €","2,69 €/Unidade"
Fralda cueca T4 - 8 a 14 kg,PorSi,22 unidades,"4,59 €","4,59 €/Unidade"
Bolachas ricanela,Cuetara,Embalagem de 400g + 100g grátis,"0,39 €","3,12 €/Kg"
Espumante Super Reserva Bruto,Raposeira,Garrafa de 0.75 l,"8,49 €","11,32 €/L"
Néctar de laranja,Bongo,Garrafa de 1 l,"0,99 €","0,99 €/L"
"Abacaxi ""Avião""",Fruta da Época,"Vendido ao peso, 1 un=1.5 kg aprox.","5,99 €","3,99 €/Kg"
Liegeois de chocolate,Milchfrisc,Embalagem de 200g,"0,55 €","2,75 €/Kg"
"Queijo regional de vaca, cabra e ovelha curado",Qj.saloio,Embalagem de 190g,"5,99 €","23,96 €/Kg"
Iogurte vidro pedaços morango,PorSi,Embalagem de 2 x 135 g,"1,49 €","2,98 €/Kg"
Pensos proteção calos,PorSi,embalagem com 9 unidades,"1,69 €","1,69 €/Unidade"
Queijo Roquefort AOC 52% M.G,Rocabret,Vendido ao peso a partir de 250 gr,"1,45 €","7,25 €/Kg"
Vermute bianco,Martini,Garrafa de 1 l,"11,99 €","11,99 €/L"
Creme vegetal soja,Planta,Embalagem de 250 gr,"1,39 €","6,95 €/L"
Furador com 2 furos,Domédia,1 unidade,"2,19 €","109,50 €/L"
Pêssego Vermelho,Fruta do Dia,1 un = 140 gr (aprox.),"0,35 €","2,49 €/Kg"
Batata pré-frita noisette,PorSi,Embalagem de 1 kg,"1,39 €","1,39 €/Kg"
Recarga mopa 1.2 spray max,Vileda,1 unidade,"2,20 €","2,20 €/Unidade"
Lixívia Tradicional,Neoblanc,Embalagem de 4 l,"1,74 €","0,35 €/L"
Areia para gato aglomerante,PorSi,Embalagem de 5 litros,"1,19 €","0,24 €/Kg"
Polpa de tomate em garrafa,Compal,Embalagem de 1 kg,"3,84 €","24,00 €/Kg"
Uva Branca,Programa Origens,Vendido ao peso,"0,75 €","2,99 €/Kg"
Polpa de cebola e alho,PorSi,Embalagem de 500 g,"3,84 €","24,00 €/Kg"
Bolachas waffers com recheio de limão,Cuetara,Embalagem de 150 gr,"0,98 €","4,67 €/Kg"
Iogurte natural,PorSi,Embalagem 12 x 125 g,"0,99 €","1,98 €/Kg"
Chá peso noite,PLANTANATU,Embalagem de 10 unidades,"1,19 €","1,19 €/Unidade"
Alga marinha tostada sushi nori,BLUEDRAGON,Embalagem de 11g,"2,99 €","271,82 €/Kg"
Brandy,Croft,Garrafa de 700 ml,"11,99 €","17,13 €/L"
Salsicha Picante,Porco,1 un = 100 gr (aprox.),"0,63 €","6,29 €/Kg"
Flocos de trigo integral,Cemporcent,Embalagem de 400g,"0,69 €","1,73 €/Kg"
Pó de talco,PorSi,Embalagem de 250g,"0,59 €","5,90 €/L"
Red Fish,Peixe Congelado,300 a 500 g,"3,99 €/Kg","3,99 €/Kg"
Bolacha de caramelo,Snapy,Embalagem de 250g,"2,11 €/Kg","2,11 €/Kg"
Café Torrado em Grão Indonésia,Delta,Embalagem de 220g,"9,96 €/Kg","9,96 €/Kg"
Cordon bleu,PorSi,Embalagem de 1 kg,"2,79 €","8,72 €/Kg"
Sopa de Cebola,PorSi,Embalagem de 62 g,"0,84 €","13,55 €/Kg"
Vinho branco frisante,Cacho Fresco,Garrafa de 0.75 l,"2,29 €","3,05 €/L"
Pudim flan,PorSi,Embalagem de 4 x 5.6 g,"0,59 €","29,50 €/Kg"
Diospiro de  Roer,Programa Origens,1 un = 250 gr  (aprox.),"1,00 €","3,99 €/Kg"
Gomas beijinhos,PorSi,Embalagem de 300 g,"1,19 €","3,97 €/Kg"
2 filetes de robalo,Iglo,Embalagem de 200g,"1,79 €","7,16 €/Kg"
Snack para gato de galinha e pato,Catisfactions,Embalagem de 60g,"0,99 €","16,50 €/Kg"
Creme de coentros sem batata,PorSi,Embalagem de 900 g,"1,19 €","2,98 €/Kg"
Vinho maduro branco,Ala dos namorados,Garrafa de 75 cl,"2,29 €","3,05 €/L"
"Vinho branco, região do alentejo, bag in the box",Navegante,Embalagem de 5 l,"9,49 €","1,90 €/L"
Cereais choco max,Nacional,Embalagem de 300 g,"5,07 €/Kg","5,07 €/Kg"
Creme Depilatório Peles Sensíveis,Veet,Embalagem de 200 ml,"10,99 €","73,27 €/L"
Sementes de chia,PorSi Viva Bem,Embalagem de 150 g,"1,59 €","10,60 €/Kg"
Super tea boost com vitamina b6,Tetley,Embalagem de 40g,"44,50 €/Kg","44,50 €/Kg"
Bombons Caja Roja,Nestlé,Embalagem 400 g,"2,99 €","29,90 €/Kg"
Bebida energética rossi,Monster,Garrafa de 500 ml,"5,39 €","5,39 €/L"
Rebuçados peitorais,Dr.bayard,Embalagem de 200g,"0,77 €","3,85 €/Kg"
Elixir junior,Aquafresh,Embalagem de 300 ml,"0,99 €","0,99 €/Unidade"
"Café em grão, lote superior",Delta,Embalagem de 1 kg,"9,96 €/Kg","9,96 €/Kg"
Iogurte pedaços pêssego/alperce,PorSi,Embalagem de 4x125g,"4,36 €","2,18 €/Kg"
Iogurte oikos pêssego,Danone,Embalagem de 4 x 110g,"1,49 €","2,98 €/Kg"
Lenços de bolso folha tripla,PorSi,9 x 30 unidades,"0,89 €","0,89 €/Unidade"
Batata Pré-Frita Croquettes,PorSi,Embalagem de 1 kg,"1,39 €","1,39 €/Kg"
Aperitivos de amendoins sal e mel,Matutano,Embalagem de 70g,"0,79 €","7,90 €/Kg"
Batatas fritas onduladas originais,Ruffles,Embalagem de 282g,"1,06 €","5,73 €/Kg"
Pinypon Ambulância de Mascotes,Pinypon,Uma unidade,"29,99 €","29,99 €/Unidade"
Ervilhas bio,PorSi Bio,Frasco com 290 g,"1,79 €","2,29 €/Kg"
Penso Higiénico Ultrafinos Abas Noite,PorSi,10 unidades,"1,42 €","1,42 €/Unidade"
Salsichas de tofu,Cemporcent,Embalagem de 200g,"4,85 €","14,70 €/Kg"
Argolas Romana,PorSi,Embalagem de 400 g,"1,79 €","7,16 €/Kg"
Gogo SqueeZ Snack Maçã,Gogo,Embalagem de 90g,"2,29 €","6,94 €/L"
Achocolatado em pó,Ovomaltine,Embalagem de 400g,"5,39 €","7,19 €/Kg"
"Tiras limpa poros faciais, 6unidades",Labell,1 embalagem,"0,76 €","0,76 €/Unidade"
Perna de Frango do campo,PorSi Select,embalagem de 700 g (aprox.),"19,95 €","3,99 €/Kg"
Marcador Turbo Color x12,Giotto,Uma embalagem,"4,69 €","4,69 €/Unidade"
Fralda Cueca Banho Splashers T3,Dodot,1 Embalagem c/12 unidades,"4,59 €","4,59 €/Unidade"
Tomates Cacho Redondos Biológicos,PorSi Bio,± 400 g,"0,87 €","3,49 €/Kg"
Lenços de bolso 4 folhas,PorSi,Embalagem de 18 x 10 unidades,"0,89 €","0,89 €/Unidade"
Licor frutos tropicais,Safari,Garrafa de 700 ml,"16,99 €","24,27 €/L"
30 Sacos de Lixo,Fino,Capacidade: 35L,"1,79 €","1,79 €/Unidade"
Cocktail limão,Bar Royal,Garrafa de 750 ml,"8,49 €","11,32 €/L"
Recarga Esfregona de Microfibras,PorSi,1 unidade,"0,89 €","0,89 €/Unidade"
Bacalhau com natas,PorSi,Embalagem de 380g,"1,79 €","7,16 €/Kg"
Havana club-añejo 7 anos,Havana,Garrafa de 700 ml,"17,49 €","24,99 €/L"
Oikos morango 110g x4,Danone,Embalagem de 440g,"1,49 €","2,98 €/Kg"
Ovos galinha solo L,PorSi,12 unidades,"1,39 €","1,39 €/Unidade"
Detergente Multiusos Spray,Ajax,Garrafa de 500 ml,"1,19 €","0,79 €/L"
"Guardanapos brancos, 33x33cm, 2 folhas, 90 unidades",Renova,Uma embalagem,"1,29 €","1,29 €/Unidade"
"Borracha mini softy, pack de 3 unidades",Maped,1 embalagem,"2,69 €","2,69 €/Unidade"
Pepino,Legumes do Dia,1 un = 300 gr  (aprox.),"0,57 €","1,89 €/Kg"
Choco flakes,Cuetara,Embalagem de 500g,"5,07 €/Kg","5,07 €/Kg"
Bebida essencial frutos vermelhos,Compal,Pack 3 x 0.11 l,"2,29 €","6,94 €/L"
Pescada 3 Chile,Peixe Congelado,1 un= 1 kg (aprox.),"3,99 €/Kg","3,99 €/Kg"
Berbigão Grande,Marisco Fresco,1 un = 250 gr  (aprox.),"4,99 €","4,99 €/Kg"
Água s/ gás,Luso,Pack 6 x 1.5 l,"1,04 €","0,17 €/L"
Néctar 8 frutos,Bongo,Pack 6 x 200 ml,"0,99 €","0,99 €/L"
Esparguete integral com aveia,Milaneza,Embalagem de 500g,"0,89 €","1,78 €/Kg"
Levedura de cerveja,Salutem,Embalagem de 150g,"2,29 €","11,45 €/Kg"
Lenços de bolso 6x10 - 3 folhas,PorSi,1 embalagem com 6 unidades,"0,89 €","0,89 €/Unidade"
Dentifríco anti-tártaro + branqueador,Colgate,Embalagem de 75 ml,"2,39 €","31,87 €/L"
"Sumo 100%, tutti-frutti",PorSi,"Embalagem de 1,5 l","1,09 €","0,73 €/L"
Vitamina c,PLANTANATU,Embalagem de 1 unidades,"7,59 €","126,50 €/Kg"
Gel de Banho Deeply Nourishing,Dove,Embalagem de 750 ml,"6,49 €","8,65 €/L"
Pensos Incontinência Mulher Discreet Normal,Tena,Embalagem com 24 unidades,"1,95 €","1,95 €/Unidade"
Bolachas bambolitos chocolate e leite,PorSi,Embalagem de 150g,"0,79 €","5,27 €/Kg"
Mistolin tira-nódoas,Mistolin,Garrafa de 500 ml,"1,79 €","2,39 €/L"
Fiambre da Pá,Salsicharia Limiana,1 un = 150 gr (aprox.),"0,97 €","6,49 €/Kg"
Detergente líquido baby,A+,24 doses,"19,99 €","19,99 €/Unidade"
"Detergente manual de loiça,limão",Fairy,Embalagem de 2x1.19L,"0,99 €","1,98 €/L"
Ambientador vela maçã e canela,PorSi,1 unidade,"4,99 €","4,99 €/Unidade"
Longueirão,Marisco Fresco,1 un = 250 gr  (aprox.),"4,99 €","4,99 €/Kg"
Cacau magro em pó,PorSi,Embalagem de 125 g,"1,04 €","8,32 €/Kg"
Cuecas Incontinência Homem Active Fit L,Tena,8 Unidades,"9,99 €","9,99 €/Unidade"
Tira Nódoas em Pó Cores,Skip,1 kg,"10,99 €","52,33 €/Kg"
Delta solúvel intenso,Delta,Embalagem de 200g,"14,50 €/Kg","14,50 €/Kg"
Forma de papel para bolos 6. 8cm,PorSi,Embalagem com 60 unidades,"0,54 €","0,54 €/Unidade"
Vinagre vinho branco 250ml,Cristal,Garrafa de 250 ml,"0,35 €","0,70 €/L"
Manteiga com sal e sem lactose,Mimosa,Embalagem de 250g,"0,99 €","1,98 €/Kg"
Espinafres folhas natur+ 400g,Bonduelle,Embalagem de 400G,"1,89 €","1,89 €/Kg"
Elixir Total Care Zero,Listerine,Embalagem de 500 ml,"5,99 €","11,98 €/L"
Champanhe bruto,Delagne & Fils,"Garrafa de 0,75 l","34,99 €","46,65 €/L"
Água c/ gás limão,Frize,pack 4 x 0.25 l,"2,85 €","2,85 €/L"
Detergente líquido máquina de roupa sabão natural,PorSi,86 Doses,"8,69 €","1,84 €/Kg"
Spray desinfetante multiusos,Lysol,Embalagem de 500 ml,"1,19 €","0,79 €/L"
Iogurte aroma de banana,PorSi,Embalagem de 4x125g,"1,87 €","1,25 €/Kg"
Peúga Pai Natal,B. Couto,Tecido,"7,99 €","7,99 €/Unidade"
Mini Tostas de Trigo,PorSi,Embalagem de 350 g,"0,69 €","3,07 €/Kg"
Tâmara seca sem caroço,PorSi Bio,Embalagem de 150g,"0,35 €","2,49 €/Kg"
"Alimento para peixe, tetrapond stickslago",Tetra,Embalagem de 1 l,"7,29 €","7,29 €/L"
Creme vegetal culinário,Vaqueiro,Embalagem de 250 g,"2,89 €","2,89 €/Kg"
Vinho rosé regional península de Setúbal,Selecção de Enófilos,Garrafa de 0.75 l,"8,59 €","11,45 €/L"
Manteiga c/ sal gourmet,Novacores,Embalagem de 250g,"1,69 €","6,76 €/Kg"
Guardanapos | Dim.: 30 x 33 cm,PorSi,Embalagem com 20 unidades,"1,29 €","1,29 €/Unidade"
Melão Amarelo,Fruta do Dia,Vendido ao peso | 1 un = 2.5 kg (aprox.),"0,75 €","2,99 €/Kg"
Alecrim em folhas,PorSi,Embalagem de 25g,"0,25 €","0,25 €/Kg"
Óleo 10w40 Semi-Sintectico,PorSi,Embalagem de 1 l,"41,99 €","8,40 €/L"
Biscottina com alho e salsa,RUSTICA,Embalagem de 100 g,"0,69 €","3,07 €/Kg"
Iogurte de morango sem lactose,PorSi Viva Bem,4 x 125 g,"0,99 €","1,98 €/Kg"
Esparguete s/ glúten,Milaneza,Embalagem de 500g,"2,99 €","7,97 €/Kg"
Tubo de Confetis 50 cm,Mercagranel,1 un.,"1,59 €","1,59 €/Unidade"
20 saquetas chá verde pure,Lipton,Embalagem de 30g,"85,00 €/Kg","85,00 €/Kg"
Chá earl grey,Lipton,Embalagem de 40g,"44,50 €/Kg","44,50 €/Kg"
Infusão funcho,Cemporcent,Embalagem de 10 unidades,"0,99 €","76,15 €/Kg"
Café 5 estrelas grão,Sical,Embalagem de 1 kg,"9,96 €/Kg","9,96 €/Kg"
Gelatina ananás 10kcal,Royal,Embalagem de 30g,"0,55 €","61,11 €/Kg"
Semente linhaça amarela,Salutem,Embalagem de 250g,"2,29 €","11,45 €/Kg"
Recarga  para esfregona tiras,PorSi,1 unidade,"0,89 €","0,89 €/Unidade"
Salsichão extra allnatural fatiado,Allnatural,Embalagem de 80g,"0,95 €","9,49 €/Kg"
Pudim caseiro de laranja,Royal,Embalagem de 200g,"0,59 €","29,50 €/Kg"
Salsichas Frescas Chipolatas,PorSi,Embalagem com 1 kg (aprox.),"4,85 €","14,70 €/Kg"
Porto branco,Valadao,Garrafa de 750 ml,"11,99 €","15,99 €/L"
Fralda Cueca Activity Extra Tamanho 5,Dodot,Embalagem com 40 uni.,"4,59 €","4,59 €/Unidade"
Azeite virgem extra seleção,PorSi,Garrafa de 2 l,"3,19 €","4,25 €/L"
Vinho frisante rosé,Lapadas,Garrafa de 750 ml,"2,29 €","3,05 €/L"
Caderno Agrafado Capa Preta |A5 Pautado,Domédia,1 unidade,"1,09 €","1,09 €/Unidade"
Ração para Gato Esterilizado com Vaca,Purina One,"Embalagem de 1,5 kg","12,99 €","4,33 €/Kg"
Muesli nozes,PorSi,500 g,"2,28 €","4,56 €/Kg"
Granola aveia fitness mel,Nestle,Embalagem de 300g,"5,59 €","8,87 €/Kg"
Farinha láctea cerelac,Cerelac,Embalagem de 500g,"4,49 €","4,49 €/Kg"
Lombos de salmão,PorSi,Embalagem de 300g,"4,39 €","10,98 €/Kg"
Vinho tinto alentejo,Loios,Garrafa de 750 ml,"2,89 €","3,85 €/L"
Banha,PorSi,Embalagem de 940 g,"2,89 €","2,89 €/Kg"
Creme vegetal para cozinha,Becel,Embalagem de 450 g,"1,39 €","6,95 €/L"
Marmelada,PorSi,Embalagem de 450g,"1,09 €","2,42 €/Kg"
Rebuçados drops recheio de fruta,PorSi,Embalagem de 250g,"2,30 €","57,50 €/Kg"
Gel wc anticalcário sem lixívia,PorSi,"Garrafa de 1,5 l","2,79 €","3,99 €/L"
Lentilhas verdes mini,Cemporcent,Embalagem de 500g,"1,94 €","3,88 €/Kg"
Cá drenó volum,PLANTANATU,Embalagem de 10 unidades,"1,19 €","1,19 €/Unidade"
"Esferográfica, 4 cores",Bic,1 unidade,"2,69 €","2,69 €/Unidade"
Crepes de legumes,PorSi,Embalagem de 310g,"1,79 €","7,16 €/Kg"
"Vela em número, nº 6",PorSi,1 unidade,"0,60 €","0,60 €/Unidade"
Chocolate kit kat,Kit kat,Embalagem de 210g,"11,93 €/Kg","11,93 €/Kg"
Maçã Red Chief 75/80,Programa Origens,1 un = 200 gr (aprox.),"0,27 €","1,49 €/Kg"
Azeite virgem delicado,Gallo,Garrafa de 750 ml,"3,19 €","4,25 €/L"
Néctar clássico de pera,Compal,Garrafa de 200 ml,"0,99 €","0,99 €/L"
Iogurte pedaços ananás,PorSi,Embalagem de 4 x 125 g,"4,36 €","2,18 €/Kg"
Mistura para exóticos,Canto Alegre,Embalagem de 1K,"2,49 €","2,49 €/Kg"
Lava Tudo Amoniacal,Sonasol,"Garrafa de 1,3 l","0,99 €","0,50 €/L"
Tablete de chocolate leite com amêndoas,PorSi Select,200 g,"6,50 €/Kg","6,50 €/Kg"
Moscatel de Setúbal Superior 10 Anos,Bacalhôa,Garrafa de 0.75 l,"5,99 €","7,99 €/L"
"Frigideira anti-aderente, 24cm",PorSi,1 unidade,"11,99 €","11,99 €/Unidade"
Caderno Espiral Universal A5 Quadriculado,Domédia,1 un.,"2,29 €","2,29 €/Unidade"
Anticongelante vermelho 20%,PorSi,Embalagem de 1 l,"3,99 €","0,80 €/L"
Estojo triplo alpaca,*,1 unidade,"19,90 €","19,90 €/Unidade"
Peito de peru fatiado,PorSi,Embalagem de 200g,"2,25 €","11,25 €/Kg"
Vinho regional alentejano bag-in-box branco,Galitos,Garrafa de 5 l,"5,19 €","1,04 €/L"
Maionese,PorSi,Embalagem de 414 g,"0,70 €","2,33 €/Kg"
Caracol Médio,Nossa seleção,1 un = 250 gr (aprox.),"4,99 €","4,99 €/Kg"
Tablete de chocolate leite,Schogetten,Embalagem de 100g,"5,30 €/Kg","5,30 €/Kg"
Mistura vegetais para wok,PorSi,Embalagem de 750g,"1,89 €","1,89 €/Kg"
Sementes de girassol,Cemporcent,Embalagem de 150 G,"1,89 €","3,78 €/Kg"
Chupas Party Mix,PorSi,150 g,"3,40 €","28,33 €/Kg"
"Pensos diários maxiplus, 30 unidades",Evax,Uma embalagem,"1,79 €","1,79 €/Unidade"
Frutapura Pouch Banana Morango,Bledina,Embalagem de 85g,"2,29 €","6,94 €/L"
Pensos Higiénicos com Abas Cotton Protection 100% Or...,Ausonia,12 unidades,"1,42 €","1,42 €/Unidade"
Sabao azul e branco,PorSi,Embalagem de 400g,"1,09 €","2,73 €/Kg"
Fiambre da perna extra,PorSi,Pack Poupança de 2 x 170 g,"0,97 €","6,49 €/Kg"
Sacos do lixo perfumado 30 litros,PorSi,15 unidades,"1,79 €","1,79 €/Unidade"
Ambientador tealights baunilha,PorSi,embalagem com 18 unidades,"4,99 €","4,99 €/Unidade"
"Bacalhau graúdo inteiro salgado, seco",Bacalhau da Islândia,1 un= 2.5kg (aprox.),"8,73 €/Kg","8,73 €/Kg"
Rolo Cozinha Meia Folha Adapt,Colhogar,2 rolos,"4,99 €","4,99 €/Unidade"
Fiambre da perna extra baixo teor de gordura fatias ...,PorSi Viva Bem,Embalagem de 200 g,"0,97 €","6,49 €/Kg"
Chocolate Extra Dark,After Eight,Embalagem de 400 g,"2,99 €","29,90 €/Kg"
Bolacha cream cracker,Cuetara,Embalagem de 200g,"0,39 €","3,12 €/Kg"
Bebida de soja e chocolate,PorSi Viva Bem,Embalagem de 1 l,"2,49 €","2,49 €/L"
Pato inteiro com miúdos,PorSi,Aproximadamente 2 kg,"19,95 €","3,99 €/Kg"
6 Salsichas Frescas Chipolatas com Ervas,PorSi,330 g,"0,63 €","6,29 €/Kg"
Café Moagem Universal Honduras,PorSi,Embalagem de 220g,"9,16 €/Kg","9,16 €/Kg"
Bastão de cola,Domédia,20 g,"2,19 €","109,50 €/L"
Caracoleta Riscada,Nossa seleção,Vendido ao peso,"4,99 €","4,99 €/Kg"
Espetadas de Peru,Peru,1 un = 150 gr (aprox.),"19,95 €","3,99 €/Kg"
Queijo fatiado cheddar,PorSi,Embalagem de 150 g,"1,56 €","7,80 €/Kg"
Feijoada transmontana,Nobre,Embalagem de 420g,"2,35 €","5,60 €/Kg"
"Amaciador de roupa, azul",Comfort,Garrafa de 4 l,"8,99 €","2,25 €/L"
18 hamburguers s/ glúten vaca,Capitão Iglo,Pack familiar com 1.4 kg,"2,79 €","8,72 €/Kg"
Líquido sanitário ação total pinho,WC Pato,Embalagem de 750 ml,"2,79 €","3,99 €/L"
Queijo dop cura 4 meses fatias,Sao jorge,Embalagem de 400g,"2,42 €","9,69 €/Kg"
Doce quatro frutos,ST.DALFOUR,Frasco de 284g,"2,19 €","9,95 €/Kg"
Raia à Posta,Peixe Congelado,Higienizado,"6,99 €","6,99 €/Kg"
Cerveja com álcool,Corona,"Embalagem de 6x0,355L","0,38 €","1,15 €/L"
Morangos 100% Naturais,PorSi,Embalagem de 750 g,"3,29 €","4,39 €/Kg"
Laranja biológica categoria II,PorSi Bio,Emb.: ± 500 g,"0,35 €","1,39 €/Kg"
Tinta Plástica Branca,Marilina,Embalagem de 15 l,"16,99 €","1,13 €/L"
Lixívia para roupa delicada,Vanish,Garrafa de 2 l,"4,49 €","1,12 €/L"
Couscous mediterrâneo com vegetais desidratados,Trevijano,Embalagem de 300g,"2,99 €","271,82 €/Kg"
Descafeinado em cápsulas Pianíssimo 10x5g,PorSi Select,Embalagem de 50g,"1,59 €","6,36 €/Kg"
Fósforos cozinha,Quinas,Embalagem com 4 caixas por unidade,"1,50 €","1,50 €/Unidade"
Beira interior colheita 2013,Beyra,Garrafa de 0.75 l,"2,92 €/L","2,92 €/L"
Toalhitas Bebé Nature,PorSi,64 unidades,"1,09 €/Unidade","1,09 €/Unidade"
Bolachas com recheio de chocolate,PorSi,Embalagem de 3 x 250 g,"2,15 €","2,87 €/Kg"
Lula,Peixe Congelado,1 un= 250 gr (aprox.),"3,99 €/Kg","3,99 €/Kg"
Actimel natural,Danone,Embalagem de 600g,"4,15 €/Kg","4,15 €/Kg"
Porto special reserva,Cruz,"garrafa de 0,75 l","10,99 €","14,65 €/L"
Pastilhas melão e melancia,Trident,Embalagem de 20g,"0,89 €","59,33 €/Kg"
Autobrilhante Branco,Búfalo,Embalagem de 50 ml,"2,59 €","2,59 €/Unidade"
Cereais nesquik,Nestle,Embalagem de 625g,"5,07 €/Kg","5,07 €/Kg"
Vela com número 4,PorSi,1 unidade,"0,60 €","0,60 €/Unidade"
Yofu com polpa de fruta,Alpro,Embalagem de 4x125 g,"3,09 €","6,18 €/Kg"
Fruta para bebé banana laranja bolacha +6 meses,Nestle,Embalagem de 90g,"0,74 €","8,22 €/Kg"
Pensos clássicos,PorSi,20 unidades,"1,69 €","1,69 €/Unidade"
Crepe maçã e canela,PorSi,Embalagem de 540 g,"2,49 €","7,55 €/Kg"
Gel ativo com lixívia,PorSi,Embalagem de 1.5 l,"1,19 €","0,79 €/L"
Bola mistura,Pão do Dia,1 unidade= 80 g,"0,19 €","2,38 €/Kg"
Elixir oil,Gliss,Embalagem de 75 ml,"1,00 €","5,00 €/L"
Peito de Frango do campo Lusitano,PorSi Select,embalagem de 500 g (aprox.),"19,95 €","3,99 €/Kg"
Mistura sol sem café granulado,PorSi,Embalagem de 200g,"1,64 €","6,56 €/Kg"
Café moagem universal brasil,Delta,Embalagem de 220g,"9,76 €/Kg","9,76 €/Kg"
Ovos galinha solo l,PorSi,6 ovos,"1,39 €","1,39 €/Unidade"
Feijão manteiga,Compal,Lata de 410 ml,"1,79 €","2,29 €/Kg"
Detergente líquido Ultra Concentrado Loiça Platinium...,PorSi,Embalagem de 500 ml,"0,99 €","1,98 €/L"
Caramelos e rebuçados,PorSi,Embalagem de 200g,"1,10 €","4,40 €/Kg"
Azeite virgem extra gourmet,Gallo,Garrafa de 750 ml,"3,19 €","4,25 €/L"
Termo forte beringela/limão,PLANTANATU,Garrafa de 500 ml,"7,59 €","126,50 €/Kg"
Alface Iceberg,Legumes do Dia,1 un= 400 g (aprox.),"0,80 €","1,99 €/Kg"
Leite seleccionado leve,Matinal,Garrafa de 1 l,"0,81 €","0,81 €/L"
Forra livros,Mab,,"2,19 €","109,50 €/L"
Pão ralado clássico,PorSi,Embalagem de 240 g,"0,55 €","2,29 €/Kg"
Elixir intense clean,Aquafresh,Embalagem de 500 ml,"5,99 €","11,98 €/L"
Limpeza Cozinha Vitro e Placas Spray,Mistolin,500 ml,"1,29 €","1,72 €/L"
Salada de fruta em calda,PorSi,Embalagem de 3 x 220 g,"1,99 €","2,37 €/Kg"
Achocolatado em pó extra chocolate,Nesquik,Embalagem de 390g,"5,39 €","7,19 €/Kg"
Leite uht meio gordo,Nova Açores,Embalagem de 1 litro,"0,81 €","0,81 €/L"
Bebida Solúvel Mokambo Chicória e Café,Nestle,Embalagem de 240g,"14,50 €/Kg","14,50 €/Kg"
Nata uht para bater,Gresso,Garrafa de 200 ml,"0,75 €","3,75 €/L"
"Caixa com saquetas de  pau de canela, 30 unidades",PorSi,Embalagem 90G,"0,25 €","0,25 €/Kg"
"Batata frita wavy, ondulada",PorSi,Embalagem de 90g,"1,06 €","5,73 €/Kg"
Refeição caseira almôndegas,Nobre,Embalagem de 420g,"2,35 €","5,60 €/Kg"
"Pasta dentífrica, 7-13 anos",Labell,Embalagem de 75 ml,"0,99 €","0,99 €/Unidade"
Acetona,PorSi,Embalagem de 200 ml,"1,89 €","9,45 €/L"
Bandas de cera axilas/bikini,Labell,Embalagem com 16 un. + 4 toalhitas de acabamento,"3,11 €","3,11 €/Unidade"
"Cueca de incontinência, adulto, pequena",PorSi,Embalagem com 14 unidades,"9,99 €","9,99 €/Unidade"
Pack de 3 embalagens de polpa de tomate,Compal,Embalagem de 630g,"3,84 €","24,00 €/Kg"
Bicarbonato de sódio,PorSi,Saqueta de 75 g,"0,75 €","15,00 €/Kg"
Café c/ cafeína intenso,Nescafe,Embalagem de 100g,"14,50 €/Kg","14,50 €/Kg"
Resguardo para bebé,PorSi,Dim.: 60 x 60 cm,"4,99 €/Unidade","4,99 €/Unidade"
Risott mediterrâneo,Trevijano,Embalagem de 280g,"2,99 €","271,82 €/Kg"
"Agrafos nº24/6, 2000 unidades",Maped,Uma embalagem,"1,79 €","1,79 €/Unidade"
Néctar de laranja e cenoura light,PorSi,Embalagem de 3 x 200 ml,"0,84 €","2,55 €/L"
Sortido tradição,Frusel,Embalagem de 250 g,"1,00 €","3,99 €/Kg"
Lentilhas verdes,Cemporcent,Embalagem de 500g,"1,94 €","3,88 €/Kg"
Yofu morango estilo skyr,Alpro,Embalagem de 400g,"3,09 €","6,18 €/Kg"
Escova plástica (cores sortidas),PorSi,1 unidade,"0,89 €","0,89 €/Unidade"
Loção tónica para pele seca,Labell,Embalagem de 250 ml,"0,76 €","0,76 €/Unidade"
Alheira de mirandela,PorSi Select,Embalagem de 200 g,"1,49 €","7,45 €/Kg"
Pipocas coloridas,Orcape,Embalagem de 100g,"0,79 €","7,90 €/Kg"
Bombons Quality Street,Nestlé,Embalagem de 265 g,"2,99 €","29,90 €/Kg"
Óleo alimentar,Vêgê,Embalagem de 1 l,"3,39 €","3,39 €/L"
Tablete de chocolate oreo,Milka,Embalagem de 300g,"5,30 €/Kg","5,30 €/Kg"
Chá barriguinha,PLANTANATU,Embalagem de 10 unidades,"1,19 €","1,19 €/Unidade"
Piripiri grão,PorSi,Saqueta de 20 g,"0,25 €","0,25 €/Kg"
Cerveja com álcool,Sagres,pack 24 x 0.25 l,"0,38 €","1,15 €/L"
Lou Provence Rosé,Peyrassol,0.75 litros,"6,89 €","9,19 €/L"
Barras Cereais Go Free Corn Flakes s/ Glúten,Nestle,Embalagem de 88g,"4,29 €","20,43 €/Kg"
Royal gelatin,Royal,Embalagem de 400g,"0,85 €","2,13 €/Kg"
"Bolachas relieve, mel e coco",PorSi,Embalagem de 700g,"2,82 €","9,40 €/Kg"
Pescada panada em forma de filete,Pescanova,Embalagem de 1 Kg,"4,39 €","10,98 €/Kg"
Chalotas,Legumes do Dia,embalagem de 250 g (aprox.),"0,25 €","0,99 €/Kg"
Fiambre da Perna Extra,PorSi,1 un = 150 gr (aprox.),"0,97 €","6,49 €/Kg"
"Escova de cabelo, brushing média",Labell,Uma unidade,"1,99 €","1,99 €/Unidade"
Aditivo tira-nódoas anti-odores,Vanish,"Embalagem de 1,786 litros","7,99 €","19,02 €/Kg"
Queijo fundido vaca que ri palitos light 140g,A Vaca Que Ri,Embalagem de 140g,"2,39 €","19,92 €/Kg"
Alimento seco p/ cão sénior,HappyOne,Embalagem de 4 kg,"12,95 €","3,24 €/Kg"
Alface Programa Origens,PorSi,Embalagem de 150 g,"0,99 €","0,99 €/Kg"
Vinho branco alentejo,Loios,Garrafa de 750 ml,"2,89 €","3,85 €/L"
Queijo Flamengo Bola 1/4,PorSi,Vendido ao peso,"1,56 €","7,80 €/Kg"
Feijão de soja,Cemporcent,Embalagem de 500g,"1,94 €","3,88 €/Kg"
Conjunto lata,Nivea,3 peças,"9,99 €","9,99 €/Unidade"
Manteiga com sal cuvete,LORETO,Embalagem de 250g,"1,69 €","6,76 €/Kg"
Camarão cozido 30/40,PorSi,Embalagem de 500 g,"2,00 €","7,99 €/Kg"
Penso Higiénico Ultrafinos Normal Abas,PorSi,28 unidades,"1,42 €","1,42 €/Unidade"
Chiclets morango 16.8g,CHICLETS,Embalagem de 20g,"0,89 €","59,33 €/Kg"
Queijo flamengo em Barra,Nova Açores,"Vendido ao peso, fatiado a partir de 100 gr","1,56 €","7,80 €/Kg"
Cubos de tamboril,Mar Ibérica,Embalagem de 250 g,"4,39 €","10,98 €/Kg"
Aptamil  prosyneo ha 2,Aptamil,Embalagem de 800g,"22,39 €","27,99 €/Kg"
Bolachas cream cracker sesamo,Vieira,Embalagem de 200g,"0,39 €","3,12 €/Kg"
Bolachas cereais e pepitas de chocolate,PorSi,Embalagem de 400 g,"0,90 €","6,00 €/Kg"
Bolacha dibus mini angry birds,Gullon,Embalagem de 250g,"1,89 €","15,75 €/Kg"
Pudim de chocolate,Boca Doce,Embalagem de 20g,"0,59 €","29,50 €/Kg"
Pensos higiénicos liberty normal sem abas,Evax,Embalagem com 12 un.,"1,42 €","1,42 €/Unidade"
"Abs odores lavanda, pack 2x150g",Glade,Embalagem de 2x150 g,"16,63 €/L","16,63 €/L"
Iogurte mix-in smarties baunilha,Nestle,Embalagem de 2 x 128 g,"1,05 €","1,86 €/L"
Cola Universal,Mab,20 cc,"1,69 €","1,69 €/Unidade"
Queijo de azeitão dop,Santiago,Embalagem de 240g,"4,50 €","17,99 €/Kg"
Almôndegas de bovino,PorSi,Embalagem de 400 g,"3,53 €","8,83 €/Kg"
Papa infantil láctea 5 frutos +6 meses,Cerelac,Embalagem de 250g,"4,49 €","4,49 €/Kg"
Whisky tullamore dew,Tullamore,Garrafa de 700 ml,"23,49 €","23,49 €/L"
Cerveja,Kings Bräu,Embalagem de 10x25 cl,"0,38 €","1,15 €/L"
Farinha para pão vitale,Nacional,Embalagem de 1 kg,"1,99 €","1,99 €/Kg"
Ambientador Arbre Limão,Arbre Magique,3 unidade,"2,89 €","2,89 €/Unidade"
Limpa injetores diesel,PorSi,Embalagem de 250 ml,"41,99 €","8,40 €/L"
Gamba Rosa Moçambique,PorSi,Embalagem de 800 g,"8,99 €","25,69 €/Kg"
Salsa,PorSi Bio,20 g,"0,11 €","2,29 €/Kg"
Abobora cubos,PorSi,Embalagem de 500g,"1,89 €","1,89 €/Kg"
Sal marinho grosso,Vatel,Embalagem de 1 kg,"0,25 €","0,25 €/Kg"
Nutella,Nutella,Embalagem de 700g,"4,19 €","12,32 €/Kg"
Salsicha fresca merguez,PorSi,Embalagem de 330 g,"4,85 €","14,70 €/Kg"
Queijo roquefort,Páturages,Embalagem de 150 g,"1,45 €","7,25 €/Kg"
Cebola nova,Programa Origens,1 un = 250 gr  (aprox.),"0,25 €","0,99 €/Kg"
Sumo essencial kids,Compal,pack 3 x 0.11 l,"2,29 €","6,94 €/L"
Ambientador aerossol 5 em 1 lavanda,PorSi,300 ml,"0,99 €","3,30 €/L"
Guache,Giotto,6 x 7.5 ml,"3,09 €","3,09 €/Unidade"
Legumes grelhados,PorSi,Embalagem de 750g,"1,89 €","1,89 €/Kg"
Cebola picada em pacote,PorSi,Embalagem de 40 g,"0,25 €","0,25 €/Kg"
Paio do Lombo,PorSi,"Vendido ao peso, a partir de 100g","2,79 €","13,95 €/Kg"
Mortadela peru fatias,Elpozo,Embalagem de 150g,"1,05 €","6,99 €/Kg"
Infusão hipericão,Cemporcent,Embalagem de 10 unidades,"0,99 €","76,15 €/Kg"
Bebida arroz,Alpro,Embalagem de 1 l,"2,19 €","2,19 €/L"
Vela com número nº 6,PorSi,1 unidade,"0,60 €","0,60 €/Unidade"
Borracha para lápis e tinta,Domédia,1 unidade,"3,09 €","3,09 €/Unidade"
Moscatel de setúbal,Pioneiro,Garrafa de 750 ml,"16,99 €","24,27 €/L"
Puré batata doce,PorSi,Embalagem de 750g,"1,89 €","6,30 €/Kg"
"Pensos higiénicos clássico, 20 unidades",Reglex,Uma embalagem,"1,42 €","1,42 €/Unidade"
Alga wakame desidratada,Trevijano,Embalagem de 50g,"2,99 €","271,82 €/Kg"
Néctar de pera rocha e framboesa do Oeste Algarve,Compal,1 litro,"0,99 €","0,99 €/L"
