Nome,Marca,Unidade,Preço Primário,Preço Secundário
Tablete de chocolate amêndoa e caramelo,Milka,Embalagem de 300g,"6,50 €/Kg","6,50 €/Kg"
"Lixívia, perfume fresco",Neoblanc,Embalagem de 4 l,"2,19 €","1,10 €/L"
Miolo de camarão 80/100,Pescanova,Embalagem de 350g,"8,99 €","25,69 €/Kg"
Saqueta de puré de fruta | maçã + banana + morango,PorSi,90 g,"0,74 €","8,22 €/Kg"
Infusão de camomila,Tetley,Embalagem de 10g,"0,79 €","60,77 €/Kg"
Cabo de metal com rosca,PorSi,1.20 m,"2,20 €","2,20 €/Unidade"
Snack bio base de milho e aveia c/ amendoim,Gerber,Embalagem de 35g,"2,09 €","10,45 €/Kg"
Café solúvel + cereais,Delta,Embalagem de 200 g,"1,59 €","79,50 €/Kg"
Maxi folhado queijo/fiambre,Pastelaria do Dia,1 unidade = 125 g,"0,65 €","0,65 €/Unidade"
Recarga rolo tira pelos,PorSi,1 unidade,"1,09 €","1,09 €/Unidade"
Banda cera fria peles sensíveis p/corpo,Veet,Embalagem de 20 unidades,"3,11 €","3,11 €/Unidade"
Detergente Líquido p/ Loiça Original,Fairy,"Embalagem de 1,19 l","1,05 €","2,10 €/L"
Semente pevide abóbora,Salutem,Embalagem de 200g,"2,29 €","11,45 €/Kg"
Biscoitos integrais sementes de agave,PorSi Viva Bem,Embalagem de 150g,"1,45 €","11,15 €/Kg"
Vassoura cruzeta,PorSi,1 unidade,"2,20 €","2,20 €/Unidade"
Sabonete sensitive,Palmolive,Embalagem de 4x90 g,"4,49 €","12,47 €/Kg"
Penso diário normal,PorSi,Embalagem de 64 unidades,"1,79 €/Unidade","1,79 €/Unidade"
Iogurte pedaços ananás,PorSi,Embalagem de 4 x 125 g,"1,44 €","2,88 €/Kg"
Gel desinfetante casa de banho,Sonasol,Embalagem de 1.25 litros,"2,79 €","3,99 €/L"
Ração para gato esterilizado com peru,Friskies,Embalagem de 3 kg,"12,99 €","4,33 €/Kg"
Iogurte líquido morango,PorSi,Embalagem de 8x160 ml,"1,31 €","2,05 €/Kg"
"Queijo light, 8 porções",A Vaca Que Ri,Embalagem de 140 g,"2,39 €","19,92 €/Kg"
Queijo fresco magro,Matinal,Embalagem de 216 g,"1,09 €","5,45 €/Kg"
Sobremesa banana/laranja/bolacha,Nestle,Embalagem de 4 x 100 g,"2,89 €","7,23 €/Kg"
Vinho tinto regional alentejano,Tapada do Barão,Garrafa de 0.75 l,"2,89 €","3,85 €/L"
Espinafres,Florette,Embalagem de 300 g,"2,39 €","7,97 €/Kg"
Iogurte Pedaços Ananás 0% Matéria Gorda/Açúcares,Danone,4 x 120 g,"2,79 €","6,07 €/Kg"
Papel higiénico perfumado bouquet folha tripla,Foxy,4 + 2 rolos,"1,99 €","1,99 €/Unidade"
Vinho doc douro tinto,Papa Figos,Garrafa de 0.75 l,"7,49 €","9,99 €/L"
"Vinho rosé, meio seco",Leziria,Garrafa de 750 ml,"4,29 €","5,72 €/L"
Espadilha congelada,Peixe Congelado,Pescado no mar,"4,39 €","10,98 €/Kg"
Creme para calçado castanho,Splendor,80 ml,"0,99 €","19,80 €/L"
Queijo Brie M.Gorda 60%,President,Vendido ao peso a partir de 250 gr,"2,60 €","13,00 €/Kg"
Iogurte arôma de frutos vermelhos,PorSi,Embalagem de 8x125 g,"1,99 €","2,07 €/Kg"
8 hamburguers s/ glúten frango,Capitão Iglo,Embalagem de 480g,"9,50 €/Kg","9,50 €/Kg"
Palitos superfinos,PorSi,Embalagem de 400 unidades,"1,50 €","1,50 €/Unidade"
Gel de banho bio kids,Corine de Farme,300 ml,"6,49 €","8,65 €/L"
Ambientador sense e spray lavanda e jasmim,Glade,18 ml,"3,74 €","3,74 €/Unidade"
Néctar clássico laranja,Compal,Embalagem de 1 l,"0,99 €","0,99 €/L"
Desinfetante p/ Cozinha,Sanytol,Embalagem de 750 ml,"4,89 €","6,52 €/L"
Leite Bem Essencial Chocolate,Mimosa,Embalagem de 4 x 200 ml,"0,26 €","1,30 €/L"
"Vinho regional península de setúbal, colheita seleci...",Adega de Pegões,Garrafa de 0.75 l,"3,99 €","5,32 €/L"
Laranja Económica,Fruta do Dia,1 un = 250 gr  (aprox.),"0,32 €","1,29 €/Kg"
Esfregona Microfibras Eco,Vileda,1 un.,"0,89 €","0,89 €/Unidade"
Guardanapos 2 folhas azul e dourado,PorSi Select,40 unidades,"1,29 €","1,29 €/Unidade"
Gelado magnum after dinner,Olá,Embalagem de 10 x 35 ml,"5,99 €","16,64 €/L"
"Forma de papel para bolos, 9 cm, 60 unidades",PorSi,Uma embalagem,"0,99 €","0,99 €/Unidade"
Mortadela de peru com azeitonas,PorSi,1 un = 150 gr (aprox.),"1,05 €","6,99 €/Kg"
Manteiga magra baixo teor sal,President,Embalagem de 250g,"1,89 €","7,56 €/Kg"
Óleo de girassol,PorSi,garrafa de 3 litros,"3,39 €","3,39 €/L"
Depilatório homem gel,Veet,Garrafa de 200 ml,"12,99 €","12,99 €/Unidade"
Crescido,Bacalhau da Noruega,1 un = 1.5 kg (aprox.),"16,49 €","10,99 €/Kg"
Fraldas Activity Extra T5 |13-19 kg,Dodot,48 Unidade,"6,49 €","6,49 €/Unidade"
Salsichas de porco,Nobre,Lata de 200g,"0,75 €","3,75 €/Kg"
Spray tira gorduras eco,PorSi,Garrafa de 750 ml,"0,79 €","0,79 €/L"
Conjunto Sensuelle,Coquette,EAU DE TOILETTE 100 ML + R-ON 10 ML,"12,99 €","12,99 €/Unidade"
Salsichas frasco hot dog,PorSi,Embalagem 540G,"0,75 €","3,75 €/Kg"
Caixa Cubo Pearls,Jacquot,Embalagem de 200g,"1,59 €","31,80 €/Kg"
Marmelada em cubos,Ferbar,Embalagem de 200g,"1,09 €","2,42 €/Kg"
Arroz estufado,Caçarola,Embalagem de 1 kg,"1,26 €","1,26 €/Kg"
Pensos Higiénicos Ultra Air Dry C/ Abas,Ausonia,embalagem com 14 un.,"4,99 €","4,99 €/Unidade"
Não Mais Pregos Forte e Rápido,Pattex,Embalagem de 150 g,"1,69 €","1,69 €/Unidade"
Óleo Performa C3 5W40 Sintético,Galp,Embalagem de 1 l,"14,99 €","14,99 €/L"
Vinho regional lisboa reserva tinto,Mundus,Garrafa de 750 ml,"4,99 €","6,65 €/L"
Manteiga sem sal,Primor,Embalagem de 250g,"1,89 €","7,56 €/Kg"
Infusão melhores digestões,Cemporcent,Embalagem de 10 unidades,"0,79 €","60,77 €/Kg"
Papa infantil láctea maçã +6 meses,Cerelac,Embalagem de 250g,"4,99 €","4,99 €/Kg"
Polpa tomate biológico,Guloso,Embalagem de 500g,"3,65 €","7,30 €/Kg"
Chocolate negro 90% cacau bio,Cemporcent,Embalagem de 100g,"2,89 €","23,12 €/Kg"
Creme autobrilhante preto,Splendor,40 ml,"0,99 €","330,00 €/Kg"
Jogo Manhãs da Comercial,Clementoni,1 un.,"9,99 €/Unidade","9,99 €/Unidade"
Linguas de gato,PorSi,Embalagem de 200 g,"0,69 €","3,45 €/Kg"
Proteção de colchão | frente: 100% algodão; verso: p...,VZT,Dim.: 150 x 200 cm,"17,99 €","17,99 €/Unidade"
Nestlé® smarties® drageias de chocolate de leite 38g,SMARTIES,Embalagem de 40g,"2,29 €","17,62 €/Kg"
"Papel higiénico, seda, folha tripla, 4+2 rolos",Foxy,1 embalagem,"1,99 €","1,99 €/Unidade"
Atum posta em óleo,General,Embalagem de 110g,"0,89 €","7,42 €/Kg"
Disco voador para cão,Sandimas,26 cm,"14,99 €","14,99 €/Unidade"
"Vinho tinto regional, península de setúbal, bag-in-b...",Dom Campos,Garrafa de 5 l,"9,49 €","1,90 €/L"
Fraldas premium T4 - 9 a 15 kg,PorSi,50 unidades,"6,49 €","6,49 €/Unidade"
Bife da Vazia,Novilho,Vendido ao peso a partir de 800 g,"6,39 €","7,99 €/Kg"
Arroz extra longo branco,Oriente,Embalagem de 1kg,"1,26 €","1,26 €/Kg"
Gelado magnum mini double framboesa,Olá,Embalagem de 6 x 60 ml,"5,99 €","16,64 €/L"
Mopa com cabo,PorSi,1 unidade,"0,89 €","0,89 €/Unidade"
Remove Insectos,PorSi,Embalagem de 1 l,"3,99 €","0,80 €/L"
Arroz vaporizado,Cigala,Embalagem de 1 kg,"1,26 €","1,26 €/Kg"
Chá de gengibre,PLANTANATU,Embalagem de 20g,"1,19 €","1,19 €/Unidade"
Refresco em pó de ananás,PorSi,Embalagem de 40 g,"0,75 €","18,75 €/Kg"
Lixívia WC Gel Higienizante,Neoblanc,Embalagem de 700ml,"1,74 €","0,35 €/L"
Queijo fresco s/ lactose,Paiva,Embalagem de 130g,"1,09 €","5,45 €/Kg"
Coleira em nylon p/ cão  repelente 75cm,Repul' 7,Embalagem de 1 unidades,"14,99 €","14,99 €/Unidade"
Bolachas crackers integrais,PorSi,Embalagem de 500g,"0,39 €","3,12 €/Kg"
Vinho tinto,Pias,Garrafa de 5 l,"5,19 €","1,04 €/L"
Farinha de trigo sem fermento t65,PorSi,Embalagem de 1 kg,"1,99 €","1,99 €/Kg"
Pensos peles sensíveis XL,PorSi,5 unidades,"1,69 €","1,69 €/Unidade"
Creme vegetal culinário,Vaqueiro,Embalagem de 250 g,"1,59 €","6,36 €/Kg"
Bacalhau a bras,PorSi,Embalagem de 300g,"1,79 €","7,16 €/Kg"
Reparador de móveis escuro,Pronto,Embalagem de 100 ml,"4,39 €","14,63 €/L"
Bolachas cacau com recheio baunilha,PorSi,Embalagem de 176 g,"0,79 €","4,49 €/Kg"
Leite infantil confort 1 desde o nascimento,NAN,Embalagem de 800g,"23,99 €","29,99 €/Kg"
Ice tea de pêssego,PorSi,Garrafa de 2 l,"1,14 €","0,76 €/L"
"Creme Hidratante de Dia, pele normal",Bioten,Embalagem de 50 ml,"2,99 €","59,80 €/L"
Água mineral sem gás,Serra de Fafe,Embalagem de 6x1.5 lt,"1,04 €","0,17 €/L"
Lixívia para roupa tradicional,Neoblanc,Embalagem de 2 l,"2,19 €","1,10 €/L"
Couve Bróculo,Legumes do Dia,Vendido ao peso,"1,40 €","3,49 €/Kg"
Cogumelos inteiros,PorSi,Embalagem de 355 g,"2,19 €","2,81 €/Kg"
Seitan,Salutem,Embalagem de 300g,"0,69 €","0,69 €/Kg"
Maquina Depiladora Descartável Venus Basic,Gillette,Embalagem de 3 + 1 un. Grátis,"12,99 €","12,99 €/Unidade"
Azeite Subtil,Gallo,Garrafa de 750 ml,"3,29 €","4,39 €/L"
Bolachas barquette morango,Lu,Embalagem de 120g,"1,77 €","5,53 €/Kg"
Álcool canforado 85%,PorSi,Embalagem de 250 ml,"1,69 €","1,69 €/Unidade"
Limpa fornos normal,Mr.muscle,Embalagem de 300 ml,"1,79 €","2,39 €/L"
Spray recarga limpeza da cozinha,Cif,embalagem de 70 ml,"0,79 €","0,79 €/L"
Creme marisco,Knorr,Embalagem de 70g,"0,84 €","13,55 €/Kg"
Protetor Tomadas,Neo Baby,1 Embalagem c/10 unidades,"1,99 €","1,99 €/Unidade"
Lenços Bolso 15X10 3f,PorSi,1 Unidade,"0,89 €","0,89 €/Unidade"
Serpentinas,Mercagranel,Embalagem 20 Rolos,"0,59 €","0,59 €/Unidade"
Bala spray,Redex,Embalagem de 400 ml,"3,99 €","0,80 €/L"
Mousse limpeza refresh,Labell,Embalagem com 150ml,"12,48 €/L","12,48 €/L"
"Queijo flamengo, bola metade",Terra Nostra,Embalagem de 700g,"1,96 €","9,80 €/Kg"
Muesli tropical,Cemporcent,Embalagem de 500g,"0,69 €","1,73 €/Kg"
Óleo extra virgem de coco,Origensbio,Garrafa de 500 ml,"3,39 €","3,39 €/L"
Gogo SqueeZ Snack Banana,Gogo,Embalagem de 90g,"0,99 €","11,00 €/Kg"
"Fraldas Dry Fit, 12-25kg - Tamanho 5",Chicco,Embalagem de 34 unidades,"6,49 €","6,49 €/Unidade"
Iogurte fruta batida morango,Mimosa,Embalagem de 480g,"1,49 €","2,98 €/Kg"
Queijo p/ barrar s/ lactose,Philadelph,Embalagem de 150g,"1,75 €","17,50 €/Kg"
Bolachas recheadas com morango e cheesecake,Oreo,Embalagem de 150g,"0,79 €","4,49 €/Kg"
Natas pasteurizadas para bater,Nestle,Embalagem de 200 ml,"0,75 €","3,75 €/L"
Bolachas belgas manteiga,PorSi,Embalagem de 250g,"1,69 €","6,76 €/Kg"
Leite condensado,Nestle,Embalagem de 370g,"1,09 €","2,75 €/Kg"
Queijo creme de camembert,Président,embalagem de 125 g,"1,75 €","17,50 €/Kg"
Espreguiçadeira malibu antracite,Joluce,190 x 66 x 42 cm,"29,99 €","29,99 €/Unidade"
Detergente para loiça plus + limão,Super Pop,Embalagem de 1L,"1,05 €","2,10 €/L"
Lata de Brilho Preto,Búfalo,Embalagem de 75 ml,"0,99 €","19,80 €/L"
Azeite virgem extra gourmet,Gallo,Garrafa de 750 ml,"3,29 €","4,39 €/L"
Snacks para Cão Markies Mini,Pedigree,Embalagem de 500 g,"1,09 €","6,06 €/Kg"
Balão Happy New Year,Codipostal,46 cm,"0,59 €","0,59 €/Unidade"
Chá fresh verde e pêssego,Cemporcent,Embalagem de 18g,"44,50 €/Kg","44,50 €/Kg"
Vinho verde branco alvarinho,Qm,Garrafa de 0.75 l,"1,99 €","2,65 €/L"
Bebida amêndoa torrada sem açúcar,Alpro,Embalagem de 1 litro,"2,04 €","2,04 €/L"
Farinha integral,ESPIGA,Embalagem de 500g,"1,99 €","1,99 €/Kg"
Iogurte natural 0%,PorSi Viva Bem,Embalagem de 6 x 125 g,"1,48 €","3,08 €/Kg"
Vinagre de vinho branco,Cristal,Garrafa de 750 ml,"0,35 €","0,70 €/L"
Esfregona suave completa,Vileda,1 unidade,"0,89 €","0,89 €/Unidade"
Vinho tinto regional setúbal,Herdade da comporta,Garrafa de 0.75 l,"3,99 €","5,32 €/L"
Couve flor,PorSi,Embalagem de 750 kg,"0,74 €","1,85 €/Kg"
Patê figado de porco,La piara,Embalagem de 80g,"1,19 €","13,52 €/Kg"
"Agrafos nº24/6, 2000 unidades",Maped,Uma embalagem,"1,35 €","1,35 €/Unidade"
Porto ruby,Valadao,Garrafa de 750 ml,"5,99 €","7,99 €/L"
Adoçante comprimidos,PorSi,Embalagem de 250 saquetas,"5,99 €","23,96 €/Kg"
Vinho rosé regional península de Setúbal,Selecção de Enófilos,Garrafa de 0.75 l,"3,99 €","5,32 €/L"
Bolachas digestive chocolate,PorSi,Embalagem de 300g,"0,98 €","3,27 €/Kg"
Vinagre balsâmico de modena gourmet,Gallo,Garrafa de 250 ml,"0,35 €","0,70 €/L"
Batata frita palha,Pala-pala,Embalagem de 250g,"0,87 €","5,44 €/Kg"
Iogurte mix-in smarties baunilha,Nestle,Embalagem de 2 x 128 g,"4,23 €/Kg","4,23 €/Kg"
Atum filete azeite biológico,Tenorio,Embalagem de 120g,"0,89 €","7,42 €/Kg"
Iogurte oikos natural,Danone,Embalagem de 4 x 110g,"1,49 €","2,98 €/Kg"
Café solúvel sem cafeína,Nescafe,Embalagem de 20g,"1,59 €","79,50 €/Kg"
Água com gás sabor a tangerina,Frize,"Pack 4x 0,25l","1,99 €/L","1,99 €/L"
Bacalhau Graúdo Asa Branca,Bacalhau da Noruega,"1 un=2,5 kg (aprox.)","16,49 €","10,99 €/Kg"
"Patê de sardinha,atum e salmão",PorSi,Embalagem de 4 x 22 g,"1,19 €","13,52 €/Kg"
Grão de bico,Legumes secos,1 un = 100 gr. (aprox.),"0,32 €","3,19 €/Kg"
Gelado sandwich nata/chocolate,PorSi,Embalagem de 6x100 ml,"5,99 €","16,64 €/L"
Reparador de móveis escuro,PorSi,Embalagem de 200 ml,"4,39 €","14,63 €/L"
Arroz longo extra integral,Cacarola,Embalagem de 1 kg,"1,26 €","1,26 €/Kg"
Preparado em pó para pudim flan,El mandari,Embalagem de 19.2 g,"0,59 €","29,50 €/Kg"
Gogo SqueeZ Snack Morango,Gogo,Embalagem de 4 x 90g,"0,99 €","11,00 €/Kg"
Chocolate em pó 70% cacau,STARBUCKS,Embalagem de 300g,"5,39 €","7,19 €/Kg"
Favas ultracongeladas,PorSi,Embalagem de 400g,"0,74 €","1,85 €/Kg"
Comida húmida para gato júnior,PorSi,Embalagem de 4 x 100 g,"3,49 €","10,26 €/Kg"
"Cera cabelo, Paste Urban",Axe,Embalagem de 130 ml,"3,99 €","53,20 €/L"
Alho Seco Granel,Legumes do Dia,1 un = 100 gr (aprox.),"0,25 €","0,99 €/Kg"
Bollycao® dip dip,Bollycao,Embalagem de 43g,"1,59 €","19,88 €/Kg"
Queijo feta dop grego,Kolios,Embalagem de 200g,"7,45 €/Kg","7,45 €/Kg"
Polvilho azedo,PorSi,Embalagem de 500g,"2,29 €","4,58 €/Kg"
Chispalhada com feijão,Nobre,Embalagem de 420g,"2,35 €","5,60 €/Kg"
Confetis 80 gr sortido,Mercagranel,Embalagem de 80 gr,"0,99 €","0,99 €/Unidade"
Bombons Presente Frutos do Mar,Guylian,Embalagem de 125G,"1,59 €","31,80 €/Kg"
"Baton, soft rosa",Labello,Embalagem de 5 g,"0,58 €","0,58 €/Unidade"
Lenços de bolso kids,Renova,Embalagem sortida com 8 unidades + 2 grátis,"0,89 €","0,89 €/Unidade"
Pão ralado clássico,PorSi,Embalagem de 240 g,"0,72 €","3,00 €/Kg"
10 croquetes de carne,PorSi,Embalagem de 300 g,"1,79 €","7,16 €/Kg"
Limpa injetores gasolina,PorSi,Embalagem de 250 ml,"14,99 €","14,99 €/L"
"Engoma fácil, pistola",PorSi,Embalagem de 750 ml,"3,99 €","5,70 €/L"
Pedras limão,P.salgadas,Garrafa de 1 l,"1,99 €/L","1,99 €/L"
Leite creme,El mandari,Embalagem de 90g,"0,79 €","5,27 €/Kg"
Pastilhas peppermint,Smint,Embalagem de 35 g,"0,99 €","61,88 €/Kg"
Bebida avelã,Alpro,Embalagem de 1 litro,"2,04 €","2,04 €/L"
Café em grão 5 estrelas,Sical,Embalagem de 250g,"9,16 €/Kg","9,16 €/Kg"
Iogurte magro + gelatina framboesa,Mimosa,Embalagem de 4 x 120 g,"1,09 €","1,45 €/Kg"
Pudim de caramelo,Boca Doce,Embalagem de 20g,"0,59 €","29,50 €/Kg"
8 fantasias do mar,PorSi,Embalagem de 250g,"1,79 €","7,16 €/Kg"
12 Caldos de carne,PorSi,Embalagem de 127 g,"3,84 €","24,00 €/Kg"
Adoçante liquido,PorSi,Garrafa de 125 ml,"5,99 €","23,96 €/Kg"
Iogurte Oikos de Ananás,Danone,Embalagem de 4x110g,"1,49 €","2,98 €/Kg"
Smint tin eucalipto,Smint,Embalagem de 35 g,"1,08 €","5,40 €/Kg"
Pringles sour cream & onion,Pringles,Embalagem de 175g,"1,19 €","6,43 €/Kg"
Cogumelos laminados 1/2,PorSi,Embalagem de 355 g,"2,19 €","2,81 €/Kg"
Brandy,Constantin,Garrafa de 700 ml,"15,49 €","15,49 €/L"
Ketchup,PorSi,Embalagem de 300 g,"0,87 €","2,90 €/Kg"
Granola + classica,Cemporcent,Embalagem de 375g,"1,94 €","3,88 €/Kg"
Iogurte infantil c/ drageias coloridas,PorSi,140 g,"4,23 €/Kg","4,23 €/Kg"
Escova de dentes para criança 3 aos 5,Jordan,1 unidade,"0,99 €","0,99 €/Unidade"
Queijo snack gouda,PorSi,Embalagem de 100g,"1,96 €","9,80 €/Kg"
"Queijo, 8 porções",A Vaca Que Ri,Embalagem de 140g,"1,75 €","17,50 €/Kg"
Chiclets morango 16.8g,CHICLETS,Embalagem de 20g,"0,99 €","61,88 €/Kg"
Ração para gato adulto de interior,Friskies,Embalagem de 3 kg,"12,99 €","4,33 €/Kg"
Arroz extra longo integral,Saludaes,Embalagem de 1 kg,"1,26 €","1,26 €/Kg"
Água c/ gás: limão/pepino/gengibre,Frize,pack 4 x 0.25 l,"1,99 €/L","1,99 €/L"
Porto ruby,Ferreira,Garrafa de 750 ml,"5,99 €","7,99 €/L"
Bolacha de manteiga belga original,Saborosa,Embalagem de 220g,"1,69 €","6,76 €/Kg"
"Vinagre balsâmico, spray",Paladin,Garrafa de 250 ml,"0,35 €","0,70 €/L"
Empadão de carne produto pré-cozinhado ultracongelad...,PorSi,Embalagem de 350g,"7,99 €/Kg","7,99 €/Kg"
Danacol morango,Danone,Embalagem de 6 x 100 g,"4,15 €/Kg","4,15 €/Kg"
Adoçante green em pó,Canderel,Embalagem de 40g,"5,99 €","23,96 €/Kg"
Bolachas digestive finas de chocolate negro,Triunfo,Embalagem de 170 g,"0,79 €","5,27 €/Kg"
Adoçante à base de sucralose em pó,PorSi,Embalagem de 90g,"5,99 €","23,96 €/Kg"
20 saquetas chá yellow label,Lipton,Embalagem de 30g,"0,89 €","44,50 €/Kg"
Desodorizante roll-on Invisible,Rexona,Embalagem de 50ml,"1,39 €","6,95 €/L"
"Coloração permanente, castanho dourado, nº43",Nutrisse,1 unidade,"9,49 €/Unidade","9,49 €/Unidade"
Bloco Sanitário Sólido Poder Activo Pinho,Sonasol,Embalagem de 2x50 g,"2,99 €","74,75 €/Kg"
"Alimento para peixe, animin goldfish food",Tetra,Garrafa de 250 ml,"10,59 €","42,36 €/L"
Gelatina melancia 10kcal 31g,Royal,Embalagem de 30g,"0,55 €","61,11 €/Kg"
Vinho maduro tinto doc alentejo reserva,Albarrada,Garrafa de 75 cl,"2,89 €","3,85 €/L"
Sombrinhas decorativas,PorSi,Embalagem com 25 unidades,"0,59 €","0,59 €/Unidade"
Naperon redondo 35 cm,PorSi,Embalagem com 6 unidades,"1,29 €","1,29 €/Unidade"
Lambrusco rose,*,Garrafa de 750 ml,"1,99 €","2,65 €/L"
Azeite,PorSi,Garrafa de 1 l,"3,29 €","4,39 €/L"
"Compressas hipoalergenicas, 100 unidades",Labell,Uma embalagem,"1,69 €","1,69 €/Unidade"
Jogo Operação,Hasbro,1 unidade,"9,99 €/Unidade","9,99 €/Unidade"
Sumo 100% pêssego e uva,PorSi,Pack 3 x 200 ml,"1,09 €","0,73 €/L"
"Esfregona, algodão, completa",PorSi,1 unidade,"0,89 €","0,89 €/Unidade"
Guardanapos,PorSi,,"1,29 €","1,29 €/Unidade"
Requeijão de vaca,PorSi,Embalagem de 200 g,"1,09 €","5,45 €/Kg"
Esferográfica Vermelha Retratil 0.7mm,Mab,Embalagem com 1 un.,"3,29 €","3,29 €/Unidade"
Gengibre,Legumes do Dia,1 un = 100 gr (aprox.),"0,62 €","2,49 €/Kg"
Cogumelos laminados,PorSi,Embalagem de 185 g,"2,19 €","2,81 €/Kg"
"Limpa vidros cristal, pistola",PorSi,Embalagem de 1 l,"3,19 €","6,38 €/L"
Pickles em vinagre,PorSi,Embalagem de 200 g,"2,19 €","2,81 €/Kg"
Sobremesa paturette baunilha,Páturages,Embalagem de 4 x 115 g,"1,19 €","2,59 €/Kg"
Leite regular 3,Aptamil,Embalagem de 800 g,"23,99 €","29,99 €/Kg"
"Jogo ""Gira a Garrafa""",Concentra,1 unidade,"9,99 €/Unidade","9,99 €/Unidade"
Soja grossa,Cemporcent,Embalagem de 400g,"2,09 €","8,36 €/Kg"
Jogo Batalha Naval + Damas,Clementoni,1 unidade,"9,99 €/Unidade","9,99 €/Unidade"
Batata pom'duchesse,PorSi,Embalagem de 600g,"1,49 €","1,49 €/Kg"
Vermute Vibrante sem Álcool,Martini,Garrafa de 750 ml,"11,99 €","11,99 €/L"
Leite uht sem lactose magro,PorSi Viva Bem,1 litro,"2,19 €","2,19 €/L"
Queijo emmental ralado,PorSi Select,Embalagem de 200g,"7,45 €/Kg","7,45 €/Kg"
Vinho Verde Loureiro Branco,Aveleda,Garrafa de 0.75 l,"1,99 €","2,65 €/L"
Papa infantil láctea 5 frutos +6 meses,Cerelac,Embalagem de 250g,"4,99 €","4,99 €/Kg"
"Fita Isoladora, 2 Rolos",Itools,1 unidade,"1,69 €","1,69 €/Unidade"
Pão ralado alho e salsa,PorSi,Embalagem de 240 g,"0,72 €","3,00 €/Kg"
Bicarbonato de sódio,Globo,Embalagem de 230g,"0,75 €","15,00 €/Kg"
Limão,Fruta do Dia,1 un = 200 gr (aprox.),"0,32 €","1,29 €/Kg"
Vinho tinto península de setúbal,Adega de Pegões,Garrafa de 750 ml,"3,99 €","5,32 €/L"
Vinagre de vinho tinto,PorSi,Garrafa de 500 ml,"0,35 €","0,70 €/L"
Água com gás,Vimeiro,"Garrafa de 1,5 l","1,99 €/L","1,99 €/L"
Anéis Empilháveis,Baby Clementoni,1 unidade,"12,99 €/Unidade","12,99 €/Unidade"
Gel WC Desincustrante,Neoblanc,Embalagem de 700 ml,"2,79 €","3,99 €/L"
Laboratório Mecânica Camião de Mina,Clementoni,1 unidade,"9,99 €/Unidade","9,99 €/Unidade"
Café solúvel descafeinado,PorSi,Embalagem de 100G,"1,59 €","79,50 €/Kg"
Cocktail de marisco,PorSi,Embalagem de 400 g,"2,19 €","8,59 €/Kg"
Ameixa Vermelha,Fruta da Época,1 un = 250 gr  (aprox.),"0,29 €","2,09 €/Kg"
Lombo s/ Osso,Porco,Vendido ao peso a partir de 1 kg,"4,89 €","4,89 €/Kg"
Tomate frito,Heinz,Embalagem de 350g,"3,84 €","24,00 €/Kg"
Prato com naperon 30cm,PorSi,1 unidade,"0,99 €","0,99 €/Unidade"
Vinho tinto bag-in-box,Capataz,Embalagem de 5 l,"5,19 €","1,04 €/L"
Bolachas vitalday recheio avelã,Gullon,Embalagem de 220g,"2,82 €","9,40 €/Kg"
Gel de Banho Corpo e Cabelo Hidratante,Baby Dove,Embalagem de 400 ml,"4,99 €","16,63 €/L"
Buondi café em grão,Buondi,Embalagem de 220g,"9,16 €/Kg","9,16 €/Kg"
Vinho do porto special reserve,Velhotes,"garrafa de 0,75 l","9,99 €","13,32 €/L"
"Vela em número, nº 8",PorSi,1 unidade,"0,60 €","0,60 €/Unidade"
"Postas pescada nº3, para fritar",PorSi,Embalagem de 600 g,"4,39 €","10,98 €/Kg"
"Pimenta preta, moída, em frasco",PorSi,Embalagem de 43 g,"0,25 €","0,25 €/Kg"
Refresco pó laranja,PorSi,Embalagem de 40g,"0,75 €","18,75 €/Kg"
Leite condensado cozido,Nestle,Embalagem de 400g,"1,09 €","2,75 €/Kg"
Bolachas integrais,PorSi,Embalagem de 200g,"0,98 €","3,27 €/Kg"
Iogurte sabor pêssego morango e manga,Danone,Embalagem de 8 x 120 g com 1 grátis,"1,99 €","2,07 €/Kg"
Recarga p/ Esfregona |Eco,Vileda,,"0,89 €","0,89 €/Unidade"
Esferográfica Cor Sortida Média,Mab,Embalagem com 4 un.,"3,29 €","3,29 €/Unidade"
Ambientador carro recarga aqua,Ambipur,1 unidade,"2,99 €","2,99 €/Unidade"
Liégeois Sobremesa de chocolate,Páturages,Embalagem de 4x100 g,"1,19 €","2,59 €/Kg"
Leite com chocolate,Agros,Embalagem de 1 litro,"0,26 €","1,30 €/L"
Fruta Compal Essencial Laranja,Compal,pack de 3 x 110 ml,"0,99 €","11,00 €/Kg"
Plantanatur super cartilagem de tubarão,PLANTANATU,Embalagem de 1 unidades,"6,59 €","6,59 €/Unidade"
Cação Posta,Peixe Congelado Higienizado,1 un = 150 gr (aprox.),"6,99 €","6,99 €/Kg"
Mexilhão Médio Fresco,Marisco Fresco,Vendido ao peso,"0,69 €","2,29 €/Kg"
Caramelos de fruta,Penha,Embalagem de 100g,"1,19 €","4,76 €/Kg"
Creme de amendoim chunk 340g,Skippy,Embalagem de 340g,"4,39 €","12,91 €/Kg"
Papel vegetal 8m,Vileda,1 unidade,"1,11 €","1,11 €/Unidade"
Camarão Tigre 20/30 Congelado,Nossa seleção,,"2,00 €","7,99 €/Kg"
Vinho regional tejo 3 castas tinto,Fiuza,Garrafa de 750 ml,"4,99 €","6,65 €/L"
Jardineira,PorSi,Embalagem de 750 g,"0,74 €","1,85 €/Kg"
Gel Intimo Suave,Corine de Farme,250 ml,"0,59 €","5,90 €/L"
Cacetinho de trigo integral,Pão do Dia,90 g,"0,19 €","2,38 €/Kg"
"Rolos cozinha absorção Ultra, Maxi, 2 rolos",Foxy,1 embalagem,"4,99 €","4,99 €/Unidade"
Peito peru forno lenha fatias finas,Campofrio,Embalagem de 120g,"2,25 €","11,25 €/Kg"
Creme vegetal para culinária,PorSi,Embalagem de 250g,"1,59 €","6,36 €/Kg"
Detergente manual de roupa,Omo,Embalagem de 540g,"1,19 €","2,98 €/Kg"
Rolo de cozinha XXL,PorSi,1 rolo,"4,99 €","4,99 €/Unidade"
Creme calçado preto bisnaga,Búfalo,50 ml,"0,99 €","19,80 €/L"
Gelatina mirtilo 10kcal 31g,Royal,Embalagem de 30g,"0,55 €","61,11 €/Kg"
Corn flakes sem açúcar bio,Origensbio,Embalagem de 250 g,"1,49 €","2,98 €/Kg"
Detergente líquido Ultra Concentrado Loiça Platinium...,PorSi,Embalagem de 500 ml,"1,05 €","2,10 €/L"
Vinagre de sidra,Cristal,Garrafa de 500 ml,"0,35 €","0,70 €/L"
Macarron Framboesa,Dulcesol,Embalagem de 80G,"2,82 €","9,40 €/Kg"
Tortitas de milho sem sal,PorSi Viva Bem,Embalagem de 130g,"0,79 €","7,90 €/Kg"
Rolo de cozinha reciclado,PorSi,4 rolos,"4,99 €","4,99 €/Unidade"
Creme bio mãos e unhas,Labell Bio,75 ml,"2,49 €","41,50 €/L"
Gel de Duche Creme Care,Nivea,Embalagem de 750 ml,"6,99 €","9,32 €/L"
Espresso café arábica,PorSi,250 ml,"3,19 €","25,52 €/Kg"
Pao ralado classico 200g,ESPIGA,Embalagem de 200g,"0,72 €","3,00 €/Kg"
Vinho branco,Enc.bairro,Bag-in-box de 5L,"5,19 €","1,04 €/L"
Iogurte grego natural magro,PorSi Viva Bem,Embalagem de 1 kg,"1,48 €","3,08 €/Kg"
Iogurte magro morango,Longa vida,Embalagem de 6 x 120 g,"1,09 €","1,45 €/Kg"
Cebola picada,PorSi,Embalagem de 400 g,"0,74 €","1,85 €/Kg"
20 saquetas infusão de cidreira,Lipton,Embalagem de 20g,"0,79 €","60,77 €/Kg"
Batata frita lisas originais,Lay's,Embalagem de 160g,"1,06 €","5,73 €/Kg"
Batatas fritas lisas originais,Lay's,Embalagem de 282g,"1,06 €","5,73 €/Kg"
12 Preservativos Adapta Finíssimo XL,Control,,"4,49 €","4,49 €/Unidade"
Loção corporal,Nivea,Embalagem de 400 ml,"12,48 €/L","12,48 €/L"
Vela com número nº 3,PorSi,1 unidade,"0,60 €","0,60 €/Unidade"
Xarope de menta,Paquito,Garrafa de 0.75 lt,"3,69 €","4,92 €/L"
Alimento húmido para cão borrego,Pedigree,Embalagem de 300g,"0,75 €","2,50 €/Kg"
Saqueta de puré de fruta | maçã + pêssego + banana +...,PorSi,90 g,"0,74 €","8,22 €/Kg"
"Esferográfica cristal, 5 Uni",Bic,1 unidade,"3,29 €","3,29 €/Unidade"
Banda térmica alivio dor muscular 29x9cm,PorSi,Embalagem de 2 unidades,"1,69 €","1,69 €/Unidade"
Whisky,Cutty Sark,Garrafa de 700 ml,"23,49 €","23,49 €/L"
Bolachas com cobertura de chocolate,PorSi,Embalagem de 150g,"0,79 €","5,27 €/Kg"
Vinho Regional de Lisboa Rosé,Mundus,"Garrafa de 0,75 l","1,99 €","2,65 €/L"
Chá Aromatizado Pirâmide Mel/Limão/Ginseng,PorSi,20 x 2 g,"44,50 €/Kg","44,50 €/Kg"
Creme Depilatório Peles Sensíveis,Veet,Embalagem de 200 ml,"2,99 €","14,95 €/L"
Creme de Corpo Ultra Protetor,Corine de Farme,Embalagem de 500 ml,"0,59 €","5,90 €/L"
6 tulipas baunilha,Progelcone,Embalagem de 75 g,"2,57 €","7,79 €/Kg"
Vinho regional tejo,Plexus,Garrafa de 750 ml,"1,99 €","2,65 €/L"
Cuecas de incontinência Plus G,Ausonia,Uma embalagem - 8Unidades,"9,99 €","9,99 €/Unidade"
Bolachas com cobertura de chocolate de leite,Oreo,Embalagem de 250g,"0,79 €","4,49 €/Kg"
Perna com Costa,Frango,1 un. = 300 g (aprox.),"1,05 €","2,99 €/Kg"
Creme depilatório para peles normais,Labell,Embalagem de 200 ml,"2,99 €","14,95 €/L"
Vela em número nº4,PorSi,1 unidade,"0,60 €","0,60 €/Unidade"
Porto branco,Valadao,Garrafa de 750 ml,"6,65 €/L","6,65 €/L"
"Forma papel para bolos, 8. 4cm",PorSi,Embalagem com 60 unidades,"0,99 €","0,99 €/Unidade"
Queijo de vaca curado light amanteigado,PorSi,+/- 550 g,"25,45 €/Kg","25,45 €/Kg"
Néctar light de manga/laranja,Compal,Pack 3 x 200 ml,"0,84 €","2,55 €/L"
Infusão de camomila,Tetley,Embalagem de 10g,"85,00 €/Kg","85,00 €/Kg"
Papa infantil não láctea bolacha maria +6 meses,Cerelac,Embalagem de 250g,"4,99 €","4,99 €/Kg"
Refrigerante c/ gás ananás,Sumol,pack 4 x 1.25 l,"0,40 €/L","0,40 €/L"
Limpa carpetes,PorSi,Embalagem de 1 litro,"1,79 €","2,39 €/L"
Sangria tinta,PorSi,Garrafa de 1.5 litros,"2,39 €","1,59 €/L"
Bolacha maria junior doces,Vieira,Embalagem de 280g,"1,89 €","15,75 €/Kg"
Fralda Cueca de Banho 12 a 18 kg,Huggies,Embalagem com 11 un.,"8,49 €","8,49 €/Unidade"
Telemóvel Vibra e Capta,Chicco,1 unidade,"12,99 €/Unidade","12,99 €/Unidade"
Sacos cubos de gelo fecho manual,PorSi,Embalagem com 10 unidades,"1,11 €","1,11 €/Unidade"
Bolachas mini chips ahoy,Ca!,Embalagem de 160g,"0,90 €","6,00 €/Kg"
Peito de frango fatias finas,Nobre,Embalagem de 110g,"2,25 €","11,25 €/Kg"
After shave bálsamo sensitive,Labell Men,Embalagem de 100 ml,"1,16 €","4,64 €/L"
Spray renova camurça castanha,PorSi,Embalagem de 200 ml,"6,19 €","24,76 €/L"
Cerveja sagres,Sagres,20 x 0.25 l,"1,99 €/L","1,99 €/L"
Rolinhos waffletten milk,Bahlsen,Embalagem de 100g,"1,59 €","19,88 €/Kg"
Xaile com botões,Today,Dim.: 75 x 150 cm,"8,99 €","8,99 €/Unidade"
Leite 0% lactose magro,Mimosa,Garrafa de 1 l,"0,94 €/L","0,94 €/L"
Lava Tudo Amoniacal,Sonasol,4 litros,"0,99 €","0,50 €/L"
Chá preto,Tetley,Embalagem de 30g,"41,67 €/Kg","41,67 €/Kg"
Elixir Bocal ProExpert Proteção Profunda,Oral B,Embalagem de 500 ml,"5,99 €","11,98 €/L"
Amaciador para cabelos pintados,Labell,Embalagem de 200 ml,"1,00 €","5,00 €/L"
Pão Regional Rio Maior Inteiro,Pão do Dia,1 unidade= 450 g,"0,19 €","2,38 €/Kg"
Ice tea limão,Lipton,Embalagem de 1L,"1,14 €","0,76 €/L"
Pensos Higiénicos Cottonlike Normal Abas,Evax,embalagem de 16 unidades,"4,99 €","4,99 €/Unidade"
Creme p/ Calçado Castanho,Búfalo,Embalagem de 40 ml,"0,99 €","19,80 €/L"
Insecticida Casa e Plantas,Raid,400 ml,"5,49 €","13,73 €/L"
Mel em frasco de vidro,PorSi,Embalagem de 250g,"4,89 €","9,78 €/Kg"
Bife da Pá,Novilho,Vendido ao peso a partir de 800 g,"6,39 €","7,99 €/Kg"
Batata pré-frita rodelas para saltear,PorSi,Embalagem de 1 kg,"1,49 €","1,49 €/Kg"
Halls Mini Mints Menta,Halls,12.5 g,"1,08 €","5,40 €/Kg"
Creme para calçado castanho,PorSi,50 ml,"0,99 €","19,80 €/L"
28 mini bolinhas bacalhau,PorSi,Embalagem de 300 g,"1,79 €","7,16 €/Kg"
"Escova dentes, slim soft, média",Colgate,1 unidade,"3,49 €","3,49 €/Unidade"
Massa em espirais,PorSi,Embalagem de 500g,"0,99 €","1,98 €/Kg"
Pernil,Porco,1 un = 1 kg (aprox.),"4,89 €","4,89 €/Kg"
"Fraldas Dry Fit, 8-18kg - Tamanho 4",Chicco,Embalagem de 38 unidades,"6,49 €","6,49 €/Unidade"
Salsichão Nobreza,Elpozo,vendido ao peso,"0,95 €","9,49 €/Kg"
Tampão Super,O.B.,1 Embalagem c/32 unidades,"3,99 €","3,99 €/Unidade"
Spray tira gorduras,PorSi,Embalagem de 750 ml,"1,79 €","2,39 €/L"
Filetes de atum dos Açores em azeite c/ orégãos,PorSi Select,190 g,"0,89 €","7,42 €/Kg"
Formas de alumínio 600 ml,PorSi,5 unidades,"1,29 €","1,29 €/Unidade"
Bolachas marinheiras chia,Cemporcent,Embalagem de 200g,"1,45 €","11,15 €/Kg"
Polpa de manga,Koala,Embalagem de 450g,"2,44 €","5,42 €/Kg"
Dinosaurus chocoleche 340gr.         *12,Artiach,Embalagem de 340g,"2,29 €","17,62 €/Kg"
Gressinos com azeite,PorSi,Embalagem de 250g,"2,39 €","6,83 €/Kg"
Água Tónica Zero,Schweppes,Garrafa de 1 l,"1,39 €","5,56 €/L"
Ambientador gel marinho,PorSi,150 g,"16,63 €/L","16,63 €/L"
Vinho branco regional península de setúbal,Joao pires,Garrafa de 0.75 l,"3,99 €","5,32 €/L"
Protetor de cantos,Pommette,embalagem com 4 unidades,"1,99 €","1,99 €/Unidade"
Pêssego em calda metades,PorSi,Lata com 840 g,"1,99 €","2,37 €/Kg"
"Rolos de cozinha compactos, branco, 2 unidades",PorSi,Uma embalagem,"4,99 €","4,99 €/Unidade"
Beira interior colheita 2014,Beyra,Garrafa de 0.75 l,"2,65 €/L","2,65 €/L"
Leite com sabor a baunilha proteína,Yopro,Garrafa de 330 ml,"1,99 €","2,49 €/L"
"Na-farinha de aveia 400g 3,2kg",Nacional,Embalagem de 400g,"1,99 €","1,99 €/Kg"
Detergente líquido p/ máquina lavar roupa cores,Woolite,"Garrafa de 1,65 l","31,99 €","31,99 €/Unidade"
Arroz integral,PorSi Viva Bem,Embalagem de 1 kg,"1,94 €","3,88 €/Kg"
2 filetes de dourada,Iglo,Embalagem de 200g,"1,79 €","7,16 €/Kg"
Coxinhas de frango,PorSi,Embalagem de 360g,"9,30 €/Kg","9,30 €/Kg"
Colgate smiles escova de dente manual kids,Colgate,Embalagem de 2 unidades,"0,99 €","0,99 €/Unidade"
Dinosaurus chocoleche 340gr.         *12,Artiach,Embalagem de 340g,"1,89 €","15,75 €/Kg"
Vinho doc dão tinto,Santar,Garrafa de 0.75 l,"3,99 €","5,32 €/L"
Alimento seco para gato Júnior,Whiskas,Embalagem de 950 g,"12,99 €","4,33 €/Kg"
Sal Himalaias Grosso,Origens Bio,1 Embalagem 500G,"0,25 €","0,25 €/Kg"
Refrigerante  c/ gás regular,Coca-Cola,pack 4 x 1 l,"0,40 €/L","0,40 €/L"
Esfregão Esponja Style,Vileda,10 unidade,"0,79 €","0,79 €/Unidade"
Mochila,PorSi,Dim.: 40X30X18CM,"19,99 €","19,99 €/Unidade"
Gomas brilho,PorSi,Embalagem de 300 g,"1,19 €","3,97 €/Kg"
Queijo para barrar light,PorSi Viva Bem,Embalagem de 200g,"2,39 €","19,92 €/Kg"
Leite c/ Chocolate Bem Especial 0% lactose,Mimosa,pack 4 x 200 ml,"0,26 €","1,30 €/L"
Fita corretora mini pocket mouse,Tipp-Ex/Bic,embalagem com 2 unid. + 1 unid. grátis,"1,71 €","1,71 €/Unidade"
Moscatel de Setúbal Reserva,Selecção de Enófilos,Garrafa de 0.75 l,"5,99 €","7,99 €/L"
Queijo curado pequeno,Casteloes,Embalagem de 500g,"0,82 €","23,43 €/Kg"
Champô oil nutritive,Gliss,Embalagem de 250 ml,"5,59 €","13,98 €/L"
Rebuçados mel e limão,Halls,Embalagem de 32 g,"0,77 €","3,85 €/Kg"
Framboesas 100% Naturais,PorSi,Embalagem de 750 g,"3,29 €","4,39 €/Kg"
Iogurte mix-in smarties morango,Nestle,Embalagem de 2 x 128 g,"4,23 €/Kg","4,23 €/Kg"
Achocolatado em saco,Nesquik,Embalagem de 1 kg,"5,39 €","7,19 €/Kg"
Reptomin alimento para tartarugas,Tetra,Garrafa de 250 ml,"10,59 €","42,36 €/L"
Bolachas,Oreo,Embalagem de 220g,"0,79 €","4,49 €/Kg"
Iogurte liquido proteína yopro morango/framboesa,Yopro,300 g,"1,31 €","2,05 €/Kg"
"Gel banho, free time",Nivea,Embalagem de 500 ml,"6,49 €","12,98 €/L"
Vinho tinto doc douro,VILA REAL,Garrafa de 750 ml,"7,49 €","9,99 €/L"
Pasta dentífrica Herbal,Aquafresh,Embalagem de 75ml,"2,39 €","31,87 €/L"
Milho doce,PorSi,Embalagem de 3 x 140 g,"2,19 €","2,81 €/Kg"
Moscatel de setúbal,Dom Campos,Garrafa de 750 ml,"5,99 €","7,99 €/L"
"Pasta de limpeza com oxigénio activo, 48 unidades",Polident,Uma embalagem,"7,39 €","105,57 €/Kg"
Iogurte líquido dan'up milkshake straciatella,Danone,Embalagem de 4 x 155 g,"1,31 €","2,05 €/Kg"
Caixa de arrumação reciclada,PorSi,20 litros,"13,99 €","13,99 €/Unidade"
EDT Mulher Nº43 (150ML+EDT 30ML),Caravan,1 unidade,"12,99 €","12,99 €/Unidade"
Esfregona de Microfibras Completa,PorSi,1 unidade,"0,89 €","0,89 €/Unidade"
Canja de galinha económica,Knorr,Embalagem de 60g,"0,84 €","13,55 €/Kg"
"Iogurte, sabor a morango",PorSi,Embalagem de 4 x 125 g,"1,99 €","2,07 €/Kg"
"Jogo ""Da Banho ao Cão""",Concentra,1 unidade,"9,99 €/Unidade","9,99 €/Unidade"
Tampão Normal,O.B.,1 Embalagem c/32 unidades,"3,99 €","3,99 €/Unidade"
Batata frita de presunto,PorSi,Embalagem de 185 g,"1,19 €","6,43 €/Kg"
Batata frita ondulada wavy,PorSi,Embalagem de 185 g,"1,06 €","5,73 €/Kg"
Nestum 5 cereais,Nestum,Embalagem de 250g,"2,49 €","9,96 €/Kg"
Vinho tinto,Alandra,Garrafa de 750 ml,"1,59 €","2,12 €/L"
Dentifríco p/ Dentes de Leite,Aquafresh,Embalagem de 50 ml,"0,99 €","0,99 €/Unidade"
Guardanapos brancos 30x30 cm,PorSi,Embalagem com 100 unidades,"1,29 €","1,29 €/Unidade"
Pudim flan zero açúcares adicionados,El mandari,Embalagem de 30g,"0,59 €","29,50 €/Kg"
Spray limpeza casa de banho,Cillitbang,Embalagem de 500 ml,"1,79 €","2,39 €/L"
Paté de sardinha,PorSi,Embalagem de 4 x 22 g,"1,19 €","13,52 €/Kg"
Chocolate em pó Starbucks 42% cacau,STARBUCKS,Embalagem de 330g,"5,39 €","7,19 €/Kg"
Fralda de Incontinência c/ Elásticos Tamanho Grande,Lindor,Embalagem de 46 un.,"9,99 €","9,99 €/Unidade"
Chá verde,PorSi,Embalagem de 37.5 g,"85,00 €/Kg","85,00 €/Kg"
Paloco desfiado,PorSi,Embalagem de 500 g,"4,39 €","10,98 €/Kg"
Fiambre da perna extra fatias finas cuida-t+,Nobre,Embalagem de 110g,"0,97 €","6,49 €/Kg"
Bolachinhas,Cerelac,Embalagem de 180g,"1,89 €","15,75 €/Kg"
Óleo alimentar,Fula,Embalagem 1L,"3,39 €","3,39 €/L"
Mistura solúvel bolero,Nestle,Embalagem de 200g,"11,25 €/Kg","11,25 €/Kg"
Mão de vaca com grão,Nobre,Embalagem de 420 g,"2,35 €","5,60 €/Kg"
Licor beirão,Beirão,Garrafa de 700 ml,"19,99 €","28,56 €/L"
Vinho tinto regional alentejano,Galitos,Garrafa de 3 l,"9,49 €","1,90 €/L"
Bolacha alfa,Nacional,Embalagem de 180g,"2,82 €","9,40 €/Kg"
Ovos | Classe: L,Ovitae,24 unidades,"1,39 €","1,39 €/Unidade"
Sumo concentrado de laranja,GUD,Garrafa de 740 ml,"3,69 €","4,92 €/L"
Vinho branco palmela d.o.,Fontanario,Garrafa de 0.75 l,"3,99 €","5,32 €/L"
Café c/ cafeína intenso,Nescafe,Embalagem de 100g,"1,59 €","79,50 €/Kg"
Preparado de bolo de canela,PorSi,500 g,"1,69 €","8,45 €/L"
Sacos do lixo perfumado 30 litros,PorSi,15 unidades,"1,89 €","1,89 €/Unidade"
"Bolachas, cobertura com chocolate branco",Oreo,Embalagem de 250g,"0,79 €","5,27 €/Kg"
Toalhitas Limpeza Vitrocerámica,Induclean,embalagem de 30 un.,"1,79 €","2,39 €/L"
Chocolate kit kat,Kit kat,Embalagem de 130g,"1,59 €","19,88 €/Kg"
Alho Francês,Programa Origens,1 un = 300 g (aprox.),"0,63 €","2,09 €/Kg"
Queijo azul,PorSi,100 g,"2,19 €","10,95 €/Kg"
"Vinho tinto, denominação de origem controlada, reser...",D.ermelind,Garrafa de 0.75 l,"3,99 €","5,32 €/L"
Guardanapos de 1 folha azuis | dim.: 30 x 29 cm,PorSi,Embalagem com 70 unidades,"1,29 €","1,29 €/Unidade"
Azeite virgem extra clássico,Gallo,Garrafa de 750 ml,"3,29 €","4,39 €/L"
Mistura de cogumelos,PorSi,Embalagem de 400g,"0,74 €","1,85 €/Kg"
Saqueta de puré de fruta | maçã + banana,PorSi,90 g,"0,74 €","8,22 €/Kg"
Vinho regional alentejano reserva tinto,Encosta das Perdizes,Garrafa de 0.75 l,"2,89 €","3,85 €/L"
"Iogurte, sabor a tutti-fruti",PorSi,Embalagem de 4 x 125 g,"1,99 €","2,07 €/Kg"
Cocktail de marisco,PorSi,Embalagem de 400 g,"1,79 €","7,16 €/Kg"
Vinho Vinha da Fonte Setúbal branco,Casa Ermelinda Freitas,Garrafa de 0.75 l,"3,99 €","5,32 €/L"
Lixivia perfume fresco,Neoblanc,Embalagem de 2 l,"2,59 €","1,30 €/L"
Pão de forma sem côdea especial torradas,Panrico,Embalagem de 510g,"0,99 €","1,65 €/Kg"
"Cerveja sem álcool, tara perdida",Super Bock,Pack 6 X 0.33 L,"5,99 €","3,03 €/L"
Lip Gloss #150,Rimmel,1 unidade,"3,99 €","3,99 €/Unidade"
Café gold colômbia frasco,Nescafe,Embalagem de 100 g,"1,59 €","79,50 €/Kg"
Chocolate culinário,Pantagruel,Embalagem de 200g,"1,04 €","8,32 €/Kg"
Bolsa City Life,Firmo,1 unidade,"19,99 €","19,99 €/Unidade"
Farinha nao láctea bolacha maria,PorSi,Embalagem de 250g,"4,99 €","4,99 €/Kg"
Escova de dentes max white média,Colgate,1 + 1 unidades,"3,49 €","3,49 €/Unidade"
"Cerveja com álcool, tara perdida",Kings Bräu,pack 24 x 0.25 l,"1,99 €/L","1,99 €/L"
Creme Depilatório Peles Normais,Veet,Embalagem de 200 ml,"12,99 €","12,99 €/Unidade"
"Azeite extra virgem, azeitonas verdes",Oliveira da Serra,Garrafa de 750 ml,"3,29 €","4,39 €/L"
Bebida de soja de amêndoa,Alpro,Embalagem de 1 litro,"2,04 €","2,04 €/L"
Deo Spray Black & White Active,Nivea,Embalagem de 150 ml,"4,69 €","31,27 €/L"
Sementes de abóbora,Cemporcent,Embalagem de 150g,"2,29 €","11,45 €/Kg"
Tablete de chocolate de leite,Toblerone,Embalagem de 100g,"5,30 €/Kg","5,30 €/Kg"
Pastilhas fire canela,CHICLETS,Embalagem de 16 g,"0,99 €","61,88 €/Kg"
Marmelada,Ferbar,Embalagem de 400g,"1,09 €","2,42 €/Kg"
Leite seleccionado leve,Matinal,Garrafa de 1 l,"0,83 €","0,83 €/L"
Tira nódoas em spray,Skip,Embalagem de 500 ml,"5,99 €","11,98 €/L"
Lindahls pro+ liq tropical,Lindahls,Garrafa de 330 ml,"5,97 €/Kg","5,97 €/Kg"
Preparado para arroz de marisco,Brasmar,Embalagem de 450 g,"1,79 €","7,16 €/Kg"
Gogo SqueeZ Snack Maçã e Pera,Gogo,Embalagem de 90g,"0,99 €","11,00 €/Kg"
Lichias em calda,Koala,Embalagem de 567g,"1,99 €","2,37 €/Kg"
"Elixir bocal, dentes e gengivas",Listerine,Embalagem de 250 ml,"5,99 €","11,98 €/L"
Queijo mini light,Babybel,Embalagem de 12 x 20 g,"2,39 €","19,92 €/Kg"
Café Qalidus XXL,Delta Q,Embalagem com 60 cápsulas,"54,36 €/Kg","54,36 €/Kg"
Rebuçados mini café,PorSi,Embalagem de 200g,"1,15 €","4,60 €/Kg"
"Alimento para peixe, tetramin staple food",Tetra,Embalagem de 250 ml,"10,59 €","42,36 €/L"
Café Solúvel Espresso Intenso,Nescafe,Embalagem de 100g,"1,59 €","79,50 €/Kg"
Mariscada,PorSi,Embalagem de 800g,"1,79 €","7,16 €/Kg"
20 saquetas infusão de lúcia lima,Lipton,Embalagem de 30g,"85,00 €/Kg","85,00 €/Kg"
Queijo creme de ervas finas,Philadelph,Embalagem de 150g,"1,75 €","17,50 €/Kg"
Cereais fitness,Nestle,Embalagem de 380g,"3,79 €","29,38 €/Kg"
Chocolate single 38g,Toff.crisp,Embalagem de 40g,"1,59 €","19,88 €/Kg"
Vinho tinto,Adega grande,Garrafa de 75 cl,"1,59 €","2,12 €/L"
Coxinhas de frango,PorSi,Embalagem de 360g,"7,99 €/Kg","7,99 €/Kg"
Fralda de Incontinência c/ Elásticos Tamanho Médio,Lindor,Embalagem de 52 un.,"9,99 €","9,99 €/Unidade"
Arroz vaporizado,PorSi,Embalagem de 1 kg,"1,26 €","1,26 €/Kg"
Cerveja com álcool,Sagres,Lata de 500ml,"1,99 €/L","1,99 €/L"
Elixir bocal para crianças,Listerine,Embalagem de 500 ml,"5,99 €","11,98 €/L"
Alho picado,Margao,Embalagem de 60g,"0,25 €","0,25 €/Kg"
Vinho maduro tinto doc alentejano,P.ravessa,Garrafa de 750 ml,"2,89 €","3,85 €/L"
Café em cápsulas  qonvictus,Delta Q,Embalagem de 55 g,"54,36 €/Kg","54,36 €/Kg"
Vinho verde branco,Torre de menagem,"Garrafa de 0,75 l","1,99 €","2,65 €/L"
"Champô mulher, cabelos suaves",Linic,Embalagem de 400 ml,"5,59 €","13,98 €/L"
Miúdos,Frango,1 un = 250 gr  (aprox.),"0,60 €","5,99 €/Kg"
"Sabonete sólido, mel",Feno,Embalagem de 360g,"4,49 €","12,47 €/Kg"
Liquido brilhante sapato preto,PorSi,75 ml,"0,99 €","330,00 €/Kg"
Café 5 estrelas moído tradição,Sical,Embalagem de 250g,"9,76 €/Kg","9,76 €/Kg"
Óleo de coco biológico,Seara,Garrafa de 270 ml,"3,65 €","7,30 €/Kg"
Caracol com passas,*,90g,"0,30 €/Unidade","0,30 €/Unidade"
Creme depilatório para peles sensíveis,Labell,Embalagem de 200 ml,"2,99 €","14,95 €/L"
Café solúvel gold,PorSi Select,Embalagem 100G,"1,59 €","79,50 €/Kg"
Vinho regional lisboa tinto,Res.cortes,Garrafa de 750 ml,"4,99 €","6,65 €/L"
Cabo de metal com rosca,PorSi,1.35 m,"2,20 €","2,20 €/Unidade"
Massa folhada margarina,PorSi,Embalagem de 230 g,"0,99 €","4,30 €/Kg"
Massa macarronete riscado,PorSi,Embalagem de 500g,"0,99 €","1,98 €/Kg"
Pasta de sardinha,Fides,Embalagem de 90g,"1,19 €","13,52 €/Kg"
Pedaços de tamboril,PorSi,Embalagem de 500G,"4,39 €","10,98 €/Kg"
Fruta para bebé multifrutas +4 meses,Nestle,Embalagem de 90g,"0,74 €","8,22 €/Kg"
Eau de Toilette p/Senhora Nº2,Caravan,1 Frasco 150ml,"11,99 €","79,93 €/L"
Meloa Gália,Fruta da Época,1 un = 1 kg (aprox.),"0,72 €","2,89 €/Kg"
Lava tudo marinho,Cif,"Garrafa de 1,4 l","0,99 €","0,50 €/L"
Bolachas chiquilin energy,Artiach,Embalagem de 200g,"1,69 €","6,76 €/Kg"
"Luvas multiusos relevo antiderrapante, tamanho grand...",PorSi,Embalagem de 1 unidades,"4,29 €","4,29 €/Unidade"
Limpa ferros,Petex,1 unidade,"0,89 €","0,89 €/Unidade"
Fraldas agility T4 de 9 a 15 kg,PorSi,50 unidades,"6,49 €","6,49 €/Unidade"
Pudim de ananás,Boca Doce,Embalagem de 20g,"0,59 €","29,50 €/Kg"
Bolacha recheada mega duo chocolate,Gullon,Embalagem de 500g,"2,15 €","2,87 €/Kg"
Bolachas digestive go aveia,Triunfo,Embalagem de 170g,"0,98 €","3,27 €/Kg"
Salva Camas 60 x 60 cm,PorSi,Embalagem com 20 un.,"4,99 €","4,99 €/Unidade"
Chá infusão nº3 prostal control,Cemporcent,Embalagem de 13g,"0,89 €","44,50 €/Kg"
Desinfetante em gel c/ lixívia,Cif,Garrafa de 750 ml,"2,79 €","3,99 €/L"
Moscatel roxo c/ caixa,Pioneiro,Garrafa de 750 ml,"5,99 €","7,99 €/L"
Refrigerante de cola zero,PorSi,Garrafa de 2 l,"0,40 €/L","0,40 €/L"
Recarga removedor de pelos - 56 folhas,Scotch bri,Embalagem de 1 unidades,"8,75 €","8,75 €/Unidade"
Preparado para bolo de laranja,B.neve,Embalagem de 450g,"2,05 €","5,13 €/Kg"
Comida húmida para cão de frango e arroz,PorSi,Lata de 400 g,"0,75 €","2,50 €/Kg"
Alimento húmido para cão vaca,Pedigree,Embalagem de 300g,"0,75 €","2,50 €/Kg"
Macarronete Massa Com Vegetais,Nacional,Embalagem de 500g,"0,99 €","1,98 €/Kg"
Queijo fatias -50% de gordura,Limiano,Embalagem de 400g,"1,96 €","9,80 €/Kg"
Fraldas Bebé Seco T3 | 6-10 Kg,Dodot,Embalagem com 62 un.,"6,49 €","6,49 €/Unidade"
Vela mágica pack de 10 unidades,PorSi,Uma embalagem,"0,60 €","0,60 €/Unidade"
"Cereais crusts, amêndoas e mel",PorSi,Embalagem de 380g,"2,29 €","6,11 €/Kg"
Pensos para picadas de insetos,PorSi,10 unidades,"1,69 €","1,69 €/Unidade"
Chuchu,Legumes do Dia,1 un = 250 gr  (aprox.),"0,62 €","2,49 €/Kg"
6 tulipas chocolate,Progelcone,Embalagem de 148 g,"2,82 €","9,40 €/Kg"
"Anti-calcário em pó, máquina roupa",PorSi,Embalagem de 800g,"3,99 €","5,70 €/L"
Farinha para bolos super fina,PorSi,Embalagem de 1 kg,"1,99 €","1,99 €/Kg"
Vinagre balsâmico,PorSi,Embalagem de 250 ml,"0,35 €","0,70 €/L"
Puré de batata,Maggi,Embalagem de 250g,"1,99 €","1,99 €/Kg"
Lombinhos,Porco,1 un=500 gr aprox.,"4,89 €","4,89 €/Kg"
"Refresco em pó, manga",PorSi,Embalagem de 40g,"0,75 €","18,75 €/Kg"
Forma Pão de Ló Antiaderente 28cm,PorSi,1 unidade,"9,99 €","9,99 €/Unidade"
Bolachas com duplo creme,Oreo,Embalagem de 190g,"0,79 €","4,49 €/Kg"
Iogurte natural sem açúcares adicionados,Yogolino,Embalagem de 400g,"4,23 €/Kg","4,23 €/Kg"
Óleo Performa 10W40,Galp,Embalagem de 1 l,"14,99 €","14,99 €/L"
Mamão,Fruta do Dia,"1 un = 1,5 kg (aprox.)","2,29 €/Kg","2,29 €/Kg"
Queijo Curado kg,Castelões,1 un = 250 gr  (aprox.),"25,45 €/Kg","25,45 €/Kg"
Pensos banda,PorSi,100 x 6 cm,"1,69 €","1,69 €/Unidade"
"Batata frita, queijo e ervas",PorSi,Embalagem de 190g,"1,19 €","6,43 €/Kg"
Queijo mascarpone,Páturages,Embalagem 250G,"1,69 €","6,76 €/Kg"
"Recarga ambientador, toque&fresh relax zen",Glade,Embalagem de 10 ml,"349,00 €/L","349,00 €/L"
Trela Flexo Standart 1,Flexi,1 unidade,"14,99 €","14,99 €/Unidade"
Bolachas Chiquilin 0% Açucar,Artiach,Embalagem de 175 g,"2,82 €","9,40 €/Kg"
Molho bechamel,PorSi,Embalagem de 200g,"0,87 €","2,90 €/Kg"
Abafado Branco,Vice Rei,Garrafa de 1L,"19,99 €","28,56 €/L"
Aguardente Bagaceira,Martha's,"Garrafa de 0,70L","15,49 €","15,49 €/L"
"Iogurte batido natural, biológico",Mimosa,Embalagem de 460g,"3,65 €","7,30 €/Kg"
Creme Mãos Secrets Coco,Dove,75 ml,"2,49 €","41,50 €/L"
Ice tea de limão,PorSi,"Embalagem de 6x0,20 l","1,14 €","0,76 €/L"
Jarro graduado,PorSi,Embalagem de 1 unidades,"0,99 €","0,99 €/Unidade"
Shampo automóvel laranja,PorSi,Embalagem de 5 l,"3,99 €","0,80 €/L"
Mão,Borrego,1 un = 1 kg (aprox.),"17,97 €","11,98 €/Kg"
Água com gás,Pedras salgadas,Embalagem de 4x1L,"1,99 €/L","1,99 €/L"
Trinca de arroz,PorSi,Embalagem de 1 kg,"1,15 €/Kg","1,15 €/Kg"
"Chocolate kit kat, single",Kit kat,Embalagem de 40g,"1,59 €","19,88 €/Kg"
10 saquetas infusão de cidreira,Lipton,Embalagem de 20g,"0,79 €","60,77 €/Kg"
Pensos diários flexiform,Carefree,Embalagem de 30 unidades,"1,79 €/Unidade","1,79 €/Unidade"
Água com gás natural pet,P.salgadas,pack 6 x 0.33 l,"1,99 €/L","1,99 €/L"
Sumo 100% maçã,PorSi,pack 3 x 200 ml,"1,09 €","0,73 €/L"
Creme vegetal sabor a manteiga,Becel,Embalagem de 450 g,"1,59 €","6,36 €/Kg"
Refrigerante c/ gás de laranja zero,Fanta,"Garrafa de 1,5 l","0,40 €/L","0,40 €/L"
Bolachas cacau com cereais e pepitas de chocolate,PorSi,Embalagem de 400 g,"0,90 €","6,00 €/Kg"
Amendoim com Casca,PorSi,Embalagem de 500g,"0,79 €","3,95 €/Kg"
"Sopa gourmet, cogumelos",Knorr,Embalagem de 60g,"0,84 €","13,55 €/Kg"
Sumo 100% laranja,PorSi,Pack 3 x 200 ml,"1,09 €","0,73 €/L"
Ambientador vela maçã e canela,PorSi,1 unidade,"9,49 €","45,19 €/Kg"
Limpa Moveis Lavanda,Pronto,300 ml,"4,39 €","14,63 €/L"
Azeite virgem extra,Ouro elvas,Garrafa de 750 ml,"3,29 €","4,39 €/L"
Barras cereais chocapic,Nestle,Embalagem de 150g,"1,29 €","10,24 €/Kg"
Pastilhas café lote chávena,Delta,Embalagem de 110g,"54,36 €/Kg","54,36 €/Kg"
Bebida de soja natural,Frias,Garrafa de 1 l,"1,32 €","2,06 €/L"
Bacalhau Especial,Bacalhau da Noruega,1 un = 4 kg (aprox.),"16,49 €","10,99 €/Kg"
After shave gold,Denim,Embalagem de 100 ml,"1,16 €","4,64 €/L"
Leite de transição Optipro 2 +6 meses,NAN,Embalagem de 800g,"23,99 €","29,99 €/Kg"
Snack chocolate leite,Kit kat,Embalagem de 125g,"0,99 €","9,90 €/Kg"
Couve Flor,Legumes do Dia,Vendido ao peso,"1,40 €","3,49 €/Kg"
Creme abrasivo de limão,PorSi,Embalagem de 750 ml,"0,99 €","1,32 €/L"
Azeite virgem extra reserva,Gallo,Garrafa de 750 ml,"3,29 €","4,39 €/L"
Queijo fatiado cheddar,PorSi,Embalagem de 150 g,"1,96 €","9,80 €/Kg"
Croissant Brioche com chocolate,Pastelaria do Dia,1 un = 100 g (aprox.),"0,30 €/Unidade","0,30 €/Unidade"
Spray wc anticalcário,PorSi,embalagem de 750 ml,"1,79 €","2,39 €/L"
Pasta dentífrica 1 2 3,Oral B,Embalagem de 75 ml,"2,39 €","31,87 €/L"
Borracha para desenho técnico,Domédia,1 unidade,"4,69 €","4,69 €/Unidade"
Café moagem universal brasil,Delta,Embalagem de 220g,"9,16 €/Kg","9,16 €/Kg"
Leite seleccionado magro,Matinal,Garrafa de 1 l,"0,83 €","0,83 €/L"
Canela em pau,PorSi,Saqueta de 30 g,"0,25 €","0,25 €/Kg"
Cerveja c/ álcool mini,Super Bock,Pack 15 x 0.20 L,"1,99 €/L","1,99 €/L"
3 Pipetas de Repelente p/ Gato,Repul'7,1 unidade,"1,19 €","0,24 €/Kg"
Bacalhau espiritual,PorSi,Embalagem de 300g,"1,79 €","7,16 €/Kg"
Cuecas de incontinência Plus M,Ausonia,Uma embalagem - 9Unidades,"9,99 €","9,99 €/Unidade"
Vinho tinto regional peninsula de setúbal,Fonte nico,Garrafa de 750 ml,"3,99 €","5,32 €/L"
Iogurtes magros aroma manga,PorSi Viva Bem,Embalagem de 6 x 125 g,"1,09 €","1,45 €/Kg"
Miolo berbigão,PorSi,Embalagem de 250g,"1,79 €","7,16 €/Kg"
Sidra frutos vermelhos,Somersby,pack 4 x 0.33 l,"1,59 €","3,18 €/L"
Queijo curado -30% gordura,Casteloes,500 g,"25,45 €/Kg","25,45 €/Kg"
Leite uht meio gordo,PorSi,Embalagem com rosca de 1 l,"0,83 €","0,83 €/L"
Pasta de açúcar bege,PorSi,250 g,"1,49 €","1,49 €/Kg"
Crepe simples,PorSi,Embalagem de 630g,"2,57 €","7,79 €/Kg"
Açúcar mascavado,PorSi,Embalagem de 500g,"1,49 €","1,49 €/Kg"
Feijão branco fidalgo,Legumes secos,1 un = 100 gr. (aprox.),"0,32 €","3,19 €/Kg"
4 hamburguers frango s/ glúten,Capitão Iglo,Embalagem de 240g,"11,44 €/Kg","11,44 €/Kg"
Azeite virgem clássico,PorSi,Garrafa de 750 ml,"3,29 €","4,39 €/L"
Miolo de camarão 50/70,H2Gelo,Embalagem de 250  g,"8,99 €","25,69 €/Kg"
Nectarina,Fruta do Dia,1 un = 150 gr (aprox.),"0,29 €","2,09 €/Kg"
Alimento seco p/ cão raça pequena,PorSi Select,Embalagem de 3kg,"1,15 €/Kg","1,15 €/Kg"
Limpa Estofos de Pele,PorSi,Embalagem de 1 l,"3,99 €","0,80 €/L"
Pensos para bolhas,PorSi,20 unidades,"1,69 €","1,69 €/Unidade"
Bolacha princesa chocolate,Vieira,Embalagem de 200 g,"6,83 €/Kg","6,83 €/Kg"
Autobrilhante Castanho,Búfalo,Embalagem de 50 ml,"0,99 €","330,00 €/Kg"
Anti algas,Gre,1 litro,"29,99 €","29,99 €/Unidade"
Couve Lombarda,Legumes do Dia,1 un=1 kg (aprox.),"1,40 €","3,49 €/Kg"
8 salsichas bockwurst,PorSi,1 Frasco 720G,"0,75 €","3,75 €/Kg"
"Iogurte líquido yoggi, sem lactose, morango",Nestle,Embalagem de 4 x 160 g,"1,31 €","2,05 €/Kg"
Barras de cereais fitness crunchy & caramelo,Nestle,Embalagem de 140g,"1,29 €","10,24 €/Kg"
Água c/ gás limão,Frize,pack 4 x 0.25 l,"1,99 €/L","1,99 €/L"
Azeite virgem extra seleção,PorSi,Garrafa de 250 ml,"3,29 €","4,39 €/L"
Infusão lúcia lima,PorSi,Embalagem de 35 g,"0,79 €","60,77 €/Kg"
Arroz carolino,PorSi,Embalagem de 1 kg,"1,26 €","1,26 €/Kg"
Iogurte corpos danone + proteína ananás,Danone,Embalagem de 150g,"5,97 €/Kg","5,97 €/Kg"
Aroma de morango,Rayners,Garrafa de 28 ml,"0,75 €","15,00 €/Kg"
Massa bagos,PorSi,Embalagem de 250g,"0,99 €","1,98 €/Kg"
Gengibre desidratado em cubos,Cemporcent,Embalagem de 100g,"1,94 €","3,88 €/Kg"
Massas espirais tricolores,PorSi,Embalagem 500G,"0,99 €","1,98 €/Kg"
Refrigerante C/ Gás Zero,Coca-Cola,Garrafa de 1 l,"0,40 €/L","0,40 €/L"
Bombons Presente Opus,Guylian,Embalagem de 180G,"1,59 €","31,80 €/Kg"
Cd aroma moran/coco/f.silv 120gx8,Danone,Embalagem de 960g,"1,99 €","2,07 €/Kg"
"Ração para gato adulto com vaca, frango",Friskies,Embalagem de 4kg,"12,99 €","4,33 €/Kg"
Mortadela de peru,PorSi,1 un = 150 gr (aprox.),"1,05 €","6,99 €/Kg"
Iogurte líquido morango,PorSi,Embalagem de 4 x 160 g,"1,31 €","2,05 €/Kg"
Puzzle Frozen,Clementoni,2 x 20 peças,"9,99 €/Unidade","9,99 €/Unidade"
Marmelada sem conservantes,PorSi,Embalagem de 500g,"1,09 €","2,42 €/Kg"
Painho de Sousel,PorSi,"Vendido ao peso, fatiado a partir de 100 gr","2,79 €","13,95 €/Kg"
Ervilhas primavera 500g,Iglo,Embalagem de 500g,"0,74 €","1,85 €/Kg"
"Detergente líquido, manual loiça, original",Fairy,"Embalagem de 1,5 l","1,05 €","2,10 €/L"
Alimento lácteo cereais e bolachas maria +6 meses,Yogolino,Embalagem de 4 x 100 g,"2,89 €","7,23 €/Kg"
Papel Higiénico Compacto Ultra Suave XXL,Colhogar,12 rolos,"1,99 €","1,99 €/Unidade"
Bolachas waffers morango,PorSi,Embalagem de 210g,"0,98 €","4,67 €/Kg"
Gelatina de ananás,Koala,Embalagem de 130g,"0,85 €","2,13 €/Kg"
Tablete chocolate chips ahoy,Milka,Embalagem de 100g,"5,30 €/Kg","5,30 €/Kg"
Semente papoila,Salutem,Embalagem de 125g,"2,29 €","11,45 €/Kg"
Bebida de Amêndoa,PorSi Viva Bem,1 litro,"1,32 €","2,06 €/L"
Carcaça Rústica 70 g,Pão do Dia,,"0,19 €","2,38 €/Kg"
Filetes primavera sementes de quinoa,Iglo,Embalagem de 250 g,"1,79 €","7,16 €/Kg"
Mimosa bem especial leite e aveia,Mimosa,Embalagem de 1 litro,"2,19 €","2,19 €/L"
Vinho tinto região da Bairrada,E.2 SANTOS,Garrafa de 750 ml,"2,65 €/L","2,65 €/L"
Petit gateau morango 4x80g,PorSi,Embalagem de 320g,"2,57 €","7,79 €/Kg"
Pensos higiénicos liberty normal sem abas,Evax,Embalagem com 12 un.,"4,99 €","4,99 €/Unidade"
Atum posta em azeite,PorSi,Embalagem de 120g,"0,89 €","7,42 €/Kg"
Cerveja c/ álcool,Sagres,pack 15 x 0.33 l,"1,99 €/L","1,99 €/L"
Nuggets de frango grelhadinho,Capitão Iglo,Embalagem de 200g,"9,30 €/Kg","9,30 €/Kg"
Pasta de açúcar branco,PorSi,250 g,"1,49 €","1,49 €/Kg"
Manteiga com sal cuvete,LORETO,Embalagem de 250g,"1,89 €","7,56 €/Kg"
Abanico de palha com cabo,Larmil,1 unidade,"1,69 €","1,69 €/Unidade"
Barra s.k chocolate 6x21.5g,Kellogg's,Embalagem de 6X21.5G,"3,79 €","29,38 €/Kg"
Vela em número nª2,PorSi,1 unidade,"0,60 €","0,60 €/Unidade"
Bambolitos pretos,PorSi,Embalagem de 150g,"0,79 €","5,27 €/Kg"
Vmt reg alentejano 0.75l,T.xisto,Garrafa de 750 ml,"2,89 €","3,85 €/L"
Creme proteção de gengivas,Polident,Embalagem de 40 g,"7,39 €","105,57 €/Kg"
Recarga mopa 1.2 spray max,Vileda,1 unidade,"0,89 €","0,89 €/Unidade"
"Lixívia para roupa, azul, tradicional",Neoblanc,Embalagem de 1 l,"1,74 €","0,35 €/L"
Café moagem normal: intenso,Buondi,Embalagem de 220g,"9,76 €/Kg","9,76 €/Kg"
Tomate inteiro pelado,PorSi,Embalagem de 390 g,"2,19 €","2,81 €/Kg"
Atum posta em azeite,Bom petisc,Embalagem de 120 g,"0,89 €","7,42 €/Kg"
Fruta para bebé 4 frutas +4 meses,Nestle,Embalagem de 90g,"0,74 €","8,22 €/Kg"
Favas ultracongeladas,PorSi,Embalagem de 1 kg,"0,74 €","1,85 €/Kg"
Lava tudo antibacteriano marinho,PorSi,Garrafa de 1.5 l,"0,99 €","0,50 €/L"
Batido de morango,Forma+,Embalagem de 700g,"13,49 €","19,27 €/Kg"
Gel de Banho Coconut Milk,Dove,Embalagem de 750 ml,"6,49 €","12,98 €/L"
Abrasivo sanitário gel citrinos,PorSi,embalagem de 1 litro,"0,99 €","1,32 €/L"
Cobertura tábua de engomar,PorSi,Dim.: 120 x 42 cm,"16,50 €","16,50 €/Unidade"
Vulcão,Science4You,1 unidade,"9,99 €/Unidade","9,99 €/Unidade"
Feijão frade,Compal,Lata de 410 ml,"2,19 €","2,81 €/Kg"
Nestum zero arroz,Nestum,Embalagem de 250 g,"4,99 €","4,99 €/Kg"
Maçã Fuji 70/75,Programa Origens,1 un = 150 gr (aprox.),"1,79 €/Kg","1,79 €/Kg"
Refrigerante com gás de laranja,Sumol,"Garrafa de 1,25 l","0,40 €/L","0,40 €/L"
"Batata frita, multipack",Ruffles,Embalagem de 180g,"1,06 €","5,73 €/Kg"
Snack gato sticks salmao 6x5g,PorSi,Embalagem de 30g,"0,99 €","16,50 €/Kg"
Sacos do lixo wc 5 litros,PorSi,30 sacos,"1,89 €","1,89 €/Unidade"
Bolachas galettes bretonnes,Chabrior,Embalagem de 125 g,"1,69 €","6,76 €/Kg"
Café solúvel c/ cafeína,Delta,Embalagem de 100g,"1,59 €","79,50 €/Kg"
Queijo meio gordo fatias,Paiva,Embalagem de 180g,"1,96 €","9,80 €/Kg"
Porto 10 anos,Valadao,Garrafa de 750 ml,"9,99 €","13,32 €/L"
Limpa Móveis,PorSi,Embalagem de 300 ml,"4,39 €","14,63 €/L"
Azeite de moura virgem extra bio,PorSi Bio,Garrafa de 500 ml,"3,29 €","4,39 €/L"
Guardanapos Red Label 1 folha |Vermelho,Renova,Dim: 30x32cm |70 unidades,"1,29 €","1,29 €/Unidade"
"Jogo ""Pinta Narigudo""",Concentra,1 unidade,"9,99 €/Unidade","9,99 €/Unidade"
Sardinha Congelada,Peixe Congelado,1 un = 250 gr  (aprox.),"3,99 €/Kg","3,99 €/Kg"
Fruta para bebé maçã banana +4 meses,Nestle,Embalagem de 4 x 100 g,"0,74 €","8,22 €/Kg"
"Queijo regional de vaca, cabra e ovelha curado",Qj.saloio,Embalagem de 190g,"4,20 €","16,79 €/Kg"
Manteiga magra,PorSi,Embalagem de 250g,"1,89 €","7,56 €/Kg"
Escova dentifrica 360º advanced média,Colgate,1 unidade,"3,49 €","3,49 €/Unidade"
Nestum aveia e morango,Nestum,Embalagem de 250g,"2,49 €","9,96 €/Kg"
Ricore,Nestle,Embalagem de 260g,"11,25 €/Kg","11,25 €/Kg"
Miolo de amêndoa sem pele inteira,PorSi,200 g,"0,79 €","3,95 €/Kg"
Fio dentário fluór+menta 50m,Labell,1 unidade,"3,49 €","3,49 €/Unidade"
Gelatina ananás 8 kcal,PorSi,Embalagem de 4 x 100 g,"0,85 €","2,13 €/Kg"
Vinho Regional de Lisboa Branco,Mundus,"Garrafa de 0,75L","1,99 €","2,65 €/L"
Luvas Universal Pequeno/Médio,Vileda,1 unidade,"4,29 €","4,29 €/Unidade"
Tablete de chocolate culinário branco,PorSi,Embalagem de 180 g,"0,99 €","9,90 €/Kg"
Vinho do porto white,Cruz,Garrafa de 750 ml,"6,65 €/L","6,65 €/L"
Maionese magra em frasco,Hellmman's,Embalagem de 460g,"0,87 €","2,90 €/Kg"
Aperitivos 3d's cones,3d's,Embalagem de 90g,"0,79 €","7,90 €/Kg"
Whisky,William Lawson's,1 l,"23,49 €","23,49 €/L"
Iogurte fruta batida pera,Mimosa,Embalagem de 480g,"1,49 €","2,98 €/Kg"
Esferográfica Preta Média,Mab,Embalagem com 4 un.,"1,71 €","1,71 €/Unidade"
Pepsi max,Pepsi,Garrafa de 1.75 l,"0,40 €/L","0,40 €/L"
Chocolate negro 72% cacau,Cemporcent,Embalagem de 100g,"2,89 €","23,12 €/Kg"
Mistolin advanced lixívia,Mistolin,Garrafa de 500 ml,"1,79 €","2,39 €/L"
Lava Tudo Perfumado Herbal,PorSi,Embalagem de 2 l,"0,99 €","0,50 €/L"
Queijo mozzarella,PorSi,Embalagem 125G,"1,69 €","6,76 €/Kg"
Melão Verde,Fruta da Época,Vendido ao peso | 1 un = 4kg (aprox.),"0,72 €","2,89 €/Kg"
Cordon bleu,Iglo,Embalagem de 200g,"4,99 €","24,95 €/Kg"
Iogurte ananás 000%,PorSi Viva Bem,Embalagem de 4 x 125 g,"1,09 €","1,45 €/Kg"
Beira interior colheita 2013,Beyra,Garrafa de 0.75 l,"2,65 €/L","2,65 €/L"
Gelado carte d'or tarte limão merengue,Olá,Embalagem de 900 ml,"5,49 €","6,10 €/L"
Concentrado laranja e pêssego,Sunquick,Garrafa de 580 ml,"3,69 €","4,92 €/L"
Levedura de cerveja,Cemporcent,Embalagem de 150g,"2,29 €","11,45 €/Kg"
Farelo de trigo,Cemporcent,Embalagem de 250g,"2,29 €","11,45 €/Kg"
Lixívia WC Gel Higienizante,Neoblanc,Embalagem de 700ml,"2,59 €","1,30 €/L"
Massas alimentícias laços,PorSi,Embalagem de 500g,"0,99 €","1,98 €/Kg"
Esteira desdobrável,Moveo,1 unidade,"3,99 €","3,99 €/Unidade"
Máquina Descartável Depilatória Venus Plus,Gillette,4 un. + 2 grátis,"5,49 €","5,49 €/Unidade"
Saqueta de puré de fruta | maçã + manga + pêssego,PorSi,90 g,"0,74 €","8,22 €/Kg"
Cabo de madeira com rosca,PorSi,1.20 m,"2,20 €","2,20 €/Unidade"
Tablete de chocolate culinário 70% negro,PorSi,Embalagem de 200 g,"1,04 €","8,32 €/Kg"
Pensos incontinência homem,PorSi,10 unidades,"1,95 €","1,95 €/Unidade"
2 crocantes frango  recheio alho&ervas 204g,Iglo,Embalagem de 200g,"4,99 €","24,95 €/Kg"
"Pasta dentífrica, proteção branqueador",Labell,Embalagem de 75 ml,"2,39 €","31,87 €/L"
Vela com número nº 0,PorSi,1 unidade,"0,60 €","0,60 €/Unidade"
Iogurte proteína framboesa,Lindahls,Embalagem de 150 g,"5,97 €/Kg","5,97 €/Kg"
Inseticida vaporizador,Biokill,Embalagem de 375 ml,"5,09 €","8,48 €/L"
Esfregona tiras completa,PorSi,1 unidade,"0,79 €","0,79 €/Unidade"
Caldo carne 16 cubos,Knorr,Embalagem de 160g,"3,84 €","24,00 €/Kg"
Óleo de cedro,Mistolin,Embalagem de 360 ml,"4,39 €","14,63 €/L"
Pensos Higiénicos Fina e Segura Normal,Evax,Embalagem c/ 24 Unidades,"4,99 €","4,99 €/Unidade"
Queijo creme flamengo,President,Embalagem de 125 g,"1,75 €","17,50 €/Kg"
Ameijoa Branca Vietnamita,Marisco Congelado,Vendido a partir de 250 gr  (aprox.),"2,00 €","7,99 €/Kg"
Ração seca para gatinhos frango e legumes,PorSi,Embalagem de 2 kg,"12,99 €","4,33 €/Kg"
Vinho verde,Via Latina,Garrafa de 750 ml,"1,99 €","2,65 €/L"
Café solúvel c/ cafeína,PorSi,Embalagem de 100g,"1,59 €","79,50 €/Kg"
Abrasivo wc gel ecologico,PorSi,Garrafa de 1 l,"0,99 €","1,32 €/L"
Frutose,PorSi,Boião de 410 g,"5,99 €","23,96 €/Kg"
Rolo de Cozinha Megarollo,Scottex,Uma embalagem c/ 8 rolos,"4,99 €","4,99 €/Unidade"
Pães de leite,s. tomé,Embalagem de 300 g,"7,40 €/Kg","7,40 €/Kg"
Batido diet iogurte e ananás,Forma+s,Embalagem de 700g,"13,49 €","19,27 €/Kg"
Caderno Agrafado Capa Preta Plastificada | A5 Quadri...,Domédia,1 unidade,"1,98 €","1,98 €/Unidade"
Pez blister,PEZ,Embalagem de 70g,"1,08 €","5,40 €/Kg"
Palmilha recortável antiodor,Sonaf,1 unidade,"2,95 €","2,95 €/Unidade"
"Creme revitalizante, noite",L'oreal,Embalagem de 50 ml,"2,99 €","59,80 €/L"
Limpador,Pronto,Embalagem de 750 ml,"2,49 €","2,49 €/L"
Recarga Esfregona de Algodão,PorSi,1 unidade,"0,89 €","0,89 €/Unidade"
Vinho do Porto 10 anos,Cruz,"Garrafa de 0,75L c/ Caixa de Madeira","9,99 €","13,32 €/L"
Batata pré-frita cubos,PorSi,Embalagem de 1 kg,"1,49 €","1,49 €/Kg"
Arroz agulha,Caçarola,Embalagem de 1 kg,"1,26 €","1,26 €/Kg"
"Tira gorduras, pistola",Kh 7,Garrafa de 750 ml,"4,89 €","6,52 €/L"
Anti-Traças Papel 4 Seasons Floral,Raid,1 Embalagem c/12 unidades,"1,99 €","1,99 €/Unidade"
Nabo Roxo sem Rama,Legumes do Dia,1 un = 200 gr (aprox.),"1,40 €","3,49 €/Kg"
Guardanapos com riscas verdes | Dim.: 33 x 33 cm,PorSi,Embalagem com 20 unidades,"1,29 €","1,29 €/Unidade"
Água sem gás,PorSi,Garrafão de 5 l,"1,04 €","0,17 €/L"
Costeletas do Cachaço,Porco,Vendido ao peso a partir de 1 kg,"4,89 €","4,89 €/Kg"
Ração para gato adulto crunchy & tender com salmão,Friskies,"Embalagem de 1,5 kg","12,99 €","4,33 €/Kg"
Leite desmaquilhante para peles secas,Labell,Embalagem de 250 ml,"3,99 €","3,99 €/Unidade"
Pastilhas limpa próteses,Labell,embalagem com 36 unidades,"7,39 €","105,57 €/Kg"
Espreguiçadeira malibu antracite,Joluce,190 x 66 x 42 cm,"18,99 €","18,99 €/Unidade"
Queijo fundido palitos,A Vaca Que Ri,Embalagem de 35g,"0,82 €","23,43 €/Kg"
Vinho DOC Dão Tinto,Dharma,"Garrafa de 0,75 L","3,99 €","5,32 €/L"
Cheeseburger Vaca,Snock,Embalagem de 100 g,"1,89 €","18,90 €/Kg"
Pêssego Vermelho,Fruta do Dia,1 un = 140 gr (aprox.),"0,29 €","2,09 €/Kg"
Néctar pera,PorSi,Embalagem de 1 l,"0,99 €","0,99 €/L"
Vinho tinto regional alentejano,Galitos,Garrafa de 750 ml,"2,89 €","3,85 €/L"
Whisky heritage blend,Logan,Garrafa de 700 ml,"90,99 €","129,99 €/L"
Tablete de chocolate negro,Nestle,Embalagem de 100 g,"0,99 €","4,95 €/Kg"
Óleo Performa C3 5w30 Sintético,Galp,Embalagem de 1 l,"14,99 €","14,99 €/L"
Snack de chocolate crispy,M&m's,Embalagem de 170 g,"1,59 €","19,88 €/Kg"
Queijo de azeitão dop,PorSi Select,Embalagem de 255 g,"25,45 €/Kg","25,45 €/Kg"
Body Milk in Shower,Labell,Embalagem de 250 ml,"12,48 €/L","12,48 €/L"
12 nuggets frango polme americano,Capitão Iglo,Embalagem de 220g,"7,99 €/Kg","7,99 €/Kg"
Gelatina pronta a comer light 10 kcal mirtilo,Royal,Embalagem de 4 x 100 g,"0,85 €","2,13 €/Kg"
Cerveja com álcool,Corona,"Embalagem de 6x0,355L","1,99 €/L","1,99 €/L"
Chocolate culinário branco,Pantagruel,Embalagem de 200g,"1,04 €","8,32 €/Kg"
Rolls 6 unidades,Bimbo,Embalagem de 340g,"0,99 €","1,98 €/Kg"
Alimento lácteo cereais e baunilha +6 meses,Yogolino,Embalagem de 4 x 100 g,"2,89 €","7,23 €/Kg"
Fralda cueca T6 - 16 a 22 kg,PorSi,18 unidades,"8,49 €","8,49 €/Unidade"
Vinho verde,Felgueiras,Garrafa de 0.75 l,"1,99 €","2,65 €/L"
Leite uht magro,Gresso,Embalagem de 1 litro,"0,83 €","0,83 €/L"
"Livro ""Cinderela""",Yoyo Books,,"3,59 €","3,59 €/Unidade"
Grão de bico,PorSi,Frasco com 540 g,"2,19 €","2,81 €/Kg"
Bolacha maria de chocolate,Cuetara,Embalagem de 265g,"2,11 €/Kg","2,11 €/Kg"
Folhado de Maçã,*,1 unidade= 100 g,"0,30 €/Unidade","0,30 €/Unidade"
"Lenços de bolso sensi, brancos, 10 unidades",Renova,Uma embalagem de 6x10,"0,89 €","0,89 €/Unidade"
Desodorizante e desinfetante para calçado,Sanytol,Embalagem de 150 ml,"5,29 €","35,27 €/L"
Jogo da Forca + Jogo do Galo,Clementoni,1 unidade,"9,99 €/Unidade","9,99 €/Unidade"
Massa macarronete riscado,Milaneza,Embalagem de 500g,"0,99 €","1,98 €/Kg"
"Snack de chocolate, pack de 3 unidades",Snickers,Embalagem de 150g,"1,59 €","19,88 €/Kg"
Sobremesa danette duo baunilha e chocolate,Danone,Embalagem de 4 x 125 ml,"1,19 €","2,59 €/Kg"
Manteiga com sal,Primor,Embalagem de 250g,"1,89 €","7,56 €/Kg"
Biscoitos canudinho simples,PorSi,Embalagem de 300g,"2,82 €","9,40 €/Kg"
Spray anti calcário,Cif,Garrafa de 435 ml,"3,19 €","6,38 €/L"
Senses Watermelon,Trident,1 un.,"0,99 €","61,88 €/Kg"
Frutapura maçã manga laranja,Bledina,Embalagem de 85g,"0,99 €","11,00 €/Kg"
Massa cuscus,PorSi,Embalagem de 250g,"0,99 €","1,98 €/Kg"
Areia para gatos aglomerante compacta perfumada,PorSi,Embalagem de 4 kg,"1,19 €","0,24 €/Kg"
Bebida aveia sem açúcar,Alpro,Embalagem de 1 l,"1,32 €","2,06 €/L"
Infusão cavalinha,Cemporcent,Embalagem de 10 unidades,"0,79 €","60,77 €/Kg"
15 panadinhos de peixe,PorSi,Embalagem de 450 g,"4,39 €","10,98 €/Kg"
Moscatel de setúbal,Selecção de Enófilos,"Garrafa de 0,75 l","5,99 €","7,99 €/L"
Toalhitas básico,Dodot,embalagem com 54 unidades,"1,09 €/Unidade","1,09 €/Unidade"
Gel de Banho Care & Orange,Nivea,750 ml,"6,49 €","12,98 €/L"
Esfregão esponja ergonómico salva unhas,PorSi,Embalagem de 2 unidades,"0,79 €","0,79 €/Unidade"
Espetadas,Porco,1 un = 150 gr (aprox.),"4,89 €","4,89 €/Kg"
Chocolate mini,Kit kat,Embalagem de 200g,"1,59 €","19,88 €/Kg"
Spray recarga limpeza da casa de banho,Cif,embalagem de 70 ml,"0,79 €","0,79 €/L"
"Cerveja com álcool, lata",Super Bock,Garrafa de 500 ml,"1,99 €/L","1,99 €/L"
Camarão cozido 50/70,PorSi,Vendido ao peso a partir de 300 g,"1,75 €","6,99 €/Kg"
Aperitivos tex mex,Doritos,Embalagem de 120g,"0,79 €","7,90 €/Kg"
Tostas de trigo,Diatosta,Embalagem de 225 g,"2,39 €","6,83 €/Kg"
Creme de dia para pele seca,Labell,Embalagem de 50 ml,"2,99 €","59,80 €/L"
Manga em calda,It.saveurs,Embalagem de 250g,"1,99 €","2,37 €/Kg"
Molas plásticas,PorSi,15 unidades,"0,89 €","0,89 €/Unidade"
Cerveja c/ álcool,Super Bock,Pack 15 X 0. 33L,"1,99 €/L","1,99 €/L"
Gelatina pronta a comer ananás,Royal,Embalagem de 4 x 100 g,"0,85 €","2,13 €/Kg"
Gel de Banho Secrets Oil Avocato,Dove,Embalagem de 500 ml,"6,49 €","8,65 €/L"
Leite de coco,PorSi,Embalagem de 400 ml,"3,84 €","24,00 €/Kg"
12 Preservativos Adapta Finíssimo,Control,,"4,49 €","4,49 €/Unidade"
Patas,Frango,1 un = 250 gr  (aprox.),"0,60 €","5,99 €/Kg"
Bolachas waffers baunilha,PorSi,Embalagem de 210g,"0,98 €","4,67 €/Kg"
"Coloração permanente, caramelo avelã, nº 6.41",Excellence,1 unidade,"9,49 €/Unidade","9,49 €/Unidade"
Loção hidratante,Baby Dove,Embalagem de 200 ml,"0,59 €","5,90 €/L"
Iogurte morango skyr 0%,PorSi Viva Bem,150 g,"5,97 €/Kg","5,97 €/Kg"
Vinho regional península de setúbal branco,J.m.f.,Garrafa de 750 ml,"3,99 €","5,32 €/L"
Água de rosas,Hidro,Embalagem de 200 ml,"0,76 €","0,76 €/Unidade"
Creme de coco,Koala,Garrafa de 165 ml,"1,09 €","2,75 €/Kg"
Luvas Multi Latex S/M,Vileda,10 unidade,"4,29 €","4,29 €/Unidade"
Atum posta em óleo,Bom petisc,Embalagem de 120 g,"0,89 €","7,42 €/Kg"
6 Salsichas de porco,Nobre,Lata de 120g,"0,75 €","3,75 €/Kg"
Cereais corn flakes s/ glúten,Nestle,Embalagem de 380g,"1,49 €","2,98 €/Kg"
Caderno A5 Pautado,PorSi,80 Folhas,"1,98 €","1,98 €/Unidade"
Queijo Cabra 45% M.G,Bergelou,Vendido ao peso a partir de 250 gr,"2,60 €","13,00 €/Kg"
Presunto fatias,Damatta,Embalagem de 120 g,"2,79 €","13,95 €/Kg"
Água mineral sem gás,Fastio,Pack 4 x 1.5 l,"1,04 €","0,17 €/L"
Iogurtes aroma 4 de morango + 4 de banana,PorSi,Embalagem de 8x125g,"1,99 €","2,07 €/Kg"
Queijo manchego D.O.P,PorSi Select,Embalagem de 250g,"2,87 €","15,94 €/Kg"
Açúcar em saquetas,PorSi,Embalagem 1K,"1,49 €","1,49 €/Kg"
Desinfetante álcool gel spray,PorSi,100 ml,"0,99 €","9,90 €/L"
Massa fusilli tricolor,Milaneza,Embalagem de 500g,"0,99 €","1,98 €/Kg"
Sacos do lixo lavanda 50 litros,PorSi,15 unidades,"1,89 €","1,89 €/Unidade"
Inseticida Elétrico Night&Day Pack Duplo,Raid,Embalagem de 2x300 mg,"6,39 €","6,39 €/Unidade"
"Inseticida recarga, elétrico, 45 noites",Raid,1 unidade,"6,39 €","6,39 €/Unidade"
Caneta correctora  Shake & Squeeze 2+1,Bic,1 unidade,"1,71 €","1,71 €/Unidade"
Philadelphia cream cheese light,Philadelph,Embalagem de 270g,"1,75 €","17,50 €/Kg"
Grão de bico,PorSi,Embalagem de 820g,"2,19 €","2,81 €/Kg"
Porto tawny,Ferreira,Garrafa de 750 ml,"15,99 €","21,32 €/L"
Mochila Magic Garden,Safta,1 unidade,"19,99 €","19,99 €/Unidade"
Ketchup,Calve,Embalagem de 280g,"0,87 €","2,90 €/Kg"
Bebida espirituosa,1920,Garrafa de 1 l,"15,49 €","15,49 €/L"
Legumes verdes para sopa,PorSi,Embalagem de 1 kg,"0,74 €","1,85 €/Kg"
Bolacha maria dourada,PorSi,Embalagem de 800g,"2,11 €/Kg","2,11 €/Kg"
Inseticida moscas e mosquitos,Dum Dum,Garrafa de 300 ml,"5,09 €","8,48 €/L"
"Bebida açucarada  tinto de verão, limão",Sandevid,"Garrafa de 1,5 l","2,39 €","1,59 €/L"
Papa infantil não láctea multicereais +6 meses,Cerelac,Embalagem de 250g,"4,99 €","4,99 €/Kg"
Leite aromatizado com sabor a cerea,Mimosa,Embalagem de 200 ml,"1,99 €","2,49 €/L"
"Fraldas Dry Fit, 2-5kg - Tamanho 1",Chicco,Embalagem de 27 unidades,"6,49 €","6,49 €/Unidade"
Espumante Bruto,Gancia,"Garrafa de 0,75 l","9,69 €","12,92 €/L"
Preparado de tarte de flã,PorSi,360 g,"1,69 €","8,45 €/L"
Sacos do lixo de 50 litros 100% reciclado,Silvex,15 sacos,"1,89 €","1,89 €/Unidade"
Cola de Contacto Transparente,Pattex,Embalagem de 50 g,"1,69 €","1,69 €/Unidade"
Carro Estoril 3 Prateleiras,Petex,1 unidade,"13,99 €","13,99 €/Unidade"
Vinagre de limpeza,PorSi,Embalagem de 1 l,"0,79 €","0,79 €/L"
Feijão encarnado,PorSi,Embalagem 500G,"0,95 €","1,90 €/Kg"
Caramelos de fruta,Penha,Embalagem de 500 g,"1,19 €","4,76 €/Kg"
Preparado para pão de ló,Branca de Neve,Embalagem de 440g,"1,69 €","8,45 €/L"
Queijo da Ilha DOP Cura 4 Meses,São Jorge,Vendido ao peso a partir de 250 gr,"2,87 €","15,94 €/Kg"
Tapetes educativos p/ cães/gatos 60x60cm,PorSi,20 unidades,"8,75 €","8,75 €/Unidade"
"Rolo de cozinha design xxl, 3 rolos",Renova,Embalagem de 3 unidades,"4,99 €","4,99 €/Unidade"
Clara liquida pasteurizado,Dovo,Embalagem de 320 ml,"1,24 €","3,88 €/L"
Tablete chocolate de iogurte morango,Milka,Embalagem de 100g,"5,30 €/Kg","5,30 €/Kg"
Cerveja,Kings Bräu,Embalagem de 10x25 cl,"1,99 €/L","1,99 €/L"
Bolacha diet nature recheio iogurte,Gullon,Embalagem de 220g,"0,79 €","4,49 €/Kg"
"Tablete de chocolate, black-white",Schogetten,Embalagem de 100g,"5,30 €/Kg","5,30 €/Kg"
Água s/ gás,S.estrela,Garrafão de 6L,"1,04 €","0,17 €/L"
Máscara fibrology,Elvive,Embalagem de 300 ml,"1,00 €","5,00 €/L"
Filetes primavera alecrim e sal marinho,Iglo,Embalagem de 230g,"1,79 €","7,16 €/Kg"
Sabonete Deoprotect,Dystron,Embalagem de 80 g,"4,29 €","53,63 €/Kg"
Jarro de 1 litro + 4 copos,Codil,1 conjunto,"0,99 €","0,99 €/Unidade"
Vela com número nº 5,PorSi,1 unidade,"0,60 €","0,60 €/Unidade"
Peskitos de pescada panados,Pescanova,Embalagem de 1 Kg,"9,30 €/Kg","9,30 €/Kg"
Gel WC Flores,Neoblanc,Embalagem de 700 ml,"2,79 €","3,99 €/L"
Toalhitas Activity |Recarga,Dodot,Pack: 4x54 unidades,"1,09 €/Unidade","1,09 €/Unidade"
Chá preto,Tetley,Embalagem de 20g,"41,67 €/Kg","41,67 €/Kg"
"Queijo flamengo, fatias",Paiva,Embalagem de 180 g,"1,96 €","9,80 €/Kg"
Feijao verde redondo,PorSi,Embalagem de 400g,"0,74 €","1,85 €/Kg"
Mopa com cabo,PorSi,1 unidade,"2,20 €","2,20 €/Unidade"
Pescada da Africa do Sul,Peixe Congelado,Pescado no mar,"3,99 €/Kg","3,99 €/Kg"
Cebola,Programa Origens,1 un = 250 gr  (aprox.),"0,25 €","0,99 €/Kg"
Café solúvel intenso,Delta,Embalagem de 100g,"1,59 €","79,50 €/Kg"
Pêssego em calda metades,PorSi,Lata com 420 g,"1,99 €","2,37 €/Kg"
Leite Uht Proteína Café,Mimosa,Pack 3 x 250 ml,"1,99 €","2,49 €/L"
Posta pescada-do-cabo nº 5 para cozer,PorSi,Embalagem de 800 g,"4,39 €","10,98 €/Kg"
Gin Beefeater Light,Beefeater,"Garrafa de 0,70 l","16,49 €","23,56 €/L"
Feijao branco fidalgo,Caçarola,Embalagem de 500 g,"0,95 €","1,90 €/Kg"
Vela com número nº 8,PorSi,1 unidade,"0,60 €","0,60 €/Unidade"
Leite de coco light biológico,Origensbio,Garrafa de 400 ml,"1,59 €","1,59 €/L"
Vinho tinto península de setúbal,Periquita,Garrafa de 0.75 l,"3,99 €","5,32 €/L"
Serum Lift + Serum Preenchedor,Diadermine,Embalagem de 30ml,"2,99 €","59,80 €/L"
Ambientador vela duo exotic baunilha,Air Wick,Embalagem de 210g,"9,49 €","45,19 €/Kg"
Concentrado de frutas tropicais,Sunquick,Garrafa de 700 ml,"3,69 €","4,92 €/L"
Mel rosmaninho c/ nozes,SERRAMEL,Embalagem de 250g,"4,89 €","9,78 €/Kg"
Tomate Alongado,Legumes do Dia,1 un = 200 gr (aprox.),"0,67 €","2,69 €/Kg"
Pastel de Nata,PorSi,60g,"6,65 €/Kg","6,65 €/Kg"
12 pastéis de bacalhau,PorSi,Embalagem de 300 g,"1,79 €","7,16 €/Kg"
"Espuma de cabelo, volume xxl",Fru style,Embalagem de 200 ml,"3,99 €","53,20 €/L"
Beringela,Legumes do Dia,1 un=400 gr (aprox.),"0,62 €","2,49 €/Kg"
"Arrancadores, 2 unidades",Osram,1 embalagem,"1,99 €","1,99 €/Unidade"
Sobremesa gelificada de laranja,PorSi,Embalagem de 4x100g,"0,85 €","2,13 €/Kg"
Sumo 100% maçã,Compal,1 litro,"1,09 €","0,73 €/L"
Caldo de galinha 8 cubos,Knorr,Embalagem de 80g,"3,84 €","24,00 €/Kg"
"Chocolate, extra single",Twix,Embalagem de 80g,"1,59 €","19,88 €/Kg"
Vinho regional alentejano tinto,Qta.carmo,Garrafa de 0.75 l,"2,89 €","3,85 €/L"
Bocadelia de caranguejo,La piara,Embalagem de 170g,"1,19 €","13,52 €/Kg"
Detergente manual roupa,PorSi,Embalagem de 650g,"1,19 €","2,98 €/Kg"
Laca Cabelo Criação Brilho,Tresemmé,Embalagem de 300 ml,"3,99 €","53,20 €/L"
Limpa Tablier,PorSi,Embalagem de 1 l,"3,99 €","0,80 €/L"
Cheeseburger de frango,Snock,Embalagem de 100 g,"1,89 €","18,90 €/Kg"
Alcachofra,Legumes do Dia,1 un = 300 gr (aprox.),"0,62 €","2,49 €/Kg"
Pescada Pequena da Argentina -500g,Peixe Congelado,Pescado no mar,"4,39 €","10,98 €/Kg"
Vinho branco,Alandra,Garrafa de 750 ml,"1,59 €","2,12 €/L"
Cápsulas de café delta qualidus,Delta Q,Embalagem de 60g,"54,36 €/Kg","54,36 €/Kg"
Café torrado 5 estrelas moagem grossa,Sical,Embalagem de 250g,"9,16 €/Kg","9,16 €/Kg"
Café com cafeina solúvel,Delta,Embalagem de 20g,"1,59 €","79,50 €/Kg"
Leite de coco condensado,Koala,Embalagem de 490 g,"1,09 €","2,75 €/Kg"
Néctar ananás,Compal,pack 3 x 200 ml,"0,99 €","0,99 €/L"
Manteiga c/ sal,Mimosa,Embalagem de 250g,"1,89 €","7,56 €/Kg"
Conjunto Romantique,Coquette,EAU DE TOILETTE 100 ML + R-ON 10 ML,"12,99 €","12,99 €/Unidade"
"Palmilha de cortiça com latex, tamanho 42/43",Sonaf,1 unidade,"2,95 €","2,95 €/Unidade"
Comida húmida para cão,PorSi,Embalagem de 300 g,"0,75 €","2,50 €/Kg"
30 douradinhos,Capitão Iglo,Embalagem de 840g,"4,39 €","10,98 €/Kg"
Massa fettuccine,PorSi,Embalagem de 500g,"0,99 €","1,98 €/Kg"
Fralda Cueca de Banho 7 a 15 kg,Huggies,Embalagem com 12 un.,"8,49 €","8,49 €/Unidade"
Leite corporal,Nivea,Embalagem de 400 ml,"12,48 €/L","12,48 €/L"
Lava tudo amoniacal,Sonasol,"Garrafa de 3,5 l","0,99 €","0,50 €/L"
Ambientador Arbre Pinho,Arbre Magique,3 unidade,"2,99 €","2,99 €/Unidade"
Cereais corn flakes,Kellogg's,Embalagem de 500g,"1,49 €","2,98 €/Kg"
Batata frita ondulada wavy,PorSi,Embalagem de 180g,"1,06 €","5,73 €/Kg"
Refrigerante sem gás frutos tropicais,Trina,"Garrafa de 1,5 l","1,14 €","0,76 €/L"
Jenga,Mitama,1 unidade,"9,99 €/Unidade","9,99 €/Unidade"
Borrego Inteiro/Metades,Borrego,"1/2 un = 7 kg,  1 un = 14 kg (aprox.)","17,97 €","11,98 €/Kg"
Mistura solúvel mokambo,Nestle,Embalagem de 200g,"11,25 €/Kg","11,25 €/Kg"
Queijinho petit nesquik,Nestle,Embalagem de 6 x 60 g,"4,23 €/Kg","4,23 €/Kg"
Bolachas crackers integral,Du bois,Embalagem de 500g,"0,39 €","3,12 €/Kg"
"Carregador, 6 lâminas, 4 recargas",Labell Men,1 embalagem,"1,16 €","4,64 €/L"
Agrafador alicate essentials nº10,Maped,1 unidade,"2,49 €","2,49 €/Unidade"
Manteiga com sal,Milhafre,Embalagem de 250g,"1,89 €","7,56 €/Kg"
Salsicha bockwurst 5 unidades,PorSi,Embalagem de 250g,"0,75 €","3,75 €/Kg"
Azeite,Oliveira da Serra,Embalagem de 750 ml,"3,29 €","4,39 €/L"
Leite UHT Meio Gordo,Gresso,Embalagem de 1 l,"0,83 €","0,83 €/L"
Baton para homem,Labello,5 g,"16,99 €","84,95 €/L"
Bolacha digestiva go canela,Triunfo,Embalagem de 170g,"0,98 €","3,27 €/Kg"
Queijo mozzarella fatias,PorSi,Embalagem de 200 g,"1,96 €","9,80 €/Kg"
Uno cartas,Mattel,1 unidade,"9,99 €/Unidade","9,99 €/Unidade"
Fermento fresco,Levital,Embalagem de 50g,"0,75 €","15,00 €/Kg"
Almôndegas Vegetais Green Cuisine,Iglo green,Embalagem de 240g,"2,09 €","5,81 €/Kg"
Farinha p/ bolos fina,Nacional,Embalagem de 1Kg,"1,99 €","1,99 €/Kg"
Iogurte natural,PorSi,Embalagem 12 x 125 g,"1,48 €","3,08 €/Kg"
Delícia de bolacha,PorSi,Embalagem de 2x135 g,"0,55 €","2,75 €/Kg"
Gel de Banho Fresh Touch,Dove,Embalagem de 750 ml,"6,49 €","8,65 €/L"
Néctar classico de ananás,Compal,Garrafa de 200 ml,"0,99 €","0,99 €/L"
Lata de Brilho Castanho,Búfalo,Embalagem de 75 ml,"0,99 €","19,80 €/L"
Aguardente vínica velha,Alianca v.,Garrafa de 700 ml,"28,99 €","41,41 €/L"
Toucinho Fumado,PorSi,fatiado a partir de 100 gr,"0,89 €","8,89 €/Kg"
Iogurte tipo grego natural,PorSi,Embalagem de 12 x 125 g,"1,49 €","2,98 €/Kg"
Bloco Sanitário Poder Activo Lavanda,Sonasol,Embalagem de 2x50 g,"2,99 €","74,75 €/Kg"
Banda cera facial peles sensíveis,Veet,Embalagem de 20 unidades,"3,11 €","3,11 €/Unidade"
Framboesa mirtilo com xarope de milho,Cemporcent,Embalagem de 230g,"3,99 €","7,98 €/Kg"
Óleo Cedro Spray,PorSi,Embalagem de 250 ml,"4,39 €","14,63 €/L"
Cereais crack star,PorSi,Embalagem de 375 g,"5,07 €/Kg","5,07 €/Kg"
Gelatina de ananás,PorSi,Embalagem de 170g,"0,55 €","61,11 €/Kg"
Farinha láctea cerelac,Cerelac,Embalagem de 500g,"4,99 €","4,99 €/Kg"
Arroz agulha Europa,PorSi,Embalagem de 1 kg,"1,26 €","1,26 €/Kg"
"Papel higiénico acolchoado, folha tripla, 9 rolos",Scottex,1 embalagem,"1,99 €","1,99 €/Unidade"
Bolachas waffers chocolate,PorSi,Embalagem de 210g,"0,98 €","4,67 €/Kg"
Massa de cotovelos grandes riscados,Milaneza,Embalagem de 500g,"0,99 €","1,98 €/Kg"
Azeite virgem extra bio frutado,Gallo,Garrafa de 750 ml,"3,29 €","4,39 €/L"
Orelhas,Porco,1 un = 250 gr (aprox.),"0,60 €","5,99 €/Kg"
Bolachas chips ahoy,Ca!,Embalagem de 300g,"0,90 €","6,00 €/Kg"
Bebida de soja s/ açúcar,PorSi Viva Bem,Embalagem de 1 litro,"2,04 €","2,04 €/L"
Protetor Solar Spray Sensitive Advanced SPF50+,Ambre Solaire,Embalagem de 200 ml,"16,99 €","84,95 €/L"
Limpa vidros cristal recarga,Ajax,Embalagem de 500 ml,"3,19 €","6,38 €/L"
Azeitona preta,PorSi,Embalagem de 560 g,"2,19 €","2,81 €/Kg"
Leite uht c/ chocolate,Ucal,Garrafa de 1 l,"0,26 €","1,30 €/L"
Película Aderente 60M,PorSi,1 unidade,"1,11 €","1,11 €/Unidade"
Vela com número nº 1,PorSi,1 unidade,"0,60 €","0,60 €/Unidade"
Café Solúvel Black Roast,Nescafe,Embalagem de 200g,"1,59 €","79,50 €/Kg"
Gel desinfectante de mãos,Big Home,236 ml,"0,99 €","9,90 €/L"
"Fermento em pó, lata",Royal,Embalagem de 110g,"0,75 €","15,00 €/Kg"
"Rebuçados de fruta, diamante",PorSi,Embalagem de 200 g,"1,08 €","5,40 €/Kg"
Queijo mini,Babybel,Embalagem de 6x20 g,"2,60 €","13,00 €/Kg"
Tablete de chocolate de leite,Nestle,Embalagem de 90g,"5,30 €/Kg","5,30 €/Kg"
Creepy Mix,Chupachups,Embalagem de 400g,"3,40 €","28,33 €/Kg"
Ice tea pêssego,Lipton,Embalagem de 1L,"1,14 €","0,76 €/L"
Bolacha torrada,PorSi,Embalagem de 4 x 200 g,"2,11 €/Kg","2,11 €/Kg"
Pizza ristorante s/ gluten salame,Dr. Oetker,Embalagem de 320g,"2,32 €","6,27 €/Kg"
Milka chocolate tablet cocoa,Milka,Embalagem de 100g,"0,99 €","4,95 €/Kg"
Xarope de limão sem corantes,Paquito,Garrafa de 750 ml,"3,69 €","4,92 €/L"
Flocos de aveia,PorSi Viva Bem,Embalagem de 400g,"0,69 €","1,73 €/Kg"
Borracha para lápis e tinta,Domédia,1 unidade,"4,69 €","4,69 €/Unidade"
Iogurte activia cremoso frutos silvestres,Danone,Embalagem de 4 x 120 g,"1,49 €","2,98 €/Kg"
Pasta de dentes max white expert white,Colgate,Embalagem de 75 ml,"2,39 €","31,87 €/L"
Pate picante 73gr.                ce *24,La piara,Embalagem de 70g,"1,19 €","13,52 €/Kg"
Bolachas de aveia,Triunfo,Embalagem de 190g,"2,82 €","9,40 €/Kg"
Margarina líquida,Vaqueiro,Embalagem de 500 ml,"2,89 €","2,89 €/Kg"
Amaciador nutri-protec,Labell,Embalagem de 200 ml,"1,00 €","5,00 €/L"
Mostarda de Dijon,PorSi Select,190 g,"0,87 €","2,90 €/Kg"
Lixívia para roupa delicada,Neoblanc,Embalagem de 2 l,"2,19 €","1,10 €/L"
Lixívia Tradicional,PorSi,Embalagem de 5 l,"1,74 €","0,35 €/L"
Queijo cura especial barrado pimentão,Casteloes,500 g,"25,45 €/Kg","25,45 €/Kg"
Gel wc tripla ação c/ lixívia,Harpic,Garrafa de 750 ml,"1,79 €","2,39 €/L"
Porto 10 anos,Velhotes,Garrafa de 0.75 l,"9,99 €","13,32 €/L"
Loção After Sun Bronze,Nivea Sun,Embalagem de 200 ml,"10,99 €","54,95 €/L"
Puzzle Frozen,Clementoni,2 x 20 peças,"5,99 €/Unidade","5,99 €/Unidade"
Vinho maduto tinto,Casal da eira,Embalagem de 1 l,"0,85 €/L","0,85 €/L"
Refrigerante c/ gás,Pepsi,Pack 6 x 0.33 l,"0,40 €/L","0,40 €/L"
Néctar light de laranja prisma,PorSi,Embalagem de 1 l,"0,84 €","2,55 €/L"
Bacalhau posta asa branca,PorSi,Embalagem de 800G,"6,39 €","7,99 €/Kg"
Pringles hot & spicy,Pringles,Embalagem de 175g,"1,19 €","6,43 €/Kg"
Café lote bocage grão,Nicola,Embalagem de 1 kg,"9,16 €/Kg","9,16 €/Kg"
Vinho rosé,C.mendes,Garrafa de 750 ml,"4,29 €","5,72 €/L"
Molho piri piri,Macarico,Embalagem de 200g,"0,87 €","2,90 €/Kg"
Queijo dop 7 meses,Sao jorge,Embalagem de 400g,"2,87 €","15,94 €/Kg"
Sacos do lixo lavanda 30 litros,PorSi,20 sacos,"1,89 €","1,89 €/Unidade"
Spray desinfetante casa de banho,Lysol,Embalagem de 500 ml,"1,79 €","2,39 €/L"
"Frigideira anti-aderente, 24cm",PorSi,1 unidade,"9,99 €","9,99 €/Unidade"
Açúcar baunilhado,Globo,Embalagem de 70g,"1,49 €","1,49 €/Kg"
Café moagem universal timor,Delta,Embalagem de 220g,"9,16 €/Kg","9,16 €/Kg"
Achocolatado energy,Cola cao,Embalagem de 750g,"5,39 €","7,19 €/Kg"
Vinho branco doc beira interior,Entreserra,Garrafa de 750 ml,"2,65 €/L","2,65 €/L"
Ambientador tealights frutos vermelhos,PorSi,embalagem com 18 unidades,"9,49 €","45,19 €/Kg"
Palhinhas de papel,PorSi,25 unidades,"0,60 €","0,60 €/Unidade"
Doce de alperce com frutose,Salutem,Embalagem de 330g,"3,99 €","7,98 €/Kg"
Iogurte líquido yoggi morango/banana,Nestle,Embalagem de 4 x 160 g,"1,31 €","2,05 €/Kg"
12 nuggets frango polme americano,Capitão Iglo,Embalagem de 220g,"9,30 €/Kg","9,30 €/Kg"
Brandy,Macieira,Garrafa de 1 l,"15,49 €","15,49 €/L"
"Líquido sanitário extra power, marinho",WC Pato,Embalagem de 750 ml,"2,79 €","3,99 €/L"
Bebida de soja sem acucar 1l,Alpro,Embalagem de 1L,"2,04 €","2,04 €/L"
Na-esparguete bio 500g 10kg,Nacional,Embalagem de 500g,"0,99 €","1,98 €/Kg"
Amaciador concentrado para roupa aloé vera,PorSi,80 doses,"1,99 €","1,00 €/L"
Guardanapos de papel reciclado,PorSi,100 unidades,"1,29 €","1,29 €/Unidade"
Bases para pizza,PorSi,Embalagem de 3 x 125 g,"1,79 €","4,77 €/Kg"
Escova de Dentes Júnior,Aquafresh,1 unidade,"3,49 €","3,49 €/Unidade"
Feijão vermelho,Legumes secos,1 un = 100 gr. (aprox.),"0,32 €","3,19 €/Kg"
Iogurte natural açucarado,PorSi,Embalagem de 4x125g,"1,48 €","3,08 €/Kg"
"Vela em número, nº 7",PorSi,1 unidade,"0,60 €","0,60 €/Unidade"
Peito de frango,PorSi,"Vendido ao peso, fatiado a partir de 150 g","2,25 €","11,25 €/Kg"
Folha de alumínio,PorSi,30 metros,"1,11 €","1,11 €/Unidade"
Trinca de arroz,PorSi,Embalagem de 5 kg,"1,15 €/Kg","1,15 €/Kg"
Quinoa branca,PorSi Viva Bem,Embalagem de 200 g,"1,39 €","6,95 €/Kg"
Esparregado de espinafres sem lactose,PorSi Viva Bem,Embalagem de 360 g,"2,09 €","5,81 €/Kg"
Iguarias Pota com Alho,Pitéu,Embalagem de 120 g,"0,89 €","7,42 €/Kg"
Spray limpeza casa de banho optimal 7,Ajax,Embalagem de 500 ml,"1,79 €","2,39 €/L"
Drageias de chocolate single,MALTESERS,Embalagem de 40g,"11,98 €/Kg","11,98 €/Kg"
Creme fixação para dentaduras,Polident,Embalagem de 70 g,"7,39 €","105,57 €/Kg"
Corn flakes,PorSi,Embalagem de 1 kg,"1,49 €","2,98 €/Kg"
Queijo de ovelha curado,H.da maia,Embalagem de 200g,"4,50 €","17,99 €/Kg"
Feijão encarnado,PorSi,Embalagem de 820 g,"2,19 €","2,81 €/Kg"
Óleo Beleza N110,Diadermine,Embalagem de 100 ml,"12,48 €/L","12,48 €/L"
50 Jogos Reunidos,Clementoni,1 unidade,"9,99 €/Unidade","9,99 €/Unidade"
Lava Tudo Brilhante Madeira,Sonasol,"embalagem 1,1L","2,49 €","2,49 €/L"
Leite e cereais pijama +6 meses,Cerelac,Garrafa de 400 ml,"4,99 €","4,99 €/Kg"
Carne Cozer s/ Osso,Novilho,1 un = 500 gr (aprox.),"6,39 €","7,99 €/Kg"
Água mineral natural alcalina,MONCHIQUE,Garrafão de 5 l,"1,04 €","0,17 €/L"
"Creme de depilação duche, peles normais",Veet,Garrafa de 150 ml,"2,99 €","14,95 €/L"
Café moagem universal angola,Delta,Embalagem de 220g,"9,16 €/Kg","9,16 €/Kg"
Pizza romana,PorSi,Embalagem de 370g,"2,32 €","6,27 €/Kg"
Loção Sensitive,Baby Dove,Embalagem de 200 ml,"0,59 €","5,90 €/L"
Toalhitas,Dodot,4 x 64 un.,"1,09 €/Unidade","1,09 €/Unidade"
Creme Mãos Hidratante,Labell,Embalagem de 100 ml,"2,49 €","41,50 €/L"
Pescada Média Argentina,Peixe Congelado,+ de 500 g,"3,99 €/Kg","3,99 €/Kg"
Vinho rosé península de setúbal,Periquita,Garrafa de 0.75 l,"3,99 €","5,32 €/L"
Pensos diários salvaslip flexi & fresh normal,Evax,28 unidades,"1,79 €/Unidade","1,79 €/Unidade"
Descafeinado aroma e leveza,Nicola,12 cápsulas,"1,59 €","6,36 €/Kg"
Frutos vermelhos,PorSi,Embalagem de 750 g,"3,29 €","4,39 €/Kg"
4 copos cerveja 32cl,Pasabahce,+ Taça Cap.: 22 cl,"3,25 €","3,25 €/Unidade"
Sal Himalaias Grosso,Origens Bio,1 Embalagem 500G,"3,65 €","7,30 €/Kg"
Rolo cozinha compacto 3 folhas,Foxy,1 unidade,"4,99 €","4,99 €/Unidade"
"Atum em posta, em azeite",General,Embalagem de 110g,"0,89 €","7,42 €/Kg"
Banha,PorSi,Embalagem de 230 g,"2,89 €","2,89 €/Kg"
"Iogurte sabor morango, banana e tutti frutti",Danone,Embalagem de 8 x 120 g com 1 grátis,"1,99 €","2,07 €/Kg"
Vinho verde branco,MIRANDA,"Garrafa de 0,75 l","1,99 €","2,65 €/L"
Bolacha de Manteiga Belga c/ Chocolate Branco,Saborosa,Embalagem de 198 g,"1,69 €","6,76 €/Kg"
Nata pasteurizada,PorSi,Embalagem de 450 ml,"0,75 €","3,75 €/L"
Salada de Marisco,Amarras,Embalagem de 700 g,"2,19 €","8,59 €/Kg"
Bolacha de canela,Snapy,Embalagem de 250g,"2,11 €/Kg","2,11 €/Kg"
Cerveja com álcool,Sagres,Garrafa de 20 cl,"1,99 €/L","1,99 €/L"
Aguardente bagaceira,Dinastia,"Garrafa de 0,70 l","28,99 €","41,41 €/L"
18 hamburguers s/ glúten vaca,Capitão Iglo,Pack familiar com 1.4 kg,"9,50 €/Kg","9,50 €/Kg"
Néctar vital equilibrio frutos vermelhos,Compal,Embalagem de 1 l,"0,99 €","0,99 €/L"
Gel de Banho Shea Butter & Vanilla,Dove,Embalagem de 750 ml,"6,49 €","12,98 €/L"
Esparguete,PorSi,Embalagem de 1 kg,"0,99 €","1,98 €/Kg"
Gelado bomboniera,Olá,Embalagem de 140ML,"5,99 €","16,64 €/L"
Louro em folhas,PorSi,30 g,"0,25 €","0,25 €/Kg"
Cheerios 375g,Nestle,Embalagem de 380g,"5,07 €/Kg","5,07 €/Kg"
Iogurte magro + gelatina morango,Mimosa,Embalagem de 4 x 120 g,"1,09 €","1,45 €/Kg"
Pensos Incontinência Mulher Discreet Maxi Night,Tena,12 unidades,"1,95 €","1,95 €/Unidade"
Eau de Toilette p/Senhora Nº35,Caravan,1 Frasco 150ml,"11,99 €","79,93 €/L"
Martini Riserva Rubino,Martini,Garrafa de 750 ml,"19,99 €","28,56 €/L"
Salmão posta ao natural,PorSi Select,Lata de 120 g,"0,89 €","7,42 €/Kg"
Desodorizante spray sport 48h,Labell Men,Embalagem de 200 ml,"1,39 €","6,95 €/L"
Tomate pelado,Guloso,Embalagem de 390g,"3,84 €","24,00 €/Kg"
"Chocolate, snack, single",Snickers,Embalagem de 50g,"1,59 €","19,88 €/Kg"
Lambrusco tinto,Sorbello,Garrafa de 0.75 l,"1,99 €","2,65 €/L"
Ambientador vela duo maçã,Air Wick,Embalagem de 210g,"9,49 €","45,19 €/Kg"
Batata palha finíssima,PorSi Select,Embalagem de 180 g,"0,87 €","5,44 €/Kg"
Spray calcário e sujidade,Cillitbang,Garrafa de 500 ml,"5,99 €","11,98 €/L"
Farinha p/ bolos extra fina,Nacional,Embalagem de 1 kg,"1,99 €","1,99 €/Kg"
Vinagre de vinho branco,PorSi,Garrafa de 1 l,"0,35 €","0,70 €/L"
Doce de ameixa com frutose,Salutem,Embalagem de 330g,"3,99 €","7,98 €/Kg"
Leite e cereais 8 cereais e mel +6 meses,Cerelac,Garrafa de 400 ml,"4,99 €","4,99 €/Kg"
Lagartos,PorSi,Embalagem de 300 gr,"0,69 €","3,45 €/Kg"
Queijo regular,Philadelph,Embalagem de 180g,"1,75 €","17,50 €/Kg"
Infusão nº 13 diabet control,Cemporcent,Embalagem de 10 unidades,"0,79 €","60,77 €/Kg"
Recarga Desumidificador Inodoro,HUMYDRY,embalagem de 450g,"2,99 €","6,64 €/Kg"
Bolacha com aveia,PorSi,Embalagem de 300 g,"0,98 €","3,27 €/Kg"
Iogurte pedaços pêssego/alperce,PorSi,Embalagem de 4x125g,"1,44 €","2,88 €/Kg"
"Creme de rosto de dia revitalift, laser",L'oreal,Embalagem de 50 ml,"2,99 €","59,80 €/L"
Vinho tinto,Enc.bairro,Bag-in-box de 5L,"5,19 €","1,04 €/L"
Creme de dia para pele normal,Labell,Embalagem de 50 ml,"2,99 €","59,80 €/L"
Vinagre vinho branco,PorSi,Garrafa de 500 ml,"0,35 €","0,70 €/L"
Esferográfica Twin Tip 4 Cores - Blue,Maped,1 unidade,"1,71 €","1,71 €/Unidade"
Aguardente velhíssima,São Domingos,Garrafa de 0.70 l,"28,99 €","41,41 €/L"
Papa infantil para preparar com leite +6 meses,Cerelac,Embalagem de 250g,"4,99 €","4,99 €/Kg"
Spray elimina odores do calçado,PorSi,embalagem de 100 ml,"5,29 €","35,27 €/L"
Vinho DOC Bairrada Tinto,Marquês de Marialva,Garrafa de 0.75 l,"2,65 €/L","2,65 €/L"
Café solúvel crema,Nescafe,Embalagem de 200g,"1,59 €","79,50 €/Kg"
Azeitoneira de barro pintada,Anitex,1 unidade,"2,50 €","2,50 €/Unidade"
Vinagre vinho branco 500ml,Cristal,Garrafa de 500 ml,"0,35 €","0,70 €/L"
Creme custard baunilha,Condi,Embalagem de 150g,"1,69 €","8,45 €/L"
Bolachas starship chocolate,PorSi,Embalagem de 150g,"0,90 €","6,00 €/Kg"
Adoçante em pó,PorSi,250 saquetas,"5,99 €","23,96 €/Kg"
Magnum amêndoa,Olá,Embalagem de 6 x 55 ml,"5,99 €","16,64 €/L"
Arroz carolino malandrinho,Malandrinh,Embalagem de 1 kg,"1,26 €","1,26 €/Kg"
Espetadas de Peru,Peru,1 un = 150 gr (aprox.),"1,05 €","2,99 €/Kg"
Paio das beiras,PorSi,Embalagem de 380g,"2,79 €","13,95 €/Kg"
Creme Depilatório Men Peles Sensíveis,Veet,Embalagem de 200 ml,"3,11 €","3,11 €/Unidade"
Pensos higiénicos liberty super abas,Evax,Embalagem com 10 un.,"4,99 €","4,99 €/Unidade"
Choco rice,Cemporcent,Embalagem de 250g,"0,69 €","1,73 €/Kg"
Café moagem universal portugal,Delta,Embalagem de 250g,"9,16 €/Kg","9,16 €/Kg"
Café em Cápsulas Dolce Gusto Sical,Nescafé,Embalagem de 3x16 cápsulas,"54,36 €/Kg","54,36 €/Kg"
Queijo em fatias,Terra Nostra,Embalagem de 400g,"1,96 €","9,80 €/Kg"
Gin dry bombay(40º) 0.70l,Bombay,Garrafa de 700 ml,"16,49 €","23,56 €/L"
Queijo vaca e ovelha s. penela,Serqueijos,Embalagem de 500g,"4,20 €","16,79 €/Kg"
Farinha soja,Salutem,Embalagem de 400g,"2,29 €","11,45 €/Kg"
Massa de macarrão grande estriado,PorSi,Embalagem de 500g,"0,99 €","1,98 €/Kg"
Máquina de barbear styler 3 em 1,Gillette,1 unidade,"1,16 €","4,64 €/L"
Óleo alimentar,Fula,Embalagem 3L,"3,39 €","3,39 €/L"
Pensos higiénicos Cottonlike Super Plus Com Abas,Evax,10 unidades,"4,99 €","4,99 €/Unidade"
Queijo para barrar natural,PorSi,Embalagem de 200 g,"1,75 €","17,50 €/Kg"
Comida húmida para gato esterilizado em molho com sa...,Purina One,4 x 85 g,"3,49 €","10,26 €/Kg"
Côco ralado,PorSi,Embalagem de 200g,"1,29 €","3,23 €/Kg"
Renovador de Camurça em Spray Incolor,Búfalo,Embalagem de 250 ml,"6,19 €","24,76 €/L"
Receita caseira de jardineira,Nobre,Embalagem de 420g,"2,35 €","5,60 €/Kg"
Tablete de chocolate leite,Nestle,Embalagem de 130g,"5,30 €/Kg","5,30 €/Kg"
Iogurte líquido infantil morango e banana,PorSi,Pack 6 x 100 g,"1,31 €","2,05 €/Kg"
Condicionador spray penteia fácil,Johnson's Baby,Embalagem de 200 ml,"4,99 €","16,63 €/L"
Nata uht light,Mimosa,Embalagem de 200 ml,"0,75 €","3,75 €/L"
Bebida láctea especial crescimento 1-3 anos,Mimosa,Embalagem de 200 ml,"0,26 €","1,30 €/L"
Pá + espanador,PorSi,1 conjunto,"2,20 €","2,20 €/Unidade"
Feijão branco,PorSi,Embalagem de 500g,"0,95 €","1,90 €/Kg"
Concentrado manga,Sunquick,Garrafa de 580 ml,"3,69 €","4,92 €/L"
Máquina de barbear c/ 2 recargas de 6 lâminas,Labell Men,,"1,16 €","4,64 €/L"
Café solúvel viena,Nescafe,Embalagem de 140g,"1,59 €","79,50 €/Kg"
Sabonete glicerina natural,Palmolive,Embalagem de 90 g,"4,49 €","12,47 €/Kg"
Iogurte tipo grego maracujá,PorSi,Embalagem de 4 x 125 g,"1,49 €","2,98 €/Kg"
"Queijo flamengo, ralado",Terra Nostra,Embalagem de 150g,"7,45 €/Kg","7,45 €/Kg"
Peito de peru,PorSi,"Vendido ao peso, fatiado a partir de 150 g","2,25 €","11,25 €/Kg"
Cápsulas de café qharisma,Delta Q,Embalagem de 60g,"54,36 €/Kg","54,36 €/Kg"
"Pensos diários respirare, 44 unidades",Carefree,Uma embalagem,"1,79 €/Unidade","1,79 €/Unidade"
Fruta para bebé banana maçã +4 meses,Nestle,Embalagem de 90g,"0,74 €","8,22 €/Kg"
Aditivo em pó máquina pink,Vanish,Embalagem de 1.2 kg,"5,99 €","11,98 €/L"
Bolachas brownie tubo,Oreo,Embalagem de 150g,"0,79 €","4,49 €/Kg"
Rolo cozinha branco 3 folhas,PorSi,3 rolos,"4,99 €","4,99 €/Unidade"
Vinho branco península de setúbal,Periquita,Garrafa de 0.75 l,"3,99 €","5,32 €/L"
Vinho doc douro tinto,Tellu's,Garrafa de 750 ml,"7,49 €","9,99 €/L"
Sabonete Líquido Sensitive,Dettol,Embalagem de 250 ml,"2,18 €/L","2,18 €/L"
Leite creme,PorSi,Embalagem de 2x135 g,"0,55 €","2,75 €/Kg"
Queijo creme light,Eru,Embalagem de 100 g,"1,75 €","17,50 €/Kg"
Sabonete líquido maçãs verdes,Labell,Embalagem de 500 ml,"2,18 €/L","2,18 €/L"
Vela com número nº 9,PorSi,1 unidade,"0,60 €","0,60 €/Unidade"
Batata frita lisa chips,PorSi,Embalagem de 185 g,"1,06 €","5,73 €/Kg"
"Néctar pêssego, prisma",PorSi,Embalagem de 1 l,"0,99 €","0,99 €/L"
Feijão manteiga caçarola,Cacarola,Embalagem de 500g,"0,95 €","1,90 €/Kg"
Vitamina c,PLANTANATU,Embalagem de 1 unidades,"6,59 €","6,59 €/Unidade"
Sementes de linhaça dourada,PorSi Viva Bem,Embalagem de 250 g,"1,59 €","10,60 €/Kg"
Vinho do porto lbv 2004,Cruz,Garrafa de 0.75 l,"9,99 €","13,32 €/L"
"Detergente manual de loiça, ultra limão",PorSi,Embalagem de 500 ml,"1,05 €","2,10 €/L"
Mochila,PorSi,Dim.: 40x30x18 cm,"19,99 €","19,99 €/Unidade"
Pimentão doce saqueta,PorSi,Embalagem de 50 g,"0,25 €","0,25 €/Kg"
Feijão manteiga,Compal,Lata de 410 ml,"2,19 €","2,81 €/Kg"
Iogurte activia líquido kiwi,Danone,Embalagem de 4 x 155 g,"2,79 €","6,07 €/Kg"
Empada de Frango 60 g,Fornada do Dia,,"0,65 €","0,65 €/Unidade"
Óleo 10w40 Semi-Sintectico,PorSi,Embalagem de 1 l,"14,99 €","14,99 €/L"
Puzzle Animais Disney,Clementoni,2 x 20 peças,"9,99 €/Unidade","9,99 €/Unidade"
Amaciador Roupa lavanda,PorSi,Embalagem de 60 doses,"1,99 €","1,00 €/L"
Chocolate quente 90 segundos,Lacasa,Embalagem de 350g,"5,39 €","7,19 €/Kg"
Biscoitos de canela,PorSi,Embalagem de 750g,"0,69 €","3,45 €/Kg"
"Gel banho, nutritivo",Lactovit,Embalagem de 650 ml,"6,49 €","8,65 €/L"
Queijo 3 Igrejas Cura 2m Pimentão,Santiago,Vendido ao peso a partir de 250 gr,"25,45 €/Kg","25,45 €/Kg"
Pastilhas de Limpeza Dentífrica Branqueadora,Polident,Embalagem com 30 unidades,"7,39 €","105,57 €/Kg"
"Refrigerante com gás, ananás",Sumol,"Garrafa de 1,25 l","0,40 €/L","0,40 €/L"
Café moído torrado aroma bellissimo,Belissimo,Embalagem de 200g,"9,16 €/Kg","9,16 €/Kg"
Vinho Vinha da Fonte Setúbal tinto,Casa Ermelinda Freitas,Garrafa de 0.75 l,"3,99 €","5,32 €/L"
Vinho do porto special reserve,V.alegre,Garrafa de 750 ml,"9,99 €","13,32 €/L"
Arroz agulha América do Sul,PorSi,Embalagem de 1 kg,"1,26 €","1,26 €/Kg"
Sementes de saúde para canto,Kiki,Embalagem de 150 g,"2,49 €","16,60 €/Kg"
Leite uht gordo,Mimosa,Embalagem de 1 litro,"1,19 €","1,19 €/L"
Crocantes de frango original,Iglo,Embalagem de 180g,"9,30 €/Kg","9,30 €/Kg"
Balde de Limpeza com Espremedor,PorSi,unidade,"2,50 €","2,50 €/Unidade"
Leite e cereais bolacha maria +6 meses,Cerelac,Garrafa de 400 ml,"4,99 €","4,99 €/Kg"
Chocolate culinário em pó,Pantagruel,Embalagem de 130g,"1,04 €","8,32 €/Kg"
"Borracha Technic, 600",Maped,embalagem com 2 unidades,"4,69 €","4,69 €/Unidade"
Polvilho doce,Do Brasil,500 g,"1,99 €","1,99 €/Kg"
"Creme protector contra assaduras, para bebé",Johnson's Baby,Embalagem de 100 ml,"0,59 €","5,90 €/L"
Sabonete leite & mel,Palmolive,Embalagem de 4x90 g,"4,49 €","12,47 €/Kg"
Tablete de chocolate de leite,PorSi Select,Embalagem de 200g,"5,30 €/Kg","5,30 €/Kg"
Iogurte activia cereais integrais,Danone,Embalagem de 4 x 120 g,"2,79 €","6,07 €/Kg"
Sidra de maçã,Somersby,Lata de 500 ml,"1,59 €","3,18 €/L"
Sumo 100% ananás/uva,PorSi,Pack 3 x 200 ml,"1,09 €","0,73 €/L"
Moelas,Frango,1 un = 200 gr (aprox.),"0,60 €","5,99 €/Kg"
"Vinho doc loureiro, verde",Selecção de Enófilos,Garrafa de 0.75 l,"1,99 €","2,65 €/L"
Iogurte líquido magro frutos vermelhos,PorSi Viva Bem,Embalagem de 4x160 ml,"1,31 €","2,05 €/Kg"
Leite c/ chocolate meio-gordo s/ lactose,Agros,4 x 200 ml,"0,26 €","1,30 €/L"
Costeletas do Lombo,Porco,Vendido ao peso a partir de 1 kg,"4,89 €","4,89 €/Kg"
Iogurte activia frutos secos cereais,Danone,Embalagem de 4 x 120 g,"2,79 €","6,07 €/Kg"
Bife da Alcatra,Novilho,1 un = 250 gr (aprox.),"6,39 €","7,99 €/Kg"
Perfume Paw Patrol,Air Val,30 ml,"11,99 €","79,93 €/L"
Snack para gato crispies vaca e frango,Felix,Embalagem de 50g,"0,99 €","16,50 €/Kg"
Inseticida elétrico melgas e mosquitos,Dum Dum,1 unidade = 45 noites,"6,39 €","6,39 €/Unidade"
Espremedor,PorSi,1 unidade,"2,50 €","2,50 €/Unidade"
"Borracha Technic, 600",Maped,embalagem com 2 unidades,"1,89 €","1,89 €/Unidade"
Spray anti-bolores,Cif,435 ml,"1,79 €","2,39 €/L"
Patê de salmão,La piara,Embalagem de 80g,"1,19 €","13,52 €/Kg"
"Vela com número, nº2",PorSi,1 unidade,"0,60 €","0,60 €/Unidade"
Alimento seco para gatinhos,HappyOne,"Embalagem de 1,5 kg","12,99 €","4,33 €/Kg"
Fraldas de Incontinência Elásticos Médias,Lindor,20 Unidades,"9,99 €","9,99 €/Unidade"
Farinha para bolos super fina,B.neve,Embalagem de 1 kg,"1,99 €","1,99 €/Kg"
Detergente Líquido Máquina Roupa Lavanda,Xau,Embalagem com 62 doses,"31,99 €","31,99 €/Unidade"
Amaciador concentrado para roupa jojoba,PorSi,80 doses,"1,99 €","1,00 €/L"
Espumosos tinto bruto attitude,Fita azul,Garrafa 0.75L,"9,69 €","12,92 €/L"
Lay's gourmet corte fino,Lay's,Embalagem de 150g,"1,06 €","5,73 €/Kg"
Super homem,PLANTANATU,Embalagem de 1 unidades,"6,59 €","6,59 €/Unidade"
Creme Depilatório Peles Sensíveis,Veet,Embalagem de 200 ml,"12,99 €","12,99 €/Unidade"
"Spray depilatório, peles sensiveis",Veet,Garrafa de 150 ml,"2,99 €","14,95 €/L"
Café moagem fina bio,PorSi Bio,Embalagem de 250g,"9,16 €/Kg","9,16 €/Kg"
Panados de frango,PorSi,Embalagem de 500 g,"9,30 €/Kg","9,30 €/Kg"
"Combinado Fiambre,Queijo e Carne",Pastelaria do Dia,,"0,65 €","0,65 €/Unidade"
Snack bone beef xs,8in1,Embalagem de 80g,"1,09 €","6,06 €/Kg"
Comida húmida para cão de frango e legumes,PorSi,Lata de 400 g,"0,75 €","2,50 €/Kg"
Leite pasteurizado meio gordo,Vigor,Garrafa de 1 l,"1,09 €","1,09 €/L"
Lenços faciais brancos 2 folhas,PorSi,150 unidades,"0,89 €","0,89 €/Unidade"
10 nuggets de frango com cereais integrais,Capitão Iglo,Embalagem de 208 g,"9,50 €/Kg","9,50 €/Kg"
"Ambientador spray, aerosol, lavanda",Glade,Embalagem de 300 ml,"0,99 €","3,30 €/L"
Manteiga amendoim crocant,PorSi,Embalagem de 340g,"4,39 €","12,91 €/Kg"
Cereais fitness chocolate preto,Nestle,Embalagem de 375g,"3,79 €","29,38 €/Kg"
Chá de alcachofra e dente-de-leão,PLANTANATU,Embalagem de 20g,"1,19 €","1,19 €/Unidade"
8 salsichas frankfurt,Izidoro,Embalagem de 200g,"0,75 €","3,75 €/Kg"
Crepe de ovo,PorSi,Embalagem de 540 g,"2,57 €","7,79 €/Kg"
Leite uht c/ chocolate,Ucal,Embalagem de 3 x 250 ml,"0,26 €","1,30 €/L"
Leite c/ chocolate,Gresso,Pack 4X200ml,"0,26 €","1,30 €/L"
Bandida do pomar maçã 4x25cl,Bandida,Garrafa de 1 l,"1,59 €","3,18 €/L"
Gel de banho bio kids,Corine de Farme,300 ml,"4,99 €","16,63 €/L"
Sopa económica de marisco,Knorr,Embalagem de 60g,"0,84 €","13,55 €/Kg"
Preparado para crepes,Branca de Neve,Embalagem de 380g,"0,79 €","5,27 €/Kg"
Panos Esponja,Fino,3 unidades,"1,64 €","1,64 €/Unidade"
Nabiças Programa Origens,PorSi,1 un = 1 kg (aprox.),"0,63 €","2,09 €/Kg"
Posta de bacalhau do atlântico,Pescanova,Embalagem de 700 g,"6,39 €","7,99 €/Kg"
Salsicha Fresca com Ervas,Porco,1 un = 100 gr (aprox.),"0,65 €","6,49 €/Kg"
Flocos cereais chocolate,PorSi,Embalagem de 300g,"2,49 €","9,96 €/Kg"
Gomas happy cola,Haribo,Embalagem de 100g,"1,19 €","3,97 €/Kg"
Vinho do Porto 10 Anos,Ramos Pinto,Garrafa de 0.75 l,"9,99 €","13,32 €/L"
Toalhitas Sensitive |Recarga,Dodot,Pack: 4 x54 unidades,"1,09 €/Unidade","1,09 €/Unidade"
Folhado de Chocolate 60 g,PorSi,,"0,30 €/Unidade","0,30 €/Unidade"
"Queijo creme, presunto",Eru,Embalagem de 100 g,"1,75 €","17,50 €/Kg"
Flan de ovos,PorSi,Embalagem 4 x 100 g,"0,55 €","2,75 €/Kg"
Iogurte ananás 000%,PorSi Viva Bem,Embalagem de 4 x 125 g,"1,44 €","2,88 €/Kg"
Feijão Verde,Legumes do Dia,1 un = 250 gr  (aprox.),"1,40 €","3,49 €/Kg"
Tomate cherry,*,1 un = 200 gr (aprox.),"0,67 €","2,69 €/Kg"
"Aperitivos, amendoins no forno",Matutano,Embalagem de 200g,"0,79 €","3,95 €/Kg"
Tablete de chocolate leite bubbly,Milka,Embalagem de 90g,"5,30 €/Kg","5,30 €/Kg"
"Luva Nitrilica, anti-Deslizante, Nr.10",Itools,1 unidade,"5,39 €","5,39 €/Unidade"
Sacos do lixo 18 litros,PorSi,15 sacos,"1,89 €","1,89 €/Unidade"
Manteiga com sal,Novacores,Embalagem de 250g,"1,89 €","7,56 €/Kg"
Lava Tudo Flores Montanha,Sonasol,1.3 l,"0,99 €","0,50 €/L"
Cappucinno,PorSi,Embalagem de 125 g,"3,19 €","25,52 €/Kg"
Bolachas com recheio de cacau sem glúten,Schar,Embalagem de 250g,"2,15 €","2,87 €/Kg"
Vinagre de limpeza,Dona Pureza,Embalagem de 1 l,"0,79 €","0,79 €/L"
Taolhão de banho,PorSi,100 x 150 cm,"17,99 €","17,99 €/Unidade"
Tablete chocolate creme de cacau,Milka,Embalagem de 100g,"5,30 €/Kg","5,30 €/Kg"
Ambientador arbremagique baunilha,Arbre Magique,1 unidade,"2,99 €","2,99 €/Unidade"
Body Milk Cocoa,Nivea,Embalagem de 250 ml,"12,48 €/L","12,48 €/L"
Chocolate lion,Lion,Embalagem de 40g,"1,59 €","19,88 €/Kg"
"Martelo Cabo de Borracha, 18mm",Itools,1 unidade,"5,39 €","5,39 €/Unidade"
Gelado magnum menta,Olá,Embalagem de 4 x 100 ml,"5,99 €","16,64 €/L"
M&m's drageias de caramelo salgado e chocolate de le...,M&m's,Embalagem de 160g,"11,98 €/Kg","11,98 €/Kg"
"Leite uht, com café, galão alentejano",Serraleite,Embalagem de 1 l,"1,99 €","2,49 €/L"
Alheira Extra Trás os Montes,PorSi,"Vendido ao peso, 1un= 200 gr (aprox.)","1,49 €","7,45 €/Kg"
Queijo em fatias,Limiano,Embalagem de 400g,"1,96 €","9,80 €/Kg"
Ambientador vela odor cozinha,PorSi,1 unidade,"9,49 €","45,19 €/Kg"
"Néctar de alperce, tetra",Compal,pack 3 x 200 ml,"0,99 €","0,99 €/L"
Cesto para o lixo bancada,PorSi,1 unidade,"2,50 €","2,50 €/Unidade"
Actimel magro natural,Danone,Embalagem de 6 x 100g,"4,15 €/Kg","4,15 €/Kg"
Eau De Toilette Homen Nº 56,Caravan,pack: 150ML+Deo 150ML,"5,99 €","14,98 €/L"
Manteiga sem sal,Mimosa,Embalagem de 250g,"1,89 €","7,56 €/Kg"
Lixívia Spray Mousse Flor,Neoblanc,Embalagem de 700ml,"1,74 €","0,35 €/L"
Lixívia Spray Mousse,Neoblanc,Embalagem de 700ml,"1,74 €","0,35 €/L"
Miolo de mexilhão,PorSi,Embalagem de 250 g,"1,79 €","7,16 €/Kg"
Queijo Flamengo Bola,PorSi,1 un = 250 gr  (aprox.),"1,96 €","9,80 €/Kg"
Queijo flamengo 0% lactose,PorSi Viva Bem,Embalagem de 150 g,"1,96 €","9,80 €/Kg"
"Alimento húmido para gato 7+, aves",Whiskas,Embalagem de 400g,"3,49 €","10,26 €/Kg"
Iogurte grego oikos stracciatella,Danone,Embalagem de 4 x 110 g,"1,49 €","2,98 €/Kg"
Bolacha vitalday crocante chocolate,Gullon,Embalagem de 280g,"2,82 €","9,40 €/Kg"
Cerveja c/ álcool,Sagres,pack 30 x 0.25 L,"1,99 €/L","1,99 €/L"
Detergentes máquina lavar loiça ecológico,PorSi,26 pastilhas,"2,99 €","2,99 €/Unidade"
Rebuçados peitorais,Villa,Embalagem de 200 g,"0,77 €","3,85 €/Kg"
Conjunto de ferramentas,Itools,31 peças,"5,39 €","5,39 €/Unidade"
Azeite Subtil,Gallo,Garrafa de 2 l,"3,29 €","4,39 €/L"
Massa de espirais,Nacional,Embalagem de 500g,"0,99 €","1,98 €/Kg"
Limpa injetores diesel,PorSi,Embalagem de 250 ml,"14,99 €","14,99 €/L"
Gel de banho naturals amêndoa e leite,Palmolive,500 ml,"6,99 €","9,32 €/L"
"Iogurte sólido aroma sabor morango, coco, tutti frut...",Mimosa,embalagem de 8 x 120 g,"1,99 €","2,07 €/Kg"
Manga Barco,Fruta do Dia,1 un = 500 gr (aprox.),"2,29 €/Kg","2,29 €/Kg"
Bolo Rainha,PorSi,750 g,"6,65 €/Kg","6,65 €/Kg"
Refrigerante c/ gás zero,Coca-Cola,pack 4 x 1 l,"0,40 €/L","0,40 €/L"
Tortitas de arroz chocolate negro,PorSi Viva Bem,130 g,"1,45 €","11,15 €/Kg"
Jardineira,PorSi,Embalagem de 400 g,"0,74 €","1,85 €/Kg"
"Pensos para calos, 10 unidades",PorSi,1 embalagem,"1,69 €","1,69 €/Unidade"
Papel higiénico macio absorvente,PorSi,12 rolos,"1,99 €","1,99 €/Unidade"
Pano multiusos felpo,PorSi,1 unidade,"1,64 €","1,64 €/Unidade"
"Vinho Bairrada, Tinto",Selecção de Enófilos,Garrafa de 0.75 l,"2,65 €/L","2,65 €/L"
Colher em Silicone,Neo Baby,1 unidade,"4,49 €","4,49 €/Unidade"
Café lote normal moagem fina,PorSi,Embalagem de 250 g,"9,76 €/Kg","9,76 €/Kg"
Pão Bijou 45 g,Pão do Dia,,"0,19 €","2,38 €/Kg"
Vinho branco,PorSi,embalagem de 1 litro,"0,85 €/L","0,85 €/L"
Gelatina de morango,Royal,Embalagem de 114g,"0,55 €","61,11 €/Kg"
Feuilletine,Du Bois de la Roche,Embalagem de 135 g,"0,39 €","3,12 €/Kg"
Batata frita lisa,PorSi,Embalagem de 90g,"1,06 €","5,73 €/Kg"
Cabeça sem Osso,Porco,1 un = 1 kg (aprox.),"0,60 €","5,99 €/Kg"
Iogurte Activia 0% aveia e linhaça,Danone,Embalagem de 4 x 120 g,"2,79 €","6,07 €/Kg"
Cenoura Granel,Legumes do Dia,1 un = 100 gr (aprox.),"0,09 €","0,89 €/Kg"
"Guardanapos brancos, 33x33cm, 2 folhas",PorSi,Embalagem com 100 unidades,"1,29 €","1,29 €/Unidade"
Rebuçados de mentol,PorSi,Embalagem de 250g,"0,77 €","3,85 €/Kg"
Pá do Lixo C/ Cabo,PorSi,1 un.,"2,20 €","2,20 €/Unidade"
Vinagre de sidra,PorSi,500 ml,"0,35 €","0,70 €/L"
"Azeitonas pretas sem caroço, frasco de 165 g",PorSi,Embalagem de 165g,"2,19 €","2,81 €/Kg"
Ambientador spray aerosol white bouquet,Air Wick,Garrafa de 240 ml,"0,99 €","3,30 €/L"
Mopa ultramax,Vileda,1 unidade,"2,50 €","2,50 €/Unidade"
Super Cola para Madeira,Vito,1 unidade,"1,69 €","1,69 €/Unidade"
Clementina,Programa Origens,,"0,32 €","1,29 €/Kg"
Ketchup picante,Heinz,460 g,"0,87 €","2,90 €/Kg"
Posta de atum ao natural,PorSi,Embalagem de 120g,"0,89 €","7,42 €/Kg"
"Elixir bocal, menta",Labell,Embalagem de 500 ml,"5,99 €","11,98 €/L"
"Alimento para cão júnior bio complex, com frango",HappyOne,Embalagem de 4 kg,"1,15 €/Kg","1,15 €/Kg"
Chá gordura localizada,PLANTANATU,Embalagem de 10 unidades,"1,19 €","1,19 €/Unidade"
Kit de viagem,Colgate,pasta dentífrica + escova,"3,49 €","3,49 €/Unidade"
Iogurte activia aveia nozes,Danone,Embalagem de 4 x 120 g,"2,79 €","6,07 €/Kg"
Alimento lácteo banana +6 meses,Yogolino,Embalagem de 4 x 100 g,"2,89 €","7,23 €/Kg"
Gelatina tutti-fruti,PorSi,Embalagem de 170g,"0,55 €","61,11 €/Kg"
Manteiga sem sal terra nostra,Terra Nostra,Embalagem de 250g,"1,89 €","7,56 €/Kg"
Papel Fotocópia A4 |80g,Navigator,,"2,49 €","2,49 €/Unidade"
Verdinhos Grandes,Peixe do Dia,1 un= 100 gr (aprox.),"3,90 €","12,99 €/Kg"
Nata uht carbonara,Parmalat,Embalagem de 200 ml,"0,75 €","3,75 €/L"
Tablete de chocolate branco,Schogetten,Embalagem de 100g,"0,99 €","9,90 €/Kg"
Creme para barrar,Nutella,Embalagem de 200 g,"4,39 €","12,91 €/Kg"
Sultana Dourada,PorSi,Embalagem de 200g,"0,79 €","3,95 €/Kg"
Tosta integral,Diatosta,Embalagem de 510 g,"2,59 €","5,08 €/Kg"
Papel higiénico compacto 2 folhas,PorSi,18 = 36 Rolos,"1,99 €","1,99 €/Unidade"
"Fita Teflon, 2 Rolos",Itools,1 unidade,"1,69 €","1,69 €/Unidade"
Leite especial cálcio + vitamina d magro,Mimosa,Garrafa de 1 l,"0,94 €/L","0,94 €/L"
Iogurte pedaços morango,PorSi,Embalagem de 4x125g,"1,44 €","2,88 €/Kg"
Chocolate para culinária 85% cacau sem glúten,Regina,embalagem de 200 g,"1,04 €","8,32 €/Kg"
Inseticida Aerossol Rapid Moscas e Mosquitos,Raid,1 Embalagem 600ml,"5,09 €","8,48 €/L"
Pastilha Elástica Bottle Frutos Vermelhos,Trident,Embalagem de 82 g,"0,99 €","61,88 €/Kg"
Inteiro/Metades,Cabrito,"1/2 un = 2.5 kg, 1 un = 5 kg (aprox.)","17,97 €","11,98 €/Kg"
Pipoca doce para  microondas,PorSi,Embalagem de 300g,"0,79 €","7,90 €/Kg"
Frango Inteiro Grande,Frango,1 un = 1.6 kg (aprox.),"1,05 €","2,99 €/Kg"
Cominhos moídos,PorSi,Embalagem de 35g,"0,25 €","0,25 €/Kg"
Chantilly,Royal,Embalagem de 70g,"1,29 €","3,23 €/Kg"
Bolachas cookies choco xl,Milka,Embalagem de 180g,"0,90 €","6,00 €/Kg"
Molho de nata para carne,Mimosa,Garrafa de 200 ml,"0,87 €","2,90 €/Kg"
Esfregão Fibra Verde Grande XXL Gama Classic,Scotch-Brite,Embalagem de 1 unidades,"0,79 €","0,79 €/Unidade"
Faca Chefe 20 cm Preta,PorSi,1 unidade,"9,99 €","9,99 €/Unidade"
Toalhetes Íntimos Suaves,Corine de Farme,Embalagem com 10 un.,"2,19 €","2,19 €/Unidade"
Cápsulas de café qharacter,Delta Q,Embalagem de 60g,"54,36 €/Kg","54,36 €/Kg"
Abóbora Butternut,Programa Origens,1 un = 1 kg (aprox.),"0,09 €","0,89 €/Kg"
Mon cheri t5 53g,Mon cheri,Embalagem de 50g,"1,59 €","31,80 €/Kg"
Esponja salvaunhas coz.com6un,PorSi,Embalagem de 6 unidades,"0,79 €","0,79 €/Unidade"
Bagas de goji,Cemporcent,Embalagem de 125 g,"0,79 €","3,95 €/Kg"
Vinho tinto doc dão,Cabriz,Garrafa de 0.75 l,"3,99 €","5,32 €/L"
Chá de frutos vermelhos,Tetley,Embalagem de 30g,"44,50 €/Kg","44,50 €/Kg"
Mini salsichas cocktail,Nobre,lata de 180g,"0,75 €","3,75 €/Kg"
Baguete,PorSi,250 g,"0,19 €","2,38 €/Kg"
Arroz Carolino,Cigala,Embalagem de 1 kg,"1,26 €","1,26 €/Kg"
Iogurte mix-in kit kat,Nestle,Embalagem de 2 x 115 g,"4,23 €/Kg","4,23 €/Kg"
Crispies de arroz +,Cemporcent,Embalagem de 250g,"1,94 €","3,88 €/Kg"
Toalhitas Bebé Basic,PorSi,Embalagem de 72 unidades,"1,09 €/Unidade","1,09 €/Unidade"
Whisky 15 anos c/caixa,J&B,Garrafa de 700 ml,"90,99 €","129,99 €/L"
Fermento padeiro,Royal,Embalagem de 27g,"0,75 €","15,00 €/Kg"
Boneca Caty 85 cm,Vicam,1 unidade,"27,99 €/Unidade","27,99 €/Unidade"
Spray power&shine casa de banho,Cif,Garrafa de 750 ml,"0,79 €","0,79 €/L"
Le cassoulet,Claude leg,Embalagem de 840g,"2,35 €","5,60 €/Kg"
Aroma de café,Rayners,Garrafa de 28 ml,"0,75 €","15,00 €/Kg"
Cera líquida castanha,Splendor,Embalagem de 500 ml,"1,79 €","2,39 €/L"
Pilha alcalina hightech lr03x8,Domédia,1 unidade,"1,99 €","1,99 €/Unidade"
Chocolate de leite e amêndoas,Milka,Embalagem de 125g,"6,50 €/Kg","6,50 €/Kg"
Pirassununga (38º),Cachaca 51,Garrafa de 700 ml,"17,49 €","24,99 €/L"
Wafers sem glúten de chocolate preto,Schar,Embalagem de 40 g,"2,69 €","17,93 €/Kg"
"Vinho bairrada, reserva, tinto",Selecção de Enófilos,Garrafa de 0.75 l,"2,65 €/L","2,65 €/L"
Café Clássico,PorSi,10 cápsulas,"54,36 €/Kg","54,36 €/Kg"
Vinho Tinto Regional Península de Setúbal,Selecção de Enófilos,750 ml,"3,99 €","5,32 €/L"
Farinha,Maizena,Embalagem de 400g,"1,99 €","1,99 €/Kg"
Adoçante c/ doseador,Canderel,Embalagem de 10g,"5,99 €","23,96 €/Kg"
Chapéu mágico,Mattel,1 unidade,"9,99 €/Unidade","9,99 €/Unidade"
Avião studio 3D,Educa,1 unidade,"9,99 €/Unidade","9,99 €/Unidade"
Açucar icing,Rar,Embalagem de 250 g,"1,49 €","1,49 €/Kg"
Ice tea pêssego,Lipton,Garrafa de 2 l,"1,14 €","0,76 €/L"
Polaretti magic milk micro esferas solúveis sabor ch...,Dolfin,Embalagem de 30g,"5,39 €","7,19 €/Kg"
"Refresco em pó, ananás",Tang,Embalagem de 30g,"0,75 €","18,75 €/Kg"
"Recarga ambientador eléctrico, alfazema",PorSi,Embalagem de 25 ml,"1,79 €","1,79 €/Unidade"
Refresco pó laranja e morango,PorSi,Embalagem de 40g,"0,75 €","18,75 €/Kg"
Nata uht light para culinária,PorSi,embalagem de 200 ml,"0,75 €","3,75 €/L"
Cerveja preta 0.0%,Sagres,Pack 4 x 0.33 l,"5,99 €","3,03 €/L"
Cera liquida amarela,Novycera,Garrafa de 500 ml,"2,49 €","2,49 €/L"
Bandas cera depilatórias corpo pele sensível,Labell,40 unidades,"3,11 €","3,11 €/Unidade"
Ambientador stick delicias de verão,Air Wick,Embalagem de 1 unidades,"9,49 €","45,19 €/Kg"
Peito,Borrego,1 un = 500 gr (aprox.),"17,97 €","11,98 €/Kg"
Creme vegetal soja,Planta,Embalagem de 250 gr,"2,09 €","8,36 €/Kg"
"Comida húmida para cão adulto com frango, vaca e bor...",Friskies,Embalagem de 400g,"0,75 €","2,50 €/Kg"
Bolachas oreo,Oreo,Embalagem de 440g,"0,79 €","4,49 €/Kg"
Pai Natal de Chocolate,PorSi,Embalagem de 60 g,"2,29 €","17,62 €/Kg"
Compak Regular Tampões Com Aplicador,Tampax,22 unidades,"3,99 €","3,99 €/Unidade"
Cachaça,Velho do barreiro,Garrafa de 70 cl,"17,49 €","24,99 €/L"
Vinho tinto,PorSi,embalagem de 5 litros,"5,19 €","1,04 €/L"
Caderno Agrafado Capa Preta Plastificada | A5 Pautad...,Domédia,1 unidade,"1,98 €","1,98 €/Unidade"
Leite Bem Essencial morango,Mimosa,Embalagem de 4 x 200 ml,"1,99 €","2,49 €/L"
Papel Fotocópia A4 |80g,Navigator,,"5,99 €","5,99 €/Unidade"
"Bolachas, tubo",Oreo,Embalagem de 150g,"0,79 €","4,49 €/Kg"
Bolachas mini alfa,Nacional,Embalagem de 120g,"2,82 €","9,40 €/Kg"
Pão Bijou Mistura,Pão do Dia,1 unidades = 45 g,"0,19 €","2,38 €/Kg"
Vinho Regional Lisboa Reserva Branco,Marginal,Garrafa de 0.75 l,"4,99 €","6,65 €/L"
Nata uht,Agros,Garrafa de 200 ml,"0,75 €","3,75 €/L"
Bebida energética tropical edition,Red Bull,Garrafa de 250 ml,"1,39 €","5,56 €/L"
Gelatina de frutos tropicais,PorSi,Embalagem 2X85G,"0,55 €","61,11 €/Kg"
Piri piri,Calve,Garrafa de 50 ml,"0,87 €","2,90 €/Kg"
Detergente liquido loiça clássico,PorSi,Garrafa de 1 litro,"1,05 €","2,10 €/L"
Patê atum em escabeche,La piara,Embalagem de 80g,"1,19 €","13,52 €/Kg"
"Vinagre virgem branco, spray",Paladin,Garrafa de 250 ml,"0,35 €","0,70 €/L"
Soja fina,PorSi Viva Bem,Embalagem de 400 g,"2,09 €","8,36 €/Kg"
Escova de dentes infantil 3 a 6 anos,Labell,1 un.,"2,29 €","2,29 €/Unidade"
Champô Anti-Caspa,Pantene,360 ml,"5,59 €","13,98 €/L"
Gel de Banho Silk,Dove,Embalagem de 750 ml,"6,49 €","8,65 €/L"
"Escova de cabelo, pneumática nylon",Labell,Embalagem com 1 unidade,"1,99 €","1,99 €/Unidade"
Bombom Caja Roja,Nestlé,Embalagem de 100G,"1,59 €","31,80 €/Kg"
Açúcar granulado embalado em papel,Rar,Embalagem de 1 kg,"1,49 €","1,49 €/Kg"
Tablete de chocolate culinário negro,PorSi,Embalagem de 200 g,"1,04 €","8,32 €/Kg"
Papaia Avião,Fruta do Dia,1 un = 500 g (aprox.),"2,29 €/Kg","2,29 €/Kg"
Queijo brie cunhas 60%,President,Embalagem de 200 g,"2,60 €","13,00 €/Kg"
Caderno Agrafado A4 Pautado,B'log,1 un.,"1,98 €","1,98 €/Unidade"
Gaiola,Anivite,Embalagem de 1 unidades,"14,49 €","14,49 €/Unidade"
Vinho regional península de setúbal branco,JP,Garrafa de 0.75 l,"3,99 €","5,32 €/L"
Francesinha,PorSi,Embalagem de 450G,"7,99 €/Kg","7,99 €/Kg"
Vahine pepitas de confeitaria macias fudge sabor car...,Vahine,Embalagem de 70g,"1,69 €","8,45 €/L"
Grelo Nabo Programa Origens,PorSi,1 un= 1 kg (aprox.),"0,63 €","2,09 €/Kg"
Batata Pré-Frita Dauphines,PorSi,500 g,"1,49 €","1,49 €/Kg"
Cabos Bateria 200Amp,Bottari,1 Embalagem,"4,99 €","19,96 €/L"
Costeleta Pé,Borrego,1 un = 250 gr  (aprox.),"17,97 €","11,98 €/Kg"
Escova e pente,Neo Baby,1 unidade,"5,99 €","5,99 €/Unidade"
Cuecas Incontinência Maxi Médio,Lindor,Embalagem com 14 un.,"9,99 €","9,99 €/Unidade"
Bio bebida soja natural,PorSi Bio,embalagem de 1 litro,"2,04 €","2,04 €/L"
Alface Lisa,Legumes do Dia,1 un= 400 g (aprox.),"0,88 €","2,19 €/Kg"
Vinho maduro tinto,C.da eira,Garrafa de 250 ml,"0,85 €/L","0,85 €/L"
Pasta dentífrica,Couto,Embalagem de 60 ml,"2,39 €","31,87 €/L"
Algodão zig zag pré-cortado,PorSi,Embalagem de 50 g,"1,69 €","1,69 €/Unidade"
Bolachas mini prince recheadas com chocolate,PRINCE,Embalagem de 160 g,"0,79 €","5,27 €/Kg"
Chocolate kit kat,Kit kat,Embalagem de 210g,"1,59 €","19,88 €/Kg"
"Pilha alcalina, hightech lr03x4",Domédia,1 unidade,"1,99 €","1,99 €/Unidade"
Cevada solúvel,Delta,Embalagem de 200 g,"1,59 €","79,50 €/Kg"
Creme culinário soja,PorSi Viva Bem,Embalagem de 200 ml,"3,99 €","26,60 €/L"
Mistura pombos domésticos,Rac.zezere,Embalagem de 5 kg,"2,49 €","16,60 €/Kg"
Perolas perfumadas fresh,PorSi,Embalagem de 275 g,"31,99 €","31,99 €/Unidade"
Vinho regional tejo reserva tinto,Casaleiro,Garrafa de 0.75 l,"4,99 €","6,65 €/L"
Snack chocolate leite,Kit kat,Embalagem de 125g,"1,59 €","19,88 €/Kg"
Gel de Banho Care & Coconut,Nivea,750 ml,"6,49 €","12,98 €/L"
Edredão + almofada,TS,Dim.: 160 x 220 cm,"17,99 €","17,99 €/Unidade"
2 crocantes frango recheio queijo&fiambre 204g,Iglo,Embalagem de 200g,"4,99 €","24,95 €/Kg"
"Chave de Fenda Cabo Bimat, 6.0x150mm",Itools,1 unidade,"5,39 €","5,39 €/Unidade"
Molho bechamel,Parmalat,Embalagem de 200 ml,"0,75 €","3,75 €/L"
Pão clássico sem glúten,Schar,Embalagem de 300g,"0,99 €","1,65 €/Kg"
Papa infantil láctea banana laranja +6 meses,Cerelac,Embalagem de 250g,"4,99 €","4,99 €/Kg"
Rebuçados cristais de neve,PorSi,Embalagem de 250g,"1,15 €","4,60 €/Kg"
Leite creme,PorSi,Embalagem de 4x23g,"1,69 €","8,45 €/L"
Chocolate single,Mars,Embalagem de 50g,"1,59 €","19,88 €/Kg"
Cera Depilatória,Veet,Embalagem de 250 ml,"3,11 €","3,11 €/Unidade"
Arroz Risotto,PorSi,Embalagem de 1 kg,"1,26 €","1,26 €/Kg"
Snack de Chocolate Mini,Mars,Embalagem de 170 g,"1,59 €","19,88 €/Kg"
Batata frita light,Lay's,Embalagem de 140g,"0,95 €","6,33 €/Kg"
Gomas spaghetti pica morango,Haribo,Embalagem de 80g,"1,19 €","3,97 €/Kg"
Camarão cozido 30/50,PorSi,vendido ao peso a partir de 350 g,"1,75 €","6,99 €/Kg"
Pilha alcalina classic lr6x4,Domédia,1 unidade,"1,99 €","1,99 €/Unidade"
Leite bem essencial chocolate,Mimosa,Embalagem de 200 ml,"0,26 €","1,30 €/L"
Sobremesa de Arroz Doce,PorSi,Embalagem 2X135G,"0,55 €","2,75 €/Kg"
Moscatel de setúbal,Alambre,"Garrafa de 0,75L","5,99 €","7,99 €/L"
Néctar clássico pêssego,Compal,200 ml,"0,99 €","0,99 €/L"
"Queijo, 16 porções",A Vaca Que Ri,Embalagem de 280g,"1,75 €","17,50 €/Kg"
10 Hambúrgueres de porco,PorSi,Embalagem de 600g,"9,50 €/Kg","9,50 €/Kg"
Bolachas cream cracker,PorSi,Embalagem de 200g,"0,39 €","3,12 €/Kg"
Vinho do Porto Tawny,Velhotes,"garrafa de 0,75 l","15,99 €","21,32 €/L"
Amaciador concentrado spa,PorSi,80 doses,"1,99 €","1,00 €/L"
Detergente Manual p/ Lavar Roupa Regular,Gama,Embalagem de 510 g,"1,19 €","2,98 €/Kg"
Fralda Activity T3 - 6 a 10 kg,Dodot,66 unidades,"6,49 €","6,49 €/Unidade"
Tratamento diamante força extra,Tresemmé,Embalagem de 180 ml,"1,00 €","5,00 €/L"
Snack gato sticks carne 6x5g porsi,PorSi,Embalagem de 30g,"0,99 €","16,50 €/Kg"
Flocos de cereais com mel,PorSi,Embalagem de 750g,"2,49 €","9,96 €/Kg"
Bombom Praliné,Jacquot,Embalagem de 260g,"1,59 €","31,80 €/Kg"
Chourição,PorSi,"Vendido ao peso, fatiado a partir de 100 gr","0,95 €","9,49 €/Kg"
Adoçante em pó stevia,PorSi Viva Bem,Embalagem de 17g,"5,99 €","23,96 €/Kg"
Cerveja sem álcool,Cheers,Pack 6 x 0.33 l,"5,99 €","3,03 €/L"
Cereais fitness,Nestle,Embalagem de 630g,"3,79 €","29,38 €/Kg"
Bolachas bio de chocolate chips organic,Gullón,250 g,"0,90 €","6,00 €/Kg"
Soja líquido frutos exóticos,PorSi Viva Bem,Embalagem de 4 x 150 ml,"2,36 €","3,93 €/L"
Sortido,Cuetara,Embalagem de 210g,"6,83 €/Kg","6,83 €/Kg"
Iogurte para bebé frutas variadas,Nestle,Embalagem de 4 x 100 g,"2,89 €","7,23 €/Kg"
Manteiga magra,Matinal,Embalagem de 250g,"1,89 €","7,56 €/Kg"
50 nuggets de frango,Capitão Iglo,Embalagem de 1042g,"9,50 €/Kg","9,50 €/Kg"
Mistura de sementes,PorSi Viva Bem,Embalagem de 200 g,"1,59 €","10,60 €/Kg"
Bloco sanitário com suporte azul,WC Pato,Embalagem de 40 g,"2,99 €","74,75 €/Kg"
Cuecas Incontinência Unisexo Pants Super L,Tena,12 unidades,"9,99 €","9,99 €/Unidade"
Nuggets pescada panada,Pescanova,Embalagem de 1Kg,"1,79 €","7,16 €/Kg"
"Salsichas em frasco bockwurst, 5 un",Izidoro,Embalagem de 250g,"0,75 €","3,75 €/Kg"
Água s/ gás,Luso,"Garrafa de 5,4 l","1,04 €","0,17 €/L"
Caderno Agrafado Capa Preta Plastificada | A4 Quadri...,Domédia,1 unidade,"1,98 €","1,98 €/Unidade"
Farinha para bolos fina,Branca de Neve,Embalagem de 1 kg,"1,99 €","1,99 €/Kg"
Tremoço médio,PorSi,Embalagem de 350 g,"2,19 €","2,81 €/Kg"
Afiador de facas,IMF,3 tipos,"9,99 €","9,99 €/Unidade"
Granola,Salutem,Embalagem de 500g,"2,29 €","11,45 €/Kg"
"Gel cabelo, hard cement",Fru style,Embalagem de 200 ml,"3,99 €","53,20 €/L"
Leite com chocolate,PorSi,Embalagem de 200 ml,"0,26 €","1,30 €/L"
Pensos peles sensíveis sortidos,PorSi,20 unidades,"1,69 €","1,69 €/Unidade"
Lixívia Denso-Activa Tradicional p/ Casa e Roupa,Neoblanc,Embalagem de 2 l,"1,74 €","0,35 €/L"
Discos de amamentação,PorSi,30 unidades,"4,49 €","4,49 €/Unidade"
Pilha alcalina heightech lr6x4,Domédia,1 unidade,"1,99 €","1,99 €/Unidade"
Termo ultra dreno-volume,PLANTANATU,Garrafa de 500 ml,"6,59 €","6,59 €/Unidade"
Pastilhas peppermint,CHICLETS,Embalagem de 17 g,"0,99 €","61,88 €/Kg"
Palitos redondos,PorSi,200 unidades embalados individualmente,"1,50 €","1,50 €/Unidade"
Queijinho yoco suissi maxi de morango e banana,Nestle,Embalagem de 4 x 90 g,"4,23 €/Kg","4,23 €/Kg"
Mel de néctar multifloral bio,PorSi Bio,Frasco de 250g,"4,89 €","9,78 €/Kg"
Água sem gás,Vitalis,Garrafa de 0.5 l,"1,04 €","0,17 €/L"
Renovador de Camurça em Spray Castanho,Búfalo,Embalagem de 250 ml,"6,19 €","24,76 €/L"
Café em grão,Delta,Embalagem de 250g,"9,16 €/Kg","9,16 €/Kg"
Optimal 7 ultra frescura,Ajax,Embalagem de 1L,"5,99 €","11,98 €/L"
Tostas suecas de trigo,PorSi,Embalagem de 225 g,"2,39 €","6,83 €/Kg"
Guardanapos brancos 22x22cm | folha dupla,Renova,90 unidades,"1,29 €","1,29 €/Unidade"
"Azeite clássico, virgem extra",Oliveira da Serra,Garrafa de 2 l,"3,29 €","4,39 €/L"
Tablete de chocolate com avelãs,PorSi,Embalagem de 100 g,"6,50 €/Kg","6,50 €/Kg"
Bebida Energética Apple,Hell,250 ml,"1,39 €","5,56 €/L"
Cogumelos laminados,PorSi,780 g,"2,19 €","2,81 €/Kg"
Vinho tinto doc palmela,Fontanario,Garrafa de 0.75 l,"3,99 €","5,32 €/L"
Batata frita caseira,PorSi,Embalagem de 180g,"0,87 €","5,44 €/Kg"
Detergente pastilhas p/ máquina loiça oxyplus,Super Pop,Embalagem de 45 unidades,"2,99 €","2,99 €/Unidade"
Pão de leite 8 un.,Bimbo,Embalagem de 280g,"7,40 €/Kg","7,40 €/Kg"
Azeite Virgem Extra Clássico,Gallo,Garrafa de 2 l,"3,29 €","4,39 €/L"
Vinho regional de lisboa tinto,Marginal,Garrafa de 750 ml,"4,99 €","6,65 €/L"
Sacos do lixo jardim 130 litros,PorSi,10 sacos,"1,89 €","1,89 €/Unidade"
Bolacha digestiva de aveia/chocolate,Gullon,Embalagem de 430g,"0,98 €","3,27 €/Kg"
Folhado de salsichas,Pastelaria do Dia,1 unidade = 110 g,"0,65 €","0,65 €/Unidade"
Fósforos cozinha,Flamefast,Uma embalagem com 4 unidades,"1,50 €","1,50 €/Unidade"
Soja nacos,PorSi Viva Bem,Embalagem de 400 g,"2,09 €","8,36 €/Kg"
Tablete de chocolate culinário branco,PorSi,Embalagem de 180 g,"1,04 €","8,32 €/Kg"
Biscoitos allumettes,Du Bois de la Roche,Embalagem de 135 g,"0,69 €","3,45 €/Kg"
Café moído torrado aroma originale,Belissimo,Embalagem de 200g,"9,16 €/Kg","9,16 €/Kg"
Pão de forma s/ côdea,Bimbo,Embalagem de 650 g,"0,99 €","1,65 €/Kg"
Snacks crocantes com bacon,PorSi,Embalagem de 60g,"0,79 €","7,90 €/Kg"
Lion barra cereais  25g,Nestle,Embalagem de 150g,"1,29 €","10,24 €/Kg"
Doce morango 284g,ST.DALFOUR,Frasco de 284g,"2,99 €","8,67 €/Kg"
Lima-limao zero,PorSi,Garrafa de 1.5 l,"0,40 €/L","0,40 €/L"
Óleo Performa 10W40,Galp,Embalagem de 5 l,"14,99 €","14,99 €/L"
Chá fresh preto e limão,Cemporcent,Embalagem de 18g,"44,50 €/Kg","44,50 €/Kg"
Tira Nódoas Branqueador,Sanytol,embalagem com 450g,"3,99 €","5,70 €/L"
Caramelos de leite,Penha,Embalagem de 250g,"2,75 €","11,00 €/Kg"
Mostarda a'lancienne,PorSi Select,190 g,"0,87 €","2,90 €/Kg"
Gel de Banho Deeply Nourishing,Dove,Embalagem de 750 ml,"6,49 €","12,98 €/L"
Néctar bio laranja,Paquito,"Embalagem de 1,5 l","1,59 €","1,59 €/L"
Néctar ananás,PorSi,Pack 3 x 200 ml,"0,99 €","0,99 €/L"
Sal cristal,PorSi,embalagem de 1 kg,"0,25 €","0,25 €/Kg"
Vinho rosé,Mateus,Garrafa de 750 ml,"4,29 €","5,72 €/L"
Queijo ralado mix 3 queijos,PorSi,Embalagem de 200 g,"7,45 €/Kg","7,45 €/Kg"
10 saquetas chá frutos vermelhos,Lipton,Embalagem de 10g,"44,50 €/Kg","44,50 €/Kg"
8 hamburguers s/ glúten vaca,Capitão Iglo,Embalagem de 640g,"9,50 €/Kg","9,50 €/Kg"
Queijo de ovelha curado amanteigado,PorSi Select,250 g,"25,45 €/Kg","25,45 €/Kg"
Vinho branco bag-in-box,Capataz,Embalagem de 5 l,"5,19 €","1,04 €/L"
Queijo Curado Vaca/ Cabra/ Ovelha,PorSi,,"4,20 €","16,79 €/Kg"
Café em cápsulas aqtivus,Delta Q,Embalagem de 55 g,"54,36 €/Kg","54,36 €/Kg"
Refresco em pó de laranja,Tang,Embalagem de 30g,"0,75 €","18,75 €/Kg"
Lula limpa 20/40,PorSi,Embalagem de 800 g,"5,49 €","6,86 €/Kg"
Toalhitas de Limpeza,Chicco,Embalagem c/ 72 un.,"1,09 €/Unidade","1,09 €/Unidade"
Gel Cabelo Styling Creme Cabelo,Nivea,Embalagem de 150 ml,"5,99 €","14,98 €/L"
Conjunto 4 Velas Litúrgicas Brancas,Codipostal,1 unidade,"19,99 €","19,99 €/Unidade"
Rebuçados fruta,PorSi,Embalagem de 250g,"1,08 €","5,40 €/Kg"
Vinho maduro branco,Ala dos namorados,Garrafa de 75 cl,"1,99 €","2,65 €/L"
Pão forma com côdea,PorSi,Embalagem de 600g,"0,99 €","1,65 €/Kg"
Café Torrado em Grão Indonésia,Delta,Embalagem de 220g,"9,16 €/Kg","9,16 €/Kg"
Cereais muesli goji e mirtilos,Quaker,Embalagem de 350g,"3,79 €","10,83 €/Kg"
Bolachas crackers s/ sal,Du bois,Embalagem de 500g,"0,39 €","3,12 €/Kg"
Creme vegetal sabor a manteiga magra,Planta,Embalagem de 250 gr,"1,59 €","6,36 €/Kg"
Bebida de coco com arroz,PorSi Viva Bem,1 litro,"1,32 €","2,06 €/L"
Millet (milho painço),Cemporcent,Embalagem de 500g,"1,94 €","3,88 €/Kg"
Lipton limão zero pet,Lipton,Garrafa de 2 l,"1,14 €","0,76 €/L"
Detergente líquido p/ máquina lavar roupa cores escu...,Woolite,"Garrafa de 1,65 l","31,99 €","31,99 €/Unidade"
Leite condensado magro,Nestle,Embalagem de 390g,"1,09 €","2,75 €/Kg"
Queijo fresco sem lactose,Matinal,Embalagem de 216g,"1,09 €","5,45 €/Kg"
Chá preto frutos vermelhos,PorSi,Embalagem de 40g,"41,67 €/Kg","41,67 €/Kg"
Vinho regional lisboa branco,Marginal,Garrafa de 750 ml,"4,99 €","6,65 €/L"
Manjericão,PorSi,50 g,"0,99 €","19,80 €/Kg"
Delícia semi-fria cheesecake,Royal,embalagem de 325 g,"1,69 €","8,45 €/L"
Bloco Sanitário Poder Activo Aqua,Sonasol,Embalagem de 50 g,"2,99 €","74,75 €/Kg"
Caramelo líquido,Royal,Embalagem de 400g,"1,29 €","3,23 €/Kg"
Pimenta preta grão,PorSi,Saqueta de 50 g,"0,25 €","0,25 €/Kg"
Ameijoa Castanha Vietnamita,Marisco Congelado,Venda ao Kilo,"2,00 €","7,99 €/Kg"
Marmelada com frutose,PorSi Viva Bem,Embalagem de 400g,"1,09 €","2,42 €/Kg"
Gelatina de morango,PorSi,Embalagem de 170g,"0,55 €","61,11 €/Kg"
Bebida Energética Red Grape,Hell,250 ml,"1,39 €","5,56 €/L"
Iogurte activia líquido morango,Danone,Embalagem de 4 x 155 g,"2,79 €","6,07 €/Kg"
Snack para cão adulto com frango,Friskies,Embalagem de 200g,"1,09 €","6,06 €/Kg"
Fralda Cueca de Banho |Tamanho 3 X/S,Pommette,Embalagem de 12 un.,"8,49 €","8,49 €/Unidade"
Multi vitaminas mulher,PLANTANATU,Embalagem de 30 Cápsulas,"6,59 €","6,59 €/Unidade"
Iogurte líquido infantil morango e banana,PorSi,Pack 6 x 100 g,"4,23 €/Kg","4,23 €/Kg"
Infusão camomila,Cemporcent,Embalagem de 10 unidades,"0,79 €","60,77 €/Kg"
Aditivo gasolina sem chumbo,Redex,Embalagem de 250 ml,"4,99 €","19,96 €/L"
Mandioca,Legumes do Dia,1 un=500 gr (aprox.),"0,62 €","2,49 €/Kg"
Bolachas com recheio baunilha,PorSi,Embalagem de 500g,"2,15 €","2,87 €/Kg"
Costeletas do Lombo,Borrego,1 un = 250 gr  (aprox.),"17,97 €","11,98 €/Kg"
Halls Vitamina C Melancia,Halls,Embalagem de 33g,"0,77 €","3,85 €/Kg"
Requeijão Ovelha,Saloio,170 g,"1,09 €","5,45 €/Kg"
Açúcar mascavado claro,Rar,Embalagem de 500 g,"1,49 €","1,49 €/Kg"
Pasta dentífrica gel kids,Labell,Embalagem de 50 ml,"0,99 €","0,99 €/Unidade"
Aroma de limão,Vahine,Embalagem de 20g,"0,75 €","15,00 €/Kg"
The famous grouse ruby cask 700ml/1,F.grouse,Garrafa de 700 ml,"23,49 €","23,49 €/L"
Iogurte líquido danonino morango,Danone,Embalagem de 4 x 100 g,"4,23 €/Kg","4,23 €/Kg"
"Limpa vidros, azul",PorSi,Embalagem de 5 l,"3,99 €","0,80 €/L"
Palmiers,PorSi,Embalagem de 720 g,"1,69 €","6,76 €/Kg"
Dentífrico infantil frutas naturais 3 aos 5 anos,Colgate,50 ml,"0,99 €","0,99 €/Unidade"
"Salsichas aves, frasco com 5 unidad",Izidoro,Embalagem de 250g,"0,75 €","3,75 €/Kg"
Doce de morango,Casa de Mateus,Embalagem de 345g,"2,99 €","8,67 €/Kg"
"Vinho branco região da península de setúbal, bag in ...",Dom Campos,Garrafa de 5 l,"9,49 €","1,90 €/L"
Bio miolo amendoa compele,PorSi Bio,Embalagem de 100g,"0,79 €","3,95 €/Kg"
"Esferográfica, 4 cores",Bic,1 unidade,"3,29 €","3,29 €/Unidade"
Água c/ gás original,Frize,pack 6 x 0.25 l,"1,99 €/L","1,99 €/L"
Tomate Cacho,Legumes do Dia,1 un = 200 gr (aprox.),"0,67 €","2,69 €/Kg"
Chispalhada,PorSi,Embalagem de 420 g,"2,35 €","5,60 €/Kg"
Lasanha,Nacional,Embalagem de 400g,"0,99 €","1,98 €/Kg"
"Refrigerante sem gás, maracujá e la",Joi,"Garrafa de 1,5 l","1,14 €","0,76 €/L"
Tequila,On Off,Garrafa de 70 cl,"11,99 €","11,99 €/L"
Vinho branco região do Dão,Dharma,Garrafa de 0.75 l,"3,99 €","5,32 €/L"
Saqueta de puré de fruta | maçã + pera,PorSi,90 g,"0,74 €","8,22 €/Kg"
Pilha alcalina hightech lr20x2,Domédia,1 unidade,"1,99 €","1,99 €/Unidade"
Água com gás natural,Perrier,Embalagem de 750ml,"1,99 €/L","1,99 €/L"
Couve branca,Legumes do Dia,1 un= 1 kg aprox,"1,40 €","3,49 €/Kg"
Queijo de cabra com azeite&oregãos,Palhais,Embalagem de 130 g,"5,99 €","23,96 €/Kg"
Desentupidor gel turbo com lixívia,Destop,Garrafa de 1 l,"4,89 €","6,52 €/L"
Laboratório Mecânica Mars Rover,Clementoni,1 unidade,"9,99 €/Unidade","9,99 €/Unidade"
Bacalhau com azeite e alho,PorSi Select,Lata de 120 g,"0,89 €","7,42 €/Kg"
Snack cão dentafresh pequeno,Pedigree,Embalagem de 110 g,"1,09 €","6,06 €/Kg"
Recarga p/ ambientador elétrico flores,Ambipur,3 unidades,"1,79 €","1,79 €/Unidade"
Vinho verde branco,Presidente,Garrafa de 0.75 l,"1,99 €","2,65 €/L"
Coelho inteiro,PorSi,Vendido ao peso,"1,05 €","2,99 €/Kg"
Café moagem normal: original,Buondi,Embalagem de 220g,"9,76 €/Kg","9,76 €/Kg"
Bifanas,Porco,Vendido ao peso a partir de 1 kg,"4,89 €","4,89 €/Kg"
Pizza marguerita,PorSi,Embalagem de 2 x 300 g,"2,32 €","6,27 €/Kg"
Pasta dentífrica menta fresca,Aquafresh,Embalagem de 75 ml,"2,39 €","31,87 €/L"
Dobrada com feijão,Nobre,Embalagem de 420g,"2,35 €","5,60 €/Kg"
Empadas soja,PorSi Viva Bem,Embalagem de 260g,"2,09 €","8,36 €/Kg"
Ambientador carro difusor aqua,Ambipur,1 unidade,"2,99 €","2,99 €/Unidade"
Creme de corpo exfoliante,Labell,Embalagem de 150 ml,"0,76 €","0,76 €/Unidade"
Refrigerante s/ gás flórida,Sunny d,"Garrafa de 1,25 l","1,14 €","0,76 €/L"
Néctar vital equilibrio manga/laranja,Compal,Embalagem de 1 l,"0,84 €","2,55 €/L"
Arroz basmati,PorSi,Embalagem de 1 kg,"1,26 €","1,26 €/Kg"
Danacol natural,Danone,Embalagem de 6 x 100 g,"4,15 €/Kg","4,15 €/Kg"
Vinho branco tejo sauvignon,Fiuza,Garrafa de 750 ml,"4,99 €","6,65 €/L"
Molho bechamel soja,Valsoia,Embalagem de 200g,"3,99 €","26,60 €/L"
Esferográfica Cristal Ouro e Prata x2,Bic,1 unidade,"1,71 €","1,71 €/Unidade"
Tábua de engomar,PorSi,Dim.: 110 x 32 cm,"16,50 €","16,50 €/Unidade"
Esferográfica Cristal Ouro e Prata x2,Bic,1 unidade,"3,29 €","3,29 €/Unidade"
Coleira em nylon p/ cão  repelente 60cm,Repul' 7,Embalagem de 1 unidades,"14,99 €","14,99 €/Unidade"
Romã,Fruta da Época,1 un = 250 gr  (aprox.),"1,89 €/Kg","1,89 €/Kg"
Queijo flamengo ralado,PorSi,Embalagem de 200G,"1,96 €","9,80 €/Kg"
Queijinhos mini,Babybel,Embalagem de 240g,"0,82 €","23,43 €/Kg"
Sobremesa danette baunilha,Danone,Embalagem de 4 x 125 g,"1,19 €","2,59 €/Kg"
Gelado viennetta morango,Olá,Embalagem de 650 ml,"5,49 €","6,10 €/L"
Saco de cama para adulto,Saurium,1 unidade,"29,99 €","29,99 €/Unidade"
Lata de Brilho Incolor,Búfalo,Embalagem de 75 ml,"0,99 €","19,80 €/L"
Café torrado classic universal,Delta,Embalagem de 250g,"9,16 €/Kg","9,16 €/Kg"
Vinho do porto 10 anos,Souza,Garrafa de 750 ml,"15,99 €","21,32 €/L"
Dourada de Viveiro,Peixe do Dia,de 600 a 800g,"3,90 €","12,99 €/Kg"
Cereais estrelitas,Nestle,Embalagem de 550g,"5,07 €/Kg","5,07 €/Kg"
Bolo recheio de chocolate multipack,Chipicao,Embalagem de 230g,"2,05 €","5,13 €/Kg"
Toalhitas para bebé melão,PorSi,Embalagem de 60 unidades,"1,09 €/Unidade","1,09 €/Unidade"
Café torrado lote chávena saco,Delta,Embalagem de 250g,"9,16 €/Kg","9,16 €/Kg"
"Salsichas bockwurst em frasco, 8 unidades",Izidoro,Embalagem de 400g,"0,75 €","3,75 €/Kg"
Batata frita light,PorSi,Embalagem de 150g,"0,95 €","6,33 €/Kg"
Palmiers,PorSi,Embalagem de 100g,"1,69 €","6,76 €/Kg"
Guardanapos 2 folhas brancos e dourado,PorSi Select,50 unidades,"1,29 €","1,29 €/Unidade"
24 Caldos de carne,PorSi,Embalagem de 255  g,"3,84 €","24,00 €/Kg"
Cereais bio chocapic,Nestle,Embalagem de 330g,"3,65 €","7,30 €/Kg"
Sobremesa gelatina de ananás,PorSi,Embalagem 4X100G,"0,85 €","2,13 €/Kg"
Coca-cola zero sem cafeína,Coca-Cola,"Garrafa de 1,75 l","0,40 €/L","0,40 €/L"
Barras de cereais com chocolate preto,PorSi,6 x 23 g,"1,29 €","10,24 €/Kg"
Vinho branco regional península de Setúbal,Selecção de Enófilos,Garrafa de 0.75 l,"3,99 €","5,32 €/L"
Queijo mozzarella ralado,PorSi,Embalagem de 200 g,"7,45 €/Kg","7,45 €/Kg"
Desodorizante roll-on invisible,Rexona,Embalagem de 50 ml,"4,69 €","31,27 €/L"
"Limpa móveis pistola, multissuperfícies",Pronto,Embalagem de 500 ml,"5,99 €","11,98 €/L"
Stevia chocolate negro com frutos vermelhos,Cemporcent,Embalagem de 125g,"2,89 €","23,12 €/Kg"
Massa quebrada margarina,PorSi,Embalagem de 230 g,"0,99 €","4,30 €/Kg"
Farinha láctea 5 frutos,PorSi,Embalagem de 500g,"4,99 €","4,99 €/Kg"
Elixir total proteção placa bacteriana,Colgate,500 ml,"5,99 €","11,98 €/L"
Folhado de salsicha,PorSi,Embalagem de 6x60 g,"1,79 €","7,16 €/Kg"
Dinos cookienss 185g                 *10,Artiach,Embalagem de 190g,"1,89 €","15,75 €/Kg"
Adoçante com doseador,PorSi,Embalagem 100 comprimidos,"5,99 €","23,96 €/Kg"
Actimel morango-banana,Danone,Embalagem de 6 x 100 g,"4,15 €/Kg","4,15 €/Kg"
"Mini rissóis de carne, 20 unidades",PorSi,Embalagem de 300 g,"1,79 €","7,16 €/Kg"
Conjunto máscaras douradas,Mercagranel,6 unidades,"0,59 €","0,59 €/Unidade"
"Formas de alumínio rectangulares com tampa, 600ml , ...",PorSi,Uma embalagem,"1,11 €","1,11 €/Unidade"
Pilhas Alcalinas AA Optimum,Duracell,Blister 4 Pilhas,"1,99 €","1,99 €/Unidade"
Bandas de cera fria facial,Labell,Embalagem com 20 un. + 4 toalhitas de acabamento,"3,11 €","3,11 €/Unidade"
Mistura solúvel c/ 20% café pó,PorSi,Embalagem de 200g,"11,25 €/Kg","11,25 €/Kg"
Grão de bico,PorSi,Embalagem de 420g,"2,19 €","2,81 €/Kg"
Mousse de chocolate preto,Páturages,Embalagem de 4x60 g,"1,19 €","2,59 €/Kg"
Guitarra,Panda,1 un.,"12,99 €/Unidade","12,99 €/Unidade"
Lambrusco bianco,*,Garrafa de 750 ml,"1,99 €","2,65 €/L"
"Escova de dentes, proteção global média, 2 unidades",Labell,Uma embalagem,"3,49 €","3,49 €/Unidade"
Esferográfica Preta Retratil 0.7mm,Mab,Embalagem com 1 un.,"3,29 €","3,29 €/Unidade"
Alho-francês,PorSi,Embalagem de 750 g,"0,74 €","1,85 €/Kg"
Iogurte magro natural,Longa vida,Embalagem de 6 x 120 g,"1,09 €","1,45 €/Kg"
Mignonnettes Leite,Cote D'or,Embalagem de 240 g,"5,30 €/Kg","5,30 €/Kg"
Iogurte sólido aroma sabor a morango ananás banana,Mimosa,Embalagem de 8 x 120 g,"1,99 €","2,07 €/Kg"
Beterraba sem Rama,Legumes do Dia,1 un=250 gr (aprox.),"0,62 €","2,49 €/Kg"
"Toalhitas intimas, 20 unidades",Labell,Uma embalagem,"2,19 €","2,19 €/Unidade"
Creme vegetal para barrar,PorSi,Embalagem de 500 g,"1,59 €","6,36 €/Kg"
Papel higiénico reciclado 2 folhas,PorSi,12 rolos,"1,99 €","1,99 €/Unidade"
Tiras da Costela/Piano,Porco,1 un = 500 gr (aprox.),"4,89 €","4,89 €/Kg"
"Queijo médio, metades",Casteloes,Embalagem de 580g,"25,45 €/Kg","25,45 €/Kg"
Chocolate culinário 70% cacau,Pantagruel,Embalagem de 200g,"1,04 €","8,32 €/Kg"
"M&ms pouch, amendoim",M&m' s,Embalagem de 400 g,"11,98 €/Kg","11,98 €/Kg"
20 saquetas chá de limão,Lipton,Embalagem de 40g,"44,50 €/Kg","44,50 €/Kg"
Arroz carolino vaporizado,Cacarola,Embalagem de 1 kg,"1,26 €","1,26 €/Kg"
Bebida de Aveia,PorSi Viva Bem,1 l,"1,59 €","1,59 €/L"
Cacau em pó,Pantagruel,Embalagem de 130g,"1,04 €","8,32 €/Kg"
Bolachas cookies 0% açúcares,Artiach,Embalagem de 120 g,"0,90 €","6,00 €/Kg"
Salada de fruta em calda,PorSi,Lata com 820 g,"1,99 €","2,37 €/Kg"
Queijo P'tits Fondants 8 Porções,PorSi,Embalagem de 140 g,"0,82 €","23,43 €/Kg"
Medalhões  de Pescada,Peixe Congelado Higienizado,1 un = 150 gr (aprox.),"4,39 €","10,98 €/Kg"
Espirais s/ glúten,Milaneza,Embalagem de 500g,"2,69 €","5,38 €/Kg"
Na-esparguete bio 500g 10kg,Nacional,Embalagem de 500g,"1,89 €","3,78 €/Kg"
Vela em número nº1,PorSi,1 unidade,"0,60 €","0,60 €/Unidade"
"Refeição pronta, boião de frango e arroz",Bledina,Embalagem de 200g,"2,09 €","10,45 €/Kg"
Receita caseira de bolonhesa,Nobre,Embalagem de 420g,"2,35 €","5,60 €/Kg"
Fralda cueca T4 - 8 a 14 kg,PorSi,22 unidades,"8,49 €","8,49 €/Unidade"
Penso de incontinência maxi,Ausonia Discreet,Embalagem de 8 un.,"1,95 €","1,95 €/Unidade"
Queijo de cabra curado,PorSi,Embalagem de 2x100 g,"5,99 €","23,96 €/Kg"
Bandas de Cera Depilatória Bikini,Veet,100ml + Bálsamo 50 Ml,"2,99 €","14,95 €/L"
Comida húmida para gato seleção de aves,Gourmet mp,Embalagem de 300g,"3,49 €","10,26 €/Kg"
Cocktail melão,Bar Royal,Garrafa de 750 ml,"11,99 €","11,99 €/L"
Azeite Virgem Extra Suave,Gallo,Garrafa de 750 ml,"3,29 €","4,39 €/L"
Castanhas,PorSi,Embalagem de 500G,"3,29 €","4,39 €/Kg"
Pasta dentífrica herbal,Colgate,Embalagem de 75 ml,"2,39 €","31,87 €/L"
Fruta para bebé maçã cenoura manga +6 meses,Nestle,Embalagem de 90g,"0,74 €","8,22 €/Kg"
Manteiga magra meio sal,President,Embalagem de 250g,"1,89 €","7,56 €/Kg"
Bolsa exfoliante,Bioten,1 conjunto,"9,99 €","9,99 €/Unidade"
Recarga difusor elétrico recarga citronela,Dum Dum,1 unidade,"6,39 €","6,39 €/Unidade"
"Vela com número, nº 7",PorSi,1 unidade,"0,60 €","0,60 €/Unidade"
Mix de frutas para smothie,PorSi,Embalagem de 450 g,"3,29 €","4,39 €/Kg"
Bebida láctea crescimento c/ bolacha maria,Nestle,Embalagem de 1 litro,"0,26 €","1,30 €/L"
Tira nódoas em spray cores,Neoblanc,Embalagem de 700 ml,"3,99 €","5,70 €/L"
Recarga de esfregona universal,Vileda,1 unidade,"0,89 €","0,89 €/Unidade"
20 mini rissóis de camarão,PorSi,Embalagem de 300 g,"1,79 €","7,16 €/Kg"
Discos Sanitários Activos Aparelho Marinho,WC Pato,Embalagem de 36 ml,"2,99 €","74,75 €/Kg"
Fermento em pó,PorSi,Embalagem de 150 g,"0,75 €","15,00 €/Kg"
Rebuçados recheio mel,PorSi,Embalagem de 200g,"0,77 €","3,85 €/Kg"
Polvo limpo,PorSi,Embalagem de 1 kg,"5,49 €","6,86 €/Kg"
Bomboneira de vidro,LAV,Cap.: 28.5 cl,"3,25 €","3,25 €/Unidade"
Resguardo para mesa,PorSi,Dim.: 140 x 300 cm,"17,99 €","17,99 €/Unidade"
15 douradinhos,Capitão Iglo,Embalagem de 420g,"1,79 €","7,16 €/Kg"
Cevada solúvel,PorSi,Embalagem de 200g,"11,25 €/Kg","11,25 €/Kg"
Plasticina Kids Cores Sortidas,Bic,Caixa c/ 6 un.,"1,19 €","1,19 €/Unidade"
Lambrusco rosé,Sorbello,Garrafa de 0.75 l,"1,99 €","2,65 €/L"
Shampô azul concentrado,PorSi,Embalagem de 1 l,"3,99 €","0,80 €/L"
Batata pré-frita palito,PorSi,"Embalagem de 2,5 kg","1,49 €","1,49 €/Kg"
Pasta Dentífrica Menta Suave,Aquafresh,Embalagem de 75 ml,"2,39 €","31,87 €/L"
Farinha de milho 500g,ESPIGA,Embalagem de 500g,"1,99 €","1,99 €/Kg"
Fita adesiva,PorSi,5m x 1.25 cm,"1,69 €","1,69 €/Unidade"
"Gel banho, hidratante",Labell,Embalagem de 750 ml,"6,49 €","12,98 €/L"
Iogurte activia líquido cereais,Danone,Embalagem de 4 x 155 g,"2,79 €","6,07 €/Kg"
Ice tea de limão,PorSi,"Embalagem de 1,5 l","1,14 €","0,76 €/L"
Cálice de champagne 29 cl,*,6 unidades,"3,25 €","3,25 €/Unidade"
Batata doce para fritar,PorSi,Embalagem de 600g,"1,49 €","1,49 €/Kg"
"Creme para mãos, caixa familiar",Nivea,Embalagem de 250 ml,"2,49 €","41,50 €/L"
Ambientador vela citronela,PorSi,1 unidade,"9,49 €","45,19 €/Kg"
Ração para gato júnior com frango,Purina One,Embalagem de 800 g,"12,99 €","4,33 €/Kg"
Lindahls pro+ liq tropical,Lindahls,Garrafa de 330 ml,"1,31 €","2,05 €/Kg"
Infusão de tília,Tetley,Embalagem de 10g,"0,79 €","60,77 €/Kg"
Pilhas recarregáveis longa duração AA HR3 1.2V 2100m...,Domédia,Embalagem com 4 unidades,"1,99 €","1,99 €/Unidade"
Removedor de bolores e fungos sem cloro,Uhu,Embalagem de 500 ml,"1,79 €","2,39 €/L"
Peito peru fumado fatias finas cuida-te +,Nobre,Embalagem de 110g,"2,25 €","11,25 €/Kg"
Costeleta,Novilho,1 un= 400 gr aprox.,"6,39 €","7,99 €/Kg"
Rebuçados peitorais,Dr.bayard,Embalagem de 100g,"0,77 €","3,85 €/Kg"
Barras de cereais forma clássica,PorSi,Embalagem de 126g,"1,29 €","10,24 €/Kg"
Barras fitness natural 141g,Nestle,Embalagem de 140g,"1,29 €","10,24 €/Kg"
Iogurte eleva com fermentos naturais framboesa e amê...,Mimosa,Embalagem de 4 x 115 g,"5,97 €/Kg","5,97 €/Kg"
Moscatel favaios,Favaios,Garrafa de 750 ml,"5,99 €","7,99 €/L"
Bacalhau posta média,PorSi,Embalagem de 800g,"6,39 €","7,99 €/Kg"
Lixívia com detergente,PorSi,Embalagem de 2 l,"2,59 €","1,30 €/L"
Achocolatado intenso 40% cacau,Nestle,Embalagem de 330g,"5,39 €","7,19 €/Kg"
Ayam leite de coco,Ayam,Garrafa de 200 ml,"1,69 €","8,45 €/L"
Nata uht p/ bater 0% lactose,Parmalat,Embalagem de 200 ml,"0,75 €","3,75 €/L"
Metades de pera em calda,PorSi,Lata de 820 g,"1,99 €","2,37 €/Kg"
Cereais recheados com chocolate e avelã,PorSi,Embalagem de 400g,"5,07 €/Kg","5,07 €/Kg"
Bolachas com recheio de chocolate,PorSi,Embalagem de 500g,"2,15 €","2,87 €/Kg"
Vermute rosso,Martini,Garrafa de 0.75 l,"19,99 €","28,56 €/L"
"Batata frita, receita camponesa",Lay's,Embalagem de 250g,"1,19 €","6,43 €/Kg"
Gel de banho bio kids,Corine de Farme,300 ml,"6,49 €","12,98 €/L"
Chip choco diet nature,Gullon,Embalagem de 130g,"0,90 €","6,00 €/Kg"
Baby Fruta,Baby Clementoni,1 unidade,"9,99 €/Unidade","9,99 €/Unidade"
"Lenços de bolso, mentol, 10 unidades",Renova,Uma embalagem de 6x10,"0,89 €","0,89 €/Unidade"
Vinho verde branco,Irreversível,Garrafa 0.75L,"1,99 €","2,65 €/L"
Caramelos de nata,PorSi,Embalagem de 250g,"2,75 €","11,00 €/Kg"
Topping chocolate branco,Branca de neve,Embalagem de 360g,"1,29 €","3,23 €/Kg"
Manteiga fácil de barrar,President,Embalagem de 250g,"1,89 €","7,56 €/Kg"
"Jogo ""Quem Sou Eu?""",Concentra,1 unidade,"9,99 €/Unidade","9,99 €/Unidade"
Bebida energética a-zero,Monster,Garrafa de 500 ml,"1,39 €","5,56 €/L"
Recarga p/ Esfregona |Suave,Vileda,,"0,89 €","0,89 €/Unidade"
Alimento húmido de vaca para cão,Purina Beyond,Embalagem de 400 g,"0,75 €","2,50 €/Kg"
Molas plásticas amarelas,PorSi,50 unidades,"0,89 €","0,89 €/Unidade"
Vinho Branco de Terras do Sado,B.s.e.,Garrafa de 750 ml,"3,99 €","5,32 €/L"
Creme vegetal para culinária,PorSi,Embalagem de 1 kg,"2,89 €","2,89 €/Kg"
Vinho doc dão tinto,Grao vasco,Garrafa de 750 ml,"3,99 €","5,32 €/L"
Tira Nódoas Spray a Seco,Iberia,Embalagem de 200 ml,"3,99 €","5,70 €/L"
Cereais cookie crisp,Nestle,Embalagem de 380g,"5,07 €/Kg","5,07 €/Kg"
Palito la reine,PorSi,Embalagem de 400 g,"0,69 €","3,45 €/Kg"
Guardanapos Decorados,Scottex,Embalagem 50 Unidades,"1,29 €","1,29 €/Unidade"
Bloco Sanitário Ativo Lavanda,Sonasol,Embalagem de 50 g,"2,99 €","74,75 €/Kg"
Pilha alcalina classic lr6x8,Domédia,1 unidade,"1,99 €","1,99 €/Unidade"
Rebuçados mentho-lyus sem açúcar,Halls,Embalagem de 31 g,"0,77 €","3,85 €/Kg"
Ambientador vela baunilha,PorSi,1 unidade,"9,49 €","45,19 €/Kg"
Baguete de alho,Panike,Embalagem de 350g,"3,40 €/Kg","3,40 €/Kg"
Cevada torrada moída,PorSi,Embalagem de 250 g,"11,25 €/Kg","11,25 €/Kg"
Manga Refrigerante p/ Garrafas,AR,1 unidade,"3,49 €","3,49 €/Unidade"
Pilha alcalina classic lr03x4,Domédia,1 unidade,"1,99 €","1,99 €/Unidade"
Queijo bola fatias,Paiva,Embalagem de 180g,"1,96 €","9,80 €/Kg"
Queijo curado de cabra,Seia,Embalagem de 250g,"5,99 €","23,96 €/Kg"
Bebida de soja e chocolate,PorSi Viva Bem,Embalagem de 1 l,"2,04 €","2,04 €/L"
Couve Penca (Portuguesa),Legumes do Dia,1 un= 1 kg (aprox.),"1,40 €","3,49 €/Kg"
Toalha de mãos,PorSi,50 x 100 cm,"17,99 €","17,99 €/Unidade"
"Vinho Douro, Private Collection, Tinto",Selecção de Enófilos,Garrafa de 0.75 l,"3,99 €","5,32 €/L"
Cerveja c/ álcool radler,Sagres,pack 6 x 0.33 l,"1,99 €/L","1,99 €/L"
Vinagre de vinho tinto,Cristal,Garrafa de 500 ml,"0,35 €","0,70 €/L"
Oatibix aveia,Weetabix,Embalagem de 500g,"2,29 €","11,45 €/Kg"
Batata frita rodelas,PorSi,Embalagem de 2x70g,"1,06 €","5,73 €/Kg"
Leite condensado cozido,PorSi,Embalagem de 397 g,"1,09 €","2,75 €/Kg"
Geleia de marmelo,Casa de Mateus,345 g,"3,29 €","9,54 €/Kg"
Fio dental gentle suave,Sensodyne,1 unidade,"3,49 €","3,49 €/Unidade"
Sopa da pedra,PorSi,Embalagem de 420 g,"2,35 €","5,60 €/Kg"
Rocher t8 100g,Ferrero Rocher,Embalagem de 100g,"1,59 €","31,80 €/Kg"
Lula recheada com carne,PorSi,Embalagem de 500 g,"2,09 €","5,81 €/Kg"
Queijo ilha ralado,PorSi,Embalagem de 200g,"7,45 €/Kg","7,45 €/Kg"
Sabonete,Feno,Embalagem de 4x90 g,"4,49 €","12,47 €/Kg"
Tablete de chocolate leite c/ avelãs,Milka,Embalagem de 270g,"6,50 €/Kg","6,50 €/Kg"
Massa de macarrão riscado,Nacional,Embalagem de 500g,"0,99 €","1,98 €/Kg"
Café torrado 5 estrelas moagem normal,Sical,Embalagem de 250g,"9,16 €/Kg","9,16 €/Kg"
Galão,PorSi,16 cápsulas,"3,19 €","25,52 €/Kg"
Balões latex azul,PorSi,Embalagem com 24 unidades,"0,59 €","0,59 €/Unidade"
Lixívia Roupa delicada,PorSi,Embalagem de 2 l,"2,19 €","1,10 €/L"
Bebida de Soja Baunilha,PorSi Viva Bem,1 l,"2,04 €","2,04 €/L"
Snack dentabits 40g,Whiskas,Embalagem de 40g,"0,99 €","16,50 €/Kg"
Aguardente velha reserva,CRF,Garrafa de 700 ml,"28,99 €","41,41 €/L"
Feijão com dobrada,PorSi,Embalagem de 420 g,"2,35 €","5,60 €/Kg"
"Chocolate m&m s, bag amendoim",M&m' s,Embalagem de 100 g,"11,98 €/Kg","11,98 €/Kg"
"Iogurte batido natural, biológico",Mimosa,Embalagem de 460g,"1,48 €","3,08 €/Kg"
Leite creme,Royal,Embalagem de 90g,"0,79 €","5,27 €/Kg"
Spray desengordurante,Sonasol,Embalagem de 500 ml,"4,89 €","6,52 €/L"
"Sumo 100%, laranja",PorSi,"Embalagem de 1,5 l","1,09 €","0,73 €/L"
10 salsichas de porco em lata,PorSi,Embalagem de 250G,"0,75 €","3,75 €/Kg"
Café solúvel nescafé,Nescafe,Embalagem de 20g,"1,59 €","79,50 €/Kg"
Cenoura baby,PorSi,Embalagem de 400 g,"0,74 €","1,85 €/Kg"
12 douradinhos forníssimo,Capitão Iglo,Embalagem de 300g,"9,30 €/Kg","9,30 €/Kg"
Espuma de barbear para peles sensíveis,Labell Men,Embalagem de 250 ml,"1,16 €","4,64 €/L"
Snack para gato mixed grill,Felix,Embalagem de 60 g,"0,99 €","16,50 €/Kg"
Bife do Pojadouro,Novilho,Vendido ao peso a partir de 800 g,"6,39 €","7,99 €/Kg"
"Pera em metades, lata",PorSi,Embalagem de 420 g,"1,99 €","2,37 €/Kg"
Ambientador spray pure flor de cerejeira,PorSi,250 ml,"0,99 €","3,30 €/L"
Bacalhau desfiado,Pescanova,Embalagem de 400 g,"6,39 €","7,99 €/Kg"
Bolacha de milho sem sal bio,Cemporcent,Embalagem de 110g,"1,45 €","11,15 €/Kg"
Guardanapos de 1 folha amarelos | dim.: 30 x 29 cm,PorSi,Embalagem com 70 unidades,"1,29 €","1,29 €/Unidade"
Sangria branca,PorSi,Garrafa de 1.5 litros,"2,39 €","1,59 €/L"
Alface Frisada,*,1 un= 400 g (aprox.),"0,88 €","2,19 €/Kg"
Alimento seco p/ cão alta energia c/ frango,HappyOne,Embalagem de 4 kg,"1,15 €/Kg","1,15 €/Kg"
Kit cuidados para cão,Sandimas,3 peças,"9,99 €","9,99 €/Unidade"
Farinha s/ fermento tipo 65,ESPIGA,Embalagem de 1 kg,"1,99 €","1,99 €/Kg"
"Chocolate, 2 pack",Snickers,Embalagem de 80 g,"1,59 €","19,88 €/Kg"
Licor de coco,On Off,"Garrafa de 0,70 l","16,99 €","24,27 €/L"
Ambientador auto limão,PorSi,1 unidade,"2,99 €","2,99 €/Unidade"
Aperitivo de amendoins tostados forno,Matutano,Embalagem de 120g,"0,79 €","7,90 €/Kg"
Manteiga de amendoim crocante,Prozis,Embalagem de 500g,"3,99 €","7,98 €/Kg"
Whisky,J&B,Garrafa de 1 l,"23,49 €","23,49 €/L"
Spray para vidros,PorSi,750 ml,"3,19 €","6,38 €/L"
Vinho regional lisboa tinto reserva,Critterium,Garrafa de 0.75 l,"4,99 €","6,65 €/L"
Ambientador aerossol 5 em 1 flor laranjeira,PorSi,300 ml,"0,99 €","3,30 €/L"
10 nuggets peito de frango e queijo,Capitão Iglo,Embalagem de 210g,"9,50 €/Kg","9,50 €/Kg"
Sopa de cozido,Knorr,Embalagem de 70g,"0,84 €","13,55 €/Kg"
Sopa de cebola económica,Knorr,Embalagem de 50g,"0,84 €","13,55 €/Kg"
Sumo natural de cenoura bio,Cemporcent,Garrafa de 200 ml,"1,32 €","2,06 €/L"
Pescada congelada 350-450 g,Peixe Congelado,Peixe de aquacultura,"3,99 €/Kg","3,99 €/Kg"
Bastão de cola,Domédia,20 g,"1,19 €","1,19 €/Unidade"
Bolacha infantil dinossaurus mini dino cereais,Artiach,Embalagem de 120g,"1,89 €","15,75 €/Kg"
Presunto fatiado,PorSi,Embalagem de 200g,"2,79 €","13,95 €/Kg"
Whisky black bush,Bushmills,Garrafa de 700 ml,"23,49 €","23,49 €/L"
Refrigerante c/ gás laranja,Sumol,Garrafa de 500 ml,"0,40 €/L","0,40 €/L"
Proti soja grânulos,Salutem,Embalagem de 400g,"2,09 €","8,36 €/Kg"
Pipocas doces,Orcape,Embalagem de 100g,"0,79 €","7,90 €/Kg"
Creme abrasivo limão,Cif,Garrafa de 700 ml,"0,99 €","1,32 €/L"
Manteiga amendoim cremosa,PorSi,Embalagem de 340g,"4,39 €","12,91 €/Kg"
Gelado carte d'or chocolate brownie,Olá,Embalagem de 900 ml,"5,49 €","6,10 €/L"
Pensos higiénicos liberty normal abas,Evax,Embalagem com 12 un.,"4,99 €","4,99 €/Unidade"
Party & Co Family,Diset,,"9,99 €/Unidade","9,99 €/Unidade"
Bolachas digestive aveia e laranja,Gullon,Embalagem de 430g,"0,98 €","3,27 €/Kg"
Iogurte activia líquido 0% lima/limão,Danone,Embalagem de 4 x 155 g,"2,79 €","6,07 €/Kg"
Tablete de chocolate amendoim,Nestle,Embalagem de 90 g,"6,50 €/Kg","6,50 €/Kg"
Lava tudo antibacteriano herbal,PorSi,Garrafa de 1.5 l,"0,99 €","0,50 €/L"
Aperfeiçoador BB Cream Médio,Garnier,Embalagem de 50 ml,"2,99 €","59,80 €/L"
Vassoura Simples Pluma,PorSi,unidade,"2,20 €","2,20 €/Unidade"
Adoçante em pó stevia,PorSi Viva Bem,Embalagem de 250 g,"5,99 €","23,96 €/Kg"
Toalha Hamman Rosa/Amarelo/Verde,Benetton,Dim.: 80 x 165 cm,"6,99 €","6,99 €/Unidade"
Vodka,ON/OFF,Garrafa 0.70L,"16,49 €","23,56 €/L"
Farelo de aveia,Salutem,Embalagem de 200g,"2,29 €","11,45 €/Kg"
Esparguete integral,Salutem,Embalagem de 500g,"1,94 €","3,88 €/Kg"
Chocolate culinário,Nestle,Embalagem de 200g,"1,04 €","8,32 €/Kg"
Drageias de chocolate de leite,PorSi,200 g,"11,98 €/Kg","11,98 €/Kg"
Chupa sortidos s/ açúcar,Chupachups,Embalagem de 70g,"3,40 €","28,33 €/Kg"
Queijo fleur dange,Páturages,Embalagem de 200 g,"2,60 €","13,00 €/Kg"
Vinho rosé frisante,Cacho Fresco,Garrafa de 0.75 l,"1,99 €","2,65 €/L"
Infusão hipericão,Cemporcent,Embalagem de 10 unidades,"0,79 €","60,77 €/Kg"
Bolacha maria oro +33% grátis,Cuetara,Embalagem de 800g,"2,11 €/Kg","2,11 €/Kg"
Atum posta ao natural,Bom petisc,Embalagem de 120 g,"0,89 €","7,42 €/Kg"
Matraquilhos,Olivo,1 un.,"9,99 €/Unidade","9,99 €/Unidade"
Papa infantil não láctea 8 cereais e mel +6 meses,Cerelac,Embalagem de 250g,"4,99 €","4,99 €/Kg"
Ração para Cão Delicate rico em Salmão,Purina One,Embalagem de 800g,"1,15 €/Kg","1,15 €/Kg"
Bolachas cream cracker,PorSi,Embalagem de 600g,"0,39 €","3,12 €/Kg"
Creme Depilatório Duche Men Peles Normais,Veet,Embalagem com 150 ml,"2,99 €","14,95 €/L"
Lustrante Pneus,PorSi,Embalagem de 1 l,"3,99 €","0,80 €/L"
Spray renova camurça preta,PorSi,Embalagem de 200 ml,"6,19 €","24,76 €/L"
Bolacha maria,Cuetara,Embalagem de 3 x 200 g + 33% grátis,"2,11 €/Kg","2,11 €/Kg"
"Vinho rosé, região península de setúbal, bag in box",Dom Campos,Garrafa de 5 l,"9,49 €","1,90 €/L"
"Creme de rosto de noite revitalift, laser",L'oreal,Embalagem de 50 ml,"2,99 €","59,80 €/L"
"Queijo light, mini",Babybel,Embalagem de 120g,"2,39 €","19,92 €/Kg"
Gomas tijolos ácidos,PorSi,Embalagem de 300 g,"1,19 €","3,97 €/Kg"
Mimosa bem especial leite e amêndoa,Mimosa,Embalagem de 1 litro,"2,19 €","2,19 €/L"
Champanhe meio seco,Delagne & Fils,"Garrafa de 0,75 l","19,99 €","26,65 €/L"
Toalha de Mesa,Homespecial,Dim.: 150 x 150 cm,"17,99 €","17,99 €/Unidade"
Red Fish Grande,Peixe Congelado,1 un = 500 gr (aprox.),"3,99 €/Kg","3,99 €/Kg"
Adoçante com doseador,PorSi,Embalagem de 66g,"5,99 €","23,96 €/Kg"
Bebida soja light,PorSi Viva Bem,Embalagem de 1 l,"2,04 €","2,04 €/L"
Alho moído,PorSi,Frasco com 45 g,"0,25 €","0,25 €/Kg"
Café solúvel creme,Delta,Embalagem de 80 g,"1,59 €","79,50 €/Kg"
Halls vita c morango sem açúcar,Halls,Embalagem de 32 g,"0,77 €","3,85 €/Kg"
Doce pessego 284g,ST.DALFOUR,Frasco de 284g,"2,99 €","8,67 €/Kg"
Elixir Nightly Reset,Listerine,400 ml,"5,99 €","11,98 €/L"
"Inseticída, vaporizador, extra gt",Biokill,Garrafa de 380 ml,"5,09 €","8,48 €/L"
Chocolate culinário em pó,PorSi,Embalagem de 125 g,"1,04 €","8,32 €/Kg"
Cobertura tábua de engomar,PorSi,Dim.: 130 x 47 cm,"16,50 €","16,50 €/Unidade"
Refrigerante com gás guaraná,Antartica,"Garrafa de 1,5 l","0,40 €/L","0,40 €/L"
Marmelada,Quinta de Jugais,Embalagem de 500g,"1,09 €","2,42 €/Kg"
Água s/ gás,Fastio,Garrafa de 1 l,"1,04 €","0,17 €/L"
"Queijo prato, metades",Alavao,Embalagem de 500g,"2,42 €","9,69 €/Kg"
Smarties mini chocolate,SMARTIES,Embalagem de 187g,"11,98 €/Kg","11,98 €/Kg"
Mistura de frutos exóticos,PorSi,Embalagem de 450 g,"3,29 €","4,39 €/Kg"
Piscina morango,Bestway,Dim.: 160 x 38 cm,"29,99 €","29,99 €/Unidade"
Chá infusão sene,Cemporcent,Embalagem de 13g,"0,89 €","44,50 €/Kg"
Aditivo em pó máquina roupa branca,Vanish,Embalagem de 1.2 kg,"5,99 €","11,98 €/L"
Tablete triple chocolate,Milka,Embalagem de 90g,"5,30 €/Kg","5,30 €/Kg"
Feijão encarnado,PorSi,Embalagem de 420 g,"2,19 €","2,81 €/Kg"
"Escova de cabelo, Pontas Nylon Premium",Labell,Uma unidade,"1,99 €","1,99 €/Unidade"
"Bloco sanitário blue activ, eucalio",Sonasol,Embalagem de 50 g,"2,99 €","74,75 €/Kg"
Almofada antialérgica,PorSi,45 x 60 cm,"17,99 €","17,99 €/Unidade"
Queijo de Ovelha Curado Apimentado,PorSi,,"4,50 €","17,99 €/Kg"
Melancia Riscada,Fruta da Época,Vendido ao peso | 1 un = 4kg (aprox.),"0,72 €","2,89 €/Kg"
Bolachas choco mini estrelas,Milka,Embalagem de 190g,"2,15 €","2,87 €/Kg"
Mariscada,PorSi,Embalagem de 800g,"2,19 €","8,59 €/Kg"
Desinfetante p/ Roupa,Sanytol,embalagem com 500ml,"3,99 €","5,70 €/L"
Rolo de Cozinha Gigaroll Branco,Renova,1 Rolo,"4,99 €","4,99 €/Unidade"
Salsichas de porco,Nobre,Lata de 250g,"0,75 €","3,75 €/Kg"
Natas uht com cogumelos,Parmalat,Embalagem de 200 ml,"0,75 €","3,75 €/L"
Resguardo para mesa,PorSi,Dim.: 140 x 200 cm,"17,99 €","17,99 €/Unidade"
Néctar light manga/laranja,Compal,330 ml,"0,84 €","2,55 €/L"
Vinagre de sidra pet,Paladin,Garrafa de 500 ml,"0,35 €","0,70 €/L"
Snack bio arroz e trigo c/ banana e framboesa,Gerber,Embalagem de 35g,"2,09 €","10,45 €/Kg"
Lava tudo limão verde,Cif,"Garrafa de 1,4 l","0,99 €","0,50 €/L"
5 folhas de gelatina incolor,PorSi,Embalagem de 9 g,"0,55 €","61,11 €/Kg"
Arroz integral,PorSi Viva Bem,Embalagem de 1 kg,"1,26 €","1,26 €/Kg"
Caramelos de fruta,PorSi,Embalagem de 250g,"1,19 €","4,76 €/Kg"
"Caramelos de café, creme",Werthers,Embalagem de 90g,"2,75 €","11,00 €/Kg"
Muesli Frutas,PorSi,500 g,"3,79 €","10,83 €/Kg"
Pudim de baunilha,PorSi,Embalagem de 90g,"0,59 €","29,50 €/Kg"
"Luvas multiusos relevo antiderrapante, tamanho peque...",PorSi,Embalagem de 1 unidades,"4,29 €","4,29 €/Unidade"
Luvas descartáveis extra long p/m,Vileda,10 unidade,"4,29 €","4,29 €/Unidade"
Biscoitos de cacau,PorSi,Embalagem de 750g,"0,69 €","3,45 €/Kg"
"Cereais special k, frutos vermelhos",Kellogg's,Embalagem de 300g,"3,79 €","29,38 €/Kg"
Pudim baunilha,Boca Doce,Embalagem de 20g,"0,59 €","29,50 €/Kg"
Milho inteiro,Rac.zezere,Embalagem de 5 kg,"2,49 €","16,60 €/Kg"
Mel em frasco de vidro,Jorge v.f.,Embalagem de 500g,"4,89 €","9,78 €/Kg"
Fio dentario 50m,Colgate,1 unidade,"3,49 €","3,49 €/Unidade"
Feijão preto,Legumes secos,1 un = 100 gr. (aprox.),"0,32 €","3,19 €/Kg"
Mistura sol sem café granulado,PorSi,Embalagem de 200g,"11,25 €/Kg","11,25 €/Kg"
Lixívia perfumada,PorSi,Embalagem de 5 l,"2,59 €","1,30 €/L"
Vinho doc alentejo tinto,T.bolotas,Garrafa de 0.75 l,"2,89 €","3,85 €/L"
Chourico vinho das beiras,PorSi,Embalagem de 280g,"3,99 €","14,25 €/Kg"
Eau de Toilette p/Senhora Nº5,Caravan,1 Frasco 150ml,"11,99 €","79,93 €/L"
Esparguete fino,Nacional,Embalagem de 500g,"0,99 €","1,98 €/Kg"
Feijão preto cozido,PorSi,Embalagem de 420 g,"2,19 €","2,81 €/Kg"
Muesli 3 chocolates,PorSi,500 g,"3,79 €","10,83 €/Kg"
Profiteroles de nata,PorSi Select,Embalagem de 330 g,"2,57 €","7,79 €/Kg"
Nutripuffs de banana 8 meses s/ açúcar,Cerelac,Embalagem de 7g,"0,74 €","8,22 €/Kg"
Detergente máquina roupa em gel universal,Persil,Embalagem de 42 doses,"31,99 €","31,99 €/Unidade"
Bolachas tosta rica,Cuetara,Embalagem de 570g,"1,89 €","15,75 €/Kg"
30 cápsulas super rendimento,PLANTANATU,Embalagem de 1 unidades,"6,59 €","6,59 €/Unidade"
Fermento em po 4x25g,PorSi,Embalagem de 100g,"0,75 €","15,00 €/Kg"
Batatas forno ervas,Lay's,Embalagem de 130g,"1,19 €","6,43 €/Kg"
Moscatel Roxo Setúbal,Alambre,Garrafa de 750 ml,"5,99 €","7,99 €/L"
Moscatel do Douro,Selecção de Enófilos,"Garrafa de 0,75 l","5,99 €","7,99 €/L"
Bolachas digestivas go maçã,Triunfo,Embalagem de 170g,"0,98 €","3,27 €/Kg"
Detergente líquido máquina de lavar roupa cores escu...,Woolite,56 doses,"31,99 €","31,99 €/Unidade"
Guardanapos Olé Branco 1 Folha,Renova do Bem,Dim.: 30x30cm,"1,29 €","1,29 €/Unidade"
Caderno A4 Quadricular,PorSi,80 Folhas,"1,98 €","1,98 €/Unidade"
Crescido Asa Branca,Bacalhau da Noruega,1 un=1.5 Kg (aprox.),"16,49 €","10,99 €/Kg"
Café torrado em grão,PorSi,Embalagem de 1 kg,"9,16 €/Kg","9,16 €/Kg"
Jogo Gansos + Tangran,Clementoni,1 unidade,"9,99 €/Unidade","9,99 €/Unidade"
Cubos pão trigo tostado,PorSi,Embalagem de 150g,"2,39 €","6,83 €/Kg"
Sardinhas em azeite,PorSi,Embalagem de 120g,"0,89 €","7,42 €/Kg"
"Escova dentes, rotativa global, dura, 2 unidades",Labell,1 embalagem,"3,49 €","3,49 €/Unidade"
8 rissóis de camarão,PorSi,Embalagem de 300g,"1,79 €","7,16 €/Kg"
Molho bechamel,PorSi,Embalagem de 500 ml,"0,75 €","3,75 €/L"
Gelado magnum mini double chocolate e caramelo,Olá,Embalagem de 6 x 60 ml,"5,99 €","16,64 €/L"
Plantanatur slim rapid 30 comprimidos,PLANTANATU,Embalagem de 1 unidades,"6,59 €","6,59 €/Unidade"
Sultana Preta,PorSi,Embalagem de 200g,"0,79 €","3,95 €/Kg"
"Coloração permanente, louro claro, nº80",Nutrisse,1 unidade,"9,49 €/Unidade","9,49 €/Unidade"
Inseticida aerossol moscas. melgas e mosquitos,Baygon,Embalagem de 400 ml,"5,09 €","8,48 €/L"
Arroz longo extra integral,Cacarola,Embalagem de 1 kg,"1,94 €","3,88 €/Kg"
Torta natas com cobertura de cacau,PorSi,Embalagem de 300g,"2,05 €","5,13 €/Kg"
"Gel cabelo, efeito cimento, pote",Grafic,Embalagem de 300 ml,"3,99 €","53,20 €/L"
Creme Muda Fralda,Baby Dove,Embalagem de 45 g,"0,59 €","5,90 €/L"
Bombons Quality Street,Nestlé,Embalagem de 265 g,"1,59 €","31,80 €/Kg"
Bebida energética ripper,Monster,Garrafa de 500 ml,"1,39 €","5,56 €/L"
Vassoura Especial Lisa,PorSi,unidade,"2,20 €","2,20 €/Unidade"
Sacos do Lixo Style 30 L,Vileda,1 embalagem,"1,89 €","1,89 €/Unidade"
"Alimento húmido para gato júnior, carne",Whiskas,Embalagem de 400g,"3,49 €","10,26 €/Kg"
Arroz agulha,Saludães,Embalagem de 1kg,"1,26 €","1,26 €/Kg"
"Queijo flamengo, bola quartos",Agros,Embalagem de 350g,"1,96 €","9,80 €/Kg"
Café solúvel gold,Nescafe,Embalagem de 100g,"1,59 €","79,50 €/Kg"
Amaciador color-vive,Elvive,Embalagem de 200 ml,"1,00 €","5,00 €/L"
Douradinhos estaladiços,Capitão Iglo,Embalagem de 340g,"9,30 €/Kg","9,30 €/Kg"
Queijo Flamengo Bola,Terra Nostra,1 un = 250 gr  (aprox.),"1,96 €","9,80 €/Kg"
Escumadeira nylon,Domédia,1 unidade,"9,99 €","9,99 €/Unidade"
Saco de desporto 2 em 1 impermeável/tapete,Innovagoods,1 unidade,"3,99 €","3,99 €/Unidade"
Coca-cola zero,Coca-Cola,pack 2 x 1.75 l,"0,40 €/L","0,40 €/L"
Cogumelos inteiros,PorSi,Embalagem de 185 g,"2,19 €","2,81 €/Kg"
Vinho tinto doc douro,Qta.cotto,Garrafa de 750 ml,"7,49 €","9,99 €/L"
Vinho do porto tawny,Cruz,"Garrafa de 0,75 l","15,99 €","21,32 €/L"
Spray limpeza casa de banho,PorSi,750 ml,"1,79 €","2,39 €/L"
"Cerveja com álcool, lata",Super Bock,Garrafa de 330 ml,"1,99 €/L","1,99 €/L"
Arroz agulha,B.sucesso,Embalagem de 1 kg,"1,26 €","1,26 €/Kg"
Café solúvel creme,Nescafe,Embalagem de 100g,"1,59 €","79,50 €/Kg"
Camarão cozido 30/40,PorSi,Embalagem de 500 g,"1,75 €","6,99 €/Kg"
Banana da  Madeira,Fruta do Dia,1 un= 200 gr (aprox.),"0,22 €","1,09 €/Kg"
Filetes de pescada,PorSi,Embalagem de 400 g,"4,39 €","10,98 €/Kg"
Guardanapos art de la table 33 x 33 cm,Renova,3 folhas | 50 unidades,"1,29 €","1,29 €/Unidade"
Snack Gato Anti Bolas de Pelo,PorSi,Embalagem 60 g,"0,99 €","16,50 €/Kg"
Limpa pavimentos flutuantes,PorSi,Embalagem de 1 litro,"1,79 €","2,39 €/L"
Desentupidor canos,Mr.muscle,Embalagem de 1 l,"4,89 €","6,52 €/L"
Batata doce frita,PorSi,Embalagem de 150g,"1,06 €","5,73 €/Kg"
Queijo em cubos para saladas,PorSi,Embalagem de 150 g,"7,45 €/Kg","7,45 €/Kg"
Mel de Rosmaninho,PorSi Select,Frasco de 250 g,"4,89 €","9,78 €/Kg"
Gin dry,Gordons,Garrafa de 700 ml,"16,49 €","23,56 €/L"
Ambientador Arbre Baunilha,Arbre Magique,3 unidade,"2,99 €","2,99 €/Unidade"
Sumo florida,Sunny d,"Embalagem de 0,31 l","1,05 €","3,39 €/L"
Especialidade de soja chocolate,PorSi Viva Bem,Embalagem de 4 x 100 g,"2,36 €","3,93 €/L"
Miolo de avelã,PorSi,Embalagem de 200 g,"0,79 €","3,95 €/Kg"
Bolachas mini prince recheadas com chocolate,PRINCE,Embalagem de 160 g,"1,89 €","15,75 €/Kg"
4 hamburguers vaca s/ glúten,Capitão Iglo,Embalagem de 320g,"9,50 €/Kg","9,50 €/Kg"
Amaciador roupa concentrado lírios e morango,PorSi,60 doses,"1,99 €","1,00 €/L"
Ração para gato adulto com bacalhau e legumes,Friskies,Embalagem de 4 kg,"12,99 €","4,33 €/Kg"
Snack para gato chezzy,Felix,Embalagem de 60g,"0,99 €","16,50 €/Kg"
Mostarda em frasco,Savora,Embalagem de 190g,"0,87 €","2,90 €/Kg"
Alecrim,Margao,Embalagem de 20g,"0,25 €","0,25 €/Kg"
Brandy,ON/OFF,Garrafa de 700 ml,"15,49 €","15,49 €/L"
Camarão 60/80,Congelado de Aquicultura,1 un = 250 gr  (aprox.),"2,00 €","7,99 €/Kg"
"Anti-calcário, máquina roupa, gel",Calgon,"Garrafa de 1,5 l","31,99 €","31,99 €/Unidade"
"Queijo fundido, 24 porções",A Vaca Que Ri,Embalagem de 400g,"1,75 €","17,50 €/Kg"
Leite 0% lactose meio gordo,Mimosa,Embalagem de 200 ml,"2,19 €","2,19 €/L"
Grão de bico,Caçarola,Embalagem de 500 g,"0,99 €","1,98 €/Kg"
Creme de limpeza com lixívia,PorSi,750 ml,"2,59 €","1,30 €/L"
100% clara de ovo líquida albumina,Prozis,Embalagem de 500g,"3,65 €","7,30 €/Kg"
Alheira tradicional 180g,Prisca,Embalagem de 180g,"1,49 €","7,45 €/Kg"
Creme de Barrar com Sabor a Manteiga,Becel,Embalagem de 400g,"1,59 €","6,36 €/Kg"
Bolacha diet nature recheio creme,Gullon,Embalagem de 210g,"0,79 €","4,49 €/Kg"
Entremeada s/ Entrecosto,Porco,Vendido ao peso a partir de 1 kg,"4,89 €","4,89 €/Kg"
Hambúrguer Vegeta Green Cuisine,Iglo green,Embalagem de 200g,"2,09 €","5,81 €/Kg"
Gelatina limão 10kcal,Royal,Embalagem de 30g,"0,55 €","61,11 €/Kg"
Patê sardinha,La piara,Embalagem de 80g,"1,19 €","13,52 €/Kg"
"Borracha Technic, 600",Maped,embalagem com 2 unidades,"3,29 €","3,29 €/Unidade"
Bolacha vitalday crocante original,Gullon,Embalagem de 270g,"2,82 €","9,40 €/Kg"
Bolachas rosquilhas,PorSi,Embalagem de 600g,"1,69 €","6,76 €/Kg"
Vermute rosso,Martini,Embalagem de 10x6 cl,"19,99 €","28,56 €/L"
Nata uht,PorSi,Embalagem de 200 ml,"0,75 €","3,75 €/L"
"Frigideira anti-aderente, 28cm",PorSi,1 unidade,"9,99 €","9,99 €/Unidade"
"Alimento seco para gato, atum",Whiskas,"Embalagem de 1,75 kg","12,99 €","4,33 €/Kg"
Iogurte líquido de frutos vermelhos,PorSi,Embalagem de 4 x 160 g,"1,31 €","2,05 €/Kg"
Crazy Chic Unicórnio Make Up,Clementoni,1 unidade,"9,99 €/Unidade","9,99 €/Unidade"
Puzzle Canal Panda,Olivo,60 peças,"9,99 €/Unidade","9,99 €/Unidade"
Bolachas cobertura de chocolate e avelã,PorSi,Embalagem de 150g,"0,79 €","5,27 €/Kg"
Lic.amendoa amarga zimbro,Zimbro,Garrafa de 0.70L,"16,99 €","24,27 €/L"
Nectar clássico maracujá,Compal,Garrafa de 1 l,"1,09 €","0,73 €/L"
Conjunto Caravan Nº1,Caravan,1 unidade,"12,99 €","12,99 €/Unidade"
"Limpa móveis pistola, aloé vera",Pronto,Embalagem de 500 ml,"5,99 €","11,98 €/L"
Leite magro em pó,Páturages,Embalagem de 300 g,"2,79 €","9,30 €/Kg"
Gel de banho júnior maçã e pera,Labell,Embalagem com 300 ml,"4,99 €","16,63 €/L"
Atum posta em óleo,Ramirez,Embalagem de 120g,"0,89 €","7,42 €/Kg"
All bran plus,Kellogg's,Embalagem de 500g,"1,49 €","2,98 €/Kg"
Refrigerante c/ gás,Coca-Cola,pack 6 x 0.33 l,"0,40 €/L","0,40 €/L"
Anticalcário,Viakal,Embalagem de 500 ml,"0,99 €","1,32 €/L"
Vinho regional península de setúbal tinto,J.m.f.,Garrafa de 750 ml,"3,99 €","5,32 €/L"
Iogurte Pedaços Amoras/Mirtilo,PorSi,Embalagem 2X135 g,"1,44 €","2,88 €/Kg"
Infusão nº 6 sem barriga,Cemporcent,Embalagem de 10 unidades,"0,79 €","60,77 €/Kg"
Actimel morango,Danone,Embalagem de 6 x 100g,"4,15 €/Kg","4,15 €/Kg"
Néctar light manga/laranja,Compal,Garrafa de 200 ml,"0,99 €","0,99 €/L"
Iogurte líquido yoggi morango,Nestle,Embalagem de 4 x 160 g,"1,31 €","2,05 €/Kg"
Chouriço com feijão,Nobre,Embalagem de 420g,"2,35 €","5,60 €/Kg"
"Vela em número,  nº 0",PorSi,1 unidade,"0,60 €","0,60 €/Unidade"
Camarão 20/30,Congelado de Aquicultura,1 un = 250 gr  (aprox.),"2,00 €","7,99 €/Kg"
Limpa madeiras com sabão,PorSi,1.5 litros,"4,39 €","14,63 €/L"
"Creme anti-rugas revitalizante fps30, dia",L'oreal,Embalagem de 50 ml,"2,99 €","59,80 €/L"
Arroz carolino,Caçarola,Embalagem de 1kg,"1,26 €","1,26 €/Kg"
Queijo Flamengo Bola,Limiano,1 un = 250 gr  (aprox.),"1,96 €","9,80 €/Kg"
Tomate em pedaços,Guloso,Embalagem de 390g,"3,84 €","24,00 €/Kg"
Café moagem universal angola,Delta,Embalagem de 220g,"9,76 €/Kg","9,76 €/Kg"
Alimento seco para gato de salmão,HappyOne,Embalagem de 2 kg,"12,99 €","4,33 €/Kg"
Vinho tinto regional terras dao bib 5l,Silgueiros,Embalagem de 5L,"3,99 €","5,32 €/L"
Azeite virgem extra seleção ouro,Oliveira da Serra,Garrafa de 750 ml,"3,29 €","4,39 €/L"
Recarga Ambientador Automático Sparkling Citrus,PorSi,Embalagem de 250 ml,"1,79 €","1,79 €/Unidade"
Champô Limão & Argila,Ultra Suave,Embalagem de 400 ml,"5,59 €","13,98 €/L"
Batata Doce,Programa Origens,1 un = 250 gr,"0,25 €","0,99 €/Kg"
Arroz carolino,Louro,Embalagem de 1 kg,"1,26 €","1,26 €/Kg"
"Lixívia para roupa, tradicional verde denso",PorSi,Embalagem de 2L,"1,74 €","0,35 €/L"
Vinho do porto lágrima tinto,Ramos Pinto,"Garrafa de 0,75L","15,99 €","21,32 €/L"
Vinh do porto ruby,Cruz,Garrafa de 750 ml,"5,99 €","7,99 €/L"
Esponja autobrilhante,PorSi,3 g,"0,99 €","330,00 €/Kg"
Corn flakes saco,PorSi,Embalagem de 500g,"1,49 €","2,98 €/Kg"
Recarga mopa,PorSi,1 unidade,"0,89 €","0,89 €/Unidade"
Ração seca mix para cão adulto,PorSi,Embalagem de 20 kg,"1,15 €/Kg","1,15 €/Kg"
Cereais petalas chocolate,PorSi,Embalagem de 625g,"5,07 €/Kg","5,07 €/Kg"
Bolacha tostada,PorSi,Embalagem de 800g,"2,11 €/Kg","2,11 €/Kg"
Tablete de chocolate leite/amêndoa,Nestle,Embalagem de 120g,"6,50 €/Kg","6,50 €/Kg"
Infusão tília,Cemporcent,Embalagem de 10 unidades,"0,79 €","60,77 €/Kg"
Monopoly Viaja Pelo Mundo,Hasbro,1 un.,"9,99 €/Unidade","9,99 €/Unidade"
Spray Limpa Cockpit,Redex,Embalagem de 600 ml + oferta pano micro-fibra,"3,99 €","0,80 €/L"
Iogurtes Corpos Danone Pedaços de Coco,Danone,Embalagem de 4 x 115 g,"1,44 €","2,88 €/Kg"
Mistura solúvel brasa,Nestle,Embalagem de 200g,"11,25 €/Kg","11,25 €/Kg"
"Sumo 100%, tutti-frutti",PorSi,Embalagem de 3 x 200 ml,"1,09 €","0,73 €/L"
Conjunto Fleurs Du Paradis,Coquette,EAU DE TOILETTE 100 ML + R-ON 10 ML,"12,99 €","12,99 €/Unidade"
Fermento,Royal,Embalagem de 230g,"0,75 €","15,00 €/Kg"
Batata frita caseira rodela,Pala-pala,Embalagem de 300g,"0,87 €","5,44 €/Kg"
Tostas mistura sem glúten,PorSi Viva Bem,Embalagem de 140g,"2,69 €","17,93 €/Kg"
Lombos de pescada,PorSi,Embalagem de 400 g,"4,39 €","10,98 €/Kg"
Manteiga de amendoim crocante,Prozis,Embalagem de 500g,"4,39 €","12,91 €/Kg"
Gogo SqueeZ Snack Maçã e Manga,Gogo,Embalagem de 4 x 90g,"0,99 €","11,00 €/Kg"
Queijo Feta Grego,PorSi Select,Embalagem de 200 g,"2,19 €","10,95 €/Kg"
"Bebida láctea crescimento 1-3 anos, cereais",Nestle,Embalagem de 1 litro,"0,26 €","1,30 €/L"
Compressas | dim.: 10 x 10 cm,PorSi,Embalagem com 100 unidades,"1,69 €","1,69 €/Unidade"
Creme de rosto de noite nutri intenso 0%,Diadermine,Embalagem de 50 ml,"2,99 €","59,80 €/L"
Limpa Máquina Loiça Regular,Finish,,"2,99 €","2,99 €/Unidade"
Vela em número nº9,PorSi,1 unidade,"0,60 €","0,60 €/Unidade"
Creme anti-rugas de dia revitalift,L'oreal,Embalagem de 50 ml,"2,99 €","59,80 €/L"
Vinho verde branco loureiro,Q.REGAINHO,Garrafa de 0.75 l,"1,59 €","2,12 €/L"
"Creme para mãos, proteção intensiva",Atrix,Embalagem de 60 ml,"2,49 €","41,50 €/L"
"Lencos faciais tate, 86 unidades",Scottex,Uma embalagem,"0,89 €","0,89 €/Unidade"
Alho moído,PorSi,Saqueta de 50 g,"0,25 €","0,25 €/Kg"
Cereais fitness e fruits,Nestle,Embalagem de 380g,"3,79 €","29,38 €/Kg"
Leite c/ Chocolate,Agros,Embalagem de 4 x 200 ml,"0,26 €","1,30 €/L"
Nestlé® smarties® drageias de chocolate de leite 38g,SMARTIES,Embalagem de 40g,"11,98 €/Kg","11,98 €/Kg"
Néctar light de manga/laranja prism,PorSi,Embalagem de 1 l,"0,84 €","2,55 €/L"
Porto white,Ferreira,Garrafa de 750 ml,"6,65 €/L","6,65 €/L"
Salsicha Merguez,PorSi,1 un = 100 gr (aprox.),"0,65 €","6,49 €/Kg"
Salsichas de aves,Nobre,Lata de 200 g,"0,75 €","3,75 €/Kg"
"Lapiseira long life, 0,7 mm",Maped,"embalagem com 3 unidades, sortidas","3,29 €","3,29 €/Unidade"
"Cerveja sem álcool, preta",Super Bock,pack 6 x 0.33 l,"5,99 €","3,03 €/L"
Acetona perfumada com doseador,PorSi,Embalagem de 200 ml,"1,89 €","9,45 €/L"
Philadelphia original cream cheese plain,Philadelph,Embalagem de 270g,"1,75 €","17,50 €/Kg"
Caixa para 6 relógios,BC,1 un.,"19,99 €","19,99 €/Unidade"
Tosta rica mini go,Cuetara,Embalagem de 240g,"1,89 €","15,75 €/Kg"
Açorda de camarão,PorSi Select,Embalagem de 300g,"1,79 €","7,16 €/Kg"
Stevia chocolate negro,Cemporcent,Embalagem de 100g,"2,89 €","23,12 €/Kg"
Bolachas shortcake,PorSi,Embalagem de 233 g,"1,69 €","6,76 €/Kg"
Doce de framboesa,ST.DALFOUR,Frasco de 284g,"2,99 €","8,67 €/Kg"
Bicarbonato de sódio,PorSi,Embalagem de 500 g,"1,79 €","2,39 €/L"
Líquido wc duraguard pinho da montanha,Harpic,Garrafa de 750 ml,"1,79 €","2,39 €/L"
Comida húmida para cão de vaca e frango,PorSi,Lata de 400 g,"0,75 €","2,50 €/Kg"
Aperitivos  fritos,Fritos,Embalagem 130G,"0,79 €","7,90 €/Kg"
Snack gato salmao,PorSi,Embalagem de 60g,"0,99 €","16,50 €/Kg"
Sabonete Liquido Gel Antibacteriano,Labell,Embalagem de 300 ml,"2,18 €/L","2,18 €/L"
Pellets madeira,Nova lenha,Embalagem de 15kg,"10,99 €","0,73 €/Kg"
"Sacos para sandes, 100 unidades",PorSi,1 embalagem,"1,11 €","1,11 €/Unidade"
"Bolacha belvita soft brakes, cereais",Belvita,Embalagem de 250g,"0,98 €","3,27 €/Kg"
Nestle scm regular tubo 12x pt,Nestle,Embalagem de 450g,"1,09 €","2,75 €/Kg"
Cerveja com álcool,Super Bock,Garrafa de 1 l,"1,99 €/L","1,99 €/L"
Tostas multicereais sem glúten,PorSi Viva Bem,Embalagem de 140g,"2,69 €","17,93 €/Kg"
Chocolate negro 70% cacau bio,Cemporcent,Embalagem de 100g,"2,89 €","23,12 €/Kg"
Lamina Descartáveis Platina,Labell,Pack 10 unidades,"1,16 €","4,64 €/L"
Café moagem universal portugal,Delta,Embalagem de 250g,"9,76 €/Kg","9,76 €/Kg"
Mirtilos 100% Naturais,PorSi,Embalagem de 250 g,"3,29 €","4,39 €/Kg"
Nata uht para bater,Parmalat,Embalagem de 200 ml,"0,75 €","3,75 €/L"
Special k choco,Kellogg's,Embalagem de 375g,"1,49 €","2,98 €/Kg"
"Sabonete sólido, oliva",Feno,Embalagem de 4x90g,"4,49 €","12,47 €/Kg"
Veiculo Hot wheels,Hot Wheels,1 unidade,"9,99 €/Unidade","9,99 €/Unidade"
Queijo Curado,Ilha Azul,Vendido ao peso a partir de 250 gr,"2,42 €","9,69 €/Kg"
Miolo de ameijoa,PorSi,Embalagem de 250 g,"1,79 €","7,16 €/Kg"
Queijo flamengo barra,PorSi,"Vendido ao peso, fatiado a partir de 100 gr","1,96 €","9,80 €/Kg"
Rebuçado recheio morango,PorSi,Embalagem de 250g,"1,08 €","5,40 €/Kg"
Vinho tinto regional península setúbal,S.azeitao,Garrafa de 0.75 l,"3,99 €","5,32 €/L"
Lixívia Denso-Activa Harmonias Florais p/ Casa e Rou...,Neoblanc,Embalagem de 2 l,"1,74 €","0,35 €/L"
40 filtros café número 4,Planteur,Embalagem com 40 filtros,"0,80 €","0,80 €/Unidade"
Recarga ambientador elétrico delícias de verão,Air Wick,Embalagem de 1 unidades,"1,79 €","1,79 €/Unidade"
Flocos de aveia finos integrais,Cemporcent,Embalagem de 400g,"0,69 €","1,73 €/Kg"
Néctar clássico tutti-frutti,Compal,330 ml,"0,99 €","0,99 €/L"
Discos de algodão para bebé,PorSi,60 unidades,"5,99 €","5,99 €/Unidade"
"Escova dentes, proteção global suave, 2 unidades",Labell,1 embalagem,"3,49 €","3,49 €/Unidade"
Manteiga c/ sal gourmet,Novacores,Embalagem de 250g,"1,89 €","7,56 €/Kg"
Pringles original,Pringles,Embalagem de 175g,"1,06 €","5,73 €/Kg"
Pilhas Alcalinas AAA Optimum,Duracell,Blister 4 Pilhas,"1,99 €","1,99 €/Unidade"
Bolachas shortcake cacau,PorSi,Embalagem de 185 g,"1,69 €","6,76 €/Kg"
Sortido bolacha princesa,Vieira,Embalagem de 400g,"6,83 €/Kg","6,83 €/Kg"
Água s/ gás,S.estrela,"Pack 6 x 0,50 l","1,04 €","0,17 €/L"
Reparador de móveis normal,PorSi,Embalagem de 200 ml,"4,39 €","14,63 €/L"
Tomate triturado,Compal,Embalagem de 500g,"3,84 €","24,00 €/Kg"
Resguardo para bebé,PorSi,Dim.: 60 x 60 cm,"4,99 €","4,99 €/Unidade"
Pectina,Condi,Embalagem de 25g,"2,04 €","81,60 €/Kg"
Iogurte pedaços frutimax frutos variados,PorSi,Embalagem de 8 x 125 g,"1,44 €","2,88 €/Kg"
Caçarola Alumínio Anti-Aderente 20Cm,PorSi,1 unidade,"9,99 €","9,99 €/Unidade"
Dossier A4,PorSi,1 unidade,"1,98 €","1,98 €/Unidade"
Bolachas maria,PorSi,Embalagem de 800g,"2,11 €/Kg","2,11 €/Kg"
Limpa fornos,PorSi,500 ml,"1,79 €","2,39 €/L"
Iogurte morango 000%,PorSi Viva Bem,Embalagem de 4 x 125 g,"1,09 €","1,45 €/Kg"
Preparado de bolo de iogurte,PorSi,500 g,"1,69 €","8,45 €/L"
"Cobertura tipo chantilly, 2x38g",PorSi,Embalagem de 80g,"1,29 €","3,23 €/Kg"
Toalhita Azul,Dodot,Embalagem c/ Tampa | 64 un.,"1,09 €/Unidade","1,09 €/Unidade"
Vinho de mesa tinto bag in box,Adega grande,Garrafa de 5 l,"5,19 €","1,04 €/L"
Taça diamante,Vivalto,Cap.: 300 ml,"3,25 €","3,25 €/Unidade"
Caramelo líquido,PorSi,Embalagem de 400g,"1,29 €","3,23 €/Kg"
Orégãos em folha,PorSi,Embalagem de 10g,"0,25 €","0,25 €/Kg"
Ração para cão com frango,Friskies,Embalagem de 4kg,"1,15 €/Kg","1,15 €/Kg"
Molho mad chips top down,Calve,Embalagem de 260g,"0,87 €","2,90 €/Kg"
Refrigerante de lima-limão,Seven-up,"Garrafa de 1,25 l","0,40 €/L","0,40 €/L"
Linhaça castanha moída,Cemporcent,Embalagem de 200g,"2,29 €","11,45 €/Kg"
Biscoitos integrais aveia e manteiga de amendoim,PorSi Viva Bem,Embalagem de 150g,"1,45 €","11,15 €/Kg"
Sardinha em azeite,PorSi Select,Lata de 120 g,"0,89 €","7,42 €/Kg"
Leite de pastagem magro,Terra Nostra,Embalagem de 1 litro,"0,83 €","0,83 €/L"
Cereais golden e crispy,PorSi,Embalagem de 375 g,"5,07 €/Kg","5,07 €/Kg"
Topping morango,Branca de neve,Embalagem de 370g,"1,29 €","3,23 €/Kg"
Mistura solúvel tofina despertar,Nestle,Embalagem de 200g,"11,25 €/Kg","11,25 €/Kg"
Cuecas Incontinência Maxi Grande,Lindor,Embalagem com 14 un.,"9,99 €","9,99 €/Unidade"
"Óleo Visco 5000, 5w40",BP,Embalagem de 4 l,"14,99 €","14,99 €/L"
Desinfetante em gel p/ wc,Cif,Garrafa de 750 ml,"2,79 €","3,99 €/L"
Casa mateus temporada - morango   6x350g,Casa de Mateus,Embalagem de 350g,"3,59 €","10,26 €/Kg"
Alface Roxa,Legumes do Dia,1 un= 400 g (aprox.),"0,88 €","2,19 €/Kg"
Queijo fresco meio gordo,PorSi,200 g,"1,09 €","5,45 €/Kg"
Bocadelia atum,La piara,Embalagem de 180g,"0,89 €","7,42 €/Kg"
Eau de Toilette p/Senhora Nº24,Caravan,1 Frasco 150ml,"11,99 €","79,93 €/L"
Iogurte Solido Bifidus Kiwi,Mimosa,Embalagem de 4 x 115g,"2,79 €","6,07 €/Kg"
Milho para pipocas,Globo,Embalagem de 400g,"0,79 €","7,90 €/Kg"
Néctar de laranja do algarve,Compal,Garrafa de 200 ml,"0,99 €","0,99 €/L"
Esferográfica Azul Retratil 0.7mm,Mab,Embalagem com 1 un.,"3,29 €","3,29 €/Unidade"
Delta solúvel intenso,Delta,Embalagem de 200g,"1,59 €","79,50 €/Kg"
Batata frita caseira,PorSi,Embalagem de 500g,"0,87 €","5,44 €/Kg"
Hambúrgueres,Novilho,1 un = 100 gr (aprox.),"6,39 €","7,99 €/Kg"
Cerveja c/ álcool,Super Bock,pack 24 x 0.33 l,"1,99 €/L","1,99 €/L"
Absorvente de odores marine,Brise,Embalagem de 300 ml,"16,63 €/L","16,63 €/L"
Esparregado de espinafres sem lactose,PorSi Viva Bem,Embalagem de 360 g,"2,49 €","11,53 €/Kg"
Cornflakes sem açúcar,Cemporcent,Embalagem de 250g,"0,69 €","1,73 €/Kg"
Adoçante recarga,Canderel,Embalagem de 40g,"5,99 €","23,96 €/Kg"
Ervilhas,Iglo,"Embalagem de 1,125 kg","0,74 €","1,85 €/Kg"
Queijo fundido surpresa,Eru,Embalagem de 80 g,"1,75 €","17,50 €/Kg"
Queijo flamengo sticks 5x20g,PorSi,Embalagem de 100g,"1,96 €","9,80 €/Kg"
Café 5 estrelas grão,Sical,Embalagem de 1 kg,"9,16 €/Kg","9,16 €/Kg"
Chá verde,Tetley,Embalagem de 20g,"85,00 €/Kg","85,00 €/Kg"
"Sabonete líquido de leite de amêndoas, recarga",Palmolive,Embalagem de 300 ml,"2,18 €/L","2,18 €/L"
Iogurte com Cereais Activia,Danone,Embalagem 4x115g,"2,79 €","6,07 €/Kg"
Borracha para desenho técnico,Domédia,1 unidade,"1,89 €","1,89 €/Unidade"
Palitos redondos,PorSi,Embalagem de 250 unidades,"1,50 €","1,50 €/Unidade"
Cereais crunch 375g,Nestle,Embalagem de 380g,"5,07 €/Kg","5,07 €/Kg"
Creme vegetal para barrar de chocolate,Tulicreme,Embalagem de 200g,"4,39 €","12,91 €/Kg"
Ananás em rodelas lata,PorSi,Embalagem de 820g,"1,99 €","2,37 €/Kg"
Princesas do mar,PorSi,Embalagem de 255 g,"2,19 €","8,59 €/Kg"
Queijo de Ovelha Meio Gordo,Seia,1 un = 450 g (aprox.),"4,50 €","17,99 €/Kg"
Máquina Depilatória Descartável 3 Sensitive,Bic,Embalagem com 4+2 unidades,"12,99 €","12,99 €/Unidade"
Rolo de Cozinha Branco Eco Compacto,PorSi,2 = 6 Rolos,"4,99 €","4,99 €/Unidade"
Lava Tudo Brilhante Floral,Sonasol,"embalagem 1,1L","0,99 €","0,50 €/L"
3 Pipetas de Repelente p/ Gato,Repul'7,1 unidade,"14,99 €","14,99 €/Unidade"
Máscara tesouros de mel,Garnier,Embalagem de 300 ml,"1,00 €","5,00 €/L"
Balões latex brancos,PorSi,Embalagem com 24 unidades,"0,59 €","0,59 €/Unidade"
Queijo fresco natural,Matinal,Embalagem de 216g,"1,09 €","5,45 €/Kg"
Ambientador auto pinho,PorSi,1 unidade,"2,99 €","2,99 €/Unidade"
Pastel de Nata,PorSi,60G,"0,30 €/Unidade","0,30 €/Unidade"
Maionese top down,Hellmman's,Embalagem de 238 g,"0,87 €","2,90 €/Kg"
Croissant simples,PorSi,Embalagem de 400g,"2,05 €","5,13 €/Kg"
Cerveja c/ álcool radler,Sagres,pack 6 x 0.33 l,"1,59 €","3,18 €/L"
"Papel higiénico compacto, extra xxl, 6 rolos",Renova,Uma embalagem,"1,99 €","1,99 €/Unidade"
"Queijo fresco, grande",PorSi,Embalagem de 250 g,"1,09 €","5,45 €/Kg"
Prince biscuit-sandwich chocolate chocolate r,PRINCE,Embalagem de 300g,"2,15 €","2,87 €/Kg"
Pastilhas descafeinado,Delta,Embalagem de 110g,"54,36 €/Kg","54,36 €/Kg"
"Pensos diários maxiplus, 30 unidades",Evax,Uma embalagem,"1,79 €/Unidade","1,79 €/Unidade"
Bebida de soja com cálcio,PorSi Viva Bem,Embalagem de 1 litro,"2,04 €","2,04 €/L"
Bolsa Cintura Magic Garden,Safta,1 unidade,"19,99 €","19,99 €/Unidade"
Gelatina de laranja,PorSi,Embalagem de 170g,"0,55 €","61,11 €/Kg"
"Ambientador spray, aerosol, relax zen",Glade,Embalagem de 300 ml,"0,99 €","3,30 €/L"
Filetes de pescada,Pescanova,Embalagem de 400g,"4,39 €","10,98 €/Kg"
Alimento lácteo alperce +6 meses,Yogolino,Embalagem de 4 x 100 g,"2,89 €","7,23 €/Kg"
Café nyeri quénia moagem universal,Sical,Embalagem de 220g,"9,76 €/Kg","9,76 €/Kg"
Caneta correctora  Shake & Squeeze 2+1,Bic,1 unidade,"3,29 €","3,29 €/Unidade"
Fralda Cueca T3,Dodot,Embalagem de 37 un.,"8,49 €","8,49 €/Unidade"
Saco do Lixo Ecobag 20 litros,Vileda,20 Sacos,"1,89 €","1,89 €/Unidade"
Ervilhas,PorSi,Embalagem de 1 kg,"0,74 €","1,85 €/Kg"
Queijo flamengo fatiado,PorSi,Embalagem de 200G,"1,96 €","9,80 €/Kg"
Anti-embaciante,PorSi,Embalagem de 250 ml,"3,99 €","0,80 €/L"
Açúcar demerara,Rar,Embalagem de 500 g,"1,49 €","1,49 €/Kg"
Tablete de chocolate leite com avelã,PorSi Select,200 g,"6,50 €/Kg","6,50 €/Kg"
Spray wc active clean citrus & waterlilly,Ambipur,750 ml,"1,79 €","2,39 €/L"
Bolachas de manteiga,PorSi,Embalagem de 200 g,"1,69 €","6,76 €/Kg"
Queijo emmental ralado,PorSi,Embalagem de 200 g,"7,45 €/Kg","7,45 €/Kg"
Tablete de chocolate extra fina leite/avelã,Nestle,Embalagem de 120g,"6,50 €/Kg","6,50 €/Kg"
Ice tea de limão,PorSi,Embalagem de 2 l,"1,14 €","0,76 €/L"
Aipo,Nossa seleção,Vendido ao peso,"0,11 €","2,29 €/Kg"
Batata Nova a Granel,Vitacress,1 un = 250 gr  (aprox.),"0,25 €","0,99 €/Kg"
Queijo quark,Santiago,Embalagem de 200g,"1,75 €","17,50 €/Kg"
Vinagre de vinho branco envelhecido,PorSi,Garrafa 250ML,"0,35 €","0,70 €/L"
Sumo 100% ananás e uva,PorSi,1.5 l,"1,09 €","0,73 €/L"
Gomas ositos de oro,Haribo,Embalagem de 100g,"1,19 €","3,97 €/Kg"
Galão enriquecido com cálcio,Ucal,Embalagem de 600 ml,"1,99 €","2,49 €/L"
Café em cápsulas dolce gusto ardenza,Nescafe,Embalagem de 110g,"54,36 €/Kg","54,36 €/Kg"
Papel higiénico 2 folhas,PorSi,32 rolos,"1,99 €","1,99 €/Unidade"
Comida húmida para gato indoor em molho com atum,Purina One,Embalagem de 340g,"3,49 €","10,26 €/Kg"
Água mineral sem gás,Fastio,"Garrafa de 2,5 l","1,04 €","0,17 €/L"
"Argolas, brancas, autocolante, 160 unidades, 13 mm",Domédia,1 embalagem,"5,99 €","5,99 €/Unidade"
Crocantes frango parmesão e ervas,Iglo,Embalagem de 180g,"9,30 €/Kg","9,30 €/Kg"
Escova de Dentes Júnior,Aquafresh,1 unidade,"0,99 €","0,99 €/Unidade"
Analisador água piscina,Gre,,"29,99 €","29,99 €/Unidade"
Alimento lácteo pera +6 meses,Yogolino,Embalagem de 4 x 100 g,"2,89 €","7,23 €/Kg"
Azeite virgem extra seleção,PorSi,Garrafa de 750 ml,"3,29 €","4,39 €/L"
Iogurte proteína stracciatella,Lindahls,Embalagem de 150 g,"5,97 €/Kg","5,97 €/Kg"
Bebida arroz bio,PorSi Bio,Embalagem de 1 litro,"1,59 €","1,59 €/L"
Bolachas digestive muesli,Gullon,Embalagem de 370g,"1,45 €","11,15 €/Kg"
Desentupidor de fole com cabo,PorSi,1 unidade,"2,50 €","2,50 €/Unidade"
Batata frita camponesa,PorSi,Embalagem de 175 g,"1,19 €","6,43 €/Kg"
Assento Auto,Bebéconfort,unidade,"12,69 €","12,69 €/Unidade"
Máquina de barbear descartável,Gillette,Embalagem com 4+1 unidades,"1,16 €","4,64 €/L"
Bolacha cracker integral,Cuetara,Embalagem de 200g,"0,39 €","3,12 €/Kg"
Bolachas de água e sal,PorSi,Embalagem de 125g,"0,39 €","3,12 €/Kg"
Bebida Solúvel Mokambo Chicória e Café,Nestle,Embalagem de 240g,"1,59 €","79,50 €/Kg"
Bolachas de chocolate leite,Milka,Embalagem de 150g,"0,79 €","5,27 €/Kg"
Pensos Higiénicos Cottonlike Super Com Abas,Evax,12 unidades,"4,99 €","4,99 €/Unidade"
Queijo ralado 4 queijos,Valformoso,Embalagem de 150g,"7,45 €/Kg","7,45 €/Kg"
Toalha de Mesa Anti Nódoas,VZT,Dim.: 150 x 200 cm,"3,59 €","3,59 €/Unidade"
Gressinos com azeitonas pretas,PorSi,Embalagem de 250g,"2,39 €","6,83 €/Kg"
Sabonete líquido Marselha e Azeitona,Labell,Embalagem de 500 ml,"2,18 €/L","2,18 €/L"
Ravioli com tomate,Claude Léger,Embalagem 300G,"2,35 €","5,60 €/Kg"
Bloco sanitário blue activ higiene,Sonasol,Embalagem de 50 g,"2,99 €","74,75 €/Kg"
"Palmilha de cortiça com latex, tamanho 40/41",Sonaf,1 unidade,"2,95 €","2,95 €/Unidade"
Queijinho dadoninho petitdino de morango,Danone,Embalagem de 6 x 50 g,"4,23 €/Kg","4,23 €/Kg"
Tostas multicereais s/ glúten,MUSEU PAO,Embalagem de 140g,"2,69 €","17,93 €/Kg"
Gel de Banho Coconut Milk,Dove,Embalagem de 750 ml,"6,49 €","8,65 €/L"
Maionese,PorSi,Embalagem de 414 g,"0,87 €","2,90 €/Kg"
Guardanapos brancos folha tripla 33x33 cm,PorSi,70 unidades,"1,29 €","1,29 €/Unidade"
Mel em frasco com doseador,PorSi,Embalagem de 500g,"4,89 €","9,78 €/Kg"
Dawnut Açucarado,Pastelaria do Dia,48g,"0,30 €/Unidade","0,30 €/Unidade"
Champô 3 em 1 karpex,Vanish,950 ml,"1,79 €","2,39 €/L"
Cereja,Programa Origens,1 un = 250 gr  (aprox.),"0,75 €","2,99 €/Kg"
Inseticida elétrico,Raid,2 Aparelhos + 2 Recargas de 27 ml | 45 Noites + 45 Noites,"6,39 €","6,39 €/Unidade"
Bebida coco,Alpro,Embalagem de 1L,"2,04 €","2,04 €/L"
Bolachas maria,PorSi,Embalagem de 200g,"2,11 €/Kg","2,11 €/Kg"
Água s/ Gás,Serra de Fafe,Garrafa 6L,"1,04 €","0,17 €/L"
Queijo flamengo fatias light,PorSi,Embalagem de 200g,"1,96 €","9,80 €/Kg"
Limpa móveis multissuperfícies,PorSi,Frasco de 300ml,"4,39 €","14,63 €/L"
Folhado Misto 90 g,Pastelaria do Dia,,"0,65 €","0,65 €/Unidade"
Fígado,Novilho,1 un = 100 gr (aprox.),"0,60 €","5,99 €/Kg"
Feijoada,PorSi,Embalagem de 420 g,"2,35 €","5,60 €/Kg"
Caldo de galinha,PorSi,24 cubos,"3,84 €","24,00 €/Kg"
Refrigerante c/ gás ananás,Sumol,Garrafa de 500 ml,"0,40 €/L","0,40 €/L"
Queijo flamengo bio fatias,Terra Nostra,Embalagem de 150g,"1,96 €","9,80 €/Kg"
Vinho regional alentejano bag-in-box tinto,Galitos,Garrafa de 5 l,"5,19 €","1,04 €/L"
Chocolate maxi 6 barritas,Kinder,Embalagem de 130g,"2,29 €","17,62 €/Kg"
Saqueta puré de fruta e aveia,PorSi,Embalagem de 90g,"0,74 €","8,22 €/Kg"
Creme Corpo Goodness,Dove,Embalagem de 300 ml,"12,48 €/L","12,48 €/L"
"Pensos tecido, resistentes à água, 10 unidades",Hansaplast,1 embalagem,"1,69 €","1,69 €/Unidade"
Chá verde menta,PorSi,Embalagem de 43.7 g,"85,00 €/Kg","85,00 €/Kg"
Queijo tres igrejas cura 2 meses,Santiago,Vendido ao peso a partir de 250 gr,"25,45 €/Kg","25,45 €/Kg"
Palitos super finos,PorSi,Embalagem de 85 unidades,"1,50 €","1,50 €/Unidade"
"Mistura de couve flor, brócolos e cenoura",PorSi,Embalagem de 1 kg,"0,74 €","1,85 €/Kg"
5 rissóis de leitão,PorSi,Embalagem de 400g,"1,79 €","7,16 €/Kg"
Puzzle Canal Panda,Olivo,60 peças,"5,99 €/Unidade","5,99 €/Unidade"
Snack gato frango/queijo,PorSi,Embalagem de 60g,"0,99 €","16,50 €/Kg"
Bebida aveia-amêndoa,Alpro,Embalagem de 1 litro,"1,32 €","2,06 €/L"
Cereais chocapic,Nestle,Embalagem de 375 g,"5,07 €/Kg","5,07 €/Kg"
Bolachas marítimas clássicas,PorSi Viva Bem,Embalagem de 200g,"2,82 €","9,40 €/Kg"
Vinagre de fruta,PorSi,Embalagem de 500 ml,"0,35 €","0,70 €/L"
Cerveja 0.0%,Sagres,Pack 4 x 0.33 l,"5,99 €","3,03 €/L"
Champô cacau&côco,Ultra Suave,Embalagem de 400 ml,"5,59 €","13,98 €/L"
Sardinhas,PorSi,embalagem com 1 kg,"4,39 €","10,98 €/Kg"
Queijo flamengo fatias light,PorSi,Embalagem de 200g,"2,39 €","19,92 €/Kg"
Comida Húmida para Gatinhos Mousse com Vitela,Gourmet Diamant,Embalagem de 85 g,"3,49 €","10,26 €/Kg"
Sangria pet,Don Simon,"Garrafa de 1,5 l","2,39 €","1,59 €/L"
Paturette croc choc bill,Páturages,Embalagem de 4x117g,"0,55 €","2,75 €/Kg"
Queijo Cabra Curado Rústico com pimentão,Palhais,Vendido ao peso a partir de 250 gr,"5,99 €","23,96 €/Kg"
Tablete de chocolate de leite com amêndoas,PorSi,100 g,"6,50 €/Kg","6,50 €/Kg"
Champô Extra Suave Flores de Amêndoa,Corine de Farme,Embalagem de 500 ml,"4,99 €","16,63 €/L"
Lixívia para roupa delicada,Neoblanc,Embalagem de 1 l,"2,19 €","1,10 €/L"
Pães de leite redondos,s. tomé,Embalagem de 300 g,"7,40 €/Kg","7,40 €/Kg"
Tomate pelado,Guloso,Embalagem de 800g,"3,84 €","24,00 €/Kg"
Tablete de chocolate,Chabrior,Embalagem de 250 g,"0,79 €","5,27 €/Kg"
Prepar arroz marisco sem gluten cv 0.8kg,Brasmar,Embalagem de 800g,"1,79 €","7,16 €/Kg"
Leite de coco bio,PorSi Bio,400 ml,"3,65 €","7,30 €/Kg"
Tira Nódoas Brancos em Gel,Skip,"1,6 l","3,99 €","5,70 €/L"
20 saquetas infusão camomila,Lipton,Embalagem de 10g,"0,79 €","60,77 €/Kg"
Pano Microfibras Colors,Vileda,4 unidades,"1,64 €","1,64 €/Unidade"
Gogo SqueeZ Snack de Maçã,Gogo,Embalagem de 4 x 90g,"0,99 €","11,00 €/Kg"
Cápsulas de café com leite cappuccino,Nescafe,Embalagem com 16 cápsulas,"3,19 €","25,52 €/Kg"
Atum em azeite,Ramirez,Embalagem de 120g,"0,89 €","7,42 €/Kg"
Iogurte activia cremoso coco,Danone,Embalagem de 4 x 120 g,"1,49 €","2,98 €/Kg"
Gel pure 3 em 1,Garnier,Embalagem de 150 ml,"2,99 €","59,80 €/L"
Capa Premium 2 em 1,Vileda,1 unidade,"16,50 €","16,50 €/Unidade"
Bandas de cera fria peles normais,Veet,Embalagem de 20 unidades,"3,11 €","3,11 €/Unidade"
Batata frita forno originais,Lay's,Embalagem de 150g,"0,87 €","5,44 €/Kg"
"Salsichas hot dog, frasco",Izidoro,Embalagem de 240g,"0,75 €","3,75 €/Kg"
Insecticida recarga,Biokill,Embalagem de 375 ml,"5,09 €","8,48 €/L"
Areia para gatos mineral perfumada,PorSi,Embalagem de 5 kg,"1,19 €","0,24 €/Kg"
Ambientador vela odor tabaco,PorSi,1 unidade,"9,49 €","45,19 €/Kg"
Tablete chocolate branco,PorSi,Embalagem de 100g,"0,99 €","9,90 €/Kg"
Bebida láctea crescimento 3 anos+,Nestle,Embalagem de 1 litro,"0,26 €","1,30 €/L"
Batatas Pré-fritas Rosti com Cebola,PorSi,Embalagem com 600 g,"1,49 €","1,49 €/Kg"
Anona,Fruta do Dia,1 un = 250 gr  (aprox.),"2,29 €/Kg","2,29 €/Kg"
Uva Red Globe,Fruta do Dia,1 un = 250 gr  (aprox.),"0,72 €","2,89 €/Kg"
Bolachas bio de chocolate chips organic,Gullón,250 g,"3,65 €","7,30 €/Kg"
Açúcar fino,Rar,Embalagem de 1000 g,"1,49 €","1,49 €/Kg"
Chocolate culinário 70% cacau,Nestle,Embalagem de 170 g,"1,04 €","8,32 €/Kg"
Iogurte aroma de banana,PorSi,Embalagem de 4x125g,"1,99 €","2,07 €/Kg"
Leite especial crescimento +3 anos,Mimosa,Garrafa de 1 l,"0,26 €","1,30 €/L"
Recarga ambientador elétrico rosa bouquet,Air Wick,Embalagem de 1 unidades,"1,79 €","1,79 €/Unidade"
Magnum mini 3 chocolates,Olá,Embalagem de 6 x 55 ml,"5,99 €","16,64 €/L"
Toalhitas Refrescantes Rosto e Mãos,PorSi,Embalagem 3 x 10 un.,"1,10 €","1,10 €/Unidade"
"Escova de cabelo, esqueleto",Labell,Embalagem com 1 unidade,"1,99 €","1,99 €/Unidade"
Desentupidor em gel canos com soda,PorSi,Embalagem de 1 litro,"1,79 €","2,39 €/L"
Snack de chocolate,Lion,Embalagem de 130g,"1,59 €","19,88 €/Kg"
Cocktail pessego,Bar Royal,Garrafa de 750 ml,"11,99 €","11,99 €/L"
"Vela em número, nº 3",PorSi,1 unidade,"0,60 €","0,60 €/Unidade"
Snack para gato salmão e truta,Vitakraft,18 g,"0,99 €","16,50 €/Kg"
Milho tenro e doce,Bonduelle,Embalagem de 300 g,"2,19 €","2,81 €/Kg"
Sopa de rabo de boi,Knorr,Embalagem de 70g,"0,84 €","13,55 €/Kg"
Moinho 5 pimentas em grão,PorSi,Frasco com 40 g,"0,25 €","0,25 €/Kg"
Palmiers,PorSi,Embalagem de 300 g,"1,69 €","6,76 €/Kg"
Solha Congelada (200/400),Peixe Congelado,Pescado no mar,"3,99 €/Kg","3,99 €/Kg"
Snack para gato de salmão e queijo,Catisfactions,Embalagem de 60g,"0,99 €","16,50 €/Kg"
10 pães de leite,PorSi,Embalagem de 350g,"7,40 €/Kg","7,40 €/Kg"
Gel de banho pampering,Palmolive,Embalagem de 500 ml,"6,49 €","12,98 €/L"
Molho de soja com dispenser,KIKKOMAN,Garrafa de 150 ml,"3,99 €","26,60 €/L"
Canetas de Feltro Lavavel Kids - 14 +4,Bic,Uma embalagem,"4,69 €","4,69 €/Unidade"
Rolo de Cozinha Multi,Renova,4 Rolos,"4,99 €","4,99 €/Unidade"
Moscatel de Setúbal 20 anos,Alambre,Garrafa de 0.50 l,"5,99 €","7,99 €/L"
Bacalhau desfiado,PorSi,Embalagem de 500g,"6,39 €","7,99 €/Kg"
Vinho maduro branco,Casal da eira,Embalagem de 250 ml,"0,85 €/L","0,85 €/L"
Óleo extra virgem de coco,Origensbio,Garrafa de 200 ml,"3,39 €","3,39 €/L"
Collant mousse preta 20D,PorSi,Tamanho: M,"1,99 €","1,99 €/Unidade"
Snack para gato crispies salmão e truta,Felix,Embalagem de 50g,"0,99 €","16,50 €/Kg"
Queijo Raclette 48% MG,Terrier,Vendido ao peso a partir de 250 gr,"2,60 €","13,00 €/Kg"
Gel wc anti-calcário,Harpic,Garrafa de 750 ml,"1,79 €","2,39 €/L"
Lixivia perfume fresco,Neoblanc,Embalagem de 2 l,"1,74 €","0,35 €/L"
Café lote normal moagem grossa,PorSi,Embalagem de 250 g,"9,76 €/Kg","9,76 €/Kg"
Açucar granulado,PorSi,Embalagem de 1 kg,"1,49 €","1,49 €/Kg"
Manteiga com sal,Gresso,Embalagem de 250g,"1,89 €","7,56 €/Kg"
Óleo Performa 15W40,Galp,Embalagem de 1 l,"14,99 €","14,99 €/L"
Gelatina de manga,Koala,Embalagem de 130g,"0,85 €","2,13 €/Kg"
Café Descafeinado,Nescafe,Embalagem de 100g,"1,59 €","6,36 €/Kg"
Salsichas de porco em lata,PorSi,Embalagem de 200g,"0,75 €","3,75 €/Kg"
Queijo Ovelha Curado,PorSi,Vendido ao peso a partir de 250 g,"4,50 €","17,99 €/Kg"
80 filtros nº4 com saquetas antitártaro,Planteur,Uma embalagem com 80 unidades,"0,80 €","0,80 €/Unidade"
Vinho branco tejo,Alorna,Garrafa de 750 ml,"4,99 €","6,65 €/L"
Cafe pastilhas 20x7g,PorSi,Embalagem de 140g,"54,36 €/Kg","54,36 €/Kg"
Rum 3 anos havan club (40º),Havana,Garrafa de 700 ml,"17,49 €","24,99 €/L"
Açúcar branco em saquetas,Rar,Embalagem com 170 saquetas,"1,49 €","1,49 €/Kg"
Travessa com naperon 45x36cm,PorSi,1 unidade,"0,99 €","0,99 €/Unidade"
Agrafador universal +400 agrafos,Maped,1 unidade,"1,35 €","1,35 €/Unidade"
Luvas Multi Latex M/L,Vileda,10 unidade,"4,29 €","4,29 €/Unidade"
Patafix branco,Uhu,Embalagem com 80 pastilhas adesivas,"2,49 €","2,49 €/Unidade"
Pastéis de nata,PorSi,Embalagem de 6x60 g,"2,57 €","7,79 €/Kg"
Sangria branca,Don Simon,"Garrafa de 1,5 l","2,39 €","1,59 €/L"
Bebida de Arroz,PorSi Viva Bem,1 l,"1,59 €","1,59 €/L"
Palmilha cortiça com latex t 38/39,Sonaf,1 unidade,"2,95 €","2,95 €/Unidade"
Camarão Cozido 40/60,Nossa seleção,1 un = 250 gr (aprox.),"1,75 €","6,99 €/Kg"
Cha infusão verde,Cemporcent,Embalagem com 10 saquetas,"0,89 €","44,50 €/Kg"
Água c/ gás groselha,Frize,pack 4 x 0.25 l,"1,99 €/L","1,99 €/L"
Leite condensado magro cozido,Nestle,Embalagem de 390g,"1,09 €","2,75 €/Kg"
Bolacha Maria sem lactose,PorSi Viva Bem,Embalagem de 200 g,"2,49 €","11,53 €/Kg"
Nata uht 0% lactose,Parmalat,Embalagem de 200 ml,"0,75 €","3,75 €/L"
Cerveja c/ álcool,Super Bock,pack 24 x 0.20 l,"1,99 €/L","1,99 €/L"
Mistura para coelhos,Rac.zezere,Embalagem de 5 kg,"2,49 €","2,49 €/Kg"
Café Moagem Universal do Brasil,PorSi,Embalagem de 220g,"9,16 €/Kg","9,16 €/Kg"
"Maionese, frasco",Hellmman's,Embalagem de 210g,"0,87 €","2,90 €/Kg"
Mousse chocolate,PorSi,Embalagem de 150g,"0,79 €","5,27 €/Kg"
Preparado em pó para pudim flan,El mandari,Embalagem de 19.2 g,"1,69 €","8,45 €/L"
"Escova de dentes macia, 7-13 anos",Labell,1 unidade,"0,99 €","0,99 €/Unidade"
"Queijo curado, amanteigado",Paiva,Embalagem de 550g,"25,45 €/Kg","25,45 €/Kg"
Spray desinfetante cozinha,Lysol,Embalagem de 500 ml,"0,79 €","0,79 €/L"
Óleo de girassol,PorSi,garrafa de 1 litro,"3,39 €","3,39 €/L"
Vinho tinto península de setúbal,Pioneiro,Garrafa de 0.75 l,"3,99 €","5,32 €/L"
10 saquetas infusão de camomila,Lipton,Embalagem de 10g,"0,79 €","60,77 €/Kg"
Dom campos tinto vrp setúbal,Dom Campos,Garrafa 0.75L,"3,99 €","5,32 €/L"
Manteiga c/sal,Terra Nostra,Embalagem de 250g,"1,89 €","7,56 €/Kg"
Quinoa branca em grão,Cemporcent,Embalagem de 1 kg,"2,29 €","11,45 €/Kg"
Espremedor,PorSi,1 unidade,"0,89 €","0,89 €/Unidade"
Whisky,F.grouse,Garrafa de 1 litro,"23,49 €","23,49 €/L"
Feijão manteiga,PorSi,Frasco com 540 g,"2,19 €","2,81 €/Kg"
Natas uht 3 queijos,Parmalat,Embalagem de 200 ml,"0,75 €","3,75 €/L"
Vinho doc dão branco,Grao vasco,Garrafa de 750 ml,"3,99 €","5,32 €/L"
Tambor,Panda,1 un.,"12,99 €/Unidade","12,99 €/Unidade"
Ambientador aerossol 5 em 1 jasmim,PorSi,300 ml,"0,99 €","3,30 €/L"
Gel de Banho Secrets Oil Avocato,Dove,Embalagem de 500 ml,"6,49 €","12,98 €/L"
Barras fitness com morango,Nestle,Embalagem de 140g,"3,79 €","29,38 €/Kg"
Creme calçado preto,PorSi,50 ml,"0,99 €","19,80 €/L"
Chouriço Nobreza,Elpozo,Vendido ao peso,"0,95 €","9,49 €/Kg"
Chocolate sombrinhas,Regina,Embalagem de 15 g,"2,29 €","17,62 €/Kg"
Kit de viagem,Colgate,pasta dentífrica + escova,"2,39 €","31,87 €/L"
Snack Delight XS,8in1,embalagem de 84g,"1,09 €","6,06 €/Kg"
Vinho tinto reg. alentejano bib 5l,Navegante,Garrafa 5L,"9,49 €","1,90 €/L"
Café torrado intensa,Nicola,Embalagem de 250 g,"9,16 €/Kg","9,16 €/Kg"
Queijo creme de camembert,Président,embalagem de 125 g,"2,60 €","13,00 €/Kg"
Esfregona super completa,Vileda,1 unidade,"0,89 €","0,89 €/Unidade"
Tablete de chocolate negro,PorSi,Embalagem de 100 g,"0,99 €","4,95 €/Kg"
"Pães para hamburguer com sésamo, 4 unidades",Bimbo,embalagem de 220 g,"0,99 €","1,65 €/Kg"
"Lava tudo antibacteriano lavanda 1,5l",PorSi,Garrafa de 1.5 l,"0,99 €","0,50 €/L"
Estendal de roupa com abas alumínio,PorSi,20 metros,"0,89 €","0,89 €/Unidade"
"Cera de depilação oriental, pote",Labell,Embalagem de 250 ml,"3,11 €","3,11 €/Unidade"
Frutapura maçã e pera,Bledina,Embalagem de 85g,"0,99 €","11,00 €/Kg"
Mel multifloral doseador,PorSi,Embalagem de 250g,"4,89 €","9,78 €/Kg"
Gramática,Ratinho,1 unidade,"1,79 €","1,79 €/Unidade"
Azeite virgem extra seleção,PorSi,Garrafa de 2 l,"3,29 €","4,39 €/L"
"Café em grão, lote superior",Delta,Embalagem de 1 kg,"9,16 €/Kg","9,16 €/Kg"
Cappuccino café arábica cacau magro em pó,PorSi,250 ml,"3,19 €","25,52 €/Kg"
Pensos diários maxi,Carefree,Embalagem com 64 unidades,"1,79 €/Unidade","1,79 €/Unidade"
Desumidificador e Ambientador Mini,HUMYDRY,embalagem de 75g,"2,99 €","6,64 €/Kg"
Adoçante em pó,Canderel,Embalagem de 90g,"5,99 €","23,96 €/Kg"
Monopoly Edição Notas Falsas,Hasbro,1 unidade,"9,99 €/Unidade","9,99 €/Unidade"
Chourico carne das beiras,PorSi,Embalagem de 290g,"3,99 €","14,25 €/Kg"
Chocolate single,Twix,Embalagem de 50g,"1,59 €","19,88 €/Kg"
Água mineral sem gás,S.estrela,pack 4 x 1.5 l,"1,04 €","0,17 €/L"
Jardineira,Novilho,1 un = 200 gr (aprox.),"6,39 €","7,99 €/Kg"
Polpa de tomate,PorSi,Embalagem de 500 g,"3,84 €","24,00 €/Kg"
Acetona,PorSi,Embalagem de 60 ml,"1,89 €","9,45 €/L"
Bio miolo amendoa compele,PorSi Bio,Embalagem de 100g,"3,65 €","7,30 €/Kg"
Pensos higiénicos liberty noite abas,Evax,Embalagem com 9 un.,"4,99 €","4,99 €/Unidade"
"Snack  de chocolate, pack de 3 unidades",Mars,Embalagem de 3x45 g,"1,59 €","19,88 €/Kg"
Fralda Cueca Banho Splashers T5,Dodot,1 Embalagem c/10 unidades,"8,49 €","8,49 €/Unidade"
Inseticida líquido elétrico recarga,Raid,Pack 3 x 27 ml,"6,39 €","6,39 €/Unidade"
Café solúvel,Nescafe,Embalagem de 100g,"1,59 €","79,50 €/Kg"
Infusão alcachofra e dente de leão,Cemporcent,Embalagem de 10 unidades,"0,79 €","60,77 €/Kg"
Café torrado lote chávena máquina,Delta,Embalagem de 250g,"9,16 €/Kg","9,16 €/Kg"
Sobremesa Paturette Creamy Chocolate,Páturages,Embalagem de 4X115G,"1,19 €","2,59 €/Kg"
Iogurte fruta batida banana/laranja/bolacha,Mimosa,Embalagem de 480g,"1,49 €","2,98 €/Kg"
Vinho do porto malvasia branco,Rcv,Garrafa de 750 ml,"6,65 €/L","6,65 €/L"
Gelado carte d'or yogurt & forest fruit,Olá,Embalagem de 900 ml,"5,49 €","6,10 €/L"
Iogurte liquido proteína yopro morango/framboesa,Yopro,300 g,"5,97 €/Kg","5,97 €/Kg"
Canja c/ aletria,Knorr,Embalagem de 70g,"0,84 €","13,55 €/Kg"
Rebuçados mel e limão,PorSi,Embalagem de 200g,"0,77 €","3,85 €/Kg"
"Refeição pronta, boião de legumes e vitela",Bledina,Embalagem de 200g,"2,09 €","10,45 €/Kg"
Semente linhaça castanha,Salutem,Embalagem de 250g,"2,29 €","11,45 €/Kg"
Fiambre Perna Extra Braseado Finissimas,Nobre,Embalagem de 120g,"0,97 €","6,49 €/Kg"
Whisky Swing,Johnnie Walker,"Garrafa de 0,70 l","90,99 €","129,99 €/L"
Papel Anti-traça 4 Seasons,Raid,4 unidades,"1,99 €","1,99 €/Unidade"
Mojito,Bacardi,Garrafa de 0.70 l,"17,49 €","24,99 €/L"
Comida húmida para gato duplo prazer com peixe do oc...,Gourmet Gold,Embalagem de 90g,"3,49 €","10,26 €/Kg"
Butter cookies,PorSi,Embalagem de 450g,"0,90 €","6,00 €/Kg"
Iogurte Pedaços Kiwi 0% Matéria Gorda/Açúcares,Danone,4 x 120 g,"1,44 €","2,88 €/Kg"
Abobora cubos,PorSi,Embalagem de 500g,"0,74 €","1,85 €/Kg"
Comida húmida para gato seleção de carnes,Gourmet mp,Embalagem de 300g,"3,49 €","10,26 €/Kg"
Buondi extreme cafe moido 12x200g,Buondi,Embalagem de 200g,"9,76 €/Kg","9,76 €/Kg"
"Maionese, frasco",Hellmman's,Embalagem de 420g,"0,87 €","2,90 €/Kg"
Gran cruz rosé porto cruz pink,Cruz,Garrafa de 750 ml,"19,99 €","28,56 €/L"
Batata pré-frita para forno,PorSi,Embalagem de 750 g,"1,49 €","1,49 €/Kg"
Frutapura maçã e banana,Bledina,Embalagem de 85g,"0,99 €","11,00 €/Kg"
Snack para gato pato e coelho mini,Vitakraft,18 g,"0,99 €","16,50 €/Kg"
Pilha alcalina classic lr20x2,Domédia,1 unidade,"1,99 €","1,99 €/Unidade"
Desinfetante álcool gel,PorSi,100 ml,"0,99 €","9,90 €/L"
Caderno de desenho A4,Ambar,1 unidade,"1,98 €","1,98 €/Unidade"
Queijo Brie 60%,Produto selecionado,Vendido ao peso a partir de 250 gr,"2,60 €","13,00 €/Kg"
Caramelos de fruta,Penha,Embalagem de 250 g,"1,19 €","4,76 €/Kg"
Polpa de tomate em garrafa,Compal,Embalagem de 500g,"3,84 €","24,00 €/Kg"
Esparguete Clássica,Nacional,Embalagem de 500 g,"0,99 €","1,98 €/Kg"
Iogurte mix-in nesquik,Nestle,Embalagem de 2 x 115 g,"4,23 €/Kg","4,23 €/Kg"
Bombom Caja Roja,Nestlé,Embalagem de 200G,"1,59 €","31,80 €/Kg"
Bolachas infantil dinossauros,Artiach,Embalagem de 190g,"1,89 €","15,75 €/Kg"
Achocolatado em Pó,Nesquik,Embalagem de 700g,"5,39 €","7,19 €/Kg"
Ambientador Arbre Limão,Arbre Magique,3 unidade,"2,99 €","2,99 €/Unidade"
Spray fornos e grelhadores,Cif,435 ml,"1,79 €","2,39 €/L"
Renovador Camurça em Spray Preto,Búfalo,Embalagem de 250 ml,"6,19 €","24,76 €/L"
Vinho tinto,PorSi,embalagem de 1 litro,"0,85 €/L","0,85 €/L"
Vinho doc douro reserva tinto,Romanisco,Garrafa de 0.75 l,"7,49 €","9,99 €/L"
Nata uht para culinária,Parmalat,Embalagem de 200 ml,"0,75 €","3,75 €/L"
Rolos de papel multiusos 2 folhas,PorSi,1 unidade,"4,99 €","4,99 €/Unidade"
Spray optimal 7 com lixivia,Ajax,Embalagem de 500 ml,"1,79 €","2,39 €/L"
Gomas favoritos açúcar,Haribo,Embalagem de 90g,"1,19 €","3,97 €/Kg"
Vinho tinto alentejo,ALABASTRO,"Garrafa de 0,75 l","2,89 €","3,85 €/L"
Côtes-du-Rhône Tinto,Ferraton,0.75 litros,"2,09 €","2,79 €/L"
Mini meia mousse preta | tamanho único,ELDYS,Embalagem com 3 unidades,"1,99 €","1,99 €/Unidade"
Serrote com Ferro,Itools,1 unidade,"5,39 €","5,39 €/Unidade"
Recarga inseticida eléctrico líquido anti melgas e m...,Raid,60 noites,"6,39 €","6,39 €/Unidade"
Anti-traça cedro,Raid,2 unidades,"1,99 €","1,99 €/Unidade"
Desodorizante roll on dermo invisible,Sanex,Embalagem de 50 ml,"4,69 €","31,27 €/L"
Snack Cão Prodental,PorSi,Embalagem 180 g,"1,09 €","6,06 €/Kg"
Polpa de tomate com cebola e alho,Compal,Embalagem de 500g,"3,84 €","24,00 €/Kg"
Queijo brie 60% mg,Páturages,Embalagem de 200 g,"2,60 €","13,00 €/Kg"
Sacos do lixo de 30 litros 100% reciclado,Silvex,20 sacos,"1,89 €","1,89 €/Unidade"
Champô cabelos pintados,Labell,Embalagem de 250 ml,"5,59 €","13,98 €/L"
Barra s.k frutos vermelhos,Kellogg's,Embalagem de 130g,"1,29 €","10,24 €/Kg"
Salsa,PorSi,Embalagem de 50g,"0,99 €","19,80 €/Kg"
Batata pré-frita noisette,PorSi,Embalagem de 1 kg,"1,49 €","1,49 €/Kg"
"Limpa vidros pistola, cristal",Ajax,Embalagem de 500 ml,"3,19 €","6,38 €/L"
Moscatel de Setúbal,Bacalhoa,Garrafa de 750 ml,"5,99 €","7,99 €/L"
Iogurte líquido magro frutos vermelhos,PorSi Viva Bem,Embalagem de 4x160 ml,"1,32 €","2,06 €/L"
Massa esparguete,Milaneza,Embalagem de 500g,"0,99 €","1,98 €/Kg"
"Frigideira anti-aderente, 20cm",PorSi,1 unidade,"9,99 €","9,99 €/Unidade"
Café em grão,Delta,Embalagem de 1 kg,"9,16 €/Kg","9,16 €/Kg"
Desodorizante spray energy,Labell Men,Embalagem de 200 ml,"1,39 €","6,95 €/L"
Depilatório homem gel,Veet,Garrafa de 200 ml,"2,99 €","14,95 €/L"
Régua duplo decimetro,CA1,1 unidade,"2,49 €","2,49 €/Unidade"
Sacos de congelação pequenos,PorSi,"50 unidades, 1 embalagem","1,11 €","1,11 €/Unidade"
Fato de Pai Natal |Adulto,Anitex,,"0,69 €","0,69 €/Unidade"
Tablete de chocolate culinário negro,PorSi,Embalagem de 200 g,"0,99 €","4,95 €/Kg"
Whisky 8 anos,Grant's,Garrafa de 0.70 l,"90,99 €","129,99 €/L"
Bolachas starship tradicional,PorSi,Embalagem de 150g,"0,90 €","6,00 €/Kg"
Vinho rosé mateus emotion,Mateus,Garrafa de 750 ml,"4,29 €","5,72 €/L"
Bolacha vida equilíbrio ameixa e fibra,Cemporcent,Embalagem de 140g,"1,45 €","11,15 €/Kg"
Iogurte líquido morango/cereais,PorSi,Embalagem de 4 x 160 g,"1,31 €","2,05 €/Kg"
"Lenços de bolso sensitive, brancos, 10 unidades",Renova,1 embalagem de 18x10,"0,89 €","0,89 €/Unidade"
Posta de tintureira,PorSi,Embalagem de 500 g,"4,39 €","10,98 €/Kg"
Marmelada com noz,Quinta de Jugais,Embalagem de 500g,"1,09 €","2,42 €/Kg"
Queijo Roquefort AOC 52% M.G,Rocabret,Vendido ao peso a partir de 250 gr,"2,60 €","13,00 €/Kg"
Lixivia perfumada,PorSi,Garrafa de 2 l,"2,59 €","1,30 €/L"
Polpa tomate biológico,Guloso,Embalagem de 500g,"3,84 €","24,00 €/Kg"
Caldo de galinha 24 cubos,Knorr,Embalagem de 240g,"3,84 €","24,00 €/Kg"
Sidra maçã,Bandida,Lata de 500 ml,"1,59 €","3,18 €/L"
Collant suavidade e conforto muskad 20D,PorSi,Tamanho: l/xl,"1,99 €","1,99 €/Unidade"
Bife do Acém Redondo,Novilho,1 un = 250 gr  (aprox.),"6,39 €","7,99 €/Kg"
Liquido refrigerante verde 10%,PorSi,Embalagem de 1 l,"3,99 €","0,80 €/L"
Cereais lion chocolate/caramelo,Nestle,Embalagem de 400g,"1,29 €","10,24 €/Kg"
Pera conference categoria: II,*,Vendido ao peso a partir de 300 g,"1,79 €/Kg","1,79 €/Kg"
Farinha de aveia integral,Cemporcent,Embalagem de 400g,"2,29 €","11,45 €/Kg"
Sumo natural de maçã bio,Cemporcent,Garrafa de 200 ml,"1,32 €","2,06 €/L"
Tira Nódoas em Gel Cores,Skip,1.6 l,"3,99 €","5,70 €/L"
Bebida de cereais e café mokambo intenso,Nestle,Embalagem de 180g,"11,25 €/Kg","11,25 €/Kg"
Vinho branco península de setúbal,Pioneiro,Garrafa de 0.75 l,"3,99 €","5,32 €/L"
Orégãos em folhas,PorSi,Saqueta com 10 g,"0,25 €","0,25 €/Kg"
Paté de atum,PorSi,Embalagem de 65 g,"1,19 €","13,52 €/Kg"
Atum ao natural,Ramirez,Embalagem de 120g,"0,89 €","7,42 €/Kg"
Lixívia tradicional,PorSi,Embalagem de 2 l,"1,74 €","0,35 €/L"
"Queijinho, yoco suisse maxi, morango",Nestle,Embalagem de 4 x 90 g,"4,23 €/Kg","4,23 €/Kg"
"Pensos diários, maxi, 40 unidades",Evax,Uma embalagem,"1,79 €/Unidade","1,79 €/Unidade"
Néctar 8 frutos,Bongo,Pack 3 x 200 ml,"0,99 €","0,99 €/L"
"Pasta dentífrica, dentes/gensivas sensitive",Labell,Embalagem de 75 ml,"2,39 €","31,87 €/L"
Gel de Banho Fresh Touch,Dove,Embalagem de 750 ml,"6,49 €","12,98 €/L"
Saqueta pintarolas,Pintarolas,Embalagem de 40g,"11,98 €/Kg","11,98 €/Kg"
Borracha para lápis e tinta,Domédia,1 unidade,"1,89 €","1,89 €/Unidade"
Pepitas 3 chocos,Vahine,Embalagem de 100g,"1,29 €","3,23 €/Kg"
Comida húmida para gato com frango/vaca,Purina One,Embalagem de 340g,"3,49 €","10,26 €/Kg"
Leite uht sem lactose magro,PorSi Viva Bem,1 litro,"0,83 €","0,83 €/L"
Lixívia Spray Multiusos,Neoblanc,Embalagem de 650ml,"2,59 €","1,30 €/L"
"Discos desmaquilhantes, 120 unidades",PorSi,Embalagem de 120 unidades,"0,76 €","0,76 €/Unidade"
"Lapis para olhos, com show, 100ult, black",Maybelline,1 unidade,"3,99 €","3,99 €/Unidade"
Detergente liquido loiça limão,PorSi,Garrafa de 1 litro,"1,05 €","2,10 €/L"
Acetona,PorSi,Embalagem de 250 ml,"1,89 €","9,45 €/L"
Vinho maduro branco meio seco,Adega grande,Garrafa de 750 ml,"1,59 €","2,12 €/L"
Molho iogurte,PorSi,Garrafa de 285 ml,"0,87 €","2,90 €/Kg"
Cotonetes para bebé,PorSi,Embalagem com 60 unidades,"0,58 €","0,58 €/Unidade"
"Creme de muda de fralda, para bebé",Pommette,Embalagem de 100 ml,"0,59 €","5,90 €/L"
Cerveja com álcool abadia,Super Bock,pack 6 x 0.33 l,"1,99 €/L","1,99 €/L"
Vinho branco doc palmela reserva,Dona Ermelinda,Garrafa de 750 ml,"3,99 €","5,32 €/L"
"Iogurte pedaços, frutimax muesli",PorSi,Embalagem de 4 x 125 g,"1,44 €","2,88 €/Kg"
Queijo mozzarela ralado,Valformoso,Embalagem de 150g,"7,45 €/Kg","7,45 €/Kg"
Remov. de Verniz com Esponja,Labell,Embalagem de 75 ml,"3,99 €","3,99 €/Unidade"
Salsichas Frankfurt em lata,Izidoro,Embalagem de 120g,"0,75 €","3,75 €/Kg"
Semente girassol,Salutem,Embalagem de 200g,"2,29 €","11,45 €/Kg"
Ervilhas bio,PorSi Bio,Frasco com 290 g,"2,19 €","2,81 €/Kg"
Bolacha de manteiga belga c/ chocolate,Saborosa,Embalagem de 200g,"1,69 €","6,76 €/Kg"
Batata frita palha,PorSi,Embalagem de 160g,"0,87 €","5,44 €/Kg"
Barras de cereais nesquik,Nestle,Embalagem de 150g,"1,29 €","10,24 €/Kg"
Sobremesa danette duplo baunilha e caramelo,Danone,Embalagem de 4 x 125 g,"1,19 €","2,59 €/Kg"
Alimento seco gato salmao 1.5k,Purina One,"Embalagem de 1,5 kg","12,99 €","4,33 €/Kg"
Frutapura Pouch Frutos Variados,Bledina,Embalagem de 85g,"0,99 €","11,00 €/Kg"
Água sem gás,Penacova,Garrafão de 5 litros,"1,04 €","0,17 €/L"
"Iogurte eleva com fermentos naturais pêssego, cenour...",Mimosa,Embalagem de 4 x 115 g,"5,97 €/Kg","5,97 €/Kg"
Anti-traça lavanda,Raid,2 unidades,"1,99 €","1,99 €/Unidade"
Perna,Borrego,1 un = 1.5 kg (aprox.),"17,97 €","11,98 €/Kg"
Bolachas digestive finas de chocolate de leite,Triunfo,Embalagem de 170 g,"0,79 €","5,27 €/Kg"
Malga de Barro p/ Caldo Verde,Gratta,,"2,00 €","2,00 €/Unidade"
Kit Limpeza Animal Edição Limitada,Swiffer,Mopa + Espanador,"1,79 €","2,39 €/L"
Rojões,Porco,1 un = 250 gr  (aprox.),"4,89 €","4,89 €/Kg"
Bolachas extra pepitas xl,Ca!,Embalagem de 180g,"2,15 €","2,87 €/Kg"
Lixívia Spray Mousse Flor,Neoblanc,Embalagem de 700ml,"2,59 €","1,30 €/L"
Lixívia Spray Mousse,Neoblanc,Embalagem de 700ml,"2,59 €","1,30 €/L"
Queijo flamengo ralado,Valformoso,Embalagem de 150g,"7,45 €/Kg","7,45 €/Kg"
"Jogo ""Quem é quem?""",Hasbro,1 unidade,"9,99 €/Unidade","9,99 €/Unidade"
"Bolachas aperitivas, simples",Tuc,Embalagem de 100g,"2,82 €","9,40 €/Kg"
Queijo de cabra gourmet,Palhais,Embalagem de 180g,"5,99 €","23,96 €/Kg"
Bebida energética green,Monster,Garrafa de 500 ml,"1,39 €","5,56 €/L"
Pimento Verde,Legumes do Dia,1 un = 250 gr  (aprox.),"0,75 €","2,99 €/Kg"
Iogurte Pedaços Kiwi 0% Matéria Gorda/Açúcares,Danone,4 x 120 g,"4,15 €/Kg","4,15 €/Kg"
Gelatina pronta a comer morango,Royal,Embalagem de 4 x 100 g,"0,85 €","2,13 €/Kg"
Extra vitamina de a a z,PLANTANATU,Embalagem de 1 unidades,"6,59 €","6,59 €/Unidade"
Bolacha shortcake,Nacional,Embalagem de 180g,"1,69 €","6,76 €/Kg"
Queijo em fatias original,Casteloes,Embalagem de 200g,"1,96 €","9,80 €/Kg"
Espinafres em folhas,PorSi,Embalagem de 750 g,"0,74 €","1,85 €/Kg"
Queijo para barrar alho/ervas,PorSi,Embalagem de 200 g,"1,75 €","17,50 €/Kg"
Vinho branco frisante,Cacho Fresco,Garrafa de 0.75 l,"1,99 €","2,65 €/L"
Sobremesa Paturette Caramelo,Páturages,Embalagem de 4x115g,"1,19 €","2,59 €/Kg"
Creme de depilação duche,Veet,Garrafa de 150 ml,"2,99 €","14,95 €/L"
Óleo p/ Moto Performa M2T,Galp,Embalagem de 1 l,"14,99 €","14,99 €/L"
Caramelos de leite,Penha,Embalagem de 100g,"2,75 €","11,00 €/Kg"
Feijão catarino,Legumes secos,1 un = 100 gr. (aprox.),"0,32 €","3,19 €/Kg"
Manteiga magra,Mimosa,Embalagem de 250g,"1,89 €","7,56 €/Kg"
Amaciador  p/ roupa concentrado Aromaterapia,PorSi,Embalagem com 60 doses,"1,99 €","1,00 €/L"
Tamaras,PorSi,Embalagem de 200g,"0,79 €","3,95 €/Kg"
Cerveja com álcool,Kings Bräu,"Embalagem de 0,33 l","1,99 €/L","1,99 €/L"
Irish whiskey original,Bushmills,Garrafa de 700 ml,"23,49 €","23,49 €/L"
Feijão encarnado em frasco,PorSi,frasco de 540 g,"2,19 €","2,81 €/Kg"
Caldeirada de bacalhau,PorSi,Embalagem de 1 kg,"6,39 €","7,99 €/Kg"
Pano limpa pó de flanela,PorSi,1 unidade,"1,64 €","1,64 €/Unidade"
Nutella b-ready,Nutella,Embalagem de 132 g,"1,59 €","19,88 €/Kg"
Vassoura pequena,PorSi,unidade,"2,20 €","2,20 €/Unidade"
Spray optimal 7 cozinha,Ajax,500 ml,"1,79 €","2,39 €/L"
Leite condensado,PorSi,Lata de 1 kg,"1,09 €","2,75 €/Kg"
Creme para calçado incolor,PorSi,50 ml,"0,99 €","19,80 €/L"
Massa de cotovelinhos,Nacional,Embalagem de 500g,"0,99 €","1,98 €/Kg"
Sabonete original,Palmolive,Embalagem de 4x90 g,"4,49 €","12,47 €/Kg"
Laca fixação forte,Elnett,Embalagem de 75 ml,"3,99 €","53,20 €/L"
Néctar vital equilibrio laranja/cenoura/manga,Compal,Embalagem de 1 l,"0,99 €","0,99 €/L"
Sumo 100% fresh maçã,Compal,Garrafa de 330 ml,"1,09 €","0,73 €/L"
Fita corretora mini pocket mouse,Tipp-Ex/Bic,embalagem com 2 unid. + 1 unid. grátis,"3,29 €","3,29 €/Unidade"
Água sem gás,PorSi,Garrafa de 1.5 l,"1,04 €","0,17 €/L"
Iogurte natural,Danone,Embalagem de 4 x 120 g,"1,48 €","3,08 €/Kg"
"Sprite lima-limão sem açúcar embalagem 1,5 l.",Sprite,Garrafa de 1.5 l,"0,40 €/L","0,40 €/L"
Bolachas água e sal doces,Vieira,Embalagem de 170g,"0,98 €","3,27 €/Kg"
Banana,Fruta do Dia,1 un = 200 gr (aprox.),"0,22 €","1,09 €/Kg"
Biscoitos integrais sementes de agave,PorSi Viva Bem,Embalagem de 150g,"0,69 €","3,45 €/Kg"
Clara de ovo liquida pasteurizada,Dovo,1 kg,"1,24 €","3,88 €/L"
Queijo meio gordo,D. Pedro,Vendido ao peso a partir de 250 gr,"2,42 €","9,69 €/Kg"
Vinagre balsâmico modena,Gallo,Garrafa de 500 ml,"0,35 €","0,70 €/L"
Espumante cava meio seco reserva,Freixenet,Garrafa de 750 ml,"6,99 €","9,32 €/L"
Doce de amora com frutose,Salutem,Embalagem de 330g,"3,99 €","7,98 €/Kg"
Elixir Anti-Tartaro,Listerine,500 ml,"5,99 €","11,98 €/L"
Bolacha maria junior doces,Vieira,Embalagem de 280g,"2,11 €/Kg","2,11 €/Kg"
"Luvas multiusos relevo antiderrapante, tamanho médio",PorSi,Embalagem de 1 unidades,"4,29 €","4,29 €/Unidade"
Tablete de chocolate de culinária - sem açúcar,PorSi Viva Bem,Embalagem de 100 g,"1,04 €","8,32 €/Kg"
Napolitanas creme cacau,PorSi,Embalagem de 320g,"1,77 €","5,53 €/Kg"
Achocolatado em Pó,Nesquik,Embalagem de 390g,"5,39 €","7,19 €/Kg"
Mini tostas de trigo,Diatosta,Embalagem de 350 g,"2,39 €","6,83 €/Kg"
"Pilha alcalina, hightech lr6X8",Domédia,1 unidade,"1,99 €","1,99 €/Unidade"
Sacos higiénicos para animal,Canaillou,4 x 20 unidades,"1,19 €","0,24 €/Kg"
Iogurte activia líquido 0% morango/kiwi,Danone,Embalagem de 4 x 155 g,"2,79 €","6,07 €/Kg"
Vinho branco tejo chardonnay,Fiuza,Garrafa de 750 ml,"4,99 €","6,65 €/L"
Lambrusco bianco,*,Garrafa de 750 ml,"2,09 €","2,79 €/L"
Pasta dentífrica herbal branqueadora,Colgate,Embalagem de 75 ml,"2,39 €","31,87 €/L"
Comida húmida para cão almôndegas,PorSi,Embalagem de 1200 g,"0,75 €","2,50 €/Kg"
Grão de bico,PorSi,embalagem de 500 g,"0,99 €","1,98 €/Kg"
Carne p/ Assar,Novilho,Vendido ao peso a partir de 800 g,"6,39 €","7,99 €/Kg"
Mini tostas trigo super finas,PorSi,Embalagem de 100 g,"2,39 €","6,83 €/Kg"
"Papel higiénico, Super Duplo 2 folha, 9=18rolos",Renova,Uma embalagem,"1,99 €","1,99 €/Unidade"
Lixívia densa verde,Neoblanc,Embalagem de 1 l,"1,74 €","0,35 €/L"
Agrafador alicate essentials nº10,Maped,1 unidade,"1,35 €","1,35 €/Unidade"
Bandas de cera facial peles normais,Veet,Embalagem de 20 unidades,"3,11 €","3,11 €/Unidade"
Pai Natal de Chocolate,PorSi,Embalagem de 125 g,"2,29 €","17,62 €/Kg"
Iogurte morango 000%,PorSi Viva Bem,Embalagem de 4 x 125 g,"1,44 €","2,88 €/Kg"
Queijo de Serpa DOP,PorSi Select,1 un = 250 gr  (aprox.),"2,87 €","15,94 €/Kg"
Azeitona mista,PorSi,Embalagem de 210g,"1,49 €","7,10 €/Kg"
Cera de depilação profissional,Veet,Garrafa de 300 ml,"3,11 €","3,11 €/Unidade"
Gelatina pronta a comer light 10 kcal melancia,Royal,Embalagem de 4 x 100 g,"0,85 €","2,13 €/Kg"
2 Pesos p/ tornozelo e punho,Umbro,500 g,"3,99 €","3,99 €/Unidade"
Salsichas em lata,PorSi,Embalagem  de 120 g,"0,75 €","3,75 €/Kg"
Farinha soja,Salutem,Embalagem de 400g,"2,09 €","8,36 €/Kg"
"Chocolate m&m s, amendoim",M&m' s,Embalagem de 45 g,"11,98 €/Kg","11,98 €/Kg"
Alface Programa Origens,PorSi,Embalagem de 150 g,"2,39 €","7,97 €/Kg"
Bola insuflável patrulha pata 50 cm,Mondo,1 un.,"2,99 €","2,99 €/Unidade"
Água s/ gás,Luso,"Garrafa de 0,75 l","1,04 €","0,17 €/L"
Bolachas chiquilin,Artiach,Embalagem de 180g,"1,69 €","6,76 €/Kg"
Cerveja com álcool,Sagres,Garrafa de 1 l,"1,99 €/L","1,99 €/L"
"Líquido refrigerante, verde 10%",PorSi,Embalagem de 5 l,"3,99 €","0,80 €/L"
Café mistura peninsular,Delta,Embalagem de 250g,"11,25 €/Kg","11,25 €/Kg"
Frango do Campo Inteiro c/ Miúdos Programa Origens,PorSi Select,Vendido ao peso,"1,05 €","2,99 €/Kg"
Compal da horta concentrado tomate,Compal,Embalagem de 140g,"3,84 €","24,00 €/Kg"
Gel de Banho Shea Butter & Vanilla,Dove,Embalagem de 750 ml,"6,49 €","8,65 €/L"
Fruta para bebé maçã banana morango +8 meses,Nestle,Embalagem de 90g,"0,74 €","8,22 €/Kg"
Desinfetante Multiusos,Sanytol,Embalagem de 750 ml,"4,89 €","6,52 €/L"
Rolo tira pelos 12 folhas,PorSi,1 unidade,"1,09 €","1,09 €/Unidade"
"Chá de mel, limão e ginseng",Tetley,Embalagem de 20g,"44,50 €/Kg","44,50 €/Kg"
Vinho maduro tinto,Alto de Pias,Garrafa de 5 l,"5,19 €","1,04 €/L"
Leite com chocolate original,Ucal,Embalagem de 6 x 250 ml,"0,26 €","1,30 €/L"
Spray bolor e sujidade,Cillitbang,Garrafa de 500 ml,"5,99 €","11,98 €/L"
Crepe chocolate,PorSi,Embalagem de 540g,"2,57 €","7,79 €/Kg"
Sumo natural de uva preta bio,Cemporcent,Garrafa de 200 ml,"1,32 €","2,06 €/L"
Mistura solúvel c/ 20% café granulado,PorSi,Embalagem de 200g,"11,25 €/Kg","11,25 €/Kg"
Sidra maçã,Somersby,pack 4 x 0.33 l,"1,59 €","3,18 €/L"
"Inseticida, recarga, elétrico, pack 2",Raid,1 embalagem com 2x27ml,"6,39 €","6,39 €/Unidade"
Vinho branco,PorSi,Bag-in-box de 5 litros,"0,85 €/L","0,85 €/L"
Queijo creme eru kids,Eru,Embalagem de 100 g,"1,75 €","17,50 €/Kg"
Entrecosto,Porco,Vendido ao peso a partir de 1 kg,"4,89 €","4,89 €/Kg"
Chocolate Extra Dark,After Eight,Embalagem de 400 g,"1,59 €","31,80 €/Kg"
Hambúrgueres de peru,PorSi,Embalagem de 4x80g,"9,50 €/Kg","9,50 €/Kg"
Macarron Chocolate,Dulcesol,Embalagem de 80G,"2,82 €","9,40 €/Kg"
Sopa Creme de Marisco,PorSi,Embalagem de 80 g,"0,84 €","13,55 €/Kg"
Rum limon,Bacardi,Garrafa de 700 ml,"17,49 €","24,99 €/L"
Vinho branco regional península de setúbal,Lancers,Garrafa de 750 ml,"3,99 €","5,32 €/L"
Manga Avião,Fruta do Dia,1 un=500 gr (aprox.),"2,29 €/Kg","2,29 €/Kg"
Salsichas Frankfurt em lata,Izidoro,Embalagem de 250g,"0,75 €","3,75 €/Kg"
"Alimento seco para gato junior, galinha",Whiskas,Embalagem de 350g,"12,99 €","4,33 €/Kg"
Doce de tomate com frutose,Salutem,Embalagem de 340g,"3,99 €","7,98 €/Kg"
Barritas para periquitos,Sandimas,Embalagem de 90 g,"2,49 €","16,60 €/Kg"
Fita Adesiva Brico Facil Especial Dupla Face,Ceys,1 unidade,"1,69 €","1,69 €/Unidade"
Coleira repelente para gatos,Repul' 7,Embalagem de 1 unidades,"8,75 €","8,75 €/Unidade"
Bolacha vida equilíbrio aveia e canela,Cemporcent,Embalagem de 140g,"1,45 €","11,15 €/Kg"
"Bebida açucarada  tinto de verão, clássico",Sandevid,"Garrafa de 1,5 l","2,39 €","1,59 €/L"
Queijo creme real,Eru,Embalagem de 100 g,"1,75 €","17,50 €/Kg"
Bolacha digestive s/ gluten,Gullon,Embalagem de 150g,"2,69 €","17,93 €/Kg"
Esparguete integral com aveia,Milaneza,Embalagem de 500g,"0,99 €","1,98 €/Kg"
"Refresco em pó, tropical",Tang,Embalagem de 30g,"0,75 €","18,75 €/Kg"
Bambolitos brancos,PorSi,Embalagem de 150g,"0,79 €","5,27 €/Kg"
Pipetas repelente para cão,Repul' 7,Embalagem de 1 unidades,"14,99 €","14,99 €/Unidade"
Rebuçados de mentol,Sweet flav,Embalagem de 250 g,"0,77 €","3,85 €/Kg"
Néctar tutti-fruti,Compal,Pack 3 x 200 ml,"0,99 €","0,99 €/L"
Leite uht magro,Mimosa,Embalagem de 1 litro,"0,83 €","0,83 €/L"
Vinho maduro branco,Alorna,Garrafa de 0.75 l,"1,59 €","2,12 €/L"
Casal garcia sweet 750ml/1,Casal Garcia,Garrafa de 750 ml,"1,99 €","2,65 €/L"
Gelatina pronta a comer light 10 kcal ananás,Royal,Embalagem de 4 x 100 g,"0,85 €","2,13 €/Kg"
Bife de atum,PorSi,Embalagem de 400 g,"4,39 €","10,98 €/Kg"
Alimento lácteo sem açucar com sabor a pêssego/banan...,Yogolino,Embalagem de 4 x 100 gr,"2,89 €","7,23 €/Kg"
"Espuma cabelo, hidra caracóis",Fru style,Embalagem de 200 ml,"3,99 €","53,20 €/L"
Tampão proteção de confiança,O.B.,1 Embalagem c/32 unidades,"3,99 €","3,99 €/Unidade"
Iogurte líquido morango/banana,PorSi,Embalagem de 4 x 160 g,"1,31 €","2,05 €/Kg"
Gorro Pai Natal Adulto,Anilar,1 unidade,"0,69 €","0,69 €/Unidade"
Napolitas creme baunilha,PorSi,Embalagem de 320g,"2,05 €","5,13 €/Kg"
Caldo de galinha 16 cubos,Knorr,Embalagem de 160g,"3,84 €","24,00 €/Kg"
Pastilhas melão e melancia,Trident,Embalagem de 20g,"0,99 €","61,88 €/Kg"
Queijo curado babybel protein rede 5x20g,Babybel,Embalagem de 100g,"0,82 €","23,43 €/Kg"
Jogo Joker Kids,Clementoni,1 un.,"9,99 €/Unidade","9,99 €/Unidade"
"Gel depilatório, peles sensiveis",Labell,Embalagem de 200 ml,"2,99 €","14,95 €/L"
Polpa de maracuja,PorSi,Embalagem de 565g,"1,99 €","2,37 €/Kg"
"Aperitivos, amendoins no forno",Matutano,Embalagem de 200g,"0,79 €","7,90 €/Kg"
Spray desinfetante cozinha,Lysol,Embalagem de 500 ml,"1,79 €","2,39 €/L"
Gel Banho Apollo,Axe,Embalagem de 400 ml,"5,99 €","14,98 €/L"
Pensos Higiênicos com Abas Super,Ausonia,embalagem com 12 un.,"4,99 €","4,99 €/Unidade"
Vinho verde branco,Aveleda,Garrafa de 750 ml,"1,99 €","2,65 €/L"
Refrigerante sem gás de manga/laran,Joi,"Garrafa de 1,5 l","1,14 €","0,76 €/L"
Nectar vital equilibrio ananás/coco,Compal,Embalagem de 1 l,"0,99 €","0,99 €/L"
Gelatina frutos tropicais  10kcal,Royal,Embalagem de 30g,"0,55 €","61,11 €/Kg"
Carne p/ Estufar,Novilho,Vendido ao peso a partir de 800 g,"6,39 €","7,99 €/Kg"
Bolacha de chocolate,Snapy,Embalagem de 250g,"2,11 €/Kg","2,11 €/Kg"
Nestum aveia e maçã,Nestum,Embalagem de 250g,"2,49 €","9,96 €/Kg"
Bagas de goji,Salutem,Embalagem de 100g,"2,29 €","11,45 €/Kg"
Disco giratório cardio,Innovagoods,1 unidade,"3,99 €","3,99 €/Unidade"
Azeite Virgem,Oliveira da Serra,Embalagem de 750 ml,"3,29 €","4,39 €/L"
Bebida de Soja Natural,PorSi Viva Bem,Pack: 3 x 200 ml,"2,04 €","2,04 €/L"
Gelatina de coco origem vegetal,Koala,Embalagem de 130g,"0,85 €","2,13 €/Kg"
Nestum zero espelta/aveia,Nestum,Embalagem de 250 g,"4,99 €","4,99 €/Kg"
Fraldas de Incontinência Elásticos Grandes,Lindor,20 Unidades,"9,99 €","9,99 €/Unidade"
Paprika,PorSi,Saqueta com 50 g,"0,25 €","0,25 €/Kg"
Pasta dentífrica branco intenso,Aquafresh,Embalagem de 75 ml,"2,39 €","31,87 €/L"
Kit escovas de dentes,Tigex,1 conjunto,"2,29 €","2,29 €/Unidade"
Nestum flocos de cereais integrais,Nestum,Embalagem de 250g,"2,49 €","9,96 €/Kg"
"Shampoo, laranja",PorSi,Embalagem de 1 l,"3,99 €","0,80 €/L"
Fígado,Porco,Vendido ao peso a partir de 1 kg,"0,60 €","5,99 €/Kg"
Tentáculo de Pota,PorSi,1 un = 1 Kg (aprox.),"6,99 €","6,99 €/Kg"
Bolachas crackers c/ sal,Du bois,Embalagem de 500g,"0,39 €","3,12 €/Kg"
Nata uht,Mimosa,embalagem de 200 ml,"0,75 €","3,75 €/L"
Milho partido,Rac.zezere,Embalagem de 5 kg,"2,49 €","16,60 €/Kg"
Sidra maçãs ácidas,Bandida do Pomar,lata de 0.5 l,"1,59 €","3,18 €/L"
Crepe maçã e canela,PorSi,Embalagem de 540 g,"2,57 €","7,79 €/Kg"
Bolachas de aveia e trigo integral,PorSi Viva Bem,Embalagem de 240g,"2,82 €","9,40 €/Kg"
Cesto multiusos com gancho,PorSi,1 unidade,"2,50 €","2,50 €/Unidade"
Amaciador concentrado para roupa floral,PorSi,80 doses,"1,99 €","1,00 €/L"
Lambrusco tinto,*,Garrafa de 750 ml,"1,99 €","2,65 €/L"
Escova de Dentes Flex Interdental,Aquafresh,2 + 1 unidades,"3,49 €","3,49 €/Unidade"
Esoumante prosecco branco,Gancia,Garrafa de 750 ml,"9,69 €","12,92 €/L"
Drageias de chocolate,MALTESERS,Embalagem de 300 g,"11,98 €/Kg","11,98 €/Kg"
10 nuggets de frango,Capitão Iglo,Embalagem de 210g,"9,50 €/Kg","9,50 €/Kg"
Bacalhau em lombos,PorSi,Embalagem de 800g,"6,39 €","7,99 €/Kg"
Ambientador elétrico + recarga alfazema,PorSi,1 unidade,"3,74 €","3,74 €/Unidade"
Biscoito para Cão Mini Sticks,Purina One,Embalagem de 90 g,"1,09 €","6,06 €/Kg"
Pão forma familiar normal,Bimbo,embalagem de 700 g,"0,99 €","1,65 €/Kg"
"Bolacha belvita soft brakes, frutos vermelhos",Belvita,Embalagem de 250g,"0,98 €","3,27 €/Kg"
Pensos térmicos alívio da dor muscular 13x10cm,PorSi,Embalagem de 2 unidades,"1,69 €","1,69 €/Unidade"
Aperfeiçoador BB Cream Oil Free Médio,Garnier,Embalagem de 40 ml,"2,99 €","59,80 €/L"
"Absorvedores de odores, relax zen",Brise,Embalagem de 2x150g,"16,63 €/L","16,63 €/L"
Resguardo para mesa,PorSi,Dim.: 140 x 300 cm,"3,59 €","3,59 €/Unidade"
Leite uht magro,PorSi,Embalagem de 1 litro,"0,83 €","0,83 €/L"
Salsa folhas,PorSi,Saqueta de 12 g,"0,25 €","0,25 €/Kg"
Cappuccino intenso,Nescafe,Embalagem de 130g,"3,19 €","25,52 €/Kg"
Vinho do porto lágrima branco,R.pinto,Garrafa de 750 ml,"6,65 €/L","6,65 €/L"
"Gel para o cabelo, wet shine",Fru style,Embalagem de 200 ml,"3,99 €","53,20 €/L"
Whisky,J&B,Garrafa de 700 ml,"23,49 €","23,49 €/L"
Preparado de bolo de mármore,PorSi,528 g,"1,69 €","8,45 €/L"
Achocolatado zero% açúcares,Nesquik,Embalagem de 345g,"5,39 €","7,19 €/Kg"
Arroz integral salutem,Salutem,Embalagem de 1 kg,"1,94 €","3,88 €/Kg"
Pasta de atum,Fides,Embalagem de 90g,"1,19 €","13,52 €/Kg"
Gelatina morango 10kcal,Royal,Embalagem de 30g,"0,55 €","61,11 €/Kg"
Amaciador G. Maravilhosa,Ultra Suave,Embalagem de 400 ml,"1,00 €","5,00 €/L"
Recarga inseticida elétrico líquido,Raid,45 noites,"6,39 €","6,39 €/Unidade"
Iogurte Pedaços Ananás 0% Matéria Gorda/Açúcares,Danone,4 x 120 g,"1,44 €","2,88 €/Kg"
"Amaciador de roupa, pure",Comfort,Garrafa de 4 l,"8,99 €","2,25 €/L"
Snack para gato anti-hairball,Whiskas,Embalagem de 60g,"0,99 €","16,50 €/Kg"
Café moagem universal timor,Delta,Embalagem de 220g,"9,76 €/Kg","9,76 €/Kg"
"Gel banho, nutritivo",Lactovit,Embalagem de 650 ml,"6,49 €","12,98 €/L"
Pescoço,Borrego,1 un = 500 gr (aprox.),"17,97 €","11,98 €/Kg"
Gomas favoritos classic,Haribo,Embalagem de 90g,"1,19 €","3,97 €/Kg"
Sidra maçã,Somersby,"Pack 15x0,20 L","1,59 €","3,18 €/L"
Queijo flamengo em fatias,Terra Nostra,Embalagem de 200g,"1,96 €","9,80 €/Kg"
Penso Higiénico Ultrafinos Normal Abas,PorSi,16 unidades,"4,99 €","4,99 €/Unidade"
Sal de mesa,PorSi,Embalagem de 250 g,"0,25 €","0,25 €/Kg"
Filete de anchovas estendidas,General,Embalagem de 40g,"0,89 €","7,42 €/Kg"
Mini tostas integrais,PorSi,Embalagem de 180g,"2,39 €","6,83 €/Kg"
16 mini croquetes de carne,PorSi,Embalagem de 290 g,"1,79 €","7,16 €/Kg"
Snack dentastix médio,Pedigree,Embalagem de 720 g,"1,09 €","6,06 €/Kg"
Arroz brajma,Cigala,Embalagem de 1 kg,"1,26 €","1,26 €/Kg"
Napolitanas creme cacau,PorSi,Embalagem de 320g,"2,05 €","5,13 €/Kg"
Cereais argolas de mel,PorSi,Embalagem de 375 g,"5,07 €/Kg","5,07 €/Kg"
Iogurte tipo grego stracciatella,PorSi,Embalagem de 500g,"1,49 €","2,98 €/Kg"
Lixívia tradicional,PorSi,Embalagem de 1 l,"1,74 €","0,35 €/L"
Iogurte yoco squeezy de morango,Nestle,Embalagem de 4 x 80 g,"4,23 €/Kg","4,23 €/Kg"
Whisky Malt c/ Tubo,Glen Crinan,Garrafa de 0.70 l,"23,49 €","23,49 €/L"
Vinho do Porto Branco,Velhotes,"Garrafa de 0,75 l","6,65 €/L","6,65 €/L"
Feijão branco,Compal,Lata de 410 ml,"2,19 €","2,81 €/Kg"
"Vinho DOC Bairrada, Branco",Selecção de Enófilos,Garrafa de 0.75 l,"2,65 €/L","2,65 €/L"
Cereais chocapic,Nestle,Embalagem de 630g,"5,07 €/Kg","5,07 €/Kg"
Sumo 100% maçã,PorSi,"Embalagem de 1,5 l","1,09 €","0,73 €/L"
Iogurte aroma 0% tutti fruti/coco,Longa vida,Embalagem de 6 x 120 g,"1,09 €","1,45 €/Kg"
Puzzle Super Hero,Clementoni,2 x 20 peças,"9,99 €/Unidade","9,99 €/Unidade"
20 saquetas chá digestão fácil,Lipton,Embalagem de 30g,"85,00 €/Kg","85,00 €/Kg"
Pastilha Elástica Bottle Spearmint,Trident,Embalagem de 82 g,"0,99 €","61,88 €/Kg"
Recarga mopa,PorSi,1 unidade,"2,20 €","2,20 €/Unidade"
"Agrafos nº24/6, 2000 unidades",Maped,Uma embalagem,"2,49 €","2,49 €/Unidade"
Papel Higiénico Puríssimo 3 Folhas,Renova,Embalagem c/ 12 rolos,"1,99 €","1,99 €/Unidade"
Iogurte activia natural,Danone,Embalagem de 4 x 120 g,"2,79 €","6,07 €/Kg"
Doce de morango 60% fruta,Cemporcent,Embalagem de 280g,"3,99 €","7,98 €/Kg"
Xarope grenadine,Paquito,Garrafa de 750 ml,"3,69 €","4,92 €/L"
Creme p/ Calçado Preto,Búfalo,Embalagem de 40 ml,"0,99 €","19,80 €/L"
Gin London Dry,Gordons,Garrafa de 1 l,"16,49 €","23,56 €/L"
Gelatina morango 8 kcal,PorSi,Embalagem de 4 x 100 g,"0,85 €","2,13 €/Kg"
Néctar de 8 frutos,Bongo,Garrafa de 1 l,"0,99 €","0,99 €/L"
Iogurte Pedaços Pêssego,PorSi,Embalagem de 2x135 g,"1,99 €","2,07 €/Kg"
Costeleta mista,Porco,1 un = 150 gr (aprox.),"4,89 €","4,89 €/Kg"
Rum carta blanca,Bacardi,Garrafa de 700 ml,"17,49 €","24,99 €/L"
Proti soja naco,Salutem,Embalagem de 400g,"2,09 €","8,36 €/Kg"
Medalhões de pescada,PorSi,Embalagem de 400 g,"4,39 €","10,98 €/Kg"
Ovos galinha solo m,PorSi,6 ovos,"1,39 €","1,39 €/Unidade"
Longa vida morango tu banana coco 8x120,Longa vida,Embalagem de 960g,"1,99 €","2,07 €/Kg"
"Pasta de arquivo, lombada estreita, vermelha",Domédia,1 unidade,"2,49 €","2,49 €/Unidade"
Toalhitas limpa moveis,PorSi,Embalagem de 24 unidades,"4,39 €","14,63 €/L"
Cereais Corn Flakes Zero,Nacional,Embalagem de 375 g,"1,49 €","2,98 €/Kg"
Salsicha Fresca,Porco,1 un = 100 gr (aprox.),"0,65 €","6,49 €/Kg"
Ração seca para gato adulto de peixe,PorSi,Embalagem 2 kg,"12,99 €","4,33 €/Kg"
Queijo de Cabra Curado Rústico,Palhais,Vendido ao peso a partir de 250 gr,"5,99 €","23,96 €/Kg"
Vermute rosso,Martini,Garrafa de 1 l,"11,99 €","11,99 €/L"
Batata frita gourmet,PorSi,Embalagem de 150g,"1,06 €","5,73 €/Kg"
Perolas perfumadas floral,PorSi,Embalagem de 275 g,"31,99 €","31,99 €/Unidade"
Pão de forma integral,Bimbo,Embalagem de 480 g,"0,99 €","1,65 €/Kg"
"Limpa vidros pistola, tripla acção",Ajax,Embalagem de 500 ml,"3,19 €","6,38 €/L"
Açúcar amarelo,PorSi,Embalagem de 1 kg,"1,49 €","1,49 €/Kg"
Néctar vital equilíbrio frutos vermelhos,Compal,Garrafa de 200 ml,"0,99 €","0,99 €/L"
Nestum bolacha maria,Nestum,Embalagem de 250g,"2,49 €","9,96 €/Kg"
Whisky gold heritage,Label 5,"Garrafa de 0,70 l","23,49 €","23,49 €/L"
Óleo de coco extra virgem,Koala,Garrafa de 180 ml,"3,39 €","3,39 €/L"
1ª papa láctea multifrutos sem glúten +4 meses,Cerelac,Embalagem de 250g,"4,99 €","4,99 €/Kg"
Vinho doc palmela branco,Selecção de Enófilos,Garrafa de 0.75 l,"3,99 €","5,32 €/L"
Iogurte líquido tutti-frutti,Danone,Embalagem de 4 x 155 g,"1,31 €","2,05 €/Kg"
Vela em número nº5,PorSi,1 unidade,"0,60 €","0,60 €/Unidade"
Tentáculos pota,PorSi,Embalagem de 800G,"5,49 €","6,86 €/Kg"
"Rebuçados sem açúcar, mentho-lyus",Halls,Embalagem de 128 g,"0,77 €","3,85 €/Kg"
Chupa original,Chupachups,Embalagem de 120g,"3,40 €","28,33 €/Kg"
Creme de fixação para dentaduras,Labell,Embalagem de 50 g,"7,39 €","105,57 €/Kg"
Óleo Cedro Líquido,PorSi,Embalagem de 200 ml,"4,39 €","14,63 €/L"
Iogurte Bifidus Activia Chia Amêndoa 0%,Danone,Embalagem 4x120g,"2,79 €","6,07 €/Kg"
Farinha sem fermento t65,PorSi,Embalagem de 5 kg,"1,99 €","1,99 €/Kg"
Vinho regional península de setúbal,Dom Campos,Garrafa de 0.75 l,"3,99 €","5,32 €/L"
Milho doce,Bonduelle,Embalagem de 150 g,"2,19 €","2,81 €/Kg"
Nestum flocos de cereais com mel,Nestum,Embalagem de 300g,"2,49 €","9,96 €/Kg"
Requeijão de ovelha,PorSi,Embalagem de 250g,"1,09 €","5,45 €/Kg"
Iogurte líquido yoggi banana,Nestle,Embalagem de 4 x 160 g,"1,31 €","2,05 €/Kg"
"Alimento seco para cão, croquetes pro adulto",PorSi Select,Embalagem de 4 Kg,"1,15 €/Kg","1,15 €/Kg"
Infusão principe,Cemporcent,Embalagem de 10 unidades,"0,79 €","60,77 €/Kg"
Iogurtes Corpos Danone Pedaços de Pêssego e Maracujá,Danone,Embalagem de 4 x 115 g,"1,44 €","2,88 €/Kg"
"Alimento húmido para cão, galinha e cordeiro",Pedigree,Embalagem de 400g,"0,75 €","2,50 €/Kg"
Óleo aloé vera,Johnson's Baby,Embalagem de 300 ml,"4,99 €","16,63 €/L"
Lambrusco rose,*,Garrafa de 750 ml,"2,09 €","2,79 €/L"
"Paté de sarinha, atum e marisco",Fides,Embalagem de 90g,"1,19 €","13,52 €/Kg"
Churritos,PorSi,Embalagem de 240g,"2,05 €","5,13 €/Kg"
Bolacha wafer baunilha,PorSi,Embalagem de 180g,"0,98 €","4,67 €/Kg"
Vinho branco,PorSi,embalagem de  3X187 ml,"0,85 €/L","0,85 €/L"
6 empadas de galinha,PorSi,Embalagem de 330g,"1,79 €","7,16 €/Kg"
Limpa carpetes,PorSi,Embalagem de 1 litro,"2,49 €","2,49 €/L"
Comida húmida para gato seleção de peixes,Gourmet mp,Embalagem de 300g,"3,49 €","10,26 €/Kg"
Água mineral natural alcalina,MONCHIQUE,"6x1,5l","1,04 €","0,17 €/L"
Creme culinário de soja,Valsoia,Embalagem de 200g,"2,89 €","2,89 €/Kg"
Tofu biológico,PorSi Bio,Embalagem de 300g,"3,65 €","7,30 €/Kg"
Feijão manteiga,PorSi,Embalagem de 500g,"0,95 €","1,90 €/Kg"
Queijo Curado Meio Gordo,Fonte Mourisca,Vendido ao peso a partir de 250 gr,"2,42 €","9,69 €/Kg"
Iogurte natural açucarado em frasco de vidro,PorSi,Embalagem de 2 x 125 g,"1,48 €","3,08 €/Kg"
"Gel para o cabelo, pasta remix",Studio Line,Embalagem de 150 ml,"3,99 €","53,20 €/L"
Coca-cola light,Coca-Cola,Garrafa de 1 l,"0,40 €/L","0,40 €/L"
Bolachas dinossauros dinoovos,Artiach,Embalagem de 140g,"1,89 €","15,75 €/Kg"
Creme vegetal sabor manteiga,PorSi,Embalagem de 500 g,"1,59 €","6,36 €/Kg"
Farinha rainha c/ fermento,Nacional,Embalagem de 1000 g,"1,99 €","1,99 €/Kg"
Granola aveia fitness mel,Nestle,Embalagem de 300g,"3,79 €","29,38 €/Kg"
Infusão cidreira,PorSi,Embalagem de 40g,"0,79 €","60,77 €/Kg"
Ananás em rodelas,PorSi,Embalagem de 565 g,"1,99 €","2,37 €/Kg"
Fraldas agility T5 de 13 a 18 kg,PorSi,44 unidades,"6,49 €","6,49 €/Unidade"
Mini Tostas de Trigo,PorSi,Embalagem de 350 g,"2,39 €","6,83 €/Kg"
Bebida energética,Red Bull,Garrafa de 360 ml,"1,39 €","5,56 €/L"
Gin premium hendricks 0.70l,Hendricks,Garrafa de 700 ml,"16,49 €","23,56 €/L"
Sombrinhas de Natal,Regina,Embalagem de 35 g,"2,29 €","17,62 €/Kg"
Espremedor super,Fapil,1 unidade,"2,50 €","2,50 €/Unidade"
Lixivia perfumada,PorSi,Garrafa de 2 l,"1,74 €","0,35 €/L"
Pepitas chocolate com leite,Vahine,Embalagem de 100g,"1,29 €","3,23 €/Kg"
Ração seca para cão croquetes pro júnior,PorSi Select,Embalagem de 3 Kg,"1,15 €/Kg","1,15 €/Kg"
Ração para gato indoor,Purina One,Embalagem de 800g,"12,99 €","4,33 €/Kg"
Massa pevide,Nacional,Embalagem de 250g,"0,99 €","1,98 €/Kg"
Bombons Caja Roja,Nestlé,Embalagem 400 g,"1,59 €","31,80 €/Kg"
Ambientador recarga lavanda,Air Wick,Garrafa de 250 ml,"1,79 €","1,79 €/Unidade"
Bolachas vitalday recheio iogurte c/ frutos vermelho...,Gullon,Embalagem de 220g,"1,45 €","11,15 €/Kg"
Infusão de camomila,PorSi,Embalagem de 33.7 g,"0,79 €","60,77 €/Kg"
Vinho tinto regional tejo reserva,Alorna,Garrafa de 0.75 l,"4,99 €","6,65 €/L"
Fósforos compridos para lareira,Quinas,1 unidade,"1,50 €","1,50 €/Unidade"
Sobremesa tiramisú,Páturages,Embalagem de 4 x 80 g,"0,55 €","2,75 €/Kg"
Óleo 15w40,PorSi,Embalagem de 5 l,"14,99 €","14,99 €/L"
Insuflável lounge candy,Bestway,1 unidade,"2,99 €","2,99 €/Unidade"
Bolacha maria doces,Vieira,Embalagem de 300g,"2,11 €/Kg","2,11 €/Kg"
Queijo de cabra curado,Seia,Embalagem de 430g,"5,99 €","23,96 €/Kg"
Queijo grana padano D.O.P 16 meses de cura,PorSi Select,Embalagem de 180 g,"2,87 €","15,94 €/Kg"
Geleia de morango,Casa de Mateus,Embalagem de 345 g,"3,29 €","9,54 €/Kg"
Cuecas Incontinência Homem Active Fit M,Tena,9 unidades,"9,99 €","9,99 €/Unidade"
Refrigerante sem gás laranja,Trina,"Garrafa de 1,5 l","1,14 €","0,76 €/L"
Papel de alumínio,PorSi,50 metros,"1,11 €","1,11 €/Unidade"
Queijo camembert 45% mg,Páturages,Embalagem de 250 g,"2,60 €","13,00 €/Kg"
Bolachas chips ahoy,Ca!,Embalagem de 130g,"0,90 €","6,00 €/Kg"
Pastilha Elástica Bottle Morango,Trident,Embalagem de 82 g,"0,99 €","61,88 €/Kg"
Cafe soluvel c/c 200g,Delta,Embalagem de 200g,"1,59 €","79,50 €/Kg"
Régua 20 cm,Mab,1 un.,"2,49 €","2,49 €/Unidade"
Esferográfica Preta Média,Mab,Embalagem com 4 un.,"3,29 €","3,29 €/Unidade"
2 toalhas de bidé,PorSi,30 x 50 cm,"17,99 €","17,99 €/Unidade"
Fiambre da Pá,PorSi,1 un = 150 gr (aprox.),"0,97 €","6,49 €/Kg"
Leite condensado magro,PorSi,Embalagem de 390 g,"1,09 €","2,75 €/Kg"
8 hamburguers s/ glúten frango,Capitão Iglo,Embalagem de 480g,"11,44 €/Kg","11,44 €/Kg"
Creme barrar nutela 350g,Nutella,Embalagem de 350G,"4,39 €","12,91 €/Kg"
Queijo Flamengo em Barra,Terra Nostra,1 un = 150 gr (aprox.),"1,96 €","9,80 €/Kg"
"Refrigerante sem gás, laranja",Joi,"Garrafa de 1,5 l","1,14 €","0,76 €/L"
Senses Tropical,Trident,1 un.,"0,99 €","61,88 €/Kg"
Bolachas marítimas clássicas,PorSi Viva Bem,Embalagem de 200g,"1,45 €","11,15 €/Kg"
Iogurte tipo grego natural,PorSi,Embalagem de 12 x 125 g,"1,48 €","3,08 €/Kg"
Fralda cueca T5 - 12 a 18 kg,PorSi,20 unidades,"8,49 €","8,49 €/Unidade"
Filetes de cavala em azeite,PorSi,Embalagem de 120 g,"0,89 €","7,42 €/Kg"
Maionese,PorSi,Embalagem de 260 g,"0,87 €","2,90 €/Kg"
Néctar de laranja e cenoura light,PorSi,Embalagem de 1 litro,"0,84 €","2,55 €/L"
"Pasta dentífrica, tripla ação",Labell,Embalagem de 75 ml,"2,39 €","31,87 €/L"
Toalha em rolo papel amarelo,PorSi,1 Unidade,"3,59 €","3,59 €/Unidade"
Prepar arroz marisco sem gluten cv 0.8kg,Brasmar,Embalagem de 800g,"2,19 €","8,59 €/Kg"
"Forma papel para bolos, 10. 5cm",PorSi,Embalagem com 60 unidades,"0,99 €","0,99 €/Unidade"
Pizza ristorante s/ gluten mozzarela,Dr. Oetker,Embalagem de 370g,"2,32 €","6,27 €/Kg"
Camarão vannamei 24/40,Pescanova,Embalagem de 800g,"8,99 €","25,69 €/Kg"
Creme abrasivo original,Cif,Garrafa de 700 ml,"0,99 €","1,32 €/L"
Whisky 12 anos,Grant's,Garrafa de 0.70 l,"90,99 €","129,99 €/L"
Leite de pastagem meio-gordo,Terra Nostra,Embalagem de 1 litro,"0,83 €","0,83 €/L"
Saqueta puré de fruta e bolacha,PorSi,Embalagem de 90g,"0,74 €","8,22 €/Kg"
Queijo sandwich 10 fatias,A Vaca Que Ri,Embalagem de 200G,"1,96 €","9,80 €/Kg"
Manteiga de amendoim cremosa,Prozis,Embalagem de 500g,"4,39 €","12,91 €/Kg"
Leite Bem Essencial cereais,Mimosa,Embalagem de 4 x 200 ml,"1,99 €","2,49 €/L"
Palmiers,PorSi,Embalagem de 720 g,"0,69 €","3,45 €/Kg"
Batata frita forno camponesas,Lay's,Embalagem de 130g,"1,19 €","6,43 €/Kg"
Cerveja super bock,Super Bock,Pack 6 x 200 ml,"1,99 €/L","1,99 €/L"
Whisky Blended,Label 5,Garrafa de 1L,"23,49 €","23,49 €/L"
Salsa folhas,PorSi,Embalagem de 10g,"0,25 €","0,25 €/Kg"
Pensos com Abas de Noite,Ausonia,embalagem com 9 un.,"4,99 €","4,99 €/Unidade"
Whisky,Grants,Garrafa de 1 l,"23,49 €","23,49 €/L"
Pimento Vermelho,Legumes do Dia,1 un=250 gr (aprox.),"0,75 €","2,99 €/Kg"
Sopa de tomate,Knorr,Embalagem de 90g,"0,84 €","13,55 €/Kg"
"Máquina depiladora descartável, Blue II Feminina",Gillette,Embalagem de 5+1 unidades,"12,99 €","12,99 €/Unidade"
Régua 50 cm,Mab,1 un.,"2,49 €","2,49 €/Unidade"
Bolsa Porta Moedas Flower + Etnic,Ambar,1 unidade,"19,99 €","19,99 €/Unidade"
Café em cápsulas dolce gusto galão,Nescafe,Embalagem de 16 cápsulas,"54,36 €/Kg","54,36 €/Kg"
Sopa Canja de Galinha c/ Aletria,PorSi,Embalagem de 75 g,"0,84 €","13,55 €/Kg"
Ambientador Difusão Automático Essential Mist Brisa ...,Air Wick,1 un.,"3,74 €","3,74 €/Unidade"
Óleo Gasolina 20w40,PorSi,Embalagem de 5 l,"14,99 €","14,99 €/L"
Café lote bocage moagem única,Nicola,Embalagem de 250g,"9,16 €/Kg","9,16 €/Kg"
Papel higiénico branco 2 folhas,PorSi,48 rolos,"1,99 €","1,99 €/Unidade"
Tablete de chocolate culinário 70% negro,PorSi,Embalagem de 200 g,"0,99 €","4,95 €/Kg"
Faca Pão 20 cm Inox,PorSi,1 unidade,"9,99 €","9,99 €/Unidade"
Abafado Tinto,Vice Rei,Garrafa de 1L,"19,99 €","28,56 €/L"
Água mineral sem gás,Vitalis,Pack 6 x 1.5 l,"1,04 €","0,17 €/L"
Oreo flavors cookies birthday party rollpack 154 gr,Oreo,Embalagem de 150g,"0,79 €","4,49 €/Kg"
Uva Branca,Fruta do Dia,1 un = 250 gr  (aprox.),"0,72 €","2,89 €/Kg"
"Presunto Metades, 6 meses de cura",PorSi,"Vendido ao peso, fatiado a partir de 100 gr","2,79 €","13,95 €/Kg"
Gelado cornetto mini clássico,Olá,Embalagem de 8 x 60 ml,"5,99 €","16,64 €/L"
Bolo Rei,PorSi,750 g,"6,65 €/Kg","6,65 €/Kg"
Bolachas mini,Oreo,Embalagem de 160g,"0,79 €","4,49 €/Kg"
Café descafeinado,PorSi,Embalagem de 250g,"1,59 €","6,36 €/Kg"
Ice tea de manga,PorSi,"Embalagem de 6x0,20 l","1,14 €","0,76 €/L"
Lava tudo antibacteriano floral,PorSi,"Garrafa de 1,5 l","0,99 €","0,50 €/L"
Peluche Unicórnio Interativo,Baby Clementoni,unidade,"27,99 €/Unidade","27,99 €/Unidade"
Bolachas Maria sem Açúcar,Vieira de Castro,Embalagem de 300 g,"2,11 €/Kg","2,11 €/Kg"
Tablete chocolate de leite,PorSi,embalagem de 100 g,"5,30 €/Kg","5,30 €/Kg"
Pack 5 veículos sortidos,Hot Wheels,1 embalagem,"9,99 €/Unidade","9,99 €/Unidade"
Leite com chocolate light,Ucal,Embalagem de 6 x 250 ml,"0,26 €","1,30 €/L"
Espumoso grand reale dessert,Gancia,Garrafa de 750 ml,"9,69 €","12,92 €/L"
Leite seleccionado meio gordo,Matinal,Garrafa de 1 l,"0,83 €","0,83 €/L"
Molho tomate com azeitonas,PorSi,Frasco de 420g,"0,87 €","2,90 €/Kg"
Alho picado,PorSi,Embalagem de 100 g,"3,29 €","4,39 €/Kg"
Inseticida Aerossol Casa&Plantas,Raid,1 Embalagem 600ml,"5,49 €","13,73 €/L"
Descafeinado,Buondi,10 cápsulas,"1,59 €","6,36 €/Kg"
Smooth Lâminas Para Máquina De Depilação,Venus,4 Unidades,"12,99 €","12,99 €/Unidade"
"Bolo com recheio de chocolate, multipack",Chipicao,Embalagem de 340g,"2,05 €","5,13 €/Kg"
Penso de incontinência normal,Ausonia Discreet,Embalagem de 12 un.,"1,95 €","1,95 €/Unidade"
Doce de morango com frutose,Salutem,Embalagem de 330g,"3,99 €","7,98 €/Kg"
Ervilhas bio,PorSi Bio,Frasco com 290 g,"3,65 €","7,30 €/Kg"
Snacks croc.amendoim,PorSi,Embalagem de 90g,"0,79 €","7,90 €/Kg"
Cola apanha ratos,Neolar,Embalagem de 200 ml,"5,09 €","8,48 €/L"
6 Preservativos Adapta Nature,Control,,"4,49 €","4,49 €/Unidade"
Sumo 100% laranja,Compal,1 litro,"1,09 €","0,73 €/L"
Whisky,Glen crina,Garrafa de 700 ml,"23,49 €","23,49 €/L"
Melaço de cana,Cemporcent,Embalagem de 370g,"3,99 €","7,98 €/Kg"
Néctar vital equilibrio manga/maracujá,Compal,Embalagem de 1 l,"0,84 €","2,55 €/L"
Empadão de carne,PorSi,Embalagem de 1 kg,"7,99 €/Kg","7,99 €/Kg"
Ambientador tealights canela,PorSi,embalagem com 18 unidades,"9,49 €","45,19 €/Kg"
Discos Sanitários Activos Aparelho Lavanda,WC Pato,Embalagem de 36 ml,"2,99 €","74,75 €/Kg"
Iglo Pop Up 2 Pessoas,Saurium,1 un.,"29,99 €","29,99 €/Unidade"
Resguardo para mesa,PorSi,Dim.: 140 x 200 cm,"3,59 €","3,59 €/Unidade"
Bebida de soja com cálcio,Alpro,Embalagem de 1 l,"2,04 €","2,04 €/L"
Spray power&shine multiusos c/ lixívia,Cif,Garrafa de 750 ml,"0,79 €","0,79 €/L"
Areia para gatos 100% natural,PorSi,Embalagem de 5 kg,"1,19 €","0,24 €/Kg"
Leite condensado,PorSi,Embalagem de 397 g,"1,09 €","2,75 €/Kg"
20 saquetas chá de frutos silvestres,Lipton,Embalagem de 30g,"44,50 €/Kg","44,50 €/Kg"
Toalha em rolo papel verde,PorSi,1 Unidade,"3,59 €","3,59 €/Unidade"
Actimel tutti-frutti,Danone,Embalagem de 6 x 100g,"4,15 €/Kg","4,15 €/Kg"
Rabos,Porco,1 un = 250 gr  (aprox.),"0,60 €","5,99 €/Kg"
Champô anti-caspa,Labell,Embalagem de 400 ml,"5,59 €","13,98 €/L"
Pudim de chocolate,PorSi,Embalagem de 110g,"0,59 €","29,50 €/Kg"
Yopro líquido manga,Danone,Embalagem de 300g,"1,31 €","2,05 €/Kg"
Filetes primavera limão,Iglo,Embalagem de 230g,"1,79 €","7,16 €/Kg"
Ração para gato bolas de pelo com frango,Friskies,"Embalagem de 1,5kg","12,99 €","4,33 €/Kg"
Lulas recheadas,Piteu,Embalagem de 120g,"0,89 €","7,42 €/Kg"
Farinha para pão integral,Nacional,Embalagem de 1 kg,"1,99 €","1,99 €/Kg"
Bolachas cracker sem sal,PorSi,Embalagem de 500g,"0,39 €","3,12 €/Kg"
20 saquetas chá de pêssego manga,Lipton,Embalagem de 40g,"44,50 €/Kg","44,50 €/Kg"
Cerveja com álcool,Sagres,pack 24 x 0.25 l,"1,99 €/L","1,99 €/L"
Soro fisiológico,PorSi,Embalagem de 100 ml,"0,59 €","5,90 €/L"
Inseticida ajustável eléctrico líquido anti melgas e...,Raid,60 noites,"6,39 €","6,39 €/Unidade"
Balões latex vermelho,PorSi,Embalagem com 24 unidades,"0,59 €","0,59 €/Unidade"
Dispensador com sacos higiénicos para animal,Canaillou,2 x 20 unidades,"1,19 €","0,24 €/Kg"
Puzzles Sereia / Lama,Olivo,60 peças,"9,99 €/Unidade","9,99 €/Unidade"
Noodle banzai carne,Cigala,Embalagem de 70g,"0,99 €","1,98 €/Kg"
Máquina Depilatória Descartável Miss Soleil Sensitiv...,Bic,1 + 2 Unidades Grátis,"5,49 €","5,49 €/Unidade"
Cama de rede,Saurium,Dim.: 180 x 80 cm,"6,99 €","6,99 €/Unidade"
Vinho regional tejo 3 castas branco,Fiuza,Garrafa de 750 ml,"4,99 €","6,65 €/L"
Ice tea de pêssego,PorSi,"Embalagem de 1,5 l","1,14 €","0,76 €/L"
O cacau puro,Cemporcent,Embalagem de 200g,"2,29 €","11,45 €/Kg"
"Coloração permanente, preto natural, nº3",Excellence,1 unidade,"9,49 €/Unidade","9,49 €/Unidade"
Atum posta em óleo vegetal,PorSi,Embalagem de 385g,"0,89 €","7,42 €/Kg"
Base de guarda sol em plástico 45 litros,Ideegarden,1 unidade,"18,99 €","18,99 €/Unidade"
Pensos de incontinência Maxi,Ausonia,Uma embalagem - 12Unidades,"1,95 €","1,95 €/Unidade"
Bolacha shortcake chocolate,Nacional,Embalagem de 180g,"1,69 €","6,76 €/Kg"
Pensos Higiénicos Cottonlike com Abas Normal Plus,Evax,28 unidades,"4,99 €","4,99 €/Unidade"
Vinagre balsâmico modena,Gallo,Garrafa de 250 ml,"0,35 €","0,70 €/L"
Cachaça,Pitu,Garrafa de 700 ml,"17,49 €","24,99 €/L"
Pudim caramelo,PorSi,Embalagem de 90g,"0,59 €","29,50 €/Kg"
Gel de Banho Silk,Dove,Embalagem de 750 ml,"6,49 €","12,98 €/L"
Snack para gato seaside,Felix,Embalagem de 60g,"0,99 €","16,50 €/Kg"
Slime Kit,Science4You,1 unidade,"9,99 €/Unidade","9,99 €/Unidade"
Leite evaporado,PorSi,Embalagem de 410g,"1,09 €","2,75 €/Kg"
Recarga Panos p/ Madeira,Swiffer,18 un.,"1,64 €","1,64 €/Unidade"
Refrigerante com gás free,Seven-up,"Garrafa de 1,25 l","0,40 €/L","0,40 €/L"
Sardinhas em óleo picante,Ramirez,Embalagem de 130g,"0,89 €","7,42 €/Kg"
Limpa vidros azul,PorSi,Embalagem de 1 l,"3,99 €","0,80 €/L"
"Creme depilatório para duche, peles sensiveis",Veet,Garrafa de 150 ml,"2,99 €","14,95 €/L"
Cerveja branca,Super Bock,pack 30 x 0.20 l,"1,99 €/L","1,99 €/L"
"Ice tea, pêssego",PorSi,"Embalagem de 6x0,20 l","1,14 €","0,76 €/L"
Vinho DOC Palmela Reserva Tinto,Selecção de Enófilos,Garrafa de 0.75 l,"3,99 €","5,32 €/L"
Chá noite super tranquila,PLANTANATU,Embalagem de 10 unidades,"1,19 €","1,19 €/Unidade"
Açafrão das Índias,PorSi,Embalagem de 50g,"0,25 €","0,25 €/Kg"
Cocktail mango,Bar Royal,Garrafa de 750 ml,"6,99 €","9,32 €/L"
Gelado cornetto morango,Olá,Embalagem de 6 x 90 ml,"5,99 €","16,64 €/L"
Gel de Banho Refreshing Revive,Dove,Embalagem de 750 ml,"6,49 €","12,98 €/L"
Pudim flan,El mandari,Embalagem de 10g,"0,59 €","29,50 €/Kg"
vinho do Porto Ruby,Velhotes,"garrafa de 0,75 l","5,99 €","7,99 €/L"
"Bombons de chocolate, praleine",Schogetten,Embalagem de 100g,"5,30 €/Kg","5,30 €/Kg"
Sobremesa láctea com chocolate e drageias de chocola...,Páturages,Embalagem de 4X120 g,"0,55 €","2,75 €/Kg"
Vinho bag-in-box tinto,C.alqueva,Garrafa de 5 l,"9,49 €","1,90 €/L"
Leite uht meio gordo,Mimosa,Embalagem de 1 litro,"0,83 €","0,83 €/L"
Formas de alumínio redondas 650 ml,PorSi,5 unidades,"1,29 €","1,29 €/Unidade"
Arroz agulha,Cigala,Embalagem de 1 kg,"1,26 €","1,26 €/Kg"
8 salsichas aves,Izidoro,Embalagem de 200g,"0,75 €","3,75 €/Kg"
Cerveja com álcool,Sagres,"Embalagem de 0,33 l","1,99 €/L","1,99 €/L"
Molas de madeira,PorSi,36 unidades,"0,89 €","0,89 €/Unidade"
Cola de Contacto Liquida,Vito,1 unidade,"1,69 €","1,69 €/Unidade"
18 nuggets de frango,Capitão Iglo,Embalagem de 380g,"9,30 €/Kg","9,30 €/Kg"
Salsichas extra suculentas de frango,Nobre,Frasco de 210g,"0,75 €","3,75 €/Kg"
Caramelos carachoco,LUTTI,Embalagem de 150 g,"2,75 €","11,00 €/Kg"
Massa alimentícia spaghetti,Barilla,Embalagem de 500g,"1,94 €","3,88 €/Kg"
Lip Gloss #500,Rimmel,1 unidade,"3,99 €","3,99 €/Unidade"
Magnum mini white mix,Olá,Embalagem de 6 x 55 ml,"5,99 €","16,64 €/L"
"Fiambre extra, fatiado",PorSi,Embalagem de 200g,"0,97 €","6,49 €/Kg"
Queijo flamengo fatiado light,Paiva,Embalagem de 180g,"1,96 €","9,80 €/Kg"
Leite UHT Meio Gordo,PorSi,Embalagem de 200 ml,"0,83 €","0,83 €/L"
Tostas suecas integrais,PorSi,Embalagem de 225 g,"2,39 €","6,83 €/Kg"
Bagas de cranberry,Cemporcent,Embalagem de 125 g,"0,79 €","3,95 €/Kg"
Bolachas crackers com sal,PorSi,Embalagem de 500g,"0,39 €","3,12 €/Kg"
Vinho doc alentejo tinto,Albarrada,Garrafa de 750 ml,"2,89 €","3,85 €/L"
Patê frango,La piara,Embalagem de 80g,"1,19 €","13,52 €/Kg"
Nestum chocolate,Nestum,Embalagem de 250g,"2,49 €","9,96 €/Kg"
Mignonnettes Moir de Noir,Cote D'or,Embalagem de 240 g,"0,99 €","4,95 €/Kg"
Iogurte Activia Fibras Aveia & Frutos Secos,Danone,Embalagem 4x115g,"2,79 €","6,07 €/Kg"
Tablete de chocolate preto,Nestle,Embalagem de 130g,"0,99 €","4,95 €/Kg"
Ambientador elétrico pure clean linen + recarga,Glade,1 unidade,"3,74 €","3,74 €/Unidade"
Lava Tudo Perfumado Lavanda,PorSi,Embalagem de 2 l,"0,99 €","0,50 €/L"
Café solúvel clássico,Nescafe,Embalagem de 200g,"1,59 €","79,50 €/Kg"
Creme vitalift 5,Men expert,Embalagem de 50 ml,"5,99 €","14,98 €/L"
Restaurador de Chão Envenizado Médio/Escuro,Novycera,Embalagem de 500 ml,"2,49 €","2,49 €/L"
Lava Tudo Gel Max Power Flores de Limoeiro,Ajax,Embalagem de 750 ml,"0,99 €","0,50 €/L"
Bolo Rei Alongado C/ Ananás,PorSi,750 g,"6,65 €/Kg","6,65 €/Kg"
Sementes de girassol,PorSi Viva Bem,Embalagem de 200 g,"1,59 €","10,60 €/Kg"
Nutella,Nutella,Embalagem de 700g,"4,39 €","12,91 €/Kg"
Escova para lavar,PorSi,1 unidade,"2,20 €","2,20 €/Unidade"
Infusão nº 5 emagrecimento,Cemporcent,Embalagem de 10 unidades,"0,79 €","60,77 €/Kg"
Néctar de laranja,Bongo,Garrafa de 1 l,"0,99 €","0,99 €/L"
Liegeois de chocolate,Milchfrisc,Embalagem de 200g,"0,55 €","2,75 €/Kg"
Iogurte vidro pedaços morango,PorSi,Embalagem de 2 x 135 g,"1,49 €","2,98 €/Kg"
Dessert topping chocolate,Winsenia,Embalagem de 300g,"1,29 €","3,23 €/Kg"
Azeite virgem delicado,Gallo,Garrafa de 750 ml,"3,29 €","4,39 €/L"
Recarga mopa 1.2 spray max,Vileda,1 unidade,"2,20 €","2,20 €/Unidade"
Conjunto Urban Floral,Nike,PERFUME 100ML + LOÇÃO CORPORAL 75ML + GEL DE BANHO 75ML,"12,99 €","12,99 €/Unidade"
Lixívia Tradicional,Neoblanc,Embalagem de 4 l,"1,74 €","0,35 €/L"
Polpa de tomate em garrafa,Compal,Embalagem de 1 kg,"3,84 €","24,00 €/Kg"
Queijo roquefort,Páturages,Embalagem de 150 g,"2,60 €","13,00 €/Kg"
Polpa de cebola e alho,PorSi,Embalagem de 500 g,"3,84 €","24,00 €/Kg"
Bolachas waffers com recheio de limão,Cuetara,Embalagem de 150 gr,"0,98 €","4,67 €/Kg"
Pavilhão Politileno Branco,*,Dim.: 2x3 m,"29,99 €","29,99 €/Unidade"
Infusão nº 10 colestrol,Cemporcent,Embalagem de 10 unidades,"0,79 €","60,77 €/Kg"
Iogurte líquido frutos tropicais,Longa vida,Embalagem de 4 x 160 g,"1,31 €","2,05 €/Kg"
Iogurte líquido pinacolada corpos danone,Danone,Embalagem de 4 x 155 g,"1,31 €","2,05 €/Kg"
Tomate coração de boi categoria: II,*,Vendido ao peso,"0,67 €","2,69 €/Kg"
Queijo fundido,A Vaca Que Ri,Embalagem de 150g,"1,75 €","17,50 €/Kg"
Balões latex verde,PorSi,Embalagem com 24 unidades,"0,59 €","0,59 €/Unidade"
Pó de talco,PorSi,Embalagem de 250g,"0,59 €","5,90 €/L"
Red Fish,Peixe Congelado,300 a 500 g,"3,99 €/Kg","3,99 €/Kg"
Bolacha de caramelo,Snapy,Embalagem de 250g,"2,11 €/Kg","2,11 €/Kg"
Sabao rosa e branco,PorSi,Embalagem de 400g,"1,19 €","2,98 €/Kg"
Sopa de Cebola,PorSi,Embalagem de 62 g,"0,84 €","13,55 €/Kg"
Pudim flan,PorSi,Embalagem de 4 x 5.6 g,"0,59 €","29,50 €/Kg"
Gomas beijinhos,PorSi,Embalagem de 300 g,"1,19 €","3,97 €/Kg"
2 filetes de robalo,Iglo,Embalagem de 200g,"1,79 €","7,16 €/Kg"
Toalha em rolo papel azul,PorSi,1 Unidade,"3,59 €","3,59 €/Unidade"
Ambientador Arbre Coco,Arbre Magique,3 unidade,"2,99 €","2,99 €/Unidade"
"Fita Papel, 50mmx50m",Vito,1 unidade,"1,69 €","1,69 €/Unidade"
Perna c/ Osso,Peru,1 un = 1 kg (aprox.),"1,05 €","2,99 €/Kg"
Sementes de chia,PorSi Viva Bem,Embalagem de 150 g,"1,59 €","10,60 €/Kg"
Super tea boost com vitamina b6,Tetley,Embalagem de 40g,"44,50 €/Kg","44,50 €/Kg"
Concentrado de laranja,Sunquick,Garrafa de 700 ml,"3,69 €","4,92 €/L"
Rebuçados peitorais,Dr.bayard,Embalagem de 200g,"0,77 €","3,85 €/Kg"
Elixir junior,Aquafresh,Embalagem de 300 ml,"0,99 €","0,99 €/Unidade"
Recargas ambientador elétrico pure clean linen,Glade,Embalagem de 2 x 20 ml,"1,79 €","1,79 €/Unidade"
Iogurte grego maçã e canela,Danone,Embalagem de 4 x 110 g,"1,49 €","2,98 €/Kg"
Iogurte oikos pêssego,Danone,Embalagem de 4 x 110g,"1,49 €","2,98 €/Kg"
Lenços de bolso folha tripla,PorSi,9 x 30 unidades,"0,89 €","0,89 €/Unidade"
Sobremesa danette chocolate,Danone,Embalagem de 4 x 125 g,"1,19 €","2,59 €/Kg"
Creme p/ Calçado Castanho,Búfalo,Embalagem de 50 ml,"0,99 €","19,80 €/L"
Bife de Frango,Frango,Vendido ao peso a partir de 1 kg,"1,05 €","2,99 €/Kg"
Baton blackberry shine,Labello,1 un.,"0,58 €","0,58 €/Unidade"
"Tiras limpa poros faciais, 6unidades",Labell,1 embalagem,"0,76 €","0,76 €/Unidade"
Achocolatado em pó,Ovomaltine,Embalagem de 400g,"5,39 €","7,19 €/Kg"
Marcador Turbo Color x12,Giotto,Uma embalagem,"4,69 €","4,69 €/Unidade"
Árvore de Natal,*,Dim.: 150cm,"0,69 €","0,69 €/Unidade"
Água Micelar c/doseador,Labell,Embalagem de 500ml,"0,76 €","0,76 €/Unidade"
Licor frutos tropicais,Safari,Garrafa de 700 ml,"16,99 €","24,27 €/L"
Salmão de viveiro à posta,Peixe Fresco,1 un. = 300 g (aprox.),"3,90 €","12,99 €/Kg"
Lenços de bolso 4 folhas,PorSi,Embalagem de 18 x 10 unidades,"0,89 €","0,89 €/Unidade"
Massa spaghetti tricolore,Milaneza,Embalagem de 500 g,"0,99 €","1,98 €/Kg"
Recarga Esfregona de Microfibras,PorSi,1 unidade,"0,89 €","0,89 €/Unidade"
Bacalhau com natas,PorSi,Embalagem de 380g,"1,79 €","7,16 €/Kg"
Creme vegetal culinário,Vaqueiro,Embalagem de 1 kg,"1,59 €","6,36 €/Kg"
Oikos morango 110g x4,Danone,Embalagem de 440g,"1,49 €","2,98 €/Kg"
Insuflável lounge candy,Bestway,1 unidade,"29,99 €","29,99 €/Unidade"
"Guardanapos brancos, 33x33cm, 2 folhas, 90 unidades",Renova,Uma embalagem,"1,29 €","1,29 €/Unidade"
"Água com gás, sabor limão",PorSi,"Embalagem de 6x0,25 l","1,99 €/L","1,99 €/L"
Pepino,Legumes do Dia,1 un = 300 gr  (aprox.),"0,57 €","1,89 €/Kg"
Choco flakes,Cuetara,Embalagem de 500g,"5,07 €/Kg","5,07 €/Kg"
"Espuma de cabelo, volume absoluto",Pantene,Embalagem de 200 ml,"3,99 €","53,20 €/L"
"Coloração permanente, vermelho ousado nº5.62",Nutrisse,1 unidade,"9,49 €/Unidade","9,49 €/Unidade"
Pescada 3 Chile,Peixe Congelado,1 un= 1 kg (aprox.),"3,99 €/Kg","3,99 €/Kg"
Água s/ gás,Luso,Pack 6 x 1.5 l,"1,04 €","0,17 €/L"
Néctar 8 frutos,Bongo,Pack 6 x 200 ml,"0,99 €","0,99 €/L"
Caderno A4 Pautado,PorSi,80 Folhas,"1,98 €","1,98 €/Unidade"
Levedura de cerveja,Salutem,Embalagem de 150g,"2,29 €","11,45 €/Kg"
Biscoitos integrais aveia e manteiga de amendoim,PorSi Viva Bem,Embalagem de 150g,"0,69 €","3,45 €/Kg"
Lenços de bolso 6x10 - 3 folhas,PorSi,1 embalagem com 6 unidades,"0,89 €","0,89 €/Unidade"
Dentifríco anti-tártaro + branqueador,Colgate,Embalagem de 75 ml,"2,39 €","31,87 €/L"
Gel de Banho Deeply Nourishing,Dove,Embalagem de 750 ml,"6,49 €","8,65 €/L"
Balões latex rosa,PorSi,Embalagem com 24 unidades,"0,59 €","0,59 €/Unidade"
"Massa polir, em bisnaga",Redex,Embalagem de 125 ml,"3,99 €","0,80 €/L"
Pensos Incontinência Mulher Discreet Normal,Tena,Embalagem com 24 unidades,"1,95 €","1,95 €/Unidade"
Bolachas bambolitos chocolate e leite,PorSi,Embalagem de 150g,"0,79 €","5,27 €/Kg"
Lambrusco tinto,*,Garrafa de 750 ml,"2,09 €","2,79 €/L"
Mistolin tira-nódoas,Mistolin,Garrafa de 500 ml,"1,79 €","2,39 €/L"
Vinho rosé regional península de setúbal,Dom Campos,Garrafa de 750 ml,"3,99 €","5,32 €/L"
Cacau magro em pó,PorSi,Embalagem de 125 g,"1,04 €","8,32 €/Kg"
Vinagre vinho branco 250ml,Cristal,Garrafa de 250 ml,"0,35 €","0,70 €/L"
Mistura para coelhos anões,Canto Alegre,Embalagem de 1K,"2,49 €","2,49 €/Kg"
Arroz agulha,Pato real,Embalagem de 1 kg,"1,26 €","1,26 €/Kg"
"Fita Papel, 25mmx50m",Vito,1 unidade,"1,69 €","1,69 €/Unidade"
Camarão 60/95,PorSi,Vendido a partir de 250 (aprox.),"1,75 €","6,99 €/Kg"
Chourico picante beiras,PorSi,Embalagem de 290g,"3,99 €","14,25 €/Kg"
Bolacha tosta rica choco guay,Cuetara,Embalagem de 170g,"1,89 €","15,75 €/Kg"
"Sacos do lixo WC canino 5l, 30 unidades",Silvex,Uma embalagem,"1,89 €","1,89 €/Unidade"
Aguardente Vínica Velha,Curvada de Velha,Garrafa de 70 cl,"28,99 €","41,41 €/L"
Pizza 4 estações,PorSi,Embalagem de 350g,"2,32 €","6,27 €/Kg"
Creme vegetal soja,Planta,Embalagem de 250 gr,"1,59 €","6,36 €/Kg"
"Inseticida líquido, elétrico, apa",Raid,Embalagem de 21 ml,"6,39 €","6,39 €/Unidade"
Creme vegetal culinário,Vaqueiro,Embalagem de 250 g,"2,89 €","2,89 €/Kg"
Café em cápsulas deqafeitatus,Delta Q,Embalagem de 55 g,"54,36 €/Kg","54,36 €/Kg"
Guardanapos Gold 2 folhas,Renova,Dim.: 39x39cm,"1,29 €","1,29 €/Unidade"
Alecrim em folhas,PorSi,Embalagem de 25g,"0,25 €","0,25 €/Kg"
Queijo Coulommiers,Páturages,Embalagem de 350 g,"2,60 €","13,00 €/Kg"
Manteiga pasteurizada com sal cuvet,Primor,Embalagem de 250g,"1,89 €","7,56 €/Kg"
Chocolate negro 85 % cacau,Cemporcent,Embalagem de 100g,"2,89 €","23,12 €/Kg"
Conjunto Maquilhagem Savana Leopard,Magic Studio,,"9,99 €","9,99 €/Unidade"
20 saquetas chá verde pure,Lipton,Embalagem de 30g,"85,00 €/Kg","85,00 €/Kg"
Chá earl grey,Lipton,Embalagem de 40g,"44,50 €/Kg","44,50 €/Kg"
Vinho regional península de setúbal reserva,Periquita,Garrafa de 0.75 l,"3,99 €","5,32 €/L"
Semente linhaça amarela,Salutem,Embalagem de 250g,"2,29 €","11,45 €/Kg"
Gelatina ananás 10kcal,Royal,Embalagem de 30g,"0,55 €","61,11 €/Kg"
Ambientador tealights baunilha,PorSi,embalagem com 18 unidades,"9,49 €","45,19 €/Kg"
Azeite virgem extra clássico,Gallo,Garrafa de 250 ml,"3,29 €","4,39 €/L"
Ambientador gel lavanda,PorSi,150 g,"16,63 €/L","16,63 €/L"
Leite UHT Meio Gordo,PorSi,1 l,"0,83 €","0,83 €/L"
Pudim caseiro de laranja,Royal,Embalagem de 200g,"0,59 €","29,50 €/Kg"
Sal marinho integral,Cemporcent,Embalagem de 1 kg,"0,69 €","0,69 €/Kg"
Ração para Gato Esterilizado com Vaca,Purina One,"Embalagem de 1,5 kg","12,99 €","4,33 €/Kg"
Vinho Tinto DOC Douro Esteva,Esteva,"Garrafa de 1,5L","7,49 €","9,99 €/L"
"Lapiseira long life, 0,7 mm",Maped,"embalagem com 3 unidades, sortidas","1,71 €","1,71 €/Unidade"
Iogurte magro 0% pedaços de frutas,Páturages,Embalagem de 12X125G,"1,44 €","2,88 €/Kg"
Lombos de salmão,PorSi,Embalagem de 300g,"4,39 €","10,98 €/Kg"
Vinho tinto alentejo,Loios,Garrafa de 750 ml,"2,89 €","3,85 €/L"
Banha,PorSi,Embalagem de 940 g,"2,89 €","2,89 €/Kg"
"Vinho Alentejo, Private Collection, Tinto",Selecção de Enófilos,Garrafa de 0.75 l,"3,99 €","5,32 €/L"
Croutons com azeite,PorSi,Embalagem de 150g,"2,39 €","6,83 €/Kg"
Cápsulas de café com leite cappuccino,Nescafe,Embalagem com 16 cápsulas,"54,36 €/Kg","54,36 €/Kg"
Marmelada,PorSi,Embalagem de 450g,"1,09 €","2,42 €/Kg"
Gel wc anticalcário sem lixívia,PorSi,"Garrafa de 1,5 l","2,79 €","3,99 €/L"
"Snack chocolate, 3 packs",Twix,Embalagem de 150 g,"1,59 €","19,88 €/Kg"
Telemóvel Vibra e Capta,Chicco,1 unidade,"11,99 €/Unidade","11,99 €/Unidade"
Azeite virgem extra dop trás-os-montes,PorSi Select,Embalagem 750 ml,"3,29 €","4,39 €/L"
"Vela em número, nº 6",PorSi,1 unidade,"0,60 €","0,60 €/Unidade"
Néctar clássico de pera,Compal,Garrafa de 200 ml,"0,99 €","0,99 €/L"
Queijo em palitos,A Vaca Que Ri,Embalagem de 140g,"1,75 €","17,50 €/Kg"
Noodle banzai galinha,Cigala,Embalagem de 70g,"0,99 €","1,98 €/Kg"
Lava Tudo Amoniacal,Sonasol,"Garrafa de 1,3 l","0,99 €","0,50 €/L"
Tablete de chocolate leite com amêndoas,PorSi Select,200 g,"6,50 €/Kg","6,50 €/Kg"
Anticongelante vermelho 20%,PorSi,Embalagem de 1 l,"3,99 €","0,80 €/L"
Peito de peru fatiado,PorSi,Embalagem de 200g,"2,25 €","11,25 €/Kg"
Vinho regional alentejano bag-in-box branco,Galitos,Garrafa de 5 l,"5,19 €","1,04 €/L"
Molho de maionese com alho e ervas,PorSi,Garrafa de 120 ml,"0,87 €","2,90 €/Kg"
Tablete de chocolate leite,Schogetten,Embalagem de 100g,"5,30 €/Kg","5,30 €/Kg"
Balões latex amarelos,PorSi,Embalagem com 24 unidades,"0,59 €","0,59 €/Unidade"
Mistura para aves,Rac.zezere,Embalagem de 5 kg,"2,49 €","16,60 €/Kg"
Chupas Party Mix,PorSi,150 g,"3,40 €","28,33 €/Kg"
Queijo mozzarella mini bolas,PorSi,Embalagem 125G,"1,69 €","6,76 €/Kg"
Inseticida para baratas e formigas,Baygon,Embalagem de 400 ml,"5,09 €","8,48 €/L"
Tira gorduras dia a dia,Mistolin,Garrafa de 750 ml,"1,79 €","2,39 €/L"
Rolo Cozinha Meia Folha Adapt,Colhogar,2 rolos,"4,99 €","4,99 €/Unidade"
Aguardente bagaceira,S.domingos,Garrafa de 1 l,"28,99 €","41,41 €/L"
Cogumelos fatiados,PorSi,Embalagem de 400g,"0,74 €","1,85 €/Kg"
Bolacha cream cracker,Cuetara,Embalagem de 200g,"0,39 €","3,12 €/Kg"
Desinfetante álcool gel com doseador,PorSi,500 ml,"0,99 €","9,90 €/L"
Café Moagem Universal Honduras,PorSi,Embalagem de 220g,"9,16 €/Kg","9,16 €/Kg"
Melão Branco,Fruta do Dia,"Vendido ao peso,1 un= 2.5 kg (aprox.)","0,72 €","2,89 €/Kg"
Pao brioche fatiado,PorSi,Embalagem 500G,"0,99 €","1,65 €/Kg"
Feijoada transmontana,Nobre,Embalagem de 420g,"2,35 €","5,60 €/Kg"
"Amaciador de roupa, azul",Comfort,Garrafa de 4 l,"8,99 €","2,25 €/L"
Vulcão brilhante,Clementoni,1 unidade,"9,99 €/Unidade","9,99 €/Unidade"
Queijo dop cura 4 meses fatias,Sao jorge,Embalagem de 400g,"2,42 €","9,69 €/Kg"
Morangos 100% Naturais,PorSi,Embalagem de 750 g,"3,29 €","4,39 €/Kg"
Queijo fresco sem lactose,Matinal,Embalagem de 216g,"2,49 €","11,53 €/Kg"
"Limpa vidros, azul",Arbo,Embalagem de 1 l,"3,19 €","6,38 €/L"
Descafeinado em cápsulas Pianíssimo 10x5g,PorSi Select,Embalagem de 50g,"1,59 €","6,36 €/Kg"
Fósforos cozinha,Quinas,Embalagem com 4 caixas por unidade,"1,50 €","1,50 €/Unidade"
Almôndegas de bovino,PorSi,Embalagem de 400 g,"7,99 €/Kg","7,99 €/Kg"
Bolachas com recheio de chocolate,PorSi,Embalagem de 3 x 250 g,"2,15 €","2,87 €/Kg"
Caderno Agrafado A4 Quadriculado,B'log,1 un.,"1,98 €","1,98 €/Unidade"
Actimel natural,Danone,Embalagem de 600g,"4,15 €/Kg","4,15 €/Kg"
Bolacha digestive aveia 258g,Vieira,Embalagem de 258 g,"0,98 €","3,27 €/Kg"
Creme Depilatório Peles Normais,Veet,Embalagem de 200 ml,"2,99 €","14,95 €/L"
Pensos Higiénicos Fina e Segura Maxi Super,Evax,Embalagem c/ 13 Unidades,"4,99 €","4,99 €/Unidade"
Creme de amendoim cremoso 340g,Skippy,Embalagem de 340g,"4,39 €","12,91 €/Kg"
Cereais nesquik,Nestle,Embalagem de 625g,"5,07 €/Kg","5,07 €/Kg"
Vela com número 4,PorSi,1 unidade,"0,60 €","0,60 €/Unidade"
Pensos clássicos,PorSi,20 unidades,"1,69 €","1,69 €/Unidade"
Fruta para bebé banana laranja bolacha +6 meses,Nestle,Embalagem de 90g,"0,74 €","8,22 €/Kg"
Sacos do Lixo Ecobag 50 L,Vileda,Embalagem c/ 10 un.,"1,89 €","1,89 €/Unidade"
Bola mistura,Pão do Dia,1 unidade= 80 g,"0,19 €","2,38 €/Kg"
Azeite virgem extra dop moura,PorSi Select,Embalagem de 0.75L,"3,29 €","4,39 €/L"
Bebida de Soja Chocolate,PorSi Viva Bem,Pack: 3 x 200 ml,"2,04 €","2,04 €/L"
Queijo flamengo 0% lactose,PorSi Viva Bem,Embalagem de 150 g,"2,49 €","11,53 €/Kg"
Ovos galinha solo l,PorSi,6 ovos,"1,39 €","1,39 €/Unidade"
Café moagem universal brasil,Delta,Embalagem de 220g,"9,76 €/Kg","9,76 €/Kg"
Elixir oil,Gliss,Embalagem de 75 ml,"1,00 €","5,00 €/L"
Puzzle 3D Tower Bridge,Cubic Fun,1 unidade,"9,99 €/Unidade","9,99 €/Unidade"
Café torrado em grão,PorSi,250 g,"9,16 €/Kg","9,16 €/Kg"
"Queijo fundido, cheddar, fatias",President,Embalagem de 200 g,"1,75 €","17,50 €/Kg"
Detergente liquido para máquina de lavar roupa activ...,Skip,Embalagem de 80 doses,"31,99 €","31,99 €/Unidade"
Gogo SqueeZ Snack Banana,Gogo,Embalagem de 4 x 90g,"0,99 €","11,00 €/Kg"
Iogurte pedaços frutos vermelhos,PorSi,Embalagem de 8 x 125 g,"1,44 €","2,88 €/Kg"
Queijo Flamengo Fatias,PorSi,Embalagem 500G,"1,96 €","9,80 €/Kg"
Faca para Churrasco 11 cm Inox,PorSi,1 unidade,"9,99 €","9,99 €/Unidade"
Achocolatado em pó extra chocolate,Nesquik,Embalagem de 390g,"5,39 €","7,19 €/Kg"
Nata uht para bater,Gresso,Garrafa de 200 ml,"0,75 €","3,75 €/L"
"Caixa com saquetas de  pau de canela, 30 unidades",PorSi,Embalagem 90G,"0,25 €","0,25 €/Kg"
"Batata frita wavy, ondulada",PorSi,Embalagem de 90g,"1,06 €","5,73 €/Kg"
Refeição caseira almôndegas,Nobre,Embalagem de 420g,"2,35 €","5,60 €/Kg"
"Pasta dentífrica, 7-13 anos",Labell,Embalagem de 75 ml,"0,99 €","0,99 €/Unidade"
Acetona,PorSi,Embalagem de 200 ml,"1,89 €","9,45 €/L"
Bandas de cera axilas/bikini,Labell,Embalagem com 16 un. + 4 toalhitas de acabamento,"3,11 €","3,11 €/Unidade"
"Cueca de incontinência, adulto, pequena",PorSi,Embalagem com 14 unidades,"9,99 €","9,99 €/Unidade"
Pack de 3 embalagens de polpa de tomate,Compal,Embalagem de 630g,"3,84 €","24,00 €/Kg"
Bicarbonato de sódio,PorSi,Saqueta de 75 g,"0,75 €","15,00 €/Kg"
Queijo creme de cabra,President,Embalagem de 125 g,"1,75 €","17,50 €/Kg"
Pó baratas e formigas,Baygon,Embalagem de 250 g,"5,49 €","13,73 €/L"
Lançador de bolas para cão,Sandimas,62 cm,"14,99 €","14,99 €/Unidade"
Inseticida controller baratas,Raid,12 unidades,"6,39 €","6,39 €/Unidade"
Néctar de laranja e cenoura light,PorSi,Embalagem de 3 x 200 ml,"0,84 €","2,55 €/L"
Massa meada,PorSi,Embalagem de 500g,"0,99 €","1,98 €/Kg"
Lentilhas verdes,Cemporcent,Embalagem de 500g,"1,94 €","3,88 €/Kg"
"Briquetes madeira, 12 unidades",Nova lenha,1 embalagem,"1,69 €","1,69 €/Unidade"
Tomate em pedaços,PorSi,Embalagem de 390g,"2,19 €","2,81 €/Kg"
"Cera cabelo, indestructible",Studio Line,Embalagem de 75 ml,"3,99 €","53,20 €/L"
Escova plástica (cores sortidas),PorSi,1 unidade,"0,89 €","0,89 €/Unidade"
Loção tónica para pele seca,Labell,Embalagem de 250 ml,"0,76 €","0,76 €/Unidade"
Alheira de mirandela,PorSi Select,Embalagem de 200 g,"1,49 €","7,45 €/Kg"
Pipocas coloridas,Orcape,Embalagem de 100g,"0,79 €","7,90 €/Kg"
Creme vegetal para cozinha,Becel,Embalagem de 450 g,"1,59 €","6,36 €/Kg"
Esparguete s/ glúten,Milaneza,Embalagem de 500g,"2,69 €","5,38 €/Kg"
Óleo alimentar,Vêgê,Embalagem de 1 l,"3,39 €","3,39 €/L"
Piripiri grão,PorSi,Saqueta de 20 g,"0,25 €","0,25 €/Kg"
Sopa rabo de boi económica,Knorr,Embalagem de 60g,"0,84 €","13,55 €/Kg"
Royal gelatin,Royal,Embalagem de 400g,"0,85 €","2,13 €/Kg"
Pescada panada em forma de filete,Pescanova,Embalagem de 1 Kg,"4,39 €","10,98 €/Kg"
Fiambre da Perna Extra,PorSi,1 un = 150 gr (aprox.),"0,97 €","6,49 €/Kg"
"Limpa vidros, rosa",Redex,Embalagem de 5 l,"3,99 €","0,80 €/L"
Queijo fundido vaca que ri palitos light 140g,A Vaca Que Ri,Embalagem de 140g,"2,39 €","19,92 €/Kg"
Massa cuscus,Nacional,Embalagem de 250g,"0,99 €","1,98 €/Kg"
Iogurte magro + gelatina maracujá,Mimosa,Embalagem de 4 x 120 g,"1,09 €","1,45 €/Kg"
Vinho branco alentejo,Loios,Garrafa de 750 ml,"2,89 €","3,85 €/L"
Arroz basmati,Caçarola,Embalagem de 1 kg,"1,26 €","1,26 €/Kg"
Recarga inseticidas elétrico,Raid,Embalagem de 3 x 27 ml,"6,39 €","6,39 €/Unidade"
Cubos de tamboril,Mar Ibérica,Embalagem de 250 g,"4,39 €","10,98 €/Kg"
Bolachas cream cracker sesamo,Vieira,Embalagem de 200g,"0,39 €","3,12 €/Kg"
Bolachas cereais e pepitas de chocolate,PorSi,Embalagem de 400 g,"0,90 €","6,00 €/Kg"
Pudim de chocolate,Boca Doce,Embalagem de 20g,"0,59 €","29,50 €/Kg"
Rebuçados drops recheio de fruta,PorSi,Embalagem de 250g,"1,08 €","5,40 €/Kg"
"Abs odores lavanda, pack 2x150g",Glade,Embalagem de 2x150 g,"16,63 €/L","16,63 €/L"
Vinho frisante rosé,Lapadas,Garrafa de 750 ml,"1,99 €","2,65 €/L"
Doce de abóbora c/ noz,Quinta de Jugais,Embalagem de 280g,"2,99 €","8,67 €/Kg"
"Snack de chocolate, com aroma a fruta",Regina,Embalagem de 3x20 g,"1,59 €","19,88 €/Kg"
Ambientador aerosol pure flor de cerejeira,Air Wick,Garrafa de 250 ml,"0,99 €","3,30 €/L"
Creme de Mãos Intensivo,Nivea,Embalagem de 100 ml,"2,49 €","41,50 €/L"
Whisky tullamore dew,Tullamore,Garrafa de 700 ml,"23,49 €","23,49 €/L"
Gamba Rosa Moçambique,PorSi,Embalagem de 800 g,"8,99 €","25,69 €/Kg"
Sal marinho grosso,Vatel,Embalagem de 1 kg,"0,25 €","0,25 €/Kg"
Papel Anti traça,Raid,2 x 12 unidades,"1,99 €","1,99 €/Unidade"
Lambrusco branco,Sorbello,Garrafa de 0.75 l,"2,09 €","2,79 €/L"
Ambientador aerossol 5 em 1 lavanda,PorSi,300 ml,"0,99 €","3,30 €/L"
"Salsa em folhas, pacote",Margao,Embalagem de 10g,"0,25 €","0,25 €/Kg"
Bebida aveia,Alpro,Embalagem de 1 litro,"2,04 €","2,04 €/L"
Cebola picada em pacote,PorSi,Embalagem de 40 g,"0,25 €","0,25 €/Kg"
Vela com número nº 6,PorSi,1 unidade,"0,60 €","0,60 €/Unidade"
Bebida arroz,Alpro,Embalagem de 1 l,"2,19 €","2,19 €/L"
Farinha láctea,PorSi,Embalagem de 1 kg,"4,99 €","4,99 €/Kg"
Iogurte líquido de morango,Longa vida,Embalagem de 4 x 160 g,"1,31 €","2,05 €/Kg"
Moscatel de setúbal,Pioneiro,Garrafa de 750 ml,"16,99 €","24,27 €/L"
Vinho branco reg. p.set. 0.75l,Dom Campos,Garrafa 0.75L,"3,99 €","5,32 €/L"
Néctar de pera rocha e framboesa do Oeste Algarve,Compal,1 litro,"0,99 €","0,99 €/L"
