Nome,Marca,Unidade,Preço Primário,Preço Secundário
Bolachas digestivas go maçã,Triunfo,Embalagem de 170g,"0,71 €","3,55 €/Kg"
Rum carta blanca,Bacardi,Garrafa de 700 ml,"8,99 €","12,84 €/L"
"Tira nódoas, spray oxi",PorSi,Embalagem de 1 l,"2,69 €","2,69 €/L"
Aperitivos 3d's cones,3d's,Embalagem de 90g,"1,39 €","10,69 €/Kg"
Alimento para cão junior,HappyOne,Embalagem de 10 kg,"4,00 €","1,00 €/Kg"
"Champô, repação total 19",Gliss,Embalagem de 250 ml,"1,99 €","4,98 €/L"
Tabuleiro Forno 41x31x6 cm,Rioja IMF,1 unidade,"4,39 €","4,39 €/Unidade"
Atum em azeite,Ramirez,Embalagem de 120g,"1,49 €","12,42 €/Kg"
Ovos classe m,PorSi,6 unidades,"0,84 €","0,84 €/Unidade"
Limpa vidros cristal recarga,Ajax,Embalagem de 500 ml,"2,39 €","4,78 €/L"
Bebida láctea crescimento 3 anos+,Nestle,Embalagem de 1 litro,"1,29 €","1,29 €/L"
Sabonete exfoliante alperce,Labell,Embalagem de 100 g,"2,49 €","6,92 €/Kg"
"Rolos de cozinha compactos, branco, 2 unidades",PorSi,Uma embalagem,"1,09 €","1,09 €/Unidade"
Refresco em pó de morango,PorSi,Embalagem de 40g,"0,64 €","16,00 €/Kg"
Esmagador de nylon cabo áqua,PorSi,1 unidade,"2,25 €","2,25 €/Unidade"
Batata frita rodelas,PorSi,Embalagem de 2x70g,"2,29 €","7,63 €/Kg"
Leite especial crescimento +3 anos,Mimosa,Garrafa de 1 l,"1,29 €","1,29 €/L"
Infusão cidreira,PorSi,Embalagem de 40g,"0,59 €","17,88 €/Kg"
Banco escadote metálico,Tecrilana,1 unidade,"9,95 €","9,95 €/Unidade"
Iogurte arôma de frutos vermelhos,PorSi,Embalagem de 8x125 g,"1,99 €","2,07 €/Kg"
Cappuccino café arábica cacau magro em pó,PorSi,250 ml,"1,99 €","15,92 €/Kg"
Champô anti-caspa,Labell,Embalagem de 400 ml,"1,99 €","4,98 €/L"
Jardineira,PorSi,Embalagem de 400 g,"2,99 €","7,48 €/Kg"
"Leite bem essencial, morango",Mimosa,Embalagem de 200 ml,"1,60 €","2,00 €/L"
Ambientador Stick Tarte da Maçã,Air Wick,Uma Embalagem,"6,99 €","33,29 €/Kg"
Bolacha digestiva go canela,Triunfo,Embalagem de 170g,"0,71 €","3,55 €/Kg"
Snack cão dentafresh pequeno,Pedigree,Embalagem de 110 g,"3,19 €","6,38 €/Kg"
Shampô laranja,Ecauto,"Embalagem de 2,5 l","2,99 €","0,60 €/L"
"Pensos de incontinência, adulto, mini, 20 unidades",Labell,Uma embalagem,"2,25 €","2,25 €/Unidade"
Cadeira Dobrável Antracite,Joluce,1 unidade,"15,99 €","15,99 €/Unidade"
Queijo Curado Vaca/ Cabra/ Ovelha,PorSi,,"3,00 €","11,99 €/Kg"
Refrigerante c/ gás ananás,Sumol,pack 4 x 1.25 l,"0,79 €","0,40 €/L"
Borracha para lápis e tinta,Domédia,1 unidade,"0,49 €","0,49 €/Unidade"
Ervilhas,Iglo,"Embalagem de 1,125 kg","2,99 €","7,48 €/Kg"
Laca Cabelo Criação Volume,Tresemmé,Embalagem de 300 ml,"4,99 €","16,63 €/L"
Queijo Flamengo Fatias,PorSi,Embalagem 500G,"1,04 €","5,20 €/Kg"
Vela com número nº 5,PorSi,1 unidade,"0,49 €","0,49 €/Unidade"
Massa macarronete riscado,PorSi,Embalagem de 500g,"0,49 €","0,98 €/Kg"
Alimento p/ Roedores menu Aroma: Coelhos,Vitakraft,Embalagem de 1Kg,"2,58 €","2,58 €/Kg"
4 hamburgers de vaca,Pescanova,Embalagem de 300 g,"1,99 €","6,22 €/Kg"
Carro Estoril 3 Prateleiras,Petex,1 unidade,"5,49 €","5,49 €/Unidade"
Bolachas maria,Triunfo,Embalagem de 200g,"0,99 €","1,24 €/Kg"
Cueca Incontinência Homem Super S/M,Depend,1 embalagem = 10 unidades,"8,99 €","8,99 €/Unidade"
Máquina de barbear mach 3 turbo,Gillette,1 unidade,"1,12 €","4,48 €/L"
Gelado amêndoa com caramelo,Alpro,Embalagem de 500 ml,"4,99 €","9,98 €/L"
Bandeja Rectangular 40x28cm,Rioja IMF,1 unidade,"4,39 €","4,39 €/Unidade"
Queijo de vaca curado light amanteigado,PorSi,+/- 550 g,"4,49 €","7,81 €/Kg"
"Cera liquida, lava e encera",PorSi,Embalagem de 750 ml,"1,19 €","1,59 €/L"
Recarga tira gorduras,Agerul,embalagem de 750 ml + 150 ml grátis,"1,19 €","1,59 €/L"
Gelado para congelar morango,Sunquick,Embalagem de 10 x 60 ml,"4,99 €","13,86 €/L"
Caramelo líquido,Royal,Embalagem de 400g,"1,19 €","2,98 €/Kg"
"Rebuçados de fruta, diamante",PorSi,Embalagem de 200 g,"0,98 €","4,90 €/Kg"
Forma Desmontável 30x7 cm,Rioja IMF,1 unidade,"7,99 €","7,99 €/Unidade"
Gel de Banho Coconut Milk,Dove,Embalagem de 750 ml,"3,69 €","4,92 €/L"
Arroz agulha,Cigala,Embalagem de 1 kg,"0,89 €","0,89 €/Kg"
As minhas primeiras receitas - refeição legumes com ...,Nestle,Embalagem de 190g,"1,59 €","8,37 €/Kg"
Espátula de tarte inox,Domédia,1 unidade,"5,99 €","5,99 €/Unidade"
Cereais crack star,PorSi,Embalagem de 375 g,"2,09 €","3,34 €/Kg"
Bolacha maria doces,Vieira,Embalagem de 300g,"0,99 €","1,24 €/Kg"
Macchiato café arábica,PorSi,250 ml,"1,99 €","15,92 €/Kg"
Garfo de servir inox,Domédia,1 unidade,"5,99 €","5,99 €/Unidade"
Francesinha,PorSi,Embalagem de 450G,"3,99 €","17,35 €/Kg"
Gomas chicle de macedónia,Fini,Embalagem de 100 g,"0,89 €","8,90 €/Kg"
Salmão Fumado da Escócia,PorSi Select,Embalagem de 80 g,"3,99 €","49,88 €/Kg"
"Gel banho, baunilha",Le Petit Marseillais,Embalagem de 650 ml,"3,24 €","4,32 €/L"
Salsichas cocktail,PorSi,Lata com 180 g,"0,45 €","3,75 €/Kg"
"Sabonete sólido, oliva",Feno,Embalagem de 4x90g,"2,49 €","6,92 €/Kg"
Chá preto frutos vermelhos,PorSi,Embalagem de 40g,"1,24 €","31,00 €/Kg"
Gelatina de morango,PorSi,Embalagem de 170g,"0,64 €","71,11 €/Kg"
Champô para controlo de oleosidade,Linic,Embalagem de 400 ml,"1,99 €","4,98 €/L"
Pão de Milho e Girassol,Panpor,1 unidade 75G,"0,35 €","4,67 €/Kg"
"Champô, anti-caspa",Labell Men,Embalagem de 300 ml,"4,99 €","12,48 €/L"
Forma Pão de Ló Antiaderente 28cm,PorSi,1 unidade,"7,99 €","7,99 €/Unidade"
"Limpa vidros, rosa",Redex,Embalagem de 2 l,"2,99 €","0,60 €/L"
Bolachas recheadas com morango e cheesecake,Oreo,Embalagem de 150g,"1,00 €","3,25 €/Kg"
"Coloração permanente, castanho chocolate, 4/8",Syoss,1 unidade,"8,89 €","8,89 €/Unidade"
Maionese light,PorSi,Frasco de 414 g,"2,29 €","8,81 €/Kg"
Fermento em pó,PorSi,Embalagem de 150 g,"0,95 €","6,33 €/Kg"
Sobremesa gelatina de ananás,PorSi,Embalagem 4X100G,"0,89 €","2,23 €/Kg"
Chocolate culinário 70% cacau,Pantagruel,Embalagem de 200g,"1,66 €","8,30 €/Kg"
Cama de rede,Saurium,Dim.: 180 x 80 cm,"39,99 €","39,99 €/Unidade"
Escorrega KS,Max Smoby,Dim.: 159 x 68 x 100 cm,"15,99 €","15,99 €/Unidade"
Toucinho fumado extra,PorSi,Embalagem de 200 g,"1,99 €","9,95 €/Kg"
Trinca de arroz,PorSi,Embalagem de 1 kg,"4,00 €","1,00 €/Kg"
"Detergente de máquina para roupa, em pó, regular, 8+...",Xau,Embalagem de 684 g,"11,99 €","11,99 €/Unidade"
Farinha de alfarroba bio,PorSi Bio,Embalagem de 200 g,"2,18 €","8,72 €/Kg"
Vinho doc alentejo tinto,Albarrada,Garrafa de 750 ml,"5,99 €","7,99 €/L"
Cereais fitness,Nestle,Embalagem de 630g,"3,39 €","11,30 €/Kg"
Bomba para vinho com 2 tampas,Quittin,1 unidade,"3,75 €","3,75 €/Unidade"
Nuggets de frango grelhadinho,Capitão Iglo,Embalagem de 200g,"3,99 €","13,30 €/Kg"
Surgfire,Nerf,1 un.,"29,99 €","29,99 €/Unidade"
"Sumo 100% laranja, clementina e uva",Paquito,Embalagem de 2 l,"0,99 €","0,66 €/L"
"Azeite extra virgem, azeitonas verdes",Oliveira da Serra,Garrafa de 750 ml,"2,84 €","3,79 €/L"
Porto white,Ferreira,Garrafa de 750 ml,"4,99 €","6,65 €/L"
Puré de batata,Gelcampo,1 kg,"3,29 €","3,29 €/Kg"
Creme para calçado castanho,Splendor,80 ml,"2,49 €","31,13 €/L"
"Gel banho, laranjeira",Le Petit Marseillais,Embalagem de 650 ml,"3,24 €","4,32 €/L"
Easy Stick,Tesa,Embalagem 3x25g,"0,69 €","0,69 €/Unidade"
Esfregona suave completa,Vileda,1 unidade,"1,54 €","1,54 €/Unidade"
Espumante meio seco,Fita dourada,Garrafa de 750 ml,"2,89 €","3,85 €/L"
Cola Vinilika,Giotto,100 ml,"1,49 €","14,90 €/L"
Mesa de Campo,*,Dim.: 70x59 cm,"39,99 €","39,99 €/Unidade"
Refresco pó laranja e morango,PorSi,Embalagem de 40g,"0,64 €","16,00 €/Kg"
Tablete chocolate chips ahoy,Milka,Embalagem de 100g,"1,59 €","17,67 €/Kg"
Refrigerante c/ gás zero,Coca-Cola,pack 4 x 1 l,"0,79 €","0,40 €/L"
Espumante rosé meio seco,Fita dourada,Garrafa de 750 ml,"2,89 €","3,85 €/L"
"Amaciador de roupa concentrado, sun fresh, 80 doses",Comfort,Garrafa de 2 l,"2,19 €","2,19 €/Unidade"
Quiche de legumes,*,155 g,"1,99 €","12,84 €/Kg"
Manteiga com sal,Mimosa,Embalagem de 130g,"1,35 €","5,40 €/Kg"
Palhinhas de papel,PorSi,25 unidades,"0,49 €","0,49 €/Unidade"
Mousse chocolate,PorSi,Embalagem de 150g,"0,55 €","3,67 €/Kg"
Ovos Classe L,PorSi,12 unidades,"0,84 €","0,84 €/Unidade"
Atum ao natural,Ramirez,Embalagem de 120g,"1,49 €","12,42 €/Kg"
Limpa e Lava Vidros Super Wiper,Leifeight,1 unidade,"1,99 €","1,99 €/Unidade"
"Alimento húmido para cão, galinha e cordeiro",Pedigree,Embalagem de 400g,"0,49 €","1,63 €/Kg"
Máquina Barbear Proglide Flexball Power,Gillette,1 unidade,"1,12 €","4,48 €/L"
"Alimento para cão adulto bio complex mix, com frango",HappyOne,Embalagem de 4 kg,"4,00 €","1,00 €/Kg"
Ovas bacalhau,PorSi,Embalagem de 500G,"4,29 €","8,58 €/Kg"
8 salsichas aves,PorSi,Embalagem de 200 g,"0,45 €","3,75 €/Kg"
Croissant simples,PorSi,Embalagem de 400g,"1,99 €","4,98 €/Kg"
Croissant recheado de cacau/avelã,PorSi,Embalagem de 315g,"1,99 €","4,98 €/Kg"
Creme de dia para pele normal,Labell,Embalagem de 50 ml,"1,99 €","39,80 €/L"
Sobremesa gelificada de laranja,PorSi,Embalagem de 4x100g,"0,89 €","2,23 €/Kg"
Fralda Cueca de Banho |Tamanho 5 - 11-18 kg,Pommette,unidade,"4,59 €","4,59 €/Unidade"
Cerveja c/ álcool radler,Sagres,pack 6 x 0.33 l,"3,75 €","1,89 €/L"
Tampão com Aplicador Pearl Regular,Tampax,Embalagem com 8 unidades,"1,49 €","1,49 €/Unidade"
Pota Inteira,Peixe Congelado,1 un= 200 gr (aprox.),"0,90 €","4,49 €/Kg"
Sopa de Cebola,PorSi,Embalagem de 62 g,"0,69 €","11,13 €/Kg"
Creme p/ Calçado Castanho,Búfalo,Embalagem de 40 ml,"2,49 €","31,13 €/L"
"Gel banho, Romã e Bambu",Labell,Embalagem de 750 ml,"3,24 €","4,32 €/L"
Rebuçados de mentol,PorSi,Embalagem de 250g,"0,99 €","4,95 €/Kg"
Café torrado e moído 16 pastilhas,Sical,Embalagem de 104g,"5,79 €","36,19 €/Kg"
Cerveja c/ álcool radler,Sagres,pack 6 x 0.33 l,"13,79 €","1,74 €/L"
"Argolas, brancas, autocolante, 160 unidades, 13 mm",Domédia,1 embalagem,"2,29 €","2,29 €/Unidade"
Bolachas cream cracker,PorSi,Embalagem de 200g,"1,59 €","3,18 €/Kg"
Crepe simples,PorSi,Embalagem de 630g,"2,99 €","9,06 €/Kg"
Filetes de pescada,Pescanova,Embalagem de 400g,"2,99 €","7,48 €/Kg"
Salsicha frango/arroz/cenoura,Bribon,Embalagem de 800g,"3,19 €","6,38 €/Kg"
Leite Bem Essencial cereais,Mimosa,Embalagem de 4 x 200 ml,"1,60 €","2,00 €/L"
Marmelada,PorSi,Embalagem de 450g,"0,89 €","1,98 €/Kg"
Barras fitness natural 141g,Nestle,Embalagem de 140g,"2,69 €","17,93 €/Kg"
Pastilhas trident fruit morango,Trident,Embalagem de 58 g,"2,29 €","39,48 €/Kg"
Lâmpada ecológica tubos 11w e14 ama bl1,Osram,1 unidade,"4,59 €","4,59 €/Unidade"
Vinagre de vinho branco,PorSi,Garrafa de 1 l,"0,49 €","0,98 €/L"
Sal do coração,Cemporcent,Embalagem de 100g,"3,69 €","36,90 €/Kg"
Loção Corpo Spa Goodness 3,Dove,Embalagem de 200 ml,"1,99 €","4,98 €/L"
Polvo limpo,PorSi,Embalagem de 1 kg,"8,99 €","11,24 €/Kg"
Faca de cozinha multiusos 12cm,Domédia,1 unidade,"5,99 €","5,99 €/Unidade"
Transportador sprint 1,Anivite,Embalagem de 1 unidades,"3,99 €","3,99 €/Unidade"
Cadeira Dobrável Bali Branca,Joluce,90 x 60 cm,"10,49 €","10,49 €/Unidade"
20 saquetas infusão camomila,Lipton,Embalagem de 10g,"0,59 €","17,88 €/Kg"
Spray limpeza casa de banho optimal 7,Ajax,Embalagem de 500 ml,"3,49 €","6,98 €/L"
Forma Desmontável 20x7 cm,Rioja IMF,1 unidade,"7,99 €","7,99 €/Unidade"
Café solúvel descafeinado,PorSi,Embalagem de 100G,"1,69 €","16,90 €/Kg"
Néctar 8 frutos,Bongo,Pack 3 x 200 ml,"0,79 €","0,79 €/L"
Azeite virgem extra seleção,PorSi,Garrafa de 750 ml,"2,84 €","3,79 €/L"
"Coloração permanente, óleo intensivo, castanho caram...",Syoss,1 unidade,"8,89 €","8,89 €/Unidade"
Gel de tratamento advantage,Clean&clea,Embalagem de 15 ml,"1,99 €","39,80 €/L"
Caixa com 12 aguarelas + pincel,Domédia,1 unidade,"0,49 €","0,49 €/Unidade"
Película Protect Extra Forte 4X5M,Tesa,1 unidade,"6,99 €","6,99 €/Unidade"
Vinho doc douro tinto,Papa Figos,Garrafa de 0.75 l,"5,59 €","7,45 €/L"
Loção tónica para pele seca,Labell,Embalagem de 250 ml,"5,49 €","5,49 €/Unidade"
Adoçante com doseador,PorSi,Embalagem 300 comprimidos,"5,38 €","5,38 €/Unidade"
"Forma papel para bolos, 8. 4cm",PorSi,Embalagem com 60 unidades,"0,99 €","0,99 €/Unidade"
Cadeira Dobrável Bali Branca,Joluce,90 x 60 cm,"15,99 €","15,99 €/Unidade"
Licor de anis,On Off,"Garrafa de 0,70 l","5,99 €","8,56 €/L"
Bolacha maria ruca doses,Vieira,Embalagem de 300g,"0,99 €","1,24 €/Kg"
Bacalhau Graúdo,Bacalhau da Noruega,1 un = 2.5 kg (aprox.),"11,99 €","7,99 €/Kg"
Papa infantil láctea 5 frutos +6 meses,Cerelac,Embalagem de 250g,"3,89 €","3,89 €/Kg"
"Empadinhas de galinha, 6 unidades",Top Budget,Embalagem de 250 g,"2,49 €","8,30 €/Kg"
Café em cápsulas dolce gusto galão,Nescafe,Embalagem de 16 cápsulas,"5,79 €","36,19 €/Kg"
Aperitivos de amendoim com sal e mel,Matutano,Embalagem de 150g,"1,99 €","9,95 €/Kg"
Leite c/ cacau 0%,Cacaolat,Garrafa de 1 l,"0,36 €","1,80 €/L"
Vela com número nº 9,PorSi,1 unidade,"0,49 €","0,49 €/Unidade"
Arroz basmati,PorSi,Embalagem de 1 kg,"0,89 €","0,89 €/Kg"
Aperitivos  fritos,Fritos,Embalagem 130G,"1,39 €","10,69 €/Kg"
Lindahls pro sol mor lima,Lindahls,Embalagem de 150g,"2,09 €","6,33 €/L"
Arroz basmati,Caçarola,Embalagem de 1 kg,"0,89 €","0,89 €/Kg"
Guardanapos com riscas verdes | Dim.: 33 x 33 cm,PorSi,Embalagem com 20 unidades,"0,99 €","0,99 €/Unidade"
Tabuleiro Forno com asas 37x27x5 cm,Rioja IMF,1 unidade,"4,39 €","4,39 €/Unidade"
Laca Cabelo Criação Textura,Tresemmé,Embalagem de 300 ml,"4,99 €","16,63 €/L"
Ambientador vela duo exotic baunilha,Air Wick,Embalagem de 210g,"6,99 €","33,29 €/Kg"
Refrigerante C/ Gás Zero,Coca-Cola,Garrafa de 1 l,"0,79 €","0,40 €/L"
"Tampão com aplicador, normal, compak, 20 unidades",Labell,1 embalagem,"1,49 €","1,49 €/Unidade"
Cerveja c/ álcool,Super Bock,pack 24 x 0.33 l,"13,79 €","1,74 €/L"
"Pensos incontinência, Media active men, 10 unidades",Labell Men,1 embalagem,"2,25 €","2,25 €/Unidade"
Faca de pão,Quittin,20 cm,"5,99 €","5,99 €/Unidade"
"Amaciador de roupa, frutos silvestres",Quanto,Embalagem de 4 l,"4,09 €","1,02 €/L"
Bebida amêndoa sem açúcar,Vivesoy,Embalagem de 1 l,"2,19 €","2,19 €/L"
After shave bálsamo sensitive,Labell Men,Embalagem de 100 ml,"1,12 €","4,48 €/L"
Licor de café,On Off,"Garrafa de 0,70 l","5,99 €","8,56 €/L"
Salada bacon,PorSi,Embalagem de 192 g,"2,89 €","15,05 €/Kg"
Forma Desmontável 28x7 cm,Rioja IMF,1 unidade,"7,99 €","7,99 €/Unidade"
"Refrigerante sem gás, laranja",Joi,"Garrafa de 1,5 l","1,08 €","0,72 €/L"
Lenços de Bolso Mini Disney,Kleenex,Pack 15 unidades,"1,99 €","1,99 €/Unidade"
Pure leaf bio hortelã pet,Pure Leaf,Garrafa de 1 l,"2,09 €","2,09 €/L"
Malga arroz pequena de barro pintada,Anitex,1 unidade,"4,39 €","4,39 €/Unidade"
Tomate cherry,*,1 un = 200 gr (aprox.),"0,80 €","3,99 €/Kg"
Pão de forma organic bio com sementes de linhaça e c...,Bimbo,Embalagem de 400g,"0,95 €","1,73 €/Kg"
Lixívia com detergente,PorSi,Embalagem de 2 l,"0,84 €","0,42 €/L"
Farinha p/ bolos extra fina,Nacional,Embalagem de 1 kg,"2,18 €","8,72 €/Kg"
Bolachas,Oreo,Embalagem de 220g,"1,00 €","3,25 €/Kg"
"Iogurte, sabor a morango",PorSi,Embalagem de 4 x 125 g,"1,99 €","2,07 €/Kg"
Concha de molhos de nylon cabo áqua,PorSi,1 unidade,"2,25 €","2,25 €/Unidade"
Cogumelos inteiros,PorSi,Embalagem de 355 g,"0,79 €","2,23 €/Kg"
"Refrigerante com gás cola zero, lata",Look,pack 6 x 0.33 l,"0,79 €","0,40 €/L"
"Bloco sanitário 5 em 1, Eucalipto",WC Pato,Embalagem de 41 g,"5,99 €","83,19 €/L"
Lava tudo antibacteriano herbal,PorSi,Garrafa de 1.5 l,"1,59 €","1,06 €/L"
Leite corporal nutri repair,Labell,Embalagem de 400 ml,"1,99 €","4,98 €/L"
"Engoma fácil, pistola",PorSi,Embalagem de 750 ml,"2,69 €","2,69 €/L"
Sacos Slide & Lock,Fino,"1 embalagem 15,L x15un","0,90 €","0,90 €/Unidade"
Refrigerante c/ gás laranja,Sumol,pack 4 x 1.25 l,"0,79 €","0,40 €/L"
Bolachas com geleia de laranja,Chabrior,Embalagem de 150 g,"1,14 €","7,60 €/Kg"
Chocolate Preto com Avelãs Inteiras,Cote D'or,Embalagem de 180g,"3,29 €","16,45 €/Kg"
Luvas Universal Pequeno/Médio,Vileda,1 unidade,"1,99 €","1,99 €/Unidade"
Queijo mascarpone,Páturages,Embalagem 250G,"1,99 €","7,96 €/Kg"
"Alimento para cão adulto bio complex, com frango",HappyOne,Embalagem de 4 kg,"4,00 €","1,00 €/Kg"
Twins,Gullon,pack 2 x 154 g,"1,00 €","3,25 €/Kg"
"Aditivo líquido para máquina  de lavar roupa, oxy5",X-TRA,"Embalagem de 1,2 l","11,99 €","11,99 €/Unidade"
Bolacha integral doce,Vieira,Embalagem de 180g,"0,71 €","3,55 €/Kg"
Gelatina melancia 10kcal 31g,Royal,Embalagem de 30g,"0,64 €","71,11 €/Kg"
Mini tostas integrais,PorSi,Embalagem de 180g,"1,45 €","4,14 €/Kg"
Arroz estufado,Caçarola,Embalagem de 1 kg,"0,89 €","0,89 €/Kg"
"Cerveja sem álcool, tara perdida",Super Bock,Pack 6 X 0.33 L,"5,99 €","3,03 €/L"
Spray depilatório homem,Veet,Garrafa de 150 ml,"10,99 €","73,27 €/L"
Escova de dentes max white média,Colgate,1 + 1 unidades,"3,49 €","3,49 €/Unidade"
"Pensos diários respirare, 44 unidades",Carefree,Uma embalagem,"2,79 €","2,79 €/Unidade"
Gel Banho Aroma Sensations So Dinamic,Palmolive,Embalagem de 500 ml,"3,24 €","4,32 €/L"
Iogurte líquido sabor frutos tropicais,Mimosa,Embalagem de 500 ml,"1,09 €","2,18 €/L"
"Bolachas relieve, mel e coco",PorSi,Embalagem de 700g,"1,99 €","6,63 €/Kg"
Bolachas starship chocolate,PorSi,Embalagem de 150g,"0,77 €","5,13 €/Kg"
Tequila jose cuervo especial gold,J.CUERVO,Garrafa de 700 ml,"8,99 €","12,84 €/L"
Pó baratas e formigas,Baygon,Embalagem de 250 g,"4,99 €","19,96 €/Kg"
Nestum flocos de cereais integrais,Nestum,Embalagem de 250g,"1,79 €","7,16 €/Kg"
Café moagem normal: intenso,Buondi,Embalagem de 220g,"2,99 €","13,59 €/Kg"
20 saquetas infusão de cidreira,Lipton,Embalagem de 20g,"0,59 €","17,88 €/Kg"
Refrigerante de lima-limão,Seven-up,Pack 4 x 1.25 l,"0,79 €","0,40 €/L"
Nectar vital equilibrio ananás/coco,Compal,Embalagem de 1 l,"0,79 €","0,79 €/L"
"Gel banho, peace",Axe,Embalagem de 400 ml,"4,99 €","12,48 €/L"
Café c/ cafeína intenso,Nescafe,Embalagem de 100g,"1,69 €","16,90 €/Kg"
Cereais estrelitas bolacha maria,Nestle,Embalagem de 270g,"2,09 €","3,34 €/Kg"
Gelado cart d'or chocolate e avelã,Olá,Garrafa de 1 l,"2,59 €","2,59 €/L"
Pão de forma sem côdea 100 % natural,Bimbo,Embalagem de 450g,"0,95 €","1,73 €/Kg"
Óleo de girassol,PorSi,garrafa de 3 litros,"1,59 €","1,59 €/L"
Massa de cotovelinhos,Nacional,Embalagem de 500g,"0,49 €","0,98 €/Kg"
Cappucinno,PorSi,Embalagem de 125 g,"1,99 €","15,92 €/Kg"
Vermute bianco,Mescatini,Garrafa de 1 l,"4,99 €","4,99 €/L"
Ovos classe l,PorSi,6 unidades,"0,84 €","0,84 €/Unidade"
Molho de maionese com alho e ervas,PorSi,Garrafa de 120 ml,"2,29 €","8,81 €/Kg"
Bolacha de água e sal júnior,Vieira,Embalagem de 160g,"2,09 €","13,40 €/Kg"
Esferográfica Preta Retratil 0.7mm,Mab,Embalagem com 1 un.,"1,59 €","1,59 €/Unidade"
Salsichas em lata,PorSi,Embalagem  de 120 g,"0,45 €","3,75 €/Kg"
5 folhas de gelatina incolor,PorSi,Embalagem de 9 g,"0,64 €","71,11 €/Kg"
Azeite virgem extra clássico,Serrata,Garrafa de 750 ml,"2,84 €","3,79 €/L"
Ração para gato júnior com frango,Purina One,Embalagem de 800 g,"3,49 €","1,75 €/Kg"
Loção extracare para bebé,Johnson's Baby,Embalagem de 500 ml,"4,99 €","9,98 €/L"
Água com gás,Vimeiro,pack 6 x 0.25 l,"1,74 €","1,74 €/L"
Bolacha craker multicereais,Tuc,Embalagem de 200g,"0,71 €","3,55 €/Kg"
28 mini bolinhas bacalhau,PorSi,Embalagem de 300 g,"2,49 €","8,30 €/Kg"
Gomas melões,Fini,Embalagem de 100 g,"0,89 €","8,90 €/Kg"
Capa de edredão rosa,Domédia,Dim.: 240 cm + Duas Fronhas,"14,99 €","14,99 €/Unidade"
Puré de batata,Maggi,Embalagem de 250g,"2,18 €","8,72 €/Kg"
Granola aveia fitness mel,Nestle,Embalagem de 300g,"3,39 €","11,30 €/Kg"
Pensos de Incontinência Ultra Mini Adulto,Labell,28 Unidades,"2,25 €","2,25 €/Unidade"
Caixa de arrumação reciclada,PorSi,20 litros,"5,49 €","5,49 €/Unidade"
Palmiers bio,PorSi Bio,100 g,"0,89 €","8,90 €/Kg"
Café solúvel gold,PorSi Select,Embalagem 100G,"1,69 €","16,90 €/Kg"
Escova Dentes Multi Action Média,Aquafresh,1 unidade,"3,49 €","3,49 €/Unidade"
Esfregão Fibra Verde Grande XXL Gama Classic,Scotch-Brite,Embalagem de 1 unidades,"1,64 €","1,64 €/Unidade"
Snack para gato mixed grill,Felix,Embalagem de 60 g,"1,69 €","33,80 €/Kg"
Queijo mozzarella ralado,PorSi,Embalagem de 200 g,"1,14 €","5,70 €/Kg"
Quinoa branca,PorSi Viva Bem,Embalagem de 200 g,"1,19 €","2,38 €/Kg"
Ervilhas,PorSi,Embalagem de 400 g,"2,99 €","7,48 €/Kg"
Molho 4 pimentas,PorSi,Embalagem de 120 ml,"2,29 €","8,81 €/Kg"
Cubos de tamboril,Mar Ibérica,Embalagem de 250 g,"2,99 €","7,48 €/Kg"
"Penso Higiénico Ultra Noite Plus, 12unidades",Carefree,Uma embalagem,"2,59 €","2,59 €/Unidade"
Cadeira Viana Branca,Joluce,90 x 60 cm,"10,49 €","10,49 €/Unidade"
Bolacha XL Chocolate e Aveia,Dancake,Embalagem de 200g,"0,77 €","5,13 €/Kg"
Caneca crazy dino,Do Art,1 unidade,"39,99 €","39,99 €/Unidade"
Sardinha em tomate,PorSi,Embalagem de 120g,"1,49 €","12,42 €/Kg"
Croutons azeite e alho,PorSi,Embalagem de 150g,"1,45 €","4,14 €/Kg"
Esparguete fino,Nacional,Embalagem de 500g,"0,49 €","0,98 €/Kg"
Creme abrasivo de limão,PorSi,Embalagem de 750 ml,"0,99 €","1,32 €/L"
Chupa bubble gum,Chupachups,Embalagem de 130g,"2,65 €","21,03 €/Kg"
Leite uht magro,Mimosa,Embalagem de 1 litro,"0,84 €","0,84 €/L"
Alimento seco p/ cão alta energia c/ frango,HappyOne,Embalagem de 4 kg,"4,00 €","1,00 €/Kg"
Cueca Incontinência Senhora S/M,Depend,1 embalagem = 10 unidades,"8,99 €","8,99 €/Unidade"
Papel vegetal 8m,Vileda,1 unidade,"0,90 €","0,90 €/Unidade"
Ambientador spray aerosol white bouquet,Air Wick,Garrafa de 240 ml,"2,49 €","10,38 €/L"
Meloa Gália,Fruta da Época,1 un = 1 kg (aprox.),"1,98 €","1,98 €/Kg"
Tarte de Flan,Pastelaria do Dia,embalagem com 650g,"3,59 €","5,52 €/Kg"
Esponja Autobrilhante Incolor,Búfalo,Unidade,"2,59 €","2,59 €/Unidade"
Cerveja c/ álcool,Super Bock,pack 24 x 0.20 l,"13,79 €","1,74 €/L"
Feijão vermelho,Caçarola,Embalagem de 500 g,"0,95 €","1,90 €/Kg"
Favas ultracongeladas,PorSi,Embalagem de 400g,"2,99 €","7,48 €/Kg"
Queijo fresco s/ lactose,Paiva,Embalagem de 130g,"1,49 €","5,96 €/Kg"
Puzzle Panorama Harry Potter,Clementoni,1000 peças,"12,99 €","12,99 €/Unidade"
"Gel banho + loção hidratante, romã",FA,Embalagem de 500 ml,"3,69 €","4,92 €/L"
Manga Térmica + Saca Rolhas,IMF,Dim.: 19x13x3 cm,"2,25 €","2,25 €/Unidade"
Lixívia tradicional,Lavandera,Garrafão de 2 litros,"0,84 €","0,42 €/L"
"Pensos diários, aloé vera, 58 unidades",Carefree,Uma embalagem,"2,79 €","2,79 €/Unidade"
Cerveja com álcool,Super Bock,Garrafa de 1 l,"13,79 €","1,74 €/L"
Tostas de trigo,PorSi,Embalagem 225G,"1,45 €","4,14 €/Kg"
Leite 0% lactose meio gordo,Mimosa,Embalagem de 200 ml,"1,99 €","1,99 €/L"
Máquina Depilatória Descartável Twin Lady,Bic,Embalagem com 10 un.,"1,99 €","1,99 €/Unidade"
Mel em frasco com doseador,PorSi,Embalagem de 500g,"3,89 €","7,78 €/Kg"
Película Aderente 60M,PorSi,1 unidade,"0,90 €","0,90 €/Unidade"
"Vinho bairrada, reserva, tinto",Selecção de Enófilos,Garrafa de 0.75 l,"1,99 €","2,65 €/L"
Ambientador para carro recarga for her,Ambipur,1 unidade,"4,99 €","4,99 €/Unidade"
Iogurte grego oikos stracciatella,Danone,Embalagem de 4 x 110 g,"1,19 €","2,38 €/Kg"
Soro fisiológico,Hidro,Embalagem de 60 ml,"0,85 €","3,40 €/L"
Açúcar em saquetas,PorSi,Embalagem 1K,"0,69 €","0,69 €/Kg"
"Pensos diários perfumados, em bolsa, 30 unidades",Labell,Uma embalagem,"2,79 €","2,79 €/Unidade"
Geleira vintage,Polisur,20 litros,"7,99 €","7,99 €/Unidade"
Leite uht meio gordo,Agros,Embalagem 1L,"0,55 €","0,55 €/L"
Iogurte grego yaos natural,Nestle,Embalagem de 450g,"5,76 €/Kg","5,76 €/Kg"
"Aperitivos, amendoins no forno",Matutano,Embalagem de 200g,"1,39 €","10,69 €/Kg"
Inseticida baratas e formigas,Dum Dum,Embalagem de 400 ml,"6,49 €","16,23 €/L"
Lanche Misto Bacon/Chourição,*,110 g,"0,99 €","9,00 €/Kg"
Lubrificante corrente bicicleta,Wd40,Embalagem de 100 ml,"8,99 €","35,96 €/L"
Aspirador p/ Vidros Windomatic,Vileda,,"2,39 €","4,78 €/L"
Ambientador para carro recarga open sky,Ambipur,1 unidade,"4,99 €","4,99 €/Unidade"
Tablete de chocolate leite,Nestle,Embalagem de 130g,"1,59 €","17,67 €/Kg"
Néctar light de manga/laranja prism,PorSi,Embalagem de 1 l,"1,49 €","1,49 €/L"
Chá verde pyr bring the boost,Lipton,Embalagem de 30g,"1,24 €","28,84 €/Kg"
Aguardente Vínica Velha,Curvada de Velha,Garrafa de 70 cl,"24,99 €","35,70 €/L"
Licor de amêndoa amarga,On Off,"Garrafa de 0,70 l","5,99 €","8,56 €/L"
Cereais bolas de milho com mel,Top Budget,Embalagem de 750 g,"2,09 €","3,34 €/Kg"
"Toucinho fumado, tiras",Top Budget,Embalagem de 300 g,"1,99 €","9,95 €/Kg"
Tampões Compak Pearl Super Com Aplicador,Tampax,16 unidades,"1,49 €","1,49 €/Unidade"
Gel de barbear styler,Gillette,Embalagem de 175 ml,"1,12 €","4,48 €/L"
Água destilada,Blandis,"Embalagem de 2,5 l","14,99 €","3,00 €/L"
Sopa de cebola económica,Knorr,Embalagem de 50g,"0,69 €","11,13 €/Kg"
Gel abrasivo ocean,Domestos,Garrafa de 700 ml,"0,99 €","1,32 €/L"
Yaos magro natural,Nestle,Embalagem de 4x110g,"1,19 €","2,38 €/Kg"
Forma Coração 26x23x5cm,Rioja IMF,1 unidade,"7,99 €","7,99 €/Unidade"
Gel Banho Apollo,Axe,Embalagem de 400 ml,"4,99 €","12,48 €/L"
"Escova dentes, total care, média",Reach/list,1 unidade,"3,49 €","3,49 €/Unidade"
"Lava e encera, fresco flôr",Novycera,Embalagem de 500 ml,"0,94 €","0,94 €/L"
Rebuçados peitorais,PorSi,Embalagem de 200g,"0,99 €","4,95 €/Kg"
Ovos Frescos Classe M,PorSi,24 unidades,"0,84 €","0,84 €/Unidade"
Ambientador carro recarga aqua,Ambipur,1 unidade,"4,99 €","4,99 €/Unidade"
Bolachas água e sal doces,Vieira,Embalagem de 170g,"0,71 €","3,55 €/Kg"
"Pensos diários, maxi, 36 unidades",Carefree,Uma embalagem,"2,79 €","2,79 €/Unidade"
Iogurte Pedaços Amoras/Mirtilo,PorSi,Embalagem 2X135 g,"1,29 €","2,58 €/Kg"
Comida Húmida para Gato Gelatinas com Carne,Felix,Embalagem de 4x100g,"2,99 €","9,97 €/Kg"
"Delta decaf. mu cx 3,520 kg - café torrado moído des...",Delta,Embalagem de 220g,"4,09 €","18,59 €/Kg"
Prateleira de canto,Metaltex,1 unidade,"5,49 €","5,49 €/Unidade"
Gomas de ursos com brilho,Fini,Embalagem de 100g,"0,89 €","8,90 €/Kg"
Rebuçados fruta,PorSi,Embalagem de 250g,"0,98 €","4,90 €/Kg"
Saco pasteleiro,Domédia,1 unidade,"2,25 €","2,25 €/Unidade"
Massa em espirais,PorSi,Embalagem de 500g,"0,49 €","0,98 €/Kg"
Fralda Cueca de Banho |Tamanho 4 - 6-12 kg,Pommette,,"4,59 €","4,59 €/Unidade"
Pudim flan,El mandari,Embalagem de 10g,"1,19 €","85,00 €/Kg"
Champô para mulher reparação intensiva,Linic,Embalagem de 400 ml,"1,99 €","4,98 €/L"
Vinho verde,Via Latina,Garrafa de 750 ml,"1,99 €","2,65 €/L"
Pão forma longa duração,PorSi,Embalagem de 550g,"0,95 €","1,73 €/Kg"
Pasta de atum,Fides,Embalagem de 90g,"0,69 €","7,84 €/Kg"
Cueca Incontinência Senhora L,Depend,1 embalagem = 9 unidades,"8,99 €","8,99 €/Unidade"
"Amaciador de roupa, rosas",Quanto,Embalagem de 4 l,"4,09 €","1,02 €/L"
Intensificador de perfume em gel para a roupa romanc...,Quanto,300 ml,"7,49 €","6,24 €/L"
Água s/ gás frutos vermelhos,Luso,Garrafa de 1 l,"1,04 €","0,17 €/L"
10 saquetas infusão de cidreira,Lipton,Embalagem de 20g,"0,59 €","17,88 €/Kg"
Napolitas creme baunilha,PorSi,Embalagem de 320g,"1,99 €","4,98 €/Kg"
Wc lixivia gel ultra,Domestos,Garrafa de 750 ml,"0,84 €","0,42 €/L"
8 rissois de camarão,Terra de Sabores,Embalagem de 300G,"2,49 €","8,30 €/Kg"
Arroz agulha,Saludães,Embalagem de 1kg,"0,89 €","0,89 €/Kg"
Paté de sardinha,PorSi,Embalagem de 4 x 22 g,"0,69 €","7,84 €/Kg"
Guarda Sol Poliester,Pandicamp,Dim.: 2.7 m,"39,99 €","39,99 €/Unidade"
Hamburgueres de porco,Capitão Iglo,Embalagem de 300g,"1,99 €","6,22 €/Kg"
Vinho verde,Felgueiras,Garrafa de 0.75 l,"1,99 €","2,65 €/L"
Cerveja com álcool abadia,Super Bock,pack 6 x 0.33 l,"13,79 €","1,74 €/L"
Espreguiçadeira lena azul 190 x 66 x 42 cm,Joluce,1 unidade,"10,49 €","10,49 €/Unidade"
Azeite virgem extra dop moura,PorSi Select,Embalagem de 0.75L,"2,84 €","3,79 €/L"
"Kit dentário, infantil",Labell,1 unidade,"0,99 €","0,99 €/Unidade"
Wafer cacau cubos,Vieira,Embalagem de 100g,"0,71 €","3,38 €/Kg"
Moscatel de setúbal,Selecção de Enófilos,"Garrafa de 0,75 l","5,99 €","7,99 €/L"
Toalhitas Bebé Natural,Huggies,Embalagem com 56 unidades,"3,59 €","3,59 €/Unidade"
Queijo flamengo fatiado,PorSi,Embalagem de 200G,"1,04 €","5,20 €/Kg"
Bacalhau Especial,Bacalhau da Noruega,1 un = 4 kg (aprox.),"11,99 €","7,99 €/Kg"
Coleira simples 20x440mm,Anivite,1 unidade,"8,68 €","8,68 €/Unidade"
12 Preservativos Adapta Finíssimo,Control,,"4,49 €","4,49 €/Unidade"
Ambientador recarga oasis turquesa,Air Wick,Garrafa de 250 ml,"4,99 €","19,96 €/L"
Infusão lúcia lima,PorSi,Embalagem de 35 g,"0,59 €","17,88 €/Kg"
Reparador de móveis normal,PorSi,Embalagem de 200 ml,"1,79 €","8,95 €/L"
Tampões Super Plus Compak Pearl,Tampax,16 unidades,"1,49 €","1,49 €/Unidade"
Bolacha maria ruca doses,Vieira,Embalagem de 300g,"2,09 €","13,40 €/Kg"
Chocolate de leite e amêndoas,Milka,Embalagem de 125g,"1,89 €","15,12 €/Kg"
Pizza 4 estações,PorSi,Embalagem de 350g,"1,99 €","5,38 €/Kg"
"Tabuleiro Forno 29x21x3,5 cm",Rioja IMF,1 unidade,"4,39 €","4,39 €/Unidade"
Champô men anti-queda,Linic,Embalagem de 400 ml,"4,99 €","12,48 €/L"
"Gomas bites pica, de morango",Fini,Embalagem de 100g,"0,89 €","8,90 €/Kg"
Marcadores para colorir,Domédia,embalagem com 18 unidades,"0,49 €","0,49 €/Unidade"
Cadeira Dobrável Antracite,Joluce,1 unidade,"10,49 €","10,49 €/Unidade"
Vinagre de vinho tinto,PorSi,Garrafa de 500 ml,"0,49 €","0,98 €/L"
Guardanapos com riscas azuis | Dim.: 33 x 33 cm,PorSi,Embalagem com 20 unidades,"0,99 €","0,99 €/Unidade"
Colchonete em Espuma,Saurium,"Dim.: 180x60x1,2 cm","5,99 €","5,99 €/Unidade"
Limpa vidros azul,PorSi,Embalagem de 1 l,"2,99 €","0,60 €/L"
Tisana de chá verde/limão light,Pleno,"Garrafa de 1,5 l","1,08 €","0,72 €/L"
Mimos de pescada do cabo,Pescanova,Embalagem de 360g,"2,99 €","7,48 €/Kg"
Wc lixivia gel pink,Domestos,Garrafa de 750 ml,"1,74 €","0,35 €/L"
Borracha para desenho técnico,Domédia,1 unidade,"0,49 €","0,49 €/Unidade"
Pack festival,Saurium,Pack tenda + saco cama + colchonete,"14,99 €","14,99 €/Unidade"
Água s/ gás,S.estrela,Garrafão de 6L,"1,04 €","0,17 €/L"
Baton Lipstick Classic,Johnson's,"Embalagem de 4,9 gr","3,49 €","46,53 €/L"
Abacate categoria II,Fruta do Dia,Embalagem de 300 g,"1,99 €","6,63 €/Kg"
"Líquido para ferro de engomar, rosas",PorSi,Embalagem de 2 l,"2,69 €","2,69 €/L"
"Refeição pronta, boião de legumes e vitela",Bledina,Embalagem de 200g,"1,59 €","8,37 €/Kg"
"Ração para gato adulto com vaca, frango",Friskies,Embalagem de 4kg,"3,49 €","1,75 €/Kg"
Iogurte activia cremoso coco,Danone,Embalagem de 4 x 120 g,"1,19 €","2,38 €/Kg"
"Tampão com aplicador, super compak, 20 unidades",Labell,1 embalagem,"1,49 €","1,49 €/Unidade"
Polvo limpo,PorSi,Embalagem de 800 g,"8,99 €","11,24 €/Kg"
Colher com mola para gelado 22 cm inox,*,1 un.,"2,25 €","2,25 €/Unidade"
Pizza romana,PorSi,Embalagem de 370g,"1,99 €","5,38 €/Kg"
Gel Barbear Mach3 Conforto Extra,Gillette,Embalagem de 200 ml,"1,12 €","4,48 €/L"
Limpa Máquina Loiça Regular,Finish,,"4,99 €/Unidade","4,99 €/Unidade"
Toalhitas Bebé Pure,Huggies,Embalagem de 56 Unidades,"3,59 €","3,59 €/Unidade"
Espuma Irresistível Volume,Tresemmé,Embalagem de 200 ml,"4,99 €","16,63 €/L"
Bolacha de água e sal júnior,Vieira,Embalagem de 160g,"0,71 €","3,55 €/Kg"
Cereais estrelitas,Nestle,Embalagem de 300g,"2,09 €","3,34 €/Kg"
Sumo 100% maçã,Compal,1 litro,"0,99 €","0,66 €/L"
Cereais fitness e fruits,Nestle,Embalagem de 380g,"3,39 €","11,30 €/Kg"
"Trela corrente, cromada, 120x3,5 cm",Anivite,1 unidade,"8,68 €","8,68 €/Unidade"
"Frigideira anti-aderente, 28cm",PorSi,1 unidade,"7,99 €","7,99 €/Unidade"
"Champô mulher, cabelos suaves",Linic,Embalagem de 400 ml,"1,99 €","4,98 €/L"
Massa de cotovelinhos,PorSi,Embalagem de 500g,"0,49 €","0,98 €/Kg"
Óleo alimentar,Fula,Embalagem 1L,"1,59 €","1,59 €/L"
Alimento lácteo banana morango +8 meses,Yogolino,Embalagem de 90g,"0,99 €","11,00 €/Kg"
Tortellini Boletus Edulis,Rana,Embalagem de 250 g,"2,24 €","8,96 €/Kg"
18 hamburguers s/ glúten vaca,Capitão Iglo,Pack familiar com 1.4 kg,"1,99 €","6,22 €/Kg"
Wc lixívia gel original,Domestos,Garrafa de 750 ml,"2,49 €","3,32 €/L"
Bambolitos brancos,PorSi,Embalagem de 150g,"0,69 €","4,60 €/Kg"
Creme vegetal para culinária,PorSi,Embalagem de 1 kg,"1,39 €","1,39 €/Kg"
"Vinho Bairrada, Tinto",Selecção de Enófilos,Garrafa de 0.75 l,"1,99 €","2,65 €/L"
Coco ralado bio,PorSi Bio,Embalagem de 200 g,"1,25 €","6,25 €/Kg"
Bacalhau desfiado,PorSi,Embalagem de 500g,"4,29 €","8,58 €/Kg"
Gel de Banho Naturals Macadâmia,Palmolive,Embalagem de 500 ml,"3,69 €","4,92 €/L"
Bolacha shortcake,Nacional,Embalagem de 180g,"1,49 €","5,96 €/Kg"
Noodle banzai carne,Cigala,Embalagem de 70g,"0,49 €","0,98 €/Kg"
Sobremesa láctea com chocolate e drageias de chocola...,Páturages,Embalagem de 4X120 g,"0,89 €","4,45 €/Kg"
Gelatina pronta a comer light 10 kcal mirtilo,Royal,Embalagem de 4 x 100 g,"0,89 €","2,23 €/Kg"
Salmão Fumado da Escócia,PorSi Select,Embalagem de 200 g,"3,99 €","49,88 €/Kg"
Mini tostas trigo super finas,PorSi,Embalagem de 100 g,"1,45 €","4,14 €/Kg"
"Cera de depilação oriental, pote",Labell,Embalagem de 250 ml,"4,99 €","19,96 €/L"
Yoggi iogurte liquido smoodi mirtilo banana,Nestle,Embalagem de 315g,"1,09 €","2,18 €/L"
Cereais argolas de mel,PorSi,Embalagem de 375 g,"2,09 €","3,34 €/Kg"
"Gel barbear, proglide 2em1 Sport",Gillette,Embalagem de 170 ml,"1,12 €","4,48 €/L"
Shine kids maça shine pt,Shine,Embalagem de 300g,"4,99 €","16,63 €/Kg"
Batata frita churrasco,PorSi,Embalagem de 185 g,"0,88 €","5,03 €/Kg"
Batata frita com sal,Ruffles,Embalagem de 300g,"2,29 €","7,63 €/Kg"
"Gel banho, sport marine",Labell Men,Embalagem de 250 ml,"4,99 €","12,48 €/L"
Arroz Carolino,Saludães,Embalagem de 1 kg,"0,89 €","0,89 €/Kg"
Biscoitos canudinho recheio cacau,PorSi,Embalagem de 300g,"1,99 €","6,63 €/Kg"
Dentifríco 2 em 1 original,Theramed,Embalagem de 75 ml,"1,99 €","26,53 €/L"
Lixívia Tradicional,PorSi,Embalagem de 5 l,"1,74 €","0,35 €/L"
Azeite,Oliveira da Serra,Embalagem de 750 ml,"2,84 €","3,79 €/L"
"Desmaquilhante, olhos, lábios, prava de água",Labell,Embalagem de 150 ml,"3,99 €","26,60 €/L"
Leite bem essencial chocolate,Mimosa,Embalagem de 200 ml,"0,36 €","1,80 €/L"
Cajus tostados no forno,Matutano,Embalagem de 90g,"1,39 €","10,69 €/Kg"
Cereais choco max,Nacional,Embalagem de 300 g,"2,09 €","3,34 €/Kg"
Isqueiro a gás piezzo,Domédia,1 unidade,"2,25 €","2,25 €/Unidade"
Aperitivos chilli pepper,Doritos,Embalagem de 150g,"1,39 €","10,69 €/Kg"
"Máquina depiladora descartável, Body men",Gillette,Embalagem de 3 unidades,"6,99 €","6,99 €/Unidade"
Comida húmida para gato duplo prazer com peixe do oc...,Gourmet Gold,Embalagem de 90g,"2,99 €","9,97 €/Kg"
Comida húmida para gato seleção de carnes,Gourmet mp,Embalagem de 300g,"2,99 €","9,97 €/Kg"
Creme depilatório naturals,Veet,Garrafa de 200 ml,"10,99 €","73,27 €/L"
Néctar clássico de pera,Compal,Garrafa de 200 ml,"0,79 €","0,79 €/L"
Chocolate negro praline truffle,Cote D'or,Embalagem de 190g,"3,29 €","16,45 €/Kg"
Manteiga magra,PorSi,Embalagem de 250g,"1,35 €","5,40 €/Kg"
Caixa de limpeza para aparelho dentário,Labell,1 unidade,"4,19 €","4,19 €/Unidade"
Massa bagos,PorSi,Embalagem de 250g,"0,49 €","0,98 €/Kg"
Café nyeri quénia moagem universal,Sical,Embalagem de 220g,"2,99 €","13,59 €/Kg"
Refrigerante sem gás de manga/laran,Joi,"Garrafa de 1,5 l","1,08 €","0,72 €/L"
Leite uht gordo,Mimosa,Embalagem de 1 litro,"0,74 €","0,74 €/L"
Iglo Pop Up 2 Pessoas,Saurium,1 un.,"14,99 €","14,99 €/Unidade"
Sopa caseira de feijão encarnado,Knorr,Embalagem de 100g,"0,69 €","11,13 €/Kg"
Bolachas belgas manteiga,PorSi,Embalagem de 250g,"1,49 €","5,96 €/Kg"
Tampa para garrafas de vinho ou champgne,Quittin,1 unidade,"3,75 €","3,75 €/Unidade"
Vinho branco monbazillac  2012,Expertclub,Garrafa de 750 ml,"4,89 €","6,52 €/L"
"Vinho DOC Dão, Tinto",Selecção de Enófilos,"Garrafa de 1,5 L","2,99 €","3,99 €/L"
Body Milk in Shower,Labell,Embalagem de 250 ml,"1,99 €","4,98 €/L"
Shine kids cacau shine pt,Shine,Embalagem de 300g,"4,99 €","16,63 €/Kg"
Rebuçado recheio morango,PorSi,Embalagem de 250g,"0,98 €","4,90 €/Kg"
Supersoaker piranha,Nerf,1 un.,"12,99 €","12,99 €/Unidade"
"Iogurte sabor morango, banana e tutti frutti",Danone,Embalagem de 8 x 120 g com 1 grátis,"1,99 €","2,07 €/Kg"
Spray Ondas Imperfeitas,Tresemmé,Embalagem de 200 ml,"4,99 €","16,63 €/L"
Gelado viennetta morango,Olá,Embalagem de 650 ml,"2,59 €","2,59 €/L"
Gel Banho Cool Maracujá,B.U.,Embalagem de 250 ml,"3,24 €","4,32 €/L"
Vinho rosé,Mateus,Garrafa de 750 ml,"3,19 €","4,25 €/L"
Snacks para Cão Markies Mini,Pedigree,Embalagem de 500 g,"3,19 €","6,38 €/Kg"
Polpa de tomate com cebola e alho,Compal,Embalagem de 500g,"1,79 €","4,48 €/L"
Shampo automóvel laranja,PorSi,Embalagem de 5 l,"2,99 €","0,60 €/L"
Ice tea pêssego,Lipton,Garrafa de 2 l,"1,08 €","0,72 €/L"
Sobremesa Paturette Creamy Chocolate,Páturages,Embalagem de 4X115G,"0,95 €","1,58 €/Kg"
Conjunto 3 Utensílios p/Churrasco c/Espátula + Garfo...,Bbq,1 embalagem,"4,99 €","4,99 €/Unidade"
"Sopa gourmet, cogumelos",Knorr,Embalagem de 60g,"0,69 €","11,13 €/Kg"
Queijo fatiado cheddar,PorSi,Embalagem de 150 g,"1,04 €","5,20 €/Kg"
Sacos do lixo de 50 litros 100% reciclado,Silvex,15 sacos,"1,09 €","1,09 €/Unidade"
Discos Sanitários Activos Recarga Eucalipto,WC Pato,Embalagem de 2x36 ml,"5,99 €","83,19 €/L"
Água tónica premium mediterranean,Fever-Tree,Garrafa de 500 ml,"3,72 €","7,44 €/L"
Esferográfica Azul Retratil 0.7mm,Mab,Embalagem com 1 un.,"1,59 €","1,59 €/Unidade"
Sopa de bróculos/couve flor,Knorr,Embalagem de 60g,"0,69 €","11,13 €/Kg"
"Sabonete sólido, mel",Feno,Embalagem de 360g,"2,49 €","6,92 €/Kg"
Alimento p/ Roedores Menu Aroma: Hamsters,Vitakraft,Embalagem de 1Kg,"2,58 €","2,58 €/Kg"
Água sem gás,PorSi,Pack de 6 x 0.33 l,"1,04 €","0,17 €/L"
Mousse de chocolate leite,Páturages,Embalagem de 4x60 g,"0,95 €","1,58 €/Kg"
Wafers framboesa cubos,Vieira,Embalagem de 130g,"0,71 €","3,38 €/Kg"
Leite uht gordo,Mimosa,Embalagem de 200 ml,"0,74 €","0,74 €/L"
Base de guarda sol em plástico 16 litros,Joluce,1 unidade,"39,99 €","39,99 €/Unidade"
Inseticida elétrico melga e mosca,Dum Dum,1 unidade,"8,16 €","13,60 €/L"
Creme autobrilhante castanho,Splendor,40 ml,"2,59 €","2,59 €/Unidade"
Tampão com Aplicador Pearl Super Plus,Tampax,24 Unidades,"1,49 €","1,49 €/Unidade"
Néctar vital equilibrio manga/laranja,Compal,Embalagem de 1 l,"1,49 €","1,49 €/L"
"Carregador venus breese, 4 unidades",Gillette,1 embalagem,"6,99 €","6,99 €/Unidade"
Máquina depiladora regular venus,Gillette,Uma unidade,"6,99 €","6,99 €/Unidade"
Creme abrasivo com lixívia,Apta,Embalagem de 750 ml,"0,99 €","1,32 €/L"
"Pasta dentífrica, proteção branqueador",Labell,Embalagem de 75 ml,"1,49 €","19,87 €/L"
Pedaços de tamboril,PorSi,Embalagem de 500G,"2,99 €","7,48 €/Kg"
Fralda Recém Nascido T2 |3-6 kg,Chelino,Embalagem 28 Unidades,"6,39 €","6,39 €/Unidade"
Feijão manteiga caçarola,Cacarola,Embalagem de 500g,"0,95 €","1,90 €/Kg"
Creme de fixação para dentaduras,Labell,Embalagem de 50 g,"4,19 €","4,19 €/Unidade"
"Queijo light, mini",Babybel,Embalagem de 120g,"2,09 €","17,42 €/Kg"
Aperitivos de amendoim com sal e mel,Matutano,Embalagem de 150g,"1,39 €","10,69 €/Kg"
"Gel depilatório, peles sensiveis",Labell,Embalagem de 200 ml,"10,99 €","73,27 €/L"
"Esquadro, 21 cm 60.",Domédia,1 unidade,"0,49 €","0,49 €/Unidade"
Arroz agulha,Caçarola,Embalagem de 1 kg,"0,89 €","0,89 €/Kg"
"Queijo flamengo, ralado",Terra Nostra,Embalagem de 150g,"1,14 €","5,70 €/Kg"
Lubrificante bicicleta,Wd40,250 ml,"8,99 €","35,96 €/L"
Sumo essencial de pêssego,Compal,pack 3 x 0.11 l,"0,79 €","0,79 €/L"
Piri piri,Calve,Garrafa de 50 ml,"2,29 €","8,81 €/Kg"
Yaos iogurte grego natural,Nestle,Embalagem de 4x110g,"5,76 €/Kg","5,76 €/Kg"
Gelatina de ananás,PorSi,Embalagem de 170g,"0,64 €","71,11 €/Kg"
"Fralda Ecológica, tamanho 3, 4-9 kg",Pommette,32 Unidades,"6,39 €","6,39 €/Unidade"
Cadeira Viana Verde,Joluce,90 x 60 cm,"15,99 €","15,99 €/Unidade"
"Queijo fresco, grande",PorSi,Embalagem de 250 g,"1,49 €","5,96 €/Kg"
Papa infantil para preparar com leite +6 meses,Cerelac,Embalagem de 250g,"3,89 €","3,89 €/Kg"
Bolachas cookies choco,Milka,Embalagem de 170g,"0,77 €","5,13 €/Kg"
Tabuleiro Inox,IMF,"Dim.:34,5X26X4,5cm","4,39 €","4,39 €/Unidade"
Fermento padeiro 44g condi,Condi,Embalagem de 40g,"0,95 €","6,33 €/Kg"
Soja nacos,PorSi Viva Bem,Embalagem de 400 g,"1,49 €","3,73 €/Kg"
Leite aromatizado com sabor a cerea,Mimosa,Embalagem de 200 ml,"1,60 €","2,00 €/L"
"Vinho doc loureiro, verde",Selecção de Enófilos,Garrafa de 0.75 l,"1,99 €","2,65 €/L"
Leite de pastagem magro,Terra Nostra,Embalagem de 1 litro,"0,84 €","0,84 €/L"
Refrigerante sem gás laranja,Trina,"Garrafa de 1,5 l","1,08 €","0,72 €/L"
Sabonete extra suave de limão,Labell,Embalagem de 2x100 g,"2,49 €","6,92 €/Kg"
Marcadores para colorir,Domédia,embalagem com 12 unidades,"0,49 €","0,49 €/Unidade"
Guarda Sol Poliester,Pandicamp,Dim.: 2.7 m,"15,99 €","15,99 €/Unidade"
Comida húmida cão -10kg controlo peso peru/cenoura |...,Purina One,4x100 g,"0,49 €","1,63 €/Kg"
Sobremesa Paturette Caramelo,Páturages,Embalagem de 4x115g,"0,95 €","1,58 €/Kg"
"Aditivo para máquina de roupa, líquido branco",X-TRA,"Embalagem de 1,2 l","7,49 €","6,24 €/L"
Refresco em pó de laranja,Tang,Embalagem de 30g,"0,64 €","16,00 €/Kg"
Concha nylon,Domédia,1 unidade,"5,99 €","5,99 €/Unidade"
Iogurte activia frutos secos cereais,Danone,Embalagem de 4 x 120 g,"2,29 €","4,77 €/Kg"
Danacol frutos exóticos,Danone,Embalagem de 6 x 100 g,"2,99 €","4,98 €/Kg"
"Pensos de incontinência, Maxi Noite, 12 unidades",Labell,Uma embalagem,"2,25 €","2,25 €/Unidade"
Ice tea limão,Lipton,pack 6 x 0.25 l,"1,08 €","0,72 €/L"
Polpa de maracuja,PorSi,Embalagem de 565g,"2,99 €","5,29 €/Kg"
Vela com número nº 8,PorSi,1 unidade,"0,49 €","0,49 €/Unidade"
Água s/ gás,Luso,Garrafa de 7 l,"1,04 €","0,17 €/L"
Vinagre de vinho branco envelhecido,PorSi,Garrafa 250ML,"0,49 €","0,98 €/L"
Chocolate culinário,Pantagruel,Embalagem de 200g,"1,66 €","8,30 €/Kg"
Detergente liquido loiça limão,PorSi,Garrafa de 1 litro,"0,68 €","0,68 €/L"
Barras fitness com morango,Nestle,Embalagem de 140g,"3,39 €","11,30 €/Kg"
"Tampão com aplicador compak, normal, 16 unidades",O.B.,1 embalagem,"1,49 €","1,49 €/Unidade"
Ambientador vela gota baunilha,Air Wick,Embalagem de 1 unidades,"6,99 €","33,29 €/Kg"
Comida húmida para gato seleção de aves,Gourmet mp,Embalagem de 300g,"2,99 €","9,97 €/Kg"
Iogurte líquido dan'up lima e limão,Danone,Embalagem com 4 x 155 g,"1,09 €","2,18 €/L"
Mel em frasco de vidro,PorSi,Embalagem de 250g,"3,89 €","7,78 €/Kg"
Vinho branco península de setúbal,Periquita,Garrafa de 0.75 l,"4,99 €","6,65 €/L"
Passador com rede inox 14cm,Domédia,1 unidade,"2,25 €","2,25 €/Unidade"
Bolachas waffers morango,PorSi,Embalagem de 210g,"0,71 €","3,38 €/Kg"
Chocolate negro,Cote D'or,Embalagem de 200g,"3,29 €","16,45 €/Kg"
Saco de boxe anti-stress,Olivo,1 unidade,"12,99 €","12,99 €/Unidade"
Flan sabor a baunilha com caramelo,PorSi,Embalagem de 6 x 100 g,"0,95 €","1,58 €/Kg"
Gomas mágicas,Fini,Embalagem de 100g,"0,89 €","8,90 €/Kg"
Gel de Banho Gentle Exfoliating,Dove,Embalagem de 750 ml,"3,69 €","4,92 €/L"
Adoçante comprimidos,PorSi,Embalagem de 250 saquetas,"5,38 €","5,38 €/Unidade"
Biscoitos canudinho simples,PorSi,Embalagem de 300g,"1,99 €","6,63 €/Kg"
"Batata frita, queijo e ervas",PorSi,Embalagem de 190g,"0,88 €","5,03 €/Kg"
Palitos redondos,PorSi,Embalagem de 250 unidades,"0,75 €","0,75 €/Unidade"
Alimento p/ cão adulto bio complex c/ frango,HappyOne,Embalagem de 10 kg,"4,00 €","1,00 €/Kg"
Chá verde menta,PorSi,Embalagem de 43.7 g,"1,24 €","28,84 €/Kg"
Molho de alho,Calve,Embalagem de 260g,"2,29 €","8,81 €/Kg"
Vela com número nº 1,PorSi,1 unidade,"0,49 €","0,49 €/Unidade"
Furador com 2 furos,Domédia,1 unidade,"2,29 €","2,29 €/Unidade"
Café em cápsulas dolce gusto ardenza,Nescafe,Embalagem de 110g,"5,79 €","36,19 €/Kg"
Borracha branca gigante,Domédia,1 unidade,"2,29 €","2,29 €/Unidade"
Desodorizante Spray Invisible Black & White Fresh,Nivea,Embalagem de 150 ml,"3,69 €","24,60 €/L"
Vegan protein mix banana bio shine pt,Shine,Embalagem de 250g,"0,89 €","8,90 €/Kg"
Maionese magra em frasco,Hellmman's,Embalagem de 460g,"2,29 €","8,81 €/Kg"
"Sumo 100% fresh, laranja",Compal,Embalagem de 200 ml,"0,99 €","0,66 €/L"
Faca de cozinha para carne 20cm,Domédia,1 unidade,"5,99 €","5,99 €/Unidade"
Bolacha chocomax mini,Nacional,Embalagem de 120 g,"0,77 €","5,13 €/Kg"
Batata frita camponesa,PorSi,Embalagem de 175 g,"0,88 €","5,03 €/Kg"
Dentifríco anti-tártaro + branqueador,Colgate,Embalagem de 75 ml,"1,49 €","19,87 €/L"
Cubos pão trigo tostado,PorSi,Embalagem de 150g,"1,45 €","4,14 €/Kg"
Iogurte morango 000%,PorSi Viva Bem,Embalagem de 4 x 125 g,"1,29 €","2,58 €/Kg"
"Amaciador para roupa, concentrado pure, 52+8 doses",Comfort,"Garrafa de 1,5 l","2,19 €","2,19 €/Unidade"
Espumoso moscato,Selecção de Enófilos,"Garrafa de 0,75 l","3,99 €","5,32 €/L"
Leite condensado magro,Nestle,Embalagem de 390g,"1,79 €","4,59 €/Kg"
"Tampão normal, 32 unidades",Labell,1 embalagem,"1,49 €","1,49 €/Unidade"
Película Protect Normal 4X5M,Tesa,1 unidade,"6,99 €","6,99 €/Unidade"
20 saquetas infusão limão gengibre,Lipton,Embalagem de 40g,"2,19 €","73,00 €/Kg"
Inseticida elétrico Apa & Recarga,Raid,Embalagem de 3x21 ml,"8,16 €","13,60 €/L"
Bacalhau à Brás,PorSi,Embalagem de 1 kg,"6,89 €","6,89 €/Kg"
Comida húmida para cão em saquetas de frango/borrego,Purina One,Embalagem de 400g,"0,49 €","1,63 €/Kg"
Detergente pastilhas p/ Máquina Loiça Platinum Azul,Fairy,Embalagem de 16 unidades,"4,99 €/Unidade","4,99 €/Unidade"
Saca rolhas de rosca,Domédia,1 unidade,"2,25 €","2,25 €/Unidade"
Bolacha digestive aveia 258g,Vieira,Embalagem de 258 g,"0,71 €","3,55 €/Kg"
Gressinos com sésamo,PorSi,Embalagem de 250 g,"1,45 €","4,14 €/Kg"
Gelatina frutos tropicais  10kcal,Royal,Embalagem de 30g,"0,64 €","71,11 €/Kg"
Leite uht magro,Gresso,Embalagem de 1 litro,"0,84 €","0,84 €/L"
"Alimento húmido para cão, Almôndegas de Carnes",Top Budget,Embalagem de 1230g,"0,49 €","1,63 €/Kg"
15 panadinhos de peixe,PorSi,Embalagem de 450 g,"2,99 €","7,48 €/Kg"
Pescada do Pacífico,Peixe Congelado,"Congelada de 1 a 1,5 kg","0,90 €","4,49 €/Kg"
Ice tea de limão,PorSi,Embalagem de 2 l,"1,08 €","0,72 €/L"
"Dentifríco 2 em 1, hálito puro",Theramed,Embalagem de 75 ml,"1,99 €","26,53 €/L"
12 douradinhos forníssimo,Capitão Iglo,Embalagem de 300g,"3,99 €","13,30 €/Kg"
Tablete de chocolate,Chabrior,Embalagem de 250 g,"0,69 €","4,60 €/Kg"
Bolachas oreo,Oreo,Embalagem de 440g,"1,00 €","3,25 €/Kg"
Creme de dia para pele seca,Labell,Embalagem de 50 ml,"1,99 €","39,80 €/L"
Batata para fritar,*,Embalagem de 3 kg,"1,77 €","0,59 €/Kg"
Noz com casca 28/30,Frutos secos,1 un = 200 gr (aprox.),"0,80 €","3,99 €/Kg"
Pão de forma 100% natural,Bimbo,Embalagem de 460g,"0,95 €","1,73 €/Kg"
20 saquetas chá de pêssego manga,Lipton,Embalagem de 40g,"2,19 €","73,00 €/Kg"
Saca-rolhas,Quittin,1 unidade,"3,75 €","3,75 €/Unidade"
Néctar clássico tutti-frutti,Compal,Embalagem de 1 l,"0,79 €","0,79 €/L"
Bolachas waffers baunilha,PorSi,Embalagem de 210g,"0,71 €","3,38 €/Kg"
"Limpa vidros, espelhos, pistola",Mr. Muscle,Embalagem de 500 ml,"2,39 €","4,78 €/L"
Espreguiçadeira laoma,Safety 1st,1 unidade,"9,99 €","9,99 €/Unidade"
Lipton limão zero pet,Lipton,Garrafa de 2 l,"1,08 €","0,72 €/L"
Biscoito para cão nuggets,Purina One,Embalagem de 90g,"3,19 €","6,38 €/Kg"
Mostarda top down,Savora,Embalagem de 250g,"2,29 €","8,81 €/Kg"
Palitos super finos,PorSi,Embalagem de 85 unidades,"0,75 €","0,75 €/Unidade"
Nata para culinária ligeira,Mimosa,Embalagem de 200 ml,"0,74 €","3,70 €/L"
Creme para calçado preto,Splendor,80 ml,"2,49 €","31,13 €/L"
Cereais golden e crispy,PorSi,Embalagem de 375 g,"2,09 €","3,34 €/Kg"
"Alimento para gato, Almôndegas de carne",Top Budget,Embalagem de 410g,"2,99 €","9,97 €/Kg"
Argolas do mar,Pescanova,Embalagem de 400g,"8,99 €","11,24 €/Kg"
Anti-Traça Maçã,Dum Dum,3 Unidades,"4,49 €","4,49 €/Unidade"
Inseticida Elétrico Night&Day Pack Duplo,Raid,Embalagem de 2x300 mg,"8,16 €","13,60 €/L"
Casa Nature II,Max Smoby,Dim.: 98 x 110 x 127 cm,"15,99 €","15,99 €/Unidade"
Perca Posta,Peixe do Dia,1 un= 200 gr (aprox.),"1,80 €","8,99 €/Kg"
Bacalhau desfiado,Pescanova,Embalagem de 400 g,"4,29 €","8,58 €/Kg"
Sumo essencial manga,Compal,pack 3 x 0.11 l,"1,67 €","5,06 €/L"
Fatia de salame de chocolate,PorSi,Embalagem 60G,"1,99 €","4,98 €/Kg"
Elixir Bocal 3DW Luxe Brilho Glamurous Shine,Oral B,Embalagem de 500 ml,"1,29 €","2,58 €/L"
Moscatel de setúbal,Alambre,"Garrafa de 0,75L","5,99 €","7,99 €/L"
"Refrigerante sem gás, maracujá e la",Joi,"Garrafa de 1,5 l","1,08 €","0,72 €/L"
Queijo Raclette Fatias,Páturages,Embalagem de 400 g,"1,04 €","5,20 €/Kg"
Posta pescada-do-cabo nº 5 para cozer,PorSi,Embalagem de 800 g,"2,99 €","7,48 €/Kg"
"Maionese, frasco",Hellmman's,Embalagem de 210g,"2,29 €","8,81 €/Kg"
Champanhe Monopole Blue Brut,Heidsieck,"Garrafa de 0,75L","34,99 €","46,65 €/L"
"Tampão mini, 24 unidades",Labell,1 embalagem,"1,49 €","1,49 €/Unidade"
Queijo dop cura 12 meses,Sao jorge,Embalagem de 300g,"4,49 €","7,81 €/Kg"
Petit gâteau,PorSi,Embalagem de  4 x 80 g,"2,99 €","9,06 €/Kg"
Panaché,Kings Bräu,"Embalagem de 10x0,25l","3,75 €","1,89 €/L"
Cadeira rattan rio branco,Joluce,Dim.: 60 x 67 x 107 cm,"10,49 €","10,49 €/Unidade"
Cerveja sem álcool,Cheers,Pack 6 x 0.33 l,"5,99 €","3,03 €/L"
Bolachas com cobertura de chocolate de leite,Oreo,Embalagem de 250g,"1,00 €","3,25 €/Kg"
Puzzle Impossible Harry Potter,Clementoni,1000 peças,"12,99 €","12,99 €/Unidade"
Iogurte morango 000%,PorSi Viva Bem,Embalagem de 4 x 125 g,"6,57 €/Kg","6,57 €/Kg"
Bolachas de aveia,Triunfo,Embalagem de 190g,"1,99 €","6,63 €/Kg"
Mesa de Alumínio Desdobrável c/ 4  Bancos,Saurium,,"39,99 €","39,99 €/Unidade"
Azeite virgem  extra clássico,Serrata,Garrafa de 750 ml,"2,84 €","3,79 €/L"
Gelatina mirtilo 10kcal 31g,Royal,Embalagem de 30g,"0,64 €","71,11 €/Kg"
Shine kids banana shine pt,Shine,Embalagem de 300g,"4,99 €","16,63 €/Kg"
Vinho bag-in-box branco,C.alqueva,Garrafa de 5 l,"8,99 €","1,80 €/L"
"Dentifríco 2 em 1 global, proteção fresh",Labell,Embalagem de 75 ml,"1,99 €","26,53 €/L"
20 saquetas green framboesa/romã,Lipton,Embalagem de 30g,"2,19 €","73,00 €/Kg"
Água s/ gás,Luso,"Garrafa de 5,4 l","1,04 €","0,17 €/L"
Filete de Peixe Gato Riscado,Peixe Congelado Higienizado,1 un = 150 gr (aprox.),"1,02 €","6,79 €/Kg"
Queijinho dadoninho petitdino de morango,Danone,Embalagem de 6 x 50 g,"1,99 €","6,63 €/Kg"
"Desodorizante spray, stress protect, woman",Nivea,Embalagem de 150 ml,"3,69 €","24,60 €/L"
Piscina de brincar morango,Bestway,Dim.: 160 x 38 cm,"8,99 €","8,99 €/Unidade"
Ananás em rodelas lata,PorSi,Embalagem de 820g,"2,99 €","5,29 €/Kg"
"Coloração permanente, louro médio 7/6",Syoss,1 unidade,"8,89 €","8,89 €/Unidade"
Creme descolorante,Veet,Garrafa de 150 ml,"10,99 €","73,27 €/L"
Cevada solúvel,PorSi,Embalagem de 200g,"1,95 €","9,75 €/Kg"
Lixívia perfumada,PorSi,Embalagem de 5 l,"0,84 €","0,42 €/L"
"Carregador Máquina Depilatória, Body Men",Gillette,Embalagem com 4 unidade,"6,99 €","6,99 €/Unidade"
Batata frita caseira rodela,Pala-pala,Embalagem de 300g,"0,59 €","3,69 €/Kg"
Sumo fresco morango 100%,Andros,Garrafa de 750 ml,"0,99 €","0,66 €/L"
Croutons com azeite,PorSi,Embalagem de 150g,"1,45 €","4,14 €/Kg"
Queijo flamengo 0% lactose,PorSi Viva Bem,Embalagem de 150 g,"0,69 €","3,45 €/Kg"
Esparguete Clássica,Nacional,Embalagem de 500 g,"0,49 €","0,98 €/Kg"
Bolachas cookies choco xl,Milka,Embalagem de 180g,"0,77 €","5,13 €/Kg"
Iogurte ananás 000%,PorSi Viva Bem,Embalagem de 4 x 125 g,"1,29 €","2,58 €/Kg"
Pure leaf bio limão pet 1,Pure Leaf,Garrafa de 1 l,"2,09 €","2,09 €/L"
Tablete triple chocolate,Milka,Embalagem de 90g,"1,59 €","17,67 €/Kg"
Bolachas com geleia de framboesa,Chabrior,Embalagem de 150 g,"1,14 €","7,60 €/Kg"
Galão enriquecido em cálcio,Ucal,Embalagem de 3 x 200 ml,"0,36 €","1,80 €/L"
"Bola de espuma para gato, 4 unidades",Anivite,1 embalagem,"3,99 €","3,99 €/Unidade"
Papa infantil láctea banana laranja +6 meses,Cerelac,Embalagem de 250g,"3,89 €","3,89 €/Kg"
Chocolate culinário branco,Pantagruel,Embalagem de 200g,"1,66 €","8,30 €/Kg"
Tratamento diamante força extra,Tresemmé,Embalagem de 180 ml,"7,99 €","44,39 €/L"
Whisky,High.cross,Garrafa de 700 ml,"8,59 €","12,27 €/L"
Detergente liquido loiça maçã,PorSi,Garrafa de 1.5 l,"0,68 €","0,68 €/L"
Gomas de tubarões com brilho,Fini,Embalagem de 100g,"0,89 €","8,90 €/Kg"
Marmelada,PorSi,Embalagem de 900g,"0,89 €","1,98 €/Kg"
Surgfire,Nerf,1 un.,"12,99 €","12,99 €/Unidade"
Chocolate negro,Cote D'or,Embalagem de 180g,"3,29 €","16,45 €/Kg"
Cebola picada,PorSi,Embalagem de 400 g,"2,99 €","7,48 €/Kg"
Bolachas waffers chocolate,PorSi,Embalagem de 210g,"0,71 €","3,38 €/Kg"
Óleo alimentar,Fula,Embalagem 3L,"1,59 €","1,59 €/L"
Régua duplo decimetro,CA1,1 unidade,"0,69 €","0,69 €/Unidade"
Queijo brie 60% mg,Páturages,Embalagem de 200 g,"1,29 €","6,45 €/Kg"
"Pensos diários, longo e largo, 26 unidades",Labell,Uma embalagem,"2,79 €","2,79 €/Unidade"
"Vela com número, nº2",PorSi,1 unidade,"0,49 €","0,49 €/Unidade"
Cabos Bateria 200Amp,Bottari,1 Embalagem,"2,29 €","22,90 €/L"
"Cobertura tipo chantilly, 2x38g",PorSi,Embalagem de 80g,"1,19 €","2,98 €/Kg"
Caramelos de fruta,PorSi,Embalagem de 250g,"0,99 €","3,96 €/Kg"
Caramelo líquido,PorSi,Embalagem de 400g,"1,19 €","2,98 €/Kg"
"Hamburgers de porco, 4x80g",PorSi,Embalagem de 320 g,"1,99 €","6,22 €/Kg"
Prato P/ Bolo C/ Tampa Patisserie,Pasabahçe,1 un.,"4,39 €","4,39 €/Unidade"
Bolacha tostada,PorSi,Embalagem de 800g,"0,99 €","1,24 €/Kg"
"Esfregão especial, poder verde, 2+1 unidades",Spontex,3 unidades,"1,64 €","1,64 €/Unidade"
Gel wc anticalcário sem lixívia,PorSi,"Garrafa de 1,5 l","2,49 €","3,32 €/L"
Champô oil nutritive,Gliss,Embalagem de 250 ml,"1,99 €","4,98 €/L"
Mousse cabelo caracois,Labell,Embalagem de 200ml,"4,99 €","16,63 €/L"
"Sumo 100%, tutti-frutti",PorSi,"Embalagem de 1,5 l","0,99 €","0,66 €/L"
Cartucho com gás CP-250,Campingaz,1 unidade,"39,99 €","39,99 €/Unidade"
"Aditivo de máquina para roupa, em pó, oxy 5",X-TRA,Embalagem de 750 g,"11,99 €","11,99 €/Unidade"
Cerveja,Kings Bräu,Embalagem de 10x25 cl,"13,79 €","1,74 €/L"
"12 lápis de cor, 18cm",Domédia,Uma embalagem,"0,49 €","0,49 €/Unidade"
Paté de sardinha,Fides,Embalagem 85G,"0,69 €","7,84 €/Kg"
Açucar em cubos,Top Budget,Embalagem 1K,"0,69 €","0,69 €/Kg"
"Lava e encera, aromas de alfazema",Novycera,Embalagem de 500 ml,"0,94 €","0,94 €/L"
Amaciador de roupa concentrado ouro,Quanto,"Garrafa de 1,012 l","2,19 €","2,19 €/Unidade"
Molho cervejeira 8 cubos,Knorr,Embalagem de 70g,"1,79 €","4,48 €/L"
"Tampão super, 32 unidades",Labell,1 embalagem,"1,49 €","1,49 €/Unidade"
Néctar vital equilibrio manga/maracujá,Compal,Embalagem de 1 l,"1,49 €","1,49 €/L"
Acetona,PorSi,Embalagem de 60 ml,"0,99 €","16,50 €/L"
Arroz brajma,Cigala,Embalagem de 1 kg,"0,89 €","0,89 €/Kg"
Sabonete original,Palmolive,Embalagem de 4x90 g,"2,49 €","6,92 €/Kg"
Mesa Extensível Bolívia Antracite,Joluce,190x105x71 cm | Extensível até 250 cm,"15,99 €","15,99 €/Unidade"
Forma Desmontável Alta 22x10 cm,Rioja IMF,1 unidade,"7,99 €","7,99 €/Unidade"
Microshots,Nerf,1 un.,"12,99 €","12,99 €/Unidade"
Patê de sardinha,PorSi,Embalagem de 65 g,"0,69 €","7,84 €/Kg"
Liquido 5 em 1 menta fresca,WC Pato,Embalagem de 750 ml,"2,49 €","3,32 €/L"
Gelatina de frutos tropicais,PorSi,Embalagem 2X85G,"0,64 €","71,11 €/Kg"
Big burger frango,Capitão Iglo,Embalagem de 230g,"3,99 €","17,35 €/Kg"
Danacol natural,Danone,Embalagem de 6 x 100 g,"2,99 €","4,98 €/Kg"
Chouriço cebola beiras,PorSi,Embalagem de 300g,"1,09 €","5,45 €/Kg"
Gazebo Polyester,Ideegarden,Dim.: 2 x 3 m,"39,99 €","39,99 €/Unidade"
Iogurte oikos pêssego,Danone,Embalagem de 4 x 110g,"1,19 €","2,38 €/Kg"
Peito de frango forno a lenha,Primor,"Vendido ao peso, fatiado a partir de 100 gr","0,90 €","8,99 €/Kg"
Chá verde,PorSi,Embalagem de 37.5 g,"1,24 €","28,84 €/Kg"
Água mineral sem gás,Vimeiro,Pack 6 x 0.5 l,"1,04 €","0,17 €/L"
Polpa de cebola e alho,PorSi,Embalagem de 500 g,"1,79 €","4,48 €/L"
"Toalhitas húmidas, adulto dermo, com 60 unidades",Indas,1 embalagem,"5,49 €","5,49 €/Unidade"
Bolachas crackers com sal,PorSi,Embalagem de 500g,"1,59 €","3,18 €/Kg"
Iogurte corpos danone aroma tutti fruti,Danone,Embalagem de 4 x 120 g,"6,57 €/Kg","6,57 €/Kg"
Leite creme,PorSi,Embalagem de 4x23g,"0,29 €","3,22 €/Kg"
"Coloração permanente, castanho dourado, 6-7",Syoss,1 unidade,"8,89 €","8,89 €/Unidade"
Licor,Beirão,"Garrafa de 0,70 L, Oferta de copo caipirão","5,99 €","8,56 €/L"
"Alimento seco para cão, croquetes pro adulto",PorSi Select,Embalagem de 4 Kg,"4,00 €","1,00 €/Kg"
Presunto nacos,PorSi,Embalagem de 250g,"2,69 €","10,76 €/Kg"
Lindahls pro+ liq banana noz,Lindahls,Garrafa de 330 ml,"2,09 €","6,33 €/L"
Bolachas starship tradicional,PorSi,Embalagem de 150g,"0,77 €","5,13 €/Kg"
"Tesoura de escritório, 17 cm",Domédia,1 unidade,"2,29 €","2,29 €/Unidade"
Vodka,Moskovskay,Garrafa de 0.70l com oferta de sumo de 1.5l,"36,90 €","46,13 €/L"
Gel de Duche Creme Care,Nivea,Embalagem de 750 ml,"3,24 €","4,32 €/L"
Mistura de cogumelos,PorSi,Embalagem de 400g,"2,99 €","7,48 €/Kg"
Chouriço corrente,PorSi,Embalagem de 200 g,"1,09 €","5,45 €/Kg"
Comida húmida para gato gelatinas com peixe,Felix,Embalagem de 4x100 g,"2,99 €","9,97 €/Kg"
Loção corporal,Nivea,Embalagem de 400 ml,"1,99 €","4,98 €/L"
Gressinos com azeitonas pretas,PorSi,Embalagem de 250g,"1,45 €","4,14 €/Kg"
Bolachas de manteiga,Triunfo,Embalagem de 170g,"1,49 €","5,96 €/Kg"
Esfregona tiras completa,PorSi,1 unidade,"1,64 €","1,64 €/Unidade"
Sabonete nutri amêndoas doces,Labell,Embalagem de 400 g,"2,49 €","6,92 €/Kg"
Bolachas integrais,PorSi,Embalagem de 200g,"0,71 €","3,55 €/Kg"
"Cereais crusts, amêndoas e mel",PorSi,Embalagem de 380g,"1,99 €","5,31 €/Kg"
Iglo c/ Avançado p/ 3 Pessoas,Saurium,,"14,99 €","14,99 €/Unidade"
Cacau magro em pó,PorSi,Embalagem de 125 g,"1,66 €","8,30 €/Kg"
Arroz Carolino,Cigala,Embalagem de 1 kg,"0,89 €","0,89 €/Kg"
Sabonete hidratante de leite,Labell,Embalagem de 4x100 g,"2,49 €","6,92 €/Kg"
Plasticina Kids Cores Sortidas,Bic,Caixa c/ 6 un.,"1,59 €","1,59 €/Unidade"
Cadeira Rattan Queen Antracite,Joluce,61 x 83 cm,"15,99 €","15,99 €/Unidade"
Abre latas molette,Domédia,1 unidade,"2,25 €","2,25 €/Unidade"
Sopa caseira de feijão verde,Knorr,Embalagem de 80g,"0,69 €","11,13 €/Kg"
Sabonete leite & mel,Palmolive,Embalagem de 4x90 g,"2,49 €","6,92 €/Kg"
Gel Cabelo Styling Creme Cabelo,Nivea,Embalagem de 150 ml,"4,99 €","12,48 €/L"
"Pasta dentífrica, tripla ação",Labell,Embalagem de 75 ml,"1,49 €","19,87 €/L"
Torta cacau com sabor a natas,PorSi,Embalagem de 300g,"1,99 €","4,98 €/Kg"
Spray tira nódoas,A+,Embalagem de 750 ml,"7,49 €","6,24 €/L"
Lava tudo antibacteriano floral,PorSi,"Garrafa de 1,5 l","1,59 €","1,06 €/L"
Lixívia com detergente,Domestos,Embalagem de 2 l,"0,84 €","0,42 €/L"
Mistura sol sem café granulado,PorSi,Embalagem de 200g,"1,95 €","9,75 €/Kg"
Alimento seco para gato steril,HappyOne,Embalagem de 2 kg,"3,49 €","1,75 €/Kg"
Esfregão salva unhas extreme,Scotch-Brite,Embalagem de 2 unidades,"1,64 €","1,64 €/Unidade"
Álcool etílico 96º,PorSi,Embalagem de 250 ml,"0,85 €","3,40 €/L"
Limpa fornos normal,Mr.muscle,Embalagem de 300 ml,"3,99 €","13,30 €/L"
"Refeição pronta, bledimamã legumes, frango e arroz",Bledina,Embalagem de 230g,"1,59 €","8,37 €/Kg"
"Fraldas Dry Fit, 2-5kg - Tamanho 1",Chicco,Embalagem de 27 unidades,"6,39 €","6,39 €/Unidade"
Ovos classe l,PorSi,24 unidades,"0,84 €","0,84 €/Unidade"
Salsicha vaca/arroz/vegetais,Bribon,Embalagem de 800g,"3,19 €","6,38 €/Kg"
Forma Tarde Ondulada com fundo desmontável 29cm,Rioja IMF,1 unidade,"7,99 €","7,99 €/Unidade"
Wc lixivia gel pink,Domestos,Garrafa de 750 ml,"0,84 €","0,42 €/L"
"Gel banho, Blue Lagoon",Labell,Embalagem de 250 ml,"3,24 €","4,32 €/L"
Óleo Gasolina 20w40,PorSi,Embalagem de 5 l,"14,99 €","3,00 €/L"
"Pasta dentífrica, Multi Protecção",Colgate,Embalagem de 75 ml,"1,49 €","19,87 €/L"
Cadeira Rattan Queen Castanha,Joluce,61 x 83 cm,"15,99 €","15,99 €/Unidade"
Luvas Universal Média/Grande,Vileda,1 unidade,"1,99 €","1,99 €/Unidade"
Refrigerante sem gás de ananás,Joi,"Garrafa de 1,5 l","1,08 €","0,72 €/L"
Manteiga pasteurizada com sal cuvet,Primor,Embalagem de 250g,"1,35 €","5,40 €/Kg"
Batatas fritas rodelas 90g,A SALOINHA,Embalagem de 90g,"0,59 €","3,69 €/Kg"
Pilhas Alcalinas Blue AA,Sony,Blister 4 pilhas,"2,99 €","2,99 €/Unidade"
Cadeira de refeição campus,Dorel,1 unidade,"39,99 €","39,99 €/Unidade"
Bolachas rosquilhas,PorSi,Embalagem de 600g,"1,49 €","5,96 €/Kg"
Leite condensado cozido,Nestle,Embalagem de 400g,"1,79 €","4,59 €/Kg"
Fortnite SP-L,Nerf,1 un.,"12,99 €","12,99 €/Unidade"
Leite C/ Chocolate,Mimosa,Embalagem de 4 x 200 ml,"0,36 €","1,80 €/L"
Bolachas peanut butter,Oreo,Embalagem de 150g,"1,00 €","3,25 €/Kg"
Choco limpo 10/30,Pescanova,Embalagem de 500g,"8,99 €","11,24 €/Kg"
Maçã reineta calibre: 75/80 Categoria: II,*,Vendido ao peso,"1,15 €","2,29 €/Kg"
Cachaça,ON/OFF,Garrafa 0.70L,"8,99 €","12,84 €/L"
Tampão com aplicador Compak Pearl Super,Tampax,Embalagem com 18 unidades,"1,49 €","1,49 €/Unidade"
Recarga p/ Esfregona |Suave,Vileda,,"1,54 €","1,54 €/Unidade"
Limpa Madeiras com Sabão,PorSi,Embalagem de 1 L,"0,94 €","0,94 €/L"
"Pasta dentífrica, máxima proteção branqueadora",Colgate,Embalagem de 75 ml,"1,49 €","19,87 €/L"
Assento Gr. 2/3,Asalvo,1 un.,"9,99 €","9,99 €/Unidade"
Elixir Bocal ProExpert Proteção Profunda,Oral B,Embalagem de 500 ml,"1,29 €","2,58 €/L"
"Desodorizante roll-on, 48 horas ice",Labell Men,Embalagem de 50 ml,"0,79 €","15,80 €/L"
"Sumo 100%, laranja",PorSi,"Embalagem de 1,5 l","0,99 €","0,66 €/L"
"Lava tudo antibacteriano lavanda 1,5l",PorSi,Garrafa de 1.5 l,"1,59 €","1,06 €/L"
Lava tudo para pavimentos de madeira,Ajax,Embalagem de 1 litro,"1,79 €","8,95 €/L"
Iogurte magro sem lactose natural,Mimosa,Embalagem de 4X125G,"6,57 €/Kg","6,57 €/Kg"
Mousse de chocolate preto,Páturages,Embalagem de 4x60 g,"0,95 €","1,58 €/Kg"
Gel Banho Care&Cocoa,Nivea,Embalagem de 500 ml,"3,69 €","4,92 €/L"
Néctar pera,PorSi,Embalagem de 1 l,"0,79 €","0,79 €/L"
Sardinhas em óleo picante,Ramirez,Embalagem de 130g,"1,49 €","12,42 €/Kg"
Creme abrasivo pink flowers,Cif,Garrafa de 500 ml,"0,99 €","1,32 €/L"
Esferográfica Vermelha Retratil 0.7mm,Mab,Embalagem com 1 un.,"1,59 €","1,59 €/Unidade"
Areia para Gato Absorvente 100% Natural,Friskies,Embalagem de 5 l,"7,49 €","1,50 €/L"
"Comedouro em inox, classic 17cm",Anivite,Embalagem de 1 unidades,"8,68 €","8,68 €/Unidade"
Espresso café arábica,PorSi,250 ml,"1,99 €","15,92 €/Kg"
Bolachas com recheio baunilha,PorSi,Embalagem de 500g,"1,29 €","2,58 €/Kg"
"Gel banho, Summer Passion",Labell,Embalagem de 250 ml,"3,24 €","4,32 €/L"
Limpeza total bicicleta,Wd40,500 ml,"8,99 €","35,96 €/L"
Jogo Não saias daqui,Clementoni,1 unidade,"12,99 €","12,99 €/Unidade"
"Linguíca, 4 unidades",PorSi,Embalagem de 180 g,"1,09 €","5,45 €/Kg"
10 saquetas infusão de camomila,Lipton,Embalagem de 10g,"0,59 €","17,88 €/Kg"
Gel Banho Vitamin Power,FA,Embalagem de 500 ml,"3,24 €","4,32 €/L"
Escova Dentes Expert White + Caneta Branqueadora,Colgate,1 unidade,"3,49 €","3,49 €/Unidade"
Danacol morango,Danone,Embalagem de 6 x 100 g,"2,99 €","4,98 €/Kg"
Água mineral sem gás,Serra de Fafe,Embalagem de 6x0.5l,"1,04 €","0,17 €/L"
"Bebida láctea especial crescimento, 1-3 anos",Mimosa,Garrafa de 1 l,"1,29 €","1,29 €/L"
Sopa da pedra,PorSi,Embalagem de 420 g,"2,89 €","15,05 €/Kg"
Espátula de nylon cabo áqua,PorSi,1 unidade,"2,25 €","2,25 €/Unidade"
Mistura solúvel c/ 20% café granulado,PorSi,Embalagem de 200g,"1,95 €","9,75 €/Kg"
Noodle banzai galinha,Cigala,Embalagem de 70g,"0,49 €","0,98 €/Kg"
Queijo Curado Amanteigado,Quinta do Convento,Embalagem de 500 g,"4,99 €","9,98 €/Kg"
"Anti-calcário em pó, máquina roupa",PorSi,Embalagem de 800g,"2,69 €","2,69 €/L"
Cadeira Viana Verde,Joluce,90 x 60 cm,"10,49 €","10,49 €/Unidade"
Preparado para bolo de laranja,B.neve,Embalagem de 450g,"1,99 €","4,98 €/Kg"
Canja c/ aletria,Knorr,Embalagem de 70g,"0,69 €","11,13 €/Kg"
"Limpa vidros, azul",PorSi,Embalagem de 5 l,"2,99 €","0,60 €/L"
Esponja de banho Snoopy,calypso,1 unidade,"2,99 €","2,99 €/Unidade"
Desinfetante em gel p/ wc,Cif,Garrafa de 750 ml,"2,49 €","3,32 €/L"
Batata frita original,Ruffles,Embalagem de 170g,"2,29 €","7,63 €/Kg"
Vinho regional lisboa reserva tinto,Marginal,Garrafa de 0.75 l,"6,29 €","8,39 €/L"
Caneca para vinho de barro pintada,Anitex,1 unidade,"1,99 €","1,99 €/Unidade"
Comida húmida para cão,PorSi,Embalagem de 300 g,"0,49 €","1,63 €/Kg"
Iglo Simples P/ 2 Pessoas,Saurium,1 un.,"14,99 €","14,99 €/Unidade"
Mozzarella soloitália,Soloitalia,Embalagem de 125g,"1,99 €","7,96 €/Kg"
Alimento seco para cão active,Friskies,Embalagem de 3 kg + 1kg gratis,"4,00 €","1,00 €/Kg"
Creme Mãos Hidratante,Labell,Embalagem de 100 ml,"2,39 €","39,83 €/L"
Azeite tradição,Oliveira da Serra,Embalagem 3L,"2,84 €","3,79 €/L"
Inseticida moscas e mosquitos,Dum Dum,Garrafa de 300 ml,"6,49 €","16,23 €/L"
Ambientador wood baunilha,Aroma Car,Embalagem de 4 ml + 2 ml grátis,"4,99 €","4,99 €/Unidade"
Queijo bola fatias,Paiva,Embalagem de 180g,"1,04 €","5,20 €/Kg"
Cadeira de Cretone Vermelha,*,1 unidade,"15,99 €","15,99 €/Unidade"
"Creme para mãos, proteção intensiva",Atrix,Embalagem de 60 ml,"2,39 €","39,83 €/L"
Biscoitos de cacau,PorSi,Embalagem de 750g,"1,89 €","2,52 €/Kg"
"Tabuleiro Forno 35x23x3,5 cm",Rioja IMF,1 unidade,"4,39 €","4,39 €/Unidade"
"Vinho Douro, Private Collection, Tinto",Selecção de Enófilos,Garrafa de 0.75 l,"4,99 €","6,65 €/L"
Flocos cereais chocolate,PorSi,Embalagem de 300g,"1,79 €","7,16 €/Kg"
Sumo concentrado de laranja/maracujá,GUD,Garrafa de 740 ml,"4,79 €","6,47 €/L"
"Pensos de incontinência, ligeiro, maxi, 16 unidades",Labell,Uma embalagem,"2,25 €","2,25 €/Unidade"
Ice tea limão,Lipton,Embalagem de 1L,"1,08 €","0,72 €/L"
Aperitivos mini brezel 150g,Lorenz,Embalagem de 150g,"1,39 €","10,69 €/Kg"
Bolachas digestive go aveia,Triunfo,Embalagem de 170g,"0,71 €","3,55 €/Kg"
Bolacha maria junior doces,Vieira,Embalagem de 280g,"2,09 €","13,40 €/Kg"
Profiteroles de nata,PorSi Select,Embalagem de 330 g,"2,99 €","9,06 €/Kg"
Café solúvel creme,Delta,Embalagem de 80 g,"1,69 €","16,90 €/Kg"
Xarope groselha,Neto Costa,Garrafa de 1 l,"4,79 €","6,47 €/L"
Néctar ananás,Compal,pack 3 x 200 ml,"0,79 €","0,79 €/L"
"Gelatina pronto a comer, 10kcal tropical",Royal,Embalagem de 4 x 100 g,"0,89 €","2,23 €/Kg"
Lentilhas verdes,PorSi Viva Bem,Embalagem de 500 g,"1,19 €","2,38 €/Kg"
Lava tudo antibacteriano marinho,PorSi,Garrafa de 1.5 l,"1,59 €","1,06 €/L"
Sidra frutos vermelhos,Somersby,pack 4 x 0.33 l,"3,75 €","1,89 €/L"
Caixa de arrumação reciclada,PorSi,40 litros,"5,49 €","5,49 €/Unidade"
Colher de servir nylon,Domédia,1 unidade,"5,99 €","5,99 €/Unidade"
Cadeira caribe castanha,Joluce,Dim.: 57 x 54 x 85 cm,"10,49 €","10,49 €/Unidade"
Crepe de ovo,PorSi,Embalagem de 540 g,"2,99 €","9,06 €/Kg"
Detergente líquido máquina de lavar roupa cores escu...,Woolite,56 doses,"11,99 €","11,99 €/Unidade"
Moscatel do Douro,Selecção de Enófilos,"Garrafa de 0,75 l","5,99 €","7,99 €/L"
Bebida arroz,Alpro,Embalagem de 1 l,"1,99 €","1,99 €/L"
Pilha alcalina heightch lr14x2,Domédia,1 unidade,"2,99 €","2,99 €/Unidade"
Papa infantil não láctea 8 cereais e mel +6 meses,Cerelac,Embalagem de 250g,"3,89 €","3,89 €/Kg"
"Escova dentes, rotativa global, dura, 2 unidades",Labell,1 embalagem,"3,49 €","3,49 €/Unidade"
Camarão Tigre Selvagem 1/5 do Senegal,*,Vendido ao peso,"21,50 €","42,99 €/Kg"
"Água com gás, sabor limão",PorSi,"Embalagem de 6x0,25 l","1,74 €","1,74 €/L"
Forma Desmontável mais fundo com buraco 24 cm,Rioja IMF,1 unidade,"7,99 €","7,99 €/Unidade"
Leite especial cálcio + vitamina d m/g,Mimosa,Garrafa de 1 l,"1,29 €","1,29 €/L"
Tabuleiro p/ forno inox c/ asas 32x24x5.5,IMF,1 un.,"2,25 €","2,25 €/Unidade"
Iogurte oikos natural,Danone,Embalagem de 4 x 110g,"1,19 €","2,38 €/Kg"
Néctar classico de ananás,Compal,Garrafa de 200 ml,"0,79 €","0,79 €/L"
Cereais clusters de chocolate,Nestle,Embalagem de 380g,"3,39 €","11,30 €/Kg"
Chourição fatiado,PorSi,Embalagem de 200g,"1,69 €","8,45 €/Kg"
Decanter vinha,Bohemia,Cap.: 1.5 l,"3,75 €","3,75 €/Unidade"
Toalhitas bebé natural care,Huggies,3 x 56 unidades,"3,59 €","3,59 €/Unidade"
Sopa de cozido,Knorr,Embalagem de 70g,"0,69 €","11,13 €/Kg"
18 hamburguers de frango s/ glúten,Capitão Iglo,Embalagem de 1 kg,"9,99 €","9,25 €/Kg"
Tampão com aplicador Compak Pearl Regular,Tampax,Embalagem com 18 unidades,"1,49 €","1,49 €/Unidade"
"Vinho Alentejo, Private Collection, Tinto",Selecção de Enófilos,Garrafa de 0.75 l,"4,99 €","6,65 €/L"
Descaroçador maçã,Domédia,1 unidade,"2,25 €","2,25 €/Unidade"
Pilha alcalina hightech lr03x8,Domédia,1 unidade,"2,99 €","2,99 €/Unidade"
Tampão com Aplicador Pearl Super,Tampax,Embalagem com 8 unidades,"1,49 €","1,49 €/Unidade"
Cadeira de Cretone Azul,*,,"15,99 €","15,99 €/Unidade"
"Hamburguers de frango, 4 x 80 g",PorSi,Embalagem de 320g,"1,99 €","6,22 €/Kg"
Alimento lácteo maçã morango +8 meses,Yogolino,Embalagem de 90g,"0,99 €","11,00 €/Kg"
"Carteira etiquetas, 24x35",Domédia,1 unidade,"0,59 €","0,59 €/Unidade"
Shampô azul concentrado,PorSi,Embalagem de 1 l,"2,99 €","0,60 €/L"
"Carregador, 6 lâminas, 4 recargas",Labell Men,1 embalagem,"1,12 €","4,48 €/L"
Leite Bem Essencial morango,Mimosa,Embalagem de 4 x 200 ml,"1,60 €","2,00 €/L"
Jogo Não saias daqui,Clementoni,1 unidade,"6,99 €","6,99 €/Unidade"
Vinho regional lisboa branco,Marginal,Garrafa de 750 ml,"6,29 €","8,39 €/L"
Queijinhos mini,Babybel,Embalagem de 240g,"3,89 €","16,21 €/Kg"
Castanhas,PorSi,Embalagem de 500G,"4,74 €","9,48 €/Kg"
Salmão Posta,Peixe do Dia,1 un = 250 gr  (aprox.),"1,80 €","8,99 €/Kg"
Rhum com coco,Malibu,Garrafa de 700 ml,"8,99 €","12,84 €/L"
Café solúvel creme,Nescafe,Embalagem de 100g,"1,69 €","16,90 €/Kg"
Lasanha à bolonhesa,PorSi,Embalagem de 1 kg,"3,99 €","17,35 €/Kg"
"Pensos protectores de calos, 9 unidades",Labell,Uma embalagem,"0,85 €","3,40 €/L"
Feijoada de chocos,*,Vendido ao peso,"3,19 €","3,19 €/Kg"
Escumadeira nylon,Domédia,1 unidade,"5,99 €","5,99 €/Unidade"
sunquick ice - gelado para congelar - cola,Sunquick,Embalagem de 10 x 60 ml,"4,99 €","13,86 €/L"
"Lixívia para roupa, tradicional verde denso",PorSi,Embalagem de 2L,"1,74 €","0,35 €/L"
Ice tea de manga,PorSi,"Embalagem de 6x0,20 l","1,08 €","0,72 €/L"
Massa fettuccine,PorSi,Embalagem de 500g,"0,49 €","0,98 €/Kg"
Colher de esparguete de nylon cabo áqua,PorSi,1 unidade,"2,25 €","2,25 €/Unidade"
Puzzle Impossible La Casa De Papel,Clementoni,1000 peças,"12,99 €","12,99 €/Unidade"
Apara lápis,Maped,1 unidade,"1,59 €","1,59 €/Unidade"
Snack para gato crispies salmão e truta,Felix,Embalagem de 50g,"1,69 €","33,80 €/Kg"
Bebida láctea especial crescimento 1-3 anos,Mimosa,Embalagem de 200 ml,"1,29 €","1,29 €/L"
Gel de banho zero pele normal,Sanex,Embalagem de 475ml,"3,24 €","4,32 €/L"
Desodorizante spray rise,Str8,Embalagem de 150 ml,"0,79 €","15,80 €/L"
Conjunto nevada 3 pessoas com coxim castanho,Joluce,1 un.,"10,49 €","10,49 €/Unidade"
Pensos de incontinência Mini,Ausonia,Uma embalagem - 20Unidades,"2,25 €","2,25 €/Unidade"
Gelatina de morango,Royal,Embalagem de 114g,"0,64 €","71,11 €/Kg"
Néctar vital equilibrio frutos vermelhos,Compal,Embalagem de 1 l,"0,79 €","0,79 €/L"
Lixivia perfumada,PorSi,Garrafa de 2 l,"0,84 €","0,42 €/L"
Guardanapos Red Label 1 folha |Fúcsia,Renova,Dim: 30x32cm |70 unidades,"0,99 €","0,99 €/Unidade"
Comida húmida para gato seleção de peixes,Gourmet mp,Embalagem de 300g,"2,99 €","9,97 €/Kg"
Snack para gato original,Felix,Embalagem de 60g,"1,69 €","33,80 €/Kg"
Detergente Multiusos Spray,Ajax,Garrafa de 500 ml,"1,74 €","3,48 €/L"
"Elixir bocal, menta",Labell,Embalagem de 500 ml,"1,29 €","2,58 €/L"
Inseticida multi-insectos,Dum Dum,Garrafa de 400 ml,"6,49 €","16,23 €/L"
Lixívia Spray Multiusos,Neoblanc,Embalagem de 650ml,"0,84 €","0,42 €/L"
Ice tea de manga,Lipton,Garrafa de 2 l,"1,08 €","0,72 €/L"
Compal da horta concentrado tomate,Compal,Embalagem de 140g,"1,79 €","4,48 €/L"
"Queijo flamengo, bola quartos",Agros,Embalagem de 350g,"1,04 €","5,20 €/Kg"
Batata palha finíssima,PorSi Select,Embalagem de 180 g,"0,59 €","3,69 €/Kg"
Puzzle La Casa De Papel,Clementoni,1000 peças,"12,99 €","12,99 €/Unidade"
Transportador sprint 1,Anivite,Embalagem de 1 unidades,"8,68 €","8,68 €/Unidade"
Fiambre pá fatiado,Produto selecionado,Embalagem de 200 g,"1,29 €","6,45 €/Kg"
Cogumelos laminados 1/2,PorSi,Embalagem de 355 g,"0,79 €","2,23 €/Kg"
Feijão encarnado,PorSi,Embalagem de 820 g,"0,79 €","2,23 €/Kg"
"Frigideira anti-aderente, 20cm",PorSi,1 unidade,"7,99 €","7,99 €/Unidade"
Anti-Traça Cedro,Dum Dum,2 unidades,"4,49 €","4,49 €/Unidade"
Gelado cornetto mini choc'n'ball,Olá,Embalagem de 6 x 60 ml,"4,99 €","13,86 €/L"
Vinho doc douro tinto,Tellu's,Garrafa de 750 ml,"5,59 €","7,45 €/L"
"Escova dentes, proteção global suave, 2 unidades",Labell,1 embalagem,"3,49 €","3,49 €/Unidade"
"Gel banho, attration",Labell Men,Embalagem de 250 ml,"4,99 €","12,48 €/L"
Ervilhas primavera 500g,Iglo,Embalagem de 500g,"2,99 €","7,48 €/Kg"
"Creme de muda de fralda, para bebé",Pommette,Embalagem de 100 ml,"4,99 €","9,98 €/L"
Adoçante em pó,PorSi,250 saquetas,"5,38 €","5,38 €/Unidade"
Água com gás sabor a tangerina,Frize,"Pack 4x 0,25l","1,74 €","1,74 €/L"
Sacos do lixo de 30 litros 100% reciclado,Silvex,20 sacos,"1,09 €","1,09 €/Unidade"
Achocolatado em pó extra chocolate,Nesquik,Embalagem de 390g,"3,49 €","8,95 €/Kg"
Corn flakes,PorSi,Embalagem de 1 kg,"1,97 €","1,97 €/Kg"
Kit Pensos Higiénicos Teen,Labell,Uma embalagem,"2,59 €","2,59 €/Unidade"
Lamina Descartáveis Platina,Labell,Pack 10 unidades,"1,12 €","4,48 €/L"
Pilhas Alcalinas Blue AAA,Sony,Blister 4 pilhas,"2,99 €","2,99 €/Unidade"
Detergente manual de roupa,Omo,Embalagem de 540g,"1,69 €","3,13 €/Kg"
Lava tudo sabão natural mármore e terra cota,Ajax,1 l,"1,74 €","3,48 €/L"
Desinfetante em gel c/ lixívia,Cif,Garrafa de 750 ml,"2,49 €","3,32 €/L"
Queijo de vaca curado amanteigado,PorSi,+/- 550 g,"4,49 €","7,81 €/Kg"
"Néctar pêssego, prisma",PorSi,Embalagem de 1 l,"0,79 €","0,79 €/L"
20 mini rissóis de camarão,PorSi,Embalagem de 300 g,"2,49 €","8,30 €/Kg"
Inseticida casa e plantas,Dum Dum,Embalagem de 400 ml,"4,99 €","19,96 €/Kg"
Gel de banho zero pele seca,Sanex,Embalagem de 475ml,"3,24 €","4,32 €/L"
4 gelados de soja cone,Valsoia,Embalagem de 300g,"1,59 €","3,98 €/Kg"
Vinho regional península de setúbal tinto,J.m.f.,Garrafa de 750 ml,"4,99 €","6,65 €/L"
Sabonete calmante de lavanda,Labell,Embalagem de 4x100 g,"2,49 €","6,92 €/Kg"
"Corda para roupa, 20 metros",Domédia,1 unidade,"1,45 €","1,45 €/Unidade"
Leite com chocolate light,Ucal,Embalagem de 6 x 250 ml,"0,36 €","1,80 €/L"
Cabos de Bateria 400Amp,Bottari,Uma unidade,"2,29 €","22,90 €/L"
Toucinho fumado com pedaços,Monique Ranou,Embalagem de 200 g,"1,99 €","9,95 €/Kg"
Feijão encarnado,PorSi,Embalagem de 420 g,"0,79 €","2,23 €/Kg"
Máquina de barbear styler 3 em 1,Gillette,1 unidade,"1,12 €","4,48 €/L"
Forma Fiorela 28x7cm,Rioja IMF,1 unidade,"7,99 €","7,99 €/Unidade"
Yoggi liquido bio morango,Nestle,Garrafa de 250 ml,"1,09 €","2,18 €/L"
Máquina de barbear c/ 2 recargas de 6 lâminas,Labell Men,,"1,12 €","4,48 €/L"
Néctar light de manga/laranja,Compal,Pack 3 x 200 ml,"1,49 €","1,49 €/L"
Champagne heidsieck monopole blue top,Heidsieck,Garrafa de 1.5 l,"34,99 €","46,65 €/L"
As minhas primeiras receitas - refeição esparguete c...,Nestle,Embalagem de 190g,"1,59 €","8,37 €/Kg"
Pensos de incontinência Micro,Ausonia,Uma embalagem - 28Unidades,"2,25 €","2,25 €/Unidade"
"Vinho Dão, Reserva, Tinto",Selecção de Enófilos,"Garrafa de 0,75 l","2,99 €","3,99 €/L"
Leite condensado magro cozido,Nestle,Embalagem de 390g,"1,79 €","4,59 €/Kg"
Yoggi iogurte liquido bio mirtilo,Nestle,Garrafa de 250 ml,"1,09 €","2,18 €/L"
Detergente liquido loiça clássico,PorSi,Garrafa de 1 litro,"0,68 €","0,68 €/L"
Nestum 5 cereais,Nestum,Embalagem de 250g,"1,79 €","7,16 €/Kg"
Cenoura baby,PorSi,Embalagem de 400 g,"2,99 €","7,48 €/Kg"
Leite de transição 3 +10 meses,NAN,Embalagem de 800g,"13,99 €","17,49 €/Kg"
Vinho doc palmela tinto,Selecção de Enófilos,Garrafa de 0.75 l,"4,99 €","6,65 €/L"
Mini Tostas de Trigo,PorSi,Embalagem de 350 g,"1,45 €","4,14 €/Kg"
Detergente líquido Ultra Concentrado Loiça Platinium...,PorSi,Embalagem de 500 ml,"0,68 €","0,68 €/L"
Açucar granulado,PorSi,Embalagem de 1 kg,"0,69 €","0,69 €/Kg"
Filetes de pescada,PorSi,Embalagem de 400 g,"2,99 €","7,48 €/Kg"
Halls Vitamina C Melancia,Halls,Embalagem de 33g,"0,99 €","4,95 €/Kg"
Vassoura Simples Pluma,PorSi,unidade,"1,99 €","1,99 €/Unidade"
Doce de alperce ligth,Paquito,Embalagem de 335g,"1,90 €","5,67 €/Kg"
Cuecas de incontinência senhora Super XL,Depend,Uma embalagem - 9Unidades,"8,99 €","8,99 €/Unidade"
Coloração Permanente Louro Cinza Claro 8/1,Bellady,,"8,89 €","8,89 €/Unidade"
Coleira simples 20x440mm,Anivite,1 unidade,"3,99 €","3,99 €/Unidade"
Leite creme,PorSi,Embalagem de 2x135 g,"0,89 €","4,45 €/Kg"
"Gomas talhadas, sabor a melancia",Fini,Embalagem de 100 g,"0,89 €","8,90 €/Kg"
Robalo viveiro (400/600 gr) inteiro fresco,Nossa seleção,Peixe de aquacultura,"1,80 €","8,99 €/Kg"
Sumo 100% laranja,PorSi,Pack 3 x 200 ml,"0,99 €","0,66 €/L"
Casa Nature II,Max Smoby,Dim.: 98 x 110 x 127 cm,"12,99 €","12,99 €/Unidade"
"Néctar de alperce, tetra",Compal,pack 3 x 200 ml,"0,79 €","0,79 €/L"
Gel de banho natural soft de mel,Johnson's,Embalagem de 750 ml,"3,24 €","4,32 €/L"
Pudim de chocolate,PorSi,Embalagem de 110g,"1,19 €","85,00 €/Kg"
Cognac VSOP,Rémy Martin,"Garrafa de 0.70 l, com caixa","44,99 €","64,27 €/L"
Multiusos cozinha pistola,Mr.muscle,Embalagem de 500 ml,"2,79 €","5,58 €/L"
Vegan protein mix cacau bio shine pt,Shine,Embalagem de 250g,"0,89 €","8,90 €/Kg"
Refresco em pó de ananás,PorSi,Embalagem de 40 g,"0,64 €","16,00 €/Kg"
Limpa injetores gasolina,PorSi,Embalagem de 250 ml,"14,99 €","3,00 €/L"
Cerveja com álcool,Sagres,Lata de 500ml,"13,79 €","1,74 €/L"
Forma Retangular 26x11x8 cm,Rioja IMF,1 unidade,"7,99 €","7,99 €/Unidade"
Arroz extra longo integral,Saludaes,Embalagem de 1 kg,"0,89 €","0,89 €/Kg"
Queijo crema angulo aperitivos provenzales,B.de arias,Embalagem de 100g,"3,74 €","37,40 €/Kg"
Sidra maçã,Somersby,pack 4 x 0.33 l,"3,75 €","1,89 €/L"
Sabonete Hidratante Oliva,Labell,Embalagem de 100g,"2,49 €","6,92 €/Kg"
Tinta Plástica Branca p/ Interiores,Maltex,15 l,"9,99 €","0,67 €/L"
Sumo essencial kids,Compal,pack 3 x 0.11 l,"1,67 €","5,06 €/L"
Água s/ Gás,Serra de Fafe,Garrafa 6L,"1,04 €","0,17 €/L"
Leite 0% lactose magro,Mimosa,Garrafa de 1 l,"1,29 €","1,29 €/L"
Camarão cozido 50/70,PorSi,Embalagem de 1 kg,"8,99 €","8,99 €/Kg"
Feijão catarino,PorSi,Embalagem 500G,"0,95 €","1,90 €/Kg"
Porto ruby,Ferreira,Garrafa de 750 ml,"4,99 €","6,65 €/L"
Sopa de tomate,Knorr,Embalagem de 90g,"0,69 €","11,13 €/Kg"
"Inseticida recarga, elétrico, 45 noites",Raid,1 unidade,"8,16 €","13,60 €/L"
Aperitivos tex mex,Doritos,Embalagem de 120g,"1,39 €","10,69 €/Kg"
Big burger peixe,Capitão Iglo,Embalagem de 230g,"2,99 €","7,48 €/Kg"
Base de guarda sol em plástico 45 litros,Ideegarden,1 unidade,"15,99 €","15,99 €/Unidade"
Sumo essencial manga,Compal,pack 3 x 0.11 l,"0,79 €","0,79 €/L"
20 saquetas chá de baunilha c/ caramelo,Lipton,Embalagem de 40g,"2,49 €","62,25 €/Kg"
"Queijo médio, metades",Casteloes,Embalagem de 580g,"4,49 €","7,81 €/Kg"
Óleo Linimento Bebe,Pommette,Embalagem de 250 ml,"4,99 €","9,98 €/L"
Cataplana Anti-Aderente P/ Indução,Bioflon,"1 unidade, diâm. 30 cm","4,39 €","4,39 €/Unidade"
Amaciador  p/ roupa concentrado Aromaterapia,PorSi,Embalagem com 60 doses,"2,19 €","2,19 €/Unidade"
Refrigerante  c/ gás regular,Coca-Cola,pack 4 x 1 l,"0,79 €","0,40 €/L"
"Bloco Sanitário, Destinos Rio Carnaval",Sonasol,Embalagem de 50 g,"5,99 €","83,19 €/L"
Côco ralado,PorSi,Embalagem de 200g,"1,19 €","2,98 €/Kg"
Puré de batata,Saint Eloi,Embalagem de 500 g,"2,18 €","8,72 €/Kg"
Café solúvel c/ cafeína,PorSi,Embalagem de 100g,"1,69 €","16,90 €/Kg"
Tabuleiro Forno com asas 43x30x5 cm,Rioja IMF,1 unidade,"4,39 €","4,39 €/Unidade"
Néctar vital equilibrio melancia/morango,Compal,Embalagem de 1 l,"1,49 €","1,49 €/L"
Feijoada,PorSi,Embalagem de 420 g,"2,89 €","15,05 €/Kg"
"Detergente manual de loiça, limão",PorSi,"Garrafa de 1,5 l","0,68 €","0,68 €/L"
Chispalhada,PorSi,Embalagem de 420 g,"2,89 €","15,05 €/Kg"
Cacau em pó,Pantagruel,Embalagem de 130g,"1,66 €","8,30 €/Kg"
"Hamburguers de vaca, 4x80g",PorSi,Embalagem de 320 g,"1,99 €","6,22 €/Kg"
"Bolas de algodão, cores, com 100 unidades",PorSi,1 embalagem,"0,85 €","3,40 €/L"
Arroz Risotto,PorSi,Embalagem de 1 kg,"0,89 €","0,89 €/Kg"
Cerveja c/ álcool mini,Super Bock,Pack 15 x 0.20 L,"13,79 €","1,74 €/L"
Água Micelar c/doseador,Labell,Embalagem de 500ml,"5,49 €","5,49 €/Unidade"
Agrião,Florette,embalagem de 125 g,"1,79 €","14,32 €/Kg"
Leite creme,El mandari,Embalagem de 90g,"0,55 €","3,67 €/Kg"
Dentífrico 2 em 1 complete plus,Theramed,Embalagem de 75 ml,"1,99 €","26,53 €/L"
Gel arnica,Labell,Embalagem de 75ml,"3,49 €","46,53 €/L"
Dentifríco 2 em 1 menta fresca,Theramed,Embalagem de 75 ml,"1,99 €","26,53 €/L"
Tablete triple caramelo,Milka,Embalagem de 90g,"1,59 €","17,67 €/Kg"
"Pasta dentífrica, dentes/gensivas sensitive",Labell,Embalagem de 75 ml,"1,49 €","19,87 €/L"
Crepe maçã e canela,PorSi,Embalagem de 540 g,"2,99 €","9,06 €/Kg"
Gelado fizz limão,Olá,Embalagem de 6 x 60 ml,"4,99 €","13,86 €/L"
Salsicha fresca merguez,PorSi,Embalagem de 330 g,"2,89 €","8,76 €/Kg"
Dentifríco Flúor Gel,Colgate,Embalagem de 75 ml,"1,49 €","19,87 €/L"
Recarga tira gorduras,Agerul,embalagem de 750 ml + 150 ml grátis,"2,65 €","2,94 €/L"
"Escova de dentes macia, 7-13 anos",Labell,1 unidade,"0,99 €","0,99 €/Unidade"
"Aperitivos, amendoins no forno",Matutano,Embalagem de 200g,"1,99 €","9,95 €/Kg"
Champô men eficácia activa,Linic,Embalagem de 400 ml,"4,99 €","12,48 €/L"
Bolacha cream cracker,Vieira,Embalagem de 200g,"1,59 €","3,18 €/Kg"
"Gomas de beijos, sabor a morango",Fini,Embalagem 100G,"0,89 €","8,90 €/Kg"
Compak Regular Tampões Com Aplicador,Tampax,22 unidades,"1,49 €","1,49 €/Unidade"
Bolacha golden,Oreo,Embalagem de 154 g,"1,00 €","3,25 €/Kg"
Cera liquida amarela,Novycera,Garrafa de 500 ml,"0,94 €","0,94 €/L"
Wafers limão cubos,Vieira,Embalagem de 130g,"0,71 €","3,38 €/Kg"
Toucinho do céu,PorSi,Embalagem de 2x100 g,"0,89 €","4,45 €/Kg"
Bebida de soja e chocolate,PorSi Viva Bem,Embalagem de 1 l,"0,74 €","0,74 €/L"
Peitoral nylon pequeno,Bribon,Embalagem de 1 unidades,"8,68 €","8,68 €/Unidade"
Yoco liq. pessego manga all nat 6x90g,Nestle,Embalagem de 540g,"1,09 €","2,18 €/L"
Azeite Virgem,Oliveira da Serra,Embalagem de 750 ml,"2,84 €","3,79 €/L"
Comida húmida para gato júnior,Felix,Embalagem de 400g,"2,99 €","9,97 €/Kg"
Cereais nesquik,Nestle,Embalagem de 625g,"2,09 €","3,34 €/Kg"
Massa pevide,Nacional,Embalagem de 250g,"0,49 €","0,98 €/Kg"
Refresco pó laranja,PorSi,Embalagem de 40g,"0,64 €","16,00 €/Kg"
Água mineral sem gás,S.estrela,pack 4 x 1.5 l,"1,04 €","0,17 €/L"
Camarão selvagem de Madagáscar 60/70,*,Vendido ao peso,"21,50 €","42,99 €/Kg"
Brandy,Croft,Garrafa de 700 ml,"10,29 €","14,70 €/L"
Creme vegetal para culinária,PorSi,Embalagem de 250g,"0,49 €","1,96 €/Kg"
Ração para gato indoor,Purina One,Embalagem de 800g,"3,49 €","1,75 €/Kg"
Ice tea pêssego,Lipton,Embalagem de 1L,"1,08 €","0,72 €/L"
Crocante frango integrais,Iglo,Embalagem de 180g,"3,99 €","13,30 €/Kg"
Leite especial cálcio + vitamina d magro,Mimosa,Garrafa de 1 l,"1,29 €","1,29 €/L"
Crescido,Bacalhau da Noruega,1 un = 1.5 kg (aprox.),"11,99 €","7,99 €/Kg"
Café solúvel intenso,Delta,Embalagem de 100g,"1,69 €","16,90 €/Kg"
Lindahls pro+ liq frab baunilha,Lindahls,Garrafa de 330 ml,"2,09 €","6,33 €/L"
Rebuçados drops recheio de fruta,PorSi,Embalagem de 250g,"0,98 €","4,90 €/Kg"
Gomas cinema mix,Fini,Embalagem 100G,"0,89 €","8,90 €/Kg"
Cueca Incontinência Homem Super L/XL,Depend,1 embalagem = 9 unidades,"8,99 €","8,99 €/Unidade"
"Cotonetes, recarga, 160 unidades",Labell,1 embalagem,"3,49 €","46,53 €/L"
Pasta dentífrica herbal branqueadora,Colgate,Embalagem de 75 ml,"1,49 €","19,87 €/L"
Farinha de alfarroba bio,PorSi Bio,Embalagem de 200 g,"1,25 €","6,25 €/Kg"
Molho bechamel,PorSi,Embalagem de 500 ml,"0,74 €","3,70 €/L"
Papel Higiénico Compacto Ultra Suave XXL,Colhogar,12 rolos,"7,99 €","7,99 €/Unidade"
Cadeira caribe branca,Joluce,Dim.: 57 x 54 x 85 cm,"10,49 €","10,49 €/Unidade"
Batata frita palha,Pala-pala,Embalagem de 500g,"0,59 €","3,69 €/Kg"
Tampão com Aplicador Pearl Regular,Tampax,Embalagem com 24 unidades,"1,49 €","1,49 €/Unidade"
Amaciador roupa concentrado lírios e morango,PorSi,60 doses,"2,19 €","2,19 €/Unidade"
"Gel banho, Argan Monoi",Labell,Embalagem de 750 ml,"3,24 €","4,32 €/L"
Néctar light ananás/coco,Compal,330 ml,"1,49 €","1,49 €/L"
"Alimento seco para gato, peixe/legumes",Bribon,"Embalagem de 1,5 kg","3,49 €","1,75 €/Kg"
Ice tea pessêgo,Lipton,pack 6 x 0.25 l,"1,08 €","0,72 €/L"
Vinho maduro tinto doc alentejano,P.ravessa,Garrafa de 750 ml,"5,99 €","7,99 €/L"
Tira gorduras pistola,PorSi,Embalagem de 500 ml,"2,65 €","2,94 €/L"
Moscatel de Setúbal,Bacalhoa,Garrafa de 750 ml,"5,99 €","7,99 €/L"
Condicionador Diamante Força Extra,Tresemmé,Embalagem de 675 ml,"7,99 €","44,39 €/L"
Pasta de sardinha,Fides,Embalagem de 90g,"0,69 €","7,84 €/Kg"
Vinagre vinho branco 500ml,Cristal,Garrafa de 500 ml,"0,49 €","0,98 €/L"
Barras de cereais nesquik,Nestle,Embalagem de 150g,"2,69 €","17,93 €/Kg"
Anti-Traça Gel Lavanda,Dum Dum,2 unidades,"4,49 €","4,49 €/Unidade"
Oikos morango 110g x4,Danone,Embalagem de 440g,"1,19 €","2,38 €/Kg"
Infusão de tília,PorSi,Embalagem de 30g,"0,59 €","17,88 €/Kg"
Cabeça Pescada,Peixe Congelado,,"2,99 €","7,48 €/Kg"
Garrafa unicórnio,Do Art,1 unidade,"39,99 €","39,99 €/Unidade"
Lixívia tradicional,PorSi,Embalagem de 2 l,"1,74 €","0,35 €/L"
Pão de forma integral 100% natural,Bimbo,Embalagem de 460g,"0,95 €","1,73 €/Kg"
Quiche 3 queijos,Monique Ranou,Embalagem de 400 g,"3,29 €","3,29 €/Kg"
Lava tudo marinho,Cif,"Garrafa de 1,4 l","1,59 €","1,06 €/L"
Pão de forma organic bio com quinoa,Bimbo,Embalagem de 400g,"0,95 €","1,73 €/Kg"
Special k aveia mel,Kellogg's,Embalagem de 420g,"1,97 €","1,97 €/Kg"
Feijão frade,Compal,Lata de 410 ml,"0,79 €","2,23 €/Kg"
Lentilhas vemelhas,PorSi Viva Bem,Embalagem de 500 g,"1,19 €","2,38 €/Kg"
Leite Bem Essencial Chocolate,Mimosa,Embalagem de 4 x 200 ml,"0,36 €","1,80 €/L"
"Chantilly, spray",Páturages,Embalagem de 250g,"0,74 €","3,70 €/L"
Sobremesa de Arroz Doce,PorSi,Embalagem 2X135G,"0,89 €","4,45 €/Kg"
"Cerveja com álcool, lata",Super Bock,Garrafa de 500 ml,"13,79 €","1,74 €/L"
Vela com número nº 6,PorSi,1 unidade,"0,49 €","0,49 €/Unidade"
Cerveja c/ álcool,Super Bock,Pack 15 X 0. 33L,"13,79 €","1,74 €/L"
Ambientador recarga delícias de verão,Air Wick,Garrafa de 250 ml,"4,99 €","19,96 €/L"
Chá tetley supertea digeston 10x20x2g,Tetley,Embalagem de 40g,"2,29 €","57,25 €/Kg"
Leite UHT Meio Gordo,Gresso,Embalagem de 1 l,"0,55 €","0,55 €/L"
Mini tostas integrais super finas,PorSi,Embalagem de 100 g,"1,45 €","4,14 €/Kg"
Laca cabelos secos gigante,Sunsilk,Embalagem de 300 ml,"4,99 €","16,63 €/L"
Leite de coco,PorSi,Embalagem de 400 ml,"1,79 €","4,48 €/L"
Lindahls pro+ liq frab baunilha,Lindahls,Garrafa de 330 ml,"1,09 €","2,18 €/L"
"Gel banho, hidratante",Labell,Embalagem de 750 ml,"3,69 €","4,92 €/L"
"Rebuçados sem açúcar, mentho-lyus",Halls,Embalagem de 128 g,"0,99 €","4,95 €/Kg"
Espuma de barbear para peles sensíveis,Labell Men,Embalagem de 250 ml,"1,12 €","4,48 €/L"
Mesa Extensível Bolívia Antracite,Joluce,190x105x71 cm | Extensível até 250 cm,"10,49 €","10,49 €/Unidade"
Chocolate culinário em pó,PorSi,Embalagem de 125 g,"1,66 €","8,30 €/Kg"
Feijão com dobrada,PorSi,Embalagem de 420 g,"2,89 €","15,05 €/Kg"
Leite uht magro,Mimosa,Embalagem de 200 ml,"0,84 €","0,84 €/L"
Açorda de gambas,Cozinha pronta,Embalagem de 350 g,"3,99 €","17,35 €/Kg"
Tampão com Aplicador Pearl Super,Tampax,24 Unidades,"1,49 €","1,49 €/Unidade"
"Recarga ambientador eléctrico, alfazema",PorSi,Embalagem de 25 ml,"4,99 €","19,96 €/L"
Batata frita em azeite,PorSi,Embalagem de 150g,"0,88 €","5,03 €/Kg"
Barras fitness com chocolate,Nestle,Embalagem de 140g,"3,39 €","11,30 €/Kg"
Quiche de galinha e cogumelos,*,155 g,"1,99 €","12,84 €/Kg"
Kit Rega completo com 5 peças,Itools,1 unidade,"15,99 €","15,99 €/Unidade"
Bolachas cracker sem sal,PorSi,Embalagem de 500g,"1,59 €","3,18 €/Kg"
Champô 7 Dias Liso,Tresemmé,Embalagem de 250 ml,"1,99 €","4,98 €/L"
Farinha láctea,PorSi,Embalagem de 1 kg,"3,89 €","3,89 €/Kg"
Batatas Fritas Strong Hot Chicken,Ruffles,1 Embalagem 170G,"0,88 €","5,03 €/Kg"
Gel Banho Be Fresh Invigorate,Johnson's,Embalagem de 750 ml,"3,24 €","4,32 €/L"
Manteiga com sal,Primor,Embalagem de 250g,"1,35 €","5,40 €/Kg"
Sacos do lixo de 100 litros 100% reciclado,Silvex,,"1,09 €","1,09 €/Unidade"
"Vinho branco região da península de setúbal, bag in ...",Dom Campos,Garrafa de 5 l,"8,99 €","1,80 €/L"
Pastilhas Oral B Spearmint,Trident,Embalagem de 51 g,"2,29 €","39,48 €/Kg"
Bebida láctea crescimento c/ bolacha maria,Nestle,Embalagem de 1 litro,"1,29 €","1,29 €/L"
Vela com número nº 0,PorSi,1 unidade,"0,49 €","0,49 €/Unidade"
Guardanapos com riscas rosa | Dim.: 33 x 33 cm,PorSi,Embalagem com 20 unidades,"0,99 €","0,99 €/Unidade"
Mortadela de peru fatiada,PorSi,Embalagem de 200g,"1,59 €","7,95 €/Kg"
Lasanha de Bacalhau,*,Vendido ao peso,"3,19 €","3,19 €/Kg"
Perfume para homem rise,Str8,Embalagem de 50 ml,"0,79 €","15,80 €/L"
Mopa 1.2 spray max,Vileda,1 unidade,"1,54 €","1,54 €/Unidade"
Lindahls pro sol limao cookie,Lindahls,Embalagem de 150g,"2,09 €","6,33 €/L"
Sardinha em tomate picante,PorSi,Embalagem de 120g,"1,49 €","12,42 €/Kg"
Ambientador wood oceano,Aroma Car,Embalagem de 4 ml + 2 ml grátis,"4,99 €","4,99 €/Unidade"
Tomates Cereja Púrpura Biológicos,PorSi Bio,± 200 g,"0,80 €","3,99 €/Kg"
"Creme de depilação duche, peles normais",Veet,Garrafa de 150 ml,"10,99 €","73,27 €/L"
Abóbora cubos,Saint Eloi,Embalagem de 750 g,"2,99 €","7,48 €/Kg"
Polpa de tomate em garrafa,Compal,Embalagem de 1 kg,"1,79 €","4,48 €/L"
Manteiga sem sal,PorSi,Embalagem com 250 g,"1,35 €","5,40 €/Kg"
Arroz carolino,PorSi,Embalagem de 1 kg,"0,89 €","0,89 €/Kg"
Espetos de madeira para churrasco 24 cm,PorSi,Embalagem de 20 unidades,"2,25 €","2,25 €/Unidade"
"Detergente manual de loiça, aloé vera",Fairy,Embalagem de 500 ml,"0,68 €","0,68 €/L"
Arroz vaporizado,Cigala,Embalagem de 1 kg,"0,89 €","0,89 €/Kg"
"Cerveja com álcool, lata",Super Bock,Garrafa de 330 ml,"13,79 €","1,74 €/L"
Caramelos de nata,PorSi,Embalagem de 250g,"0,99 €","3,96 €/Kg"
Papa infantil láctea maçã +6 meses,Cerelac,Embalagem de 250g,"3,89 €","3,89 €/Kg"
Condicionador Bebé Brilho Mágico,Johnson's Baby,Embalagem de 500 ml,"2,49 €","4,98 €/L"
"As minhas primeiras receitas - refeição batata, abób...",Nestle,Embalagem de 190g,"1,59 €","8,37 €/Kg"
Forma de papel para bolos 6. 8cm,PorSi,Embalagem com 60 unidades,"0,99 €","0,99 €/Unidade"
Massa cuscus,PorSi,Embalagem de 250g,"0,49 €","0,98 €/Kg"
"Refrigerante sem gás, maçã",Joi,"Garrafa de 1,5 l","1,08 €","0,72 €/L"
Cereais nesquik,Nestle,Embalagem de 380g,"2,09 €","3,34 €/Kg"
Porto tawny,Ferreira,Garrafa de 750 ml,"4,99 €","6,65 €/L"
Nata uht para bater,Gresso,Garrafa de 200 ml,"0,74 €","3,70 €/L"
Lixívia para roupa delicada,Vanish,Garrafa de 2 l,"4,99 €","2,50 €/L"
20 saquetas infusão de lúcia lima,Lipton,Embalagem de 30g,"1,24 €","28,84 €/Kg"
Guarda Sol Poliester,Pandicamp,Dim.: 2.7 m,"34,99 €","34,99 €/Unidade"
Café solúvel viena,Nescafe,Embalagem de 140g,"1,69 €","16,90 €/Kg"
"Ice tea, pêssego",PorSi,"Embalagem de 6x0,20 l","1,08 €","0,72 €/L"
Sementes de abóbora,PorSi Viva Bem,Embalagem de 200 g,"1,99 €","9,95 €/Kg"
Cadeira Rattan Queen Antracite,Joluce,61 x 83 cm,"10,49 €","10,49 €/Unidade"
Bol agua s. dose integral 186g,Vieira,Embalagem de 180g,"0,71 €","3,55 €/Kg"
Gel de banho de lavanda,Le Petit Marseillais,Embalagem de 650 ml,"3,24 €","4,32 €/L"
Escorrega KS,Max Smoby,Dim.: 159 x 68 x 100 cm,"12,99 €","12,99 €/Unidade"
Super gel bisnaga,Supergel,Embalagem de 100 ml,"2,29 €","22,90 €/L"
Jogo para viagem apanha e ganha,Clementoni,1 unidade,"6,99 €","6,99 €/Unidade"
Pré-lavagem power gel,Vanish,Garrafa de 200 ml,"11,99 €","11,99 €/Unidade"
Manteiga c/ sal,Mimosa,Embalagem de 250g,"1,35 €","5,40 €/Kg"
Iogurte corpos danone aroma morango,Danone,Embalagem de 4 x 120 g,"6,57 €/Kg","6,57 €/Kg"
Ovos classe xl,PorSi,6 unidades,"0,84 €","0,84 €/Unidade"
Sortido seleção,Chabrior,Embalagem de 380g,"2,89 €","7,61 €/Kg"
Gazebo Polyester,Ideegarden,Dim.: 2 x 3 m,"15,99 €","15,99 €/Unidade"
Máquina Descartável Depilatória Body Men,Gillette,Embalagem com 1 unidade,"6,99 €","6,99 €/Unidade"
Máquina Depilatória Snap Venus,Gillette,1 unidade,"6,99 €","6,99 €/Unidade"
Leite s/ lactose meio gordo,Mimosa,Garrafa de 1 l,"1,29 €","1,29 €/L"
Caldeirada de bacalhau,*,Vendido ao peso,"3,19 €","3,19 €/Kg"
Água Destilada,Blandis,Embalagem de 5 l,"14,99 €","3,00 €/L"
"Toalhitas intimas, 20 unidades",Labell,Uma embalagem,"0,89 €","0,89 €/Unidade"
Esteira desdobrável,Moveo,1 unidade,"5,99 €","5,99 €/Unidade"
Vinagre balsâmico,PorSi,Embalagem de 250 ml,"0,49 €","0,98 €/L"
Cadeira Rattan Queen Castanha,Joluce,61 x 83 cm,"10,49 €","10,49 €/Unidade"
"Coloração permanente, óleo intenso louro escuro, 6/1...",Syoss,1 unidade,"8,89 €","8,89 €/Unidade"
Creme depilatório para peles normais,Labell,Embalagem de 200 ml,"10,99 €","73,27 €/L"
Lixívia tradicional,PorSi,Embalagem de 1 l,"1,74 €","0,35 €/L"
Bolacha cookie sensations choco,Milka,Embalagem de 160g,"0,77 €","5,13 €/Kg"
Forma Tarde Ondulada com fundo desmontável 31cm,Rioja IMF,1 unidade,"7,99 €","7,99 €/Unidade"
Massa esparguete,PorSi,Embalagem de 500g,"0,49 €","0,98 €/Kg"
Corda elástica,Moveo,1 unidade,"5,99 €","5,99 €/Unidade"
Vinho frisante tinto,Aldeia sol,Garrafa de 750 ml,"2,49 €","3,32 €/L"
"Pensos higiénicos ultra teeny abas, 14 unidades",Labell,1 embalagem,"2,59 €","2,59 €/Unidade"
Refrigerante de cola zero,PorSi,Garrafa de 2 l,"0,79 €","0,40 €/L"
Puzzle Panorama La Casa De Papel,Clementoni,1000 peças,"12,99 €","12,99 €/Unidade"
10 saquetas chá verde clássico,Lipton,Embalagem de 10g,"1,24 €","28,84 €/Kg"
Iogurte Pedaços Pêssego,PorSi,Embalagem de 2x135 g,"1,99 €","2,07 €/Kg"
Nestum zero espelta/aveia,Nestum,Embalagem de 250 g,"3,89 €","3,89 €/Kg"
Néctar light de laranja prisma,PorSi,Embalagem de 1 l,"1,49 €","1,49 €/L"
Cadeira Viana Branca,Joluce,90 x 60 cm,"15,99 €","15,99 €/Unidade"
Mesa caribe rattan antracite,Joluce,Dim.: 100 x 72 cm,"10,49 €","10,49 €/Unidade"
Lindahls pro+ liq banana noz,Lindahls,Garrafa de 330 ml,"1,09 €","2,18 €/L"
Forma Desmontável 22x7 cm,Rioja IMF,1 unidade,"7,99 €","7,99 €/Unidade"
Iogurte activia natural,Danone,Embalagem de 4 x 120 g,"2,29 €","4,77 €/Kg"
Cadeira Caribe Antracite,Joluce,Dim.: 57 x 54 x 85 cm,"10,49 €","10,49 €/Unidade"
24 etiquetas azuis,Domédia,Uma embalagem,"2,29 €","2,29 €/Unidade"
Abre frasco com pegas,Domédia,1 unidade,"2,25 €","2,25 €/Unidade"
"Alimento húmido para cão, molho",César,Embalagem de 4x100 g,"0,49 €","1,63 €/Kg"
Gelatina limão 10kcal,Royal,Embalagem de 30g,"0,64 €","71,11 €/Kg"
1ª papa não lactea milho e arroz sem glúten +4 meses,Cerelac,Embalagem de 250g,"3,89 €","3,89 €/Kg"
Batata frita lisa,PorSi,Embalagem de 90g,"2,29 €","7,63 €/Kg"
Condicionador 7 Dias Liso,Tresemmé,Embalagem de 250 ml,"7,99 €","44,39 €/L"
Jogo caça ao tesouro,Clementoni,1 unidade,"12,99 €","12,99 €/Unidade"
Massa aletria,PorSi,Embalagem de 500g,"0,49 €","0,98 €/Kg"
Massa meada,PorSi,Embalagem de 500g,"0,49 €","0,98 €/Kg"
Forma Desmontável 26x7 cm,Rioja IMF,1 unidade,"7,99 €","7,99 €/Unidade"
Farinha integral,ESPIGA,Embalagem de 500g,"2,18 €","8,72 €/Kg"
Ração seca para gatinhos frango e legumes,PorSi,Embalagem de 2 kg,"3,49 €","1,75 €/Kg"
Bolachas maria,PorSi,Embalagem de 200g,"0,99 €","1,24 €/Kg"
Miolo de camarão 80/100,Pescanova,Embalagem de 350g,"6,29 €","17,97 €/Kg"
Jogo Aqui há festa,Clementoni,1 unidade,"12,99 €","12,99 €/Unidade"
"Sabonete dermo, com um 1/4 de creme hidratante",Labell,Embalagem de 100 g,"2,49 €","6,92 €/Kg"
"Penso Higiénico Ultra Normal Plus, 12unidades",Carefree,Uma embalagem,"2,59 €","2,59 €/Unidade"
Leite seleccionado magro,Matinal,Garrafa de 1 l,"0,84 €","0,84 €/L"
Farinha rainha c/ fermento,Nacional,Embalagem de 1000 g,"2,18 €","8,72 €/Kg"
Biscoito para Cão Mini Sticks,Purina One,Embalagem de 90 g,"3,19 €","6,38 €/Kg"
Açúcar de coco bio,PorSi Bio,Embalagem de 250 g,"0,89 €","8,90 €/Kg"
Azeite virgem clássico,PorSi,Garrafa de 750 ml,"2,84 €","3,79 €/L"
Lixivia perfumada,PorSi,Garrafa de 2 l,"1,74 €","0,35 €/L"
Saca rolhas de rosca,Domédia,1 unidade,"3,75 €","3,75 €/Unidade"
Vela com número nº 3,PorSi,1 unidade,"0,49 €","0,49 €/Unidade"
12 Ovos Frescos Classe M,PorSi,12 unidades,"0,84 €","0,84 €/Unidade"
Prateleira de sobreposição,Metaltex,1 unidade,"5,49 €","5,49 €/Unidade"
Sidra doce,Fauconneri,Garrafa de 750 ml,"3,75 €","1,89 €/L"
Pudim de baunilha,PorSi,Embalagem de 90g,"1,19 €","85,00 €/Kg"
Gel de banho suave,Johnson's Baby,Embalagem de 500 ml,"2,49 €","4,98 €/L"
Reparador de móveis escuro,PorSi,Embalagem de 200 ml,"1,79 €","8,95 €/L"
Detergente líquido p/ máquina lavar roupa cores escu...,Woolite,"Garrafa de 1,65 l","11,99 €","11,99 €/Unidade"
12 Preservativos Adapta Non Stop,Control,,"4,49 €","4,49 €/Unidade"
Feijão frade,Caçarola,Embalagem de 500 g,"0,95 €","1,90 €/Kg"
Luvas Colors,Vileda,Tamanho: M/G,"1,89 €","1,89 €/Unidade"
"Detergente líquido, manual loiça, limão",Super Pop,"Garrafa de 1,4 l","0,68 €","0,68 €/L"
Cereais +fibra total,Nacional,Embalagem de 300g,"3,39 €","11,30 €/Kg"
Iogurte líquido danup melão/melancia,Danone,Embalagem de 4 x 155 g,"1,09 €","2,18 €/L"
Néctar vital equilibrio laranja/cenoura/manga,Compal,Embalagem de 1 l,"0,79 €","0,79 €/L"
"Recarga Inseticida elétrico, nigth & day",Raid,Embalagem de 2x300 ml,"8,16 €","13,60 €/L"
Galão enriquecido com cálcio,Ucal,Embalagem de 600 ml,"1,60 €","2,00 €/L"
Bebida de soja com cálcio,PorSi Viva Bem,Embalagem de 1 litro,"0,74 €","0,74 €/L"
Queijo flamengo em fatias,Terra Nostra,Embalagem de 200g,"1,04 €","5,20 €/Kg"
Mopa 1.2 spray max,Vileda,1 unidade,"1,99 €","1,99 €/Unidade"
Bolachas bambolitos chocolate e leite,PorSi,Embalagem de 150g,"0,69 €","4,60 €/Kg"
Doce p/ Queijo de Maçã c/ Passas,Quinta de Jugais,Embalagem de 125g,"2,69 €","21,52 €/Kg"
Vinho Regional Lisboa Reserva Branco,Marginal,Garrafa de 0.75 l,"6,29 €","8,39 €/L"
Condicionador Corporal Refirrmante,Nivea,Embalagem de 250 ml,"1,99 €","4,98 €/L"
Mousse limpeza refresh,Labell,Embalagem com 150ml,"1,99 €","4,98 €/L"
"Forma papel para bolos, 10. 5cm",PorSi,Embalagem com 60 unidades,"0,99 €","0,99 €/Unidade"
Chouriço Extra do Ribatejo,PorSi,200 g,"1,09 €","5,45 €/Kg"
Anéis anti gotas de metal,Quittin,2 unidades,"3,75 €","3,75 €/Unidade"
Detergente liquido para máquina de lavar roupa activ...,Skip,Embalagem de 80 doses,"11,99 €","11,99 €/Unidade"
Recarga mopa,Leifheit,1 unidade,"1,54 €","1,54 €/Unidade"
Leite de pastagem meio-gordo,Terra Nostra,Embalagem de 1 litro,"0,55 €","0,55 €/L"
"Vinho DOC Bairrada, Branco",Selecção de Enófilos,Garrafa de 0.75 l,"1,99 €","2,65 €/L"
"Salsa em folhas, pacote",Margao,Embalagem de 10g,"1,35 €","33,75 €/Kg"
Cebola picada em pacote,PorSi,Embalagem de 40 g,"1,35 €","33,75 €/Kg"
Ice tea de limão,PorSi,"Embalagem de 6x0,20 l","1,08 €","0,72 €/L"
Peito de peru forno a lenha,Primor,"Vendido ao peso, fatiado a partir de 100 gr","0,90 €","8,99 €/Kg"
Super Cola 3 Gel,Loctite,Embalagem de 3 g,"3,99 €","1330,00 €/Kg"
Fogão p/Campismo Bistro,Campingaz,1 unidade,"39,99 €","39,99 €/Unidade"
Lasanha à bolonhesa,PorSi,Embalagem de 1 kg,"3,19 €","3,19 €/Kg"
"Queijo, 16 porções",A Vaca Que Ri,Embalagem de 280g,"2,99 €","10,68 €/Kg"
Bambolitos pretos,PorSi,Embalagem de 150g,"0,69 €","4,60 €/Kg"
"Queijo light, 16 unidades",A Vaca Que Ri,Embalagem de 280g,"2,09 €","17,42 €/Kg"
Iogurte tipo grego stracciatella,PorSi,Embalagem de 500g,"1,19 €","2,38 €/Kg"
Leite com chocolate original,Ucal,Embalagem de 6 x 250 ml,"0,36 €","1,80 €/L"
Garfo de nylon cabo áqua,PorSi,1 unidade,"2,25 €","2,25 €/Unidade"
Yoggi iogurte liquido smoodi frutos tropicais,Nestle,Embalagem de 315g,"1,09 €","2,18 €/L"
Esparguete,PorSi,Embalagem de 1 kg,"0,49 €","0,98 €/Kg"
Vinho regional península de setúbal,Dom Campos,Garrafa de 0.75 l,"4,99 €","6,65 €/L"
Nata uht 0% lactose,Parmalat,Embalagem de 200 ml,"0,74 €","3,70 €/L"
Leite seleccionado meio gordo,Matinal,Garrafa de 1 l,"0,55 €","0,55 €/L"
6 Preservativos Adapta Nature,Control,,"4,49 €","4,49 €/Unidade"
Baton Care & Colour Red,Labello,,"3,49 €","46,53 €/L"
Néctar tutti-fruti,Compal,Pack 3 x 200 ml,"0,79 €","0,79 €/L"
Cartucho com gás CP-206,Campingaz,1 unidade,"39,99 €","39,99 €/Unidade"
Kit de rega completo,Itools,5 peças,"6,99 €","6,99 €/Unidade"
Tampão com aplicador Compak Pearl Super Plus,Tampax,Embalagem com 18 unidades,"1,49 €","1,49 €/Unidade"
Escova de dentes premier white,Colgate,1 unidade,"3,49 €","3,49 €/Unidade"
"Fraldas 3D, T5, 13-18 Kg",Dodot,Embalagem de 74 unidades,"6,39 €","6,39 €/Unidade"
Feijão manteiga,Compal,Lata de 410 ml,"0,79 €","2,23 €/Kg"
Espreguiçadeira lena azul 190 x 66 x 42 cm,Joluce,1 unidade,"15,99 €","15,99 €/Unidade"
Carte d'or cake romantica,Olá,Embalagem de 750 ml,"2,99 €","9,06 €/Kg"
Mistura solúvel c/ 20% café pó,PorSi,Embalagem de 200g,"1,95 €","9,75 €/Kg"
Atum posta em óleo,Ramirez,Embalagem de 120g,"1,49 €","12,42 €/Kg"
Gel de Banho Shea Butter & Vanilla,Dove,Embalagem de 750 ml,"3,69 €","4,92 €/L"
Jogo caça ao tesouro,Clementoni,1 unidade,"6,99 €","6,99 €/Unidade"
Laca Cabelo Criação Brilho,Tresemmé,Embalagem de 300 ml,"4,99 €","16,63 €/L"
Puzzle Panorama Stranger Things,Clementoni,1000 peças,"12,99 €","12,99 €/Unidade"
Creme abrasivo c/ lixívia,Cif,Garrafa de 500 ml,"0,99 €","1,32 €/L"
Polpa de manga,PorSi,Embalagem de 850g,"2,99 €","5,29 €/Kg"
Cereais chooks,Nacional,Embalagem de 300g,"2,09 €","3,34 €/Kg"
Costeleta do cachaço de porco,PorSi,Embalagem de 1 kg,"4,35 €","4,35 €/Kg"
Gomas ladrilhos,Fini,Embalagem de 100 g,"0,89 €","8,90 €/Kg"
Jogo Aqui há festa,Clementoni,1 unidade,"6,99 €","6,99 €/Unidade"
Cadeira de refeição campus,Dorel,1 unidade,"9,99 €","9,99 €/Unidade"
Mesa caribe castanha,Joluce,Dim.: 100 cm,"10,49 €","10,49 €/Unidade"
Batata frita palha,PorSi,Embalagem de 160g,"0,59 €","3,69 €/Kg"
Leite uht meio gordo,Mimosa,Embalagem de 1 litro,"0,55 €","0,55 €/L"
Infusão de camomila,PorSi,Embalagem de 33.7 g,"0,59 €","17,88 €/Kg"
Gelatina de laranja,PorSi,Embalagem de 170g,"0,64 €","71,11 €/Kg"
Queijo flamengo 0% lactose,PorSi Viva Bem,Embalagem de 150 g,"1,04 €","5,20 €/Kg"
"Gomas, aro fresa",Fini,Embalagem de 100 g,"0,89 €","8,90 €/Kg"
Jogo para viagem guerra dos mágicos,Clementoni,1 unidade,"6,99 €","6,99 €/Unidade"
Sangria frutos vermelhos,Casal Garcia,Garrafa de 0.75 l,"3,14 €","4,19 €/L"
Molho de whisky cocktail,Calve,Garrafa de 250 ml,"2,29 €","8,81 €/Kg"
"Postas pescada nº3, para fritar",PorSi,Embalagem de 600 g,"2,99 €","7,48 €/Kg"
Sumo 100% pêssego e uva,Paquito,Embalagem de 1 l,"0,99 €","0,66 €/L"
Cereais fitness,Nestle,Embalagem de 380g,"3,39 €","11,30 €/Kg"
"Bebida láctea crescimento 1-3 anos, cereais",Nestle,Embalagem de 1 litro,"1,29 €","1,29 €/L"
Porto tawny valadão,Valadao,Garrafa de 750 ml,"4,99 €","6,65 €/L"
Tampões Compak Pearl Regular Com Aplicador,Tampax,16 unidades,"1,49 €","1,49 €/Unidade"
Cogumelos laminados,PorSi,Embalagem de 185 g,"0,79 €","2,23 €/Kg"
Café moagem normal: original,Buondi,Embalagem de 220g,"2,99 €","13,59 €/Kg"
Prato p/ Bolo com Pé Patisserie Dim.: 32cm,Pasabahçe,Unidade,"4,39 €","4,39 €/Unidade"
Bacalhau Especial da Islândia,Bacalhau da Islândia,1 un = 4 kg (aprox.),"11,99 €","7,99 €/Kg"
Sopa Canja de Galinha c/ Aletria,PorSi,Embalagem de 75 g,"0,69 €","11,13 €/Kg"
Conjunto Rattan Castanho,Joluce,Mesa +  6 cadeiras,"10,49 €","10,49 €/Unidade"
Óleo alimentar,Vêgê,Embalagem de 1 l,"1,59 €","1,59 €/L"
Alimento seco para gato de salmão,HappyOne,Embalagem de 2 kg,"3,49 €","1,75 €/Kg"
Canja de galinha económica,Knorr,Embalagem de 60g,"0,69 €","11,13 €/Kg"
Desodorizante Spray Dry Adrenaline,Axe,Embalagem de 150 ml,"0,79 €","15,80 €/L"
"Alimento húmido para cão, geleia",César,Embalagem de 4x100 g,"0,49 €","1,63 €/Kg"
"Guardanapos brancos, 33x33cm, 2 folhas",PorSi,Embalagem com 100 unidades,"0,99 €","0,99 €/Unidade"
Loção bons sonhos para bebé,Johnson's Baby,Embalagem de 500 ml,"4,99 €","9,98 €/L"
Manteiga sem sal,Mimosa,Embalagem de 250g,"1,35 €","5,40 €/Kg"
"Toalhitas Higiénicas Adulto, 64unidades",Labell,Uma embalagem,"5,49 €","5,49 €/Unidade"
Posta de tintureira,PorSi,Embalagem de 500 g,"2,99 €","7,48 €/Kg"
Gomas de amoras,Fini,Embalagem 100G,"0,89 €","8,90 €/Kg"
Farinheira do Ribatejo,Terra de Sabores,Embalagem de 220G,"1,99 €","9,05 €/Kg"
Soaker Splash Mouth,Nerf,1 un.,"12,99 €","12,99 €/Unidade"
Conjunto Rattan Castanho,Joluce,Mesa +  6 cadeiras,"15,99 €","15,99 €/Unidade"
Vassoura Especial Lisa,PorSi,unidade,"1,99 €","1,99 €/Unidade"
Geleira com 2 acumuladores,Atlantic,Cap.: 24 litros,"7,99 €","7,99 €/Unidade"
"Líquido para ferro de engomar, suave",PorSi,Embalagem de 2 l,"2,69 €","2,69 €/L"
"Líquido refrigerante, verde 10%",PorSi,Embalagem de 5 l,"2,99 €","0,60 €/L"
Água s/ gás,Luso,Pack 6 x 1.5 l,"1,04 €","0,17 €/L"
Pastilhas tridente fresh peppermint,Trident,Embalagem de 58 g,"2,29 €","39,48 €/Kg"
Wc lixivia gel ultra,Domestos,Garrafa de 750 ml,"1,74 €","0,35 €/L"
Sopa Creme de Marisco,PorSi,Embalagem de 80 g,"0,69 €","11,13 €/Kg"
Cerveja 0.0%,Heineken,Lata de 0.33 l,"5,99 €","3,03 €/L"
Gelado avelã com chocolate,Alpro,Embalagem de 500 ml,"4,99 €","9,98 €/L"
Champô anti-caspa,Labell,Embalagem de 750 ml,"1,99 €","4,98 €/L"
Sumo essencial de pêssego,Compal,pack 3 x 0.11 l,"1,67 €","5,06 €/L"
"Tiras limpa poros faciais, 6unidades",Labell,1 embalagem,"5,49 €","5,49 €/Unidade"
Bolacha maria junior doces,Vieira,Embalagem de 280g,"0,99 €","1,24 €/Kg"
Sumo concentrado de laranja,GUD,Garrafa de 740 ml,"4,79 €","6,47 €/L"
Vinho branco,Alandra,Garrafa de 750 ml,"2,69 €","3,59 €/L"
"Paté de sarinha, atum e marisco",Fides,Embalagem de 90g,"0,69 €","7,84 €/Kg"
Capa de edredão azul,Domédia,Dim.: 240 cm + Duas Fronhas,"14,99 €","14,99 €/Unidade"
"Coleira tipo escocês, para gato",Anivite,1 unidade,"3,99 €","3,99 €/Unidade"
Sublinhador amarelo grip,Domédia,1 unidade,"0,89 €","0,89 €/Unidade"
Champô men frescura diária,Linic,Embalagem de 400 ml,"4,99 €","12,48 €/L"
Rebuçados mel e limão,PorSi,Embalagem de 200g,"0,99 €","4,95 €/Kg"
Bolacha Maria sem lactose,PorSi Viva Bem,Embalagem de 200 g,"0,69 €","3,45 €/Kg"
Bolachas cream cracker doses individuais,Vieira,Embalagem de 180g,"1,59 €","3,18 €/Kg"
Paté de atum,PorSi,Embalagem de 65 g,"0,69 €","7,84 €/Kg"
Especialidade de soja baunilha,Paturages,Embalagem de 4 x 100 g,"1,59 €","3,98 €/Kg"
Pastilhas Oral B Peppermint,Trident,Embalagem de 51 g,"2,29 €","39,48 €/Kg"
Néctar clássico tutti-frutti,Compal,330 ml,"0,79 €","0,79 €/L"
Óleo 10w40 Semi-Sintectico,PorSi,Embalagem de 1 l,"14,99 €","3,00 €/L"
Snack para gato crispies vaca e frango,Felix,Embalagem de 50g,"1,69 €","33,80 €/Kg"
Manteiga com sal,Gresso,Embalagem de 250g,"1,35 €","5,40 €/Kg"
Gelatina de morango económica,Royal,Embalagem de 170g,"0,64 €","71,11 €/Kg"
Leite especial crescimento chocolat,Mimosa,Embalagem de 200 ml,"0,36 €","1,80 €/L"
Fuet extra,PorSi,170 g,"1,09 €","5,45 €/Kg"
Tartellete de alperce,Top Budget,Embalagem 200G,"1,14 €","7,60 €/Kg"
Queijo em fatias,Terra Nostra,Embalagem de 400g,"1,04 €","5,20 €/Kg"
Queijo Curado Meio Gordo +/-500 g,Quinta do Convento,500 g,"4,99 €","9,98 €/Kg"
"Champô, nutrição",Labell,Embalagem de 750 ml,"1,99 €","4,98 €/L"
"Shampoo, laranja",PorSi,Embalagem de 1 l,"2,99 €","0,60 €/L"
Refrigerante c/ gás,Pepsi,Pack 6 x 0.33 l,"0,79 €","0,40 €/L"
Recarga  para esfregona tiras,PorSi,1 unidade,"1,54 €","1,54 €/Unidade"
Champô men Eficácia activa 2em1,Linic,Embalagem de 400 ml,"4,99 €","12,48 €/L"
Manteiga c/sal,Terra Nostra,Embalagem de 250g,"1,35 €","5,40 €/Kg"
Soja fina,PorSi Viva Bem,Embalagem de 400 g,"1,49 €","3,73 €/Kg"
Ambientador elétrico + recarga alfazema,PorSi,1 unidade,"3,49 €","3,49 €/Unidade"
Néctar vital laranja/cenoura/manga,Compal,330 ml,"0,79 €","0,79 €/L"
Néctar de laranja do algarve,Compal,Garrafa de 200 ml,"0,79 €","0,79 €/L"
"Máquina Tripla Matrix, + 5 unidades",Labell Men,Uma embalagem,"1,12 €","4,48 €/L"
Vinagre de vinho tinto,Cristal,Garrafa de 500 ml,"0,49 €","0,98 €/L"
Vinho frisante tinto,Castiço,Garrafa de 75 cl,"2,49 €","3,32 €/L"
Vinagre de vinho branco,Cristal,Garrafa de 750 ml,"0,49 €","0,98 €/L"
Maionese vegan com alho bio mrorganic,Mr organic,Embalagem de 180g,"0,89 €","8,90 €/Kg"
Grão de bico,Compal,Lata de 850g,"0,79 €","2,23 €/Kg"
Água com gás,PorSi,"Garrafa de 1,5 l","1,74 €","1,74 €/L"
Iogurte vidro pedaços morango,PorSi,Embalagem de 2 x 135 g,"1,19 €","2,38 €/Kg"
"Espuma barbear, mach3 Suave",Gillette,Embalagem de 250 ml,"1,12 €","4,48 €/L"
Leite condensado cozido,PorSi,Embalagem de 397 g,"1,79 €","4,59 €/Kg"
Papel Higiénico Original 2 folhas,Scottex,Embalagem c/ 16 Rolos,"7,99 €","7,99 €/Unidade"
Cera bolsa amarela,Novycera,Embalagem de 250g,"0,94 €","0,94 €/L"
"Fita adesiva, 5mx2. 5 cm",Labell,1 unidade,"0,85 €","3,40 €/L"
Delta chicória + cafe soluvel lata,Delta,Embalagem de 250g,"1,69 €","16,90 €/Kg"
Chá tetley supertea sweetdreams 10x20x2g,Tetley,Embalagem de 40g,"2,29 €","57,25 €/Kg"
Gin,Gin Mare,Garrafa de 0.70 l + 4 águas tónicas 1724 de 0.20 l,"36,90 €","46,13 €/L"
Ovos Frescos Omega 3 de Galinhas Solo,PorSi Viva Bem,Embalagem com 6 unidades,"0,99 €","0,99 €/Unidade"
Yaos magro natural,Nestle,Embalagem de 4x110g,"6,57 €/Kg","6,57 €/Kg"
Maxi burguer sementes e cereais,Bimbo,Embalagem de 300g,"0,95 €","1,73 €/Kg"
Bife de atum,PorSi,Embalagem de 400 g,"2,99 €","7,48 €/Kg"
Iogurte ananás 000%,PorSi Viva Bem,Embalagem de 4 x 125 g,"6,57 €/Kg","6,57 €/Kg"
Vinagre vinho branco,PorSi,Garrafa de 500 ml,"0,49 €","0,98 €/L"
Torta natas com cobertura de cacau,PorSi,Embalagem de 300g,"1,99 €","4,98 €/Kg"
Alimento p/ Roedores menu Aroma: Cobaias,Vitakraft,Embalagem de 1Kg,"2,58 €","2,58 €/Kg"
"Comedouro em inox, classic 17cm",Anivite,Embalagem de 1 unidades,"3,99 €","3,99 €/Unidade"
"Amaciador de roupa, essencial relax",Quanto,Embalagem de 4 l,"4,09 €","1,02 €/L"
Café biológico da Colombia,PorSi Bio,10 cápsulas,"0,89 €","8,90 €/Kg"
Balde + esfregona rotativa,Leifheit,1 Conjunto,"1,54 €","1,54 €/Unidade"
Rebuçados mini café,PorSi,Embalagem de 200g,"0,99 €","4,95 €/Kg"
Nata uht,Mimosa,embalagem de 200 ml,"0,74 €","3,70 €/L"
"Cera acrílica, madeira",PorSi,Embalagem de 750 ml,"0,94 €","0,94 €/L"
Sumo 100% laranja,Compal,1 litro,"0,99 €","0,66 €/L"
Pano Microfibra,Fino,1 unidades,"1,89 €","1,89 €/Unidade"
Guardanapos Red Label 1 folha |Laranja,Renova,Dim: 30x32cm |70 unidades,"0,99 €","0,99 €/Unidade"
Leite condensado magro,PorSi,Embalagem de 390 g,"1,79 €","4,59 €/Kg"
Concha de nylon cabo áqua,PorSi,1 unidade,"2,25 €","2,25 €/Unidade"
Biscoitos de canela,PorSi,Embalagem de 750g,"1,89 €","2,52 €/Kg"
Conjunto 6 formas madalenas,Rioja IMF,1 unidade,"5,49 €","5,49 €/Unidade"
Manteiga magra,Matinal,Embalagem de 250g,"1,35 €","5,40 €/Kg"
Cerveja com álcool,Kings Bräu,"Embalagem de 0,33 l","13,79 €","1,74 €/L"
Princesas do mar,PorSi,Embalagem de 255 g,"2,49 €","9,76 €/Kg"
