Nome,Marca,Unidade,Preço Primário,Preço Secundário
Yofu com pedaços de morango,Alpro,Embalagem de 4x125 g,"2,59 €","6,48 €/Kg"
Dentifríco Flúor Gel,Colgate,Embalagem de 75 ml,"2,39 €","31,87 €/L"
Miolo de camarão 80/100,Pescanova,Embalagem de 350g,"8,99 €","25,69 €/Kg"
"Maionese, frasco",Hellmman's,Embalagem de 210g,"0,70 €","2,33 €/Kg"
Bebida Energética Apple,Hell,250 ml,"1,60 €","3,20 €/L"
Saqueta de puré de fruta | maçã + banana + morango,PorSi,90 g,"0,74 €","8,22 €/Kg"
Spray optimal 7 cozinha,Ajax,500 ml,"1,29 €","1,72 €/L"
Spray tira gorduras,Cillitbang,Garrafa de 500 ml,"1,19 €","0,79 €/L"
Queijo cura especial barrado pimentão,Casteloes,500 g,"7,89 €","13,72 €/Kg"
Azeite,PorSi,Garrafa de 1 l,"3,19 €","4,25 €/L"
Livro Hensel e Gretel,Europrice,1 unidade,"7,50 €/Unidade","7,50 €/Unidade"
Polvilho doce,PorSi,Embalagem de 500g,"2,29 €","4,58 €/Kg"
Police trooper,Rescue Hybrids,1 unidade,"49,99 €","49,99 €/Unidade"
Iogurte magro morango,Longa vida,Embalagem de 6 x 120 g,"1,44 €","2,88 €/Kg"
Toalha de Mesa Anti Nódoas,VZT,Dim.: 150 x 150 cm,"13,99 €","13,99 €/Unidade"
Pista carros com luz,Fantástiko,Dim.: 43 x 30 cm,"49,99 €","49,99 €/Unidade"
Clara de ovo liquida pasteurizada,Dovo,1 kg,"2,49 €","2,49 €/Kg"
Ração para gato esterilizado com peru,Friskies,Embalagem de 3 kg,"12,99 €","4,33 €/Kg"
Bolo Rei Alagado Frutos Secos,Pastelaria do Dia,700g,"2,99 €","4,60 €/Kg"
"Queijo light, 8 porções",A Vaca Que Ri,Embalagem de 140 g,"2,39 €","19,92 €/Kg"
Muesli Frutas,PorSi,500 g,"2,45 €","4,90 €/Kg"
Iogurte Natural Oikos,Danone,Embalagem de 900g,"0,65 €","1,30 €/Kg"
Salsichas cocktail,PorSi,Lata com 180 g,"0,75 €","3,75 €/Kg"
Barras fitness natural 141g,Nestle,Embalagem de 140g,"3,29 €","21,93 €/Kg"
"Vela em número,  nº 0",PorSi,1 unidade,"0,80 €","0,80 €/Unidade"
Vinho doc douro tinto,Papa Figos,Garrafa de 0.75 l,"7,49 €","9,99 €/L"
Brandy,ON/OFF,Garrafa de 700 ml,"8,99 €","12,84 €/L"
3 Frigideiras com cabo amovível,Bergner,"Dim.: 18, 20 e 24 cm","28,00 €","28,00 €/Unidade"
"Luvas multiusos relevo antiderrapante, tamanho grand...",PorSi,Embalagem de 1 unidades,"0,69 €","0,69 €/Unidade"
Renovador Camurça em Spray Preto,Búfalo,Embalagem de 250 ml,"5,09 €","20,36 €/L"
Elimina odores para calçado,Kiwi,Embalagem de 100 ml,"1,49 €","1,49 €/Unidade"
Panela de alumínio 18 cm basic,PorSi,1 un.,"28,00 €","28,00 €/Unidade"
Limpa vidros recarga tripla ação,Ajax,Embalagem de 500 ml,"3,19 €","6,38 €/L"
"Forma papel para bolos, 10. 5cm",PorSi,Embalagem com 60 unidades,"0,54 €","0,54 €/Unidade"
Milho partido,Rac.zezere,Embalagem de 5 kg,"2,49 €","2,49 €/Kg"
Sumo essencial de pêssego,Compal,pack 3 x 0.11 l,"0,99 €","0,99 €/L"
Néctar clássico laranja,Compal,Embalagem de 1 l,"0,99 €","0,99 €/L"
Collant licra 15D suavidade e conforto musk S/M,PorSi,1 unidade,"2,99 €","2,99 €/Unidade"
"Coloração permanente, castanho claro cobre nº54",Nutrisse,1 unidade,"9,49 €/Unidade","9,49 €/Unidade"
Ovos classe xl,PorSi,6 unidades,"1,39 €","1,39 €/Unidade"
Óleo de girassol,PorSi,garrafa de 3 litros,"3,39 €","3,39 €/L"
Salsichas de porco,Nobre,Lata de 200g,"0,75 €","3,75 €/Kg"
Fralda Cueca Activity Extra Tamanho 5,Dodot,Embalagem com 40 uni.,"4,99 €","4,99 €/Unidade"
Salsichas frasco hot dog,PorSi,Embalagem 540G,"0,75 €","3,75 €/Kg"
Queijo creme de ervas finas,Philadelph,Embalagem de 150g,"3,68 €","13,14 €/Kg"
NASA: Kit Nave Espacial,Clementoni,1 unidade,"12,99 €","12,99 €/Unidade"
Iogurte sólido sem lactose morango,Mimosa,Embalagem de 480g,"2,49 €","9,96 €/Kg"
Vinho tinto regional peninsula de setúbal,Fonte nico,Garrafa de 750 ml,"2,99 €","3,99 €/L"
Doce light alperce,PorSi,Embalagem de 340g,"3,59 €","10,26 €/Kg"
Camarão cozido 20/30,PorSi,Embalagem de 500 g,"8,99 €","17,98 €/Kg"
Arroz Carolino,Saludães,Embalagem de 1 kg,"0,99 €","0,99 €/Kg"
Caramelos de fruta,PorSi,Embalagem de 250g,"1,10 €","4,40 €/Kg"
Linguas de gato,PorSi,Embalagem de 200 g,"0,69 €","3,45 €/Kg"
"Escova de dentes, max fresh média",Colgate,Uma embalagem 1 un + 1 Grátis,"1,49 €","1,49 €/Unidade"
Bolachas marinheiras espelta,Cemporcent,Embalagem de 200 g,"2,69 €","13,45 €/Kg"
Pensos Higiénicos Cottonlike Normal Abas,Evax,embalagem de 16 unidades,"2,59 €","2,59 €/Unidade"
Mistura solúvel brasa,Nestle,Embalagem de 200g,"1,64 €","6,56 €/Kg"
Anti-Traça Alimentos,Dum Dum,2 unidades,"4,69 €","4,69 €/Unidade"
3 tabuleiros,Bergner,1 conjunto,"28,00 €","28,00 €/Unidade"
Remove Insectos,PorSi,Embalagem de 1 l,"3,99 €","0,80 €/L"
Salva os Oceanos,Science4You,1 unidade,"24,99 €","24,99 €/Unidade"
Biscoitos brownies,PorSi,Embalagem de 230g,"0,90 €","6,00 €/Kg"
Iogurte Líquido Frutos Tropicais,PorSi,1 Embalagem 4X160G,"1,17 €","1,83 €/Kg"
Álcool canforado 85%,PorSi,Embalagem de 250 ml,"0,59 €","1,18 €/L"
Limpador,Pronto,Embalagem de 750 ml,"2,29 €","2,29 €/L"
"Azeitonas pretas sem caroço, frasco de 165 g",PorSi,Embalagem de 165g,"1,79 €","2,29 €/Kg"
Refresco em pó de ananás,PorSi,Embalagem de 40 g,"0,75 €","18,75 €/Kg"
Caixa Peças Criativas,Lego,1 unidade,"7,99 €/Unidade","7,99 €/Unidade"
Lixívia WC Gel Higienizante,Neoblanc,Embalagem de 700ml,"1,74 €","0,35 €/L"
Bolachas crackers integrais,PorSi,Embalagem de 500g,"0,39 €","3,12 €/Kg"
Alecrim em folhas,PorSi,Embalagem de 25g,"0,66 €","22,00 €/Kg"
Bacalhau à Brás,PorSi,Embalagem de 1 kg,"1,91 €","4,78 €/Kg"
Bebida de Soja Natural,PorSi Viva Bem,Pack: 3 x 200 ml,"2,49 €","2,49 €/L"
Fios D'Ovos,*,100 g,"2,99 €","4,60 €/Kg"
"Alimento húmido para gato júnior, carne",Whiskas,Embalagem de 400g,"2,89 €","7,23 €/Kg"
"Óleo de girassol, 3 a's",Fula,Embalagem 1L,"3,39 €","3,39 €/L"
Vinho maduto tinto,Casal da eira,Embalagem de 1 l,"0,69 €","2,76 €/L"
Vermute bianco,Martini,Garrafa de 0.75 l,"17,09 €","22,79 €/L"
"Iogurte, sabor a morango",PorSi,Embalagem de 4 x 125 g,"1,87 €","1,25 €/Kg"
Chá de infusão salutem nº 27 - pau d'arco 10 saqueta...,Salutem,Embalagem de 15g,"0,99 €","66,00 €/Kg"
Bife da Vazia,Novilho,Vendido ao peso a partir de 800 g,"11,99 €","14,99 €/Kg"
Bolachas barquette morango,Lu,Embalagem de 120g,"1,77 €","5,53 €/Kg"
Bolachas marinheiras linhaça,Cemporcent,Embalagem de 200 g,"2,69 €","13,45 €/Kg"
Carne p/ Assar,Novilho,Vendido ao peso a partir de 800 g,"11,99 €","14,99 €/Kg"
Bombons de chocolate prestige,F.prestige,Embalagem de 320g,"5,25 €","26,25 €/Kg"
Creme marisco,Knorr,Embalagem de 70g,"0,84 €","13,55 €/Kg"
Leite uht sem lactose magro,PorSi Viva Bem,1 litro,"0,78 €","0,78 €/L"
Balões latex azul,PorSi,Embalagem com 24 unidades,"1,54 €","1,54 €/Unidade"
Laboratório Mecânica Camião de Mina,Clementoni,1 unidade,"24,99 €","24,99 €/Unidade"
Bala spray,Redex,Embalagem de 400 ml,"3,99 €","0,80 €/L"
Bolachas,Oreo,Embalagem de 220g,"1,49 €","9,68 €/Kg"
Mousse limpeza refresh,Labell,Embalagem com 150ml,"12,48 €/L","12,48 €/L"
Camarão Selvagem Madagáscar 60/80,Nossa seleção,vendido ao peso,"7,79 €","12,99 €/Kg"
Kit de Viagem Maquilhagem,Sunkissed,1 unidade,"8,99 €","8,99 €/Unidade"
Sabão super,Clarim,Embalagem de 400g,"2,38 €","4,67 €/Kg"
Gelado perna de pau,Olá,Embalagem de 600 ml,"4,58 €/L","4,58 €/L"
Sacos do lixo wc 5 litros,PorSi,30 sacos,"1,79 €","1,79 €/Unidade"
Inseticida para baratas e formigas,Baygon,Embalagem de 400 ml,"5,49 €","14,64 €/L"
Palhinhas,PorSi,Embalagem com 25 unidades,"0,80 €","0,80 €/Unidade"
Vinho branco doc beira interior,Entreserra,Garrafa de 750 ml,"2,49 €","3,32 €/L"
"Detergente manual para loiça, limão",Super Pop,Garrafa de 700 ml,"0,99 €","1,98 €/L"
Robalo de Viveiro,Peixe Fresco,de 200 a 600 g (aprox.),"2,95 €/Kg","2,95 €/Kg"
Iogurte pedaços frutimax frutos variados,PorSi,Embalagem de 8 x 125 g,"4,36 €","2,18 €/Kg"
Bolachas belgas manteiga,PorSi,Embalagem de 250g,"1,69 €","6,76 €/Kg"
Detergente liquido para máquina de lavar roupa activ...,Skip,Embalagem de 80 doses,"13,99 €","3,29 €/L"
Leite condensado,Nestle,Embalagem de 370g,"1,09 €","2,75 €/Kg"
Whisky,Cutty Sark,Garrafa de 700 ml,"19,99 €","19,99 €/L"
Bife do Lombo,Novilho,1 un= 150 gr (aprox.),"11,99 €","14,99 €/Kg"
"Bolachas relieve, mel e coco",PorSi,Embalagem de 700g,"1,19 €","11,90 €/Kg"
"Água com gás, sabor limão",PorSi,"Embalagem de 6x0,25 l","2,85 €","2,85 €/L"
Vinho verde branco alvarinho,Qm,Garrafa de 0.75 l,"1,99 €","2,65 €/L"
Iogurte Pêssego,Kids Natural,100 g,"2,89 €","7,23 €/Kg"
Molho iogurte,PorSi,Garrafa de 285 ml,"0,70 €","2,33 €/Kg"
Vinagre de vinho branco,Cristal,Garrafa de 750 ml,"0,35 €","0,70 €/L"
Bebida de Amêndoa,PorSi Viva Bem,1 litro,"1,59 €","1,59 €/L"
Patê figado de porco,La piara,Embalagem de 80g,"1,19 €","13,52 €/Kg"
"Lava tudo, vinagre",Cif,"Garrafa de 1,4 l","0,99 €","0,50 €/L"
"Agrafos nº24/6, 2000 unidades",Maped,Uma embalagem,"1,35 €","1,35 €/Unidade"
Refrigerante c/ gás laranja,Sumol,pack 4 x 1.25 l,"0,40 €/L","0,40 €/L"
Adoçante comprimidos,PorSi,Embalagem de 250 saquetas,"5,99 €","23,96 €/Kg"
Limpa fornos,PorSi,500 ml,"1,29 €","1,72 €/L"
Café solúvel clássico,Nescafe,Embalagem de 200g,"1,45 €","14,50 €/Kg"
Vinho regional tejo reserva tinto,Casaleiro,Garrafa de 0.75 l,"3,99 €","5,32 €/L"
Buondi extreme cafe moido 12x200g,Buondi,Embalagem de 200g,"3,49 €","13,96 €/Kg"
Livro Quero Conhecer Alfabeto,Europrice,1 unidade,"7,50 €/Unidade","7,50 €/Unidade"
Bolachas maria,PorSi,Embalagem de 200g,"1,69 €","2,11 €/Kg"
Creme de amendoim cremoso 340g,Skippy,Embalagem de 340g,"4,19 €","12,32 €/Kg"
Pilha alcalina classic lr20x2,Domédia,1 unidade,"1,49 €","1,49 €/Unidade"
Bol. chip choco s/gluten 130g,Gullon,Embalagem de 130g,"2,69 €","20,69 €/Kg"
"Patê de sardinha,atum e salmão",PorSi,Embalagem de 4 x 22 g,"1,19 €","13,52 €/Kg"
Resguardos de cama,PorSi,20 unidades de 80 x 180 cm,"10,99 €","10,99 €/Unidade"
Farinha de alfarroba bio,PorSi Bio,Embalagem de 200 g,"1,99 €","1,99 €/Kg"
"Escova dentes, rotativa global, dura, 2 unidades",Labell,1 embalagem,"1,49 €","1,49 €/Unidade"
Sacos do lixo jardim 130 litros,PorSi,10 sacos,"1,79 €","1,79 €/Unidade"
Massa macarronete riscado,PorSi,Embalagem de 500g,"0,89 €","1,78 €/Kg"
Sublinhador Brite Liner - 3+1,Bic,1 unidade,"2,99 €","2,99 €/Unidade"
Vinho DOC Trás-os-Montes Tinto,Terras de Mogadouro,750 ml,"7,49 €","9,99 €/L"
Ervilhas,PorSi,Embalagem de 400 g,"1,89 €","1,89 €/Kg"
Chocolate milkinis,Milka,Embalagem de 90g,"2,29 €","17,62 €/Kg"
Mala de Veterinária,Peppa Pig,,"49,99 €","49,99 €/Unidade"
Polvilho azedo,PorSi,Embalagem de 500g,"2,29 €","4,58 €/Kg"
Sardinha em tomate,PorSi,Embalagem de 120g,"9,08 €/Kg","9,08 €/Kg"
Chispalhada com feijão,Nobre,Embalagem de 420g,"2,35 €","5,60 €/Kg"
Snack de milho com queijo,Cheetos,Embalagem de 75 g,"0,79 €","7,90 €/Kg"
Leite uht gordo com rosca,PorSi,Embalagem de 1 litro,"0,94 €","0,94 €/L"
Creme para calçado castanho,Splendor,80 ml,"2,49 €","31,13 €/L"
Manteiga c/ sal,Mimosa,Embalagem de 250g,"1,69 €","6,76 €/Kg"
Lenços de bolso kids,Renova,Embalagem sortida com 8 unidades + 2 grátis,"0,89 €","0,89 €/Unidade"
Bolacha digestive aveia 258g,Vieira,Embalagem de 258 g,"1,19 €","5,95 €/Kg"
Lula limpa,Pescanova,Embalagem de 450g,"4,39 €","10,98 €/Kg"
Lixívia Roupa delicada,PorSi,Embalagem de 2 l,"0,60 €/L","0,60 €/L"
Hambúrgueres de peru,PorSi,Embalagem de 4x80g,"2,34 €","7,31 €/Kg"
Bolachas brownie tubo,Oreo,Embalagem de 150g,"1,49 €","9,68 €/Kg"
"Máquina depilatória descartável, bikini",Labell,1 embalagem - 3 unidades,"3,29 €","3,29 €/Unidade"
"Engoma fácil, pistola",PorSi,Embalagem de 750 ml,"3,99 €","5,70 €/L"
Leite creme,El mandari,Embalagem de 90g,"0,79 €","5,27 €/Kg"
Flocos cereais chocolate,PorSi,Embalagem de 300g,"2,99 €","3,99 €/Kg"
Twins,Gullon,pack 2 x 154 g,"2,69 €","13,45 €/Kg"
Café em grão 5 estrelas,Sical,Embalagem de 250g,"9,16 €/Kg","9,16 €/Kg"
Pudim de caramelo,Boca Doce,Embalagem de 20g,"0,59 €","29,50 €/Kg"
Spray power&shine multiusos c/ lixívia,Cif,Garrafa de 750 ml,"3,49 €","5,82 €/L"
Batata frita churrasco,PorSi,Embalagem de 185 g,"1,19 €","6,43 €/Kg"
Citrinada de laranja,Elodie,Embalagem de 370 g,"2,74 €","9,79 €/Kg"
Adoçante liquido,PorSi,Garrafa de 125 ml,"5,99 €","23,96 €/Kg"
Carne p/ Estufar,Novilho,Vendido ao peso a partir de 800 g,"11,99 €","14,99 €/Kg"
Pringles sour cream & onion,Pringles,Embalagem de 175g,"1,19 €","6,43 €/Kg"
Couve flor,PorSi,Embalagem de 750 kg,"1,89 €","1,89 €/Kg"
Red Fish Grande,Peixe Congelado,1 un = 500 gr (aprox.),"3,73 €","6,79 €/Kg"
Manteiga com sal,Milhafre,Embalagem de 250g,"1,69 €","6,76 €/Kg"
Vela com número nº 8,PorSi,1 unidade,"0,80 €","0,80 €/Unidade"
Bolachas Maria sem Açúcar,Vieira de Castro,Embalagem de 300 g,"1,69 €","2,11 €/Kg"
Champô Purificante,Pantene,640ml,"5,59 €","22,36 €/L"
Atum posta em óleo,Noro,Lata com 110 g,"9,08 €/Kg","9,08 €/Kg"
Gogo SqueeZ Snack Pêssego,Gogo,Embalagem de 90g,"2,29 €","6,94 €/L"
Sabonete original,Palmolive,Embalagem de 4x90 g,"1,99 €","12,44 €/Kg"
Bolacha de manteiga belga original,Saborosa,Embalagem de 220g,"1,69 €","6,76 €/Kg"
"Vinagre balsâmico, spray",Paladin,Garrafa de 250 ml,"0,35 €","0,70 €/L"
Super bloqueador,PLANTANATU,45 cápsulas,"33,99 €","37,77 €/Kg"
Gel banho aroma sensations feel glamour,Palmolive,Garrafa de 500 ml,"6,99 €","9,32 €/L"
"Luvas multiusos relevo antiderrapante, tamanho médio",PorSi,Embalagem de 1 unidades,"0,69 €","0,69 €/Unidade"
Danacol morango,Danone,Embalagem de 6 x 100 g,"4,15 €/Kg","4,15 €/Kg"
Fiambre da Perna Extra,Nobre,1 un = 150 gr (aprox.),"0,90 €","5,99 €/Kg"
Desodorizante roll-on Invisible,Rexona,Embalagem de 50ml,"1,39 €","6,95 €/L"
Adoçante à base de sucralose em pó,PorSi,Embalagem de 90g,"5,99 €","23,96 €/Kg"
"Coloração permanente, castanho dourado, nº43",Nutrisse,1 unidade,"9,49 €/Unidade","9,49 €/Unidade"
Cereais corn flakes s/ glúten chocolate,Nestle,Embalagem de 380g,"2,99 €","7,97 €/Kg"
Caderno Agrafado Capa Preta |A4 Pautado,Domédia,1 unidade,"0,99 €","0,99 €/Unidade"
Gelatina melancia 10kcal 31g,Royal,Embalagem de 30g,"0,55 €","61,11 €/Kg"
Vela com número nº 6,PorSi,1 unidade,"0,80 €","0,80 €/Unidade"
Arroz extra longo branco,Oriente,Embalagem de 1kg,"0,99 €","0,99 €/Kg"
Azeite Subtil,Gallo,Garrafa de 750 ml,"3,19 €","4,25 €/L"
Chá de infusão salutem nº 47 - funcho 10 saquetas,Salutem,Embalagem de 15g,"0,99 €","66,00 €/Kg"
Sumo 100% pêssego e uva,PorSi,Pack 3 x 200 ml,"1,09 €","0,73 €/L"
Manteiga com sal e sem lactose,Mimosa,Embalagem de 250g,"1,69 €","6,76 €/Kg"
Sal marinho grosso,Vatel,Embalagem de 1 kg,"0,66 €","22,00 €/Kg"
"Limpa vidros cristal, pistola",PorSi,Embalagem de 1 l,"3,19 €","6,38 €/L"
Pastel de Nata,Pastelaria do Dia,60 g,"1,10 €","1,10 €/Unidade"
Creator Buggy Todo-o-Terreno,Lego,1 unidade,"49,99 €","49,99 €/Unidade"
Moscatel do Douro,Selecção de Enófilos,"Garrafa de 0,75 l","6,79 €/L","6,79 €/L"
Robô Cãozinho Dackel,Ycoo,1 unidade,"49,99 €","49,99 €/Unidade"
Nata uht para culinária,Parmalat,Embalagem de 200 ml,"1,12 €","5,60 €/L"
Vinho Verde Loureiro Branco,Aveleda,Garrafa de 0.75 l,"1,99 €","2,65 €/L"
Sardinhas em azeite,PorSi,Embalagem de 120g,"9,08 €/Kg","9,08 €/Kg"
Ice tea pessêgo,Lipton,pack 6 x 0.25 l,"1,90 €","1,27 €/L"
Pão integral bimbo 8 cereais,Bimbo,embalagem de 545 g,"0,99 €","1,65 €/Kg"
"Vinho rosé, meio seco",Leziria,Garrafa de 750 ml,"3,99 €","5,32 €/L"
Crocodilo dentista,Hasbro,1 un.,"24,99 €","24,99 €/Unidade"
Cebola picada em pacote,PorSi,Embalagem de 40 g,"0,66 €","22,00 €/Kg"
Bicicleta,T-Rex,"roda 12""","114,99 €/Unidade","114,99 €/Unidade"
Creme p/ Calçado Castanho,Búfalo,Embalagem de 40 ml,"2,49 €","31,13 €/L"
Ovo Escavação c/ 5 Surpresas,Jurassic World,1 un.,"24,99 €","24,99 €/Unidade"
Vinagre de vinho tinto,PorSi,Garrafa de 500 ml,"0,35 €","0,70 €/L"
Caderno agrafado A4 pautado lol surprise,*,1 unidade,"0,99 €","0,99 €/Unidade"
"Cera cabelo, paste signature",Axe,Embalagem de 75 ml,"4,99 €","24,95 €/L"
Vinho Tinto DOC Dão Reserva,Catedral,Garrafa 75cl,"3,99 €","5,32 €/L"
Chá de infusão salutem nº 06 - prodigest 10 saquetas,Salutem,Embalagem de 15g,"0,99 €","66,00 €/Kg"
Cocktail de marisco,PorSi,Embalagem de 400 g,"2,19 €","8,59 €/Kg"
"Jogo ""De Pernas para o Ar""",Concentra,1 unidade,"24,99 €","24,99 €/Unidade"
Tomate frito,Heinz,Embalagem de 350g,"3,84 €","24,00 €/Kg"
Vinho tinto bag-in-box,Capataz,Embalagem de 5 l,"5,19 €","1,04 €/L"
Chocolate negro 70% cacau bio,Cemporcent,Embalagem de 100g,"2,29 €","22,90 €/Kg"
Arroz carolino malandrinho,Malandrinh,Embalagem de 1 kg,"0,99 €","0,99 €/Kg"
Nata para culinária ligeira,Mimosa,Embalagem de 200 ml,"1,12 €","5,60 €/L"
Intensificador de perfume em gel para a roupa romanc...,Quanto,300 ml,"12,99 €","15,46 €/Kg"
Refresco pó laranja,PorSi,Embalagem de 40g,"0,75 €","18,75 €/Kg"
Livro Quero Conhecer os Números,Europrice,1 unidade,"7,50 €/Unidade","7,50 €/Unidade"
Leite condensado cozido,Nestle,Embalagem de 400g,"1,09 €","2,75 €/Kg"
Algodão zig zag pré-cortado,PorSi,Embalagem de 50 g,"0,59 €","1,18 €/L"
8 hamburguers s/ glúten frango,Capitão Iglo,Embalagem de 480g,"2,34 €","7,31 €/Kg"
Recarga p/ Esfregona |Eco,Vileda,,"0,89 €","0,89 €/Unidade"
Liégeois Sobremesa de chocolate,Páturages,Embalagem de 4x100 g,"1,19 €","2,59 €/Kg"
Feijão Verde,Legumes do Dia,1 un = 250 gr  (aprox.),"0,92 €","2,29 €/Kg"
Gel Intimo Suave,Corine de Farme,250 ml,"0,59 €","5,90 €/L"
Bebida energética a-zero,Monster,Garrafa de 500 ml,"1,60 €","3,20 €/L"
Creme de Pés,Barral,Embalagem de 75 ml,"4,99 €","99,80 €/L"
Tremoço médio,PorSi,Embalagem de 350 g,"1,79 €","2,29 €/Kg"
Limpa máquinas de roupa tripla ação,PorSi,Embalagem de 250 ml,"13,99 €","3,29 €/L"
Rolo de cozinha XXL,PorSi,1 rolo,"4,99 €","4,99 €/Unidade"
Quad drive,Beyblade,1 un.,"49,99 €","49,99 €/Unidade"
Maria diet nature,Gullón,Embalagem de 400 g,"2,69 €","13,45 €/Kg"
Tábua de queijos mistura,Santiago,Embalagem de 270g,"7,89 €","13,72 €/Kg"
Patas,Frango,1 un = 250 gr  (aprox.),"1,65 €","3,29 €/Kg"
Vinho doc palmela tinto,Selecção de Enófilos,Garrafa de 0.75 l,"2,99 €","3,99 €/L"
Vinagre de sidra,Cristal,Garrafa de 500 ml,"0,35 €","0,70 €/L"
Bolachas marinheiras chia,Cemporcent,Embalagem de 200g,"2,69 €","13,45 €/Kg"
Tortitas de milho sem sal,PorSi Viva Bem,Embalagem de 130g,"0,79 €","7,90 €/Kg"
Longa vida morango tu banana coco 8x120,Longa vida,Embalagem de 960g,"1,87 €","1,25 €/Kg"
Ultra One,Nerf,1 unidade,"49,99 €","49,99 €/Unidade"
Néctar clássico tutti-frutti,Compal,Embalagem de 1 l,"0,99 €","0,99 €/L"
Sabonete glicerina natural,Palmolive,Embalagem de 90 g,"1,99 €","12,44 €/Kg"
Whisky heritage blend,Logan,Garrafa de 700 ml,"23,99 €","34,27 €/L"
"Snack de queijo flamengo, amêndoas e arandos",Limiano,Embalagem de 40g,"1,69 €","8,45 €/Kg"
Gel de Duche Creme Care,Nivea,Embalagem de 750 ml,"6,99 €","9,32 €/L"
"Toalhitas limpa móveis, 25 unidades",Pronto,1 embalagem,"1,64 €","1,64 €/Unidade"
Batata frita lisas originais,Lay's,Embalagem de 160g,"1,06 €","5,73 €/Kg"
Batatas fritas lisas originais,Lay's,Embalagem de 282g,"1,06 €","5,73 €/Kg"
Refrigerante sem gás de manga/laran,Joi,"Garrafa de 1,5 l","1,90 €","1,27 €/L"
Spaghetti a bolonhesa 350g,Tuttipasta,Embalagem de 350g,"2,16 €","6,17 €/Kg"
Alimento húmido para cão borrego,Pedigree,Embalagem de 300g,"0,75 €","2,50 €/Kg"
Saqueta de puré de fruta | maçã + pêssego + banana +...,PorSi,90 g,"0,74 €","8,22 €/Kg"
Néctar frutos vermelhos,PorSi,Embalagem de 200 ml,"0,99 €","0,99 €/L"
Guarda sol,Pandicamp,Dim.:180 cm,"2,99 €","2,99 €/Unidade"
Bolachas com cobertura de chocolate,PorSi,Embalagem de 150g,"0,79 €","5,27 €/Kg"
Condicionador com keratina,Syoss,Embalagem de 500 ml,"1,00 €","5,00 €/L"
"Detergente para máquina de loiça, gel, tudo em 1 lim...",Sun,Embalagem de 45 unidades,"4,99 €/Unidade","4,99 €/Unidade"
Tablete de chocolate leite com avelã,PorSi Select,200 g,"4,09 €","14,82 €/Kg"
Detergente líquido baby,A+,24 doses,"9,99 €","6,66 €/L"
Perna com Costa,Frango,1 un. = 300 g (aprox.),"1,05 €","2,99 €/Kg"
Gelado sandwich nata/chocolate,PorSi,Embalagem de 6x100 ml,"1,99 €","4,15 €/L"
Creme depilatório para peles normais,Labell,Embalagem de 200 ml,"2,99 €","14,95 €/L"
Tablete de chocolate extra fina leite/avelã,Nestle,Embalagem de 120g,"4,09 €","14,82 €/Kg"
Néctar light de manga/laranja,Compal,Pack 3 x 200 ml,"0,84 €","2,55 €/L"
Esfregão Salva Unhas Fibra verde Plus,Vileda,Embalagem com 1+1 grátis,"0,79 €","0,79 €/Unidade"
Refrigerante c/ gás ananás,Sumol,pack 4 x 1.25 l,"0,40 €/L","0,40 €/L"
Limpa carpetes,PorSi,Embalagem de 1 litro,"1,79 €","2,39 €/L"
Corrida de automóveis,Olivo,1 unidade,"24,99 €","24,99 €/Unidade"
Noodle banzai galinha,Cigala,Embalagem de 70g,"0,89 €","1,78 €/Kg"
Arroz agulha América do Sul,PorSi,Embalagem de 1 kg,"0,99 €","0,99 €/Kg"
Chouriço corrente,PorSi,Embalagem de 200 g,"1,00 €","5,00 €/Kg"
"Cueca de incontinência, adulto, pequena",PorSi,Embalagem com 14 unidades,"5,99 €","5,99 €/Unidade"
Puzzles Sereia / Lama,Olivo,60 peças,"24,99 €","24,99 €/Unidade"
Centro Cuidados para Gatos,Écoiffier,,"49,99 €","49,99 €/Unidade"
Bolachas mini chips ahoy,Ca!,Embalagem de 160g,"0,90 €","6,00 €/Kg"
Topping de morango,Winsenia,Embalagem de 300g,"1,29 €","3,23 €/Kg"
Escova de Camurça,Búfalo,Embalagem de 250 ml,"5,09 €","20,36 €/L"
Chá de infusão salutem nº 23 - ginkgo biloba 10 saqu...,Salutem,Embalagem de 15g,"0,99 €","66,00 €/Kg"
Spray boost multiusos,Ajax,500 ml,"1,19 €","0,79 €/L"
"Alimento húmido para gato +1 ano, sabor a aves",Whiskas,Embalagem de 400g,"2,89 €","7,23 €/Kg"
Lava Tudo Amoniacal,Sonasol,4 litros,"0,99 €","0,50 €/L"
Pulseira Repelente c/ Citronela,Mercurochrome,,"2,29 €","458,00 €/Kg"
Folhado de pizza,*,110 g,"1,29 €","11,73 €/Kg"
Amaciador para cabelos pintados,Labell,Embalagem de 200 ml,"1,00 €","5,00 €/L"
Discos de amamentação,PorSi,30 unidades,"8,99 €","8,99 €/Unidade"
Mel em frasco de vidro,PorSi,Embalagem de 250g,"4,89 €","9,78 €/Kg"
Braçadeiras Patrulha Pata,Mondo,1 Embalagem,"2,99 €","2,99 €/Unidade"
Slime Kit,Science4You,1 unidade,"24,99 €","24,99 €/Unidade"
Vinho Regional Península de Setúbal Branco,Herdade da comporta,Garrafa de 0.75 l,"2,99 €","3,99 €/L"
Ice tea de limão,PorSi,"Embalagem de 6x0,20 l","1,90 €","1,27 €/L"
Tablete de chocolate de leite,Nestle,Embalagem de 90g,"0,53 €","5,30 €/Kg"
Batatas fritas ketchup,Ruffles,Embalagem de 150g,"1,19 €","6,43 €/Kg"
Água s/ gás limão,Luso,Garrafa de 1 l,"1,04 €","0,17 €/L"
Shampo repelente p/ cão,Repul' 7,Garrafa de 200 ml,"11,98 €","59,90 €/L"
Laboratório Mecânica Carro Bombeiros,Clementoni,1 unidade,"12,99 €","12,99 €/Unidade"
Folha de alumínio,PorSi,30 metros,"3,49 €","3,49 €/Unidade"
Papa infantil láctea banana laranja +6 meses,Cerelac,Embalagem de 250g,"4,49 €","4,49 €/Kg"
Retroescavadora,Volvo,26 cm,"49,99 €","49,99 €/Unidade"
Pedras limão,P.salgadas,Garrafa de 1 l,"2,85 €","2,85 €/L"
Animais do Oceano,Discovery Channel,set 30 peças,"49,99 €","49,99 €/Unidade"
Iogurte pedaços morango,PorSi,Embalagem de 4x125g,"4,36 €","2,18 €/Kg"
Arroz estufado,Caçarola,Embalagem de 1 kg,"0,99 €","0,99 €/Kg"
Gressinos com azeite,PorSi,Embalagem de 250g,"2,39 €","6,83 €/Kg"
"Jogo ""Primeiras Palavras""",Clementoni,1 unidade,"24,99 €","24,99 €/Unidade"
Ambientador gel marinho,PorSi,150 g,"16,63 €/L","16,63 €/L"
Meia liga renda 15D preto L/XL,PorSi,1 unidade,"2,99 €","2,99 €/Unidade"
"Rolos de cozinha compactos, branco, 2 unidades",PorSi,Uma embalagem,"4,99 €","4,99 €/Unidade"
Pêssego em calda metades,PorSi,Lata com 840 g,"1,99 €","2,37 €/Kg"
"Na-farinha de aveia 400g 3,2kg",Nacional,Embalagem de 400g,"1,99 €","1,99 €/Kg"
"Argolas, brancas, autocolante, 160 unidades, 13 mm",Domédia,1 embalagem,"2,19 €","109,50 €/L"
Party & co junior,Diset,1 unidade,"24,99 €","24,99 €/Unidade"
Bebida aveia,Alpro,Embalagem de 1 litro,"2,49 €","2,49 €/L"
Ambientador spray aerosol white bouquet,Air Wick,Garrafa de 240 ml,"2,99 €","12,46 €/L"
Coxinhas de frango,PorSi,Embalagem de 360g,"9,30 €/Kg","9,30 €/Kg"
Lindahls pro+ liq tropical,Lindahls,Garrafa de 330 ml,"1,17 €","1,83 €/Kg"
Inseticida multi-insectos,Dum Dum,Garrafa de 400 ml,"5,49 €","14,64 €/L"
Goiabada,PorSi,600 g,"1,09 €","2,42 €/Kg"
Refrigerante  c/ gás regular,Coca-Cola,pack 4 x 1 l,"0,40 €/L","0,40 €/L"
Bolachas infantil dinossauros,Artiach,Embalagem de 190g,"3,49 €","19,39 €/Kg"
Gomas brilho,PorSi,Embalagem de 300 g,"1,19 €","3,97 €/Kg"
Queijo para barrar light,PorSi Viva Bem,Embalagem de 200g,"2,39 €","19,92 €/Kg"
Infusão de camomila,PorSi,Embalagem de 33.7 g,"0,69 €","20,91 €/Kg"
Achocolatado em pó extra chocolate,Nesquik,Embalagem de 390g,"5,59 €","6,99 €/Kg"
Queijo curado pequeno,Casteloes,Embalagem de 500g,"0,82 €","23,43 €/Kg"
Iogurte naturea natural,PorSi,Embalagem de 4 x 125 g,"0,65 €","1,30 €/Kg"
Bebida de Aveia,PorSi Viva Bem,1 l,"1,39 €","1,39 €/L"
Jogo tapetes alcatifa,PorSi,4 unidades,"9,99 €","9,99 €/Unidade"
Nestum zero arroz,Nestum,Embalagem de 250 g,"4,49 €","4,49 €/Kg"
Flocos milho baixo teor de açúcar,PorSi Viva Bem,Embalagem de 250g,"1,82 €","7,28 €/Kg"
Triceratops e Velociraptor,Clementoni,1 unidade,"7,99 €/Unidade","7,99 €/Unidade"
Amaciador Roupa Chá Branco & Peônia,Vernel,76 doses,"3,99 €","3,99 €/Unidade"
"Pasta de limpeza com oxigénio activo, 48 unidades",Polident,Uma embalagem,"7,39 €","105,57 €/Kg"
"Óleo Spray Seco, SPF30",Cabana Sun,Embalagem de 200 ml,"16,99 €","84,95 €/L"
Bolachas marinheiras integrais,Cemporcent,Embalagem de 200g,"2,69 €","13,45 €/Kg"
Concentrado de frutos vermelhos,Sunquick,Garrafa de 580 ml,"4,89 €","6,61 €/L"
Esfregona de Microfibras Completa,PorSi,1 unidade,"0,89 €","0,89 €/Unidade"
"Sacos para sandes, 100 unidades",PorSi,1 embalagem,"3,49 €","3,49 €/Unidade"
Rolls 6 unidades,Bimbo,Embalagem de 340g,"0,89 €","1,78 €/Kg"
Batata frita de presunto,PorSi,Embalagem de 185 g,"1,19 €","6,43 €/Kg"
Snacks 3D Bacon,Lay's,Embalagem de 160g,"1,19 €","6,43 €/Kg"
Batata frita ondulada wavy,PorSi,Embalagem de 185 g,"1,06 €","5,73 €/Kg"
"Máquina Tripla Matrix, + 5 unidades",Labell Men,Uma embalagem,"1,16 €","4,64 €/L"
"Queijo light, 16 unidades",A Vaca Que Ri,Embalagem de 280g,"2,39 €","19,92 €/Kg"
Vela em número nº1,PorSi,1 unidade,"0,80 €","0,80 €/Unidade"
"Detergente manual de loiça, ultra limão",PorSi,Embalagem de 500 ml,"0,99 €","1,98 €/L"
Alimento húmido cão gelatina júnior,Pedigree,Embalagem de 400g,"0,75 €","2,50 €/Kg"
Rebuçados fruta,PorSi,Embalagem de 250g,"1,00 €","5,00 €/Kg"
Paté de sardinha,PorSi,Embalagem de 4 x 22 g,"1,19 €","13,52 €/Kg"
Arroz agulha,B.sucesso,Embalagem de 1 kg,"0,99 €","0,99 €/Kg"
Vinho branco península de setúbal,Pioneiro,Garrafa de 0.75 l,"2,99 €","3,99 €/L"
Máquina depilatória Miss Soleil,Bic,3 + 1 unidades,"3,29 €","3,29 €/Unidade"
Iogurte magro + gelatina morango,Mimosa,Embalagem de 4 x 120 g,"1,44 €","2,88 €/Kg"
Ração para cão júnior vitafit com frango e leite,Friskies,Embalagem de 3 kg,"11,69 €","3,90 €/Kg"
Massa macarronete riscado,Milaneza,Embalagem de 500g,"0,89 €","1,78 €/Kg"
Óleo alimentar,Fula,Embalagem 1L,"3,39 €","3,39 €/L"
Tomate 67/82,Legumes do Dia,1 un = 200 gr (aprox.),"0,46 €","2,29 €/Kg"
Tiras da Costela/Piano,Porco,1 un = 500 gr (aprox.),"3,99 €","3,99 €/Kg"
Mão de vaca com grão,Nobre,Embalagem de 420 g,"2,35 €","5,60 €/Kg"
Muesly tropical,PorSi Viva Bem,Embalagem de 375g,"1,82 €","7,28 €/Kg"
C surtido cuetara 420gr.              *8,Cuetara,Embalagem de 420g,"3,09 €","14,71 €/Kg"
Chá de infusão nº 16 - mirtilo 10 saquetas,Salutem,Embalagem de 15g,"0,99 €","66,00 €/Kg"
"Gel de banho, sensitive 3 em 1",Labell Men,Embalagem de 250 ml,"5,99 €","14,98 €/L"
Creme de corpo exfoliante,Labell,Embalagem de 150 ml,"3,44 €","3,44 €/Unidade"
"Bolachas, cobertura com chocolate branco",Oreo,Embalagem de 250g,"0,79 €","5,27 €/Kg"
Bacalhau posta asa branca,PorSi,Embalagem de 800G,"4,99 €","9,98 €/Kg"
Martini fiero,Martini,Garrafa de 750 ml,"3,99 €","5,32 €/L"
Starter Pack Polícia: Treino,Playmobil,1 unidade,"49,99 €","49,99 €/Unidade"
Guardanapos de 1 folha azuis | dim.: 30 x 29 cm,PorSi,Embalagem com 70 unidades,"1,29 €","1,29 €/Unidade"
Vinho do Porto Branco,Velhotes,"Garrafa de 0,75 l","6,29 €","8,39 €/L"
Iogurte líquido yoggi banana,Nestle,Embalagem de 4 x 160 g,"1,17 €","1,83 €/Kg"
Saqueta de puré de fruta | maçã + banana,PorSi,90 g,"0,74 €","8,22 €/Kg"
Leite uht gordo,Agros,Embalagem de 1 litro,"0,94 €","0,94 €/L"
Vinho regional alentejano reserva tinto,Encosta das Perdizes,Garrafa de 0.75 l,"2,89 €","3,85 €/L"
Bloco sanitário de flores/lavanda,Harpic,Embalagem de 38 g,"37,36 €/Kg","37,36 €/Kg"
Nata pasteurizada,PorSi,Embalagem de 450 ml,"1,12 €","5,60 €/L"
Lixivia perfume fresco,Neoblanc,Embalagem de 2 l,"2,59 €","1,30 €/L"
Spray power&shine casa de banho,Cif,Garrafa de 750 ml,"3,49 €","5,82 €/L"
"Cerveja sem álcool, tara perdida",Super Bock,Pack 6 X 0.33 L,"5,99 €","3,03 €/L"
Sobremesa Paturette Chocolate,Páturages,Embalagem de 4x115g,"1,19 €","2,59 €/Kg"
Cuecas de incontinência grandes,Ausonia Discreet,Embalagem com 7 unidades,"5,99 €","5,99 €/Unidade"
Carro da polícia,Pinypon Action,1 unidade,"7,99 €/Unidade","7,99 €/Unidade"
Chocolate culinário,Pantagruel,Embalagem de 200g,"1,04 €","8,32 €/Kg"
Bolachas oreo,Oreo,Embalagem de 440g,"1,49 €","9,68 €/Kg"
Rosquilhas tradicionais,Cuetara,Embalagem de 450g,"1,19 €","11,90 €/Kg"
Aguardente bagaceira,S.domingos,Garrafa de 1 l,"11,49 €","16,41 €/L"
Funil 15.2 cm,Codil,1 unidade,"0,59 €","0,59 €/Unidade"
Marmelada,Ferbar,Embalagem de 400g,"1,09 €","2,42 €/Kg"
Sardinha em azeite,PorSi Select,Lata de 120 g,"9,08 €/Kg","9,08 €/Kg"
Toranja,Fruta do Dia,1 un = 300 gr  (aprox.),"0,25 €","2,49 €/Kg"
Lindahls pro+ liq tropical,Lindahls,Garrafa de 330 ml,"5,97 €/Kg","5,97 €/Kg"
Nestum flocos de cereais integrais,Nestum,Embalagem de 250g,"2,99 €","3,99 €/Kg"
Mini Hambúrguer de Batata Doce e Quinoa Green Cuisin...,Iglo green,Embalagem de 270g,"4,79 €","17,74 €/Kg"
Queijo mini light,Babybel,Embalagem de 12 x 20 g,"2,39 €","19,92 €/Kg"
Café Qalidus XXL,Delta Q,Embalagem com 60 cápsulas,"54,36 €/Kg","54,36 €/Kg"
Rebuçados mini café,PorSi,Embalagem de 200g,"1,15 €","4,60 €/Kg"
Nestum chocolate,Nestum,Embalagem de 250g,"2,99 €","3,99 €/Kg"
Morangos,PorSi,Embalagem de 500 gr,"5,89 €","47,12 €/Kg"
Leite regular 2,Aptamil,Embalagem de 800 g,"12,99 €","16,24 €/Kg"
Jogo das escadas,Olivo,1 unidade,"24,99 €","24,99 €/Unidade"
Vinho tinto,Adega grande,Garrafa de 75 cl,"1,59 €","2,12 €/L"
Nata uht,Mimosa,embalagem de 200 ml,"1,12 €","5,60 €/L"
Moscatel de setúbal,Alambre,"Garrafa de 0,75L","6,79 €/L","6,79 €/L"
Cerveja com álcool,Sagres,Lata de 500ml,"1,99 €/L","1,99 €/L"
"Leite bem essencial, morango",Mimosa,Embalagem de 200 ml,"1,99 €","2,49 €/L"
"Azeite clássico, virgem extra",Oliveira da Serra,Garrafa de 2 l,"3,19 €","4,25 €/L"
Eau de Toilette p/Senhora Nº32,Caravan,1 Frasco 150ml,"11,99 €","79,93 €/L"
Café em cápsulas  qonvictus,Delta Q,Embalagem de 55 g,"54,36 €/Kg","54,36 €/Kg"
Leite de pastagem meio-gordo,Terra Nostra,Embalagem de 1 litro,"0,78 €","0,78 €/L"
Tomate em pedaços,PorSi,Embalagem de 390g,"1,79 €","2,29 €/Kg"
Café com cafeina solúvel,Delta,Embalagem de 20g,"1,45 €","14,50 €/Kg"
Petit gâteau chocolate negro belga,PorSi,Embalagem com 4 unidades,"2,99 €","5,54 €/Kg"
Bolachas digestive aveia e laranja,Gullon,Embalagem de 430g,"1,19 €","5,95 €/Kg"
Aditivo em pó oxi elimina odores,Vanish,Embalagem de 840 g,"12,99 €","15,46 €/Kg"
Fidget Toys,Science4You,1 unidade,"24,99 €","24,99 €/Unidade"
Rebuçados drops recheio de fruta,PorSi,Embalagem de 250g,"1,00 €","5,00 €/Kg"
Biberão PP Tetina Silicone Azul 0 meses,Neo Baby,Capacidade: 150 ml,"8,99 €","8,99 €/Unidade"
Manta polar bordada azul,PorSi,Dim.: 90 x 150 cm,"19,90 €","19,90 €/Unidade"
Escudo e Luva Capitão América,Avengers,1 un.,"49,99 €","49,99 €/Unidade"
Massa folhada margarina,PorSi,Embalagem de 230 g,"0,99 €","4,30 €/Kg"
Detergente Manual p/ Lavar Roupa Regular,Gama,Embalagem de 510 g,"2,38 €","4,67 €/Kg"
Clementinas,Fruta do Dia,1 un = 100 gr (aprox.),"0,25 €","2,49 €/Kg"
Pensos Incontinência Mulher Discreet Normal Night,Tena,10 unidades,"5,59 €","5,59 €/Unidade"
"Jogo ""Paga e Cala""",Majora,1 unidade,"24,99 €","24,99 €/Unidade"
Tomate Alongado,Programa Origens,1 un = 200 gr (aprox.),"0,46 €","2,29 €/Kg"
Creme de coentros sem batata,PorSi,Embalagem de 900 g,"2,19 €","2,43 €/Kg"
Pasta de sardinha,Fides,Embalagem de 90g,"1,19 €","13,52 €/Kg"
Pastilhas bubblicious,Bubbliciou,Embalagem de 70g,"1,23 €","17,57 €/Kg"
Bebida energética ripper,Monster,Garrafa de 500 ml,"1,60 €","3,20 €/L"
Pedaços de tamboril,PorSi,Embalagem de 500G,"4,39 €","10,98 €/Kg"
Fruta para bebé multifrutas +4 meses,Nestle,Embalagem de 90g,"0,74 €","8,22 €/Kg"
Champô maçã,H&S,340 ml,"5,99 €","14,98 €/L"
Lava tudo marinho,Cif,"Garrafa de 1,4 l","0,99 €","0,50 €/L"
Leite com chocolate light,Mimosa,Embalagem de 200 ml,"0,26 €","1,30 €/L"
Bolachas chiquilin energy,Artiach,Embalagem de 200g,"1,69 €","6,76 €/Kg"
Liégeois Sobremesa de Café,Páturages,Embalagem de 4x100 g,"0,55 €","2,75 €/Kg"
Pudim de ananás,Boca Doce,Embalagem de 20g,"0,59 €","29,50 €/Kg"
Maionese,PorSi,Embalagem de 260 g,"0,70 €","2,33 €/Kg"
Cereais fitness chocolate,Nestle,Embalagem de 380g,"3,99 €","13,30 €/Kg"
Bolacha recheada mega duo chocolate,Gullon,Embalagem de 500g,"2,15 €","2,87 €/Kg"
Mistura para aves,Rac.zezere,Embalagem de 5 kg,"2,49 €","2,49 €/Kg"
Refrigerante de cola zero,PorSi,Garrafa de 2 l,"0,40 €/L","0,40 €/L"
Halls Vita C Melancia,Halls,1 Embalagem 4x32G,"1,15 €","4,60 €/Kg"
Cadeira Auto Ever Safe Grupo 1/2/3,Bebéconfort,unidade,"55,99 €","55,99 €/Unidade"
Recarga removedor de pelos - 56 folhas,Scotch bri,Embalagem de 1 unidades,"8,75 €","8,75 €/Unidade"
Starter Pack Pediatra,Playmobil,1 unidade,"49,99 €","49,99 €/Unidade"
Alimento húmido para cão vaca,Pedigree,Embalagem de 300g,"0,75 €","2,50 €/Kg"
Manteiga de alho,Mimosa,Embalagem de 200g,"1,69 €","6,76 €/Kg"
"Cereais crusts, amêndoas e mel",PorSi,Embalagem de 380g,"2,29 €","6,11 €/Kg"
Manteiga com sal,Novacores,Embalagem de 250g,"1,69 €","6,76 €/Kg"
Queijo Flamengo Fatias,PorSi,Embalagem 500G,"1,69 €","8,45 €/Kg"
Batman Helicóptero Rádio Controlo,Mondo,1 unidade,"49,99 €","49,99 €/Unidade"
Goiaba,Ferbar,Embalagem de 300g,"1,09 €","2,42 €/Kg"
Ovos de Galinhas Criadas ao Ar Livre,PorSi,6 ovos frescos,"1,39 €","1,39 €/Unidade"
Vinagre balsâmico,PorSi,Embalagem de 250 ml,"0,35 €","0,70 €/L"
Puré de batata,Maggi,Embalagem de 250g,"1,99 €","1,99 €/Kg"
Refrigerante c/ gás,Coca-Cola,pack 2 x 1.75 l,"0,40 €/L","0,40 €/L"
Chá preto 25 saquetas,PorSi,Embalagem de 44g,"1,99 €","49,75 €/Kg"
Espumante cava meio seco reserva,Freixenet,Garrafa de 750 ml,"8,49 €","11,32 €/L"
"Refrigerante com gás, laranja, lata",Fanta,pack 6 x 0.33 l,"0,40 €/L","0,40 €/L"
"Refresco em pó, manga",PorSi,Embalagem de 40g,"0,75 €","18,75 €/Kg"
Queijo limiano amanteigado vaca e ovelha sem casca m...,Limiano,Embalagem de 450g,"7,89 €","13,72 €/Kg"
Chá de infusão salutem naturventre 10 saquetas,Salutem,Embalagem de 15g,"0,99 €","66,00 €/Kg"
Escova dentes para próteses,Labell,Embalagem de 1 un.,"7,39 €","105,57 €/Kg"
Ambientador spray de lavanda,Air Wick,Garrafa de 240 ml,"2,99 €","12,46 €/L"
Ração seca para cão adulto atividade normal,PorSi,Embalagem de 4 kg,"11,69 €","3,90 €/Kg"
"Batata frita, queijo e ervas",PorSi,Embalagem de 190g,"1,19 €","6,43 €/Kg"
6 empadas de galinha,PorSi,Embalagem de 330g,"2,99 €","9,97 €/Kg"
Creme Mãos Secrets Coco,Dove,75 ml,"2,49 €","41,50 €/L"
12 x h2o infusion 9 g laranja sumarenta,Prozis,Embalagem de 108g,"33,99 €","37,77 €/Kg"
Whisky,Grants,Garrafa de 1 l,"19,99 €","19,99 €/L"
Detergente manual roupa,PorSi,Embalagem de 650g,"2,38 €","4,67 €/Kg"
Papel Fotocópia A4 |80g,Navigator,,"2,19 €","109,50 €/L"
Chá verde menta,PorSi,Embalagem de 43.7 g,"0,99 €","23,02 €/Kg"
Inseticida baratas e formigas,Dum Dum,Embalagem de 400 ml,"5,49 €","14,64 €/L"
Preparado de bolo de iogurte,PorSi,500 g,"2,99 €","6,80 €/Kg"
Manteiga sem sal,Mimosa,Embalagem de 250g,"1,69 €","6,76 €/Kg"
Óleo Linimento Bebe,Pommette,Embalagem de 250 ml,"0,59 €","5,90 €/L"
Garagem,Écoiffier,Andares + camião,"49,99 €","49,99 €/Unidade"
Abrasivo sanitário gel pinho,PorSi,embalagem de 1 litro,"0,99 €","0,99 €/L"
Pepperoni Rodelas,Porminho,Embalagem 2 x 75 g,"3,35 €","22,33 €/Kg"
Azeite virgem extra clássico,Gallo,Garrafa de 750 ml,"3,19 €","4,25 €/L"
SuperCeys,Ceys,1 unidade,"3,99 €","3,99 €/Unidade"
Bebida de Arroz,PorSi Viva Bem,1 l,"1,39 €","1,39 €/L"
Detergente para loiça plus + limão,Super Pop,Embalagem de 1L,"0,99 €","1,98 €/L"
Iogurte com Cereais Activia,Danone,Embalagem 4x115g,"3,21 €/Kg","3,21 €/Kg"
Bolacha maria,Cuetara,Embalagem de 3 x 200 g + 33% grátis,"1,69 €","2,11 €/Kg"
Tesoura para esquerdinos com 13 cm,Maped,unidade,"1,35 €","1,35 €/Unidade"
"Sabonete líquido de leite de amêndoas, recarga",Palmolive,Embalagem de 300 ml,"2,99 €","9,97 €/L"
Refrigerante c/ gás de laranja zero,Fanta,"Garrafa de 1,5 l","0,40 €/L","0,40 €/L"
Bolachas cacau com cereais e pepitas de chocolate,PorSi,Embalagem de 400 g,"0,90 €","6,00 €/Kg"
Ambientador vela maçã e canela,PorSi,1 unidade,"9,49 €","45,19 €/Kg"
"Sopa gourmet, cogumelos",Knorr,Embalagem de 60g,"0,84 €","13,55 €/Kg"
Sumo 100% laranja,PorSi,Pack 3 x 200 ml,"1,09 €","0,73 €/L"
Pastilhas café lote chávena,Delta,Embalagem de 110g,"54,36 €/Kg","54,36 €/Kg"
After shave gold,Denim,Embalagem de 100 ml,"1,16 €","4,64 €/L"
Fita adesiva,PorSi,5m x 1.25 cm,"0,59 €","1,18 €/L"
Chá de infusão salutem nº 19 - rooibos (chá vermelho...,Salutem,Embalagem de 15g,"0,99 €","66,00 €/Kg"
Spray wc anticalcário,PorSi,embalagem de 750 ml,"1,79 €","2,39 €/L"
Porto ruby,Ferreira,Garrafa de 750 ml,"6,29 €","8,39 €/L"
Pasta dentífrica 1 2 3,Oral B,Embalagem de 75 ml,"2,39 €","31,87 €/L"
Café moagem universal brasil,Delta,Embalagem de 220g,"9,16 €/Kg","9,16 €/Kg"
Azeite virgem extra clássico,Serrata,Garrafa de 750 ml,"3,19 €","4,25 €/L"
Bandas de cera fria bikini peles sensíveis,Veet,Embalagem de 16 unidades,"6,99 €","6,99 €/Unidade"
Cerveja c/ álcool mini,Super Bock,Pack 15 x 0.20 L,"1,99 €/L","1,99 €/L"
Massa de cotovelinhos,Nacional,Embalagem de 500g,"0,89 €","1,78 €/Kg"
Detergente Líquido Máquina Roupa Lavanda,Xau,Embalagem com 62 doses,"13,99 €","3,29 €/L"
Ambientador gel floral,PorSi,150 g,"16,63 €/L","16,63 €/L"
Dinossauros,Discovery Channel,set 30 peças,"49,99 €","49,99 €/Unidade"
"Cera liquida, lava e encera",PorSi,Embalagem de 750 ml,"1,79 €","2,39 €/L"
Farinha láctea 5 frutos,PorSi,Embalagem de 500g,"4,49 €","4,49 €/Kg"
Vermute rosso,Martini,Embalagem de 10x6 cl,"17,09 €","22,79 €/L"
Marcador Turbo Color x12,Giotto,Uma embalagem,"3,09 €","3,09 €/Unidade"
Sidra frutos vermelhos,Somersby,pack 4 x 0.33 l,"1,59 €","3,18 €/L"
Azeite virgem extra clássico,Gallo,Garrafa de 250 ml,"3,19 €","4,25 €/L"
Mini meia licra 15D tabac t. único,PorSi,2 unidades,"2,99 €","2,99 €/Unidade"
Tablete chocolate chips ahoy,Milka,Embalagem de 100g,"0,53 €","5,30 €/Kg"
Atum posta em óleo,Vasco da Gama,Embalagem de 120 g,"9,08 €/Kg","9,08 €/Kg"
"Fermento em pó, lata",Royal,Embalagem de 110g,"0,64 €","12,80 €/Kg"
Pasta de açúcar bege,PorSi,250 g,"1,49 €","1,49 €/Kg"
Robô que salta Jumping Bot,Clementoni,1 un.,"24,99 €","24,99 €/Unidade"
Açúcar mascavado,PorSi,Embalagem de 500g,"1,49 €","1,49 €/Kg"
Esponja Autobrilhante Incolor,Búfalo,Unidade,"2,59 €","2,59 €/Unidade"
Chá de infusão salutem nº 45 - protensão 10 saquetas,Salutem,Embalagem de 15g,"0,99 €","66,00 €/Kg"
Miolo de camarão 50/70,H2Gelo,Embalagem de 250  g,"8,99 €","25,69 €/Kg"
Sardinha em tomate picante,PorSi,Embalagem de 120g,"9,08 €/Kg","9,08 €/Kg"
Feijão vermelho,Caçarola,Embalagem de 500 g,"0,95 €","1,90 €/Kg"
Acumulador Térmico,Gio'Style,2x400g,"1,29 €","1,29 €/Unidade"
8 salsichas bockwurst,PorSi,1 Frasco 720G,"0,75 €","3,75 €/Kg"
Bolacha alfa,Nacional,Embalagem de 180g,"1,19 €","11,90 €/Kg"
Desentupidor canos,Mr.muscle,Embalagem de 1 l,"2,89 €","5,25 €/L"
"Papel higiénico super, folha dupla, 24 rolos",Renova,Uma embalagem,"1,99 €","1,99 €/Unidade"
Ketchup,Calve,Embalagem de 280g,"0,70 €","2,33 €/Kg"
Iogurte corpos danone + proteína ananás,Danone,Embalagem de 150g,"5,97 €/Kg","5,97 €/Kg"
Biscoitos canudinho recheio cacau,PorSi,Embalagem de 300g,"1,19 €","11,90 €/Kg"
Azeite virgem extra dop trás-os-montes,PorSi Select,Embalagem 750 ml,"3,19 €","4,25 €/L"
Semente girassol,Salutem,Embalagem de 200g,"3,19 €","15,95 €/Kg"
Sopa de legumes,PorSi,Embalagem de 900 g,"2,19 €","2,43 €/Kg"
Refrigerante C/ Gás Zero,Coca-Cola,Garrafa de 1 l,"0,40 €/L","0,40 €/L"
Sabonete líquido mel,Feno,Embalagem de 300 ml,"2,99 €","9,97 €/L"
Vela com número nº 1,PorSi,1 unidade,"0,80 €","0,80 €/Unidade"
Limpa Móveis,PorSi,Embalagem de 300 ml,"1,39 €","1,26 €/L"
Marmelada sem conservantes,PorSi,Embalagem de 500g,"1,09 €","2,42 €/Kg"
Fiambre da Perna Cubos,Porminho,Embalagem 2 x 75 g,"0,90 €","5,99 €/Kg"
Doce light framboesa,PorSi,Embalagem de 340g,"3,59 €","10,26 €/Kg"
"Inseticida, recarga, elétrico, pack 2",Raid,1 embalagem com 2x27ml,"7,69 €","7,69 €/Unidade"
"Jogo ""Aprende os Números""",Clementoni,1 unidade,"24,99 €","24,99 €/Unidade"
NASA: Kit Nave Espacial,Clementoni,1 unidade,"24,99 €","24,99 €/Unidade"
Bacalhau com azeite e alho,PorSi Select,Lata de 120 g,"9,08 €/Kg","9,08 €/Kg"
Abacate,Fruta do Dia,1 un. = 300 g (aprox.),"2,29 €/Kg","2,29 €/Kg"
Alimento lácteo cereais e bolachas maria +6 meses,Yogolino,Embalagem de 4 x 100 g,"2,89 €","7,23 €/Kg"
Papel Higiénico Compacto Ultra Suave XXL,Colhogar,12 rolos,"1,99 €","1,99 €/Unidade"
Bolachas waffers morango,PorSi,Embalagem de 210g,"0,98 €","4,67 €/Kg"
Tablete de chocolate leite bubbly,Milka,Embalagem de 90g,"0,53 €","5,30 €/Kg"
Bloco Sanitário Ativo Lavanda,Sonasol,Embalagem de 50 g,"37,36 €/Kg","37,36 €/Kg"
"Comida húmida para cão júnior com frango, cenoura em...",Friskies,Embalagem de 100g,"0,75 €","2,50 €/Kg"
Na-esparguete bio 500g 10kg,Nacional,Embalagem de 500g,"0,89 €","1,78 €/Kg"
5 rissóis de leitão,PorSi,Embalagem de 400g,"2,99 €","9,97 €/Kg"
Máquina de café,Play-Doh,1 unidade,"24,99 €","24,99 €/Unidade"
Iogurte morango 000%,PorSi Viva Bem,Embalagem de 4 x 125 g,"4,36 €","2,18 €/Kg"
Pasta de açúcar branco,PorSi,250 g,"1,49 €","1,49 €/Kg"
Couve branca,Legumes do Dia,1 un= 1 kg aprox,"0,92 €","2,29 €/Kg"
Bambolitos pretos,PorSi,Embalagem de 150g,"0,79 €","5,27 €/Kg"
Hot Wheels Corrida Alucinante,Europrice,1 unidade,"49,99 €","49,99 €/Unidade"
"Desodorizante para pés, creme Sport",Protex,Embalagem de 50 ml,"4,99 €","99,80 €/L"
Leite desmaquilhante para peles secas,Labell,Embalagem de 250 ml,"1,15 €","4,60 €/L"
Dentifríco 2 em 1 super branqueador,Theramed,Embalagem de 75 ml,"3,39 €","45,20 €/L"
Pizza hawai,PorSi,Embalagem de 350g,"2,16 €","6,17 €/Kg"
Salmão Fumado da Noruega,PorSi,Embalagem de 100 g,"3,35 €","22,33 €/Kg"
Vmt reg alentejano 0.75l,T.xisto,Garrafa de 750 ml,"2,89 €","3,85 €/L"
Chá de plantas salutem - rooibos (chá vermelho) r,Salutem,Embalagem de 50g,"0,99 €","66,00 €/Kg"
Creme proteção de gengivas,Polident,Embalagem de 40 g,"7,39 €","105,57 €/Kg"
"Lixívia para roupa, azul, tradicional",Neoblanc,Embalagem de 1 l,"1,74 €","0,35 €/L"
Moelas,Frango,1 un = 200 gr (aprox.),"1,65 €","3,29 €/Kg"
Iogurte activia líquido cereais,Danone,Embalagem de 4 x 155 g,"3,21 €/Kg","3,21 €/Kg"
Iogurte activia líquido morango,Danone,Embalagem de 4 x 155 g,"3,21 €/Kg","3,21 €/Kg"
Atum posta em azeite,Bom petisc,Embalagem de 120 g,"9,08 €/Kg","9,08 €/Kg"
Refeição Bio Puré de Ervilhas c/ batata e frango,Gerber,Embalagem de 190g,"1,89 €","9,95 €/Kg"
Fruta para bebé 4 frutas +4 meses,Nestle,Embalagem de 90g,"0,74 €","8,22 €/Kg"
Roupão banho criança azul,PorSi,33 x 53 cm,"19,90 €","19,90 €/Unidade"
Lava tudo antibacteriano marinho,PorSi,Garrafa de 1.5 l,"0,99 €","0,50 €/L"
Óleo de cedro,Mistolin,Embalagem de 360 ml,"1,39 €","1,26 €/L"
Livro Pop-Ups - Transportes,Europrice,1 unidade,"7,50 €/Unidade","7,50 €/Unidade"
Carro da polícia,Lego,1 unidade,"49,99 €","49,99 €/Unidade"
Cogumelos inteiros,PorSi,Embalagem de 355 g,"1,79 €","2,29 €/Kg"
Esfregão de fibra com cabo depósito com detergente,Fino,embalagem com 5 un. + 1 un.,"0,79 €","0,79 €/Unidade"
Refrigerante com gás de laranja,Sumol,"Garrafa de 1,25 l","0,40 €/L","0,40 €/L"
"Batata frita, multipack",Ruffles,Embalagem de 180g,"1,06 €","5,73 €/Kg"
Conjunto de ferramentas,Itools,31 peças,"1,99 €","1,99 €/Unidade"
Caramelos de fruta,Penha,Embalagem de 250 g,"1,10 €","4,40 €/Kg"
Porto tawny,Ferreira,Garrafa de 750 ml,"6,29 €","8,39 €/L"
Spray lixívia e higiene,Cillitbang,Garrafa de 500 ml,"1,19 €","0,79 €/L"
Pão de forma integral sem côdea,Panrico,Embalagem de 450g,"0,99 €","1,65 €/Kg"
Chá de infusão salutem nº 08 - procolesterol 10 saqu...,Salutem,Embalagem de 15g,"0,99 €","66,00 €/Kg"
Roleta de Bebidas,*,1 unidade,"0,54 €","0,54 €/Unidade"
Gelado magnum pint amêndoas,Olá,Embalagem de 440 ml,"4,58 €/L","4,58 €/L"
Elixir Total Care Zero,Listerine,Embalagem de 500 ml,"1,29 €","2,58 €/L"
Chá de infusão salutem nº 25 - laranjeira flor 10 sa...,Salutem,Embalagem de 15g,"0,99 €","66,00 €/Kg"
Esfregão Esponja Antibacteriano,Fino,1 unidade,"0,79 €","0,79 €/Unidade"
"Jogo ""Fake?""",Clementoni,1 unidade,"24,99 €","24,99 €/Unidade"
Cola apanha ratos,Neolar,Embalagem de 200 ml,"5,49 €","14,64 €/L"
Feijão encarnado em frasco,PorSi,frasco de 540 g,"1,79 €","2,29 €/Kg"
Camião Betoneira,Lego,1 unidade,"7,99 €/Unidade","7,99 €/Unidade"
Fruta para bebé maçã banana +4 meses,Nestle,Embalagem de 4 x 100 g,"0,74 €","8,22 €/Kg"
Concentrado de frutas tropicais,Sunquick,Garrafa de 700 ml,"4,89 €","6,61 €/L"
Detergente em gel máquina lavar roupa universal,Persil,85 doses,"13,99 €","3,29 €/L"
Gelatina ananás 8 kcal,PorSi,Embalagem de 4 x 100 g,"0,85 €","2,13 €/Kg"
Livro Pop-Ups - Quinta,Europrice,1 unidade,"7,50 €/Unidade","7,50 €/Unidade"
"Caramelos de fruta, morango single",Sugus,Embalagem de 50g,"1,10 €","4,40 €/Kg"
"Atum em posta, em azeite",General,Embalagem de 110g,"9,08 €/Kg","9,08 €/Kg"
Flocos de aveia finos integrais bio,Cemporcent,Embalagem de 400g,"1,82 €","7,28 €/Kg"
Aperitivos 3d's cones,3d's,Embalagem de 90g,"0,79 €","7,90 €/Kg"
Spray depilação para peles normais,Veet,Garrafa de 150 ml,"2,99 €","14,95 €/L"
Mistura solúvel c/ 20% café granulado,PorSi,Embalagem de 200g,"1,64 €","6,56 €/Kg"
"Bloco de desenho A4, 24 folhas",Domédia,1 unidade,"0,45 €","0,45 €/Unidade"
Nancy um dia de verão,Mattel,,"23,99 €","23,99 €/Unidade"
Ninjago Mech Power Up Evo do Zane,Lego,1 unidade,"7,99 €/Unidade","7,99 €/Unidade"
Pepsi max,Pepsi,Garrafa de 1.75 l,"0,40 €/L","0,40 €/L"
"Briochoco, 4 unidades",Dulcesol,Embalagem de 160g,"2,05 €","5,13 €/Kg"
Folhado de salsicha,PorSi,Embalagem de 6x60 g,"2,99 €","9,97 €/Kg"
Cebola Embalada,Nossa seleção,Embalagem de 1Kg (aprox.),"0,50 €","4,99 €/Kg"
Lava Tudo Perfumado Herbal,PorSi,Embalagem de 2 l,"0,99 €","0,50 €/L"
Presunto fatiado 6 meses,PorSi,Embalagem de 140 g,"2,79 €","13,95 €/Kg"
Lixívia WC Gel Higienizante,Neoblanc,Embalagem de 700ml,"2,59 €","1,30 €/L"
"Croissants com recheio de cacau, 5 unidades",Dulcesol,Embalagem de 230g,"2,05 €","5,13 €/Kg"
Saqueta de puré de fruta | maçã + manga + pêssego,PorSi,90 g,"0,74 €","8,22 €/Kg"
Tabuleiro,Quittin,Dim.: 42 x 29 cm,"28,00 €","28,00 €/Unidade"
Tablete de chocolate culinário 70% negro,PorSi,Embalagem de 200 g,"1,04 €","8,32 €/Kg"
Pista Dragstrip Champion,Hot Wheels,1 embalagem,"49,99 €","49,99 €/Unidade"
"Pasta dentífrica, proteção branqueador",Labell,Embalagem de 75 ml,"2,39 €","31,87 €/L"
Gel Styling Adrenaline,Axe,Embalagem de 125 ml,"5,99 €","14,98 €/L"
Limpa Estofos de Tecido,PorSi,Embalagem de 1 l,"3,99 €","0,80 €/L"
Esfregona tiras completa,PorSi,1 unidade,"0,79 €","0,79 €/Unidade"
Gel de banho nourishing,Dove,Embalagem de 500 ml,"6,39 €/L","6,39 €/L"
Arroz brajma,Cigala,Embalagem de 1 kg,"0,99 €","0,99 €/Kg"
"Iogurte sabor morango, banana e tutti frutti",Danone,Embalagem de 8 x 120 g com 1 grátis,"1,87 €","1,25 €/Kg"
Eau de Toilette p/Senhora Nº8,Caravan,1 Frasco 150ml,"11,99 €","79,93 €/L"
Lixívia para roupa tradicional,Neoblanc,Embalagem de 1 l,"0,60 €/L","0,60 €/L"
Granola + classica,Cemporcent,Embalagem de 375g,"1,19 €","2,38 €/Kg"
"Livro ""Histórias Fantásticas com Unicórnios""",Girassol,1 unidade,"7,50 €/Unidade","7,50 €/Unidade"
Tablete chocolate de leite,PorSi,embalagem de 100 g,"0,53 €","5,30 €/Kg"
Danacol aveia,Danone,Embalagem de 6 x 100 g,"4,15 €/Kg","4,15 €/Kg"
Queijo edam light fatias,PorSi Viva Bem,Embalagem de 150g,"2,39 €","19,92 €/Kg"
Nata uht carbonara,Parmalat,Embalagem de 200 ml,"1,12 €","5,60 €/L"
Batata roxa,Legumes do Dia,Embalagem de 5 kg,"0,50 €","4,99 €/Kg"
Pães de leite,s. tomé,Embalagem de 300 g,"7,40 €/Kg","7,40 €/Kg"
Café grão bio,PorSi Bio,Embalagem de 250g,"9,16 €/Kg","9,16 €/Kg"
"Creme revitalizante, noite",L'oreal,Embalagem de 50 ml,"2,99 €","59,80 €/L"
Tosta rica oceanix 160g,Cuetara,Embalagem de 160g,"3,49 €","19,39 €/Kg"
Bebida energética,Red Bull,Pack 4 x 0.25 l,"1,60 €","3,20 €/L"
Recarga Esfregona de Algodão,PorSi,1 unidade,"0,89 €","0,89 €/Unidade"
"Jogo ""Descobre as palavras""",Clementoni,1 unidade,"24,99 €","24,99 €/Unidade"
Água s/ gás frutos vermelhos,Luso,Garrafa de 1 l,"1,04 €","0,17 €/L"
Chá de menta e eucalipto,Lipton,20 saquetas,"1,19 €","59,50 €/Kg"
Queijo mozzarella fresca,Galbani,Embalagem de 125 g,"1,59 €","6,36 €/Kg"
"Tira nódoas, spray oxi",PorSi,Embalagem de 1 l,"3,99 €","5,70 €/L"
Ração para gato adulto crunchy & tender com salmão,Friskies,"Embalagem de 1,5 kg","12,99 €","4,33 €/Kg"
Marcadores para colorir,Domédia,embalagem com 18 unidades,"3,09 €","3,09 €/Unidade"
Leite e cereais pijama +6 meses,Cerelac,Garrafa de 400 ml,"4,49 €","4,49 €/Kg"
Pastilhas limpa próteses,Labell,embalagem com 36 unidades,"7,39 €","105,57 €/Kg"
Coxinhas de frango,PorSi,Embalagem de 360g,"13,59 €/Kg","13,59 €/Kg"
Iogurte líquido yoggi morango,Nestle,Embalagem de 4 x 160 g,"1,17 €","1,83 €/Kg"
Queijo fundido palitos,A Vaca Que Ri,Embalagem de 35g,"0,82 €","23,43 €/Kg"
Vinho DOC Dão Tinto,Dharma,"Garrafa de 0,75 L","3,99 €","5,32 €/L"
Esparguete integral,Salutem,Embalagem de 500g,"1,19 €","2,38 €/Kg"
Recarga inseticida elétrico líquido,Raid,45 noites,"7,69 €","7,69 €/Unidade"
Spray limpeza fornos e grelhas,PorSi,500 ml,"1,29 €","1,72 €/L"
Cadeira de Suspensão Redonda,Koopman,Dim.: 80 x 115 cm,"20,99 €","20,99 €/Unidade"
Néctar pera,PorSi,Embalagem de 1 l,"0,99 €","0,99 €/L"
Queijo vaca e ovelha s. penela,Serqueijos,Embalagem de 500g,"7,59 €","15,18 €/Kg"
Queijo flamengo 0% lactose,PorSi Viva Bem,Embalagem de 150 g,"2,49 €","9,96 €/Kg"
Body Milk in Shower,Labell,Embalagem de 250 ml,"12,48 €/L","12,48 €/L"
Gelatina pronta a comer light 10 kcal mirtilo,Royal,Embalagem de 4 x 100 g,"0,85 €","2,13 €/Kg"
Vinho do porto lágrima branco,R.pinto,Garrafa de 750 ml,"6,29 €","8,39 €/L"
Vulcão,Science4You,1 unidade,"12,99 €","12,99 €/Unidade"
Chocolate culinário branco,Pantagruel,Embalagem de 200g,"1,04 €","8,32 €/Kg"
Creme para barrar,Nutella,Embalagem de 200 g,"4,19 €","12,32 €/Kg"
Alimento lácteo cereais e baunilha +6 meses,Yogolino,Embalagem de 4 x 100 g,"2,89 €","7,23 €/Kg"
Vinho verde,Felgueiras,Garrafa de 0.75 l,"1,99 €","2,65 €/L"
Mistura para periquitos,Canto Alegre,Embalagem de 1K,"2,49 €","2,49 €/Kg"
2 crocantes frango  recheio alho&ervas 204g,Iglo,Embalagem de 200g,"4,99 €","24,46 €/Kg"
Pack de 3 lâmpadas 6W LED E14,BDC,1 embalagem,"5,99 €","5,99 €/Unidade"
Baby Fruta,Baby Clementoni,1 unidade,"24,99 €","24,99 €/Unidade"
"Lenços de bolso sensi, brancos, 10 unidades",Renova,Uma embalagem de 6x10,"0,89 €","0,89 €/Unidade"
Papa infantil láctea maçã +6 meses,Cerelac,Embalagem de 250g,"4,49 €","4,49 €/Kg"
Borracha para desenho técnico,Domédia,1 unidade,"3,09 €","3,09 €/Unidade"
Bolacha maria doces,Vieira,Embalagem de 300g,"1,69 €","2,11 €/Kg"
Cogumelos laminados 1/2,PorSi,Embalagem de 355 g,"1,79 €","2,29 €/Kg"
Spray anti calcário,Cif,Garrafa de 435 ml,"3,19 €","6,38 €/L"
Geleira 24 l,*,1 un.,"9,99 €","9,99 €/Unidade"
Pensos Higiénicos Fina e Segura Maxi Super,Evax,Embalagem c/ 13 Unidades,"2,59 €","2,59 €/Unidade"
Areia para gatos aglomerante compacta perfumada,PorSi,Embalagem de 4 kg,"1,19 €","0,24 €/Kg"
"Kit dentário, infantil",Labell,1 unidade,"0,99 €","0,99 €/Unidade"
15 panadinhos de peixe,PorSi,Embalagem de 450 g,"4,39 €","10,98 €/Kg"
Alimento lácteo morango +8 meses,Yogolino,Embalagem de 4 x 100 g,"2,89 €","7,23 €/Kg"
Molho piri piri,Macarico,Embalagem de 200g,"0,70 €","2,33 €/Kg"
Camião Basculante,Volvo,26 cm,"49,99 €","49,99 €/Unidade"
Esfregão esponja ergonómico salva unhas,PorSi,Embalagem de 2 unidades,"0,79 €","0,79 €/Unidade"
Fraldas agility T4 de 9 a 15 kg,PorSi,50 unidades,"13,29 €/Unidade","13,29 €/Unidade"
Árvore de Natal,*,Dim.: 150cm,"24,99 €/Unidade","24,99 €/Unidade"
"Cerveja com álcool, lata",Super Bock,Garrafa de 500 ml,"1,99 €/L","1,99 €/L"
Manteiga magra,Matinal,Embalagem de 250g,"1,69 €","6,76 €/Kg"
Aperitivos tex mex,Doritos,Embalagem de 120g,"0,79 €","7,90 €/Kg"
Creme de dia para pele seca,Labell,Embalagem de 50 ml,"2,99 €","59,80 €/L"
Manga em calda,It.saveurs,Embalagem de 250g,"1,99 €","2,37 €/Kg"
Molas plásticas,PorSi,15 unidades,"0,89 €","0,89 €/Unidade"
Cerveja c/ álcool,Super Bock,Pack 15 X 0. 33L,"1,99 €/L","1,99 €/L"
Elixir intense clean,Aquafresh,Embalagem de 500 ml,"1,29 €","2,58 €/L"
Gelatina pronta a comer ananás,Royal,Embalagem de 4 x 100 g,"0,85 €","2,13 €/Kg"
Nata uht light para culinária,PorSi,embalagem de 200 ml,"1,12 €","5,60 €/L"
Leite de coco,PorSi,Embalagem de 400 ml,"3,84 €","24,00 €/Kg"
Cachaço s/ Osso,Porco,Vendido ao peso a partir de 1 kg,"3,99 €","3,99 €/Kg"
Café solúvel creme,Nescafe,Embalagem de 100g,"1,45 €","14,50 €/Kg"
Toalhitas intimas com aloé vera,Carefree,20 unidades,"2,89 €","2,89 €/Unidade"
Bolachas waffers baunilha,PorSi,Embalagem de 210g,"0,98 €","4,67 €/Kg"
Mel de montanha,PorSi Select,Frasco de 250 g,"4,89 €","9,78 €/Kg"
Pickles em vinagre,PorSi,Embalagem de 200 g,"1,79 €","2,29 €/Kg"
Creme de coco,Koala,Garrafa de 165 ml,"1,09 €","2,75 €/Kg"
Cereais corn flakes s/ glúten,Nestle,Embalagem de 380g,"1,49 €","2,98 €/Kg"
6 Salsichas de porco,Nobre,Lata de 120g,"0,75 €","3,75 €/Kg"
Moscatel favaios,Favaios,Garrafa de 750 ml,"6,79 €/L","6,79 €/L"
Aletria,Milaneza,Embalagem de 500g,"0,89 €","1,78 €/Kg"
Amaciador Roupa lavanda,PorSi,Embalagem de 60 doses,"3,99 €","3,99 €/Unidade"
Água mineral sem gás,Fastio,Pack 4 x 1.5 l,"1,04 €","0,17 €/L"
Pano Suave C/ Microfibras,Vileda,2 + 1 Un. Grátis,"1,64 €","1,64 €/Unidade"
Açúcar em saquetas,PorSi,Embalagem 1K,"1,49 €","1,49 €/Kg"
"Recarga ambientador, toque&fresh relax zen",Glade,Embalagem de 10 ml,"1,99 €","1,99 €/Unidade"
Salsichas extra suculentas,Nobre,Frasco de 650 g,"0,75 €","3,75 €/Kg"
Creme p/ Calçado Castanho,Búfalo,Embalagem de 50 ml,"2,49 €","31,13 €/L"
Toalha de Mesa Anti Nódoas,VZT,Dim.: 150 x 300 cm,"13,99 €","13,99 €/Unidade"
Lata de Brilho Castanho,Búfalo,Embalagem de 75 ml,"2,49 €","31,13 €/L"
Farinha para pão rústico,Nacional,Embalagem de 1 kg,"1,99 €","1,99 €/Kg"
Iogurte natural açucarado,PorSi,Embalagem de 4x125g,"0,65 €","1,30 €/Kg"
Pensos higiénicos liberty super abas,Evax,Embalagem com 10 un.,"2,59 €","2,59 €/Unidade"
Roleta de Bebidas,*,1 unidade,"3,99 €","5,32 €/L"
Coco ralado bio,PorSi Bio,Embalagem de 200 g,"1,89 €","3,78 €/Kg"
Leite aromatizado com sabor a cerea,Mimosa,Embalagem de 200 ml,"1,99 €","2,49 €/L"
Arroz Thai Jasmim,PorSi,1 kg,"0,99 €","0,99 €/Kg"
Espumante Bruto,Gancia,"Garrafa de 0,75 l","9,69 €","12,92 €/L"
Iogurte mix-in chocapic,Nestle,Embalagem de 2 x 118 g,"7,77 €/Kg","7,77 €/Kg"
Sal de mesa,PorSi,Embalagem de 250 g,"0,66 €","22,00 €/Kg"
Manteiga amendoim com pedaços,Calve,Embalagem de 350g,"4,19 €","12,32 €/Kg"
Tapetes educativos p/ cães/gatos 60x60cm,PorSi,20 unidades,"8,75 €","8,75 €/Unidade"
Argolas Romana,PorSi,Embalagem de 400 g,"2,99 €","9,97 €/Kg"
"Rolo de cozinha design xxl, 3 rolos",Renova,Embalagem de 3 unidades,"4,99 €","4,99 €/Unidade"
Chourição Extra Fatiado,Porminho,Embalagem de 80g,"1,35 €","16,88 €/Kg"
Penso de incontinência normal,Ausonia Discreet,Embalagem de 12 un.,"5,59 €","5,59 €/Unidade"
Vermute rosso,Martini,Garrafa de 0.75 l,"17,09 €","22,79 €/L"
Reparador de móveis escuro,Pronto,Embalagem de 100 ml,"1,39 €","1,26 €/L"
"Toalhitas intimas, 20 unidades",Labell,Uma embalagem,"2,89 €","2,89 €/Unidade"
Bolacha torrada com canela,PorSi,Embalagem de 2 x 250 g,"1,69 €","2,11 €/Kg"
Vinho regional tejo,Plexus,Garrafa de 750 ml,"2,29 €","3,05 €/L"
Queijo brie cunhas 60%,President,Embalagem de 200 g,"1,45 €","7,25 €/Kg"
Toalhitas Activity |Recarga,Dodot,Pack: 4x54 unidades,"1,09 €/Unidade","1,09 €/Unidade"
Alface frisada categoria: II Programa Origens,PorSi,Embalagem de 300 g,"3,30 €/Kg","3,30 €/Kg"
Piccolissimas pepperoni,Dr. Oetker,Embalagem de 220g,"2,16 €","6,17 €/Kg"
Nuggets pescada panada,Pescanova,Embalagem de 1Kg,"1,91 €","4,78 €/Kg"
Lula limpa,Pescanova,Embalagem de 450g,"5,49 €","6,86 €/Kg"
Ketchup,PorSi,Embalagem de 560 g,"0,70 €","2,33 €/Kg"
Arroz Carolino,Cigala,Embalagem de 1 kg,"0,99 €","0,99 €/Kg"
Amaciador concentrado para roupa jojoba,PorSi,80 doses,"3,99 €","3,99 €/Unidade"
Pêssego em calda metades,PorSi,Lata com 420 g,"1,99 €","2,37 €/Kg"
Leite Uht Proteína Café,Mimosa,Pack 3 x 250 ml,"1,99 €","2,49 €/L"
Sacos de congelação pequenos,PorSi,"50 unidades, 1 embalagem","3,49 €","3,49 €/Unidade"
Posta pescada-do-cabo nº 5 para cozer,PorSi,Embalagem de 800 g,"4,39 €","10,98 €/Kg"
Vodka,ON/OFF,Garrafa 0.70L,"17,99 €","25,70 €/L"
Fiambre da Pá,PorSi,1 un = 150 gr (aprox.),"0,90 €","5,99 €/Kg"
Conjunto Cozinha,Fantástiko,7 peças,"49,99 €","49,99 €/Unidade"
Molho bechamel,Parmalat,Embalagem de 200 ml,"1,12 €","5,60 €/L"
Sumo natural de cenoura bio,Cemporcent,Garrafa de 200 ml,"1,59 €","1,59 €/L"
Vela em número nº5,PorSi,1 unidade,"0,80 €","0,80 €/Unidade"
Infusão de camomila,Tetley,Embalagem de 10g,"0,69 €","20,91 €/Kg"
Ambientador vela duo exotic baunilha,Air Wick,Embalagem de 210g,"9,49 €","45,19 €/Kg"
"Bebida láctea especial crescimento, 1-3 anos",Mimosa,Garrafa de 1 l,"0,26 €","1,30 €/L"
Café c/ cafeína intenso,Nescafe,Embalagem de 100g,"1,45 €","14,50 €/Kg"
Limpa Máquina Loiça Regular,Finish,,"4,99 €/Unidade","4,99 €/Unidade"
Luva Animais da Quinta,Chicco,Uma unidade,"23,99 €","23,99 €/Unidade"
Chá de infusão salutem nº 22 - sene folhas 10 saquet...,Salutem,Embalagem de 15g,"0,99 €","66,00 €/Kg"
Couve Penca (Portuguesa),Legumes do Dia,1 un= 1 kg (aprox.),"0,92 €","2,29 €/Kg"
Achocolatado em saco,Nesquik,Embalagem de 1 kg,"5,59 €","6,99 €/Kg"
Chouriço fatiado,Campofrio,Embalagem de 80g,"1,35 €","16,88 €/Kg"
Gel Banho Excite,Axe,Embalagem de 400 ml,"5,99 €","14,98 €/L"
Sobremesa gelificada de laranja,PorSi,Embalagem de 4x100g,"0,85 €","2,13 €/Kg"
Caldo de galinha 8 cubos,Knorr,Embalagem de 80g,"3,84 €","24,00 €/Kg"
Bocadelia de caranguejo,La piara,Embalagem de 170g,"1,19 €","13,52 €/Kg"
Sumo essencial de pêssego,Compal,pack 3 x 0.11 l,"2,29 €","6,94 €/L"
"Vela com número, nº2",PorSi,1 unidade,"0,80 €","0,80 €/Unidade"
Leite uht magro,Gresso,Embalagem de 1 litro,"0,78 €","0,78 €/L"
Gogo SqueeZ Snack Banana,Gogo,Embalagem de 90g,"2,29 €","6,94 €/L"
Cheeseburger de frango,Snock,Embalagem de 100 g,"1,89 €","18,90 €/Kg"
"Desodorizante spray, gold",Denim,Embalagem de 150 ml,"1,39 €","6,95 €/L"
Vinho branco,Alandra,Garrafa de 750 ml,"1,59 €","2,12 €/L"
Cápsulas de café delta qualidus,Delta Q,Embalagem de 60g,"54,36 €/Kg","54,36 €/Kg"
"Pastilhas fruit, frutos silvestres",Trident,Embalagem de 15 g,"0,89 €","59,33 €/Kg"
"Adesivo suave, pele sensivel",Hansaplast,1 unidade,"0,59 €","1,18 €/L"
Café torrado 5 estrelas moagem grossa,Sical,Embalagem de 250g,"9,16 €/Kg","9,16 €/Kg"
Leite de coco condensado,Koala,Embalagem de 490 g,"1,09 €","2,75 €/Kg"
Néctar ananás,Compal,pack 3 x 200 ml,"0,99 €","0,99 €/L"
Comida húmida para cão,PorSi,Embalagem de 300 g,"0,75 €","2,50 €/Kg"
Queijo flamengo em Barra,Ilha Azul,"Vendido ao peso, fatiado a partir de 100 gr","1,69 €","8,45 €/Kg"
Wc lixívia gel original,Domestos,Garrafa de 750 ml,"2,49 €","3,32 €/L"
Doce de abóbora c/ noz,Quinta de Jugais,Embalagem de 280g,"2,74 €","9,79 €/Kg"
Leite corporal,Nivea,Embalagem de 400 ml,"12,48 €/L","12,48 €/L"
Iogurte activia cereais integrais,Danone,Embalagem de 4 x 120 g,"3,21 €/Kg","3,21 €/Kg"
Sacos do lixo lavanda 50 litros,PorSi,15 unidades,"1,79 €","1,79 €/Unidade"
Fermento de padeiro,Vahine,Embalagem de 20g,"0,64 €","12,80 €/Kg"
10 saquetas infusão de camomila,Lipton,Embalagem de 10g,"0,69 €","20,91 €/Kg"
Iogurte líquido pinacolada,PorSi,Embalagem de 4 x 160 g,"1,17 €","1,83 €/Kg"
Cereais corn flakes,Kellogg's,Embalagem de 500g,"1,49 €","2,98 €/Kg"
Batata frita ondulada wavy,PorSi,Embalagem de 180g,"1,06 €","5,73 €/Kg"
Comida húmida para gato júnior,PorSi,Embalagem de 4 x 100 g,"2,89 €","7,23 €/Kg"
Laboratório Mecânica Mars Rover,Clementoni,1 unidade,"12,99 €","12,99 €/Unidade"
Pensos clássicos,PorSi,100 unidades,"0,59 €","1,18 €/L"
Iogurte activia frutos secos cereais,Danone,Embalagem de 4 x 120 g,"3,21 €/Kg","3,21 €/Kg"
Vinho branco regional península de setúbal,Lancers,Garrafa de 750 ml,"2,99 €","3,99 €/L"
Chouriço cebola beiras,PorSi,Embalagem de 300g,"1,00 €","5,00 €/Kg"
Bolachas crackers integral,Du bois,Embalagem de 500g,"0,39 €","3,12 €/Kg"
"Carregador, 6 lâminas, 4 recargas",Labell Men,1 embalagem,"1,16 €","4,64 €/L"
Ameijoa Branca Vietnamita,Marisco Congelado,Vendido a partir de 250 gr  (aprox.),"1,99 €/Kg","1,99 €/Kg"
Cereais lion chocolate/caramelo,Nestle,Embalagem de 400g,"3,29 €","21,93 €/Kg"
Gin dry beefeater,Beefeater,Garrafa de 700 ml,"17,99 €","25,70 €/L"
Discos Sanitários Activos Aparelho Marinho,WC Pato,Embalagem de 36 ml,"37,36 €/Kg","37,36 €/Kg"
Salsicha bockwurst 5 unidades,PorSi,Embalagem de 250g,"0,75 €","3,75 €/Kg"
Levedura de cerveja,Salutem,Embalagem de 150g,"1,82 €","7,28 €/Kg"
"Vinho DOC Bairrada, Branco",Selecção de Enófilos,Garrafa de 0.75 l,"2,49 €","3,32 €/L"
Chá de infusão salutem nº 42 - carqueja 10 saquetas,Salutem,Embalagem de 15g,"0,99 €","66,00 €/Kg"
Farinha p/ bolos fina,Nacional,Embalagem de 1Kg,"1,99 €","1,99 €/Kg"
Delícia de bolacha,PorSi,Embalagem de 2x135 g,"0,55 €","2,75 €/Kg"
"Queijo flamengo, fatias",Paiva,Embalagem de 180 g,"1,69 €","8,45 €/Kg"
Reparador de móveis escuro,PorSi,Embalagem de 200 ml,"1,39 €","1,26 €/L"
Baton blackberry shine,Labello,1 un.,"2,29 €","458,00 €/Kg"
Néctar classico de ananás,Compal,Garrafa de 200 ml,"0,99 €","0,99 €/L"
Repelente Anti Mosquito Spray,Mercurochrome,Embalagem 100 ml,"2,29 €","458,00 €/Kg"
Starter Pack Jardim da Princesa,Playmobil,1 unidade,"49,99 €","49,99 €/Unidade"
Café solúvel gold,PorSi Select,Embalagem 100G,"1,45 €","14,50 €/Kg"
Cereais crack star,PorSi,Embalagem de 375 g,"5,07 €/Kg","5,07 €/Kg"
Gelatina de ananás,PorSi,Embalagem de 170g,"0,55 €","61,11 €/Kg"
Conjunto Descoberta Fóssil,Jurassic World,1 un.,"24,99 €","24,99 €/Unidade"
"Papel higiénico acolchoado, folha tripla, 9 rolos",Scottex,1 embalagem,"1,99 €","1,99 €/Unidade"
Bolachas waffers chocolate,PorSi,Embalagem de 210g,"0,98 €","4,67 €/Kg"
Massa de espirais,Nacional,Embalagem de 500g,"0,89 €","1,78 €/Kg"
Barras de cereais nesquik,Nestle,Embalagem de 150g,"3,29 €","21,93 €/Kg"
Bolachas chips ahoy,Ca!,Embalagem de 300g,"0,90 €","6,00 €/Kg"
Limpa vidros cristal recarga,Ajax,Embalagem de 500 ml,"3,19 €","6,38 €/L"
Monster Truck Mega Wrex Rádio Controlo,Mondo,1 unidade,"49,99 €","49,99 €/Unidade"
Chá boas noites infusão,Cemporcent,Embalagem de 13g,"0,99 €","66,00 €/Kg"
Ricore,Nestle,Embalagem de 260g,"1,64 €","6,56 €/Kg"
"Coloração permanente, castanho tiramissu nº4.15",Nutrisse,1 unidade,"9,49 €/Unidade","9,49 €/Unidade"
Bolacha maria junior doces,Vieira,Embalagem de 280g,"3,49 €","19,39 €/Kg"
Recarga para Esfregona Microfibra e Algodão,Vileda,,"0,89 €","0,89 €/Unidade"
Creme barrar nutela 350g,Nutella,Embalagem de 350G,"4,19 €","12,32 €/Kg"
Track Builder Caixa,Hot Wheels,1 embalagem,"49,99 €","49,99 €/Unidade"
Iogurte activia cremoso frutos silvestres,Danone,Embalagem de 4 x 120 g,"1,49 €","2,98 €/Kg"
Fralda Cueca de Banho |Tamanho 3 X/S,Pommette,Embalagem de 12 un.,"4,99 €","4,99 €/Unidade"
Pate picante 73gr.                ce *24,La piara,Embalagem de 70g,"1,19 €","13,52 €/Kg"
Amaciador jasmim e maçã,Surf,90 doses,"8,99 €","2,25 €/L"
Biscoitos canudinho simples,PorSi,Embalagem de 300g,"1,19 €","11,90 €/Kg"
Amaciador nutri-protec,Labell,Embalagem de 200 ml,"1,00 €","5,00 €/L"
Camião do lixo,Dickie Toys,30 cm,"49,99 €","49,99 €/Unidade"
Lixívia Tradicional,PorSi,Embalagem de 5 l,"1,74 €","0,35 €/L"
Monster Truck Bone Shaker Rádio Controlo,Mondo,1 unidade,"49,99 €","49,99 €/Unidade"
Gel wc tripla ação c/ lixívia,Harpic,Garrafa de 750 ml,"1,79 €","2,39 €/L"
Gronola de aveia arandos/sementes,Nestle,Embalagem de 300g,"3,99 €","13,30 €/Kg"
Máquina de barbear sensor excel universal,Gillette,1 unidade,"1,16 €","4,64 €/L"
Patê de sardinha,PorSi,Embalagem de 65 g,"1,19 €","13,52 €/Kg"
Ambientador spray pure flor de cerejeira,PorSi,250 ml,"2,99 €","12,46 €/L"
Tablete de chocolate caramel peanut,Milka,Embalagem de 280g,"4,09 €","14,82 €/Kg"
Saco do Lixo Ecobag 20 litros,Vileda,20 Sacos,"1,79 €","1,79 €/Unidade"
Refrigerante c/ gás,Pepsi,Pack 6 x 0.33 l,"0,40 €/L","0,40 €/L"
Atum posta em óleo,Ramirez,Embalagem de 120g,"9,08 €/Kg","9,08 €/Kg"
Néctar light de laranja prisma,PorSi,Embalagem de 1 l,"0,84 €","2,55 €/L"
Queijinho yoco suissi maxi de morango e banana,Nestle,Embalagem de 4 x 90 g,"7,77 €/Kg","7,77 €/Kg"
20 saquetas infusão camomila,Lipton,Embalagem de 10g,"0,69 €","20,91 €/Kg"
"Queijo flamengo, bola quartos",Agros,Embalagem de 350g,"1,69 €","8,45 €/Kg"
Desentupidor gel turbo com lixívia,Destop,Garrafa de 1 l,"2,89 €","5,25 €/L"
Massa de cotovelinhos,PorSi,Embalagem de 500g,"0,89 €","1,78 €/Kg"
Queijo mozzarella fatias,PorSi,Embalagem de 200 g,"1,69 €","8,45 €/Kg"
Açúcar baunilhado,Globo,Embalagem de 70g,"1,49 €","1,49 €/Kg"
Miolo camarão 40/60,PorSi,Embalagem de 200g,"8,99 €","25,69 €/Kg"
Ambientador tealights frutos vermelhos,PorSi,embalagem com 18 unidades,"9,49 €","45,19 €/Kg"
Achocolatado em pó,Nestle,Embalagem de 390g,"5,59 €","6,99 €/Kg"
12 nuggets frango polme americano,Capitão Iglo,Embalagem de 220g,"9,30 €/Kg","9,30 €/Kg"
Inseticida elétrico líquido,Raid,45 noites,"7,69 €","7,69 €/Unidade"
Inseticida Elétrico Night&Day Pack Duplo,Raid,Embalagem de 2x300 mg,"7,69 €","7,69 €/Unidade"
Roupão banho criança cinza,PorSi,28 x 48 cm,"19,90 €","19,90 €/Unidade"
Liégeois Sobremesa de Caramelo,Páturages,Embalagem de 4x100 g,"0,55 €","2,75 €/Kg"
"Recarga Espanador, 10 unidades",Swiffer,Uma embalagem,"0,79 €","0,79 €/Unidade"
"Inseticida recarga, elétrico, 45 noites",Raid,1 unidade,"7,69 €","7,69 €/Unidade"
Pensos Incontinência Mulher Discreet Normal,Tena,Embalagem com 24 unidades,"5,59 €","5,59 €/Unidade"
Queijo flamengo 0% lactose,PorSi Viva Bem,Embalagem de 150 g,"1,69 €","8,45 €/Kg"
Bicicleta,Barbie,"roda 12""","114,99 €/Unidade","114,99 €/Unidade"
Pá do Lixo C/ Cabo,PorSi,1 un.,"1,59 €","1,59 €/Unidade"
Compressas | dim.: 10 x 10 cm,PorSi,Embalagem com 100 unidades,"0,59 €","1,18 €/L"
Manteiga com sal,Mimosa,Embalagem de 130g,"1,69 €","6,76 €/Kg"
Animais da Quinta,Discovery Channel,set 30 peças,"49,99 €","49,99 €/Unidade"
Esparregado de espinafres,PorSi,Embalagem de 350 g,"1,89 €","1,89 €/Kg"
5 douradinhos rústicos,Capitão Iglo,Embalagem de 300g,"9,30 €/Kg","9,30 €/Kg"
Almofada Viscoelástica Dim.: 45x60cm,*,1 Unidade,"7,99 €","7,99 €/Unidade"
Cola stick,Uhu,Conjunto de 2 x 8.2 g,"2,19 €","109,50 €/L"
T-Rex e Pteranodon,Clementoni,1 unidade,"49,99 €","49,99 €/Unidade"
Presunto nacos,PorSi,Embalagem de 250g,"2,79 €","13,95 €/Kg"
Gelados Stracciatella Cookie,PorSi,Embalagem com 4 unidades,"1,99 €","4,15 €/L"
Torta cacau com sabor a natas,PorSi,Embalagem de 300g,"2,05 €","5,13 €/Kg"
Sabonete líquido para as mãos de coco,Dove,embalagem de 250 ml,"2,99 €","9,97 €/L"
Spray limpeza casa de banho optimal 7,Ajax,Embalagem de 500 ml,"1,79 €","2,39 €/L"
Creme fixação para dentaduras,Polident,Embalagem de 70 g,"7,39 €","105,57 €/Kg"
Corn flakes,PorSi,Embalagem de 1 kg,"1,49 €","2,98 €/Kg"
Snack Cão Prodental,PorSi,Embalagem 180 g,"0,94 €","5,22 €/Kg"
Queijo Curado Amanteigado,Quinta do Convento,Embalagem de 500 g,"5,39 €","10,78 €/Kg"
Oreo flavors cookies birthday party rollpack 154 gr,Oreo,Embalagem de 150g,"1,49 €","9,68 €/Kg"
Óleo Beleza N110,Diadermine,Embalagem de 100 ml,"12,48 €/L","12,48 €/L"
Lulas recheadas,Piteu,Embalagem de 120g,"9,08 €/Kg","9,08 €/Kg"
Iogurte Activia 0% aveia e linhaça,Danone,Embalagem de 4 x 120 g,"3,21 €/Kg","3,21 €/Kg"
"Creme de depilação duche, peles normais",Veet,Garrafa de 150 ml,"2,99 €","14,95 €/L"
Café moagem universal angola,Delta,Embalagem de 220g,"9,16 €/Kg","9,16 €/Kg"
Alimento para canários,Sandimas,Embalagem de 1 kg,"2,49 €","2,49 €/Kg"
"Livro ""A Magia do Ballet""",Girassol,1 unidade,"7,50 €/Unidade","7,50 €/Unidade"
Sabonete,Feno,Embalagem de 4x90 g,"1,99 €","12,44 €/Kg"
Reparador de móveis normal,PorSi,Embalagem de 200 ml,"1,39 €","1,26 €/L"
Azeite,Oliveira da Serra,Embalagem de 750 ml,"3,19 €","4,25 €/L"
Achocolatado pó instantâneo lata,Nesquik,Embalagem de 400g,"5,59 €","6,99 €/Kg"
Frutos vermelhos,PorSi,Embalagem de 750 g,"3,29 €","4,39 €/Kg"
Iogurte activia aveia nozes,Danone,Embalagem de 4 x 120 g,"3,21 €/Kg","3,21 €/Kg"
Manteiga magra meio sal,President,Embalagem de 250g,"1,69 €","6,76 €/Kg"
Iogurte líquido dan'up morango e banana,Danone,Embalagem de 4 x 155 g,"1,17 €","1,83 €/Kg"
Detergente pastilhas p/ máquina loiça oxyplus,Super Pop,Embalagem de 45 unidades,"4,99 €/Unidade","4,99 €/Unidade"
Aguadente vinica velha,Património,Garrafa de 0.70 l,"11,49 €","16,41 €/L"
Rolo cozinha compacto 3 folhas,Foxy,1 unidade,"4,99 €","4,99 €/Unidade"
"Livro de Receitas ""Mais Leve""",PorSi,1 unidade,"7,50 €/Unidade","7,50 €/Unidade"
Mini tostas integrais super finas,PorSi,Embalagem de 100 g,"2,39 €","6,83 €/Kg"
Cenoura e tomate com peru bio | 6 meses,Naturnes,Embalagem de 190g,"1,89 €","9,95 €/Kg"
Confronto de Camiões Hulk vs Rhino,Lego,1 unidade,"7,99 €/Unidade","7,99 €/Unidade"
Bolacha torrada 800g 33% grátis,Vieira,Embalagem de 800g,"1,69 €","2,11 €/Kg"
Bolacha de Manteiga Belga c/ Chocolate Branco,Saborosa,Embalagem de 198 g,"1,69 €","6,76 €/Kg"
Vinho verde branco,MIRANDA,"Garrafa de 0,75 l","1,99 €","2,65 €/L"
Detergente liquido loiça clássico,PorSi,Garrafa de 1 litro,"0,99 €","1,98 €/L"
Salada de Marisco,Amarras,Embalagem de 700 g,"2,19 €","8,59 €/Kg"
Palmilha recortável antiodor,Sonaf,1 unidade,"4,99 €","99,80 €/L"
Desentupidor express gel elimina odores,Destop,1 litro,"2,89 €","5,25 €/L"
Néctar vital equilibrio frutos vermelhos,Compal,Embalagem de 1 l,"0,99 €","0,99 €/L"
Iogurte líquido frutos tropicais,Longa vida,Embalagem de 4 x 160 g,"1,17 €","1,83 €/Kg"
Cheerios 375g,Nestle,Embalagem de 380g,"5,07 €/Kg","5,07 €/Kg"
Queijo Flamengo Bola,Limiano,1 un = 250 gr  (aprox.),"1,69 €","8,45 €/Kg"
Arroz agulha,Caçarola,Embalagem de 1 kg,"0,99 €","0,99 €/Kg"
Cevada solúvel,Delta,Embalagem de 200 g,"1,45 €","14,50 €/Kg"
Spray óleo protect&bronze f30,Nivea Sun,Embalagem de 200 ml,"16,99 €","84,95 €/L"
Batata palha finíssima,PorSi Select,Embalagem de 180 g,"0,87 €","5,44 €/Kg"
20 saquetas chá digestão fácil,Lipton,Embalagem de 30g,"0,99 €","23,02 €/Kg"
"Inseticida elétrico, trio, nigth & day",Raid,1 unidade,"7,69 €","7,69 €/Unidade"
Vinho Vinha da Fonte Setúbal branco,Casa Ermelinda Freitas,Garrafa de 0.75 l,"2,99 €","3,99 €/L"
Farinha p/ bolos extra fina,Nacional,Embalagem de 1 kg,"1,99 €","1,99 €/Kg"
Vinagre de vinho branco,PorSi,Garrafa de 1 l,"0,35 €","0,70 €/L"
Spray de lavagem a seco delicado,Day 2,200 ml,"2,38 €","4,67 €/Kg"
Tostas tradicionais,Bimbo,embalagem de 270 g,"2,39 €","6,83 €/Kg"
Collant licra 15D cintura baixa tabac S/M,PorSi,1 unidade,"2,99 €","2,99 €/Unidade"
Tablete de chocolate leite,Nestle,Embalagem de 130g,"0,53 €","5,30 €/Kg"
Orelhas,Porco,1 un = 250 gr (aprox.),"1,65 €","3,29 €/Kg"
Canetas de Feltro Color'Peps Ocean,Maped,Embalagem com 12 un.,"3,09 €","3,09 €/Unidade"
Vinho regional península de setúbal,Dom Campos,Garrafa de 0.75 l,"2,99 €","3,99 €/L"
Espinafres em folhas,PorSi,Embalagem de 750 g,"1,89 €","1,89 €/Kg"
Vinagre vinho branco,PorSi,Garrafa de 500 ml,"0,35 €","0,70 €/L"
Creme de dia para pele normal,Labell,Embalagem de 50 ml,"2,99 €","59,80 €/L"
Pensos banda,PorSi,100 x 6 cm,"0,59 €","1,18 €/L"
Bebida energética,Red Bull,Garrafa de 470 ml,"1,60 €","3,20 €/L"
Parasol,Max,Dim.: 140 x 70 cm,"9,99 €","9,99 €/Unidade"
28 mini bolinhas bacalhau,PorSi,Embalagem de 300 g,"2,99 €","9,97 €/Kg"
Moscatel do douro aperitivo,Favaito,pack: 10 x 55 ml,"6,79 €/L","6,79 €/L"
100% whey prime 2.0 400 g morango,Prozis,Embalagem de 400g,"33,99 €","37,77 €/Kg"
Vela com número nº 5,PorSi,1 unidade,"0,80 €","0,80 €/Unidade"
Leite de crescimento 4 de 1 a 3 anos,NAN,Embalagem de 800g,"12,99 €","16,24 €/Kg"
Mistura para canários,Canto Alegre,Embalagem de 1K,"2,49 €","2,49 €/Kg"
"Queijo médio, metades",Casteloes,Embalagem de 580g,"7,89 €","13,72 €/Kg"
Bolacha tosta rica choco guay,Cuetara,Embalagem de 170g,"3,49 €","19,39 €/Kg"
Miolo de avelã,PorSi,Embalagem de 200 g,"1,79 €","3,58 €/Kg"
Azeitoneira de barro pintada,Anitex,1 unidade,"2,50 €","2,50 €/Unidade"
Vinagre vinho branco 500ml,Cristal,Garrafa de 500 ml,"0,35 €","0,70 €/L"
Bolachas starship chocolate,PorSi,Embalagem de 150g,"0,90 €","6,00 €/Kg"
Adoçante em pó,PorSi,250 saquetas,"5,99 €","23,96 €/Kg"
Cogumelos fatiados,PorSi,Embalagem de 400g,"1,89 €","1,89 €/Kg"
"Jogo ""Da Banho ao Cão""",Concentra,1 unidade,"24,99 €","24,99 €/Unidade"
Leite uht magro,Agros,Embalagem de 1 litro,"0,78 €","0,78 €/L"
Elite 2.0 Echo CS-10,Nerf,1 unidade,"49,99 €","49,99 €/Unidade"
Macedonia de legumes,PorSi,Embalagem de 1 kg,"1,89 €","1,89 €/Kg"
Massa bagos,PorSi,Embalagem de 250g,"0,89 €","1,78 €/Kg"
Café moagem universal portugal,Delta,Embalagem de 250g,"9,16 €/Kg","9,16 €/Kg"
Iogurte aroma varios sabores,PorSi,Embalagem de 12 x 125 g,"1,87 €","1,25 €/Kg"
Crackers s/ Sal Superficie,Gran Pavesi,Embalagem de 250g,"0,39 €","3,12 €/Kg"
100% whey premium protein morango,Prozis,Embalagem de 900g,"33,99 €","37,77 €/Kg"
Queijo Camembert,President,Embalagem de 250 g,"1,45 €","7,25 €/Kg"
Descafeinado,Nestlé,Embalagem de 100 g,"1,59 €","6,36 €/Kg"
Livro da Selva,Europrice,1 unidade,"7,50 €/Unidade","7,50 €/Unidade"
Óleo alimentar,Fula,Embalagem 3L,"3,39 €","3,39 €/L"
T-Rex e Pteranodon,Clementoni,1 unidade,"7,99 €/Unidade","7,99 €/Unidade"
Café solúvel c/ cafeína,Delta,Embalagem de 100g,"1,45 €","14,50 €/Kg"
Creme autobrilhante castanho,Splendor,40 ml,"2,59 €","2,59 €/Unidade"
Fiambre da Pá,Salsicharia Limiana,1 un = 150 gr (aprox.),"0,90 €","5,99 €/Kg"
Receita caseira de jardineira,Nobre,Embalagem de 420g,"2,35 €","5,60 €/Kg"
Starter Pack Stuntshow Quad c/ Rampa,Playmobil,1 unidade,"49,99 €","49,99 €/Unidade"
Máquina de barbear c/ 2 recargas de 6 lâminas,Labell Men,,"1,16 €","4,64 €/L"
Fritadeira com cesto e tampa,San Ignacio,Dim.: 24 cm,"28,00 €","28,00 €/Unidade"
Triceratops e Velociraptor,Clementoni,1 unidade,"49,99 €","49,99 €/Unidade"
Iogurte tipo grego maracujá,PorSi,Embalagem de 4 x 125 g,"1,49 €","2,98 €/Kg"
"Queijo flamengo, ralado",Terra Nostra,Embalagem de 150g,"7,45 €/Kg","7,45 €/Kg"
Rolo cozinha branco 3 folhas,PorSi,3 rolos,"4,99 €","4,99 €/Unidade"
Espumante sem álcool para crianças,Look,Garrafa de 750 ml,"0,40 €/L","0,40 €/L"
Fruta para bebé banana maçã +4 meses,Nestle,Embalagem de 90g,"0,74 €","8,22 €/Kg"
Massa Fresca Lasanha,PorSi,Embalagem de 250 g,"0,99 €","4,30 €/Kg"
Bocadelia atum,La piara,Embalagem de 180g,"9,08 €/Kg","9,08 €/Kg"
Leite creme,PorSi,Embalagem de 2x135 g,"0,55 €","2,75 €/Kg"
Batata frita lisa chips,PorSi,Embalagem de 185 g,"1,06 €","5,73 €/Kg"
16 mini croquetes de carne,PorSi,Embalagem de 290 g,"2,99 €","9,97 €/Kg"
Super Napolitana de Chocolate,Pastelaria do Dia,1 un = 120 g (aprox.),"1,10 €","1,10 €/Unidade"
Jogo da Glória,Olivo,1 unidade,"24,99 €","24,99 €/Unidade"
"Néctar pêssego, prisma",PorSi,Embalagem de 1 l,"0,99 €","0,99 €/L"
Sementes de linhaça dourada,PorSi Viva Bem,Embalagem de 250 g,"1,59 €","10,60 €/Kg"
Sangria branca,Don Simon,"Garrafa de 1,5 l","2,19 €","1,46 €/L"
Massa spaghetti tricolore,Milaneza,Embalagem de 500 g,"0,89 €","1,78 €/Kg"
Marmelada,PorSi,Embalagem de 900g,"1,09 €","2,42 €/Kg"
T-Rex para pintar,Jurassic World,1 un.,"24,99 €","24,99 €/Unidade"
Pensos para bolhas,PorSi,20 unidades,"0,59 €","1,18 €/L"
Ervilhas bio,PorSi Bio,Frasco com 290 g,"1,89 €","10,50 €/Kg"
Quadro,Patrulha Pata,Dim.: 120 x 40 x 38 cm,"49,99 €","49,99 €/Unidade"
Jardineira,PorSi,Embalagem de 750 g,"1,89 €","1,89 €/Kg"
Carvão biológico,Biopower,± 15 dm3,"0,75 €","0,75 €/Unidade"
Recarga laminas labs,Gillette,9 unidades,"1,16 €","4,64 €/L"
Paloco desfiado do pacifico,Peixe Fresco,Embalagem de 400 g,"8,73 €/Kg","8,73 €/Kg"
Bolachas de aveia,Triunfo,Embalagem de 190g,"1,19 €","11,90 €/Kg"
"Vinho bairrada, reserva, tinto",Selecção de Enófilos,Garrafa de 0.75 l,"2,49 €","3,32 €/L"
Carro de Limpeza,Vicam,1 unidade,"49,99 €","49,99 €/Unidade"
Gengibre limão - líquido,Forma+,Garrafa de 500 ml,"33,99 €","37,77 €/Kg"
Palitos redondos,PorSi,200 unidades embalados individualmente,"1,15 €","1,15 €/Unidade"
Café solúvel c/ cafeína,PorSi,Embalagem de 100g,"1,45 €","14,50 €/Kg"
Porto 10 anos,Velhotes,Garrafa de 0.75 l,"17,99 €","23,99 €/L"
"Inseticida líquido, elétrico, apa",Raid,Embalagem de 21 ml,"7,69 €","7,69 €/Unidade"
Camião patrulheiro,Paw Patrol,1 unidade,"49,99 €","49,99 €/Unidade"
Pastilhas de Limpeza Dentífrica Branqueadora,Polident,Embalagem com 30 unidades,"7,39 €","105,57 €/Kg"
"Refrigerante com gás, ananás",Sumol,"Garrafa de 1,25 l","0,40 €/L","0,40 €/L"
Ketchup,PorSi,Embalagem de 300 g,"0,70 €","2,33 €/Kg"
Sabonete leite & mel,Palmolive,Embalagem de 4x90 g,"1,99 €","12,44 €/Kg"
Queijo em fatias,Terra Nostra,Embalagem de 400g,"1,69 €","8,45 €/Kg"
Crocantes de frango original,Iglo,Embalagem de 180g,"9,30 €/Kg","9,30 €/Kg"
Balde de Limpeza com Espremedor,PorSi,unidade,"2,50 €","2,50 €/Unidade"
La Croix Rosé,Peyrassol,0.75 litros,"2,09 €","2,79 €/L"
Cebola picada,PorSi,Embalagem de 400 g,"1,89 €","1,89 €/Kg"
Inseticida liquido vaporizador,Ezalo,Embalagem de 375 ml,"5,49 €","14,64 €/L"
Chocolate culinário em pó,Pantagruel,Embalagem de 130g,"1,04 €","8,32 €/Kg"
Carro da polícia,Pinypon Action,1 unidade,"49,99 €","49,99 €/Unidade"
Soja nacos,PorSi Viva Bem,Embalagem de 400 g,"1,49 €","3,73 €/Kg"
Panela de Pressão,Jata,Cap.: 10 litros,"28,00 €","28,00 €/Unidade"
Sidra de maçã,Somersby,Lata de 500 ml,"1,59 €","3,18 €/L"
Sumo 100% ananás/uva,PorSi,Pack 3 x 200 ml,"1,09 €","0,73 €/L"
Gelatina pêssego,PorSi,Embalagem de 2x85g,"0,55 €","61,11 €/Kg"
Iogurte mix-in nesquik,Nestle,Embalagem de 2 x 115 g,"7,77 €/Kg","7,77 €/Kg"
Abrasivo sanitário anti-calcário,PorSi,embalagem de 1 litro,"0,99 €","0,99 €/L"
Camarão Tigre Selvagem do Senegal 1/5,Nossa seleção,Congelado,"1,99 €/Kg","1,99 €/Kg"
Leite com chocolate,Agros,Embalagem de 200 ml,"0,26 €","1,30 €/L"
Fósforos cozinha,Flamefast,Uma embalagem com 4 unidades,"1,15 €","1,15 €/Unidade"
Forma redonda com abas,Quittin,Dim.: 24.5 x 4 cm,"28,00 €","28,00 €/Unidade"
Braçadeiras Unicórnio,Mondo,1 Embalagem,"2,99 €","2,99 €/Unidade"
Spray anti-bolores,Cif,435 ml,"1,79 €","2,39 €/L"
Patê de salmão,La piara,Embalagem de 80g,"1,19 €","13,52 €/Kg"
Bife da Pá,Novilho,Vendido ao peso a partir de 800 g,"11,99 €","14,99 €/Kg"
Trouxas D'Ovos,*,130 g,"2,99 €","4,60 €/Kg"
"Livro ""Tudo o que preciso para o Natal...""",Yoyobooks,1 unidade,"7,50 €/Unidade","7,50 €/Unidade"
Água c/ gás: limão/pepino/gengibre,Frize,pack 4 x 0.25 l,"2,85 €","2,85 €/L"
Farinha para bolos super fina,B.neve,Embalagem de 1 kg,"1,99 €","1,99 €/Kg"
Panquecas,Condi,Embalagem de 400g,"2,99 €","6,80 €/Kg"
Vinho do porto lágrima tinto,Ramos Pinto,"Garrafa de 0,75L","6,29 €","8,39 €/L"
Refresco em pó de morango,PorSi,Embalagem de 40g,"0,75 €","18,75 €/Kg"
Posta de Corvina-Prata Congelada,PorSi,Vendido ao peso a partir de 350 g,"4,20 €","11,99 €/Kg"
Queijoj parmigiano reggiano cunha,Parmareggio,Embalagem de 150g,"1,59 €","6,36 €/Kg"
Alho Seco Granel,Legumes do Dia,1 un = 100 gr (aprox.),"0,50 €","4,99 €/Kg"
"Spray depilatório, peles sensiveis",Veet,Garrafa de 150 ml,"2,99 €","14,95 €/L"
Panados de frango,PorSi,Embalagem de 500 g,"9,30 €/Kg","9,30 €/Kg"
Comida húmida para cão de frango e legumes,PorSi,Lata de 400 g,"0,75 €","2,50 €/Kg"
"Jogo ""Mistery English""",Clementoni,1 unidade,"24,99 €","24,99 €/Unidade"
Lenços faciais brancos 2 folhas,PorSi,150 unidades,"0,89 €","0,89 €/Unidade"
Guardanapos com riscas azuis | Dim.: 33 x 33 cm,PorSi,Embalagem com 20 unidades,"1,29 €","1,29 €/Unidade"
8 salsichas frankfurt,Izidoro,Embalagem de 200g,"0,75 €","3,75 €/Kg"
Arroz carolino vaporizado,Cacarola,Embalagem de 1 kg,"0,99 €","0,99 €/Kg"
Danacol frutos exóticos,Danone,Embalagem de 6 x 100 g,"4,15 €/Kg","4,15 €/Kg"
Leite uht c/ chocolate,Ucal,Embalagem de 3 x 250 ml,"0,26 €","1,30 €/L"
Drageias de chocolate single,MALTESERS,Embalagem de 40g,"1,05 €","21,00 €/Kg"
Leite c/ chocolate,Gresso,Pack 4X200ml,"0,26 €","1,30 €/L"
Corantes alimentares ducros,Vahine,Garrafa de 20 ml,"0,64 €","12,80 €/Kg"
Lápis de cera,Giotto,embalagem com 12 unidades,"3,09 €","3,09 €/Unidade"
Sopa económica de marisco,Knorr,Embalagem de 60g,"0,84 €","13,55 €/Kg"
Preparado para crepes,Branca de Neve,Embalagem de 380g,"0,79 €","5,27 €/Kg"
Levedura de cerveja,Salutem,Embalagem de 150g,"3,19 €","15,95 €/Kg"
Panos Esponja,Fino,3 unidades,"1,64 €","1,64 €/Unidade"
Bolacha dibus mini angry birds,Gullon,Embalagem de 250g,"3,49 €","19,39 €/Kg"
"Azeite extra virgem, azeitonas verdes",Oliveira da Serra,Garrafa de 750 ml,"3,19 €","4,25 €/L"
Formas de alumínio redondas 650 ml,PorSi,5 unidades,"0,54 €","0,54 €/Unidade"
Gogo SqueeZ Snack Maçã e Pera,Gogo,Embalagem de 90g,"2,29 €","6,94 €/L"
Toalhitas Sensitive |Recarga,Dodot,Pack: 4 x54 unidades,"1,09 €/Unidade","1,09 €/Unidade"
Água s/ gás,Luso,Garrafa de 7 l,"1,04 €","0,17 €/L"
Probiótico Actimel Natural 0%,Danone,12 x 100 g,"0,65 €","1,30 €/Kg"
Iogurte ananás 000%,PorSi Viva Bem,Embalagem de 4 x 125 g,"1,44 €","2,88 €/Kg"
Bacalhau a bras,PorSi,Embalagem de 300g,"1,91 €","4,78 €/Kg"
"Jogo ""8 em 1""",Clementoni,1 unidade,"24,99 €","24,99 €/Unidade"
"Vela em número, nº 7",PorSi,1 unidade,"0,80 €","0,80 €/Unidade"
"As minhas primeiras receitas - refeição batata, abób...",Nestle,Embalagem de 190g,"1,89 €","9,95 €/Kg"
Caramelos de fruta,Penha,Embalagem de 500 g,"1,10 €","4,40 €/Kg"
Lava Tudo Flores Montanha,Sonasol,1.3 l,"0,99 €","0,50 €/L"
Bolacha maria dourada,PorSi,Embalagem de 800g,"1,69 €","2,11 €/Kg"
Cappucinno,PorSi,Embalagem de 125 g,"3,19 €","25,52 €/Kg"
"Jogo ""Gira a Garrafa""",Concentra,1 unidade,"24,99 €","24,99 €/Unidade"
Papel de alumínio,PorSi,50 metros,"3,49 €","3,49 €/Unidade"
Massa cuscus,PorSi,Embalagem de 250g,"0,89 €","1,78 €/Kg"
Body Milk Cocoa,Nivea,Embalagem de 250 ml,"12,48 €/L","12,48 €/L"
Martini Riserva Rubino,Martini,Garrafa de 750 ml,"17,09 €","22,79 €/L"
Creme vegetal para barrar,PorSi,Embalagem de 500 g,"1,75 €","3,50 €/Kg"
Mochila Campismo Sortelha,Montecampo,Cap.: 30 litros,"39,99 €","39,99 €/Unidade"
Ambientador vela odor cozinha,PorSi,1 unidade,"9,49 €","45,19 €/Kg"
"Néctar de alperce, tetra",Compal,pack 3 x 200 ml,"0,99 €","0,99 €/L"
Detergente líquido manual loiça lavanda e alecrim,Fairy,Embalagem de 650 ml,"0,99 €","1,98 €/L"
Semente linhaça amarela,Salutem,Embalagem de 250g,"3,19 €","15,95 €/Kg"
Cadeira de Refeição Dobrável,Safety 1st,1 unidade,"8,99 €","8,99 €/Unidade"
Aroma baunilha,Vahine,Embalagem de 20g,"0,64 €","12,80 €/Kg"
Tarte de Flan,*,,"2,99 €","4,60 €/Kg"
Lixívia Spray Mousse,Neoblanc,Embalagem de 700ml,"1,74 €","0,35 €/L"
Moscatel Douro 10 Anos,Vista Alegre,500 ml,"6,79 €/L","6,79 €/L"
Queijo flamengo em Barra,Nova Açores,"Vendido ao peso, fatiado a partir de 100 gr","1,69 €","8,45 €/Kg"
"Gel para o cabelo, wet shine",Fru style,Embalagem de 200 ml,"4,99 €","24,95 €/L"
Bolacha digestiva de aveia/chocolate,Gullon,Embalagem de 430g,"1,19 €","5,95 €/Kg"
Lasanha,Nacional,Embalagem de 400g,"0,89 €","1,78 €/Kg"
Tortellini Boletus Edulis,Rana,Embalagem de 250 g,"0,99 €","4,30 €/Kg"
Rebuçados peitorais,Villa,Embalagem de 200 g,"0,77 €","3,85 €/Kg"
Chá de infusão salutem nº 20 - chá verde com erva li...,Salutem,Embalagem de 15g,"0,99 €","66,00 €/Kg"
Massa fusilli tricolor,Milaneza,Embalagem de 500g,"0,89 €","1,78 €/Kg"
Amendoim com Casca,PorSi,Embalagem de 500g,"1,79 €","3,58 €/Kg"
"Chocolate m&m s, amendoim",M&m' s,Embalagem de 45 g,"1,05 €","21,00 €/Kg"
Tablete de chocolate leite/amêndoa,Nestle,Embalagem de 120g,"4,09 €","14,82 €/Kg"
Líxivia Super Gel Flores,Neoblanc,Embalagem de 750ml,"2,59 €","1,30 €/L"
Gel de banho naturals amêndoa e leite,Palmolive,500 ml,"6,99 €","9,32 €/L"
"Iogurte, sabor a tutti-fruti",PorSi,Embalagem de 4 x 125 g,"1,87 €","1,25 €/Kg"
Manga Barco,Fruta do Dia,1 un = 500 gr (aprox.),"2,29 €/Kg","2,29 €/Kg"
Lombo de bacalhau,PorSi,Vendido ao peso,"8,73 €/Kg","8,73 €/Kg"
"Vinho regional península de setúbal, colheita seleci...",Adega de Pegões,Garrafa de 0.75 l,"2,99 €","3,99 €/L"
Pano multiusos felpo,PorSi,1 unidade,"1,64 €","1,64 €/Unidade"
Arroz doce especial,Saludaes,Embalagem de 500g,"0,99 €","0,99 €/Kg"
Líxivia Super Gel Flores,Neoblanc,Embalagem de 750ml,"1,74 €","0,35 €/L"
Mistura solúvel c/ 20% café pó,PorSi,Embalagem de 200g,"1,64 €","6,56 €/Kg"
Gelatina de morango,Royal,Embalagem de 114g,"0,55 €","61,11 €/Kg"
Batata frita lisa,PorSi,Embalagem de 90g,"1,06 €","5,73 €/Kg"
Bolacha recheada mega duo cacau,Gullon,Embalagem de 500g,"2,15 €","2,87 €/Kg"
Creme de Barrar com Sabor a Manteiga,Becel,Embalagem de 400g,"1,75 €","3,50 €/Kg"
Arroz carolino,Caçarola,Embalagem de 1kg,"0,99 €","0,99 €/Kg"
Café torrado e moído 16 pastilhas,Sical,Embalagem de 104g,"54,36 €/Kg","54,36 €/Kg"
Rebuçados de mentol,PorSi,Embalagem de 250g,"0,77 €","3,85 €/Kg"
Polpa de manga,PorSi,Embalagem de 850g,"1,99 €","2,37 €/Kg"
Vinagre de sidra,PorSi,500 ml,"0,35 €","0,70 €/L"
Iogurte pedaços frutos vermelhos,PorSi,Embalagem de 8 x 125 g,"4,36 €","2,18 €/Kg"
Granola aveia fitness mel,Nestle,Embalagem de 300g,"3,99 €","13,30 €/Kg"
Gel intimo propolis,Fres&Clean,Embalagem de 250 ml,"4,69 €","18,76 €/L"
"Guardanapos brancos, 33x33cm, 2 folhas",PorSi,Embalagem com 100 unidades,"1,29 €","1,29 €/Unidade"
Sementes de sésamo,PorSi Viva Bem,Embalagem de 200 g,"1,59 €","10,60 €/Kg"
Spray Protect&Bronze FP30,Nivea Sun,1 Embalagem 300ml,"11,49 €","57,45 €/L"
Tomate seco,PONTI,Embalagem de 280g,"3,84 €","24,00 €/Kg"
Animais Selvagens,Discovery Channel,set 30 peças,"49,99 €","49,99 €/Unidade"
Chalotas,Legumes do Dia,embalagem de 250 g (aprox.),"0,50 €","4,99 €/Kg"
Atum em azeite,Ramirez,Embalagem de 120g,"9,08 €/Kg","9,08 €/Kg"
Alimento lácteo banana +6 meses,Yogolino,Embalagem de 4 x 100 g,"2,89 €","7,23 €/Kg"
Geleira vintage,Polisur,12 litros,"39,99 €","39,99 €/Unidade"
Natas uht 3 queijos,Parmalat,Embalagem de 200 ml,"1,12 €","5,60 €/L"
Mistura de cogumelos,PorSi,Embalagem de 400g,"1,89 €","1,89 €/Kg"
Dino pescoço grande,Play-Doh,1 Embalagem,"12,99 €","12,99 €/Unidade"
Tomate Cacho,Legumes do Dia,1 un = 200 gr (aprox.),"0,46 €","2,29 €/Kg"
Gelatina tutti-fruti,PorSi,Embalagem de 170g,"0,55 €","61,11 €/Kg"
Chupas geladitos polaretti,Dolfin,Embalagem de 400 ml,"1,99 €","4,98 €/L"
Whisky 12 Anos,Dewar's,"Garrafa de 0,70L","23,99 €","34,27 €/L"
Lombo s/ Osso,Porco,Vendido ao peso a partir de 1 kg,"3,99 €","3,99 €/Kg"
Sacos do lixo 18 litros,PorSi,15 sacos,"1,79 €","1,79 €/Unidade"
Estendal de Chão Biarritz,Petex,Dim.: 18m,"0,89 €","0,89 €/Unidade"
Bolachas água e sal doces,Vieira,Embalagem de 170g,"1,19 €","5,95 €/Kg"
Néctar vital equilibrio melancia/morango,Compal,Embalagem de 1 l,"0,84 €","2,55 €/L"
Papel higiénico compacto 2 folhas,PorSi,18 = 36 Rolos,"1,99 €","1,99 €/Unidade"
Tablete de chocolate leite com amêndoas,PorSi Select,200 g,"4,09 €","14,82 €/Kg"
Sumo essencial manga,Compal,pack 3 x 0.11 l,"0,99 €","0,99 €/L"
Gel Styling Casual Black,Axe,Embalagem de 75 ml,"5,99 €","14,98 €/L"
Detergente Máquina Roupa Liquido Bebé,Skip,60 doses,"9,99 €","6,66 €/L"
Snack bio arroz e trigo c/ banana e framboesa,Gerber,Embalagem de 35g,"1,89 €","9,95 €/Kg"
Gel de banho júnior maçã e pera,Labell,Embalagem com 300 ml,"1,99 €","1,99 €/Unidade"
"Baton, soft rosa",Labello,Embalagem de 5 g,"2,29 €","458,00 €/Kg"
Pipoca doce para  microondas,PorSi,Embalagem de 300g,"0,79 €","7,90 €/Kg"
Frango Inteiro Grande,Frango,1 un = 1.6 kg (aprox.),"1,05 €","2,99 €/Kg"
Chantilly,Royal,Embalagem de 70g,"1,29 €","3,23 €/Kg"
Bolachas cookies choco xl,Milka,Embalagem de 180g,"0,90 €","6,00 €/Kg"
Esfregão Fibra Verde Grande XXL Gama Classic,Scotch-Brite,Embalagem de 1 unidades,"0,79 €","0,79 €/Unidade"
Óleo spray seco intensificador de bronzeado SPF50,Cabana Sun,Embalagem de 200 ml,"11,49 €","57,45 €/L"
Cápsulas de café qharacter,Delta Q,Embalagem de 60g,"54,36 €/Kg","54,36 €/Kg"
Vinho tinto doc dão,Cabriz,Garrafa de 0.75 l,"3,99 €","5,32 €/L"
Mini salsichas cocktail,Nobre,lata de 180g,"0,75 €","3,75 €/Kg"
Vulcão,Science4You,1 unidade,"24,99 €","24,99 €/Unidade"
Cebola nova,Programa Origens,1 un = 250 gr  (aprox.),"0,50 €","4,99 €/Kg"
Set e Bolsa Médico,Peppa Pig,,"49,99 €","49,99 €/Unidade"
Alho picado em pacote,Margao,Embalagem de 50g,"0,66 €","22,00 €/Kg"
"Grelhador liso anti-aderente indução, 26 cm",PorSi,1 unidade,"28,00 €","28,00 €/Unidade"
"Livro ""Enquanto acreditar em ti""",Clube do Autor,1 unidade,"7,50 €/Unidade","7,50 €/Unidade"
Maionese light,PorSi,Frasco de 414 g,"0,70 €","2,33 €/Kg"
Café moagem grossa bio,PorSi Bio,Embalagem de 250g,"9,16 €/Kg","9,16 €/Kg"
Infusão cidreira,PorSi,Embalagem de 40g,"0,69 €","20,91 €/Kg"
Renovador de Camurça em Spray Incolor,Búfalo,Embalagem de 250 ml,"5,09 €","20,36 €/L"
Anticalcário,Viakal,Embalagem de 500 ml,"0,99 €","0,99 €/L"
Iogurte líquido dan'up milkshake straciatella,Danone,Embalagem de 4 x 155 g,"1,17 €","1,83 €/Kg"
Café Clássico,PorSi,10 cápsulas,"54,36 €/Kg","54,36 €/Kg"
Óleo Performa 15W40,Galp,Embalagem de 1 l,"12,99 €","12,99 €/L"
Vinho maduro tinto,C.da eira,Garrafa de 250 ml,"0,69 €","2,76 €/L"
Farinha,Maizena,Embalagem de 400g,"1,99 €","1,99 €/Kg"
Amaciador de roupa peónia azul e citrus,Surf,90 doses,"8,99 €","2,25 €/L"
"Snack de queijo flamengo, nozes e uvas passas",Terra Nostra,Embalagem de 40g,"1,69 €","8,45 €/Kg"
Adoçante c/ doseador,Canderel,Embalagem de 10g,"5,99 €","23,96 €/Kg"
Carapau Médio Fresco,Peixe do Dia,1 un = 150 gr (aprox.),"2,95 €/Kg","2,95 €/Kg"
Açucar icing,Rar,Embalagem de 250 g,"1,49 €","1,49 €/Kg"
"Recarga ambientador eléctrico, alfazema",PorSi,Embalagem de 25 ml,"1,79 €","1,79 €/Unidade"
Bebida de cereais e café mokambo intenso,Nestle,Embalagem de 180g,"1,64 €","6,56 €/Kg"
Chá de infusão salutem nº 28 - quebra pedra 10 saque...,Salutem,Embalagem de 15g,"0,99 €","66,00 €/Kg"
Refresco pó laranja e morango,PorSi,Embalagem de 40g,"0,75 €","18,75 €/Kg"
Néctar de romã,Cemporcent,Garrafa de 200 ml,"1,59 €","1,59 €/L"
Grão de bico,PorSi,Embalagem de 820g,"1,79 €","2,29 €/Kg"
Robô Snakebot,Clementoni,1 un.,"24,99 €","24,99 €/Unidade"
Nestum flocos de cereais com mel,Nestum,Embalagem de 300g,"2,99 €","3,99 €/Kg"
Chá de plantas salutem - quebra pedra r,Salutem,Embalagem de 60g,"0,99 €","66,00 €/Kg"
Demaquilhante Dupla Ação,Nivea,1 embalagem de 125g,"3,44 €","3,44 €/Unidade"
Garagem 4 andares com acessórios,Fantástiko,1 unidade,"49,99 €","49,99 €/Unidade"
Ambientador stick delicias de verão,Air Wick,Embalagem de 1 unidades,"9,49 €","45,19 €/Kg"
Caderno Agrafado Capa Preta |A5 Liso,Domédia,1 unidade,"0,99 €","0,99 €/Unidade"
Sopa de legumes,PorSi,Embalagem de 400 g,"2,19 €","2,43 €/Kg"
8 rissóis de camarão,PorSi,Embalagem de 300g,"2,99 €","9,97 €/Kg"
"Comida húmida para cão adulto com frango, vaca e bor...",Friskies,Embalagem de 400g,"0,75 €","2,50 €/Kg"
Vinho regional de lisboa tinto,Marginal,Garrafa de 750 ml,"3,99 €","5,32 €/L"
Livro do Bambi,Europrice,1 unidade,"7,50 €/Unidade","7,50 €/Unidade"
Vinho tinto,PorSi,embalagem de 5 litros,"5,19 €","1,04 €/L"
Leite Bem Essencial morango,Mimosa,Embalagem de 4 x 200 ml,"1,99 €","2,49 €/L"
Fermento em pó,PorSi,Embalagem de 150 g,"0,64 €","12,80 €/Kg"
Massa filo,JR,Embalagem de 250g,"0,99 €","4,30 €/Kg"
Muesli integral frutos tropicais,Salutem,Embalagem de 375g,"1,82 €","7,28 €/Kg"
Aguardente 6 Anos,Adega Velha,"Garrafa 0,50 L","11,49 €","16,41 €/L"
Camião Betoneira,Lego,1 unidade,"49,99 €","49,99 €/Unidade"
Maruca,Nossa seleção,Congelada,"3,73 €","6,79 €/Kg"
Champanhe rose bruto,Delagne & Fils,"Garrafa de 0,75 l","19,99 €","26,65 €/L"
"Espumante cava bruto, reserva",Freixenet,Garrafa de 750 ml,"8,49 €","11,32 €/L"
Gelatina de frutos tropicais,PorSi,Embalagem 2X85G,"0,55 €","61,11 €/Kg"
Loção tónica para pele seca,Labell,Embalagem de 250 ml,"3,44 €","3,44 €/Unidade"
Ninjago Mech Power Up Evo do Zane,Lego,1 unidade,"49,99 €","49,99 €/Unidade"
Patê atum em escabeche,La piara,Embalagem de 80g,"1,19 €","13,52 €/Kg"
"Vinagre virgem branco, spray",Paladin,Garrafa de 250 ml,"0,35 €","0,70 €/L"
Semente linhaça castanha,Salutem,Embalagem de 250g,"3,19 €","15,95 €/Kg"
Bolachas marítimas integrais,PorSi Viva Bem,Embalagem de 200g,"1,19 €","11,90 €/Kg"
Lápis de Cor Color'Peps Animal,Maped,Embalagem com 12 un.,"3,09 €","3,09 €/Unidade"
Nestum mel,Nestum,Embalagem de 700g,"2,99 €","3,99 €/Kg"
Açúcar granulado embalado em papel,Rar,Embalagem de 1 kg,"1,49 €","1,49 €/Kg"
Tablete de chocolate culinário negro,PorSi,Embalagem de 200 g,"1,04 €","8,32 €/Kg"
Chá de infusão salutem nº 14 - chá verde 10 saquetas,Salutem,Embalagem de 15g,"0,99 €","66,00 €/Kg"
Manteiga sem sal terra nostra,Terra Nostra,Embalagem de 250g,"1,69 €","6,76 €/Kg"
Cocktail pessego,Bar Royal,Garrafa de 750 ml,"3,99 €","5,32 €/L"
Spirulina - frasco comprimidos,Forma+,Embalagem de 40g,"33,99 €","37,77 €/Kg"
Rojões,Porco,1 un = 250 gr  (aprox.),"3,99 €","3,99 €/Kg"
Café intenso,Buondi,10 cápsulas,"54,36 €/Kg","54,36 €/Kg"
10 saquetas infusão de cidreira,Lipton,Embalagem de 20g,"0,69 €","20,91 €/Kg"
Crepe chocolate,PorSi,Embalagem de 540g,"2,99 €","5,54 €/Kg"
Snack bio de arroz e trigo c/ banana,Gerber,Embalagem de 35g,"1,89 €","9,95 €/Kg"
Semente pevide abóbora,Salutem,Embalagem de 200g,"3,19 €","15,95 €/Kg"
Creme para calçado preto,Splendor,80 ml,"2,49 €","31,13 €/L"
Alface Lisa,Legumes do Dia,1 un= 400 g (aprox.),"0,88 €","2,19 €/Kg"
Pasta dentífrica,Couto,Embalagem de 60 ml,"2,39 €","31,87 €/L"
Papel Higiénico Original 2 folhas,Scottex,Embalagem c/ 16 Rolos,"1,99 €","1,99 €/Unidade"
Cebola Roxa,Programa Origens,1 un = 500 gr (aprox.),"0,50 €","4,99 €/Kg"
Pizza de bolonhesa,PorSi,Embalagem de 350g,"2,16 €","6,17 €/Kg"
Batata frita em azeite,PorSi,Embalagem de 150g,"1,19 €","6,43 €/Kg"
Molho bechamel,PorSi,Embalagem de 500 ml,"1,12 €","5,60 €/L"
Carro de Corrida de Rua,Lego,1 unidade,"7,99 €/Unidade","7,99 €/Unidade"
Champô nutri proteção,Labell,Embalagem de 250 ml,"5,59 €","22,36 €/L"
Fábrica de Partidas TikTok,Science4You,1 unidade,"24,99 €","24,99 €/Unidade"
Peluche Piruetas,Panda,1 un.,"14,99 €/Unidade","14,99 €/Unidade"
Vinho tinto península de setúbal,Pioneiro,Garrafa de 0.75 l,"2,99 €","3,99 €/L"
Difusor elétrico sem fio para pastilhas,Ezalo,Embalagem de 1 unidades,"7,69 €","7,69 €/Unidade"
Ração para cão mini -10 Kg pele e pêlo de vaca e arr...,Purina One,"Embalagem de 1,5kg","11,69 €","3,90 €/Kg"
Rebuçados cristais de neve,PorSi,Embalagem de 250g,"1,15 €","4,60 €/Kg"
Iogurte líquido yoggi limonada,Nestle,Embalagem de 4 x 160 g,"1,17 €","1,83 €/Kg"
Iogurte líquido morango/banana,PorSi,Embalagem de 4 x 160 g,"1,17 €","1,83 €/Kg"
Batata frita light,Lay's,Embalagem de 140g,"0,95 €","6,33 €/Kg"
Prato Relógio,Tigex,1 un.,"8,99 €","8,99 €/Unidade"
Livro A Cinderela,Europrice,1 unidade,"7,50 €/Unidade","7,50 €/Unidade"
Tablete de chocolate culinário branco,PorSi,Embalagem de 180 g,"1,45 €","8,06 €/Kg"
Lasanha à bolonhesa,PorSi,Embalagem de 400 g,"3,99 €","3,99 €/Kg"
Manteiga amendoim crocant,PorSi,Embalagem de 340g,"4,19 €","12,32 €/Kg"
Sobremesa de Arroz Doce,PorSi,Embalagem 2X135G,"0,55 €","2,75 €/Kg"
Creme abrasivo original,Cif,Garrafa de 500 ml,"0,99 €","0,99 €/L"
Bolachas cream cracker,PorSi,Embalagem de 200g,"0,39 €","3,12 €/Kg"
Chouriço fatiado,Campofrio,Embalagem de 80g,"1,00 €","5,00 €/Kg"
Creme Rosto Dia Pele Mista Antirrugas Q10 Plus,Nivea,Embalagem de 50 ml,"2,99 €","59,80 €/L"
"Jogo ""Matemática Divertida""",Clementoni,1 unidade,"24,99 €","24,99 €/Unidade"
Bolacha vitalday crocante original,Gullon,Embalagem de 270g,"1,19 €","11,90 €/Kg"
Snack gato sticks carne 6x5g porsi,PorSi,Embalagem de 30g,"0,99 €","16,50 €/Kg"
Adoçante em pó stevia,PorSi Viva Bem,Embalagem de 17g,"5,99 €","23,96 €/Kg"
Cola universal,Uhu,Embalagem de 20 ml,"2,19 €","109,50 €/L"
Cerveja sem álcool,Cheers,Pack 6 x 0.33 l,"5,99 €","3,03 €/L"
Condicionador cabelos loiros,Ultra Suave,Embalagem de 200 ml,"1,00 €","5,00 €/L"
Cria o Cenário,Jurassic World,1 un.,"24,99 €","24,99 €/Unidade"
Pensos peles sensíveis sortidos,PorSi,20 unidades,"0,59 €","1,18 €/L"
Laboratório Mecânica Mars Rover,Clementoni,1 unidade,"24,99 €","24,99 €/Unidade"
Azeite virgem extra dop moura,PorSi Select,Embalagem de 0.75L,"3,19 €","4,25 €/L"
"Anti-calcário, máquina roupa, gel",Calgon,"Garrafa de 1,5 l","13,99 €","3,29 €/L"
Esponja limpa camurça,PorSi,1 unidade,"5,09 €","20,36 €/L"
8 rissóis de carne,PorSi,Embalagem de 300g,"2,99 €","9,97 €/Kg"
Farinha de chia,Salutem,Embalagem de 200g,"3,19 €","15,95 €/Kg"
Leite Hidratante After Sun,Ambre Solaire,Embalagem de 200 ml,"9,99 €","49,95 €/L"
Nancy Um Dia A Fazer Madeixas,Nancy,1 un.,"23,99 €","23,99 €/Unidade"
Mistura de sementes,PorSi Viva Bem,Embalagem de 200 g,"1,59 €","10,60 €/Kg"
Mistura solúvel bolero,Nestle,Embalagem de 200g,"1,64 €","6,56 €/Kg"
Mousse Caramelo,A leiteira,Embalagem de 4 x 60 g,"1,19 €","2,59 €/Kg"
Collagen + magnesium frutos do bosque,Prozis,Embalagem de 300g,"33,99 €","37,77 €/Kg"
Collant licra 15D preto M,PorSi,1 unidade,"2,99 €","2,99 €/Unidade"
Água s/ gás,Luso,"Garrafa de 5,4 l","1,04 €","0,17 €/L"
Farinha para bolos fina,Branca de Neve,Embalagem de 1 kg,"1,99 €","1,99 €/Kg"
Cuecas Incontinência Maxi Médio,Lindor,Embalagem com 14 un.,"5,99 €","5,99 €/Unidade"
Frutos silvestres lata,Koala,Embalagem de 415 g,"1,99 €","2,37 €/Kg"
"Luvas multiusos relevo antiderrapante, tamanho peque...",PorSi,Embalagem de 1 unidades,"0,69 €","0,69 €/Unidade"
Aguardente vínica velha,Alianca v.,Garrafa de 700 ml,"11,49 €","16,41 €/L"
Couve Coração,Legumes do Dia,1 un = 1 kg (aprox.),"0,92 €","2,29 €/Kg"
Água c/ Gás Ananás,Frize,pack 4 x 0.25 l,"2,85 €","2,85 €/L"
Crepe maçã e canela,PorSi,Embalagem de 540 g,"2,99 €","5,54 €/Kg"
Azeite virgem extra,Ouro elvas,Garrafa de 750 ml,"3,19 €","4,25 €/L"
Molho bechamel,PorSi,Embalagem de 200g,"0,70 €","2,33 €/Kg"
Leite com chocolate,PorSi,Embalagem de 200 ml,"0,26 €","1,30 €/L"
Lixívia Denso-Activa Tradicional p/ Casa e Roupa,Neoblanc,Embalagem de 2 l,"1,74 €","0,35 €/L"
Dettol sabonete líquido frustos do bosque x 12 recar...,Dettol,Garrafa de 250 ml,"2,99 €","9,97 €/L"
Esparguete,PorSi,Embalagem de 1 kg,"0,89 €","1,78 €/Kg"
Croquetes vegetais,PorSi Viva Bem,Embalagem de 220g,"4,79 €","17,74 €/Kg"
Café em grão,Delta,Embalagem de 250g,"9,16 €/Kg","9,16 €/Kg"
Tostas suecas de trigo,PorSi,Embalagem de 225 g,"2,39 €","6,83 €/Kg"
Caramelos de nata,Werthers,Embalagem de 140g,"2,75 €","11,00 €/Kg"
Queijo mini,Babybel,Embalagem de 6x20 g,"1,45 €","7,25 €/Kg"
Guardanapos brancos 22x22cm | folha dupla,Renova,90 unidades,"1,29 €","1,29 €/Unidade"
Entrecosto,Porco,Vendido ao peso a partir de 1 kg,"3,99 €","3,99 €/Kg"
"Bloco de desenho A3, 24 folhas",Domédia,1 unidade,"0,45 €","0,45 €/Unidade"
Leite uht meio gordo,PorSi,Embalagem com rosca de 1 l,"0,78 €","0,78 €/L"
Comida húmida para gato duplo prazer com peixe do oc...,Gourmet Gold,Embalagem de 90g,"2,89 €","7,23 €/Kg"
Papa infantil não láctea multicereais +6 meses,Cerelac,Embalagem de 250g,"4,49 €","4,49 €/Kg"
Vinho branco arinto bucelas,P.regia,Garrafa de 750 ml,"3,99 €","5,32 €/L"
Tosta integral,Diatosta,Embalagem de 510 g,"1,34 €","5,96 €/Kg"
Batata frita caseira,PorSi,Embalagem de 180g,"0,87 €","5,44 €/Kg"
"Spray optimal 7, cozinha",Ajax,Embalagem de 600 ml,"1,29 €","1,72 €/L"
Camião Bombeiros c/ Luz e Som,Dickie Toys,15 cm,"49,99 €","49,99 €/Unidade"
Bolachas com geleia de framboesa,Chabrior,Embalagem de 150 g,"1,77 €","5,53 €/Kg"
Capa Ultra Fresh,Vileda,1 unidade,"10,69 €","10,69 €/Unidade"
Café solúvel viena,Nescafe,Embalagem de 140g,"1,45 €","14,50 €/Kg"
Chá de maçã e canela,Tetley,Embalagem de 20g,"1,19 €","59,50 €/Kg"
Tablete de chocolate culinário branco,PorSi,Embalagem de 180 g,"1,04 €","8,32 €/Kg"
Brócolos congelados,PorSi,Embalagem de 1 kg,"1,89 €","1,89 €/Kg"
Drone Bike,Rescue Hybrids,15 cm,"49,99 €","49,99 €/Unidade"
Pão de forma s/ côdea,Bimbo,Embalagem de 650 g,"0,99 €","1,65 €/Kg"
Suplemento alimentar extrato beringela,Salutem,Garrafa de 500 ml,"33,99 €","37,77 €/Kg"
Lima-limao zero,PorSi,Garrafa de 1.5 l,"0,40 €/L","0,40 €/L"
Caramelos de leite,Penha,Embalagem de 250g,"2,75 €","11,00 €/Kg"
Alimento seco raça pequena,PorSi,Embalagem de 1.5 kg,"11,69 €","3,90 €/Kg"
Água com gás natural pet,P.salgadas,pack 6 x 0.33 l,"2,85 €","2,85 €/L"
Néctar ananás,PorSi,Pack 3 x 200 ml,"0,99 €","0,99 €/L"
"Gel cabelo, efeito cimento, pote",Grafic,Embalagem de 300 ml,"4,99 €","24,95 €/L"
Refrigerante de lima-limão,Seven-up,Pack 4 x 1.25 l,"0,40 €/L","0,40 €/L"
Sidra,Kings Bräu,Pack 6 x 0.33 l,"1,59 €","3,18 €/L"
Queijo bola fatias,Paiva,Embalagem de 180g,"1,69 €","8,45 €/Kg"
Queijo ralado mix 3 queijos,PorSi,Embalagem de 200 g,"7,45 €/Kg","7,45 €/Kg"
Ice tea pêssego,Lipton,Embalagem de 1L,"1,90 €","1,27 €/L"
Sortido seleção,Chabrior,Embalagem de 380g,"3,09 €","14,71 €/Kg"
"Spray optimal 7, cozinha",Ajax,Embalagem de 600 ml,"3,49 €","5,82 €/L"
Vinho branco bag-in-box,Capataz,Embalagem de 5 l,"5,19 €","1,04 €/L"
Café solúvel sem cafeína,Nescafe,Embalagem de 20g,"1,45 €","14,50 €/Kg"
Café em cápsulas aqtivus,Delta Q,Embalagem de 55 g,"54,36 €/Kg","54,36 €/Kg"
Detergente pastilhas p/ Máquina Loiça tudo em um Ori...,Fairy,Embalagem de 84 unidades,"4,99 €/Unidade","4,99 €/Unidade"
Bloco sanitário blue activ higiene,Sonasol,Embalagem de 50 g,"37,36 €/Kg","37,36 €/Kg"
Lula limpa 20/40,PorSi,Embalagem de 800 g,"5,49 €","6,86 €/Kg"
Toalhitas de Limpeza,Chicco,Embalagem c/ 72 un.,"1,09 €/Unidade","1,09 €/Unidade"
Gel Cabelo Styling Creme Cabelo,Nivea,Embalagem de 150 ml,"5,99 €","14,98 €/L"
Amaciador  p/ roupa concentrado Aromaterapia,PorSi,Embalagem com 60 doses,"3,99 €","3,99 €/Unidade"
Cereais all bran,Kellogg's,Embalagem de 380g,"3,99 €","13,30 €/Kg"
Chocolate kit kat,Kit kat,Embalagem de 130g,"19,47 €/Kg","19,47 €/Kg"
Pão forma com côdea,PorSi,Embalagem de 600g,"0,99 €","1,65 €/Kg"
"Livro ""Era uma vez contos intemporais""",Yoyo Books,1 unidade,"7,50 €/Unidade","7,50 €/Unidade"
Maionese top down,Hellmman's,Embalagem de 238 g,"0,70 €","2,33 €/Kg"
Bolachas crackers s/ sal,Du bois,Embalagem de 500g,"0,39 €","3,12 €/Kg"
"Queijo curado, amanteigado",Paiva,Embalagem de 550g,"7,89 €","13,72 €/Kg"
Loção Hidratante para Depois do Sol,Nivea Sun,Embalagem de 200 ml,"9,99 €","49,95 €/L"
Alimento para periquitos,Sandimas,Embalagem de 1 kg,"2,49 €","2,49 €/Kg"
Fiambre da pá fatiado,PorSi,200 g,"0,90 €","5,99 €/Kg"
Creme para barrar,Nutella,Embalagem de 750 g,"4,19 €","12,32 €/Kg"
Gel wc anticalcário sem lixívia,PorSi,"Garrafa de 1,5 l","2,49 €","3,32 €/L"
Leite condensado magro,Nestle,Embalagem de 390g,"1,09 €","2,75 €/Kg"
Arroz carolino,PorSi,Embalagem de 1 kg,"0,99 €","0,99 €/Kg"
Estendal de roupa com abas resina,PorSi,20 metros,"0,89 €","0,89 €/Unidade"
Manjericão,PorSi,50 g,"0,99 €","19,80 €/Kg"
Feijão encarnado,PorSi,Embalagem de 820 g,"1,79 €","2,29 €/Kg"
Flocos de cereais com mel,PorSi,Embalagem de 750g,"2,99 €","3,99 €/Kg"
Caramelo líquido,Royal,Embalagem de 400g,"1,29 €","3,23 €/Kg"
Bolachas mini alfa,Nacional,Embalagem de 120g,"1,19 €","11,90 €/Kg"
Eau de Toilette p/Senhora Nº34,Caravan,1 Frasco 150ml,"11,99 €","79,93 €/L"
Cerveja pack económico,Super Bock,pack 6 x 0.33 l,"1,99 €/L","1,99 €/L"
Máquina Descartável Depilatória Venus Plus,Gillette,4 un. + 2 grátis,"6,29 €","6,29 €/Unidade"
Lixívia para roupa delicada,Neoblanc,Embalagem de 1 l,"0,60 €/L","0,60 €/L"
Marmelada com frutose,PorSi Viva Bem,Embalagem de 400g,"1,09 €","2,42 €/Kg"
Gelatina de morango,PorSi,Embalagem de 170g,"0,55 €","61,11 €/Kg"
Livro A Cigarra e a Formiga,Europrice,1 unidade,"7,50 €/Unidade","7,50 €/Unidade"
Tisana de chá verde/limão light,Pleno,"Garrafa de 1,5 l","1,90 €","1,27 €/L"
Batmobile Rádio Controlo,Mondo,1 unidade,"49,99 €","49,99 €/Unidade"
"Espuma cabelo, wet shine",Fru style,Embalagem de 200 ml,"4,99 €","24,95 €/L"
"Sacos do lixo WC canino 5l, 30 unidades",Silvex,Uma embalagem,"1,79 €","1,79 €/Unidade"
Bolachas com recheio baunilha,PorSi,Embalagem de 500g,"2,15 €","2,87 €/Kg"
Açúcar mascavado claro,Rar,Embalagem de 500 g,"1,49 €","1,49 €/Kg"
Pasta dentífrica gel kids,Labell,Embalagem de 50 ml,"0,99 €","0,99 €/Unidade"
Delícia semi-fria cheesecake,Royal,embalagem de 325 g,"2,99 €","6,80 €/Kg"
"Mistura de couve flor, brócolos e cenoura",PorSi,Embalagem de 1 kg,"1,89 €","1,89 €/Kg"
Dentífrico infantil frutas naturais 3 aos 5 anos,Colgate,50 ml,"0,99 €","0,99 €/Unidade"
Leite uht sem lactose magro,PorSi Viva Bem,1 litro,"0,99 €","0,99 €/L"
"Salsichas aves, frasco com 5 unidad",Izidoro,Embalagem de 250g,"0,75 €","3,75 €/Kg"
Toalhitas limpa vidros,Cif,20 unidades,"3,19 €","6,38 €/L"
Chispalhada,PorSi,Embalagem de 420 g,"2,35 €","5,60 €/Kg"
Iogurte mix-in kit kat,Nestle,Embalagem de 2 x 115 g,"7,77 €/Kg","7,77 €/Kg"
Saqueta de puré de fruta | maçã + pera,PorSi,90 g,"0,74 €","8,22 €/Kg"
Vinho branco região do Dão,Dharma,Garrafa de 0.75 l,"3,99 €","5,32 €/L"
Preparado para arroz de marisco,Brasmar,Embalagem de 450 g,"1,91 €","4,78 €/Kg"
Tira verniz,Labell,Embalagem de 200 ml,"2,49 €","41,50 €/L"
Chocolate single 38g,Toff.crisp,Embalagem de 40g,"19,47 €/Kg","19,47 €/Kg"
Tira gorduras dia a dia,Mistolin,Garrafa de 750 ml,"1,29 €","1,72 €/L"
Nata uht para bater,Parmalat,Embalagem de 200 ml,"1,12 €","5,60 €/L"
Chourico picante beiras,PorSi,Embalagem de 290g,"1,00 €","5,00 €/Kg"
Vinho maduro branco,Casal da eira,Embalagem de 250 ml,"0,69 €","2,76 €/L"
"Hamburgers de porco, 4x80g",PorSi,Embalagem de 320 g,"2,34 €","7,31 €/Kg"
Gel de Banho Coconut Milk,Dove,Embalagem de 750 ml,"6,39 €/L","6,39 €/L"
Creme Depilatório Men Peles Sensíveis,Veet,Embalagem de 200 ml,"6,99 €","6,99 €/Unidade"
Pescada Média Argentina,Peixe Congelado,+ de 500 g,"3,73 €","6,79 €/Kg"
Entremeada s/ Entrecosto,Porco,Vendido ao peso a partir de 1 kg,"3,99 €","3,99 €/Kg"
Coelho inteiro,PorSi,Vendido ao peso,"1,05 €","2,99 €/Kg"
Alimentação Bebé Maçã/Banana/Cenoura,Nestle,Embalagem de 4 x 100 g,"1,89 €","9,95 €/Kg"
Pasta dentífrica menta fresca,Aquafresh,Embalagem de 75 ml,"2,39 €","31,87 €/L"
Lambrusco rosé,Sorbello,Garrafa de 0.75 l,"2,29 €","3,05 €/L"
Dobrada com feijão,Nobre,Embalagem de 420g,"2,35 €","5,60 €/Kg"
Vegalia especialidade vegetariana de soja,Nobre,Lata com 8 unidades,"1,49 €","3,73 €/Kg"
Hot Wheels Corrida Alucinante,Europrice,1 unidade,"24,99 €","24,99 €/Unidade"
Queijo snack gouda,PorSi,Embalagem de 100g,"1,69 €","8,45 €/Kg"
Pré-lavagem power gel,Vanish,Garrafa de 200 ml,"13,99 €","3,29 €/L"
Pensos higiénicos Cottonlike Super Plus Com Abas,Evax,10 unidades,"2,59 €","2,59 €/Unidade"
Iogurte activia líquido 0% lima/limão,Danone,Embalagem de 4 x 155 g,"3,21 €/Kg","3,21 €/Kg"
Néctar vital equilibrio manga/laranja,Compal,Embalagem de 1 l,"0,84 €","2,55 €/L"
Iogurtes aroma 4 de morango + 4 de banana,PorSi,Embalagem de 8x125g,"1,87 €","1,25 €/Kg"
"Chocolate, tripack",Pintarolas,Embalagem de 70g,"1,05 €","21,00 €/Kg"
Bolacha diet nature 5 cereais,Gullon,Embalagem de 220g,"1,19 €","11,90 €/Kg"
Operação dinossauro,Jurassic World,1 un.,"24,99 €","24,99 €/Unidade"
Caneca para vinho de barro pintada,Anitex,1 unidade,"0,89 €","0,89 €/Unidade"
Danacol natural,Danone,Embalagem de 6 x 100 g,"4,15 €/Kg","4,15 €/Kg"
Bolachas marítimas chlorella,PorSi Viva Bem,Embalagem de 200g,"1,19 €","11,90 €/Kg"
Quinoa,Salutem,Embalagem de 250g,"1,82 €","7,28 €/Kg"
Estábulo para banho dos póneis,Lego,1 unidade,"7,99 €/Unidade","7,99 €/Unidade"
Caderno Agrafado Capa Preta |A4 Liso,Domédia,1 unidade,"0,99 €","0,99 €/Unidade"
Maionese magra em frasco,Hellmman's,Embalagem de 460g,"0,70 €","2,33 €/Kg"
Canela em pau,PorSi,Saqueta de 30 g,"0,66 €","22,00 €/Kg"
Lancha Motor Subaquático,Playmobil,1 unidade,"7,99 €/Unidade","7,99 €/Unidade"
Café solúvel descafeinado,PorSi,Embalagem de 100G,"1,45 €","14,50 €/Kg"
Livro Pop-Ups - Animais,Europrice,1 unidade,"7,50 €/Unidade","7,50 €/Unidade"
Bolachas digestive muesli,Gullon,Embalagem de 370g,"2,69 €","13,45 €/Kg"
Papa infantil não láctea 8 cereais e mel +6 meses,Cerelac,Embalagem de 250g,"4,49 €","4,49 €/Kg"
Bolachas chiquilin ositos de mel,Artiach,Embalagem de 160g,"3,49 €","19,39 €/Kg"
Cereais estrelitas,Nestle,Embalagem de 550g,"5,07 €/Kg","5,07 €/Kg"
Toalhitas para bebé melão,PorSi,Embalagem de 60 unidades,"1,09 €/Unidade","1,09 €/Unidade"
Café torrado lote chávena saco,Delta,Embalagem de 250g,"9,16 €/Kg","9,16 €/Kg"
Sumo 100% fresh laranja,Compal,Garrafa de 330 ml,"1,09 €","0,73 €/L"
Batata frita light,PorSi,Embalagem de 150g,"0,95 €","6,33 €/Kg"
Guardanapos 2 folhas brancos e dourado,PorSi Select,50 unidades,"1,29 €","1,29 €/Unidade"
Lava tudo brilhante madeiras,PorSi,Embalagem de 1.1 litros,"0,99 €","0,50 €/L"
24 Caldos de carne,PorSi,Embalagem de 255  g,"3,84 €","24,00 €/Kg"
Néctar de pêssego,PorSi,Pack 3 x 200 ml,"0,99 €","0,99 €/L"
Alimento alpiste pássaros de canto,Sandimas,Embalagem de 1 kg,"2,49 €","2,49 €/Kg"
Bola Unicórnio 50 cm,Mondo,1 unidade,"2,99 €","2,99 €/Unidade"
Sobremesa gelatina de ananás,PorSi,Embalagem 4X100G,"0,85 €","2,13 €/Kg"
Toalha de Mesa Anti Nódoas,VZT,Dim.: 150 x 150 cm,"2,50 €","2,50 €/Unidade"
Taças para cocktail 25 cl,Pasabahce,4 unidades,"3,99 €","5,32 €/L"
Coca-cola zero sem cafeína,Coca-Cola,"Garrafa de 1,75 l","0,40 €/L","0,40 €/L"
Bol agua s. dose integral 186g,Vieira,Embalagem de 180g,"1,19 €","5,95 €/Kg"
Queijo mozzarella ralado,PorSi,Embalagem de 200 g,"7,45 €/Kg","7,45 €/Kg"
Mota da Polícia,Lego,1 unidade,"7,99 €/Unidade","7,99 €/Unidade"
Massa quebrada margarina,PorSi,Embalagem de 230 g,"0,99 €","4,30 €/Kg"
Francesinha,PorSi,Embalagem de 450G,"13,59 €/Kg","13,59 €/Kg"
Adoçante com doseador,PorSi,Embalagem 100 comprimidos,"5,99 €","23,96 €/Kg"
Porto 10 anos,Valadao,Garrafa de 750 ml,"17,99 €","23,99 €/L"
"Borracha Technic, 600",Maped,embalagem com 2 unidades,"2,99 €","2,99 €/Unidade"
Caldeirada de peixe ultracongelada,Brasmar,Embalagem de 700g,"1,91 €","4,78 €/Kg"
Nestum Mel,Nestlé,Embalagem de 3x300g,"4,49 €","4,49 €/Kg"
50 Jogos Reunidos,Clementoni,1 unidade,"24,99 €","24,99 €/Unidade"
Mousse de chocolate preto,Páturages,Embalagem de 4x60 g,"1,19 €","2,59 €/Kg"
Spray casa de banho brilhante,Sonasol,Embalagem de 500 ml,"0,99 €","0,50 €/L"
Chá preto,Tetley,Embalagem de 20g,"1,99 €","49,75 €/Kg"
Vela em número nº4,PorSi,1 unidade,"0,80 €","0,80 €/Unidade"
Papel higiénico reciclado 2 folhas,PorSi,12 rolos,"1,99 €","1,99 €/Unidade"
Tarteletes com recheio morango,PorSi,Embalagem de 96g,"1,49 €","9,68 €/Kg"
O Meu Primeiro Monopoly,Monopoly,,"24,99 €","24,99 €/Unidade"
Couve de bruxelas,PorSi,Embalagem de 750 g,"1,89 €","1,89 €/Kg"
Chocolate culinário 70% cacau,Pantagruel,Embalagem de 200g,"1,04 €","8,32 €/Kg"
Café moagem normal: intenso,Buondi,Embalagem de 220g,"3,49 €","13,96 €/Kg"
Cacau em pó,Pantagruel,Embalagem de 130g,"1,04 €","8,32 €/Kg"
Na-esparguete bio 500g 10kg,Nacional,Embalagem de 500g,"1,89 €","3,78 €/Kg"
Balões latex brancos,PorSi,Embalagem com 24 unidades,"1,54 €","1,54 €/Unidade"
Saca Rolhas Elétrico c/ USB,San Ignacio,1 unidade,"17,99 €","17,99 €/Unidade"
Leite pastagem uht terra nostra inteiro,Terra Nostra,Garrafa de 1 l,"1,19 €","1,19 €/L"
Lou Provence Rosé,Peyrassol,0.75 litros,"2,09 €","2,79 €/L"
Bolachas Chiquilin 0% Açucar,Artiach,Embalagem de 175 g,"1,19 €","11,90 €/Kg"
"Iogurte pedaços, frutimax muesli",PorSi,Embalagem de 4 x 125 g,"4,36 €","2,18 €/Kg"
Sky Patrol com Veículo,Rescue Hybrids,25 cm,"49,99 €","49,99 €/Unidade"
Queijo fresco ligth,PorSi,Embalagem de 4 x 62.5 g,"2,39 €","19,92 €/Kg"
Pasta dentífrica herbal,Colgate,Embalagem de 75 ml,"2,39 €","31,87 €/L"
Castanhas,PorSi,Embalagem de 500G,"3,29 €","4,39 €/Kg"
Fruta para bebé maçã cenoura manga +6 meses,Nestle,Embalagem de 90g,"0,74 €","8,22 €/Kg"
Mix de frutas para smothie,PorSi,Embalagem de 450 g,"3,29 €","4,39 €/Kg"
Manteiga com sal e sem lactose,Mimosa,Embalagem de 250g,"2,49 €","9,96 €/Kg"
Tira nódoas em spray cores,Neoblanc,Embalagem de 700 ml,"3,99 €","5,70 €/L"
Recarga de esfregona universal,Vileda,1 unidade,"0,89 €","0,89 €/Unidade"
Dinossauros ferozes,Lego,1 unidade,"49,99 €","49,99 €/Unidade"
Polvo limpo,PorSi,Embalagem de 1 kg,"5,49 €","6,86 €/Kg"
Bacalhau espiritual,PorSi,Embalagem de 300g,"1,91 €","4,78 €/Kg"
Açúcar areado amarelo,Rar,Embalagem de 1kg,"1,49 €","1,49 €/Kg"
Toalhitas limpa moveis,PorSi,Embalagem de 24 unidades,"1,39 €","1,26 €/L"
"Espuma de cabelo, volume xxl",Fru style,Embalagem de 200 ml,"4,99 €","24,95 €/L"
Feijão verde,PorSi,Embalagem de 750 g,"1,89 €","1,89 €/Kg"
Camião c/ Escavadora Luz e som,Volvo,32 cm,"49,99 €","49,99 €/Unidade"
Pasta Dentífrica Menta Suave,Aquafresh,Embalagem de 75 ml,"2,39 €","31,87 €/L"
Farinha de milho 500g,ESPIGA,Embalagem de 500g,"1,99 €","1,99 €/Kg"
Alho-francês,PorSi,Embalagem de 750 g,"1,89 €","1,89 €/Kg"
Gelado pecan deligh,PorSi Select,Embalagem de 500ml,"4,58 €/L","4,58 €/L"
"Creme para mãos, caixa familiar",Nivea,Embalagem de 250 ml,"2,49 €","41,50 €/L"
Ambientador vela citronela,PorSi,1 unidade,"9,49 €","45,19 €/Kg"
Ração para gato júnior com frango,Purina One,Embalagem de 800 g,"12,99 €","4,33 €/Kg"
Atum posta em óleo,General,Embalagem de 110g,"9,08 €/Kg","9,08 €/Kg"
Nestum zero espelta/aveia,Nestum,Embalagem de 250 g,"4,49 €","4,49 €/Kg"
"Pensos, 20 unidades",Hansaplast,1 embalagem,"0,59 €","1,18 €/L"
Iogurte eleva com fermentos naturais framboesa e amê...,Mimosa,Embalagem de 4 x 115 g,"5,97 €/Kg","5,97 €/Kg"
Rebuçados peitorais,Dr.bayard,Embalagem de 100g,"0,77 €","3,85 €/Kg"
Café solúvel,Delta,Embalagem de 200 g,"1,45 €","14,50 €/Kg"
Água oxigenada,Labell,Embalagem de 500 ml,"0,59 €","1,18 €/L"
Lixívia com detergente,PorSi,Embalagem de 2 l,"2,59 €","1,30 €/L"
Livro Quero Conhecer Cores,Europrice,1 unidade,"7,50 €/Unidade","7,50 €/Unidade"
Lâmina depilatória descartável lady com cabeça oscil...,Labell,1 embalagem - 6 unidades,"3,29 €","3,29 €/Unidade"
Cereais recheados com chocolate e avelã,PorSi,Embalagem de 400g,"5,07 €/Kg","5,07 €/Kg"
Bolachas com recheio de chocolate,PorSi,Embalagem de 500g,"2,15 €","2,87 €/Kg"
Manteiga magra,PorSi,Embalagem de 250g,"1,69 €","6,76 €/Kg"
Queijo light,Philadelph,Embalagem de 180g,"3,68 €","13,14 €/Kg"
Bolachas digestive go aveia,Triunfo,Embalagem de 170g,"1,19 €","5,95 €/Kg"
Xarope grenadine,Paquito,Garrafa de 750 ml,"4,89 €","6,61 €/L"
Bolacha Maria Integral,PorSi,Embalagem de 600g,"1,19 €","5,95 €/Kg"
Mistura para carnes,PorSi,Embalagem de 40g,"0,66 €","22,00 €/Kg"
Nestum aveia e morango,Nestum,Embalagem de 250g,"2,99 €","3,99 €/Kg"
Queijo Flamengo Bola,Terra Nostra,1 un = 250 gr  (aprox.),"1,69 €","8,45 €/Kg"
Vinagre de limpeza,Dona Pureza,Embalagem de 1 l,"3,49 €","5,82 €/L"
"Lenços de bolso, mentol, 10 unidades",Renova,Uma embalagem de 6x10,"0,89 €","0,89 €/Unidade"
"Jogo ""Corpo Humano""",Clementoni,1 unidade,"24,99 €","24,99 €/Unidade"
"Acendalha branca, 32 cubos",PorSi,Uma embalagem,"0,75 €","0,75 €/Unidade"
Caramelos de nata,PorSi,Embalagem de 250g,"2,75 €","11,00 €/Kg"
Topping chocolate branco,Branca de neve,Embalagem de 360g,"1,29 €","3,23 €/Kg"
Manteiga com sal,Gresso,Embalagem de 250g,"1,69 €","6,76 €/Kg"
Recarga p/ Esfregona |Suave,Vileda,,"0,89 €","0,89 €/Unidade"
Óleo especial fritura,Fula,Garrafa de 1 l,"3,39 €","3,39 €/L"
Molas plásticas amarelas,PorSi,50 unidades,"0,89 €","0,89 €/Unidade"
Gelados mini colosse mini mix,PorSi,Embalagem com 8 unidades,"1,99 €","4,15 €/L"
Molho inglês,Savora,Garrafa de 120 ml,"0,70 €","2,33 €/Kg"
Iogurte mix-in smarties morango,Nestle,Embalagem de 2 x 128 g,"7,77 €/Kg","7,77 €/Kg"
Creme vegetal para culinária,PorSi,Embalagem de 1 kg,"2,89 €","2,89 €/Kg"
Tira Nódoas Spray a Seco,Iberia,Embalagem de 200 ml,"3,99 €","5,70 €/L"
Cereais cookie crisp,Nestle,Embalagem de 380g,"5,07 €/Kg","5,07 €/Kg"
Mesa + 2 Cadeiras Antracite,Joluce,1 conjunto,"20,99 €","20,99 €/Unidade"
Bolachas marítimas clássicas,PorSi Viva Bem,Embalagem de 200g,"1,19 €","11,90 €/Kg"
Chouriço Ilustre Gourmet,Porminho,Embalagem de 190 g,"1,00 €","5,00 €/Kg"
Estábulo Gelo Elsa e Nokk,Lego,1 unidade,"7,99 €/Unidade","7,99 €/Unidade"
Ambientador vela baunilha,PorSi,1 unidade,"9,49 €","45,19 €/Kg"
Azeite Virgem,Oliveira da Serra,Embalagem de 750 ml,"3,19 €","4,25 €/L"
Baguete de alho,Panike,Embalagem de 350g,"3,40 €/Kg","3,40 €/Kg"
Biscoito para Cão Mini Sticks,Purina One,Embalagem de 90 g,"0,94 €","5,22 €/Kg"
Fermento,Royal,Embalagem de 230g,"0,64 €","12,80 €/Kg"
"Coloração permanente, preto nº10",Nutrisse,1 unidade,"9,49 €/Unidade","9,49 €/Unidade"
"Fiambre extra, fatiado",PorSi,Embalagem de 200g,"0,90 €","5,99 €/Kg"
Comida húmida para gato esterilizado em molho com sa...,Purina One,4 x 85 g,"2,89 €","7,23 €/Kg"
Queijo flamengo em fatias,Terra Nostra,Embalagem de 200g,"1,69 €","8,45 €/Kg"
Porto white,Ferreira,Garrafa de 750 ml,"6,29 €","8,39 €/L"
Chá de infusão salutem nº 48 - alcachofra 10 saqueta...,Salutem,Embalagem de 15g,"0,99 €","66,00 €/Kg"
Tostas mistura sem glúten,PorSi Viva Bem,Embalagem de 140g,"2,69 €","20,69 €/Kg"
Twins,Gullon,pack 2 x 154 g,"1,49 €","9,68 €/Kg"
Manteiga c/sal,Terra Nostra,Embalagem de 250g,"1,69 €","6,76 €/Kg"
Aditivo tira nódoas oxi action pink,Vanish,Embalagem de 900 ml,"12,99 €","15,46 €/Kg"
Vinagre de vinho tinto,Cristal,Garrafa de 500 ml,"0,35 €","0,70 €/L"
Ervilhas primavera 500g,Iglo,Embalagem de 500g,"1,89 €","1,89 €/Kg"
Batata frita rodelas,PorSi,Embalagem de 2x70g,"1,06 €","5,73 €/Kg"
Leite condensado cozido,PorSi,Embalagem de 397 g,"1,09 €","2,75 €/Kg"
Geleia de marmelo,Casa de Mateus,345 g,"3,29 €","9,54 €/Kg"
Sopa da pedra,PorSi,Embalagem de 420 g,"2,35 €","5,60 €/Kg"
Leite seleccionado magro,Matinal,Garrafa de 1 l,"0,78 €","0,78 €/L"
Café torrado 5 estrelas moagem normal,Sical,Embalagem de 250g,"9,16 €/Kg","9,16 €/Kg"
Galão,PorSi,16 cápsulas,"3,19 €","25,52 €/Kg"
Espreguiçadeira starlight,Bebéconfort,1 un.,"55,99 €","55,99 €/Unidade"
Caldeirada de bacalhau,PorSi,Embalagem de 1 kg,"4,99 €","9,98 €/Kg"
Nectar multivitaminas,Paquito,Embalagem de 2 l,"0,99 €","0,99 €/L"
Feijão com dobrada,PorSi,Embalagem de 420 g,"2,35 €","5,60 €/Kg"
Leite creme,Royal,Embalagem de 90g,"0,79 €","5,27 €/Kg"
"Calm, valeriana e passiflora (cápsulas)",Forma+,Embalagem de 24g,"33,99 €","37,77 €/Kg"
vinho do Porto Ruby,Velhotes,"garrafa de 0,75 l","6,29 €","8,39 €/L"
Vela em número nº9,PorSi,1 unidade,"0,80 €","0,80 €/Unidade"
Poncho,Patrulha Pata,1 unidade,"1,29 €","1,29 €/Unidade"
Manteiga com sal,Primor,Embalagem de 250g,"1,69 €","6,76 €/Kg"
"Refeição pronta, boião de frango e arroz",Bledina,Embalagem de 200g,"1,89 €","9,95 €/Kg"
"Sumo 100%, laranja",PorSi,"Embalagem de 1,5 l","1,09 €","0,73 €/L"
Detergente P/ Máquina de Lavar Loiça Laranja,Fairy,60 Pastilhas,"4,99 €/Unidade","4,99 €/Unidade"
10 salsichas de porco em lata,PorSi,Embalagem de 250G,"0,75 €","3,75 €/Kg"
Inseticida moscas e mosquitos,Dum Dum,Garrafa de 300 ml,"5,49 €","14,64 €/L"
Toucinho fumado fatiado,Produto selecionado,Embalagem de 160 g,"1,89 €","11,81 €/Kg"
12 douradinhos forníssimo,Capitão Iglo,Embalagem de 300g,"9,30 €/Kg","9,30 €/Kg"
Pá económica,PorSi,1 unidade,"1,59 €","1,59 €/Unidade"
Espuma de barbear para peles sensíveis,Labell Men,Embalagem de 250 ml,"1,16 €","4,64 €/L"
Mistolin advanced anticalcário,Mistolin,Garrafa de 500 ml,"1,79 €","2,39 €/L"
Camarão cozido 30/40,Nossa seleção,Congelado,"1,99 €/Kg","1,99 €/Kg"
"Inseticida eléctrico, recarga, night&day",Raid,1 unidade,"7,69 €","7,69 €/Unidade"
Sortido,Cuetara,Embalagem de 210g,"3,09 €","14,71 €/Kg"
Fralda Cueca Activity Extra Tamanho 4,Dodot,Embalagem com 45 uni.,"4,99 €","4,99 €/Unidade"
10 croquetes de carne,PorSi,Embalagem de 300 g,"2,99 €","9,97 €/Kg"
Guardanapos de 1 folha amarelos | dim.: 30 x 29 cm,PorSi,Embalagem com 70 unidades,"1,29 €","1,29 €/Unidade"
Mousse crocante baunilha,A leiteira,Embalagem 4 x 57 g,"1,19 €","2,59 €/Kg"
Monopoly Júnior Superzings,Monopoly,,"24,99 €","24,99 €/Unidade"
Mariscada,PorSi,Embalagem de 800g,"4,99 €","6,24 €/Kg"
Formas de alumínio 600 ml,PorSi,5 unidades,"0,54 €","0,54 €/Unidade"
Alface Frisada,*,1 un= 400 g (aprox.),"0,88 €","2,19 €/Kg"
Copo Galão,Cristal,1 unidade,"0,89 €","0,89 €/Unidade"
Livro O Polegarzito,Europrice,1 unidade,"7,50 €/Unidade","7,50 €/Unidade"
Uva Red Globe,Fruta do Dia,1 un = 250 gr  (aprox.),"0,75 €","2,99 €/Kg"
Moto Polícia c/ Luz e Som,Dickie Toys,15 cm,"49,99 €","49,99 €/Unidade"
Farinha s/ fermento tipo 65,ESPIGA,Embalagem de 1 kg,"1,99 €","1,99 €/Kg"
Dino pescoço grande,Play-Doh,1 Embalagem,"24,99 €","24,99 €/Unidade"
Milho tenro e doce,Bonduelle,Embalagem de 300 g,"1,79 €","2,29 €/Kg"
Sopa de cozido,Knorr,Embalagem de 70g,"0,84 €","13,55 €/Kg"
Sopa de cebola económica,Knorr,Embalagem de 50g,"0,84 €","13,55 €/Kg"
"Loção solar, protect&bronze f20",Nivea Sun,Embalagem de 200 ml,"11,49 €","57,45 €/L"
Empadas soja,PorSi Viva Bem,Embalagem de 260g,"1,49 €","3,73 €/Kg"
Presunto fatiado,PorSi,Embalagem de 200g,"2,79 €","13,95 €/Kg"
Lixívia para roupa tradicional,Neoblanc,Embalagem de 2 l,"0,60 €/L","0,60 €/L"
Mostarda de Dijon,PorSi Select,190 g,"0,70 €","2,33 €/Kg"
Pipocas doces,Orcape,Embalagem de 100g,"0,79 €","7,90 €/Kg"
"Iogurte líquido yoggi, sem lactose, morango",Nestle,Embalagem de 4 x 160 g,"1,17 €","1,83 €/Kg"
Vinho regional península de setúbal tinto,J.m.f.,Garrafa de 750 ml,"2,99 €","3,99 €/L"
Tragabolas,Hasbro,1 un.,"24,99 €","24,99 €/Unidade"
Lambrusco tinto,Sorbello,Garrafa de 0.75 l,"2,29 €","3,05 €/L"
Lava tudo antibacteriano herbal,PorSi,Garrafa de 1.5 l,"0,99 €","0,50 €/L"
Adoçante em pó stevia,PorSi Viva Bem,Embalagem de 250 g,"5,99 €","23,96 €/Kg"
Arroz vaporizado,Cigala,Embalagem de 1 kg,"0,99 €","0,99 €/Kg"
Massa aletria,PorSi,Embalagem de 500g,"0,89 €","1,78 €/Kg"
Pistachios com sal,PorSi,Embalagem de 200g,"1,79 €","3,58 €/Kg"
Chocolate culinário,Nestle,Embalagem de 200g,"1,04 €","8,32 €/Kg"
Queijo flamengo,Novacores,Embalagem de 320g,"1,69 €","8,45 €/Kg"
Massa meada,PorSi,Embalagem de 500g,"0,89 €","1,78 €/Kg"
"Jogo ""A Volta ao Mundo""",Clementoni,1 unidade,"24,99 €","24,99 €/Unidade"
Conjunto de 3 Frigideiras,San Ignacio,Dim: 20cm + 24cm + 28cm,"28,00 €","28,00 €/Unidade"
Pincel de caiar,Itools,1 unidade,"1,99 €","1,99 €/Unidade"
Atum posta ao natural,Bom petisc,Embalagem de 120 g,"9,08 €/Kg","9,08 €/Kg"
Cenoura baby,PorSi,Embalagem de 400 g,"1,89 €","1,89 €/Kg"
Batata pré-frita palito,PorSi,Embalagem de 1 kg,"2,39 €","3,98 €/Kg"
Bolachas cream cracker,PorSi,Embalagem de 600g,"0,39 €","3,12 €/Kg"
Queijo dop ralado,Sao jorge,Embalagem de 150g,"7,45 €/Kg","7,45 €/Kg"
"Borracha mini softy, pack de 3 unidades",Maped,1 embalagem,"2,99 €","2,99 €/Unidade"
"Vinho rosé, região península de setúbal, bag in box",Dom Campos,Garrafa de 5 l,"9,49 €","1,90 €/L"
Tablete chocolate de iogurte morango,Milka,Embalagem de 100g,"0,53 €","5,30 €/Kg"
"Creme de rosto de noite revitalift, laser",L'oreal,Embalagem de 50 ml,"2,99 €","59,80 €/L"
"Queijo light, mini",Babybel,Embalagem de 120g,"2,39 €","19,92 €/Kg"
Gomas tijolos ácidos,PorSi,Embalagem de 300 g,"1,19 €","3,97 €/Kg"
Fraldas Bebé Seco T3 | 6-10 Kg,Dodot,Embalagem com 62 un.,"13,29 €/Unidade","13,29 €/Unidade"
Livro Hot Wheels,Europrice,,"7,50 €/Unidade","7,50 €/Unidade"
Adoçante com doseador,PorSi,Embalagem de 66g,"5,99 €","23,96 €/Kg"
Topping p/saladas cebola frita,Florette,Embalagem de 70g,"3,84 €","24,00 €/Kg"
Dentifríco 2 em 1 original,Theramed,Embalagem de 75 ml,"3,39 €","45,20 €/L"
Miolo de Camarão 80/100,Brasmar,Embalagem de 200 g,"8,99 €","25,69 €/Kg"
Halls vita c morango sem açúcar,Halls,Embalagem de 32 g,"0,77 €","3,85 €/Kg"
"Spray optimal 7, limpa vidros",Ajax,Embalagem de 600 ml,"3,19 €","6,38 €/L"
Sox Carlton,Nerf,1 unidade,"49,99 €","49,99 €/Unidade"
Chocolate culinário em pó,PorSi,Embalagem de 125 g,"1,04 €","8,32 €/Kg"
"Mesa viana, 75x75, verde",Joluce,1 unidade,"20,99 €","20,99 €/Unidade"
Bolo Rei de Chila,*,1 kg,"2,99 €","4,60 €/Kg"
20 saquetas infusão limão gengibre,Lipton,Embalagem de 40g,"1,19 €","59,50 €/Kg"
Refrigerante com gás guaraná,Antartica,"Garrafa de 1,5 l","0,40 €/L","0,40 €/L"
"Forma de papel para bolos, 9 cm, 60 unidades",PorSi,Uma embalagem,"0,54 €","0,54 €/Unidade"
Flocos de batata para puré,PorSi,Embalagem de 500g,"1,89 €","1,89 €/Kg"
Queijo Comté Le Montarlier,President,Embalagem de 225 g,"1,45 €","7,25 €/Kg"
Vinho Verde Branco Loureiro,Paço de Teixeiró,Garrafa de 75 cl,"1,99 €","2,65 €/L"
Mistura solúvel mokambo,Nestle,Embalagem de 200g,"1,64 €","6,56 €/Kg"
Capa Universal,Vileda,1 unidade,"10,69 €","10,69 €/Unidade"
Aguardente bagaceira,Dinastia,"Garrafa de 0,70 l","11,49 €","16,41 €/L"
Mousse cabelo caracois,Labell,Embalagem de 200ml,"4,99 €","24,95 €/L"
Palhinhas brancas em biomaterial,PorSi,Embalagem com 25 unidades,"0,80 €","0,80 €/Unidade"
"Vela com número, nº 7",PorSi,1 unidade,"0,80 €","0,80 €/Unidade"
"Jogo ""Emoções Monstro das Cores""",Diset,1 unidade,"24,99 €","24,99 €/Unidade"
Chá de infusão salutem nº 26 - lúcia lima 10 saqueta...,Salutem,Embalagem de 15g,"0,99 €","66,00 €/Kg"
Bebida energética original,Burn,Garrafa de 500 ml,"1,60 €","3,20 €/L"
Queijo Flamengo em Barra,Terra Nostra,1 un = 150 gr (aprox.),"1,69 €","8,45 €/Kg"
Papel Anti-traça 4 Seasons,Raid,4 unidades,"4,69 €","4,69 €/Unidade"
Camião do lixo com Luzes,Playmobil,1 unidade,"49,99 €","49,99 €/Unidade"
"Palmilha de cortiça com látex, tamanho 36/37",Sonaf,1 unidade,"4,99 €","99,80 €/L"
Snack para gato com sabor a camarão Play Tubes,Felix,Embalagem de 50 g,"0,99 €","16,50 €/Kg"
Queijo manchego D.O.P,PorSi Select,Embalagem de 250g,"3,99 €","15,96 €/Kg"
Bolachas choco mini estrelas,Milka,Embalagem de 190g,"2,15 €","2,87 €/Kg"
Mariscada,PorSi,Embalagem de 800g,"2,19 €","8,59 €/Kg"
Detergente Máquina Loiça Pastilhas All in 1 Extra Po...,Sun,76 pastilhas,"4,99 €/Unidade","4,99 €/Unidade"
Hamburguers de bovino,PorSi,Embalagem de 1 kg,"2,34 €","7,31 €/Kg"
Piripiri grão,PorSi,Saqueta de 20 g,"0,66 €","22,00 €/Kg"
Salsichas de porco,Nobre,Lata de 250g,"0,75 €","3,75 €/Kg"
Garrafa de vidro infusões,Quittin,Cap.: 550 ml,"3,99 €","3,99 €/Unidade"
Coleira em nylon p/ cão  repelente 60cm,Repul' 7,Embalagem de 1 unidades,"9,49 €","9,49 €/Unidade"
Néctar light manga/laranja,Compal,330 ml,"0,84 €","2,55 €/L"
Vinagre de sidra pet,Paladin,Garrafa de 500 ml,"0,35 €","0,70 €/L"
Perolas perfumadas fresh,PorSi,Embalagem de 275 g,"13,99 €","3,29 €/L"
Monopoly super maus perdedores,Monopoly,,"24,99 €","24,99 €/Unidade"
5 folhas de gelatina incolor,PorSi,Embalagem de 9 g,"0,55 €","61,11 €/Kg"
Preparado para pão de ló,Branca de Neve,Embalagem de 440g,"2,99 €","6,80 €/Kg"
Couve Lombarda,Legumes do Dia,1 un=1 kg (aprox.),"0,92 €","2,29 €/Kg"
Melão Branco,Fruta do Dia,"Vendido ao peso,1 un= 2.5 kg (aprox.)","0,75 €","2,99 €/Kg"
Pudim de baunilha,PorSi,Embalagem de 90g,"0,59 €","29,50 €/Kg"
Lava tudo lavanda,Cif,"Garrafa de 1,4 l","0,99 €","0,50 €/L"
Creme abrasivo activo c/ lixívia,Cif,Garrafa de 500 ml,"2,59 €","1,30 €/L"
"Borracha Technic, 600",Maped,embalagem com 2 unidades,"3,09 €","3,09 €/Unidade"
Collant licra 15D cintura baixa preta S/M,PorSi,1 unidade,"2,99 €","2,99 €/Unidade"
Lava tudo brilhante madeiras,PorSi,Embalagem de 1.1 litros,"1,39 €","1,26 €/L"
Biscoitos de cacau,PorSi,Embalagem de 750g,"0,69 €","3,45 €/Kg"
Pudim baunilha,Boca Doce,Embalagem de 20g,"0,59 €","29,50 €/Kg"
Vinho rosé,C.mendes,Garrafa de 750 ml,"3,99 €","5,32 €/L"
Macchiato café arábica,PorSi,250 ml,"3,19 €","25,52 €/Kg"
Mel em frasco de vidro,Jorge v.f.,Embalagem de 500g,"4,89 €","9,78 €/Kg"
Bebida de soja de amêndoa,Alpro,Embalagem de 1 litro,"2,49 €","2,49 €/L"
Lixívia perfumada,PorSi,Embalagem de 5 l,"2,59 €","1,30 €/L"
Vinho doc alentejo tinto,T.bolotas,Garrafa de 0.75 l,"2,89 €","3,85 €/L"
Bebida Solúvel Mokambo Chicória e Café,Nestle,Embalagem de 240g,"1,45 €","14,50 €/Kg"
Lentilhas verdes,PorSi Viva Bem,Embalagem de 500 g,"1,19 €","2,38 €/Kg"
Mimosa bem especial leite e aveia,Mimosa,Embalagem de 1 litro,"0,99 €","0,99 €/L"
Prato de Barro p/ Pão de Milho,Gratta,,"2,00 €","2,00 €/Unidade"
Chá infusão tomilho bio,Cemporcent,Embalagem de 13g,"0,99 €","66,00 €/Kg"
Panado de frango com alho e ervas,PorSi,240 g,"9,30 €/Kg","9,30 €/Kg"
Óleo Protector FPS 20,Ambre Solaire,Embalagem de 150 ml,"11,49 €","57,45 €/L"
Guardanapos Olé Branco 1 Folha,Renova do Bem,Dim.: 30x30cm,"1,29 €","1,29 €/Unidade"
Favas ultracongeladas,PorSi,Embalagem de 400g,"1,89 €","1,89 €/Kg"
Creme culinário soja,PorSi Viva Bem,Embalagem de 200 ml,"0,99 €","4,95 €/L"
Fio dentário fluór+menta 50m,Labell,1 unidade,"0,85 €","0,85 €/Unidade"
Água mineral sem gás,Serra de Fafe,"Embalagem de 6x0,33 l","1,04 €","0,17 €/L"
Minifresh-ambientador multiusos,Abelhinha,1 unidade,"1,99 €","1,99 €/Unidade"
Chá de infusão salutem nº 13 - prosono 10 saquetas,Salutem,Embalagem de 15g,"0,99 €","66,00 €/Kg"
Algodão zig zag pré-cortado,PorSi,Embalagem de 100 g,"0,59 €","1,18 €/L"
Leite especial cálcio + vitamina d m/g,Mimosa,Garrafa de 1 l,"1,29 €","1,29 €/L"
Stevia chocolate negro,Cemporcent,Embalagem de 100g,"2,29 €","22,90 €/Kg"
"Coloração permanente, louro claro, nº80",Nutrisse,1 unidade,"9,49 €/Unidade","9,49 €/Unidade"
"Queijo em fatias, -50% gordura",Limiano,Embalagem de 200g,"1,69 €","8,45 €/Kg"
Tira gorduras recarga,Mistolin,Garrafa de 550 ml,"2,89 €","5,25 €/L"
Cabo de metal com rosca,PorSi,1.20 m,"1,59 €","1,59 €/Unidade"
Vela em número nª2,PorSi,1 unidade,"0,80 €","0,80 €/Unidade"
Torta natas com cobertura de cacau,PorSi,Embalagem de 300g,"2,05 €","5,13 €/Kg"
Creme Muda Fralda,Baby Dove,Embalagem de 45 g,"0,59 €","5,90 €/L"
Chá verde,PorSi,Embalagem de 37.5 g,"0,99 €","23,02 €/Kg"
"Fraldas cuecas babiky, tamanho 5, 14-18 kilos, 11 un...",Dodot,Uma embalagem,"4,99 €","4,99 €/Unidade"
Ambientador vela frutos vermelhos,PorSi,1 unidade,"9,49 €","45,19 €/Kg"
Sacos lixo eco 100 litros,PorSi,10 unidades,"1,79 €","1,79 €/Unidade"
Gressinos com sésamo,PorSi,Embalagem de 250 g,"2,39 €","6,83 €/Kg"
Arroz integral,PorSi Viva Bem,Embalagem de 1 kg,"1,19 €","2,38 €/Kg"
Toalha de Mesa Anti Nódoas,VZT,Dim.: 150 x 200 cm,"13,99 €","13,99 €/Unidade"
Desinfetante p/ WC,Sanytol,Embalagem de 750 ml,"1,79 €","2,39 €/L"
Snack dentastix grande,Pedigree,Embalagem de 270 g,"0,94 €","5,22 €/Kg"
Feijao verde redondo,PorSi,Embalagem de 400g,"1,89 €","1,89 €/Kg"
Lava Tudo Brilhante Madeira,Sonasol,"embalagem 1,1L","2,29 €","2,29 €/L"
Coca-cola zero,Coca-Cola,pack 2 x 1.75 l,"0,40 €/L","0,40 €/L"
Vinho tinto doc douro,Qta.cotto,Garrafa de 750 ml,"7,49 €","9,99 €/L"
"Tiras limpa poros faciais, 6unidades",Labell,1 embalagem,"3,44 €","3,44 €/Unidade"
Spray limpeza casa de banho,PorSi,750 ml,"1,79 €","2,39 €/L"
Mortadela de peru fatiada,PorSi,Embalagem de 200g,"0,95 €","4,75 €/Kg"
Pensos diários salvaslip flexi & fresh normal,Evax,28 unidades,"1,79 €","1,79 €/Unidade"
"Cerveja com álcool, lata",Super Bock,Garrafa de 330 ml,"1,99 €/L","1,99 €/L"
Velociraptor,Clementoni,1 unidade,"49,99 €","49,99 €/Unidade"
Queijo amanteigado fatias,Paiva,Embalagem de 180 g,"1,69 €","8,45 €/Kg"
Chá de plantas salutem - tilia r,Salutem,Embalagem de 20g,"0,99 €","66,00 €/Kg"
Filetes de pescada,PorSi,Embalagem de 400 g,"4,39 €","10,98 €/Kg"
Pastilhas peppermint,CHICLETS,Embalagem de 17 g,"0,89 €","59,33 €/Kg"
Plasticina Kids Cores Sortidas,Bic,Caixa c/ 6 un.,"2,19 €","109,50 €/L"
Anti-traça lavanda,Raid,2 unidades,"4,69 €","4,69 €/Unidade"
Camião do lixo com Luzes,Playmobil,1 unidade,"7,99 €/Unidade","7,99 €/Unidade"
Snack Gato Anti Bolas de Pelo,PorSi,Embalagem 60 g,"0,99 €","16,50 €/Kg"
Queijo flamengo fatiado,PorSi,Embalagem de 200G,"1,69 €","8,45 €/Kg"
Limpa pavimentos flutuantes,PorSi,Embalagem de 1 litro,"1,79 €","2,39 €/L"
Camião do Lixo,Play-Doh,1 unidade,"49,99 €","49,99 €/Unidade"
Batata doce frita,PorSi,Embalagem de 150g,"1,06 €","5,73 €/Kg"
"Jogo ""Números Táteis""",Clementoni,1 unidade,"24,99 €","24,99 €/Unidade"
Ração para gato adulto com bacalhau e legumes,Friskies,Embalagem de 4 kg,"12,99 €","4,33 €/Kg"
Sumo florida,Sunny d,"Embalagem de 0,31 l","1,05 €","3,39 €/L"
Robô Beetle,Clementoni,1 un.,"24,99 €","24,99 €/Unidade"
Faneca,Peixe do Dia,"Vendido ao peso, 1 un = 500 g (aprox.)","2,95 €/Kg","2,95 €/Kg"
Mortadela fatiada,PorSi,Embalagem de 200 g,"0,95 €","4,75 €/Kg"
Conjunto 3 Utensílios p/Churrasco c/Espátula + Garfo...,Bbq,1 embalagem,"0,75 €","0,75 €/Unidade"
Argolas do mar,Pescanova,Embalagem de 400g,"5,49 €","6,86 €/Kg"
Confronto de Camiões Hulk vs Rhino,Lego,1 unidade,"49,99 €","49,99 €/Unidade"
Cera liquida amarela,Novycera,Garrafa de 500 ml,"2,29 €","2,29 €/L"
Gelatina limão 10kcal,Royal,Embalagem de 30g,"0,55 €","61,11 €/Kg"
Patê sardinha,La piara,Embalagem de 80g,"1,19 €","13,52 €/Kg"
Pedras limão/chá verde,P.salgadas,pack 4 x 0.25 l,"2,85 €","2,85 €/L"
Laboratório Mecânica Carro Bombeiros,Clementoni,1 unidade,"24,99 €","24,99 €/Unidade"
Chá infusão açaí,Cemporcent,Embalagem de 13g,"0,99 €","66,00 €/Kg"
"Espumante Danúbio, Bruto",Danúbio,Garrafa de 75 cl,"8,49 €","11,32 €/L"
Cogumelos laminados,PorSi,780 g,"1,79 €","2,29 €/Kg"
Bolachas rosquilhas,PorSi,Embalagem de 600g,"1,69 €","6,76 €/Kg"
Vela com número nº 0,PorSi,1 unidade,"0,80 €","0,80 €/Unidade"
Concentrado de laranja,Sunquick,Garrafa de 700 ml,"4,89 €","6,61 €/L"
Iogurte líquido de morango,Longa vida,Embalagem de 4 x 160 g,"1,17 €","1,83 €/Kg"
Milho doce,PorSi,Embalagem de 400 g,"1,89 €","1,89 €/Kg"
Meia liga licra 15D musk t. único,PorSi,1 unidade,"2,99 €","2,99 €/Unidade"
Bolachas cobertura de chocolate e avelã,PorSi,Embalagem de 150g,"0,79 €","5,27 €/Kg"
Soda water,Schweppes,Garrafa de 250 ml,"1,60 €","3,20 €/L"
Pizza de Atum,PorSi,Embalagem de 350 g,"2,16 €","6,17 €/Kg"
Slime Kit,Science4You,1 unidade,"12,99 €","12,99 €/Unidade"
Pastel de Nata,PorSi,60g,"2,99 €","4,60 €/Kg"
Vinho Branco DOC Dão,Meia encosta,Garrafa de 0.75 l,"3,99 €","5,32 €/L"
Raptor Slash,Nerf,1 unidade,"49,99 €","49,99 €/Unidade"
Unha,Porco,1 un = 500 gr (aprox.),"1,65 €","3,29 €/Kg"
All bran plus,Kellogg's,Embalagem de 500g,"1,49 €","2,98 €/Kg"
Refrigerante c/ gás,Coca-Cola,pack 6 x 0.33 l,"0,40 €/L","0,40 €/L"
Tomate inteiro pelado,PorSi,Embalagem de 390 g,"1,79 €","2,29 €/Kg"
Flauta plástica moderna,Maped,1 unidade,"1,35 €","1,35 €/Unidade"
Actimel morango,Danone,Embalagem de 6 x 100g,"4,15 €/Kg","4,15 €/Kg"
Chouriço com feijão,Nobre,Embalagem de 420g,"2,35 €","5,60 €/Kg"
Bolachas belvita de chocolate,Belvita,Embalagem de 300g,"1,19 €","11,90 €/Kg"
"Chá preto, sem cafeína, 10 saquetas",Tetley,Embalagem de 20g,"1,99 €","49,75 €/Kg"
"Hamburguers de frango, 4 x 80 g",PorSi,Embalagem de 320g,"2,34 €","7,31 €/Kg"
Drageias de chocolate de leite,PorSi,200 g,"1,05 €","21,00 €/Kg"
"Creme anti-rugas revitalizante fps30, dia",L'oreal,Embalagem de 50 ml,"2,99 €","59,80 €/L"
Chicharro Fresco,Peixe do Dia,1 un= 400 g (aprox.),"2,95 €/Kg","2,95 €/Kg"
Loção corporal mini,Nivea,Embalagem de 75 ml,"12,48 €/L","12,48 €/L"
Tomate em pedaços,Guloso,Embalagem de 390g,"3,84 €","24,00 €/Kg"
"Caixa com saquetas de  pau de canela, 30 unidades",PorSi,Embalagem 90G,"0,66 €","22,00 €/Kg"
10 nuggets peito de frango e queijo,Capitão Iglo,Embalagem de 210g,"2,34 €","7,31 €/Kg"
Vinho tinto regional terras dao bib 5l,Silgueiros,Embalagem de 5L,"3,99 €","5,32 €/L"
Maionese Top Down,Calvé,Embalagem de 753 g,"0,70 €","2,33 €/Kg"
Toucinho do céu,PorSi,Embalagem de 2x100 g,"0,55 €","2,75 €/Kg"
"Lixívia para roupa, tradicional verde denso",PorSi,Embalagem de 2L,"1,74 €","0,35 €/L"
Desinfetante Multiusos,Sanytol,Embalagem de 750 ml,"2,89 €","5,25 €/L"
Salsichão fuet caseiro peru,Elpozo,Embalagem de 150g,"1,35 €","16,88 €/Kg"
Corn flakes saco,PorSi,Embalagem de 500g,"1,49 €","2,98 €/Kg"
Ice tea de limão,PorSi,Embalagem de 2 l,"1,90 €","1,27 €/L"
Água com gás,PorSi,"Garrafa de 1,5 l","2,85 €","2,85 €/L"
Cereais petalas chocolate,PorSi,Embalagem de 625g,"5,07 €/Kg","5,07 €/Kg"
Azeite virgem extra seleção,PorSi,Garrafa de 750 ml,"3,19 €","4,25 €/L"
Vinho do porto special reserve,V.alegre,Garrafa de 750 ml,"17,99 €","23,99 €/L"
"Sumo 100%, tutti-frutti",PorSi,Embalagem de 3 x 200 ml,"1,09 €","0,73 €/L"
Sumo essencial manga,Compal,pack 3 x 0.11 l,"2,29 €","6,94 €/L"
Manteiga amendoim cremosa,PorSi,Embalagem de 340g,"4,19 €","12,32 €/Kg"
Bolachas mini,Oreo,Embalagem de 160g,"1,49 €","9,68 €/Kg"
Leite uht gordo,Mimosa,Embalagem de 1 litro,"0,94 €","0,94 €/L"
"Bebida láctea crescimento 1-3 anos, cereais",Nestle,Embalagem de 1 litro,"0,26 €","1,30 €/L"
Vinho verde branco loureiro,Q.REGAINHO,Garrafa de 0.75 l,"1,59 €","2,12 €/L"
"Creme para mãos, proteção intensiva",Atrix,Embalagem de 60 ml,"2,49 €","41,50 €/L"
"Elixir bocal, menta",Labell,Embalagem de 500 ml,"1,29 €","2,58 €/L"
"Queijo, 16 porções",A Vaca Que Ri,Embalagem de 280g,"3,68 €","13,14 €/Kg"
Leite c/ Chocolate,Agros,Embalagem de 4 x 200 ml,"0,26 €","1,30 €/L"
Veículo de Resgate de Montanha,Playmobil,1 unidade,"49,99 €","49,99 €/Unidade"
Pastilhas café platium,Delta,Embalagem de 110g,"54,36 €/Kg","54,36 €/Kg"
Sumo 100% tomate,PorSi,Embalagem de 1.5 l,"1,09 €","0,73 €/L"
Néctar light de manga/laranja prism,PorSi,Embalagem de 1 l,"0,84 €","2,55 €/L"
Salsichas de aves,Nobre,Lata de 200 g,"0,75 €","3,75 €/Kg"
Comida Húmida para Gatinhos Mousse com Vitela,Gourmet Diamant,Embalagem de 85 g,"2,89 €","7,23 €/Kg"
"Cerveja sem álcool, preta",Super Bock,pack 6 x 0.33 l,"5,99 €","3,03 €/L"
Champô Limão & Argila,Ultra Suave,Embalagem de 400 ml,"5,59 €","22,36 €/L"
Tablete de chocolate de leite com passas e avelãs,PorSi Select,Embalagem de 200g,"4,09 €","14,82 €/Kg"
Camião Reciclagem c/ Luz e Som,Dickie Toys,15 cm,"49,99 €","49,99 €/Unidade"
Ração para cão mini adulto menu vitafit com frango,Friskies,"Embalagem de 1,5 kg","11,69 €","3,90 €/Kg"
Pera rocha categoria II Programa Origens,PorSi,Embalagem de 1.5 kg,"1,69 €/Kg","1,69 €/Kg"
Azeite virgem extra seleção,PorSi,Garrafa de 250 ml,"3,19 €","4,25 €/L"
Bicarbonato de sódio,PorSi,Embalagem de 500 g,"1,79 €","2,39 €/L"
Porto tawny valadão,Valadao,Garrafa de 750 ml,"6,29 €","8,39 €/L"
Comida húmida para cão de vaca e frango,PorSi,Lata de 400 g,"0,75 €","2,50 €/Kg"
Chá fresh preto e limão,Cemporcent,Embalagem de 18g,"1,19 €","59,50 €/Kg"
Aperitivos  fritos,Fritos,Embalagem 130G,"0,79 €","7,90 €/Kg"
"Sabonete sólido, oliva",Feno,Embalagem de 4x90g,"1,99 €","12,44 €/Kg"
Pellets madeira,Nova lenha,Embalagem de 15kg,"10,99 €","0,73 €/Kg"
Nestle scm regular tubo 12x pt,Nestle,Embalagem de 450g,"1,09 €","2,75 €/Kg"
Cerveja com álcool,Super Bock,Garrafa de 1 l,"1,99 €/L","1,99 €/L"
Gogo SqueeZ Snack Banana,Gogo,Embalagem de 4 x 90g,"2,29 €","6,94 €/L"
Iogurte sólido sem lactose morango,Mimosa,Embalagem de 480g,"1,87 €","1,25 €/Kg"
Natas uht com cogumelos,Parmalat,Embalagem de 200 ml,"1,12 €","5,60 €/L"
Optimal 7 ultra frescura,Ajax,Embalagem de 1L,"1,19 €","0,79 €/L"
Azeite Subtil,Gallo,Garrafa de 2 l,"3,19 €","4,25 €/L"
Mirtilos 100% Naturais,PorSi,Embalagem de 250 g,"3,29 €","4,39 €/Kg"
Iogurte mix-in smarties baunilha,Nestle,Embalagem de 2 x 128 g,"7,77 €/Kg","7,77 €/Kg"
Assento Auto,Bebéconfort,unidade,"55,99 €","55,99 €/Unidade"
Caderno Diário Liceal Pautado,Firmo,40 Folhas,"0,49 €","0,49 €/Unidade"
"Jogo ""Duelo de Gerações""",Clementoni,1 unidade,"24,99 €","24,99 €/Unidade"
Balões latex vermelho,PorSi,Embalagem com 24 unidades,"1,54 €","1,54 €/Unidade"
Creme de coentros sem batata,PorSi,Embalagem de 400 g,"2,19 €","2,43 €/Kg"
"Vinho Bairrada, Tinto",Selecção de Enófilos,Garrafa de 0.75 l,"2,49 €","3,32 €/L"
Lixívia Denso-Activa Harmonias Florais p/ Casa e Rou...,Neoblanc,Embalagem de 2 l,"1,74 €","0,35 €/L"
Lambrusco bianco,*,Garrafa de 750 ml,"2,29 €","3,05 €/L"
40 filtros café número 4,Planteur,Embalagem com 40 filtros,"0,80 €","0,80 €/Unidade"
Recarga ambientador elétrico delícias de verão,Air Wick,Embalagem de 1 unidades,"1,79 €","1,79 €/Unidade"
Néctar clássico tutti-frutti,Compal,330 ml,"0,99 €","0,99 €/L"
Livro O Patinho Feio,Europrice,1 unidade,"7,50 €/Unidade","7,50 €/Unidade"
Bolacha Maria sem lactose,PorSi Viva Bem,Embalagem de 200 g,"2,49 €","9,96 €/Kg"
Pringles original,Pringles,Embalagem de 175g,"1,06 €","5,73 €/Kg"
Saca Rolhas Elétrico c/ USB,San Ignacio,1 unidade,"0,59 €","0,59 €/Unidade"
"Espuma barbear, mach3 Suave",Gillette,Embalagem de 250 ml,"1,16 €","4,64 €/L"
"Bracito trufa de chocolate, 4 unidades",Dulcesol,Embalagem de 240g,"2,05 €","5,13 €/Kg"
Laranja,Programa Origens,1 un = 180 gr (aprox.),"0,25 €","2,49 €/Kg"
Tomate triturado,Compal,Embalagem de 500g,"3,84 €","24,00 €/Kg"
Parasol,Max,Dim.: 130 x 60 cm,"9,99 €","9,99 €/Unidade"
Óleo Multigasolina 20W40,Galp,Embalagem de 5 l,"12,99 €","12,99 €/L"
"Jogo de Viagem, Quem é Quem?",Hasbro,,"9,99 €","9,99 €/Unidade"
Cubo com formas e Animais,Play-Doh,1 Embalagem,"49,99 €","49,99 €/Unidade"
Penteados com fitas,My Little Pony,1 unidade,"49,99 €","49,99 €/Unidade"
Ravioli de Queijo Cabra e Cebola Caramelizada 250G,Rana,1 Embalagem,"0,99 €","4,30 €/Kg"
Gelado carte d'or chocolate brownie,Olá,Embalagem de 900 ml,"4,58 €/L","4,58 €/L"
Luvas Universal Média/Grande,Vileda,1 unidade,"0,69 €","0,69 €/Unidade"
Limpa fornos,PorSi,500 ml,"1,79 €","2,39 €/L"
Concentrado laranja e pêssego,Sunquick,Garrafa de 580 ml,"4,89 €","6,61 €/L"
Vinho Regional Lisboa Reserva Branco,Marginal,Garrafa de 0.75 l,"3,99 €","5,32 €/L"
Rolo de cozinha mega,PorSi,1 rolo,"4,99 €","4,99 €/Unidade"
Toalha em rolo papel branco,PorSi,1 Unidade,"13,99 €","13,99 €/Unidade"
Toalhita Azul,Dodot,Embalagem c/ Tampa | 64 un.,"1,09 €/Unidade","1,09 €/Unidade"
"Cobertura tipo chantilly, 2x38g",PorSi,Embalagem de 80g,"1,29 €","3,23 €/Kg"
Tinta Plástica Branca,Marilina,Embalagem de 15 l,"12,99 €","0,87 €/L"
Vinho de mesa tinto bag in box,Adega grande,Garrafa de 5 l,"5,19 €","1,04 €/L"
Flakes,Cuetara,Embalagem de 500g,"5,07 €/Kg","5,07 €/Kg"
Massa fettuccine,PorSi,Embalagem de 500g,"0,89 €","1,78 €/Kg"
Bolacha diet nature recheio iogurte,Gullon,Embalagem de 220g,"1,49 €","9,68 €/Kg"
Caramelo líquido,PorSi,Embalagem de 400g,"1,29 €","3,23 €/Kg"
Iogurte pedaços frutas variadas,PorSi,Embalagem de 16 x 125 g,"4,36 €","2,18 €/Kg"
Lança dardos Iron Man,Avengers,1 un.,"49,99 €","49,99 €/Unidade"
Refrigerante sem gás de maçã,Trina,"Garrafa de 1,5 l","1,90 €","1,27 €/L"
Spray limpa inox,Cif,Garrafa de 440 ml,"1,79 €","2,39 €/L"
Costeletas do Lombo,Porco,Vendido ao peso a partir de 1 kg,"3,99 €","3,99 €/Kg"
Bolo coco com calda,Condi,Embalagem de 450g,"2,99 €","6,80 €/Kg"
Refrigerante de lima-limão,Seven-up,"Garrafa de 1,25 l","0,40 €/L","0,40 €/L"
Desinfetante em gel c/ lixívia,Cif,Garrafa de 750 ml,"2,49 €","3,32 €/L"
Creme custard baunilha,Condi,Embalagem de 150g,"2,99 €","6,80 €/Kg"
Bebida de Soja Baunilha,PorSi Viva Bem,1 l,"2,49 €","2,49 €/L"
Rebuçados de café,Villa,Embalagem de 200 g,"1,15 €","4,60 €/Kg"
Bolacha golden,Oreo,Embalagem de 154 g,"1,49 €","9,68 €/Kg"
Eau de Toilette p/Senhora Nº44,Caravan,1 Frasco 150ml,"11,99 €","79,93 €/L"
Sumo concentrado de laranja/maracujá,GUD,Garrafa de 740 ml,"4,89 €","6,61 €/L"
Azeite virgem extra seleção ouro,Oliveira da Serra,Garrafa de 750 ml,"3,19 €","4,25 €/L"
Barras de cereais golden grahams,Nestle,Embalagem de 150g,"3,29 €","21,93 €/Kg"
Cereais golden e crispy,PorSi,Embalagem de 375 g,"5,07 €/Kg","5,07 €/Kg"
Topping morango,Branca de neve,Embalagem de 370g,"1,29 €","3,23 €/Kg"
Gogo SqueeZ Snack Maçã e Pera,Gogo,Embalagem de 4 x 90g,"2,29 €","6,94 €/L"
Azeite Virgem Extra Planícies do Sul,Gallo,Garrafa de 0.75 l,"3,19 €","4,25 €/L"
Manga Refrigerante p/ Garrafas,AR,1 unidade,"17,99 €","17,99 €/Unidade"
Tablete de chocolate amêndoa e caramelo,Milka,Embalagem de 300g,"4,09 €","14,82 €/Kg"
Esparguete Clássica,Nacional,Embalagem de 500 g,"0,89 €","1,78 €/Kg"
Casa mateus temporada - morango   6x350g,Casa de Mateus,Embalagem de 350g,"3,59 €","10,26 €/Kg"
Special k aveia mel,Kellogg's,Embalagem de 420g,"1,49 €","2,98 €/Kg"
Queijo flamengo ralado,PorSi,Embalagem de 200G,"1,69 €","8,45 €/Kg"
Chocolate,After Eight,Embalagem de 200g,"5,25 €","26,25 €/Kg"
"Champô, anti-caspa",Labell Men,Embalagem de 300 ml,"5,99 €","14,98 €/L"
Toalhetes Íntimos Suaves,Corine de Farme,Embalagem com 10 un.,"2,89 €","2,89 €/Unidade"
Milho para pipocas,Globo,Embalagem de 400g,"0,79 €","7,90 €/Kg"
Cereais fitness,Nestle,Embalagem de 380g,"3,99 €","13,30 €/Kg"
Pudim flan,Boca Doce,Embalagem de 10g,"0,59 €","29,50 €/Kg"
Tablete de chocolate de leite,PorSi Select,Embalagem de 200g,"0,53 €","5,30 €/Kg"
Veículo de Resgate de Montanha,Playmobil,1 unidade,"7,99 €/Unidade","7,99 €/Unidade"
Batata frita caseira,PorSi,Embalagem de 500g,"0,87 €","5,44 €/Kg"
Cerveja c/ álcool,Super Bock,pack 24 x 0.33 l,"1,99 €/L","1,99 €/L"
Absorvente de odores marine,Brise,Embalagem de 300 ml,"16,63 €/L","16,63 €/L"
Bolacha dourada dietnature,Gullon,Embalagem de 330g,"1,69 €","2,11 €/Kg"
Tempero para Frangos Ervas Aromáticas,PorSi,34 g,"3,84 €","24,00 €/Kg"
"Jogo ""Super doc""",Clementoni,1 un.,"24,99 €","24,99 €/Unidade"
Pá escavadora,Volvo,26 cm,"49,99 €","49,99 €/Unidade"
"Chá de mel, limão e ginseng",Tetley,Embalagem de 20g,"1,19 €","59,50 €/Kg"
Posta de Bacalhau Longa Higienizada | Congelada,Pescanorte,± 600 a 800 g,"8,73 €/Kg","8,73 €/Kg"
Vinho regional lisboa reserva tinto,Marginal,Garrafa de 0.75 l,"3,99 €","5,32 €/L"
Adoçante recarga,Canderel,Embalagem de 40g,"5,99 €","23,96 €/Kg"
"Livro ""Era uma Vez… Contos Intemporais""",Yoyo Books,1 unidade,"7,50 €/Unidade","7,50 €/Unidade"
Massa esparguete,Milaneza,Embalagem de 500g,"0,89 €","1,78 €/Kg"
Hamburgueres sem glúten de frango,Kilom,Embalagem de 4 x 80 g,"13,59 €/Kg","13,59 €/Kg"
Café 5 estrelas grão,Sical,Embalagem de 1 kg,"9,16 €/Kg","9,16 €/Kg"
Detergente liquido loiça limão,PorSi,Garrafa de 1 litro,"0,99 €","1,98 €/L"
Iogurte corpos danone aroma tutti fruti,Danone,Embalagem de 4 x 120 g,"1,44 €","2,88 €/Kg"
Cereais crunch 375g,Nestle,Embalagem de 380g,"5,07 €/Kg","5,07 €/Kg"
Princesas do mar,PorSi,Embalagem de 255 g,"2,19 €","8,59 €/Kg"
"Linguíca, 4 unidades",PorSi,Embalagem de 180 g,"1,00 €","5,00 €/Kg"
Ananás em rodelas lata,PorSi,Embalagem de 820g,"1,99 €","2,37 €/Kg"
20 saquetas infusão de cidreira,Lipton,Embalagem de 20g,"0,69 €","20,91 €/Kg"
Rolo de Cozinha Branco Eco Compacto,PorSi,2 = 6 Rolos,"4,99 €","4,99 €/Unidade"
Máscara tesouros de mel,Garnier,Embalagem de 300 ml,"1,00 €","5,00 €/L"
Barras cereais chocapic,Nestle,Embalagem de 150g,"3,29 €","21,93 €/Kg"
Alimento para hamsters,Sandimas,Embalagem de 800 g,"2,49 €","2,49 €/Kg"
Croissant simples,PorSi,Embalagem de 400g,"2,05 €","5,13 €/Kg"
Croissant recheado de cacau/avelã,PorSi,Embalagem de 315g,"2,05 €","5,13 €/Kg"
Nestum 5 cereais,Nestum,Embalagem de 250g,"2,99 €","3,99 €/Kg"
Pastilhas descafeinado,Delta,Embalagem de 110g,"54,36 €/Kg","54,36 €/Kg"
Parmigiano reggiano em lascas dop,*,Embalagem de 80g,"1,59 €","6,36 €/Kg"
"Elixir bocal, dentes e gengivas",Listerine,Embalagem de 250 ml,"1,29 €","2,58 €/L"
Queijo regular,Philadelph,Embalagem de 180g,"3,68 €","13,14 €/Kg"
Aspirador e Acessórios,Play-Doh,1 unidade,"49,99 €","49,99 €/Unidade"
Carvão,Carbrica,17 dm3,"0,75 €","0,75 €/Unidade"
Lasanha à bolonhesa,PorSi,Embalagem de 1 kg,"3,99 €","3,99 €/Kg"
Gelatina de laranja,PorSi,Embalagem de 170g,"0,55 €","61,11 €/Kg"
Cuecas Incontinência Maxi Grande,Lindor,Embalagem com 14 un.,"5,99 €","5,99 €/Unidade"
Bolachas marítimas clássicas,PorSi Viva Bem,Embalagem de 200g,"2,69 €","13,45 €/Kg"
Filetes de pescada,Pescanova,Embalagem de 400g,"4,39 €","10,98 €/Kg"
"Chocolate kit kat, single",Kit kat,Embalagem de 40g,"19,47 €/Kg","19,47 €/Kg"
Gel de Banho Shea Butter & Vanilla,Dove,Embalagem de 750 ml,"6,39 €/L","6,39 €/L"
Anti-embaciante,PorSi,Embalagem de 250 ml,"3,99 €","0,80 €/L"
Açúcar demerara,Rar,Embalagem de 500 g,"1,49 €","1,49 €/Kg"
Posta Tradicional 9 Meses Cura,Riberalves,Embalagem de 550 g,"4,99 €","9,98 €/Kg"
Penso júnior,PorSi,20 unidades,"0,59 €","1,18 €/L"
Espumante tinto bruto,Alianca,Garrafa de 750 ml,"8,49 €","11,32 €/L"
Spray wc active clean citrus & waterlilly,Ambipur,750 ml,"1,79 €","2,39 €/L"
Gel Banho Care&Orange,Nivea,Embalagem de 500 ml,"6,39 €/L","6,39 €/L"
Perolas perfumadas floral,PorSi,Embalagem de 275 g,"13,99 €","3,29 €/L"
Queijo fatiado cheddar,PorSi,Embalagem de 150 g,"1,69 €","8,45 €/Kg"
Balões latex rosa,PorSi,Embalagem com 24 unidades,"1,54 €","1,54 €/Unidade"
"Jogo ""Casa das Palavras""",Clementoni,1 unidade,"24,99 €","24,99 €/Unidade"
Vinagre de vinho branco envelhecido,PorSi,Garrafa 250ML,"0,35 €","0,70 €/L"
20 saquetas chá de limão,Lipton,Embalagem de 40g,"1,19 €","59,50 €/Kg"
Discos de amamentação,PorSi,30 unidades,"3,99 €","3,99 €/Unidade"
Arroz agulha,Cigala,Embalagem de 1 kg,"0,99 €","0,99 €/Kg"
Sumo 100% ananás e uva,PorSi,1.5 l,"1,09 €","0,73 €/L"
Estendal Roupa Aço com Abas,Sonecol,Dim.: 18 m,"0,89 €","0,89 €/Unidade"
Bife da Alcatra,Novilho,1 un = 250 gr (aprox.),"11,99 €","14,99 €/Kg"
Boia Unicórnio 50 cm,Mondo,1 unidade,"2,99 €","2,99 €/Unidade"
Galão enriquecido com cálcio,Ucal,Embalagem de 600 ml,"1,99 €","2,49 €/L"
Café em cápsulas dolce gusto ardenza,Nescafe,Embalagem de 110g,"54,36 €/Kg","54,36 €/Kg"
Estábulo para banho dos póneis,Lego,1 unidade,"49,99 €","49,99 €/Unidade"
Tablete de chocolate de preto,Nestle,Embalagem de 90g,"0,99 €","4,95 €/Kg"
Papel higiénico 2 folhas,PorSi,32 rolos,"1,99 €","1,99 €/Unidade"
Piri piri,Calve,Garrafa de 50 ml,"0,70 €","2,33 €/Kg"
Alface frisada categoria: II Programa Origens,PorSi,Embalagem de 300 g,"0,88 €","2,19 €/Kg"
Lancha Motor Subaquático,Playmobil,1 unidade,"49,99 €","49,99 €/Unidade"
Collant licra 15D preta L/XL,PorSi,1 unidade,"2,99 €","2,99 €/Unidade"
Carro polícia com som e luz,Playmobil,1 unidade,"7,99 €/Unidade","7,99 €/Unidade"
Tablete triple caramelo,Milka,Embalagem de 90g,"0,53 €","5,30 €/Kg"
Palhinhas de papel,PorSi,25 unidades,"0,80 €","0,80 €/Unidade"
Vinho branco península de setúbal,Periquita,Garrafa de 0.75 l,"2,99 €","3,99 €/L"
Amaciador intense nature,Comfort,60 doses,"8,99 €","2,25 €/L"
Leite de pastagem magro,Terra Nostra,Embalagem de 1 litro,"0,78 €","0,78 €/L"
Iogurte magro 0% pedaços de frutas,Páturages,Embalagem de 12X125G,"4,36 €","2,18 €/Kg"
Alimento lácteo pera +6 meses,Yogolino,Embalagem de 4 x 100 g,"2,89 €","7,23 €/Kg"
Concentrado maracujá mix,Sunquick,Garrafa de 580 ml,"4,89 €","6,61 €/L"
Creme vegetal p/ barrar reduz colesterol,PorSi Viva Bem,250 g,"1,75 €","3,50 €/Kg"
Chocolate lion,Lion,Embalagem de 40g,"19,47 €/Kg","19,47 €/Kg"
Batata frita camponesa,PorSi,Embalagem de 175 g,"1,19 €","6,43 €/Kg"
Tablete de chocolate de leite com amêndoas - sem açú...,PorSi Viva Bem,Embalagem de 100 g,"4,09 €","14,82 €/Kg"
Molho de whisky cocktail,Calve,Garrafa de 250 ml,"0,70 €","2,33 €/Kg"
Máquina de barbear descartável,Gillette,Embalagem com 4+1 unidades,"1,16 €","4,64 €/L"
Gel de Banho Sweet Pleasure,Bioten,Embalagem de 700 ml,"6,39 €/L","6,39 €/L"
"Agrafos nº24/6, 2000 unidades",Maped,Uma embalagem,"0,45 €","0,45 €/Unidade"
Mota da Polícia,Lego,1 unidade,"49,99 €","49,99 €/Unidade"
Bolacha cracker integral,Cuetara,Embalagem de 200g,"0,39 €","3,12 €/Kg"
Bolachas de água e sal,PorSi,Embalagem de 125g,"0,39 €","3,12 €/Kg"
Milho doce,Bonduelle,Embalagem de 150 g,"1,79 €","2,29 €/Kg"
Bolachas de chocolate leite,Milka,Embalagem de 150g,"0,79 €","5,27 €/Kg"
Posta de bacalhau do atlântico,Pescanova,Embalagem de 700 g,"4,99 €","9,98 €/Kg"
Patê peru,La piara,Embalagem de 80g,"1,19 €","13,52 €/Kg"
Farinha láctea,PorSi,Embalagem de 1 kg,"4,49 €","4,49 €/Kg"
Luvas extra sensation pequenas/médias,Vileda,1 unidade,"0,69 €","0,69 €/Unidade"
Fatia de salame de chocolate,PorSi,Embalagem 60G,"2,05 €","5,13 €/Kg"
Ambulância,Dickie Toys,30 cm,"49,99 €","49,99 €/Unidade"
Gressinos com azeitonas pretas,PorSi,Embalagem de 250g,"2,39 €","6,83 €/Kg"
Flutes Brunello 23.7 cl,DR,Embalagem de 6 unidades,"0,89 €","0,89 €/Unidade"
Ervilhas,PorSi,Embalagem de 1 kg,"1,89 €","1,89 €/Kg"
Iogurte Activia aveia e avelã,Danone,Embalagem de 4 x 120g,"3,21 €/Kg","3,21 €/Kg"
Croutons azeite e alho,PorSi,Embalagem de 150g,"2,39 €","6,83 €/Kg"
Peito de peru,PorSi,"Vendido ao peso, fatiado a partir de 150 g","1,44 €","9,59 €/Kg"
Bebida Energética Red Grape,Hell,250 ml,"1,60 €","3,20 €/L"
"Pedras salgadas gf 0,33 l",P.salgadas,"Garrafa de 1,98 l","2,85 €","2,85 €/L"
Guardanapos brancos folha tripla 33x33 cm,PorSi,70 unidades,"1,29 €","1,29 €/Unidade"
"Maionese, frasco",Hellmman's,Embalagem de 420g,"0,70 €","2,33 €/Kg"
Mel em frasco com doseador,PorSi,Embalagem de 500g,"4,89 €","9,78 €/Kg"
Skinny latte sem açúcar e sem lactose,STARBUCKS,embalagem de 220 ml,"3,19 €","25,52 €/Kg"
Curgete,Programa Origens,un= 300 gr (aprox.),"0,75 €","2,49 €/Kg"
Champô 3 em 1 karpex,Vanish,950 ml,"1,79 €","2,39 €/L"
"Gel banho, nutritivo",Lactovit,Embalagem de 650 ml,"6,39 €/L","6,39 €/L"
Arroz Risotto,PorSi,Embalagem de 1 kg,"0,99 €","0,99 €/Kg"
Água s/ Gás,Serra de Fafe,Garrafa 6L,"1,04 €","0,17 €/L"
Forma tarte em alumínio 24 cm basic,PorSi,1 un.,"28,00 €","28,00 €/Unidade"
Martelo perfurador,Einhell Kids,1 unidade,"49,99 €","49,99 €/Unidade"
Pudim morango,Boca Doce,Embalagem de 20g,"0,59 €","29,50 €/Kg"
Leite 0% lactose magro,Mimosa,Garrafa de 1 l,"1,29 €","1,29 €/L"
Chá infusão passiflora,Cemporcent,Embalagem de 13g,"0,99 €","66,00 €/Kg"
"Recarga ambientador, elétrico, baunilha",Air Wick,Embalagem de 19 ml,"1,79 €","1,79 €/Unidade"
Pepino,Legumes do Dia,1 un = 300 gr  (aprox.),"0,75 €","2,49 €/Kg"
Feijão catarino,PorSi,Embalagem 500G,"0,95 €","1,90 €/Kg"
Feijoada,PorSi,Embalagem de 420 g,"2,35 €","5,60 €/Kg"
Lancheira térmica,Do Art,1 un.,"39,99 €","39,99 €/Unidade"
Caldo de galinha,PorSi,24 cubos,"3,84 €","24,00 €/Kg"
Bolachas multicereais,PorSi,Embalagem de 400 g,"0,90 €","6,00 €/Kg"
Queijo ralado dispensador,PorSi,Embalagem de 80g,"7,45 €/Kg","7,45 €/Kg"
Comida húmida para cão em saquetas de frango/borrego,Purina One,Embalagem de 400g,"0,75 €","2,50 €/Kg"
Cogumelos laminados,Ferbar,Embalagem de 290g,"1,79 €","2,29 €/Kg"
Iogurte natural,PorSi,Embalagem 12 x 125 g,"0,65 €","1,30 €/Kg"
Saqueta puré de fruta e aveia,PorSi,Embalagem de 90g,"0,74 €","8,22 €/Kg"
Chocolate maxi 6 barritas,Kinder,Embalagem de 130g,"2,29 €","17,62 €/Kg"
Collant 15D cintura baixa musk L/XL,PorSi,1 unidade,"2,99 €","2,99 €/Unidade"
Manga Refrigerante p/ Garrafas,AR,1 unidade,"0,59 €","0,59 €/Unidade"
Poncho,Patrulha Pata,1 unidade,"2,99 €","2,99 €/Unidade"
Maçã Golden 70/75,Fruta do Dia,1 un = 150 gr (aprox.),"1,69 €/Kg","1,69 €/Kg"
Moto Polícia,Playmobil,1 unidade,"49,99 €","49,99 €/Unidade"
Cereais chocapic,Nestle,Embalagem de 375 g,"5,07 €/Kg","5,07 €/Kg"
Vinagre de fruta,PorSi,Embalagem de 500 ml,"0,35 €","0,70 €/L"
Brandy,Constantin,Garrafa de 700 ml,"8,99 €","12,84 €/L"
Queijo flamengo fatias light,PorSi,Embalagem de 200g,"2,39 €","19,92 €/Kg"
Tostas de trigo,PorSi,Embalagem 225G,"2,39 €","6,83 €/Kg"
Queijo limiano amanteigado vaca e ovelha sem casca o...,Limiano,Embalagem de 450g,"7,89 €","13,72 €/Kg"
Tablete de chocolate,Chabrior,Embalagem de 250 g,"0,79 €","5,27 €/Kg"
Tomate pelado,Guloso,Embalagem de 800g,"3,84 €","24,00 €/Kg"
Creme p/ Calçado Azul,Búfalo,Embalagem de 40 ml,"2,49 €","31,13 €/L"
Camarao vannamei 40/48,Pescanova,Embalagem de 800G,"8,99 €","25,69 €/Kg"
Abóbora Menina Programa Origens,PorSi,1 un= 1 kg (aprox.),"0,99 €","0,99 €/Kg"
Detergente líquido baby,Skip,22 doses,"9,99 €","6,66 €/L"
Cuecas Incontinência Homem Active Fit M,Tena,9 unidades,"5,99 €","5,99 €/Unidade"
Leite de pastagem uht meio gordo,Milhafre,1 litro,"0,78 €","0,78 €/L"
Camarão 30/40 Madagascar,Congelado Selvagem,1 un = 250 gr  (aprox.),"1,99 €/Kg","1,99 €/Kg"
Cápsulas de café com leite cappuccino,Nescafe,Embalagem com 16 cápsulas,"3,19 €","25,52 €/Kg"
Dentífrico sensibilidade e gengivas,Sensodyne,Embalagem de 75 ml,"2,39 €","31,87 €/L"
Iogurte activia cremoso coco,Danone,Embalagem de 4 x 120 g,"1,49 €","2,98 €/Kg"
Óleo alimentar,Vaqueiro,Garrafa de 1 l,"3,39 €","3,39 €/L"
"Jogo ""Pizza Express""",Clementoni,1 unidade,"24,99 €","24,99 €/Unidade"
Areia para gatos mineral perfumada,PorSi,Embalagem de 5 kg,"1,19 €","0,24 €/Kg"
"Salsichas hot dog, frasco",Izidoro,Embalagem de 240g,"0,75 €","3,75 €/Kg"
Ambientador vela odor tabaco,PorSi,1 unidade,"9,49 €","45,19 €/Kg"
Bebida láctea crescimento 3 anos+,Nestle,Embalagem de 1 litro,"0,26 €","1,30 €/L"
Carro da polícia,Lego,1 unidade,"7,99 €/Unidade","7,99 €/Unidade"
Bebida láctea crescimento 1 a 3 anos,Nestle,Embalagem de 1 litro,"0,26 €","1,30 €/L"
"Cotonetes, 100 unidades",Johnson's Baby,1 embalagem,"1,99 €","1,99 €/Unidade"
Cocktail melão,Bar Royal,Garrafa de 750 ml,"3,99 €","5,32 €/L"
"Inseticida elétrico, moscas e mosquitos, 45 noites",Dum Dum,Uma unidade,"7,69 €","7,69 €/Unidade"
Chocolate culinário 70% cacau,Nestle,Embalagem de 170 g,"1,04 €","8,32 €/Kg"
Leite especial crescimento +3 anos,Mimosa,Garrafa de 1 l,"0,26 €","1,30 €/L"
Arroz agulha,Pato real,Embalagem de 1 kg,"0,99 €","0,99 €/Kg"
Toalhitas Refrescantes Rosto e Mãos,PorSi,Embalagem 3 x 10 un.,"1,10 €","1,10 €/Unidade"
"Papel higiénico compacto, folha dupla",Renova,4 = 12 rolos,"1,99 €","1,99 €/Unidade"
Puré de batata,Saint Eloi,Embalagem de 500 g,"1,99 €","1,99 €/Kg"
Faca de pão,Quittin,20 cm,"1,89 €","1,89 €/Unidade"
8 salsichas aves,PorSi,Embalagem de 200 g,"0,75 €","3,75 €/Kg"
Caldo Verde,Sopas Portuguesas,Embalagem de 400 ml,"2,19 €","2,43 €/Kg"
Sopa de cebola,Knorr,Embalagem de 50g,"0,84 €","13,55 €/Kg"
Chá fresh verde e pêssego,Cemporcent,Embalagem de 18g,"1,19 €","59,50 €/Kg"
Xarope de limão sem corantes,Paquito,Garrafa de 750 ml,"4,89 €","6,61 €/L"
10 pães de leite,PorSi,Embalagem de 350g,"7,40 €/Kg","7,40 €/Kg"
Queijo flamengo fatias light,PorSi,Embalagem de 200g,"1,69 €","8,45 €/Kg"
Rolo de Cozinha Multi,Renova,4 Rolos,"4,99 €","4,99 €/Unidade"
Fósforos compridos para lareira,Quinas,1 unidade,"1,15 €","1,15 €/Unidade"
Pão forma sem côdea,PorSi,Embalagem de 450g,"0,99 €","1,65 €/Kg"
Eau de Toilette p/Senhora Nº9,Caravan,1 Frasco 150ml,"11,99 €","79,93 €/L"
Achocolatado em pó,Nesquik,Embalagem de 800g,"5,59 €","6,99 €/Kg"
Lixivia perfume fresco,Neoblanc,Embalagem de 2 l,"1,74 €","0,35 €/L"
Açucar granulado,PorSi,Embalagem de 1 kg,"1,49 €","1,49 €/Kg"
Chispe da Perna,Porco,1 un = 800 gr (aprox.),"3,99 €","3,99 €/Kg"
Empadão de carne produto pré-cozinhado ultracongelad...,PorSi,Embalagem de 350g,"13,59 €/Kg","13,59 €/Kg"
Mostarda a'lancienne,PorSi Select,190 g,"0,70 €","2,33 €/Kg"
Iogurte liquido proteína yopro morango/framboesa,Yopro,300 g,"1,17 €","1,83 €/Kg"
Amaciador Concentrado Creations Flor Lótus Lima,Comfort,80 doses,"3,99 €","3,99 €/Unidade"
Serviço Gran Reserva |12 Peças,Bormioli,Unidade,"0,89 €","0,89 €/Unidade"
Salada Ibérica Edição do Chef,Vitacress,Embalagem de 120g,"0,88 €","2,19 €/Kg"
Doce de alperce ligth,Paquito,Embalagem de 335g,"3,59 €","10,26 €/Kg"
Alimento húmido para cão saquetas,Pedigree,Embalagem de 400g,"0,75 €","2,50 €/Kg"
Salsichas de porco em lata,PorSi,Embalagem de 200g,"0,75 €","3,75 €/Kg"
Nata uht,Agros,Garrafa de 200 ml,"1,12 €","5,60 €/L"
Maçã Royal Gala 70/75,Programa Origens,1 un = 150 gr (aprox.),"1,69 €/Kg","1,69 €/Kg"
Açúcar branco em saquetas,Rar,Embalagem com 170 saquetas,"1,49 €","1,49 €/Kg"
Bolacha maria junior doces,Vieira,Embalagem de 280g,"1,69 €","2,11 €/Kg"
Batata doce para fritar,PorSi,Embalagem de 600g,"2,39 €","3,98 €/Kg"
Farinha soja,Salutem,Embalagem de 400g,"3,19 €","15,95 €/Kg"
Uva Branca,Fruta do Dia,1 un = 250 gr  (aprox.),"0,75 €","2,99 €/Kg"
Autobrilhante Preto,Búfalo,Embalagem de 50 ml,"2,59 €","2,59 €/Unidade"
Leite condensado magro cozido,Nestle,Embalagem de 390g,"1,09 €","2,75 €/Kg"
Loção solar protect & bronze f30,Nivea Sun,Embalagem de 200 ml,"11,49 €","57,45 €/L"
Cerveja c/ álcool,Super Bock,pack 24 x 0.20 l,"1,99 €/L","1,99 €/L"
Café Moagem Universal do Brasil,PorSi,Embalagem de 220g,"9,16 €/Kg","9,16 €/Kg"
Amaciador concentrado para roupa floral,PorSi,80 doses,"3,99 €","3,99 €/Unidade"
Mousse chocolate,PorSi,Embalagem de 150g,"0,79 €","5,27 €/Kg"
"Salsichas wiennerwurt em frasco, 6 un",Nobre,Embalagem de 250g,"0,75 €","3,75 €/Kg"
Biscoitos sem glúten,Gullon,Embalagem de 200 g,"2,69 €","20,69 €/Kg"
"Escova de dentes macia, 7-13 anos",Labell,1 unidade,"0,99 €","0,99 €/Unidade"
Maçã Starking 70/75,Programa Origens,1 un = 150 gr (aprox.),"1,69 €/Kg","1,69 €/Kg"
Feijão encarnado,PorSi,Embalagem de 420 g,"1,79 €","2,29 €/Kg"
Set multifuncional,Masterpro,5 em 1,"28,00 €","28,00 €/Unidade"
Fiambre da perna extra fatias finas cuida-t+,Nobre,Embalagem de 110g,"0,90 €","5,99 €/Kg"
Miolo de amêndoa sem pele inteira,PorSi,200 g,"1,79 €","3,58 €/Kg"
Spray 3 em 1 pet expert,Vanish,500 ml,"1,79 €","2,39 €/L"
Champô maçã,H&S,340 ml,"5,59 €","22,36 €/L"
Ataque do T-Rex,Playmobil,1 unidade,"7,99 €/Unidade","7,99 €/Unidade"
"Máquina depilatória descartável, 2beauty, 5 unidades",Wilkinson,1 embalagem,"3,29 €","3,29 €/Unidade"
Chá de infusão salutem nº 05 - prolax 10 saquetas,Salutem,Embalagem de 15g,"0,99 €","66,00 €/Kg"
Bacalhau Desfiado do Pacífico,Nossa Selecção,Embalagem de 400 g,"8,73 €/Kg","8,73 €/Kg"
Chocolate sombrinhas,Regina,Embalagem de 15 g,"2,29 €","17,62 €/Kg"
Mini meia licra 15D musk t. único,PorSi,2 unidades,"2,99 €","2,99 €/Unidade"
Detergente máquina roupa em gel universal,Persil,Embalagem de 42 doses,"13,99 €","3,29 €/L"
Snacks para Cão Markies Mini,Pedigree,Embalagem de 500 g,"0,94 €","5,22 €/Kg"
"Pães para hamburguer com sésamo, 4 unidades",Bimbo,embalagem de 220 g,"0,99 €","1,65 €/Kg"
Grelos,PorSi,Embalagem de 750g,"1,89 €","1,89 €/Kg"
"Lava tudo antibacteriano lavanda 1,5l",PorSi,Garrafa de 1.5 l,"0,99 €","0,50 €/L"
"Douradinhos cereais integrais, 10 unidades",Capitão Iglo,Embalagem de 250g,"9,30 €/Kg","9,30 €/Kg"
Estendal de roupa com abas alumínio,PorSi,20 metros,"0,89 €","0,89 €/Unidade"
Guarda sol,Pandicamp,Dim.:180 cm,"14,99 €","14,99 €/Unidade"
Quebrado massa folhada,Pasta dia,Embalagem de 300g,"0,99 €","4,30 €/Kg"
Pensos Higiênicos com Abas Super,Ausonia,embalagem com 12 un.,"2,59 €","2,59 €/Unidade"
"Café em grão, lote superior",Delta,Embalagem de 1 kg,"9,16 €/Kg","9,16 €/Kg"
Cappuccino café arábica cacau magro em pó,PorSi,250 ml,"3,19 €","25,52 €/Kg"
"Jogo ""Faz Fita""",Majora,1 unidade,"24,99 €","24,99 €/Unidade"
12 pastéis de bacalhau,PorSi,Embalagem de 300 g,"2,99 €","9,97 €/Kg"
"Formas de alumínio rectangulares com tampa, 600ml , ...",PorSi,Uma embalagem,"3,49 €","3,49 €/Unidade"
"Forma papel para bolos, 8. 4cm",PorSi,Embalagem com 60 unidades,"0,54 €","0,54 €/Unidade"
Acetona,PorSi,Embalagem de 60 ml,"1,89 €","9,45 €/L"
Café torrado lote chávena máquina,Delta,Embalagem de 250g,"9,16 €/Kg","9,16 €/Kg"
Sobremesa Paturette Creamy Chocolate,Páturages,Embalagem de 4X115G,"1,19 €","2,59 €/Kg"
Chá de infusão salutem nº 18 - camomila 10 saquetas,Salutem,Embalagem de 15g,"0,99 €","66,00 €/Kg"
Desodorizante roll on dermo invisible,Sanex,Embalagem de 50 ml,"50,80 €/L","50,80 €/L"
Caixa Peças Criativas,Lego,1 unidade,"49,99 €","49,99 €/Unidade"
"Borracha mini softy, pack de 3 unidades",Maped,1 embalagem,"3,09 €","3,09 €/Unidade"
Chourico carne das beiras,PorSi,Embalagem de 290g,"1,00 €","5,00 €/Kg"
Palitos redondos,PorSi,Embalagem de 250 unidades,"1,15 €","1,15 €/Unidade"
Leite com sabor a chocolate proteína,Yopro,Garrafa de 330 ml,"1,99 €","2,49 €/L"
Granola,Salutem,Embalagem de 500g,"3,19 €","15,95 €/Kg"
Iogurte liquido proteína yopro morango/framboesa,Yopro,300 g,"5,97 €/Kg","5,97 €/Kg"
Rebuçados mel e limão,PorSi,Embalagem de 200g,"0,77 €","3,85 €/Kg"
Ab bran flakes,Kellogg's,Embalagem de 375g,"1,49 €","2,98 €/Kg"
Leite especial cálcio + vitamina d magro,Mimosa,Garrafa de 1 l,"1,29 €","1,29 €/L"
Whisky 15 anos c/caixa,J&B,Garrafa de 700 ml,"23,99 €","34,27 €/L"
Kiwi categoria II - calibre 30/36,Fruta do Dia,1 un = 150 gr (aprox.),"0,22 €","1,09 €/Kg"
Butter cookies,PorSi,Embalagem de 450g,"0,90 €","6,00 €/Kg"
Paella,It.saveurs,Embalagem de 300g,"2,35 €","5,60 €/Kg"
Pastilhas ice spearmint,CHICLETS,Embalagem de 17 g,"0,89 €","59,33 €/Kg"
Vinho frisante branco,Lapadas,Garrafa de 750 ml,"2,29 €","3,05 €/L"
Bolacha vitalday crocante chocolate,Gullon,Embalagem de 280g,"1,19 €","11,90 €/Kg"
Desinfetante álcool gel,PorSi,100 ml,"0,99 €","9,90 €/L"
Água com gás natural,Perrier,Embalagem de 750ml,"2,85 €","2,85 €/L"
"Detergente líquido, manual loiça, original",Fairy,"Embalagem de 1,5 l","0,99 €","1,98 €/L"
Polpa de tomate em garrafa,Compal,Embalagem de 500g,"3,84 €","24,00 €/Kg"
Iogurte ananás 000%,PorSi Viva Bem,Embalagem de 4 x 125 g,"4,36 €","2,18 €/Kg"
Detergente Máquina Roupa Liquido Bebé,Skip,25 doses,"9,99 €","6,66 €/L"
Costeleta,Novilho,1 un= 400 gr aprox.,"11,99 €","14,99 €/Kg"
Mousse de chocolate leite,Páturages,Embalagem de 4x60 g,"1,19 €","2,59 €/Kg"
Spray fornos e grelhadores,Cif,435 ml,"1,79 €","2,39 €/L"
Ambientador eléctrico Relaxing Zen + recarga,Glade,1 unidade,"3,74 €","3,74 €/Unidade"
Argolas Romana,PorSi,Embalagem de 400 g,"1,91 €","4,78 €/Kg"
Rolos de papel multiusos 2 folhas,PorSi,1 unidade,"4,99 €","4,99 €/Unidade"
Manteiga pasteurizada com sal cuvet,Primor,Embalagem de 250g,"1,69 €","6,76 €/Kg"
Meloa Gália,Fruta da Época,1 un = 1 kg (aprox.),"0,75 €","2,99 €/Kg"
Côtes-du-Rhône Tinto,Ferraton,0.75 litros,"2,09 €","2,79 €/L"
Vinho branco,Aldeia sol,Garrafa de 1 l,"1,59 €","2,12 €/L"
Ambientador spray pure colónia de bebé,PorSi,250 ml,"2,99 €","12,46 €/L"
"Lixívia, perfume fresco",Neoblanc,Embalagem de 4 l,"0,60 €/L","0,60 €/L"
Bolacha de chocolate,Snapy,Embalagem de 250g,"1,69 €","2,11 €/Kg"
Infusão de tília,Tetley,Embalagem de 10g,"0,69 €","20,91 €/Kg"
Cogumelos inteiros,PorSi,Embalagem de 185 g,"1,79 €","2,29 €/Kg"
Polpa de tomate com cebola e alho,Compal,Embalagem de 500g,"3,84 €","24,00 €/Kg"
Bolachas digestivas go maçã,Triunfo,Embalagem de 170g,"1,19 €","5,95 €/Kg"
"Limpa vidros pistola, cristal",Ajax,Embalagem de 500 ml,"3,19 €","6,38 €/L"
Desodorizante spray energy,Labell Men,Embalagem de 200 ml,"1,39 €","6,95 €/L"
Camarão Tigre 6/8,Nossa seleção,vendido ao peso,"8,99 €","25,69 €/Kg"
Concentrado manga,Sunquick,Garrafa de 580 ml,"4,89 €","6,61 €/L"
NASA: Kit Exploração,Clementoni,1 unidade,"24,99 €","24,99 €/Unidade"
Alho Seco,PorSi,Embalagem: 250 g,"0,50 €","4,99 €/Kg"
Tablete de chocolate culinário negro,PorSi,Embalagem de 200 g,"0,99 €","4,95 €/Kg"
Bolachas starship tradicional,PorSi,Embalagem de 150g,"0,90 €","6,00 €/Kg"
Bandas de cera facial peles normais,Veet,Embalagem de 20 unidades,"6,99 €","6,99 €/Unidade"
"Lenços de bolso sensitive, brancos, 10 unidades",Renova,1 embalagem de 18x10,"0,89 €","0,89 €/Unidade"
Manteiga de amendoim,Prozis,Embalagem de 1 kg,"4,19 €","12,32 €/Kg"
Posta de tintureira,PorSi,Embalagem de 500 g,"4,39 €","10,98 €/Kg"
Mortadela fatiada com azeitonas,PorSi,Embalagem de 200 g,"0,95 €","4,75 €/Kg"
Limpa fornos normal,Mr.muscle,Embalagem de 300 ml,"1,29 €","1,72 €/L"
Lixivia perfumada,PorSi,Garrafa de 2 l,"2,59 €","1,30 €/L"
Caldo de galinha 24 cubos,Knorr,Embalagem de 240g,"3,84 €","24,00 €/Kg"
Creepy Mix,Chupachups,Embalagem de 400g,"1,99 €","4,98 €/L"
Sidra maçã,Bandida,Lata de 500 ml,"1,59 €","3,18 €/L"
"Toalhetes intimos protect, 15 unidades",Dystron,Uma embalagem,"2,89 €","2,89 €/Unidade"
Vulcão brilhante,Clementoni,1 unidade,"12,99 €","12,99 €/Unidade"
"Tampão mini, 24 unidades",Labell,1 embalagem,"1,39 €","1,39 €/Unidade"
Amido de milho,PorSi,Embalagem de 400g,"0,64 €","12,80 €/Kg"
Adoçante com doseador,PorSi,Embalagem 300 comprimidos,"5,99 €","23,96 €/Kg"
Paté de atum,PorSi,Embalagem de 65 g,"1,19 €","13,52 €/Kg"
Cocktail de marisco,PorSi,Embalagem de 400 g,"4,99 €","6,24 €/Kg"
Atum ao natural,Ramirez,Embalagem de 120g,"9,08 €/Kg","9,08 €/Kg"
Lixívia tradicional,PorSi,Embalagem de 2 l,"1,74 €","0,35 €/L"
Vinho bag-in-box branco,C.alqueva,Garrafa de 5 l,"9,49 €","1,90 €/L"
Néctar 8 frutos,Bongo,Pack 3 x 200 ml,"0,99 €","0,99 €/L"
"Pasta dentífrica, dentes/gensivas sensitive",Labell,Embalagem de 75 ml,"2,39 €","31,87 €/L"
Radler frutos vermelhos 0%,Sagres,Pack de 4 x 0.33 l,"5,99 €","3,03 €/L"
Milho doce,PorSi,Embalagem de 3 x 140 g,"1,79 €","2,29 €/Kg"
Anti-Traça Gel Lavanda,Dum Dum,2 unidades,"4,69 €","4,69 €/Unidade"
Massa pevide,Nacional,Embalagem de 250g,"0,89 €","1,78 €/Kg"
Café moagem normal: original,Buondi,Embalagem de 220g,"3,49 €","13,96 €/Kg"
Leite C/ Chocolate,Mimosa,Embalagem de 4 x 200 ml,"0,26 €","1,30 €/L"
Bolachas integrais,PorSi,Embalagem de 200g,"1,19 €","5,95 €/Kg"
Acetona,PorSi,Embalagem de 250 ml,"1,89 €","9,45 €/L"
Vinho maduro branco meio seco,Adega grande,Garrafa de 750 ml,"1,59 €","2,12 €/L"
Limpa Moveis Multi Superfícies,Pronto,300 ml,"1,39 €","1,26 €/L"
Boneco Baby Yoda Falante,Star Wars,1 unidade,"49,99 €","49,99 €/Unidade"
Sabonete sensitive,Palmolive,Embalagem de 4x90 g,"1,99 €","12,44 €/Kg"
Champô cabelos pintados,Labell,Embalagem de 250 ml,"5,59 €","22,36 €/L"
Cerveja com álcool abadia,Super Bock,pack 6 x 0.33 l,"1,99 €/L","1,99 €/L"
Queijo mozzarela ralado,Valformoso,Embalagem de 150g,"7,45 €/Kg","7,45 €/Kg"
1ª papa láctea multifrutos sem glúten +4 meses,Cerelac,Embalagem de 250g,"4,49 €","4,49 €/Kg"
Salsichas Frankfurt em lata,Izidoro,Embalagem de 120g,"0,75 €","3,75 €/Kg"
Máquina Depilatória Descartável Venus 3 Plus Pink,Gillette,6 unidades,"3,29 €","3,29 €/Unidade"
Bolacha de manteiga belga c/ chocolate,Saborosa,Embalagem de 200g,"1,69 €","6,76 €/Kg"
Batata frita palha,PorSi,Embalagem de 160g,"0,87 €","5,44 €/Kg"
Kit Limpeza Animal Edição Limitada,Swiffer,Mopa + Espanador,"1,79 €","2,39 €/L"
NASA: Kit Exploração,Clementoni,1 unidade,"12,99 €","12,99 €/Unidade"
Lixívia Spray Mousse,Neoblanc,Embalagem de 700ml,"2,59 €","1,30 €/L"
Barra cereais nesquik delice,Nestle,Embalagem de 140g,"3,29 €","21,93 €/Kg"
Filetes de atum dos Açores em azeite c/ orégãos,PorSi Select,190 g,"9,08 €/Kg","9,08 €/Kg"
Caderno Agrafado Capa Preta |A4 Pautado,Domédia,1 unidade,"0,49 €","0,49 €/Unidade"
Massas alimentícias laços,PorSi,Embalagem de 500g,"0,89 €","1,78 €/Kg"
Queijo de cabra curado,PorSi,Embalagem de 2x100 g,"3,79 €","37,90 €/Kg"
Gelatina pronta a comer morango,Royal,Embalagem de 4 x 100 g,"0,85 €","2,13 €/Kg"
Palitos super finos,PorSi,Embalagem de 85 unidades,"1,15 €","1,15 €/Unidade"
Bolacha shortcake,Nacional,Embalagem de 180g,"1,69 €","6,76 €/Kg"
Vinho Regional Lisboa Reserva | Tinto,Romeira,Garrafa de 750 ml,"3,99 €","5,32 €/L"
Caramelos de leite,Penha,Embalagem de 100g,"2,75 €","11,00 €/Kg"
Tostas dietéticas,Diatosta,Embalagem de 225 g,"1,34 €","5,96 €/Kg"
Cerveja com álcool,Kings Bräu,"Embalagem de 0,33 l","1,99 €/L","1,99 €/L"
Whisky,J&B,Garrafa de 700 ml,"19,99 €","19,99 €/L"
Spray calcário e sujidade,Cillitbang,Garrafa de 500 ml,"1,19 €","0,79 €/L"
Papa infantil não láctea bolacha maria +6 meses,Cerelac,Embalagem de 250g,"4,49 €","4,49 €/Kg"
Néctar vital equilibrio laranja/cenoura/manga,Compal,Embalagem de 1 l,"0,99 €","0,99 €/L"
Crepe simples,PorSi,Embalagem de 630g,"2,99 €","5,54 €/Kg"
Sumo 100% fresh maçã,Compal,Garrafa de 330 ml,"1,09 €","0,73 €/L"
Vinho branco,PorSi,Bag-in-box de 5 litros,"0,69 €","2,76 €/L"
Multiusos cozinha pistola,Mr.muscle,Embalagem de 500 ml,"3,49 €","5,82 €/L"
Papel Fotocópia A4 |80g,Navigator,,"0,45 €","0,45 €/Unidade"
10 hamburguers 60% carne de bovino,PorSi,Embalagem de 1 kg,"2,34 €","7,31 €/Kg"
Banana,Fruta do Dia,1 un = 200 gr (aprox.),"0,22 €","1,09 €/Kg"
Conjunto para bar,Jomafe,4 peças,"0,54 €","0,54 €/Unidade"
Iogurte líquido morango,PorSi,Embalagem de 4 x 160 g,"1,17 €","1,83 €/Kg"
"Refeição pronta, boião de legumes e vitela",Bledina,Embalagem de 200g,"1,89 €","9,95 €/Kg"
"Aperitivos, amendoins no forno",Matutano,Embalagem de 200g,"1,79 €","3,58 €/Kg"
Napolitanas creme cacau,PorSi,Embalagem de 320g,"1,77 €","5,53 €/Kg"
Café moagem universal brasil,Delta,Embalagem de 220g,"3,49 €","13,96 €/Kg"
Mini tostas de trigo,Diatosta,Embalagem de 350 g,"2,39 €","6,83 €/Kg"
Ice tea limão,Lipton,Embalagem de 1L,"1,90 €","1,27 €/L"
Pasta dentífrica herbal branqueadora,Colgate,Embalagem de 75 ml,"2,39 €","31,87 €/L"
Lambrusco bianco,*,Garrafa de 750 ml,"2,09 €","2,79 €/L"
Mini tostas trigo super finas,PorSi,Embalagem de 100 g,"2,39 €","6,83 €/Kg"
Baby Clemmy Balde de Atividades,Clementoni,1 un.,"14,99 €/Unidade","14,99 €/Unidade"
Lixívia densa verde,Neoblanc,Embalagem de 1 l,"1,74 €","0,35 €/L"
Batata frita palha,PorSi,Embalagem de 500g,"0,87 €","5,44 €/Kg"
Lombinhos,Porco,1 un=500 gr aprox.,"3,99 €","3,99 €/Kg"
Iogurte morango 000%,PorSi Viva Bem,Embalagem de 4 x 125 g,"1,44 €","2,88 €/Kg"
Rebuçado recheio morango,PorSi,Embalagem de 250g,"1,00 €","5,00 €/Kg"
Tampão Normal,O.B.,1 Embalagem c/32 unidades,"1,39 €","1,39 €/Unidade"
Tostas integrais,Diatosta,Embalagem de 225 g,"2,39 €","6,83 €/Kg"
Gelatina pronta a comer light 10 kcal melancia,Royal,Embalagem de 4 x 100 g,"0,85 €","2,13 €/Kg"
Salsichas em lata,PorSi,Embalagem  de 120 g,"0,75 €","3,75 €/Kg"
Gelatina light de morango,Condi,Embalagem de 2x15g,"0,55 €","61,11 €/Kg"
Bolachas maria,Triunfo,Embalagem de 200g,"1,69 €","2,11 €/Kg"
Petit gateau morango 4x80g,PorSi,Embalagem de 320g,"2,99 €","5,54 €/Kg"
Bola insuflável patrulha pata 50 cm,Mondo,1 un.,"2,99 €","2,99 €/Unidade"
Bolachas com geleia de laranja,Chabrior,Embalagem de 150 g,"1,77 €","5,53 €/Kg"
Bolachas marítimas baixo teor de sal,PorSi Viva Bem,Embalagem de 200g,"1,19 €","11,90 €/Kg"
Vinho branco regional península de setúbal,Joao pires,Garrafa de 0.75 l,"2,99 €","3,99 €/L"
Sombrinhas decorativas,PorSi,Embalagem com 25 unidades,"1,54 €","1,54 €/Unidade"
Spray power&shine vidros,Cif,Garrafa de 750 ml,"3,49 €","5,82 €/L"
Água s/ gás,Luso,"Garrafa de 0,75 l","1,04 €","0,17 €/L"
Crazy Chic Unicórnio Make Up,Clementoni,1 unidade,"24,99 €","24,99 €/Unidade"
Bolachas chiquilin,Artiach,Embalagem de 180g,"1,69 €","6,76 €/Kg"
Cerveja com álcool,Sagres,Garrafa de 1 l,"1,99 €/L","1,99 €/L"
Lixívia para roupa delicada,Neoblanc,Embalagem de 2 l,"0,60 €/L","0,60 €/L"
10 nuggets de frango,Capitão Iglo,Embalagem de 210g,"2,34 €","7,31 €/Kg"
Flocos de aveia finos sem glúten,Cemporcent,Embalagem de 400g,"1,82 €","7,28 €/Kg"
"Líquido refrigerante, verde 10%",PorSi,Embalagem de 5 l,"3,99 €","0,80 €/L"
Verdinhos Pequenos,Peixe do Dia,1 un= 60 gr (aprox.),"2,95 €/Kg","2,95 €/Kg"
Queijo em fatias original,Casteloes,Embalagem de 200g,"1,69 €","8,45 €/Kg"
Kit veterinário,Play-Doh,1 unidade,"49,99 €","49,99 €/Unidade"
Twister,Hasbro,1 un.,"24,99 €","24,99 €/Unidade"
Vinhos Branco Reserva Dão,Cabriz,"Garrafa de 0,75L","3,99 €","5,32 €/L"
Compal da horta concentrado tomate,Compal,Embalagem de 140g,"3,84 €","24,00 €/Kg"
Fruta para bebé maçã banana morango +8 meses,Nestle,Embalagem de 90g,"0,74 €","8,22 €/Kg"
Aguardente,1920,Garrafa de 700 ml,"11,49 €","16,41 €/L"
Alimento seco para cão adulto,Mecodog,Embalagem de 20 kg,"11,69 €","3,90 €/Kg"
Gel after sun refrescante,Cabana Sun,Embalagem de 200 ml,"9,99 €","49,95 €/L"
Moscatel do douro,Favilla,Garrafa de 750 ml,"6,79 €/L","6,79 €/L"
Leite com chocolate original,Ucal,Embalagem de 6 x 250 ml,"0,26 €","1,30 €/L"
Máquina Depilatória Descartável 3 Sensitive,Bic,Embalagem com 4+2 unidades,"3,29 €","3,29 €/Unidade"
Sidra maçã,Somersby,pack 4 x 0.33 l,"1,59 €","3,18 €/L"
Ambientador para a máquina da loiça de lima e limão,Finish,1 un.,"4,99 €/Unidade","4,99 €/Unidade"
Loção After sun,Cabana Sun,Embalagem de 200 ml,"9,99 €","49,95 €/L"
Gelado tiramisu,PorSi,Embalagem de 900 ml,"4,58 €/L","4,58 €/L"
20 mini rissóis de camarão,PorSi,Embalagem de 300 g,"2,99 €","9,97 €/Kg"
Petit gâteau,PorSi,Embalagem de  4 x 80 g,"2,99 €","5,54 €/Kg"
Mala de ferramentas,MC Power,31 peças,"1,99 €","1,99 €/Unidade"
Pilhas recarregáveis D HR20 2600mAh,Domédia,Embalagem com 2 unidades,"1,49 €","1,49 €/Unidade"
Sopa Creme de Marisco,PorSi,Embalagem de 80 g,"0,84 €","13,55 €/Kg"
"Alimento húmido para gato 7+, aves",Whiskas,Embalagem de 400g,"2,89 €","7,23 €/Kg"
Iogurte natural 0%,PorSi Viva Bem,Embalagem de 6 x 125 g,"0,65 €","1,30 €/Kg"
Carro de Corrida de Rua,Lego,1 unidade,"49,99 €","49,99 €/Unidade"
Pizza marguerita,PorSi,Embalagem de 2 x 300 g,"2,16 €","6,17 €/Kg"
Carcaça Forno de Pedra,Pão do Dia,1 un = 60 gr (aprox.),"0,19 €","2,71 €/Kg"
Tarteletes com recheio avelã,PorSi,Embalagem de 91g,"2,15 €","2,87 €/Kg"
Flan sabor a baunilha com caramelo,PorSi,Embalagem de 6 x 100 g,"1,19 €","2,59 €/Kg"
"Tampão super, 32 unidades",Labell,1 embalagem,"1,39 €","1,39 €/Unidade"
Noodle banzai carne,Cigala,Embalagem de 70g,"0,89 €","1,78 €/Kg"
"Alimento seco para gato junior, galinha",Whiskas,Embalagem de 350g,"12,99 €","4,33 €/Kg"
Cevada solúvel,PorSi,Embalagem de 200g,"1,64 €","6,56 €/Kg"
"Bolachas, tubo",Oreo,Embalagem de 150g,"1,49 €","9,68 €/Kg"
Gel Lubrificante natural play,Durex,Embalagem de 50 ml,"4,49 €","4,49 €/Unidade"
Iogurte natural açucarado em frasco de vidro,PorSi,Embalagem de 2 x 125 g,"0,65 €","1,30 €/Kg"
Coleira repelente para gatos,Repul' 7,Embalagem de 1 unidades,"8,75 €","8,75 €/Unidade"
Recarga inseticida eléctrico líquido anti melgas e m...,Raid,60 noites,"7,69 €","7,69 €/Unidade"
Mini tosta trigo,Diatosta,Embalagem de 90 g,"2,39 €","6,83 €/Kg"
Leite UHT Meio Gordo,Gresso,Embalagem de 1 l,"0,78 €","0,78 €/L"
Pão ralado alho e salsa,PorSi,Embalagem de 240 g,"0,55 €","2,29 €/Kg"
Bambolitos brancos,PorSi,Embalagem de 150g,"0,79 €","5,27 €/Kg"
Rebuçados de mentol,Sweet flav,Embalagem de 250 g,"0,77 €","3,85 €/Kg"
Néctar tutti-fruti,Compal,Pack 3 x 200 ml,"0,99 €","0,99 €/L"
Néctar biológico de maçã,Paquito,"Embalagem de 1,5 l","1,39 €","1,39 €/L"
Pista dinossauro,HTI,com 3 carros,"49,99 €","49,99 €/Unidade"
"Livro ""Um Por Um""",Clube do Autor,Uma unidade,"7,50 €/Unidade","7,50 €/Unidade"
Gelatina pronta a comer light 10 kcal ananás,Royal,Embalagem de 4 x 100 g,"0,85 €","2,13 €/Kg"
Bicicleta,Unicórnio,"roda 12""","114,99 €/Unidade","114,99 €/Unidade"
Manteiga magra baixo teor sal,President,Embalagem de 250g,"1,69 €","6,76 €/Kg"
Snack bio base de milho e aveia c/ amendoim,Gerber,Embalagem de 35g,"1,89 €","9,95 €/Kg"
Palmilha cortiça com latex t 38/39,Sonaf,1 unidade,"4,99 €","99,80 €/L"
Monopoly Viaja Pelo Mundo,Hasbro,1 un.,"24,99 €","24,99 €/Unidade"
Napolitas creme baunilha,PorSi,Embalagem de 320g,"2,05 €","5,13 €/Kg"
Caldo de galinha 16 cubos,Knorr,Embalagem de 160g,"3,84 €","24,00 €/Kg"
Tablete de chocolate oreo,Milka,Embalagem de 300g,"0,53 €","5,30 €/Kg"
Set Criativo,Rainbow High,1 unidade,"49,99 €","49,99 €/Unidade"
Canelones à bolonhesa,PorSi,Embalagem de 1 kg,"3,99 €","3,99 €/Kg"
"Gel depilatório, peles sensiveis",Labell,Embalagem de 200 ml,"2,99 €","14,95 €/L"
Vinho maduro branco,C.da eira,Garrafa de 1 l,"0,69 €","2,76 €/L"
"Aperitivos, amendoins no forno",Matutano,Embalagem de 200g,"0,79 €","7,90 €/Kg"
Bolachinhas,Cerelac,Embalagem de 180g,"3,49 €","19,39 €/Kg"
Gel Banho Apollo,Axe,Embalagem de 400 ml,"5,99 €","14,98 €/L"
Vinho verde branco,Aveleda,Garrafa de 750 ml,"1,99 €","2,65 €/L"
Cerveja sem álcool,Super Bock,Pack 6 x 20 cl,"5,99 €","3,03 €/L"
Gel de Banho Deeply Nourishing,Dove,Embalagem de 750 ml,"6,39 €/L","6,39 €/L"
Nancy Um Dia A Fazer Madeixas,Nancy,1 un.,"34,99 €/Unidade","34,99 €/Unidade"
Gelatina frutos tropicais  10kcal,Royal,Embalagem de 30g,"0,55 €","61,11 €/Kg"
Tortitas de Arroz com Chocolate Negro,Bicentury,Embalagem de 130g,"2,69 €","13,45 €/Kg"
Pensos diários maxi cotton aloé,Carefree,Embalagem com 30 unidades,"1,79 €","1,79 €/Unidade"
Queijo de vaca curado light amanteigado,PorSi,+/- 550 g,"7,89 €","13,72 €/Kg"
Fortnite Blaster Six Shoote,Nerf,1 unidade,"49,99 €","49,99 €/Unidade"
Granola + deliciosa,Cemporcent,Embalagem de 350g,"1,82 €","7,28 €/Kg"
Gel de Banho Secrets Oil Avocato,Dove,Embalagem de 500 ml,"6,39 €/L","6,39 €/L"
Detergente de Máquina Loiça Tudo em 1,Fairy,80 cápsulas,"4,99 €/Unidade","4,99 €/Unidade"
Ração para cão adulto vitafit light com frango,Friskies,Embalagem de 3 kg,"11,69 €","3,90 €/Kg"
Bifanas,Porco,Vendido ao peso a partir de 1 kg,"3,99 €","3,99 €/Kg"
Farinha nao láctea bolacha maria,PorSi,Embalagem de 250g,"4,49 €","4,49 €/Kg"
Licor de plantas aromáticas,On Off,"Garrafa de 0,70 l","7,99 €","11,41 €/L"
"Escova dentes, proteção global suave, 2 unidades",Labell,1 embalagem,"1,49 €","1,49 €/Unidade"
"Bebidas leite, caramelo machiatto",STARBUCKS,Embalagem de 220 ml,"1,99 €","2,49 €/L"
"Shampoo, laranja",PorSi,Embalagem de 1 l,"3,99 €","0,80 €/L"
Pilha alcalina classic lr03x4,Domédia,1 unidade,"1,49 €","1,49 €/Unidade"
Rhum com coco,Malibu,Garrafa de 700 ml,"16,49 €","23,56 €/L"
Moto Polícia,Playmobil,1 unidade,"7,99 €/Unidade","7,99 €/Unidade"
Bloco Sanitário Sólido Poder Activo Pinho,Sonasol,Embalagem de 2x50 g,"37,36 €/Kg","37,36 €/Kg"
Batata Doce,Legumes do Dia,1 un = 250 gr  (aprox.),"0,50 €","4,99 €/Kg"
Pensos diários respirare,Carefree,embalagem com 20 unidades,"1,79 €","1,79 €/Unidade"
Esoumante prosecco branco,Gancia,Garrafa de 750 ml,"9,69 €","12,92 €/L"
Conjunto para bar,Jomafe,4 peças,"3,99 €","5,32 €/L"
Especialidade de soja framboesa/maracujá,SojaSun,Embalagem de 4 x 100 g,"2,59 €","6,48 €/Kg"
Doce pessego 284g,ST.DALFOUR,Frasco de 284g,"2,74 €","9,79 €/Kg"
Desinfetante p/ Cozinha,Sanytol,Embalagem de 750 ml,"2,89 €","5,25 €/L"
Alimento seco para cão mix,PorSi,Embalagem de 4 kg,"11,69 €","3,90 €/Kg"
Ambientador elétrico + recarga alfazema,PorSi,1 unidade,"3,74 €","3,74 €/Unidade"
"Farinha 8 cereais, mel e bolacha maria",Nutriben,Embalagem de 300g,"4,49 €","4,49 €/Kg"
Cadeira de Refeição Dobrável,Safety 1st,1 unidade,"55,99 €","55,99 €/Unidade"
Whisky Blended,Label 5,Garrafa de 1L,"19,99 €","19,99 €/L"
Pensos Higiénicos Cottonlike com Abas Normal Plus,Evax,28 unidades,"2,59 €","2,59 €/Unidade"
Aperfeiçoador BB Cream Oil Free Médio,Garnier,Embalagem de 40 ml,"2,99 €","59,80 €/L"
"Bolachas aperitivas, simples",Tuc,Embalagem de 100g,"1,19 €","11,90 €/Kg"
Leite s/ lactose meio gordo,Mimosa,Garrafa de 1 l,"1,29 €","1,29 €/L"
Cappuccino intenso,Nescafe,Embalagem de 130g,"3,19 €","25,52 €/Kg"
Mimosa proteína cacau,Mimosa,Embalagem de 250 ml,"0,99 €","0,99 €/L"
Amaciador G. Maravilhosa,Ultra Suave,Embalagem de 400 ml,"1,00 €","5,00 €/L"
Pasta de atum,Fides,Embalagem de 90g,"1,19 €","13,52 €/Kg"
Gelatina morango 10kcal,Royal,Embalagem de 30g,"0,55 €","61,11 €/Kg"
12 Macarons Sortidos,PorSi Select,Embalagem de 144 g,"2,99 €","5,54 €/Kg"
Sabonete exfoliante alperce,Labell,Embalagem de 100 g,"1,99 €","12,44 €/Kg"
20 saquetas infusão de lúcia lima,Lipton,Embalagem de 30g,"0,99 €","23,02 €/Kg"
Mini tostas integrais,PorSi,Embalagem de 180g,"2,39 €","6,83 €/Kg"
Spray tira gorduras,PorSi,Embalagem de 750 ml,"1,29 €","1,72 €/L"
Óleo Cedro Líquido,PorSi,Embalagem de 200 ml,"1,39 €","1,26 €/L"
Napolitanas creme cacau,PorSi,Embalagem de 320g,"2,05 €","5,13 €/Kg"
Cereais argolas de mel,PorSi,Embalagem de 375 g,"5,07 €/Kg","5,07 €/Kg"
Iogurte tipo grego stracciatella,PorSi,Embalagem de 500g,"1,49 €","2,98 €/Kg"
Lixívia tradicional,PorSi,Embalagem de 1 l,"1,74 €","0,35 €/L"
Ambientador Duplo Baunilha,Arbre Magique,,"3,99 €","3,99 €/Unidade"
Vinho branco,PorSi,embalagem de  3X187 ml,"0,69 €","2,76 €/L"
Livro Quero Conhecer o Meu Mundo,Europrice,1 unidade,"7,50 €/Unidade","7,50 €/Unidade"
Cereais chocapic,Nestle,Embalagem de 630g,"5,07 €/Kg","5,07 €/Kg"
Bolacha de aveia e laranja sem glúten,Gullon,Embalagem de 180 g,"2,69 €","20,69 €/Kg"
Iogurte Activia Fibras Aveia & Frutos Secos,Danone,Embalagem 4x115g,"3,21 €/Kg","3,21 €/Kg"
Peito de frango,PorSi,"Vendido ao peso, fatiado a partir de 150 g","1,44 €","9,59 €/Kg"
Gel arnica,Labell,Embalagem de 75ml,"2,29 €","458,00 €/Kg"
Queijo flamengo fatiado light,Paiva,Embalagem de 180g,"1,69 €","8,45 €/Kg"
Água com gás,Vimeiro,pack 6 x 0.25 l,"2,85 €","2,85 €/L"
"Elixir bocal, cool mint",Sensodyne,Embalagem de 500 ml,"1,29 €","2,58 €/L"
Néctar de 8 frutos,Bongo,Garrafa de 1 l,"0,99 €","0,99 €/L"
Leite uht magro,Mimosa,Embalagem de 1 litro,"0,78 €","0,78 €/L"
Bolachas vitalday recheio iogurte c/ frutos vermelho...,Gullon,Embalagem de 220g,"2,69 €","13,45 €/Kg"
Feijão frade,Compal,Lata de 410 ml,"1,79 €","2,29 €/Kg"
Pizza fiambre e queijo,Campofrio,Embalagem de 360g,"0,99 €","4,30 €/Kg"
Arroz basmati,PorSi,Embalagem de 1 kg,"0,99 €","0,99 €/Kg"
Queijo fatias -50% de gordura,Limiano,Embalagem de 400g,"1,69 €","8,45 €/Kg"
Arroz basmati,Caçarola,Embalagem de 1 kg,"0,99 €","0,99 €/Kg"
Ovos galinha solo m,PorSi,6 ovos,"1,39 €","1,39 €/Unidade"
Concentrado Laranja e Pêssego,Sunquick,Garrafa de 700 ml,"4,89 €","6,61 €/L"
Óleo Bronzeador F4,Hawaiian Tropic,Embalagem de 200 ml,"11,49 €","57,45 €/L"
Ice tea de manga,Lipton,Garrafa de 2 l,"1,90 €","1,27 €/L"
Arroz integral,PorSi Viva Bem,Embalagem de 1 kg,"0,99 €","0,99 €/Kg"
Batata frita gourmet,PorSi,Embalagem de 150g,"1,06 €","5,73 €/Kg"
Pão de forma integral,Bimbo,Embalagem de 480 g,"0,99 €","1,65 €/Kg"
"Limpa vidros pistola, tripla acção",Ajax,Embalagem de 500 ml,"3,19 €","6,38 €/L"
Queijinho petit nesquik,Nestle,Embalagem de 6 x 60 g,"7,77 €/Kg","7,77 €/Kg"
Açúcar amarelo,PorSi,Embalagem de 1 kg,"1,49 €","1,49 €/Kg"
Costeletas do Cachaço,Porco,Vendido ao peso a partir de 1 kg,"3,99 €","3,99 €/Kg"
Fuet extra,PorSi,170 g,"1,00 €","5,00 €/Kg"
"Tampão com aplicador, compak super, 16 unidades",O.B.,1 embalagem,"1,39 €","1,39 €/Unidade"
Leite uht meio gordo,Mimosa,Embalagem de 1 litro,"0,78 €","0,78 €/L"
Carro de passeio,Asalvo,Dos 6 meses a 15 kg,"55,99 €","55,99 €/Unidade"
Tentáculos pota,PorSi,Embalagem de 800G,"5,49 €","6,86 €/Kg"
"Rebuçados sem açúcar, mentho-lyus",Halls,Embalagem de 128 g,"0,77 €","3,85 €/Kg"
Creme de fixação para dentaduras,Labell,Embalagem de 50 g,"7,39 €","105,57 €/Kg"
"Pensos diários respirare, 44 unidades",Carefree,Uma embalagem,"1,79 €","1,79 €/Unidade"
Néctar de pera,PorSi,Pack 3 x 200 ml,"0,99 €","0,99 €/L"
Ração para cão mini adulto menu vitafit com vaca,Friskies,"Embalagem de 1,5 kg","11,69 €","3,90 €/Kg"
Agarro o Coco,Games,,"24,99 €","24,99 €/Unidade"
Agrafador + 400 agrafos,Domédia,Uma embalagem,"2,19 €","109,50 €/L"
"Alimento húmido para cão, galinha e cordeiro",Pedigree,Embalagem de 400g,"0,75 €","2,50 €/Kg"
Super Napolitana Creme 125 g,Pastelaria do Dia,1 un = 125 g (aprox.),"1,10 €","1,10 €/Unidade"
"Ice tea, pêssego",PorSi,"Embalagem de 6x0,20 l","1,90 €","1,27 €/L"
Vinho tinto doc bairrada,R.c.antiga,Garrafa de 750 ml,"2,49 €","3,32 €/L"
Travessa com naperon 45x36cm,PorSi,1 unidade,"0,54 €","0,54 €/Unidade"
"Paté de sarinha, atum e marisco",Fides,Embalagem de 90g,"1,19 €","13,52 €/Kg"
Bolacha wafer baunilha,PorSi,Embalagem de 180g,"0,98 €","4,67 €/Kg"
"Livro ""Estranho lugar para amar""",Clube do Autor,1 unidade,"7,50 €/Unidade","7,50 €/Unidade"
Corda de saltar,Umbro,1 unidade,"2,99 €","2,99 €/Unidade"
Estádio,Beyblade,1 un.,"49,99 €","49,99 €/Unidade"
Autocarro Formas e Cores,Baby Clementoni,1 unidade,"14,99 €/Unidade","14,99 €/Unidade"
Pizza fresca de fiambre e queijo,PorSi,400 g,"0,99 €","4,30 €/Kg"
Pêssego metades calda,PorSi,Embalagem de 3x205g,"1,99 €","2,37 €/Kg"
"Ração granulado, frangos (2fase)",Rac.zezere,Embalagem de 5 kg,"2,49 €","2,49 €/Kg"
Aperitivos de amendoim com sal e mel,Matutano,Embalagem de 150g,"0,79 €","7,90 €/Kg"
Água mineral natural alcalina,MONCHIQUE,"6x1,5l","1,04 €","0,17 €/L"
Iogurte liquido stracciatella,PorSi,Embalagem de 4 x 160 g,"1,17 €","1,83 €/Kg"
Activia topper muesli & arando,Danone,Embalagem de 170g,"3,21 €/Kg","3,21 €/Kg"
Coca-cola light,Coca-Cola,Garrafa de 1 l,"0,40 €/L","0,40 €/L"
"Rolos de cozinha compactos, branco, máxima absorção,...",Renova,1 unidade,"4,99 €","4,99 €/Unidade"
Farinha rainha c/ fermento,Nacional,Embalagem de 1000 g,"1,99 €","1,99 €/Kg"
"Inseticída, vaporizador, extra gt",Biokill,Garrafa de 380 ml,"5,49 €","14,64 €/L"
Esponja limpa camurça,PorSi,1 unidade,"1,49 €","1,49 €/Unidade"
Galette de Rois Maçã,*,100 g,"2,99 €","4,60 €/Kg"
Rede com pequeno almoço,Écoiffier,1 unidade,"49,99 €","49,99 €/Unidade"
Infusão de frutos vermelhos,Tetley,Embalagem de 20g,"1,19 €","59,50 €/Kg"
Mini Tostas de Trigo,PorSi,Embalagem de 350 g,"2,39 €","6,83 €/Kg"
Detergente Líquido p/ Máquina de Lavar Roupa Bebé,A+,Embalagem 28 Doses,"9,99 €","6,66 €/L"
"Livro ""Pequenas Histórias de Animais que se Tornaram...",Girassol,1 unidade,"7,50 €/Unidade","7,50 €/Unidade"
15 barrinhas pescada,Pescanova,Embalagem de 450g,"9,30 €/Kg","9,30 €/Kg"
Lixivia perfumada,PorSi,Garrafa de 2 l,"1,74 €","0,35 €/L"
Leite uht magro,PorSi,Embalagem de 1 litro,"0,78 €","0,78 €/L"
Creator Buggy Todo-o-Terreno,Lego,1 unidade,"7,99 €/Unidade","7,99 €/Unidade"
Arroz agulha,Saludães,Embalagem de 1kg,"0,99 €","0,99 €/Kg"
Iogurte líquido morango / framboesa corpos danone,Danone,Embalagem de 4 x 155 g,"1,17 €","1,83 €/Kg"
Alho moído,PorSi,Frasco com 45 g,"0,66 €","22,00 €/Kg"
Laboratório Mecânica Camião de Mina,Clementoni,1 unidade,"12,99 €","12,99 €/Unidade"
Azeite tradição,Oliveira da Serra,Embalagem 3L,"3,19 €","4,25 €/L"
Cereais fitness,Nestle,Embalagem de 640 g + 320 g grátis,"3,99 €","13,30 €/Kg"
Ração para gato indoor,Purina One,Embalagem de 800g,"12,99 €","4,33 €/Kg"
5 douradinhos rústicos,Capitão Iglo,Embalagem de 300g,"1,91 €","4,78 €/Kg"
Bolacha de caramelo,Snapy,Embalagem de 250g,"1,69 €","2,11 €/Kg"
Tiranossauro Rex,Clementoni,1 unidade,"49,99 €","49,99 €/Unidade"
Néctar pêssego,Compal,Pack 3 x 200 ml,"0,99 €","0,99 €/L"
Massa esparguete,PorSi,Embalagem de 500g,"0,89 €","1,78 €/Kg"
Esparguete fino,Nacional,Embalagem de 500g,"0,89 €","1,78 €/Kg"
"Bolachas aperitivas, bacon",Tuc,Embalagem de 100g,"1,19 €","11,90 €/Kg"
Queijinhos Babybel Mix,Babybel,Embalagem de 180g,"0,82 €","23,43 €/Kg"
Tostas multicereais sem glúten,PorSi Viva Bem,Embalagem de 140g,"2,69 €","20,69 €/Kg"
Fósforos cozinha,Quinas,Embalagem com 4 caixas por unidade,"1,15 €","1,15 €/Unidade"
Maçã Granny Smith 70+,Fruta do Dia,1 un = 150 gr (aprox.),"1,69 €/Kg","1,69 €/Kg"
Iogurte Bifidus Activia Chia Amêndoa 0%,Danone,Embalagem 4x120g,"3,21 €/Kg","3,21 €/Kg"
"Inseticida max, concentrado sensitive",Dum Dum,Garrafa de 400 ml,"5,49 €","14,64 €/L"
Geleia de morango,Casa de Mateus,Embalagem de 345 g,"3,29 €","9,54 €/Kg"
Café mistura peninsular,Delta,Embalagem de 250g,"1,64 €","6,56 €/Kg"
Rosquilhas canela,Cuetara,Embalagem de 450g,"1,19 €","11,90 €/Kg"
Ambientador recarga bouquet,Air Wick,Garrafa de 250 ml,"1,79 €","1,79 €/Unidade"
Sabonete patti,Ach Brito,Embalagem de 160 g,"1,99 €","12,44 €/Kg"
Bolachas chips ahoy,Ca!,Embalagem de 130g,"0,90 €","6,00 €/Kg"
Salmão Fumado da Noruega,PorSi,Embalagem de 200 g,"3,35 €","22,33 €/Kg"
Chá de infusão salutem nº 46 - oliveira 10 saquetas,Salutem,Embalagem de 15g,"0,99 €","66,00 €/Kg"
Farinha soja,Salutem,Embalagem de 400g,"1,49 €","3,73 €/Kg"
Leite condensado magro,PorSi,Embalagem de 390 g,"1,09 €","2,75 €/Kg"
8 hamburguers s/ glúten frango,Capitão Iglo,Embalagem de 480g,"11,44 €/Kg","11,44 €/Kg"
Presunto Fatiado Finissimo,Gonçalos,Embalagem de 100 g,"2,79 €","13,95 €/Kg"
Hummus Caril Açafrão c/ Azeite Virgem Extra 100% Nat...,SONATURAL,Embalagem de 200g,"2,19 €","2,43 €/Kg"
12 nuggets frango polme americano,Capitão Iglo,Embalagem de 220g,"13,59 €/Kg","13,59 €/Kg"
Bacalhau desfiado,Pescanova,Embalagem de 400 g,"4,99 €","9,98 €/Kg"
Comida húmida de vaca para cão,Friskies,Embalagem de 4 x 100 g,"0,75 €","2,50 €/Kg"
Filetes de cavala em azeite,PorSi,Embalagem de 120 g,"9,08 €/Kg","9,08 €/Kg"
Bebida de soja com cálcio,PorSi Viva Bem,Embalagem de 1 litro,"2,49 €","2,49 €/L"
Anti-Traça Cedro,Dum Dum,2 unidades,"4,69 €","4,69 €/Unidade"
Piscina criança c/ repuxo,Bestway,Dim.: Ø 152 cm,"2,99 €","2,99 €/Unidade"
"Pasta dentífrica, tripla ação",Labell,Embalagem de 75 ml,"2,39 €","31,87 €/L"
Bolachas de aveia e trigo integral,PorSi Viva Bem,Embalagem de 240g,"1,19 €","11,90 €/Kg"
Iogurte magro + gelatina framboesa,Mimosa,Embalagem de 4 x 120 g,"1,44 €","2,88 €/Kg"
Bife do Pojadouro,Novilho,Vendido ao peso a partir de 800 g,"11,99 €","14,99 €/Kg"
Iogurte líquido morango/cereais,PorSi,Embalagem de 4 x 160 g,"1,17 €","1,83 €/Kg"
Iogurte líquido de frutos vermelhos,PorSi,Embalagem de 4 x 160 g,"1,17 €","1,83 €/Kg"
Saqueta puré de fruta e bolacha,PorSi,Embalagem de 90g,"0,74 €","8,22 €/Kg"
Batata pré-frita mediterranean,MCCAIN,Embalagem de 750g,"2,39 €","3,98 €/Kg"
Leite Bem Essencial cereais,Mimosa,Embalagem de 4 x 200 ml,"1,99 €","2,49 €/L"
Meia liga licra 15D preto t. único,PorSi,1 unidade,"2,99 €","2,99 €/Unidade"
Fita adesiva,PorSi,5m x 2.5 cm,"0,59 €","1,18 €/L"
Cerveja super bock,Super Bock,Pack 6 x 200 ml,"1,99 €/L","1,99 €/L"
Azeite virgem clássico,PorSi,Garrafa de 750 ml,"3,19 €","4,25 €/L"
"Polpa de maracujá, em lata",Koala,Embalagem de 570g,"4,19 €","7,35 €/Kg"
Vinho frutado branco,Flor do Campo,Garrafa 0.75L,"1,59 €","2,12 €/L"
Forra livros,Mab,,"0,45 €","0,45 €/Unidade"
Vinho Verde Branco Loureiro,QT.GOMARIZ,Garrafa de 750 ml,"1,59 €","2,12 €/L"
Carro polícia com som e luz,Playmobil,1 unidade,"49,99 €","49,99 €/Unidade"
Bolacha integral doce,Vieira,Embalagem de 180g,"1,19 €","5,95 €/Kg"
Sopa Canja de Galinha c/ Aletria,PorSi,Embalagem de 75 g,"0,84 €","13,55 €/Kg"
Achocolatado em Pó,Nesquik,Embalagem de 700g,"5,59 €","6,99 €/Kg"
Tira gorduras pistola,Mistolin,Garrafa de 550 ml,"2,89 €","5,25 €/L"
Tablete de chocolate culinário 70% negro,PorSi,Embalagem de 200 g,"0,99 €","4,95 €/Kg"
Miolo de camarão 100/200,H2Gelo,Embalagem de 250  g,"8,99 €","25,69 €/Kg"
"Jogo ""Cubos Matemáticos""",Clementoni,1 unidade,"24,99 €","24,99 €/Unidade"
Gel Duche Men Active Clean,Nivea Men,Embalagem de 500 ml,"5,99 €","14,98 €/L"
Queijo meio gordo fatias,Paiva,Embalagem de 180g,"1,69 €","8,45 €/Kg"
Meia liga licra 15D tabac t. único,PorSi,1 unidade,"2,99 €","2,99 €/Unidade"
"Vela em número, nº 8",PorSi,1 unidade,"0,80 €","0,80 €/Unidade"
Água mineral sem gás,Vitalis,Pack 6 x 1.5 l,"1,04 €","0,17 €/L"
Coleira em nylon p/ cão  repelente 75cm,Repul' 7,Embalagem de 1 unidades,"9,49 €","9,49 €/Unidade"
Iogurte líquido yoggi morango/banana,Nestle,Embalagem de 4 x 160 g,"1,17 €","1,83 €/Kg"
Massa de cotovelos grandes riscados,Milaneza,Embalagem de 500g,"0,89 €","1,78 €/Kg"
Arroz carolino,Louro,Embalagem de 1 kg,"0,99 €","0,99 €/Kg"
Mimosa proteína cacau,Mimosa,Embalagem de 250 ml,"0,78 €","0,78 €/L"
"Gel banho, sport marine",Labell Men,Embalagem de 250 ml,"5,99 €","14,98 €/L"
Esfregão de Teflon,Fino,1 unidade,"0,79 €","0,79 €/Unidade"
Café descafeinado,PorSi,Embalagem de 250g,"1,59 €","6,36 €/Kg"
Bolachas com duplo creme,Oreo,Embalagem de 190g,"1,49 €","9,68 €/Kg"
Lava tudo antibacteriano floral,PorSi,"Garrafa de 1,5 l","0,99 €","0,50 €/L"
"Papel Vegetal, 8mt",Fino,1 unidade,"3,49 €","3,49 €/Unidade"
Couve Flor,Legumes do Dia,Vendido ao peso,"0,92 €","2,29 €/Kg"
Puré de maçã sem adição açúcar,PorSi,700 g,"0,74 €","8,22 €/Kg"
Feijão manteiga,PorSi,Frasco com 540 g,"1,79 €","2,29 €/Kg"
Bóia Patrulha Pata 50 cm,Mondo,1 unidade,"2,99 €","2,99 €/Unidade"
Vinho do porto lbv 2004,Cruz,Garrafa de 0.75 l,"17,99 €","23,99 €/L"
Alho picado,PorSi,Embalagem de 100 g,"3,29 €","4,39 €/Kg"
Descafeinado,Buondi,10 cápsulas,"1,59 €","6,36 €/Kg"
Doce de framboesa,ST.DALFOUR,Frasco de 284g,"2,74 €","9,79 €/Kg"
Queijo creme de camembert,Président,embalagem de 125 g,"1,45 €","7,25 €/Kg"
6 Preservativos Adapta Nature,Control,,"4,49 €","4,49 €/Unidade"
Néctar vital equilibrio manga/maracujá,Compal,Embalagem de 1 l,"0,84 €","2,55 €/L"
Livro Pop-Ups - Oceanos,Europrice,1 unidade,"7,50 €/Unidade","7,50 €/Unidade"
Rabanetes,Legumes do dia,Embalagem 125g,"0,72 €","1,79 €/Kg"
Limpa carpetes,PorSi,Embalagem de 1 litro,"2,29 €","2,29 €/L"
Areia para gatos 100% natural,PorSi,Embalagem de 5 kg,"1,19 €","0,24 €/Kg"
Leite condensado,PorSi,Embalagem de 397 g,"1,09 €","2,75 €/Kg"
Cogumelos laminados,PorSi,Embalagem de 185 g,"1,79 €","2,29 €/Kg"
Actimel tutti-frutti,Danone,Embalagem de 6 x 100g,"4,15 €/Kg","4,15 €/Kg"
Tesoura para esquerdinos com 13 cm,Maped,unidade,"2,19 €","109,50 €/L"
Pudim de chocolate,PorSi,Embalagem de 110g,"0,59 €","29,50 €/Kg"
Ração para gato bolas de pelo com frango,Friskies,"Embalagem de 1,5kg","12,99 €","4,33 €/Kg"
Farinha para pão integral,Nacional,Embalagem de 1 kg,"1,99 €","1,99 €/Kg"
Bolachas cracker sem sal,PorSi,Embalagem de 500g,"0,39 €","3,12 €/Kg"
Soro fisiológico,PorSi,Embalagem de 100 ml,"0,59 €","5,90 €/L"
Dispensador com sacos higiénicos para animal,Canaillou,2 x 20 unidades,"1,19 €","0,24 €/Kg"
Torre de Controlo,Paw Patrol,1 unidade,"49,99 €","49,99 €/Unidade"
Azeite de moura virgem extra bio,PorSi Bio,Garrafa de 500 ml,"3,19 €","4,25 €/L"
Queijo mascarpone,Páturages,Embalagem 250G,"1,59 €","6,36 €/Kg"
Vela com número nº 9,PorSi,1 unidade,"0,80 €","0,80 €/Unidade"
Skinny latte sem açúcar e sem lactose,STARBUCKS,embalagem de 220 ml,"0,99 €","0,99 €/L"
Fraldas Activity Extra T5 |13-19 kg,Dodot,48 Unidade,"13,29 €/Unidade","13,29 €/Unidade"
Palitos superfinos,PorSi,Embalagem de 400 unidades,"1,15 €","1,15 €/Unidade"
Ervilhas,Iglo,"Embalagem de 1,125 kg","1,89 €","1,89 €/Kg"
Molho de maionese com alho e ervas,PorSi,Garrafa de 120 ml,"0,70 €","2,33 €/Kg"
Bolacha maria oro +33% grátis,Cuetara,Embalagem de 800g,"1,69 €","2,11 €/Kg"
Ananás pedaços em calda,PorSi,Embalagem de 565g,"1,99 €","2,37 €/Kg"
Massa em espirais,PorSi,Embalagem de 500g,"0,89 €","1,78 €/Kg"
Uva s/ grainha grimson,Vale Bom,Embalagem de 500 g,"0,75 €","2,99 €/Kg"
Bolacha shortcake chocolate,Nacional,Embalagem de 180g,"1,69 €","6,76 €/Kg"
Vinagre balsâmico modena,Gallo,Garrafa de 250 ml,"0,35 €","0,70 €/L"
Mel rosmaninho 500g,SERRAMEL,Embalagem de 500G,"4,89 €","9,78 €/Kg"
Pudim caramelo,PorSi,Embalagem de 90g,"0,59 €","29,50 €/Kg"
Couve Bróculo,Legumes do Dia,Vendido ao peso,"0,92 €","2,29 €/Kg"
Snack para gato seaside,Felix,Embalagem de 60g,"0,99 €","16,50 €/Kg"
Leite evaporado,PorSi,Embalagem de 410g,"1,09 €","2,75 €/Kg"
Refrigerante com gás free,Seven-up,"Garrafa de 1,25 l","0,40 €/L","0,40 €/L"
Bebida energética,Red Bull,Garrafa de 360 ml,"1,60 €","3,20 €/L"
Sardinhas em óleo picante,Ramirez,Embalagem de 130g,"9,08 €/Kg","9,08 €/Kg"
"Creme depilatório para duche, peles sensiveis",Veet,Garrafa de 150 ml,"2,99 €","14,95 €/L"
Cerveja branca,Super Bock,pack 30 x 0.20 l,"1,99 €/L","1,99 €/L"
Farinha de alfarroba bio,PorSi Bio,Embalagem de 200 g,"1,89 €","3,78 €/Kg"
Café moagem universal angola,Delta,Embalagem de 220g,"3,49 €","13,96 €/Kg"
Pudim flan,El mandari,Embalagem de 10g,"0,59 €","29,50 €/Kg"
Maquina Depiladora Descartável Venus Basic,Gillette,Embalagem de 3 + 1 un. Grátis,"3,29 €","3,29 €/Unidade"
Carro Polícia c/ Luz e Som,Dickie Toys,15 cm,"49,99 €","49,99 €/Unidade"
Vinho bag-in-box tinto,C.alqueva,Garrafa de 5 l,"9,49 €","1,90 €/L"
Flocos tostados de trigo integral,Salutem,Embalagem de 250g,"1,82 €","7,28 €/Kg"
Eau de Toilette p/Senhora Nº28,Caravan,1 Frasco 150ml,"11,99 €","79,93 €/L"
8 salsichas aves,Izidoro,Embalagem de 200g,"0,75 €","3,75 €/Kg"
Xarope de groselha,Xarão,Garrafa de 1 l,"4,89 €","6,61 €/L"
Champô anti-caspa,Labell,Embalagem de 400 ml,"5,59 €","22,36 €/L"
Molas de madeira,PorSi,36 unidades,"0,89 €","0,89 €/Unidade"
Iogurte sabor a coco,PorSi,Embalagem de 4 x 125 g,"1,87 €","1,25 €/Kg"
Creme de amendoim chunk 340g,Skippy,Embalagem de 340g,"4,19 €","12,32 €/Kg"
Marmelada,Ferbar,Embalagem de 800g,"1,09 €","2,42 €/Kg"
Queijo brie 60% mg,Páturages,Embalagem de 200 g,"1,45 €","7,25 €/Kg"
Nan 1 optipro leite inf.optipro desde nascim.800g,NAN,Embalagem de 800g,"12,99 €","16,24 €/Kg"
Geleira vintage,Polisur,20 litros,"39,99 €","39,99 €/Unidade"
Tostas suecas integrais,PorSi,Embalagem de 225 g,"2,39 €","6,83 €/Kg"
Sobremesa gelatina de morango,PorSi,Embalagem 4X100G,"0,85 €","2,13 €/Kg"
Fósforos longos,Quinas,Embalagem com 3 unidades,"1,15 €","1,15 €/Unidade"
Azeitona preta,PorSi,Embalagem de 560 g,"1,79 €","2,29 €/Kg"
Bolachas crackers com sal,PorSi,Embalagem de 500g,"0,39 €","3,12 €/Kg"
Vinho doc alentejo tinto,Albarrada,Garrafa de 750 ml,"2,89 €","3,85 €/L"
Patê frango,La piara,Embalagem de 80g,"1,19 €","13,52 €/Kg"
Lava Tudo Perfumado Lavanda,PorSi,Embalagem de 2 l,"0,99 €","0,50 €/L"
Tablete de chocolate preto,Nestle,Embalagem de 130g,"0,99 €","4,95 €/Kg"
Fermento de padeiro em pó,Fermipan,Embalagem de 4x11 g,"0,64 €","12,80 €/Kg"
"Chantilly, spray",Páturages,Embalagem de 250g,"1,12 €","5,60 €/L"
Limão,Fruta do Dia,1 un = 200 gr (aprox.),"0,25 €","2,49 €/Kg"
Gogo SqueeZ Snack de Maçã,Gogo,Embalagem de 4 x 90g,"2,29 €","6,94 €/L"
"Jogo ""Aprende com os Animais""",Clementoni,1 unidade,"24,99 €","24,99 €/Unidade"
Formas de alumínio 950 ml,PorSi,5 unidades,"0,54 €","0,54 €/Unidade"
Creme de cenoura,PorSi,Embalagem de 400 g,"2,19 €","2,43 €/Kg"
Toalha de Mesa Anti Nódoas,VZT,Dim.: 150 x 250 cm,"13,99 €","13,99 €/Unidade"
Queijo de vaca curado amanteigado,PorSi,+/- 550 g,"7,89 €","13,72 €/Kg"
Liegeois de chocolate,Milchfrisc,Embalagem de 200g,"0,55 €","2,75 €/Kg"
Aperitivos de amendoim com sal e mel,Matutano,Embalagem de 150g,"1,79 €","3,58 €/Kg"
Batatas Pré-fritas Rosti com Cebola,PorSi,Embalagem com 600 g,"2,39 €","3,98 €/Kg"
Leite seleccionado meio gordo,Matinal,Garrafa de 1 l,"0,78 €","0,78 €/L"
Brandy,Macieira,Garrafa de 1 l,"8,99 €","12,84 €/L"
Vinho regional lisboa branco,Marginal,Garrafa de 750 ml,"3,99 €","5,32 €/L"
Taças para cocktail 25 cl,Pasabahce,4 unidades,"0,54 €","0,54 €/Unidade"
Vassoura pequena,PorSi,unidade,"1,59 €","1,59 €/Unidade"
Lixívia Tradicional,Neoblanc,Embalagem de 4 l,"1,74 €","0,35 €/L"
Polpa de tomate em garrafa,Compal,Embalagem de 1 kg,"3,84 €","24,00 €/Kg"
Polpa de cebola e alho,PorSi,Embalagem de 500 g,"3,84 €","24,00 €/Kg"
Chá preto frutos vermelhos,PorSi,Embalagem de 40g,"1,99 €","49,75 €/Kg"
"Loção Solar, SPF50",Cabana Sun,Embalagem de 150 ml,"16,99 €","84,95 €/L"
"Jogo ""Mentiroso""",Concentra,1 unidade,"24,99 €","24,99 €/Unidade"
Sopa de Cebola,PorSi,Embalagem de 62 g,"0,84 €","13,55 €/Kg"
20 saquetas chá verde pure,Lipton,Embalagem de 30g,"0,99 €","23,02 €/Kg"
Pudim flan,PorSi,Embalagem de 4 x 5.6 g,"0,59 €","29,50 €/Kg"
Alho Francês,Programa Origens,1 un = 300 g (aprox.),"0,60 €","1,99 €/Kg"
Gomas beijinhos,PorSi,Embalagem de 300 g,"1,19 €","3,97 €/Kg"
Vulcão brilhante,Clementoni,1 unidade,"24,99 €","24,99 €/Unidade"
Livro do Peter Pan,Europrice,1 unidade,"7,50 €/Unidade","7,50 €/Unidade"
Perna c/ Osso,Peru,1 un = 1 kg (aprox.),"1,05 €","2,99 €/Kg"
Moscatel de Setúbal Reserva,Selecção de Enófilos,Garrafa de 0.75 l,"6,79 €/L","6,79 €/L"
Sementes de chia,PorSi Viva Bem,Embalagem de 150 g,"1,59 €","10,60 €/Kg"
Fermento fresco,Levital,Embalagem de 50g,"0,64 €","12,80 €/Kg"
Café moagem universal portugal,Delta,Embalagem de 250g,"3,49 €","13,96 €/Kg"
Elixir junior,Aquafresh,Embalagem de 300 ml,"0,99 €","0,99 €/Unidade"
Iogurte oikos pêssego,Danone,Embalagem de 4 x 110g,"1,49 €","2,98 €/Kg"
Bife de Frango,Frango,Vendido ao peso a partir de 1 kg,"1,05 €","2,99 €/Kg"
Cerveja preta,Sagres,pack de 6 x 25 cl,"1,99 €/L","1,99 €/L"
Ervilhas bio,PorSi Bio,Frasco com 290 g,"1,79 €","2,29 €/Kg"
Ataque do T-Rex,Playmobil,1 unidade,"49,99 €","49,99 €/Unidade"
Gogo SqueeZ Snack Maçã,Gogo,Embalagem de 90g,"2,29 €","6,94 €/L"
Pensos Higiénicos Cottonlike Super Com Abas,Evax,12 unidades,"2,59 €","2,59 €/Unidade"
Pensos Higiénicos Ultra Air Dry C/ Abas,Ausonia,embalagem com 14 un.,"2,59 €","2,59 €/Unidade"
Detergente líquido p/ máquina lavar roupa cores,Woolite,"Garrafa de 1,65 l","13,99 €","3,29 €/L"
Sabonete extra suave de limão,Labell,Embalagem de 2x100 g,"1,99 €","12,44 €/Kg"
Queijo Curado Meio Gordo +/-500 g,Quinta do Convento,500 g,"5,39 €","10,78 €/Kg"
Cereais fitness,Nestle,Embalagem de 630g,"3,99 €","13,30 €/Kg"
Leite uht meio gordo,Agros,Embalagem 1L,"0,78 €","0,78 €/L"
30 Sacos de Lixo,Fino,Capacidade: 35L,"1,79 €","1,79 €/Unidade"
Chá de infusão salutem nº 04 - proaçúcar 10 saquetas,Salutem,Embalagem de 15g,"0,99 €","66,00 €/Kg"
Recarga Esfregona de Microfibras,PorSi,1 unidade,"0,89 €","0,89 €/Unidade"
Chá de infusão salutem nº 34 - chá branco 10 saqueta...,Salutem,Embalagem de 15g,"0,99 €","66,00 €/Kg"
Vinho Rosé Regional Península de Setúbal,Catarina,Garrafa de 750 ml,"2,99 €","3,99 €/L"
Globo explora mundo com APP,Clementoni,1 un.,"24,99 €","24,99 €/Unidade"
Beringela,Legumes do Dia,1 un=400 gr (aprox.),"0,72 €","1,79 €/Kg"
Bolachas tosta rica,Cuetara,Embalagem de 570g,"3,49 €","19,39 €/Kg"
Oikos morango 110g x4,Danone,Embalagem de 440g,"1,49 €","2,98 €/Kg"
Infusão lúcia lima,PorSi,Embalagem de 35 g,"0,69 €","20,91 €/Kg"
"Guardanapos brancos, 33x33cm, 2 folhas, 90 unidades",Renova,Uma embalagem,"1,29 €","1,29 €/Unidade"
Puzzles Sereia / Lama,Olivo,60 peças,"7,99 €/Unidade","7,99 €/Unidade"
Choco flakes,Cuetara,Embalagem de 500g,"5,07 €/Kg","5,07 €/Kg"
Bebida essencial frutos vermelhos,Compal,Pack 3 x 0.11 l,"2,29 €","6,94 €/L"
Água s/ gás,Luso,Pack 6 x 1.5 l,"1,04 €","0,17 €/L"
Néctar 8 frutos,Bongo,Pack 6 x 200 ml,"0,99 €","0,99 €/L"
Apara lápis bulbo,Maped,1 unidade,"2,99 €","2,99 €/Unidade"
"Rebuçados de fruta, diamante",PorSi,Embalagem de 200 g,"1,00 €","5,00 €/Kg"
Dentifríco anti-tártaro + branqueador,Colgate,Embalagem de 75 ml,"2,39 €","31,87 €/L"
"Sumo 100%, tutti-frutti",PorSi,"Embalagem de 1,5 l","1,09 €","0,73 €/L"
Bolachas bambolitos chocolate e leite,PorSi,Embalagem de 150g,"0,79 €","5,27 €/Kg"
Asas de Frango,*,1 un = 100 gr (aprox.),"1,05 €","2,99 €/Kg"
Chá de infusão salutem nº 17 - tília 10 saquetas,Salutem,Embalagem de 15g,"0,99 €","66,00 €/Kg"
16 bombons,Ferrero Rocher,Embalagem de 200g,"5,25 €","26,25 €/Kg"
Cacau magro em pó,PorSi,Embalagem de 125 g,"1,04 €","8,32 €/Kg"
Forma de papel para bolos 6. 8cm,PorSi,Embalagem com 60 unidades,"0,54 €","0,54 €/Unidade"
Vinagre vinho branco 250ml,Cristal,Garrafa de 250 ml,"0,35 €","0,70 €/L"
Mistura para coelhos anões,Canto Alegre,Embalagem de 1K,"2,49 €","2,49 €/Kg"
Mega Grua,Volvo,32 cm,"49,99 €","49,99 €/Unidade"
Spray desinfetante multiusos,Lysol,Embalagem de 500 ml,"1,19 €","0,79 €/L"
Iogurte aroma de banana,PorSi,Embalagem de 4x125g,"1,87 €","1,25 €/Kg"
Mimosa bem especial leite e amêndoa,Mimosa,Embalagem de 1 litro,"0,99 €","0,99 €/L"
Atum posta em óleo,Bom petisc,Embalagem de 120 g,"9,08 €/Kg","9,08 €/Kg"
"Queijo fresco, grande",PorSi,Embalagem de 250 g,"1,35 €","5,40 €/Kg"
Cerveja super bock stout,Super Bock,Garrafa de 330 ml,"1,99 €/L","1,99 €/L"
Gel de Banho Silk,Dove,Embalagem de 750 ml,"6,39 €/L","6,39 €/L"
Creme vegetal para culinária,PorSi,Embalagem de 250g,"1,75 €","3,50 €/Kg"
Café em cápsulas deqafeitatus,Delta Q,Embalagem de 55 g,"54,36 €/Kg","54,36 €/Kg"
Vassoura Simples Pluma,PorSi,unidade,"1,59 €","1,59 €/Unidade"
Guardanapos Gold 2 folhas,Renova,Dim.: 39x39cm,"1,29 €","1,29 €/Unidade"
Leite UHT Meio Gordo,PorSi,Embalagem de 200 ml,"0,78 €","0,78 €/L"
Bolacha digestiva go canela,Triunfo,Embalagem de 170g,"1,19 €","5,95 €/Kg"
Creme abrasivo de limão,PorSi,Embalagem de 750 ml,"0,99 €","0,99 €/L"
Grão de bico,Compal,Lata de 850g,"1,79 €","2,29 €/Kg"
Bacalhau desfiado,PorSi,Embalagem de 500g,"4,99 €","9,98 €/Kg"
Esparguete s/ glúten,Milaneza,Embalagem de 500g,"2,99 €","7,97 €/Kg"
Apara lápis bulbo,Maped,1 unidade,"2,19 €","109,50 €/L"
Gelatina ananás 10kcal,Royal,Embalagem de 30g,"0,55 €","61,11 €/Kg"
Recarga  para esfregona tiras,PorSi,1 unidade,"0,89 €","0,89 €/Unidade"
Desodorizante roll-on invisible,Rexona,Embalagem de 50 ml,"50,80 €/L","50,80 €/L"
Spray Solar Cenoura FP6,Nivea Sun,1 Embalagem 200ml,"11,49 €","57,45 €/L"
10 saquetas chá yellow label,Lipton,Embalagem de 20g,"0,99 €","49,50 €/Kg"
Pudim caseiro de laranja,Royal,Embalagem de 200g,"0,59 €","29,50 €/Kg"
Sal marinho integral,Cemporcent,Embalagem de 1 kg,"0,69 €","0,69 €/Kg"
Azeite virgem extra seleção,PorSi,Garrafa de 2 l,"3,19 €","4,25 €/L"
Tablete de chocolate negro,PorSi Select,200 g,"4,09 €","14,82 €/Kg"
Inseticida ajustável eléctrico líquido anti melgas e...,Raid,60 noites,"7,69 €","7,69 €/Unidade"
Café 5 estrelas moído tradição,Sical,Embalagem de 250g,"3,49 €","13,96 €/Kg"
Infusão de tília,PorSi,Embalagem de 30g,"0,69 €","20,91 €/Kg"
Farinha láctea cerelac,Cerelac,Embalagem de 500g,"4,49 €","4,49 €/Kg"
Vinho tinto alentejo,Loios,Garrafa de 750 ml,"2,89 €","3,85 €/L"
Banha,PorSi,Embalagem de 940 g,"2,89 €","2,89 €/Kg"
Cueca incontinência para Adultos Ausonia Tamanho Gra...,Lindor,Embalagem de 14 unidades,"5,99 €","5,99 €/Unidade"
Gelado cornetto morango,Olá,Embalagem de 6 x 90 ml,"1,99 €","4,15 €/L"
Croutons com azeite,PorSi,Embalagem de 150g,"2,39 €","6,83 €/Kg"
Cápsulas de café com leite cappuccino,Nescafe,Embalagem com 16 cápsulas,"54,36 €/Kg","54,36 €/Kg"
Pizza romana,PorSi,Embalagem de 370g,"2,16 €","6,17 €/Kg"
Marmelada,PorSi,Embalagem de 450g,"1,09 €","2,42 €/Kg"
Bacalhau lombos,PorSi,Embalagem de 1.5 kg,"4,99 €","9,98 €/Kg"
5 manhãzitos choco chips,Manhazitos,Embalagem de 175 g,"7,40 €/Kg","7,40 €/Kg"
Azeite virgem delicado,Gallo,Garrafa de 750 ml,"3,19 €","4,25 €/L"
Iogurte pedaços ananás,PorSi,Embalagem de 4 x 125 g,"4,36 €","2,18 €/Kg"
Jogo cartas yoga,Clementoni,1 unidade,"24,99 €","24,99 €/Unidade"
Mistura para exóticos,Canto Alegre,Embalagem de 1K,"2,49 €","2,49 €/Kg"
Lava Tudo Amoniacal,Sonasol,"Garrafa de 1,3 l","0,99 €","0,50 €/L"
Coffee Shop 100% Chef,Écoiffier,1 unidade,"49,99 €","49,99 €/Unidade"
Creme vegetal sabor manteiga,PorSi,Embalagem de 500 g,"1,75 €","3,50 €/Kg"
Maionese,PorSi,Embalagem de 414 g,"0,70 €","2,33 €/Kg"
Veículo Speed Fury,Pinypon Action,1 unidade,"49,99 €","49,99 €/Unidade"
Porto special reserva,Q.harris,Garrafa de 750 ml,"17,99 €","23,99 €/L"
Eletrodomésticos Pequenos 100% Chef,Écoiffier,1 unidade,"49,99 €","49,99 €/Unidade"
Bolacha vitalday crocante fruta & fibra,Gullon,Embalagem de 300g,"1,19 €","11,90 €/Kg"
Infusão de menta,Tetley,Embalagem de 10g,"0,69 €","20,91 €/Kg"
Cuecas Incontinência Homem Active Fit L,Tena,8 Unidades,"5,99 €","5,99 €/Unidade"
Tostas integrais,PorSi,Embalagem de 225g,"2,39 €","6,83 €/Kg"
Sacos do lixo perfumado 30 litros,PorSi,15 unidades,"1,79 €","1,79 €/Unidade"
Queijo Flamengo Fatias Light,Agros,Embalagem de 170g,"2,39 €","19,92 €/Kg"
Farinheira das beiras,PorSi,Embalagem de 260G,"1,55 €","5,96 €/Kg"
Bolacha cream cracker,Cuetara,Embalagem de 200g,"0,39 €","3,12 €/Kg"
"Carteira etiquetas, 24x35",Domédia,1 unidade,"0,49 €","0,49 €/Unidade"
Bebida de soja e chocolate,PorSi Viva Bem,Embalagem de 1 l,"2,49 €","2,49 €/L"
Bastão de cola,Domédia,20 g,"2,19 €","109,50 €/L"
Café Moagem Universal Honduras,PorSi,Embalagem de 220g,"9,16 €/Kg","9,16 €/Kg"
Ice tea de pêssego,PorSi,Garrafa de 2 l,"1,90 €","1,27 €/L"
Feijoada transmontana,Nobre,Embalagem de 420g,"2,35 €","5,60 €/Kg"
"Amaciador de roupa, azul",Comfort,Garrafa de 4 l,"8,99 €","2,25 €/L"
Óleo p/ Moto Performa M2T,Galp,Embalagem de 1 l,"12,99 €","12,99 €/L"
Carcaça Rústica 70 g,Pão do Dia,,"0,19 €","2,71 €/Kg"
Chá de infusão salutem nº 24 - hipericão 10 saquetas,Salutem,Embalagem de 15g,"0,99 €","66,00 €/Kg"
Morangos 100% Naturais,PorSi,Embalagem de 750 g,"3,29 €","4,39 €/Kg"
Helicóptero de resgate,Dickie Toys,30 cm,"49,99 €","49,99 €/Unidade"
Descafeinado em cápsulas Pianíssimo 10x5g,PorSi Select,Embalagem de 50g,"1,59 €","6,36 €/Kg"
"Mini rissóis de carne, 20 unidades",PorSi,Embalagem de 300 g,"2,99 €","9,97 €/Kg"
Soja fina,PorSi Viva Bem,Embalagem de 400 g,"1,49 €","3,73 €/Kg"
Toalhitas Bebé Nature,PorSi,64 unidades,"1,09 €/Unidade","1,09 €/Unidade"
Bicarbonato de sódio,Globo,Embalagem de 230g,"0,64 €","12,80 €/Kg"
Bolacha tostada,PorSi,Embalagem de 800g,"1,69 €","2,11 €/Kg"
Bolachas com recheio de chocolate,PorSi,Embalagem de 3 x 250 g,"2,15 €","2,87 €/Kg"
Pastilhas melão e melancia,Trident,Embalagem de 20g,"0,89 €","59,33 €/Kg"
Queijo fresco petits suisses  40% mg,Páturages,Embalagem 6X60G,"7,77 €/Kg","7,77 €/Kg"
Infusão de camomila,Tetley,Embalagem de 10g,"0,99 €","23,02 €/Kg"
Salmão posta ao natural,PorSi Select,Lata de 120 g,"9,08 €/Kg","9,08 €/Kg"
Cereais nesquik,Nestle,Embalagem de 625g,"5,07 €/Kg","5,07 €/Kg"
Autobrilhante Branco,Búfalo,Embalagem de 50 ml,"2,59 €","2,59 €/Unidade"
Fruta para bebé banana laranja bolacha +6 meses,Nestle,Embalagem de 90g,"0,74 €","8,22 €/Kg"
Gel ativo com lixívia,PorSi,Embalagem de 1.5 l,"1,19 €","0,79 €/L"
Amêijoa Branca Congelada,*,Vendido ao peso a partir de 200 g,"1,99 €/Kg","1,99 €/Kg"
Mistura sol sem café granulado,PorSi,Embalagem de 200g,"1,64 €","6,56 €/Kg"
Ovos galinha solo l,PorSi,6 ovos,"1,39 €","1,39 €/Unidade"
Detergente líquido Ultra Concentrado Loiça Platinium...,PorSi,Embalagem de 500 ml,"0,99 €","1,98 €/L"
"Rebuçados sem açucar vita c, sabor citrinos",Halls,Embalagem de 32G,"0,77 €","3,85 €/Kg"
Abrasivo sanitário gel citrinos,PorSi,embalagem de 1 litro,"0,99 €","0,99 €/L"
After Shave Bálsamo Sensitive Cool,Nivea Men,Embalagem de 100 ml,"1,16 €","4,64 €/L"
Forra livros,Mab,,"2,19 €","109,50 €/L"
Pão ralado clássico,PorSi,Embalagem de 240 g,"0,55 €","2,29 €/Kg"
Salada de fruta em calda,PorSi,Embalagem de 3 x 220 g,"1,99 €","2,37 €/Kg"
"Batata frita wavy, ondulada",PorSi,Embalagem de 90g,"1,06 €","5,73 €/Kg"
"Pasta dentífrica, 7-13 anos",Labell,Embalagem de 75 ml,"0,99 €","0,99 €/Unidade"
Asas,Peru,1 un = 500 gr (aprox.),"1,05 €","2,99 €/Kg"
Acetona,PorSi,Embalagem de 200 ml,"1,89 €","9,45 €/L"
Bloco Sanitário Poder Activo Pinho,Sonasol,Embalagem de 50 g,"37,36 €/Kg","37,36 €/Kg"
Pack de 3 embalagens de polpa de tomate,Compal,Embalagem de 630g,"3,84 €","24,00 €/Kg"
Néctar de laranja e cenoura light,PorSi,Embalagem de 3 x 200 ml,"0,84 €","2,55 €/L"
Groselha,PorSi,Embalagem com 125g,"5,89 €","47,12 €/Kg"
Batata Pré-Frita Croquettes,PorSi,Embalagem de 1 kg,"2,39 €","3,98 €/Kg"
Loção Solar Bronzeadora Cenoura FP6,Nivea Sun,Embalagem de 200 ml,"11,49 €","57,45 €/L"
Pipocas coloridas,Orcape,Embalagem de 100g,"0,79 €","7,90 €/Kg"
"Saca rolhas a pilhas, preto/inox",Anilar,1 unidade,"0,59 €","0,59 €/Unidade"
Óleo alimentar,Vêgê,Embalagem de 1 l,"3,39 €","3,39 €/L"
Cappucino go chill com cacau,Delta,Embalagem de 230 ml,"3,19 €","25,52 €/Kg"
Sopa rabo de boi económica,Knorr,Embalagem de 60g,"0,84 €","13,55 €/Kg"
Pescada panada em forma de filete,Pescanova,Embalagem de 1 Kg,"4,39 €","10,98 €/Kg"
Queijo fundido vaca que ri palitos light 140g,A Vaca Que Ri,Embalagem de 140g,"2,39 €","19,92 €/Kg"
Vinho branco alentejo,Loios,Garrafa de 750 ml,"2,89 €","3,85 €/L"
Pónei Canela,FurReal,+80 Sons e Reações c/ Acessórios de Moda,"49,99 €","49,99 €/Unidade"
Sopa de Caldo Verde,*,,"2,19 €","2,43 €/Kg"
Manteiga com sal cuvete,LORETO,Embalagem de 250g,"1,69 €","6,76 €/Kg"
Leite UHT Meio Gordo,PorSi,1 l,"0,78 €","0,78 €/L"
Penso Higiénico Ultrafinos Normal Abas,PorSi,16 unidades,"2,59 €","2,59 €/Unidade"
Carapau Pequeno,Peixe do Dia,1 un = 100 g (aprox.),"2,95 €/Kg","2,95 €/Kg"
Pudim de chocolate,Boca Doce,Embalagem de 20g,"0,59 €","29,50 €/Kg"
"Abs odores lavanda, pack 2x150g",Glade,Embalagem de 2x150 g,"16,63 €/L","16,63 €/L"
15 douradinhos,Capitão Iglo,Embalagem de 420g,"2,99 €","9,97 €/Kg"
Balões latex verde,PorSi,Embalagem com 24 unidades,"1,54 €","1,54 €/Unidade"
20 saquetas chá de frutos silvestres,Lipton,Embalagem de 30g,"1,19 €","59,50 €/Kg"
Detergente manual de roupa,Omo,Embalagem de 540g,"2,38 €","4,67 €/Kg"
Creme de Mãos Intensivo,Nivea,Embalagem de 100 ml,"2,49 €","41,50 €/L"
Tosta rica mini go,Cuetara,Embalagem de 240g,"3,49 €","19,39 €/Kg"
Papa infantil láctea 5 frutos +6 meses,Cerelac,Embalagem de 250g,"4,49 €","4,49 €/Kg"
Farinha para pão vitale,Nacional,Embalagem de 1 kg,"1,99 €","1,99 €/Kg"
Vinho do Porto Tawny,Velhotes,"garrafa de 0,75 l","6,29 €","8,39 €/L"
Queijo curado -30% gordura,Casteloes,500 g,"7,89 €","13,72 €/Kg"
Salsicha fresca merguez,PorSi,Embalagem de 330 g,"4,85 €","14,70 €/Kg"
Lambrusco branco,Sorbello,Garrafa de 0.75 l,"2,09 €","2,79 €/L"
Miúdos,Frango,1 un = 250 gr  (aprox.),"1,65 €","3,29 €/Kg"
Bolacha com aveia,PorSi,Embalagem de 300 g,"1,19 €","5,95 €/Kg"
Legumes grelhados,PorSi,Embalagem de 750g,"1,89 €","1,89 €/Kg"
Muesly cereal mix,PorSi Viva Bem,Embalagem de 375g,"1,82 €","7,28 €/Kg"
Vela com número nº 3,PorSi,1 unidade,"0,80 €","0,80 €/Unidade"
Borracha para lápis e tinta,Domédia,1 unidade,"3,09 €","3,09 €/Unidade"
"Fiambre extra, fatias finas",PorSi,Embalagem de 150 g,"0,90 €","5,99 €/Kg"
Néctar de pera rocha e framboesa do Oeste Algarve,Compal,1 litro,"0,99 €","0,99 €/L"
