Nome,Marca,Unidade,Preço Primário,Preço Secundário
Gomas de amoras,Fini,Embalagem 100G,"0,99 €","9,90 €/Kg"
Saqueta de puré de fruta | maçã + banana + morango,PorSi,90 g,"0,74 €","8,22 €/Kg"
"Maionese, frasco",Hellmman's,Embalagem de 210g,"0,70 €","2,33 €/Kg"
Castanhas,PorSi,Embalagem de 500G,"4,99 €","9,98 €/Kg"
Iogurte sólido sem lactose multifrutos,Mimosa,Embalagem de 480g,"2,49 €","11,53 €/Kg"
Cabo de metal com rosca,PorSi,1.20 m,"2,20 €","2,20 €/Unidade"
Leite de pastagem uht meio gordo,Milhafre,1 litro,"0,81 €","0,81 €/L"
Cereja 24+ Fundão,Programa Origens,1 un = 250 gr  (aprox.),"0,50 €","1,99 €/Kg"
"Fita apanha moscas, com 4 unidades",Neokill,4 unidades,"5,09 €","8,48 €/L"
"Lava tudo antibacteriano lavanda 1,5l",PorSi,Garrafa de 1.5 l,"1,89 €","1,26 €/L"
Laboratório Mecânica Camião de Mina,Clementoni,1 unidade,"16,99 €/Unidade","16,99 €/Unidade"
Azeite,PorSi,Garrafa de 1 l,"3,19 €","4,25 €/L"
Vinho regional península de setúbal tinto,J.m.f.,Garrafa de 750 ml,"8,59 €","11,45 €/L"
Detergente Multiusos Spray,Ajax,Garrafa de 500 ml,"3,99 €","7,98 €/L"
Toalha de Mesa Anti Nódoas,VZT,Dim.: 150 x 150 cm,"13,99 €","13,99 €/Unidade"
Delícias do mar s/ glúten,Pescanova,Embalagem de 450 g,"2,99 €","6,64 €/Kg"
Água c/ gás groselha,Frize,pack 4 x 0.25 l,"2,95 €","2,95 €/L"
Salmão Fumado da Noruega,PorSi,Embalagem de 200 g,"3,45 €","23,00 €/Kg"
Iogurte natural magro sem lactose,Mimosa,Embalagem de 4x 120 g,"2,49 €","11,53 €/Kg"
Ração para gato esterilizado com peru,Friskies,Embalagem de 3 kg,"12,99 €","4,33 €/Kg"
Suiço Longo c/ Pepitas de Chocolate,PorSi,1 un. = 100 g,"0,49 €/Unidade","0,49 €/Unidade"
Beterrabas bio,PorSi Bio,Vendido ao peso,"3,49 €","13,96 €/Kg"
Sanduiche Good4me Frango,Snock,130 g,"0,69 €","0,69 €/Unidade"
Salada bacon,PorSi,Embalagem de 192 g,"2,99 €","11,96 €/Kg"
Cereais fitness chocolate preto,Nestle,Embalagem de 375g,"3,49 €","27,05 €/Kg"
Ovas bacalhau,PorSi,Embalagem de 500G,"11,49 €","14,36 €/Kg"
Gel wc anticalcário sem lixívia,PorSi,"Garrafa de 1,5 l","2,59 €","3,45 €/L"
Vinho doc douro tinto,Papa Figos,Garrafa de 0.75 l,"7,49 €","9,99 €/L"
Pacote maçã e pêssego,Nestle,Embalagem de 90 g,"0,74 €","8,22 €/Kg"
8 hamburguers s/ glúten frango,Capitão Iglo,Embalagem de 480g,"2,79 €","8,72 €/Kg"
Queijo cura especial barrado pimentão,Casteloes,500 g,"6,49 €","25,45 €/Kg"
Sumo essencial de pêssego,Compal,pack 3 x 0.11 l,"0,99 €","0,99 €/L"
Dourada,Programa Origens,1 un= 400 grs (aprox.),"3,48 €","8,69 €/Kg"
Leite Bem Essencial Chocolate,Mimosa,Embalagem de 4 x 200 ml,"0,26 €","1,30 €/L"
"Coloração permanente, castanho claro cobre nº54",Nutrisse,1 unidade,"9,49 €/Unidade","9,49 €/Unidade"
"Escova de cabelo, esqueleto",Labell,Embalagem com 1 unidade,"2,45 €","2,45 €/Unidade"
Feijão frade,Caçarola,Embalagem de 500 g,"2,78 €/Kg","2,78 €/Kg"
Guardanapos 2 folhas azul e dourado,PorSi Select,40 unidades,"1,29 €","1,29 €/Unidade"
Ovos classe xl,PorSi,6 unidades,"1,39 €","1,39 €/Unidade"
Gelado magnum after dinner,Olá,Embalagem de 10 x 35 ml,"5,99 €","16,64 €/L"
Aromáticas vivas em vaso,Aroma viva,Embalagem de 1 unidades,"1,15 €","38,33 €/Kg"
"Forma de papel para bolos, 9 cm, 60 unidades",PorSi,Uma embalagem,"0,99 €","0,99 €/Unidade"
Mistura solúvel c/ 20% café granulado,PorSi,Embalagem de 200g,"1,69 €","6,76 €/Kg"
Cola Especial Plásticos,Pattex,Embalagem de 30 g,"2,75 €","91,67 €/Kg"
Abacaxi,Fruta do Dia,1 un = 2kg ( aprox.),"2,58 €","1,29 €/Kg"
Salsichão fuet caseiro,Elpozo,Embalagem de 150g,"0,95 €","9,49 €/Kg"
Salsichas frasco hot dog,PorSi,Embalagem 540G,"0,75 €","3,75 €/Kg"
Vinho branco regional península de setúbal,Joao pires,Garrafa de 0.75 l,"8,59 €","11,45 €/L"
Pensos Higiénicos Ultra Air Dry C/ Abas,Ausonia,embalagem com 14 un.,"4,99 €","4,99 €/Unidade"
Recarga para ambientador elétrico flor de cerejeira,Air Wick,19 ml,"11,98 €","11,98 €/Unidade"
Sumo natural de cenoura bio,Cemporcent,Garrafa de 200 ml,"1,19 €","1,86 €/L"
Refrigerante c/ gás ananás,Sumol,pack 4 x 1.25 l,"0,79 €","0,40 €/L"
Iogurte liquido de pinacolada,PorSi,Embalagem de 1 kg,"1,17 €","1,83 €/Kg"
Queijo de cabra,Palhais,Embalagem de 200g,"1,89 €","10,50 €/Kg"
"Gel para o cabelo, pasta remix",Studio Line,Embalagem de 150 ml,"4,19 €","16,76 €/L"
Cillit bang limpa vidros,Cillitbang,Garrafa de 500 ml,"3,29 €","6,58 €/L"
Óleo Performa C3 5W40 Sintético,Galp,Embalagem de 1 l,"14,99 €","14,99 €/L"
Pizza tradizionale de salame romano,Dr. Oetker,Embalagem de 370g,"2,99 €","8,54 €/Kg"
Caramelos de fruta,PorSi,Embalagem de 250g,"1,10 €","4,40 €/Kg"
Creme para barrar duo,Noikao,Embalagem de 400 g,"4,29 €","12,62 €/Kg"
Linguas de gato,PorSi,Embalagem de 200 g,"0,69 €","3,45 €/Kg"
Biscoitos choco trio,Milka,Embalagem de 150g,"0,79 €","5,27 €/Kg"
Gel de banho para bebé cotton touch,Johnson's Baby,Embalagem de 500 ml,"2,59 €","2,59 €/Unidade"
Doce de abóbora,Casaprisca,Embalagem de 90g,"3,69 €","9,97 €/Kg"
Pudim flan,Boca Doce,Embalagem de 10g,"0,44 €","4,00 €/Kg"
Pilha alcalina classic lr14x2,Domédia,1 unidade,"1,99 €","1,99 €/Unidade"
"Vinho tinto regional, península de setúbal, bag-in-b...",Dom Campos,Garrafa de 5 l,"9,49 €","1,90 €/L"
Kiwi 30/36,Programa Origens,1 un = 150 gr (aprox.),"0,60 €","2,99 €/Kg"
Iogurte fruta batida morango,Mimosa,Embalagem de 480g,"1,99 €","4,15 €/Kg"
Feijao catarino,Caçarola,Embalagem de 500 g,"2,78 €/Kg","2,78 €/Kg"
Kiwi Biológico,PorSi Bio,Emb.: ± 500 g,"0,60 €","2,99 €/Kg"
Queijo regular,Philadelph,Embalagem de 180g,"2,09 €","16,72 €/Kg"
Água com gás,Vimeiro,"Garrafa de 1,5 l","2,95 €","2,95 €/L"
Caramelos de fruta de laranja single,Sugus,Embalagem de 50g,"1,10 €","4,40 €/Kg"
Gelado magnum mini double framboesa,Olá,Embalagem de 6 x 60 ml,"5,99 €","16,64 €/L"
Bombons de chocolate merci,Merci,Embalagem de 250g,"31,40 €/Kg","31,40 €/Kg"
Sopa rabo de boi económica,Knorr,Embalagem de 60g,"2,25 €","32,14 €/Kg"
Biscoitos brownies,PorSi,Embalagem de 230g,"0,90 €","6,00 €/Kg"
Iogurte Líquido Frutos Tropicais,PorSi,1 Embalagem 4X160G,"1,17 €","1,83 €/Kg"
"Refrigerante com gás, ananás",Sumol,"Garrafa de 1,25 l","0,79 €","0,40 €/L"
"Azeitonas pretas sem caroço, frasco de 165 g",PorSi,Embalagem de 165g,"1,79 €","2,29 €/Kg"
Espinafre baby leaf Programa Origens,PorSi,embalagem de 170 g,"1,19 €","11,90 €/Kg"
Refresco em pó de ananás,PorSi,Embalagem de 40 g,"0,75 €","18,75 €/Kg"
Molho cervejeira 8 cubos,Knorr,Embalagem de 70g,"1,95 €/Kg","1,95 €/Kg"
Bolachas crackers integrais,PorSi,Embalagem de 500g,"0,39 €","3,12 €/Kg"
Esponja Autobrilhante Incolor,Búfalo,Unidade,"2,69 €","2,69 €/Unidade"
Argolas do mar,Pescanova,Embalagem de 400g,"9,59 €","11,99 €/Kg"
Bolachas cacau com recheio baunilha,PorSi,Embalagem de 176 g,"0,79 €","4,49 €/Kg"
Cebolinho vaso aromáticas vivas,Aroma viva,Embalagem de 1 unidades,"1,15 €","38,33 €/Kg"
Alface frisada biológica,PorSi Bio,Vendido o peso,"1,19 €","11,90 €/Kg"
Ambientador vela maçã e canela,PorSi,1 unidade,"34,81 €/Kg","34,81 €/Kg"
Refrigerante c/ gás laranja,Fanta,"Garrafa de 1,5 l","0,79 €","0,40 €/L"
Queijo curado fatias sem lactose 2x150g,Casteloes,Embalagem de 2x150g,"1,56 €","7,80 €/Kg"
20 saquetas infusão limão gengibre,Lipton,Embalagem de 40g,"58,00 €/Kg","58,00 €/Kg"
Boudoirs,Du Bois de la Roche,Embalagem de 200 g,"0,69 €","3,45 €/Kg"
Redutor para sanita azul,Pommette,1 unidade,"3,99 €","3,99 €/Unidade"
Tournedo de Entremeada Recheado,Porco,1 un = 500 gr (aprox.),"6,29 €","15,73 €/Kg"
Vinho maduto tinto,Casal da eira,Embalagem de 1 l,"0,69 €","2,76 €/L"
Ambientador recarga lavanda,Air Wick,Garrafa de 250 ml,"11,98 €","11,98 €/Unidade"
Croutons com azeite,PorSi,Embalagem de 150g,"2,49 €","7,11 €/Kg"
Chouriço Extra do Ribatejo,PorSi,200 g,"1,22 €","6,78 €/Kg"
Leite meio gordo bio dos Alpes,Asana,1 litro,"0,81 €","0,81 €/L"
Queijo de ovelha curado amanteigado,Seia,Embalagem de 500g,"9,99 €","22,20 €/Kg"
Chourico vinho das beiras,PorSi,Embalagem de 280g,"1,22 €","6,78 €/Kg"
Batata frita presunto,Ruffles,Embalagem de 150 g,"1,19 €","6,43 €/Kg"
Bala spray,Redex,Embalagem de 400 ml,"3,99 €","0,80 €/L"
Pilha Alcalina Plus 9V,Duracell,,"1,99 €","1,99 €/Unidade"
Granola aveia fitness mel,Nestle,Embalagem de 300g,"3,49 €","27,05 €/Kg"
Pastilhas melões,PorSi,Embalagem de 200 g,"0,92 €","4,60 €/Kg"
Sacos do lixo wc 5 litros,PorSi,30 sacos,"1,79 €","1,79 €/Unidade"
Lasanha bolonhesa,Iglo,Embalagem de 300g,"2,99 €","8,54 €/Kg"
Manteiga sem sal,PorSi,Embalagem com 250 g,"1,69 €","6,76 €/Kg"
80 filtros nº4 com saquetas antitártaro,Planteur,Uma embalagem com 80 unidades,"0,85 €","0,85 €/Unidade"
Iogurte Solido Bifidus Kiwi,Mimosa,Embalagem de 4 x 115g,"2,49 €","5,19 €/Kg"
Iogurte pedaços frutimax frutos variados,PorSi,Embalagem de 8 x 125 g,"4,36 €","2,18 €/Kg"
Bolachas belgas manteiga,PorSi,Embalagem de 250g,"1,69 €","6,76 €/Kg"
Tomates Cereja Alongados,PorSi Bio,Emb.: ± 200 g,"1,89 €","9,45 €/Kg"
Leite condensado,Nestle,Embalagem de 370g,"1,09 €","2,75 €/Kg"
Farinha de arroz bio,PorSi Bio,Embalagem de 200 g,"1,79 €","8,95 €/Kg"
Tostas integrais,PorSi,Embalagem de 225g,"2,49 €","7,11 €/Kg"
"Leite em fórmula nº1, confort, para bebé",Aptamil,Embalagem de 800g,"20,99 €","26,24 €/Kg"
"Queijo médio, metades",Casteloes,Embalagem de 580g,"6,49 €","25,45 €/Kg"
Vinho regional tejo 3 castas tinto,Fiuza,Garrafa de 750 ml,"3,99 €","5,32 €/L"
Iogurte activia líquido kiwi,Danone,Embalagem de 4 x 155 g,"2,49 €","5,19 €/Kg"
Polpa de cebola e alho,PorSi,Embalagem de 500 g,"1,95 €/Kg","1,95 €/Kg"
Salsicha fresca merguez,PorSi,Embalagem de 330 g,"0,99 €","7,07 €/Kg"
Spray optimal 7 com lixivia,Ajax,Embalagem de 500 ml,"3,99 €","7,98 €/L"
Esfregona suave completa,Vileda,1 unidade,"0,89 €","0,89 €/Unidade"
Bolacha de aveia e laranja sem glúten,Gullon,Embalagem de 180 g,"2,79 €","15,50 €/Kg"
Sopa de peixe,Brilha ali,Vendido ao peso,"1,99 €","2,49 €/Kg"
Vinho regional tejo reserva tinto,Casaleiro,Garrafa de 0.75 l,"3,99 €","5,32 €/L"
"Pimento Vermelho Assado, Inteiro",*,Embalagem de 500 g,"3,50 €","6,99 €/Kg"
"Toalhitas limpa móveis, 25 unidades",Pronto,1 embalagem,"1,79 €","1,79 €/Unidade"
Gel de banho júnior frutos exóticos,Labell,Embalagem com 300 ml,"2,59 €","2,59 €/Unidade"
Bolachas maria,PorSi,Embalagem de 200g,"1,69 €","2,11 €/Kg"
Edredão + almofada,Analar,Dim.: 160 x 220 cm,"29,99 €","29,99 €/Unidade"
"Patê de sardinha,atum e salmão",PorSi,Embalagem de 4 x 22 g,"1,19 €","13,52 €/Kg"
Achocolatado all natural,Nesquik,Embalagem de 168 g,"5,65 €","7,06 €/Kg"
Crack.c/sal na superficie 560g,GRAN PAVES,Embalagem de 560g,"0,39 €","3,12 €/Kg"
Aipo com Rama,Programa Origens,1 un = 1 kg (aprox.),"3,49 €","13,96 €/Kg"
Sacos do lixo jardim 130 litros,PorSi,10 sacos,"1,79 €","1,79 €/Unidade"
Sublinhador Brite Liner - 3+1,Bic,1 unidade,"2,99 €","2,99 €/Unidade"
Azeitona verde inteira,CANTOLIVA,Embalagem de 360 g,"2,20 €","4,39 €/Kg"
Ervilhas,PorSi,Embalagem de 400 g,"1,89 €","1,89 €/Kg"
Spray optimal 7 cozinha,Ajax,500 ml,"2,99 €/L","2,99 €/L"
Batata pom'duchesse,PorSi,Embalagem de 600g,"1,49 €","2,48 €/Kg"
Brandy,Croft,Garrafa de 1 l,"15,49 €","15,49 €/L"
Batata pré-frita tradition,MCCAIN,Embalagem de 1 kg,"1,49 €","2,48 €/Kg"
Lava Tudo Perfumado Fabuloso Flores de Primavera,Ajax,"Garrafa de 1,25 l","1,89 €","1,26 €/L"
"Napolitana de cacau, 5 unidades",Dulcesol,Embalagem de 200g,"2,05 €","5,13 €/Kg"
Creme vegetal para barrar,PorSi,Embalagem de 500 g,"1,45 €","7,25 €/L"
Queijinho yoco suissi maxi de morango e banana,Nestle,Embalagem de 4 x 90 g,"1,05 €","1,86 €/L"
Iogurte activia frutos secos cereais,Danone,Embalagem de 4 x 120 g,"2,49 €","5,19 €/Kg"
Ovos | Classe: M,Ovitae,24 unidades,"1,39 €","1,39 €/Unidade"
Queijo flamengo em fatias,Terra Nostra,Embalagem de 200g,"1,56 €","7,80 €/Kg"
Peito peru fumado fatias finas cuida-te +,Nobre,Embalagem de 110g,"1,50 €","9,99 €/Kg"
Infusão nº 6 sem barriga,Cemporcent,Embalagem de 10 unidades,"0,99 €","76,15 €/Kg"
"Napolitana de creme, 5 unidades",Dulcesol,Embalagem de 200g,"2,05 €","5,13 €/Kg"
Gomas bites brilho morango,Fini,Embalagem de 100g,"0,99 €","9,90 €/Kg"
Snack de milho com queijo,Cheetos,Embalagem de 75 g,"0,79 €","7,90 €/Kg"
Livro O Polegarzito,Europrice,1 unidade,"3,79 €/Unidade","3,79 €/Unidade"
Vinagre balsâmico 6%,Oliveira da Serra,Garrafa de 250 ml,"0,49 €","0,98 €/L"
Manteiga c/ sal,Mimosa,Embalagem de 250g,"1,69 €","6,76 €/Kg"
Lenços de bolso kids,Renova,Embalagem sortida com 8 unidades + 2 grátis,"0,89 €","0,89 €/Unidade"
Lula limpa,Pescanova,Embalagem de 450g,"4,39 €","10,98 €/Kg"
"Refeição pronta, bledimamã legumes, frango e arroz",Bledina,Embalagem de 230g,"1,89 €","9,95 €/Kg"
Limpa injetores gasolina,PorSi,Embalagem de 250 ml,"14,99 €","14,99 €/L"
Flocos cereais chocolate,PorSi,Embalagem de 300g,"2,99 €","3,99 €/Kg"
Café em grão 5 estrelas,Sical,Embalagem de 250g,"9,16 €/Kg","9,16 €/Kg"
Crackers c/ sal superficie,GRAN PAVES,Embalagem de 250g,"0,39 €","3,12 €/Kg"
Batata frita churrasco,PorSi,Embalagem de 185 g,"1,19 €","6,43 €/Kg"
Batatas fritas palha 400g,A SALOINHA,Embalagem de 400g,"0,87 €","5,44 €/Kg"
Bolachas com recheio baunilha,PorSi,Embalagem de 500g,"1,39 €","2,78 €/Kg"
Salsichas de porco tipo estrasburgo,Monique Ranou,Embalagem  de 210G,"0,99 €","7,07 €/Kg"
Água de rosas,Hidro,Embalagem de 200 ml,"23,70 €/L","23,70 €/L"
Leite de pastagem sem lactose meio gordo,Novacores,Embalagem de 1 litro,"0,81 €","0,81 €/L"
Iogurte mix-in smarties morango,Nestle,Embalagem de 2 x 128 g,"1,05 €","1,86 €/L"
Alface frisada categoria: II Programa Origens,PorSi,Embalagem de 300 g,"1,19 €","11,90 €/Kg"
Brandy,Constantin,Garrafa de 700 ml,"15,49 €","15,49 €/L"
Néctar light de manga/laranja,Compal,Pack 3 x 200 ml,"0,89 €","2,70 €/L"
"Tampão normal, 32 unidades",Labell,1 embalagem,"3,99 €","3,99 €/Unidade"
Atum posta em óleo,Noro,Lata com 110 g,"9,08 €/Kg","9,08 €/Kg"
Bolacha de manteiga belga original,Saborosa,Embalagem de 220g,"1,69 €","6,76 €/Kg"
Salsicha Brasileira,Porco,1 un = 50 gr (aprox.),"0,35 €","6,99 €/Kg"
20 saquetas chá de baunilha c/ caramelo,Lipton,Embalagem de 40g,"58,44 €/Kg","58,44 €/Kg"
Comida húmida para gato seleção de favoritos,Felix,Embalagem de 400g,"2,99 €","7,48 €/Kg"
Danacol morango,Danone,Embalagem de 6 x 100 g,"4,15 €/Kg","4,15 €/Kg"
Saqueta bombons com menta,Candycat,Embalagem de 120 g,"31,40 €/Kg","31,40 €/Kg"
Bolachas digestive finas de chocolate negro,Triunfo,Embalagem de 170 g,"0,79 €","5,27 €/Kg"
Ovos Classe L,PorSi,12 unidades,"1,39 €","1,39 €/Unidade"
Creme de cenoura,PorSi,Embalagem de 400 g,"1,99 €","2,49 €/Kg"
"Coloração permanente, castanho dourado, nº43",Nutrisse,1 unidade,"9,49 €/Unidade","9,49 €/Unidade"
Esferográfica cristal bl 5 az,Bic,1 unidade,"2,99 €","2,99 €/Unidade"
Canja c/ aletria,Knorr,Embalagem de 70g,"2,25 €","32,14 €/Kg"
Gelatina melancia 10kcal 31g,Royal,Embalagem de 30g,"0,55 €","61,11 €/Kg"
Vinho maduro tinto doc alentejo reserva,Albarrada,Garrafa de 75 cl,"2,89 €","3,85 €/L"
Alimento seco p/ cão sénior,HappyOne,Embalagem de 4 kg,"22,99 €","1,15 €/Kg"
Arroz extra longo branco,Oriente,Embalagem de 1kg,"0,99 €","0,99 €/Kg"
Azeite Subtil,Gallo,Garrafa de 750 ml,"3,19 €","4,25 €/L"
"Tira gorduras, recarga",Agerul,Embalagem de 750 ml,"2,99 €","5,44 €/L"
Queijo açoriano com -50% gordura,Milhafre,Embalagem de 180g,"1,99 €","9,95 €/Kg"
Gomas starmix,Haribo,Embalagem de 90g,"0,99 €","9,90 €/Kg"
Wrap misto,Snock,Embalagem de 190g,"0,69 €","0,69 €/Unidade"
Presunto Fatiado,Gonçalos,Embalagem de 100 g,"2,79 €","13,95 €/Kg"
Queijo mozzarela ralado,Valformoso,Embalagem de 150g,"1,49 €","7,45 €/Kg"
Chá verde matcha e ginger,Lipton,Embalagem com 20 saquetas,"58,44 €/Kg","58,44 €/Kg"
Vinho verde branco alvarinho,Pbrejoeira,Garrafa de 0.75 l,"3,19 €","3,19 €/L"
Massa alimentícia spaghetti,Barilla,Embalagem de 500g,"1,19 €","2,38 €/Kg"
Papel higiénico 2 folhas,PorSi,32 rolos,"5,89 €","5,89 €/Unidade"
Perna para Assar,Porco,1 un = 500 gr (aprox.),"1,40 €","5,58 €/Kg"
"Alimento húmido para gato júnior, carne",Whiskas,Embalagem de 400g,"2,99 €","7,48 €/Kg"
Pizza ristorante s/ gluten mozzarela,Dr. Oetker,Embalagem de 370g,"2,99 €","8,54 €/Kg"
Leite uht sem lactose magro,PorSi Viva Bem,1 litro,"2,19 €","2,19 €/L"
Recargas ambientador elétrico sensual sandalwood & j...,Glade,Embalagem de 2 x 20 ml,"11,98 €","11,98 €/Unidade"
Sardinhas em azeite,PorSi,Embalagem de 120g,"9,08 €/Kg","9,08 €/Kg"
Laca volume,Nivea,Embalagem de 250 ml,"4,19 €","16,76 €/L"
Chocolate culinário 70% cacau,Nestle,Embalagem de 170 g,"1,08 €","8,64 €/Kg"
Sopa de legumes,PorSi,800 g,"1,99 €","2,49 €/Kg"
Slime Kit,Science4You,1 unidade,"16,99 €/Unidade","16,99 €/Unidade"
Creme culinário coco,Shoyce,Embalagem de 200 ml,"1,14 €","5,70 €/L"
Iogurte liquido proteína yopro baunilha/cookies,Yopro,300 g,"5,97 €/Kg","5,97 €/Kg"
Caixa hermética Redonda 0.25 lt,Domédia,1 unidade,"1,11 €","1,11 €/Unidade"
Alimento p/ cão adulto bio complex c/ frango,HappyOne,Embalagem de 10 kg,"22,99 €","1,15 €/Kg"
Queijo brie gourmet,Président,embalagem de 200 g,"1,49 €","7,45 €/Kg"
Toalhitas multiusos limão,PorSi,Embalagem de 80 unidades,"1,79 €","1,79 €/Unidade"
Cookies sensations,Milka,Embalagem de 180g,"0,90 €","6,00 €/Kg"
Prato com naperon 30cm,PorSi,1 unidade,"0,99 €","0,99 €/Unidade"
Óleo para travões,Redex,Embalagem de 250 ml,"14,99 €","14,99 €/L"
Queijo ralado mix 3 queijos,PorSi,Embalagem de 200 g,"1,49 €","7,45 €/Kg"
"Gel banho, Romã e Bambu",Labell,Embalagem de 750 ml,"3,69 €","14,76 €/L"
Creme abrasivo pink flowers,Cif,Garrafa de 700 ml,"0,99 €","1,32 €/L"
Arroz carolino malandrinho,Malandrinh,Embalagem de 1 kg,"0,99 €","0,99 €/Kg"
Buondi café em grão,Buondi,Embalagem de 220g,"9,16 €/Kg","9,16 €/Kg"
Sobremesa danette chocolate,Danone,Embalagem de 4 x 125 g,"1,25 €","2,72 €/Kg"
Papillottes praliné,PorSi,Embalagem de 400 g,"31,40 €/Kg","31,40 €/Kg"
Refresco pó laranja,PorSi,Embalagem de 40g,"0,75 €","18,75 €/Kg"
Leite condensado cozido,Nestle,Embalagem de 400g,"1,09 €","2,75 €/Kg"
Bacalhau a bras,PorSi,Embalagem de 300g,"7,89 €/Kg","7,89 €/Kg"
Azeite sublime,Serrata,Garrafa de 750 ml,"3,19 €","4,25 €/L"
Bolachas integrais,PorSi,Embalagem de 200g,"0,98 €","3,27 €/Kg"
Paella,It.saveurs,Embalagem de 300g,"2,99 €","11,96 €/Kg"
Bolacha filipinos chocolate de leite,Artiach,Embalagem de 140g,"0,79 €","5,27 €/Kg"
Rabanetes,Legumes do dia,Embalagem 125g,"3,49 €","13,96 €/Kg"
Alho Francês,Legumes do Dia,1 un=300 gr (aprox.),"0,57 €","1,89 €/Kg"
Sumo clássico 100% maçã,Compal,Garrafa de 200 ml,"1,69 €","1,69 €/L"
Tira verniz,Labell,Embalagem de 200 ml,"2,79 €","13,95 €/L"
Couve Flor,Programa Origens,1 un = 1 kg (aprox.),"1,69 €","1,69 €/Kg"
Lula cortada da patagónia,Pescanova,Embalagem de 400g,"9,59 €","11,99 €/Kg"
Camarão Tigre 20/30 Congelado,Nossa seleção,,"2,00 €","7,99 €/Kg"
Gel Intimo Suave,Corine de Farme,250 ml,"0,59 €","5,90 €/L"
Queijo fresco ligth,PorSi,Embalagem de 4 x 62.5 g,"1,99 €","9,95 €/Kg"
"Rolos cozinha absorção Ultra, Maxi, 2 rolos",Foxy,1 embalagem,"4,99 €","4,99 €/Unidade"
Vinagre de vinho branco,PorSi,Garrafa de 1 l,"0,49 €","0,98 €/L"
Tremoço médio,PorSi,Embalagem de 350 g,"1,79 €","2,29 €/Kg"
Ambientador vela odor tabaco,PorSi,1 unidade,"34,81 €/Kg","34,81 €/Kg"
Coleira sortida com guizo para gato,Anivite,1 unidade,"3,99 €","3,99 €/Unidade"
Redex magic spray,Redex,Embalagem de 300 ml,"3,99 €","0,80 €/L"
Sal Himalaias Grosso,Origens Bio,1 Embalagem 500G,"2,29 €","30,53 €/Kg"
Sobremesa danette duo baunilha e chocolate,Danone,Embalagem de 4 x 125 ml,"1,25 €","2,72 €/Kg"
Creme p/ Calçado Azul,Búfalo,Embalagem de 40 ml,"3,29 €","82,25 €/L"
Vela em número nº1,PorSi,1 unidade,"1,19 €","1,19 €/Unidade"
Gelatina mirtilo 10kcal 31g,Royal,Embalagem de 30g,"0,55 €","61,11 €/Kg"
"Bloco de desenho A4, 24 folhas",Domédia,1 unidade,"1,49 €","1,49 €/Unidade"
Lápis de cor 18 cm,Domédia,embalagem com 18 unidades,"1,79 €","1,79 €/Unidade"
Óleo aloé vera,Johnson's Baby,Embalagem de 300 ml,"2,59 €","2,59 €/Unidade"
Manteiga Biológica,Asana,Embalagem de 100 g,"1,69 €","6,76 €/Kg"
Óleo Performa 5W40 Sintetico,Galp,Embalagem de 5 l com oferta limpa vidros Ecauto 5L,"14,99 €","14,99 €/L"
Alimento Húmido p/Gato Salmão,Gourmet Perle,Embalagem de 8x85g,"2,99 €","7,48 €/Kg"
Caldo Verde,Sopas Portuguesas,Embalagem de 400 ml,"1,99 €","2,49 €/Kg"
Tortitas de milho sem sal,PorSi Viva Bem,Embalagem de 130g,"0,79 €","7,90 €/Kg"
Tira Nódoas Brancos em Pó,Skip,1 kg,"10,99 €","52,33 €/Kg"
Galão 0% lactose,Ucal,Pack de 3 x 200 ml,"2,19 €","2,19 €/L"
"Croissants, 8 unidades,",Pasquier,Embalagem de 320 g,"2,05 €","5,13 €/Kg"
4 hamburguers frango s/ glúten,Capitão Iglo,Embalagem de 240g,"2,99 €","6,64 €/Kg"
"Ambientador spray, aerosol, lavanda",Glade,Embalagem de 300 ml,"2,99 €","12,46 €/L"
Espresso café arábica,PorSi,250 ml,"3,19 €","25,52 €/Kg"
Whisky heritage blend,Logan,Garrafa de 700 ml,"23,99 €","34,27 €/L"
Saca Rolhas Elétrico c/ USB,San Ignacio,1 unidade,"3,99 €","3,99 €/Unidade"
Presunto fatiado,Produto selecionado,Embalagem de 200 g,"2,79 €","13,95 €/Kg"
Caldo carne 16 cubos,Knorr,Embalagem de 160g,"1,95 €/Kg","1,95 €/Kg"
Café torrado moído masaka,Sical,Embalagem de 220g,"9,16 €/Kg","9,16 €/Kg"
Maquina depilatório twin lady,Bic,Embalagem de 5 + 1 un.,"1,99 €","1,99 €/Unidade"
Batata frita lisas originais,Lay's,Embalagem de 160g,"1,06 €","5,73 €/Kg"
Concentrado de laranja,Sunquick,Garrafa de 700 ml,"4,99 €","6,74 €/L"
Champô camomila para bebé,Pommette,Embalagem de 500 ml,"2,59 €","2,59 €/Unidade"
Batata frita artesanal 4 pimentas,Sr.basilio,Embalagem de 140g,"0,87 €","5,44 €/Kg"
Saqueta de puré de fruta | maçã + pêssego + banana +...,PorSi,90 g,"0,74 €","8,22 €/Kg"
Caldo de galinha,PorSi,24 cubos,"1,95 €/Kg","1,95 €/Kg"
Chá preto com aroma natural e vitamina C,Lipton,Embalagem de 40g,"1,99 €","49,75 €/Kg"
Creme para barrar,Nutella,Embalagem de 630G,"4,29 €","12,62 €/Kg"
Flan de ovos,PorSi,Embalagem 4 x 100 g,"0,56 €","2,80 €/Kg"
Bechamel sem glúten,Parmalat,500 ml,"1,14 €","5,70 €/L"
Pimento vermelho biológico,PorSi Bio,500 g (aprox.),"3,50 €","6,99 €/Kg"
Tablete de chocolate leite com avelã,PorSi Select,200 g,"4,09 €","14,82 €/Kg"
Cuecas de incontinência Plus G,Ausonia,Uma embalagem - 8Unidades,"9,99 €","9,99 €/Unidade"
Chá earl grey,Lipton,Embalagem de 40g,"58,00 €/Kg","58,00 €/Kg"
Bolachas com cobertura de chocolate de leite,Oreo,Embalagem de 250g,"0,79 €","4,49 €/Kg"
Vinho tinto regional alentejo,Rocim,Garrafa de 0.75 l,"2,89 €","3,85 €/L"
Iogurte sólido sem lactose multifrutos,Mimosa,Embalagem de 480g,"2,59 €","5,40 €/Kg"
Iogurte batido magro com mirtilos sem lactose,Mimosa,4 x 120 g,"0,99 €","1,32 €/Kg"
Máquina de barbear mach 3,Gillette,1 unidade,"1,16 €","4,64 €/L"
Creme depilatório para peles normais,Labell,Embalagem de 200 ml,"2,99 €","14,95 €/L"
Nutella,Nutella,Embalagem de 700g,"4,29 €","12,62 €/Kg"
Mel rosmaninho 500g,SERRAMEL,Embalagem de 500G,"4,99 €","9,98 €/Kg"
Sabonete líquido maçãs verdes,Labell,Embalagem de 500 ml,"1,19 €","2,38 €/L"
Tablete de chocolate extra fina leite/avelã,Nestle,Embalagem de 120g,"4,09 €","14,82 €/Kg"
"Forma papel para bolos, 8. 4cm",PorSi,Embalagem com 60 unidades,"0,99 €","0,99 €/Unidade"
Xarope grenadine,Paquito,Garrafa de 750 ml,"4,99 €","6,74 €/L"
Gomas favoritos classic,Haribo,Embalagem de 90g,"0,99 €","9,90 €/Kg"
Camarão cozido 60/95,PorSi,Embalagem de 500 g,"6,99 €","13,98 €/Kg"
Arroz agulha América do Sul,PorSi,Embalagem de 1 kg,"0,99 €","0,99 €/Kg"
Sumo concentrado de laranja,GUD,Garrafa de 740 ml,"4,99 €","6,74 €/L"
Iogurte vidro pedaços morango,PorSi,Embalagem de 2 x 135 g,"1,99 €","4,15 €/Kg"
Bolacha tostada diet nature s/ açucares,Gullon,Embalagem de 400g,"2,85 €","14,25 €/Kg"
Bolachas mini chips ahoy,Ca!,Embalagem de 160g,"0,90 €","6,00 €/Kg"
Queijo sandwich 10 fatias,A Vaca Que Ri,Embalagem de 200G,"1,56 €","7,80 €/Kg"
Topping de morango,Winsenia,Embalagem de 300g,"1,29 €","3,23 €/Kg"
After shave bálsamo sensitive,Labell Men,Embalagem de 100 ml,"1,16 €","4,64 €/L"
Tostas integrais,Diatosta,Embalagem de 225 g,"2,49 €","7,11 €/Kg"
"Vinho Alentejo, Private Collection, Tinto",Selecção de Enófilos,Garrafa de 0.75 l,"8,59 €","11,45 €/L"
Mistura para aves,Rac.zezere,Embalagem de 5 kg,"2,59 €","5,18 €/Kg"
Bombons collection t24,Collection,Embalagem de 270g,"31,40 €/Kg","31,40 €/Kg"
Dettol sabonete líquido aloe vera x 12,Dettol,Garrafa de 250 ml,"1,19 €","2,38 €/L"
30 comprimidos super ginseng,PLANTANATU,Embalagem de 1 unidades,"9,95 €","9,95 €/Unidade"
Achocolatado em pó,Nesquik,Embalagem de 800g,"5,65 €","7,06 €/Kg"
Chocolate culinário,Nestle,Embalagem de 200g,"1,08 €","8,64 €/Kg"
"Madalenas, saquetas individuais",Chabrior,Embalagem de 600g,"2,05 €","5,13 €/Kg"
Amaciador para cabelos pintados,Labell,Embalagem de 200 ml,"1,00 €","5,00 €/L"
Palitos superfinos,PorSi,Embalagem de 400 unidades,"1,39 €","1,39 €/Unidade"
Queijo flamengo fatias light,PorSi,Embalagem de 200g,"1,99 €","9,95 €/Kg"
Pensos Higiénicos Cottonlike Normal Abas,Evax,embalagem de 16 unidades,"4,99 €","4,99 €/Unidade"
Água c/ Gás Ananás,Frize,pack 4 x 0.25 l,"2,95 €","2,95 €/L"
Rodelas de chourico 2x75g,Porminho,Embalagem de 150g,"1,22 €","6,78 €/Kg"
20 saquetas chá yellow label,Lipton,Embalagem de 30g,"58,44 €/Kg","58,44 €/Kg"
Leite corporal,Nivea,Embalagem de 400 ml,"1,99 €","4,98 €/L"
Empadão de carne,PorSi,Embalagem de 1 kg,"3,53 €","8,83 €/Kg"
Insecticida Casa e Plantas,Raid,400 ml,"5,49 €","13,73 €/L"
Tablete de chocolate de leite,Nestle,Embalagem de 90g,"0,53 €","5,30 €/Kg"
Batatas fritas ketchup,Ruffles,Embalagem de 150g,"1,19 €","6,43 €/Kg"
"Groselha, Categoria ll",Fruta do Dia,Embalagem de 125 g,"0,50 €","1,99 €/Kg"
Shampo repelente p/ cão,Repul' 7,Garrafa de 200 ml,"11,98 €","59,90 €/L"
Esparguete integral com aveia,Milaneza,Embalagem de 500g,"1,39 €","1,39 €/Kg"
Multi-usos,Wd40,Embalagem de 250 ml + 40 ml grátis,"14,99 €","14,99 €/L"
Iogurtes Corpos Danone Aroma Tutti/Morango/Ananás,Danone,Embalagem de 8 x 120 g,"2,59 €","5,40 €/Kg"
Arroz estufado,Caçarola,Embalagem de 1 kg,"0,99 €","0,99 €/Kg"
"Escova de dentes, proteção global média, 2 unidades",Labell,Uma embalagem,"3,99 €","3,99 €/Unidade"
Detergente líquido máquina de roupa sabão natural,PorSi,86 Doses,"8,59 €","2,00 €/L"
"Rolos de cozinha compactos, branco, 2 unidades",PorSi,Uma embalagem,"4,99 €","4,99 €/Unidade"
Pêssego em calda metades,PorSi,Lata com 840 g,"1,99 €","2,37 €/Kg"
Leite com sabor a baunilha proteína,Yopro,Garrafa de 330 ml,"1,99 €","2,49 €/L"
"Argolas, brancas, autocolante, 160 unidades, 13 mm",Domédia,1 embalagem,"2,19 €","109,50 €/L"
Bebida aveia,Alpro,Embalagem de 1 litro,"2,49 €","2,49 €/L"
Ambientador spray aerosol white bouquet,Air Wick,Garrafa de 240 ml,"2,99 €","12,46 €/L"
Cafe rossio m.unica 250g,Nicola,Embalagem de 250g,"9,76 €/Kg","9,76 €/Kg"
Cebola Amarela,Nossa seleção,1 un = 500 gr (aprox.),"1,79 €","3,58 €/Kg"
Cogumelo Portobello Pequeno,Legumes do Dia,embalagem de 300 g,"1,89 €","6,30 €/Kg"
Desinfetante p/ WC,Sanytol,Embalagem de 750 ml,"3,99 €","7,98 €/L"
Bolachas com recheio de chocolate,PorSi,Embalagem de 500g,"1,39 €","2,78 €/Kg"
8 hamburguers s/ glúten frango,Capitão Iglo,Embalagem de 480g,"2,99 €","6,64 €/Kg"
Vinho doc dão tinto,Santar,Garrafa de 0.75 l,"3,99 €","5,32 €/L"
Gel Cabelo Styling Creme Cabelo,Nivea,Embalagem de 150 ml,"0,89 €","3,56 €/L"
Mousse de chocolate preto,Páturages,Embalagem de 4x60 g,"1,25 €","2,72 €/Kg"
Queijo são jorge dop,PorSi Select,Embalagem de 400g,"2,50 €","9,99 €/Kg"
Bacon Extra Nacos,Porminho,200 g,"3,39 €","22,60 €/Kg"
Biscoito para cão strips,Purina One,Embalagem de 90g,"0,94 €","5,22 €/Kg"
Gomas açúcar,PorSi,Embalagem de 200 g,"0,99 €","9,90 €/Kg"
Cortador de Castanhas,Snips,1 unidade,"3,99 €","3,99 €/Unidade"
Sobremesa Paturette Creamy Chocolate,Páturages,Embalagem de 4X115G,"1,25 €","2,72 €/Kg"
Lixivia perfumada,PorSi,Garrafa de 2 l,"1,09 €","0,55 €/L"
Creme Dia Lift + Serum Preenchedor,Diadermine,Embalagem de 50 ml,"14,99 €","299,80 €/L"
Rebuçados mel e limão,Halls,Embalagem de 32 g,"0,77 €","3,85 €/Kg"
Iogurte naturea natural,PorSi,Embalagem de 4 x 125 g,"0,65 €","1,30 €/Kg"
Pensos diários maxi cotton aloé,Carefree,Embalagem com 30 unidades,"1,60 €","1,60 €/Unidade"
Leite c/ cacau original,Cacaolat,Garrafa de 1 l,"0,26 €","1,30 €/L"
Bolachas,Oreo,Embalagem de 220g,"0,79 €","4,49 €/Kg"
Desentupidor express gel elimina odores,Destop,1 litro,"2,99 €","5,44 €/L"
Vinho tinto doc douro,VILA REAL,Garrafa de 750 ml,"7,49 €","9,99 €/L"
Pasta dentífrica Herbal,Aquafresh,Embalagem de 75ml,"2,39 €","31,87 €/L"
Sabonete de Argila,Saboaria,Embalagem de 75 g,"4,49 €","12,47 €/Kg"
"Gel de banho, sensitive 3 em 1",Labell Men,Embalagem de 250 ml,"0,89 €","3,56 €/L"
Amaciador Roupa Chá Branco & Peônia,Vernel,76 doses,"3,99 €","3,99 €/Unidade"
Fuet extra,PorSi,170 g,"1,22 €","6,78 €/Kg"
"Pasta de limpeza com oxigénio activo, 48 unidades",Polident,Uma embalagem,"7,39 €","105,57 €/Kg"
Vinho do porto malvasia branco,Rcv,Garrafa de 750 ml,"11,99 €","15,99 €/L"
Fofinhos,Past.rolo,Embalagem de 300g,"2,59 €","7,40 €/Kg"
Tablete de chocolate culinário branco,PorSi,Embalagem de 180 g,"1,19 €","11,90 €/Kg"
Borracha para lápis e tinta,Domédia,1 unidade,"1,79 €","1,79 €/Unidade"
Carapau Pequeno,Peixe do Dia,1 un = 100 g (aprox.),"3,48 €","8,69 €/Kg"
"Pandorino cacau, 4 unidades",Dulcesol,Embalagem de 240g,"2,05 €","5,13 €/Kg"
"Refrigerante com gás cola zero, lata",Look,pack 6 x 0.33 l,"0,79 €","0,40 €/L"
Batata frita de presunto,PorSi,Embalagem de 185 g,"1,19 €","6,43 €/Kg"
Snacks 3D Bacon,Lay's,Embalagem de 160g,"1,19 €","6,43 €/Kg"
Batata frita ondulada wavy,PorSi,Embalagem de 185 g,"1,06 €","5,73 €/Kg"
"Máquina Tripla Matrix, + 5 unidades",Labell Men,Uma embalagem,"1,16 €","4,64 €/L"
Leite corporal nutri repair,Labell,Embalagem de 400 ml,"1,99 €","4,98 €/L"
Rebuçados fruta,PorSi,Embalagem de 250g,"1,00 €","5,00 €/Kg"
Paté de sardinha,PorSi,Embalagem de 4 x 22 g,"1,19 €","13,52 €/Kg"
Bolacha filipinos chocolate negro,Artiach,Embalagem de 140g,"0,79 €","5,27 €/Kg"
Paloco desfiado,PorSi,Embalagem de 500 g,"4,39 €","10,98 €/Kg"
Fiambre da perna extra fatias finas cuida-t+,Nobre,Embalagem de 110g,"0,97 €","6,49 €/Kg"
Refrigerante c/ gás laranja,Sumol,pack 4 x 1.25 l,"0,79 €","0,40 €/L"
Marmelada 8 porções,Casaprisca,Embalagem de 170g,"1,09 €","2,42 €/Kg"
Caçarola Alumínio Anti-Aderente 26Cm,PorSi,1 unidade,"9,99 €","9,99 €/Unidade"
Vinho tinto regional alentejano,Galitos,Garrafa de 3 l,"9,49 €","1,90 €/L"
Bolacha alfa,Nacional,Embalagem de 180g,"2,82 €","9,40 €/Kg"
Focinho,Porco,1 un = 300 gr (aprox.),"0,60 €","5,99 €/Kg"
Iogurte magro morango sem lactose,Mimosa,Embalagem de 4x 120 g,"2,59 €","5,40 €/Kg"
Água com gás,Campilho,Pack 4 x 0.25 l,"2,95 €","2,95 €/L"
Biscoitos canudinho recheio cacau,PorSi,Embalagem de 300g,"2,82 €","9,40 €/Kg"
Strogonoff,Porco,1 un = 250 gr  (aprox.),"1,40 €","5,58 €/Kg"
Vinho Tinto Douro Reserva,Duas Quintas,Garrafa de 750 ml,"3,19 €","3,19 €/L"
Spaghetti a bolonhesa 350g,Tuttipasta,Embalagem de 350g,"2,99 €","8,54 €/Kg"
"Bolachas, cobertura com chocolate branco",Oreo,Embalagem de 250g,"0,79 €","5,27 €/Kg"
20 saquetas chá digestão fácil,Lipton,Embalagem de 30g,"40,31 €/Kg","40,31 €/Kg"
Iogurte líquido yoggi banana,Nestle,Embalagem de 4 x 160 g,"1,17 €","1,83 €/Kg"
Saqueta de puré de fruta | maçã + banana,PorSi,90 g,"0,74 €","8,22 €/Kg"
Vinho regional alentejano reserva tinto,Encosta das Perdizes,Garrafa de 0.75 l,"2,89 €","3,85 €/L"
Resguardo para mesa,PorSi,Dim.: 140 x 200 cm,"13,99 €","13,99 €/Unidade"
Bacalhau Graúdo,Bacalhau da Noruega,1 un = 2.5 kg (aprox.),"8,73 €/Kg","8,73 €/Kg"
Pão de forma sem côdea especial torradas,Panrico,Embalagem de 510g,"0,99 €","1,65 €/Kg"
Pastilhas fire canela,CHICLETS,Embalagem de 16 g,"0,75 €","50,00 €/Kg"
"Cerveja sem álcool, tara perdida",Super Bock,Pack 6 X 0.33 L,"5,99 €","3,03 €/L"
Veggie bowls bulgur & courgette 350g,Iglo green,Embalagem de 350g,"1,99 €","6,63 €/Kg"
24 bombons de chocolate,Ferrero Rocher,Embalagem de 300g,"31,40 €/Kg","31,40 €/Kg"
Infusão camomila,Cemporcent,Embalagem de 10 unidades,"0,99 €","76,15 €/Kg"
Marmelada,Ferbar,Embalagem de 400g,"1,09 €","2,42 €/Kg"
Tira nódoas em spray,Skip,Embalagem de 500 ml,"5,99 €","11,98 €/L"
Toranja,Fruta do Dia,1 un = 300 gr  (aprox.),"0,25 €","2,49 €/Kg"
Plantanatur gorduras dia e noite refeições,PLANTANATU,Embalagem de 1 unidades,"9,95 €","9,95 €/Unidade"
Queijo fresco natural,Matinal,Embalagem de 216g,"2,39 €","11,06 €/Kg"
Café Qalidus XXL,Delta Q,Embalagem com 60 cápsulas,"54,36 €/Kg","54,36 €/Kg"
Adoçante c/ doseador,Canderel,Embalagem de 10g,"6,21 €","6,21 €/Unidade"
Alho Seco,Programa Origens,Vendido a partir de 100 gr,"1,79 €","3,58 €/Kg"
Queijo Coulommiers,Páturages,Embalagem de 350 g,"1,49 €","7,45 €/Kg"
Loção tónica para pele seca,Labell,Embalagem de 250 ml,"23,70 €/L","23,70 €/L"
Farinheira de Sousel,PorSi,1 un = 120 g (aprox.),"1,49 €","7,45 €/Kg"
Pastilhas melão e melancia,Trident,Embalagem de 20g,"0,75 €","50,00 €/Kg"
Tortitas de Arroz com Chocolate Negro,Bicentury,Embalagem de 130g,"2,85 €","14,25 €/Kg"
Molho de alho,Calve,Embalagem de 260g,"0,70 €","2,33 €/Kg"
Reparador de móveis normal,PorSi,Embalagem de 200 ml,"4,49 €","14,97 €/L"
Puzzle Spiderman,Clementoni,2 x 60 peças,"5,99 €/Unidade","5,99 €/Unidade"
Sidra frutos vermelhos,Somersby,pack 4 x 0.33 l,"1,64 €","3,28 €/L"
Brandy,Croft,Garrafa de 700 ml,"15,49 €","15,49 €/L"
"Iogurte actimel, morango",Danone,Embalagem de 12 x 100 g,"4,15 €/Kg","4,15 €/Kg"
"Azeite clássico, virgem extra",Oliveira da Serra,Garrafa de 2 l,"3,19 €","4,25 €/L"
"Leite bem essencial, morango",Mimosa,Embalagem de 200 ml,"1,99 €","2,49 €/L"
Choco limpo 10/30,Pescanova,Embalagem de 500g,"9,59 €","11,99 €/Kg"
Vinho maduro tinto doc alentejano,P.ravessa,Garrafa de 750 ml,"2,89 €","3,85 €/L"
Café em cápsulas  qonvictus,Delta Q,Embalagem de 55 g,"54,36 €/Kg","54,36 €/Kg"
Óleo especial fritura,Fula,Garrafa de 1 l,"3,49 €","3,49 €/L"
Ambientador tealights baunilha,PorSi,embalagem com 18 unidades,"34,81 €/Kg","34,81 €/Kg"
Miúdos,Frango,1 un = 250 gr  (aprox.),"0,60 €","5,99 €/Kg"
Arroz de pato,PorSi,Embalagem de 400g,"3,53 €","8,83 €/Kg"
Ambientador tealights frutos vermelhos,PorSi,embalagem com 18 unidades,"34,81 €/Kg","34,81 €/Kg"
"Sabonete sólido, mel",Feno,Embalagem de 360g,"4,49 €","12,47 €/Kg"
Café com cafeina solúvel,Delta,Embalagem de 20g,"1,45 €","14,50 €/Kg"
Mirtilos bio,PorSi Bio,Embalagem de 125 g,"0,50 €","1,99 €/Kg"
Café 5 estrelas moído tradição,Sical,Embalagem de 250g,"9,76 €/Kg","9,76 €/Kg"
Caderno Agrafado Capa Preta |A5 Liso,Domédia,1 unidade,"3,79 €","3,79 €/Unidade"
Creme depilatório para peles sensíveis,Labell,Embalagem de 200 ml,"2,99 €","14,95 €/L"
Pão de leite 8 un.,Bimbo,Embalagem de 280g,"2,59 €","7,40 €/Kg"
Rebuçados drops recheio de fruta,PorSi,Embalagem de 250g,"1,00 €","5,00 €/Kg"
Alface Programa Origens,PorSi,Embalagem de 150 g,"1,19 €","11,90 €/Kg"
Óleo alimentar,Vaqueiro,Garrafa de 1 l,"3,49 €","3,49 €/L"
Massa folhada margarina,PorSi,Embalagem de 230 g,"0,99 €","4,30 €/Kg"
Mousse d´or,Du Bois de la Roche,Embalagem de 200 g,"0,69 €","3,45 €/Kg"
Cabo de metal com rosca,PorSi,1.35 m,"2,20 €","2,20 €/Unidade"
Detergente Manual p/ Lavar Roupa Regular,Gama,Embalagem de 510 g,"2,38 €","4,67 €/Kg"
Clementinas,Fruta do Dia,1 un = 100 gr (aprox.),"0,25 €","2,49 €/Kg"
Pasta de sardinha,Fides,Embalagem de 90g,"1,19 €","13,52 €/Kg"
Pedaços de tamboril,PorSi,Embalagem de 500G,"4,39 €","10,98 €/Kg"
Bolachas chiquilin energy,Artiach,Embalagem de 200g,"1,69 €","6,76 €/Kg"
Limpa ferros,Petex,1 unidade,"0,89 €","0,89 €/Unidade"
Telemóvel Vibra e Capta,Chicco,1 unidade,"14,99 €/Unidade","14,99 €/Unidade"
Maionese,PorSi,Embalagem de 260 g,"0,70 €","2,33 €/Kg"
Bolachas digestive go aveia,Triunfo,Embalagem de 170g,"0,98 €","3,27 €/Kg"
Borrego Leite Inteiro/Metades,Programa Origens Premium,,"6,29 €","15,73 €/Kg"
"Alimento para cão adulto bio complex, com frango",HappyOne,Embalagem de 4 kg,"22,99 €","1,15 €/Kg"
Caracol com passas,*,90g,"0,49 €/Unidade","0,49 €/Unidade"
Snack para cão adulto com frango,Friskies,Embalagem de 200g,"0,94 €","5,22 €/Kg"
Sobremesa Paturette Caramelo,Páturages,Embalagem de 4x115g,"1,25 €","2,72 €/Kg"
Limão biológico,PorSi Bio,Emb.: ± 500 g,"0,25 €","2,49 €/Kg"
Manteiga de alho,Mimosa,Embalagem de 200g,"1,69 €","6,76 €/Kg"
Barras de cereais de trigo integral com chocolate e ...,Nestle,Embalagem de 135 g,"3,49 €","26,85 €/Kg"
"Esponja banho, natural relax",calypso,1 unidade,"2,59 €","2,59 €/Unidade"
"Cereais crusts, amêndoas e mel",PorSi,Embalagem de 380g,"2,29 €","6,11 €/Kg"
Manteiga com sal,Novacores,Embalagem de 250g,"1,69 €","6,76 €/Kg"
Desinfetante p/ Cozinha,Sanytol,Embalagem de 750 ml,"2,99 €","5,44 €/L"
Ambientador para a máquina da loiça de lima e limão,Finish,embalagem com 2 un.,"16,63 €/L","16,63 €/L"
Ovos de Galinhas Criadas ao Ar Livre,PorSi,6 ovos frescos,"1,39 €","1,39 €/Unidade"
Ambientador spray de lavanda,Air Wick,Garrafa de 240 ml,"2,99 €","12,46 €/L"
Espumante cava meio seco reserva,Freixenet,Garrafa de 750 ml,"8,49 €","11,32 €/L"
"Refresco em pó, manga",PorSi,Embalagem de 40g,"0,75 €","18,75 €/Kg"
Escova dentes para próteses,Labell,Embalagem de 1 un.,"7,39 €","105,57 €/Kg"
Forma Pão de Ló Antiaderente 28cm,PorSi,1 unidade,"9,99 €","9,99 €/Unidade"
Bolachas com duplo creme,Oreo,Embalagem de 190g,"0,79 €","4,49 €/Kg"
Óleo Performa 10W40,Galp,Embalagem de 1 l,"14,99 €","14,99 €/L"
Bombons de chocolate ferrero rocher,Ferrero Rocher,Embalagem de 380g,"31,40 €/Kg","31,40 €/Kg"
"Batata frita, queijo e ervas",PorSi,Embalagem de 190g,"1,19 €","6,43 €/Kg"
6 empadas de galinha,PorSi,Embalagem de 330g,"2,99 €","9,97 €/Kg"
Limpa vidros tubo,PorSi,Embalagem de 500 ml,"3,29 €","6,58 €/L"
Bolachas Chiquilin 0% Açucar,Artiach,Embalagem de 175 g,"2,82 €","9,40 €/Kg"
Peito de frango,PorSi,"Vendido ao peso, fatiado a partir de 150 g","1,50 €","9,99 €/Kg"
Quinoa branca,PorSi Viva Bem,Embalagem de 200 g,"1,19 €","2,38 €/Kg"
Shampo automóvel laranja,PorSi,Embalagem de 5 l,"3,99 €","0,80 €/L"
Detergente manual roupa,PorSi,Embalagem de 650g,"2,38 €","4,67 €/Kg"
Papel Fotocópia A4 |80g,Navigator,,"2,19 €","109,50 €/L"
"Vinho branco regional alentejano, bib",Galitos,Garrafa de 3 l,"17,99 €","1,80 €/L"
Leite de pastagem magro,Terra Nostra,Embalagem de 1 litro,"0,81 €","0,81 €/L"
Manteiga sem sal,Mimosa,Embalagem de 250g,"1,69 €","6,76 €/Kg"
"Palmilha de cortiça com latex, tamanho 42/43",Sonaf,1 unidade,"2,99 €","2,99 €/Unidade"
Água mineral sem gás,Vitalis,Pack 6 x 1.5 l,"0,63 €","0,13 €/L"
Forma Pudim Antiaderente 18cm,PorSi,1 unidade,"9,99 €","9,99 €/Unidade"
Morangos,Fruta da Época,Vendido a partir de 250 gr,"0,50 €","1,99 €/Kg"
Bombons chocolate de leite,Merci,Embalagem de 100g,"31,40 €/Kg","31,40 €/Kg"
Sumo 100% laranja,PorSi,Pack 3 x 200 ml,"1,69 €","1,69 €/L"
Tiras da Costela/Piano,Porco,1 un = 500 gr (aprox.),"1,40 €","5,58 €/Kg"
Batata frita ondulada,Sr.basilio,Embalagem de 140g,"1,06 €","5,73 €/Kg"
"Limpa vidros pistola, cristal",Ajax,Embalagem de 500 ml,"3,29 €","6,58 €/L"
Activia topper muesli & arando,Danone,Embalagem de 170g,"2,49 €","5,19 €/Kg"
Bebida de soja sem acucar 1l,Alpro,Embalagem de 1L,"2,49 €","2,49 €/L"
Amendoim com Casca,PorSi,Embalagem de 500g,"0,79 €","3,95 €/Kg"
Rolo de Carne Picada Recheado,Novilho,1 un = 500 gr (aprox.),"6,29 €","15,73 €/Kg"
Pastilhas café lote chávena,Delta,Embalagem de 110g,"54,36 €/Kg","54,36 €/Kg"
After shave gold,Denim,Embalagem de 100 ml,"1,16 €","4,64 €/L"
Creme autobrilhante castanho,Splendor,40 ml,"2,69 €","2,69 €/Unidade"
"Anti-calcário em pó, máquina roupa",PorSi,Embalagem de 800g,"10,99 €","52,33 €/Kg"
Bolacha leibniz zoo manteiga,Bahlsen,Embalagem de 100g,"1,95 €","16,25 €/Kg"
Ambientador Arbre Baunilha,Arbre Magique,3 unidade,"2,89 €","2,89 €/Unidade"
Creme abrasivo de limão,PorSi,Embalagem de 750 ml,"0,99 €","1,32 €/L"
Iogurte activia líquido cereais,Danone,Embalagem de 4 x 155 g,"2,49 €","5,19 €/Kg"
Iogurte activia líquido morango,Danone,Embalagem de 4 x 155 g,"2,49 €","5,19 €/Kg"
Alface Roxa,Programa Origens,1 un= 400 g ( aprox.),"1,00 €","2,49 €/Kg"
Café moagem universal brasil,Delta,Embalagem de 220g,"9,16 €/Kg","9,16 €/Kg"
Azeite virgem extra clássico,Serrata,Garrafa de 750 ml,"3,19 €","4,25 €/L"
Tortilha sem cebola,Dovo,500 g,"2,99 €","11,96 €/Kg"
Vinho verde branco alvarinho,Contacto,Garrafa de 0.75 l,"3,19 €","3,19 €/L"
Bandas de cera fria bikini peles sensíveis,Veet,Embalagem de 16 unidades,"6,99 €","6,99 €/Unidade"
Caçarola Alumínio Anti-Aderente 24Cm,PorSi,1 unidade,"9,99 €","9,99 €/Unidade"
Baguete,PorSi,250 g,"0,19 €","2,71 €/Kg"
Gambão 20/30,Marisco Congelado,Vendido a partir de 250 (aprox.),"2,00 €","7,99 €/Kg"
Vinagre balsâmico modena,Gallo,Garrafa de 250 ml,"0,49 €","0,98 €/L"
10 saquetas infusão de camomila,Lipton,Embalagem de 10g,"0,99 €","76,15 €/Kg"
Cola Especial Calçado,Pattex,Embalagem de 30 g,"2,75 €","91,67 €/Kg"
"Ice tea, pêssego",PorSi,"Embalagem de 6x0,20 l","1,09 €","0,91 €/L"
Bife,Peru,1 un = 900 gr (aprox.),"1,22 €","3,48 €/Kg"
Sabonete extra suave de limão,Labell,Embalagem de 2x100 g,"4,49 €","12,47 €/Kg"
Cuecas de incontinência Plus M,Ausonia,Uma embalagem - 9Unidades,"9,99 €","9,99 €/Unidade"
Gelado tiramisu,PorSi,Embalagem de 900 ml,"6,79 €","14,76 €/L"
Azeite virgem extra clássico,Gallo,Garrafa de 250 ml,"3,19 €","4,25 €/L"
Tablete chocolate chips ahoy,Milka,Embalagem de 100g,"0,53 €","5,30 €/Kg"
Atum posta em óleo,Vasco da Gama,Embalagem de 120 g,"9,08 €/Kg","9,08 €/Kg"
Leite uht meio gordo,PorSi,Embalagem com rosca de 1 l,"0,81 €","0,81 €/L"
Gomas de ursos com brilho,Fini,Embalagem de 100g,"0,99 €","9,90 €/Kg"
Mostarda top down,Savora,Embalagem de 250g,"0,70 €","2,33 €/Kg"
Lava tudo lixívia amonical,Cif,"Garrafa de 1,4 l","2,59 €","3,45 €/L"
Farinha rainha c/ fermento,Nacional,Embalagem de 1000 g,"2,65 €","6,63 €/Kg"
Limpa Estofos de Pele,PorSi,Embalagem de 1 l,"3,99 €","0,80 €/L"
"Tampão com aplicador, compak super, 16 unidades",O.B.,1 embalagem,"3,99 €","3,99 €/Unidade"
Pão de forma sem côdea,Panrico,Embalagem de 650g,"0,99 €","1,65 €/Kg"
Whiskey bourbon,J.daniels,Garrafa de 700 ml,"23,99 €","34,27 €/L"
Queijo flamengo ralado,PorSi,Embalagem de 200G,"1,56 €","7,80 €/Kg"
Gressinos com azeite,PorSi,Embalagem de 250g,"2,49 €","7,11 €/Kg"
8 salsichas bockwurst,PorSi,1 Frasco 720G,"0,75 €","3,75 €/Kg"
Champô oil nutritive,Gliss,Embalagem de 250 ml,"9,36 €/L","9,36 €/L"
"Queijo flamengo, ralado",Terra Nostra,Embalagem de 150g,"1,49 €","7,45 €/Kg"
"Alimento seco para cão, croquetes pro adulto",PorSi Select,Embalagem de 4 Kg,"22,99 €","1,15 €/Kg"
Ketchup,Calve,Embalagem de 280g,"0,70 €","2,33 €/Kg"
"Queijo curado, amanteigado",Paiva,Embalagem de 550g,"6,49 €","25,45 €/Kg"
Quiche lorraine,Monique Ranou,Embalagem de 400 g,"1,99 €","6,63 €/Kg"
Frango do Campo Inteiro c/ Miúdos Programa Origens,PorSi Select,Vendido ao peso,"1,22 €","3,48 €/Kg"
Azeite virgem extra dop trás-os-montes,PorSi Select,Embalagem 750 ml,"3,19 €","4,25 €/L"
"Borracha Technic, 600",Maped,embalagem com 2 unidades,"1,79 €","1,79 €/Unidade"
Queijo curado pequeno,Casteloes,Embalagem de 500g,"0,85 €","24,29 €/Kg"
Salada riva,Vitacress,embalagem de 100 g,"1,19 €","11,90 €/Kg"
Cebolinho,Vitacress,embalagem de 30 g,"1,15 €","38,33 €/Kg"
"Ração para gato adulto com vaca, frango",Friskies,Embalagem de 4kg,"12,99 €","4,33 €/Kg"
Dourada Pequena,Peixe do Dia,"Vendido ao peso, de 200 a 600 g","3,48 €","8,69 €/Kg"
Queijo dop ralado,Sao jorge,Embalagem de 150g,"1,49 €","7,45 €/Kg"
Tomate pelado,Guloso,Embalagem de 390g,"1,95 €/Kg","1,95 €/Kg"
Bife da Pá e do Acém,Novilho,Vendido ao peso a partir de 800 g,"4,78 €","5,98 €/Kg"
Alho seco bio,PorSi Bio,Embalagem de aprox. 600 g,"1,79 €","3,58 €/Kg"
Painho de Sousel,PorSi,"Vendido ao peso, fatiado a partir de 100 gr","2,79 €","13,95 €/Kg"
Mistura solúvel c/ 20% café pó,PorSi,Embalagem de 200g,"1,69 €","6,76 €/Kg"
Infusão alcachofra e dente de leão,Cemporcent,Embalagem de 10 unidades,"0,99 €","76,15 €/Kg"
Chourição Fatias,Porminho,150 g,"0,95 €","9,49 €/Kg"
Bolachas waffers morango,PorSi,Embalagem de 210g,"0,98 €","4,67 €/Kg"
Gelatina de ananás,Koala,Embalagem de 130g,"0,85 €","2,13 €/Kg"
Barrinha Repara Tudo,Pattex,Embalagem de 48 g,"2,75 €","91,67 €/Kg"
Tablete de chocolate leite bubbly,Milka,Embalagem de 90g,"0,53 €","5,30 €/Kg"
Mimosa bem especial leite e aveia,Mimosa,Embalagem de 1 litro,"2,19 €","2,19 €/L"
Pensos higiénicos liberty normal sem abas,Evax,Embalagem com 12 un.,"4,99 €","4,99 €/Unidade"
Pão Bijou Mistura,Pão do Dia,1 unidades = 45 g,"0,19 €","2,71 €/Kg"
Iogurte Skyr Natural 0% Matéria Gorda S/ Glúten,Margui,150 g,"0,65 €","1,30 €/Kg"
Trela Estrangular 120cm,Bribon,1 unidade,"3,85 €","3,85 €/Unidade"
Cerveja c/ álcool,Sagres,pack 15 x 0.33 l,"1,99 €/L","1,99 €/L"
Nuggets de frango grelhadinho,Capitão Iglo,Embalagem de 200g,"9,30 €/Kg","9,30 €/Kg"
Queijo Mozzarella Maxi,Galbani,250 g,"1,65 €","6,60 €/Kg"
Iogurte morango 000%,PorSi Viva Bem,Embalagem de 4 x 125 g,"4,36 €","2,18 €/Kg"
Bolo de chocolate brownie,Milka,Embalagem de 150g,"1,69 €","8,45 €/L"
Mousse cabelo caracois,Labell,Embalagem de 200ml,"4,19 €","16,76 €/L"
Bambolitos pretos,PorSi,Embalagem de 150g,"0,79 €","5,27 €/Kg"
Plumas de porco preto,PorSi Select,250 g,"1,40 €","5,58 €/Kg"
Ovos classe m,PorSi,6 unidades,"1,39 €","1,39 €/Unidade"
Ração seca para cão croquetes pro júnior,PorSi Select,Embalagem de 3 Kg,"22,99 €","1,15 €/Kg"
Palitos redondos,PorSi,Embalagem de 250 unidades,"1,39 €","1,39 €/Unidade"
Restaurador de Chão Envenizado Médio/Escuro,Novycera,Embalagem de 500 ml,"0,99 €","0,99 €/L"
Vmt reg alentejano 0.75l,T.xisto,Garrafa de 750 ml,"2,89 €","3,85 €/L"
Rúcula,Florette,embalagem de 100 g,"1,19 €","11,90 €/Kg"
Vermute rosso,Martini,Embalagem de 10x6 cl,"4,99 €","7,13 €/L"
"Lixívia para roupa, azul, tradicional",Neoblanc,Embalagem de 1 l,"1,74 €","0,35 €/L"
Café moagem normal: intenso,Buondi,Embalagem de 220g,"9,76 €/Kg","9,76 €/Kg"
Iogurtes aroma 4 de morango + 4 de banana,PorSi,Embalagem de 8x125g,"2,59 €","5,40 €/Kg"
Inseticida controller baratas,Raid,12 unidades,"6,49 €","6,49 €/Unidade"
Atum posta em azeite,Bom petisc,Embalagem de 120 g,"9,08 €/Kg","9,08 €/Kg"
Doce de pêssego,Bonnemaman,Embalagem de 370g,"3,69 €","9,97 €/Kg"
Refeição Bio Puré de Ervilhas c/ batata e frango,Gerber,Embalagem de 190g,"1,89 €","9,95 €/Kg"
Castanhas 80/100,Frutos secos,1 un = 250 gr  (aprox.),"1,25 €","4,99 €/Kg"
Café dak lak vietnam moagem universal,Sical,Embalagem de 220g,"9,76 €/Kg","9,76 €/Kg"
Água s/ gás limão,Luso,Garrafa de 1 l,"0,63 €","0,13 €/L"
Snack para cão Multi,Canaillou,Embalagem de 100g,"0,94 €","5,22 €/Kg"
Cogumelos inteiros,PorSi,Embalagem de 355 g,"1,79 €","2,29 €/Kg"
Hamburger cogumelos,Veg In,Embalagem de 160g,"3,39 €","21,19 €/Kg"
Café espresso descafeinado intensidade 6,PorSi,16 cápsulas,"28,40 €/Kg","28,40 €/Kg"
Cerveja 0.0%,Sagres,Lata 0.33 l,"5,99 €","3,03 €/L"
50 nuggets de frango,Capitão Iglo,Embalagem de 1042g,"2,79 €","8,72 €/Kg"
Vinho tinto,Aldeia sol,Garrafa de 750 ml,"1,19 €","1,59 €/L"
"Batata frita, multipack",Ruffles,Embalagem de 180g,"1,06 €","5,73 €/Kg"
Snack gato sticks salmao 6x5g,PorSi,Embalagem de 30g,"0,99 €","16,50 €/Kg"
Bolacha maria junior doces,Vieira,Embalagem de 280g,"1,95 €","16,25 €/Kg"
Vinagre de fruta,PorSi,Embalagem de 500 ml,"0,49 €","0,98 €/L"
Queijo Brie M.Gorda 60%,President,Vendido ao peso a partir de 250 gr,"1,49 €","7,45 €/Kg"
Chouriço fatiado,Campofrio,Embalagem de 80g,"0,95 €","9,49 €/Kg"
Caramelos de fruta,Penha,Embalagem de 250 g,"1,10 €","4,40 €/Kg"
"Crepes queijo/fiambre, 6 unidades",Claude Léger,Embalagem de 300 g,"1,99 €","6,63 €/Kg"
Sopa de cebola económica,Knorr,Embalagem de 50g,"2,25 €","32,14 €/Kg"
Pão de forma integral sem côdea,Panrico,Embalagem de 450g,"0,99 €","1,65 €/Kg"
Bombons de chocolate negro 70% cacau lindor,Lindt,Embalagem de 75 g,"31,40 €/Kg","31,40 €/Kg"
Coleira repelente para gatos,Repul' 7,Embalagem de 1 unidades,"3,99 €","3,99 €/Unidade"
Esfregão Esponja Antibacteriano,Fino,1 unidade,"0,79 €","0,79 €/Unidade"
"Gelatina pronto a comer, 10kcal tropical",Royal,Embalagem de 4 x 100 g,"0,85 €","2,13 €/Kg"
Alimento seco p/ cão actividade intensa,PorSi,Embalagem de 4kg,"22,99 €","1,15 €/Kg"
Alimento húmido para cão vaca,Pedigree,Embalagem de 300g,"4,85 €/Kg","4,85 €/Kg"
Feijão encarnado em frasco,PorSi,frasco de 540 g,"1,79 €","2,29 €/Kg"
Fruta para bebé maçã banana +4 meses,Nestle,Embalagem de 4 x 100 g,"0,74 €","8,22 €/Kg"
Desinfetante em gel c/ lixívia,Cif,Garrafa de 750 ml,"2,59 €","3,45 €/L"
"Vela em número,  nº 0",PorSi,1 unidade,"1,19 €","1,19 €/Unidade"
Lipton limão zero pet,Lipton,Garrafa de 2 l,"1,09 €","0,91 €/L"
Fio dentário fluór+menta 50m,Labell,1 unidade,"3,49 €","3,49 €/Unidade"
Gelatina ananás 8 kcal,PorSi,Embalagem de 4 x 100 g,"0,85 €","2,13 €/Kg"
"Caramelos de fruta, morango single",Sugus,Embalagem de 50g,"1,10 €","4,40 €/Kg"
Queque,PorSi,1 unidade = 55 g,"0,49 €/Unidade","0,49 €/Unidade"
"Atum em posta, em azeite",General,Embalagem de 110g,"9,08 €/Kg","9,08 €/Kg"
Spray depilação para peles normais,Veet,Garrafa de 150 ml,"2,99 €","14,95 €/L"
Néctar de laranja e cenoura light,PorSi,Embalagem de 3 x 200 ml,"0,89 €","2,70 €/L"
Tira Nódoas Spray a Seco,Iberia,Embalagem de 200 ml,"10,99 €","52,33 €/Kg"
Refrigerante c/ gás,Coca-Cola,pack 6 x 0.33 l,"0,79 €","0,40 €/L"
"Briochoco, 4 unidades",Dulcesol,Embalagem de 160g,"2,05 €","5,13 €/Kg"
Folhado de salsicha,PorSi,Embalagem de 6x60 g,"2,99 €","9,97 €/Kg"
Sopa de tomate,Knorr,Embalagem de 90g,"2,25 €","32,14 €/Kg"
As minhas primeiras receitas - refeição esparguete c...,Nestle,Embalagem de 190g,"1,89 €","9,95 €/Kg"
Cola Especial Têxtil,Pattex,Embalagem de 30 g,"2,75 €","91,67 €/Kg"
"Croissants com recheio de cacau, 5 unidades",Dulcesol,Embalagem de 230g,"2,05 €","5,13 €/Kg"
Coentros em vaso,Aroma viva,Embalagem de 1 unidades,"1,15 €","38,33 €/Kg"
Creme Rosto Dia Pele Mista Antirrugas Q10 Plus,Nivea,Embalagem de 50 ml,"14,99 €","299,80 €/L"
Saqueta de puré de fruta | maçã + manga + pêssego,PorSi,90 g,"0,74 €","8,22 €/Kg"
Cabo de madeira com rosca,PorSi,1.20 m,"2,20 €","2,20 €/Unidade"
"Pasta dentífrica, proteção branqueador",Labell,Embalagem de 75 ml,"2,39 €","31,87 €/L"
Caldeirada de peixe ultracongelada,Brasmar,Embalagem de 700g,"7,89 €/Kg","7,89 €/Kg"
Inseticida vaporizador,Biokill,Embalagem de 375 ml,"5,09 €","8,48 €/L"
Limpa Estofos de Tecido,PorSi,Embalagem de 1 l,"3,99 €","0,80 €/L"
Esfregona tiras completa,PorSi,1 unidade,"0,79 €","0,79 €/Unidade"
Leite de pastagem meio-gordo,Terra Nostra,Embalagem de 1 litro,"0,81 €","0,81 €/L"
Arroz brajma,Cigala,Embalagem de 1 kg,"0,99 €","0,99 €/Kg"
Bolacha leibniz minis choco,Bahlsen,Embalagem de 100g,"6,83 €/Kg","6,83 €/Kg"
Vinho do porto lágrima branco,R.pinto,Garrafa de 750 ml,"11,99 €","15,99 €/L"
Gel de banho nourishing,Dove,Embalagem de 500 ml,"4,99 €","9,98 €/L"
Vinagre balsâmico branco,Gallo,Garrafa de 250 ml,"0,49 €","0,98 €/L"
Pensos Higiénicos Fina e Segura Normal,Evax,Embalagem c/ 24 Unidades,"4,99 €","4,99 €/Unidade"
Tablete chocolate de leite,PorSi,embalagem de 100 g,"0,53 €","5,30 €/Kg"
Danacol aveia,Danone,Embalagem de 6 x 100 g,"4,15 €/Kg","4,15 €/Kg"
Tarte de Flan,Pastelaria do Dia,embalagem com 650g,"4,29 €","6,60 €/Kg"
Especialidade de soja mirtilo,SojaSun,Embalagem de 4 x 100 g,"4,58 €/Kg","4,58 €/Kg"
Mortadela fatiada com azeitonas,PorSi,Embalagem de 200 g,"1,95 €","5,57 €/Kg"
Pizza ristorante s/ gluten salame,Dr. Oetker,Embalagem de 320g,"2,99 €","8,54 €/Kg"
Dinosaurus chocoleche 340gr.         *12,Artiach,Embalagem de 340g,"1,95 €","16,25 €/Kg"
Leite de pastagem magro,Novacores,Embalagem de 1 litro,"0,81 €","0,81 €/L"
Recarga Esfregona de Algodão,PorSi,1 unidade,"0,89 €","0,89 €/Unidade"
Pensos de incontinência Maxi,Ausonia,Uma embalagem - 12Unidades,"2,49 €","2,49 €/Unidade"
Champô Hidratante,Baby Dove,Embalagem de 400 ml,"2,59 €","2,59 €/Unidade"
Vinho rosé mateus emotion,Mateus,Garrafa de 750 ml,"4,39 €","5,85 €/L"
Tortitas de arroz c/ iogurte,Bicentury,Embalagem de 130g,"2,85 €","14,25 €/Kg"
Rúcula selvagem,Vitacress,embalagem de 100 g,"1,19 €","11,90 €/Kg"
Pão Regional Rio Maior Inteiro,Pão do Dia,1 unidade= 450 g,"0,19 €","2,71 €/Kg"
Escova dentes kids minions bateria,Colgate,1 un.,"0,99 €","0,99 €/Unidade"
Vela em número nº9,PorSi,1 unidade,"1,19 €","1,19 €/Unidade"
Ração para gato adulto crunchy & tender com salmão,Friskies,"Embalagem de 1,5 kg","12,99 €","4,33 €/Kg"
Queijo da Ilha DOP Cura 4 Meses,São Jorge,Vendido ao peso a partir de 250 gr,"3,37 €","13,49 €/Kg"
Iogurte líquido yoggi morango,Nestle,Embalagem de 4 x 160 g,"1,17 €","1,83 €/Kg"
8 hamburguers s/ glúten vaca,Capitão Iglo,Embalagem de 640g,"2,79 €","8,72 €/Kg"
Chocolate,After Eight,Embalagem de 200g,"31,40 €/Kg","31,40 €/Kg"
Vinho DOC Dão Tinto,Dharma,"Garrafa de 0,75 L","3,99 €","5,32 €/L"
Água s/ gás,Luso,Pack 6 x 1.5 l,"0,63 €","0,13 €/L"
Chá verde menta,PorSi,Embalagem de 43.7 g,"40,31 €/Kg","40,31 €/Kg"
Néctar pera,PorSi,Embalagem de 1 l,"0,99 €","0,99 €/L"
Vinho tinto regional alentejano,Galitos,Garrafa de 750 ml,"2,89 €","3,85 €/L"
Iogurte líquido danonino morango/banana,Danone,Embalagem de 4 x 100 g,"1,05 €","1,86 €/L"
Tablete de chocolate negro,Nestle,Embalagem de 100 g,"0,99 €","4,95 €/Kg"
Queijo vaca e ovelha s. penela,Serqueijos,Embalagem de 500g,"7,59 €","15,18 €/Kg"
Leite UHT Morango sem Lactose,Mimosa,Pack 3 x 250 ml,"2,19 €","2,19 €/L"
Óleo Performa C3 5w30 Sintético,Galp,Embalagem de 1 l,"14,99 €","14,99 €/L"
Pilhas recarregáveis C HR14 2600mAh,Domédia,Embalagem com 2 unidades,"1,99 €","1,99 €/Unidade"
Bloco Sanitário Poder Activo Pinho,Sonasol,Embalagem de 50 g,"2,99 €","74,75 €/Kg"
Farinha para pão integral,Nacional,Embalagem de 1 kg,"2,65 €","6,63 €/Kg"
Gelatina pronta a comer light 10 kcal mirtilo,Royal,Embalagem de 4 x 100 g,"0,85 €","2,13 €/Kg"
Danette caramel 125g p4,Danone,Embalagem de 4 x 125 g,"1,25 €","2,72 €/Kg"
Cenoura biológica,PorSi Bio,Embalagem de aprox. 600 g,"0,06 €","0,59 €/Kg"
Farinha de alfarroba bio,PorSi Bio,Embalagem de 200 g,"1,79 €","8,95 €/Kg"
Detergente Máquina Loiça Pastilhas All in 1 Extra Po...,Sun,76 pastilhas,"19,99 €","19,99 €/Unidade"
Nata uht para bater,Parmalat,Embalagem de 200 ml,"1,14 €","5,70 €/L"
Sanduiche Good4me Delicias do Mar,Snock,130 g,"0,69 €","0,69 €/Unidade"
Vinho do porto dona antónia reserva branco,Ferreira,Garrafa de 0.75 l,"11,99 €","15,99 €/L"
"Bolachas maria, dorada",Gullón,Embalagem de 600 g,"1,69 €","2,11 €/Kg"
Whisky,Glen crina,Garrafa de 700 ml,"11,49 €","16,41 €/L"
"Vela em número, nº 6",PorSi,1 unidade,"1,19 €","1,19 €/Unidade"
"Lenços de bolso sensi, brancos, 10 unidades",Renova,Uma embalagem de 6x10,"0,89 €","0,89 €/Unidade"
Bolacha maria doces,Vieira,Embalagem de 300g,"1,69 €","2,11 €/Kg"
Circuito fechado rosa -5º,Redex,Embalagem de 5 l,"14,99 €","14,99 €/L"
Bacalhau espiritual,PorSi,Embalagem de 300g,"7,89 €/Kg","7,89 €/Kg"
Leite seleccionado leve,Matinal,pack 3 x 200 ml,"0,81 €","0,81 €/L"
Biscoitos canudinho simples,PorSi,Embalagem de 300g,"2,82 €","9,40 €/Kg"
"Kit dentário, infantil",Labell,1 unidade,"0,99 €","0,99 €/Unidade"
12 pastéis de bacalhau,Ao minuto,Embalagem de 300 g,"11,49 €","14,36 €/Kg"
Orégãos vaso aromáticas vivas,Aroma viva,Embalagem de 1 unidades,"1,15 €","38,33 €/Kg"
15 panadinhos de peixe,PorSi,Embalagem de 450 g,"4,39 €","10,98 €/Kg"
Molho piri piri,Macarico,Embalagem de 200g,"0,70 €","2,33 €/Kg"
Moscatel de setúbal,Selecção de Enófilos,"Garrafa de 0,75 l","5,99 €","7,99 €/L"
Toalhitas básico,Dodot,embalagem com 54 unidades,"1,09 €/Unidade","1,09 €/Unidade"
Esfregão esponja ergonómico salva unhas,PorSi,Embalagem de 2 unidades,"0,79 €","0,79 €/Unidade"
Filetes Primavera Linhaça & Girassol,Iglo,Embalagem de 220g,"9,30 €/Kg","9,30 €/Kg"
Desentupidor canos,Mr.muscle,Embalagem de 1 l,"2,99 €","5,44 €/L"
Árvore de Natal,*,Dim.: 150cm,"24,99 €/Unidade","24,99 €/Unidade"
Bebida energética,Red Bull,Garrafa de 360 ml,"5,49 €","5,49 €/L"
Manteiga magra,Matinal,Embalagem de 250g,"1,69 €","6,76 €/Kg"
Iogurte batido magro com mirtilos sem lactose,Mimosa,4 x 120 g,"2,49 €","11,53 €/Kg"
Aperitivos tex mex,Doritos,Embalagem de 120g,"0,79 €","7,90 €/Kg"
"Papel higiénico, acolchoado sensitive, 3 folhas, 6 r...",Scottex,1 embalagem,"5,89 €","5,89 €/Unidade"
Tosta integral,Diatosta,Embalagem de 510 g,"1,44 €","6,40 €/Kg"
Rebuçados cristais de neve,PorSi,Embalagem de 250g,"1,65 €","6,60 €/Kg"
Lava tudo antibacteriano marinho,PorSi,Garrafa de 1.5 l,"1,89 €","1,26 €/L"
Chá cherry love,Lipton,20 saquetas,"58,00 €/Kg","58,00 €/Kg"
Molas plásticas,PorSi,15 unidades,"0,89 €","0,89 €/Unidade"
Aditivo diesel,Redex,Embalagem de 250 ml,"14,99 €","14,99 €/L"
"Chocolate, tripack",Pintarolas,Embalagem de 70g,"11,98 €/Kg","11,98 €/Kg"
Cerveja c/ álcool,Super Bock,Pack 15 X 0. 33L,"1,99 €/L","1,99 €/L"
Gelatina pronta a comer ananás,Royal,Embalagem de 4 x 100 g,"0,85 €","2,13 €/Kg"
Vulcão brilhante,Clementoni,1 unidade,"16,99 €/Unidade","16,99 €/Unidade"
Gaspacho,PorSi,1 litro,"2,25 €","32,14 €/Kg"
Queijo meio gordo,D. Pedro,Vendido ao peso a partir de 250 gr,"2,50 €","9,99 €/Kg"
Café solúvel creme,Nescafe,Embalagem de 100g,"1,45 €","14,50 €/Kg"
Vinho branco península de setúbal,Periquita,Garrafa de 0.75 l,"8,59 €","11,45 €/L"
Bolachas waffers baunilha,PorSi,Embalagem de 210g,"0,98 €","4,67 €/Kg"
"Coloração permanente, caramelo avelã, nº 6.41",Excellence,1 unidade,"9,49 €/Unidade","9,49 €/Unidade"
Loção hidratante,Baby Dove,Embalagem de 200 ml,"0,59 €","5,90 €/L"
Tosta rica oceanix 160g,Cuetara,Embalagem de 160g,"1,95 €","16,25 €/Kg"
"12 lápis de cor, 18cm",Domédia,Uma embalagem,"1,79 €","1,79 €/Unidade"
Alimento lácteo banana +6 meses,Yogolino,Embalagem de 90g,"2,99 €","7,48 €/Kg"
Creme de coco,Koala,Garrafa de 165 ml,"1,09 €","2,75 €/Kg"
Húngaros,PorSi,Embalagem de 270G,"0,69 €","3,45 €/Kg"
Cereais corn flakes s/ glúten,Nestle,Embalagem de 380g,"1,49 €","2,98 €/Kg"
6 Salsichas de porco,Nobre,Lata de 120g,"0,75 €","3,75 €/Kg"
Farinha de coco bio,PorSi Bio,Embalagem de 200 g,"1,79 €","8,95 €/Kg"
Lava tudo marinho,Cif,"Garrafa de 1,4 l","1,89 €","1,26 €/L"
"Comida húmida para cão júnior com frango, cenoura em...",Friskies,Embalagem de 100g,"4,85 €/Kg","4,85 €/Kg"
Couve portuguesa bio,PorSi Bio,400 g (aprox.),"1,69 €","1,69 €/Kg"
Açúcar em saquetas,PorSi,Embalagem 1K,"1,49 €","1,49 €/Kg"
Vinagre balsâmico modena,Gallo,Garrafa de 500 ml,"0,49 €","0,98 €/L"
Barbela,Porco,1 un = 250 gr  (aprox.),"1,40 €","5,58 €/Kg"
Salsichas extra suculentas,Nobre,Frasco de 650 g,"0,75 €","3,75 €/Kg"
Iogurte Pedaços Ananás 0% Matéria Gorda/Açúcares,Danone,4 x 120 g,"2,49 €","5,19 €/Kg"
"Recarga ambientador, toque&fresh relax zen",Glade,Embalagem de 10 ml,"1,99 €","1,99 €/Unidade"
Toalha de Mesa Anti Nódoas,VZT,Dim.: 150 x 300 cm,"13,99 €","13,99 €/Unidade"
Vela com número 4,PorSi,1 unidade,"1,19 €","1,19 €/Unidade"
Iogurte natural açucarado,PorSi,Embalagem de 4x125g,"0,65 €","1,30 €/Kg"
Hamburger azeitona preta,Veg In,Embalagem de 160g,"3,39 €","21,19 €/Kg"
Gel de Duche Creme Care,Nivea,Embalagem de 750 ml,"3,69 €","14,76 €/L"
Inseticida moscas e mosquitos,Dum Dum,Garrafa de 300 ml,"5,09 €","8,48 €/L"
Vinagre de vinho tinto,PorSi,Garrafa de 500 ml,"0,49 €","0,98 €/L"
Leite aromatizado com sabor a cerea,Mimosa,Embalagem de 200 ml,"1,99 €","2,49 €/L"
12 nuggets frango polme americano,Capitão Iglo,Embalagem de 220g,"3,53 €","8,83 €/Kg"
Sumo 100% de maçã tetra,Santal,Embalagem de 1L,"1,69 €","1,69 €/L"
Vinho do porto lágrima tinto,Ramos Pinto,"Garrafa de 0,75L","5,99 €","7,99 €/L"
"Toalhitas para bebé bio, 64 unidades",Pommette,1 embalagem,"1,09 €/Unidade","1,09 €/Unidade"
Sangria pet,Don Simon,"Garrafa de 1,5 l","6,99 €","1,40 €/L"
Folhado de salsichas,Pastelaria do Dia,1 unidade = 110 g,"0,69 €","0,69 €/Unidade"
"Rolo de cozinha design xxl, 3 rolos",Renova,Embalagem de 3 unidades,"4,99 €","4,99 €/Unidade"
Ovas de bacalhau higienizadas congeladas,*,Vendido ao peso a partir de 250 g,"8,73 €/Kg","8,73 €/Kg"
Pá York com Couro,Porco,"1 un=2,5 kg aprox.","1,40 €","5,58 €/Kg"
Ovos de galinha ao ar livre | Classe: M/L,Matinados,12 unidades,"1,39 €","1,39 €/Unidade"
Filetes primavera cereais de espelta,Iglo,Embalagem de 250 g,"7,89 €/Kg","7,89 €/Kg"
Refrigerante c/ gás laranja,Sumol,Garrafa de 500 ml,"0,79 €","0,40 €/L"
Cerveja,Kings Bräu,Embalagem de 10x25 cl,"1,99 €/L","1,99 €/L"
Queijo flamengo fatias light,PorSi,Embalagem de 200g,"1,56 €","7,80 €/Kg"
Bolacha diet nature recheio iogurte,Gullon,Embalagem de 220g,"0,79 €","4,49 €/Kg"
Uno cartas,Mattel,1 unidade,"31,99 €/Unidade","31,99 €/Unidade"
Creme de amendoim cremoso 340g,Skippy,Embalagem de 340g,"4,29 €","12,62 €/Kg"
Pano Microfibras Actifibre,Vileda,2 unidade,"1,79 €","1,79 €/Unidade"
Edredão + almofada,Analar,Dim.: 260 x 240 cm,"29,99 €","29,99 €/Unidade"
Bolachas dinossauros dinoovos,Artiach,Embalagem de 140g,"1,95 €","16,25 €/Kg"
Bolachas de manteiga,Triunfo,Embalagem de 170g,"1,69 €","6,76 €/Kg"
C surtido cuetara 420gr.              *8,Cuetara,Embalagem de 420g,"6,83 €/Kg","6,83 €/Kg"
Vinho regional tejo,Plexus,Garrafa de 750 ml,"2,29 €","3,05 €/L"
Peskitos de pescada panados,Pescanova,Embalagem de 1 Kg,"9,30 €/Kg","9,30 €/Kg"
Sumo 100% fresh laranja,Compal,Garrafa de 330 ml,"1,69 €","1,69 €/L"
Toalhitas Activity |Recarga,Dodot,Pack: 4x54 unidades,"1,09 €/Unidade","1,09 €/Unidade"
Esferográfica Sortida Média,Mab,Embalagem com 10 un.,"2,99 €","2,99 €/Unidade"
Chocolate branco com recheio de avelã,Kinder,Embalagem de 160g,"3,39 €","9,97 €/Kg"
Licor de amêndoa amarga,Produto selecionado,"Garrafa de 0,70 l","16,99 €","24,27 €/L"
Ketchup,PorSi,Embalagem de 560 g,"0,70 €","2,33 €/Kg"
Ambientador vela baunilha,Glade,1 unidade com 129 g,"34,81 €/Kg","34,81 €/Kg"
Arroz Carolino,Cigala,Embalagem de 1 kg,"0,99 €","0,99 €/Kg"
Pescada da Africa do Sul,Peixe Congelado,Pescado no mar,"3,99 €/Kg","3,99 €/Kg"
Leite Uht Proteína Café,Mimosa,Pack 3 x 250 ml,"1,99 €","2,49 €/L"
Posta pescada-do-cabo nº 5 para cozer,PorSi,Embalagem de 800 g,"4,39 €","10,98 €/Kg"
Creme de cassis,P.dabot,Garrafa de 700 ml,"4,99 €","7,13 €/L"
Mix do Bosque,Fruta Embalada,Embalagem com 175 gr,"0,50 €","1,99 €/Kg"
Chourico picante beiras,PorSi,Embalagem de 290g,"1,22 €","6,78 €/Kg"
Requeijao natural,Saloio,Embalagem de 170g,"2,39 €","11,06 €/Kg"
Muslitos do mar,Pescanova,Embalagem de 250 g,"2,19 €","8,59 €/Kg"
Tónico de limpeza age perfect,L'oreal,Embalagem de 200 ml,"23,70 €/L","23,70 €/L"
Sumo 100% maçã,Compal,1 litro,"1,69 €","1,69 €/L"
"Iogurte batido natural, biológico",Mimosa,Embalagem de 460g,"0,65 €","1,30 €/Kg"
"Bebida láctea especial crescimento, 1-3 anos",Mimosa,Garrafa de 1 l,"0,26 €","1,30 €/L"
Café c/ cafeína intenso,Nescafe,Embalagem de 100g,"1,45 €","14,50 €/Kg"
Bolacha de manteiga,Snapy,Embalagem de 250g,"1,69 €","2,11 €/Kg"
Iogurte magro + gelatina maracujá,Mimosa,Embalagem de 4 x 120 g,"0,99 €","1,32 €/Kg"
Banheira Quadrada,Molding,unidade,"15,99 €","15,99 €/Unidade"
Bicicleta,Dino,"roda 12""","99,99 €/Unidade","99,99 €/Unidade"
Anti-traça Maçã Verde,Dum Dum,2 unidades,"4,39 €","4,39 €/Unidade"
Sobremesa gelificada de laranja,PorSi,Embalagem de 4x100g,"0,85 €","2,13 €/Kg"
Vinho regional alentejano tinto,Qta.carmo,Garrafa de 0.75 l,"2,89 €","3,85 €/L"
Bocadelia de caranguejo,La piara,Embalagem de 170g,"1,19 €","13,52 €/Kg"
Limpa Tablier,PorSi,Embalagem de 1 l,"3,99 €","0,80 €/L"
Sumo essencial de pêssego,Compal,pack 3 x 0.11 l,"2,29 €","6,94 €/L"
Gogo SqueeZ Snack Banana,Gogo,Embalagem de 90g,"2,29 €","6,94 €/L"
Cápsulas de café delta qualidus,Delta Q,Embalagem de 60g,"54,36 €/Kg","54,36 €/Kg"
Feijão preto,Caçarola,Embalagem de 500 g,"2,78 €/Kg","2,78 €/Kg"
Balde com pedal metalizado 26l,PorSi,Embalagem de 1 unidades,"2,50 €","2,50 €/Unidade"
Café torrado 5 estrelas moagem grossa,Sical,Embalagem de 250g,"9,16 €/Kg","9,16 €/Kg"
Leite de coco condensado,Koala,Embalagem de 490 g,"1,09 €","2,75 €/Kg"
Néctar ananás,Compal,pack 3 x 200 ml,"0,99 €","0,99 €/L"
"Adesivo com suporte, tecido",Hansaplast,1 unidade,"3,99 €","3,99 €/Unidade"
30 douradinhos,Capitão Iglo,Embalagem de 840g,"4,39 €","10,98 €/Kg"
Sidra maçã,Somersby,pack 4 x 0.33 l,"1,64 €","3,28 €/L"
Manteiga com sal,Valformoso,Embalagem de 250 g,"1,69 €","6,76 €/Kg"
Lixívia perfumada,PorSi,Embalagem de 5 l,"1,09 €","0,55 €/L"
Sacos do lixo lavanda 50 litros,PorSi,15 unidades,"1,79 €","1,79 €/Unidade"
Iogurte líquido pinacolada,PorSi,Embalagem de 4 x 160 g,"1,17 €","1,83 €/Kg"
Batata Frita c/ Sal,Ruffles,Embalagem de 160 g,"1,06 €","5,73 €/Kg"
Cereais corn flakes,Kellogg's,Embalagem de 500g,"1,49 €","2,98 €/Kg"
Vela com número nº 6,PorSi,1 unidade,"1,19 €","1,19 €/Unidade"
Sangria branca,Don Simon,"Garrafa de 1,5 l","6,99 €","1,40 €/L"
Bolachas crackers integral,Du bois,Embalagem de 500g,"0,39 €","3,12 €/Kg"
"Carregador, 6 lâminas, 4 recargas",Labell Men,1 embalagem,"1,16 €","4,64 €/L"
Spray lixívia e higiene,Cillitbang,Garrafa de 500 ml,"3,99 €","7,98 €/L"
Pedras limão,P.salgadas,Garrafa de 1 l,"2,95 €","2,95 €/L"
Salsicha bockwurst 5 unidades,PorSi,Embalagem de 250g,"0,75 €","3,75 €/Kg"
Tisana de chá verde/limão light,Pleno,"Garrafa de 1,5 l","1,09 €","0,91 €/L"
Bombons Frutos do Mar,PorSi Select,250 g,"31,40 €/Kg","31,40 €/Kg"
Citrinada de laranja,Elodie,Embalagem de 370 g,"3,69 €","9,97 €/Kg"
100% clara de ovo líquida albumina,Prozis,Embalagem de 500g,"2,99 €","5,98 €/Kg"
Néctar classico de ananás,Compal,Garrafa de 200 ml,"0,99 €","0,99 €/L"
Sopa de rabo de boi,Knorr,Embalagem de 70g,"2,25 €","32,14 €/Kg"
Bollycao,Bollycao,Embalagem de 2 unidades,"2,05 €","5,13 €/Kg"
Formas de alumínio redondas 55 ml,PorSi,20 unidades,"0,99 €","0,99 €/Unidade"
Loção para bebé pink,Johnson's Baby,500 ml,"0,59 €","5,90 €/L"
Biscottina com alho e salsa,RUSTICA,Embalagem de 100 g,"2,49 €","7,11 €/Kg"
Farinha de centeio,Cemporcent,Embalagem de 500g,"2,29 €","11,45 €/Kg"
Café solúvel gold,PorSi Select,Embalagem 100G,"1,45 €","14,50 €/Kg"
Cereais crack star,PorSi,Embalagem de 375 g,"5,07 €/Kg","5,07 €/Kg"
Salsicha Merguez,PorSi,1 un = 100 gr (aprox.),"0,35 €","6,99 €/Kg"
Escova de dentes max white média,Colgate,1 + 1 unidades,"3,99 €","3,99 €/Unidade"
Costeletas do Lombo,Porco,Vendido ao peso a partir de 1 kg,"1,40 €","5,58 €/Kg"
"Penso higiénico ultra fresh, normal com alas",Labell,Embalagem com 14 unidades,"4,99 €","4,99 €/Unidade"
Fralda Cueca Banho Splashers T4,Dodot,1 Embalagem c/11 unidades,"4,69 €","4,69 €/Unidade"
Mistolin advanced anticalcário,Mistolin,Garrafa de 500 ml,"1,49 €","1,99 €/L"
Gel de banho para bebé,PorSi,750 ml,"2,59 €","2,59 €/Unidade"
Bolachas waffers chocolate,PorSi,Embalagem de 210g,"0,98 €","4,67 €/Kg"
Pudim de chocolate,PorSi,Embalagem de 110g,"0,44 €","4,00 €/Kg"
Hamburguers de bovino,PorSi,Embalagem de 1 kg,"2,79 €","8,72 €/Kg"
Pedras limão/chá verde,P.salgadas,pack 4 x 0.25 l,"2,95 €","2,95 €/L"
Iogurte activia líquido 0% morango/kiwi,Danone,Embalagem de 4 x 155 g,"2,49 €","5,19 €/Kg"
"Pensos higiénicos ultra, super, com abas",Labell,Embalagem com 24 unidades,"4,99 €","4,99 €/Unidade"
Orelhas,Porco,1 un = 250 gr (aprox.),"0,60 €","5,99 €/Kg"
Bolachas chips ahoy,Ca!,Embalagem de 300g,"0,90 €","6,00 €/Kg"
Farinha,Maizena,Embalagem de 400g,"2,65 €","6,63 €/Kg"
Louro em folhas,PorSi,30 g,"2,29 €","30,53 €/Kg"
"Batata frita caseira, rodela",Pala-pala,Embalagem de 180g,"0,87 €","5,44 €/Kg"
Detergente liquido loiça limão,PorSi,Garrafa de 1 litro,"3,29 €","5,48 €/L"
Película Aderente 60M,PorSi,1 unidade,"1,11 €","1,11 €/Unidade"
Sobremesa Paturette Chocolate,Páturages,Embalagem de 4x115g,"1,25 €","2,72 €/Kg"
Queijo Flamengo Bola,Queijaria de Celorico,Vendido ao peso a partir de 100 g,"1,56 €","7,80 €/Kg"
"Coloração permanente, castanho tiramissu nº4.15",Nutrisse,1 unidade,"9,49 €/Unidade","9,49 €/Unidade"
Ambientador tealights canela,PorSi,embalagem com 18 unidades,"34,81 €/Kg","34,81 €/Kg"
Iogurtes magros aroma morango,PorSi Viva Bem,Embalagem de 6 x 125 g,"0,99 €","1,32 €/Kg"
Iogurte Líquido Yoggi s/ lactose frutos silvestres,Nestle,4x160g,"2,49 €","11,53 €/Kg"
Papel higiénico branco 2 folhas,PorSi,48 rolos,"5,89 €","5,89 €/Unidade"
"Cla ultra l-carnitina + chá verde, 30caps",PLANTANATU,Embalagem de 1 unidades,"9,95 €","9,95 €/Unidade"
Folhado de Maçã,*,1 unidade= 100 g,"0,49 €/Unidade","0,49 €/Unidade"
Tomilho,Vitacress,embalagem 15 g,"1,15 €","38,33 €/Kg"
Pasta de dentes max white expert white,Colgate,Embalagem de 75 ml,"2,39 €","31,87 €/L"
Massa meada,PorSi,Embalagem de 500g,"1,39 €","1,39 €/Kg"
Pate picante 73gr.                ce *24,La piara,Embalagem de 70g,"1,19 €","13,52 €/Kg"
Bolachas de aveia,Triunfo,Embalagem de 190g,"2,82 €","9,40 €/Kg"
Choco flakes duo,Cuetara,Embalagem de 450g,"5,07 €/Kg","5,07 €/Kg"
Amaciador nutri-protec,Labell,Embalagem de 200 ml,"1,00 €","5,00 €/L"
Pudim caramelo,PorSi,Embalagem de 90g,"0,44 €","4,00 €/Kg"
Aguardente,Alma pura,Garrafa de 0.70 l,"12,79 €","18,27 €/L"
Lixívia Tradicional,PorSi,Embalagem de 5 l,"1,74 €","0,35 €/L"
2 Toalhas de bidé,PorSi,30 x 50 cm,"29,99 €","29,99 €/Unidade"
"Vinho rosé, meio seco",Leziria,Garrafa de 750 ml,"4,39 €","5,85 €/L"
Máquina de barbear sensor excel universal,Gillette,1 unidade,"1,16 €","4,64 €/L"
Patê de sardinha,PorSi,Embalagem de 65 g,"1,19 €","13,52 €/Kg"
Tablete de chocolate caramel peanut,Milka,Embalagem de 280g,"4,09 €","14,82 €/Kg"
Frango Inteiro Grande,Frango,1 un = 1.6 kg (aprox.),"1,22 €","3,48 €/Kg"
Atum posta em óleo,Ramirez,Embalagem de 120g,"9,08 €/Kg","9,08 €/Kg"
Chocolate signature starbucks,STARBUCKS,Embalagem de 220 ml,"3,19 €","25,52 €/Kg"
Bebida amêndoa,Shoyce,Embalagem de 1 litro,"2,19 €","2,19 €/L"
Café lote bocage grão,Nicola,Embalagem de 1 kg,"9,16 €/Kg","9,16 €/Kg"
Vinho tinto bag-in-box,Capataz,Embalagem de 5 l,"17,99 €","1,80 €/L"
Leite infantil confort 1 desde o nascimento,NAN,Embalagem de 800g,"20,99 €","26,24 €/Kg"
Queijo fundido palitos,A Vaca Que Ri,Embalagem de 35g,"0,85 €","24,29 €/Kg"
Recargas ambientador elétrico pure clean linen,Glade,Embalagem de 2 x 20 ml,"11,98 €","11,98 €/Unidade"
Açúcar baunilhado,Globo,Embalagem de 70g,"1,49 €","1,49 €/Kg"
Café moagem universal timor,Delta,Embalagem de 220g,"9,16 €/Kg","9,16 €/Kg"
10 douradinhos vegetais,Iglo green,Embalagem de 280g,"9,30 €/Kg","9,30 €/Kg"
Iogurte liquido infantil morango,PorSi,Embalagem de 6 x 94 ml,"1,05 €","1,86 €/L"
Castanha 70/90,Frutos secos,1 un = 250 gr  (aprox.),"1,25 €","4,99 €/Kg"
Aperfeiçoador BB Cream Oil Free Médio,Garnier,Embalagem de 40 ml,"14,99 €","299,80 €/L"
Alface Lisa,Programa Origens,1 un = 400 g (aprox.),"1,00 €","2,49 €/Kg"
12 nuggets frango polme americano,Capitão Iglo,Embalagem de 220g,"9,30 €/Kg","9,30 €/Kg"
Sopa caseira de feijão encarnado,Knorr,Embalagem de 100g,"2,25 €","32,14 €/Kg"
Mirtilo,PorSi,Embalagem com 125g,"0,50 €","1,99 €/Kg"
Cereais nesquik,Nestle,Embalagem de 380g,"5,07 €/Kg","5,07 €/Kg"
Adoçante em pó,PorSi,250 saquetas,"6,21 €","6,21 €/Unidade"
"Escova de cabelo, brushing média",Labell,Uma unidade,"2,45 €","2,45 €/Unidade"
Água s/ gás,Luso,"Garrafa de 5,4 l","0,63 €","0,13 €/L"
Manteiga com sal,Mimosa,Embalagem de 130g,"1,69 €","6,76 €/Kg"
Iogurte corpos danone aroma tutti fruti,Danone,Embalagem de 4 x 120 g,"0,99 €","1,32 €/Kg"
"Coloração, tom sobre tom, ameixa, nº316",Casting,1 unidade,"9,49 €/Unidade","9,49 €/Unidade"
Curgete biológica,PorSi Bio,1 unidade = 300 gr (aprox.),"1,50 €","4,99 €/Kg"
Aguardente velha vsop,Antiqua,Garrafa de 700 ml,"12,79 €","18,27 €/L"
Presunto nacos,PorSi,Embalagem de 250g,"2,79 €","13,95 €/Kg"
Sical 5est café moido,Sical,Embalagem de 220g,"9,16 €/Kg","9,16 €/Kg"
20 saquetas chá noite tranquila,Lipton,Embalagem de 30g,"58,44 €/Kg","58,44 €/Kg"
Salsa,Vitacress,embalagem de 40 g,"1,15 €","38,33 €/Kg"
Refrigerante c/ gás ananás,Sumol,Garrafa de 500 ml,"0,79 €","0,40 €/L"
Feijao branco fidalgo,Caçarola,Embalagem de 500 g,"2,78 €/Kg","2,78 €/Kg"
Torta cacau com sabor a natas,PorSi,Embalagem de 300g,"2,05 €","5,13 €/Kg"
Creme fixação para dentaduras,Polident,Embalagem de 70 g,"7,39 €","105,57 €/Kg"
Chourico carne das beiras,PorSi,Embalagem de 290g,"1,22 €","6,78 €/Kg"
Corn flakes,PorSi,Embalagem de 1 kg,"1,49 €","2,98 €/Kg"
Snack Cão Prodental,PorSi,Embalagem 180 g,"0,94 €","5,22 €/Kg"
Lulas recheadas,Piteu,Embalagem de 120g,"9,08 €/Kg","9,08 €/Kg"
Café moagem universal angola,Delta,Embalagem de 220g,"9,16 €/Kg","9,16 €/Kg"
"Queijo flamengo, bola quartos",Agros,Embalagem de 350g,"1,56 €","7,80 €/Kg"
"Vinho DOC Bairrada, Tinto",Selecção de Enófilos,"Garrafa de 1,5 L","2,92 €/L","2,92 €/L"
Vinagre de limpeza,Dona Pureza,Embalagem de 1 l,"4,19 €","5,59 €/L"
Assento Auto,Bebéconfort,unidade,"59,99 €","59,99 €/Unidade"
Lion barra cereais  25g,Nestle,Embalagem de 150g,"3,49 €","26,85 €/Kg"
Body Milk in Shower,Labell,Embalagem de 250 ml,"1,99 €","4,98 €/L"
Azeite,Oliveira da Serra,Embalagem de 750 ml,"3,19 €","4,25 €/L"
Esferográfica Cristal Azul,Bic,Embalagem com 10 un.,"2,99 €","2,99 €/Unidade"
Tablete de chocolate branco,Schogetten,Embalagem de 100g,"1,19 €","11,90 €/Kg"
Manteiga magra meio sal,President,Embalagem de 250g,"1,69 €","6,76 €/Kg"
Queijo Curado Amanteigado,Quinta do Convento,Embalagem de 500 g,"2,50 €","9,99 €/Kg"
Mistolin tira gorduras desinfetante,Mistolin,Garrafa de 550 ml,"1,49 €","1,99 €/L"
Peluche Unicórnio Interativo,Baby Clementoni,unidade,"34,99 €/Unidade","34,99 €/Unidade"
"Gomas bites pica, de morango",Fini,Embalagem de 100g,"0,99 €","9,90 €/Kg"
Rolo cozinha compacto 3 folhas,Foxy,1 unidade,"4,99 €","4,99 €/Unidade"
Creme de corpo exfoliante,Labell,Embalagem de 150 ml,"23,70 €/L","23,70 €/L"
Tostas de trigo,Diatosta,Embalagem de 225 g,"2,49 €","7,11 €/Kg"
Bolacha de Manteiga Belga c/ Chocolate Branco,Saborosa,Embalagem de 198 g,"1,69 €","6,76 €/Kg"
Tambor,Panda,1 un.,"14,99 €/Unidade","14,99 €/Unidade"
Salada de Marisco,Amarras,Embalagem de 700 g,"2,19 €","8,59 €/Kg"
Cerveja com álcool,Sagres,Garrafa de 20 cl,"1,99 €/L","1,99 €/L"
Bolacha recheada mega duo cacau,Gullon,Embalagem de 500g,"1,39 €","2,78 €/Kg"
Leite de pastagem meio gordo,Novacores,Embalagem de 1 litro,"0,81 €","0,81 €/L"
Iogurte líquido frutos tropicais,Longa vida,Embalagem de 4 x 160 g,"1,17 €","1,83 €/Kg"
Iogurte líquido pinacolada corpos danone,Danone,Embalagem de 4 x 155 g,"1,17 €","1,83 €/Kg"
Gelado bomboniera,Olá,Embalagem de 140ML,"5,99 €","16,64 €/L"
Queijo Curado Meio Gordo,Fonte Mourisca,Vendido ao peso a partir de 250 gr,"2,50 €","9,99 €/Kg"
"Sopa gourmet, cogumelos",Knorr,Embalagem de 60g,"2,25 €","32,14 €/Kg"
Sidra de maçã,Somersby,pack 6 x 0.2 l,"1,64 €","3,28 €/L"
Desodorizante spray sport 48h,Labell Men,Embalagem de 200 ml,"1,39 €","6,95 €/L"
Creme para calçado preto,Splendor,80 ml,"3,29 €","82,25 €/L"
Cevada solúvel,Delta,Embalagem de 200 g,"1,45 €","14,50 €/Kg"
Batata palha finíssima,PorSi Select,Embalagem de 180 g,"0,87 €","5,44 €/Kg"
Abóbora Menina embalada Programa Origens,PorSi,1 un = 750 aprox,"0,06 €","0,59 €/Kg"
Sacos do lixo lavanda 30 litros,PorSi,20 sacos,"1,79 €","1,79 €/Unidade"
"Batata frita, artesanal",Sr.basilio,Embalagem de 140g,"0,87 €","5,44 €/Kg"
Infusão cidreira,PorSi,Embalagem de 40g,"0,99 €","76,15 €/Kg"
Lambrusco tinto,*,Garrafa de 750 ml,"2,29 €","3,05 €/L"
"Velas em letras, happy birthday",Papstar,1 unidade,"1,19 €","1,19 €/Unidade"
Bolacha com aveia,PorSi,Embalagem de 300 g,"0,98 €","3,27 €/Kg"
Tablete de chocolate leite,Nestle,Embalagem de 130g,"0,53 €","5,30 €/Kg"
Mopa com 8 panos jack junior,Swiffer,1 unidade,"1,79 €","1,79 €/Unidade"
Infusão cidreira,Cemporcent,Embalagem de 10 unidades,"0,99 €","76,15 €/Kg"
Toalhitas Fresh & Natural c/ Tampa,Corine de Farme,Embalagem com 56 un.,"1,09 €/Unidade","1,09 €/Unidade"
Cacau magro em pó,PorSi,Embalagem de 125 g,"1,08 €","8,64 €/Kg"
Creme abrasivo original,Cif,Garrafa de 500 ml,"0,99 €","1,32 €/L"
Creme abrasivo limão,Cif,Garrafa de 500 ml,"0,99 €","1,32 €/L"
Espinafres em folhas,PorSi,Embalagem de 750 g,"1,89 €","1,89 €/Kg"
Edredão + almofada,Analar,Dim.: 240 x 220 cm,"29,99 €","29,99 €/Unidade"
3 Pipetas de Repelente p/ Gato,Repul'7,1 unidade,"3,85 €","3,85 €/Unidade"
Palhais de portugal alho & ervas,Palhais,Embalagem de 200g,"1,89 €","10,50 €/Kg"
28 mini bolinhas bacalhau,PorSi,Embalagem de 300 g,"2,99 €","9,97 €/Kg"
Yofu com pedaços de morango,Alpro,Embalagem de 4x125 g,"4,58 €/Kg","4,58 €/Kg"
Infusão de camomila,PorSi,Embalagem de 33.7 g,"0,99 €","76,15 €/Kg"
Gel Íntimo Fresh,Corine de Farme,Embalagem de 250 ml,"7,95 €","19,88 €/L"
"Hamburguers de frango, 4 x 80 g",PorSi,Embalagem de 320g,"2,79 €","8,72 €/Kg"
Gelatina pronta a comer melancia,Royal,Embalagem de 4 x 100 g,"0,85 €","2,13 €/Kg"
Pano Microfibras Colors XL,Vileda,Embalagem com 4 un.,"1,79 €","1,79 €/Unidade"
"Lava tudo, vinagre",Cif,"Garrafa de 1,4 l","1,89 €","1,26 €/L"
Arroz agulha Europa,PorSi,Embalagem de 1 kg,"0,99 €","0,99 €/Kg"
Nata uht 0% lactose,Parmalat,Embalagem de 200 ml,"1,14 €","5,70 €/L"
10 Cones de Baunilha,Progelcone,Embalagem de 110 g,"2,82 €","9,40 €/Kg"
Vinho tinto regional península de setúbal,Dom Campos,Garrafa de 10 l,"17,99 €","1,80 €/L"
Bolachas starship chocolate,PorSi,Embalagem de 150g,"0,90 €","6,00 €/Kg"
Alimento completo p/ canários,Petzezere,Embalagem de 1 kg,"2,59 €","5,18 €/Kg"
Queijo ralado 4 queijos,Valformoso,Embalagem de 150g,"1,49 €","7,45 €/Kg"
Chá verde,PorSi,Embalagem de 37.5 g,"40,31 €/Kg","40,31 €/Kg"
Detergente máquina loiça tudo em 1 limão,Sun,70 pastilhas,"19,99 €","19,99 €/Unidade"
Paio das beiras,PorSi,Embalagem de 380g,"2,79 €","13,95 €/Kg"
Refrigerante sem gás de ananás,Joi,"Garrafa de 1,5 l","1,09 €","0,91 €/L"
Yofu natural com amêndoa,Alpro,Embalagem de 500 gr,"4,58 €/Kg","4,58 €/Kg"
Café moagem universal portugal,Delta,Embalagem de 250g,"9,16 €/Kg","9,16 €/Kg"
Ambientador Arbre Pinho,Arbre Magique,3 unidade,"2,89 €","2,89 €/Unidade"
Crackers s/ Sal Superficie,Gran Pavesi,Embalagem de 250g,"0,39 €","3,12 €/Kg"
Fósforos cozinha,Quinas,Embalagem com 4 caixas por unidade,"1,39 €","1,39 €/Unidade"
Natas uht 3 queijos,Parmalat,Embalagem de 200 ml,"1,14 €","5,70 €/L"
Tomates Alongados,PorSi Bio,Emb.: ± 400 g,"1,89 €","9,45 €/Kg"
Leite uht magro,Gresso,Embalagem de 1 litro,"0,81 €","0,81 €/L"
Caderno Agrafado Capa Preta |A4 Liso,Domédia,1 unidade,"3,79 €","3,79 €/Unidade"
Pensos higiénicos Cottonlike Super Plus Com Abas,Evax,10 unidades,"4,99 €","4,99 €/Unidade"
Costeleta do cachaço,Porco,Embalagem com 500 g (aprox.),"1,40 €","5,58 €/Kg"
Côco ralado,PorSi,Embalagem de 200g,"1,29 €","3,23 €/Kg"
"Creme de dia, age perfect",L'oreal,Embalagem de 50 ml,"14,99 €","299,80 €/L"
"Bloco de desenho A3, 24 folhas",Domédia,1 unidade,"1,49 €","1,49 €/Unidade"
Água mineral sem gás,Vimeiro,Pack 4 x 1.5 l,"0,63 €","0,13 €/L"
Clara de ovo liquida pasteurizada,Dovo,1 kg,"2,28 €","2,28 €/Unidade"
Bebida láctea especial crescimento 1-3 anos,Mimosa,Embalagem de 200 ml,"0,26 €","1,30 €/L"
Bebida coco,Alpro,Embalagem de 1L,"2,49 €","2,49 €/L"
Pá + espanador,PorSi,1 conjunto,"2,20 €","2,20 €/Unidade"
Pilhas recarregáveis D HR20 2600mAh,Domédia,Embalagem com 2 unidades,"1,99 €","1,99 €/Unidade"
Ambientador carro recarga aqua,Ambipur,1 unidade,"2,89 €","2,89 €/Unidade"
Máquina de barbear c/ 2 recargas de 6 lâminas,Labell Men,,"1,16 €","4,64 €/L"
Detergente Líquido p/ Loiça Original,Fairy,"Embalagem de 1,19 l","3,29 €","5,48 €/L"
Iogurte magro + gelatina framboesa,Mimosa,Embalagem de 4 x 120 g,"0,99 €","1,32 €/Kg"
Cálice de champagne 29 cl,*,6 unidades,"7,49 €/Unidade","7,49 €/Unidade"
Sabonete glicerina natural,Palmolive,Embalagem de 90 g,"4,49 €","12,47 €/Kg"
"Refrigerante com gás cola zero sem cafeína, mini lat...",Coca-Cola,pack 12 x 0.15 l,"0,79 €","0,40 €/L"
Alho Francês,Programa Origens,1 un = 300 g (aprox.),"0,57 €","1,89 €/Kg"
Cápsulas de café qharisma,Delta Q,Embalagem de 60g,"54,36 €/Kg","54,36 €/Kg"
Filete de anchovas estendidas,General,Embalagem de 40g,"9,08 €/Kg","9,08 €/Kg"
Vinho doc douro tinto,Tellu's,Garrafa de 750 ml,"7,49 €","9,99 €/L"
Alheira com queijo,Terras do Demo,Embalagem com 200 g,"1,49 €","7,45 €/Kg"
Melão Branco,Fruta do Dia,"Vendido ao peso,1 un= 2.5 kg (aprox.)","4,98 €","1,99 €/Kg"
Limpa pavimentos flutuantes,PorSi,Embalagem de 1 litro,"1,49 €","1,99 €/L"
"Alimento húmido para gato +1 ano, sabor a aves",Whiskas,Embalagem de 400g,"2,99 €","7,48 €/Kg"
Batata frita lisa chips,PorSi,Embalagem de 185 g,"1,06 €","5,73 €/Kg"
Churrasquinhos,Porco,1 un = 500 gr (aprox.),"1,40 €","5,58 €/Kg"
Barra s.k frutos vermelhos,Kellogg's,Embalagem de 130g,"3,49 €","26,85 €/Kg"
"Néctar pêssego, prisma",PorSi,Embalagem de 1 l,"0,99 €","0,99 €/L"
Sementes de linhaça dourada,PorSi Viva Bem,Embalagem de 250 g,"1,59 €","10,60 €/Kg"
Cadeira Auto Ever Safe Grupo 1/2/3,Bebéconfort,unidade,"59,99 €","59,99 €/Unidade"
Halls Vitamina C Lima,Halls,Embalagem de 35g,"0,77 €","3,85 €/Kg"
Marmelada,PorSi,Embalagem de 900g,"1,09 €","2,42 €/Kg"
Kit de viagem,Colgate,pasta dentífrica + escova,"3,99 €","3,99 €/Unidade"
Óleo 10w40 Semi-Sintectico,PorSi,Embalagem de 1 l,"14,99 €","14,99 €/L"
Skinny latte sem açúcar e sem lactose,STARBUCKS,embalagem de 220 ml,"2,19 €","2,19 €/L"
Jardineira,PorSi,Embalagem de 750 g,"1,89 €","1,89 €/Kg"
Aspirador nasal,Pommette,1 unidade,"15,99 €","15,99 €/Unidade"
Recarga laminas labs,Gillette,9 unidades,"1,16 €","4,64 €/L"
Nata uht p/ bater 0% lactose,Parmalat,Embalagem de 200 ml,"1,14 €","5,70 €/L"
Paloco desfiado do pacifico,Peixe Fresco,Embalagem de 400 g,"8,73 €/Kg","8,73 €/Kg"
Bolacha tosta rica choco guay,Cuetara,Embalagem de 170g,"1,95 €","16,25 €/Kg"
Massa de pontinha grossa,Nacional,Embalagem de 250g,"1,39 €","1,39 €/Kg"
Iogurte Bifidus Activia Chia Amêndoa 0%,Danone,Embalagem 4x120g,"2,49 €","5,19 €/Kg"
Biscoitos de canela,PorSi,Embalagem de 750g,"0,69 €","3,45 €/Kg"
Café solúvel c/ cafeína,PorSi,Embalagem de 100g,"1,45 €","14,50 €/Kg"
Meloa Canteloupe,Programa Origens,1 un = 800 g (aprox.),"4,98 €","1,99 €/Kg"
Iogurte mix-in kit kat,Nestle,Embalagem de 2 x 115 g,"1,05 €","1,86 €/L"
"Queijo regional de vaca, cabra e ovelha curado",Qj.saloio,Embalagem de 190g,"7,59 €","15,18 €/Kg"
Pastéis de nata,PorSi,Embalagem de 6x60 g,"2,99 €","5,54 €/Kg"
Ketchup,PorSi,Embalagem de 300 g,"0,70 €","2,33 €/Kg"
Popietes,Novilho,1 un = 250 gr  (aprox.),"6,29 €","15,73 €/Kg"
Sortido seleção,Chabrior,Embalagem de 380g,"6,83 €/Kg","6,83 €/Kg"
Escova dentifrica 360º advanced média,Colgate,1 unidade,"3,99 €","3,99 €/Unidade"
"Vela em número, nº 8",PorSi,1 unidade,"1,19 €","1,19 €/Unidade"
Balde de Limpeza com Espremedor,PorSi,unidade,"2,50 €","2,50 €/Unidade"
Cebola picada,PorSi,Embalagem de 400 g,"1,89 €","1,89 €/Kg"
Barras fitness com chocolate,Nestle,Embalagem de 140g,"3,49 €","27,05 €/Kg"
Pano Microfibras Colors,Vileda,4 unidades,"1,79 €","1,79 €/Unidade"
Pilhas recarregáveis AAA HR03 1.2V 800mAh,Domédia,Embalagem com 4 unidades,"1,99 €","1,99 €/Unidade"
Mistura solúvel bolero,Nestle,Embalagem de 200g,"1,69 €","6,76 €/Kg"
Gel wc anti-calcário,Harpic,Garrafa de 750 ml,"3,99 €","7,98 €/L"
Gelado magnum pint amêndoas,Olá,Embalagem de 440 ml,"6,79 €","14,76 €/L"
"Creme protector contra assaduras, para bebé",Johnson's Baby,Embalagem de 100 ml,"0,59 €","5,90 €/L"
Ambientador elétrico sensual sandalwood & jasmine + ...,Glade,1 unidade,"3,74 €","3,74 €/Unidade"
Comida húmida para gato seleção de peixes,Gourmet mp,Embalagem de 300g,"2,99 €","7,48 €/Kg"
Soja nacos,PorSi Viva Bem,Embalagem de 400 g,"1,49 €","3,73 €/Kg"
Leite com chocolate,Agros,Embalagem de 200 ml,"0,26 €","1,30 €/L"
Vinh do porto ruby,Cruz,Garrafa de 750 ml,"6,65 €/L","6,65 €/L"
Queijo mozzarella ralado,PorSi,Embalagem de 200 g,"1,49 €","7,45 €/Kg"
Sumo 100% fresco ananás,Paquito,Embalagem de 1 l,"1,69 €","1,69 €/L"
Cenoura,PorSi,1 un = 100 gr  (aprox.),"0,06 €","0,59 €/Kg"
Snack para gato crispies vaca e frango,Felix,Embalagem de 50g,"0,99 €","16,50 €/Kg"
Bicarbonato de sódio,Globo,Embalagem de 230g,"0,68 €","13,60 €/Kg"
Espremedor,PorSi,1 unidade,"2,50 €","2,50 €/Unidade"
Água c/ gás: limão/pepino/gengibre,Frize,pack 4 x 0.25 l,"2,95 €","2,95 €/L"
Chispe da Perna,Porco,1 un = 800 gr (aprox.),"1,40 €","5,58 €/Kg"
Gel de Banho Shea Butter & Vanilla,Dove,Embalagem de 750 ml,"4,99 €","9,98 €/L"
Iogurte líquido 0% de ananás,PorSi,Embalagem de 4 x 160 g,"0,99 €","1,32 €/Kg"
Aptamil  prosyneo ha 1,Aptamil,Embalagem de 800g,"20,99 €","26,24 €/Kg"
"Esferográfica, 4 cores",Bic,1 unidade,"2,99 €","2,99 €/Unidade"
Bicicleta,Unicórnio,"roda 12""","99,99 €/Unidade","99,99 €/Unidade"
Refresco em pó de morango,PorSi,Embalagem de 40g,"0,75 €","18,75 €/Kg"
Lay's gourmet corte fino,Lay's,Embalagem de 150g,"1,06 €","5,73 €/Kg"
Ambientador elétrico flor de cerejeira,Air Wick,1 unidade,"3,74 €","3,74 €/Unidade"
Creme de amendoim chunk 340g,Skippy,Embalagem de 340g,"4,29 €","12,62 €/Kg"
Yofu soja natural sem açúcar,Alpro,Embalagem de 500g,"4,58 €/Kg","4,58 €/Kg"
Whisky 8 anos,Grant's,Garrafa de 0.70 l,"23,99 €","34,27 €/L"
Panados de frango,PorSi,Embalagem de 500 g,"9,30 €/Kg","9,30 €/Kg"
Amaciador gloss,Labell,Embalagem de 200 ml,"1,00 €","5,00 €/L"
Pastilhas elásticas frost watermelon,Trident Max,Embalagem de 60 g,"0,75 €","50,00 €/Kg"
Lenços faciais brancos 2 folhas,PorSi,150 unidades,"0,89 €","0,89 €/Unidade"
Vela com número nº 3,PorSi,1 unidade,"1,19 €","1,19 €/Unidade"
8 salsichas frankfurt,Izidoro,Embalagem de 200g,"0,75 €","3,75 €/Kg"
"Vinho maduro tinto, bag in the box",Capataz,Embalagem de 10 l,"17,99 €","1,80 €/L"
Arroz carolino vaporizado,Cacarola,Embalagem de 1 kg,"0,99 €","0,99 €/Kg"
Danacol frutos exóticos,Danone,Embalagem de 6 x 100 g,"4,15 €/Kg","4,15 €/Kg"
Spray silicone,Arbo,Embalagem de 600 ml,"3,99 €","0,80 €/L"
Cabide anti humidade,HUMYDRY,embalagem de 250 g,"6,45 €","86,00 €/Kg"
Galão enriquecido em cálcio,Ucal,Embalagem de 3 x 200 ml,"0,26 €","1,30 €/L"
"Lixívia, perfume fresco",Neoblanc,Embalagem de 4 l,"4,49 €","1,12 €/L"
"Azeite extra virgem, azeitonas verdes",Oliveira da Serra,Garrafa de 750 ml,"3,19 €","4,25 €/L"
Cubos de bacon,Porminho,Embalagem de 2x75 g,"3,39 €","22,60 €/Kg"
Creme marisco,Knorr,Embalagem de 70g,"2,25 €","32,14 €/Kg"
Vela em número nº4,PorSi,1 unidade,"1,19 €","1,19 €/Unidade"
Secretos,Porco,1 un = 200 gr (aprox.),"1,40 €","5,58 €/Kg"
Toalhitas Sensitive |Recarga,Dodot,Pack: 4 x54 unidades,"1,09 €/Unidade","1,09 €/Unidade"
Probiótico Actimel Natural 0%,Danone,12 x 100 g,"0,65 €","1,30 €/Kg"
Tomates Redondos Kumato Biológicos,PorSi Bio,± 400 g,"1,89 €","9,45 €/Kg"
Puré de batata,Saint Eloi,Embalagem de 500 g,"2,65 €","6,63 €/Kg"
"Aperitivos, amendoins no forno",Matutano,Embalagem de 200g,"0,79 €","3,95 €/Kg"
Vinagre de vinho branco envelhecido,PorSi,Garrafa 250ML,"0,49 €","0,98 €/L"
Bacalhau Especial,PorSi,"1 un= 3kg /3,5kg (aprox.)","8,73 €/Kg","8,73 €/Kg"
Champô volume,Labell,Embalagem de 250 ml,"9,36 €/L","9,36 €/L"
"As minhas primeiras receitas - refeição batata, abób...",Nestle,Embalagem de 190g,"1,89 €","9,95 €/Kg"
Detergente Liquido Loiça Ultra Poder Limão,Fairy,Embalagem de 600 ml,"3,29 €","5,48 €/L"
"Detergente manual para loiça, maçãs",Super Pop,Garrafa de 700 ml,"3,29 €","5,48 €/L"
Bolacha maria dourada,PorSi,Embalagem de 800g,"1,69 €","2,11 €/Kg"
Cappucinno,PorSi,Embalagem de 125 g,"3,19 €","25,52 €/Kg"
Toalha em rolo papel rosa,PorSi,1 Unidade,"13,99 €","13,99 €/Unidade"
Escova para calçado,Sonaf,1 unidade,"4,75 €","47,50 €/L"
Bicarbonato de sódio,PorSi,Embalagem de 500 g,"1,49 €","1,99 €/L"
Ovo inteiro liquido pasteurizado,Dovo,Embalagem de 500g,"2,28 €","2,28 €/Unidade"
Gelado magnum menta,Olá,Embalagem de 4 x 100 ml,"5,99 €","16,64 €/L"
Comida húmida de vaca para cão,Friskies,Embalagem de 4 x 100 g,"4,85 €/Kg","4,85 €/Kg"
"Leite uht, com café, galão alentejano",Serraleite,Embalagem de 1 l,"1,99 €","2,49 €/L"
Leite de pastagem sem lactose meio gordo,Novacores,Embalagem de 1 litro,"2,19 €","2,19 €/L"
"Néctar de alperce, tetra",Compal,pack 3 x 200 ml,"0,99 €","0,99 €/L"
Sopa de cebola,Knorr,Embalagem de 50g,"2,25 €","32,14 €/Kg"
"Alimento seco para gato adulto, galinha",Whiskas,"Embalagem de 1,75 kg","12,99 €","4,33 €/Kg"
Queijo p/ barrar s/ lactose,Philadelph,Embalagem de 150g,"2,09 €","16,72 €/Kg"
Boião de fruta pura com maçã,Bledina,Embalagem de 4 x 100 g,"0,74 €","8,22 €/Kg"
Actimel magro natural,Danone,Embalagem de 6 x 100g,"4,15 €/Kg","4,15 €/Kg"
Lixívia Spray Mousse Flor,Neoblanc,Embalagem de 700ml,"1,74 €","0,35 €/L"
Caldo de galinha 8 cubos,Knorr,Embalagem de 80g,"1,95 €/Kg","1,95 €/Kg"
Cereais krave chocolate e avelã,Kellogg's,Embalagem de 380g,"2,29 €","6,11 €/Kg"
Coelho inteiro,PorSi,Vendido ao peso,"1,22 €","3,48 €/Kg"
Iogurte activia cremoso coco,Danone,Embalagem de 4 x 120 g,"1,99 €","4,15 €/Kg"
Lixívia Spray Mousse,Neoblanc,Embalagem de 700ml,"1,74 €","0,35 €/L"
"Palmilha de cortiça com latex, tamanho 40/41",Sonaf,1 unidade,"2,99 €","2,99 €/Unidade"
Plantanatur detox rapid,PLANTANATU,Garrafa de 500 ml,"9,95 €","9,95 €/Unidade"
Tampão com Aplicador Compak Super,Tampax,Embalagem com 22 unidades,"3,99 €","3,99 €/Unidade"
Detergente Líquido p/ Loiça Limão,Fairy,"Embalagem de 1,19 l","3,29 €","5,48 €/L"
Bebida doubleshot expresso,STARBUCKS,Embalagem de 200 ml,"3,19 €","25,52 €/Kg"
Preparo para bolo de chocolate,Branca de Neve,Embalagem de 450g,"1,69 €","8,45 €/L"
Cerveja c/ álcool,Sagres,pack 30 x 0.25 L,"1,99 €/L","1,99 €/L"
Tortellini Boletus Edulis,Rana,Embalagem de 250 g,"0,99 €","4,30 €/Kg"
Rebuçados peitorais,Villa,Embalagem de 200 g,"0,77 €","3,85 €/Kg"
Aguardente velha,S.domingos,Garrafa de 700 ml,"12,79 €","18,27 €/L"
Infusão nº 5 emagrecimento,Cemporcent,Embalagem de 10 unidades,"0,99 €","76,15 €/Kg"
Tablete de chocolate leite/amêndoa,Nestle,Embalagem de 120g,"4,09 €","14,82 €/Kg"
Ração para Cão Delicate rico em Salmão,Purina One,Embalagem de 800g,"22,99 €","1,15 €/Kg"
Biscoitos sem glúten,Gullon,Embalagem de 200 g,"2,79 €","15,50 €/Kg"
Manga Barco,Fruta do Dia,1 un = 500 gr (aprox.),"2,29 €/Kg","2,29 €/Kg"
Mini tostas integrais super finas,PorSi,Embalagem de 100 g,"2,49 €","7,11 €/Kg"
Bolacha c/ recheio original finas,Oreo,Embalagem de 190g,"0,79 €","4,49 €/Kg"
Limpa Madeiras com Sabão,PorSi,Embalagem de 1 L,"0,99 €","0,99 €/L"
Frango do campo c/ Miúdos,Frango,1 un = 1.2 kg (aprox.),"1,22 €","3,48 €/Kg"
Leite Autobronzeador,Ambre Solaire,Embalagem de 150 ml,"12,99 €","86,60 €/L"
Lixívia Roupa delicada,PorSi,Embalagem de 2 l,"4,49 €","1,12 €/L"
Nectar clássico maracujá,Compal,Garrafa de 1 l,"1,69 €","1,69 €/L"
Vinho verde branco loureiro,Q.REGAINHO,Garrafa de 0.75 l,"1,69 €","2,25 €/L"
Resguardo para mesa,PorSi,Dim.: 140 x 300 cm,"29,99 €","29,99 €/Unidade"
Vinho do Porto Tawny,Velhotes,"garrafa de 0,75 l","5,99 €","7,99 €/L"
Gelatina de morango,Royal,Embalagem de 114g,"0,55 €","61,11 €/Kg"
Batata frita lisa,PorSi,Embalagem de 90g,"1,06 €","5,73 €/Kg"
Cabeça sem Osso,Porco,1 un = 1 kg (aprox.),"0,60 €","5,99 €/Kg"
Bolachas extra pepitas xl,Ca!,Embalagem de 180g,"1,39 €","2,78 €/Kg"
Arroz carolino,Caçarola,Embalagem de 1kg,"0,99 €","0,99 €/Kg"
Café torrado e moído 16 pastilhas,Sical,Embalagem de 104g,"54,36 €/Kg","54,36 €/Kg"
Polpa de manga,PorSi,Embalagem de 850g,"1,99 €","2,37 €/Kg"
Rebuçados de mentol,PorSi,Embalagem de 250g,"0,77 €","3,85 €/Kg"
Pá do Lixo C/ Cabo,PorSi,1 un.,"2,20 €","2,20 €/Unidade"
"Guardanapos brancos, 33x33cm, 2 folhas",PorSi,Embalagem com 100 unidades,"1,29 €","1,29 €/Unidade"
Sementes de sésamo,PorSi Viva Bem,Embalagem de 200 g,"1,59 €","10,60 €/Kg"
Mini tortitas milho c/ sal,PorSi Viva Bem,Embalagem de 200g,"2,85 €","14,25 €/Kg"
Atum em azeite,Ramirez,Embalagem de 120g,"9,08 €/Kg","9,08 €/Kg"
Champô miracle volume + nutrição,Pantene,225 ml,"9,36 €/L","9,36 €/L"
Pudim flan,El mandari,Embalagem de 10g,"0,44 €","4,00 €/Kg"
Gel anti séptico deoprotect,Dystron,Garrafa de 400 ml,"7,95 €","19,88 €/L"
Mistura de cogumelos,PorSi,Embalagem de 400g,"1,89 €","1,89 €/Kg"
Sacos do lixo 18 litros,PorSi,15 sacos,"1,79 €","1,79 €/Unidade"
Abacaxi cortado,PorSi,Embalagem de 100 g,"2,58 €","1,29 €/Kg"
Sultana Dourada,PorSi,Embalagem de 200g,"0,79 €","3,95 €/Kg"
20 saquetas infusão camomila,Lipton,Embalagem de 10g,"0,99 €","76,15 €/Kg"
Farinha de milho 500g,ESPIGA,Embalagem de 500g,"2,65 €","6,63 €/Kg"
Tablete de chocolate leite com amêndoas,PorSi Select,200 g,"4,09 €","14,82 €/Kg"
Massa esparguete,Milaneza,Embalagem de 500g,"1,39 €","1,39 €/Kg"
Sumo essencial manga,Compal,pack 3 x 0.11 l,"0,99 €","0,99 €/L"
Bolacha maria ruca doses,Vieira,Embalagem de 300g,"1,69 €","2,11 €/Kg"
Leite especial cálcio + vitamina d magro,Mimosa,Garrafa de 1 l,"0,94 €/L","0,94 €/L"
Inseticida Aerossol Rapid Moscas e Mosquitos,Raid,1 Embalagem 600ml,"5,09 €","8,48 €/L"
Grelos,Bonduelle,Embalagem de 400 g,"1,89 €","1,89 €/Kg"
Snack bio arroz e trigo c/ banana e framboesa,Gerber,Embalagem de 35g,"1,89 €","9,95 €/Kg"
Iogurte líquido magro com kiwi sem lactose,Mimosa,4 x 156 ml,"2,49 €","11,53 €/Kg"
Tintureira Posta,Peixe Congelado Higienizado,Vendido ao peso,"1,20 €","7,99 €/Kg"
Pipoca doce para  microondas,PorSi,Embalagem de 300g,"0,79 €","7,90 €/Kg"
Bolachas cookies choco xl,Milka,Embalagem de 180g,"0,90 €","6,00 €/Kg"
Tostas dietéticas,Diatosta,Embalagem de 225 g,"1,44 €","6,40 €/Kg"
Cápsulas de café qharacter,Delta Q,Embalagem de 60g,"54,36 €/Kg","54,36 €/Kg"
Cera liquida amarela,Novycera,Garrafa de 500 ml,"0,99 €","0,99 €/L"
Ovos classe s,PorSi,6 unidades,"1,39 €","1,39 €/Unidade"
"Alimento húmido para cão, galinha e cordeiro",Pedigree,Embalagem de 400g,"4,85 €/Kg","4,85 €/Kg"
Esponja salvaunhas coz.com6un,PorSi,Embalagem de 6 unidades,"0,79 €","0,79 €/Unidade"
Mini salsichas cocktail,Nobre,lata de 180g,"0,75 €","3,75 €/Kg"
Leite de pastagem meio gordo,Ucal,Embalagem de 1 litro,"0,81 €","0,81 €/L"
Gomas de fresas selvagens,Fini,Embalagem 100G,"0,99 €","9,90 €/Kg"
Natas uht com cogumelos,Parmalat,Embalagem de 200 ml,"1,14 €","5,70 €/L"
Leite creme,PorSi,Embalagem de 2x135 g,"0,56 €","2,80 €/Kg"
Morangos bio,PorSi Bio,Embalagem de 250 g,"0,50 €","1,99 €/Kg"
Açúcar granulado,Rar,Embalagem de 1kg,"1,49 €","1,49 €/Kg"
Leite de pastagem meio gordo UHT,Ucal,Embalagem de 1 litro,"0,81 €","0,81 €/L"
Agrião Programa Origens,PorSi,embalagem de 170 g,"1,19 €","11,90 €/Kg"
Vinho branco,Enc.bairro,Bag-in-box de 5L,"17,99 €","1,80 €/L"
Filetes primavera alecrim e sal marinho,Iglo,Embalagem de 230g,"7,89 €/Kg","7,89 €/Kg"
Patê de fiambre,La piara,Embalagem de 80g,"1,19 €","13,52 €/Kg"
Cem porcento-flocos de aveia grossos,Cemporcent,Embalagem de 400g,"4,29 €","17,88 €/Kg"
Espumoso moscato,Selecção de Enófilos,"Garrafa de 0,75 l","3,99 €","5,32 €/L"
Pirassununga (38º),Cachaca 51,Garrafa de 700 ml,"17,49 €","24,99 €/L"
Vinagre vinho branco 250ml,Cristal,Garrafa de 250 ml,"0,49 €","0,98 €/L"
Ambientador auto pinho,PorSi,1 unidade,"2,89 €","2,89 €/Unidade"
"Batata frita lisa, azeite",Sr.basilio,Embalagem de 140g,"0,87 €","5,44 €/Kg"
Café Clássico,PorSi,10 cápsulas,"54,36 €/Kg","54,36 €/Kg"
Longueirão,Marisco Fresco,1 un = 250 gr  (aprox.),"2,00 €","7,99 €/Kg"
Vinho maduro tinto,C.da eira,Garrafa de 250 ml,"0,69 €","2,76 €/L"
Areia para gato silica,Mimilitter,"Embalagem de 1,82 kg","13,99 €","13,99 €/Unidade"
"Pensos de incontinência, Maxi Noite, 12 unidades",Labell,Uma embalagem,"2,49 €","2,49 €/Unidade"
Açucar icing,Rar,Embalagem de 250 g,"1,49 €","1,49 €/Kg"
Esoumante prosecco branco,Gancia,Garrafa de 750 ml,"3,99 €","5,32 €/L"
Aperitivos de amendoim com sal e mel,Matutano,Embalagem de 150g,"0,79 €","3,95 €/Kg"
"Refresco em pó, ananás",Tang,Embalagem de 30g,"0,75 €","18,75 €/Kg"
Refresco pó laranja e morango,PorSi,Embalagem de 40g,"0,75 €","18,75 €/Kg"
Grão de bico,PorSi,Embalagem de 820g,"1,79 €","2,29 €/Kg"
"Bollitos, 8 unidades",Pasquier,Embalagem de 320 g,"2,05 €","5,13 €/Kg"
Sobremesa fruta fresca maçã 8 x 100g,Andros,Embalagem de 800g,"0,56 €","2,80 €/Kg"
Iogurte fruta batida banana/laranja/bolacha,Mimosa,Embalagem de 480g,"1,99 €","4,15 €/Kg"
Fiambre perna ext.fat.fin.150g,Porminho,Embalagem de 150 g,"0,97 €","6,49 €/Kg"
8 rissóis de camarão,PorSi,Embalagem de 300g,"2,99 €","9,97 €/Kg"
Bolachas oreo,Oreo,Embalagem de 440g,"0,79 €","4,49 €/Kg"
Vinho regional de lisboa tinto,Marginal,Garrafa de 750 ml,"3,99 €","5,32 €/L"
Goela,Porco,Vendido ao peso,"1,40 €","5,58 €/Kg"
Mousse crocante baunilha,A leiteira,Embalagem 4 x 57 g,"1,25 €","2,72 €/Kg"
Leite Bem Essencial morango,Mimosa,Embalagem de 4 x 200 ml,"1,99 €","2,49 €/L"
Massa filo,JR,Embalagem de 250g,"0,99 €","4,30 €/Kg"
Cerveja c/ álcool radler,Sagres,pack 6 x 0.33 l,"1,64 €","3,28 €/L"
Queijo flamengo ralado,Valformoso,Embalagem de 150g,"1,49 €","7,45 €/Kg"
Bolachas mini alfa,Nacional,Embalagem de 120g,"2,82 €","9,40 €/Kg"
Iogurte líquido infantil morango e banana,PorSi,Pack 6 x 100 g,"1,05 €","1,86 €/L"
Tablete de chocolate de leite,Toblerone,Embalagem de 100g,"0,53 €","5,30 €/Kg"
Maria diet nature,Gullón,Embalagem de 400 g,"2,85 €","14,25 €/Kg"
"Espumante cava bruto, reserva",Freixenet,Garrafa de 750 ml,"8,49 €","11,32 €/L"
Gomas funky mix,Haribo,Embalagem de 100g,"0,99 €","9,90 €/Kg"
Creme Depilatório Peles Sensíveis,Veet,Embalagem de 400 ml,"2,99 €","14,95 €/L"
Leite especial cálcio + vitamina d m/g,Mimosa,Garrafa de 1 l,"0,94 €/L","0,94 €/L"
Patê atum em escabeche,La piara,Embalagem de 80g,"1,19 €","13,52 €/Kg"
"Ambientador spray, aerosol, relax zen",Glade,Embalagem de 300 ml,"2,99 €","12,46 €/L"
Escova de dentes infantil 3 a 6 anos,Labell,1 un.,"2,29 €","2,29 €/Unidade"
Queijo Curado,Ilha Azul,Vendido ao peso a partir de 250 gr,"2,50 €","9,99 €/Kg"
Nestum mel,Nestum,Embalagem de 700g,"2,99 €","3,99 €/Kg"
Açúcar granulado embalado em papel,Rar,Embalagem de 1 kg,"1,49 €","1,49 €/Kg"
Papaia Avião,Fruta do Dia,1 un = 500 g (aprox.),"2,29 €/Kg","2,29 €/Kg"
Livro Pop-Ups - Oceanos,Europrice,1 unidade,"3,79 €/Unidade","3,79 €/Unidade"
"Queijo ralado, 4 queijos",President,Embalagem de 150 g,"1,49 €","7,45 €/Kg"
Queijo Curado Apimentado,Fonte Mourisca,Vendido ao peso a partir de 250 gr,"6,49 €","25,45 €/Kg"
Manteiga sem sal terra nostra,Terra Nostra,Embalagem de 250g,"1,69 €","6,76 €/Kg"
Pensos clássicos,PorSi,20 unidades,"3,99 €","3,99 €/Unidade"
Crepe chocolate,PorSi,Embalagem de 540g,"2,99 €","5,54 €/Kg"
Leite 0% lactose magro,Ucal,Embalagem de 1 litro,"2,19 €","2,19 €/L"
25 bombons de chocolate,Mon cheri,Embalagem de 260g,"31,40 €/Kg","31,40 €/Kg"
Yofu com polpa de fruta,Alpro,Embalagem de 4x125 g,"4,58 €/Kg","4,58 €/Kg"
Snack bio de arroz e trigo c/ banana,Gerber,Embalagem de 35g,"1,89 €","9,95 €/Kg"
Cabeça c/ Osso,Porco,1 un = 1.5 kg (aprox.),"0,60 €","5,99 €/Kg"
Iogurte bio natural,Páturages,Embalagem de 4 x 125 g,"5,97 €/Kg","5,97 €/Kg"
Bacalhau em lombos,PorSi,Embalagem de 800g,"11,49 €","14,36 €/Kg"
Cuecas Incontinência Maxi Médio,Lindor,Embalagem com 14 un.,"9,99 €","9,99 €/Unidade"
Bebida aveia sem açúcar,Alpro,Embalagem de 1 l,"1,19 €","1,86 €/L"
Pasta dentífrica,Couto,Embalagem de 60 ml,"2,39 €","31,87 €/L"
Queijo meio gordo fatias,Paiva,Embalagem de 180g,"1,56 €","7,80 €/Kg"
Pano limpa pó de flanela,PorSi,1 unidade,"1,79 €","1,79 €/Unidade"
Bolachas mini prince recheadas com chocolate,PRINCE,Embalagem de 160 g,"0,79 €","5,27 €/Kg"
"Pilha alcalina, hightech lr03x4",Domédia,1 unidade,"1,99 €","1,99 €/Unidade"
Leite de coco light biológico,Origensbio,Garrafa de 400 ml,"2,99 €","7,48 €/L"
"Toalhitas sensíveis essencials, 25 unidades",Garnier,Uma embalagem,"23,70 €/L","23,70 €/L"
"Batata frita, presunto",Ruffles,Embalagem de 80g,"1,19 €","6,43 €/Kg"
Cação sem Pele,Peixe do Dia,1 un=250 gr (aprox.),"3,48 €","8,69 €/Kg"
Nestle bebe natural 4x100g,Nestle,Embalagem de 400g,"2,99 €","7,48 €/Kg"
Sidra,Kings Bräu,Pack 6 x 0.33 l,"1,64 €","3,28 €/L"
"Velas de aniversário com suporte, 6cm, 24 unidades",Papstar,1 embalagem,"1,19 €","1,19 €/Unidade"
Pão clássico sem glúten,Schar,Embalagem de 300g,"0,99 €","1,65 €/Kg"
Leite creme,PorSi,Embalagem de 4x23g,"1,69 €","8,45 €/L"
Pera Abbé Fetel 60/65,Fruta do Dia,1 un = 150 gr (aprox.),"0,26 €","1,99 €/Kg"
Limpa vidros recarga tripla ação,Ajax,Embalagem de 500 ml,"3,29 €","6,58 €/L"
Iogurte líquido morango/banana,PorSi,Embalagem de 4 x 160 g,"1,17 €","1,83 €/Kg"
Ligadura elástica,Hansaplast,1 unidade,"3,99 €","3,99 €/Unidade"
Lombo s/ Osso,Porco,Vendido ao peso a partir de 1 kg,"1,40 €","5,58 €/Kg"
Pilha alcalina classic lr6x4,Domédia,1 unidade,"1,99 €","1,99 €/Unidade"
Iogurte morango 000%,PorSi Viva Bem,Embalagem de 4 x 125 g,"0,99 €","1,32 €/Kg"
Champô 3 em 1 karpex,Vanish,950 ml,"1,49 €","1,99 €/L"
Lasanha bolonhesa,Iglo,Embalagem de 300g,"3,53 €","8,83 €/Kg"
Bicicleta,T-Rex,"roda 12""","99,99 €/Unidade","99,99 €/Unidade"
Leite bem essencial chocolate,Mimosa,Embalagem de 200 ml,"0,26 €","1,30 €/L"
"Pastilhas fruit, frutos silvestres",Trident,Embalagem de 15 g,"0,75 €","50,00 €/Kg"
Moscatel de setúbal,Alambre,"Garrafa de 0,75L","5,99 €","7,99 €/L"
Néctar clássico pêssego,Compal,200 ml,"0,99 €","0,99 €/L"
Esparregado de espinafres sem lactose,PorSi Viva Bem,Embalagem de 360 g,"1,99 €","6,63 €/Kg"
Ice tea de limão,PorSi,"Embalagem de 6x0,20 l","1,09 €","0,91 €/L"
"Frutorra pimenta, lda- ameixa seca sem caroço",Frutorra,Embalagem de 200g,"0,79 €","3,95 €/Kg"
Bolachas cream cracker,PorSi,Embalagem de 200g,"0,39 €","3,12 €/Kg"
Lasanha à bolonhesa,PorSi,Embalagem de 1 kg,"3,53 €","8,83 €/Kg"
Gronola de aveia arandos/sementes,Nestle,Embalagem de 300g,"3,49 €","27,05 €/Kg"
Snack gato sticks carne 6x5g porsi,PorSi,Embalagem de 30g,"0,99 €","16,50 €/Kg"
Desfiado de Bacalhau,Bacalhau,Embalagem de 400 g,"8,73 €/Kg","8,73 €/Kg"
Lixívia com detergente,PorSi,Embalagem de 2 l,"1,09 €","0,55 €/L"
Aparas,Duvo+,Embalagem de 1 kg,"2,49 €","2,49 €/Kg"
Chourição,PorSi,"Vendido ao peso, fatiado a partir de 100 gr","0,95 €","9,49 €/Kg"
Óleo alimentar,Vêgê,Embalagem de 1 l,"3,49 €","3,49 €/L"
Caramelos de fruta multisabor single,Sugus,Embalagem de 50g,"1,10 €","4,40 €/Kg"
Cola universal,Uhu,Embalagem de 20 ml,"2,19 €","109,50 €/L"
Cerveja sem álcool,Cheers,Pack 6 x 0.33 l,"5,99 €","3,03 €/L"
Sabonete nutri amêndoas doces,Labell,Embalagem de 400 g,"4,49 €","12,47 €/Kg"
"Adoçante, 1200 pastilhas com doseador",NEODOCE,Embalagem de 1200 pastilhas com doseador,"6,21 €","6,21 €/Unidade"
Desentupidor gel turbo com lixívia,Destop,Garrafa de 1 l,"2,99 €","5,44 €/L"
Uva Preta Palierie,Programa Origens,1 un = 250 gr  (aprox.),"4,98 €","1,99 €/Kg"
Gelatina pronta a comer light 10 kcal morango,Royal,Embalagem de 4 x 100 g,"0,85 €","2,13 €/Kg"
"Limpa vidros, azul",Arbo,Embalagem de 1 l,"3,29 €","6,58 €/L"
Azeite virgem extra dop moura,PorSi Select,Embalagem de 0.75L,"3,19 €","4,25 €/L"
Sortido,Cuetara,Embalagem de 210g,"6,83 €/Kg","6,83 €/Kg"
"Batata frita lisa, azeite",Sr.basilio,Embalagem de 140g,"1,06 €","5,73 €/Kg"
Fruta pura maçã/laranja/banana,Bledina,Embalagem de 4 x 100 g,"0,74 €","8,22 €/Kg"
8 rissóis de carne,PorSi,Embalagem de 300g,"2,99 €","9,97 €/Kg"
Cereais +linha clássico,Nacional,Embalagem de 300g,"3,49 €","27,05 €/Kg"
Bloco sanitário com suporte azul,WC Pato,Embalagem de 40 g,"2,99 €","74,75 €/Kg"
Mistura de sementes,PorSi Viva Bem,Embalagem de 200 g,"1,59 €","10,60 €/Kg"
Sanduiche Good4me Atum,Snock,130 g,"0,69 €","0,69 €/Unidade"
Ambientador elétrico baunilha & magnólia asiática,Air Wick,Difusor + Recarga,"3,74 €","3,74 €/Unidade"
"Salsichas em frasco bockwurst, 5 un",Izidoro,Embalagem de 250g,"0,75 €","3,75 €/Kg"
Polén em frasco de vidro,Jorge v.f.,Embalagem de 230g,"4,99 €","9,98 €/Kg"
Couve lombardo Programa Origens,PorSi,,"1,69 €","1,69 €/Kg"
Sabão azul,Clarim,Embalagem de 400 g,"2,38 €","4,67 €/Kg"
"Pensos de incontinência, ligeiro, maxi, 16 unidades",Labell,Uma embalagem,"2,49 €","2,49 €/Unidade"
Sumo 100% ananás/uva,PorSi,Pack 3 x 200 ml,"1,69 €","1,69 €/L"
Gomas mágicas,Fini,Embalagem de 100g,"0,99 €","9,90 €/Kg"
Couve Roxa,Legumes do Dia,1 un= 1kg (aprox.),"1,69 €","1,69 €/Kg"
Papel Fotocópia A4 |80g,Navigator,,"1,49 €","1,49 €/Unidade"
Quad racy 6v,Feber,1 un.,"49,99 €/Unidade","49,99 €/Unidade"
Chourição,Salsicharia Limiana,1 un = 100 gr (aprox.),"0,95 €","9,49 €/Kg"
Molho bechamel,PorSi,Embalagem de 200g,"0,70 €","2,33 €/Kg"
Leite com chocolate,PorSi,Embalagem de 200 ml,"0,26 €","1,30 €/L"
Crackers s/ sal superficie,GRAN PAVES,Embalagem de 560g,"0,39 €","3,12 €/Kg"
Farinheira das beiras,PorSi,Embalagem de 260G,"1,49 €","7,45 €/Kg"
Pilha alcalina heightech lr6x4,Domédia,1 unidade,"1,99 €","1,99 €/Unidade"
Cebolinho bio,PorSi Bio,30 g,"1,15 €","38,33 €/Kg"
Vinho verde branco,Presidente,Garrafa de 0.75 l,"3,19 €","3,19 €/L"
Café em grão,Delta,Embalagem de 250g,"9,16 €/Kg","9,16 €/Kg"
Guardanapos brancos 22x22cm | folha dupla,Renova,90 unidades,"1,29 €","1,29 €/Unidade"
Vinho tinto regional setúbal,Herdade da comporta,Garrafa de 0.75 l,"8,59 €","11,45 €/L"
Coleira em nylon p/ cão  repelente 75cm,Repul' 7,Embalagem de 1 unidades,"3,85 €","3,85 €/Unidade"
Queijo creme flamengo,President,Embalagem de 125 g,"2,09 €","16,72 €/Kg"
Topping p/saladas cebola frita,Florette,Embalagem de 70g,"1,95 €/Kg","1,95 €/Kg"
Pepino,Programa Origens,1 un = 300 gr (aprox.),"1,50 €","4,99 €/Kg"
Powerade ice storm,POWERADE,Garrafa de 500 ml,"5,49 €","5,49 €/L"
Vinho rosé,Lancers,Garrafa 0.75L,"4,39 €","5,85 €/L"
Vinho branco arinto bucelas,P.regia,Garrafa de 750 ml,"3,99 €","5,32 €/L"
Gel de banho para bebé cuidado completo,Johnson's Baby,Embalagem de 500 ml,"2,59 €","2,59 €/Unidade"
Canja de galinha económica,Knorr,Embalagem de 60g,"2,25 €","32,14 €/Kg"
Lambrusco tinto,*,Garrafa de 750 ml,"6,99 €","9,32 €/L"
"Gel banho, sport for men",Nivea,Embalagem de 250 ml,"3,69 €","14,76 €/L"
Tablete de chocolate culinário negro,PorSi,Embalagem de 200 g,"1,08 €","8,64 €/Kg"
Champô Purificante,Pantene,640ml,"9,36 €/L","9,36 €/L"
Mistolin tira-nódoas,Mistolin,Garrafa de 500 ml,"1,49 €","1,99 €/L"
Bolachas com geleia de framboesa,Chabrior,Embalagem de 150 g,"1,77 €","5,53 €/Kg"
Livro do Peter Pan,Europrice,1 unidade,"3,79 €/Unidade","3,79 €/Unidade"
Fermento em pó,PorSi,Embalagem de 150 g,"0,68 €","13,60 €/Kg"
Iogurte Líquido Yoggi s/ lactose frutos silvestres,Nestle,4x160g,"1,17 €","1,83 €/Kg"
Anti-Traça Cedro,Dum Dum,2 unidades,"4,39 €","4,39 €/Unidade"
Bolacha digestiva de aveia/chocolate,Gullon,Embalagem de 430g,"0,98 €","3,27 €/Kg"
Vinho do porto special reserve,Velhotes,"garrafa de 0,75 l","10,99 €","14,65 €/L"
Café solúvel viena,Nescafe,Embalagem de 140g,"1,45 €","14,50 €/Kg"
"Iogurte sabor morango, banana e tutti frutti",Danone,Embalagem de 8 x 120 g com 1 grátis,"2,59 €","5,40 €/Kg"
Toalhitas limpa moveis,PorSi,Embalagem de 24 unidades,"4,49 €","14,97 €/L"
Spray Casa Banho Anti Fungos,Pattex,Embalagem 500ML,"3,99 €","7,98 €/L"
Brócolos congelados,PorSi,Embalagem de 1 kg,"1,89 €","1,89 €/Kg"
Pão de forma s/ côdea,Bimbo,Embalagem de 650 g,"0,99 €","1,65 €/Kg"
Snacks crocantes com bacon,PorSi,Embalagem de 60g,"0,79 €","7,90 €/Kg"
Ambientador elétrico maçã,Glade,20 ml,"3,74 €","3,74 €/Unidade"
Leite magro bio dos Alpes,Asana,1 litro,"0,81 €","0,81 €/L"
Bolachas tosta rica,Cuetara,Embalagem de 570g,"1,95 €","16,25 €/Kg"
Crescido Asa Branca,Bacalhau da Noruega,1 un=1.5 Kg (aprox.),"8,73 €/Kg","8,73 €/Kg"
Óleo Performa 10W40,Galp,Embalagem de 5 l,"14,99 €","14,99 €/L"
Iogurte activia cremoso frutos silvestres,Danone,Embalagem de 4 x 120 g,"1,99 €","4,15 €/Kg"
Atum filete manjericão + tomate,Tenorio,Embalagem de 120g,"9,08 €/Kg","9,08 €/Kg"
Vinho rosé,Gatão,Garrafa de 0.75 l,"4,39 €","5,85 €/L"
Desinfetante Têxtil,Sanytol,Embalagem de 500 ml,"10,99 €","52,33 €/Kg"
Néctar ananás,PorSi,Pack 3 x 200 ml,"0,99 €","0,99 €/L"
Vinho do Porto Branco,Velhotes,"Garrafa de 0,75 l","11,99 €","15,99 €/L"
Lambrusco rose,*,Garrafa de 750 ml,"6,99 €","9,32 €/L"
Sal Himalaias Grosso,Origens Bio,1 Embalagem 500G,"2,99 €","5,98 €/Kg"
Vela em número nª2,PorSi,1 unidade,"1,19 €","1,19 €/Unidade"
Rojões,Porco,1 un = 250 gr  (aprox.),"1,40 €","5,58 €/Kg"
Vinho branco tejo,Alorna,Garrafa de 750 ml,"3,99 €","5,32 €/L"
Óleo Cedro Líquido,PorSi,Embalagem de 200 ml,"4,49 €","14,97 €/L"
Alimento lácteo morango +8 meses,Yogolino,Embalagem de 4 x 100 g,"2,99 €","7,48 €/Kg"
Creme p/ Calçado Castanho,Búfalo,Embalagem de 40 ml,"3,29 €","82,25 €/L"
Café solúvel sem cafeína,Nescafe,Embalagem de 20g,"1,45 €","14,50 €/Kg"
Café em cápsulas aqtivus,Delta Q,Embalagem de 55 g,"54,36 €/Kg","54,36 €/Kg"
Toalha em rolo papel bordeau,PorSi,1 Unidade,"13,99 €","13,99 €/Unidade"
Refresco em pó de laranja,Tang,Embalagem de 30g,"0,75 €","18,75 €/Kg"
Amaciador  p/ roupa concentrado Aromaterapia,PorSi,Embalagem com 60 doses,"3,99 €","3,99 €/Unidade"
Rhum com coco,Malibu,Garrafa de 700 ml,"17,49 €","24,99 €/L"
3 Pipetas de Repelente p/ Gato,Repul'7,1 unidade,"13,99 €","13,99 €/Unidade"
Pão forma com côdea,PorSi,Embalagem de 600g,"0,99 €","1,65 €/Kg"
Café Torrado em Grão Indonésia,Delta,Embalagem de 220g,"9,16 €/Kg","9,16 €/Kg"
Alecrim,Vitacress,embalagem de 30 g,"1,15 €","38,33 €/Kg"
Maionese top down,Hellmman's,Embalagem de 238 g,"0,70 €","2,33 €/Kg"
Bandas de cera fria facial,Labell,Embalagem com 20 un. + 4 toalhitas de acabamento,"6,99 €","6,99 €/Unidade"
Bolachas crackers s/ sal,Du bois,Embalagem de 500g,"0,39 €","3,12 €/Kg"
Vulcão,Science4You,1 unidade,"16,99 €/Unidade","16,99 €/Unidade"
Comida húmida para cão de frango e arroz,PorSi,Lata de 400 g,"4,85 €/Kg","4,85 €/Kg"
Milho inteiro,Rac.zezere,Embalagem de 5 kg,"2,59 €","5,18 €/Kg"
Leite condensado magro,Nestle,Embalagem de 390g,"1,09 €","2,75 €/Kg"
Óleo de girassol,PorSi,garrafa de 3 litros,"3,49 €","3,49 €/L"
Iogurte Tipo Grego Natural,Páturages,Embalagem 12 x 125 g,"0,65 €","1,30 €/Kg"
Arroz carolino,PorSi,Embalagem de 1 kg,"0,99 €","0,99 €/Kg"
Máquina depilatória smooth 5 + recarga,Labell,1 unidade,"12,99 €","12,99 €/Unidade"
Estendal de roupa com abas resina,PorSi,20 metros,"0,89 €","0,89 €/Unidade"
"Canas de creme, 4 unidades",Dulcesol,Embalagem de 250g,"2,05 €","5,13 €/Kg"
Pepino biológico,PorSi Bio,1 un = 300 g (aprox.),"1,50 €","4,99 €/Kg"
Tomates Cereja Cacho,PorSi Bio,Emb.: ± 200 g,"1,89 €","9,45 €/Kg"
Feijão encarnado,PorSi,Embalagem de 820 g,"1,79 €","2,29 €/Kg"
Flocos de cereais com mel,PorSi,Embalagem de 750g,"2,99 €","3,99 €/Kg"
Bloco Sanitário Poder Activo Aqua,Sonasol,Embalagem de 50 g,"2,99 €","74,75 €/Kg"
Óleo de amendoim,Fula,Garrafa de 1 litro,"3,49 €","3,49 €/L"
Concentrado laranja e pêssego,Sunquick,Garrafa de 580 ml,"4,99 €","6,74 €/L"
Flocos de aveia finos integrais,Cemporcent,Embalagem de 400g,"1,19 €","2,98 €/Kg"
Detergente liquido loiça maçã,PorSi,Garrafa de 1.5 l,"3,29 €","5,48 €/L"
Rebuçados floco de neve,Vieira,Embalagem de 250g,"1,65 €","6,60 €/Kg"
Escova de dentes expert white media 360º,Colgate,1 unidade,"3,99 €","3,99 €/Unidade"
Adoçante com doseador,PorSi,Embalagem 100 comprimidos,"6,21 €","6,21 €/Unidade"
Aditivo gasolina sem chumbo,Redex,Embalagem de 250 ml,"4,99 €","19,96 €/L"
Pilhas recarregáveis longa duração AAA HR03 1.2V 800...,Domédia,Embalagem com 4 unidades,"1,99 €","1,99 €/Unidade"
Açúcar mascavado claro,Rar,Embalagem de 500 g,"1,49 €","1,49 €/Kg"
Pasta dentífrica gel kids,Labell,Embalagem de 50 ml,"0,99 €","0,99 €/Unidade"
"Limpa vidros, azul",PorSi,Embalagem de 5 l,"3,99 €","0,80 €/L"
Leite de crescimento 4 de 1 a 3 anos,NAN,Embalagem de 800g,"20,99 €","26,24 €/Kg"
Quiche 3 queijos,Monique Ranou,Embalagem de 400 g,"1,99 €","6,63 €/Kg"
"Salsichas aves, frasco com 5 unidad",Izidoro,Embalagem de 250g,"0,75 €","3,75 €/Kg"
"Vinho branco região da península de setúbal, bag in ...",Dom Campos,Garrafa de 5 l,"9,49 €","1,90 €/L"
Iogurte Pedaços Ananás 0% Matéria Gorda/Açúcares,Danone,4 x 120 g,"4,36 €","2,18 €/Kg"
Alface frisada biológica,PorSi Bio,Vendido o peso,"1,00 €","2,49 €/Kg"
Rum anejo especial,Havana,Garrafa de 700 ml,"17,49 €","24,99 €/L"
"Escova de cabelo, pneumática javali",Labell,Uma unidade,"2,45 €","2,45 €/Unidade"
Sobremesa banana/laranja/bolacha,Nestle,Embalagem de 4 x 100 g,"2,99 €","7,48 €/Kg"
Saqueta de puré de fruta | maçã + pera,PorSi,90 g,"0,74 €","8,22 €/Kg"
Vinho branco região do Dão,Dharma,Garrafa de 0.75 l,"3,99 €","5,32 €/L"
Receita caseira de jardineira,Nobre,Embalagem de 420g,"2,99 €","11,96 €/Kg"
Pilha alcalina hightech lr20x2,Domédia,1 unidade,"1,99 €","1,99 €/Unidade"
"Cera cabelo, paste signature",Axe,Embalagem de 75 ml,"4,19 €","16,76 €/L"
Tablete de chocolate leite,Schogetten,Embalagem de 100g,"0,53 €","5,30 €/Kg"
Champô nutri proteção,Labell,Embalagem de 250 ml,"9,36 €/L","9,36 €/L"
Vinho maduro branco,Casal da eira,Embalagem de 250 ml,"0,69 €","2,76 €/L"
Feijão manteiga caçarola,Cacarola,Embalagem de 500g,"2,78 €/Kg","2,78 €/Kg"
Vela com número nº 0,PorSi,1 unidade,"1,19 €","1,19 €/Unidade"
Whisky 12 anos,Grant's,Garrafa de 0.70 l,"23,99 €","34,27 €/L"
Queijo Fondue,Páturages,Embalagem de 400g,"2,09 €","16,72 €/Kg"
"Queijo fresco, grande",PorSi,Embalagem de 250 g,"2,39 €","11,06 €/Kg"
Gel de Banho Coconut Milk,Dove,Embalagem de 750 ml,"4,99 €","9,98 €/L"
Nata uht para bater,Gresso,Garrafa de 200 ml,"1,14 €","5,70 €/L"
Vinho tinto,Adega grande,Garrafa de 75 cl,"1,19 €","1,59 €/L"
Café moagem normal: original,Buondi,Embalagem de 220g,"9,76 €/Kg","9,76 €/Kg"
Caramelos de nata com recheio,Werthers,Embalagem de 140g,"2,89 €","11,56 €/Kg"
Sumo florida,Sunny d,"Embalagem de 0,31 l","1,09 €","3,52 €/L"
Alimentação Bebé Maçã/Banana/Cenoura,Nestle,Embalagem de 4 x 100 g,"1,89 €","9,95 €/Kg"
Leite UHT Meio Gordo,PorSi,1 l,"0,81 €","0,81 €/L"
Pasta dentífrica menta fresca,Aquafresh,Embalagem de 75 ml,"2,39 €","31,87 €/L"
"Cera cabelo, indestructible",Studio Line,Embalagem de 75 ml,"4,19 €","16,76 €/L"
Lambrusco rosé,Sorbello,Garrafa de 0.75 l,"2,29 €","3,05 €/L"
Nata uht ligeira,Páturages,Embalagem de 2X250ML,"1,14 €","5,70 €/L"
Vinho tinto regional peninsula de setúbal,Fonte nico,Garrafa de 750 ml,"8,59 €","11,45 €/L"
Iogurte Pedaços Kiwi 0% Matéria Gorda/Açúcares,Danone,4 x 120 g,"4,36 €","2,18 €/Kg"
Champô Anti-Caspa,Pantene,360 ml,"9,36 €/L","9,36 €/L"
Mistura solúvel mokambo,Nestle,Embalagem de 200g,"1,69 €","6,76 €/Kg"
Trela flexi standart 2,Flexi,Embalagem de 1 unidades,"3,85 €","3,85 €/Unidade"
Arroz de pato,PorSi,Embalagem de 250 g,"2,99 €","11,96 €/Kg"
Cabide Anti-Humidade,HUMYDRY,450 g,"6,99 €","6,99 €/Unidade"
Linguiça de porco ibérico,Casa do Porco Preto,Embalagem de 180g,"1,22 €","6,78 €/Kg"
Luvas extra sensation pequenas/médias,Vileda,1 unidade,"1,99 €","1,99 €/Unidade"
Mousse Caramelo,A leiteira,Embalagem de 4 x 60 g,"1,25 €","2,72 €/Kg"
"Vinho tinto, bag in box",Capela Pias,Garrafa de 5 l,"9,49 €","1,90 €/L"
Danacol natural,Danone,Embalagem de 6 x 100 g,"4,15 €/Kg","4,15 €/Kg"
Perna com Costa,Frango,1 un. = 300 g (aprox.),"1,22 €","3,48 €/Kg"
Sidra maçã,Somersby,"Pack 15x0,20 L","1,64 €","3,28 €/L"
Uva Branca,Fruta do Dia,1 un = 250 gr  (aprox.),"4,98 €","1,99 €/Kg"
Formas de alumínio redondas 650 ml,PorSi,5 unidades,"0,99 €","0,99 €/Unidade"
Maionese magra em frasco,Hellmman's,Embalagem de 460g,"0,70 €","2,33 €/Kg"
Azeite Virgem Extra Clássico,Gallo,Garrafa de 2 l,"3,19 €","4,25 €/L"
Café solúvel descafeinado,PorSi,Embalagem de 100G,"1,45 €","14,50 €/Kg"
Queijo fresco magro,Matinal,Embalagem de 216 g,"2,39 €","11,06 €/Kg"
Hamburger espinafres,Veg In,Embalagem de 160g,"3,39 €","21,19 €/Kg"
Cereais estrelitas,Nestle,Embalagem de 550g,"5,07 €/Kg","5,07 €/Kg"
Bolo recheio de chocolate multipack,Chipicao,Embalagem de 230g,"2,05 €","5,13 €/Kg"
Tostas suecas integrais,PorSi,Embalagem de 225 g,"2,49 €","7,11 €/Kg"
Água sem gás,Vitalis,Garrafa de 0.5 l,"0,63 €","0,13 €/L"
Camarão 40/60,Congelado de Aquicultura,1 un = 250 gr  (aprox.),"2,00 €","7,99 €/Kg"
Café torrado lote chávena saco,Delta,Embalagem de 250g,"9,16 €/Kg","9,16 €/Kg"
"Salsichas bockwurst em frasco, 8 unidades",Izidoro,Embalagem de 400g,"0,75 €","3,75 €/Kg"
Batata frita light,PorSi,Embalagem de 150g,"0,95 €","6,33 €/Kg"
Guardanapos 2 folhas brancos e dourado,PorSi Select,50 unidades,"1,29 €","1,29 €/Unidade"
Néctar de pêssego,PorSi,Pack 3 x 200 ml,"0,99 €","0,99 €/L"
Queijo mascarpone,Galbani,Embalagem de 250 g,"1,65 €","6,60 €/Kg"
Cereais cruesli fruta,Quaker,Embalagem de 380g,"2,29 €","6,11 €/Kg"
Sobremesa gelatina de ananás,PorSi,Embalagem 4X100G,"0,85 €","2,13 €/Kg"
Cereais fitness chocolate,Nestle,Embalagem de 380g,"3,49 €","27,05 €/Kg"
"Alimento húmido para cão, galinha & vegetais",Pedigree,Embalagem de 100g,"4,85 €/Kg","4,85 €/Kg"
Massa quebrada margarina,PorSi,Embalagem de 230 g,"0,99 €","4,30 €/Kg"
Frango Inteiro,Frango,1 un=2 Kg (aprox.),"1,22 €","3,48 €/Kg"
Leite de pastagem biológico meio gordo,Milhafre,1 litro,"0,81 €","0,81 €/L"
"Formas de alumínio rectangulares com tampa, 600ml , ...",PorSi,Uma embalagem,"1,11 €","1,11 €/Unidade"
Banana da  Madeira,Fruta do Dia,1 un= 200 gr (aprox.),"0,60 €","2,99 €/Kg"
Chiclets morango 16.8g,CHICLETS,Embalagem de 20g,"0,75 €","50,00 €/Kg"
Actimel morango-banana,Danone,Embalagem de 6 x 100 g,"4,15 €/Kg","4,15 €/Kg"
Sabonete calmante de lavanda,Labell,Embalagem de 4x100 g,"4,49 €","12,47 €/Kg"
Vinho verde branco,Irreversível,Garrafa 0.75L,"3,19 €","3,19 €/L"
"Borracha Technic, 600",Maped,embalagem com 2 unidades,"2,99 €","2,99 €/Unidade"
Miolo de camarão 50/70,H2Gelo,Embalagem de 250  g,"4,99 €","19,96 €/Kg"
Queijo Mazzarela Búfala,Galbani,Embalagem de 125 g,"1,65 €","6,60 €/Kg"
Ambientador vela odor animais,PorSi,1 unidade,"34,81 €/Kg","34,81 €/Kg"
Autobrilhante Castanho,Búfalo,Embalagem de 50 ml,"2,69 €","2,69 €/Unidade"
10 hamburguers 60% carne de bovino,PorSi,Embalagem de 1 kg,"2,79 €","8,72 €/Kg"
Ovos de Galinha Criadas no Solo Class M-L,PorSi Viva Bem,Embalagem com 6 Ovos,"1,39 €","1,39 €/Unidade"
Sopa económica de marisco,Knorr,Embalagem de 60g,"2,25 €","32,14 €/Kg"
Gel banho aroma sensations anti-stress,Palmolive,Embalagem de 500 ml,"3,69 €","14,76 €/L"
Areia para gato,Catsan,Embalagem com 10 litros,"13,99 €","13,99 €/Unidade"
Gelado magnum pint branco,Olá,Embalagem de 440 ml,"6,79 €","14,76 €/L"
Trinca de arroz,PorSi,Embalagem de 1 kg,"22,99 €","1,15 €/Kg"
Leite de pastagem biológico meio gordo,Milhafre,1 litro,"2,99 €","5,98 €/Kg"
Tomate seco,PONTI,Embalagem de 280g,"1,95 €/Kg","1,95 €/Kg"
Feijão branco,Compal,Lata de 410 ml,"1,79 €","2,29 €/Kg"
Rebuçados seiva pinheiro,St.onofre,Embalagem de 100 g,"0,77 €","3,85 €/Kg"
Massa pevide,Nacional,Embalagem de 250g,"1,39 €","1,39 €/Kg"
Couve de bruxelas,PorSi,Embalagem de 750 g,"1,89 €","1,89 €/Kg"
"M&ms pouch, amendoim",M&m' s,Embalagem de 400 g,"11,98 €/Kg","11,98 €/Kg"
Snack para gato original,Felix,Embalagem de 60g,"0,99 €","16,50 €/Kg"
Lambrusco branco,Sorbello,Garrafa de 0.75 l,"6,99 €","9,32 €/L"
"Escova dentes, proteção global suave, 2 unidades",Labell,1 embalagem,"3,99 €","3,99 €/Unidade"
Galão enriquecido com cálcio,Ucal,Embalagem de 1 litro,"1,99 €","2,49 €/L"
Filetes primavera receita original sem glúten 250g,Iglo,Embalagem de 250g,"9,30 €/Kg","9,30 €/Kg"
Saca Rolhas Elétrico c/ USB,San Ignacio,1 unidade,"17,99 €","17,99 €/Unidade"
Leite pastagem uht terra nostra inteiro,Terra Nostra,Garrafa de 1 l,"1,19 €","1,19 €/L"
Loção corporal,Nivea,Embalagem de 400 ml,"1,99 €","4,98 €/L"
"Refrigerante com gás cola, mini lata",Coca-Cola,pack 12 x 0.15 l,"0,79 €","0,40 €/L"
"Hamburgers de porco, 4x80g",PorSi,Embalagem de 320 g,"2,79 €","8,72 €/Kg"
"Iogurte pedaços, frutimax muesli",PorSi,Embalagem de 4 x 125 g,"4,36 €","2,18 €/Kg"
Fralda Cueca T3,Dodot,Embalagem de 37 un.,"4,69 €","4,69 €/Unidade"
Pão Alentejano,Pão do Dia,1 unidade = 400 g,"0,19 €","2,71 €/Kg"
Sidra maçã,Bandida,Lata de 500 ml,"1,64 €","3,28 €/L"
Pensos diários fléxivel,Labell,embalagem com 30 unidades,"1,60 €","1,60 €/Unidade"
Discos Sanitários Activos Aparelho Marinho,WC Pato,Embalagem de 36 ml,"2,99 €","74,75 €/Kg"
Amaciador roupa concentrado lírios e morango,PorSi,60 doses,"3,99 €","3,99 €/Unidade"
"Compressas hipoalergenicas, 100 unidades",Labell,Uma embalagem,"3,99 €","3,99 €/Unidade"
Massas alimentícias laços,PorSi,Embalagem de 500g,"1,39 €","1,39 €/Kg"
Açúcar areado amarelo,Rar,Embalagem de 1kg,"1,49 €","1,49 €/Kg"
Comida húmida para cão mini menu paté frango e cenou...,Friskies,Embalagem de 150g,"4,85 €/Kg","4,85 €/Kg"
Corn Flakes,Nacional,Embalagem de 500 g,"1,49 €","2,98 €/Kg"
"Gel banho, Argan Monoi",Labell,Embalagem de 750 ml,"3,69 €","14,76 €/L"
Feijão verde,PorSi,Embalagem de 750 g,"1,89 €","1,89 €/Kg"
Shampô azul concentrado,PorSi,Embalagem de 1 l,"3,99 €","0,80 €/L"
Vela com número nº 5,PorSi,1 unidade,"1,19 €","1,19 €/Unidade"
Alimento seco p/ cão raça pequena,PorSi Select,Embalagem de 3kg,"22,99 €","1,15 €/Kg"
Preparado sobremesa vegan sem lactose,Nestle,Embalagem de 370g,"1,69 €","8,45 €/L"
Rebuçados peitorais,PorSi,Embalagem de 200g,"0,77 €","3,85 €/Kg"
Pasta Dentífrica Menta Suave,Aquafresh,Embalagem de 75 ml,"2,39 €","31,87 €/L"
Alho-francês,PorSi,Embalagem de 750 g,"1,89 €","1,89 €/Kg"
Ravioli com tomate,Claude Léger,Embalagem 300G,"2,99 €","11,96 €/Kg"
Feijão catarino,PorSi,Embalagem 500G,"2,78 €/Kg","2,78 €/Kg"
20 saquetas chá detox,Lipton,Embalagem de 30g,"58,44 €/Kg","58,44 €/Kg"
Atum posta em óleo,General,Embalagem de 110g,"9,08 €/Kg","9,08 €/Kg"
Vinho maduro branco,Leziria,Garrafa de 5 l,"17,99 €","1,80 €/L"
Pilhas recarregáveis longa duração AA HR3 1.2V 2100m...,Domédia,Embalagem com 4 unidades,"1,99 €","1,99 €/Unidade"
"Compal vital laranja, cenoura e manga",Compal,Garrafa de 200 ml,"0,99 €","0,99 €/L"
Porto special reserva,Q.harris,Garrafa de 750 ml,"10,99 €","14,65 €/L"
Iogurte eleva com fermentos naturais framboesa e amê...,Mimosa,Embalagem de 4 x 115 g,"5,97 €/Kg","5,97 €/Kg"
Limpa Moveis Lavanda,Pronto,300 ml,"4,49 €","14,97 €/L"
Rebuçados peitorais,Dr.bayard,Embalagem de 100g,"0,77 €","3,85 €/Kg"
Rebucado mentol 250g,Vieira,Embalagem de 250g,"0,77 €","3,85 €/Kg"
Moscatel favaios,Favaios,Garrafa de 750 ml,"5,99 €","7,99 €/L"
Azeitona preta oxidada,CANTOLIVA,Embalagem de 360 g,"2,20 €","4,39 €/Kg"
"Tablete de chocolate, black-white",Schogetten,Embalagem de 100g,"0,53 €","5,30 €/Kg"
Alimento lácteo banana +6 meses,Yogolino,Embalagem de 90g,"0,74 €","8,22 €/Kg"
Vela mágica pack de 10 unidades,PorSi,Uma embalagem,"1,19 €","1,19 €/Unidade"
Água com gás,Vimeiro,pack 6 x 0.25 l,"2,95 €","2,95 €/L"
Recarga de Desumidificador Maçã,HUMYDRY,embalagem de 3 x 75g,"6,45 €","86,00 €/Kg"
Preparado em pó para pudim flan,El mandari,Embalagem de 19.2 g,"0,44 €","4,00 €/Kg"
Ayam leite de coco,Ayam,Garrafa de 200 ml,"1,69 €","8,45 €/L"
Manteiga magra,PorSi,Embalagem de 250g,"1,69 €","6,76 €/Kg"
"Bombons de chocolate, praleine",Schogetten,Embalagem de 100g,"0,53 €","5,30 €/Kg"
Ovos classe l,PorSi,24 unidades,"1,39 €","1,39 €/Unidade"
Queijo mascarpone,Páturages,Embalagem 250G,"1,65 €","6,60 €/Kg"
Queijo fresco petits suisses  40% mg,Páturages,Embalagem 6X60G,"1,05 €","1,86 €/L"
Chip choco diet nature,Gullon,Embalagem de 130g,"0,90 €","6,00 €/Kg"
"Carteira etiquetas, 24x35",Domédia,1 unidade,"3,79 €","3,79 €/Unidade"
"M&m's drageias de amendoim e chocolate de leite,",M&m's,Embalagem de 200g,"11,98 €/Kg","11,98 €/Kg"
Achocolatado intenso 40% cacau,Nestle,Embalagem de 330g,"5,65 €","7,06 €/Kg"
Vinho maduro branco meio seco,Adega grande,Garrafa de 750 ml,"1,69 €","2,25 €/L"
Leite UHT Morango sem Lactose,Mimosa,Pack 3 x 250 ml,"1,99 €","2,49 €/L"
"Lenços de bolso, mentol, 10 unidades",Renova,Uma embalagem de 6x10,"0,89 €","0,89 €/Unidade"
Gomas happy cola,Haribo,Embalagem de 100g,"0,99 €","9,90 €/Kg"
Alimento para cão adulto alta energia,HappyOne,Embalagem de 10 kg,"22,99 €","1,15 €/Kg"
Chalotas,Legumes do Dia,embalagem de 250 g (aprox.),"1,79 €","3,58 €/Kg"
10 salsichas edição limitada,Nobre,Embalagem de 250g,"0,75 €","3,75 €/Kg"
Cereais +fibra total,Nacional,Embalagem de 300g,"3,49 €","27,05 €/Kg"
Gel arnica,Labell,Embalagem de 75ml,"2,39 €","478,00 €/Kg"
Leite uht meio gordo,Serraleite,Embalagem de 1 l,"0,81 €","0,81 €/L"
Massa macarronete riscado,Milaneza,Embalagem de 500g,"1,39 €","1,39 €/Kg"
Sumo s/ gás manga/cenoura,Santal,"Garrafa de 1,5 l","1,09 €","0,91 €/L"
Manteiga com sal,Gresso,Embalagem de 250g,"1,69 €","6,76 €/Kg"
Recarga p/ Esfregona |Suave,Vileda,,"0,89 €","0,89 €/Unidade"
Meloa Canteloupe,Fruta do Dia,1un=800 g (aprox.),"4,98 €","1,99 €/Kg"
Spray calcário e sujidade,Cillitbang,Garrafa de 500 ml,"3,99 €","7,98 €/L"
Molas plásticas amarelas,PorSi,50 unidades,"0,89 €","0,89 €/Unidade"
Costeleta mista,Porco,1 un = 150 gr (aprox.),"1,40 €","5,58 €/Kg"
Sobremesa danette baunilha,Danone,Embalagem de 4 x 125 g,"1,25 €","2,72 €/Kg"
Molho inglês,Savora,Garrafa de 120 ml,"0,70 €","2,33 €/Kg"
Mistura saborosa,PorSi,Embalagem de 450g,"1,19 €","11,90 €/Kg"
Creme p/ Calçado Preto,Búfalo,Embalagem de 40 ml,"3,29 €","82,25 €/L"
Bolacha Maria,Cuetara,Embalagem de 200g,"1,69 €","2,11 €/Kg"
Creme vegetal para culinária,PorSi,Embalagem de 1 kg,"2,89 €","2,89 €/Kg"
Vinho doc dão tinto,Grao vasco,Garrafa de 750 ml,"3,99 €","5,32 €/L"
Spray limpeza casa de banho,Cillitbang,Embalagem de 500 ml,"1,49 €","1,99 €/L"
Cereais cookie crisp,Nestle,Embalagem de 380g,"5,07 €/Kg","5,07 €/Kg"
Bolachas infantil dinossauros,Artiach,Embalagem de 190g,"1,95 €","16,25 €/Kg"
Bloco Sanitário Ativo Lavanda,Sonasol,Embalagem de 50 g,"2,99 €","74,75 €/Kg"
Pilha alcalina classic lr6x8,Domédia,1 unidade,"1,99 €","1,99 €/Unidade"
Rebuçados mentho-lyus sem açúcar,Halls,Embalagem de 31 g,"0,77 €","3,85 €/Kg"
Maracujá Roxo,Fruta da Época,1 un = 250 gr  (aprox.),"2,00 €","7,99 €/Kg"
Doce light manga/ananás/maracujá,Paquito,Embalagem de 335g,"1,89 €","5,64 €/Kg"
Vinho Verde Loureiro Branco,Aveleda,Garrafa de 0.75 l,"3,19 €","3,19 €/L"
Baguete de alho,Panike,Embalagem de 350g,"3,40 €/Kg","3,40 €/Kg"
Yoco squeezy sabor morango/banana,Nestle,Embalagem de 4 x 80 g,"2,59 €","5,40 €/Kg"
Camarão cozido 60/80,PorSi,Embalagem de 500 g,"6,99 €","13,98 €/Kg"
Cacau em pó,Pantagruel,Embalagem de 130g,"1,08 €","8,64 €/Kg"
Pilha alcalina classic lr03x4,Domédia,1 unidade,"1,99 €","1,99 €/Unidade"
Vinho Vinha da Fonte Setúbal branco,Casa Ermelinda Freitas,Garrafa de 0.75 l,"8,59 €","11,45 €/L"
"Coloração permanente, preto nº10",Nutrisse,1 unidade,"9,49 €/Unidade","9,49 €/Unidade"
Biscoito para Cão Mini Sticks,Purina One,Embalagem de 90 g,"0,94 €","5,22 €/Kg"
Bolachas peanut butter,Oreo,Embalagem de 150g,"0,79 €","4,49 €/Kg"
Gomas favoritos açúcar,Haribo,Embalagem de 90g,"0,99 €","9,90 €/Kg"
Iogurte sólido sem lactose natural açucarado,Mimosa,Embalagem de 480g,"0,65 €","1,30 €/Kg"
Champô para bebé,Labell,Embalagem de 250 ml,"2,59 €","2,59 €/Unidade"
Xarope de limão sem corantes,Paquito,Garrafa de 750 ml,"4,99 €","6,74 €/L"
Refrigerante c/ gás de laranja zero,Fanta,"Garrafa de 1,5 l","0,79 €","0,40 €/L"
Bebida energética,Red Bull,Pack 4 x 0.25 l,"5,49 €","5,49 €/L"
Cerveja c/ álcool radler,Sagres,pack 6 x 0.33 l,"1,99 €/L","1,99 €/L"
Manteiga c/sal,Terra Nostra,Embalagem de 250g,"1,69 €","6,76 €/Kg"
Pensos diários teeny pocket,Labell,embalagem com 30 unidades,"1,60 €","1,60 €/Unidade"
Bolo de Arroz 70 g,*,,"0,49 €/Unidade","0,49 €/Unidade"
Aguardente vínica velha,Alianca v.,Garrafa de 700 ml,"12,79 €","18,27 €/L"
Noodle banzai carne,Cigala,Embalagem de 70g,"1,39 €","1,39 €/Kg"
Batata frita rodelas,PorSi,Embalagem de 2x70g,"1,06 €","5,73 €/Kg"
Leite condensado cozido,PorSi,Embalagem de 397 g,"1,09 €","2,75 €/Kg"
Fio dental gentle suave,Sensodyne,1 unidade,"3,49 €","3,49 €/Unidade"
Gestos,Hasbro,1 un.,"31,99 €/Unidade","31,99 €/Unidade"
Comida húmida para gato júnior,PorSi,Embalagem de 4 x 100 g,"2,99 €","7,48 €/Kg"
Polvo limpo,PorSi,Embalagem de 800 g,"9,59 €","11,99 €/Kg"
Sabonete,Feno,Embalagem de 4x90 g,"4,49 €","12,47 €/Kg"
Snack dentastix médio,Pedigree,Embalagem de 720 g,"0,94 €","5,22 €/Kg"
Mini tostas de trigo,Diatosta,Embalagem de 350 g,"2,49 €","7,11 €/Kg"
"Pensos diários perfumados, em bolsa, 30 unidades",Labell,Uma embalagem,"1,60 €","1,60 €/Unidade"
"Pimenta preta, moída, em frasco",PorSi,Embalagem de 43 g,"2,29 €","30,53 €/Kg"
Vela com número nº 1,PorSi,1 unidade,"1,19 €","1,19 €/Unidade"
Café torrado 5 estrelas moagem normal,Sical,Embalagem de 250g,"9,16 €/Kg","9,16 €/Kg"
Bochechas,Porco,1 un = 150 gr (aprox.),"1,40 €","5,58 €/Kg"
Atum filete azeite biológico,Tenorio,Embalagem de 120g,"9,08 €/Kg","9,08 €/Kg"
Galão,PorSi,16 cápsulas,"3,19 €","25,52 €/Kg"
Fósforos cozinha,Flamefast,Uma embalagem com 4 unidades,"1,39 €","1,39 €/Unidade"
Iogurtes magros aroma manga,PorSi Viva Bem,Embalagem de 6 x 125 g,"0,99 €","1,32 €/Kg"
Mini tostas trigo super finas,PorSi,Embalagem de 100 g,"2,49 €","7,11 €/Kg"
Nectar multivitaminas,Paquito,Embalagem de 2 l,"0,99 €","0,99 €/L"
Fermento fresco,Levital,Embalagem de 50g,"0,68 €","13,60 €/Kg"
"Chocolate m&m s, bag amendoim",M&m' s,Embalagem de 100 g,"11,98 €/Kg","11,98 €/Kg"
Óleo de girassol,Fula,Embalagem 1L,"3,49 €","3,49 €/L"
Ice tea pêssego,Lipton,Embalagem de 1L,"1,09 €","0,91 €/L"
Vinho Tinto Regional Península de Setúbal,Selecção de Enófilos,750 ml,"8,59 €","11,45 €/L"
Conjunto 4 Velas Litúrgicas Brancas,Codipostal,1 unidade,"1,49 €","1,49 €/Unidade"
Alimento húmido para cão saquetas,Pedigree,Embalagem de 400g,"4,85 €/Kg","4,85 €/Kg"
Vinho doc palmela tinto,Selecção de Enófilos,Garrafa de 0.75 l,"8,59 €","11,45 €/L"
"Refeição pronta, boião de frango e arroz",Bledina,Embalagem de 200g,"1,89 €","9,95 €/Kg"
Barras Cereais Go Free Corn Flakes s/ Glúten,Nestle,Embalagem de 88g,"2,79 €","15,50 €/Kg"
10 salsichas de porco em lata,PorSi,Embalagem de 250G,"0,75 €","3,75 €/Kg"
Tira gorduras pistola,PorSi,Embalagem de 500 ml,"2,99 €","5,44 €/L"
12 douradinhos forníssimo,Capitão Iglo,Embalagem de 300g,"9,30 €/Kg","9,30 €/Kg"
Espuma de barbear para peles sensíveis,Labell Men,Embalagem de 250 ml,"1,16 €","4,64 €/L"
Clara liquida pasteurizado,Dovo,Embalagem de 320 ml,"2,28 €","2,28 €/Unidade"
Snack para gato mixed grill,Felix,Embalagem de 60 g,"0,99 €","16,50 €/Kg"
Aguardente Vínica Velha,Curvada de Velha,Garrafa de 70 cl,"12,79 €","18,27 €/L"
"Alimento seco para cão, raças pequenas, sénior",Pedigree,"Embalagem de 1,4 kg","22,99 €","1,15 €/Kg"
Queijo chevre,Palhais,Embalagem de 180g,"1,89 €","10,50 €/Kg"
Vinho do porto tawny,Cruz,"Garrafa de 0,75 l","5,99 €","7,99 €/L"
Salsichão fuet nobreza,Elpozo,Embalagem de 200 g,"0,95 €","9,49 €/Kg"
Endívias,Legumes do Dia,450 g,"3,49 €","13,96 €/Kg"
M&m s amendoim,M&m' s,Embalagem de 250 g,"11,98 €/Kg","11,98 €/Kg"
Licor de coco,On Off,"Garrafa de 0,70 l","16,99 €","24,27 €/L"
8 pães de leite,PorSi,Embalagem de 280 g,"2,59 €","7,40 €/Kg"
Aperitivo de amendoins tostados forno,Matutano,Embalagem de 120g,"0,79 €","7,90 €/Kg"
Aguardente Vínica Velha,Martha's,"Garrafa 0,70L c/ Caixa de Madeira","12,79 €","18,27 €/L"
Queijo de vaca curado light amanteigado,PorSi,+/- 550 g,"6,49 €","25,45 €/Kg"
Milho tenro e doce,Bonduelle,Embalagem de 300 g,"1,79 €","2,29 €/Kg"
Ambientador Elétrico Lavanda e Aloe,Glade,1 unidade,"3,74 €","3,74 €/Unidade"
Moscatel Douro 10 Anos,Vista Alegre,500 ml,"5,99 €","7,99 €/L"
Bolacha craker queijo,Tuc,Embalagem de 100g,"0,98 €","3,27 €/Kg"
Lula limpa 20/40,PorSi,Embalagem de 800 g,"9,59 €","11,99 €/Kg"
"Vela em número, nº 7",PorSi,1 unidade,"1,19 €","1,19 €/Unidade"
Óleo Multigasolina 20W40,Galp,Embalagem de 5 l,"14,99 €","14,99 €/L"
Manteiga fácil de barrar,President,Embalagem de 250g,"1,69 €","6,76 €/Kg"
Presunto fatiado,PorSi,Embalagem de 200g,"2,79 €","13,95 €/Kg"
Senses Watermelon,Trident,1 un.,"0,75 €","50,00 €/Kg"
Veg bowls trigo sarraceno&brócolos 350g,Iglo green,Embalagem de 350g,"1,99 €","6,63 €/Kg"
Sumo 100% fresh maçã,Compal,Garrafa de 330 ml,"1,69 €","1,69 €/L"
Iogurte sabor pêssego morango e manga,Danone,Embalagem de 8 x 120 g com 1 grátis,"2,59 €","5,40 €/Kg"
Pipocas doces,Orcape,Embalagem de 100g,"0,79 €","7,90 €/Kg"
Feijão vermelho,Caçarola,Embalagem de 500 g,"2,78 €/Kg","2,78 €/Kg"
"Osso de presunto, blist",Bribon,1 unidade,"0,94 €","5,22 €/Kg"
"Iogurte líquido yoggi, sem lactose, morango",Nestle,Embalagem de 4 x 160 g,"1,17 €","1,83 €/Kg"
Massa fettuccine,PorSi,Embalagem de 500g,"1,39 €","1,39 €/Kg"
Pipetas repelente para cão,Repul' 7,Embalagem de 1 unidades,"3,85 €","3,85 €/Unidade"
20 saquetas green framboesa/romã,Lipton,Embalagem de 30g,"58,00 €/Kg","58,00 €/Kg"
Bolachas digestive aveia e laranja,Gullon,Embalagem de 430g,"0,98 €","3,27 €/Kg"
Lambrusco tinto,Sorbello,Garrafa de 0.75 l,"2,29 €","3,05 €/L"
Tequila,On Off,Garrafa de 70 cl,"10,49 €","14,99 €/L"
Vassoura Simples Pluma,PorSi,unidade,"2,20 €","2,20 €/Unidade"
Cebola Roxa,Programa Origens,1 un = 500 gr (aprox.),"1,79 €","3,58 €/Kg"
Arroz vaporizado,Cigala,Embalagem de 1 kg,"0,99 €","0,99 €/Kg"
20 saquetas chá de frutos silvestres,Lipton,Embalagem de 30g,"58,00 €/Kg","58,00 €/Kg"
Drageias de chocolate de leite,PorSi,200 g,"11,98 €/Kg","11,98 €/Kg"
Iogurte activia natural,Danone,Embalagem de 4 x 120 g,"2,49 €","5,19 €/Kg"
Tomates Cereja Kumato Biológicos,PorSi Bio,± 200 g,"1,89 €","9,45 €/Kg"
Knorr sopa vietnamita 39gr,Knorr,Embalagem de 40g,"2,25 €","32,14 €/Kg"
Vinho Regional Península de Setúbal Branco,Herdade da comporta,Garrafa de 0.75 l,"8,59 €","11,45 €/L"
"Líquido para ferro de engomar, suave",PorSi,Embalagem de 2 l,"10,99 €","52,33 €/Kg"
Mistura sol sem café granulado,PorSi,Embalagem de 200g,"1,69 €","6,76 €/Kg"
Atum posta ao natural,Bom petisc,Embalagem de 120 g,"9,08 €/Kg","9,08 €/Kg"
Cenoura baby,PorSi,Embalagem de 400 g,"1,89 €","1,89 €/Kg"
Palitos super finos,PorSi,Embalagem de 85 unidades,"1,39 €","1,39 €/Unidade"
Bolachas cream cracker,PorSi,Embalagem de 600g,"0,39 €","3,12 €/Kg"
Creme Depilatório Duche Men Peles Normais,Veet,Embalagem com 150 ml,"2,99 €","14,95 €/L"
Vinho maduro branco,Alorna,Garrafa de 0.75 l,"1,69 €","2,25 €/L"
Nan 1 optipro leite inf.optipro desde nascim.800g,NAN,Embalagem de 800g,"20,99 €","26,24 €/Kg"
"Vinho rosé, região península de setúbal, bag in box",Dom Campos,Garrafa de 5 l,"9,49 €","1,90 €/L"
Tablete chocolate de iogurte morango,Milka,Embalagem de 100g,"0,53 €","5,30 €/Kg"
Ameixa Vermelha,Programa Origens,1 un = 250 gr  (aprox.),"0,87 €","3,49 €/Kg"
Wrap frango,Snock,Embalagem de 170g,"0,69 €","0,69 €/Unidade"
Mimosa bem especial leite e amêndoa,Mimosa,Embalagem de 1 litro,"2,19 €","2,19 €/L"
Champanhe meio seco,Delagne & Fils,"Garrafa de 0,75 l","19,99 €","26,65 €/L"
Fraldas Bebé Seco T3 | 6-10 Kg,Dodot,Embalagem com 62 un.,"13,29 €/Unidade","13,29 €/Unidade"
Formas de alumínio 950 ml,PorSi,5 unidades,"0,99 €","0,99 €/Unidade"
Creme autobrilhante preto,Splendor,40 ml,"2,69 €","2,69 €/Unidade"
Cereja,Programa Origens,1 un = 250 gr  (aprox.),"0,50 €","1,99 €/Kg"
Biscoito para cão nuggets,Purina One,Embalagem de 90g,"0,94 €","5,22 €/Kg"
Bacalhau Graúdo Boa Pesca,PorSi,"Vendido ao peso, 1 un= 2.5 kg (aprox.)","8,73 €/Kg","8,73 €/Kg"
Halls vita c morango sem açúcar,Halls,Embalagem de 32 g,"0,77 €","3,85 €/Kg"
Vinho tinto,Pias,Garrafa de 5 l,"17,99 €","1,80 €/L"
"Inseticída, vaporizador, extra gt",Biokill,Garrafa de 380 ml,"5,09 €","8,48 €/L"
Capa Universal,Vileda,1 unidade,"10,99 €","10,99 €/Unidade"
"Recarga ambientador eléctrico, alfazema",PorSi,Embalagem de 25 ml,"11,98 €","11,98 €/Unidade"
Marmelada,Quinta de Jugais,Embalagem de 500g,"1,09 €","2,42 €/Kg"
Massa spaghetti tricolore,Milaneza,Embalagem de 500 g,"1,39 €","1,39 €/Kg"
Salsichão fuet caseiro peru,Elpozo,Embalagem de 150g,"0,95 €","9,49 €/Kg"
Smarties mini chocolate,SMARTIES,Embalagem de 187g,"11,98 €/Kg","11,98 €/Kg"
Leite creme,El mandari,Embalagem de 90g,"2,99 €","6,64 €/Kg"
Caramelos de nata,Werthers,Embalagem de 140g,"2,89 €","11,56 €/Kg"
Chili com carne,Itinéraire des Saveurs,Embalagem 300G,"2,99 €","11,96 €/Kg"
Preparo para bolo de chocolate,Branca de Neve,Embalagem de 450g,"2,99 €","6,64 €/Kg"
Água mineral sem gás,Vimeiro,Pack 6 x 0.5 l,"0,63 €","0,13 €/L"
"Bloco sanitário blue activ, eucalio",Sonasol,Embalagem de 50 g,"2,99 €","74,75 €/Kg"
"Inseticida max, concentrado sensitive",Dum Dum,Garrafa de 400 ml,"5,09 €","8,48 €/L"
Alheira com cogumelos,Terras do Demo,Embalagem com 200 g,"1,49 €","7,45 €/Kg"
"Papel higiénico super, folha dupla, 24 rolos",Renova,Uma embalagem,"5,89 €","5,89 €/Unidade"
Sabonete de Algas,Saboaria,Embalagem de 75 g,"4,49 €","12,47 €/Kg"
Jogo 4 Tapetes Alcatifa,PorSi,1 unidade,"4,99 €","19,96 €/L"
Salsichas de porco,Nobre,Lata de 250g,"0,75 €","3,75 €/Kg"
Cerveja branca,E.damm,Pack 6 x 0.25 l,"1,99 €/L","1,99 €/L"
Alimento seco para cão alta energia,PorSi,Embalagem de 10kg,"22,99 €","1,15 €/Kg"
"Vinagre virgem branco, spray",Paladin,Garrafa de 250 ml,"0,49 €","0,98 €/L"
Espetadas,Porco,1 un = 150 gr (aprox.),"1,40 €","5,58 €/Kg"
5 folhas de gelatina incolor,PorSi,Embalagem de 9 g,"0,55 €","61,11 €/Kg"
Trela Flexo Standart 1,Flexi,1 unidade,"3,85 €","3,85 €/Unidade"
Tablete de chocolate culinário branco,PorSi,Embalagem de 180 g,"1,08 €","8,64 €/Kg"
Caramelos de leite,Penha,Embalagem de 250g,"2,89 €","11,56 €/Kg"
Óleo Diesel 15w40,PorSi,Embalagem de 5 l,"14,99 €","14,99 €/L"
Biscoitos de cacau,PorSi,Embalagem de 750g,"0,69 €","3,45 €/Kg"
As minhas primeiras receitas - refeição legumes com ...,Nestle,Embalagem de 190g,"1,89 €","9,95 €/Kg"
Leite com chocolate sem lactose,Ucal,Embalagem de 6 x 250 ml,"0,26 €","1,30 €/L"
Autobrilhante Preto,Búfalo,Embalagem de 50 ml,"2,69 €","2,69 €/Unidade"
Macchiato café arábica,PorSi,250 ml,"3,19 €","25,52 €/Kg"
Fio dentario 50m,Colgate,1 unidade,"3,49 €","3,49 €/Unidade"
Creme de Limpeza Facial com Chá Kombucha,Diadermine,40 g,"23,70 €/L","23,70 €/L"
Vinho doc alentejo tinto,T.bolotas,Garrafa de 0.75 l,"2,89 €","3,85 €/L"
Vassoura exterior alta,PorSi,Unidade,"2,20 €","2,20 €/Unidade"
Nutripuffs de banana 8 meses s/ açúcar,Cerelac,Embalagem de 7g,"0,74 €","8,22 €/Kg"
Caderno Agrafado Capa Preta |A4 Pautado,Domédia,1 unidade,"3,79 €","3,79 €/Unidade"
Líquido 5 em 1 oceano,WC Pato,Embalagem de 750 ml,"3,99 €","7,98 €/L"
Lentilhas verdes,PorSi Viva Bem,Embalagem de 500 g,"1,19 €","2,38 €/Kg"
Wc lixívia gel original,Domestos,Garrafa de 750 ml,"2,59 €","3,45 €/L"
Batatas forno ervas,Lay's,Embalagem de 130g,"1,19 €","6,43 €/Kg"
Moscatel Roxo Setúbal,Alambre,Garrafa de 750 ml,"5,99 €","7,99 €/L"
Moscatel do Douro,Selecção de Enófilos,"Garrafa de 0,75 l","5,99 €","7,99 €/L"
Bolachas digestivas go maçã,Triunfo,Embalagem de 170g,"0,98 €","3,27 €/Kg"
Camarão moçambique 60/80,PorSi,800 g,"4,99 €","19,96 €/Kg"
Manteiga magra,Mimosa,Embalagem de 250g,"1,69 €","6,76 €/Kg"
Ambientador Anti-Tabaco,Ambipur,1 un.,"2,89 €","2,89 €/Unidade"
Chocolate culinário branco,Pantagruel,Embalagem de 200g,"1,08 €","8,64 €/Kg"
Favas ultracongeladas,PorSi,Embalagem de 400g,"1,89 €","1,89 €/Kg"
Queijo feta dop grego,Kolios,Embalagem de 200g,"1,49 €","7,45 €/Kg"
Água com gás sabor a tangerina,Frize,"Pack 4x 0,25l","2,95 €","2,95 €/L"
Queijo flamengo 0% lactose,PorSi Viva Bem,Embalagem de 150 g,"1,56 €","7,80 €/Kg"
Cebolinho,PorSi,20 g,"1,15 €","38,33 €/Kg"
Minifresh-ambientador multiusos,Abelhinha,1 unidade,"1,99 €","1,99 €/Unidade"
Queijo parmigiano 12 meses de cura,Parmareggio,150 g,"1,65 €","6,60 €/Kg"
Creme anti-rugas reafirmante,Diadermine,Embalagem de 50 ml,"14,99 €","299,80 €/L"
Couscous comespeciarias 4x125g,PorSi,Embalagem de 500g,"1,39 €","1,39 €/Kg"
Balde com pedal eco branco,PorSi,Capacidade: 52 litros,"2,50 €","2,50 €/Unidade"
Vela com número nº 9,PorSi,1 unidade,"1,19 €","1,19 €/Unidade"
Gelado magnum mini double chocolate e caramelo,Olá,Embalagem de 6 x 60 ml,"5,99 €","16,64 €/L"
Sultana Preta,PorSi,Embalagem de 200g,"0,79 €","3,95 €/Kg"
"Coloração permanente, louro claro, nº80",Nutrisse,1 unidade,"9,49 €/Unidade","9,49 €/Unidade"
Madalenas de Laranja,Brioxa,12 Unidades - Embalagem de 500 g,"2,05 €","5,13 €/Kg"
Creme vitalift 5,Men expert,Embalagem de 50 ml,"0,89 €","3,56 €/L"
Callippo super mix,Olá,Embalagem de 5 x 105 ml,"5,99 €","16,64 €/L"
Presunto S/Osso,Pata branca,"Vendido ao peso, fatiado a partir de 200 g","2,79 €","13,95 €/Kg"
Chocolate negro 85 % cacau,Cemporcent,Embalagem de 100g,"2,49 €","24,90 €/Kg"
Noodle banzai galinha,Cigala,Embalagem de 70g,"1,39 €","1,39 €/Kg"
Pudim flan zero açúcares adicionados,El mandari,Embalagem de 30g,"0,44 €","4,00 €/Kg"
Torta natas com cobertura de cacau,PorSi,Embalagem de 300g,"2,05 €","5,13 €/Kg"
Queijo dop 7 meses,Sao jorge,Embalagem de 400g,"3,37 €","13,49 €/Kg"
"Espuma de cabelo, volume absoluto",Pantene,Embalagem de 200 ml,"4,19 €","16,76 €/L"
"Tampão com aplicador, super compak, 20 unidades",Labell,1 embalagem,"3,99 €","3,99 €/Unidade"
"Papel higiénico compacto, folha dupla",Renova,4 = 12 rolos,"5,89 €","5,89 €/Unidade"
Lixívia para roupa delicada,Vanish,Garrafa de 3 l,"4,49 €","1,12 €/L"
Detergente líquido Ultra Concentrado Loiça Platinium...,PorSi,Embalagem de 500 ml,"3,29 €","5,48 €/L"
"Limpa vidros pistola, tripla acção",Ajax,Embalagem de 500 ml,"3,29 €","6,58 €/L"
Creme de cenoura,PorSi,Embalagem de 900 g,"1,99 €","2,49 €/Kg"
"Folhas de tomilho, pacote",Margao,Embalagem de 20g,"2,29 €","30,53 €/Kg"
Vassoura Especial Lisa,PorSi,unidade,"2,20 €","2,20 €/Unidade"
Lava tudo antibacteriano herbal,PorSi,Garrafa de 1.5 l,"1,89 €","1,26 €/L"
Recarga Desumidificador Premium,HUMYDRY,embalagem de 450g,"6,45 €","86,00 €/Kg"
Vermute rosso,Martini,Garrafa de 0.75 l,"4,99 €","7,13 €/L"
Sacos lixo eco 100 litros,PorSi,10 unidades,"1,79 €","1,79 €/Unidade"
Veggie bowls quinoa & abóbora 350g,Iglo green,Embalagem de 350g,"1,99 €","6,63 €/Kg"
Cola de Contacto Transparente,Pattex,Embalagem de 50 g,"2,75 €","91,67 €/Kg"
Creme de coentros sem batata,PorSi,800 g,"1,99 €","2,49 €/Kg"
Massa de argolinhas,Nacional,Embalagem de 250g,"1,39 €","1,39 €/Kg"
Toalha de Mesa Anti Nódoas,VZT,Dim.: 150 x 200 cm,"13,99 €","13,99 €/Unidade"
Snack dentastix grande,Pedigree,Embalagem de 270 g,"0,94 €","5,22 €/Kg"
"Bloco perfumado para maquina de loiça, limão",Sun,Embalagem de 1 unidades,"19,99 €","19,99 €/Unidade"
Cogumelo branco,*,Embalagem de 300g,"1,89 €","6,30 €/Kg"
Molho mad chips top down,Calve,Embalagem de 260g,"0,70 €","2,33 €/Kg"
Amaciador color-vive,Elvive,Embalagem de 200 ml,"1,00 €","5,00 €/L"
"Máquina descartável dupla, 15+5 unidades",Labell Men,Uma embalagem,"1,16 €","4,64 €/L"
Feijao verde redondo,PorSi,Embalagem de 400g,"1,89 €","1,89 €/Kg"
Vinho DOC Bairrada Tinto,Marquês de Marialva,Garrafa de 0.75 l,"2,92 €/L","2,92 €/L"
Sabonete de leite de burra,Confianca,Embalagem de 75 g,"4,49 €","12,47 €/Kg"
Salada Vega,Florette,1 Embalagem 200G,"1,00 €","2,49 €/Kg"
Piaçaba com suporte popular,Fapil,1 unidade,"2,20 €","2,20 €/Unidade"
"Gel cabelo, hard cement",Fru style,Embalagem de 200 ml,"4,19 €","16,76 €/L"
Cem porcento-lentilhas vermelhas,Cemporcent,Embalagem de 500g,"1,19 €","2,38 €/Kg"
Iogurte mix-in chocapic,Nestle,Embalagem de 2 x 118 g,"1,05 €","1,86 €/L"
Elimina odores para calçado,Kiwi,Embalagem de 100 ml,"4,75 €","47,50 €/L"
Barras fitness natural 141g,Nestle,Embalagem de 140g,"3,49 €","26,85 €/Kg"
Folhado de Chocolate 60 g,PorSi,,"0,49 €/Unidade","0,49 €/Unidade"
"Detergente líquido para loiça, maçã verde",PorSi,Garrafa de 750 ml,"3,29 €","5,48 €/L"
Conjunto 2 assadeiras,Marinex,"2,4 L + 3,2 L","12,99 €","12,99 €/Unidade"
Filetes de pescada,PorSi,Embalagem de 400 g,"4,39 €","10,98 €/Kg"
Néctar light ananás/coco,Compal,330 ml,"0,89 €","2,70 €/L"
Kefir líquido natural,Nestle,Embalagem de 500 g,"1,17 €","1,83 €/Kg"
Queijo grana padano ralado,Galbani,Embalagem de 60 g,"1,49 €","7,45 €/Kg"
Snack Gato Anti Bolas de Pelo,PorSi,Embalagem 60 g,"0,99 €","16,50 €/Kg"
Filete de Pescada,Peixe Congelado Higienizado,1 un. = 150g (aprox.),"1,20 €","7,99 €/Kg"
Maçã Granny Smith 75/80,Programa Origens,1 un = 180 gr (aprox.),"0,26 €","1,99 €/Kg"
Coleira simples 20x440mm,Anivite,1 unidade,"3,85 €","3,85 €/Unidade"
Popietes,Porco,1 un = 250 gr  (aprox.),"6,29 €","15,73 €/Kg"
Queijo Raclette Fatias,Páturages,Embalagem de 400 g,"1,56 €","7,80 €/Kg"
Leite com chocolate sem lactose,Ucal,Embalagem de 6 x 250 ml,"2,19 €","2,19 €/L"
Polvo limpo,PorSi,Embalagem de 1 kg,"9,59 €","11,99 €/Kg"
Ração para gato adulto com bacalhau e legumes,Friskies,Embalagem de 4 kg,"12,99 €","4,33 €/Kg"
Snack para gato chezzy,Felix,Embalagem de 60g,"0,99 €","16,50 €/Kg"
12 Ovos Frescos Classe S,Campovo,Embalagem c/ 12 Unidades,"1,39 €","1,39 €/Unidade"
Brandy,ON/OFF,Garrafa de 700 ml,"15,49 €","15,49 €/L"
Camarão 60/80,Congelado de Aquicultura,1 un = 250 gr  (aprox.),"2,00 €","7,99 €/Kg"
Leite uht gordo,Mimosa,Embalagem de 1 litro,"1,15 €","1,15 €/L"
Nectarina,Fruta do Dia,1 un = 150 gr (aprox.),"0,87 €","3,49 €/Kg"
Alimento lácteo sem açucar com sabor a morango/banan...,Yogolino,Embalagem de 4 x 100 gr,"2,99 €","7,48 €/Kg"
Não Mais Pregos Forte e Rápido,Pattex,Embalagem de 150 g,"2,75 €","91,67 €/Kg"
Bolacha diet nature recheio creme,Gullon,Embalagem de 210g,"0,79 €","4,49 €/Kg"
Néctar vital equilibrio melancia/morango,Compal,Embalagem de 1 l,"0,89 €","2,70 €/L"
Comida húmida para cão de vaca e frango,PorSi,Lata de 400 g,"4,85 €/Kg","4,85 €/Kg"
Tomates Cereja Púrpura Biológicos,PorSi Bio,± 200 g,"1,89 €","9,45 €/Kg"
Patê sardinha,La piara,Embalagem de 80g,"1,19 €","13,52 €/Kg"
Óleo regular,Johnson's Baby,Embalagem de 300 ml,"2,59 €","2,59 €/Unidade"
Elixir Anti-Tartaro,Listerine,500 ml,"1,39 €","2,78 €/L"
Especialidade de soja manga,SojaSun,Embalagem de 4 x 100 g,"4,58 €/Kg","4,58 €/Kg"
Cogumelos laminados,PorSi,780 g,"1,79 €","2,29 €/Kg"
Chocolate negro 72% cacau,Cemporcent,Embalagem de 100g,"2,49 €","24,90 €/Kg"
Bolachas rosquilhas,PorSi,Embalagem de 600g,"1,69 €","6,76 €/Kg"
Iogurte líquido de morango,Longa vida,Embalagem de 4 x 160 g,"1,17 €","1,83 €/Kg"
Milho doce,PorSi,Embalagem de 400 g,"1,89 €","1,89 €/Kg"
"Frigideira anti-aderente, 28cm",PorSi,1 unidade,"9,99 €","9,99 €/Unidade"
Achocolatado zero% açúcares,Nesquik,Embalagem de 345g,"5,65 €","7,06 €/Kg"
Hortelã-menta vaso aromáticas vivas,Aroma viva,Embalagem de 1 unidades,"1,15 €","38,33 €/Kg"
Lic.amendoa amarga zimbro,Zimbro,Garrafa de 0.70L,"16,99 €","24,27 €/L"
Ovos de galinha ao ar livre | Classe: M/L,Matinados,12 unidades,"2,28 €","2,28 €/Unidade"
Parmigiano reggiano em lascas dop,*,Embalagem de 80g,"1,65 €","6,60 €/Kg"
10 saquetas infusão de cidreira,Lipton,Embalagem de 20g,"0,99 €","76,15 €/Kg"
Kefir Natural,Nestle,Embalagem de 4 x 170 g,"0,65 €","1,30 €/Kg"
Lava tudo limão verde,Cif,"Garrafa de 1,4 l","1,89 €","1,26 €/L"
"Vinho DOC Bairrada, Branco",Selecção de Enófilos,Garrafa de 0.75 l,"2,92 €/L","2,92 €/L"
Leite magro em pó,Páturages,Embalagem de 300 g,"2,79 €","9,30 €/Kg"
Champô júnior alperce/amêndoas,Labell,250 ml,"2,59 €","2,59 €/Unidade"
Salame fat,Campofrio,Embalagem de 80g,"0,95 €","9,49 €/Kg"
Palhinhas brancas individuais em biomaterial,PorSi,Embalagem com 25 unidades,"1,19 €","1,19 €/Unidade"
Alheira seleção,Terras do Demo,Embalagem com 200 g,"1,49 €","7,45 €/Kg"
Bolachas de água e sal,Gullón,Embalagem de 200 g,"0,39 €","3,12 €/Kg"
Queijo de cabra com azeite&oregãos,Palhais,Embalagem de 130 g,"1,89 €","10,50 €/Kg"
Anticalcário,Viakal,Embalagem de 500 ml,"0,99 €","1,32 €/L"
Tomate inteiro pelado,PorSi,Embalagem de 390 g,"1,79 €","2,29 €/Kg"
Massa cuscus,Nacional,Embalagem de 250g,"1,39 €","1,39 €/Kg"
Cueca incontinência para Adultos Ausonia Tamanho Gra...,Lindor,Embalagem de 14 unidades,"9,99 €","9,99 €/Unidade"
Actimel morango,Danone,Embalagem de 6 x 100g,"4,15 €/Kg","4,15 €/Kg"
Néctar light manga/laranja,Compal,Garrafa de 200 ml,"0,99 €","0,99 €/L"
Batata frita palha,Pala-pala,Embalagem de 500g,"0,87 €","5,44 €/Kg"
Manhãzitos original,Manhazitos,Embalagem 6x2 unidades,"2,05 €","5,13 €/Kg"
Camarão 20/30,Congelado de Aquicultura,1 un = 250 gr  (aprox.),"2,00 €","7,99 €/Kg"
Queijo brie 60% mg,Páturages,Embalagem de 200 g,"1,49 €","7,45 €/Kg"
Creme p/ Calçado Castanho,Búfalo,Embalagem de 50 ml,"3,29 €","82,25 €/L"
Pilha alcalina heightch lr14x2,Domédia,1 unidade,"1,99 €","1,99 €/Unidade"
Café moagem universal angola,Delta,Embalagem de 220g,"9,76 €/Kg","9,76 €/Kg"
Orégãos em folha,PorSi,Embalagem de 10g,"2,29 €","30,53 €/Kg"
Vinho tinto regional terras dao bib 5l,Silgueiros,Embalagem de 5L,"3,99 €","5,32 €/L"
Costeleta do cachaço,Porco,Vendido ao peso a partir de 1 kg,"1,40 €","5,58 €/Kg"
Maionese Top Down,Calvé,Embalagem de 753 g,"0,70 €","2,33 €/Kg"
"Tira nódoas, spray oxi",PorSi,Embalagem de 1 l,"10,99 €","52,33 €/Kg"
Descafeinado,Nestlé,Embalagem de 100 g,"28,40 €/Kg","28,40 €/Kg"
Chocolate quente 90 segundos,Lacasa,Embalagem de 350g,"5,65 €","7,06 €/Kg"
"Lixívia para roupa, tradicional verde denso",PorSi,Embalagem de 2L,"1,74 €","0,35 €/L"
Snack para gato frango,Felix,Embalagem de 50g,"0,99 €","16,50 €/Kg"
Grão de bico,Legumes secos,1 un = 100 gr. (aprox.),"0,29 €","2,89 €/Kg"
Entremeada salgada,Prisca,Embalagem de 150g,"3,39 €","22,60 €/Kg"
Comida Húmida para Cão Mini Pedaços Gelatina com Fra...,Friskies,Embalagem de 150g,"4,85 €/Kg","4,85 €/Kg"
Lata Cebo Protexol Incolor,Búfalo,Embalagem de 75 ml,"3,29 €","82,25 €/L"
Café de mistura ibérica,Delta,Embalagem de 250g,"1,45 €","14,50 €/Kg"
Mopa com 8 panos jack junior,Swiffer,1 unidade,"2,20 €","2,20 €/Unidade"
Corn flakes saco,PorSi,Embalagem de 500g,"1,49 €","2,98 €/Kg"
"Bloco sanitário azul, recarga",WC Pato,Embalagem de 2x40 g,"2,99 €","74,75 €/Kg"
"Pensos tecido, resistentes à água, 10 unidades",Hansaplast,1 embalagem,"3,99 €","3,99 €/Unidade"
Cereais petalas chocolate,PorSi,Embalagem de 625g,"5,07 €/Kg","5,07 €/Kg"
Azeite virgem extra seleção,PorSi,Garrafa de 750 ml,"3,19 €","4,25 €/L"
Spray depilatório homem,Veet,Garrafa de 150 ml,"2,99 €","14,95 €/L"
Vinho rosé,Mateus,Garrafa de 750 ml,"4,39 €","5,85 €/L"
Pão gémeos,*,250 g,"0,19 €","2,71 €/Kg"
Papel Higiénico Puríssimo 3 Folhas,Renova,Embalagem c/ 12 rolos,"5,89 €","5,89 €/Unidade"
Creme para barrar,Nutella,Embalagem de 400 g,"4,29 €","12,62 €/Kg"
"Dentifríco 2 em 1 global, proteção fresh",Labell,Embalagem de 75 ml,"0,89 €","11,87 €/L"
Lava tudo amoniacal,Sonasol,"Garrafa de 3,5 l","1,89 €","1,26 €/L"
Spray Limpa Cockpit,Redex,Embalagem de 600 ml + oferta pano micro-fibra,"3,99 €","0,80 €/L"
40 filtros café número 4,Planteur,Embalagem com 40 filtros,"0,85 €","0,85 €/Unidade"
Natas pasteurizadas para bater,Nestle,Embalagem de 200 ml,"1,14 €","5,70 €/L"
Alimento húmido p/ cão galinha/arroz,Pedigree,Embalagem de 100g,"4,85 €/Kg","4,85 €/Kg"
Manteiga la motte sal do mar,President,Embalagem de 250 g,"1,69 €","6,76 €/Kg"
Sumo essencial manga,Compal,pack 3 x 0.11 l,"2,29 €","6,94 €/L"
Batata frita caseira rodela,Pala-pala,Embalagem de 300g,"0,87 €","5,44 €/Kg"
Pão de forma especial torradas,Panrico,Embalagem de 750g,"0,99 €","1,65 €/Kg"
Infusão lúcia lima,PorSi,Embalagem de 35 g,"0,99 €","76,15 €/Kg"
Courgette Categoria II,Legumes do Dia,,"1,50 €","4,99 €/Kg"
"Pasta dentífrica, máxima proteção, fresca",Colgate,Embalagem de 75 ml,"2,39 €","31,87 €/L"
Escova dentífrica infantil bambu,Colgate,1 unidade,"0,99 €","0,99 €/Unidade"
Molho de soja c/ dispensador redução sal,KIKKOMAN,150 ml,"3,99 €","26,60 €/L"
Chouriço cebola beiras,PorSi,Embalagem de 300g,"1,22 €","6,78 €/Kg"
Bebida energética,Red Bull,Garrafa de 470 ml,"5,49 €","5,49 €/L"
Groselha,PorSi,Embalagem com 125g,"0,50 €","1,99 €/Kg"
Preparado para crepes,Branca de Neve,Embalagem de 380g,"2,99 €","6,64 €/Kg"
"Fiambre extra, fatias finas",PorSi,Embalagem de 150 g,"0,97 €","6,49 €/Kg"
Rodelas de linguica 2x75g,Porminho,Embalagem de 2X75G,"1,22 €","6,78 €/Kg"
Leite c/ Chocolate,Agros,Embalagem de 4 x 200 ml,"0,26 €","1,30 €/L"
Pá económica,PorSi,1 unidade,"2,20 €","2,20 €/Unidade"
Pudim flan,PorSi,Embalagem de 4 x 5.6 g,"0,44 €","4,00 €/Kg"
"Cerveja sem álcool, preta",Super Bock,pack 6 x 0.33 l,"5,99 €","3,03 €/L"
6 salsichas tipo frankfurt original,Campofrio,Embalagem de 140g,"0,99 €","7,07 €/Kg"
Acetona perfumada com doseador,PorSi,Embalagem de 200 ml,"1,89 €","9,45 €/L"
Anti-humidade + 3 recargas,HUMYDRY,1 embalagem,"6,99 €","6,99 €/Unidade"
Lâmina depilatória descartável lady com cabeça oscil...,Labell,1 embalagem - 6 unidades,"12,99 €","12,99 €/Unidade"
Tablete de chocolate de leite com passas e avelãs,PorSi Select,Embalagem de 200g,"4,09 €","14,82 €/Kg"
"Detergente manual de loiça, limão",PorSi,"Garrafa de 1,5 l","3,29 €","5,48 €/L"
Planta cozinha,Planta,Embalagem de 500g,"1,45 €","7,25 €/L"
Azeite virgem extra seleção,PorSi,Garrafa de 250 ml,"3,19 €","4,25 €/L"
Max menu para coelhos anões,Kiki,Embalagem de 1 kg,"4,69 €","4,69 €/Kg"
Cereais cruesli chocolate,Quaker,Embalagem de 380g,"2,29 €","6,11 €/Kg"
Vinho regional tejo 3 castas branco,Fiuza,Garrafa de 750 ml,"3,99 €","5,32 €/L"
Snack gato salmao,PorSi,Embalagem de 60g,"0,99 €","16,50 €/Kg"
Ração para cão mini adulto nutri soft com frango,Friskies,"Embalagem de 1,4 kg","22,99 €","1,15 €/Kg"
Chouriço Ilustre Gourmet,Porminho,Embalagem de 190 g,"1,22 €","6,78 €/Kg"
Bebida energética rossi,Monster,Garrafa de 500 ml,"5,49 €","5,49 €/L"
Pellets madeira,Nova lenha,Embalagem de 15kg,"10,99 €","0,73 €/Kg"
"Sacos para sandes, 100 unidades",PorSi,1 embalagem,"1,11 €","1,11 €/Unidade"
Nestle scm regular tubo 12x pt,Nestle,Embalagem de 450g,"1,09 €","2,75 €/Kg"
Cerveja com álcool,Super Bock,Garrafa de 1 l,"1,99 €/L","1,99 €/L"
Lamina Descartáveis Platina,Labell,Pack 10 unidades,"1,16 €","4,64 €/L"
Knorr sopa gourmet b.doce e abobora 49gr,Knorr,Embalagem de 70g,"2,25 €","32,14 €/Kg"
Queijinho dadoninho petitdino de morango,Danone,Embalagem de 6 x 50 g,"1,05 €","1,86 €/L"
Azeite Subtil,Gallo,Garrafa de 2 l,"3,19 €","4,25 €/L"
Café moagem universal portugal,Delta,Embalagem de 250g,"9,76 €/Kg","9,76 €/Kg"
Queijo light,Philadelph,Embalagem de 180g,"2,09 €","16,72 €/Kg"
"Sabonete sólido, oliva",Feno,Embalagem de 4x90g,"4,49 €","12,47 €/Kg"
vinho do Porto Ruby,Velhotes,"garrafa de 0,75 l","6,65 €/L","6,65 €/L"
Iogurte sólido sem lactose morango,Mimosa,Embalagem de 480g,"2,59 €","5,40 €/Kg"
Queijo de Ovelha Barrado,Seia,1 un = 400 g (aprox.),"9,99 €","22,20 €/Kg"
Leite de pastagem magro,Terra Nostra,Embalagem de 1 l,"0,81 €","0,81 €/L"
"Escova de cabelo, Pontas Nylon Premium",Labell,Uma unidade,"2,45 €","2,45 €/Unidade"
Lixívia Denso-Activa Harmonias Florais p/ Casa e Rou...,Neoblanc,Embalagem de 2 l,"1,74 €","0,35 €/L"
Gomas tropifrutti,Haribo,Embalagem de 100g,"0,99 €","9,90 €/Kg"
Iogurte corpos danone aroma morango,Danone,Embalagem de 4 x 120 g,"0,99 €","1,32 €/Kg"
Queijo de cabra curado,PorSi,Embalagem de 2x100 g,"1,89 €","10,50 €/Kg"
Lambrusco bianco,*,Garrafa de 750 ml,"2,29 €","3,05 €/L"
Iogurte líquido danonino morango,Danone,Embalagem de 4 x 100 g,"1,05 €","1,86 €/L"
Caixa hermética Redonda 0.55 lt,Domédia,1 unidade,"1,11 €","1,11 €/Unidade"
Maracujá Roxo,Fruta da Época,1 un = 250 gr  (aprox.),"2,29 €/Kg","2,29 €/Kg"
Fermento padeiro 44g condi,Condi,Embalagem de 40g,"0,68 €","13,60 €/Kg"
Couve coração bio,PorSi Bio,400 g (aprox.),"1,69 €","1,69 €/Kg"
Água mineral sem gás,Serra de Fafe,Embalagem de 6x0.5l,"0,63 €","0,13 €/L"
Néctar clássico tutti-frutti,Compal,330 ml,"0,99 €","0,99 €/L"
Pato com Miúdos Programa Origens,PorSi,"Vendido ao peso, 1 un=2.250 Kg (aprox.)","1,22 €","3,48 €/Kg"
Bandas de Cera Depilatória Facial,Veet,Embalagem de 20 unidades,"6,99 €","6,99 €/Unidade"
"Pensos incontinência, Media active men, 10 unidades",Labell Men,1 embalagem,"2,49 €","2,49 €/Unidade"
Iogurte natural magro sem lactose,Mimosa,Embalagem de 4x 120 g,"0,99 €","1,32 €/Kg"
Refeição caseira almôndegas,Nobre,Embalagem de 420g,"2,99 €","11,96 €/Kg"
Receita caseira de bolonhesa,Nobre,Embalagem de 420g,"2,99 €","11,96 €/Kg"
Feijão preto 4/4,Compal,Lata de 850g,"1,79 €","2,29 €/Kg"
Sortido bolacha princesa,Vieira,Embalagem de 400g,"6,83 €/Kg","6,83 €/Kg"
Danonino queijinho polpa banana/morango/pêssego,Danone,Embalagem de 6 x 50 g,"1,05 €","1,86 €/L"
"Iogurte batido natural, biológico",Mimosa,Embalagem de 460g,"2,99 €","5,98 €/Kg"
"Bracito trufa de chocolate, 4 unidades",Dulcesol,Embalagem de 240g,"2,05 €","5,13 €/Kg"
Laranja,Programa Origens,1 un = 180 gr (aprox.),"0,25 €","2,49 €/Kg"
"Espuma barbear, mach3 Suave",Gillette,Embalagem de 250 ml,"1,16 €","4,64 €/L"
Iogurte líquido laranja,Danone,Embalagem de 6 x 100 g,"4,15 €/Kg","4,15 €/Kg"
Resguardo para bebé,PorSi,Dim.: 60 x 60 cm,"4,99 €","4,99 €/Unidade"
Ketchup top down,Calve,Embalagem de 550g,"0,70 €","2,33 €/Kg"
Caçarola Alumínio Anti-Aderente 20Cm,PorSi,1 unidade,"9,99 €","9,99 €/Unidade"
Ravioli de Queijo Cabra e Cebola Caramelizada 250G,Rana,1 Embalagem,"0,99 €","4,30 €/Kg"
Polpa tomate biológico,Guloso,Embalagem de 500g,"1,95 €/Kg","1,95 €/Kg"
Cartucho com gás CP-250,Campingaz,1 unidade,"4,99 €","4,99 €/Unidade"
Chá verde 20 saquetas,Lipton,Embalagem de 32g,"40,31 €/Kg","40,31 €/Kg"
Espargos Verdes,Legumes do Dia,embalagem com 250g,"3,49 €","13,96 €/Kg"
Creme vegetal para culinária,PorSi,Embalagem de 250g,"1,45 €","7,25 €/L"
Vinho Regional Lisboa Reserva Branco,Marginal,Garrafa de 0.75 l,"3,99 €","5,32 €/L"
Toalha em rolo papel branco,PorSi,1 Unidade,"13,99 €","13,99 €/Unidade"
Toalhita Azul,Dodot,Embalagem c/ Tampa | 64 un.,"1,09 €/Unidade","1,09 €/Unidade"
"Cobertura tipo chantilly, 2x38g",PorSi,Embalagem de 80g,"1,29 €","3,23 €/Kg"
Caramelos de nata,PorSi,Embalagem de 250g,"2,89 €","11,56 €/Kg"
Vinho DOC Bairrada Branco,Marquês de Marialva,Garrafa de 0.75 l,"2,92 €/L","2,92 €/L"
Flakes,Cuetara,Embalagem de 500g,"5,07 €/Kg","5,07 €/Kg"
Lentilhas verdes,Cemporcent,Embalagem de 500g,"1,19 €","2,38 €/Kg"
Caramelo líquido,PorSi,Embalagem de 400g,"1,29 €","3,23 €/Kg"
Chouriço corrente,PorSi,Embalagem de 200 g,"1,22 €","6,78 €/Kg"
Iogurte pedaços frutas variadas,PorSi,Embalagem de 16 x 125 g,"4,36 €","2,18 €/Kg"
Bebida de noz,Shoyce,Embalagem de 1 l,"2,99 €","7,48 €/L"
"Cera acrílica, madeira",PorSi,Embalagem de 750 ml,"0,99 €","0,99 €/L"
Anti-traça lavanda,Raid,2 unidades,"4,39 €","4,39 €/Unidade"
Creme para barrar,Nutella,Embalagem de 200 g,"4,29 €","12,62 €/Kg"
Sumos/ gás morango,Sunny d,"Garrafa de 1,25 l","1,09 €","3,52 €/L"
Queijo creme de salmão,Philadelph,Embalagem de 150g,"2,09 €","16,72 €/Kg"
Cerveja c/ álcool,Heineken,"Embalagem de 6x0,25 l","1,99 €/L","1,99 €/L"
Leite desmaquilhante para peles secas,Labell,Embalagem de 250 ml,"1,25 €","5,00 €/L"
Azeite virgem extra seleção ouro,Oliveira da Serra,Garrafa de 750 ml,"3,19 €","4,25 €/L"
Ketchup picante,Heinz,460 g,"0,70 €","2,33 €/Kg"
Bolacha infantil dinossaurus mini dino cereais,Artiach,Embalagem de 120g,"1,95 €","16,25 €/Kg"
Mistura solúvel brasa,Nestle,Embalagem de 200g,"1,69 €","6,76 €/Kg"
Cereais golden e crispy,PorSi,Embalagem de 375 g,"5,07 €/Kg","5,07 €/Kg"
Iogurte natural magro sem lactose,Mimosa,Embalagem de 4x 120 g,"0,65 €","1,30 €/Kg"
Cuecas Incontinência Maxi Grande,Lindor,Embalagem com 14 un.,"9,99 €","9,99 €/Unidade"
Mopa com 8 panos jack junior,Swiffer,1 unidade,"0,89 €","0,89 €/Unidade"
Sopa de legumes,PorSi,Embalagem de 900 g,"1,99 €","2,49 €/Kg"
Bolachas mini prince recheadas com chocolate,PRINCE,Embalagem de 160 g,"1,95 €","16,25 €/Kg"
Queijo de cabra curado rolo,PorSi,Embalagem de 180 g,"1,89 €","10,50 €/Kg"
Bolacha diet nature 5 cereais,Gullon,Embalagem de 220g,"2,82 €","9,40 €/Kg"
Spray de limpeza multiusos free & clear,Seventh Generation,Embalagem de 500 ml,"3,99 €","7,98 €/L"
Special k aveia mel,Kellogg's,Embalagem de 420g,"1,49 €","2,98 €/Kg"
Uva Branca sem grainha,Fruta do Dia,Embalagem de 500 g,"4,98 €","1,99 €/Kg"
Discoveries cappuccino,STARBUCKS,Embalagem de 220 ml,"3,19 €","25,52 €/Kg"
Iogurte para bebé frutas variadas,Nestle,Embalagem de 4 x 100 g,"2,99 €","7,48 €/Kg"
"Galo de borracha, 24cm",Anivite,1 unidade,"3,85 €","3,85 €/Unidade"
"Vinho Bairrada, Tinto",Selecção de Enófilos,Garrafa de 0.75 l,"2,92 €/L","2,92 €/L"
Queijo de vaca curado amanteigado,PorSi,+/- 550 g,"6,49 €","25,45 €/Kg"
Bijou mini original,Baci,Embalagem de 150 g,"31,40 €/Kg","31,40 €/Kg"
Milho para pipocas,Globo,Embalagem de 400g,"0,79 €","7,90 €/Kg"
Néctar de laranja do algarve,Compal,Garrafa de 200 ml,"0,99 €","0,99 €/L"
Cubos pão trigo tostado,PorSi,Embalagem de 150g,"2,49 €","7,11 €/Kg"
Tablete de chocolate de leite,PorSi Select,Embalagem de 200g,"0,53 €","5,30 €/Kg"
Pilha alcalina classic lr03x8,Domédia,1 unidade,"1,99 €","1,99 €/Unidade"
Água s/ gás,Luso,"Garrafa de 0,75 l","0,63 €","0,13 €/L"
Creme vegetal sabor manteiga,PorSi,Embalagem de 500 g,"1,45 €","7,25 €/L"
Cerveja c/ álcool,Super Bock,pack 24 x 0.33 l,"1,99 €/L","1,99 €/L"
Absorvente de odores marine,Brise,Embalagem de 300 ml,"16,63 €/L","16,63 €/L"
Bolacha dourada dietnature,Gullon,Embalagem de 330g,"1,69 €","2,11 €/Kg"
Vinho regional lisboa reserva tinto,Marginal,Garrafa de 0.75 l,"3,99 €","5,32 €/L"
Esparregado de espinafres sem lactose,PorSi Viva Bem,Embalagem de 360 g,"2,49 €","11,53 €/Kg"
Biberão evolutivo azul,Pommette,Capacidade para 330 ml,"5,99 €","5,99 €/Unidade"
Ovos classe l,PorSi,6 unidades,"1,39 €","1,39 €/Unidade"
Farinha para bolos super fina,B.neve,Embalagem de 1 kg,"2,65 €","6,63 €/Kg"
20 saquetas infusão de lúcia lima,Lipton,Embalagem de 30g,"40,31 €/Kg","40,31 €/Kg"
Gressinos com sésamo,PorSi,Embalagem de 250 g,"2,49 €","7,11 €/Kg"
Aguardente bagaceira,Dinastia,"Garrafa de 0,70 l","12,79 €","18,27 €/L"
Tomates Cocktail Românticos Biológicos,PorSi Bio,Emb.: ± 200 g,"1,89 €","9,45 €/Kg"
Vinho verde branco,3 marias,Garrafa de 1 l,"3,19 €","3,19 €/L"
Ambientador Arbre Coco,Arbre Magique,3 unidade,"2,89 €","2,89 €/Unidade"
Café 5 estrelas grão,Sical,Embalagem de 1 kg,"9,16 €/Kg","9,16 €/Kg"
Cereais chooks,Nacional,Embalagem de 300g,"5,07 €/Kg","5,07 €/Kg"
Farinha de amêndoa bio,PorSi Bio,Embalagem de 200 g,"1,79 €","8,95 €/Kg"
Especialidade de soja frutos vermelhos,SojaSun,Embalagem de 4 x 100 g,"4,58 €/Kg","4,58 €/Kg"
Cereais crunch 375g,Nestle,Embalagem de 380g,"5,07 €/Kg","5,07 €/Kg"
"Hamburguers de vaca, 4x80g",PorSi,Embalagem de 320 g,"2,79 €","8,72 €/Kg"
Ananás em rodelas lata,PorSi,Embalagem de 820g,"1,99 €","2,37 €/Kg"
21 bombons de chocolate,F.prestige,Embalagem de 250g,"31,40 €/Kg","31,40 €/Kg"
Sumo 100% laranja,Compal,1 litro,"1,69 €","1,69 €/L"
Princesas do mar,PorSi,Embalagem de 255 g,"2,19 €","8,59 €/Kg"
Rolo de Cozinha Branco Eco Compacto,PorSi,2 = 6 Rolos,"4,99 €","4,99 €/Unidade"
Máscara tesouros de mel,Garnier,Embalagem de 300 ml,"1,00 €","5,00 €/L"
Queijo mozzarella fresca,Galbani,Embalagem de 125 g,"1,65 €","6,60 €/Kg"
Croissant simples,PorSi,Embalagem de 400g,"2,05 €","5,13 €/Kg"
Iogurte Activia aveia e avelã,Danone,Embalagem de 4 x 120g,"2,49 €","5,19 €/Kg"
Croissant recheado de cacau/avelã,PorSi,Embalagem de 315g,"2,05 €","5,13 €/Kg"
"Escova dentífrica infantil, minions, + 6 anos",Colgate,1 + 1 unidade grátis,"0,99 €","0,99 €/Unidade"
5 manhãzitos choco chips,Manhazitos,Embalagem de 175 g,"2,59 €","7,40 €/Kg"
Pastilhas descafeinado,Delta,Embalagem de 110g,"54,36 €/Kg","54,36 €/Kg"
Bicicleta,Dino,"roda 12""","49,99 €/Unidade","49,99 €/Unidade"
Nêspera,Fruta da Época,1 un = 250 gr  (aprox.),"2,00 €","7,99 €/Kg"
Rolo de Carne com Farinheira,Novilho,1 un = 500 gr (aprox.),"6,29 €","15,73 €/Kg"
Salted caramel,Haagen daz,Embalagem de 460 ml,"6,79 €","14,76 €/L"
"Cera liquida, lava e encera",PorSi,Embalagem de 750 ml,"1,49 €","1,99 €/L"
Coentros,Iglo,Embalagem de 40g,"0,99 €","24,75 €/Kg"
Copo de porcelana com tampa,Item,Cap.: 360 ml,"7,49 €/Unidade","7,49 €/Unidade"
Bolacha maria ruca doses,Vieira,Embalagem de 300g,"1,95 €","16,25 €/Kg"
Queijo flamengo barra,PorSi,"Vendido ao peso, fatiado a partir de 100 gr","1,56 €","7,80 €/Kg"
Queijo ilha ralado,PorSi,Embalagem de 200g,"1,49 €","7,45 €/Kg"
Lula limpa,Pescanova,Embalagem de 450g,"9,59 €","11,99 €/Kg"
Café nyeri quénia moagem universal,Sical,Embalagem de 220g,"9,76 €/Kg","9,76 €/Kg"
Lombo de Porco,Porco,,"6,29 €","15,73 €/Kg"
Biscoitos rosegones,Dulcesol,Embalagem de 130g,"0,69 €","3,45 €/Kg"
Chocolate Branco e Óreo,Milka,Embalagem de 100g,"1,19 €","11,90 €/Kg"
Água mineral sem gás,Serra de Fafe,"Embalagem de 6x0,33 l","0,63 €","0,13 €/L"
Líquido p/ Radiador Verde 10% Concentração,Arbo,Embalagem de 5 l,"3,99 €","0,80 €/L"
Camarão moçambique 30/40,PorSi,800 g,"4,99 €","19,96 €/Kg"
Anti-embaciante,PorSi,Embalagem de 250 ml,"3,99 €","0,80 €/L"
Açúcar demerara,Rar,Embalagem de 500 g,"1,49 €","1,49 €/Kg"
Coco Seco,Fruta do Dia,1 un= 500 gr (aprox.),"2,29 €/Kg","2,29 €/Kg"
Alperce,Fruta do Dia,Vendido a partir de 250 gr,"0,87 €","3,49 €/Kg"
Snack cão dentafresh pequeno,Pedigree,Embalagem de 110 g,"0,94 €","5,22 €/Kg"
"Inseticida líquido, elétrico, apa",Raid,Embalagem de 21 ml,"6,49 €","6,49 €/Unidade"
"Vinho bairrada, reserva, tinto",Selecção de Enófilos,Garrafa de 0.75 l,"2,92 €/L","2,92 €/L"
Mortadela mini,PorSi,Embalagem de 350g,"1,95 €","5,57 €/Kg"
Pérolas de perfume unstoppables fresh,Lenor,Embalagem de 210g,"10,99 €","52,33 €/Kg"
Queijo Flamengo em Barra,Terra Nostra,1 un = 150 gr (aprox.),"1,56 €","7,80 €/Kg"
Amora,PorSi,Embalagem com 125g,"0,50 €","1,99 €/Kg"
Gel Banho Care&Orange,Nivea,Embalagem de 500 ml,"4,99 €","9,98 €/L"
Coleira simples 20x440mm,Anivite,1 unidade,"3,99 €","3,99 €/Unidade"
Batatas mediterrâneas originais,Lay's,Embalagem de 150g,"1,06 €","5,73 €/Kg"
Iogurte Skyr Morango 0% Matéria Gorda S/ Glúten,Margui,150 g,"5,97 €/Kg","5,97 €/Kg"
Sopa da pedra,PorSi,Embalagem de 420 g,"2,99 €","11,96 €/Kg"
"Bloco sanitário power 5, ocean",Domestos,Embalagem de 1 unidades,"2,99 €","74,75 €/Kg"
Estendal Roupa Aço com Abas,Sonecol,Dim.: 18 m,"0,89 €","0,89 €/Unidade"
Sopa de agrião,PorSi,800 g,"1,99 €","2,49 €/Kg"
Pizza carbonara,Campofrio,Embalagem de 360g,"0,99 €","4,30 €/Kg"
Tostas de trigo,PorSi,Embalagem 225G,"2,49 €","7,11 €/Kg"
Toalha de mãos,PorSi,50 x 100 cm,"29,99 €","29,99 €/Unidade"
Café em cápsulas dolce gusto ardenza,Nescafe,Embalagem de 110g,"54,36 €/Kg","54,36 €/Kg"
Toucinho do céu,PorSi,Embalagem de 2x100 g,"0,56 €","2,80 €/Kg"
Tablete de chocolate de preto,Nestle,Embalagem de 90g,"0,99 €","4,95 €/Kg"
Gomas spaghetti pica morango,Haribo,Embalagem de 80g,"0,99 €","9,90 €/Kg"
Vinho verde branco alvarinho,Qm,Garrafa de 0.75 l,"3,19 €","3,19 €/L"
Piri piri,Calve,Garrafa de 50 ml,"0,70 €","2,33 €/Kg"
Sal marinho integral,Cemporcent,Embalagem de 1 kg,"0,79 €","0,79 €/Kg"
Limpa vidros cristal recarga,Ajax,Embalagem de 500 ml,"3,29 €","6,58 €/L"
Iogurte sólido aroma sabor a morango ananás banana,Mimosa,Embalagem de 8 x 120 g,"2,59 €","5,40 €/Kg"
Leite 0% lactose meio gordo,Ucal,Embalagem de 1 litro,"2,19 €","2,19 €/L"
"Osso de presunto grande, blist",Bribon,1 unidade,"0,94 €","5,22 €/Kg"
Cereais cruesli frutos secos,Quaker,Embalagem de 380g,"2,29 €","6,11 €/Kg"
Feijão com dobrada,PorSi,Embalagem de 420 g,"2,99 €","11,96 €/Kg"
Tablete triple caramelo,Milka,Embalagem de 90g,"0,53 €","5,30 €/Kg"
"Elásticos grandes coloridos, pack de 20 unidades",Domédia,1 embalagem,"2,19 €","109,50 €/L"
Caderno Agrafado Capa Preta |A5 Pautado,Domédia,1 unidade,"3,79 €","3,79 €/Unidade"
Iogurte magro 0% pedaços de frutas,Páturages,Embalagem de 12X125G,"4,36 €","2,18 €/Kg"
Pão com Cereais 125 g,Pão do Dia,,"0,19 €","2,71 €/Kg"
Queijo Flamengo Fatias,PorSi,Embalagem 500G,"1,56 €","7,80 €/Kg"
Espumante sem álcool para crianças,Look,Garrafa de 750 ml,"0,79 €","0,40 €/L"
Queijo Ralado Mozzarella,Galbani,Embalagem de 150 g,"1,49 €","7,45 €/Kg"
Mel em frasco de vidro,Jorge v.f.,Embalagem de 500g,"4,99 €","9,98 €/Kg"
Desentupidor de fole com cabo,PorSi,1 unidade,"2,50 €","2,50 €/Unidade"
Queijo ilha ralado,Valformoso,Embalagem de 150g,"1,49 €","7,45 €/Kg"
Salsa em vaso,Aroma viva,Embalagem de 1 unidades,"1,15 €","38,33 €/Kg"
Batata frita camponesa,PorSi,Embalagem de 175 g,"1,19 €","6,43 €/Kg"
Molho de whisky cocktail,Calve,Garrafa de 250 ml,"0,70 €","2,33 €/Kg"
Farinha integral,ESPIGA,Embalagem de 500g,"2,65 €","6,63 €/Kg"
Hortelã,Vitacress,embalagem de 40 g,"1,15 €","38,33 €/Kg"
Bolacha cracker integral,Cuetara,Embalagem de 200g,"0,39 €","3,12 €/Kg"
Bolachas de água e sal,PorSi,Embalagem de 125g,"0,39 €","3,12 €/Kg"
Milho doce,Bonduelle,Embalagem de 150 g,"1,79 €","2,29 €/Kg"
Pensos Higiénicos Cottonlike Super Com Abas,Evax,12 unidades,"4,99 €","4,99 €/Unidade"
Farinha láctea,PorSi,Embalagem de 1 kg,"4,49 €","4,49 €/Kg"
Fatia de salame de chocolate,PorSi,Embalagem 60G,"2,05 €","5,13 €/Kg"
Queijo brie,Coeur de Lion,Embalagem de 200 gr,"1,49 €","7,45 €/Kg"
Moscatel de setúbal,Adega de Palmela,Garrafa de 750 ml,"5,99 €","7,99 €/L"
Batatas Pré-fritas Rosti com Cebola,PorSi,Embalagem com 600 g,"1,49 €","2,48 €/Kg"
Chouriço fatiado,Campofrio,Embalagem de 80g,"1,22 €","6,78 €/Kg"
Barra s.k chocolate 6x21.5g,Kellogg's,Embalagem de 6X21.5G,"3,49 €","27,05 €/Kg"
Fiambre da Perna Extra,Nobre,1 un = 150 gr (aprox.),"0,97 €","6,49 €/Kg"
Ice tea limão,Lipton,Embalagem de 1L,"1,09 €","0,91 €/L"
Sumo delight florida,Sunny d,"Embalagem de 0,5 l","1,09 €","3,52 €/L"
Guardanapos brancos folha tripla 33x33 cm,PorSi,70 unidades,"1,29 €","1,29 €/Unidade"
"Maionese, frasco",Hellmman's,Embalagem de 420g,"0,70 €","2,33 €/Kg"
"Sabonete dermo, com um 1/4 de creme hidratante",Labell,Embalagem de 100 g,"4,49 €","12,47 €/Kg"
Creme de cenoura,PorSi,800 g,"1,99 €","2,49 €/Kg"
Skinny latte sem açúcar e sem lactose,STARBUCKS,embalagem de 220 ml,"3,19 €","25,52 €/Kg"
Arroz Risotto,PorSi,Embalagem de 1 kg,"0,99 €","0,99 €/Kg"
Gomas de tubarões com brilho,Fini,Embalagem de 100g,"0,99 €","9,90 €/Kg"
Rolinhos waffletten milk,Bahlsen,Embalagem de 100g,"16,40 €/Kg","16,40 €/Kg"
Pão caseiro sem glúten,Schar,Embalagem de 240g,"4,29 €","17,88 €/Kg"
Mauzão,Concentra,Uma unidade,"31,99 €/Unidade","31,99 €/Unidade"
Iogurte mix-in nesquik,Nestle,Embalagem de 2 x 115 g,"1,05 €","1,86 €/L"
Farinha trigo sem fermento,ESPIGA,Embalagem de 5 kg,"2,65 €","6,63 €/Kg"
Refresco em pó de morango,Tang,Embalagem de 30g,"0,75 €","18,75 €/Kg"
"Fraldas Dry Fit,16-30kg - Tamanho 6",Chicco,Embalagem de 14 unidades,"13,29 €/Unidade","13,29 €/Unidade"
Queijo crema angulo aperitivos provenzales,B.de arias,Embalagem de 100g,"3,45 €","34,50 €/Kg"
Fígado,Novilho,1 un = 100 gr (aprox.),"0,60 €","5,99 €/Kg"
"Cera cabelo, Paste Urban",Axe,Embalagem de 130 ml,"4,19 €","16,76 €/L"
Iogurte líquido yoggi cremoso pêssego/manga,Nestle,Embalagem de 4 x 160 g,"1,17 €","1,83 €/Kg"
Ambientador vela citronela,PorSi,1 unidade,"34,81 €/Kg","34,81 €/Kg"
Cheeseburger de frango,Snock,Embalagem de 100 g,"3,39 €","21,19 €/Kg"
"Adesivo suave, pele sensivel",Hansaplast,1 unidade,"3,99 €","3,99 €/Unidade"
Cogumelos laminados,Ferbar,Embalagem de 290g,"1,79 €","2,29 €/Kg"
Chocolate culinário em pó,Pantagruel,Embalagem de 130g,"1,08 €","8,64 €/Kg"
Saqueta puré de fruta e aveia,PorSi,Embalagem de 90g,"0,74 €","8,22 €/Kg"
Fósforos longos,Quinas,Embalagem com 3 unidades,"1,39 €","1,39 €/Unidade"
"Tampão com aplicador compak, normal, 16 unidades",O.B.,1 embalagem,"3,99 €","3,99 €/Unidade"
Alimento para cão junior,HappyOne,Embalagem de 10 kg,"22,99 €","1,15 €/Kg"
Creme bio mãos e unhas,Labell Bio,75 ml,"2,79 €","13,95 €/L"
Desinfetante em gel p/ wc,Cif,Garrafa de 750 ml,"2,59 €","3,45 €/L"
"Linguíca, 4 unidades",PorSi,Embalagem de 180 g,"1,22 €","6,78 €/Kg"
Copos Brancos 200ml,Progelcone,1 Embalagem com 50 uni.,"0,99 €","0,99 €/Unidade"
Dentifríco 2 em 1 original,Theramed,Embalagem de 75 ml,"0,89 €","11,87 €/L"
Penso de incontinência maxi,Ausonia Discreet,Embalagem de 8 un.,"2,49 €","2,49 €/Unidade"
Cueca Incontinência Boutique Plus M,Ausonia Discreet,Embalagem de 9 Un.,"9,99 €","9,99 €/Unidade"
Snack gato frango/queijo,PorSi,Embalagem de 60g,"0,99 €","16,50 €/Kg"
Tira gorduras pistola,Mistolin,Garrafa de 550 ml,"2,99 €","5,44 €/L"
Couve Roxa,Programa Origens,1 un = 1 kg (aprox.),"1,69 €","1,69 €/Kg"
Cerveja 0.0%,Sagres,Pack 4 x 0.33 l,"5,99 €","3,03 €/L"
Infusão nº 10 colestrol,Cemporcent,Embalagem de 10 unidades,"0,99 €","76,15 €/Kg"
Yofu de soja natural,Alpro,Embalagem de 4x125 g,"4,58 €/Kg","4,58 €/Kg"
Gengibre,Legumes do Dia,1 un = 100 gr (aprox.),"3,49 €","13,96 €/Kg"
Palmilha recortável antiodor,Sonaf,1 unidade,"2,99 €","2,99 €/Unidade"
Coentros,Vitacress,embalagem de 40 g,"1,15 €","38,33 €/Kg"
Kiki max menu para canários,Kiki,Embalagem de 500g,"2,59 €","5,18 €/Kg"
"Alimento seco para gato adulto, atum",Whiskas,"Embalagem de 3,8 kg","12,99 €","4,33 €/Kg"
Milho partido,Rac.zezere,Embalagem de 5 kg,"2,59 €","5,18 €/Kg"
Tablete de chocolate,Chabrior,Embalagem de 250 g,"0,79 €","5,27 €/Kg"
"Cera de depilação oriental, pote",Labell,Embalagem de 250 ml,"6,99 €","6,99 €/Unidade"
Licor de anis,On Off,"Garrafa de 0,70 l","16,99 €","24,27 €/L"
Cápsulas de café com leite cappuccino,Nescafe,Embalagem com 16 cápsulas,"3,19 €","25,52 €/Kg"
Renovador Camurça em Spray Preto,Búfalo,Embalagem de 250 ml,"3,85 €","3,85 €/Unidade"
Ambientador recarga bouquet,Air Wick,Garrafa de 250 ml,"11,98 €","11,98 €/Unidade"
Batata frita forno originais,Lay's,Embalagem de 150g,"0,87 €","5,44 €/Kg"
"Salsichas hot dog, frasco",Izidoro,Embalagem de 240g,"0,75 €","3,75 €/Kg"
Insecticida recarga,Biokill,Embalagem de 375 ml,"5,09 €","8,48 €/L"
"Água com gás, sabor limão",PorSi,"Embalagem de 6x0,25 l","2,95 €","2,95 €/L"
Lombos de bacalhau 4 meses de cura,Riberalves,Embalagem de 550 g,"11,49 €","14,36 €/Kg"
Bolacha integral doce,Vieira,Embalagem de 180g,"0,98 €","3,27 €/Kg"
Fermento de padeiro em pó,Fermipan,Embalagem de 4x11 g,"0,68 €","13,60 €/Kg"
Sopa tailandesa,Knorr,embalagem com 69 g,"2,25 €","32,14 €/Kg"
Leite de cabra uht meio gordo,President,Embalagem 1L,"0,81 €","0,81 €/L"
Açúcar fino,Rar,Embalagem de 1000 g,"1,49 €","1,49 €/Kg"
Patê de marisco,Fides,Embalagem de 90g,"1,19 €","13,52 €/Kg"
Forra Multiusos P/ Vassoura,Fapil,1 un.,"2,20 €","2,20 €/Unidade"
Leite especial crescimento +3 anos,Mimosa,Garrafa de 1 l,"0,26 €","1,30 €/L"
"Fraldas bebé t6, 17-28 k, 18 unidades",Dodot,1 embalagem,"13,29 €/Unidade","13,29 €/Unidade"
"Escova de cabelo, pneumática nylon",Labell,Embalagem com 1 unidade,"2,45 €","2,45 €/Unidade"
Mistura Tomates Cereja Biológicos,PorSi Bio,Emb.: ± 200 g,"1,89 €","9,45 €/Kg"
Iogurte líquido magro frutos vermelhos,PorSi Viva Bem,Embalagem de 4x160 ml,"1,17 €","1,83 €/Kg"
Limpador,Pronto,Embalagem de 750 ml,"0,99 €","0,99 €/L"
Iogurte líquido magro frutos vermelhos,PorSi Viva Bem,Embalagem de 4x160 ml,"1,19 €","1,86 €/L"
"Vinho tinto doc dão, reserva",Cabriz,Garrafa de 0.75 l,"3,99 €","5,32 €/L"
Ambientador vela baunilha,PorSi,1 unidade,"34,81 €/Kg","34,81 €/Kg"
Snack para gato de salmão e queijo,Catisfactions,Embalagem de 60g,"0,99 €","16,50 €/Kg"
Gomas cinema mix,Fini,Embalagem 100G,"0,99 €","9,90 €/Kg"
Queijo fundido original,Président,Embalagem de 250 g,"2,09 €","16,72 €/Kg"
Molho de soja com dispenser,KIKKOMAN,Garrafa de 150 ml,"3,99 €","26,60 €/L"
Cevada solúvel,PorSi,Embalagem de 200g,"1,69 €","6,76 €/Kg"
Rolo de Cozinha Multi,Renova,4 Rolos,"4,99 €","4,99 €/Unidade"
Limpa fornos normal,Mr.muscle,Embalagem de 300 ml,"2,99 €/L","2,99 €/L"
Iogurte Oikos de Ananás,Danone,Embalagem de 4x110g,"1,99 €","4,15 €/Kg"
Tagliatelle a carbonara 350g,Tuttipasta,Embalagem de 350G,"2,99 €","8,54 €/Kg"
Aguardente bagaceira,S.domingos,Garrafa de 1 l,"12,79 €","18,27 €/L"
Batata frita mediterrâneas,Lay's,Embalagem de 160g,"1,19 €","6,43 €/Kg"
Pão forma sem côdea,PorSi,Embalagem de 450g,"0,99 €","1,65 €/Kg"
Rebuçados mini café,PorSi,Embalagem de 200g,"1,65 €","6,60 €/Kg"
"Gelado familiar, baunilha/chocolate",Olá,"Embalagem de 1,8 l","6,79 €","14,76 €/L"
Cereais clusters de chocolate,Nestle,Embalagem de 380g,"3,49 €","27,05 €/Kg"
Snack para gato crispies salmão e truta,Felix,Embalagem de 50g,"0,99 €","16,50 €/Kg"
Sobremesa de Arroz Doce,PorSi,Embalagem 2X135G,"0,56 €","2,80 €/Kg"
"Escova dentes, rotativa global, dura, 2 unidades",Labell,1 embalagem,"3,99 €","3,99 €/Unidade"
Açucar granulado,PorSi,Embalagem de 1 kg,"1,49 €","1,49 €/Kg"
Óleo Performa 15W40,Galp,Embalagem de 1 l,"14,99 €","14,99 €/L"
Salada Ibérica Programa Origens,PorSi,Embalagem de 150 g,"1,19 €","11,90 €/Kg"
"Livro ""Histórias Fantásticas com Unicórnios""",Girassol,1 unidade,"3,79 €/Unidade","3,79 €/Unidade"
Ovos Frescos Classe M,PorSi,24 unidades,"1,39 €","1,39 €/Unidade"
Salsicha Fresca,Porco,1 un = 100 gr (aprox.),"0,35 €","6,99 €/Kg"
Iogurte activia cereais integrais,Danone,Embalagem de 4 x 120 g,"2,49 €","5,19 €/Kg"
Iogurte liquido proteína yopro morango/framboesa,Yopro,300 g,"1,17 €","1,83 €/Kg"
Fruta pura frutos variados,Bledina,Embalagem de 4 x 100 g,"0,74 €","8,22 €/Kg"
Óleo Alimentar,Frita +,Embalagem de 1 l,"3,49 €","3,49 €/L"
Salsichas de porco em lata,PorSi,Embalagem de 200g,"0,75 €","3,75 €/Kg"
Toucinho fumado extra,PorSi,Embalagem de 200 g,"3,39 €","22,60 €/Kg"
Queijo curado -30% gordura,Casteloes,500 g,"6,49 €","25,45 €/Kg"
Detergente máquina roupa em gel universal,Persil,Embalagem de 42 doses,"8,59 €","2,00 €/L"
Chocolate kit kat,Kit kat,Embalagem de 130g,"16,40 €/Kg","16,40 €/Kg"
Bebida solúvel cereais+fibra frasco 200g,Delta,Embalagem de 200g,"1,45 €","14,50 €/Kg"
Rum 3 anos havan club (40º),Havana,Garrafa de 700 ml,"17,49 €","24,99 €/L"
Açúcar branco em saquetas,Rar,Embalagem com 170 saquetas,"1,49 €","1,49 €/Kg"
Travessa com naperon 45x36cm,PorSi,1 unidade,"0,99 €","0,99 €/Unidade"
Bolacha maria junior doces,Vieira,Embalagem de 280g,"1,69 €","2,11 €/Kg"
Amendoim pedaços,Cemporcent,Embalagem de 510g,"3,99 €","7,82 €/Kg"
10 cápsulas café qanela,Delta Q,Embalagem de 60g,"54,36 €/Kg","54,36 €/Kg"
Laboratório Mecânica Mars Rover,Clementoni,1 unidade,"16,99 €/Unidade","16,99 €/Unidade"
"Escova dentes, slim soft, média",Colgate,1 unidade,"3,99 €","3,99 €/Unidade"
Sangria,Casal Garcia,Garrafa de 750 ml,"6,99 €","1,40 €/L"
Leite condensado magro cozido,Nestle,Embalagem de 390g,"1,09 €","2,75 €/Kg"
Bolacha Maria sem lactose,PorSi Viva Bem,Embalagem de 200 g,"2,49 €","11,53 €/Kg"
"Tampão com aplicador, normal, compak, 20 unidades",Labell,1 embalagem,"3,99 €","3,99 €/Unidade"
Nata uht para culinária,Parmalat,Embalagem de 200 ml,"1,14 €","5,70 €/L"
Preparado em pó para pudim flan,El mandari,Embalagem de 19.2 g,"1,69 €","8,45 €/L"
"Salsichas wiennerwurt em frasco, 6 un",Nobre,Embalagem de 250g,"0,75 €","3,75 €/Kg"
Vinho Vinha da Fonte Setúbal tinto,Casa Ermelinda Freitas,Garrafa de 0.75 l,"8,59 €","11,45 €/L"
"Escova de dentes macia, 7-13 anos",Labell,1 unidade,"0,99 €","0,99 €/Unidade"
20 saquetas infusão maracujá/framboesa,Lipton,Embalagem de 30g,"58,00 €/Kg","58,00 €/Kg"
Coco ralado bio,PorSi Bio,Embalagem de 200 g,"1,79 €","8,95 €/Kg"
Bolachas chiquilin ositos de mel,Artiach,Embalagem de 160g,"1,95 €","16,25 €/Kg"
Tira gorduras recarga,Mistolin,Garrafa de 550 ml,"2,99 €","5,44 €/L"
Azeite virgem  extra clássico,Serrata,Garrafa de 750 ml,"3,19 €","4,25 €/L"
Tosta rica mini go,Cuetara,Embalagem de 240g,"1,95 €","16,25 €/Kg"
Ovos Frescos de Galinhas Criadas ao Ar Livre Classe:...,PorSi Bio,Embalagem com 6 unidades,"2,28 €","2,28 €/Unidade"
Palmilha cortiça com latex t 38/39,Sonaf,1 unidade,"2,99 €","2,99 €/Unidade"
Espremedor,PorSi,1 unidade,"0,89 €","0,89 €/Unidade"
Água s/ gás,S.estrela,"Pack 6 x 0,50 l","0,63 €","0,13 €/L"
Compressas | dim.: 10 x 10 cm,PorSi,Embalagem com 100 unidades,"3,99 €","3,99 €/Unidade"
Refrigerante s/ gás flórida,Sunny d,"Garrafa de 1,25 l","1,09 €","0,91 €/L"
Vinho doc dão branco,Grao vasco,Garrafa de 750 ml,"3,99 €","5,32 €/L"
Toalhitas intimas com aloé vera,Carefree,20 unidades,"2,29 €","2,29 €/Unidade"
Resguardo para mesa,PorSi,Dim.: 140 x 300 cm,"13,99 €","13,99 €/Unidade"
Iogurte natural,Danone,Embalagem de 4 x 120 g,"0,65 €","1,30 €/Kg"
Spray bolor e sujidade,Cillitbang,Garrafa de 500 ml,"3,99 €","7,98 €/L"
Néctar light de laranja prisma,PorSi,Embalagem de 1 l,"0,89 €","2,70 €/L"
"Ovos Frescos, Classe L",Zêzerovo,1 dúzia,"1,39 €","1,39 €/Unidade"
Kit de viagem,Colgate,pasta dentífrica + escova,"2,39 €","31,87 €/L"
Salada mesclum bio,Vitacress,embalagem de 100 g,"1,19 €","11,90 €/Kg"
Creme de feijão c/ espinafres,Sopas Graciete,Garrafa de 400 ml,"1,99 €","2,49 €/Kg"
Café torrado intensa,Nicola,Embalagem de 250 g,"9,16 €/Kg","9,16 €/Kg"
Tarteletes com recheio avelã,PorSi,Embalagem de 91g,"1,39 €","2,78 €/Kg"
Esfregona super completa,Vileda,1 unidade,"0,89 €","0,89 €/Unidade"
Snacks para Cão Markies Mini,Pedigree,Embalagem de 500 g,"0,94 €","5,22 €/Kg"
"Pães para hamburguer com sésamo, 4 unidades",Bimbo,embalagem de 220 g,"0,99 €","1,65 €/Kg"
Agrião de água,Vitacress,Embalagem de 150 g,"1,19 €","11,90 €/Kg"
Estendal de roupa com abas alumínio,PorSi,20 metros,"0,89 €","0,89 €/Unidade"
Côtes-du-Rhône Tinto,Ferraton,0.75 litros,"6,99 €","9,32 €/L"
Pepino,Legumes do Dia,1 un = 300 gr  (aprox.),"1,50 €","4,99 €/Kg"
Detergente máquina lavar roupa tira nódoas,Xau+vanish,102 doses,"8,59 €","2,00 €/L"
Chocolate single 38g,Toff.crisp,Embalagem de 40g,"16,40 €/Kg","16,40 €/Kg"
Escova para limpar camurça,Sonaf,1 unidade,"3,85 €","3,85 €/Unidade"
Posta Tradicional 9 Meses Cura,Riberalves,Embalagem de 550 g,"11,49 €","14,36 €/Kg"
Recargas ambientador elétrico romantic vanilla bloss...,Glade,Embalagem de 2 x 20 ml,"11,98 €","11,98 €/Unidade"
Maçã starking 60/65 categoria II Programa Origens,PorSi,Embalagem de 1.5 kg,"0,26 €","1,99 €/Kg"
Azeitona preta laminada,CANTOLIVA,Embalagem de 360 g,"2,20 €","4,39 €/Kg"
"Café em grão, lote superior",Delta,Embalagem de 1 kg,"9,16 €/Kg","9,16 €/Kg"
Cappuccino café arábica cacau magro em pó,PorSi,250 ml,"3,19 €","25,52 €/Kg"
"Engoma fácil, pistola",PorSi,Embalagem de 750 ml,"10,99 €","52,33 €/Kg"
12 pastéis de bacalhau,PorSi,Embalagem de 300 g,"2,99 €","9,97 €/Kg"
Fruta pura maçã/pera,Bledina,Embalagem de 4 x 100 g,"0,74 €","8,22 €/Kg"
Conjunto de 3 pinceis nº 4/8/12,Domédia,Uma embalagem,"1,79 €","1,79 €/Unidade"
Adoçante com doseador,PorSi,Embalagem 300 comprimidos,"6,21 €","6,21 €/Unidade"
Acetona,PorSi,Embalagem de 60 ml,"1,89 €","9,45 €/L"
Creme abrasivo activo c/ lixívia,Cif,Garrafa de 500 ml,"1,09 €","0,55 €/L"
Anti-humidade,HUMYDRY,1 embalagem,"6,99 €","6,99 €/Unidade"
Queijo fresco sem lactose,Matinal,Embalagem de 216g,"2,39 €","11,06 €/Kg"
Água s/ gás frutos vermelhos,Luso,Garrafa de 1 l,"0,63 €","0,13 €/L"
Alheira,Terras do Demo,Embalagem com 200 g,"1,49 €","7,45 €/Kg"
Café torrado lote chávena máquina,Delta,Embalagem de 250g,"9,16 €/Kg","9,16 €/Kg"
Leite bio meio gordo sem lactose,Asana,1 litro,"0,81 €","0,81 €/L"
Desodorizante roll on dermo invisible,Sanex,Embalagem de 50 ml,"50,80 €/L","50,80 €/L"
Leite com sabor a chocolate proteína,Yopro,Garrafa de 330 ml,"1,99 €","2,49 €/L"
Comida húmida para gato seleção de aves,Gourmet mp,Embalagem de 300g,"2,99 €","7,48 €/Kg"
Bolos cake e chococolate,Milka,Embalagem de 180g,"1,39 €","2,78 €/Kg"
Água sem gás,PorSi,Garrafão de 5 l,"0,63 €","0,13 €/L"
2 toalhas de bidé,PorSi,30 x 50 cm,"29,99 €","29,99 €/Unidade"
Iogurte liquido proteína yopro morango/framboesa,Yopro,300 g,"5,97 €/Kg","5,97 €/Kg"
Rebuçados mel e limão,PorSi,Embalagem de 200g,"0,77 €","3,85 €/Kg"
"Toalhitas intimas, 20 unidades",Labell,Uma embalagem,"2,29 €","2,29 €/Unidade"
Doce light 4 frutos vermelhos,Paquito,Embalagem de 335 g,"1,89 €","5,64 €/Kg"
Fiambre Perna Extra Braseado Finissimas,Nobre,Embalagem de 120g,"0,97 €","6,49 €/Kg"
Água com gás natural,Perrier,Embalagem de 750ml,"2,95 €","2,95 €/L"
"Cereais special k, frutos vermelhos",Kellogg's,Embalagem de 300g,"3,49 €","27,05 €/Kg"
Butter cookies,PorSi,Embalagem de 450g,"0,90 €","6,00 €/Kg"
Buondi extreme cafe moido 12x200g,Buondi,Embalagem de 200g,"9,76 €/Kg","9,76 €/Kg"
Tira gorduras dia a dia,Mistolin,Garrafa de 750 ml,"2,99 €/L","2,99 €/L"
Vinho frisante branco,Lapadas,Garrafa de 750 ml,"2,29 €","3,05 €/L"
1ª papa não lactea milho e arroz sem glúten +4 meses,Cerelac,Embalagem de 250g,"4,49 €","4,49 €/Kg"
Refrigerante c/ gás zero s/ cafeína,Coca-Cola,pack 6 x 0.33 l,"0,79 €","0,40 €/L"
Barras de cereais fitness crunchy & caramelo,Nestle,Embalagem de 140g,"3,49 €","26,85 €/Kg"
Pilha alcalina classic lr20x2,Domédia,1 unidade,"1,99 €","1,99 €/Unidade"
Grão de bico,Caçarola,Embalagem de 500 g,"2,18 €/Kg","2,18 €/Kg"
Bacalhau à Brás,PorSi,Embalagem de 1 kg,"7,89 €/Kg","7,89 €/Kg"
Óleo alimentar,Fula,Embalagem 1L,"3,49 €","3,49 €/L"
Iogurte ananás 000%,PorSi Viva Bem,Embalagem de 4 x 125 g,"4,36 €","2,18 €/Kg"
Iogurte magro + gelatina morango,Mimosa,Embalagem de 4 x 120 g,"0,99 €","1,32 €/Kg"
Belgian chocolate,Haagen daz,Embalagem de 460 ml,"6,79 €","14,76 €/L"
"Óleo de girassol, 3 a's",Fula,Embalagem 1L,"3,49 €","3,49 €/L"
"Toalhitas Higiénicas Adulto, 64unidades",Labell,Uma embalagem,"23,70 €/L","23,70 €/L"
Ambientador eléctrico Relaxing Zen + recarga,Glade,1 unidade,"3,74 €","3,74 €/Unidade"
Rolos de papel multiusos 2 folhas,PorSi,1 unidade,"4,99 €","4,99 €/Unidade"
Tomate triturado,Compal,Embalagem de 500g,"1,95 €/Kg","1,95 €/Kg"
Empadão de carne produto pré-cozinhado ultracongelad...,PorSi,Embalagem de 350g,"3,53 €","8,83 €/Kg"
"Gelatina com stevia, amora",Condi,Embalagem de 2x15 g,"0,55 €","61,11 €/Kg"
Vinho verde branco,MIRANDA,"Garrafa de 0,75 l","3,19 €","3,19 €/L"
Vinho tinto alentejo,ALABASTRO,"Garrafa de 0,75 l","2,89 €","3,85 €/L"
Vinho branco bag-in-box,Capataz,Embalagem de 5 l,"17,99 €","1,80 €/L"
Rúcula Selvagem Programa Origens,PorSi,Embalagem de 100g,"1,19 €","11,90 €/Kg"
Espumante para crianças,Kidibul,750 ml,"19,99 €","26,65 €/L"
"Tesoura de escritório, 17 cm",Domédia,1 unidade,"2,19 €","109,50 €/L"
Sobremesa petit gourmand de chocolate,Páturages,Embalagem 6X60G,"1,05 €","1,86 €/L"
Bolacha de chocolate,Snapy,Embalagem de 250g,"1,69 €","2,11 €/Kg"
Spray casa de banho brilhante,Sonasol,Embalagem de 500 ml,"1,89 €","1,26 €/L"
Prepar arroz marisco sem gluten cv 0.8kg,Brasmar,Embalagem de 800g,"7,89 €/Kg","7,89 €/Kg"
Hambúrgueres de peru,PorSi,Embalagem de 4x80g,"2,79 €","8,72 €/Kg"
Cueca Incontinência Boutique Plus G,Ausonia Discreet,Embalagem de 8 Un.,"9,99 €","9,99 €/Unidade"
Unha,Porco,1 un = 500 gr (aprox.),"0,60 €","5,99 €/Kg"
Camarão Cozido 10/20,PorSi,embalagem com 1 kg,"6,99 €","13,98 €/Kg"
Sangria branca,Casal Garcia,Garrafa de 750 ml,"6,99 €","1,40 €/L"
Palhinhas brancas em biomaterial,PorSi,Embalagem com 25 unidades,"1,19 €","1,19 €/Unidade"
Iogurte Activia 0% aveia e linhaça,Danone,Embalagem de 4 x 120 g,"2,49 €","5,19 €/Kg"
Toalha de Mesa Anti Nódoas,VZT,Dim.: 150 x 150 cm,"4,99 €/Unidade","4,99 €/Unidade"
Tarteletes com recheio morango,PorSi,Embalagem de 96g,"0,79 €","4,49 €/Kg"
Moscatel de Setúbal,Bacalhoa,Garrafa de 750 ml,"5,99 €","7,99 €/L"
"Frigideira anti-aderente, 20cm",PorSi,1 unidade,"9,99 €","9,99 €/Unidade"
Café em grão,Delta,Embalagem de 1 kg,"9,16 €/Kg","9,16 €/Kg"
"Vela com número, nº 7",PorSi,1 unidade,"1,19 €","1,19 €/Unidade"
Pilha recarregável 170mAh 9V HR22,Domédia,1 unidade,"1,99 €","1,99 €/Unidade"
Bacalhau com natas,PorSi,Embalagem de 380g,"7,89 €/Kg","7,89 €/Kg"
Desodorizante spray energy,Labell Men,Embalagem de 200 ml,"1,39 €","6,95 €/L"
Cordon bleu,PorSi,Embalagem de 4 x 125 g,"3,53 €","8,83 €/Kg"
Sacos de congelação pequenos,PorSi,"50 unidades, 1 embalagem","1,11 €","1,11 €/Unidade"
Renovador de Camurça em Spray Incolor,Búfalo,Embalagem de 250 ml,"3,85 €","3,85 €/Unidade"
Lasanha,Nacional,Embalagem de 400g,"1,39 €","1,39 €/Kg"
Tablete de chocolate culinário negro,PorSi,Embalagem de 200 g,"0,99 €","4,95 €/Kg"
Bolachas starship tradicional,PorSi,Embalagem de 150g,"0,90 €","6,00 €/Kg"
Gressinos com azeitonas pretas,PorSi,Embalagem de 250g,"2,49 €","7,11 €/Kg"
Ambientador carro difusor aqua,Ambipur,1 unidade,"2,89 €","2,89 €/Unidade"
Pastilhas peppermint,CHICLETS,Embalagem de 17 g,"0,75 €","50,00 €/Kg"
Toucinho Fumado,PorSi,fatiado a partir de 100 gr,"3,39 €","22,60 €/Kg"
Croutons azeite e alho,PorSi,Embalagem de 150g,"2,49 €","7,11 €/Kg"
"Lenços de bolso sensitive, brancos, 10 unidades",Renova,1 embalagem de 18x10,"0,89 €","0,89 €/Unidade"
Entremeada s/ Entrecosto,Porco,Vendido ao peso a partir de 1 kg,"1,40 €","5,58 €/Kg"
Posta de tintureira,PorSi,Embalagem de 500 g,"4,39 €","10,98 €/Kg"
Multi vitaminas 50+,PLANTANATU,Embalagem de 1 unidades,"9,95 €","9,95 €/Unidade"
Marmelada com noz,Quinta de Jugais,Embalagem de 500g,"1,09 €","2,42 €/Kg"
20 saquetas infusão de cidreira,Lipton,Embalagem de 20g,"0,99 €","76,15 €/Kg"
Leite UHT Meio Gordo,PorSi,Embalagem de 200 ml,"0,81 €","0,81 €/L"
Zumo gazpacho alvalle original 1l,ALVALLE,Garrafa de 1 l,"2,25 €","32,14 €/Kg"
Liquido refrigerante verde 10%,PorSi,Embalagem de 1 l,"3,99 €","0,80 €/L"
"Iogurte actimel, morango",Danone,Embalagem de 12 x 100 g,"2,49 €","5,19 €/Kg"
Wraps multicereais,Mission,1 Embalagem c/6 unidades,"0,99 €","1,65 €/Kg"
Farinha de aveia integral,Cemporcent,Embalagem de 400g,"2,29 €","11,45 €/Kg"
"Tiras limpa poros faciais, 6unidades",Labell,1 embalagem,"23,70 €/L","23,70 €/L"
Cerveja 0.0%,Heineken,Pack 6 x 0.25 l,"5,99 €","3,03 €/L"
Paté de atum,PorSi,Embalagem de 65 g,"1,19 €","13,52 €/Kg"
Atum ao natural,Ramirez,Embalagem de 120g,"9,08 €/Kg","9,08 €/Kg"
Elixir bocal de mentol,Listerine,Embalagem de 250 ml,"1,39 €","2,78 €/L"
"Pasta dentífrica, dentes/gensivas sensitive",Labell,Embalagem de 75 ml,"2,39 €","31,87 €/L"
Água Micelar c/doseador,Labell,Embalagem de 500ml,"23,70 €/L","23,70 €/L"
Tortellini atum e tomate,Rana,Embalagem de 250g,"0,99 €","4,30 €/Kg"
Queijo de azeitão dop,PorSi Select,Embalagem de 255 g,"6,49 €","25,45 €/Kg"
Doce framboesa e romã,ST.DALFOUR,Frasco de 284g,"3,69 €","9,97 €/Kg"
Leite uht sem lactose magro,PorSi Viva Bem,1 litro,"0,81 €","0,81 €/L"
Skittles fruits 174g,SKITTLES,Embalagem de 170g,"1,00 €","5,00 €/Kg"
Bebida energética tropical edition,Red Bull,Garrafa de 250 ml,"5,49 €","5,49 €/L"
Champô cabelos lisos,Labell,Embalagem de 250 ml,"9,36 €/L","9,36 €/L"
Acetona,PorSi,Embalagem de 250 ml,"1,89 €","9,45 €/L"
Papel higiénico compacto 2 folhas,PorSi,18 = 36 Rolos,"5,89 €","5,89 €/Unidade"
Água mineral sem gás,Fastio,"Garrafa de 2,5 l","0,63 €","0,13 €/L"
Resguardo para mesa,PorSi,Dim.: 140 x 200 cm,"29,99 €","29,99 €/Unidade"
"Creme de muda de fralda, para bebé",Pommette,Embalagem de 100 ml,"0,59 €","5,90 €/L"
"Agrafos nº24/6, 2000 unidades",Maped,Uma embalagem,"1,45 €","1,45 €/Unidade"
Cerveja com álcool abadia,Super Bock,pack 6 x 0.33 l,"1,99 €/L","1,99 €/L"
Doce de framboesa,Bonnemaman,Embalagem de 370g,"3,69 €","9,97 €/Kg"
Lentilhas vemelhas,PorSi Viva Bem,Embalagem de 500 g,"1,19 €","2,38 €/Kg"
Sopa de legumes,PorSi,Embalagem de 400 g,"1,99 €","2,49 €/Kg"
Salsichas Frankfurt em lata,Izidoro,Embalagem de 120g,"0,75 €","3,75 €/Kg"
Mel em frasco de vidro,PorSi,Embalagem de 250g,"4,99 €","9,98 €/Kg"
Bolacha de manteiga belga c/ chocolate,Saborosa,Embalagem de 200g,"1,69 €","6,76 €/Kg"
Lambrusco bianco,*,Garrafa de 750 ml,"6,99 €","9,32 €/L"
Batata frita palha,PorSi,Embalagem de 160g,"0,87 €","5,44 €/Kg"
Whisky blended,Label 5,"Garrafa de 0,70 l","11,49 €","16,41 €/L"
Guitarra,Panda,1 un.,"14,99 €/Unidade","14,99 €/Unidade"
"Iogurte eleva com fermentos naturais pêssego, cenour...",Mimosa,Embalagem de 4 x 115 g,"5,97 €/Kg","5,97 €/Kg"
Bolachas digestive finas de chocolate de leite,Triunfo,Embalagem de 170 g,"0,79 €","5,27 €/Kg"
Morcela de Sousel,PorSi,1 un = 450 gr (aprox.),"1,49 €","7,45 €/Kg"
Máquina Depilatória Extra Smooth Sensitive,Gillette,1 unidade,"1,99 €","1,99 €/Unidade"
Tira Nódoas em Gel Cores,Skip,1.6 l,"10,99 €","52,33 €/Kg"
Leite UHT Meio Gordo,Gresso,Embalagem de 1 l,"0,81 €","0,81 €/L"
Iogurte sólido sem lactose morango,Mimosa,Embalagem de 480g,"2,49 €","11,53 €/Kg"
Máquina Descartável Depilatória Body Men,Gillette,Embalagem com 1 unidade,"12,99 €","12,99 €/Unidade"
Chá de menta e eucalipto,Lipton,20 saquetas,"58,00 €/Kg","58,00 €/Kg"
Creme de coentros sem batata,PorSi,Embalagem de 400 g,"1,99 €","2,49 €/Kg"
Vinho tinto,Alandra,Garrafa de 750 ml,"1,19 €","1,59 €/L"
Iguarias Pota com Alho,Pitéu,Embalagem de 120 g,"9,08 €/Kg","9,08 €/Kg"
Café mistura peninsular,Delta,Embalagem de 250g,"1,69 €","6,76 €/Kg"
Tapa fugas,Redex,Embalagem de 250 ml,"14,99 €","14,99 €/L"
Iogurte Pedaços Kiwi 0% Matéria Gorda/Açúcares,Danone,4 x 120 g,"4,15 €/Kg","4,15 €/Kg"
Gelatina pronta a comer morango,Royal,Embalagem de 4 x 100 g,"0,85 €","2,13 €/Kg"
Pernil,Porco,1 un = 1 kg (aprox.),"1,40 €","5,58 €/Kg"
Bolacha shortcake,Nacional,Embalagem de 180g,"1,69 €","6,76 €/Kg"
Iogurte magro morango sem lactose,Mimosa,Embalagem de 4x 120 g,"2,49 €","11,53 €/Kg"
Sopa 100% de brócolos e couve flor,Knorr,embalagem com 52 g,"2,25 €","32,14 €/Kg"
Toalha em rolo papel amarelo,PorSi,1 Unidade,"13,99 €","13,99 €/Unidade"
Pera Rocha 60/65,Programa Origens,1 un = 130 gr (aprox.),"0,26 €","1,99 €/Kg"
Creme de depilação duche,Veet,Garrafa de 150 ml,"2,99 €","14,95 €/L"
Óleo p/ Moto Performa M2T,Galp,Embalagem de 1 l,"14,99 €","14,99 €/L"
Iogurte Líquido Yoggi Frutos Tropicais s/ Lactose,Nestle,4x160g,"2,49 €","11,53 €/Kg"
Cerveja com álcool,Kings Bräu,"Embalagem de 0,33 l","1,99 €/L","1,99 €/L"
Cordon bleu,PorSi,Embalagem de 4 x 125 g,"2,79 €","8,72 €/Kg"
"Queijo em fatias, -50% gordura",Limiano,Embalagem de 200g,"1,56 €","7,80 €/Kg"
Vassoura pequena,PorSi,unidade,"2,20 €","2,20 €/Unidade"
Iogurte yoco squeezy de morango,Nestle,Embalagem de 4 x 80 g,"1,05 €","1,86 €/L"
Sabonete original,Palmolive,Embalagem de 4x90 g,"4,49 €","12,47 €/Kg"
Spray tira gorduras,Cillitbang,Garrafa de 500 ml,"3,99 €","7,98 €/L"
Bolacha cookie sensations choco,Milka,Embalagem de 160g,"0,90 €","6,00 €/Kg"
Vinho verde branco,Aveleda,Garrafa de 750 ml,"3,19 €","3,19 €/L"
Super Cola 3 Gel,Loctite,Embalagem de 3 g,"2,75 €","91,67 €/Kg"
Crepe simples,PorSi,Embalagem de 630g,"2,99 €","5,54 €/Kg"
Açafrão das Índias,PorSi,Embalagem de 50g,"2,29 €","30,53 €/Kg"
Recargas ambientador elétrico relaxing zen,Glade,Embalagem de 2 x 20 ml,"11,98 €","11,98 €/Unidade"
Queijo roquefort,Páturages,Embalagem de 150 g,"1,49 €","7,45 €/Kg"
Bolachas água e sal doces,Vieira,Embalagem de 170g,"0,98 €","3,27 €/Kg"
Ambientador Arbre Cocktail de Frutos,Arbre Magique,3 unidade,"2,89 €","2,89 €/Unidade"
Kinder delice cacau,Kinder,Embalagem de 400g,"2,05 €","5,13 €/Kg"
Queijo Ovelha Curado,PorSi,Vendido ao peso a partir de 250 g,"9,99 €","22,20 €/Kg"
Toalhão de banho,PorSi,100 x 150 cm,"29,99 €","29,99 €/Unidade"
Iogurte líquido morango,PorSi,Embalagem de 4 x 160 g,"1,17 €","1,83 €/Kg"
"Refeição pronta, boião de legumes e vitela",Bledina,Embalagem de 200g,"1,89 €","9,95 €/Kg"
Alheira com maçã,Terras do Demo,Embalagem com 200 g,"1,49 €","7,45 €/Kg"
Chá de camomila e erva príncipe,Lipton,20 saquetas,"40,31 €/Kg","40,31 €/Kg"
Toalha de banho,PorSi,100 x 150 cm,"29,99 €","29,99 €/Unidade"
Napolitanas creme cacau,PorSi,Embalagem de 320g,"1,77 €","5,53 €/Kg"
Emulsão p/ higiene intima sensitive,Dystron,Embalagem com 200 ml,"7,95 €","19,88 €/L"
Pré-lavagem power gel,Vanish,Garrafa de 200 ml,"8,59 €","2,00 €/L"
Tomate pedaços biológico,Guloso,Embalagem de 390g,"1,95 €/Kg","1,95 €/Kg"
Limpa vidros,Arbo,embalagem de 500 ml,"3,99 €","0,80 €/L"
"Pilha alcalina, hightech lr6X8",Domédia,1 unidade,"1,99 €","1,99 €/Unidade"
Salame extra allnatural fatiado,Allnatural,Embalagem de 80g,"0,95 €","9,49 €/Kg"
Néctar light manga/laranja,Compal,330 ml,"0,89 €","2,70 €/L"
Lixívia densa verde,Neoblanc,Embalagem de 1 l,"1,74 €","0,35 €/L"
"Pensos diários, longo e largo, 26 unidades",Labell,Uma embalagem,"1,60 €","1,60 €/Unidade"
"Vinho doc loureiro, verde",Selecção de Enófilos,Garrafa de 0.75 l,"3,19 €","3,19 €/L"
Rebuçado recheio morango,PorSi,Embalagem de 250g,"1,00 €","5,00 €/Kg"
Fruta pura ameixa/maçã,Bledina,Embalagem de 4 x 100 g,"0,74 €","8,22 €/Kg"
Gelatina pronta a comer light 10 kcal melancia,Royal,Embalagem de 4 x 100 g,"0,85 €","2,13 €/Kg"
Limpa Móveis,PorSi,Embalagem de 300 ml,"4,49 €","14,97 €/L"
Batata frita artesanal c/ sal,Lay's,Embalagem de 250g,"0,87 €","5,44 €/Kg"
Chispalhada,PorSi,Embalagem de 420 g,"2,99 €","11,96 €/Kg"
Bolachas maria,Triunfo,Embalagem de 200g,"1,69 €","2,11 €/Kg"
Luvas extra sensation médio/grande,Vileda,1 unidade,"1,99 €","1,99 €/Unidade"
Bolachas com geleia de laranja,Chabrior,Embalagem de 150 g,"1,77 €","5,53 €/Kg"
Massa de cotovelos grandes riscados,Milaneza,Embalagem de 500g,"1,39 €","1,39 €/Kg"
Queijo Curado Amanteigado,Queijaria das Pousadas,Vendido ao peso a partir de 250 g,"2,50 €","9,99 €/Kg"
Bife do Lombo,Porco,1 un = 100 gr (aprox.),"1,40 €","5,58 €/Kg"
Bolachas chiquilin,Artiach,Embalagem de 180g,"1,69 €","6,76 €/Kg"
"Líquido refrigerante, verde 10%",PorSi,Embalagem de 5 l,"3,99 €","0,80 €/L"
Panos Esponja,Fino,3 unidades,"1,79 €","1,79 €/Unidade"
Pilha Alcalina Ultra LR61 9V,Duracell,,"1,99 €","1,99 €/Unidade"
Bolachas digestive muesli,Gullon,Embalagem de 370g,"2,85 €","14,25 €/Kg"
Alho francês bio,PorSi Bio,750 g (aprox.),"0,57 €","1,89 €/Kg"
Cereais fitness,Nestle,Embalagem de 380g,"3,49 €","27,05 €/Kg"
Lambrusco rose,*,Garrafa de 750 ml,"2,29 €","3,05 €/L"
Gel wc tripla ação c/ lixívia,Harpic,Garrafa de 750 ml,"3,99 €","7,98 €/L"
Salsichas de Aves Extra Suculentas,Nobre,frasco de 650g,"0,75 €","3,75 €/Kg"
Leite com chocolate original,Ucal,Embalagem de 6 x 250 ml,"0,26 €","1,30 €/L"
Néctar clássico tutti frutti,Compal,Garrafa de 200 ml,"0,99 €","0,99 €/L"
Balde com pedal branco,PorSi,Capacidade: 7 litros,"2,50 €","2,50 €/Unidade"
20 mini rissóis de camarão,PorSi,Embalagem de 300 g,"2,99 €","9,97 €/Kg"
Petit gâteau,PorSi,Embalagem de  4 x 80 g,"2,99 €","5,54 €/Kg"
Toalha em rolo papel verde,PorSi,1 Unidade,"13,99 €","13,99 €/Unidade"
"Livro ""A Magia do Ballet""",Girassol,1 unidade,"3,79 €/Unidade","3,79 €/Unidade"
Creme abrasivo ativo c/ lixívia,Cif,Garrafa de 700 ml,"0,99 €","1,32 €/L"
"Tampão super, 32 unidades",Labell,1 embalagem,"3,99 €","3,99 €/Unidade"
Iogurte liquido infantil morango,PorSi,Embalagem de 6 x 94 ml,"1,17 €","1,83 €/Kg"
Polpa de manga,Koala,Embalagem de 450g,"2,29 €","5,09 €/Kg"
Snack chocolate leite,Kit kat,Embalagem de 125g,"1,19 €","11,90 €/Kg"
Faca de cozinha para carne 20cm,Domédia,1 unidade,"2,99 €","2,99 €/Unidade"
Ricotta,Páturages,Uma unidade,"0,85 €","24,29 €/Kg"
Sal de mesa,PorSi,Embalagem de 250 g,"2,29 €","30,53 €/Kg"
Lou Provence Rosé,Peyrassol,0.75 litros,"6,99 €","9,32 €/L"
"Limpa vidros cristal, pistola",PorSi,Embalagem de 1 l,"3,29 €","6,58 €/L"
Salsichas Frankfurt em lata,Izidoro,Embalagem de 250g,"0,75 €","3,75 €/Kg"
Carcaça Forno de Pedra,Pão do Dia,1 un = 60 gr (aprox.),"0,19 €","2,71 €/Kg"
Sumo essencial kids,Compal,pack 3 x 0.11 l,"2,09 €","6,33 €/L"
Óleo de cedro,Mistolin,Embalagem de 360 ml,"4,49 €","14,97 €/L"
Vinho branco monbazillac  2012,Expertclub,Garrafa de 750 ml,"6,99 €","9,32 €/L"
Óleo Performa C3 5W30 Sintético,Galp,Embalagem de 5 l,"14,99 €","14,99 €/L"
Tomate Alongado,Legumes do Dia,1 un = 200 gr (aprox.),"1,89 €","9,45 €/Kg"
Liquido 5 em 1 frescor,WC Pato,Embalagem de 750 ml,"3,99 €","7,98 €/L"
Alimento húmido para cão borrego,Pedigree,Embalagem de 300g,"4,85 €/Kg","4,85 €/Kg"
"Alimento seco para gato junior, galinha",Whiskas,Embalagem de 350g,"12,99 €","4,33 €/Kg"
Salsichas extra suculentas de peru,Nobre,Frasco de 210g,"0,75 €","3,75 €/Kg"
Iogurte natural açucarado em frasco de vidro,PorSi,Embalagem de 2 x 125 g,"0,65 €","1,30 €/Kg"
Cajus tostados no forno,Matutano,Embalagem de 90g,"0,79 €","7,90 €/Kg"
Mortadela de peru fatiada,PorSi,Embalagem de 200g,"1,95 €","5,57 €/Kg"
Salmão Fumado da Escócia,PorSi Select,Embalagem de 80 g,"3,45 €","23,00 €/Kg"
20 saquetas chá de pêssego manga,Lipton,Embalagem de 40g,"58,00 €/Kg","58,00 €/Kg"
Pão ralado alho e salsa,PorSi,Embalagem de 240 g,"0,55 €","2,29 €/Kg"
"Refresco em pó, tropical",Tang,Embalagem de 30g,"0,75 €","18,75 €/Kg"
Vinho do porto white,Cruz,Garrafa de 750 ml,"11,99 €","15,99 €/L"
Bambolitos brancos,PorSi,Embalagem de 150g,"0,79 €","5,27 €/Kg"
Pepperoni Rodelas,Porminho,Embalagem 2 x 75 g,"3,45 €","23,00 €/Kg"
Fermento de padeiro,Vahine,Embalagem de 20g,"0,68 €","13,60 €/Kg"
Rebuçados de mentol,Sweet flav,Embalagem de 250 g,"0,77 €","3,85 €/Kg"
Néctar tutti-fruti,Compal,Pack 3 x 200 ml,"0,99 €","0,99 €/L"
Chocolate de leite e amêndoas,Milka,Embalagem de 125g,"4,09 €","14,82 €/Kg"
Gelatina pronta a comer light 10 kcal ananás,Royal,Embalagem de 4 x 100 g,"0,85 €","2,13 €/Kg"
Leite bio meio gordo sem lactose,Asana,1 litro,"2,19 €","2,19 €/L"
Bife de atum,PorSi,Embalagem de 400 g,"4,39 €","10,98 €/Kg"
Manteiga magra baixo teor sal,President,Embalagem de 250g,"1,69 €","6,76 €/Kg"
Snack bio base de milho e aveia c/ amendoim,Gerber,Embalagem de 35g,"1,89 €","9,95 €/Kg"
Salmão Fumado da Escócia,PorSi Select,Embalagem de 200 g,"3,45 €","23,00 €/Kg"
Bastão de Cola,Domédia,10 g,"2,19 €","109,50 €/L"
Queijo Curado Amanteigado,Fonte Mourisca,1 un = 250 gr  (aprox.),"2,50 €","9,99 €/Kg"
Napolitas creme baunilha,PorSi,Embalagem de 320g,"2,05 €","5,13 €/Kg"
18 hamburguers de frango s/ glúten,Capitão Iglo,Embalagem de 1 kg,"2,99 €","6,64 €/Kg"
Tomate pelado,Guloso,Embalagem de 800g,"1,95 €/Kg","1,95 €/Kg"
"Gel depilatório, peles sensiveis",Labell,Embalagem de 200 ml,"2,99 €","14,95 €/L"
Polpa de maracuja,PorSi,Embalagem de 565g,"1,99 €","2,37 €/Kg"
Vinho maduro branco,C.da eira,Garrafa de 1 l,"0,69 €","2,76 €/L"
"Aperitivos, amendoins no forno",Matutano,Embalagem de 200g,"0,79 €","7,90 €/Kg"
Leite de limpeza age perfect,L'oreal,Embalagem de 200 ml,"23,70 €/L","23,70 €/L"
Alecrim,PorSi,20 g,"1,15 €","38,33 €/Kg"
Refrigerante c/ gás light,Coca-Cola,pack 6 x 0.33 l,"0,79 €","0,40 €/L"
Chouriço Extra Allnatural Fatiado,Elpozo,1 Embalagem 80G,"0,95 €","9,49 €/Kg"
Nancy Um Dia A Fazer Madeixas,Nancy,1 un.,"34,99 €/Unidade","34,99 €/Unidade"
Iogurte corpos danone +proteína framboesa,Danone,Embalagem de 150g,"5,97 €/Kg","5,97 €/Kg"
Pano multiusos felpo,PorSi,1 unidade,"1,79 €","1,79 €/Unidade"
Cera bolsa amarela,Novycera,Embalagem de 250g,"0,99 €","0,99 €/L"
Manteiga sem sal,Primor,Embalagem de 250g,"1,69 €","6,76 €/Kg"
"Limpa móveis pistola, aloé vera",Pronto,Embalagem de 500 ml,"3,99 €","7,98 €/L"
Champô cabelos pintados,Labell,Embalagem de 250 ml,"9,36 €/L","9,36 €/L"
Creme Depilatório Men Peles Sensíveis,Veet,400 ml,"2,99 €","14,95 €/L"
Pasta dentífrica branco intenso,Aquafresh,Embalagem de 75 ml,"2,39 €","31,87 €/L"
Osso presunto em 4 pedaços,Bribon,1 unidade,"0,94 €","5,22 €/Kg"
Farinha nao láctea bolacha maria,PorSi,Embalagem de 250g,"4,49 €","4,49 €/Kg"
Lambuginha,Marisco Fresco,1 un = 250 gr  (aprox.),"2,00 €","7,99 €/Kg"
Bolacha Maria Integral,PorSi,Embalagem de 600g,"0,98 €","3,27 €/Kg"
Espremedor para balde de plástico,Fapil,1 unidade,"2,50 €","2,50 €/Unidade"
"Bebidas leite, caramelo machiatto",STARBUCKS,Embalagem de 220 ml,"1,99 €","2,49 €/L"
"Shampoo, laranja",PorSi,Embalagem de 1 l,"3,99 €","0,80 €/L"
Fígado,Porco,Vendido ao peso a partir de 1 kg,"0,60 €","5,99 €/Kg"
Bolachas crackers c/ sal,Du bois,Embalagem de 500g,"0,39 €","3,12 €/Kg"
"Baton, soft rosa",Labello,Embalagem de 5 g,"2,39 €","478,00 €/Kg"
Licor de anis,Xarao,Garrafa de 700 ml,"16,99 €","24,27 €/L"
Alface frisada categoria: II Programa Origens,PorSi,Embalagem de 300 g,"1,00 €","2,49 €/Kg"
10 nuggets peito de frango e queijo,Capitão Iglo,Embalagem de 210g,"2,79 €","8,72 €/Kg"
Tomilho,PorSi,20 g,"1,15 €","38,33 €/Kg"
Vinho tinto regional tejo reserva,Alorna,Garrafa de 0.75 l,"3,99 €","5,32 €/L"
Livro da Selva,Europrice,1 unidade,"3,79 €/Unidade","3,79 €/Unidade"
Batata frita com sal,Ruffles,Embalagem de 90g,"1,06 €","5,73 €/Kg"
Perna c/ Osso,Peru,1 un = 1 kg (aprox.),"1,22 €","3,48 €/Kg"
Batata frita original,Ruffles,Embalagem de 170g,"1,06 €","5,73 €/Kg"
Spray limpeza casa de banho,Cillitbang,Embalagem de 500 ml,"3,99 €","7,98 €/L"
Ambientador elétrico + recarga alfazema,PorSi,1 unidade,"3,74 €","3,74 €/Unidade"
Água mineral sem gás,S.estrela,pack 4 x 1.5 l,"0,63 €","0,13 €/L"
Fogareiro pintado,Larmil,1 unidade,"4,99 €","4,99 €/Unidade"
Queijo Flamengo Bola,Limiano,1 un = 250 gr  (aprox.),"1,56 €","7,80 €/Kg"
Pão forma familiar normal,Bimbo,embalagem de 700 g,"0,99 €","1,65 €/Kg"
"Absorvedores de odores, relax zen",Brise,Embalagem de 2x150g,"16,63 €/L","16,63 €/L"
Bife de Frango,Frango,Vendido ao peso a partir de 1 kg,"1,22 €","3,48 €/Kg"
La Croix Rosé,Peyrassol,0.75 litros,"6,99 €","9,32 €/L"
Leite uht magro,PorSi,Embalagem de 1 litro,"0,81 €","0,81 €/L"
Sumo 100% pêssego e uva,PorSi,Pack 3 x 200 ml,"1,69 €","1,69 €/L"
Morcela receita tradicional,Nobre,Embalagem de 200g,"1,49 €","7,45 €/Kg"
Lombinhos,Porco,1 un=500 gr aprox.,"1,40 €","5,58 €/Kg"
Cappuccino intenso,Nescafe,Embalagem de 130g,"3,19 €","25,52 €/Kg"
Champô para criança camomila,Johnson's Baby,Embalagem de 500 ml,"2,59 €","2,59 €/Unidade"
Toalha em rolo papel azul,PorSi,1 Unidade,"13,99 €","13,99 €/Unidade"
Refrigerante com gás free,Seven-up,"Garrafa de 1,25 l","0,79 €","0,40 €/L"
Pasta de atum,Fides,Embalagem de 90g,"1,19 €","13,52 €/Kg"
Gelatina morango 10kcal,Royal,Embalagem de 30g,"0,55 €","61,11 €/Kg"
Whisky Finest,Ballantin.,Garrafa de 1 litro,"23,99 €","34,27 €/L"
Carne picada com 15% matéria gorda,PorSi Select,embalagem de 400 g,"6,29 €","15,73 €/Kg"
Café moagem universal timor,Delta,Embalagem de 220g,"9,76 €/Kg","9,76 €/Kg"
Fralda Cueca de Banho |Tamanho 4 - 6-12 kg,Pommette,,"4,69 €","4,69 €/Unidade"
Água mineral sem gás,Fastio,Pack 4 x 1.5 l,"0,63 €","0,13 €/L"
Gel de banho júnior maçã e pera,Labell,Embalagem com 300 ml,"2,59 €","2,59 €/Unidade"
Vela com número nº 8,PorSi,1 unidade,"1,19 €","1,19 €/Unidade"
Farinha láctea menos 40% açúcar,Cerelac,Embalagem de 250g,"4,49 €","4,49 €/Kg"
Salmão Fumado da Noruega,PorSi,Embalagem de 100 g,"3,45 €","23,00 €/Kg"
Napolitanas creme cacau,PorSi,Embalagem de 320g,"2,05 €","5,13 €/Kg"
Cereais argolas de mel,PorSi,Embalagem de 375 g,"5,07 €/Kg","5,07 €/Kg"
Taolhão de banho,PorSi,100 x 150 cm,"29,99 €","29,99 €/Unidade"
Lixívia tradicional,PorSi,Embalagem de 1 l,"1,74 €","0,35 €/L"
Gelado fizz limão,Olá,Embalagem de 6 x 60 ml,"5,99 €","16,64 €/L"
Sabonete exfoliante alperce,Labell,Embalagem de 100 g,"4,49 €","12,47 €/Kg"
Vinho branco,PorSi,embalagem de  3X187 ml,"0,69 €","2,76 €/L"
"Refrigerante sem gás, maçã",Joi,"Garrafa de 1,5 l","1,09 €","0,91 €/L"
Asas de Frango,*,1 un = 100 gr (aprox.),"1,22 €","3,48 €/Kg"
Molho bechamel,PorSi,Embalagem de 500 ml,"1,14 €","5,70 €/L"
Lava tudo lavanda,Cif,"Garrafa de 1,4 l","1,89 €","1,26 €/L"
Feijoada,PorSi,Embalagem de 420 g,"2,99 €","11,96 €/Kg"
Salsichas frescas | 3 Merguez e 3 Chipolata,PorSi,330 g,"0,35 €","6,99 €/Kg"
Refrigerante de cola zero,PorSi,Garrafa de 2 l,"0,79 €","0,40 €/L"
Gelatina morango 8 kcal,PorSi,Embalagem de 4 x 100 g,"0,85 €","2,13 €/Kg"
Néctar de 8 frutos,Bongo,Garrafa de 1 l,"0,99 €","0,99 €/L"
Feijão frade,Compal,Lata de 410 ml,"1,79 €","2,29 €/Kg"
Vinho tinto,Enc.bairro,Bag-in-box de 5L,"17,99 €","1,80 €/L"
"Alimento húmido para gato 7+, aves",Whiskas,Embalagem de 400g,"2,99 €","7,48 €/Kg"
Bolacha cream cracker,Vieira,Embalagem de 200g,"0,39 €","3,12 €/Kg"
Néctar de laranja e cenoura light,PorSi,Embalagem de 1 litro,"0,89 €","2,70 €/L"
Pizza fiambre e queijo,Campofrio,Embalagem de 360g,"0,99 €","4,30 €/Kg"
Ambientador vela fresh berries,Glade,1 unidade com 129 g,"34,81 €/Kg","34,81 €/Kg"
Francesinha,PorSi,Embalagem de 450G,"3,53 €","8,83 €/Kg"
Arroz basmati,Caçarola,Embalagem de 1 kg,"0,99 €","0,99 €/Kg"
Vinho tinto cotes du rhone,Expert Club,Garrafa de 75 cl,"6,99 €","9,32 €/L"
Bolacha chocomax mini,Nacional,Embalagem de 120 g,"0,90 €","6,00 €/Kg"
Cereais Corn Flakes Zero,Nacional,Embalagem de 375 g,"1,49 €","2,98 €/Kg"
Salsichão fat,Campofrio,Embalagem de 80g,"0,95 €","9,49 €/Kg"
Batata frita gourmet,PorSi,Embalagem de 150g,"1,06 €","5,73 €/Kg"
Baguete,*,400 g,"0,19 €","2,71 €/Kg"
Néctar light de manga/laranja prism,PorSi,Embalagem de 1 l,"0,89 €","2,70 €/L"
Pão de forma integral,Bimbo,Embalagem de 480 g,"0,99 €","1,65 €/Kg"
Massa cuscus,PorSi,Embalagem de 250g,"1,39 €","1,39 €/Kg"
Queijo flamengo,Novacores,Embalagem de 320g,"1,56 €","7,80 €/Kg"
Algodão zig zag pré-cortado,PorSi,Embalagem de 50 g,"3,99 €","3,99 €/Unidade"
Fermento em po 4x25g,PorSi,Embalagem de 100g,"0,68 €","13,60 €/Kg"
Beterraba Cozida,*,Embalagem de 450 g,"3,49 €","13,96 €/Kg"
Açúcar amarelo,PorSi,Embalagem de 1 kg,"1,49 €","1,49 €/Kg"
Néctar vital equilíbrio frutos vermelhos,Compal,Garrafa de 200 ml,"0,99 €","0,99 €/L"
Al Dente Osso L,Bribon,2 Unidades,"0,94 €","5,22 €/Kg"
Creme de coentros sem batata,PorSi,Embalagem de 900 g,"1,99 €","2,49 €/Kg"
Branqueador líquido,Vanish,Embalagem de 1 litro,"5,99 €","11,98 €/L"
Achocolatado em Pó,Nesquik,Embalagem de 700g,"5,65 €","7,06 €/Kg"
Doce de alperce ligth,Paquito,Embalagem de 335g,"1,89 €","5,64 €/Kg"
Chocolate culinário 70% cacau,Pantagruel,Embalagem de 200g,"1,08 €","8,64 €/Kg"
Alimento lácteo sem açucar com sabor a pêssego/banan...,Yogolino,Embalagem de 4 x 100 gr,"2,99 €","7,48 €/Kg"
Néctar de pera,PorSi,Pack 3 x 200 ml,"0,99 €","0,99 €/L"
Tomates Cereja Vermelhos,PorSi Bio,Emb.: ± 200 g,"1,89 €","9,45 €/Kg"
Perna com Osso e Couro,Porco,1 un = 1 kg (aprox.),"1,40 €","5,58 €/Kg"
Agrafador + 400 agrafos,Domédia,Uma embalagem,"2,19 €","109,50 €/L"
Bacalhau Crescido da Noruega,PorSi,1 un=1.5kg (aprox.),"8,73 €/Kg","8,73 €/Kg"
Reparador de móveis escuro,Pronto,Embalagem de 100 ml,"4,49 €","14,97 €/L"
"Paté de sarinha, atum e marisco",Fides,Embalagem de 90g,"1,19 €","13,52 €/Kg"
Bebida de Soja Chocolate,PorSi Viva Bem,Pack: 3 x 200 ml,"2,49 €","2,49 €/L"
Filetes primavera alho & ervas,Iglo,Embalagem de 230g,"7,89 €/Kg","7,89 €/Kg"
Ruffles presunto,Ruffles,Embalagem de 160g,"1,19 €","6,43 €/Kg"
Queijo creme de ervas finas,Philadelph,Embalagem de 150g,"2,09 €","16,72 €/Kg"
Detergente líquido baby,A+,24 doses,"9,99 €","8,33 €/L"
Detergente Maquina Roupa Liquido Aloe Vera,PorSi,40 Doses,"8,59 €","2,00 €/L"
Autocarro Formas e Cores,Baby Clementoni,1 unidade,"14,99 €/Unidade","14,99 €/Unidade"
Pizza fresca de fiambre e queijo,PorSi,400 g,"0,99 €","4,30 €/Kg"
Massa fusilli tricolor,Milaneza,Embalagem de 500g,"1,39 €","1,39 €/Kg"
Vinho regional península de setúbal branco,J.m.f.,Garrafa de 750 ml,"8,59 €","11,45 €/L"
Queijo Cabra 45% M.G,Bergelou,Vendido ao peso a partir de 250 gr,"1,49 €","7,45 €/Kg"
Aperitivos de amendoim com sal e mel,Matutano,Embalagem de 150g,"0,79 €","7,90 €/Kg"
"Líquido para ferro de engomar, rosas",PorSi,Embalagem de 2 l,"10,99 €","52,33 €/Kg"
Iogurte liquido stracciatella,PorSi,Embalagem de 4 x 160 g,"1,17 €","1,83 €/Kg"
Iogurte fruta batida pera,Mimosa,Embalagem de 480g,"1,99 €","4,15 €/Kg"
Tablete chocolate creme de cacau,Milka,Embalagem de 100g,"0,53 €","5,30 €/Kg"
Farinha s/ fermento tipo 65,ESPIGA,Embalagem de 1 kg,"2,65 €","6,63 €/Kg"
Creme barrar nutela 350g,Nutella,Embalagem de 350G,"4,29 €","12,62 €/Kg"
"Alimento seco mini dog, galinha",Pedigree,"Embalagem de 1,5kg","22,99 €","1,15 €/Kg"
"Rolos de cozinha compactos, branco, máxima absorção,...",Renova,1 unidade,"4,99 €","4,99 €/Unidade"
Ananás em rodelas,PorSi,Embalagem de 565 g,"1,99 €","2,37 €/Kg"
Espumoso meio seco,Palacete,"Garrafa de 0,75 l","3,99 €","5,32 €/L"
Espremedor super,Fapil,1 unidade,"2,50 €","2,50 €/Unidade"
15 barrinhas pescada,Pescanova,Embalagem de 450g,"9,30 €/Kg","9,30 €/Kg"
Lixivia perfumada,PorSi,Garrafa de 2 l,"1,74 €","0,35 €/L"
Queijo Camembert,Coeur de Lion,Embalagem de 250 g,"2,09 €","16,72 €/Kg"
Ice tea manga,Lipton,pack 6 x 0.25 l,"1,09 €","0,91 €/L"
Iogurte líquido morango / framboesa corpos danone,Danone,Embalagem de 4 x 155 g,"1,17 €","1,83 €/Kg"
"Sabonete líquido, recarga, dermoprotetor",Labell,Embalagem de 500 ml,"1,19 €","2,38 €/L"
Limão,Programa Origens,1 un = 200 gr (aprox.),"0,25 €","2,49 €/Kg"
Bolacha de caramelo,Snapy,Embalagem de 250g,"1,69 €","2,11 €/Kg"
Néctar pêssego,Compal,Pack 3 x 200 ml,"0,99 €","0,99 €/L"
Nata uht carbonara,Parmalat,Embalagem de 200 ml,"1,14 €","5,70 €/L"
Amaciador para cabelos lisos,Labell,Embalagem de 200 ml,"1,00 €","5,00 €/L"
Óleo 15w40,PorSi,Embalagem de 5 l,"14,99 €","14,99 €/L"
10 saquetas chá frutos vermelhos,Lipton,Embalagem de 10g,"58,00 €/Kg","58,00 €/Kg"
Pera rocha categoria II Programa Origens,PorSi,Embalagem de 1.5 kg,"0,26 €","1,99 €/Kg"
Pilhas recarregáveis AA HR6 1.2V 1900mAh,Domédia,Embalagem com 4 unidades,"1,99 €","1,99 €/Unidade"
Gelatina pronta a comer tutti frutti,Royal,Embalagem de 4x100 g,"0,85 €","2,13 €/Kg"
Ambientador elétrico botanica Vetiver das Caraíbas &...,Air Wick,1 unidade,"3,74 €","3,74 €/Unidade"
"Papel higiénico compacto, extra xxl, 6 rolos",Renova,Uma embalagem,"5,89 €","5,89 €/Unidade"
Mostarda em frasco,Savora,Embalagem de 190g,"0,70 €","2,33 €/Kg"
Bolachas chips ahoy,Ca!,Embalagem de 130g,"0,90 €","6,00 €/Kg"
Sabonete alfazema de monte,Confianca,Embalagem de 125 g,"4,49 €","12,47 €/Kg"
Fiambre da Pá,PorSi,1 un = 150 gr (aprox.),"0,97 €","6,49 €/Kg"
"Creme de noite, age perfect",L'oreal,Embalagem de 50 ml,"14,99 €","299,80 €/L"
Leite condensado magro,PorSi,Embalagem de 390 g,"1,09 €","2,75 €/Kg"
Mel de néctar multifloral bio,PorSi Bio,Frasco de 250g,"4,99 €","9,98 €/Kg"
Ice tea pessêgo,Lipton,pack 6 x 0.25 l,"1,09 €","0,91 €/L"
Pataniscas de bacalhau,*,60 g,"2,99 €","9,97 €/Kg"
Recarga ambientador elétrico rosa bouquet,Air Wick,Embalagem de 1 unidades,"11,98 €","11,98 €/Unidade"
Bolacha chocodiet nature,Gullon,Embalagem de 270g,"0,79 €","5,27 €/Kg"
Creme autobrilha incolor,Splendor,40 ml,"2,69 €","2,69 €/Unidade"
"Pensos de incontinência, adulto, mini, 20 unidades",Labell,Uma embalagem,"2,49 €","2,49 €/Unidade"
Presunto Fatiado Finissimo,Gonçalos,Embalagem de 100 g,"2,79 €","13,95 €/Kg"
Pão de Forma Cerealia 14 Cereais e Sementes 0% Açúca...,Panrico,Embalagem de 440g,"0,99 €","1,65 €/Kg"
Toalhitas recargas sensitive para bebé,Pommette,Embalagem de 63 unidades,"1,09 €/Unidade","1,09 €/Unidade"
10 saquetas chá yellow label,Lipton,Embalagem de 20g,"58,44 €/Kg","58,44 €/Kg"
Beira interior colheita 2014,Beyra,Garrafa de 0.75 l,"2,92 €/L","2,92 €/L"
Reparador de móveis escuro,PorSi,Embalagem de 200 ml,"4,49 €","14,97 €/L"
Comida húmida para gato gelatinas com peixe,Felix,Embalagem de 4x100 g,"2,99 €","7,48 €/Kg"
Filetes de cavala em azeite,PorSi,Embalagem de 120 g,"9,08 €/Kg","9,08 €/Kg"
Gel Duche Men Active Clean,Nivea Men,Embalagem de 500 ml,"0,89 €","3,56 €/L"
4 hamburguers vaca s/ glúten,Capitão Iglo,Embalagem de 320g,"2,79 €","8,72 €/Kg"
Yofu com pedaços de mirtilo,Alpro,Embalagem de 4x125 g,"4,58 €/Kg","4,58 €/Kg"
Prepar arroz marisco sem gluten cv 0.8kg,Brasmar,Embalagem de 800g,"2,19 €","8,59 €/Kg"
Carne p/ Estufar,Novilho,Vendido ao peso a partir de 800 g,"4,78 €","5,98 €/Kg"
Cereais all bran,Kellogg's,Embalagem de 380g,"3,49 €","27,05 €/Kg"
"Pasta dentífrica, tripla ação",Labell,Embalagem de 75 ml,"2,39 €","31,87 €/L"
Mousse limpeza refresh,Labell,Embalagem com 150ml,"1,99 €","4,98 €/L"
Iogurte líquido morango/cereais,PorSi,Embalagem de 4 x 160 g,"1,17 €","1,83 €/Kg"
Vela em número nº5,PorSi,1 unidade,"1,19 €","1,19 €/Unidade"
"Forma papel para bolos, 10. 5cm",PorSi,Embalagem com 60 unidades,"0,99 €","0,99 €/Unidade"
Mini tosta trigo,Diatosta,Embalagem de 90 g,"2,49 €","7,11 €/Kg"
Perna com Osso,Porco,1 un = 2 kg (aprox.),"1,40 €","5,58 €/Kg"
Comida húmida para cão de frango e legumes,PorSi,Lata de 400 g,"4,85 €/Kg","4,85 €/Kg"
Iogurte líquido de frutos vermelhos,PorSi,Embalagem de 4 x 160 g,"1,17 €","1,83 €/Kg"
Saqueta puré de fruta e bolacha,PorSi,Embalagem de 90g,"0,74 €","8,22 €/Kg"
Alimento completo p/ piriquitos,Petzezere,Embalagem de 1 kg,"2,59 €","5,18 €/Kg"
Agrião,Florette,embalagem de 125 g,"1,19 €","11,90 €/Kg"
Leite Bem Essencial cereais,Mimosa,Embalagem de 4 x 200 ml,"1,99 €","2,49 €/L"
"Gel banho, sport marine",Labell Men,Embalagem de 250 ml,"0,89 €","3,56 €/L"
Batata frita forno camponesas,Lay's,Embalagem de 130g,"1,19 €","6,43 €/Kg"
Cerveja super bock,Super Bock,Pack 6 x 200 ml,"1,99 €/L","1,99 €/L"
Azeite virgem clássico,PorSi,Garrafa de 750 ml,"3,19 €","4,25 €/L"
Iogurte cremoso natural,Danone,Embalagem de 4 x 120 g,"0,65 €","1,30 €/Kg"
Tablete triple chocolate,Milka,Embalagem de 90g,"0,53 €","5,30 €/Kg"
Massa macarronete riscado,Nacional,Embalagem de 500g,"1,39 €","1,39 €/Kg"
"Máquina depiladora descartável, Blue II Feminina",Gillette,Embalagem de 5+1 unidades,"12,99 €","12,99 €/Unidade"
Café em cápsulas dolce gusto galão,Nescafe,Embalagem de 16 cápsulas,"54,36 €/Kg","54,36 €/Kg"
Spray de limpeza casa de banho,Seventh Generation,Embalagem de 500 ml,"3,99 €","7,98 €/L"
Óleo Gasolina 20w40,PorSi,Embalagem de 5 l,"14,99 €","14,99 €/L"
Refrigerante com gás de laranja,Sumol,"Garrafa de 1,25 l","0,79 €","0,40 €/L"
Queijo Curado Apimentado,Quinta do Convento,500 g,"2,50 €","9,99 €/Kg"
Café lote bocage moagem única,Nicola,Embalagem de 250g,"9,16 €/Kg","9,16 €/Kg"
Caixa Hermética Rectangular 2.6 lt,Domédia,1 unidade,"1,11 €","1,11 €/Unidade"
Achocolatado em saco,Nesquik,Embalagem de 1 kg,"5,65 €","7,06 €/Kg"
Cd aroma moran/coco/f.silv 120gx8,Danone,Embalagem de 960g,"2,59 €","5,40 €/Kg"
Coleira em nylon p/ cão  repelente 60cm,Repul' 7,Embalagem de 1 unidades,"3,85 €","3,85 €/Unidade"
Melão Verde,Fruta da Época,Vendido ao peso | 1 un = 4kg (aprox.),"4,98 €","1,99 €/Kg"
Caderno Agrafado Capa Preta |A5 Quadriculado,Domédia,1 unidade,"3,79 €","3,79 €/Unidade"
Queijo amanteigado fatias,Paiva,Embalagem de 180 g,"1,56 €","7,80 €/Kg"
Ice tea limão,Lipton,pack 6 x 0.25 l,"1,09 €","0,91 €/L"
Spray limpa vidros,Ajax,Embalagem de 500 ml,"3,29 €","6,58 €/L"
"Presunto Metades, 6 meses de cura",PorSi,"Vendido ao peso, fatiado a partir de 100 gr","2,79 €","13,95 €/Kg"
Costeletas do Cachaço,Porco,Vendido ao peso a partir de 1 kg,"1,40 €","5,58 €/Kg"
Camarão cozido 40/60,PorSi,Embalagem de 500 g,"6,99 €","13,98 €/Kg"
Queijo Rolo de Cabra,Soignon,embalagem de 180 g,"1,49 €","7,45 €/Kg"
Iogurte líquido yoggi morango/banana,Nestle,Embalagem de 4 x 160 g,"1,17 €","1,83 €/Kg"
Gelado cornetto mini clássico,Olá,Embalagem de 8 x 60 ml,"5,99 €","16,64 €/L"
Queijo flamengo fatiado,PorSi,Embalagem de 200G,"1,56 €","7,80 €/Kg"
"Gel de banho para corpo/cabelos, para bebé",Pommette,Embalagem de 250 ml,"2,59 €","2,59 €/Unidade"
Ameijoa Branca Grande,Marisco Fresco,1 un = 250 g (aprox.),"2,00 €","7,99 €/Kg"
Arroz carolino,Louro,Embalagem de 1 kg,"0,99 €","0,99 €/Kg"
Esfregão de Teflon,Fino,1 unidade,"0,79 €","0,79 €/Unidade"
Zero snack 35 g chocolate duplo,Prozis,Embalagem de 40g,"1,19 €","2,98 €/Kg"
Bolachas mini,Oreo,Embalagem de 160g,"0,79 €","4,49 €/Kg"
Ambientador Arbre Lavanda,Arbre Magique,3 unidade,"2,89 €","2,89 €/Unidade"
Mousse de chocolate leite,Páturages,Embalagem de 4x60 g,"1,25 €","2,72 €/Kg"
"Gelatina pronto a comer, 10kcal limão",Royal,Embalagem de 4 x 100 g,"0,85 €","2,13 €/Kg"
Sumo essencial pera,Compal,pack 3 x 0.11 l,"0,99 €","0,99 €/L"
"Esponja de banho natural, massagem",calypso,1 unidade,"3,99 €","3,99 €/Unidade"
Queijo Curado kg,Castelões,1 un = 250 gr  (aprox.),"6,49 €","25,45 €/Kg"
Pack 5 veículos sortidos,Hot Wheels,1 embalagem,"9,99 €/Unidade","9,99 €/Unidade"
Bolachas marinheiras chia,Cemporcent,Embalagem de 200g,"2,85 €","14,25 €/Kg"
Cabeça de Aipo,Legumes do Dia,1 un = 500 g (aprox.),"3,49 €","13,96 €/Kg"
Leite com chocolate light,Ucal,Embalagem de 6 x 250 ml,"0,26 €","1,30 €/L"
Feijão manteiga,PorSi,Frasco com 540 g,"1,79 €","2,29 €/Kg"
Elimina odores shoe fresh,Kiwi,Embalagem de 100 ml,"4,75 €","47,50 €/L"
"Espuma de cabelo, volume xxl",Fru style,Embalagem de 200 ml,"4,19 €","16,76 €/L"
Aguardente,1920,Garrafa de 700 ml,"12,79 €","18,27 €/L"
"Agrafos nº24/6, 2000 unidades",Maped,Uma embalagem,"1,49 €","1,49 €/Unidade"
Smooth Lâminas Para Máquina De Depilação,Venus,4 Unidades,"12,99 €","12,99 €/Unidade"
Al Dente Rolo Couro,Bribon,8 Unidades,"0,94 €","5,22 €/Kg"
Sumo 100% Frutos Tropicais,Paquito,Embalagem de 1 l,"1,69 €","1,69 €/L"
Snacks croc.amendoim,PorSi,Embalagem de 90g,"0,79 €","7,90 €/Kg"
Clementina,Programa Origens,,"0,25 €","2,49 €/Kg"
Cola apanha ratos,Neolar,Embalagem de 200 ml,"5,09 €","8,48 €/L"
Fruta pura maçã banana,Bledina,Embalagem de 4 x 100 g,"0,74 €","8,22 €/Kg"
Iogurte magro morango sem lactose,Mimosa,Embalagem de 4x 120 g,"0,99 €","1,32 €/Kg"
Discos Sanitários Activos Aparelho Lavanda,WC Pato,Embalagem de 36 ml,"2,99 €","74,75 €/Kg"
Jardineira,PorSi,Embalagem de 400 g,"1,89 €","1,89 €/Kg"
Sumo concentrado de laranja/maracujá,GUD,Garrafa de 740 ml,"4,99 €","6,74 €/L"
Água c/ gás original,Frize,pack 6 x 0.25 l,"2,95 €","2,95 €/L"
Tomates Cacho Redondos Biológicos,PorSi Bio,± 400 g,"1,89 €","9,45 €/Kg"
Sumo essencial pera,Compal,pack 3 x 0.11 l,"2,29 €","6,94 €/L"
Aguardente velhíssima,São Domingos,Garrafa de 0.70 l,"12,79 €","18,27 €/L"
Farinha de aveia bio,PorSi Bio,Embalagem de 200 g,"1,79 €","8,95 €/Kg"
Leite condensado,PorSi,Embalagem de 397 g,"1,09 €","2,75 €/Kg"
Bolacha filipinos chocolate branco,Artiach,Embalagem de 140g,"0,79 €","5,27 €/Kg"
Actimel tutti-frutti,Danone,Embalagem de 6 x 100g,"4,15 €/Kg","4,15 €/Kg"
Rabos,Porco,1 un = 250 gr  (aprox.),"0,60 €","5,99 €/Kg"
Ração para gato bolas de pelo com frango,Friskies,"Embalagem de 1,5kg","12,99 €","4,33 €/Kg"
Bolachas cracker sem sal,PorSi,Embalagem de 500g,"0,39 €","3,12 €/Kg"
Soro fisiológico,PorSi,Embalagem de 100 ml,"0,59 €","5,90 €/L"
Barras fitness com morango,Nestle,Embalagem de 140g,"3,49 €","27,05 €/Kg"
Azeite de moura virgem extra bio,PorSi Bio,Garrafa de 500 ml,"3,19 €","4,25 €/L"
"Alimento húmido para cão, Almôndegas de Carnes",Top Budget,Embalagem de 1230g,"4,85 €/Kg","4,85 €/Kg"
Café solúvel em saquetas,Nescafe,Embalagem de 45 g,"1,45 €","14,50 €/Kg"
Fraldas Activity Extra T5 |13-19 kg,Dodot,48 Unidade,"13,29 €/Unidade","13,29 €/Unidade"
10 pães de leite,PorSi,Embalagem de 350g,"2,59 €","7,40 €/Kg"
Leite de pastagem meio gordo,Terra Nostra,Embalagem de 1 l,"0,81 €","0,81 €/L"
O cacau puro,Cemporcent,Embalagem de 200g,"2,29 €","11,45 €/Kg"
Penso Higiénico Ultra Normal Abas,Labell,Embalagem com 28 un.,"4,99 €","4,99 €/Unidade"
"Coloração permanente, preto natural, nº3",Excellence,1 unidade,"9,49 €/Unidade","9,49 €/Unidade"
Creme culinário de soja,Shoyce,Garrafa de 200 ml,"1,45 €","7,25 €/L"
Spray power&shine vidros,Cif,Garrafa de 750 ml,"4,19 €","5,59 €/L"
Bolacha infantil dinossaurus mini dino chocolate,Artiach,Embalagem de 120g,"1,95 €","16,25 €/Kg"
Martini fiero,Martini,Garrafa de 750 ml,"10,49 €","14,99 €/L"
Ervilhas,Iglo,"Embalagem de 1,125 kg","1,89 €","1,89 €/Kg"
Mini tostas integrais,PorSi,Embalagem de 180g,"2,49 €","7,11 €/Kg"
Ovos Frescos Omega 3 de Galinhas Solo,PorSi Viva Bem,Embalagem com 6 unidades,"2,28 €","2,28 €/Unidade"
Molho de maionese com alho e ervas,PorSi,Garrafa de 120 ml,"0,70 €","2,33 €/Kg"
Filetes primavera sementes de quinoa,Iglo,Embalagem de 250 g,"7,89 €/Kg","7,89 €/Kg"
Salsichas frescas | 3 Merguez e 3 Chipolata,PorSi,330 g,"0,99 €","7,07 €/Kg"
"Chantilly, spray",Páturages,Embalagem de 250g,"1,14 €","5,70 €/L"
Detergente liquido loiça clássico,PorSi,Garrafa de 1 litro,"3,29 €","5,48 €/L"
Azeitona verde inteira com alho,PorSi,Vendido ao peso a partir de 500 g,"2,20 €","4,39 €/Kg"
Pensos Higiénicos Cottonlike com Abas Normal Plus,Evax,28 unidades,"4,99 €","4,99 €/Unidade"
"Elixir bocal, menta",Labell,Embalagem de 500 ml,"1,39 €","2,78 €/L"
Snack para gato seaside,Felix,Embalagem de 60g,"0,99 €","16,50 €/Kg"
Creme abrasivo c/ lixívia,Cif,Garrafa de 500 ml,"0,99 €","1,32 €/L"
Spray limpeza casa de banho optimal 7,Ajax,Embalagem de 500 ml,"3,99 €","7,98 €/L"
Limpa vidros azul,PorSi,Embalagem de 1 l,"3,99 €","0,80 €/L"
Sardinhas em óleo picante,Ramirez,Embalagem de 130g,"9,08 €/Kg","9,08 €/Kg"
Bife da Alcatra,Novilho,1 un = 200 gr (aprox.),"4,78 €","5,98 €/Kg"
Tomates Cereja Cocktail Biológicos,PorSi Bio,± 250 g,"1,89 €","9,45 €/Kg"
Sobremesa danette duplo baunilha e caramelo,Danone,Embalagem de 4 x 125 g,"1,25 €","2,72 €/Kg"
Pastilhas ice spearmint,CHICLETS,Embalagem de 17 g,"0,75 €","50,00 €/Kg"
Rolo de Carne sem Recheio,Novilho,1 un = 500 gr (aprox.),"6,29 €","15,73 €/Kg"
Brioche Trançado,Pasquier,Embalagem de 500 g,"0,99 €","1,65 €/Kg"
Leite uht meio gordo,Mimosa,Embalagem de 1 litro,"0,81 €","0,81 €/L"
Sopa de cozido,Knorr,Embalagem de 70g,"2,25 €","32,14 €/Kg"
Bio pimentos doces padrao,PorSi Bio,Embalagem de 250g,"3,50 €","6,99 €/Kg"
Polpa tomate biológico,Guloso,Embalagem de 500g,"2,99 €","5,98 €/Kg"
Cogumelo Portobello Laminado,Legumes do Dia,embalagem de 300 g,"1,89 €","6,30 €/Kg"
8 salsichas aves,Izidoro,Embalagem de 200g,"0,75 €","3,75 €/Kg"
Shampô laranja,Ecauto,"Embalagem de 2,5 l","3,99 €","0,80 €/L"
Cerveja com álcool,Sagres,"Embalagem de 0,33 l","1,99 €/L","1,99 €/L"
Molas de madeira,PorSi,36 unidades,"0,89 €","0,89 €/Unidade"
Puré de cenoura e abóbora,Bonduelle,Embalagem de 420g,"1,99 €","6,63 €/Kg"
Salsichas extra suculentas de frango,Nobre,Frasco de 210g,"0,75 €","3,75 €/Kg"
"Fiambre extra, fatiado",PorSi,Embalagem de 200g,"0,97 €","6,49 €/Kg"
Marmelada,Ferbar,Embalagem de 800g,"1,09 €","2,42 €/Kg"
Queijo de cabra gourmet,Palhais,Embalagem de 180g,"1,89 €","10,50 €/Kg"
Sobremesa gelatina de morango,PorSi,Embalagem 4X100G,"0,85 €","2,13 €/Kg"
Soda water,Schweppes,Garrafa de 250 ml,"5,49 €","5,49 €/L"
Óleo bons sonhos,Johnson's Baby,Embalagem de 300 ml,"2,59 €","2,59 €/Unidade"
Bolachas crackers com sal,PorSi,Embalagem de 500g,"0,39 €","3,12 €/Kg"
Líquido wc duraguard pinho da montanha,Harpic,Garrafa de 750 ml,"3,99 €","7,98 €/L"
Vinho doc alentejo tinto,Albarrada,Garrafa de 750 ml,"2,89 €","3,85 €/L"
Patê frango,La piara,Embalagem de 80g,"1,19 €","13,52 €/Kg"
"Recarga para ambientador elétrico, white bouquet duo",Air Wick,Embalagem de 2 unidades,"11,98 €","11,98 €/Unidade"
Toalhetes Íntimos Suaves,Corine de Farme,Embalagem com 10 un.,"2,29 €","2,29 €/Unidade"
Ambientador elétrico pure clean linen + recarga,Glade,1 unidade,"3,74 €","3,74 €/Unidade"
Tablete de chocolate preto,Nestle,Embalagem de 130g,"0,99 €","4,95 €/Kg"
Chocolate culinário em pó,PorSi,Embalagem de 125 g,"1,08 €","8,64 €/Kg"
Descafeinado aroma e leveza,Nicola,12 cápsulas,"28,40 €/Kg","28,40 €/Kg"
Wrap atum,Snock,Embalagem de 170g,"0,69 €","0,69 €/Unidade"
Iogurte líquido infantil morango e banana,PorSi,Pack 6 x 100 g,"1,17 €","1,83 €/Kg"
Refrigerante com gás guaraná,Antartica,"Garrafa de 1,5 l","0,79 €","0,40 €/L"
Sementes de girassol,PorSi Viva Bem,Embalagem de 200 g,"1,59 €","10,60 €/Kg"
"Leite uht, magro",Serraleite,Embalagem de 1 l,"0,81 €","0,81 €/L"
Escova para lavar,PorSi,1 unidade,"2,20 €","2,20 €/Unidade"
Toalha de Mesa Anti Nódoas,VZT,Dim.: 150 x 250 cm,"13,99 €","13,99 €/Unidade"
Bolachas ricanela,Cuetara,Embalagem de 400g + 100g grátis,"0,39 €","3,12 €/Kg"
Café torrado moído arábica intensidade 7,Buondi,Embalagem de 200 g,"9,16 €/Kg","9,16 €/Kg"
Carne para Alentejana Temperada,Porco,1 un = 250 gr  (aprox.),"6,29 €","15,73 €/Kg"
Bróculos Cortados,ELS,Embalagem de 500 g,"1,69 €","1,69 €/Kg"
Esparguete,PorSi,Embalagem de 1 kg,"1,39 €","1,39 €/Kg"
Néctar de laranja,Bongo,Garrafa de 1 l,"0,99 €","0,99 €/L"
Whisky,Cutty Sark,Garrafa de 700 ml,"11,49 €","16,41 €/L"
Lombinho Recheado,Porco,1 un = 500 gr (aprox.),"6,29 €","15,73 €/Kg"
Dessert topping chocolate,Winsenia,Embalagem de 300g,"1,29 €","3,23 €/Kg"
Lava tudo antibacteriano floral,PorSi,"Garrafa de 1,5 l","1,89 €","1,26 €/L"
Sobremesa paturette baunilha,Páturages,Embalagem de 4 x 115 g,"1,25 €","2,72 €/Kg"
Queijo dop cura 4 meses fatias,Sao jorge,Embalagem de 400g,"2,50 €","9,99 €/Kg"
Vinho regional lisboa branco,Marginal,Garrafa de 750 ml,"3,99 €","5,32 €/L"
Furador com 2 furos,Domédia,1 unidade,"2,19 €","109,50 €/L"
Caderno Espiral Capa Dura A4 Quadriculado,Domédia,1 un.,"3,79 €","3,79 €/Unidade"
Lixívia Tradicional,Neoblanc,Embalagem de 4 l,"1,74 €","0,35 €/L"
Ambientador arbremagique pinho,Arbre Magique,1 unidade,"2,89 €","2,89 €/Unidade"
Livro A Cinderela,Europrice,1 unidade,"3,79 €/Unidade","3,79 €/Unidade"
Chá preto frutos vermelhos,PorSi,Embalagem de 40g,"1,99 €","49,75 €/Kg"
Red Fish,Peixe Congelado,300 a 500 g,"3,99 €/Kg","3,99 €/Kg"
Pó de talco,PorSi,Embalagem de 250g,"0,59 €","5,90 €/L"
Dawnut Açucarado,Pastelaria do Dia,48g,"0,49 €/Unidade","0,49 €/Unidade"
Água com gás natural pet,P.salgadas,pack 6 x 0.33 l,"2,95 €","2,95 €/L"
Mistolin advanced lixívia,Mistolin,Garrafa de 500 ml,"1,49 €","1,99 €/L"
"Vela com número, nº2",PorSi,1 unidade,"1,19 €","1,19 €/Unidade"
Snack para gato de galinha e pato,Catisfactions,Embalagem de 60g,"0,99 €","16,50 €/Kg"
Café Torrado em Grão Colômbia,Delta,Embalagem de 220g,"9,16 €/Kg","9,16 €/Kg"
"Comida húmida para cão adulto com frango, vaca e bor...",Friskies,Embalagem de 400g,"4,85 €/Kg","4,85 €/Kg"
Vinho maduro branco,Ala dos namorados,Garrafa de 75 cl,"2,29 €","3,05 €/L"
Cereais choco max,Nacional,Embalagem de 300 g,"5,07 €/Kg","5,07 €/Kg"
Sementes de chia,PorSi Viva Bem,Embalagem de 150 g,"1,59 €","10,60 €/Kg"
Sobremesa tiramisú,Páturages,Embalagem de 4 x 80 g,"0,56 €","2,80 €/Kg"
Extra vitamina de a a z,PLANTANATU,Embalagem de 1 unidades,"9,95 €","9,95 €/Unidade"
Rebuçados peitorais,Dr.bayard,Embalagem de 200g,"0,77 €","3,85 €/Kg"
Queijinhos Babybel Mix,Babybel,Embalagem de 180g,"0,85 €","24,29 €/Kg"
Mini Tostas de Trigo,PorSi,Embalagem de 350 g,"2,49 €","7,11 €/Kg"
Lixívia Spray Multiusos,Neoblanc,Embalagem de 650ml,"1,09 €","0,55 €/L"
Aperitivos de amendoins sal e mel,Matutano,Embalagem de 70g,"0,79 €","7,90 €/Kg"
Gomas ositos de oro,Haribo,Embalagem de 100g,"0,99 €","9,90 €/Kg"
Aroma baunilha fr.plast.200ml,Vahine,Garrafa de 200 ml,"0,68 €","13,60 €/Kg"
Chantilly,President,Embalagem de 250 g,"1,14 €","5,70 €/L"
Licor frutos tropicais,Safari,Garrafa de 700 ml,"16,99 €","24,27 €/L"
"Na-farinha de aveia 400g 3,2kg",Nacional,Embalagem de 400g,"2,65 €","6,63 €/Kg"
Recarga Esfregona de Microfibras,PorSi,1 unidade,"0,89 €","0,89 €/Unidade"
Achocolatado em pó,Ovomaltine,Embalagem de 400g,"5,65 €","7,06 €/Kg"
"Sangria tinta, bag in the box",Leziria,Garrafa de 5 l,"6,99 €","1,40 €/L"
Havana club-añejo 7 anos,Havana,Garrafa de 700 ml,"17,49 €","24,99 €/L"
Assador Castanhas em Barro,Produto selecionado,Diam.: 17 cm,"4,99 €/Unidade","4,99 €/Unidade"
Pudim de baunilha,PorSi,Embalagem de 90g,"0,44 €","4,00 €/Kg"
Esferográfica Preta Média,Mab,Embalagem com 4 un.,"2,99 €","2,99 €/Unidade"
"Guardanapos brancos, 33x33cm, 2 folhas, 90 unidades",Renova,Uma embalagem,"1,29 €","1,29 €/Unidade"
Choco flakes,Cuetara,Embalagem de 500g,"5,07 €/Kg","5,07 €/Kg"
Vinho frisante tinto,Aldeia sol,Garrafa de 750 ml,"2,29 €","3,05 €/L"
"Chocolate kit kat, single",Kit kat,Embalagem de 40g,"16,40 €/Kg","16,40 €/Kg"
"Coloração permanente, vermelho ousado nº5.62",Nutrisse,1 unidade,"9,49 €/Unidade","9,49 €/Unidade"
Pescada 3 Chile,Peixe Congelado,1 un= 1 kg (aprox.),"3,99 €/Kg","3,99 €/Kg"
Couve Lombarda,Legumes do Dia,1 un=1 kg (aprox.),"1,69 €","1,69 €/Kg"
Lixívia Spray Mousse Flor,Neoblanc,Embalagem de 700ml,"1,09 €","0,55 €/L"
"Rebuçados de fruta, diamante",PorSi,Embalagem de 200 g,"1,00 €","5,00 €/Kg"
Kunquat,Fruta do Dia,1 un = 20 gr (aprox.),"2,29 €/Kg","2,29 €/Kg"
Lixívia Spray Mousse,Neoblanc,Embalagem de 700ml,"1,09 €","0,55 €/L"
Desinfetante Multiusos,Sanytol,Embalagem de 750 ml,"2,99 €","5,44 €/L"
Alface Frisada,*,1 un= 400 g (aprox.),"1,00 €","2,49 €/Kg"
"Massa polir, em bisnaga",Redex,Embalagem de 125 ml,"3,99 €","0,80 €/L"
Super Cola 3 Precisão C/ 50% Grátis,Loctite,7.5 g,"2,75 €","91,67 €/Kg"
Cestos com tampa e juta,*,3 unidades,"17,99 €/Unidade","17,99 €/Unidade"
Bolachas bambolitos chocolate e leite,PorSi,Embalagem de 150g,"0,79 €","5,27 €/Kg"
Bombons avelã e amêndoas,Merci,Embalagem de 100g,"31,40 €/Kg","31,40 €/Kg"
Fiambre da Pá,Salsicharia Limiana,1 un = 150 gr (aprox.),"0,97 €","6,49 €/Kg"
Ração seca mix para cão adulto,PorSi,Embalagem de 20 kg,"22,99 €","1,15 €/Kg"
Água c/ gás limão,Frize,pack 4 x 0.25 l,"2,95 €","2,95 €/L"
Flan sabor a baunilha com caramelo,PorSi,Embalagem de 6 x 100 g,"1,25 €","2,72 €/Kg"
Sopa de caldo verde Programa Origens,PorSi,Embalagem de 250g,"1,19 €","11,90 €/Kg"
Dinosaurus chocoleche 340gr.         *12,Artiach,Embalagem de 340g,"3,39 €","9,97 €/Kg"
Tira Nódoas em Pó Cores,Skip,1 kg,"10,99 €","52,33 €/Kg"
Vinho de mesa tinto bag in box,Adega grande,Garrafa de 5 l,"17,99 €","1,80 €/L"
Bandas de cera axilas/bikini,Labell,Embalagem com 16 un. + 4 toalhitas de acabamento,"6,99 €","6,99 €/Unidade"
Queijo Mozzarella Light,Galbani,125 g,"1,99 €","9,95 €/Kg"
"Caixa com saquetas de  pau de canela, 30 unidades",PorSi,Embalagem 90G,"2,29 €","30,53 €/Kg"
Choco rice,Cemporcent,Embalagem de 250g,"1,19 €","2,98 €/Kg"
Acelgas biológicas,PorSi Bio,350 g (aproximadamente),"3,49 €","13,96 €/Kg"
"Elixir bocal, dentes e gengivas",Listerine,Embalagem de 250 ml,"1,39 €","2,78 €/L"
Café em cápsulas deqafeitatus,Delta Q,Embalagem de 55 g,"54,36 €/Kg","54,36 €/Kg"
Vinho rosé regional península de Setúbal,Selecção de Enófilos,Garrafa de 0.75 l,"8,59 €","11,45 €/L"
Manteiga c/ sal gourmet,Novacores,Embalagem de 250g,"1,69 €","6,76 €/Kg"
"Pensos, 20 unidades",Hansaplast,1 embalagem,"3,99 €","3,99 €/Unidade"
Guardanapos Gold 2 folhas,Renova,Dim.: 39x39cm,"1,29 €","1,29 €/Unidade"
"Coleira tipo escocês, para gato",Anivite,1 unidade,"3,99 €","3,99 €/Unidade"
Tomate frito,Heinz,Embalagem de 350g,"1,95 €/Kg","1,95 €/Kg"
Vinho do Porto 10 Anos,Ramos Pinto,Garrafa de 0.75 l,"10,99 €","14,65 €/L"
Naperon redondo 35 cm,PorSi,Embalagem com 6 unidades,"0,99 €","0,99 €/Unidade"
Filetes primavera limão,Iglo,Embalagem de 230g,"7,89 €/Kg","7,89 €/Kg"
Gelatina ananás 10kcal,Royal,Embalagem de 30g,"0,55 €","61,11 €/Kg"
Chocolate lion,Lion,Embalagem de 40g,"16,40 €/Kg","16,40 €/Kg"
"Alimento seco para gato adulto, atum",Whiskas,Embalagem de 350g,"12,99 €","4,33 €/Kg"
Desodorizante roll-on invisible,Rexona,Embalagem de 50 ml,"50,80 €/L","50,80 €/L"
Azeite virgem extra seleção,PorSi,Garrafa de 2 l,"3,19 €","4,25 €/L"
Tablete de chocolate negro,PorSi Select,200 g,"4,09 €","14,82 €/Kg"
Água s/ gás,Luso,Garrafa de 7 l,"0,63 €","0,13 €/L"
20 saquetas chá de limão,Lipton,Embalagem de 40g,"58,00 €/Kg","58,00 €/Kg"
Lombos de salmão,PorSi,Embalagem de 300g,"4,39 €","10,98 €/Kg"
Vinho tinto alentejo,Loios,Garrafa de 750 ml,"2,89 €","3,85 €/L"
Banha,PorSi,Embalagem de 940 g,"2,89 €","2,89 €/Kg"
Creme vegetal sabor a manteiga,Becel,Embalagem de 450 g,"1,45 €","7,25 €/L"
Bastão de Cola,Domédia,10 g,"1,45 €","1,45 €/Unidade"
Cápsulas de café com leite cappuccino,Nescafe,Embalagem com 16 cápsulas,"54,36 €/Kg","54,36 €/Kg"
Framboesa,PorSi,Embalagem com 125g,"0,50 €","1,99 €/Kg"
Marmelada,PorSi,Embalagem de 450g,"1,09 €","2,42 €/Kg"
Escova de Dentes Flex Interdental,Aquafresh,2 + 1 unidades,"3,99 €","3,99 €/Unidade"
Óleo alimentar,Vaqueiro,Garrafa de 3 l,"3,49 €","3,49 €/L"
Peito de peru,PorSi,"Vendido ao peso, fatiado a partir de 150 g","1,50 €","9,99 €/Kg"
Néctar clássico de pera,Compal,Garrafa de 200 ml,"0,99 €","0,99 €/L"
Azeite virgem delicado,Gallo,Garrafa de 750 ml,"3,19 €","4,25 €/L"
Ambientador vela frutos vermelhos,PorSi,1 unidade,"34,81 €/Kg","34,81 €/Kg"
Papel p/ Fotocópia Business A4 80 g,Xerox,500 Folhas,"2,19 €","109,50 €/L"
Iogurte pedaços ananás,PorSi,Embalagem de 4 x 125 g,"4,36 €","2,18 €/Kg"
"Livro ""Era uma vez contos intemporais""",Yoyo Books,1 unidade,"3,79 €/Unidade","3,79 €/Unidade"
Detergente líquido máquina de roupa lavanda,PorSi,86 Doses,"8,59 €","2,00 €/L"
Entrecosto,Porco,Vendido ao peso a partir de 1 kg,"1,40 €","5,58 €/Kg"
Sabonete Liquido Gel Antibacteriano,Labell,Embalagem de 300 ml,"1,19 €","2,38 €/L"
Sopa 100% de cogumelos,Knorr,embalagem com 57 g,"2,25 €","32,14 €/Kg"
Maionese,PorSi,Embalagem de 414 g,"0,70 €","2,33 €/Kg"
Sal marinho grosso,Vatel,Embalagem de 1 kg,"2,29 €","30,53 €/Kg"
Queijo Mozzarela Mini Bolas,Galbani,Embalagem de 150 g,"1,49 €","7,45 €/Kg"
Champô anti-caspa,Labell,Embalagem de 400 ml,"9,36 €/L","9,36 €/L"
Sacos do lixo perfumado 30 litros,PorSi,15 unidades,"1,79 €","1,79 €/Unidade"
Ice tea de manga,PorSi,"Embalagem de 6x0,20 l","1,09 €","0,91 €/L"
Cebola picada em pacote,PorSi,Embalagem de 40 g,"2,29 €","30,53 €/Kg"
Nuggets pescada panada,Pescanova,Embalagem de 1Kg,"7,89 €/Kg","7,89 €/Kg"
"Bacalhau graúdo inteiro salgado, seco",Bacalhau da Islândia,1 un= 2.5kg (aprox.),"8,73 €/Kg","8,73 €/Kg"
Bolacha c/ recheio chocolate finas,Oreo,Embalagem de 190g,"0,79 €","4,49 €/Kg"
Fiambre da perna extra baixo teor de gordura fatias ...,PorSi Viva Bem,Embalagem de 200 g,"0,97 €","6,49 €/Kg"
Ambientador vela odor cozinha,PorSi,1 unidade,"34,81 €/Kg","34,81 €/Kg"
Bolacha cream cracker,Cuetara,Embalagem de 200g,"0,39 €","3,12 €/Kg"
Bastão de cola,Domédia,20 g,"2,19 €","109,50 €/L"
Peito de frango fatias finas,Nobre,Embalagem de 110g,"1,50 €","9,99 €/Kg"
Refrigerante c/ gás,Pepsi,Pack 6 x 0.33 l,"0,79 €","0,40 €/L"
Iogurte arôma de frutos vermelhos,PorSi,Embalagem de 8x125 g,"2,59 €","5,40 €/Kg"
Senses Tropical,Trident,1 un.,"0,75 €","50,00 €/Kg"
Pao brioche fatiado,PorSi,Embalagem 500G,"0,99 €","1,65 €/Kg"
Queijo fatiado cheddar,PorSi,Embalagem de 150 g,"1,56 €","7,80 €/Kg"
Mangericão em vaso,Aroma viva,Embalagem de 1 unidades,"1,15 €","38,33 €/Kg"
Carcaça Rústica 70 g,Pão do Dia,,"0,19 €","2,71 €/Kg"
Tablete de chocolate amendoim,Nestle,Embalagem de 90 g,"4,09 €","14,82 €/Kg"
18 hamburguers s/ glúten vaca,Capitão Iglo,Pack familiar com 1.4 kg,"2,79 €","8,72 €/Kg"
Gelado magnum pint clássico,Olá,Embalagem de 440 ml,"6,79 €","14,76 €/L"
Queijo fresco sem lactose,Matinal,Embalagem de 216g,"2,49 €","11,53 €/Kg"
Cabide anti humidade roupa limpa,HUMYDRY,embalagem de 250 g,"6,45 €","86,00 €/Kg"
"Vela em número, nº 3",PorSi,1 unidade,"1,19 €","1,19 €/Unidade"
Caldo de galinha 24 cubos,Knorr,Embalagem de 240g,"1,95 €/Kg","1,95 €/Kg"
"Espuma cabelo, hidra caracóis",Fru style,Embalagem de 200 ml,"4,19 €","16,76 €/L"
Lixívia para roupa delicada,Vanish,Garrafa de 2 l,"4,49 €","1,12 €/L"
"Esferográfica cristal, 5 Uni",Bic,1 unidade,"2,99 €","2,99 €/Unidade"
"Gomas talhadas, sabor a melancia",Fini,Embalagem de 100 g,"0,99 €","9,90 €/Kg"
"Mini rissóis de carne, 20 unidades",PorSi,Embalagem de 300 g,"2,99 €","9,97 €/Kg"
Queijo regional,Qj.saloio,Embalagem de 200g,"1,89 €","10,50 €/Kg"
Beira interior colheita 2013,Beyra,Garrafa de 0.75 l,"2,92 €/L","2,92 €/L"
Batata pré-frita mediterranean,MCCAIN,Embalagem de 750g,"1,49 €","2,48 €/Kg"
Soja fina,PorSi Viva Bem,Embalagem de 400 g,"1,49 €","3,73 €/Kg"
Sabonete líquido Marselha e Azeitona,Labell,Embalagem de 500 ml,"1,19 €","2,38 €/L"
Chupa original,Chupachups,Embalagem de 120g,"3,49 €","29,08 €/Kg"
Lula,Peixe Congelado,1 un= 250 gr (aprox.),"3,99 €/Kg","3,99 €/Kg"
Actimel natural,Danone,Embalagem de 600g,"4,15 €/Kg","4,15 €/Kg"
Porto special reserva,Cruz,"garrafa de 0,75 l","10,99 €","14,65 €/L"
Couve flor bio,PorSi Bio,950 g (aprox.),"1,69 €","1,69 €/Kg"
Pensos Higiénicos Fina e Segura Maxi Super,Evax,Embalagem c/ 13 Unidades,"4,99 €","4,99 €/Unidade"
Salsicha fresca merguez,PorSi,Embalagem de 330 g,"0,35 €","6,99 €/Kg"
"Detergente manual para loiça, limão",Super Pop,Garrafa de 700 ml,"3,29 €","5,48 €/L"
Forma Pão de Ló Antiaderente 24cm,PorSi,1 unidade,"9,99 €","9,99 €/Unidade"
Vinagre de vinho branco,Cristal,Garrafa de 750 ml,"0,49 €","0,98 €/L"
Queijo flamengo 0% lactose,PorSi Viva Bem,Embalagem de 150 g,"2,49 €","11,53 €/Kg"
Elixir oil,Gliss,Embalagem de 75 ml,"1,00 €","5,00 €/L"
"Inseticida elétrico, trio, nigth & day",Raid,1 unidade,"6,49 €","6,49 €/Unidade"
Café moagem universal brasil,Delta,Embalagem de 220g,"9,76 €/Kg","9,76 €/Kg"
Achocolatado em Pó,Nesquik,Embalagem de 390g,"5,65 €","7,06 €/Kg"
Feijão manteiga,Compal,Lata de 410 ml,"1,79 €","2,29 €/Kg"
Doce de abóbora c/ noz,Quinta de Jugais,Embalagem de 280g,"3,69 €","9,97 €/Kg"
Margaritas,Chupa Chups,Embalagem de 175 g,"1,00 €","5,00 €/Kg"
Sidra de maçã,Somersby,Lata de 500 ml,"1,64 €","3,28 €/L"
Folhado Misto 90 g,Pastelaria do Dia,,"0,69 €","0,69 €/Unidade"
Laranja biológica categoria II,PorSi Bio,Emb.: ± 500 g,"0,25 €","2,49 €/Kg"
Fralda Cueca de Banho |Tamanho 5 - 11-18 kg,Pommette,unidade,"4,69 €","4,69 €/Unidade"
Pão ralado clássico,PorSi,Embalagem de 240 g,"0,55 €","2,29 €/Kg"
Iogurte líquido magro mirtilos chá verde sem lactose,Mimosa,4 x 156 ml,"2,49 €","11,53 €/Kg"
Iogurte Líquido Yoggi s/ lactose Stracciatela,Nestle,4 x 160 g,"2,49 €","11,53 €/Kg"
Iogurte sólido sem lactose natural açucarado,Mimosa,Embalagem de 480g,"2,49 €","11,53 €/Kg"
"Batata frita wavy, ondulada",PorSi,Embalagem de 90g,"1,06 €","5,73 €/Kg"
"Pasta dentífrica, 7-13 anos",Labell,Embalagem de 75 ml,"0,99 €","0,99 €/Unidade"
Acetona,PorSi,Embalagem de 200 ml,"1,89 €","9,45 €/L"
Pó baratas e formigas,Baygon,Embalagem de 250 g,"5,49 €","13,73 €/L"
Néctar vital laranja/cenoura/manga,Compal,330 ml,"0,99 €","0,99 €/L"
Polvilho doce,Do Brasil,500 g,"2,65 €","6,63 €/Kg"
Gin dry bombay(40º) 0.70l,Bombay,Garrafa de 700 ml,"16,75 €","23,93 €/L"
Iogurte ananás 000%,PorSi Viva Bem,Embalagem de 4 x 125 g,"0,99 €","1,32 €/Kg"
Achocolatado em pó extra chocolate,Nesquik,Embalagem de 390g,"5,65 €","7,06 €/Kg"
Escova plástica (cores sortidas),PorSi,1 unidade,"0,89 €","0,89 €/Unidade"
Alheira de mirandela,PorSi Select,Embalagem de 200 g,"1,49 €","7,45 €/Kg"
Pipocas coloridas,Orcape,Embalagem de 100g,"0,79 €","7,90 €/Kg"
Concentrado maracujá mix,Sunquick,Garrafa de 580 ml,"4,99 €","6,74 €/L"
"Detergente líquido para loiça, limão",PorSi,Garrafa de 750 ml,"3,29 €","5,48 €/L"
"Comida húmida para cão vaca, frango e borrego",Friskies,Embalagem de 12 x 100 g,"4,85 €/Kg","4,85 €/Kg"
Royal gelatin,Royal,Embalagem de 400g,"0,85 €","2,13 €/Kg"
"Bolachas relieve, mel e coco",PorSi,Embalagem de 700g,"2,82 €","9,40 €/Kg"
Fiambre da Perna Extra,PorSi,1 un = 150 gr (aprox.),"0,97 €","6,49 €/Kg"
Bebida aveia-amêndoa,Alpro,Embalagem de 1 litro,"1,19 €","1,86 €/L"
"Refeição pronta, puré com frango",Bledina,Embalagem de 4 x 100 g,"1,89 €","9,95 €/Kg"
"Limpa vidros, rosa",Redex,Embalagem de 5 l,"3,99 €","0,80 €/L"
Canja de galinha com aletria,Maggi,Embalagem de 80g,"2,25 €","32,14 €/Kg"
Barras fitness chocolate de leite,Nestle,Embalagem de 135 g,"3,49 €","26,85 €/Kg"
Vinho branco alentejo,Loios,Garrafa de 750 ml,"2,89 €","3,85 €/L"
Curgete,Programa Origens,un= 300 gr (aprox.),"1,50 €","4,99 €/Kg"
20 saquetas chá verde pure,Lipton,Embalagem de 30g,"40,31 €/Kg","40,31 €/Kg"
Areia para gatos mineral perfumada,PorSi,Embalagem de 5 kg,"13,99 €","13,99 €/Unidade"
Vinagre vinho branco,PorSi,Garrafa de 500 ml,"0,49 €","0,98 €/L"
Manga fatiada,PorSi,Embalagem de 100 g,"2,29 €/Kg","2,29 €/Kg"
Manteiga com sal cuvete,LORETO,Embalagem de 250g,"1,69 €","6,76 €/Kg"
Cubos de tamboril,Mar Ibérica,Embalagem de 250 g,"4,39 €","10,98 €/Kg"
Massa bagos,PorSi,Embalagem de 250g,"1,39 €","1,39 €/Kg"
Cheeseburger Vaca,Snock,Embalagem de 100 g,"3,39 €","21,19 €/Kg"
Iogurte mix-in smarties baunilha,Nestle,Embalagem de 2 x 128 g,"1,05 €","1,86 €/L"
"Abs odores lavanda, pack 2x150g",Glade,Embalagem de 2x150 g,"16,63 €/L","16,63 €/L"
Liegeois de chocolate,Milchfrisc,Embalagem de 200g,"0,56 €","2,80 €/Kg"
Gronola de aveia chocolate,Nestle,Embalagem de 300g,"3,49 €","27,05 €/Kg"
Detergente manual de roupa,Omo,Embalagem de 540g,"2,38 €","4,67 €/Kg"
Cereais wk kellogg bio chocolate,Kellogg's,300 g,"2,29 €","6,11 €/Kg"
"Alimento para cão adulto bio complex mix, com frango",HappyOne,Embalagem de 4 kg,"22,99 €","1,15 €/Kg"
Ambientador Arbre Limão,Arbre Magique,3 unidade,"2,89 €","2,89 €/Unidade"
Comida húmida para gato seleção de carnes,Gourmet mp,Embalagem de 300g,"2,99 €","7,48 €/Kg"
Formas de alumínio 600 ml,PorSi,5 unidades,"0,99 €","0,99 €/Unidade"
Sumo essencial kids,Compal,pack 3 x 0.11 l,"2,29 €","6,94 €/L"
Pepinex,Legumes do Dia,1 un=400 g (aprox.),"3,49 €","13,96 €/Kg"
Legumes grelhados,PorSi,Embalagem de 750g,"1,89 €","1,89 €/Kg"
Bebida arroz,Alpro,Embalagem de 1 l,"2,19 €","2,19 €/L"
Delícia de bolacha,PorSi,Embalagem de 2x135 g,"0,56 €","2,80 €/Kg"
Néctar de pera rocha e framboesa do Oeste Algarve,Compal,1 litro,"0,99 €","0,99 €/L"
