Nome,Marca,Unidade,Preço Primário,Preço Secundário
Arroz doce especial,Saludaes,Embalagem de 500g,"1,26 €","1,26 €/Kg"
Super tea detox com selénio,Tetley,Embalagem de 40g,"1,19 €","59,50 €/Kg"
Tablete de chocolate amêndoa e caramelo,Milka,Embalagem de 300g,"6,50 €/Kg","6,50 €/Kg"
Gomas de amoras,Fini,Embalagem 100G,"0,99 €","9,90 €/Kg"
Bebida Energética Apple,Hell,250 ml,"1,60 €","3,20 €/L"
Miolo de camarão 80/100,Pescanova,Embalagem de 350g,"8,99 €","25,69 €/Kg"
Saqueta de puré de fruta | maçã + banana + morango,PorSi,90 g,"0,74 €","8,22 €/Kg"
Dentifríco Flúor Gel,Colgate,Embalagem de 75 ml,"2,39 €","31,87 €/L"
"Lixívia, perfume fresco",Neoblanc,Embalagem de 4 l,"2,19 €","1,10 €/L"
Peito de frango,PorSi,Embalagem de 400 g,"1,05 €","2,99 €/Kg"
Borracha para lápis e tinta,Domédia,1 unidade,"3,19 €","3,19 €/Unidade"
Mochila Magic Garden,Safta,1 unidade,"23,49 €","23,49 €/Unidade"
Maxi folhado queijo/fiambre,Pastelaria do Dia,1 unidade = 125 g,"0,65 €","0,65 €/Unidade"
Tisana de chá verde/limão light,Pleno,"Garrafa de 1,5 l","1,14 €","0,76 €/L"
Detergente Líquido p/ Loiça Original,Fairy,"Embalagem de 1,19 l","1,05 €","2,10 €/L"
Gomas tijolos ácidos,PorSi,Embalagem de 300 g,"0,99 €","9,90 €/Kg"
Muesli 3 chocolates,PorSi,500 g,"2,24 €","4,48 €/Kg"
Peito frango fatias finas,PorSi,Embalagem de 150g,"2,25 €","11,25 €/Kg"
Porto white,Ferreira,Garrafa de 750 ml,"11,99 €","15,99 €/L"
Dinossauros ferozes,Lego,1 unidade,"14,99 €/Unidade","14,99 €/Unidade"
Garrafa de Água desporto,Lock&Lock,cap.: 350 ml,"6,99 €","6,99 €/Unidade"
Bollycao® dip dip,Bollycao,Embalagem de 43g,"11,00 €/Kg","11,00 €/Kg"
Pica-Cebola,Imf,1 unidade,"11,99 €","11,99 €/Unidade"
Ração para gato esterilizado com peru,Friskies,Embalagem de 3 kg,"12,99 €","4,33 €/Kg"
Iogurte líquido morango,PorSi,Embalagem de 8x160 ml,"1,31 €","2,05 €/Kg"
Edredão polar padrões sortidos | Dim.: 240 x 220 cm,VZT,Saiba mais nas informações deste produto,"12,00 €/Unidade","12,00 €/Unidade"
Feijão manteiga,PorSi,Embalagem de 420g,"2,19 €","2,81 €/Kg"
Salsichas cocktail,PorSi,Lata com 180 g,"0,75 €","3,75 €/Kg"
Barras fitness natural 141g,Nestle,Embalagem de 140g,"3,29 €","21,93 €/Kg"
Farinha rainha c/ fermento,Nacional,Embalagem de 1000 g,"0,85 €","0,85 €/Kg"
"Limpa móveis pistola, aloé vera",Pronto,Embalagem de 500 ml,"1,29 €","0,86 €/L"
Vinho doc douro tinto,Papa Figos,Garrafa de 0.75 l,"7,49 €","9,99 €/L"
Tablete de chocolate choco jelly,Milka,Embalagem de 250g,"2,29 €","17,62 €/Kg"
Água c/ gás groselha,Frize,pack 4 x 0.25 l,"2,85 €","2,85 €/L"
"Vinho rosé, meio seco",Leziria,Garrafa de 750 ml,"4,29 €","5,72 €/L"
Pacote maçã e pêssego,Nestle,Embalagem de 90 g,"0,74 €","8,22 €/Kg"
Conjunto de medição,Maped,4 peças,"3,29 €","3,29 €/Unidade"
8 hamburguers s/ glúten frango,Capitão Iglo,Embalagem de 480g,"2,79 €","8,72 €/Kg"
Creme para calçado castanho,Splendor,80 ml,"0,99 €","19,80 €/L"
Limpa vidros recarga tripla ação,Ajax,Embalagem de 500 ml,"3,19 €","6,38 €/L"
Bebida energética green,Monster,Garrafa de 500 ml,"1,60 €","3,20 €/L"
Trela Estrangular 120cm,Bribon,1 unidade,"7,99 €","7,99 €/Unidade"
"Iogurte pedaços, frutimax muesli",PorSi,Embalagem de 4 x 125 g,"4,38 €","2,19 €/Kg"
Cebolinho,PorSi,Embalagem de 50g,"0,99 €","19,80 €/Kg"
Sumo essencial de pêssego,Compal,pack 3 x 0.11 l,"0,99 €","0,99 €/L"
Cogumelo portobello pequeno,Legumes do Dia,vendido ao peso,"1,89 €","6,30 €/Kg"
Ambientador sense e spray lavanda e jasmim,Glade,18 ml,"3,74 €","3,74 €/Unidade"
Néctar clássico laranja,Compal,Embalagem de 1 l,"0,99 €","0,99 €/L"
Desinfetante p/ Cozinha,Sanytol,Embalagem de 750 ml,"4,89 €","6,52 €/L"
Guardanapos 2 folhas azul e dourado,PorSi Select,40 unidades,"1,29 €","1,29 €/Unidade"
Gelado magnum after dinner,Olá,Embalagem de 10 x 35 ml,"5,99 €","16,64 €/L"
Manteiga magra baixo teor sal,President,Embalagem de 250g,"1,89 €","7,56 €/Kg"
Óleo de girassol,PorSi,garrafa de 3 litros,"3,39 €","3,39 €/L"
Rum Spiced,Captain Morgan,"Garrafa de 0,70L","17,49 €","24,99 €/L"
Toucinho Fumado Nacos,Damatta,Embalagem de 200 g,"4,15 €","20,75 €/Kg"
Salsichas de porco,Nobre,Lata de 200g,"0,75 €","3,75 €/Kg"
Esferográfica Cor Sortida Média,Mab,Embalagem com 4 un.,"2,69 €","2,69 €/Unidade"
Sabonete Líquido Original,Dove,Embalagem de 250 ml,"1,19 €","3,97 €/L"
Salsichão fuet caseiro,Elpozo,Embalagem de 150g,"0,95 €","9,49 €/Kg"
Salsichas frasco hot dog,PorSi,Embalagem 540G,"0,75 €","3,75 €/Kg"
Queijo de nisa dop,PorSi Select,1 unidade = 280g (aprox.),"2,87 €","15,94 €/Kg"
Mala de ferramentas,Itools,49 peças,"5,99 €","5,99 €/Unidade"
Arroz estufado,Caçarola,Embalagem de 1 kg,"1,26 €","1,26 €/Kg"
Amaciador concentrado para roupa floral,PorSi,80 doses,"2,69 €","1,35 €/L"
Lápis de cera,Giotto,embalagem com 12 unidades,"4,69 €","4,69 €/Unidade"
Limpa Motores,PorSi,Embalagem de 1 l,"3,99 €","0,80 €/L"
Refrigerante c/ gás ananás,Sumol,pack 4 x 1.25 l,"0,79 €","0,40 €/L"
Café lote normal moagem grossa,PorSi,Embalagem de 250 g,"3,49 €","13,96 €/Kg"
Broa de Milho,Pão do Dia,1 unidade= 400 g,"0,19 €","2,38 €/Kg"
"Gel para o cabelo, pasta remix",Studio Line,Embalagem de 150 ml,"4,19 €","16,76 €/L"
Vinho tinto regional peninsula de setúbal,Fonte nico,Garrafa de 750 ml,"2,99 €","3,99 €/L"
Papa infantil láctea maçã +6 meses,Cerelac,Embalagem de 250g,"4,99 €","4,99 €/Kg"
Manteiga sem sal,Primor,Embalagem de 250g,"1,89 €","7,56 €/Kg"
Polpa tomate biológico,Guloso,Embalagem de 500g,"3,65 €","7,30 €/Kg"
Linguas de gato,PorSi,Embalagem de 200 g,"0,69 €","3,45 €/Kg"
Xarope de chocolate zero,Prozis,Embalagem de 290g,"3,99 €","7,98 €/Kg"
"Máquina depiladora descartável, Blue II Feminina",Gillette,Embalagem de 5+1 unidades,"3,29 €","3,29 €/Unidade"
Atum posta em óleo,General,Embalagem de 110g,"0,89 €","7,42 €/Kg"
Chá peso noite,PLANTANATU,Embalagem de 10 unidades,"1,25 €","1,25 €/Unidade"
"Vinho tinto regional, península de setúbal, bag-in-b...",Dom Campos,Garrafa de 5 l,"9,49 €","1,90 €/L"
Gin dry,Gordons,Garrafa de 700 ml,"19,79 €","19,79 €/L"
Pensos Higiénicos Cottonlike Normal Abas,Evax,embalagem de 16 unidades,"2,59 €","2,59 €/Unidade"
Dinossauros ferozes,Lego,1 unidade,"14,99 €","14,99 €/Unidade"
Gelado magnum mini double framboesa,Olá,Embalagem de 6 x 60 ml,"5,99 €","16,64 €/L"
Remove Insectos,PorSi,Embalagem de 1 l,"3,99 €","0,80 €/L"
Arroz vaporizado,Cigala,Embalagem de 1 kg,"1,26 €","1,26 €/Kg"
"Refrigerante com gás, ananás",Sumol,"Garrafa de 1,25 l","0,79 €","0,40 €/L"
Refresco em pó de ananás,PorSi,Embalagem de 40 g,"0,75 €","18,75 €/Kg"
Lixívia WC Gel Higienizante,Neoblanc,Embalagem de 700ml,"1,74 €","0,35 €/L"
Mel multifloral doseador,PorSi,Embalagem de 250g,"2,25 €","9,00 €/Kg"
Fel da terra planta inteira,Cemporcent,Embalagem de 40g,"1,79 €","1,79 €/Kg"
10 Cones de Baunilha,Progelcone,Embalagem de 110 g,"2,98 €","9,93 €/Kg"
Feijão branco cozido,PorSi,Embalagem de 820g,"2,19 €","2,81 €/Kg"
Panquecas de aveia c/ proteína pepitas chocolate,Prozis,Embalagem de 400g,"11,99 €","29,98 €/Kg"
Bacalhau a bras,PorSi,Embalagem de 300g,"1,79 €","7,16 €/Kg"
Reparador de móveis escuro,Pronto,Embalagem de 100 ml,"4,39 €","14,63 €/L"
Bolachas cacau com recheio baunilha,PorSi,Embalagem de 176 g,"0,79 €","4,49 €/Kg"
Ovos de Galinhas Criadas ao Ar Livre,PorSi,6 ovos frescos,"1,59 €","1,59 €/Unidade"
Ice tea de pêssego,PorSi,Garrafa de 2 l,"1,14 €","0,76 €/L"
"Creme Hidratante de Dia, pele normal",Bioten,Embalagem de 50 ml,"2,99 €","59,80 €/L"
Milho para pipocas,Legumes secos,1 un = 100 gr. (aprox.),"0,26 €","2,59 €/Kg"
Chá verde,Tetley,Embalagem de 20g,"0,99 €","23,02 €/Kg"
Lixívia para roupa tradicional,Neoblanc,Embalagem de 2 l,"2,19 €","1,10 €/L"
"Alimento húmido para gato júnior, carne",Whiskas,Embalagem de 400g,"2,89 €","7,23 €/Kg"
"Óleo de girassol, 3 a's",Fula,Embalagem 1L,"3,39 €","3,39 €/L"
Bolacha tostada diet nature s/ açucares,Gullon,Embalagem de 400g,"1,45 €","11,15 €/Kg"
Bolacha dibus sharkies s/ glúten,Gullon,Embalagem de 250g,"1,89 €","15,75 €/Kg"
"Iogurte, sabor a morango",PorSi,Embalagem de 4 x 125 g,"1,87 €","1,25 €/Kg"
Ambientador recarga lavanda,Air Wick,Garrafa de 250 ml,"11,98 €","11,98 €/Unidade"
"Lava e encera, aromas de alfazema",Novycera,Embalagem de 500 ml,"2,49 €","2,49 €/L"
Cogumelos inteiros,PorSi,Embalagem de 355 g,"2,19 €","2,81 €/Kg"
Fraldas de Incontinência Elásticos Grandes,Lindor,20 Unidades,"20,79 €","20,79 €/Unidade"
Azeite Subtil,Gallo,Garrafa de 750 ml,"3,29 €","4,39 €/L"
Limpa fornos normal,Mr.muscle,Embalagem de 300 ml,"1,79 €","2,39 €/L"
Mestre panda,Chicco,1 unidade,"14,99 €/Unidade","14,99 €/Unidade"
Base de guarda sol em plástico 16 litros,Joluce,1 unidade,"6,49 €","6,49 €/Unidade"
Mousse limpeza refresh,Labell,Embalagem com 150ml,"12,48 €/L","12,48 €/L"
Ambientador carro difusor aqua,Ambipur,1 unidade,"3,49 €","3,49 €/Unidade"
Muesli tropical,Cemporcent,Embalagem de 500g,"0,69 €","1,73 €/Kg"
Toranja,Fruta do Dia,1 un = 300 gr  (aprox.),"0,47 €","1,89 €/Kg"
Óleo extra virgem de coco,Origensbio,Garrafa de 500 ml,"3,39 €","3,39 €/L"
Palmilha recortável antiodor,Sonaf,1 unidade,"7,69 €","102,53 €/L"
Iogurte natural 0%,PorSi Viva Bem,Embalagem de 6 x 125 g,"0,99 €","1,98 €/Kg"
Iogurte fruta batida morango,Mimosa,Embalagem de 480g,"1,49 €","2,98 €/Kg"
Pensos diários maxi,Carefree,Embalagem com 64 unidades,"1,79 €","1,79 €/Unidade"
Bolachas recheadas com morango e cheesecake,Oreo,Embalagem de 150g,"0,79 €","4,49 €/Kg"
Natas pasteurizadas para bater,Nestle,Embalagem de 200 ml,"0,75 €","3,75 €/L"
Crazy Chic Pochete Maquilhagem,Clementoni,1 unidade,"14,99 €","14,99 €/Unidade"
Bolachas belgas manteiga,PorSi,Embalagem de 250g,"1,69 €","6,76 €/Kg"
Leite condensado,Nestle,Embalagem de 370g,"1,09 €","2,75 €/Kg"
"Mistura de couve flor, brócolos e cenoura",PorSi,Embalagem de 1 kg,"1,98 €","1,98 €/Kg"
Folhado de Maçã,*,1 unidade= 100 g,"0,35 €","0,35 €/Unidade"
Iogurte natural açucarado em frasco de vidro,PorSi,Embalagem de 2 x 125 g,"0,99 €","1,98 €/Kg"
"Queijo médio, metades",Casteloes,Embalagem de 580g,"6,49 €","25,45 €/Kg"
Fermento padeiro 44g condi,Condi,Embalagem de 40g,"1,89 €","17,18 €/Kg"
Tampões ProComfort Normal,O.B.,1 Embalagem c/32 unidades,"3,99 €","3,99 €/Unidade"
Detergente para loiça plus + limão,Super Pop,Embalagem de 1L,"1,05 €","2,10 €/L"
"Água com gás, sabor limão",PorSi,"Embalagem de 6x0,25 l","2,85 €","2,85 €/L"
Lata de Brilho Preto,Búfalo,Embalagem de 75 ml,"0,99 €","19,80 €/L"
Lasanha à bolonhesa,PorSi,Embalagem de 1 kg,"3,99 €","9,98 €/Kg"
Confetis,Codipostal,1 un.,"0,69 €","0,69 €/Unidade"
Chocolate negro 72% cacau,Cemporcent,Embalagem de 100g,"2,14 €","21,40 €/Kg"
Gel de Banho Fresh Touch,Dove,Embalagem de 750 ml,"6,39 €/L","6,39 €/L"
Inseticida Aerossol Casa&Plantas,Raid,1 Embalagem 600ml,"6,59 €","10,98 €/L"
Vinagre de vinho branco,Cristal,Garrafa de 750 ml,"0,35 €","0,70 €/L"
Esfregona suave completa,Vileda,1 unidade,"0,89 €","0,89 €/Unidade"
Stevia chocolate negro com avelãs,Cemporcent,Embalagem de 125g,"2,14 €","21,40 €/Kg"
Patê figado de porco,La piara,Embalagem de 80g,"1,19 €","13,52 €/Kg"
Iogurte sólido sem lactose multifrutos,Mimosa,Embalagem de 480g,"1,87 €","1,25 €/Kg"
"Lava tudo, vinagre",Cif,"Garrafa de 1,4 l","0,99 €","0,50 €/L"
Maçã Granny Smith 70+,Fruta do Dia,1 un = 150 gr (aprox.),"1,29 €/Kg","1,29 €/Kg"
Porto ruby,Valadao,Garrafa de 750 ml,"5,99 €","7,99 €/L"
Bolachas marinheiras espelta,Cemporcent,Embalagem de 200 g,"1,45 €","11,15 €/Kg"
Creme Depilatório Peles Sensíveis,Veet,Embalagem de 200 ml,"3,29 €","3,29 €/Unidade"
Iogurte líquido yoggi limonada,Nestle,Embalagem de 4 x 160 g,"1,31 €","2,05 €/Kg"
Vinagre balsâmico de modena gourmet,Gallo,Garrafa de 250 ml,"0,35 €","0,70 €/L"
Batata frita palha,Pala-pala,Embalagem de 250g,"0,87 €","5,44 €/Kg"
Buondi extreme cafe moido 12x200g,Buondi,Embalagem de 200g,"3,49 €","13,96 €/Kg"
Leite uht gordo,Agros,Embalagem de 1 litro,"1,04 €","1,04 €/L"
Sopa de cozido,Knorr,Embalagem de 70g,"0,62 €","10,00 €/Kg"
"Toalhitas limpa móveis, 25 unidades",Pronto,1 embalagem,"1,79 €","1,79 €/Unidade"
Gelatina de morango,Koala,Embalagem de 130g,"0,85 €","2,13 €/Kg"
Bol. chip choco s/gluten 130g,Gullon,Embalagem de 130g,"2,69 €","20,69 €/Kg"
Gelado sandwich nata/chocolate,PorSi,Embalagem de 6x100 ml,"5,99 €","16,64 €/L"
"Patê de sardinha,atum e salmão",PorSi,Embalagem de 4 x 22 g,"1,19 €","13,52 €/Kg"
Gelatina de morango,PorSi,Embalagem de 170g,"0,85 €","5,00 €/Kg"
Reparador de móveis escuro,PorSi,Embalagem de 200 ml,"4,39 €","14,63 €/L"
"Escova de cabelo, pneumática nylon",Labell,Embalagem com 1 unidade,"3,99 €","3,99 €/Unidade"
Arroz longo extra integral,Cacarola,Embalagem de 1 kg,"1,26 €","1,26 €/Kg"
Crack.c/sal na superficie 560g,GRAN PAVES,Embalagem de 560g,"0,39 €","3,12 €/Kg"
Choco limpo 10/30,Pescanova,Embalagem de 500g,"7,99 €","9,99 €/Kg"
Café solúvel c/ cafeína,Delta,Embalagem de 100g,"14,50 €/Kg","14,50 €/Kg"
Anti-traça Maçã Verde,Dum Dum,2 unidades,"5,99 €","176,18 €/Kg"
Pasta de Moldar Branca,DAS,Embalagem com 1 kg,"2,19 €","109,50 €/L"
Baby Laptop,Baby Clementoni,1 unidade,"14,99 €/Unidade","14,99 €/Unidade"
Café Nespresso Roast Intensidade 11,STARBUCKS,Embalagem com 10 unidades,"59,82 €/Kg","59,82 €/Kg"
Sardinha em tomate,PorSi,Embalagem de 120g,"0,89 €","7,42 €/Kg"
Chispalhada com feijão,Nobre,Embalagem de 420g,"2,35 €","5,60 €/Kg"
Sumo concentrado de laranja,GUD,Garrafa de 740 ml,"3,54 €","3,54 €/L"
Leite uht gordo,Mimosa,Embalagem de 1 litro,"1,04 €","1,04 €/L"
Infusão nº 6 sem barriga,Cemporcent,Embalagem de 10 unidades,"0,99 €","76,15 €/Kg"
Snack de milho com queijo,Cheetos,Embalagem de 75 g,"0,79 €","7,90 €/Kg"
Lenços de bolso kids,Renova,Embalagem sortida com 8 unidades + 2 grátis,"0,89 €","0,89 €/Unidade"
Bolacha digestive aveia 258g,Vieira,Embalagem de 258 g,"1,19 €","5,95 €/Kg"
Pão ralado clássico,PorSi,Embalagem de 240 g,"0,72 €","3,00 €/Kg"
10 croquetes de carne,PorSi,Embalagem de 300 g,"1,79 €","7,16 €/Kg"
Limpa injetores gasolina,PorSi,Embalagem de 250 ml,"14,99 €","14,99 €/L"
Leite creme,El mandari,Embalagem de 90g,"0,79 €","5,27 €/Kg"
Hipopótamo bailarina,Clementoni,1 unidade,"14,99 €","14,99 €/Unidade"
Iogurtes Corpos Danone Aroma Tutti/Morango/Ananás,Danone,Embalagem de 8 x 120 g,"1,87 €","1,25 €/Kg"
Café em grão 5 estrelas,Sical,Embalagem de 250g,"9,16 €/Kg","9,16 €/Kg"
Pudim de caramelo,Boca Doce,Embalagem de 20g,"0,59 €","29,50 €/Kg"
8 fantasias do mar,PorSi,Embalagem de 250g,"1,79 €","7,16 €/Kg"
12 Caldos de carne,PorSi,Embalagem de 127 g,"3,84 €","24,00 €/Kg"
Castanha do brasil bio,PorSi Bio,Embalagem de 150g,"3,65 €","7,30 €/Kg"
Iogurte Oikos de Ananás,Danone,Embalagem de 4x110g,"1,49 €","2,98 €/Kg"
Roller Shoes,Nancy,1 un.,"14,99 €/Unidade","14,99 €/Unidade"
Queijo meio gordo,D. Pedro,Vendido ao peso a partir de 250 gr,"3,84 €","15,35 €/Kg"
Cogumelos laminados 1/2,PorSi,Embalagem de 355 g,"2,19 €","2,81 €/Kg"
Iogurte mix-in smarties morango,Nestle,Embalagem de 2 x 128 g,"1,05 €","1,86 €/L"
Ketchup,PorSi,Embalagem de 300 g,"0,87 €","2,90 €/Kg"
Refrigerante c/ gás zero,Coca-Cola,pack 4 x 1 l,"0,79 €","0,40 €/L"
Bolacha cookie sensations choco,Milka,Embalagem de 160g,"0,79 €","5,27 €/Kg"
Queijo snack gouda,PorSi,Embalagem de 100g,"1,96 €","9,80 €/Kg"
"Borracha Technic, 600",Maped,embalagem com 2 unidades,"3,19 €","3,19 €/Unidade"
Arroz extra longo integral,Saludaes,Embalagem de 1 kg,"1,26 €","1,26 €/Kg"
Ração para gato adulto de interior,Friskies,Embalagem de 3 kg,"12,99 €","4,33 €/Kg"
Jogo caça ao tesouro,Clementoni,1 unidade,"9,99 €/Unidade","9,99 €/Unidade"
Gogo SqueeZ Snack Pêssego,Gogo,Embalagem de 90g,"2,29 €","6,94 €/L"
Porto ruby,Ferreira,Garrafa de 750 ml,"5,99 €","7,99 €/L"
Sabonete original,Palmolive,Embalagem de 4x90 g,"1,99 €","12,44 €/Kg"
Bolacha de manteiga belga original,Saborosa,Embalagem de 220g,"1,69 €","6,76 €/Kg"
"Vinagre balsâmico, spray",Paladin,Garrafa de 250 ml,"0,35 €","0,70 €/L"
Desodorizante roll-on Invisible,Rexona,Embalagem de 50ml,"1,39 €","6,95 €/L"
Bloco Sanitário Sólido Poder Activo Pinho,Sonasol,Embalagem de 2x50 g,"2,99 €","74,75 €/Kg"
Baguete,*,400 g,"0,19 €","2,38 €/Kg"
Cereais corn flakes s/ glúten chocolate,Nestle,Embalagem de 380g,"2,99 €","7,97 €/Kg"
Queijo emmental fatias,PorSi,Embalagem de 200 g,"1,96 €","9,80 €/Kg"
Bolacha vitalday aveia e chocolate,Gullon,Embalagem de 240g,"2,98 €","9,93 €/Kg"
Lambrusco rose,*,Garrafa de 750 ml,"1,99 €","2,65 €/L"
Azeite,PorSi,Garrafa de 1 l,"3,29 €","4,39 €/L"
Manteiga amendoim crocant,PorSi,Embalagem de 340g,"8,13 €/Kg","8,13 €/Kg"
Gomas favoritos pica,Haribo,Embalagem de 90g,"0,99 €","9,90 €/Kg"
Jogo Operação,Hasbro,1 unidade,"9,99 €/Unidade","9,99 €/Unidade"
Sumo 100% pêssego e uva,PorSi,Pack 3 x 200 ml,"1,09 €","0,73 €/L"
Esterilizador 2 em 1 - Frio e Microondas,Neo Baby,1 unidade,"16,99 €","16,99 €/Unidade"
"Esfregona, algodão, completa",PorSi,1 unidade,"0,89 €","0,89 €/Unidade"
Guardanapos,PorSi,,"1,29 €","1,29 €/Unidade"
Cogumelos laminados,PorSi,Embalagem de 185 g,"2,19 €","2,81 €/Kg"
"Limpa vidros cristal, pistola",PorSi,Embalagem de 1 l,"3,19 €","6,38 €/L"
Pickles em vinagre,PorSi,Embalagem de 200 g,"2,19 €","2,81 €/Kg"
Sobremesa paturette baunilha,Páturages,Embalagem de 4 x 115 g,"1,19 €","2,59 €/Kg"
Queijo mozzarela ralado,Valformoso,Embalagem de 150g,"1,49 €","7,45 €/Kg"
"Limpa móveis pistola, multissuperfícies",Pronto,Embalagem de 500 ml,"1,29 €","0,86 €/L"
Creme Depilatório Duche Men Peles Normais,Veet,Embalagem com 150 ml,"10,99 €","73,27 €/L"
Posso ser,Barbie,1 unidade,"14,99 €","14,99 €/Unidade"
Recargas ambientador elétrico sensual sandalwood & j...,Glade,Embalagem de 2 x 20 ml,"11,98 €","11,98 €/Unidade"
Papa infantil láctea 5 frutos +6 meses,Cerelac,Embalagem de 250g,"4,99 €","4,99 €/Kg"
Queijo flamengo fatias light,PorSi,Embalagem de 200g,"1,95 €","9,75 €/Kg"
Creme vegetal sabor manteiga,PorSi,Embalagem de 500 g,"1,39 €","6,95 €/L"
Pão ralado alho e salsa,PorSi,Embalagem de 240 g,"0,72 €","3,00 €/Kg"
Laca volume,Nivea,Embalagem de 250 ml,"4,19 €","16,76 €/L"
Tira gorduras pistola,Mistolin,Garrafa de 550 ml,"4,89 €","6,52 €/L"
Caderno Agrafado Capa Preta |A5 Liso,Domédia,1 unidade,"3,69 €","3,69 €/Unidade"
Vinagre de vinho tinto,PorSi,Garrafa de 500 ml,"0,35 €","0,70 €/L"
Salada Ibérica Programa Origens,PorSi,Embalagem de 150 g,"0,99 €","0,99 €/Kg"
Pastilhas de morango,Smint,Embalagem de 35 g,"0,89 €","59,33 €/Kg"
"Esquadro, 21 cm 60.",Domédia,1 unidade,"4,69 €","4,69 €/Unidade"
Gel WC Desincustrante,Neoblanc,Embalagem de 700 ml,"2,79 €","3,99 €/L"
Laboratório Mecânica Camião de Mina,Clementoni,1 unidade,"9,99 €/Unidade","9,99 €/Unidade"
Cocktail de marisco,PorSi,Embalagem de 400 g,"2,19 €","8,59 €/Kg"
Toalhitas multiusos limão,PorSi,Embalagem de 80 unidades,"1,79 €","1,79 €/Unidade"
Tomate frito,Heinz,Embalagem de 350g,"3,84 €","24,00 €/Kg"
Queijo ralado mix 3 queijos,PorSi,Embalagem de 200 g,"1,49 €","7,45 €/Kg"
Vinho tinto bag-in-box,Capataz,Embalagem de 5 l,"5,19 €","1,04 €/L"
Gelo picado,PorSi,Embalagem de 2 kg,"1,00 €","0,50 €/Kg"
"Vela em número, nº 8",PorSi,1 unidade,"0,60 €","0,60 €/Unidade"
Camarão 30/40 Madagascar,Congelado Selvagem,1 un = 250 gr  (aprox.),"2,25 €","8,99 €/Kg"
Buondi café em grão,Buondi,Embalagem de 220g,"9,16 €/Kg","9,16 €/Kg"
Xarope de groselha,Xarão,Garrafa de 1 l,"3,54 €","3,54 €/L"
Fralda cueca T4 - 8 a 14 kg,PorSi,22 unidades,"8,99 €","8,99 €/Unidade"
Bolachas starship chocolate,PorSi,Embalagem de 150g,"0,79 €","5,27 €/Kg"
"Pimenta preta, moída, em frasco",PorSi,Embalagem de 43 g,"0,25 €","0,25 €/Kg"
Refresco pó laranja,PorSi,Embalagem de 40g,"0,75 €","18,75 €/Kg"
Leite condensado cozido,Nestle,Embalagem de 400g,"1,09 €","2,75 €/Kg"
Algodão zig zag pré-cortado,PorSi,Embalagem de 50 g,"0,59 €","1,18 €/L"
Bola de Berlim chocolate,PorSi,85g,"0,35 €","0,35 €/Unidade"
Recarga p/ Esfregona |Eco,Vileda,,"0,89 €","0,89 €/Unidade"
Liégeois Sobremesa de chocolate,Páturages,Embalagem de 4x100 g,"1,19 €","2,59 €/Kg"
Twins,Gullon,pack 2 x 154 g,"1,45 €","11,15 €/Kg"
Caramelos de fruta,Penha,Embalagem de 100g,"1,19 €","4,76 €/Kg"
Papel vegetal 8m,Vileda,1 unidade,"1,11 €","1,11 €/Unidade"
Elixir Bocal Complete,Oral B,Embalagem de 500 ml,"5,99 €","11,98 €/L"
Bebida energética a-zero,Monster,Garrafa de 500 ml,"1,60 €","3,20 €/L"
Cacetinho de trigo integral,Pão do Dia,90 g,"0,19 €","2,38 €/Kg"
Fiambre da pá fatiado,PorSi,200 g,"0,97 €","6,49 €/Kg"
Refrigerante c/ gás,Coca-Cola,pack 2 x 1.75 l,"0,79 €","0,40 €/L"
"Inseticida max, concentrado sensitive",Dum Dum,Garrafa de 400 ml,"4,79 €","11,98 €/L"
"Rolos cozinha absorção Ultra, Maxi, 2 rolos",Foxy,1 embalagem,"4,99 €","4,99 €/Unidade"
Redex magic spray,Redex,Embalagem de 300 ml,"3,99 €","0,80 €/L"
Rolo de cozinha XXL,PorSi,1 rolo,"4,99 €","4,99 €/Unidade"
Café torrado e moído 16 pastilhas,Sical,Embalagem de 104g,"59,82 €/Kg","59,82 €/Kg"
Banda térmica alivio dor muscular 29x9cm,PorSi,Embalagem de 2 unidades,"0,59 €","1,18 €/L"
Creme calçado preto bisnaga,Búfalo,50 ml,"0,99 €","19,80 €/L"
Corn flakes sem açúcar bio,Origensbio,Embalagem de 250 g,"1,49 €","2,98 €/Kg"
Queijo flamengo 0% lactose,PorSi Viva Bem,Embalagem de 150 g,"0,99 €","1,98 €/Kg"
Gin London Dry,Gordons,Garrafa de 1 l,"19,79 €","19,79 €/L"
Detergente líquido Ultra Concentrado Loiça Platinium...,PorSi,Embalagem de 500 ml,"1,05 €","2,10 €/L"
Óleo Performa 5W40 Sintetico,Galp,Embalagem de 5 l com oferta limpa vidros Ecauto 5L,"14,99 €","14,99 €/L"
Vinagre de sidra,Cristal,Garrafa de 500 ml,"0,35 €","0,70 €/L"
Tortitas de milho sem sal,PorSi Viva Bem,Embalagem de 130g,"0,79 €","7,90 €/Kg"
Tiras de Pota Congeladas,Peixe do Dia,Cuvete ± 1 kg,"4,99 €","4,99 €/Kg"
Bolacha vitalday crocante original,Gullon,Embalagem de 270g,"2,98 €","9,93 €/Kg"
Lay's mediterrâneas originais,Lay's,Embalagem de 220g,"1,01 €","5,46 €/Kg"
Longa vida morango tu banana coco 8x120,Longa vida,Embalagem de 960g,"1,87 €","1,25 €/Kg"
Tira Nódoas Brancos em Pó,Skip,1 kg,"10,99 €","52,33 €/Kg"
Rolo de cozinha reciclado,PorSi,4 rolos,"4,99 €","4,99 €/Unidade"
Creme bio mãos e unhas,Labell Bio,75 ml,"2,49 €","41,50 €/L"
"Croissants, 8 unidades,",Pasquier,Embalagem de 320 g,"2,05 €","5,13 €/Kg"
Forra livros,Mab,,"3,29 €","3,29 €/Unidade"
Néctar clássico tutti-frutti,Compal,Embalagem de 1 l,"0,99 €","0,99 €/L"
Sabonete glicerina natural,Palmolive,Embalagem de 90 g,"1,99 €","12,44 €/Kg"
Espresso café arábica,PorSi,250 ml,"3,19 €","25,52 €/Kg"
Pao ralado classico 200g,ESPIGA,Embalagem de 200g,"0,72 €","3,00 €/Kg"
Vinho branco,Enc.bairro,Bag-in-box de 5L,"5,19 €","1,04 €/L"
Whisky heritage blend,Logan,Garrafa de 700 ml,"23,99 €","34,27 €/L"
Bola Rústica,Pão do Dia,85 g,"0,19 €","2,38 €/Kg"
"Cereais special k, frutos vermelhos",Kellogg's,Embalagem de 300g,"3,99 €","13,30 €/Kg"
Gel de Duche Creme Care,Nivea,Embalagem de 750 ml,"6,99 €","9,32 €/L"
Snack para gato chezzy,Felix,Embalagem de 60g,"1,89 €","31,50 €/Kg"
Maquina depilatório twin lady,Bic,Embalagem de 5 + 1 un.,"1,99 €","1,99 €/Unidade"
Loção corporal,Nivea,Embalagem de 400 ml,"12,48 €/L","12,48 €/L"
Vela com número nº 3,PorSi,1 unidade,"0,60 €","0,60 €/Unidade"
Spaghetti a bolonhesa 350g,Tuttipasta,Embalagem de 350g,"2,16 €","6,17 €/Kg"
Alimento húmido para cão borrego,Pedigree,Embalagem de 300g,"0,75 €","2,50 €/Kg"
Cabeça c/ Osso,Porco,1 un = 1.5 kg (aprox.),"2,49 €","2,49 €/Kg"
Saqueta de puré de fruta | maçã + pêssego + banana +...,PorSi,90 g,"0,74 €","8,22 €/Kg"
Queijo Ovelha Curado,Meimoa,Vendido ao peso a partir de 250 gr,"4,62 €","18,49 €/Kg"
Vinho Regional de Lisboa Rosé,Mundus,"Garrafa de 0,75 l","1,99 €","2,65 €/L"
10 Hambúrgueres de porco,PorSi,Embalagem de 600g,"2,79 €","8,72 €/Kg"
Mistura solúvel c/ 20% café pó,PorSi,Embalagem de 200g,"0,79 €","3,16 €/Kg"
"Spray depilatório, peles sensiveis",Veet,Garrafa de 150 ml,"10,99 €","73,27 €/L"
6 tulipas baunilha,Progelcone,Embalagem de 75 g,"2,57 €","7,79 €/Kg"
Snack dentastix médio,Pedigree,Embalagem de 720 g,"5,58 €/Kg","5,58 €/Kg"
Vinho regional tejo,Plexus,Garrafa de 750 ml,"1,99 €","2,65 €/L"
Bolachas com cobertura de chocolate de leite,Oreo,Embalagem de 250g,"0,79 €","4,49 €/Kg"
Perna com Costa,Frango,1 un. = 300 g (aprox.),"1,05 €","2,99 €/Kg"
Creme Muda Fralda,Baby Dove,Embalagem de 45 g,"0,55 €","5,50 €/L"
Vela em número nº4,PorSi,1 unidade,"0,60 €","0,60 €/Unidade"
Gomas beijinhos,PorSi,Embalagem de 300 g,"0,99 €","9,90 €/Kg"
Néctar light de manga/laranja,Compal,Pack 3 x 200 ml,"0,84 €","2,55 €/L"
Esfregão Salva Unhas Fibra verde Plus,Vileda,Embalagem com 1+1 grátis,"0,79 €","0,79 €/Unidade"
"Pasta de arquivo, lombada estreita, cinza",Domédia,1 unidade,"3,29 €","3,29 €/Unidade"
Papa infantil não láctea bolacha maria +6 meses,Cerelac,Embalagem de 250g,"4,99 €","4,99 €/Kg"
Limpa carpetes,PorSi,Embalagem de 1 litro,"1,79 €","2,39 €/L"
Sangria tinta,PorSi,Garrafa de 1.5 litros,"2,39 €","1,59 €/L"
Bolacha maria junior doces,Vieira,Embalagem de 280g,"1,89 €","15,75 €/Kg"
Gomas favoritos classic,Haribo,Embalagem de 90g,"0,99 €","9,90 €/Kg"
Cola de Contacto Liquida,Vito,1 unidade,"1,79 €","1,79 €/Unidade"
Strudel de maçã,PorSi,Embalagem de 550 g,"2,57 €","7,79 €/Kg"
Sacos cubos de gelo fecho manual,PorSi,Embalagem com 10 unidades,"1,11 €","1,11 €/Unidade"
Água com gás sabor a tangerina,Frize,"Pack 4x 0,25l","2,85 €","2,85 €/L"
Mistura solúvel mokambo,Nestle,Embalagem de 200g,"0,79 €","3,16 €/Kg"
Topping de morango,Winsenia,Embalagem de 300g,"1,29 €","3,23 €/Kg"
After shave bálsamo sensitive,Labell Men,Embalagem de 100 ml,"1,16 €","4,64 €/L"
"Coloração permanente, castanho tiramissu nº4.15",Nutrisse,1 unidade,"11,99 €","11,99 €/Unidade"
Cerveja sagres,Sagres,20 x 0.25 l,"1,99 €/L","1,99 €/L"
"Alimento húmido para gato +1 ano, sabor a aves",Whiskas,Embalagem de 400g,"2,89 €","7,23 €/Kg"
Adoçante liquido,PorSi,Garrafa de 125 ml,"1,99 €","199,00 €/Kg"
12 ovos codorniz,PorSi,Embalagem de 1 unidades,"2,39 €","2,39 €/Unidade"
Iogurte danacol de morango,Danone,Embalagem de 12 x 100 g,"3,99 €","6,65 €/Kg"
Elixir Bocal ProExpert Proteção Profunda,Oral B,Embalagem de 500 ml,"5,99 €","11,98 €/L"
Bagas de goji,Cemporcent,Embalagem de 125 g,"1,79 €","3,58 €/Kg"
Amaciador para cabelos pintados,Labell,Embalagem de 200 ml,"1,00 €","5,00 €/L"
"Borracha Technic, 600",Maped,embalagem com 2 unidades,"2,69 €","2,69 €/Unidade"
Pão Regional Rio Maior Inteiro,Pão do Dia,1 unidade= 450 g,"0,19 €","2,38 €/Kg"
Ice tea limão,Lipton,Embalagem de 1L,"1,14 €","0,76 €/L"
Creme p/ Calçado Castanho,Búfalo,Embalagem de 40 ml,"0,99 €","19,80 €/L"
20 saquetas chá yellow label,Lipton,Embalagem de 30g,"58,44 €/Kg","58,44 €/Kg"
Cafe pastilhas 20x7g,PorSi,Embalagem de 140g,"59,82 €/Kg","59,82 €/Kg"
Peito de peru fatias,PorSi,Embalagem de 150g,"2,25 €","11,25 €/Kg"
Concentrado Laranja e Pêssego,Sunquick,Garrafa de 700 ml,"3,54 €","3,54 €/L"
Halls Mini Mints Menta,Halls,12.5 g,"1,08 €","5,40 €/Kg"
Costeletas do Lombo,Porco,Vendido ao peso a partir de 1 kg,"4,88 €","4,88 €/Kg"
Alimento seco p/ cão alta energia c/ frango,HappyOne,Embalagem de 4 kg,"22,99 €","1,15 €/Kg"
Creme para calçado castanho,PorSi,50 ml,"0,99 €","19,80 €/L"
28 mini bolinhas bacalhau,PorSi,Embalagem de 300 g,"1,79 €","7,16 €/Kg"
Água s/ gás limão,Luso,Garrafa de 1 l,"1,04 €","0,17 €/L"
Massa em espirais,PorSi,Embalagem de 500g,"0,99 €","1,98 €/Kg"
"Escova dentes, slim soft, média",Colgate,1 unidade,"3,49 €","3,49 €/Unidade"
Esferográfica Azul Retratil 0.7mm,Mab,Embalagem com 1 un.,"2,69 €","2,69 €/Unidade"
Shampo repelente p/ cão,Repul' 7,Garrafa de 200 ml,"11,98 €","59,90 €/L"
Refrigerante C/ Gás Zero,Coca-Cola,Garrafa de 1 l,"0,79 €","0,40 €/L"
Tampão Super,O.B.,1 Embalagem c/32 unidades,"3,99 €","3,99 €/Unidade"
Queijo P'tits Fondants 8 Porções,PorSi,Embalagem de 140 g,"4,39 €","18,29 €/Kg"
Ervilhas primavera 500g,Iglo,Embalagem de 500g,"1,98 €","1,98 €/Kg"
Spray tira gorduras,PorSi,Embalagem de 750 ml,"1,79 €","2,39 €/L"
Pedras limão,P.salgadas,Garrafa de 1 l,"2,85 €","2,85 €/L"
Bolachas marinheiras chia,Cemporcent,Embalagem de 200g,"1,45 €","11,15 €/Kg"
Dinosaurus chocoleche 340gr.         *12,Artiach,Embalagem de 340g,"2,29 €","17,62 €/Kg"
Dettol sabonete líquido frutos do bosque x 12,Dettol,Garrafa de 250 ml,"1,19 €","3,97 €/L"
Gressinos com azeite,PorSi,Embalagem de 250g,"2,39 €","6,83 €/Kg"
Aditivo em pó máquina roupa branca,Vanish,Embalagem de 1.2 kg,"3,09 €","3,09 €/Kg"
Pensos higiénicos liberty normal sem abas,Evax,Embalagem com 12 un.,"2,59 €","2,59 €/Unidade"
Queijo de Ovelha S/ Lactose,Seia,1 un = 450 g (aprox.),"4,62 €","18,49 €/Kg"
Iogurte sólido sem lactose multifrutos,Mimosa,Embalagem de 480g,"0,99 €","1,98 €/Kg"
Óleo alimentar,PorSi,Garrafão de 3 litros,"3,39 €","3,39 €/L"
Carro de Limpeza,Vicam,1 unidade,"14,99 €","14,99 €/Unidade"
Framboesa,PorSi,Embalagem com 125g,"2,39 €","19,12 €/Kg"
Cevada solúvel,PorSi,Embalagem de 200g,"0,79 €","3,16 €/Kg"
Ambientador gel marinho,PorSi,150 g,"16,63 €/L","16,63 €/L"
Katia Beijinhos,Miss Concentra,1 unidade,"14,99 €","14,99 €/Unidade"
"Rolos de cozinha compactos, branco, 2 unidades",PorSi,Uma embalagem,"4,99 €","4,99 €/Unidade"
Pêssego em calda metades,PorSi,Lata com 840 g,"1,99 €","2,37 €/Kg"
Detergente líquido p/ máquina lavar roupa cores,Woolite,"Garrafa de 1,65 l","31,99 €","31,99 €/Unidade"
"Argolas, brancas, autocolante, 160 unidades, 13 mm",Domédia,1 embalagem,"2,19 €","109,50 €/L"
Coxinhas de frango,PorSi,Embalagem de 360g,"9,30 €/Kg","9,30 €/Kg"
Noz com casca 28/30,Frutos secos,1 un = 200 gr (aprox.),"4,99 €/Kg","4,99 €/Kg"
Salsicha p/Churrasco,Carne Sorraia,1 Embalagem 300G,"1,56 €","7,43 €/Kg"
Cebola Amarela,Nossa seleção,1 un = 500 gr (aprox.),"1,79 €","3,58 €/Kg"
Dinosaurus chocoleche 340gr.         *12,Artiach,Embalagem de 340g,"1,89 €","15,75 €/Kg"
Vinho doc dão tinto,Santar,Garrafa de 0.75 l,"3,99 €","5,32 €/L"
Goiabada,PorSi,600 g,"1,09 €","2,42 €/Kg"
Sal Himalaias Grosso,Origens Bio,1 Embalagem 500G,"0,25 €","0,25 €/Kg"
Esfregão Esponja Style,Vileda,10 unidade,"0,79 €","0,79 €/Unidade"
Doce framboesa e romã,ST.DALFOUR,Frasco de 284g,"2,19 €","9,95 €/Kg"
6 cheeseburgers,PorSi,Embalagem de 750g,"2,79 €","8,72 €/Kg"
Ovos Frescos de Galinhas Criadas ao Ar Livre Classe:...,PorSi Bio,Embalagem com 6 unidades,"2,39 €","2,39 €/Unidade"
Moscatel de Setúbal Reserva,Selecção de Enófilos,Garrafa de 0.75 l,"5,99 €","7,99 €/L"
Farinha de milho integral,Cemporcent,Embalagem de 500g,"2,29 €","11,45 €/Kg"
Bolachas chiquilin ositos de mel,Artiach,Embalagem de 160g,"1,89 €","15,75 €/Kg"
Caras de Bacalhau +500 gr,Bacalhau,1 un = 500 gr (aprox.),"2,50 €","4,99 €/Kg"
10 nuggets de frango com cereais integrais,Capitão Iglo,Embalagem de 208 g,"2,79 €","8,72 €/Kg"
Framboesas 100% Naturais,PorSi,Embalagem de 750 g,"3,29 €","4,39 €/Kg"
Champô oil nutritive,Gliss,Embalagem de 250 ml,"5,59 €","13,98 €/L"
Eau de Toilette Heart Beat,B.U.,50 ml,"11,99 €","79,93 €/L"
Leite c/ cacau original,Cacaolat,Garrafa de 1 l,"0,26 €","1,30 €/L"
Biscoitos brownies,PorSi,Embalagem de 230g,"0,79 €","5,27 €/Kg"
Bolachas,Oreo,Embalagem de 220g,"0,79 €","4,49 €/Kg"
Iogurte liquido proteína yopro morango/framboesa,Yopro,300 g,"1,31 €","2,05 €/Kg"
Anti-traça lavanda,Raid,2 unidades,"5,99 €","176,18 €/Kg"
Caixa com 12 aguarelas + pincel,Domédia,1 unidade,"4,69 €","4,69 €/Unidade"
Escova Dentes Suave Limpeza e Frescura,Sensodyne,1 un.,"3,49 €","3,49 €/Unidade"
Chá de gengibre,PLANTANATU,Embalagem de 20g,"1,25 €","1,25 €/Unidade"
Pasta dentífrica Herbal,Aquafresh,Embalagem de 75ml,"2,39 €","31,87 €/L"
Milho doce,PorSi,Embalagem de 3 x 140 g,"2,19 €","2,81 €/Kg"
Queijo Coulommiers,Páturages,Embalagem de 350 g,"1,45 €","7,25 €/Kg"
Iogurte líquido dan'up milkshake straciatella,Danone,Embalagem de 4 x 155 g,"1,31 €","2,05 €/Kg"
Farinha para bolos super fina,PorSi,Embalagem de 1 kg,"0,85 €","0,85 €/Kg"
Vinho do porto malvasia branco,Rcv,Garrafa de 750 ml,"11,99 €","15,99 €/L"
Café solúvel creme,Nescafe,Embalagem de 100g,"14,50 €/Kg","14,50 €/Kg"
Grão de bico,Compal,Lata de 850g,"2,19 €","2,81 €/Kg"
Spray de limpeza multiusos free & clear,Seventh Generation,Embalagem de 500 ml,"1,29 €","0,86 €/L"
Tampão Normal,O.B.,1 Embalagem c/32 unidades,"3,99 €","3,99 €/Unidade"
Dentifríco p/ Dentes de Leite,Aquafresh,Embalagem de 50 ml,"0,99 €","0,99 €/Unidade"
Guardanapos brancos 30x30 cm,PorSi,Embalagem com 100 unidades,"1,29 €","1,29 €/Unidade"
"Máquina Tripla Matrix, + 5 unidades",Labell Men,Uma embalagem,"1,16 €","4,64 €/L"
Spray limpeza casa de banho,Cillitbang,Embalagem de 500 ml,"1,79 €","2,39 €/L"
Alimento húmido cão gelatina júnior,Pedigree,Embalagem de 400g,"0,75 €","2,50 €/Kg"
Paté de sardinha,PorSi,Embalagem de 4 x 22 g,"1,19 €","13,52 €/Kg"
Bebida de coco com arroz,PorSi Viva Bem,1 litro,"1,79 €","1,79 €/L"
Puré de batata,PorSi,Embalagem com 750 g,"1,39 €","1,39 €/Kg"
Máquina depilatória Miss Soleil,Bic,3 + 1 unidades,"3,29 €","3,29 €/Unidade"
Chá preto frutos vermelhos,PorSi,Embalagem de 40g,"1,69 €","56,33 €/Kg"
Cem porcento-chá infusão sem barriga,Cemporcent,Embalagem de 13g,"58,44 €/Kg","58,44 €/Kg"
Alheira vegan,Veg In,Embalagem de 200g,"1,49 €","3,73 €/Kg"
Ervilhas com cenoura,PorSi,Embalagem de 3x200 g,"2,19 €","2,81 €/Kg"
8 rissóis de carne,PorSi,Embalagem de 300g,"1,79 €","7,16 €/Kg"
Bolachinhas,Cerelac,Embalagem de 180g,"1,89 €","15,75 €/Kg"
Óleo alimentar,Fula,Embalagem 1L,"3,39 €","3,39 €/L"
Mão de vaca com grão,Nobre,Embalagem de 420 g,"2,35 €","5,60 €/Kg"
Laboratório Mecânica Camião de Mina,Clementoni,1 unidade,"10,99 €","10,99 €/Unidade"
C surtido cuetara 420gr.              *8,Cuetara,Embalagem de 420g,"3,09 €","14,71 €/Kg"
Meloa Gália,Fruta da Época,1 un = 1 kg (aprox.),"2,99 €","2,99 €/Kg"
Pó baratas e formigas,Baygon,Embalagem de 250 g,"6,59 €","10,98 €/L"
"Guardanapos brancos, gold, folga dupla, 40x40cm, 75 ...",Renova,1 embalagem,"1,29 €","1,29 €/Unidade"
10 Preservativos Ultrafeel,Control,,"4,49 €","4,49 €/Unidade"
Sacos do lixo perfumado 30 litros,PorSi,15 unidades,"1,89 €","1,89 €/Unidade"
Ice tea pessêgo,Lipton,pack 6 x 0.25 l,"1,14 €","0,76 €/L"
Pá + espanador,PorSi,1 conjunto,"2,99 €","2,99 €/Unidade"
Guardanapos de 1 folha azuis | dim.: 30 x 29 cm,PorSi,Embalagem com 70 unidades,"1,29 €","1,29 €/Unidade"
Azeite virgem extra clássico,Gallo,Garrafa de 750 ml,"3,29 €","4,39 €/L"
Saqueta de puré de fruta | maçã + banana,PorSi,90 g,"0,74 €","8,22 €/Kg"
Vinho regional alentejano reserva tinto,Encosta das Perdizes,Garrafa de 0.75 l,"2,89 €","3,85 €/L"
Carne p/ Assar,Novilho,Vendido ao peso a partir de 800 g,"3,29 €","8,23 €/Kg"
Drops cafe,Heller,Embalagem de 140g,"2,99 €","21,36 €/Kg"
Lixivia perfume fresco,Neoblanc,Embalagem de 2 l,"2,59 €","1,30 €/L"
Jogo da Glória,Olivo,1 unidade,"9,99 €/Unidade","9,99 €/Unidade"
"Cerveja sem álcool, tara perdida",Super Bock,Pack 6 X 0.33 L,"5,99 €","3,03 €/L"
Sobremesa Paturette Chocolate,Páturages,Embalagem de 4x115g,"1,19 €","2,59 €/Kg"
Queijo Curado Meio Gordo,Fonte Mourisca,Vendido ao peso a partir de 250 gr,"3,84 €","15,35 €/Kg"
Ambientador de varas naturais erva fresca com toque ...,Opso,50 ml,"16,63 €/L","16,63 €/L"
Bolacha diet nature 5 cereais,Gullon,Embalagem de 220g,"2,98 €","9,93 €/Kg"
Chocolate culinário,Pantagruel,Embalagem de 200g,"1,04 €","8,32 €/Kg"
Farinha nao láctea bolacha maria,PorSi,Embalagem de 250g,"4,99 €","4,99 €/Kg"
Mexilhões em escabeche,PorSi,Embalagem de 111g,"0,89 €","7,42 €/Kg"
"Cerveja com álcool, tara perdida",Kings Bräu,pack 24 x 0.25 l,"1,99 €/L","1,99 €/L"
Francesinha,PorSi,Embalagem de 450G,"3,99 €","9,98 €/Kg"
"Azeite extra virgem, azeitonas verdes",Oliveira da Serra,Garrafa de 750 ml,"3,29 €","4,39 €/L"
Escova de dentes max white média,Colgate,1 + 1 unidades,"3,49 €","3,49 €/Unidade"
"Preservativo sensitive, 6 unidades",Harmony,1 embalagem,"4,49 €","4,49 €/Unidade"
Sementes de abóbora,Cemporcent,Embalagem de 150g,"2,29 €","11,45 €/Kg"
Infusão camomila,Cemporcent,Embalagem de 10 unidades,"0,99 €","76,15 €/Kg"
Tablete de chocolate de leite,Toblerone,Embalagem de 100g,"5,30 €/Kg","5,30 €/Kg"
Tâmara seca sem caroço,PorSi Bio,Embalagem de 150g,"1,59 €","10,60 €/Kg"
Farinheira do Fundão,PorSi,"Vendido ao peso, 1 unidade =200 gr (aprox.)","1,49 €","7,45 €/Kg"
Marmelada,Ferbar,Embalagem de 400g,"1,09 €","2,42 €/Kg"
Leite seleccionado leve,Matinal,Garrafa de 1 l,"0,83 €","0,83 €/L"
Preparado para arroz de marisco,Brasmar,Embalagem de 450 g,"1,79 €","7,16 €/Kg"
"Elixir bocal, dentes e gengivas",Listerine,Embalagem de 250 ml,"5,99 €","11,98 €/L"
Espinafres Arrancar Programa Origens,PorSi,1 un= 1 kg  (aprox. ),"1,69 €","1,69 €/Kg"
Rebuçados mini café,PorSi,Embalagem de 200g,"1,15 €","4,60 €/Kg"
Soft 3 Funções,Nenuco,1 unidade,"14,99 €","14,99 €/Unidade"
"Alimento para peixe, tetramin staple food",Tetra,Embalagem de 250 ml,"10,59 €","42,36 €/L"
Palmiers,Du bois,Embalagem de 150g,"0,69 €","3,45 €/Kg"
Bandas de cera depilatória axilas peles sensíveis,Veet,embalagem com 16 unidades,"6,99 €","6,99 €/Unidade"
"Fraldas Dry Fit, 8-18kg - Tamanho 4",Chicco,Embalagem de 19 unidades,"13,29 €/Unidade","13,29 €/Unidade"
"Chave de Fenda Cabo Bimat, 3.0x75mm",Itools,1 unidade,"5,99 €","5,99 €/Unidade"
Super tea matcha verde,Tetley,Embalagem de 40g,"1,19 €","59,50 €/Kg"
"Amaciador de roupa, rosas",Quanto,Embalagem de 4 l,"8,99 €","2,25 €/L"
Abafado Tinto,Vice Rei,Garrafa de 1L,"22,49 €","32,13 €/L"
Vinho tinto,Adega grande,Garrafa de 75 cl,"1,59 €","2,12 €/L"
Saucisson Tendrichon,Monique Ranou,Embalagem de 250 g,"0,95 €","9,49 €/Kg"
Arroz vaporizado,PorSi,Embalagem de 1 kg,"1,26 €","1,26 €/Kg"
Cerveja com álcool,Sagres,Lata de 500ml,"1,99 €/L","1,99 €/L"
Brandy,Croft,Garrafa de 700 ml,"15,49 €","15,49 €/L"
"Queijo light, 8 porções",A Vaca Que Ri,Embalagem de 140 g,"1,95 €","9,75 €/Kg"
Semente de chia,Salutem,Embalagem de 125g,"2,29 €","11,45 €/Kg"
Pastilhas descafeinado,Delta,Embalagem de 110g,"59,82 €/Kg","59,82 €/Kg"
Alho picado,Margao,Embalagem de 60g,"0,25 €","0,25 €/Kg"
Eau de Toilette p/Senhora Nº32,Caravan,1 Frasco 150ml,"11,99 €","79,93 €/L"
Alimento lácteo sem açucar com sabor a morango/banan...,Yogolino,Embalagem de 4 x 100 gr,"2,89 €","7,23 €/Kg"
Vinho maduro tinto doc alentejano,P.ravessa,Garrafa de 750 ml,"2,89 €","3,85 €/L"
Amendoim pedaços,Cemporcent,Embalagem de 510g,"3,99 €","7,98 €/Kg"
Nuggets de frango,PorSi,Embalagem de 360 g,"9,30 €/Kg","9,30 €/Kg"
"Guardanapos gold, com cor, folha dupla, 40x40cm, 40 ...",Renova,1 embalagem,"1,29 €","1,29 €/Unidade"
Bolos cake e chococolate,Milka,Embalagem de 180g,"2,15 €","2,87 €/Kg"
Batata pré-frita tradition,MCCAIN,Embalagem de 1 kg,"1,39 €","1,39 €/Kg"
"Caramelos de fruta rainbow, tripack",Mentos,Embalagem de 110g,"1,19 €","4,76 €/Kg"
Máquina Descartável Depilatória Body Men,Gillette,Embalagem com 1 unidade,"3,29 €","3,29 €/Unidade"
Bolachas digestive aveia e laranja,Gullon,Embalagem de 430g,"1,19 €","5,95 €/Kg"
"Cera acrílica, madeira",PorSi,Embalagem de 750 ml,"2,49 €","2,49 €/L"
Batata frita camponesa,PorSi,Embalagem de 175 g,"1,18 €","6,38 €/Kg"
Toalhitas de Proteção Cor,K2R,Embalagem de 20 un.,"10,99 €","52,33 €/Kg"
Mousse d´or,Du Bois de la Roche,Embalagem de 200 g,"0,69 €","3,45 €/Kg"
Mistura solúvel bolero,Nestle,Embalagem de 200g,"0,79 €","3,16 €/Kg"
Massa folhada margarina,PorSi,Embalagem de 230 g,"0,99 €","4,30 €/Kg"
Massa macarronete riscado,PorSi,Embalagem de 500g,"0,99 €","1,98 €/Kg"
Cubos gengibre (para mastigar),Cemporcent,Embalagem de 100g,"1,79 €","1,79 €/Kg"
Detergente Manual p/ Lavar Roupa Regular,Gama,Embalagem de 510 g,"2,38 €","4,67 €/Kg"
Massa de cotovelinhos,PorSi,Embalagem de 500g,"0,99 €","1,98 €/Kg"
Pasta de sardinha,Fides,Embalagem de 90g,"1,19 €","13,52 €/Kg"
Bebida energética ripper,Monster,Garrafa de 500 ml,"1,60 €","3,20 €/L"
Super homem,PLANTANATU,Embalagem de 1 unidades,"7,59 €","126,50 €/Kg"
Farinheira do Ribatejo,PorSi,Embalagem de 180g,"1,49 €","7,45 €/Kg"
Creme vegetal culinário,Vaqueiro,Embalagem de 1 kg,"1,39 €","6,95 €/L"
Fruta para bebé multifrutas +4 meses,Nestle,Embalagem de 90g,"0,74 €","8,22 €/Kg"
Eau de Toilette p/Senhora Nº2,Caravan,1 Frasco 150ml,"11,99 €","79,93 €/L"
Lava tudo marinho,Cif,"Garrafa de 1,4 l","0,99 €","0,50 €/L"
Bolachas chiquilin energy,Artiach,Embalagem de 200g,"1,69 €","6,76 €/Kg"
Pudim de ananás,Boca Doce,Embalagem de 20g,"0,59 €","29,50 €/Kg"
Filetes de pescada,Pescanova,Embalagem de 400g,"3,99 €","9,98 €/Kg"
Cereais fitness chocolate,Nestle,Embalagem de 380g,"3,99 €","13,30 €/Kg"
Doce cereja 284g,ST.DALFOUR,Frasco de 284g,"2,19 €","9,95 €/Kg"
Bolacha recheada mega duo chocolate,Gullon,Embalagem de 500g,"2,15 €","2,87 €/Kg"
Miúdos,Frango,1 un = 250 gr  (aprox.),"2,49 €","2,49 €/Kg"
Salva Camas 60 x 60 cm,PorSi,Embalagem com 20 un.,"4,99 €","4,99 €/Unidade"
Vinho tinto,PorSi,embalagem de 1 litro,"0,85 €","0,85 €/L"
Desinfetante em gel c/ lixívia,Cif,Garrafa de 750 ml,"2,79 €","3,99 €/L"
Preparado para bolo de laranja,B.neve,Embalagem de 450g,"2,05 €","5,13 €/Kg"
Fermento em po 4x25g,PorSi,Embalagem de 100g,"1,89 €","17,18 €/Kg"
Comida húmida para cão de frango e arroz,PorSi,Lata de 400 g,"0,75 €","2,50 €/Kg"
Alimento húmido para cão vaca,Pedigree,Embalagem de 300g,"0,75 €","2,50 €/Kg"
Café em cápsulas dolce gusto ardenza,Nescafe,Embalagem de 110g,"59,82 €/Kg","59,82 €/Kg"
Queijo fatias -50% de gordura,Limiano,Embalagem de 400g,"1,96 €","9,80 €/Kg"
Banda cera fria peles sensíveis p/corpo,Veet,Embalagem de 20 unidades,"6,99 €","6,99 €/Unidade"
"Licor de ginja ""mariquinhas"" 0,70l sem fruto",Mariquinha,Garrafa de 700 ml,"16,99 €","24,27 €/L"
"Cereais crusts, amêndoas e mel",PorSi,Embalagem de 380g,"2,29 €","6,11 €/Kg"
"Cla ultra l-carnitina + chá verde, 30caps",PLANTANATU,Embalagem de 1 unidades,"7,59 €","126,50 €/Kg"
Pré-lavagem power gel,Vanish,Garrafa de 200 ml,"31,99 €","31,99 €/Unidade"
Vinagre balsâmico,PorSi,Embalagem de 250 ml,"0,35 €","0,70 €/L"
"Refresco em pó, manga",PorSi,Embalagem de 40g,"0,75 €","18,75 €/Kg"
Forma Pão de Ló Antiaderente 28cm,PorSi,1 unidade,"9,99 €","9,99 €/Unidade"
Bolachas com duplo creme,Oreo,Embalagem de 190g,"0,79 €","4,49 €/Kg"
Óleo Performa 10W40,Galp,Embalagem de 1 l,"14,99 €","14,99 €/L"
"Pasta de arquivo, lombada estreita, amarela",Domédia,1 unidade,"3,29 €","3,29 €/Unidade"
Farinha para bolos fina,Branca de Neve,Embalagem de 1 kg,"0,85 €","0,85 €/Kg"
"Recarga ambientador, toque&fresh relax zen",Glade,Embalagem de 10 ml,"349,00 €/L","349,00 €/L"
Bote pirata,Pinypon Action,1 unidade,"14,99 €/Unidade","14,99 €/Unidade"
Creme Mãos Secrets Coco,Dove,75 ml,"2,49 €","41,50 €/L"
Molho bechamel,PorSi,Embalagem de 200g,"0,87 €","2,90 €/Kg"
Régua 50 cm,Mab,1 un.,"3,07 €","146,19 €/Kg"
Tira nódoas oxy limpa a seco sem deixar manchas,PorSi,Embalagem de 200 ml,"10,99 €","52,33 €/Kg"
Detergente manual roupa,PorSi,Embalagem de 650g,"2,38 €","4,67 €/Kg"
Chá verde menta,PorSi,Embalagem de 43.7 g,"0,99 €","23,02 €/Kg"
Pepperoni Rodelas,Porminho,Embalagem 2 x 75 g,"3,35 €","22,33 €/Kg"
Recarga mopa,PorSi,1 unidade,"2,99 €","2,99 €/Unidade"
Sumo 100% maçã,PorSi,pack 3 x 200 ml,"1,09 €","0,73 €/L"
Batata pré-frita palitos finos,PorSi,Embalagem de 1 kg,"1,39 €","1,39 €/Kg"
Resguardos de cama,PorSi,20 unidades de 80 x 180 cm,"4,99 €","4,99 €/Unidade"
Ambientador vela maçã e canela,PorSi,1 unidade,"9,49 €","45,19 €/Kg"
Limpa Moveis Lavanda,Pronto,300 ml,"4,39 €","14,63 €/L"
Rodelas de linguica 2x75g,Porminho,Embalagem de 2X75G,"1,14 €","5,70 €/Kg"
Sumo 100% laranja,PorSi,Pack 3 x 200 ml,"1,09 €","0,73 €/L"
Feijao verde redondo,PorSi,Embalagem de 400g,"1,98 €","1,98 €/Kg"
Azeite virgem extra,Ouro elvas,Garrafa de 750 ml,"3,29 €","4,39 €/L"
After shave gold,Denim,Embalagem de 100 ml,"1,16 €","4,64 €/L"
Azeitona galega mista inteira,PorSi,Vendido ao peso a partir de 500 g,"0,44 €","4,39 €/Kg"
Fita adesiva,PorSi,5m x 1.25 cm,"0,59 €","1,18 €/L"
Limpa móveis cera abelhas,PorSi,Frasco de 300ml,"4,39 €","14,63 €/L"
Snack chocolate leite,Kit kat,Embalagem de 125g,"0,99 €","9,90 €/Kg"
"Anti-calcário em pó, máquina roupa",PorSi,Embalagem de 800g,"10,99 €","52,33 €/Kg"
Gomas de bananas,Fini,Embalagem 100G,"0,99 €","9,90 €/Kg"
Azeite virgem extra reserva,Gallo,Garrafa de 750 ml,"3,29 €","4,39 €/L"
Gomas amora,Haribo,Embalagem de 100g,"0,99 €","9,90 €/Kg"
Queijo fatiado cheddar,PorSi,Embalagem de 150 g,"1,96 €","9,80 €/Kg"
Spray wc anticalcário,PorSi,embalagem de 750 ml,"1,79 €","2,39 €/L"
Pasta dentífrica 1 2 3,Oral B,Embalagem de 75 ml,"2,39 €","31,87 €/L"
Borracha para desenho técnico,Domédia,1 unidade,"4,69 €","4,69 €/Unidade"
Café moagem universal brasil,Delta,Embalagem de 220g,"9,16 €/Kg","9,16 €/Kg"
Farinha de trigo integral,Cemporcent,Embalagem de 500g,"2,29 €","11,45 €/Kg"
Leite seleccionado magro,Matinal,Garrafa de 1 l,"0,83 €","0,83 €/L"
Esferográfica Preta Retratil 0.7mm,Mab,Embalagem com 1 un.,"2,69 €","2,69 €/Unidade"
Canela em pau,PorSi,Saqueta de 30 g,"0,25 €","0,25 €/Kg"
Concentrado maracujá mix,Sunquick,Garrafa de 580 ml,"3,54 €","3,54 €/L"
Cerveja c/ álcool mini,Super Bock,Pack 15 x 0.20 L,"1,99 €/L","1,99 €/L"
3 Pipetas de Repelente p/ Gato,Repul'7,1 unidade,"1,19 €","0,24 €/Kg"
"Cotonetes, 100 unidades",Johnson's Baby,1 embalagem,"4,39 €","21,95 €/L"
Bacalhau espiritual,PorSi,Embalagem de 300g,"1,79 €","7,16 €/Kg"
Máquina depilação Venus Breeze 2 em 1,Gillette,1 unidade,"1,99 €","1,99 €/Unidade"
Ambientador gel floral,PorSi,150 g,"16,63 €/L","16,63 €/L"
10 saquetas infusão de camomila,Lipton,Embalagem de 10g,"0,99 €","76,15 €/Kg"
Sidra frutos vermelhos,Somersby,pack 4 x 0.33 l,"1,59 €","3,18 €/L"
Leite com chocolate sem lactose,Ucal,Embalagem de 6 x 250 ml,"0,99 €","0,99 €/L"
Leite uht meio gordo,PorSi,Embalagem com rosca de 1 l,"0,83 €","0,83 €/L"
O Meu Primeiro Jogo de Lógica,Cailun,1 unidade,"16,49 €","16,49 €/Unidade"
Gomas de ursos com brilho,Fini,Embalagem de 100g,"0,99 €","9,90 €/Kg"
Crepe simples,PorSi,Embalagem de 630g,"2,57 €","7,79 €/Kg"
Açúcar mascavado,PorSi,Embalagem de 500g,"1,49 €","1,49 €/Kg"
Ambientador arbremagique baunilha,Arbre Magique,1 unidade,"3,49 €","3,49 €/Unidade"
4 hamburguers frango s/ glúten,Capitão Iglo,Embalagem de 240g,"11,44 €/Kg","11,44 €/Kg"
Chispe da Perna,Porco,1 un = 800 gr (aprox.),"4,88 €","4,88 €/Kg"
Azeite virgem clássico,PorSi,Garrafa de 750 ml,"3,29 €","4,39 €/L"
"Pensos tecido, resistentes à água, 10 unidades",Hansaplast,1 embalagem,"0,59 €","1,18 €/L"
Miolo de camarão 50/70,H2Gelo,Embalagem de 250  g,"8,99 €","25,69 €/Kg"
Batata pré-frita rodelas para saltear,PorSi,Embalagem de 1 kg,"1,39 €","1,39 €/Kg"
Colchonete em Espuma,Saurium,"Dim.: 180x60x1,2 cm","6,99 €","6,99 €/Unidade"
Feijão vermelho,Caçarola,Embalagem de 500 g,"0,95 €","1,90 €/Kg"
Limpa Estofos de Pele,PorSi,Embalagem de 1 l,"3,99 €","0,80 €/L"
Bolacha torrada 800g 33% grátis,Vieira,Embalagem de 800g,"2,11 €/Kg","2,11 €/Kg"
8 salsichas bockwurst,PorSi,1 Frasco 720G,"0,75 €","3,75 €/Kg"
Tablete triple caramelo,Milka,Embalagem de 90g,"5,30 €/Kg","5,30 €/Kg"
Arroz de pato,PorSi,Embalagem de 400g,"3,99 €","9,98 €/Kg"
"Queijo flamengo, ralado",Terra Nostra,Embalagem de 150g,"1,49 €","7,45 €/Kg"
Azeite virgem extra seleção,PorSi,Garrafa de 250 ml,"3,29 €","4,39 €/L"
"Papel higiénico super, folha dupla, 24 rolos",Renova,Uma embalagem,"1,99 €","1,99 €/Unidade"
Arroz carolino,PorSi,Embalagem de 1 kg,"1,26 €","1,26 €/Kg"
Iogurte corpos danone + proteína ananás,Danone,Embalagem de 150g,"5,97 €/Kg","5,97 €/Kg"
"Queijo curado, amanteigado",Paiva,Embalagem de 550g,"6,49 €","25,45 €/Kg"
Gel ativo com lixívia,PorSi,Embalagem de 1.5 l,"1,29 €","0,86 €/L"
Massa bagos,PorSi,Embalagem de 250g,"0,99 €","1,98 €/Kg"
Mistura sol sem café granulado,PorSi,Embalagem de 200g,"0,79 €","3,16 €/Kg"
Café solúvel creme,Delta,Embalagem de 80 g,"14,50 €/Kg","14,50 €/Kg"
Batatas fritas lisas originais,Lay's,Embalagem de 282g,"1,01 €","5,46 €/Kg"
Caderno Espiral Capa Dura A4 Quadriculado,Domédia,1 un.,"3,69 €","3,69 €/Unidade"
Iogurte líquido morango,PorSi,Embalagem de 4 x 160 g,"1,31 €","2,05 €/Kg"
Feijão vermelho,Legumes secos,1 un = 100 gr. (aprox.),"0,26 €","2,59 €/Kg"
Bolachas marítimas clássicas,PorSi Viva Bem,Embalagem de 200g,"2,98 €","9,93 €/Kg"
Infusão de tília,Tetley,Embalagem de 10g,"0,99 €","76,15 €/Kg"
Chá sene,PLANTANATU,Embalagem Com 10 saquetas,"1,25 €","1,25 €/Unidade"
Vinho regional lisboa reserva tinto,Marginal,Garrafa de 0.75 l,"4,99 €","6,65 €/L"
"Detergente líquido, manual loiça, original",Fairy,"Embalagem de 1,5 l","1,05 €","2,10 €/L"
Infusão alcachofra e dente de leão,Cemporcent,Embalagem de 10 unidades,"0,99 €","76,15 €/Kg"
Confetis 80 gr sortido,Mercagranel,Embalagem de 80 gr,"0,54 €","0,54 €/Unidade"
Alimento lácteo cereais e bolachas maria +6 meses,Yogolino,Embalagem de 4 x 100 g,"2,89 €","7,23 €/Kg"
Chouriço corrente,PorSi,Embalagem de 200 g,"1,14 €","5,70 €/Kg"
Papel Higiénico Compacto Ultra Suave XXL,Colhogar,12 rolos,"1,99 €","1,99 €/Unidade"
Bolachas waffers morango,PorSi,Embalagem de 210g,"0,98 €","4,67 €/Kg"
Tablete chocolate chips ahoy,Milka,Embalagem de 100g,"5,30 €/Kg","5,30 €/Kg"
Chili com carne,Itinéraire des Saveurs,Embalagem 300G,"2,35 €","5,60 €/Kg"
Petit gateau morango 4x80g,PorSi,Embalagem de 320g,"2,57 €","7,79 €/Kg"
Atum posta em azeite,PorSi,Embalagem de 120g,"0,89 €","7,42 €/Kg"
Pensos resistentes à água,PorSi,Embalagem com 15 unidades,"0,59 €","1,18 €/L"
Azeitona Maçanilha inteira,PorSi,Vendido ao peso a partir de 500 g,"0,44 €","4,39 €/Kg"
Pilhas recarregáveis C HR14 2600mAh,Domédia,Embalagem com 2 unidades,"1,49 €","1,49 €/Unidade"
Manteiga com sal cuvete,LORETO,Embalagem de 250g,"1,89 €","7,56 €/Kg"
Queijo Curado Trad.Pimentão,Alavão,Vendido ao peso a partir de 250 gr,"6,49 €","25,45 €/Kg"
Salsichas de porco tipo estrasburgo,Monique Ranou,Embalagem  de 210G,"1,56 €","7,43 €/Kg"
Mousse cabelo caracois,Labell,Embalagem de 200ml,"4,19 €","16,76 €/L"
Vela em número nª2,PorSi,1 unidade,"0,60 €","0,60 €/Unidade"
Bolachas mini chips ahoy,Ca!,Embalagem de 160g,"0,79 €","5,27 €/Kg"
Leite desmaquilhante para peles secas,Labell,Embalagem de 250 ml,"1,15 €","4,60 €/L"
Pizza hawai,PorSi,Embalagem de 350g,"2,16 €","6,17 €/Kg"
Salmão Fumado da Noruega,PorSi,Embalagem de 100 g,"3,35 €","22,33 €/Kg"
"Cueca de incontinência, adulto, pequena",PorSi,Embalagem com 14 unidades,"20,79 €","20,79 €/Unidade"
Recarga mopa 1.2 spray max,Vileda,1 unidade,"0,89 €","0,89 €/Unidade"
"Lixívia para roupa, azul, tradicional",Neoblanc,Embalagem de 1 l,"1,74 €","0,35 €/L"
Tomate inteiro pelado,PorSi,Embalagem de 390 g,"2,19 €","2,81 €/Kg"
Atum posta em azeite,Bom petisc,Embalagem de 120 g,"0,89 €","7,42 €/Kg"
Iogurte activia líquido cereais,Danone,Embalagem de 4 x 155 g,"3,21 €/Kg","3,21 €/Kg"
Fruta para bebé 4 frutas +4 meses,Nestle,Embalagem de 90g,"0,74 €","8,22 €/Kg"
Lava tudo antibacteriano marinho,PorSi,Garrafa de 1.5 l,"0,99 €","0,50 €/L"
Pano Suave C/ Microfibras,Vileda,2 + 1 Un. Grátis,"1,79 €","1,79 €/Unidade"
Creme de cassis,P.dabot,Garrafa de 700 ml,"22,49 €","32,13 €/L"
Petit gâteau,PorSi,Embalagem de  4 x 80 g,"2,57 €","7,79 €/Kg"
Chá preto,Tetley,Embalagem de 20g,"1,69 €","56,33 €/Kg"
Feijão frade,Compal,Lata de 410 ml,"2,19 €","2,81 €/Kg"
Nestum zero arroz,Nestum,Embalagem de 250 g,"4,99 €","4,99 €/Kg"
Super pequeno almoço instantâneo de curcuma e abóbor...,Origensbio,Embalagem de 300 g,"11,44 €/Kg","11,44 €/Kg"
Vulcão,Science4You,1 unidade,"9,99 €/Unidade","9,99 €/Unidade"
Biscottina com alho e salsa,RUSTICA,Embalagem de 100 g,"2,39 €","6,83 €/Kg"
Sacos do lixo wc 5 litros,PorSi,30 sacos,"1,89 €","1,89 €/Unidade"
Chouriço fatiado,Campofrio,Embalagem de 80g,"0,95 €","9,49 €/Kg"
Porto tawny,Ferreira,Garrafa de 750 ml,"6,29 €","8,39 €/L"
Queijo meio gordo fatias,Paiva,Embalagem de 180g,"1,96 €","9,80 €/Kg"
Molho de alho,Calve,Embalagem de 260g,"0,87 €","2,90 €/Kg"
Iogurte magro 0% pedaços de frutas,Páturages,Embalagem de 12X125G,"4,38 €","2,19 €/Kg"
Limpa Móveis,PorSi,Embalagem de 300 ml,"4,39 €","14,63 €/L"
"Gelatina pronto a comer, 10kcal tropical",Royal,Embalagem de 4 x 100 g,"0,85 €","2,13 €/Kg"
Azeite de moura virgem extra bio,PorSi Bio,Garrafa de 500 ml,"3,29 €","4,39 €/L"
Alimento seco p/ cão actividade intensa,PorSi,Embalagem de 4kg,"22,99 €","1,15 €/Kg"
Guardanapos Red Label 1 folha |Vermelho,Renova,Dim: 30x32cm |70 unidades,"1,29 €","1,29 €/Unidade"
Iogurte liquido infantil morango,PorSi,Embalagem de 6 x 94 ml,"1,31 €","2,05 €/Kg"
Fruta para bebé maçã banana +4 meses,Nestle,Embalagem de 4 x 100 g,"0,74 €","8,22 €/Kg"
Manteiga magra,PorSi,Embalagem de 250g,"1,89 €","7,56 €/Kg"
Escova dentifrica 360º advanced média,Colgate,1 unidade,"3,49 €","3,49 €/Unidade"
Fio dentário fluór+menta 50m,Labell,1 unidade,"3,49 €","3,49 €/Unidade"
Gelatina ananás 8 kcal,PorSi,Embalagem de 4 x 100 g,"0,85 €","2,13 €/Kg"
Vinho Regional de Lisboa Branco,Mundus,"Garrafa de 0,75L","1,99 €","2,65 €/L"
Mousse de chocolate,Royal,Embalagem de 160g,"0,79 €","5,27 €/Kg"
Tablete de chocolate culinário branco,PorSi,Embalagem de 180 g,"0,99 €","9,90 €/Kg"
Wc lixívia gel original,Domestos,Garrafa de 750 ml,"2,79 €","3,99 €/L"
Maionese magra em frasco,Hellmman's,Embalagem de 460g,"0,87 €","2,90 €/Kg"
Aperitivos 3d's cones,3d's,Embalagem de 90g,"0,79 €","7,90 €/Kg"
Vinho branco,PorSi,Bag-in-box de 5 litros,"0,85 €","0,85 €/L"
Spray bolor e sujidade,Cillitbang,Garrafa de 500 ml,"1,29 €","0,86 €/L"
Farinha de fubá de milho,Nacional,Embalagem de 1 kg,"0,85 €","0,85 €/Kg"
Tira Nódoas Spray a Seco,Iberia,Embalagem de 200 ml,"10,99 €","52,33 €/Kg"
Refrigerante c/ gás,Coca-Cola,pack 6 x 0.33 l,"0,79 €","0,40 €/L"
Cachaça,Alma pura,700 ml,"17,49 €","24,99 €/L"
Lixívia Gel Brisa Marítima,Neoblanc,Embalagem de 700ml,"2,59 €","1,30 €/L"
Lava Tudo Perfumado Herbal,PorSi,Embalagem de 2 l,"0,99 €","0,50 €/L"
Queijinho petit nesquik,Nestle,Embalagem de 6 x 60 g,"1,05 €","1,86 €/L"
Cordon bleu,Iglo,Embalagem de 200g,"4,99 €","24,95 €/Kg"
"Chocolate, extra single",Twix,Embalagem de 80g,"11,00 €/Kg","11,00 €/Kg"
Leite Uht Proteína Café,Mimosa,Pack 3 x 250 ml,"2,15 €","9,77 €/L"
Lixívia WC Gel Higienizante,Neoblanc,Embalagem de 700ml,"2,59 €","1,30 €/L"
Levedura de cerveja,Cemporcent,Embalagem de 150g,"2,29 €","11,45 €/Kg"
Farelo de trigo,Cemporcent,Embalagem de 250g,"2,29 €","11,45 €/Kg"
Snack para gato crispies salmão e truta,Felix,Embalagem de 50g,"1,89 €","31,50 €/Kg"
Massas alimentícias laços,PorSi,Embalagem de 500g,"0,99 €","1,98 €/Kg"
Pilha alcalina hightech lr03x8,Domédia,1 unidade,"1,49 €","1,49 €/Unidade"
Saqueta de puré de fruta | maçã + manga + pêssego,PorSi,90 g,"0,74 €","8,22 €/Kg"
Tablete de chocolate culinário 70% negro,PorSi,Embalagem de 200 g,"1,04 €","8,32 €/Kg"
Limpa máquinas de roupa tripla ação,PorSi,Embalagem de 250 ml,"31,99 €","31,99 €/Unidade"
Vela com número nº 0,PorSi,1 unidade,"0,60 €","0,60 €/Unidade"
"Pasta dentífrica, proteção branqueador",Labell,Embalagem de 75 ml,"2,39 €","31,87 €/L"
Limpa Estofos de Tecido,PorSi,Embalagem de 1 l,"3,99 €","0,80 €/L"
Esfregona tiras completa,PorSi,1 unidade,"0,79 €","0,79 €/Unidade"
Caldo carne 16 cubos,Knorr,Embalagem de 160g,"3,84 €","24,00 €/Kg"
Óleo de cedro,Mistolin,Embalagem de 360 ml,"4,39 €","14,63 €/L"
Vinho do porto lágrima branco,R.pinto,Garrafa de 750 ml,"11,99 €","15,99 €/L"
Compasso Origin 3 peças,Maped,Uma embalagem,"3,19 €","3,19 €/Unidade"
Pêssego metades em calda,Nutry,Lata de 840 g,"1,99 €","2,37 €/Kg"
Ração seca para gatinhos frango e legumes,PorSi,Embalagem de 2 kg,"12,99 €","4,33 €/Kg"
Recarga sabonete líquido para as mãos de coco,Dove,500 ml,"1,19 €","3,97 €/L"
Tarte de Flan,Pastelaria do Dia,embalagem com 650g,"4,29 €","6,60 €/Kg"
Feijão preto,Caçarola,Embalagem de 500 g,"0,95 €","1,90 €/Kg"
Rolo de Cozinha Megarollo,Scottex,Uma embalagem c/ 8 rolos,"4,99 €","4,99 €/Unidade"
Bacalhau à Brás,PorSi,Embalagem de 1 kg,"1,79 €","7,16 €/Kg"
"Creme revitalizante, noite",L'oreal,Embalagem de 50 ml,"2,99 €","59,80 €/L"
Queijo Flamengo Bola,Quinta do Convento,,"6,49 €","25,45 €/Kg"
Bebida energética,Red Bull,Pack 4 x 0.25 l,"1,60 €","3,20 €/L"
Recarga Esfregona de Algodão,PorSi,1 unidade,"0,89 €","0,89 €/Unidade"
Limpador,Pronto,Embalagem de 750 ml,"2,49 €","2,49 €/L"
Batata frita lisa,PorSi,Embalagem de 90g,"1,01 €","5,46 €/Kg"
Água s/ gás frutos vermelhos,Luso,Garrafa de 1 l,"1,04 €","0,17 €/L"
Cola stick,Uhu,Conjunto de 2 x 21 g,"2,19 €","109,50 €/L"
Snack para gato original,Felix,Embalagem de 60g,"1,89 €","31,50 €/Kg"
Batata palito forno express,MCCAIN,Embalagem de 500g,"1,39 €","1,39 €/Kg"
Arroz agulha,Caçarola,Embalagem de 1 kg,"1,26 €","1,26 €/Kg"
Chá de menta e eucalipto,Lipton,20 saquetas,"1,19 €","59,50 €/Kg"
Posta pescada-do-cabo nº 5 para cozer,PorSi,Embalagem de 800 g,"3,99 €","9,98 €/Kg"
Espinafres em folhas,PorSi,Embalagem de 750 g,"1,98 €","1,98 €/Kg"
"Tira gorduras, pistola",Kh 7,Garrafa de 750 ml,"4,89 €","6,52 €/L"
Escova dentes kids minions bateria,Colgate,1 un.,"0,99 €","0,99 €/Unidade"
Guardanapos com riscas verdes | Dim.: 33 x 33 cm,PorSi,Embalagem com 20 unidades,"1,29 €","1,29 €/Unidade"
Ração para gato adulto crunchy & tender com salmão,Friskies,"Embalagem de 1,5 kg","12,99 €","4,33 €/Kg"
Ervilhas com cenoura,PorSi,Embalagem de 750g,"1,98 €","1,98 €/Kg"
8 hamburguers s/ glúten vaca,Capitão Iglo,Embalagem de 640g,"2,79 €","8,72 €/Kg"
Spray lixívia e higiene,Cillitbang,Garrafa de 500 ml,"1,29 €","0,86 €/L"
Recarga inseticida elétrico líquido,Raid,45 noites,"7,69 €","7,69 €/Unidade"
Vinho Verde Loureiro Branco,Aveleda,Garrafa de 0.75 l,"3,09 €","3,09 €/L"
Néctar pera,PorSi,Embalagem de 1 l,"0,99 €","0,99 €/L"
Vinho tinto regional alentejano,Galitos,Garrafa de 750 ml,"2,89 €","3,85 €/L"
"Agrafos nº24/6, 2000 unidades",Maped,Uma embalagem,"3,29 €","3,29 €/Unidade"
Bloco Sanitário Poder Activo Pinho,Sonasol,Embalagem de 50 g,"2,99 €","74,75 €/Kg"
Body Milk in Shower,Labell,Embalagem de 250 ml,"12,48 €/L","12,48 €/L"
Gelatina pronta a comer light 10 kcal mirtilo,Royal,Embalagem de 4 x 100 g,"0,85 €","2,13 €/Kg"
Barrita controlo de peso maçã,Ignoramu,Embalagem de 44g,"0,69 €","1,73 €/Kg"
"M&ms pouch, amendoim",M&m' s,Embalagem de 400 g,"5,99 €","14,98 €/Kg"
Chocolate culinário branco,Pantagruel,Embalagem de 200g,"1,04 €","8,32 €/Kg"
Alimento lácteo cereais e baunilha +6 meses,Yogolino,Embalagem de 4 x 100 g,"2,89 €","7,23 €/Kg"
Macedonia de legumes,PorSi,Embalagem de 1 kg,"1,98 €","1,98 €/Kg"
Super Napolitana de Chocolate,Pastelaria do Dia,1 un = 120 g (aprox.),"0,35 €","0,35 €/Unidade"
Leite uht magro,Gresso,Embalagem de 1 litro,"0,83 €","0,83 €/L"
Vinho do porto dona antónia reserva branco,Ferreira,Garrafa de 0.75 l,"11,99 €","15,99 €/L"
Óleo alimentar,PorSi,Garrafa de 5 l,"3,39 €","3,39 €/L"
Grão de bico,PorSi,Frasco com 540 g,"2,19 €","2,81 €/Kg"
"Lenços de bolso sensi, brancos, 10 unidades",Renova,Uma embalagem de 6x10,"0,89 €","0,89 €/Unidade"
Desodorizante e desinfetante para calçado,Sanytol,Embalagem de 150 ml,"5,29 €","35,27 €/L"
Circuito fechado rosa -5º,Redex,Embalagem de 5 l,"14,99 €","14,99 €/L"
Bolachas digestive chocolate,PorSi,Embalagem de 300g,"1,19 €","5,95 €/Kg"
Croissant Brioche Artesanal,Pastelaria do Dia,1 unidade= 90 gr,"0,35 €","0,35 €/Unidade"
"Pasta de arquivo, lombada estreita, vermelha",Domédia,1 unidade,"3,29 €","3,29 €/Unidade"
Massa macarronete riscado,Milaneza,Embalagem de 500g,"0,99 €","1,98 €/Kg"
Manteiga com sal,Primor,Embalagem de 250g,"1,89 €","7,56 €/Kg"
Leite seleccionado leve,Matinal,pack 3 x 200 ml,"0,83 €","0,83 €/L"
Spray anti calcário,Cif,Garrafa de 435 ml,"3,19 €","6,38 €/L"
Doce de cereja s/ açúcar adicionado,PorSi,Frasco com 220 g,"2,19 €","9,95 €/Kg"
Pensos Higiénicos Fina e Segura Maxi Super,Evax,Embalagem c/ 13 Unidades,"2,59 €","2,59 €/Unidade"
Massa cuscus,PorSi,Embalagem de 250g,"0,99 €","1,98 €/Kg"
Super Cola para Madeira,Vito,1 unidade,"1,79 €","1,79 €/Unidade"
Areia para gatos aglomerante compacta perfumada,PorSi,Embalagem de 4 kg,"1,19 €","0,24 €/Kg"
Alimento lácteo morango +8 meses,Yogolino,Embalagem de 4 x 100 g,"2,89 €","7,23 €/Kg"
12 Macarons Sortidos,PorSi Select,Embalagem de 144 g,"2,57 €","7,79 €/Kg"
Moscatel de setúbal,Selecção de Enófilos,"Garrafa de 0,75 l","5,99 €","7,99 €/L"
Toalhitas básico,Dodot,embalagem com 54 unidades,"1,09 €/Unidade","1,09 €/Unidade"
Esfregão esponja ergonómico salva unhas,PorSi,Embalagem de 2 unidades,"0,79 €","0,79 €/Unidade"
Fraldas agility T4 de 9 a 15 kg,PorSi,50 unidades,"13,29 €/Unidade","13,29 €/Unidade"
Mix panquecas proteicas,Cemporcent,Embalagem de 500g,"1,79 €","1,79 €/Kg"
Pão de Forma Cerealia 14 Cereais e Sementes 0% Açúca...,Panrico,Embalagem de 440g,"2,29 €","5,26 €/Kg"
Malinha Berçário,Baby Nurse Smoby,1 unidade,"14,99 €","14,99 €/Unidade"
"Cerveja com álcool, lata",Super Bock,Garrafa de 500 ml,"1,99 €/L","1,99 €/L"
"Pilha alcalina, hightech lr03x4",Domédia,1 unidade,"1,49 €","1,49 €/Unidade"
Aperitivos tex mex,Doritos,Embalagem de 120g,"0,79 €","7,90 €/Kg"
Tostas de trigo,Diatosta,Embalagem de 225 g,"2,39 €","6,83 €/Kg"
Creme de dia para pele seca,Labell,Embalagem de 50 ml,"2,99 €","59,80 €/L"
Molas plásticas,PorSi,15 unidades,"0,89 €","0,89 €/Unidade"
Cerveja c/ álcool,Super Bock,Pack 15 X 0. 33L,"1,99 €/L","1,99 €/L"
Leite de coco,PorSi,Embalagem de 400 ml,"3,84 €","24,00 €/Kg"
12 Preservativos Adapta Finíssimo,Control,,"4,49 €","4,49 €/Unidade"
Bolacha vitalday frutos vermelhos,Gullon,Embalagem de 240g,"2,98 €","9,93 €/Kg"
Bolachas waffers baunilha,PorSi,Embalagem de 210g,"0,98 €","4,67 €/Kg"
Pastilhas de Limpeza Dentífrica Branqueadora,Polident,Embalagem com 30 unidades,"9,79 €","122,38 €/Kg"
Spray limpeza fornos e grelhas,PorSi,500 ml,"1,79 €","2,39 €/L"
Spray desinfetante cozinha,Lysol,Embalagem de 500 ml,"4,09 €","5,45 €/L"
Nêspera,Fruta da Época,1 un = 250 gr  (aprox.),"1,89 €/Kg","1,89 €/Kg"
Atum posta em óleo,Bom petisc,Embalagem de 120 g,"0,89 €","7,42 €/Kg"
6 Salsichas de porco,Nobre,Lata de 120g,"0,75 €","3,75 €/Kg"
Cereais corn flakes s/ glúten,Nestle,Embalagem de 380g,"1,49 €","2,98 €/Kg"
Filetes de pescada,PorSi,Embalagem de 400 g,"3,99 €","9,98 €/Kg"
Água c/ gás original,Frize,pack 6 x 0.25 l,"2,85 €","2,85 €/L"
Biscoitos integrais aveia e cacau,PorSi Viva Bem,Embalagem de 150g,"1,45 €","11,15 €/Kg"
Água mineral sem gás,Fastio,Pack 4 x 1.5 l,"1,04 €","0,17 €/L"
Queijo manchego D.O.P,PorSi Select,Embalagem de 250g,"2,87 €","15,94 €/Kg"
Açúcar em saquetas,PorSi,Embalagem 1K,"1,49 €","1,49 €/Kg"
Vinho maduro branco,C.da eira,Garrafa de 1 l,"0,85 €","0,85 €/L"
Massa fusilli tricolor,Milaneza,Embalagem de 500g,"0,99 €","1,98 €/Kg"
Salsichas extra suculentas,Nobre,Frasco de 650 g,"0,75 €","3,75 €/Kg"
Jardineira,PorSi,Embalagem de 750 g,"1,98 €","1,98 €/Kg"
Sacos do lixo lavanda 50 litros,PorSi,15 unidades,"1,89 €","1,89 €/Unidade"
Iogurte natural açucarado,PorSi,Embalagem de 4x125g,"0,99 €","1,98 €/Kg"
Cria o Cenário,Jurassic World,1 un.,"9,99 €/Unidade","9,99 €/Unidade"
Grão de bico,PorSi,Embalagem de 820g,"2,19 €","2,81 €/Kg"
Creme vegetal culinário,Vaqueiro,Embalagem de 250 g,"1,39 €","6,95 €/L"
Pensos higiénicos liberty super abas,Evax,Embalagem com 10 un.,"2,59 €","2,59 €/Unidade"
Ketchup,Calve,Embalagem de 280g,"0,87 €","2,90 €/Kg"
Creme de Mãos Xpress Absorv,Bioten,Embalagem de 100ML,"2,49 €","41,50 €/L"
Bebida espirituosa,1920,Garrafa de 1 l,"15,49 €","15,49 €/L"
Bolacha maria dourada,PorSi,Embalagem de 800g,"2,11 €/Kg","2,11 €/Kg"
Abrasivo sanitário gel citrinos,PorSi,embalagem de 1 litro,"1,09 €","1,09 €/L"
Papa infantil não láctea multicereais +6 meses,Cerelac,Embalagem de 250g,"4,99 €","4,99 €/Kg"
Pensos de incontinência Maxi,Ausonia,Uma embalagem - 12Unidades,"5,99 €","5,99 €/Unidade"
Bacon Extra Nacos,Porminho,200 g,"2,19 €","10,95 €/Kg"
"Toalhitas para bebé bio, 64 unidades",Pommette,1 embalagem,"1,09 €/Unidade","1,09 €/Unidade"
"Jogo ""Fake?""",Clementoni,1 unidade,"9,99 €/Unidade","9,99 €/Unidade"
Feijão encarnado,PorSi,Embalagem 500G,"0,95 €","1,90 €/Kg"
Cone chocolate,PorSi,Embalagem de 6 x 120 ml,"5,99 €","16,64 €/L"
Termo ultra dreno-volume,PLANTANATU,Garrafa de 500 ml,"7,59 €","126,50 €/Kg"
Caramelos de fruta,Penha,Embalagem de 500 g,"1,19 €","4,76 €/Kg"
Queijo da Ilha DOP Cura 4 Meses,São Jorge,Vendido ao peso a partir de 250 gr,"2,87 €","15,94 €/Kg"
"Rolo de cozinha design xxl, 3 rolos",Renova,Embalagem de 3 unidades,"4,99 €","4,99 €/Unidade"
"Coloração permanente, caramelo avelã, nº 6.41",Excellence,1 unidade,"11,99 €","11,99 €/Unidade"
Refrigerante c/ gás laranja,Sumol,Garrafa de 500 ml,"0,79 €","0,40 €/L"
Tablete chocolate de iogurte morango,Milka,Embalagem de 100g,"5,30 €/Kg","5,30 €/Kg"
Cebola picada,PorSi,Embalagem de 400 g,"1,98 €","1,98 €/Kg"
Guardanapos com riscas rosa | Dim.: 33 x 33 cm,PorSi,Embalagem com 20 unidades,"1,29 €","1,29 €/Unidade"
"Tablete de chocolate, black-white",Schogetten,Embalagem de 100g,"5,30 €/Kg","5,30 €/Kg"
Caderno Agrafado Capa Preta |A4 Liso,Domédia,1 unidade,"3,69 €","3,69 €/Unidade"
Autobrilhante Incolor,Búfalo,Embalagem de 50 ml,"2,25 €","45,00 €/L"
Bolachas de manteiga,Triunfo,Embalagem de 170g,"1,69 €","6,76 €/Kg"
Canja c/ aletria,Knorr,Embalagem de 70g,"0,62 €","10,00 €/Kg"
Bolacha golden,Oreo,Embalagem de 154 g,"0,79 €","4,49 €/Kg"
Queijo dop cura 4 meses fatias,Sao jorge,Embalagem de 400g,"3,84 €","15,35 €/Kg"
Vela com número nº 5,PorSi,1 unidade,"0,60 €","0,60 €/Unidade"
Nata para culinária ligeira,Mimosa,Embalagem de 200 ml,"0,75 €","3,75 €/L"
Queijo brie cunhas 60%,President,Embalagem de 200 g,"1,45 €","7,25 €/Kg"
Toalhitas Activity |Recarga,Dodot,Pack: 4x54 unidades,"1,09 €/Unidade","1,09 €/Unidade"
Gel WC Flores,Neoblanc,Embalagem de 700 ml,"2,79 €","3,99 €/L"
Vinho do porto dona antónia reserva tinto,Ferreira,Garrafa de 0.75 l,"10,99 €","14,65 €/L"
Molho inglês,Savora,Garrafa de 120 ml,"0,87 €","2,90 €/Kg"
Pêssego em calda metades,PorSi,Lata com 420 g,"1,99 €","2,37 €/Kg"
Recarga Sabonete Liquido Lavanda,Dettol,250 ml,"1,19 €","3,97 €/L"
Iogurte activia líquido kiwi,Danone,Embalagem de 4 x 155 g,"3,21 €/Kg","3,21 €/Kg"
Bebé Feliz Aniversário,Nenuco,1 unidade,"14,99 €","14,99 €/Unidade"
Vela com número nº 8,PorSi,1 unidade,"0,60 €","0,60 €/Unidade"
Caderno Espiral Capa Dura A4 Quadriculado,Domédia,1 un.,"2,49 €","2,49 €/Unidade"
Muslitos do mar,Pescanova,Embalagem de 250 g,"2,19 €","8,59 €/Kg"
"Fita Isoladora, 2 Rolos",Itools,1 unidade,"1,79 €","1,79 €/Unidade"
"Bebida láctea especial crescimento, 1-3 anos",Mimosa,Garrafa de 1 l,"0,26 €","1,30 €/L"
Lula recheada com carne,PorSi,Embalagem de 500 g,"3,99 €","11,40 €/Kg"
12 pastéis de bacalhau,PorSi,Embalagem de 300 g,"1,79 €","7,16 €/Kg"
Cápsulas de café com leite cappuccino,Nescafe,Embalagem com 16 cápsulas,"59,82 €/Kg","59,82 €/Kg"
Leite uht gordo com rosca,PorSi,Embalagem de 1 litro,"1,04 €","1,04 €/L"
Gel Banho Excite,Axe,Embalagem de 400 ml,"5,99 €","14,98 €/L"
Sobremesa gelificada de laranja,PorSi,Embalagem de 4x100g,"0,85 €","2,13 €/Kg"
Sumo 100% maçã,Compal,1 litro,"1,09 €","0,73 €/L"
Caldo de galinha 8 cubos,Knorr,Embalagem de 80g,"3,84 €","24,00 €/Kg"
Vinho regional alentejano tinto,Qta.carmo,Garrafa de 0.75 l,"2,89 €","3,85 €/L"
Bocadelia de caranguejo,La piara,Embalagem de 170g,"1,19 €","13,52 €/Kg"
Água sem gás,Penacova,Garrafa de 1.5 litros,"1,04 €","0,17 €/L"
Sumo essencial de pêssego,Compal,pack 3 x 0.11 l,"2,29 €","6,94 €/L"
Adoçante c/ doseador,Canderel,Embalagem de 10g,"1,99 €","199,00 €/Kg"
Doce mirtilos e framboesa 0% açúcar,C.mateus,Embalagem de 280g,"3,69 €","13,18 €/Kg"
Batata Pré-Frita Dauphines,PorSi,500 g,"1,39 €","1,39 €/Kg"
Limpa Tablier,PorSi,Embalagem de 1 l,"3,99 €","0,80 €/L"
Gogo SqueeZ Snack Banana,Gogo,Embalagem de 90g,"2,29 €","6,94 €/L"
Tiras da Costela/Piano,Porco,1 un = 500 gr (aprox.),"4,88 €","4,88 €/Kg"
Restaurador p/ móveis médio,Novycera,Garrafa de 170 ml,"4,39 €","14,63 €/L"
"Infusão de romã/framboesa, 20 saquetas",Tetley,Embalagem de 40g,"0,99 €","76,15 €/Kg"
Vinho branco,Alandra,Garrafa de 750 ml,"1,59 €","2,12 €/L"
"Pastilhas fruit, frutos silvestres",Trident,Embalagem de 15 g,"0,89 €","59,33 €/Kg"
Manteiga amendoim cremosa,Calve,Embalagem de 350g,"8,13 €/Kg","8,13 €/Kg"
Iogurte liquido stracciatella,PorSi,Embalagem de 4 x 160 g,"1,31 €","2,05 €/Kg"
Pasta de Moldar Terracota,DAS,Embalagem com 1 kg,"2,19 €","109,50 €/L"
"Adesivo suave, pele sensivel",Hansaplast,1 unidade,"0,59 €","1,18 €/L"
Leite de coco condensado,Koala,Embalagem de 490 g,"1,09 €","2,75 €/Kg"
Néctar ananás,Compal,pack 3 x 200 ml,"0,99 €","0,99 €/L"
Manteiga c/ sal,Mimosa,Embalagem de 250g,"1,89 €","7,56 €/Kg"
Restaurador p/ móveis escuro,Novycera,Garrafa de 170 ml,"4,39 €","14,63 €/L"
"Na-farinha de aveia 400g 3,2kg",Nacional,Embalagem de 400g,"0,85 €","0,85 €/Kg"
Mistura solúvel tofina despertar,Nestle,Embalagem de 200g,"0,79 €","3,16 €/Kg"
Desodorizante Black & White Invisible,Nivea,150 ml,"4,69 €","31,27 €/L"
Comida húmida para cão,PorSi,Embalagem de 300 g,"0,75 €","2,50 €/Kg"
Massa fettuccine,PorSi,Embalagem de 500g,"0,99 €","1,98 €/Kg"
Vinho branco,PorSi,embalagem de  3X187 ml,"0,85 €","0,85 €/L"
Bambolitos brancos,PorSi,Embalagem de 150g,"0,69 €","4,60 €/Kg"
Leite corporal,Nivea,Embalagem de 400 ml,"12,48 €/L","12,48 €/L"
"Chocolate, snack, single",Snickers,Embalagem de 50g,"11,00 €/Kg","11,00 €/Kg"
Lava tudo amoniacal,Sonasol,"Garrafa de 3,5 l","0,99 €","0,50 €/L"
Escova de Camurça,Búfalo,Embalagem de 250 ml,"6,19 €","24,76 €/L"
Sumo s/ gás manga/cenoura,Santal,"Garrafa de 1,5 l","1,14 €","0,76 €/L"
Cereais corn flakes,Kellogg's,Embalagem de 500g,"1,49 €","2,98 €/Kg"
Geleira com asa de plástico 31 litros,Polisur,1 un.,"8,49 €","8,49 €/Unidade"
Refrigerante sem gás frutos tropicais,Trina,"Garrafa de 1,5 l","1,14 €","0,76 €/L"
"Esferográfica cristal, 5 Uni",Bic,1 unidade,"2,69 €","2,69 €/Unidade"
Pensos clássicos,PorSi,100 unidades,"0,59 €","1,18 €/L"
Vinho branco regional península de setúbal,Lancers,Garrafa de 750 ml,"2,99 €","3,99 €/L"
Bolachas crackers integral,Du bois,Embalagem de 500g,"0,39 €","3,12 €/Kg"
Café dak lak vietnam moagem universal,Sical,Embalagem de 220g,"3,49 €","13,96 €/Kg"
"Carregador, 6 lâminas, 4 recargas",Labell Men,1 embalagem,"1,16 €","4,64 €/L"
Remov. de Verniz com Esponja,Labell,Embalagem de 75 ml,"1,15 €","4,60 €/L"
Coleira em nylon p/ cão  repelente 75cm,Repul' 7,Embalagem de 1 unidades,"7,99 €","7,99 €/Unidade"
Batata frita lisa chips,PorSi,Embalagem de 185 g,"1,01 €","5,46 €/Kg"
Cereais lion chocolate/caramelo,Nestle,Embalagem de 400g,"3,29 €","21,93 €/Kg"
Salsicha bockwurst 5 unidades,PorSi,Embalagem de 250g,"0,75 €","3,75 €/Kg"
Azeite,Oliveira da Serra,Embalagem de 750 ml,"3,29 €","4,39 €/L"
Leite UHT Meio Gordo,Gresso,Embalagem de 1 l,"0,83 €","0,83 €/L"
Creme de fixação para dentaduras,Labell,Embalagem de 50 g,"9,79 €","122,38 €/Kg"
"Chocolate m&m s, bag amendoim",M&m' s,Embalagem de 100 g,"5,99 €","14,98 €/Kg"
Queijo mozzarella fatias,PorSi,Embalagem de 200 g,"1,96 €","9,80 €/Kg"
Uno cartas,Mattel,1 unidade,"9,99 €/Unidade","9,99 €/Unidade"
Néctar classico de ananás,Compal,Garrafa de 200 ml,"0,99 €","0,99 €/L"
Cem porcento-flocos de aveia grossos,Cemporcent,Embalagem de 400g,"2,99 €","7,97 €/Kg"
Farinha p/ bolos extra fina,Nacional,Embalagem de 1 kg,"0,85 €","0,85 €/Kg"
Farinha de centeio,Cemporcent,Embalagem de 500g,"2,29 €","11,45 €/Kg"
Vinho rosé,Lancers,Garrafa 0.75L,"4,29 €","5,72 €/L"
Framboesa mirtilo com xarope de milho,Cemporcent,Embalagem de 230g,"3,99 €","7,98 €/Kg"
Manteiga amendoim cremosa,PorSi,Embalagem de 340g,"8,13 €/Kg","8,13 €/Kg"
Farinha de trigo sem fermento t65,PorSi,Embalagem de 1 kg,"0,85 €","0,85 €/Kg"
Cereais crack star,PorSi,Embalagem de 375 g,"5,07 €/Kg","5,07 €/Kg"
"Caramelos de fruta, morango single",Sugus,Embalagem de 50g,"1,19 €","4,76 €/Kg"
Farinha láctea cerelac,Cerelac,Embalagem de 500g,"4,99 €","4,99 €/Kg"
Arroz agulha Europa,PorSi,Embalagem de 1 kg,"1,26 €","1,26 €/Kg"
Bolachas waffers chocolate,PorSi,Embalagem de 210g,"0,98 €","4,67 €/Kg"
Lasanha bolonhesa,Iglo,Embalagem de 300g,"3,99 €","9,98 €/Kg"
Massa de cotovelos grandes riscados,Milaneza,Embalagem de 500g,"0,99 €","1,98 €/Kg"
Cappuccino Café Solúvel Descafeinado,Nescafe,Embalagem de 125g | 10 Saquetas,"1,59 €","6,36 €/Kg"
Azeite virgem extra bio frutado,Gallo,Garrafa de 750 ml,"3,29 €","4,39 €/L"
Barras de cereais nesquik,Nestle,Embalagem de 150g,"3,29 €","21,93 €/Kg"
Depilatório homem gel,Veet,Garrafa de 200 ml,"10,99 €","73,27 €/L"
Limpa vidros cristal recarga,Ajax,Embalagem de 500 ml,"3,19 €","6,38 €/L"
"Batata frita caseira, rodela",Pala-pala,Embalagem de 180g,"0,87 €","5,44 €/Kg"
Miolo de ameijoa,PorSi,Embalagem de 250 g,"4,99 €","6,24 €/Kg"
Azeitona preta,PorSi,Embalagem de 560 g,"2,19 €","2,81 €/Kg"
Leite uht c/ chocolate,Ucal,Garrafa de 1 l,"0,26 €","1,30 €/L"
Pensos Incontinência Mulher Discreet Normal,Tena,Embalagem com 24 unidades,"5,99 €","5,99 €/Unidade"
Preparado p/ arroz de marisco,Pescanova,Embalagem de 500g,"2,19 €","8,59 €/Kg"
Vela com número nº 1,PorSi,1 unidade,"0,60 €","0,60 €/Unidade"
Película Aderente 60M,PorSi,1 unidade,"1,11 €","1,11 €/Unidade"
"Rebuçados de fruta, diamante",PorSi,Embalagem de 200 g,"1,08 €","5,40 €/Kg"
Tablete de chocolate de leite,Nestle,Embalagem de 90g,"5,30 €/Kg","5,30 €/Kg"
Recarga para Esfregona Microfibra e Algodão,Vileda,,"0,89 €","0,89 €/Unidade"
Ice tea pêssego,Lipton,Embalagem de 1L,"1,14 €","0,76 €/L"
Flocos de aveia,PorSi Viva Bem,Embalagem de 400g,"0,69 €","1,73 €/Kg"
Borracha para lápis e tinta,Domédia,1 unidade,"4,69 €","4,69 €/Unidade"
Iogurte activia cremoso frutos silvestres,Danone,Embalagem de 4 x 120 g,"1,49 €","2,98 €/Kg"
Pasta de dentes max white expert white,Colgate,Embalagem de 75 ml,"2,39 €","31,87 €/L"
Pate picante 73gr.                ce *24,La piara,Embalagem de 70g,"1,19 €","13,52 €/Kg"
Amaciador jasmim e maçã,Surf,90 doses,"8,99 €","2,25 €/L"
Margarina líquida,Vaqueiro,Embalagem de 500 ml,"2,89 €","2,89 €/Kg"
"Creme de muda de fralda, para bebé",Pommette,Embalagem de 100 ml,"0,55 €","5,50 €/L"
Mostarda de Dijon,PorSi Select,190 g,"0,87 €","2,90 €/Kg"
Gomas brilho,PorSi,Embalagem de 300 g,"0,99 €","9,90 €/Kg"
Amaciador nutri-protec,Labell,Embalagem de 200 ml,"1,00 €","5,00 €/L"
Lixívia para roupa delicada,Neoblanc,Embalagem de 2 l,"2,19 €","1,10 €/L"
Lixívia Tradicional,PorSi,Embalagem de 5 l,"1,74 €","0,35 €/L"
Gel wc tripla ação c/ lixívia,Harpic,Garrafa de 750 ml,"1,79 €","2,39 €/L"
Molho mil ilhas,PorSi,Garrafa de 120 ml,"0,87 €","2,90 €/Kg"
Gronola de aveia arandos/sementes,Nestle,Embalagem de 300g,"3,99 €","13,30 €/Kg"
Máquina de barbear sensor excel universal,Gillette,1 unidade,"1,16 €","4,64 €/L"
Patê de sardinha,PorSi,Embalagem de 65 g,"1,19 €","13,52 €/Kg"
Néctar light de laranja prisma,PorSi,Embalagem de 1 l,"0,84 €","2,55 €/L"
Bacalhau posta asa branca,PorSi,Embalagem de 800G,"6,39 €","7,99 €/Kg"
Chocolate signature starbucks,STARBUCKS,Embalagem de 220 ml,"3,19 €","25,52 €/Kg"
Café lote bocage grão,Nicola,Embalagem de 1 kg,"9,16 €/Kg","9,16 €/Kg"
Leite uht magro,Agros,Embalagem de 1 litro,"0,83 €","0,83 €/L"
Vinho rosé,C.mendes,Garrafa de 750 ml,"4,29 €","5,72 €/L"
Molho piri piri,Macarico,Embalagem de 200g,"0,87 €","2,90 €/Kg"
Bombons Quality Street,Nestlé,Embalagem de 265 g,"8,29 €","31,28 €/Kg"
Sacos do lixo lavanda 30 litros,PorSi,20 sacos,"1,89 €","1,89 €/Unidade"
Drageias de chocolate de leite,PorSi,200 g,"5,99 €","14,98 €/Kg"
"Fita apanha moscas, com 4 unidades",Neokill,4 unidades,"4,79 €","11,98 €/L"
"Frigideira anti-aderente, 24cm",PorSi,1 unidade,"9,99 €","9,99 €/Unidade"
Mistura de cogumelos,PorSi,Embalagem de 400g,"1,98 €","1,98 €/Kg"
Açúcar baunilhado,Globo,Embalagem de 70g,"1,49 €","1,49 €/Kg"
Café moagem universal timor,Delta,Embalagem de 220g,"9,16 €/Kg","9,16 €/Kg"
Iogurte liquido infantil morango,PorSi,Embalagem de 6 x 94 ml,"1,05 €","1,86 €/L"
Achocolatado energy,Cola cao,Embalagem de 750g,"5,39 €","7,19 €/Kg"
Ambientador tealights frutos vermelhos,PorSi,embalagem com 18 unidades,"9,49 €","45,19 €/Kg"
Mousse chocolate leite,Alsa,Embalagem de 300g,"0,79 €","5,27 €/Kg"
Palhinhas de papel,PorSi,25 unidades,"0,60 €","0,60 €/Unidade"
Inseticida elétrico líquido,Raid,45 noites,"7,69 €","7,69 €/Unidade"
Brandy,Macieira,Garrafa de 1 l,"15,49 €","15,49 €/L"
"Líquido sanitário extra power, marinho",WC Pato,Embalagem de 750 ml,"2,79 €","3,99 €/L"
Inseticida Elétrico Night&Day Pack Duplo,Raid,Embalagem de 2x300 mg,"7,69 €","7,69 €/Unidade"
Bolachas marinheiras linhaça,Cemporcent,Embalagem de 200 g,"1,45 €","11,15 €/Kg"
Chá peso dia,PLANTANATU,Embalagem de 10 unidades,"1,25 €","1,25 €/Unidade"
Liégeois Sobremesa de Caramelo,Páturages,Embalagem de 4x100 g,"0,55 €","2,75 €/Kg"
"Inseticida recarga, elétrico, 45 noites",Raid,1 unidade,"7,69 €","7,69 €/Unidade"
Guardanapos de papel reciclado,PorSi,100 unidades,"1,29 €","1,29 €/Unidade"
Bases para pizza,PorSi,Embalagem de 3 x 125 g,"1,79 €","4,77 €/Kg"
Creme autobrilhante preto,Splendor,40 ml,"2,25 €","45,00 €/L"
Escova de Dentes Júnior,Aquafresh,1 unidade,"3,49 €","3,49 €/Unidade"
Compressas | dim.: 10 x 10 cm,PorSi,Embalagem com 100 unidades,"0,59 €","1,18 €/L"
"Vela em número, nº 7",PorSi,1 unidade,"0,60 €","0,60 €/Unidade"
Toalha Hamman Rosa/Amarelo/Verde,Benetton,Dim.: 80 x 165 cm,"17,29 €","17,29 €/Unidade"
Couscous comespeciarias 4x125g,PorSi,Embalagem de 500g,"0,99 €","1,98 €/Kg"
Peito de frango,PorSi,"Vendido ao peso, fatiado a partir de 150 g","2,25 €","11,25 €/Kg"
Folha de alumínio,PorSi,30 metros,"1,11 €","1,11 €/Unidade"
Cola stick,Uhu,Conjunto de 2 x 8.2 g,"2,19 €","109,50 €/L"
Canja de galinha económica,Knorr,Embalagem de 60g,"0,62 €","10,00 €/Kg"
Sical 5est café moido,Sical,Embalagem de 220g,"9,16 €/Kg","9,16 €/Kg"
Bolo de Arroz 70 g,*,,"0,35 €","0,35 €/Unidade"
20 saquetas chá noite tranquila,Lipton,Embalagem de 30g,"58,44 €/Kg","58,44 €/Kg"
Refrigerante c/ gás ananás,Sumol,Garrafa de 500 ml,"0,79 €","0,40 €/L"
Iguarias Pota com Alho,Pitéu,Embalagem de 120 g,"0,89 €","7,42 €/Kg"
Torta cacau com sabor a natas,PorSi,Embalagem de 300g,"2,05 €","5,13 €/Kg"
Cãozinho,Baby Clementoni,1 unidade,"16,49 €","16,49 €/Unidade"
Corn flakes,PorSi,Embalagem de 1 kg,"1,49 €","2,98 €/Kg"
Bolsinhas Perfumadas Anti Traça de Lavanda,Dum Dum,34 g,"5,99 €","176,18 €/Kg"
Adoçante c/ doseador,Canderel,Embalagem de 30g,"1,99 €","199,00 €/Kg"
Óleo Beleza N110,Diadermine,Embalagem de 100 ml,"12,48 €/L","12,48 €/L"
Feijão encarnado,PorSi,Embalagem de 820 g,"2,19 €","2,81 €/Kg"
Iogurte natural,Danone,Embalagem de 4 x 120 g,"0,99 €","1,98 €/Kg"
Leite e cereais pijama +6 meses,Cerelac,Garrafa de 400 ml,"4,99 €","4,99 €/Kg"
Cuecas Incontinência Maxi Médio,Lindor,Embalagem com 14 un.,"20,79 €","20,79 €/Unidade"
Água mineral natural alcalina,MONCHIQUE,Garrafão de 5 l,"1,04 €","0,17 €/L"
Café moagem universal angola,Delta,Embalagem de 220g,"9,16 €/Kg","9,16 €/Kg"
Creme Mãos Hidratante,Labell,Embalagem de 100 ml,"2,49 €","41,50 €/L"
Toalhitas,Dodot,4 x 64 un.,"1,09 €/Unidade","1,09 €/Unidade"
"Pensos diários, maxi, 40 unidades",Evax,Uma embalagem,"1,79 €","1,79 €/Unidade"
Sabonete,Feno,Embalagem de 4x90 g,"1,99 €","12,44 €/Kg"
Ambientador aerosol pure nenuco,Air Wick,Garrafa de 250 ml,"0,99 €","3,30 €/L"
Frutos vermelhos,PorSi,Embalagem de 750 g,"3,29 €","4,39 €/Kg"
Comida húmida para gato seleção de peixes,Gourmet mp,Embalagem de 300g,"2,89 €","7,23 €/Kg"
Iogurte activia aveia nozes,Danone,Embalagem de 4 x 120 g,"3,21 €/Kg","3,21 €/Kg"
Sal Himalaias Grosso,Origens Bio,1 Embalagem 500G,"3,65 €","7,30 €/Kg"
Chá preto kenya gold,Tetley,Embalagem de 10 saquetas,"1,69 €","56,33 €/Kg"
Mini tostas integrais super finas,PorSi,Embalagem de 100 g,"2,39 €","6,83 €/Kg"
"Atum em posta, em azeite",General,Embalagem de 110g,"0,89 €","7,42 €/Kg"
Banha,PorSi,Embalagem de 230 g,"2,89 €","2,89 €/Kg"
Cobertura tábua de engomar,PorSi,Dim.: 130 x 47 cm,"4,79 €","4,79 €/Unidade"
"Adesivo com suporte, tecido",Hansaplast,1 unidade,"0,59 €","1,18 €/L"
Ice tea limão,Lipton,pack 6 x 0.25 l,"1,14 €","0,76 €/L"
Nata pasteurizada,PorSi,Embalagem de 450 ml,"0,75 €","3,75 €/L"
Salada de Marisco,Amarras,Embalagem de 700 g,"2,19 €","8,59 €/Kg"
Cerveja com álcool,Sagres,Garrafa de 20 cl,"1,99 €/L","1,99 €/L"
Ketchup,PorSi,Embalagem de 560 g,"0,87 €","2,90 €/Kg"
Queijo emmental ralado,PorSi,Embalagem de 200 g,"1,49 €","7,45 €/Kg"
Snack para gato seaside,Felix,Embalagem de 60g,"1,89 €","31,50 €/Kg"
Iogurte grego stracciatella sem lactose,PorSi Viva Bem,Embalagem de 240g,"0,99 €","1,98 €/Kg"
Néctar vital equilibrio frutos vermelhos,Compal,Embalagem de 1 l,"0,99 €","0,99 €/L"
Esparguete,PorSi,Embalagem de 1 kg,"0,99 €","1,98 €/Kg"
Gelado bomboniera,Olá,Embalagem de 140ML,"5,99 €","16,64 €/L"
"Alimento para peixe, tetrapond stickslago",Tetra,Embalagem de 1 l,"10,59 €","42,36 €/L"
Cheerios 375g,Nestle,Embalagem de 380g,"5,07 €/Kg","5,07 €/Kg"
Faca cozinha 15 cm madeira,PorSi,1 unidade,"4,75 €","4,75 €/Unidade"
Autobrilhante Preto,Búfalo,Embalagem de 50 ml,"2,25 €","45,00 €/L"
Pão de forma especial torradas,Panrico,Embalagem de 750g,"2,29 €","5,26 €/Kg"
24 etiquetas azuis,Domédia,Uma embalagem,"2,19 €","109,50 €/L"
Sopa Creme de Marisco,PorSi,Embalagem de 80 g,"0,62 €","10,00 €/Kg"
Puré de batata,Maggi,Embalagem de 250g,"0,85 €","0,85 €/Kg"
Salmão posta ao natural,PorSi Select,Lata de 120 g,"0,89 €","7,42 €/Kg"
Desodorizante spray sport 48h,Labell Men,Embalagem de 200 ml,"1,39 €","6,95 €/L"
Ambientador vela duo maçã,Air Wick,Embalagem de 210g,"9,49 €","45,19 €/Kg"
Bolachas com cobertura de chocolate,PorSi,Embalagem de 150g,"0,69 €","4,60 €/Kg"
Batata palha finíssima,PorSi Select,Embalagem de 180 g,"0,87 €","5,44 €/Kg"
20 saquetas chá digestão fácil,Lipton,Embalagem de 30g,"0,99 €","23,02 €/Kg"
"Inseticida elétrico, trio, nigth & day",Raid,1 unidade,"7,69 €","7,69 €/Unidade"
Vinho Vinha da Fonte Setúbal branco,Casa Ermelinda Freitas,Garrafa de 0.75 l,"2,99 €","3,99 €/L"
Agrafador alicate essentials nº10,Maped,1 unidade,"3,07 €","146,19 €/Kg"
Vinagre de vinho branco,PorSi,Garrafa de 1 l,"0,35 €","0,70 €/L"
Leite e cereais 8 cereais e mel +6 meses,Cerelac,Garrafa de 400 ml,"4,99 €","4,99 €/Kg"
Infusão cidreira,PorSi,Embalagem de 40g,"0,99 €","76,15 €/Kg"
Lagartos,PorSi,Embalagem de 300 gr,"0,69 €","3,45 €/Kg"
Bolachas cobertura de chocolate e avelã,PorSi,Embalagem de 150g,"0,69 €","4,60 €/Kg"
Desentupidor de canos,Mistolin,embalagem de 1 litro,"4,89 €","6,52 €/L"
Costeletas do Cachaço,Porco,Vendido ao peso a partir de 1 kg,"4,88 €","4,88 €/Kg"
Infusão cidreira,Cemporcent,Embalagem de 10 unidades,"0,99 €","76,15 €/Kg"
Sabonete Liquido Gel Antibacteriano,Labell,Embalagem de 300 ml,"1,19 €","3,97 €/L"
"Creme de rosto de dia revitalift, laser",L'oreal,Embalagem de 50 ml,"2,99 €","59,80 €/L"
Vinho tinto,Enc.bairro,Bag-in-box de 5L,"5,19 €","1,04 €/L"
Vinho regional península de setúbal,Dom Campos,Garrafa de 0.75 l,"2,99 €","3,99 €/L"
Vinagre vinho branco,PorSi,Garrafa de 500 ml,"0,35 €","0,70 €/L"
Manteiga la motte sal do mar,President,Embalagem de 250 g,"1,89 €","7,56 €/Kg"
Creme de dia para pele normal,Labell,Embalagem de 50 ml,"2,99 €","59,80 €/L"
Pensos banda,PorSi,100 x 6 cm,"0,59 €","1,18 €/L"
Castanha do brasil bio,PorSi Bio,Embalagem de 150g,"1,79 €","3,58 €/Kg"
Papa infantil para preparar com leite +6 meses,Cerelac,Embalagem de 250g,"4,99 €","4,99 €/Kg"
Spray elimina odores do calçado,PorSi,embalagem de 100 ml,"5,29 €","35,27 €/L"
Pastilha Elástica Bottle Frutos Vermelhos,Trident,Embalagem de 82 g,"0,89 €","59,33 €/Kg"
Infusão de camomila,PorSi,Embalagem de 33.7 g,"0,99 €","76,15 €/Kg"
"Hamburguers de frango, 4 x 80 g",PorSi,Embalagem de 320g,"2,79 €","8,72 €/Kg"
"Palmilha de cortiça com latex, tamanho 42/43",Sonaf,1 unidade,"7,69 €","102,53 €/L"
Cuecas Incontinência Unisexo Pants Super L,Tena,12 unidades,"20,79 €","20,79 €/Unidade"
Miolo de avelã,PorSi,Embalagem de 200 g,"1,79 €","3,58 €/Kg"
Vinagre vinho branco 500ml,Cristal,Garrafa de 500 ml,"0,35 €","0,70 €/L"
Líquido wc active clean mint & jasmin,Ambipur,750 ml,"1,79 €","2,39 €/L"
Magnum amêndoa,Olá,Embalagem de 6 x 55 ml,"5,99 €","16,64 €/L"
Arroz carolino malandrinho,Malandrinh,Embalagem de 1 kg,"1,26 €","1,26 €/Kg"
Queijo ralado 4 queijos,Valformoso,Embalagem de 150g,"1,49 €","7,45 €/Kg"
Creme anti-rugas reafirmante,Diadermine,Embalagem de 50 ml,"2,99 €","59,80 €/L"
"Queijo, 16 porções",A Vaca Que Ri,Embalagem de 280g,"4,68 €","11,70 €/Kg"
Café moagem universal portugal,Delta,Embalagem de 250g,"9,16 €/Kg","9,16 €/Kg"
Queijo em fatias,Terra Nostra,Embalagem de 400g,"1,96 €","9,80 €/Kg"
Iogurte aroma varios sabores,PorSi,Embalagem de 12 x 125 g,"1,87 €","1,25 €/Kg"
Farinha soja,Salutem,Embalagem de 400g,"2,29 €","11,45 €/Kg"
Descafeinado,Nestlé,Embalagem de 100 g,"1,59 €","6,36 €/Kg"
Massa de macarrão grande estriado,PorSi,Embalagem de 500g,"0,99 €","1,98 €/Kg"
Focinho,Porco,1 un = 300 gr (aprox.),"2,49 €","2,49 €/Kg"
Óleo alimentar,Fula,Embalagem 3L,"3,39 €","3,39 €/L"
"Chá preto, sem cafeína, 10 saquetas",Tetley,Embalagem de 20g,"1,69 €","56,33 €/Kg"
Côco ralado,PorSi,Embalagem de 200g,"1,29 €","3,23 €/Kg"
Tira nódoas roupa em pó oxy white,PorSi,Embalagem de 1 kg,"31,99 €","31,99 €/Unidade"
Receita caseira de jardineira,Nobre,Embalagem de 420g,"2,35 €","5,60 €/Kg"
Tablete de chocolate leite,Nestle,Embalagem de 130g,"5,30 €/Kg","5,30 €/Kg"
Iogurte líquido infantil morango e banana,PorSi,Pack 6 x 100 g,"1,31 €","2,05 €/Kg"
Renovador de Camurça em Spray Incolor,Búfalo,Embalagem de 250 ml,"6,19 €","24,76 €/L"
Nata uht light,Mimosa,Embalagem de 200 ml,"0,75 €","3,75 €/L"
Bolacha Maria sem lactose,PorSi Viva Bem,Embalagem de 200 g,"0,99 €","1,98 €/Kg"
Bebida coco,Alpro,Embalagem de 1L,"2,49 €","2,49 €/L"
Feijão branco,PorSi,Embalagem de 500g,"0,95 €","1,90 €/Kg"
"Chave Umbrako, conjunto 10 peças",Itools,1 unidade,"5,99 €","5,99 €/Unidade"
Pilha alcalina classic lr14x2,Domédia,1 unidade,"1,49 €","1,49 €/Unidade"
Espumante bruto,Cabriz,Garrafa de 750 ml,"8,49 €","11,32 €/L"
Vinho verde branco,Da Barca,Garrafa de 1 litro (33% grátis),"3,09 €","3,09 €/L"
Peito de peru,PorSi,"Vendido ao peso, fatiado a partir de 150 g","2,25 €","11,25 €/Kg"
Creme culinário de soja,Shoyce,Garrafa de 200 ml,"1,39 €","6,95 €/L"
Pera conference categoria: II,*,Vendido ao peso a partir de 300 g,"1,29 €/Kg","1,29 €/Kg"
Fruta para bebé banana maçã +4 meses,Nestle,Embalagem de 90g,"0,74 €","8,22 €/Kg"
Rolo cozinha branco 3 folhas,PorSi,3 rolos,"4,99 €","4,99 €/Unidade"
Massa Fresca Lasanha,PorSi,Embalagem de 250 g,"0,99 €","4,30 €/Kg"
Bicarbonato de sódio,PorSi,Saqueta de 75 g,"1,89 €","17,18 €/Kg"
Vinho doc douro tinto,Tellu's,Garrafa de 750 ml,"7,49 €","9,99 €/L"
Queijo ralado dispensador,PorSi,Embalagem de 80g,"1,49 €","7,45 €/Kg"
Fralda Cueca Banho Splashers T5,Dodot,1 Embalagem c/10 unidades,"8,99 €","8,99 €/Unidade"
Leite creme,PorSi,Embalagem de 2x135 g,"0,55 €","2,75 €/Kg"
Arroz longo extra integral,Cacarola,Embalagem de 1 kg,"1,79 €","1,79 €/Kg"
Esferográfica Preta Média,Mab,Embalagem com 4 un.,"2,69 €","2,69 €/Unidade"
Queijo vaca e ovelha s. penela,Serqueijos,Embalagem de 500g,"5,99 €","23,96 €/Kg"
Vela com número nº 9,PorSi,1 unidade,"0,60 €","0,60 €/Unidade"
"Néctar pêssego, prisma",PorSi,Embalagem de 1 l,"0,99 €","0,99 €/L"
Martini Riserva Rubino,Martini,Garrafa de 750 ml,"22,49 €","32,13 €/L"
Feijão manteiga caçarola,Cacarola,Embalagem de 500g,"0,95 €","1,90 €/Kg"
Melão Amarelo,Fruta do Dia,Vendido ao peso | 1 un = 2.5 kg (aprox.),"2,99 €","2,99 €/Kg"
Sementes de linhaça dourada,PorSi Viva Bem,Embalagem de 250 g,"1,59 €","10,60 €/Kg"
"Detergente manual de loiça, ultra limão",PorSi,Embalagem de 500 ml,"1,05 €","2,10 €/L"
Marmelada,PorSi,Embalagem de 900g,"1,09 €","2,42 €/Kg"
Pimentão doce saqueta,PorSi,Embalagem de 50 g,"0,25 €","0,25 €/Kg"
Feijão manteiga,Compal,Lata de 410 ml,"2,19 €","2,81 €/Kg"
Massa alimentícia spaghetti,Barilla,Embalagem de 500g,"1,79 €","1,79 €/Kg"
Batido de café,Forma+,Embalagem de 700g,"1,99 €","45,23 €/Kg"
"Gel depilatório, peles sensiveis",Labell,Embalagem de 200 ml,"10,99 €","73,27 €/L"
Topping caramelo,Branca de neve,Embalagem de 380g,"1,29 €","3,23 €/Kg"
Sementes de linhaça,Cemporcent,Embalagem de 250G,"1,39 €","9,27 €/Kg"
"Vinho bairrada, reserva, tinto",Selecção de Enófilos,Garrafa de 0.75 l,"2,49 €","3,32 €/L"
Desodorizante de Pés em Creme,Protex,Embalagem de 100 ml,"7,69 €","102,53 €/L"
Bacon Extra Nacos,Porminho,200 g,"4,15 €","20,75 €/Kg"
Palitos redondos,PorSi,200 unidades embalados individualmente,"1,15 €","1,15 €/Unidade"
Biscoitos de canela,PorSi,Embalagem de 750g,"0,69 €","3,45 €/Kg"
Creme Dia Lift + Serum Preenchedor,Diadermine,Embalagem de 50 ml,"2,99 €","59,80 €/L"
Nestum flocos de cereais com mel,Nestum,Embalagem de 300g,"3,29 €","4,39 €/Kg"
Iogurte mix-in kit kat,Nestle,Embalagem de 2 x 115 g,"1,05 €","1,86 €/L"
Esferográfica Vermelha Retratil 0.7mm,Mab,Embalagem com 1 un.,"2,69 €","2,69 €/Unidade"
Sabonete leite & mel,Palmolive,Embalagem de 4x90 g,"1,99 €","12,44 €/Kg"
Cola Stic Renature,Uhu,Embalagem com 21 g,"3,07 €","146,19 €/Kg"
Arroz agulha América do Sul,PorSi,Embalagem de 1 kg,"1,26 €","1,26 €/Kg"
Balde de Limpeza com Espremedor,PorSi,unidade,"2,50 €","2,50 €/Unidade"
Leite e cereais bolacha maria +6 meses,Cerelac,Garrafa de 400 ml,"4,99 €","4,99 €/Kg"
Pastilhas 60 minutos Peppermint Botlle,Trident,Embalagem com 80g,"0,89 €","59,33 €/Kg"
Chocolate culinário em pó,Pantagruel,Embalagem de 130g,"1,04 €","8,32 €/Kg"
Refrigerante de lima-limão,Seven-up,"Garrafa de 1,25 l","0,79 €","0,40 €/L"
"Borracha Technic, 600",Maped,embalagem com 2 unidades,"4,69 €","4,69 €/Unidade"
Ambientador elétrico sensual sandalwood & jasmine + ...,Glade,1 unidade,"3,74 €","3,74 €/Unidade"
Tablete de chocolate de leite,PorSi Select,Embalagem de 200g,"5,30 €/Kg","5,30 €/Kg"
Soja nacos,PorSi Viva Bem,Embalagem de 400 g,"1,49 €","3,73 €/Kg"
Colgate pasta de dentes sensation white 12x,Colgate,Garrafa de 75 ml,"3,09 €","41,20 €/L"
Sidra de maçã,Somersby,Lata de 500 ml,"1,59 €","3,18 €/L"
Sumo 100% ananás/uva,PorSi,Pack 3 x 200 ml,"1,09 €","0,73 €/L"
Café solúvel sem cafeína,Nescafe,Embalagem de 20g,"14,50 €/Kg","14,50 €/Kg"
Queijo mozzarella ralado,PorSi,Embalagem de 200 g,"1,49 €","7,45 €/Kg"
Dentífrico Complete Elixir e Branqueador,Oral B,Embalagem de 75 ml,"2,39 €","31,87 €/L"
Maionese Top Down,Calvé,Embalagem de 753 g,"0,87 €","2,90 €/Kg"
Água Tónica Zero,Schweppes,Garrafa de 1 l,"1,60 €","3,20 €/L"
Espremedor,PorSi,1 unidade,"2,50 €","2,50 €/Unidade"
Esferográfica Azul Média,Mab,Embalagem com 4 un.,"2,69 €","2,69 €/Unidade"
Spray anti-bolores,Cif,435 ml,"1,79 €","2,39 €/L"
Patê de salmão,La piara,Embalagem de 80g,"1,19 €","13,52 €/Kg"
"Vela com número, nº2",PorSi,1 unidade,"0,60 €","0,60 €/Unidade"
Chave de Bits + Conjunto de 20 Bits,Itools,1 unidade,"5,99 €","5,99 €/Unidade"
Starter Pack Princesa,Playmobil,1 unidade,"14,99 €/Unidade","14,99 €/Unidade"
Biscoitos integrais aveia e cacau,PorSi Viva Bem,Embalagem de 150g,"0,69 €","3,45 €/Kg"
Água c/ gás: limão/pepino/gengibre,Frize,pack 4 x 0.25 l,"2,85 €","2,85 €/L"
Lula limpa,Pescanova,Embalagem de 450g,"7,99 €","9,99 €/Kg"
Vinho do porto lágrima tinto,Ramos Pinto,"Garrafa de 0,75L","6,29 €","8,39 €/L"
Refresco em pó de morango,PorSi,Embalagem de 40g,"0,75 €","18,75 €/Kg"
Iogurte naturea natural,PorSi,Embalagem de 4 x 125 g,"0,99 €","1,98 €/Kg"
"Combinado Fiambre,Queijo e Carne",Pastelaria do Dia,,"0,65 €","0,65 €/Unidade"
Comida húmida para cão de frango e legumes,PorSi,Lata de 400 g,"0,75 €","2,50 €/Kg"
Leite pasteurizado meio gordo,Vigor,Garrafa de 1 l,"1,09 €","1,09 €/L"
Lenços faciais brancos 2 folhas,PorSi,150 unidades,"0,89 €","0,89 €/Unidade"
"Ambientador spray, aerosol, lavanda",Glade,Embalagem de 300 ml,"0,99 €","3,30 €/L"
Guardanapos com riscas azuis | Dim.: 33 x 33 cm,PorSi,Embalagem com 20 unidades,"1,29 €","1,29 €/Unidade"
"Azeitona Maçanilha retalhada com azeite, alho e orég...",PorSi,Vendido ao peso a partir de 500 g,"0,44 €","4,39 €/Kg"
8 salsichas frankfurt,Izidoro,Embalagem de 200g,"0,75 €","3,75 €/Kg"
Brócolos congelados,PorSi,Embalagem de 1 kg,"1,98 €","1,98 €/Kg"
Crepe de ovo,PorSi,Embalagem de 540 g,"2,57 €","7,79 €/Kg"
Leite uht c/ chocolate,Ucal,Embalagem de 3 x 250 ml,"0,26 €","1,30 €/L"
Vinho tinto cotes du rhone,Expert Club,Garrafa de 75 cl,"2,09 €","2,79 €/L"
Gel Play Morango,Durex,Embalagem de 50 ml,"4,49 €","4,49 €/Unidade"
Abrasivo wc gel ecologico,PorSi,Garrafa de 1 l,"1,09 €","1,09 €/L"
Creme para barrar,Nutella,Embalagem de 200 g,"8,13 €/Kg","8,13 €/Kg"
Salmão Fumado da Escócia,PorSi Select,Embalagem de 200 g,"3,35 €","22,33 €/Kg"
Nestum aveia e morango,Nestum,Embalagem de 250g,"3,29 €","4,39 €/Kg"
Preparado para crepes,Branca de Neve,Embalagem de 380g,"0,79 €","5,27 €/Kg"
Galão enriquecido em cálcio,Ucal,Embalagem de 3 x 200 ml,"0,26 €","1,30 €/L"
Creme abrasivo limão,Cif,Garrafa de 500 ml,"1,09 €","1,09 €/L"
Pilhas recarregáveis AA HR6 1.2V 1900mAh,Domédia,Embalagem com 4 unidades,"1,49 €","1,49 €/Unidade"
Fralda de Incontinência c/ Elásticos Tamanho Médio,Lindor,Embalagem de 52 un.,"20,79 €","20,79 €/Unidade"
Posta de bacalhau do atlântico,Pescanova,Embalagem de 700 g,"6,39 €","7,99 €/Kg"
Formas de alumínio redondas 650 ml,PorSi,5 unidades,"0,54 €","0,54 €/Unidade"
Gogo SqueeZ Snack Maçã e Pera,Gogo,Embalagem de 90g,"2,29 €","6,94 €/L"
Luvas Universal Pequeno/Médio,Vileda,1 unidade,"8,49 €","8,49 €/Unidade"
Água com gás,Vimeiro,"Garrafa de 1,5 l","2,85 €","2,85 €/L"
Vinho verde branco,3 marias,Garrafa de 1 l,"3,09 €","3,09 €/L"
Tira Nódoas,Sanytol,embalagem com 450g,"10,99 €","52,33 €/Kg"
Caneta correctora  Shake & Squeeze 2+1,Bic,1 unidade,"2,69 €","2,69 €/Unidade"
Alface frisada categoria: II Programa Origens,PorSi,Embalagem de 300 g,"1,40 €","3,49 €/Kg"
Gelado magnum pint amêndoas,Olá,Embalagem de 440 ml,"3,49 €","6,98 €/L"
Tablete de chocolate leite bubbly,Milka,Embalagem de 90g,"5,30 €/Kg","5,30 €/Kg"
Farinha,Maizena,Embalagem de 400g,"0,85 €","0,85 €/Kg"
Bloco sanitário power 5 pinho,Domestos,Embalagem de 1 unidades,"2,99 €","74,75 €/Kg"
Manteiga com sal,Novacores,Embalagem de 250g,"1,89 €","7,56 €/Kg"
Lava Tudo Flores Montanha,Sonasol,1.3 l,"0,99 €","0,50 €/L"
Polpa tomate tetra,PorSi,Embalagem de 210g,"3,84 €","24,00 €/Kg"
Cappucinno,PorSi,Embalagem de 125 g,"3,19 €","25,52 €/Kg"
Leite de limpeza creme care,Nivea,Embalagem de 200 ml,"6,79 €","33,95 €/L"
Tablete chocolate creme de cacau,Milka,Embalagem de 100g,"5,30 €/Kg","5,30 €/Kg"
Body Milk Cocoa,Nivea,Embalagem de 250 ml,"12,48 €/L","12,48 €/L"
Gelado magnum menta,Olá,Embalagem de 4 x 100 ml,"5,99 €","16,64 €/L"
Vassoura Simples Pluma,PorSi,unidade,"2,99 €","2,99 €/Unidade"
Alheira Extra Trás os Montes,PorSi,"Vendido ao peso, 1un= 200 gr (aprox.)","1,49 €","7,45 €/Kg"
Queijo em fatias,Limiano,Embalagem de 400g,"1,96 €","9,80 €/Kg"
Ambientador vela odor cozinha,PorSi,1 unidade,"9,49 €","45,19 €/Kg"
"Néctar de alperce, tetra",Compal,pack 3 x 200 ml,"0,99 €","0,99 €/L"
Bife da Vazia,Novilho,Vendido ao peso a partir de 800 g,"3,29 €","8,23 €/Kg"
Estojo redondo,PorSi,1 unidade,"23,49 €","23,49 €/Unidade"
"Alimento seco para gato adulto, galinha",Whiskas,"Embalagem de 1,75 kg","12,99 €","4,33 €/Kg"
Bolachas chips ahoy,Ca!,Embalagem de 300g,"0,79 €","5,27 €/Kg"
Manteiga sem sal,Mimosa,Embalagem de 250g,"1,89 €","7,56 €/Kg"
Lixívia Spray Mousse,Neoblanc,Embalagem de 700ml,"1,74 €","0,35 €/L"
Bandida do pomar frutos vermelhos lata 50cl,Bandida,Garrafa de 500 ml,"1,59 €","3,18 €/L"
Queijo flamengo 0% lactose,PorSi Viva Bem,Embalagem de 150 g,"1,96 €","9,80 €/Kg"
Bolacha digestiva de aveia/chocolate,Gullon,Embalagem de 430g,"1,19 €","5,95 €/Kg"
Preparo para bolo de chocolate,Branca de Neve,Embalagem de 450g,"1,69 €","8,45 €/L"
Abrasivo sanitário anti-calcário,PorSi,embalagem de 1 litro,"1,09 €","1,09 €/L"
Cerveja c/ álcool,Sagres,pack 30 x 0.25 L,"1,99 €/L","1,99 €/L"
Amendoim com Casca,PorSi,Embalagem de 500g,"1,79 €","3,58 €/Kg"
Paes de leite 10unid 350g,H.delicia,Embalagem de 350 g,"2,59 €","7,40 €/Kg"
Aguardente velha,S.domingos,Garrafa de 700 ml,"12,79 €","18,27 €/L"
Mistura para aves,Rac.zezere,Embalagem de 5 kg,"4,24 €","0,85 €/Kg"
Infusão nº 5 emagrecimento,Cemporcent,Embalagem de 10 unidades,"0,99 €","76,15 €/Kg"
Azeite Subtil,Gallo,Garrafa de 2 l,"3,29 €","4,39 €/L"
Massa de espirais,Nacional,Embalagem de 500g,"0,99 €","1,98 €/Kg"
Ração para Cão Delicate rico em Salmão,Purina One,Embalagem de 800g,"22,99 €","1,15 €/Kg"
Gel de banho naturals amêndoa e leite,Palmolive,500 ml,"6,99 €","9,32 €/L"
"Iogurte, sabor a tutti-fruti",PorSi,Embalagem de 4 x 125 g,"1,87 €","1,25 €/Kg"
Recarga inseticidas elétrico,Raid,Embalagem de 3 x 27 ml,"7,69 €","7,69 €/Unidade"
Tortitas de arroz chocolate negro,PorSi Viva Bem,130 g,"1,45 €","11,15 €/Kg"
Doce de abóbora c/ noz,Quinta de Jugais,Embalagem de 280g,"2,19 €","9,95 €/Kg"
Papel higiénico macio absorvente,PorSi,12 rolos,"1,99 €","1,99 €/Unidade"
Condicionador spray penteia fácil,Johnson's Baby,Embalagem de 200 ml,"4,39 €","21,95 €/L"
Feuilletine,Du Bois de la Roche,Embalagem de 135 g,"0,39 €","3,12 €/Kg"
"Creme de noite, age perfect",L'oreal,Embalagem de 50 ml,"2,99 €","59,80 €/L"
Bolachas marinheiras integrais,Cemporcent,Embalagem de 200g,"1,45 €","11,15 €/Kg"
Bolacha recheada mega duo cacau,Gullon,Embalagem de 500g,"2,15 €","2,87 €/Kg"
"Snack de chocolate, 5 unidades",BOUNTY,Embalagem de 285 g,"11,00 €/Kg","11,00 €/Kg"
Creme fixação para dentaduras,Polident,Embalagem de 70 g,"9,79 €","122,38 €/Kg"
Tablete de chocolate caramel peanut,Milka,Embalagem de 280g,"6,50 €/Kg","6,50 €/Kg"
"Guardanapos brancos, 33x33cm, 2 folhas",PorSi,Embalagem com 100 unidades,"1,29 €","1,29 €/Unidade"
Rebuçados de mentol,PorSi,Embalagem de 250g,"0,77 €","3,85 €/Kg"
Chá infusão nº3 prostal control,Cemporcent,Embalagem de 13g,"58,44 €/Kg","58,44 €/Kg"
Vinagre de sidra,PorSi,500 ml,"0,35 €","0,70 €/L"
"Azeitonas pretas sem caroço, frasco de 165 g",PorSi,Embalagem de 165g,"2,19 €","2,81 €/Kg"
Granola aveia fitness mel,Nestle,Embalagem de 300g,"3,99 €","13,30 €/Kg"
Posta de atum ao natural,PorSi,Embalagem de 120g,"0,89 €","7,42 €/Kg"
Ketchup picante,Heinz,460 g,"0,87 €","2,90 €/Kg"
Spray power&shine vidros,Cif,Garrafa de 750 ml,"4,09 €","5,45 €/L"
Fada unicórnio,Steffi Love,1 unidade,"14,99 €","14,99 €/Unidade"
Gelatina limão 10kcal,Royal,Embalagem de 30g,"0,85 €","5,00 €/Kg"
Kit de viagem,Colgate,pasta dentífrica + escova,"3,49 €","3,49 €/Unidade"
Iogurte grego natural,PorSi,Embalagem de 1 kg,"0,99 €","1,98 €/Kg"
Alimento lácteo banana +6 meses,Yogolino,Embalagem de 4 x 100 g,"2,89 €","7,23 €/Kg"
Creme de cenoura,PorSi,Embalagem de 400 g,"1,19 €","2,98 €/Kg"
Manteiga sem sal terra nostra,Terra Nostra,Embalagem de 250g,"1,89 €","7,56 €/Kg"
Saco de cama para adulto,Saurium,1 unidade,"14,99 €","14,99 €/Unidade"
Nata uht carbonara,Parmalat,Embalagem de 200 ml,"0,75 €","3,75 €/L"
Tablete de chocolate branco,Schogetten,Embalagem de 100g,"0,99 €","9,90 €/Kg"
Monopoly super maus perdedores,Monopoly,,"9,99 €/Unidade","9,99 €/Unidade"
Queijo Raclette Fatias,Páturages,Embalagem de 400 g,"1,96 €","9,80 €/Kg"
Bolachas água e sal doces,Vieira,Embalagem de 170g,"1,19 €","5,95 €/Kg"
20 saquetas infusão camomila,Lipton,Embalagem de 10g,"0,99 €","76,15 €/Kg"
Rolinhos waffletten milk,Bahlsen,Embalagem de 100g,"11,00 €/Kg","11,00 €/Kg"
Papel higiénico compacto 2 folhas,PorSi,18 = 36 Rolos,"1,99 €","1,99 €/Unidade"
Borracha para desenho técnico,Domédia,1 unidade,"3,19 €","3,19 €/Unidade"
Sumo essencial manga,Compal,pack 3 x 0.11 l,"0,99 €","0,99 €/L"
Queijo de vaca/ovelha penela,Serqueijos,Embalagem de 250 g,"5,99 €","23,96 €/Kg"
Gel Styling Casual Black,Axe,Embalagem de 75 ml,"5,99 €","14,98 €/L"
Cá drenó volum,PLANTANATU,Embalagem de 10 unidades,"1,25 €","1,25 €/Unidade"
Sopa de tomate,Knorr,Embalagem de 90g,"0,62 €","10,00 €/Kg"
Pipoca doce para  microondas,PorSi,Embalagem de 300g,"0,79 €","7,90 €/Kg"
Cominhos moídos,PorSi,Embalagem de 35g,"0,25 €","0,25 €/Kg"
Chantilly,Royal,Embalagem de 70g,"1,29 €","3,23 €/Kg"
Batata pré-frita cubos,PorSi,Embalagem de 1 kg,"1,39 €","1,39 €/Kg"
Esfregão Fibra Verde Grande XXL Gama Classic,Scotch-Brite,Embalagem de 1 unidades,"0,79 €","0,79 €/Unidade"
Folhado de carne,Pastelaria do Dia,1 unidade = 90 g,"0,65 €","0,65 €/Unidade"
Toalhetes Íntimos Suaves,Corine de Farme,Embalagem com 10 un.,"2,19 €","2,19 €/Unidade"
Infusão de tília,PorSi,Embalagem de 30g,"0,99 €","76,15 €/Kg"
Vinho tinto doc dão,Cabriz,Garrafa de 0.75 l,"3,99 €","5,32 €/L"
Coroa de Natal,*,Dim.: 40 cm,"12,99 €/Unidade","12,99 €/Unidade"
Mini salsichas cocktail,Nobre,lata de 180g,"0,75 €","3,75 €/Kg"
Baguete,PorSi,250 g,"0,19 €","2,38 €/Kg"
Caramelos de nata,PorSi,Embalagem de 250g,"2,99 €","21,36 €/Kg"
Gomas de fresas selvagens,Fini,Embalagem 100G,"0,99 €","9,90 €/Kg"
Creme vegetal para culinária,PorSi,Embalagem de 250g,"1,39 €","6,95 €/L"
"12 lápis de cor, 18cm",Domédia,Uma embalagem,"4,69 €","4,69 €/Unidade"
Arroz Carolino,Cigala,Embalagem de 1 kg,"1,26 €","1,26 €/Kg"
Toalhitas Bebé Basic,PorSi,Embalagem de 72 unidades,"1,09 €/Unidade","1,09 €/Unidade"
Flocos de cereais com mel,PorSi,Embalagem de 750g,"3,29 €","4,39 €/Kg"
Legumes verdes para sopa,PorSi,Embalagem de 1 kg,"1,98 €","1,98 €/Kg"
Mel em frasco de vidro,PorSi,Embalagem de 250g,"2,25 €","9,00 €/Kg"
Atum posta em óleo,Noro,Lata com 110 g,"0,89 €","7,42 €/Kg"
Vinho maduro branco,Aldeia sol,Garrafa de 750 ml,"1,59 €","2,12 €/L"
Água Micelar Vitamina C,Garnier,Embalagem de 400 ml,"6,79 €","33,95 €/L"
Patê de fiambre,La piara,Embalagem de 80g,"1,19 €","13,52 €/Kg"
Presunto nacos,PorSi,Embalagem de 250g,"1,27 €","12,69 €/Kg"
Faca Chefe 20 cm Preta,PorSi,1 unidade,"4,75 €","4,75 €/Unidade"
Veggie bowls bulgur & courgette 350g,Iglo green,Embalagem de 350g,"3,99 €","11,40 €/Kg"
Chocolate de leite e amêndoas,Milka,Embalagem de 125g,"6,50 €/Kg","6,50 €/Kg"
Pirassununga (38º),Cachaca 51,Garrafa de 700 ml,"17,49 €","24,99 €/L"
Infusão de menta,Tetley,Embalagem de 10g,"0,99 €","76,15 €/Kg"
Mortadela de peru,PorSi,1 un = 150 gr (aprox.),"0,95 €","4,75 €/Kg"
"Refeição pronta, boião de frango e arroz",Bledina,Embalagem de 200g,"2,19 €","11,53 €/Kg"
Açucar icing,Rar,Embalagem de 250 g,"1,49 €","1,49 €/Kg"
Ananás 8 rodelas em calda,Nutry,Lata de 822 g,"1,99 €","2,37 €/Kg"
"Refresco em pó, ananás",Tang,Embalagem de 30g,"0,75 €","18,75 €/Kg"
Cafe soluvel c/c 200g,Delta,Embalagem de 200g,"14,50 €/Kg","14,50 €/Kg"
Refresco pó laranja e morango,PorSi,Embalagem de 40g,"0,75 €","18,75 €/Kg"
Nata uht light para culinária,PorSi,embalagem de 200 ml,"0,75 €","3,75 €/L"
Robô que salta Jumping Bot,Clementoni,1 un.,"14,99 €/Unidade","14,99 €/Unidade"
Leite uht gordo,Gresso,Embalagem de 1 litro,"1,04 €","1,04 €/L"
Red Fish Grande,Peixe Congelado,1 un = 500 gr (aprox.),"2,69 €","4,49 €/Kg"
Pão ralado crocante,ESPIGA,Embalagem de 150g,"0,72 €","3,00 €/Kg"
Bolachas oreo,Oreo,Embalagem de 440g,"0,79 €","4,49 €/Kg"
Compak Regular Tampões Com Aplicador,Tampax,22 unidades,"3,99 €","3,99 €/Unidade"
Cachaça,Velho do barreiro,Garrafa de 70 cl,"17,49 €","24,99 €/L"
Vinho tinto,PorSi,embalagem de 5 litros,"5,19 €","1,04 €/L"
Café nespresso descafeinado intensidade 11,STARBUCKS,Embalagem com 10 unidades,"1,59 €","6,36 €/Kg"
Queijo flamengo ralado,Valformoso,Embalagem de 150g,"1,49 €","7,45 €/Kg"
"Batata frita wavy, ondulada",PorSi,Embalagem de 90g,"1,01 €","5,46 €/Kg"
"Bolachas, tubo",Oreo,Embalagem de 150g,"0,79 €","4,49 €/Kg"
Pão Bijou Mistura,Pão do Dia,1 unidades = 45 g,"0,19 €","2,38 €/Kg"
Vinho Regional Lisboa Reserva Branco,Marginal,Garrafa de 0.75 l,"4,99 €","6,65 €/L"
Vinho rosé regional península de Setúbal,Selecção de Enófilos,Garrafa de 0.75 l,"2,99 €","3,99 €/L"
Iogurte líquido infantil morango e banana,PorSi,Pack 6 x 100 g,"1,05 €","1,86 €/L"
Café mistura peninsular,Delta,Embalagem de 250g,"0,79 €","3,16 €/Kg"
Nata uht,Agros,Garrafa de 200 ml,"0,75 €","3,75 €/L"
Tablete de chocolate,Chabrior,Embalagem de 250 g,"0,69 €","4,60 €/Kg"
Soja polpa fruta,PorSi Viva Bem,Embalagem de 8 x 100 g,"2,38 €","2,98 €/Kg"
"Espumante cava bruto, reserva",Freixenet,Garrafa de 750 ml,"8,49 €","11,32 €/L"
Chá barriguinha,PLANTANATU,Embalagem de 10 unidades,"1,25 €","1,25 €/Unidade"
Balões latex brancos,PorSi,Embalagem com 24 unidades,"0,69 €","0,69 €/Unidade"
Iogurte magro natural,Longa vida,Embalagem de 6 x 120 g,"1,44 €","2,88 €/Kg"
Piri piri,Calve,Garrafa de 50 ml,"0,87 €","2,90 €/Kg"
Detergente liquido loiça clássico,PorSi,Garrafa de 1 litro,"1,05 €","2,10 €/L"
"Vinagre virgem branco, spray",Paladin,Garrafa de 250 ml,"0,35 €","0,70 €/L"
Creme barrar nutela 350g,Nutella,Embalagem de 350G,"8,13 €/Kg","8,13 €/Kg"
Infusão carqueja,Cemporcent,Embalagem de 10 unidades,"0,99 €","76,15 €/Kg"
Escova de dentes infantil 3 a 6 anos,Labell,1 un.,"2,29 €","2,29 €/Unidade"
Mistura solúvel c/ 20% café granulado,PorSi,Embalagem de 200g,"0,79 €","3,16 €/Kg"
Feijão verde,PorSi,Embalagem de 750 g,"1,98 €","1,98 €/Kg"
Bolacha vitalday crocante chocolate,Gullon,Embalagem de 280g,"2,98 €","9,93 €/Kg"
Açúcar granulado embalado em papel,Rar,Embalagem de 1 kg,"1,49 €","1,49 €/Kg"
Tablete de chocolate culinário negro,PorSi,Embalagem de 200 g,"1,04 €","8,32 €/Kg"
Queijo ovelha curado amanteigado,Seia,Embalagem de 250g,"4,62 €","18,49 €/Kg"
Snack chocolate minis,Snickers,Embalagem de 170g,"11,00 €/Kg","11,00 €/Kg"
"Queijo ralado, 4 queijos",President,Embalagem de 150 g,"1,49 €","7,45 €/Kg"
Queijo Curado Apimentado,Fonte Mourisca,Vendido ao peso a partir de 250 gr,"6,49 €","25,45 €/Kg"
Alho-francês,PorSi,Embalagem de 750 g,"1,98 €","1,98 €/Kg"
Farinha p/ bolos fina,Nacional,Embalagem de 1Kg,"0,85 €","0,85 €/Kg"
Rodelas de chourico 2x75g,Porminho,Embalagem de 150g,"1,14 €","5,70 €/Kg"
Chocolate kit kat,Kit kat,Embalagem de 130g,"11,00 €/Kg","11,00 €/Kg"
Leite regular 3,Aptamil,Embalagem de 800 g,"22,39 €","27,99 €/Kg"
Soro fisiológico,PorSi,Embalagem de 100 ml,"0,55 €","5,50 €/L"
Creme Suavizante Picadas de Insectos,Mercurochrome,Embalagem 50 ml,"9,19 €","183,80 €/L"
Liquido brilhante sapato preto,PorSi,75 ml,"2,25 €","45,00 €/L"
Pasta dentífrica,Couto,Embalagem de 60 ml,"2,39 €","31,87 €/L"
Papel Higiénico Original 2 folhas,Scottex,Embalagem c/ 16 Rolos,"1,99 €","1,99 €/Unidade"
Agrião Programa Origens,PorSi,embalagem de 170 g,"0,99 €","0,99 €/Kg"
Pano limpa pó de flanela,PorSi,1 unidade,"1,79 €","1,79 €/Unidade"
Bacalhau à Brás,PorSi,Embalagem de 250g,"3,99 €","3,99 €/Kg"
Pizza de bolonhesa,PorSi,Embalagem de 350g,"2,16 €","6,17 €/Kg"
Creme culinário soja,PorSi Viva Bem,Embalagem de 200 ml,"3,99 €","26,60 €/L"
Adoçante comprimidos,PorSi,Embalagem de 250 saquetas,"1,99 €","199,00 €/Kg"
Perolas perfumadas fresh,PorSi,Embalagem de 275 g,"31,99 €","31,99 €/Unidade"
Molho bechamel,Parmalat,Embalagem de 200 ml,"0,75 €","3,75 €/L"
Gelado brownie,PorSi Select,Embalagem de 500ml,"3,49 €","6,98 €/L"
Borracha branca gigante,Domédia,1 unidade,"2,19 €","109,50 €/L"
Vinho tinto península de setúbal,Pioneiro,Garrafa de 0.75 l,"2,99 €","3,99 €/L"
Papa infantil láctea banana laranja +6 meses,Cerelac,Embalagem de 250g,"4,99 €","4,99 €/Kg"
Adoçante com doseador,PorSi,Embalagem de 66g,"1,99 €","199,00 €/Kg"
Leite creme,PorSi,Embalagem de 4x23g,"1,69 €","8,45 €/L"
Rebuçados cristais de neve,PorSi,Embalagem de 250g,"1,15 €","4,60 €/Kg"
Difusor elétrico sem fio para pastilhas,Ezalo,Embalagem de 1 unidades,"7,69 €","7,69 €/Unidade"
Papel Anti-traça 4 Seasons,Raid,4 unidades,"5,99 €","176,18 €/Kg"
Arroz Risotto,PorSi,Embalagem de 1 kg,"1,26 €","1,26 €/Kg"
Batata frita light,Lay's,Embalagem de 140g,"0,95 €","6,33 €/Kg"
Creme de coentros sem batata,PorSi,Embalagem de 400 g,"1,19 €","2,98 €/Kg"
Acendalha Querosene,Quinas,Uma embalagem - 32Unidades,"1,89 €","1,89 €/Unidade"
Lasanha à bolonhesa,PorSi,Embalagem de 400 g,"3,99 €","3,99 €/Kg"
Sobremesa de Arroz Doce,PorSi,Embalagem 2X135G,"0,55 €","2,75 €/Kg"
Moscatel de setúbal,Alambre,"Garrafa de 0,75L","5,99 €","7,99 €/L"
Néctar clássico pêssego,Compal,200 ml,"0,99 €","0,99 €/L"
Ambientador spray de lavanda,Air Wick,Garrafa de 240 ml,"0,99 €","3,30 €/L"
Bolachas cream cracker,PorSi,Embalagem de 200g,"0,39 €","3,12 €/Kg"
Veiculo Hot wheels,Hot Wheels,1 unidade,"2,29 €","2,29 €/Unidade"
Luvas Universal Média/Grande,Vileda,1 unidade,"8,49 €","8,49 €/Unidade"
Gogo SqueeZ Snack Morango,Gogo,Embalagem de 4 x 90g,"2,29 €","6,94 €/L"
Creme Rosto Dia Pele Mista Antirrugas Q10 Plus,Nivea,Embalagem de 50 ml,"2,99 €","59,80 €/L"
"Bolacha belvita soft brakes, frutos vermelhos",Belvita,Embalagem de 250g,"1,19 €","5,95 €/Kg"
Gelatina morango 10kcal,Royal,Embalagem de 30g,"0,85 €","5,00 €/Kg"
"Creme depilatório para duche, peles sensiveis",Veet,Garrafa de 150 ml,"10,99 €","73,27 €/L"
Chourição,PorSi,"Vendido ao peso, fatiado a partir de 100 gr","0,95 €","9,49 €/Kg"
Cola universal,Uhu,Embalagem de 20 ml,"2,19 €","109,50 €/L"
Cerveja sem álcool,Cheers,Pack 6 x 0.33 l,"5,99 €","3,03 €/L"
Spray vitrocerâmica/indução,PorSi,Embalagem de 500 ml,"1,79 €","2,39 €/L"
Pilha alcalina heightch lr14x2,Domédia,1 unidade,"1,49 €","1,49 €/Unidade"
Condicionador cabelos loiros,Ultra Suave,Embalagem de 200 ml,"1,00 €","5,00 €/L"
Anti-traça cedro,Raid,2 unidades,"5,99 €","176,18 €/Kg"
Champô Extra Suave Flores de Amêndoa,Corine de Farme,Embalagem de 500 ml,"4,39 €","21,95 €/L"
Pensos peles sensíveis sortidos,PorSi,20 unidades,"0,59 €","1,18 €/L"
Intensificador de fragrância máquina lavar roupa pér...,Comfort,Embalagem de 275 g,"3,09 €","3,09 €/Kg"
Lata Cebo Protexol Incolor,Búfalo,Embalagem de 75 ml,"0,99 €","19,80 €/L"
Iogurte para bebé frutas variadas,Nestle,Embalagem de 4 x 100 g,"2,89 €","7,23 €/Kg"
Manteiga magra,Matinal,Embalagem de 250g,"1,89 €","7,56 €/Kg"
Bloco sanitário com suporte azul,WC Pato,Embalagem de 40 g,"2,99 €","74,75 €/Kg"
Mistura de sementes,PorSi Viva Bem,Embalagem de 200 g,"1,59 €","10,60 €/Kg"
Ambientador elétrico baunilha & magnólia asiática,Air Wick,Difusor + Recarga,"3,74 €","3,74 €/Unidade"
Delta cappuccino 10x14g,Delta,Embalagem de 140g,"3,19 €","25,52 €/Kg"
"Salsichas em frasco bockwurst, 5 un",Izidoro,Embalagem de 250g,"0,75 €","3,75 €/Kg"
Queijo são jorge dop,PorSi Select,Embalagem de 400g,"3,84 €","15,35 €/Kg"
Sopa de Cebola,PorSi,Embalagem de 62 g,"0,62 €","10,00 €/Kg"
Frutose,Cemporcent,Embalagem de 250g,"1,79 €","1,79 €/Kg"
Água s/ gás,Luso,"Garrafa de 5,4 l","1,04 €","0,17 €/L"
Presunto fatias,Damatta,Embalagem de 120 g,"1,27 €","12,69 €/Kg"
Gelado carte d'or yogurt & forest fruit,Olá,Embalagem de 900 ml,"3,49 €","6,98 €/L"
Tremoço médio,PorSi,Embalagem de 350 g,"2,19 €","2,81 €/Kg"
Aptamil  prosyneo ha 1,Aptamil,Embalagem de 800g,"22,39 €","27,99 €/Kg"
Água c/ Gás Ananás,Frize,pack 4 x 0.25 l,"2,85 €","2,85 €/L"
Bote pirata,Pinypon Action,1 unidade,"14,99 €","14,99 €/Unidade"
Vinagre balsâmico branco,Gallo,Garrafa de 250 ml,"0,35 €","0,70 €/L"
Lixívia Denso-Activa Tradicional p/ Casa e Roupa,Neoblanc,Embalagem de 2 l,"1,74 €","0,35 €/L"
Gelatina em pó melancia,PorSi,Embalagem de 2 x 85 g,"0,85 €","5,00 €/Kg"
Crackers s/ sal superficie,GRAN PAVES,Embalagem de 560g,"0,39 €","3,12 €/Kg"
Farinheira das beiras,PorSi,Embalagem de 260G,"1,49 €","7,45 €/Kg"
Leite com chocolate,PorSi,Embalagem de 200 ml,"0,26 €","1,30 €/L"
Creme descolorante,Veet,Garrafa de 150 ml,"10,99 €","73,27 €/L"
Barrinhas de  pescada panada,Pescanova,Embalagem de 1.2K,"9,30 €/Kg","9,30 €/Kg"
Água sem gás,Vitalis,Garrafa de 0.5 l,"1,04 €","0,17 €/L"
"Tira gorduras, recarga",Agerul,Embalagem de 750 ml,"4,89 €","6,52 €/L"
Renovador de Camurça em Spray Castanho,Búfalo,Embalagem de 250 ml,"6,19 €","24,76 €/L"
Café em grão,Delta,Embalagem de 250g,"9,16 €/Kg","9,16 €/Kg"
Pó de talco,PorSi,Embalagem de 250g,"0,55 €","5,50 €/L"
Dentifríco 2 em 1 super branqueador,Theramed,Embalagem de 75 ml,"3,09 €","41,20 €/L"
Tostas suecas de trigo,PorSi,Embalagem de 225 g,"2,39 €","6,83 €/Kg"
Queijo mini,Babybel,Embalagem de 6x20 g,"1,45 €","7,25 €/Kg"
Guardanapos brancos 22x22cm | folha dupla,Renova,90 unidades,"1,29 €","1,29 €/Unidade"
Queijo fresco natural,Matinal,Embalagem de 216g,"2,44 €","11,30 €/Kg"
Prato com naperon 30cm,PorSi,1 unidade,"0,54 €","0,54 €/Unidade"
Café lote normal moagem fina,PorSi,Embalagem de 250 g,"3,49 €","13,96 €/Kg"
Tablete de chocolate com avelãs,PorSi,Embalagem de 100 g,"6,50 €/Kg","6,50 €/Kg"
Alface Iceberg,Legumes do Dia,1 un= 400 g (aprox.),"1,40 €","3,49 €/Kg"
Cogumelos laminados,PorSi,780 g,"2,19 €","2,81 €/Kg"
Comida húmida para gato duplo prazer com peixe do oc...,Gourmet Gold,Embalagem de 90g,"2,89 €","7,23 €/Kg"
Tosta integral,Diatosta,Embalagem de 510 g,"1,34 €","5,96 €/Kg"
Batata frita caseira,PorSi,Embalagem de 180g,"0,87 €","5,44 €/Kg"
Cuecas Incontinência Unisexo Pants Super M,Tena,Unidade,"20,79 €","20,79 €/Unidade"
Azeite Virgem Extra Clássico,Gallo,Garrafa de 2 l,"3,29 €","4,39 €/L"
Vinho regional de lisboa tinto,Marginal,Garrafa de 750 ml,"4,99 €","6,65 €/L"
Morcela de Trás os Montes,PorSi,"Vendido ao peso, 1 un = 200 gr (aprox.)","1,49 €","7,45 €/Kg"
Sacos do lixo jardim 130 litros,PorSi,10 sacos,"1,89 €","1,89 €/Unidade"
Creme para calçado preto,Splendor,80 ml,"0,99 €","19,80 €/L"
Folhado de salsichas,Pastelaria do Dia,1 unidade = 110 g,"0,65 €","0,65 €/Unidade"
Chá de maçã e canela,Tetley,Embalagem de 20g,"1,19 €","59,50 €/Kg"
Tablete de chocolate culinário branco,PorSi,Embalagem de 180 g,"1,04 €","8,32 €/Kg"
"Chocolate kit kat, single",Kit kat,Embalagem de 40g,"11,00 €/Kg","11,00 €/Kg"
Snacks crocantes com bacon,PorSi,Embalagem de 60g,"0,79 €","7,90 €/Kg"
Roupão banho criança azul,PorSi,33 x 53 cm,"4,99 €","4,99 €/Unidade"
Lanche Misto,Pastelaria do Dia,1 unidade= 115 g,"0,65 €","0,65 €/Unidade"
Ambientador Difusor Frutos Vermelhos,PorSi,50 ml,"9,49 €","45,19 €/Kg"
Vinho maduto tinto,Casal da eira,Embalagem de 1 l,"0,85 €","0,85 €/L"
Vinho verde branco,MIRANDA,"Garrafa de 0,75 l","3,09 €","3,09 €/L"
Água com gás natural pet,P.salgadas,pack 6 x 0.33 l,"2,85 €","2,85 €/L"
Desinfetante Têxtil,Sanytol,Embalagem de 500 ml,"10,99 €","52,33 €/Kg"
Néctar ananás,PorSi,Pack 3 x 200 ml,"0,99 €","0,99 €/L"
Vinho do Porto Branco,Velhotes,"Garrafa de 0,75 l","11,99 €","15,99 €/L"
Sal cristal,PorSi,embalagem de 1 kg,"0,25 €","0,25 €/Kg"
Café solúvel clássico,Nescafe,Embalagem de 200g,"14,50 €/Kg","14,50 €/Kg"
Sidra,Kings Bräu,Pack 6 x 0.33 l,"1,59 €","3,18 €/L"
Vinho rosé,Mateus,Garrafa de 750 ml,"4,29 €","5,72 €/L"
Carro sensorial,Baby Clementoni,1 unidade,"16,49 €","16,49 €/Unidade"
Creme abrasivo original,Cif,Garrafa de 500 ml,"1,09 €","1,09 €/L"
Conjunto de 2 Almofadas,Analar,Tam.: 45 x 60 cm,"12,00 €/Unidade","12,00 €/Unidade"
Vinho branco bag-in-box,Capataz,Embalagem de 5 l,"5,19 €","1,04 €/L"
Bagas de cranberry,Cemporcent,Embalagem de 125 g,"1,79 €","3,58 €/Kg"
Bebida de amêndoa - 0% açúcar,Shoyce,Embalagem de 1 litro,"0,99 €","0,99 €/L"
Refresco em pó de laranja,Tang,Embalagem de 30g,"0,75 €","18,75 €/Kg"
Toalhitas de Limpeza,Chicco,Embalagem c/ 72 un.,"1,09 €/Unidade","1,09 €/Unidade"
Gel Cabelo Styling Creme Cabelo,Nivea,Embalagem de 150 ml,"5,99 €","14,98 €/L"
Esfregão c/ Esponja Salva Unhas Ergonómico / Confort...,Scotch-Brite,Embalagem de 2 unidades,"0,79 €","0,79 €/Unidade"
Rhum com coco,Malibu,Garrafa de 700 ml,"17,49 €","24,99 €/L"
Rebuçados fruta,PorSi,Embalagem de 250g,"1,08 €","5,40 €/Kg"
Vinho tinto região da Bairrada,E.2 SANTOS,Garrafa de 750 ml,"2,49 €","3,32 €/L"
Sangria branca,Casal Garcia,Garrafa de 750 ml,"2,39 €","1,59 €/L"
Bolachas crackers s/ sal,Du bois,Embalagem de 500g,"0,39 €","3,12 €/Kg"
Ambientador recarga delícias de verão,Air Wick,Garrafa de 250 ml,"11,98 €","11,98 €/Unidade"
Lula limpa 20/40,PorSi,Embalagem de 800 g,"7,99 €","9,99 €/Kg"
Lipton limão zero pet,Lipton,Garrafa de 2 l,"1,14 €","0,76 €/L"
Detergente líquido p/ máquina lavar roupa cores escu...,Woolite,"Garrafa de 1,65 l","31,99 €","31,99 €/Unidade"
Leite condensado magro,Nestle,Embalagem de 390g,"1,09 €","2,75 €/Kg"
Coca-cola light,Coca-Cola,Garrafa de 1 l,"0,79 €","0,40 €/L"
Estendal de roupa com abas resina,PorSi,20 metros,"0,89 €","0,89 €/Unidade"
Vinho regional lisboa branco,Marginal,Garrafa de 750 ml,"4,99 €","6,65 €/L"
Creme de corpo exfoliante,Labell,Embalagem de 150 ml,"6,79 €","33,95 €/L"
Grão de bico,Legumes secos,1 un = 100 gr. (aprox.),"0,26 €","2,59 €/Kg"
Delícia semi-fria cheesecake,Royal,embalagem de 325 g,"1,69 €","8,45 €/L"
Bloco Sanitário Poder Activo Aqua,Sonasol,Embalagem de 50 g,"2,99 €","74,75 €/Kg"
Caramelo líquido,Royal,Embalagem de 400g,"1,29 €","3,23 €/Kg"
Concentrado de frutas tropicais,Sunquick,Garrafa de 700 ml,"3,54 €","3,54 €/L"
Pimenta preta grão,PorSi,Saqueta de 50 g,"0,25 €","0,25 €/Kg"
Cerveja pack económico,Super Bock,pack 6 x 0.33 l,"1,99 €/L","1,99 €/L"
Taolhão de banho,PorSi,100 x 150 cm,"12,00 €/Unidade","12,00 €/Unidade"
Drageias de chocolate,MALTESERS,Embalagem de 300 g,"5,99 €","14,98 €/Kg"
Pensos Higiénicos Fina e Segura Normal,Evax,Embalagem c/ 24 Unidades,"2,59 €","2,59 €/Unidade"
Mortadela mini,PorSi,Embalagem de 350g,"0,95 €","4,75 €/Kg"
Fralda cueca T5 - 12 a 18 kg,PorSi,20 unidades,"8,99 €","8,99 €/Unidade"
Bolachas com recheio baunilha,PorSi,Embalagem de 500g,"2,15 €","2,87 €/Kg"
Magnésio + vitaminas,PLANTANATU,Embalagem de 1 unidades,"7,59 €","126,50 €/Kg"
Queijo ovelha com pimentão,H.da maia,Embalagem de 200g,"4,62 €","18,49 €/Kg"
Pasta dentífrica gel kids,Labell,Embalagem de 50 ml,"0,99 €","0,99 €/Unidade"
Cenoura baby,PorSi,Embalagem de 400 g,"1,98 €","1,98 €/Kg"
Pensos diários flexiform,Carefree,Embalagem de 30 unidades,"1,79 €","1,79 €/Unidade"
Leite uht sem lactose magro,PorSi Viva Bem,1 litro,"0,99 €","0,99 €/L"
"Salsichas aves, frasco com 5 unidad",Izidoro,Embalagem de 250g,"0,75 €","3,75 €/Kg"
Orelhas,Porco,1 un = 250 gr (aprox.),"2,49 €","2,49 €/Kg"
"Vinho branco região da península de setúbal, bag in ...",Dom Campos,Garrafa de 5 l,"9,49 €","1,90 €/L"
Licor,Do João,Garrafa de 0.70L,"22,49 €","32,13 €/L"
Recarga rolo tira pelos,PorSi,1 unidade,"0,99 €","0,20 €/L"
Elixir bocal de mentol,Listerine,Embalagem de 250 ml,"5,99 €","11,98 €/L"
Sabonete líquido mel,Feno,Embalagem de 300 ml,"1,19 €","3,97 €/L"
Bifanas,Porco,Vendido ao peso a partir de 1 kg,"4,88 €","4,88 €/Kg"
Chispalhada,PorSi,Embalagem de 420 g,"2,35 €","5,60 €/Kg"
Lasanha,Nacional,Embalagem de 400g,"0,99 €","1,98 €/Kg"
"Refrigerante sem gás, maracujá e la",Joi,"Garrafa de 1,5 l","1,14 €","0,76 €/L"
Tequila,On Off,Garrafa de 70 cl,"11,99 €","11,99 €/L"
Vinho branco região do Dão,Dharma,Garrafa de 0.75 l,"3,99 €","5,32 €/L"
Salada de Marisco,*,Embalagem de 700 g,"4,99 €","6,24 €/Kg"
Saqueta de puré de fruta | maçã + pera,PorSi,90 g,"0,74 €","8,22 €/Kg"
Farinha de milho 500g,ESPIGA,Embalagem de 500g,"0,85 €","0,85 €/Kg"
"Cera cabelo, paste signature",Axe,Embalagem de 75 ml,"4,19 €","16,76 €/L"
Desentupidor gel turbo com lixívia,Destop,Garrafa de 1 l,"4,89 €","6,52 €/L"
Adoçante em pó stevia,PorSi Viva Bem,Embalagem de 17g,"1,99 €","199,00 €/Kg"
Bacalhau com azeite e alho,PorSi Select,Lata de 120 g,"0,89 €","7,42 €/Kg"
Gel de Banho Coconut Milk,Dove,Embalagem de 750 ml,"6,39 €/L","6,39 €/L"
Creme vegetal para barrar,PorSi,Embalagem de 500 g,"1,39 €","6,95 €/L"
Creme Depilatório Men Peles Sensíveis,Veet,Embalagem de 200 ml,"6,99 €","6,99 €/Unidade"
Estojo Plano Magic Garden,Safta,1 unidade,"23,49 €","23,49 €/Unidade"
Adoçante recarga,Canderel,Embalagem de 40g,"1,99 €","199,00 €/Kg"
Stevia chocolate negro,Cemporcent,Embalagem de 100g,"2,14 €","21,40 €/Kg"
Pasta dentífrica menta fresca,Aquafresh,Embalagem de 75 ml,"2,39 €","31,87 €/L"
Robô que salta Jumping Bot,Clementoni,1 un.,"9,99 €/Unidade","9,99 €/Unidade"
Granola + classica,Cemporcent,Embalagem de 375g,"1,79 €","1,79 €/Kg"
Chá gordura localizada,PLANTANATU,Embalagem de 10 unidades,"1,25 €","1,25 €/Unidade"
"Cera cabelo, indestructible",Studio Line,Embalagem de 75 ml,"4,19 €","16,76 €/L"
Dobrada com feijão,Nobre,Embalagem de 420g,"2,35 €","5,60 €/Kg"
Pensos higiénicos Cottonlike Super Plus Com Abas,Evax,10 unidades,"2,59 €","2,59 €/Unidade"
Malagueta Vermelha,Programa Origens,1 un = 100 gr (aprox.),"2,00 €","19,99 €/Kg"
Marcadores para colorir,Domédia,embalagem com 18 unidades,"3,19 €","3,19 €/Unidade"
Refrigerante s/ gás flórida,Sunny d,"Garrafa de 1,25 l","1,14 €","0,76 €/L"
Néctar vital equilibrio manga/laranja,Compal,Embalagem de 1 l,"0,84 €","2,55 €/L"
Iogurtes aroma 4 de morango + 4 de banana,PorSi,Embalagem de 8x125g,"1,87 €","1,25 €/Kg"
Camarão cozido 30/40,Nossa seleção,Congelado,"2,25 €","8,99 €/Kg"
Pensos higiénicos liberty normal abas,Evax,Embalagem com 12 un.,"2,59 €","2,59 €/Unidade"
Casal garcia sweet 750ml/1,Casal Garcia,Garrafa de 750 ml,"3,09 €","3,09 €/L"
Arroz basmati,PorSi,Embalagem de 1 kg,"1,26 €","1,26 €/Kg"
Garrafa de Água desporto,Lock&Lock,cap.: 500 ml,"6,99 €","6,99 €/Unidade"
Romã,Fruta da Época,1 un = 250 gr  (aprox.),"1,89 €/Kg","1,89 €/Kg"
Queijo flamengo ralado,PorSi,Embalagem de 200G,"1,96 €","9,80 €/Kg"
Bolachas digestive finas de chocolate de leite,Triunfo,Embalagem de 170 g,"0,69 €","4,60 €/Kg"
Spray desengordurante cozinha,Neoblanc,Embalagem de 500 ml,"2,59 €","1,30 €/L"
Sobremesa danette baunilha,Danone,Embalagem de 4 x 125 g,"1,19 €","2,59 €/Kg"
Queijo de ovelha curado amanteigado,Seia,Embalagem de 500g,"4,62 €","18,49 €/Kg"
Lata de Brilho Incolor,Búfalo,Embalagem de 75 ml,"0,99 €","19,80 €/L"
Café torrado classic universal,Delta,Embalagem de 250g,"9,16 €/Kg","9,16 €/Kg"
Iogurte pedaços ananás,PorSi,Embalagem de 4 x 125 g,"4,38 €","2,19 €/Kg"
Hamburger espinafres,Veg In,Embalagem de 160g,"3,39 €","21,19 €/Kg"
Vinho verde branco,Aveleda,Garrafa de 750 ml,"3,09 €","3,09 €/L"
Iogurte activia líquido 0% morango/kiwi,Danone,Embalagem de 4 x 155 g,"3,21 €/Kg","3,21 €/Kg"
Massa folhada retangular,Pasta dia,Embalagem de 250g,"0,99 €","1,98 €/Kg"
Cereais estrelitas,Nestle,Embalagem de 550g,"5,07 €/Kg","5,07 €/Kg"
Toalhitas para bebé melão,PorSi,Embalagem de 60 unidades,"1,09 €/Unidade","1,09 €/Unidade"
Café torrado lote chávena saco,Delta,Embalagem de 250g,"9,16 €/Kg","9,16 €/Kg"
Sumo 100% fresh laranja,Compal,Garrafa de 330 ml,"1,09 €","0,73 €/L"
"Salsichas bockwurst em frasco, 8 unidades",Izidoro,Embalagem de 400g,"0,75 €","3,75 €/Kg"
Batata frita light,PorSi,Embalagem de 150g,"0,95 €","6,33 €/Kg"
Palmiers,PorSi,Embalagem de 100g,"1,69 €","6,76 €/Kg"
Guardanapos 2 folhas brancos e dourado,PorSi Select,50 unidades,"1,29 €","1,29 €/Unidade"
24 Caldos de carne,PorSi,Embalagem de 255  g,"3,84 €","24,00 €/Kg"
Néctar de pêssego,PorSi,Pack 3 x 200 ml,"0,99 €","0,99 €/L"
Lava tudo brilhante madeiras,PorSi,Embalagem de 1.1 litros,"0,99 €","0,50 €/L"
Vulcão,Science4You,1 unidade,"10,99 €","10,99 €/Unidade"
Cereais cruesli fruta,Quaker,Embalagem de 380g,"2,29 €","6,11 €/Kg"
Sobremesa gelatina de ananás,PorSi,Embalagem 4X100G,"0,85 €","2,13 €/Kg"
Vinho branco arinto bucelas,P.regia,Garrafa de 750 ml,"4,99 €","6,65 €/L"
Manteiga s/ lactose,Primor,Embalagem de 130g,"1,89 €","7,56 €/Kg"
Caixa de arrumação reciclada,PorSi,20 litros,"5,24 €","5,24 €/Unidade"
Bol agua s. dose integral 186g,Vieira,Embalagem de 180g,"1,19 €","5,95 €/Kg"
Toalhitas Limpeza Aquas,Kandoo,Embalagem c/ 50 un.,"1,09 €/Unidade","1,09 €/Unidade"
Desodorizante roll-on invisible,Rexona,Embalagem de 50 ml,"4,69 €","31,27 €/L"
Queijo para barrar light,PorSi Viva Bem,Embalagem de 200g,"1,95 €","9,75 €/Kg"
Pão de forma sem côdea especial torradas,Panrico,Embalagem de 510g,"2,29 €","5,26 €/Kg"
Multisuperfícies Gel Menta e Eucalipto,Ajax,Embalagem de 750 ml,"1,29 €","0,86 €/L"
NASA Estação Espacial,Clementoni,1 unidade,"14,99 €/Unidade","14,99 €/Unidade"
Massa quebrada margarina,PorSi,Embalagem de 230 g,"0,99 €","4,30 €/Kg"
Polvilho doce,Do Brasil,500 g,"0,85 €","0,85 €/Kg"
Carrinho com boneco,Vicam,1 unidade,"14,99 €","14,99 €/Unidade"
Farinha láctea 5 frutos,PorSi,Embalagem de 500g,"4,99 €","4,99 €/Kg"
Sopa rabo de boi económica,Knorr,Embalagem de 60g,"0,62 €","10,00 €/Kg"
Folhado de salsicha,PorSi,Embalagem de 6x60 g,"1,79 €","7,16 €/Kg"
Dinos cookienss 185g                 *10,Artiach,Embalagem de 190g,"1,89 €","15,75 €/Kg"
Elixir total proteção placa bacteriana,Colgate,500 ml,"5,99 €","11,98 €/L"
"Mini rissóis de carne, 20 unidades",PorSi,Embalagem de 300 g,"1,79 €","7,16 €/Kg"
Resguardo para mesa,PorSi,Dim.: 140 x 200 cm,"3,45 €","3,45 €/Unidade"
Perfect Pen,Loctite,Embalagem com 3 g,"1,79 €","1,79 €/Unidade"
Grão de bico,PorSi,Embalagem de 420g,"2,19 €","2,81 €/Kg"
"Escova de dentes, proteção global média, 2 unidades",Labell,Uma embalagem,"3,49 €","3,49 €/Unidade"
Lambrusco bianco,*,Garrafa de 750 ml,"1,99 €","2,65 €/L"
Spray casa de banho brilhante,Sonasol,Embalagem de 500 ml,"0,99 €","0,50 €/L"
Pastilha Elástica Bottle Spearmint,Trident,Embalagem de 82 g,"0,89 €","59,33 €/Kg"
Trinca de arroz,PorSi,Embalagem de 1 kg,"22,99 €","1,15 €/Kg"
Chocolate de leite com avelãs,Nestle,Embalagem com 195 g,"6,50 €/Kg","6,50 €/Kg"
"Batata frita, receita camponesa",Lay's,Embalagem de 250g,"1,18 €","6,38 €/Kg"
Manteiga com sal,Mimosa,Embalagem de 130g,"1,89 €","7,56 €/Kg"
"Toalhitas intimas, 20 unidades",Labell,Uma embalagem,"2,19 €","2,19 €/Unidade"
Papel higiénico reciclado 2 folhas,PorSi,12 rolos,"1,99 €","1,99 €/Unidade"
Fita cola transparente,Uhu,15mm x 33m,"3,07 €","146,19 €/Kg"
"Abraçadeira 14cm, caixa com 12",Ecauto,1 unidade,"1,99 €","1,99 €/Unidade"
"Queijo light, 16 unidades",A Vaca Que Ri,Embalagem de 280g,"1,95 €","9,75 €/Kg"
Fralda Cueca Activity Extra Tamanho 4,Dodot,Embalagem com 45 uni.,"8,99 €","8,99 €/Unidade"
Chocolate culinário 70% cacau,Pantagruel,Embalagem de 200g,"1,04 €","8,32 €/Kg"
"Bolachas aperitivas, simples",Tuc,Embalagem de 100g,"2,98 €","9,93 €/Kg"
Café moagem normal: intenso,Buondi,Embalagem de 220g,"3,49 €","13,96 €/Kg"
Arroz carolino vaporizado,Cacarola,Embalagem de 1 kg,"1,26 €","1,26 €/Kg"
Marcadores para colorir,Domédia,embalagem com 18 unidades,"4,69 €","4,69 €/Unidade"
Vinho Tinto Douro Reserva,Duas Quintas,Garrafa de 750 ml,"3,09 €","3,09 €/L"
Bebida de Aveia,PorSi Viva Bem,1 l,"1,59 €","1,59 €/L"
Cacau em pó,Pantagruel,Embalagem de 130g,"1,04 €","8,32 €/Kg"
Salada de fruta em calda,PorSi,Lata com 820 g,"1,99 €","2,37 €/Kg"
Receita caseira de bolonhesa,Nobre,Embalagem de 420g,"2,35 €","5,60 €/Kg"
Pensos térmicos alívio da dor muscular 13x10cm,PorSi,Embalagem de 2 unidades,"0,59 €","1,18 €/L"
"Refrigerante com gás cola, mini lata",Coca-Cola,pack 12 x 0.15 l,"0,79 €","0,40 €/L"
Queijo curado pequeno,Casteloes,Embalagem de 500g,"4,39 €","18,29 €/Kg"
"Hamburgers de porco, 4x80g",PorSi,Embalagem de 320 g,"2,79 €","8,72 €/Kg"
Luvas Multi Sensitive Médio/Grande,Vileda,40 unidade,"8,49 €","8,49 €/Unidade"
Tamaras,PorSi,Embalagem de 200g,"1,79 €","3,58 €/Kg"
Cocktail melão,Bar Royal,Garrafa de 750 ml,"11,99 €","11,99 €/L"
Azeite Virgem Extra Suave,Gallo,Garrafa de 750 ml,"3,29 €","4,39 €/L"
Castanhas,PorSi,Embalagem de 500G,"3,29 €","4,39 €/Kg"
Pasta dentífrica herbal,Colgate,Embalagem de 75 ml,"2,39 €","31,87 €/L"
Ananás rodelas em sumo,PorSi,Embalagem de 3 x 220 g,"1,99 €","2,37 €/Kg"
Manteiga magra meio sal,President,Embalagem de 250g,"1,89 €","7,56 €/Kg"
Fruta para bebé maçã cenoura manga +6 meses,Nestle,Embalagem de 90g,"0,74 €","8,22 €/Kg"
"Vela com número, nº 7",PorSi,1 unidade,"0,60 €","0,60 €/Unidade"
Bebida láctea crescimento c/ bolacha maria,Nestle,Embalagem de 1 litro,"0,26 €","1,30 €/L"
Creme Facial Depilatório,Veet,Embalagem de 2x50 ml,"6,99 €","6,99 €/Unidade"
20 mini rissóis de camarão,PorSi,Embalagem de 300 g,"1,79 €","7,16 €/Kg"
Recarga de esfregona universal,Vileda,1 unidade,"0,89 €","0,89 €/Unidade"
Snack de chocolate crispy,M&m's,Embalagem de 170 g,"11,00 €/Kg","11,00 €/Kg"
Discos Sanitários Activos Aparelho Marinho,WC Pato,Embalagem de 36 ml,"2,99 €","74,75 €/Kg"
Salsa Molho Programa Origens,PorSi,Embalagem de 50g,"0,89 €","17,80 €/Kg"
Iogurte sabor pêssego morango e manga,Danone,Embalagem de 8 x 120 g com 1 grátis,"1,87 €","1,25 €/Kg"
Açúcar areado amarelo,Rar,Embalagem de 1kg,"1,49 €","1,49 €/Kg"
Macedónia de legumes,PorSi,Embalagem de 400 g,"2,19 €","2,81 €/Kg"
Creme p/ Calçado Azul,Búfalo,Embalagem de 40 ml,"0,99 €","19,80 €/L"
NASA Estação Espacial,Clementoni,1 unidade,"14,99 €","14,99 €/Unidade"
Fígado,Porco,Vendido ao peso a partir de 1 kg,"2,49 €","2,49 €/Kg"
15 douradinhos,Capitão Iglo,Embalagem de 420g,"1,79 €","7,16 €/Kg"
Lambrusco rosé,Sorbello,Garrafa de 0.75 l,"1,99 €","2,65 €/L"
Shampô azul concentrado,PorSi,Embalagem de 1 l,"3,99 €","0,80 €/L"
"Presunto Metades, 6 meses de cura",PorSi,"Vendido ao peso, fatiado a partir de 100 gr","1,27 €","12,69 €/Kg"
Pasta Dentífrica Menta Suave,Aquafresh,Embalagem de 75 ml,"2,39 €","31,87 €/L"
Ambientador vela gota baunilha,Air Wick,Embalagem de 1 unidades,"9,49 €","45,19 €/Kg"
"Snack de chocolate, pack de 3 unidades",Snickers,Embalagem de 150g,"11,00 €/Kg","11,00 €/Kg"
Ice tea de limão,PorSi,"Embalagem de 1,5 l","1,14 €","0,76 €/L"
"Creme para mãos, caixa familiar",Nivea,Embalagem de 250 ml,"2,49 €","41,50 €/L"
Ambientador vela citronela,PorSi,1 unidade,"9,49 €","45,19 €/Kg"
Ração para gato júnior com frango,Purina One,Embalagem de 800 g,"12,99 €","4,33 €/Kg"
Vinho rosé,Gatão,Garrafa de 0.75 l,"4,29 €","5,72 €/L"
Vinho Vinha da Fonte Setúbal tinto,Casa Ermelinda Freitas,Garrafa de 0.75 l,"2,99 €","3,99 €/L"
20 saquetas chá detox,Lipton,Embalagem de 30g,"58,44 €/Kg","58,44 €/Kg"
Cola apanha ratos,Neolar,Embalagem de 200 ml,"4,79 €","11,98 €/L"
Milho doce,PorSi,Embalagem de 400 g,"1,98 €","1,98 €/Kg"
Limpa Máquina Loiça Regular,Finish,,"1,49 €","5,96 €/L"
Batata pré-frita palito,PorSi,Embalagem de 1 kg,"1,39 €","1,39 €/Kg"
Lápis de cera,Giotto,embalagem com 12 unidades,"3,19 €","3,19 €/Unidade"
"Pensos, 20 unidades",Hansaplast,1 embalagem,"0,59 €","1,18 €/L"
Peito peru fumado fatias finas cuida-te +,Nobre,Embalagem de 110g,"2,25 €","11,25 €/Kg"
Bacalhau posta média,PorSi,Embalagem de 800g,"6,39 €","7,99 €/Kg"
Água oxigenada,Labell,Embalagem de 500 ml,"0,59 €","1,18 €/L"
Leite Hidratante Delicadeza de Aveia,Ultra Suave,Embalagem de 400 ml,"12,48 €/L","12,48 €/L"
Lixívia com detergente,PorSi,Embalagem de 2 l,"2,59 €","1,30 €/L"
Achocolatado intenso 40% cacau,Nestle,Embalagem de 330g,"5,39 €","7,19 €/Kg"
Almôndegas de bovino,PorSi,Embalagem de 400 g,"3,99 €","9,98 €/Kg"
Ayam leite de coco,Ayam,Garrafa de 200 ml,"1,69 €","8,45 €/L"
Nata uht p/ bater 0% lactose,Parmalat,Embalagem de 200 ml,"0,75 €","3,75 €/L"
Queijo p/ barrar s/ lactose,Philadelph,Embalagem de 150g,"4,68 €","11,70 €/Kg"
Metades de pera em calda,PorSi,Lata de 820 g,"1,99 €","2,37 €/Kg"
Cereais recheados com chocolate e avelã,PorSi,Embalagem de 400g,"5,07 €/Kg","5,07 €/Kg"
Bolachas com recheio de chocolate,PorSi,Embalagem de 500g,"2,15 €","2,87 €/Kg"
Lambrusco rosé,Cavicchiol,Garrafa de 750 ml,"2,09 €","2,79 €/L"
Natas para café,President,Embalagem de 10X10G,"0,75 €","3,75 €/L"
Bolachas digestive go aveia,Triunfo,Embalagem de 170g,"1,19 €","5,95 €/Kg"
Bolacha Maria Integral,PorSi,Embalagem de 600g,"1,19 €","5,95 €/Kg"
Pêssego Vermelho Paraguaio,Fruta da Época,1 un = 150 gr (aprox.),"1,59 €","10,60 €/Kg"
Queijo fresco petits suisses  40% mg,Páturages,Embalagem 6X60G,"1,05 €","1,86 €/L"
Baby Fruta,Baby Clementoni,1 unidade,"9,99 €/Unidade","9,99 €/Unidade"
"Lenços de bolso, mentol, 10 unidades",Renova,Uma embalagem de 6x10,"0,89 €","0,89 €/Unidade"
Gomas happy cola,Haribo,Embalagem de 100g,"0,99 €","9,90 €/Kg"
Cenouras Programa Origens,PorSi,Embalagem de 1 kg,"0,99 €","0,99 €/Kg"
10 salsichas edição limitada,Nobre,Embalagem de 250g,"0,75 €","3,75 €/Kg"
Alimento para cão adulto alta energia,HappyOne,Embalagem de 10 kg,"22,99 €","1,15 €/Kg"
Super Napolitana Creme 125 g,Pastelaria do Dia,1 un = 125 g (aprox.),"0,35 €","0,35 €/Unidade"
Inseticida moscas e mosquitos,Dum Dum,Garrafa de 300 ml,"4,79 €","11,98 €/L"
Topping chocolate branco,Branca de neve,Embalagem de 360g,"1,29 €","3,23 €/Kg"
Bolachas bio de chocolate chips organic,Gullón,250 g,"0,79 €","5,27 €/Kg"
Recarga p/ Esfregona |Suave,Vileda,,"0,89 €","0,89 €/Unidade"
Super articulações,PLANTANATU,Embalagem de 1 unidades,"7,59 €","126,50 €/Kg"
Queijo creme de ervas finas,Philadelph,Embalagem de 150g,"4,68 €","11,70 €/Kg"
Vinho doc dão tinto,Grao vasco,Garrafa de 750 ml,"3,99 €","5,32 €/L"
Creme vegetal para culinária,PorSi,Embalagem de 1 kg,"2,89 €","2,89 €/Kg"
Cereais cookie crisp,Nestle,Embalagem de 380g,"5,07 €/Kg","5,07 €/Kg"
Palito la reine,PorSi,Embalagem de 400 g,"0,69 €","3,45 €/Kg"
Guardanapos Decorados,Scottex,Embalagem 50 Unidades,"1,29 €","1,29 €/Unidade"
Bloco cartolinas brancas A4,Firmo,25 folhas,"3,69 €","3,69 €/Unidade"
Bloco Sanitário Ativo Lavanda,Sonasol,Embalagem de 50 g,"2,99 €","74,75 €/Kg"
Chocolate Branco e Óreo,Milka,Embalagem de 100g,"0,99 €","9,90 €/Kg"
Rebuçados mentho-lyus sem açúcar,Halls,Embalagem de 31 g,"0,77 €","3,85 €/Kg"
Bolachas starship tradicional,PorSi,Embalagem de 150g,"0,79 €","5,27 €/Kg"
Ambientador vela baunilha,PorSi,1 unidade,"9,49 €","45,19 €/Kg"
Baguete de alho,Panike,Embalagem de 350g,"3,40 €/Kg","3,40 €/Kg"
Adoçante com doseador,PorSi,Embalagem 100 comprimidos,"1,99 €","199,00 €/Kg"
Comida húmida para gato esterilizado em molho com sa...,Purina One,4 x 85 g,"2,89 €","7,23 €/Kg"
Creme de Mãos Hyaluronic,Bioten,Embalagem de 50ML,"2,49 €","41,50 €/L"
Refrigerante c/ gás de laranja zero,Fanta,"Garrafa de 1,5 l","0,79 €","0,40 €/L"
Leite uht magro com rosca,PorSi,1 litro,"0,83 €","0,83 €/L"
Couve Roxa,Legumes do Dia,1 un= 1kg (aprox.),"1,09 €","1,09 €/Kg"
Aguardente vínica velha,Alianca v.,Garrafa de 700 ml,"12,79 €","18,27 €/L"
"Pasta de limpeza com oxigénio activo, 48 unidades",Polident,Uma embalagem,"9,79 €","122,38 €/Kg"
Vinagre de vinho tinto,Cristal,Garrafa de 500 ml,"0,35 €","0,70 €/L"
10 cápsulas café qanela,Delta Q,Embalagem de 60g,"59,82 €/Kg","59,82 €/Kg"
Oatibix aveia,Weetabix,Embalagem de 500g,"2,29 €","11,45 €/Kg"
Leite condensado cozido,PorSi,Embalagem de 397 g,"1,09 €","2,75 €/Kg"
Geleia de marmelo,Casa de Mateus,345 g,"3,29 €","9,54 €/Kg"
Panaché,Kings Bräu,"Embalagem de 10x0,25 l","1,59 €","3,18 €/L"
Fio dental gentle suave,Sensodyne,1 unidade,"3,49 €","3,49 €/Unidade"
Cola Universal,Uhu,Embalagem de 2x20ml,"2,19 €","109,50 €/L"
Intensificador de perfume em gel para a roupa romanc...,Quanto,300 ml,"3,09 €","3,09 €/Kg"
Sopa da pedra,PorSi,Embalagem de 420 g,"2,35 €","5,60 €/Kg"
Termómetro digital,PorSi,1 unidade,"5,24 €","5,24 €/Unidade"
Tablete de chocolate leite c/ avelãs,Milka,Embalagem de 270g,"6,50 €/Kg","6,50 €/Kg"
Cuecas Incontinência Maxi Grande,Lindor,Embalagem com 14 un.,"20,79 €","20,79 €/Unidade"
Ambientador arbremagique pinho,Arbre Magique,1 unidade,"3,49 €","3,49 €/Unidade"
Beira interior colheita 2014,Beyra,Garrafa de 0.75 l,"2,49 €","3,32 €/L"
Café torrado 5 estrelas moagem normal,Sical,Embalagem de 250g,"9,16 €/Kg","9,16 €/Kg"
Folha de alumínio,Vileda,50 metros,"1,11 €","1,11 €/Unidade"
Guardanapos Red Label 1 Folha |Verde,Renova,Dim: 30x32cm |70 unidades,"1,29 €","1,29 €/Unidade"
Super Cola,Vito,2 unidade,"1,79 €","1,79 €/Unidade"
Nectar multivitaminas,Paquito,Embalagem de 2 l,"0,99 €","0,99 €/L"
Feijão com dobrada,PorSi,Embalagem de 420 g,"2,35 €","5,60 €/Kg"
Leite creme,Royal,Embalagem de 90g,"0,79 €","5,27 €/Kg"
Spray Glitter Ouro,*,150 ml,"12,99 €/Unidade","12,99 €/Unidade"
Batata frita de presunto,PorSi,Embalagem de 185 g,"1,18 €","6,38 €/Kg"
Ambientador arbremagique limão,Arbre Magique,1 unidade,"3,49 €","3,49 €/Unidade"
Chá preto,Tetley,Embalagem de 30g,"1,69 €","56,33 €/Kg"
Chá preto 25 saquetas,PorSi,Embalagem de 44g,"1,69 €","56,33 €/Kg"
Queijo fresco ligth,PorSi,Embalagem de 4 x 62.5 g,"1,95 €","9,75 €/Kg"
Spray desengordurante,Sonasol,Embalagem de 500 ml,"4,89 €","6,52 €/L"
"Sumo 100%, laranja",PorSi,"Embalagem de 1,5 l","1,09 €","0,73 €/L"
10 salsichas de porco em lata,PorSi,Embalagem de 250G,"0,75 €","3,75 €/Kg"
Tablete de chocolate negro,PorSi Select,200 g,"6,50 €/Kg","6,50 €/Kg"
Detergente para loiça plus + citrinos,Super Pop,Embalagem de 1L,"1,05 €","2,10 €/L"
Safio Posta,Peixe do Dia,1 un= 150 gr aprox.,"1,35 €","8,99 €/Kg"
Bolachas de aveia e trigo integral,PorSi Viva Bem,Embalagem de 240g,"2,98 €","9,93 €/Kg"
Café solúvel intenso,Delta,Embalagem de 100g,"14,50 €/Kg","14,50 €/Kg"
Eau de Toilette Fairy’s Secret,B.U.,50 ml,"11,99 €","79,93 €/L"
12 douradinhos forníssimo,Capitão Iglo,Embalagem de 300g,"9,30 €/Kg","9,30 €/Kg"
Resguardos de cama,PorSi,20 unidades de 60 x 90 cm,"4,99 €","4,99 €/Unidade"
Espuma de barbear para peles sensíveis,Labell Men,Embalagem de 250 ml,"1,16 €","4,64 €/L"
Mistura vegetais para wok,PorSi,Embalagem de 750g,"1,98 €","1,98 €/Kg"
Detergente liquido concentrado oxy p/ loiça,Xau,Embalagem com 1 l,"1,05 €","2,10 €/L"
"Pera em metades, lata",PorSi,Embalagem de 420 g,"1,99 €","2,37 €/Kg"
"Inseticida eléctrico, recarga, night&day",Raid,1 unidade,"7,69 €","7,69 €/Unidade"
Sortido,Cuetara,Embalagem de 210g,"3,09 €","14,71 €/Kg"
Bacalhau desfiado,Pescanova,Embalagem de 400 g,"6,39 €","7,99 €/Kg"
Autobrilhante Castanho,Búfalo,Embalagem de 50 ml,"2,25 €","45,00 €/L"
Bolacha de milho sem sal bio,Cemporcent,Embalagem de 110g,"1,45 €","11,15 €/Kg"
Guardanapos de 1 folha amarelos | dim.: 30 x 29 cm,PorSi,Embalagem com 70 unidades,"1,29 €","1,29 €/Unidade"
Mariscada,PorSi,Embalagem de 800g,"4,99 €","6,24 €/Kg"
Formas de alumínio 600 ml,PorSi,5 unidades,"0,54 €","0,54 €/Unidade"
Salsichão fuet nobreza,Elpozo,Embalagem de 200 g,"0,95 €","9,49 €/Kg"
Batata frita ondulada wavy,PorSi,Embalagem de 185 g,"1,01 €","5,46 €/Kg"
Pão da Avó Alongado,Pão do Dia,1 unidade =400 g,"0,19 €","2,38 €/Kg"
Licor de coco,On Off,"Garrafa de 0,70 l","16,99 €","24,27 €/L"
Pedras empilháveis,Chicco,1 unidade,"14,99 €/Unidade","14,99 €/Unidade"
Aperitivo de amendoins tostados forno,Matutano,Embalagem de 120g,"0,79 €","7,90 €/Kg"
Manteiga de amendoim crocante,Prozis,Embalagem de 500g,"3,99 €","7,98 €/Kg"
Whisky,J&B,Garrafa de 1 l,"23,49 €","23,49 €/L"
Queijo de vaca curado light amanteigado,PorSi,+/- 550 g,"6,49 €","25,45 €/Kg"
Spray para vidros,PorSi,750 ml,"3,19 €","6,38 €/L"
Bife de atum,PorSi,Embalagem de 400 g,"3,99 €","9,98 €/Kg"
"Gel banho, hidratante",Labell,Embalagem de 750 ml,"6,39 €/L","6,39 €/L"
Vinho regional lisboa tinto reserva,Critterium,Garrafa de 0.75 l,"4,99 €","6,65 €/L"
Snack para gato crispies vaca e frango,Felix,Embalagem de 50g,"1,89 €","31,50 €/Kg"
Água mineral sem gás,Serra de Fafe,Embalagem de 6x0.5l,"1,04 €","0,17 €/L"
Flauta,Hohner,1 unidade,"1,29 €","1,29 €/Unidade"
Toalha em rolo papel bordeau,PorSi,1 Unidade,"3,45 €","3,45 €/Unidade"
Bolacha infantil dinossaurus mini dino cereais,Artiach,Embalagem de 120g,"1,89 €","15,75 €/Kg"
Empadas soja,PorSi Viva Bem,Embalagem de 260g,"1,49 €","3,73 €/Kg"
Pipocas doces,Orcape,Embalagem de 100g,"0,79 €","7,90 €/Kg"
Hipopótamo bailarina,Clementoni,1 unidade,"14,99 €/Unidade","14,99 €/Unidade"
Party & Co Family,Diset,,"9,99 €/Unidade","9,99 €/Unidade"
Vinho verde,Felgueiras,Garrafa de 0.75 l,"3,09 €","3,09 €/L"
Iogurte pedaços frutimax frutos variados,PorSi,Embalagem de 8 x 125 g,"4,38 €","2,19 €/Kg"
Lava tudo antibacteriano herbal,PorSi,Garrafa de 1.5 l,"0,99 €","0,50 €/L"
Autobrilhante Branco,Búfalo,Embalagem de 50 ml,"2,25 €","45,00 €/L"
Caixa de arquivo morto,Domédia,1 unidade,"3,29 €","3,29 €/Unidade"
Queijo Raclette 48% MG,Terrier,Vendido ao peso a partir de 250 gr,"1,45 €","7,25 €/Kg"
Farelo de aveia,Salutem,Embalagem de 200g,"2,29 €","11,45 €/Kg"
Chocolate culinário,Nestle,Embalagem de 200g,"1,04 €","8,32 €/Kg"
Cone baunilha,PorSi,embalagem 6 x 120 ml,"5,99 €","16,64 €/L"
Salsicha p/Churrasco Aves,Carne Sorraia,1 Embalagem 360G,"1,56 €","7,43 €/Kg"
Batatas forno ervas,Lay's,Embalagem de 130g,"1,18 €","6,38 €/Kg"
Eau de Toilette p/Senhora Nº31,Caravan,1 Frasco 150ml,"11,99 €","79,93 €/L"
Mochila,Minnie,1 unidade,"23,49 €","23,49 €/Unidade"
Snack para gato anti-hairball,Whiskas,Embalagem de 60g,"1,89 €","31,50 €/Kg"
Aveia instantânea em pó,Prozis,"Embalagem de 1,25 kg","11,99 €","29,98 €/Kg"
Bolacha maria oro +33% grátis,Cuetara,Embalagem de 800g,"2,11 €/Kg","2,11 €/Kg"
Atum posta ao natural,Bom petisc,Embalagem de 120 g,"0,89 €","7,42 €/Kg"
Gin dry bombay(40º) 0.70l,Bombay,Garrafa de 700 ml,"19,79 €","19,79 €/L"
Papa infantil não láctea 8 cereais e mel +6 meses,Cerelac,Embalagem de 250g,"4,99 €","4,99 €/Kg"
Bolachas cream cracker,PorSi,Embalagem de 600g,"0,39 €","3,12 €/Kg"
Lustrante Pneus,PorSi,Embalagem de 1 l,"3,99 €","0,80 €/L"
Spray renova camurça preta,PorSi,Embalagem de 200 ml,"6,19 €","24,76 €/L"
Mistura solúvel brasa,Nestle,Embalagem de 200g,"0,79 €","3,16 €/Kg"
Endívias,Legumes do Dia,450 g,"0,47 €","4,69 €/Kg"
Bolacha maria,Cuetara,Embalagem de 3 x 200 g + 33% grátis,"2,11 €/Kg","2,11 €/Kg"
"Vinho rosé, região península de setúbal, bag in box",Dom Campos,Garrafa de 5 l,"9,49 €","1,90 €/L"
Bolachas cereais passas e laranja,PorSi,Embalagem de 300 g,"0,79 €","5,27 €/Kg"
"Creme de rosto de noite revitalift, laser",L'oreal,Embalagem de 50 ml,"2,99 €","59,80 €/L"
Sopa de cebola económica,Knorr,Embalagem de 50g,"0,62 €","10,00 €/Kg"
Alho moído,PorSi,Frasco com 45 g,"0,25 €","0,25 €/Kg"
Elixir Nightly Reset,Listerine,400 ml,"5,99 €","11,98 €/L"
Chocolate culinário em pó,PorSi,Embalagem de 125 g,"1,04 €","8,32 €/Kg"
"Recarga ambientador eléctrico, alfazema",PorSi,Embalagem de 25 ml,"11,98 €","11,98 €/Unidade"
Almôndegas bolonhesa,Iglo,Embalagem de 400g,"2,79 €","8,72 €/Kg"
20 saquetas infusão limão gengibre,Lipton,Embalagem de 40g,"1,19 €","59,50 €/Kg"
"Forma de papel para bolos, 9 cm, 60 unidades",PorSi,Uma embalagem,"0,54 €","0,54 €/Unidade"
Marmelada,Quinta de Jugais,Embalagem de 500g,"1,09 €","2,42 €/Kg"
Água s/ gás,Fastio,Garrafa de 1 l,"1,04 €","0,17 €/L"
Salsichão fuet caseiro peru,Elpozo,Embalagem de 150g,"0,95 €","9,49 €/Kg"
Mistura de frutos exóticos,PorSi,Embalagem de 450 g,"3,29 €","4,39 €/Kg"
Mix de sementes tradicional,Cemporcent,Embalagem de 250g,"1,79 €","1,79 €/Kg"
Posso ser,Barbie,1 unidade,"14,99 €/Unidade","14,99 €/Unidade"
"Pasta de arquivo, lombada estreita, azul",Domédia,1 unidade,"2,49 €","2,49 €/Unidade"
Desodorizante Calçado,Búfalo,Embalagem de 100 ml,"6,19 €","24,76 €/L"
Roller Shoes,Nancy,1 un.,"14,99 €","14,99 €/Unidade"
Bebida energética original,Burn,Garrafa de 500 ml,"1,60 €","3,20 €/L"
Spray de lavagem a seco denim,Day 2,200 ml,"2,38 €","4,67 €/Kg"
Tablete triple chocolate,Milka,Embalagem de 90g,"5,30 €/Kg","5,30 €/Kg"
Feijão encarnado,PorSi,Embalagem de 420 g,"2,19 €","2,81 €/Kg"
Sumo natural de ananás bio,Cemporcent,Garrafa de 200 ml,"1,79 €","1,79 €/L"
Cuecas Incontinência Homem Active Fit M,Tena,9 unidades,"20,79 €","20,79 €/Unidade"
"Bloco sanitário blue activ, eucalio",Sonasol,Embalagem de 50 g,"2,99 €","74,75 €/Kg"
X-ato mini,Maped,9 mm,"1,29 €","1,29 €/Unidade"
Mariscada,PorSi,Embalagem de 800g,"2,19 €","8,59 €/Kg"
Cera Depilatória,Veet,Embalagem de 250 ml,"6,99 €","6,99 €/Unidade"
Salsichas de porco,Nobre,Lata de 250g,"0,75 €","3,75 €/Kg"
Natas uht com cogumelos,Parmalat,Embalagem de 200 ml,"0,75 €","3,75 €/L"
Abobora cubos,PorSi,Embalagem de 500g,"1,98 €","1,98 €/Kg"
Queijo nisa dop,Monforqj,Embalagem de 300g,"2,87 €","15,94 €/Kg"
Néctar light manga/laranja,Compal,330 ml,"0,84 €","2,55 €/L"
Vinagre de sidra pet,Paladin,Garrafa de 500 ml,"0,35 €","0,70 €/L"
Chouriço Extra do Ribatejo,PorSi,200 g,"1,14 €","5,70 €/Kg"
Lava tudo limão verde,Cif,"Garrafa de 1,4 l","0,99 €","0,50 €/L"
Tampões Super Plus Compak Pearl,Tampax,16 unidades,"3,99 €","3,99 €/Unidade"
Alimento seco para cão alta energia,PorSi,Embalagem de 10kg,"22,99 €","1,15 €/Kg"
Chourico vinho das beiras,PorSi,Embalagem de 280g,"1,14 €","5,70 €/Kg"
Massa para pizza,PorSi,Embalagem de 260 g,"0,99 €","4,30 €/Kg"
Chá de frutos vermelhos,Tetley,Embalagem de 30g,"1,19 €","59,50 €/Kg"
Caramelos de fruta,PorSi,Embalagem de 250g,"1,19 €","4,76 €/Kg"
Pudim de baunilha,PorSi,Embalagem de 90g,"0,59 €","29,50 €/Kg"
Creme abrasivo activo c/ lixívia,Cif,Garrafa de 500 ml,"2,59 €","1,30 €/L"
Biscoitos de cacau,PorSi,Embalagem de 750g,"0,69 €","3,45 €/Kg"
Pudim baunilha,Boca Doce,Embalagem de 20g,"0,59 €","29,50 €/Kg"
"Bolachas, cobertura com chocolate branco",Oreo,Embalagem de 250g,"0,69 €","4,60 €/Kg"
Leite com chocolate sem lactose,Ucal,Embalagem de 6 x 250 ml,"0,26 €","1,30 €/L"
Macchiato café arábica,PorSi,250 ml,"3,19 €","25,52 €/Kg"
Sumo 100% fresco ananás,Paquito,Embalagem de 1 l,"1,09 €","0,73 €/L"
Xarope grenadine zero,Paquito,Garrafa de 750 ml,"3,54 €","3,54 €/L"
Bebida de soja de amêndoa,Alpro,Embalagem de 1 litro,"2,49 €","2,49 €/L"
Fio dentario 50m,Colgate,1 unidade,"3,49 €","3,49 €/Unidade"
20 saquetas chá de pêssego manga,Lipton,Embalagem de 40g,"1,19 €","59,50 €/Kg"
Pringles original,Pringles,Embalagem de 175g,"1,01 €","5,46 €/Kg"
Vinho doc alentejo tinto,T.bolotas,Garrafa de 0.75 l,"2,89 €","3,85 €/L"
Eau de Toilette p/Senhora Nº5,Caravan,1 Frasco 150ml,"11,99 €","79,93 €/L"
Lixívia perfumada,PorSi,Embalagem de 5 l,"2,59 €","1,30 €/L"
Mala Crazy Chic Star Hairstyle,Clementoni,1 unidade,"14,99 €","14,99 €/Unidade"
Esparguete fino,Nacional,Embalagem de 500g,"0,99 €","1,98 €/Kg"
Feijão preto cozido,PorSi,Embalagem de 420 g,"2,19 €","2,81 €/Kg"
Miolo camarao gig.15/30 250g,Pescanova,Embalagem de 250 g,"8,99 €","25,69 €/Kg"
Profiteroles de nata,PorSi Select,Embalagem de 330 g,"2,57 €","7,79 €/Kg"
Detergente máquina roupa em gel universal,Persil,Embalagem de 42 doses,"31,99 €","31,99 €/Unidade"
Bolachas tosta rica,Cuetara,Embalagem de 570g,"1,89 €","15,75 €/Kg"
Amêijoa Branca Congelada,*,Vendido ao peso a partir de 200 g,"2,25 €","8,99 €/Kg"
Mimosa bem especial leite e aveia,Mimosa,Embalagem de 1 litro,"0,99 €","0,99 €/L"
Moscatel Roxo Setúbal,Alambre,Garrafa de 750 ml,"5,99 €","7,99 €/L"
Moscatel do Douro,Selecção de Enófilos,"Garrafa de 0,75 l","5,99 €","7,99 €/L"
"Refrigerante sem gás, maçã",Joi,"Garrafa de 1,5 l","1,14 €","0,76 €/L"
Guardanapos Olé Branco 1 Folha,Renova do Bem,Dim.: 30x30cm,"1,29 €","1,29 €/Unidade"
Knorr sopa gourmet b.doce e abobora 49gr,Knorr,Embalagem de 70g,"0,62 €","10,00 €/Kg"
Queijo feta dop grego,Kolios,Embalagem de 200g,"1,49 €","7,45 €/Kg"
Desinfetante p/ Roupa,Sanytol,embalagem com 500ml,"10,99 €","52,33 €/Kg"
Café torrado em grão,PorSi,Embalagem de 1 kg,"9,16 €/Kg","9,16 €/Kg"
Água mineral sem gás,Serra de Fafe,"Embalagem de 6x0,33 l","1,04 €","0,17 €/L"
Miolo de mexilhão,PorSi,Embalagem de 250 g,"4,99 €","6,24 €/Kg"
Cubos pão trigo tostado,PorSi,Embalagem de 150g,"2,39 €","6,83 €/Kg"
Sardinhas em azeite,PorSi,Embalagem de 120g,"0,89 €","7,42 €/Kg"
"Escova dentes, rotativa global, dura, 2 unidades",Labell,1 embalagem,"3,49 €","3,49 €/Unidade"
8 rissóis de camarão,PorSi,Embalagem de 300g,"1,79 €","7,16 €/Kg"
Molho bechamel,PorSi,Embalagem de 500 ml,"0,75 €","3,75 €/L"
Gelado magnum mini double chocolate e caramelo,Olá,Embalagem de 6 x 60 ml,"5,99 €","16,64 €/L"
Spray tira nódoas,Kh 7,Garrafa de 750 ml,"10,99 €","52,33 €/Kg"
Leite especial cálcio + vitamina d m/g,Mimosa,Garrafa de 1 l,"1,29 €","1,29 €/L"
Bolachas cookies 0% açúcares,Artiach,Embalagem de 120 g,"0,79 €","5,27 €/Kg"
Torta natas com cobertura de cacau,PorSi,Embalagem de 300g,"2,05 €","5,13 €/Kg"
"Espuma de cabelo, volume absoluto",Pantene,Embalagem de 200 ml,"4,19 €","16,76 €/L"
Gel Intimo Suave,Corine de Farme,250 ml,"0,55 €","5,50 €/L"
Chá verde,PorSi,Embalagem de 37.5 g,"0,99 €","23,02 €/Kg"
Ambientador vela frutos vermelhos,PorSi,1 unidade,"9,49 €","45,19 €/Kg"
Gressinos com sésamo,PorSi,Embalagem de 250 g,"2,39 €","6,83 €/Kg"
Iogurte líquido morango / framboesa corpos danone,Danone,Embalagem de 4 x 155 g,"1,31 €","2,05 €/Kg"
Desinfetante p/ WC,Sanytol,Embalagem de 750 ml,"1,79 €","2,39 €/L"
Arroz agulha,Saludães,Embalagem de 1kg,"1,26 €","1,26 €/Kg"
Queijo gouda fatias,PorSi,Embalagem de 200 g,"1,96 €","9,80 €/Kg"
"Queijo fundido, 24 porções",A Vaca Que Ri,Embalagem de 400g,"4,68 €","11,70 €/Kg"
Lombos de pescada,PorSi,Embalagem de 400 g,"3,99 €","9,98 €/Kg"
Rolo tira pelos 12 folhas,PorSi,1 unidade,"0,99 €","0,20 €/L"
Cogumelo branco,*,Embalagem de 300g,"1,89 €","6,30 €/Kg"
"Queijo flamengo, bola quartos",Agros,Embalagem de 350g,"1,96 €","9,80 €/Kg"
Douradinhos estaladiços,Capitão Iglo,Embalagem de 340g,"9,30 €/Kg","9,30 €/Kg"
Queijo Flamengo Bola,Terra Nostra,1 un = 250 gr  (aprox.),"1,96 €","9,80 €/Kg"
Adoçante à base de sucralose em pó,PorSi,Embalagem de 90g,"1,99 €","199,00 €/Kg"
"Tiras limpa poros faciais, 6unidades",Labell,1 embalagem,"6,79 €","33,95 €/L"
Cogumelos inteiros,PorSi,Embalagem de 185 g,"2,19 €","2,81 €/Kg"
Spray limpeza casa de banho,PorSi,750 ml,"1,79 €","2,39 €/L"
Mortadela de peru fatiada,PorSi,Embalagem de 200g,"0,95 €","4,75 €/Kg"
Café em cápsulas dolce gusto galão,Nescafe,Embalagem de 16 cápsulas,"59,82 €/Kg","59,82 €/Kg"
"Elixir bocal, cool mint",Sensodyne,Embalagem de 500 ml,"5,99 €","11,98 €/L"
Pensos diários salvaslip flexi & fresh normal,Evax,28 unidades,"1,79 €","1,79 €/Unidade"
"Cerveja com álcool, lata",Super Bock,Garrafa de 330 ml,"1,99 €/L","1,99 €/L"
Arroz agulha,B.sucesso,Embalagem de 1 kg,"1,26 €","1,26 €/Kg"
Champagne bruto c.rouge 0.75l,MUMM,Garrafa de 750 ml,"40,99 €","54,65 €/L"
Pastilhas peppermint,CHICLETS,Embalagem de 17 g,"0,89 €","59,33 €/Kg"
Guardanapos art de la table 33 x 33 cm,Renova,3 folhas | 50 unidades,"1,29 €","1,29 €/Unidade"
Queijo grana padano ralado,Galbani,Embalagem de 60 g,"1,49 €","7,45 €/Kg"
Limpa pavimentos flutuantes,PorSi,Embalagem de 1 litro,"1,79 €","2,39 €/L"
Lápis de cera color peps,Maped,Embalagem com 24 unidades,"4,69 €","4,69 €/Unidade"
Desentupidor canos,Mr.muscle,Embalagem de 1 l,"4,89 €","6,52 €/L"
Entremeada s/ Entrecosto,Porco,Vendido ao peso a partir de 1 kg,"4,88 €","4,88 €/Kg"
Ração para gato adulto com bacalhau e legumes,Friskies,Embalagem de 4 kg,"12,99 €","4,33 €/Kg"
Manteiga de amendoim cremosa,Prozis,Embalagem de 500g,"8,13 €/Kg","8,13 €/Kg"
Refrigerante s/ gás califórnia,Sunny d,"Garrafa de 1,25 l","1,14 €","0,76 €/L"
Bolachas mini prince recheadas com chocolate,PRINCE,Embalagem de 160 g,"1,89 €","15,75 €/Kg"
Taças para cocktail 25 cl,Pasabahce,4 unidades,"11,99 €","11,99 €/L"
Mostarda em frasco,Savora,Embalagem de 190g,"0,87 €","2,90 €/Kg"
Mortadela fatiada,PorSi,Embalagem de 200 g,"0,95 €","4,75 €/Kg"
Alecrim,Margao,Embalagem de 20g,"0,25 €","0,25 €/Kg"
Brandy,ON/OFF,Garrafa de 700 ml,"15,49 €","15,49 €/L"
Creme Depilatório Peles Normais,Veet,Embalagem de 200 ml,"3,29 €","3,29 €/Unidade"
Ecobag 30 L Perfumado,Vileda,1 embalagem,"1,89 €","1,89 €/Unidade"
"Anti-calcário, máquina roupa, gel",Calgon,"Garrafa de 1,5 l","31,99 €","31,99 €/Unidade"
Creme de limpeza com lixívia,PorSi,750 ml,"2,59 €","1,30 €/L"
Gelatina pêssego,PorSi,Embalagem de 2x85g,"0,85 €","5,00 €/Kg"
Grão de bico,Caçarola,Embalagem de 500 g,"0,99 €","1,98 €/Kg"
Nestum 5 cereais,Nestum,Embalagem de 250g,"3,29 €","4,39 €/Kg"
Patê sardinha,La piara,Embalagem de 80g,"1,19 €","13,52 €/Kg"
Pedras limão/chá verde,P.salgadas,pack 4 x 0.25 l,"2,85 €","2,85 €/L"
Empadão de carne produto pré-cozinhado ultracongelad...,PorSi,Embalagem de 350g,"3,99 €","9,98 €/Kg"
Creme proteção de gengivas,Polident,Embalagem de 40 g,"9,79 €","122,38 €/Kg"
Creme autobrilha incolor,Splendor,40 ml,"2,25 €","45,00 €/L"
Crazy Chic Atelier Pulseira,Clementoni,unidade,"14,99 €/Unidade","14,99 €/Unidade"
Bolachas rosquilhas,PorSi,Embalagem de 600g,"1,69 €","6,76 €/Kg"
Katia Beijinhos,Miss Concentra,1 unidade,"14,99 €/Unidade","14,99 €/Unidade"
Nata uht,PorSi,Embalagem de 200 ml,"0,75 €","3,75 €/L"
Iogurte líquido de frutos vermelhos,PorSi,Embalagem de 4 x 160 g,"1,31 €","2,05 €/Kg"
Puzzle Canal Panda,Olivo,60 peças,"9,99 €/Unidade","9,99 €/Unidade"
Pizza de Atum,PorSi,Embalagem de 350 g,"2,16 €","6,17 €/Kg"
Nectar clássico maracujá,Compal,Garrafa de 1 l,"1,09 €","0,73 €/L"
Butter cookies,PorSi,Embalagem de 450g,"0,79 €","5,27 €/Kg"
Massa para pizza,PorSi,Embalagem de 260 g,"0,99 €","1,98 €/Kg"
Coentro Molho Programa Origens,PorSi,Embalagem de 50g,"0,89 €","17,80 €/Kg"
Caderno Agrafado Capa Preta |A5 Pautado,Domédia,1 unidade,"3,69 €","3,69 €/Unidade"
Leite magro em pó,Páturages,Embalagem de 300 g,"2,79 €","9,30 €/Kg"
Atum posta em óleo,Ramirez,Embalagem de 120g,"0,89 €","7,42 €/Kg"
Néctar light manga/laranja,Compal,Garrafa de 200 ml,"0,99 €","0,99 €/L"
Chouriço com feijão,Nobre,Embalagem de 420g,"2,35 €","5,60 €/Kg"
"Vela em número,  nº 0",PorSi,1 unidade,"0,60 €","0,60 €/Unidade"
Batata frita palha,Pala-pala,Embalagem de 500g,"0,87 €","5,44 €/Kg"
Limpa madeiras com sabão,PorSi,1.5 litros,"4,39 €","14,63 €/L"
Bebida solúvel cereais+fibra frasco 200g,Delta,Embalagem de 200g,"14,50 €/Kg","14,50 €/Kg"
Arroz carolino,Caçarola,Embalagem de 1kg,"1,26 €","1,26 €/Kg"
Queijo Flamengo Bola,Limiano,1 un = 250 gr  (aprox.),"1,96 €","9,80 €/Kg"
Ovos galinha solo l,PorSi,6 ovos,"1,59 €","1,59 €/Unidade"
Cocktail mango,Bar Royal,Garrafa de 750 ml,"8,49 €","11,32 €/L"
Vinho tinto regional terras dao bib 5l,Silgueiros,Embalagem de 5L,"3,99 €","5,32 €/L"
Azeite virgem extra seleção ouro,Oliveira da Serra,Garrafa de 750 ml,"3,29 €","4,39 €/L"
Toucinho do céu,PorSi,Embalagem de 2x100 g,"0,55 €","2,75 €/Kg"
"Tira nódoas, spray oxi",PorSi,Embalagem de 1 l,"10,99 €","52,33 €/Kg"
Champô Limão & Argila,Ultra Suave,Embalagem de 400 ml,"5,59 €","13,98 €/L"
Arroz carolino,Louro,Embalagem de 1 kg,"1,26 €","1,26 €/Kg"
"Lixívia para roupa, tradicional verde denso",PorSi,Embalagem de 2L,"1,74 €","0,35 €/L"
Pizza 4 estações,PorSi,Embalagem de 350g,"2,16 €","6,17 €/Kg"
Gin dry,Big Boss,Garrafa de 700 ml,"19,79 €","19,79 €/L"
Starter Pack Princesa,Playmobil,1 unidade,"14,99 €","14,99 €/Unidade"
Queijo de ovelha curado,H.da maia,Embalagem de 200g,"4,62 €","18,49 €/Kg"
Vinh do porto ruby,Cruz,Garrafa de 750 ml,"5,99 €","7,99 €/L"
"Batata frita, multipack",Ruffles,Embalagem de 180g,"1,01 €","5,46 €/Kg"
Corn flakes saco,PorSi,Embalagem de 500g,"1,49 €","2,98 €/Kg"
"Folhas de tomilho, pacote",Margao,Embalagem de 20g,"0,25 €","0,25 €/Kg"
Sumo natural de maçã bio,Cemporcent,Garrafa de 200 ml,"1,79 €","1,79 €/L"
Recarga mopa,PorSi,1 unidade,"0,89 €","0,89 €/Unidade"
Água com gás,PorSi,"Garrafa de 1,5 l","2,85 €","2,85 €/L"
"Bloco sanitário azul, recarga",WC Pato,Embalagem de 2x40 g,"2,99 €","74,75 €/Kg"
Cereais petalas chocolate,PorSi,Embalagem de 625g,"5,07 €/Kg","5,07 €/Kg"
Caixa de arrumação reciclada,PorSi,40 litros,"5,24 €","5,24 €/Unidade"
Bolacha tostada,PorSi,Embalagem de 800g,"2,11 €/Kg","2,11 €/Kg"
Pá económica,PorSi,1 unidade,"2,99 €","2,99 €/Unidade"
Iogurte pedaços morango,PorSi,Embalagem de 4x125g,"4,38 €","2,19 €/Kg"
Bolacha infantil dinossaurus mini dino chocolate,Artiach,Embalagem de 120g,"1,89 €","15,75 €/Kg"
"Sumo 100%, tutti-frutti",PorSi,Embalagem de 3 x 200 ml,"1,09 €","0,73 €/L"
Inseticida Eléctrico Night & Day,Raid,1 Difusor + 1 Recarga,"7,69 €","7,69 €/Unidade"
Sumo essencial manga,Compal,pack 3 x 0.11 l,"2,29 €","6,94 €/L"
Batata frita caseira rodela,Pala-pala,Embalagem de 300g,"0,87 €","5,44 €/Kg"
Infusão lúcia lima,PorSi,Embalagem de 35 g,"0,99 €","76,15 €/Kg"
Café solúvel + cereais,Delta,Embalagem de 200 g,"14,50 €/Kg","14,50 €/Kg"
"Pasta dentífrica, máxima proteção, fresca",Colgate,Embalagem de 75 ml,"2,39 €","31,87 €/L"
Salsicha p/Churrasco XL,Carne Sorraia,1 Embalagem 360G,"1,56 €","7,43 €/Kg"
Batata frita forno camponesas,Lay's,Embalagem de 130g,"1,18 €","6,38 €/Kg"
Faca Chefe 15 cm Inox,PorSi,1 unidade,"4,75 €","4,75 €/Unidade"
Molho de soja c/ dispensador redução sal,KIKKOMAN,150 ml,"3,99 €","26,60 €/L"
"Bebida láctea crescimento 1-3 anos, cereais",Nestle,Embalagem de 1 litro,"0,26 €","1,30 €/L"
Vermute rosso,Martini,Embalagem de 10x6 cl,"22,49 €","32,13 €/L"
Ervilhas,PorSi,Embalagem de 400 g,"1,98 €","1,98 €/Kg"
Vela em número nº9,PorSi,1 unidade,"0,60 €","0,60 €/Unidade"
Vinho verde branco loureiro,Q.REGAINHO,Garrafa de 0.75 l,"1,59 €","2,12 €/L"
"Fiambre extra, fatias finas",PorSi,Embalagem de 150 g,"0,97 €","6,49 €/Kg"
"Creme para mãos, proteção intensiva",Atrix,Embalagem de 60 ml,"2,49 €","41,50 €/L"
Alho moído,PorSi,Saqueta de 50 g,"0,25 €","0,25 €/Kg"
Chá earl grey,Lipton,Embalagem de 40g,"1,19 €","59,50 €/Kg"
"Vinho branco regional alentejano, bib",Galitos,Garrafa de 3 l,"5,19 €","1,04 €/L"
Leite c/ Chocolate,Agros,Embalagem de 4 x 200 ml,"0,26 €","1,30 €/L"
Sumo 100% tomate,PorSi,Embalagem de 1.5 l,"1,09 €","0,73 €/L"
Néctar light de manga/laranja prism,PorSi,Embalagem de 1 l,"0,84 €","2,55 €/L"
Toalha de mãos,PorSi,50 x 100 cm,"12,00 €/Unidade","12,00 €/Unidade"
Salsichas de aves,Nobre,Lata de 200 g,"0,75 €","3,75 €/Kg"
Beira interior colheita 2013,Beyra,Garrafa de 0.75 l,"2,49 €","3,32 €/L"
Comida Húmida para Gatinhos Mousse com Vitela,Gourmet Diamant,Embalagem de 85 g,"2,89 €","7,23 €/Kg"
Acetona perfumada com doseador,PorSi,Embalagem de 200 ml,"1,89 €","9,45 €/L"
Máquina depilação descartável Simply Venus 2,Gillette,3 Unid. + 1 Grátis,"1,99 €","1,99 €/Unidade"
Barrita controlo de peso maçã,Ignoramu,Embalagem de 44g,"1,99 €","45,23 €/Kg"
Tosta rica mini go,Cuetara,Embalagem de 240g,"1,89 €","15,75 €/Kg"
Açorda de camarão,PorSi Select,Embalagem de 300g,"1,79 €","7,16 €/Kg"
Pensos Incontinência Mulher Discreet Maxi Night,Tena,12 unidades,"5,99 €","5,99 €/Unidade"
Mochila City Life,Firmo,1 unidade,"23,49 €","23,49 €/Unidade"
Bicarbonato de sódio,PorSi,Embalagem de 500 g,"1,79 €","2,39 €/L"
Bolachas shortcake,PorSi,Embalagem de 233 g,"1,69 €","6,76 €/Kg"
Comida húmida para cão de vaca e frango,PorSi,Lata de 400 g,"0,75 €","2,50 €/Kg"
Cereais cruesli chocolate,Quaker,Embalagem de 380g,"2,29 €","6,11 €/Kg"
Líquido wc duraguard pinho da montanha,Harpic,Garrafa de 750 ml,"1,79 €","2,39 €/L"
Chá fresh preto e limão,Cemporcent,Embalagem de 18g,"1,19 €","59,50 €/Kg"
Aperitivos  fritos,Fritos,Embalagem 130G,"0,79 €","7,90 €/Kg"
Amaciador roupa concentrado lírios e morango,PorSi,60 doses,"2,69 €","1,35 €/L"
Lay's sal mpk 6x30g,Lay's,Embalagem de 180g,"1,01 €","5,46 €/Kg"
Bolachas cream cracker doses individuais,Vieira,Embalagem de 180g,"0,39 €","3,12 €/Kg"
Ração para cão mini adulto nutri soft com frango,Friskies,"Embalagem de 1,4 kg","22,99 €","1,15 €/Kg"
Escova para calçado,Sonaf,1 unidade,"5,29 €","35,27 €/L"
Pellets madeira,Nova lenha,Embalagem de 15kg,"10,99 €","0,73 €/Kg"
Caracol com passas,*,90g,"0,35 €","0,35 €/Unidade"
Soja grossa,Cemporcent,Embalagem de 400g,"1,49 €","3,73 €/Kg"
"Sacos para sandes, 100 unidades",PorSi,1 embalagem,"1,11 €","1,11 €/Unidade"
Licor beirão,Beirão,Garrafa de 700 ml,"22,49 €","32,13 €/L"
Cerveja com álcool,Super Bock,Garrafa de 1 l,"1,99 €/L","1,99 €/L"
Iogurte sólido sem lactose morango,Mimosa,Embalagem de 480g,"1,87 €","1,25 €/Kg"
Lamina Descartáveis Platina,Labell,Pack 10 unidades,"1,16 €","4,64 €/L"
Patê atum,La piara,Embalagem de 80g,"1,19 €","13,52 €/Kg"
Mirtilos 100% Naturais,PorSi,Embalagem de 250 g,"3,29 €","4,39 €/Kg"
Nata uht para bater,Parmalat,Embalagem de 200 ml,"0,75 €","3,75 €/L"
Bolachas chips ahoy,Ca!,Embalagem de 130g,"0,79 €","5,27 €/Kg"
Couve flor,PorSi,Embalagem de 750 kg,"1,98 €","1,98 €/Kg"
Caramelos de nata,Werthers,Embalagem de 140g,"2,99 €","21,36 €/Kg"
Pilhas recarregáveis AAA HR03 1.2V 800mAh,Domédia,Embalagem com 4 unidades,"1,49 €","1,49 €/Unidade"
Danacol frutos exóticos,Danone,Embalagem de 6 x 100 g,"3,99 €","6,65 €/Kg"
Agrafador alicate essentials nº10,Maped,1 unidade,"1,29 €","1,29 €/Unidade"
Galão enriquecido com cálcio,Ucal,Embalagem de 1 litro,"2,15 €","9,77 €/L"
Queijo flamengo barra,PorSi,"Vendido ao peso, fatiado a partir de 100 gr","1,96 €","9,80 €/Kg"
Besugo Médio,Peixe do Dia,1 un = 300 gr (aprox.),"1,35 €","8,99 €/Kg"
Rebuçado recheio morango,PorSi,Embalagem de 250g,"1,08 €","5,40 €/Kg"
"Vinho Bairrada, Tinto",Selecção de Enófilos,Garrafa de 0.75 l,"2,49 €","3,32 €/L"
Lixívia Denso-Activa Harmonias Florais p/ Casa e Rou...,Neoblanc,Embalagem de 2 l,"1,74 €","0,35 €/L"
Queijo de cabra curado,PorSi,Embalagem de 2x100 g,"1,89 €","10,50 €/Kg"
40 filtros café número 4,Planteur,Embalagem com 40 filtros,"0,80 €","0,80 €/Unidade"
Flocos de aveia finos integrais,Cemporcent,Embalagem de 400g,"0,69 €","1,73 €/Kg"
Néctar clássico tutti-frutti,Compal,330 ml,"0,99 €","0,99 €/L"
5 gouaches de cores primárias,Domédia,Uma embalagem,"3,19 €","3,19 €/Unidade"
"Escova dentes, proteção global suave, 2 unidades",Labell,1 embalagem,"3,49 €","3,49 €/Unidade"
Queijo em cubos para saladas,PorSi,Embalagem de 150 g,"1,49 €","7,45 €/Kg"
Manteiga c/ sal gourmet,Novacores,Embalagem de 250g,"1,89 €","7,56 €/Kg"
Bolachas shortcake cacau,PorSi,Embalagem de 185 g,"1,69 €","6,76 €/Kg"
Água s/ gás,S.estrela,"Pack 6 x 0,50 l","1,04 €","0,17 €/L"
Nutella,Nutella,Embalagem de 700g,"8,13 €/Kg","8,13 €/Kg"
"Bracito trufa de chocolate, 4 unidades",Dulcesol,Embalagem de 240g,"2,05 €","5,13 €/Kg"
Reparador de móveis normal,PorSi,Embalagem de 200 ml,"4,39 €","14,63 €/L"
Tomate triturado,Compal,Embalagem de 500g,"3,84 €","24,00 €/Kg"
Resguardo para bebé,PorSi,Dim.: 60 x 60 cm,"4,99 €","4,99 €/Unidade"
Bolachas maria,PorSi,Embalagem de 800g,"2,11 €/Kg","2,11 €/Kg"
Multi vitaminas 50+,PLANTANATU,Embalagem de 1 unidades,"7,59 €","126,50 €/Kg"
Limpa fornos,PorSi,500 ml,"1,79 €","2,39 €/L"
Rolo de cozinha mega,PorSi,1 rolo,"4,99 €","4,99 €/Unidade"
Queijo Curado Amanteigado,Fonte Mourisca,1 un = 250 gr  (aprox.),"3,84 €","15,35 €/Kg"
Cevada torrada moída,PorSi,Embalagem de 250 g,"0,79 €","3,16 €/Kg"
Preparado de bolo de iogurte,PorSi,500 g,"1,69 €","8,45 €/L"
Toalhita Azul,Dodot,Embalagem c/ Tampa | 64 un.,"1,09 €/Unidade","1,09 €/Unidade"
Leite de limpeza age perfect,L'oreal,Embalagem de 200 ml,"6,79 €","33,95 €/L"
Vinho de mesa tinto bag in box,Adega grande,Garrafa de 5 l,"5,19 €","1,04 €/L"
Flakes,Cuetara,Embalagem de 500g,"5,07 €/Kg","5,07 €/Kg"
Milho partido,Rac.zezere,Embalagem de 5 kg,"4,24 €","0,85 €/Kg"
Nan 1 optipro leite inf.optipro desde nascim.800g,NAN,Embalagem de 800g,"22,39 €","27,99 €/Kg"
"Infusãoo mirtilo/acai, 20 saquetas",Tetley,Embalagem de 40g,"0,99 €","76,15 €/Kg"
Caramelo líquido,PorSi,Embalagem de 400g,"1,29 €","3,23 €/Kg"
Bicarbonato de sódio,Globo,Embalagem de 230g,"1,89 €","17,18 €/Kg"
Porto 10 anos,Velhotes,Garrafa de 0.75 l,"10,99 €","14,65 €/L"
"Refeição pronta, boião de legumes e vitela",Bledina,Embalagem de 200g,"2,19 €","11,53 €/Kg"
Spray limpa inox,Cif,Garrafa de 440 ml,"1,79 €","2,39 €/L"
Balões latex vermelho,PorSi,Embalagem com 24 unidades,"0,69 €","0,69 €/Unidade"
3 Pipetas de Repelente p/ Gato,Repul'7,1 unidade,"7,99 €","7,99 €/Unidade"
Molho mad chips top down,Calve,Embalagem de 260g,"0,87 €","2,90 €/Kg"
Leite pastagem uht terra nostra inteiro,Terra Nostra,Garrafa de 1 l,"1,09 €","1,09 €/L"
Azeite tradição,Oliveira da Serra,Embalagem 3L,"3,29 €","4,39 €/L"
Bebida de Soja Baunilha,PorSi Viva Bem,1 l,"2,49 €","2,49 €/L"
Linhaça castanha moída,Cemporcent,Embalagem de 200g,"2,29 €","11,45 €/Kg"
Moelas congeladas,*,Embalagem de 1 kg,"4,99 €","24,95 €/Kg"
Desinfetante álcool gel,PorSi,100 ml,"5,24 €","5,24 €/Unidade"
Carrinho com boneco,Vicam,1 unidade,"14,99 €/Unidade","14,99 €/Unidade"
Leite de pastagem magro,Terra Nostra,Embalagem de 1 litro,"0,83 €","0,83 €/L"
Bolachas waffers nice baunilha,Dailidoce,Embalagem de 250g,"0,98 €","4,67 €/Kg"
Barras de cereais golden grahams,Nestle,Embalagem de 150g,"3,29 €","21,93 €/Kg"
Muesli nozes,PorSi,500 g,"2,24 €","4,48 €/Kg"
Cereais golden e crispy,PorSi,Embalagem de 375 g,"5,07 €/Kg","5,07 €/Kg"
My Fuzzy Friends com Luz e Som,Little Live Pets,1 unidade,"14,99 €/Unidade","14,99 €/Unidade"
Toucinho Fumado,PorSi,fatiado a partir de 100 gr,"4,15 €","20,75 €/Kg"
Bicarbonato de sódio,Vatel,Embalagem de 400g,"1,89 €","17,18 €/Kg"
Agrião,PorSi,Vendido ao peso,"1,69 €","1,69 €/Kg"
Vinho do porto tawny,Cruz,"Garrafa de 0,75 l","6,29 €","8,39 €/L"
Iogurte sólido sem lactose morango,Mimosa,Embalagem de 480g,"0,99 €","1,98 €/Kg"
Queijo de cabra curado rolo,PorSi,Embalagem de 180 g,"1,89 €","10,50 €/Kg"
Desinfetante em gel p/ wc,Cif,Garrafa de 750 ml,"2,79 €","3,99 €/L"
Special k aveia mel,Kellogg's,Embalagem de 420g,"1,49 €","2,98 €/Kg"
Discoveries cappuccino,STARBUCKS,Embalagem de 220 ml,"3,19 €","25,52 €/Kg"
Fralda Cueca Extra Tamanho 3,Dodot,Embalagem com 64 uni.,"8,99 €","8,99 €/Unidade"
Bocadelia atum,La piara,Embalagem de 180g,"0,89 €","7,42 €/Kg"
Queijo de vaca curado amanteigado,PorSi,+/- 550 g,"6,49 €","25,45 €/Kg"
"Champô, anti-caspa",Labell Men,Embalagem de 300 ml,"5,99 €","14,98 €/L"
Iogurte líquido pinacolada,PorSi,Embalagem de 4 x 160 g,"1,31 €","2,05 €/Kg"
Pedras empilháveis,Chicco,1 unidade,"16,49 €","16,49 €/Unidade"
10 compressas de gaze,PorSi,20 x 20 cm,"0,59 €","1,18 €/L"
Couve branca,Legumes do Dia,1 un= 1 kg aprox,"1,09 €","1,09 €/Kg"
Cereais fitness,Nestle,Embalagem de 380g,"3,99 €","13,30 €/Kg"
Gelatina melancia 10kcal 31g,Royal,Embalagem de 30g,"0,85 €","5,00 €/Kg"
Batata frita caseira,PorSi,Embalagem de 500g,"0,87 €","5,44 €/Kg"
Cerveja c/ álcool,Super Bock,pack 24 x 0.33 l,"1,99 €/L","1,99 €/L"
Sumo natural de uva preta bio,Cemporcent,Garrafa de 200 ml,"1,79 €","1,79 €/L"
Absorvente de odores marine,Brise,Embalagem de 300 ml,"16,63 €/L","16,63 €/L"
"Chá de mel, limão e ginseng",Tetley,Embalagem de 20g,"1,19 €","59,50 €/Kg"
Café gold colômbia frasco,Nescafe,Embalagem de 100 g,"14,50 €/Kg","14,50 €/Kg"
Cornflakes sem açúcar,Cemporcent,Embalagem de 250g,"0,69 €","1,73 €/Kg"
Fuet extra,PorSi,170 g,"1,14 €","5,70 €/Kg"
Café em cápsulas deqafeitatus,Delta Q,Embalagem de 55 g,"59,82 €/Kg","59,82 €/Kg"
Gronola de aveia chocolate,Nestle,Embalagem de 300g,"3,99 €","13,30 €/Kg"
Café 5 estrelas grão,Sical,Embalagem de 1 kg,"9,16 €/Kg","9,16 €/Kg"
Queijo flamengo sticks 5x20g,PorSi,Embalagem de 100g,"1,96 €","9,80 €/Kg"
Queijo de Cabra Curado Rústico,Palhais,Vendido ao peso a partir de 250 gr,"1,89 €","10,50 €/Kg"
Batata branca para assar,*,Vendido ao peso,"1,79 €","3,58 €/Kg"
Salmão à posta,PorSi,Higienizado Congelado,"4,99 €","4,99 €/Kg"
Cereais chooks,Nacional,Embalagem de 300g,"5,07 €/Kg","5,07 €/Kg"
Ambientador vela gota frutos vermelhos,Air Wick,Embalagem de 1 unidades,"9,49 €","45,19 €/Kg"
Cereais crunch 375g,Nestle,Embalagem de 380g,"5,07 €/Kg","5,07 €/Kg"
"Hamburguers de vaca, 4x80g",PorSi,Embalagem de 320 g,"2,79 €","8,72 €/Kg"
Ananás em rodelas lata,PorSi,Embalagem de 820g,"1,99 €","2,37 €/Kg"
Princesas do mar,PorSi,Embalagem de 255 g,"2,19 €","8,59 €/Kg"
Creme autobrilhante castanho,Splendor,40 ml,"2,25 €","45,00 €/L"
Creme fixativo sem sabor,Polident,Embalagem de 2 x 40 g,"9,79 €","122,38 €/Kg"
Rolo de Cozinha Branco Eco Compacto,PorSi,2 = 6 Rolos,"4,99 €","4,99 €/Unidade"
Snack de chocolate,Lion,Embalagem de 130g,"11,00 €/Kg","11,00 €/Kg"
Lava Tudo Brilhante Floral,Sonasol,"embalagem 1,1L","0,99 €","0,50 €/L"
Máscara tesouros de mel,Garnier,Embalagem de 300 ml,"1,00 €","5,00 €/L"
Barras cereais chocapic,Nestle,Embalagem de 150g,"3,29 €","21,93 €/Kg"
Maionese top down,Hellmman's,Embalagem de 238 g,"0,87 €","2,90 €/Kg"
Croissant simples,PorSi,Embalagem de 400g,"2,05 €","5,13 €/Kg"
Croissant recheado de cacau/avelã,PorSi,Embalagem de 315g,"2,05 €","5,13 €/Kg"
Espumante Bruto,Gancia,"Garrafa de 0,75 l","40,99 €","54,65 €/L"
5 manhãzitos choco chips,Manhazitos,Embalagem de 175 g,"2,59 €","7,40 €/Kg"
Gelatina de frutos tropicais,PorSi,Embalagem 2X85G,"0,85 €","5,00 €/Kg"
Prince biscuit-sandwich chocolate chocolate r,PRINCE,Embalagem de 300g,"2,15 €","2,87 €/Kg"
Tira nódoas em spray cores,Neoblanc,Embalagem de 700 ml,"10,99 €","52,33 €/Kg"
Amendoins Torrados,Nuts Original,Embalagem de 130 g,"1,79 €","3,58 €/Kg"
Infusão cavalinha,Cemporcent,Embalagem de 10 unidades,"0,99 €","76,15 €/Kg"
Aperitivo de anis,Ricard,Garrafa de 700 ml,"22,49 €","32,13 €/L"
Queijo curado de cabra,Seia,Embalagem de 250g,"1,89 €","10,50 €/Kg"
My Fuzzy Friends com Luz e Som,Little Live Pets,1 unidade,"14,99 €","14,99 €/Unidade"
Lasanha à bolonhesa,PorSi,Embalagem de 1 kg,"3,99 €","3,99 €/Kg"
Maçã Jonagored 70/75,Programa Origens,1 un = 150 gr (aprox.),"1,29 €/Kg","1,29 €/Kg"
Carro sensorial,Baby Clementoni,1 unidade,"14,99 €/Unidade","14,99 €/Unidade"
Café solúvel gold,PorSi Select,Embalagem 100G,"14,50 €/Kg","14,50 €/Kg"
Queijo ilha ralado,PorSi,Embalagem de 200g,"1,49 €","7,45 €/Kg"
Balões latex verde,PorSi,Embalagem com 24 unidades,"0,69 €","0,69 €/Unidade"
Alimento lácteo alperce +6 meses,Yogolino,Embalagem de 4 x 100 g,"2,89 €","7,23 €/Kg"
Resguardo para mesa,PorSi,Dim.: 140 x 200 cm,"12,00 €/Unidade","12,00 €/Unidade"
Leite de pastagem uht meio gordo,Milhafre,1 litro,"0,83 €","0,83 €/L"
Gelatina mirtilo 10kcal 31g,Royal,Embalagem de 30g,"0,85 €","5,00 €/Kg"
Gel de Banho Shea Butter & Vanilla,Dove,Embalagem de 750 ml,"6,39 €/L","6,39 €/L"
"Pasta de arquivo, lombada larga, verde",Domédia,1 unidade,"3,29 €","3,29 €/Unidade"
Queijo mistura de tapadas santo antónio,Herdade da maia,Embalagem de 220 g,"5,99 €","23,96 €/Kg"
Queijo flamengo fatiado,PorSi,Embalagem de 200G,"1,96 €","9,80 €/Kg"
Coco ralado bio,PorSi Bio,Embalagem de 200 g,"1,39 €","9,27 €/Kg"
Tablete de chocolate leite com avelã,PorSi Select,200 g,"6,50 €/Kg","6,50 €/Kg"
Anti-embaciante,PorSi,Embalagem de 250 ml,"3,99 €","0,80 €/L"
Espumante tinto bruto,Alianca,Garrafa de 750 ml,"8,49 €","11,32 €/L"
Bolachas de manteiga,PorSi,Embalagem de 200 g,"1,69 €","6,76 €/Kg"
Azeitona Preta Extra,PorSi,1 un = 100 gr (aprox.),"0,44 €","4,39 €/Kg"
Batata pré-frita palito,PorSi,"Embalagem de 2,5 kg","1,39 €","1,39 €/Kg"
Gel Banho Care&Orange,Nivea,Embalagem de 500 ml,"6,39 €/L","6,39 €/L"
Pérolas de perfume unstoppables fresh,Lenor,Embalagem de 210g,"10,99 €","52,33 €/Kg"
Feijão catarino,Legumes secos,1 un = 100 gr. (aprox.),"0,26 €","2,59 €/Kg"
Ice tea de limão,PorSi,Embalagem de 2 l,"1,14 €","0,76 €/L"
Limpa vidros,Mistolin,Garrafa de 750 ml,"3,19 €","6,38 €/L"
Infusão de camomila,Tetley,Embalagem de 10g,"0,99 €","76,15 €/Kg"
Vinagre de vinho branco envelhecido,PorSi,Garrafa 250ML,"0,35 €","0,70 €/L"
"Bloco sanitário power 5, ocean",Domestos,Embalagem de 1 unidades,"2,99 €","74,75 €/Kg"
Barras fitness com chocolate,Nestle,Embalagem de 140g,"3,99 €","13,30 €/Kg"
Delta chicória + cafe soluvel lata,Delta,Embalagem de 250g,"14,50 €/Kg","14,50 €/Kg"
Sumo 100% ananás e uva,PorSi,1.5 l,"1,09 €","0,73 €/L"
Batata doce para fritar,PorSi,Embalagem de 600g,"1,39 €","1,39 €/Kg"
Pizza carbonara,Campofrio,Embalagem de 360g,"0,99 €","4,30 €/Kg"
Tagliatelle a carbonara 350g,Tuttipasta,Embalagem de 350G,"2,16 €","6,17 €/Kg"
Tomate pedaços biológico,Guloso,Embalagem de 390g,"3,84 €","24,00 €/Kg"
Gomas spaghetti pica morango,Haribo,Embalagem de 80g,"0,99 €","9,90 €/Kg"
Papel higiénico 2 folhas,PorSi,32 rolos,"1,99 €","1,99 €/Unidade"
Bife da Alcatra,Novilho,1 un = 250 gr (aprox.),"3,29 €","8,23 €/Kg"
Água mineral sem gás,Fastio,"Garrafa de 2,5 l","1,04 €","0,17 €/L"
Esferográfica cristal bl 5 az,Bic,1 unidade,"2,69 €","2,69 €/Unidade"
Escova de Dentes Júnior,Aquafresh,1 unidade,"0,99 €","0,99 €/Unidade"
Ecobag 30 L perfumado limão,Vileda,1 embalagem,"1,89 €","1,89 €/Unidade"
Doce de framboesa,ST.DALFOUR,Frasco de 284g,"2,19 €","9,95 €/Kg"
Azeite virgem extra seleção,PorSi,Garrafa de 750 ml,"3,29 €","4,39 €/L"
Iogurte proteína stracciatella,Lindahls,Embalagem de 150 g,"5,97 €/Kg","5,97 €/Kg"
Adoçante em pó,PorSi,250 saquetas,"1,99 €","199,00 €/Kg"
Bebida arroz bio,PorSi Bio,Embalagem de 1 litro,"1,59 €","1,59 €/L"
Bolachas digestive muesli,Gullon,Embalagem de 370g,"1,45 €","11,15 €/Kg"
Feijão preto,PorSi,Embalagem de 500g,"0,95 €","1,90 €/Kg"
Queijo ilha ralado,Valformoso,Embalagem de 150g,"1,49 €","7,45 €/Kg"
Máquina de barbear descartável,Gillette,Embalagem com 4+1 unidades,"1,16 €","4,64 €/L"
Presunto S/Osso,Pata branca,"Vendido ao peso, fatiado a partir de 200 g","1,27 €","12,69 €/Kg"
Bolacha cracker integral,Cuetara,Embalagem de 200g,"0,39 €","3,12 €/Kg"
Bolachas de água e sal,PorSi,Embalagem de 125g,"0,39 €","3,12 €/Kg"
Atum posta em óleo,Vasco da Gama,Embalagem de 120 g,"0,89 €","7,42 €/Kg"
Fatia de salame de chocolate,PorSi,Embalagem 60G,"2,05 €","5,13 €/Kg"
Gressinos com azeitonas pretas,PorSi,Embalagem de 250g,"2,39 €","6,83 €/Kg"
Pensos peles sensíveis XL,PorSi,5 unidades,"0,59 €","1,18 €/L"
Ravioli com tomate,Claude Léger,Embalagem 300G,"2,35 €","5,60 €/Kg"
Bloco sanitário blue activ higiene,Sonasol,Embalagem de 50 g,"2,99 €","74,75 €/Kg"
Moscatel de setúbal,Adega de Palmela,Garrafa de 750 ml,"5,99 €","7,99 €/L"
Croutons azeite e alho,PorSi,Embalagem de 150g,"2,39 €","6,83 €/Kg"
Fiambre da Perna Extra,Nobre,1 un = 150 gr (aprox.),"0,97 €","6,49 €/Kg"
Bebida Energética Red Grape,Hell,250 ml,"1,60 €","3,20 €/L"
Farinha s/ fermento tipo 65,ESPIGA,Embalagem de 1 kg,"0,85 €","0,85 €/Kg"
Guardanapos brancos folha tripla 33x33 cm,PorSi,70 unidades,"1,29 €","1,29 €/Unidade"
Creme de amendoim cremoso 340g,Skippy,Embalagem de 340g,"8,13 €/Kg","8,13 €/Kg"
Chocolate single,Twix,Embalagem de 50g,"11,00 €/Kg","11,00 €/Kg"
Lula limpa,Pescanova,Embalagem de 450g,"3,99 €","9,98 €/Kg"
Iogurte líquido dan'up morango e banana,Danone,Embalagem de 4 x 155 g,"1,31 €","2,05 €/Kg"
Vinho do porto lbv 2004,Cruz,Garrafa de 0.75 l,"10,99 €","14,65 €/L"
Bolachas maria,PorSi,Embalagem de 200g,"2,11 €/Kg","2,11 €/Kg"
"Snack  de chocolate, pack de 3 unidades",Mars,Embalagem de 3x45 g,"11,00 €/Kg","11,00 €/Kg"
Água s/ Gás,Serra de Fafe,Garrafa 6L,"1,04 €","0,17 €/L"
Café solúvel descafeinado,PorSi,Embalagem de 100G,"14,50 €/Kg","14,50 €/Kg"
Pudim morango,Boca Doce,Embalagem de 20g,"0,59 €","29,50 €/Kg"
Leite 0% lactose magro,Mimosa,Garrafa de 1 l,"1,29 €","1,29 €/L"
Chocolate negro 85 % cacau,Cemporcent,Embalagem de 100g,"2,14 €","21,40 €/Kg"
Infusão melhores digestões,Cemporcent,Embalagem de 10 unidades,"0,99 €","76,15 €/Kg"
Queijo flamengo fatias light,PorSi,Embalagem de 200g,"1,96 €","9,80 €/Kg"
Refresco em pó de morango,Tang,Embalagem de 30g,"0,75 €","18,75 €/Kg"
Limpa móveis multissuperfícies,PorSi,Frasco de 300ml,"4,39 €","14,63 €/L"
Chocolate chunky,Kit kat,Embalagem de 160g,"11,00 €/Kg","11,00 €/Kg"
Batata frita lisas originais,Lay's,Embalagem de 160g,"1,01 €","5,46 €/Kg"
Feijão catarino,PorSi,Embalagem 500G,"0,95 €","1,90 €/Kg"
Folhado Misto 90 g,Pastelaria do Dia,,"0,65 €","0,65 €/Unidade"
Feijoada,PorSi,Embalagem de 420 g,"2,35 €","5,60 €/Kg"
Queijo emmental ralado,PorSi Select,Embalagem de 200g,"1,49 €","7,45 €/Kg"
Pá do Lixo C/ Cabo,PorSi,1 un.,"2,99 €","2,99 €/Unidade"
Caldo de galinha,PorSi,24 cubos,"3,84 €","24,00 €/Kg"
Cheeseburger de frango,Snock,Embalagem de 100 g,"3,39 €","21,19 €/Kg"
Espumante cava bruto,Freixenet,pack 3 x 200 ml,"11,99 €","11,99 €/L"
Snack chocolate leite,Kit kat,Embalagem de 125g,"11,00 €/Kg","11,00 €/Kg"
Chocolate maxi 6 barritas,Kinder,Embalagem de 130g,"2,29 €","17,62 €/Kg"
Creme Corpo Goodness,Dove,Embalagem de 300 ml,"12,48 €/L","12,48 €/L"
"Bolachas relieve, mel e coco",PorSi,Embalagem de 700g,"2,98 €","9,93 €/Kg"
Argolas do mar,Pescanova,Embalagem de 400g,"7,99 €","9,99 €/Kg"
5 rissóis de leitão,PorSi,Embalagem de 400g,"1,79 €","7,16 €/Kg"
Mousse chocolate branco,Alsa,Embalagem de 133g,"0,79 €","5,27 €/Kg"
"As minhas primeiras receitas - refeição batata, abób...",Nestle,Embalagem de 190g,"2,19 €","11,53 €/Kg"
Champô cacau&côco,Ultra Suave,Embalagem de 400 ml,"5,59 €","13,98 €/L"
Cereais chocapic,Nestle,Embalagem de 375 g,"5,07 €/Kg","5,07 €/Kg"
Néctar biológico de maçã,Paquito,"Embalagem de 1,5 l","1,59 €","1,59 €/L"
Vinagre de fruta,PorSi,Embalagem de 500 ml,"0,35 €","0,70 €/L"
Infusão nº 10 colestrol,Cemporcent,Embalagem de 10 unidades,"0,99 €","76,15 €/Kg"
Batata pré-frita palitos finos,PorSi,Embalagem de 2.5 kg,"1,39 €","1,39 €/Kg"
Pastilha Elástica Bottle Morango,Trident,Embalagem de 82 g,"0,89 €","59,33 €/Kg"
Água mineral natural alcalina,MONCHIQUE,1.5 l,"1,04 €","0,17 €/L"
6 argolas com cobertura glace,PorSi,Embalagem de 252g,"11,00 €/Kg","11,00 €/Kg"
Tablete de chocolate de leite com amêndoas,PorSi,100 g,"6,50 €/Kg","6,50 €/Kg"
Sangria pet,Don Simon,"Garrafa de 1,5 l","2,39 €","1,59 €/L"
Tostas de trigo,PorSi,Embalagem 225G,"2,39 €","6,83 €/Kg"
Lixívia para roupa delicada,Neoblanc,Embalagem de 1 l,"2,19 €","1,10 €/L"
"Cera de depilação oriental, pote",Labell,Embalagem de 250 ml,"6,99 €","6,99 €/Unidade"
Camarao vannamei 40/48,Pescanova,Embalagem de 800G,"8,99 €","25,69 €/Kg"
Leite de coco bio,PorSi Bio,400 ml,"3,65 €","7,30 €/Kg"
Pringles sour cream & onion,Pringles,Embalagem de 175g,"1,18 €","6,38 €/Kg"
Licor de anis,On Off,"Garrafa de 0,70 l","16,99 €","24,27 €/L"
Cápsulas de café com leite cappuccino,Nescafe,Embalagem com 16 cápsulas,"3,19 €","25,52 €/Kg"
Ultra magnésio +b6,PLANTANATU,Embalagem de 1 unidades,"7,59 €","126,50 €/Kg"
Dentífrico sensibilidade e gengivas,Sensodyne,Embalagem de 75 ml,"2,39 €","31,87 €/L"
Atum em azeite,Ramirez,Embalagem de 120g,"0,89 €","7,42 €/Kg"
Chá preguiça intestinal,PLANTANATU,Embalagem de 10 unidades,"1,25 €","1,25 €/Unidade"
Iogurte activia cremoso coco,Danone,Embalagem de 4 x 120 g,"1,49 €","2,98 €/Kg"
Polpa de manga,Koala,Embalagem de 450g,"4,19 €","7,35 €/Kg"
Gel pure 3 em 1,Garnier,Embalagem de 150 ml,"2,99 €","59,80 €/L"
Ambientador recarga bouquet,Air Wick,Garrafa de 250 ml,"11,98 €","11,98 €/Unidade"
Batata frita forno originais,Lay's,Embalagem de 150g,"0,87 €","5,44 €/Kg"
"Salsichas hot dog, frasco",Izidoro,Embalagem de 240g,"0,75 €","3,75 €/Kg"
Refrigerante  c/ gás regular,Coca-Cola,pack 4 x 1 l,"0,79 €","0,40 €/L"
Spray calcário e sujidade,Cillitbang,Garrafa de 500 ml,"1,29 €","0,86 €/L"
Ambientador vela odor tabaco,PorSi,1 unidade,"9,49 €","45,19 €/Kg"
Tablete chocolate branco,PorSi,Embalagem de 100g,"0,99 €","9,90 €/Kg"
Bebida láctea crescimento 3 anos+,Nestle,Embalagem de 1 litro,"0,26 €","1,30 €/L"
Esponja brilho preto,Búfalo,1 embalagem,"2,25 €","45,00 €/L"
Bebida láctea crescimento 1 a 3 anos,Nestle,Embalagem de 1 litro,"0,26 €","1,30 €/L"
Lava tudo madeiras,Cif,1.1 L,"4,39 €","14,63 €/L"
Creme vegetal para barrar de chocolate,Tulicreme,Embalagem de 200g,"8,13 €/Kg","8,13 €/Kg"
Bolachas bio de chocolate chips organic,Gullón,250 g,"3,65 €","7,30 €/Kg"
Açúcar fino,Rar,Embalagem de 1000 g,"1,49 €","1,49 €/Kg"
Chocolate culinário 70% cacau,Nestle,Embalagem de 170 g,"1,04 €","8,32 €/Kg"
"Ambientador automático, fresh matic, oasis turquesa",Air Wick,Embalagem de 1 unidades,"3,74 €","3,74 €/Unidade"
Patê de marisco,Fides,Embalagem de 90g,"1,19 €","13,52 €/Kg"
Coleira em nylon p/ cão  repelente 60cm,Repul' 7,Embalagem de 1 unidades,"7,99 €","7,99 €/Unidade"
Leite especial crescimento +3 anos,Mimosa,Garrafa de 1 l,"0,26 €","1,30 €/L"
Sal marinho integral,Cemporcent,Embalagem de 1 kg,"11,99 €","29,98 €/Kg"
Lion barra cereais  25g,Nestle,Embalagem de 150g,"3,29 €","21,93 €/Kg"
Caixa de médico,Vicam,31 peças,"14,99 €","14,99 €/Unidade"
Aveia natural,Quaker,Embalagem de 500g,"2,99 €","7,97 €/Kg"
"Papel higiénico compacto, folha dupla",Renova,4 = 12 rolos,"1,99 €","1,99 €/Unidade"
8 salsichas aves,PorSi,Embalagem de 200 g,"0,75 €","3,75 €/Kg"
Cocktail pessego,Bar Royal,Garrafa de 750 ml,"11,99 €","11,99 €/L"
Mel rosmaninho 500g,SERRAMEL,Embalagem de 500G,"2,25 €","9,00 €/Kg"
"Vela em número, nº 3",PorSi,1 unidade,"0,60 €","0,60 €/Unidade"
Batido de chocolate,Forma+,Embalagem de 700g,"1,99 €","45,23 €/Kg"
"Bloco perfumado para maquina de loiça, limão",Sun,Embalagem de 1 unidades,"1,49 €","5,96 €/L"
Moinho 5 pimentas em grão,PorSi,Frasco com 40 g,"0,25 €","0,25 €/Kg"
Palmiers,PorSi,Embalagem de 300 g,"1,69 €","6,76 €/Kg"
Chá fresh verde e pêssego,Cemporcent,Embalagem de 18g,"1,19 €","59,50 €/Kg"
"Vinho tinto doc dão, reserva",Cabriz,Garrafa de 0.75 l,"3,99 €","5,32 €/L"
Gomas cinema mix,Fini,Embalagem 100G,"0,99 €","9,90 €/Kg"
"Postas pescada nº3, para fritar",PorSi,Embalagem de 600 g,"3,99 €","9,98 €/Kg"
Molho de soja com dispenser,KIKKOMAN,Garrafa de 150 ml,"3,99 €","26,60 €/L"
Ovos galinha solo m,PorSi,6 ovos,"1,59 €","1,59 €/Unidade"
Canetas de Feltro Lavavel Kids - 14 +4,Bic,Uma embalagem,"4,69 €","4,69 €/Unidade"
Gengibre,Legumes do Dia,1 un = 100 gr (aprox.),"0,47 €","4,69 €/Kg"
Ambientador automático lavanda,PorSi,250 ml,"0,99 €","3,30 €/L"
Rolo de Cozinha Multi,Renova,4 Rolos,"4,99 €","4,99 €/Unidade"
Preparado pato desfiado,PorSi,Embalagem de 400g,"3,99 €","3,99 €/Kg"
Bacalhau desfiado,PorSi,Embalagem de 500g,"6,39 €","7,99 €/Kg"
Creme marisco,Knorr,Embalagem de 70g,"0,62 €","10,00 €/Kg"
Aguardente bagaceira,S.domingos,Garrafa de 1 l,"12,79 €","18,27 €/L"
Eau de Toilette p/Senhora Nº9,Caravan,1 Frasco 150ml,"11,99 €","79,93 €/L"
Polvo limpo,PorSi,Embalagem de 800 g,"7,99 €","9,99 €/Kg"
Gel wc anti-calcário,Harpic,Garrafa de 750 ml,"1,79 €","2,39 €/L"
Pilha alcalina classic lr6x4,Domédia,1 unidade,"1,49 €","1,49 €/Unidade"
Lixivia perfume fresco,Neoblanc,Embalagem de 2 l,"1,74 €","0,35 €/L"
Açucar granulado,PorSi,Embalagem de 1 kg,"1,49 €","1,49 €/Kg"
Óleo Performa 15W40,Galp,Embalagem de 1 l,"14,99 €","14,99 €/L"
Farinheira do fundão,PorSi,Embalagem de 250g,"1,49 €","7,45 €/Kg"
Gelatina de manga,Koala,Embalagem de 130g,"0,85 €","2,13 €/Kg"
Empadão de carne,PorSi,Embalagem de 1 kg,"3,99 €","9,98 €/Kg"
Creme Depilatório Peles Normais,Veet,Embalagem de 200 ml,"10,99 €","73,27 €/L"
"Saca rolhas a pilhas, preto/inox",Anilar,1 unidade,"11,99 €","11,99 €/Unidade"
Café Descafeinado,Nescafe,Embalagem de 100g,"1,59 €","6,36 €/Kg"
Malinha Berçário,Baby Nurse Smoby,1 unidade,"14,99 €/Unidade","14,99 €/Unidade"
Cacetinho de Trigo,Pão do Dia,80 g,"0,19 €","2,38 €/Kg"
Biscoitos choco trio,Milka,Embalagem de 150g,"0,69 €","4,60 €/Kg"
Salsichas de porco em lata,PorSi,Embalagem de 200g,"0,75 €","3,75 €/Kg"
Queijo curado -30% gordura,Casteloes,500 g,"6,49 €","25,45 €/Kg"
Cubos de tamboril,Mar Ibérica,Embalagem de 250 g,"3,99 €","9,98 €/Kg"
80 filtros nº4 com saquetas antitártaro,Planteur,Uma embalagem com 80 unidades,"0,80 €","0,80 €/Unidade"
Mistura Asiática,PorSi,400 g,"1,98 €","1,98 €/Kg"
Mistura com 20% café torrada moída,PorSi,Embalagem de 250g,"0,79 €","3,16 €/Kg"
Rum 3 anos havan club (40º),Havana,Garrafa de 700 ml,"17,49 €","24,99 €/L"
Açúcar branco em saquetas,Rar,Embalagem com 170 saquetas,"1,49 €","1,49 €/Kg"
Inseticida elétrico melgas e mosquitos,Dum Dum,1 unidade = 45 noites,"7,69 €","7,69 €/Unidade"
Pastéis de nata,PorSi,Embalagem de 6x60 g,"2,57 €","7,79 €/Kg"
Sopa de cebola,Knorr,Embalagem de 50g,"0,62 €","10,00 €/Kg"
Mel em frasco com doseador,PorSi,Embalagem de 500g,"2,25 €","9,00 €/Kg"
Bebida de Arroz,PorSi Viva Bem,1 l,"1,59 €","1,59 €/L"
Creme abrasivo de limão,PorSi,Embalagem de 750 ml,"1,09 €","1,09 €/L"
Leite condensado magro cozido,Nestle,Embalagem de 390g,"1,09 €","2,75 €/Kg"
Nata uht 0% lactose,Parmalat,Embalagem de 200 ml,"0,75 €","3,75 €/L"
Frango inteiro com miúdos,PorSi,Embalagem com 1.4 kg (aprox.),"1,05 €","2,99 €/Kg"
Cerveja c/ álcool,Super Bock,pack 24 x 0.20 l,"1,99 €/L","1,99 €/L"
Café Moagem Universal do Brasil,PorSi,Embalagem de 220g,"9,16 €/Kg","9,16 €/Kg"
"Maionese, frasco",Hellmman's,Embalagem de 210g,"0,87 €","2,90 €/Kg"
Mousse chocolate,PorSi,Embalagem de 150g,"0,79 €","5,27 €/Kg"
"Escova de dentes macia, 7-13 anos",Labell,1 unidade,"0,99 €","0,99 €/Unidade"
Anti-Traça Cedro,Dum Dum,2 unidades,"5,99 €","176,18 €/Kg"
Óleo de girassol,PorSi,garrafa de 1 litro,"3,39 €","3,39 €/L"
Manteiga c/sal,Terra Nostra,Embalagem de 250g,"1,89 €","7,56 €/Kg"
Gelatina ananás 10kcal,Royal,Embalagem de 30g,"0,85 €","5,00 €/Kg"
Spray recarga limpeza da casa de banho,Cif,embalagem de 70 ml,"4,09 €","5,45 €/L"
Espremedor,PorSi,1 unidade,"0,89 €","0,89 €/Unidade"
Iogurte natural sem lactose,PorSi Viva Bem,4 x 125 g,"0,99 €","1,98 €/Kg"
Miolo de amêndoa sem pele inteira,PorSi,200 g,"1,79 €","3,58 €/Kg"
Spray 3 em 1 pet expert,Vanish,500 ml,"1,79 €","2,39 €/L"
Feijão manteiga,PorSi,Frasco com 540 g,"2,19 €","2,81 €/Kg"
"Coloração permanente, preto natural, nº3",Excellence,1 unidade,"11,99 €","11,99 €/Unidade"
Vinho doc dão branco,Grao vasco,Garrafa de 750 ml,"3,99 €","5,32 €/L"
Ambientador para a máquina da loiça de lima e limão,Finish,1 un.,"1,49 €","5,96 €/L"
"Máquina depilatória descartável, 2beauty, 5 unidades",Wilkinson,1 embalagem,"3,29 €","3,29 €/Unidade"
Creme calçado preto,PorSi,50 ml,"0,99 €","19,80 €/L"
Chocolate sombrinhas,Regina,Embalagem de 15 g,"2,29 €","17,62 €/Kg"
Kit de viagem,Colgate,pasta dentífrica + escova,"2,39 €","31,87 €/L"
Café torrado intensa,Nicola,Embalagem de 250 g,"9,16 €/Kg","9,16 €/Kg"
Esfregona super completa,Vileda,1 unidade,"0,89 €","0,89 €/Unidade"
Pilha alcalina heightech lr6x4,Domédia,1 unidade,"1,49 €","1,49 €/Unidade"
Tablete de chocolate negro,PorSi,Embalagem de 100 g,"0,99 €","4,95 €/Kg"
"Lava tudo antibacteriano lavanda 1,5l",PorSi,Garrafa de 1.5 l,"0,99 €","0,50 €/L"
Farinheira das beiras,PorSi,1 unidade = 730 g (aprox.),"1,49 €","7,45 €/Kg"
Café solúvel c/ cafeína,PorSi,Embalagem de 100g,"14,50 €/Kg","14,50 €/Kg"
Guardanapos Red Label 1 folha |Fúcsia,Renova,Dim: 30x32cm |70 unidades,"1,29 €","1,29 €/Unidade"
Estendal de roupa com abas alumínio,PorSi,20 metros,"0,89 €","0,89 €/Unidade"
Recargas ambientador elétrico romantic vanilla bloss...,Glade,Embalagem de 2 x 20 ml,"11,98 €","11,98 €/Unidade"
Pensos Higiênicos com Abas Super,Ausonia,embalagem com 12 un.,"2,59 €","2,59 €/Unidade"
Azeite virgem extra seleção,PorSi,Garrafa de 2 l,"3,29 €","4,39 €/L"
"Café em grão, lote superior",Delta,Embalagem de 1 kg,"9,16 €/Kg","9,16 €/Kg"
"Engoma fácil, pistola",PorSi,Embalagem de 750 ml,"10,99 €","52,33 €/Kg"
Cappuccino café arábica cacau magro em pó,PorSi,250 ml,"3,19 €","25,52 €/Kg"
Água mineral sem gás,S.estrela,pack 4 x 1.5 l,"1,04 €","0,17 €/L"
Polpa de tomate,PorSi,Embalagem de 500 g,"3,84 €","24,00 €/Kg"
Acetona,PorSi,Embalagem de 60 ml,"1,89 €","9,45 €/L"
Chocolate mini,Kit kat,Embalagem de 200g,"11,00 €/Kg","11,00 €/Kg"
Molho de whisky cocktail,Calve,Garrafa de 250 ml,"0,87 €","2,90 €/Kg"
Café em cápsulas aqtivus,Delta Q,Embalagem de 55 g,"59,82 €/Kg","59,82 €/Kg"
Café torrado lote chávena máquina,Delta,Embalagem de 250g,"9,16 €/Kg","9,16 €/Kg"
Sobremesa Paturette Creamy Chocolate,Páturages,Embalagem de 4X115G,"1,19 €","2,59 €/Kg"
Iogurte fruta batida banana/laranja/bolacha,Mimosa,Embalagem de 480g,"1,49 €","2,98 €/Kg"
Esoumante prosecco branco,Gancia,Garrafa de 750 ml,"40,99 €","54,65 €/L"
Palitos redondos,PorSi,Embalagem de 250 unidades,"1,15 €","1,15 €/Unidade"
Chouriço fatiado,Campofrio,Embalagem de 80g,"1,14 €","5,70 €/Kg"
Elixir bocal dentes e gengivas,Listerine,Embalagem de 1 l,"5,99 €","11,98 €/L"
Iogurte liquido proteína yopro morango/framboesa,Yopro,300 g,"5,97 €/Kg","5,97 €/Kg"
Rebuçados mel e limão,PorSi,Embalagem de 200g,"0,77 €","3,85 €/Kg"
Arroz Carolino,Saludães,Embalagem de 1 kg,"1,26 €","1,26 €/Kg"
Farinha para bolos super fina,B.neve,Embalagem de 1 kg,"0,85 €","0,85 €/Kg"
Leite especial cálcio + vitamina d magro,Mimosa,Garrafa de 1 l,"1,29 €","1,29 €/L"
Fermento em pó,PorSi,Embalagem de 150 g,"1,89 €","17,18 €/Kg"
Whisky 15 anos c/caixa,J&B,Garrafa de 700 ml,"23,99 €","34,27 €/L"
Baton blackberry shine,Labello,1 un.,"9,19 €","183,80 €/L"
Mojito,Bacardi,Garrafa de 0.70 l,"17,49 €","24,99 €/L"
Inseticida elétrico,Raid,2 Aparelhos + 2 Recargas de 27 ml | 45 Noites + 45 Noites,"7,69 €","7,69 €/Unidade"
Feijão preto cozido,PorSi,Embalagem de 820g,"2,19 €","2,81 €/Kg"
Requeijão Ovelha,Saloio,170 g,"2,44 €","11,30 €/Kg"
"Maionese, frasco",Hellmman's,Embalagem de 420g,"0,87 €","2,90 €/Kg"
Pastilhas ice spearmint,CHICLETS,Embalagem de 17 g,"0,89 €","59,33 €/Kg"
Água com gás natural,Perrier,Embalagem de 750ml,"2,85 €","2,85 €/L"
12 vitaminas e 12 minerais - frasco comprimido,Forma+,Embalagem de 60g,"7,59 €","126,50 €/Kg"
Caramelos de fruta,Penha,Embalagem de 250 g,"1,19 €","4,76 €/Kg"
Polpa de tomate em garrafa,Compal,Embalagem de 500g,"3,84 €","24,00 €/Kg"
Esparguete Clássica,Nacional,Embalagem de 500 g,"0,99 €","1,98 €/Kg"
Infusão nº 13 diabet control,Cemporcent,Embalagem de 10 unidades,"0,99 €","76,15 €/Kg"
Bolachas infantil dinossauros,Artiach,Embalagem de 190g,"1,89 €","15,75 €/Kg"
Mousse de chocolate leite,Páturages,Embalagem de 4x60 g,"1,19 €","2,59 €/Kg"
Limpa máquinas de loiça limão,PorSi,Embalagem de 250 ml,"1,49 €","5,96 €/L"
Spray fornos e grelhadores,Cif,435 ml,"1,79 €","2,39 €/L"
Ambientador eléctrico Relaxing Zen + recarga,Glade,1 unidade,"3,74 €","3,74 €/Unidade"
Renovador Camurça em Spray Preto,Búfalo,Embalagem de 250 ml,"6,19 €","24,76 €/L"
Nata uht para culinária,Parmalat,Embalagem de 200 ml,"0,75 €","3,75 €/L"
Rolos de papel multiusos 2 folhas,PorSi,1 unidade,"4,99 €","4,99 €/Unidade"
Ambientador vela fresh berries,Glade,1 unidade com 129 g,"9,49 €","45,19 €/Kg"
Spray optimal 7 com lixivia,Ajax,Embalagem de 500 ml,"1,79 €","2,39 €/L"
"Linguíca, 4 unidades",PorSi,Embalagem de 180 g,"1,14 €","5,70 €/Kg"
Sacos cubos de gelo,PorSi,Embalagem com 15 unidades,"1,11 €","1,11 €/Unidade"
Esponja Autobrilhante Incolor,Búfalo,Unidade,"2,25 €","45,00 €/L"
Hambúrgueres de peru,PorSi,Embalagem de 4x80g,"2,79 €","8,72 €/Kg"
Desodorizante roll on dermo invisible,Sanex,Embalagem de 50 ml,"4,69 €","31,27 €/L"
Polpa de tomate com cebola e alho,Compal,Embalagem de 500g,"3,84 €","24,00 €/Kg"
Desumidificador Basic,HUMYDRY,embalagem de 250g,"4,99 €","19,96 €/Kg"
Tarteletes com recheio morango,PorSi,Embalagem de 96g,"0,79 €","4,49 €/Kg"
Bolachas digestivas go maçã,Triunfo,Embalagem de 170g,"1,19 €","5,95 €/Kg"
Moscatel de Setúbal,Bacalhoa,Garrafa de 750 ml,"5,99 €","7,99 €/L"
"Limpa vidros pistola, cristal",Ajax,Embalagem de 500 ml,"3,19 €","6,38 €/L"
Massa esparguete,Milaneza,Embalagem de 500g,"0,99 €","1,98 €/Kg"
"Bloco sanitário, Blue Active Floral",Sonasol,Embalagem de 50 g,"2,99 €","74,75 €/Kg"
Café em grão,Delta,Embalagem de 1 kg,"9,16 €/Kg","9,16 €/Kg"
Restaurador p/ móveis claro,Novycera,Garrafa de 170 ml,"4,39 €","14,63 €/L"
"Frigideira anti-aderente, 20cm",PorSi,1 unidade,"9,99 €","9,99 €/Unidade"
Desodorizante spray energy,Labell Men,Embalagem de 200 ml,"1,39 €","6,95 €/L"
Sacos de congelação pequenos,PorSi,"50 unidades, 1 embalagem","1,11 €","1,11 €/Unidade"
Bolacha dibus sharkies s/ glúten,Gullon,Embalagem de 250g,"2,69 €","20,69 €/Kg"
Bebida de Amêndoa,PorSi Viva Bem,1 litro,"1,79 €","1,79 €/L"
Tablete de chocolate culinário negro,PorSi,Embalagem de 200 g,"0,99 €","4,95 €/Kg"
Chocolate negro 90% cacau bio,Cemporcent,Embalagem de 100g,"2,14 €","21,40 €/Kg"
Vinho rosé mateus emotion,Mateus,Garrafa de 750 ml,"4,29 €","5,72 €/L"
Bandas de cera facial peles normais,Veet,Embalagem de 20 unidades,"6,99 €","6,99 €/Unidade"
Concentrado manga,Sunquick,Garrafa de 580 ml,"3,54 €","3,54 €/L"
Bolacha vida equilíbrio ameixa e fibra,Cemporcent,Embalagem de 140g,"1,45 €","11,15 €/Kg"
Iogurte líquido morango/cereais,PorSi,Embalagem de 4 x 160 g,"1,31 €","2,05 €/Kg"
"Lenços de bolso sensitive, brancos, 10 unidades",Renova,1 embalagem de 18x10,"0,89 €","0,89 €/Unidade"
Mortadela fatiada com azeitonas,PorSi,Embalagem de 200 g,"0,95 €","4,75 €/Kg"
Marmelada com noz,Quinta de Jugais,Embalagem de 500g,"1,09 €","2,42 €/Kg"
20 saquetas infusão de cidreira,Lipton,Embalagem de 20g,"0,99 €","76,15 €/Kg"
Lixivia perfumada,PorSi,Garrafa de 2 l,"2,59 €","1,30 €/L"
Polpa tomate biológico,Guloso,Embalagem de 500g,"3,84 €","24,00 €/Kg"
Caldo de galinha 24 cubos,Knorr,Embalagem de 240g,"3,84 €","24,00 €/Kg"
Sidra maçã,Bandida,Lata de 500 ml,"1,59 €","3,18 €/L"
Laranja Económica,Fruta do Dia,1 un = 250 gr  (aprox.),"0,47 €","1,89 €/Kg"
Ambientador arbre magique côco,Arbre Magique,1 unidade,"3,49 €","3,49 €/Unidade"
Orégãos em folhas,PorSi,Saqueta com 10 g,"0,25 €","0,25 €/Kg"
Paté de atum,PorSi,Embalagem de 65 g,"1,19 €","13,52 €/Kg"
Atum ao natural,Ramirez,Embalagem de 120g,"0,89 €","7,42 €/Kg"
Cocktail de marisco,PorSi,Embalagem de 400 g,"4,99 €","6,24 €/Kg"
Lixívia tradicional,PorSi,Embalagem de 2 l,"1,74 €","0,35 €/L"
Vinho bag-in-box branco,C.alqueva,Garrafa de 5 l,"9,49 €","1,90 €/L"
Néctar 8 frutos,Bongo,Pack 3 x 200 ml,"0,99 €","0,99 €/L"
"Pasta dentífrica, dentes/gensivas sensitive",Labell,Embalagem de 75 ml,"2,39 €","31,87 €/L"
Farinha sem fermento t65,PorSi,Embalagem de 5 kg,"0,85 €","0,85 €/Kg"
Queijo de azeitão dop,PorSi Select,Embalagem de 255 g,"6,49 €","25,45 €/Kg"
Café moagem normal: original,Buondi,Embalagem de 220g,"3,49 €","13,96 €/Kg"
Leite C/ Chocolate,Mimosa,Embalagem de 4 x 200 ml,"0,26 €","1,30 €/L"
Leite uht sem lactose magro,PorSi Viva Bem,1 litro,"0,83 €","0,83 €/L"
Bolachas integrais,PorSi,Embalagem de 200g,"1,19 €","5,95 €/Kg"
Lay's gourmet corte fino,Lay's,Embalagem de 150g,"1,01 €","5,46 €/Kg"
Petit gâteau chocolate negro belga,PorSi,Embalagem com 4 unidades,"2,57 €","7,79 €/Kg"
Detergente liquido loiça limão,PorSi,Garrafa de 1 litro,"1,05 €","2,10 €/L"
Acetona,PorSi,Embalagem de 250 ml,"1,89 €","9,45 €/L"
Vinho maduro branco meio seco,Adega grande,Garrafa de 750 ml,"1,59 €","2,12 €/L"
Molho iogurte,PorSi,Garrafa de 285 ml,"0,87 €","2,90 €/Kg"
Xarope grenadine,Paquito,Garrafa de 750 ml,"3,54 €","3,54 €/L"
Sabonete sensitive,Palmolive,Embalagem de 4x90 g,"1,99 €","12,44 €/Kg"
Tira gorduras recarga,Mistolin,Garrafa de 550 ml,"4,89 €","6,52 €/L"
Cerveja com álcool abadia,Super Bock,pack 6 x 0.33 l,"1,99 €/L","1,99 €/L"
Chá de alcachofra e dente-de-leão,PLANTANATU,Embalagem de 20g,"1,25 €","1,25 €/Unidade"
Tira nódoas roupa em pó oxy white,PorSi,Embalagem de 1 kg,"3,09 €","3,09 €/Kg"
Vinho branco,PorSi,embalagem de 1 litro,"0,85 €","0,85 €/L"
Salsichas Frankfurt em lata,Izidoro,Embalagem de 120g,"0,75 €","3,75 €/Kg"
Máquina Depilatória Descartável Venus 3 Plus Pink,Gillette,6 unidades,"3,29 €","3,29 €/Unidade"
Loção para bebé pink,Johnson's Baby,500 ml,"0,55 €","5,50 €/L"
Ervilhas bio,PorSi Bio,Frasco com 290 g,"2,19 €","2,81 €/Kg"
Bolacha de manteiga belga c/ chocolate,Saborosa,Embalagem de 200g,"1,69 €","6,76 €/Kg"
Batata frita palha,PorSi,Embalagem de 160g,"0,87 €","5,44 €/Kg"
Alimento seco gato salmao 1.5k,Purina One,"Embalagem de 1,5 kg","12,99 €","4,33 €/Kg"
Maçã Fuji 70/75,Fruta do Dia,1 un = 150 gr (aprox.),"1,29 €/Kg","1,29 €/Kg"
Água sem gás,Penacova,Garrafão de 5 litros,"1,04 €","0,17 €/L"
Grelos,Bonduelle,Embalagem de 400 g,"1,98 €","1,98 €/Kg"
Gelatina light manga e laranja,Condi,Embalagem de 2x15 g,"0,85 €","5,00 €/Kg"
Queijo mascarpone,Páturages,Embalagem 250G,"1,89 €","15,12 €/Kg"
Bolachas extra pepitas xl,Ca!,Embalagem de 180g,"2,15 €","2,87 €/Kg"
"Água micelar, peles sensiveis",Corine de Farme,Embalagem de 500 ml,"0,55 €","5,50 €/L"
Lixívia Spray Mousse,Neoblanc,Embalagem de 700ml,"2,59 €","1,30 €/L"
"Sabonete líquido de leite de amêndoas, recarga",Palmolive,Embalagem de 300 ml,"1,19 €","3,97 €/L"
Rúcula Selvagem Programa Origens,PorSi,Embalagem de 100g,"0,99 €","0,99 €/Kg"
Gelatina pronta a comer morango,Royal,Embalagem de 4 x 100 g,"0,85 €","2,13 €/Kg"
Palitos super finos,PorSi,Embalagem de 85 unidades,"1,15 €","1,15 €/Unidade"
Queijo em fatias original,Casteloes,Embalagem de 200g,"1,96 €","9,80 €/Kg"
Queijo de cabra curado,Seia,Embalagem de 430g,"1,89 €","10,50 €/Kg"
Adoçante em pó,Canderel,Embalagem de 90g,"1,99 €","199,00 €/Kg"
Tablete de chocolate de leite com amêndoas - sem açú...,PorSi Viva Bem,Embalagem de 100 g,"6,50 €/Kg","6,50 €/Kg"
Champanhe brut,Pommery,Garrafa de 0.75 l,"40,29 €","53,72 €/L"
Óleo p/ Moto Performa M2T,Galp,Embalagem de 1 l,"14,99 €","14,99 €/L"
Manteiga magra,Mimosa,Embalagem de 250g,"1,89 €","7,56 €/Kg"
Vinho frisante branco,Lapadas,Garrafa de 750 ml,"1,99 €","2,65 €/L"
Tostas dietéticas,Diatosta,Embalagem de 225 g,"1,34 €","5,96 €/Kg"
Cerveja com álcool,Kings Bräu,"Embalagem de 0,33 l","1,99 €/L","1,99 €/L"
Feijão encarnado em frasco,PorSi,frasco de 540 g,"2,19 €","2,81 €/Kg"
"Bebidas leite, caramelo machiatto",STARBUCKS,Embalagem de 220 ml,"2,15 €","9,77 €/L"
Caldeirada de bacalhau,PorSi,Embalagem de 1 kg,"6,39 €","7,99 €/Kg"
Creme para calçado incolor,PorSi,50 ml,"0,99 €","19,80 €/L"
Spray optimal 7 cozinha,Ajax,500 ml,"1,79 €","2,39 €/L"
Leite condensado,PorSi,Lata de 1 kg,"1,09 €","2,75 €/Kg"
Massa de cotovelinhos,Nacional,Embalagem de 500g,"0,99 €","1,98 €/Kg"
Tosta integral de alfarroba,Cemporcent,Embalagem de 250g,"1,34 €","5,96 €/Kg"
Batata frita gourmet,PorSi,Embalagem de 150g,"1,01 €","5,46 €/Kg"
Néctar vital equilibrio laranja/cenoura/manga,Compal,Embalagem de 1 l,"0,99 €","0,99 €/L"
Sumo 100% fresh maçã,Compal,Garrafa de 330 ml,"1,09 €","0,73 €/L"
Couve de bruxelas,PorSi,Embalagem de 750 g,"1,98 €","1,98 €/Kg"
Ambientador spray pure colónia de bebé,PorSi,250 ml,"0,99 €","3,30 €/L"
Recargas ambientador elétrico relaxing zen,Glade,Embalagem de 2 x 20 ml,"11,98 €","11,98 €/Unidade"
Vinho DOC Bairrada Branco,Marquês de Marialva,Garrafa de 0.75 l,"2,49 €","3,32 €/L"
Elixir Anti-Tartaro,Listerine,500 ml,"5,99 €","11,98 €/L"
Vinagre balsâmico modena,Gallo,Garrafa de 500 ml,"0,35 €","0,70 €/L"
Sardinha em tomate picante,PorSi,Embalagem de 120g,"0,89 €","7,42 €/Kg"
Bolacha maria junior doces,Vieira,Embalagem de 280g,"2,11 €/Kg","2,11 €/Kg"
Chá infusão sene,Cemporcent,Embalagem de 13g,"58,44 €/Kg","58,44 €/Kg"
Eau de Toilette p/Senhora Nº21,Caravan,1 Frasco 150ml,"11,99 €","79,93 €/L"
Chourico picante beiras,PorSi,Embalagem de 290g,"1,14 €","5,70 €/Kg"
Toucinho Fumado,PorSi,fatiado a partir de 100 gr,"2,19 €","10,95 €/Kg"
"Aperitivos, amendoins no forno",Matutano,Embalagem de 200g,"1,79 €","3,58 €/Kg"
Tablete de chocolate de culinária - sem açúcar,PorSi Viva Bem,Embalagem de 100 g,"1,04 €","8,32 €/Kg"
Bolachas vitalday recheio avelã,Gullon,Embalagem de 220g,"2,98 €","9,93 €/Kg"
"Agrafos nº24/6, 2000 unidades",Maped,Uma embalagem,"3,07 €","146,19 €/Kg"
Napolitanas creme cacau,PorSi,Embalagem de 320g,"1,77 €","5,53 €/Kg"
Café moagem universal brasil,Delta,Embalagem de 220g,"3,49 €","13,96 €/Kg"
Bolachas multicereais,PorSi,Embalagem de 400 g,"0,79 €","5,27 €/Kg"
Mini tostas de trigo,Diatosta,Embalagem de 350 g,"2,39 €","6,83 €/Kg"
Luva Pele,Itools,1 unidade,"5,99 €","5,99 €/Unidade"
Croquetes vegetais,PorSi Viva Bem,Embalagem de 220g,"3,99 €","11,40 €/Kg"
Limpa vidros,Arbo,embalagem de 500 ml,"3,99 €","0,80 €/L"
Sacos higiénicos para animal,Canaillou,4 x 20 unidades,"1,19 €","0,24 €/Kg"
Pasta dentífrica herbal branqueadora,Colgate,Embalagem de 75 ml,"2,39 €","31,87 €/L"
Comida húmida para cão almôndegas,PorSi,Embalagem de 1200 g,"0,75 €","2,50 €/Kg"
Lambrusco bianco,*,Garrafa de 750 ml,"2,09 €","2,79 €/L"
Café em Cápsulas Dolce Gusto Sical,Nescafé,Embalagem de 3x16 cápsulas,"59,82 €/Kg","59,82 €/Kg"
Grão de bico,PorSi,embalagem de 500 g,"0,99 €","1,98 €/Kg"
Mini tostas trigo super finas,PorSi,Embalagem de 100 g,"2,39 €","6,83 €/Kg"
Lixívia Gel Brisa Marítima,Neoblanc,Embalagem de 700ml,"1,74 €","0,35 €/L"
Biscoito para cão nuggets,Purina One,Embalagem de 90g,"5,58 €/Kg","5,58 €/Kg"
Lixívia densa verde,Neoblanc,Embalagem de 1 l,"1,74 €","0,35 €/L"
Iogurte morango 000%,PorSi Viva Bem,Embalagem de 4 x 125 g,"1,44 €","2,88 €/Kg"
Vodka,ON/OFF,Garrafa 0.70L,"19,79 €","19,79 €/L"
Café solúvel em saquetas,Nescafe,Embalagem de 45 g,"14,50 €/Kg","14,50 €/Kg"
Inseticida líquido elétrico recarga,Raid,Pack 3 x 27 ml,"7,69 €","7,69 €/Unidade"
Tostas integrais,Diatosta,Embalagem de 225 g,"2,39 €","6,83 €/Kg"
Twins,Gullon,pack 2 x 154 g,"0,79 €","4,49 €/Kg"
Salsichas em lata,PorSi,Embalagem  de 120 g,"0,75 €","3,75 €/Kg"
Feijão frade,PorSi,Embalagem de 540g,"2,19 €","2,81 €/Kg"
Sangria frutos vermelhos,Casal Garcia,Garrafa de 0.75 l,"2,39 €","1,59 €/L"
Café Solúvel Black Roast,Nescafe,Embalagem de 200g,"14,50 €/Kg","14,50 €/Kg"
Preparado para baba de camelo,Micau,Embalagem de 110g,"0,79 €","5,27 €/Kg"
Água s/ gás,Luso,"Garrafa de 0,75 l","1,04 €","0,17 €/L"
Bolachas chiquilin,Artiach,Embalagem de 180g,"1,69 €","6,76 €/Kg"
Cerveja com álcool,Sagres,Garrafa de 1 l,"1,99 €/L","1,99 €/L"
Detergente líquido manual loiça lavanda e alecrim,Fairy,Embalagem de 650 ml,"1,05 €","2,10 €/L"
"Líquido refrigerante, verde 10%",PorSi,Embalagem de 5 l,"3,99 €","0,80 €/L"
Gel de Banho Corpo e Cabelo Hidratante,Baby Dove,Embalagem de 400 ml,"4,39 €","21,95 €/L"
Compal da horta concentrado tomate,Compal,Embalagem de 140g,"3,84 €","24,00 €/Kg"
Fruta para bebé maçã banana morango +8 meses,Nestle,Embalagem de 90g,"0,74 €","8,22 €/Kg"
Desinfetante Multiusos,Sanytol,Embalagem de 750 ml,"4,89 €","6,52 €/L"
Vinho verde branco,Presidente,Garrafa de 0.75 l,"3,09 €","3,09 €/L"
Bloco sanitário fresh power brisa,Harpic,Embalagem de 40g,"2,99 €","74,75 €/Kg"
Vinho maduro tinto,Alto de Pias,Garrafa de 5 l,"5,19 €","1,04 €/L"
Leite com chocolate original,Ucal,Embalagem de 6 x 250 ml,"0,26 €","1,30 €/L"
Máquina Depilatória Descartável 3 Sensitive,Bic,Embalagem com 4+2 unidades,"3,29 €","3,29 €/Unidade"
Sopa Canja de Galinha c/ Aletria,PorSi,Embalagem de 75 g,"0,62 €","10,00 €/Kg"
Mimos de pescada do cabo,Pescanova,Embalagem de 360g,"3,99 €","9,98 €/Kg"
Crepe chocolate,PorSi,Embalagem de 540g,"2,57 €","7,79 €/Kg"
Néctar clássico tutti frutti,Compal,Garrafa de 200 ml,"0,99 €","0,99 €/L"
Sidra maçã,Somersby,pack 4 x 0.33 l,"1,59 €","3,18 €/L"
Fralda cueca T6 - 16 a 22 kg,PorSi,18 unidades,"8,99 €","8,99 €/Unidade"
Lápis evolution nº 2 HB,Bic,1 embalagem,"2,69 €","2,69 €/Unidade"
Gelados mini colosse mini mix,PorSi,Embalagem com 8 unidades,"5,99 €","16,64 €/L"
Sumo 100% Frutos Tropicais,Paquito,Embalagem de 1 l,"1,09 €","0,73 €/L"
Senses Tropical,Trident,1 un.,"0,89 €","59,33 €/Kg"
"Alimento húmido para gato 7+, aves",Whiskas,Embalagem de 400g,"2,89 €","7,23 €/Kg"
Rum limon,Bacardi,Garrafa de 700 ml,"17,49 €","24,99 €/L"
Bolachas de chocolate leite,Milka,Embalagem de 150g,"0,69 €","4,60 €/Kg"
Preparo para bolo de chocolate,Branca de Neve,Embalagem de 450g,"0,79 €","5,27 €/Kg"
Salsichas Frankfurt em lata,Izidoro,Embalagem de 250g,"0,75 €","3,75 €/Kg"
Tarteletes com recheio avelã,PorSi,Embalagem de 91g,"2,15 €","2,87 €/Kg"
Flan sabor a baunilha com caramelo,PorSi,Embalagem de 6 x 100 g,"1,19 €","2,59 €/Kg"
Óleo Performa C3 5W30 Sintético,Galp,Embalagem de 5 l,"14,99 €","14,99 €/L"
"Creme de depilação duche, peles normais",Veet,Garrafa de 150 ml,"10,99 €","73,27 €/L"
Café em cápsulas Dolce Gusto Sical,Nescafé,64 cápsulas,"59,82 €/Kg","59,82 €/Kg"
Adoçante com doseador,PorSi,Embalagem 300 comprimidos,"1,99 €","199,00 €/Kg"
Ricore,Nestle,Embalagem de 260g,"0,79 €","3,16 €/Kg"
Lima-limao zero,PorSi,Garrafa de 1.5 l,"0,79 €","0,40 €/L"
Gel Lubrificante natural play,Durex,Embalagem de 50 ml,"4,49 €","4,49 €/Unidade"
Lápis de cera color peps,Maped,Embalagem com 24 unidades,"3,19 €","3,19 €/Unidade"
Coleira repelente para gatos,Repul' 7,Embalagem de 1 unidades,"8,75 €","8,75 €/Unidade"
Bolacha vida equilíbrio aveia e canela,Cemporcent,Embalagem de 140g,"1,45 €","11,15 €/Kg"
Recarga inseticida eléctrico líquido anti melgas e m...,Raid,60 noites,"7,69 €","7,69 €/Unidade"
"Bebida açucarada  tinto de verão, clássico",Sandevid,"Garrafa de 1,5 l","2,39 €","1,59 €/L"
Mini tosta trigo,Diatosta,Embalagem de 90 g,"2,39 €","6,83 €/Kg"
Cajus tostados no forno,Matutano,Embalagem de 90g,"0,79 €","7,90 €/Kg"
Pão da Avó 90 g,Pão do Dia,,"0,19 €","2,38 €/Kg"
Miolo berbigão,PorSi,Embalagem de 250g,"4,99 €","6,24 €/Kg"
Água destilada,PorSi,Garrafão de 5 l,"0,99 €","0,20 €/L"
"Livro de Receitas ""Mais Leve""",PorSi,1 unidade,"4,99 €","4,99 €/Unidade"
Esparguete integral com aveia,Milaneza,Embalagem de 500g,"0,99 €","1,98 €/Kg"
"Refresco em pó, tropical",Tang,Embalagem de 30g,"0,75 €","18,75 €/Kg"
Rebuçados de mentol,Sweet flav,Embalagem de 250 g,"0,77 €","3,85 €/Kg"
Néctar tutti-fruti,Compal,Pack 3 x 200 ml,"0,99 €","0,99 €/L"
Leite uht magro,Mimosa,Embalagem de 1 litro,"0,83 €","0,83 €/L"
Medalhões de pescada,PorSi,Embalagem de 400 g,"3,99 €","9,98 €/Kg"
Alimento lácteo sem açucar com sabor a pêssego/banan...,Yogolino,Embalagem de 4 x 100 gr,"2,89 €","7,23 €/Kg"
Mousse chocolate leite,Alsa,Embalagem de 150g,"0,79 €","5,27 €/Kg"
Vinho maduro tinto,C.da eira,Garrafa de 250 ml,"0,85 €","0,85 €/L"
Caderno Agrafado Capa Preta |A5 Quadriculado,Domédia,1 unidade,"3,69 €","3,69 €/Unidade"
"Plasticina Cores Sortidas, 12 barras",Bic,Caixa c/ 6 un.,"2,19 €","109,50 €/L"
Pão Forno Pedra Centeio,Garcia & Filhos,1 un = 400 g (aprox.),"0,19 €","2,38 €/Kg"
Napolitas creme baunilha,PorSi,Embalagem de 320g,"2,05 €","5,13 €/Kg"
Caldo de galinha 16 cubos,Knorr,Embalagem de 160g,"3,84 €","24,00 €/Kg"
Doce de morango,PorSi Select,200 g,"2,19 €","9,95 €/Kg"
Amaciador  p/ roupa concentrado Aromaterapia,PorSi,Embalagem com 60 doses,"2,69 €","1,35 €/L"
"Palmilha de cortiça com látex, tamanho 36/37",Sonaf,1 unidade,"7,69 €","102,53 €/L"
Creme de Pés,Barral,Embalagem de 75 ml,"7,69 €","102,53 €/L"
"Aperitivos, amendoins no forno",Matutano,Embalagem de 200g,"0,79 €","7,90 €/Kg"
Spray desinfetante cozinha,Lysol,Embalagem de 500 ml,"1,79 €","2,39 €/L"
Bolacha dourada dietnature,Gullon,Embalagem de 330g,"2,11 €/Kg","2,11 €/Kg"
Gel Banho Apollo,Axe,Embalagem de 400 ml,"5,99 €","14,98 €/L"
Farinha para pão integral,Nacional,Embalagem de 1 kg,"0,85 €","0,85 €/Kg"
Cerveja sem álcool,Super Bock,Pack 6 x 20 cl,"5,99 €","3,03 €/L"
Gel de Banho Deeply Nourishing,Dove,Embalagem de 750 ml,"6,39 €/L","6,39 €/L"
Coissant Folhado,*,50g,"0,35 €","0,35 €/Unidade"
Inseticida vaporizador,Biokill,Embalagem de 375 ml,"4,79 €","11,98 €/L"
Refrigerante sem gás de manga/laran,Joi,"Garrafa de 1,5 l","1,14 €","0,76 €/L"
Nectar vital equilibrio ananás/coco,Compal,Embalagem de 1 l,"0,99 €","0,99 €/L"
Bacalhau com broa,PorSi Select,350 g,"1,79 €","7,16 €/Kg"
Pano multiusos felpo,PorSi,1 unidade,"1,79 €","1,79 €/Unidade"
Azeite Virgem,Oliveira da Serra,Embalagem de 750 ml,"3,29 €","4,39 €/L"
Pensos diários maxi cotton aloé,Carefree,Embalagem com 30 unidades,"1,79 €","1,79 €/Unidade"
Iogurte tipo grego natural açucarado,PorSi,1 kg,"1,49 €","2,98 €/Kg"
Nestum zero espelta/aveia,Nestum,Embalagem de 250 g,"4,99 €","4,99 €/Kg"
Batido de morango,Forma+,Embalagem de 700g,"1,99 €","45,23 €/Kg"
2 Ligaduras elásticas,PorSi,4m x 6 cm,"0,59 €","1,18 €/L"
Compota frutos vermelhos 60% fruta,Cemporcent,Embalagem de 280g,"3,99 €","7,98 €/Kg"
Snack dentastix grande,Pedigree,Embalagem de 270 g,"5,58 €/Kg","5,58 €/Kg"
Gel de Banho Secrets Oil Avocato,Dove,Embalagem de 500 ml,"6,39 €/L","6,39 €/L"
Cueca incontinência para Adultos Ausonia Tamanho Gra...,Lindor,Embalagem de 14 unidades,"20,79 €","20,79 €/Unidade"
Moscatel do douro aperitivo,Favaito,pack: 10 x 55 ml,"5,99 €","7,99 €/L"
Pensos de incontinência Normal,Ausonia,Uma embalagem - 24Unidades,"5,99 €","5,99 €/Unidade"
Paprika,PorSi,Saqueta com 50 g,"0,25 €","0,25 €/Kg"
Pensos proteção calos,PorSi,embalagem com 9 unidades,"0,59 €","1,18 €/L"
Vassoura pequena,PorSi,unidade,"2,99 €","2,99 €/Unidade"
Pilha alcalina classic lr03x4,Domédia,1 unidade,"1,49 €","1,49 €/Unidade"
Bolachas crackers c/ sal,Du bois,Embalagem de 500g,"0,39 €","3,12 €/Kg"
Nata uht,Mimosa,embalagem de 200 ml,"0,75 €","3,75 €/L"
Sidra maçãs ácidas,Bandida do Pomar,lata de 0.5 l,"1,59 €","3,18 €/L"
Crepe maçã e canela,PorSi,Embalagem de 540 g,"2,57 €","7,79 €/Kg"
Licor de anis,Xarao,Garrafa de 700 ml,"16,99 €","24,27 €/L"
Cesto multiusos com gancho,PorSi,1 unidade,"2,50 €","2,50 €/Unidade"
Lambrusco tinto,*,Garrafa de 750 ml,"1,99 €","2,65 €/L"
Escova de Dentes Flex Interdental,Aquafresh,2 + 1 unidades,"3,49 €","3,49 €/Unidade"
Pensos diários respirare,Carefree,embalagem com 20 unidades,"1,79 €","1,79 €/Unidade"
Ervilhas,PorSi,Embalagem de 1 kg,"1,98 €","1,98 €/Kg"
"Busca Polos, grande",Itools,1 unidade,"5,99 €","5,99 €/Unidade"
10 nuggets peito de frango e queijo,Capitão Iglo,Embalagem de 210g,"2,79 €","8,72 €/Kg"
Manteiga de amendoim crocante,Prozis,Embalagem de 500g,"8,13 €/Kg","8,13 €/Kg"
Fermento de padeiro em pó,Fermipan,Embalagem de 4x11 g,"1,89 €","17,18 €/Kg"
Batata frita em azeite,PorSi,Embalagem de 150g,"1,18 €","6,38 €/Kg"
Bacalhau em lombos,PorSi,Embalagem de 800g,"6,39 €","7,99 €/Kg"
Ambientador elétrico + recarga alfazema,PorSi,1 unidade,"3,74 €","3,74 €/Unidade"
Pensos Higiénicos Cottonlike com Abas Normal Plus,Evax,28 unidades,"2,59 €","2,59 €/Unidade"
"Absorvedores de odores, relax zen",Brise,Embalagem de 2x150g,"16,63 €/L","16,63 €/L"
Salva os Oceanos,Science4You,1 unidade,"9,99 €/Unidade","9,99 €/Unidade"
Emulsão p/ higiene intima sensitive,Dystron,Embalagem com 200 ml,"4,59 €","22,95 €/L"
Leite uht magro,PorSi,Embalagem de 1 litro,"0,83 €","0,83 €/L"
Leite s/ lactose meio gordo,Mimosa,Garrafa de 1 l,"1,29 €","1,29 €/L"
Salsa folhas,PorSi,Saqueta de 12 g,"0,25 €","0,25 €/Kg"
Massa folhada,Pasta dia,Embalagem de 230g,"0,99 €","4,30 €/Kg"
Cappuccino intenso,Nescafe,Embalagem de 130g,"3,19 €","25,52 €/Kg"
Batata pré-frita mediterranean,MCCAIN,Embalagem de 750g,"1,39 €","1,39 €/Kg"
Whisky,J&B,Garrafa de 700 ml,"23,49 €","23,49 €/L"
Barras de cereais fitness crunchy & caramelo,Nestle,Embalagem de 140g,"3,29 €","21,93 €/Kg"
Refrigerante com gás free,Seven-up,"Garrafa de 1,25 l","0,79 €","0,40 €/L"
Amaciador G. Maravilhosa,Ultra Suave,Embalagem de 400 ml,"1,00 €","5,00 €/L"
Pasta de atum,Fides,Embalagem de 90g,"1,19 €","13,52 €/Kg"
Café solúvel crema,Nescafe,Embalagem de 200g,"14,50 €/Kg","14,50 €/Kg"
Queijo flamengo em fatias,Terra Nostra,Embalagem de 200g,"1,96 €","9,80 €/Kg"
Sal de mesa,PorSi,Embalagem de 250 g,"0,25 €","0,25 €/Kg"
Filete de anchovas estendidas,General,Embalagem de 40g,"0,89 €","7,42 €/Kg"
20 saquetas infusão de lúcia lima,Lipton,Embalagem de 30g,"0,99 €","23,02 €/Kg"
Mini tostas integrais,PorSi,Embalagem de 180g,"2,39 €","6,83 €/Kg"
16 mini croquetes de carne,PorSi,Embalagem de 290 g,"1,79 €","7,16 €/Kg"
Arroz brajma,Cigala,Embalagem de 1 kg,"1,26 €","1,26 €/Kg"
Cd aroma moran/coco/f.silv 120gx8,Danone,Embalagem de 960g,"1,87 €","1,25 €/Kg"
Aguardente velha,Fim de sec,Garrafa de 700 ml,"12,79 €","18,27 €/L"
Napolitanas creme cacau,PorSi,Embalagem de 320g,"2,05 €","5,13 €/Kg"
Cereais argolas de mel,PorSi,Embalagem de 375 g,"5,07 €/Kg","5,07 €/Kg"
Iogurte tipo grego stracciatella,PorSi,Embalagem de 500g,"1,49 €","2,98 €/Kg"
Moinho pimenta preta em grão,PorSi,Frasco com 45 g,"0,25 €","0,25 €/Kg"
5 manhãzitos,Bollycao,Embalagem com 175 g,"2,05 €","5,13 €/Kg"
Gelado fizz limão,Olá,Embalagem de 6 x 60 ml,"5,99 €","16,64 €/L"
Creme depilatório para peles normais,Labell,Embalagem de 200 ml,"10,99 €","73,27 €/L"
Lixívia tradicional,PorSi,Embalagem de 1 l,"1,74 €","0,35 €/L"
Faca chefe 20 cm madeira,PorSi,1 unidade,"4,75 €","4,75 €/Unidade"
Abrasivo sanitário gel marinho,PorSi,embalagem de 1 litro,"1,09 €","1,09 €/L"
Bolacha alfa,Nacional,Embalagem de 180g,"2,98 €","9,93 €/Kg"
Cereais chocapic,Nestle,Embalagem de 630g,"5,07 €/Kg","5,07 €/Kg"
Bolacha de aveia e laranja sem glúten,Gullon,Embalagem de 180 g,"2,69 €","20,69 €/Kg"
Biscoitos canudinho recheio cacau,PorSi,Embalagem de 300g,"2,98 €","9,93 €/Kg"
Cola Stic Renature,Uhu,Embalagem com 21 g,"2,19 €","109,50 €/L"
Vodka red,Smirnoff,Garrafa de 1 l,"19,79 €","19,79 €/L"
Farinha de trigo sem fermento t55,PorSi,Embalagem de 1 kg,"0,85 €","0,85 €/Kg"
Papel Higiénico Puríssimo 3 Folhas,Renova,Embalagem c/ 12 rolos,"1,99 €","1,99 €/Unidade"
Muesli Frutas,PorSi,500 g,"2,24 €","4,48 €/Kg"
Doce de morango 60% fruta,Cemporcent,Embalagem de 280g,"3,99 €","7,98 €/Kg"
Creme p/ Calçado Preto,Búfalo,Embalagem de 40 ml,"0,99 €","19,80 €/L"
Água com gás,Vimeiro,pack 6 x 0.25 l,"2,85 €","2,85 €/L"
Refrigerante de cola zero,PorSi,Garrafa de 2 l,"0,79 €","0,40 €/L"
Néctar de 8 frutos,Bongo,Garrafa de 1 l,"0,99 €","0,99 €/L"
"Pasta de arquivo, lombada estreita, verde",Domédia,1 unidade,"3,29 €","3,29 €/Unidade"
Rum carta blanca,Bacardi,Garrafa de 700 ml,"17,49 €","24,99 €/L"
Café solúvel viena,Nescafe,Embalagem de 140g,"14,50 €/Kg","14,50 €/Kg"
Toucinho fumado extra,PorSi,Embalagem de 200 g,"2,19 €","10,95 €/Kg"
Toalhitas limpa moveis,PorSi,Embalagem de 24 unidades,"4,39 €","14,63 €/L"
Cereais Corn Flakes Zero,Nacional,Embalagem de 375 g,"1,49 €","2,98 €/Kg"
Ração seca para gato adulto de peixe,PorSi,Embalagem 2 kg,"12,99 €","4,33 €/Kg"
"Fermento em pó, lata",Royal,Embalagem de 110g,"1,89 €","17,18 €/Kg"
Vitalday recheada duplo chocolate,Gullon,Embalagem de 200g,"2,15 €","2,87 €/Kg"
Salsichão fat,Campofrio,Embalagem de 80g,"0,95 €","9,49 €/Kg"
Vermute rosso,Martini,Garrafa de 1 l,"11,99 €","11,99 €/L"
Perolas perfumadas floral,PorSi,Embalagem de 275 g,"31,99 €","31,99 €/Unidade"
Delícias em forma de lagosta,Pescanova,Embalagem de 260g,"2,19 €","8,59 €/Kg"
Sidra de maçã,Somersby,pack 6 x 0.2 l,"1,59 €","3,18 €/L"
"Limpa vidros pistola, tripla acção",Ajax,Embalagem de 500 ml,"3,19 €","6,38 €/L"
Bolachas cereais e pepitas de chocolate,PorSi,Embalagem de 400 g,"0,79 €","5,27 €/Kg"
Costeleta,Novilho,1 un= 400 gr aprox.,"3,29 €","8,23 €/Kg"
Açúcar amarelo,PorSi,Embalagem de 1 kg,"1,49 €","1,49 €/Kg"
Caffe latte go chill,Delta,230 ml,"3,19 €","25,52 €/Kg"
Néctar vital equilíbrio frutos vermelhos,Compal,Garrafa de 200 ml,"0,99 €","0,99 €/L"
Sopa económica de marisco,Knorr,Embalagem de 60g,"0,62 €","10,00 €/Kg"
1ª papa láctea multifrutos sem glúten +4 meses,Cerelac,Embalagem de 250g,"4,99 €","4,99 €/Kg"
Iogurte líquido tutti-frutti,Danone,Embalagem de 4 x 155 g,"1,31 €","2,05 €/Kg"
Vela em número nº5,PorSi,1 unidade,"0,60 €","0,60 €/Unidade"
Café em cápsulas  qonvictus,Delta Q,Embalagem de 55 g,"59,82 €/Kg","59,82 €/Kg"
Chupa original,Chupachups,Embalagem de 120g,"3,40 €","28,33 €/Kg"
"Pensos diários respirare, 44 unidades",Carefree,Uma embalagem,"1,79 €","1,79 €/Unidade"
Óleo Cedro Líquido,PorSi,Embalagem de 200 ml,"4,39 €","14,63 €/L"
Néctar de pera,PorSi,Pack 3 x 200 ml,"0,99 €","0,99 €/L"
Milho doce,Bonduelle,Embalagem de 150 g,"2,19 €","2,81 €/Kg"
Ambientador Anti-Tabaco,Ambipur,1 un.,"3,49 €","3,49 €/Unidade"
Amendoins Torrados,Nuts Original,Embalagem de 130 g,"0,79 €","7,90 €/Kg"
"Alimento húmido para cão, galinha e cordeiro",Pedigree,Embalagem de 400g,"0,75 €","2,50 €/Kg"
Lambrusco rose,*,Garrafa de 750 ml,"2,09 €","2,79 €/L"
Queijinhos mini,Babybel,Embalagem de 240g,"4,39 €","18,29 €/Kg"
"Paté de sarinha, atum e marisco",Fides,Embalagem de 90g,"1,19 €","13,52 €/Kg"
Travessa com naperon 45x36cm,PorSi,1 unidade,"0,54 €","0,54 €/Unidade"
Bolacha wafer baunilha,PorSi,Embalagem de 180g,"0,98 €","4,67 €/Kg"
Bebida de Soja Chocolate,PorSi Viva Bem,Pack: 3 x 200 ml,"2,49 €","2,49 €/L"
6 empadas de galinha,PorSi,Embalagem de 330g,"1,79 €","7,16 €/Kg"
Puré de batata,Saint Eloi,Embalagem de 500 g,"0,85 €","0,85 €/Kg"
Limpa carpetes,PorSi,Embalagem de 1 litro,"2,49 €","2,49 €/L"
Adoçante à base de sucralose,PorSi Viva Bem,Embalagem de 17g,"1,99 €","199,00 €/Kg"
Bebida amêndoa,Shoyce,Embalagem de 1 litro,"0,99 €","0,99 €/L"
Pizza fresca de fiambre e queijo,PorSi,400 g,"0,99 €","4,30 €/Kg"
Aperitivos de amendoim com sal e mel,Matutano,Embalagem de 150g,"0,79 €","7,90 €/Kg"
Gelatina de ananás,PorSi,Embalagem de 170g,"0,85 €","5,00 €/Kg"
Água mineral natural alcalina,MONCHIQUE,"6x1,5l","1,04 €","0,17 €/L"
Mimos de pescada,Pescanova,Embalagem de 1 kg,"3,99 €","9,98 €/Kg"
Bandas de cera fria peles normais,Veet,Embalagem de 20 unidades,"6,99 €","6,99 €/Unidade"
Concentrado de laranja,Sunquick,Garrafa de 700 ml,"3,54 €","3,54 €/L"
Feijão manteiga,PorSi,Embalagem de 500g,"0,95 €","1,90 €/Kg"
Baby Smartphone,Clementoni,1 un.,"16,49 €","16,49 €/Unidade"
Bolachas maria,Triunfo,Embalagem de 200g,"2,11 €/Kg","2,11 €/Kg"
"Recarga ambientador, elétrico, baunilha",Air Wick,Embalagem de 19 ml,"11,98 €","11,98 €/Unidade"
"Penso Higiénico Ultra Normal Plus, 12unidades",Carefree,Uma embalagem,"2,59 €","2,59 €/Unidade"
Esferográfica Sortida Média,Mab,Embalagem com 10 un.,"2,69 €","2,69 €/Unidade"
Salada bacon,PorSi,Embalagem de 192 g,"2,35 €","5,60 €/Kg"
Bolachas mini prince recheadas com chocolate,PRINCE,Embalagem de 160 g,"0,69 €","4,60 €/Kg"
Bolachas dinossauros dinoovos,Artiach,Embalagem de 140g,"1,89 €","15,75 €/Kg"
"Rolos de cozinha compactos, branco, máxima absorção,...",Renova,1 unidade,"4,99 €","4,99 €/Unidade"
Cereais fitness chocolate preto,Nestle,Embalagem de 375g,"3,99 €","13,30 €/Kg"
Beterraba Cozida,*,Embalagem de 450 g,"0,47 €","4,69 €/Kg"
Ananás em rodelas,PorSi,Embalagem de 565 g,"1,99 €","2,37 €/Kg"
Infusão de frutos vermelhos,Tetley,Embalagem de 20g,"1,19 €","59,50 €/Kg"
Mini Tostas de Trigo,PorSi,Embalagem de 350 g,"2,39 €","6,83 €/Kg"
Mel em frasco de vidro,Jorge v.f.,Embalagem de 500g,"2,25 €","9,00 €/Kg"
Aroma de anis,Vahine,Embalagem de 20g,"1,89 €","17,18 €/Kg"
Cogumelos laminados,Ferbar,Embalagem de 290g,"2,19 €","2,81 €/Kg"
Espremedor super,Fapil,1 unidade,"2,50 €","2,50 €/Unidade"
Puzzle Canal Panda,Olivo,60 peças,"6,59 €","6,59 €/Unidade"
Lixivia perfumada,PorSi,Garrafa de 2 l,"1,74 €","0,35 €/L"
Leite regular 2,Aptamil,Embalagem de 800 g,"22,39 €","27,99 €/Kg"
Amaciador concentrado para roupa jojoba,PorSi,80 doses,"2,69 €","1,35 €/L"
Spray recarga limpeza da cozinha,Cif,embalagem de 70 ml,"4,09 €","5,45 €/L"
Coxinhas de frango,PorSi,Embalagem de 360g,"3,99 €","9,98 €/Kg"
Massa pevide,Nacional,Embalagem de 250g,"0,99 €","1,98 €/Kg"
Soft 3 Funções,Nenuco,1 unidade,"14,99 €/Unidade","14,99 €/Unidade"
Batata frita ondulada wavy,PorSi,Embalagem de 180g,"1,01 €","5,46 €/Kg"
Bolachas vitalday recheio iogurte c/ frutos vermelho...,Gullon,Embalagem de 220g,"1,45 €","11,15 €/Kg"
Leite de cabra uht meio gordo,President,Embalagem 1L,"0,83 €","0,83 €/L"
Inseticida aerossol moscas. melgas e mosquitos,Baygon,Embalagem de 400 ml,"4,79 €","11,98 €/L"
Elimina odores para calçado,Kiwi,Embalagem de 100 ml,"5,29 €","35,27 €/L"
Rojões,Porco,1 un = 250 gr  (aprox.),"4,88 €","4,88 €/Kg"
Néctar pêssego,Compal,Pack 3 x 200 ml,"0,99 €","0,99 €/L"
Desinfetante álcool gel com doseador,PorSi,500 ml,"5,24 €","5,24 €/Unidade"
Fósforos cozinha,Quinas,Embalagem com 4 caixas por unidade,"1,15 €","1,15 €/Unidade"
Fermento,Royal,Embalagem de 230g,"1,89 €","17,18 €/Kg"
Bolacha maria doces,Vieira,Embalagem de 300g,"2,11 €/Kg","2,11 €/Kg"
Queijo grana padano D.O.P 16 meses de cura,PorSi Select,Embalagem de 180 g,"2,87 €","15,94 €/Kg"
Geleia de morango,Casa de Mateus,Embalagem de 345 g,"3,29 €","9,54 €/Kg"
Fada unicórnio,Steffi Love,1 unidade,"14,99 €/Unidade","14,99 €/Unidade"
Gelatina pronta a comer tutti frutti,Royal,Embalagem de 4x100 g,"0,85 €","2,13 €/Kg"
Ambientador elétrico botanica Vetiver das Caraíbas &...,Air Wick,1 unidade,"3,74 €","3,74 €/Unidade"
Refrigerante sem gás laranja,Trina,"Garrafa de 1,5 l","1,14 €","0,76 €/L"
Balões latex rosa,PorSi,Embalagem com 24 unidades,"0,69 €","0,69 €/Unidade"
Papel de alumínio,PorSi,50 metros,"1,11 €","1,11 €/Unidade"
6 tulipas chocolate,Progelcone,Embalagem de 148 g,"2,98 €","9,93 €/Kg"
Chá barbas de milho,PLANTANATU,Embalagem de 10g,"1,25 €","1,25 €/Unidade"
12 Preservativos Adapta Non Stop,Control,,"4,49 €","4,49 €/Unidade"
Recarga Panos p/ Madeira,Swiffer,18 un.,"1,79 €","1,79 €/Unidade"
Rede com pequeno almoço,Écoiffier,1 unidade,"14,99 €","14,99 €/Unidade"
Sabonete patti,Ach Brito,Embalagem de 160 g,"1,99 €","12,44 €/Kg"
Batatas fritas onduladas originais,Ruffles,Embalagem de 282g,"1,01 €","5,46 €/Kg"
Tira Nódoas Brancos em Gel,Skip,"1,6 l","10,99 €","52,33 €/Kg"
Anti-Traça Alimentos,Dum Dum,2 unidades,"5,99 €","176,18 €/Kg"
Melancia Riscada,Fruta da Época,Vendido ao peso | 1 un = 4kg (aprox.),"2,99 €","2,99 €/Kg"
Fiambre da Pá,PorSi,1 un = 150 gr (aprox.),"0,97 €","6,49 €/Kg"
Leite condensado magro,PorSi,Embalagem de 390 g,"1,09 €","2,75 €/Kg"
Farinha soja,Salutem,Embalagem de 400g,"1,49 €","3,73 €/Kg"
8 hamburguers s/ glúten frango,Capitão Iglo,Embalagem de 480g,"11,44 €/Kg","11,44 €/Kg"
Maçã Golden 70/75,Fruta do Dia,1 un = 150 gr (aprox.),"1,29 €/Kg","1,29 €/Kg"
Chocolates maltesers,MALTESERS,Embalagem de 90g,"5,99 €","14,98 €/Kg"
"Refrigerante sem gás, laranja",Joi,"Garrafa de 1,5 l","1,14 €","0,76 €/L"
Café com cafeina solúvel,Delta,Embalagem de 20g,"14,50 €/Kg","14,50 €/Kg"
10 saquetas chá yellow label,Lipton,Embalagem de 20g,"58,44 €/Kg","58,44 €/Kg"
Comida húmida de vaca para cão,Friskies,Embalagem de 4 x 100 g,"0,75 €","2,50 €/Kg"
Bolachas marítimas clássicas,PorSi Viva Bem,Embalagem de 200g,"1,45 €","11,15 €/Kg"
Filetes de cavala em azeite,PorSi,Embalagem de 120 g,"0,89 €","7,42 €/Kg"
Bolachas bambolitos chocolate e leite,PorSi,Embalagem de 150g,"0,69 €","4,60 €/Kg"
Caramelos de leite,Penha,Embalagem de 250g,"2,99 €","21,36 €/Kg"
Bebida de soja com cálcio,PorSi Viva Bem,Embalagem de 1 litro,"2,49 €","2,49 €/L"
Néctar de laranja e cenoura light,PorSi,Embalagem de 1 litro,"0,84 €","2,55 €/L"
4 hamburguers vaca s/ glúten,Capitão Iglo,Embalagem de 320g,"2,79 €","8,72 €/Kg"
"Pasta dentífrica, tripla ação",Labell,Embalagem de 75 ml,"2,39 €","31,87 €/L"
Iogurte magro + gelatina framboesa,Mimosa,Embalagem de 4 x 120 g,"1,44 €","2,88 €/Kg"
Camarão vannamei 24/40,Pescanova,Embalagem de 800g,"8,99 €","25,69 €/Kg"
Ambientador vela odor animais,PorSi,1 unidade,"9,49 €","45,19 €/Kg"
Leite de pastagem meio-gordo,Terra Nostra,Embalagem de 1 litro,"0,83 €","0,83 €/L"
Batatas Pré-fritas Rosti com Cebola,PorSi,Embalagem com 600 g,"1,39 €","1,39 €/Kg"
Recarga difusor elétrico recarga citronela,Dum Dum,1 unidade,"7,69 €","7,69 €/Unidade"
Milho inteiro,Rac.zezere,Embalagem de 5 kg,"4,24 €","0,85 €/Kg"
Detergentes máquina lavar loiça next generation,PorSi,30 pastilhas,"1,49 €","5,96 €/L"
Queijo sandwich 10 fatias,A Vaca Que Ri,Embalagem de 200G,"1,96 €","9,80 €/Kg"
Feijao catarino,Caçarola,Embalagem de 500 g,"0,95 €","1,90 €/Kg"
Fita adesiva,PorSi,5m x 2.5 cm,"0,59 €","1,18 €/L"
Cerveja super bock,Super Bock,Pack 6 x 200 ml,"1,99 €/L","1,99 €/L"
"Polpa de maracujá, em lata",Koala,Embalagem de 570g,"4,19 €","7,35 €/Kg"
Vinho frutado branco,Flor do Campo,Garrafa 0.75L,"1,59 €","2,12 €/L"
Plantanatur super cartilagem de tubarão,PLANTANATU,Embalagem de 1 unidades,"7,59 €","126,50 €/Kg"
Manteiga amendoim com pedaços,Calve,Embalagem de 350g,"8,13 €/Kg","8,13 €/Kg"
Caramelos de leite,Penha,Embalagem de 100g,"2,99 €","21,36 €/Kg"
Vinho maduro branco,Casal da eira,Embalagem de 250 ml,"0,85 €","0,85 €/L"
Bebida de cereais e café mokambo intenso,Nestle,Embalagem de 180g,"0,79 €","3,16 €/Kg"
Whisky,Grants,Garrafa de 1 l,"23,49 €","23,49 €/L"
Bolacha integral doce,Vieira,Embalagem de 180g,"1,19 €","5,95 €/Kg"
Óleo Gasolina 20w40,PorSi,Embalagem de 5 l,"14,99 €","14,99 €/L"
Refrigerante com gás de laranja,Sumol,"Garrafa de 1,25 l","0,79 €","0,40 €/L"
Esponja autobrilhante,PorSi,3 g,"2,25 €","45,00 €/L"
Café intenso,Buondi,10 cápsulas,"59,82 €/Kg","59,82 €/Kg"
Papel higiénico branco 2 folhas,PorSi,48 rolos,"1,99 €","1,99 €/Unidade"
Tablete de chocolate culinário 70% negro,PorSi,Embalagem de 200 g,"0,99 €","4,95 €/Kg"
Miolo de camarão 100/200,H2Gelo,Embalagem de 250  g,"8,99 €","25,69 €/Kg"
Mistura para coelhos,Rac.zezere,Embalagem de 5 kg,"4,09 €","0,82 €/Kg"
Água de rosas,Hidro,Embalagem de 200 ml,"6,79 €","33,95 €/L"
Gel Duche Men Active Clean,Nivea Men,Embalagem de 500 ml,"5,99 €","14,98 €/L"
Nestum chocolate,Nestum,Embalagem de 250g,"3,29 €","4,39 €/Kg"
"Agrafos nº24/6, 2000 unidades",Maped,Uma embalagem,"1,29 €","1,29 €/Unidade"
Água mineral sem gás,Vitalis,Pack 6 x 1.5 l,"1,04 €","0,17 €/L"
Oreo flavors cookies birthday party rollpack 154 gr,Oreo,Embalagem de 150g,"0,79 €","4,49 €/Kg"
Escova de Dentes 1-2-3 Shiny Clean,Oral B,4 unidades,"3,49 €","3,49 €/Unidade"
Cogumelos fatiados,PorSi,Embalagem de 400g,"1,98 €","1,98 €/Kg"
Iogurte pedaços frutos vermelhos,PorSi,Embalagem de 8 x 125 g,"4,38 €","2,19 €/Kg"
Gelado cornetto mini clássico,Olá,Embalagem de 8 x 60 ml,"5,99 €","16,64 €/L"
Bambolitos pretos,PorSi,Embalagem de 150g,"0,69 €","4,60 €/Kg"
Creme depilatório para peles sensíveis,Labell,Embalagem de 200 ml,"10,99 €","73,27 €/L"
Esfregão de Teflon,Fino,1 unidade,"0,79 €","0,79 €/Unidade"
Coca-cola zero sem cafeína,Coca-Cola,"Garrafa de 1,75 l","0,79 €","0,40 €/L"
Bolachas mini,Oreo,Embalagem de 160g,"0,79 €","4,49 €/Kg"
Café descafeinado,PorSi,Embalagem de 250g,"1,59 €","6,36 €/Kg"
Lava tudo antibacteriano floral,PorSi,"Garrafa de 1,5 l","0,99 €","0,50 €/L"
Rolo de Cozinha Touch 4D XL,Renova,Embalegem c/ 3 Rolos,"4,99 €","4,99 €/Unidade"
Sumo essencial pera,Compal,pack 3 x 0.11 l,"0,99 €","0,99 €/L"
Manteiga de amendoim,Prozis,Embalagem de 1 kg,"8,13 €/Kg","8,13 €/Kg"
Queijo Curado kg,Castelões,1 un = 250 gr  (aprox.),"6,49 €","25,45 €/Kg"
Bolachas Maria sem Açúcar,Vieira de Castro,Embalagem de 300 g,"2,11 €/Kg","2,11 €/Kg"
Tablete chocolate de leite,PorSi,embalagem de 100 g,"5,30 €/Kg","5,30 €/Kg"
Pepsi max,Pepsi,Garrafa de 1.75 l,"0,79 €","0,40 €/L"
Leite com chocolate light,Ucal,Embalagem de 6 x 250 ml,"0,26 €","1,30 €/L"
Faca Pão 20 cm Inox,PorSi,1 unidade,"4,75 €","4,75 €/Unidade"
30 douradinhos,Capitão Iglo,Embalagem de 840g,"3,99 €","9,98 €/Kg"
Leite seleccionado meio gordo,Matinal,Garrafa de 1 l,"0,83 €","0,83 €/L"
Moscatel Pedro Álvares Cabral,Martha's,Garrafa de 0.75L,"5,99 €","7,99 €/L"
"Espuma de cabelo, volume xxl",Fru style,Embalagem de 200 ml,"4,19 €","16,76 €/L"
Aguardente,1920,Garrafa de 700 ml,"12,79 €","18,27 €/L"
Alho picado,PorSi,Embalagem de 100 g,"3,29 €","4,39 €/Kg"
Morcela assar fundao,PorSi,Embalagem de 250g,"1,49 €","7,45 €/Kg"
Depilatório homem gel,Veet,Garrafa de 200 ml,"3,29 €","3,29 €/Unidade"
Lápis de Cor Color'Peps Animal,Maped,Embalagem com 12 un.,"3,19 €","3,19 €/Unidade"
Ervilhas bio,PorSi Bio,Frasco com 290 g,"3,65 €","7,30 €/Kg"
Spray Neve,*,300 ml,"12,99 €/Unidade","12,99 €/Unidade"
Pescada de África do Sul,Peixe Congelado,"Vendido ao peso, 1 unidade = 400 a 600 g aprox.","2,69 €","4,49 €/Kg"
6 Preservativos Adapta Nature,Control,,"4,49 €","4,49 €/Unidade"
Melaço de cana,Cemporcent,Embalagem de 370g,"3,99 €","7,98 €/Kg"
Vassoura exterior alta,PorSi,Unidade,"2,99 €","2,99 €/Unidade"
Néctar vital equilibrio manga/maracujá,Compal,Embalagem de 1 l,"0,84 €","2,55 €/L"
Ambientador tealights canela,PorSi,embalagem com 18 unidades,"9,49 €","45,19 €/Kg"
Alface frisada categoria: II Programa Origens,PorSi,Embalagem de 300 g,"0,99 €","0,99 €/Kg"
Bolachas Vitalday crocantes aveia e chocolate de lei...,Gullon,Embalagem de 300g,"2,15 €","2,87 €/Kg"
Bolachas marinheiras s/ sal,Cemporcent,Embalagem de 200g,"1,45 €","11,15 €/Kg"
Discos Sanitários Activos Aparelho Lavanda,WC Pato,Embalagem de 36 ml,"2,99 €","74,75 €/Kg"
Falafel Grão de Bico e Especiarias Green Cuisine,Iglo green,Embalagem de 450g,"3,99 €","11,40 €/Kg"
Super pequeno almoço instantâneo de curcuma e abóbor...,Origensbio,Embalagem de 300 g,"0,99 €","1,98 €/Kg"
Desinfetante álcool gel spray,PorSi,100 ml,"5,24 €","5,24 €/Unidade"
Big burger frango,Capitão Iglo,Embalagem de 230g,"3,99 €","9,98 €/Kg"
Sumo essencial pera,Compal,pack 3 x 0.11 l,"2,29 €","6,94 €/L"
Almôndegas bolonhesa,Iglo,Embalagem de 400g,"3,99 €","9,98 €/Kg"
Areia para gatos 100% natural,PorSi,Embalagem de 5 kg,"1,19 €","0,24 €/Kg"
Leite condensado,PorSi,Embalagem de 397 g,"1,09 €","2,75 €/Kg"
Eau de Toilette + Desodorizante + Meias,B.U.,Conjunto absolute,"25,99 €","25,99 €/Unidade"
Café moagem universal timor,Delta,Embalagem de 220g,"3,49 €","13,96 €/Kg"
Snack de chocolate minis,Twix,Embalagem de 170g,"11,00 €/Kg","11,00 €/Kg"
"Batata frita, queijo e ervas",PorSi,Embalagem de 190g,"1,18 €","6,38 €/Kg"
Sabonete líquido para as mãos de coco,Dove,embalagem de 250 ml,"1,19 €","3,97 €/L"
Champô anti-caspa,Labell,Embalagem de 400 ml,"5,59 €","13,98 €/L"
Sumo de laranja,Andros,Embalagem de 1 l,"1,09 €","0,73 €/L"
Pudim de chocolate,PorSi,Embalagem de 110g,"0,59 €","29,50 €/Kg"
Filetes primavera limão,Iglo,Embalagem de 230g,"1,79 €","7,16 €/Kg"
Legumes grelhados,PorSi,Embalagem de 750g,"1,98 €","1,98 €/Kg"
Spray Glitter Prateado,*,150 ml,"12,99 €/Unidade","12,99 €/Unidade"
Lulas recheadas,Piteu,Embalagem de 120g,"0,89 €","7,42 €/Kg"
Ração para gato bolas de pelo com frango,Friskies,"Embalagem de 1,5kg","12,99 €","4,33 €/Kg"
Bolachas cracker sem sal,PorSi,Embalagem de 500g,"0,39 €","3,12 €/Kg"
Tremoços extra,PorSi,Vendido ao peso a partir de 500 g,"0,44 €","4,39 €/Kg"
Puzzles Sereia / Lama,Olivo,60 peças,"9,99 €/Unidade","9,99 €/Unidade"
Noodle banzai carne,Cigala,Embalagem de 70g,"0,99 €","1,98 €/Kg"
Fraldas Activity Extra T5 |13-19 kg,Dodot,48 Unidade,"13,29 €/Unidade","13,29 €/Unidade"
10 pães de leite,PorSi,Embalagem de 350g,"2,59 €","7,40 €/Kg"
Ice tea de pêssego,PorSi,"Embalagem de 1,5 l","1,14 €","0,76 €/L"
O cacau puro,Cemporcent,Embalagem de 200g,"2,29 €","11,45 €/Kg"
Leite uht meio gordo,Agros,Embalagem 1L,"0,83 €","0,83 €/L"
Snack para gato de galinha e pato,Catisfactions,Embalagem de 60g,"1,89 €","31,50 €/Kg"
Bacon Extra,Primor,"Vendido ao peso, fatiado a partir de 100 gr","4,15 €","20,75 €/Kg"
Atum posta em óleo vegetal,PorSi,Embalagem de 385g,"0,89 €","7,42 €/Kg"
Palitos superfinos,PorSi,Embalagem de 400 unidades,"1,15 €","1,15 €/Unidade"
Mestre panda,Chicco,1 unidade,"16,49 €","16,49 €/Unidade"
Vinho branco Tejo reserva,Casaleiro,Garrafa de 0.75 l,"4,99 €","6,65 €/L"
Caldeirada,Bacalhau,Embalagem de 400 g,"2,50 €","4,99 €/Kg"
"Farinha 8 cereais, mel e bolacha maria",Nutriben,Embalagem de 300g,"4,99 €","4,99 €/Kg"
Cápsulas de café qharacter,Delta Q,Embalagem de 60g,"59,82 €/Kg","59,82 €/Kg"
Vinho do Porto 10 anos,Cruz,"Garrafa de 0,75L c/ Caixa de Madeira","10,99 €","14,65 €/L"
Vinagre balsâmico modena,Gallo,Garrafa de 250 ml,"0,35 €","0,70 €/L"
Cachaça,Pitu,Garrafa de 700 ml,"17,49 €","24,99 €/L"
Pudim caramelo,PorSi,Embalagem de 90g,"0,59 €","29,50 €/Kg"
Leite evaporado,PorSi,Embalagem de 410g,"1,09 €","2,75 €/Kg"
Bebida energética,Red Bull,Garrafa de 360 ml,"1,60 €","3,20 €/L"
Sardinhas em óleo picante,Ramirez,Embalagem de 130g,"0,89 €","7,42 €/Kg"
Batata pom'duchesse,PorSi,Embalagem de 600g,"1,39 €","1,39 €/Kg"
Formas de alumínio redondas 55 ml,PorSi,20 unidades,"0,54 €","0,54 €/Unidade"
Aveia instantânea em pó 1250 g bolacha,Prozis,"Embalagem de 1,25 kg","2,29 €","11,45 €/Kg"
"Ice tea, pêssego",PorSi,"Embalagem de 6x0,20 l","1,14 €","0,76 €/L"
Café moagem universal angola,Delta,Embalagem de 220g,"3,49 €","13,96 €/Kg"
Fraldas premium T4 - 9 a 15 kg,PorSi,50 unidades,"13,29 €/Unidade","13,29 €/Unidade"
Açafrão das Índias,PorSi,Embalagem de 50g,"0,25 €","0,25 €/Kg"
"Snack chocolate, 3 packs",Twix,Embalagem de 150 g,"11,00 €/Kg","11,00 €/Kg"
Queijo Brie 60%,Produto selecionado,Vendido ao peso a partir de 250 gr,"1,45 €","7,25 €/Kg"
Molho cervejeira 8 cubos,Knorr,Embalagem de 70g,"3,84 €","24,00 €/Kg"
Pudim flan,El mandari,Embalagem de 10g,"0,59 €","29,50 €/Kg"
vinho do Porto Ruby,Velhotes,"garrafa de 0,75 l","5,99 €","7,99 €/L"
Queijo de mistura curado,Seia,Embalagem de 250g,"5,99 €","23,96 €/Kg"
Maquina Depiladora Descartável Venus Basic,Gillette,Embalagem de 3 + 1 un. Grátis,"3,29 €","3,29 €/Unidade"
"Bombons de chocolate, praleine",Schogetten,Embalagem de 100g,"5,30 €/Kg","5,30 €/Kg"
Suiss'fruits fruta 12x50g,PorSi,Embalagem de 600g,"1,05 €","1,86 €/L"
5 gouaches de cores primárias,Domédia,Uma embalagem,"4,69 €","4,69 €/Unidade"
Vinho bag-in-box tinto,C.alqueva,Garrafa de 5 l,"9,49 €","1,90 €/L"
Leite uht meio gordo,Mimosa,Embalagem de 1 litro,"0,83 €","0,83 €/L"
Arroz agulha,Cigala,Embalagem de 1 kg,"1,26 €","1,26 €/Kg"
Banana da  Madeira,Fruta do Dia,1 un= 200 gr (aprox.),"0,58 €","2,89 €/Kg"
8 salsichas aves,Izidoro,Embalagem de 200g,"0,75 €","3,75 €/Kg"
Cerveja com álcool,Sagres,"Embalagem de 0,33 l","1,99 €/L","1,99 €/L"
Molas de madeira,PorSi,36 unidades,"0,89 €","0,89 €/Unidade"
Iogurte sabor a coco,PorSi,Embalagem de 4 x 125 g,"1,87 €","1,25 €/Kg"
Spray power&shine multiusos c/ lixívia,Cif,Garrafa de 750 ml,"4,09 €","5,45 €/L"
Cabo de madeira com rosca,PorSi,1.20 m,"2,99 €","2,99 €/Unidade"
18 nuggets de frango,Capitão Iglo,Embalagem de 380g,"9,30 €/Kg","9,30 €/Kg"
Batata pré-frita para forno,PorSi,Embalagem de 750 g,"1,39 €","1,39 €/Kg"
Salsichas extra suculentas de frango,Nobre,Frasco de 210g,"0,75 €","3,75 €/Kg"
Lava tudo brilhante madeiras,PorSi,Embalagem de 1.1 litros,"4,39 €","14,63 €/L"
Gengibre desidratado em cubos,Cemporcent,Embalagem de 100g,"1,79 €","1,79 €/Kg"
Piaçaba com suporte,PorSi,1 unidade,"4,99 €","19,96 €/Kg"
Magnum mini white mix,Olá,Embalagem de 6 x 55 ml,"5,99 €","16,64 €/L"
"Fiambre extra, fatiado",PorSi,Embalagem de 200g,"0,97 €","6,49 €/Kg"
Queijo flamengo fatiado light,Paiva,Embalagem de 180g,"1,96 €","9,80 €/Kg"
Queijo brie 60% mg,Páturages,Embalagem de 200 g,"1,45 €","7,25 €/Kg"
Leite UHT Meio Gordo,PorSi,Embalagem de 200 ml,"0,83 €","0,83 €/L"
Tostas suecas integrais,PorSi,Embalagem de 225 g,"2,39 €","6,83 €/Kg"
Iogurte arôma de frutos vermelhos,PorSi,Embalagem de 8x125 g,"1,87 €","1,25 €/Kg"
Sobremesa gelatina de morango,PorSi,Embalagem 4X100G,"0,85 €","2,13 €/Kg"
Fósforos longos,Quinas,Embalagem com 3 unidades,"1,15 €","1,15 €/Unidade"
Lombinhos,Porco,1 un=500 gr aprox.,"4,88 €","4,88 €/Kg"
Bolachas crackers com sal,PorSi,Embalagem de 500g,"0,39 €","3,12 €/Kg"
Gelatina frutos tropicais  10kcal,Royal,Embalagem de 30g,"0,85 €","5,00 €/Kg"
Gin london dry 40,Bulldog,Embalagem de 0.70L,"19,79 €","19,79 €/L"
Tiras de bacon fumado,PorSi,Embalagem de 2 x 100 g,"4,15 €","20,75 €/Kg"
Patê frango,La piara,Embalagem de 80g,"1,19 €","13,52 €/Kg"
"Recarga para ambientador elétrico, white bouquet duo",Air Wick,Embalagem de 2 unidades,"11,98 €","11,98 €/Unidade"
Lava Tudo Perfumado Lavanda,PorSi,Embalagem de 2 l,"0,99 €","0,50 €/L"
Toalha de banho,PorSi,100 x 150 cm,"12,00 €/Unidade","12,00 €/Unidade"
Tablete de chocolate preto,Nestle,Embalagem de 130g,"0,99 €","4,95 €/Kg"
Iogurte grego natural açucarado sem lactose,PorSi Viva Bem,Embalagem de 240g,"0,99 €","1,98 €/Kg"
Adoçante em pó stevia,PorSi Viva Bem,Embalagem de 250 g,"1,99 €","199,00 €/Kg"
Restaurador de Chão Envenizado Médio/Escuro,Novycera,Embalagem de 500 ml,"2,49 €","2,49 €/L"
Gelatina light de ananás,Condi,Embalagem de 2x15g,"0,85 €","5,00 €/Kg"
Refrigerante com gás guaraná,Antartica,"Garrafa de 1,5 l","0,79 €","0,40 €/L"
Lava Tudo Gel Max Power Flores de Limoeiro,Ajax,Embalagem de 750 ml,"0,99 €","0,50 €/L"
Cafe rossio m.unica 250g,Nicola,Embalagem de 250g,"3,49 €","13,96 €/Kg"
Formas de alumínio 950 ml,PorSi,5 unidades,"0,54 €","0,54 €/Unidade"
Esferográfica Cristal Ouro e Prata x2,Bic,1 unidade,"2,69 €","2,69 €/Unidade"
Bolachas ricanela,Cuetara,Embalagem de 400g + 100g grátis,"0,39 €","3,12 €/Kg"
Néctar de laranja,Bongo,Garrafa de 1 l,"0,99 €","0,99 €/L"
Liegeois de chocolate,Milchfrisc,Embalagem de 200g,"0,55 €","2,75 €/Kg"
Corantes alimentares ducros,Vahine,Garrafa de 20 ml,"1,89 €","17,18 €/Kg"
Baby Laptop,Baby Clementoni,1 unidade,"16,49 €","16,49 €/Unidade"
"Queijo regional de vaca, cabra e ovelha curado",Qj.saloio,Embalagem de 190g,"5,99 €","23,96 €/Kg"
Aperitivos de amendoim com sal e mel,Matutano,Embalagem de 150g,"1,79 €","3,58 €/Kg"
Dessert topping chocolate,Winsenia,Embalagem de 300g,"1,29 €","3,23 €/Kg"
Chocolate lion mini,Lion,Embalagem de 198 g,"11,00 €/Kg","11,00 €/Kg"
Queijo mozzarella fresca,Galbani,Embalagem de 125 g,"1,89 €","15,12 €/Kg"
Azeite virgem delicado,Gallo,Garrafa de 750 ml,"3,29 €","4,39 €/L"
"12 lápis de cor, 18cm",Domédia,Uma embalagem,"3,19 €","3,19 €/Unidade"
Vermute bianco,Martini,Garrafa de 1 l,"11,99 €","11,99 €/L"
Saco de desporto 2 em 1 impermeável/tapete,Innovagoods,1 unidade,"6,99 €","6,99 €/Unidade"
Batata pré-frita noisette,PorSi,Embalagem de 1 kg,"1,39 €","1,39 €/Kg"
Taças para cocktail 25 cl,Pasabahce,4 unidades,"0,54 €","0,54 €/Unidade"
Lixívia Tradicional,Neoblanc,Embalagem de 4 l,"1,74 €","0,35 €/L"
Iogurte natural,PorSi,Embalagem 12 x 125 g,"0,99 €","1,98 €/Kg"
Polpa de cebola e alho,PorSi,Embalagem de 500 g,"3,84 €","24,00 €/Kg"
Bolachas waffers com recheio de limão,Cuetara,Embalagem de 150 gr,"0,98 €","4,67 €/Kg"
Paio das beiras,PorSi,Embalagem de 380g,"1,27 €","12,69 €/Kg"
Achocolatado pó instantâneo lata,Nesquik,Embalagem de 400g,"5,39 €","7,19 €/Kg"
Iogurte líquido frutos tropicais,Longa vida,Embalagem de 4 x 160 g,"1,31 €","2,05 €/Kg"
Iogurte líquido pinacolada corpos danone,Danone,Embalagem de 4 x 155 g,"1,31 €","2,05 €/Kg"
Bolacha de caramelo,Snapy,Embalagem de 250g,"2,11 €/Kg","2,11 €/Kg"
Gelatina de laranja,PorSi,Embalagem de 170g,"0,85 €","5,00 €/Kg"
20 saquetas chá verde pure,Lipton,Embalagem de 30g,"0,99 €","23,02 €/Kg"
Pudim flan,PorSi,Embalagem de 4 x 5.6 g,"0,59 €","29,50 €/Kg"
Toalha em rolo papel azul,PorSi,1 Unidade,"3,45 €","3,45 €/Unidade"
Snack de Chocolate Mini,Mars,Embalagem de 170 g,"11,00 €/Kg","11,00 €/Kg"
Caldo galinha 16 cubos,Maggi,Embalagem de 160g,"3,84 €","24,00 €/Kg"
Cereais choco max,Nacional,Embalagem de 300 g,"5,07 €/Kg","5,07 €/Kg"
Creme Depilatório Peles Sensíveis,Veet,Embalagem de 200 ml,"10,99 €","73,27 €/L"
Sementes de chia,PorSi Viva Bem,Embalagem de 150 g,"1,59 €","10,60 €/Kg"
Café moagem universal portugal,Delta,Embalagem de 250g,"3,49 €","13,96 €/Kg"
Rebuçados peitorais,Dr.bayard,Embalagem de 200g,"0,77 €","3,85 €/Kg"
Leite com sabor a chocolate proteína,Yopro,Garrafa de 330 ml,"2,15 €","9,77 €/L"
Elixir junior,Aquafresh,Embalagem de 300 ml,"0,99 €","0,99 €/Unidade"
Anticalcário,Viakal,Embalagem de 500 ml,"1,09 €","1,09 €/L"
Iogurte grego maçã e canela,Danone,Embalagem de 4 x 110 g,"1,49 €","2,98 €/Kg"
Iogurte natural,Danone,Embalagem de 8x120g com 1 unidade grátis,"0,99 €","1,98 €/Kg"
Batata Pré-Frita Croquettes,PorSi,Embalagem de 1 kg,"1,39 €","1,39 €/Kg"
Creme p/ Calçado Castanho,Búfalo,Embalagem de 50 ml,"0,99 €","19,80 €/L"
Bife de Frango,Frango,Vendido ao peso a partir de 1 kg,"1,05 €","2,99 €/Kg"
Iogurte morango 000%,PorSi Viva Bem,Embalagem de 4 x 125 g,"4,38 €","2,19 €/Kg"
Argolas Romana,PorSi,Embalagem de 400 g,"1,79 €","7,16 €/Kg"
Achocolatado em pó,Ovomaltine,Embalagem de 400g,"5,39 €","7,19 €/Kg"
Biscoitos canudinho simples,PorSi,Embalagem de 300g,"2,98 €","9,93 €/Kg"
Choco limpo 20/40,PorSi,Embalagem de 800 g,"7,99 €","9,99 €/Kg"
Gomas ositos de oro,Haribo,Embalagem de 100g,"0,99 €","9,90 €/Kg"
Pensos Higiénicos Cottonlike Super Com Abas,Evax,12 unidades,"2,59 €","2,59 €/Unidade"
Pensos Higiénicos Ultra Air Dry C/ Abas,Ausonia,embalagem com 14 un.,"2,59 €","2,59 €/Unidade"
Estojo de maquilhagem Urban Style,Clementoni,1 unidade,"14,99 €","14,99 €/Unidade"
Bolacha chocomax mini,Nacional,Embalagem de 120 g,"0,79 €","5,27 €/Kg"
Licor frutos tropicais,Safari,Garrafa de 700 ml,"16,99 €","24,27 €/L"
Queijo fresco meio gordo,PorSi,200 g,"2,44 €","11,30 €/Kg"
Massa spaghetti tricolore,Milaneza,Embalagem de 500 g,"0,99 €","1,98 €/Kg"
Recarga Esfregona de Microfibras,PorSi,1 unidade,"0,89 €","0,89 €/Unidade"
Pilhas Alcalinas AAA Optimum,Duracell,Blister 4 Pilhas,"1,49 €","1,49 €/Unidade"
Goodnight Coney,Cry Babies,1 unidade,"14,99 €/Unidade","14,99 €/Unidade"
Bacalhau com natas,PorSi,Embalagem de 380g,"1,79 €","7,16 €/Kg"
Spray renova camurça incolor,PorSi,Embalagem de 200 ml,"6,19 €","24,76 €/L"
Toucinho fumado extra,PorSi,Embalagem de 200 g,"4,15 €","20,75 €/Kg"
Oikos morango 110g x4,Danone,Embalagem de 440g,"1,49 €","2,98 €/Kg"
"Pasta de arquivo, lombada estreita, azul",Domédia,1 unidade,"3,29 €","3,29 €/Unidade"
Doce pessego 284g,ST.DALFOUR,Frasco de 284g,"2,19 €","9,95 €/Kg"
Aletria,Milaneza,Embalagem de 500g,"0,99 €","1,98 €/Kg"
"Guardanapos brancos, 33x33cm, 2 folhas, 90 unidades",Renova,Uma embalagem,"1,29 €","1,29 €/Unidade"
Choco flakes,Cuetara,Embalagem de 500g,"5,07 €/Kg","5,07 €/Kg"
Champô Hidratante,Baby Dove,Embalagem de 400 ml,"4,39 €","21,95 €/L"
Bebida essencial frutos vermelhos,Compal,Pack 3 x 0.11 l,"2,29 €","6,94 €/L"
Água s/ gás,Luso,Pack 6 x 1.5 l,"1,04 €","0,17 €/L"
Néctar 8 frutos,Bongo,Pack 6 x 200 ml,"0,99 €","0,99 €/L"
Levedura de cerveja,Salutem,Embalagem de 150g,"2,29 €","11,45 €/Kg"
"Massa polir, em bisnaga",Redex,Embalagem de 125 ml,"3,99 €","0,80 €/L"
Mortadela de peru com azeitonas,PorSi,1 un = 150 gr (aprox.),"0,95 €","4,75 €/Kg"
"Sumo 100%, tutti-frutti",PorSi,"Embalagem de 1,5 l","1,09 €","0,73 €/L"
Vitamina c,PLANTANATU,Embalagem de 1 unidades,"7,59 €","126,50 €/Kg"
Dentifríco anti-tártaro + branqueador,Colgate,Embalagem de 75 ml,"2,39 €","31,87 €/L"
"Martelo Cabo de Borracha, 18mm",Itools,1 unidade,"5,99 €","5,99 €/Unidade"
Lambrusco tinto,*,Garrafa de 750 ml,"2,09 €","2,79 €/L"
Mistolin tira-nódoas,Mistolin,Garrafa de 500 ml,"1,79 €","2,39 €/L"
Balões latex azul,PorSi,Embalagem com 24 unidades,"0,69 €","0,69 €/Unidade"
"Fita de Embalar Transparente, 50mmx66m",Vito,1 unidade,"1,79 €","1,79 €/Unidade"
Ração seca mix para cão adulto,PorSi,Embalagem de 20 kg,"22,99 €","1,15 €/Kg"
Cera de depilação profissional,Veet,Garrafa de 300 ml,"6,99 €","6,99 €/Unidade"
Cacau magro em pó,PorSi,Embalagem de 125 g,"1,04 €","8,32 €/Kg"
Tira Nódoas em Pó Cores,Skip,1 kg,"10,99 €","52,33 €/Kg"
Forma de papel para bolos 6. 8cm,PorSi,Embalagem com 60 unidades,"0,54 €","0,54 €/Unidade"
Vinagre vinho branco 250ml,Cristal,Garrafa de 250 ml,"0,35 €","0,70 €/L"
Elixir Total Care Zero,Listerine,Embalagem de 500 ml,"5,99 €","11,98 €/L"
Água c/ gás limão,Frize,pack 4 x 0.25 l,"2,85 €","2,85 €/L"
Arroz agulha,Pato real,Embalagem de 1 kg,"1,26 €","1,26 €/Kg"
Iogurte aroma de banana,PorSi,Embalagem de 4x125g,"1,87 €","1,25 €/Kg"
Bolacha tosta rica choco guay,Cuetara,Embalagem de 170g,"1,89 €","15,75 €/Kg"
"Sacos do lixo WC canino 5l, 30 unidades",Silvex,Uma embalagem,"1,89 €","1,89 €/Unidade"
Liquido abrilhantador castanho,PorSi,75 ml,"2,25 €","45,00 €/L"
Mimosa bem especial leite e amêndoa,Mimosa,Embalagem de 1 litro,"0,99 €","0,99 €/L"
Creme vegetal culinário,Vaqueiro,Embalagem de 250 g,"2,89 €","2,89 €/Kg"
Gel de Banho Silk,Dove,Embalagem de 750 ml,"6,39 €/L","6,39 €/L"
Chourição fatiado,PorSi,Embalagem de 200g,"0,95 €","9,49 €/Kg"
Creme para calcanhares gretados,Scholl,Embalagem de 60 ml,"7,69 €","102,53 €/L"
Guardanapos Gold 2 folhas,Renova,Dim.: 39x39cm,"1,29 €","1,29 €/Unidade"
Quiche lorraine,Monique Ranou,Embalagem de 400 g,"3,99 €","11,40 €/Kg"
Guardanapos | Dim.: 30 x 33 cm,PorSi,Embalagem com 20 unidades,"1,29 €","1,29 €/Unidade"
Maçã Golden Económica,Fruta do Dia,1 un = 120 gr (aprox.),"1,29 €/Kg","1,29 €/Kg"
Alecrim em folhas,PorSi,Embalagem de 25g,"0,25 €","0,25 €/Kg"
Bolacha digestiva go canela,Triunfo,Embalagem de 170g,"1,19 €","5,95 €/Kg"
"Queijo fresco, grande",PorSi,Embalagem de 250 g,"2,44 €","11,30 €/Kg"
Coca-cola zero,Coca-Cola,pack 2 x 1.75 l,"0,79 €","0,40 €/L"
Manteiga pasteurizada com sal cuvet,Primor,Embalagem de 250g,"1,89 €","7,56 €/Kg"
Infusão funcho,Cemporcent,Embalagem de 10 unidades,"0,99 €","76,15 €/Kg"
Semente linhaça amarela,Salutem,Embalagem de 250g,"2,29 €","11,45 €/Kg"
Ambientador tealights baunilha,PorSi,embalagem com 18 unidades,"9,49 €","45,19 €/Kg"
Azeite virgem extra clássico,Gallo,Garrafa de 250 ml,"3,29 €","4,39 €/L"
Bife da Pá,Novilho,Vendido ao peso a partir de 800 g,"3,29 €","8,23 €/Kg"
Leite UHT Meio Gordo,PorSi,1 l,"0,83 €","0,83 €/L"
Recarga  para esfregona tiras,PorSi,1 unidade,"0,89 €","0,89 €/Unidade"
Pudim caseiro de laranja,Royal,Embalagem de 200g,"0,59 €","29,50 €/Kg"
Porto branco,Valadao,Garrafa de 750 ml,"11,99 €","15,99 €/L"
Sopa de rabo de boi,Knorr,Embalagem de 70g,"0,62 €","10,00 €/Kg"
Inseticida ajustável eléctrico líquido anti melgas e...,Raid,60 noites,"7,69 €","7,69 €/Unidade"
Café 5 estrelas moído tradição,Sical,Embalagem de 250g,"3,49 €","13,96 €/Kg"
Goodnight Coney,Cry Babies,1 unidade,"14,99 €","14,99 €/Unidade"
Preparado de carne de novilho (picada),PorSi,Embalagem de 400 g,"3,29 €","8,23 €/Kg"
Banha,PorSi,Embalagem de 940 g,"2,89 €","2,89 €/Kg"
Serpentinas,Mercagranel,Embalagem 20 Rolos,"0,69 €","0,69 €/Unidade"
Feijão branco cozido,PorSi,Embalagem de 420g,"2,19 €","2,81 €/Kg"
Croutons com azeite,PorSi,Embalagem de 150g,"2,39 €","6,83 €/Kg"
Pizza romana,PorSi,Embalagem de 370g,"2,16 €","6,17 €/Kg"
15 panadinhos de peixe,PorSi,Embalagem de 450 g,"3,99 €","9,98 €/Kg"
Gelado tiramisu,PorSi,Embalagem de 900 ml,"3,49 €","6,98 €/L"
Creme vegetal para cozinha,Becel,Embalagem de 450 g,"1,39 €","6,95 €/L"
Marmelada,PorSi,Embalagem de 450g,"1,09 €","2,42 €/Kg"
Gel wc anticalcário sem lixívia,PorSi,"Garrafa de 1,5 l","2,79 €","3,99 €/L"
Detergente Multiusos Spray,Ajax,Garrafa de 500 ml,"1,29 €","0,86 €/L"
Azeite virgem extra dop trás-os-montes,PorSi Select,Embalagem 750 ml,"3,29 €","4,39 €/L"
"Vela em número, nº 6",PorSi,1 unidade,"0,60 €","0,60 €/Unidade"
Néctar clássico de pera,Compal,Garrafa de 200 ml,"0,99 €","0,99 €/L"
Cápsulas de café delta qualidus,Delta Q,Embalagem de 60g,"59,82 €/Kg","59,82 €/Kg"
Noodle banzai galinha,Cigala,Embalagem de 70g,"0,99 €","1,98 €/Kg"
Lava Tudo Amoniacal,Sonasol,"Garrafa de 1,3 l","0,99 €","0,50 €/L"
Tablete de chocolate leite com amêndoas,PorSi Select,200 g,"6,50 €/Kg","6,50 €/Kg"
Pastel de Nata,Pastelaria do Dia,60 g,"0,35 €","0,35 €/Unidade"
Peito de peru fatiado,PorSi,Embalagem de 200g,"2,25 €","11,25 €/Kg"
Molho de maionese com alho e ervas,PorSi,Garrafa de 120 ml,"0,87 €","2,90 €/Kg"
Tablete de chocolate leite,Schogetten,Embalagem de 100g,"5,30 €/Kg","5,30 €/Kg"
Farinha trigo sem fermento,ESPIGA,Embalagem de 5 kg,"0,85 €","0,85 €/Kg"
Pastilhas fire canela,CHICLETS,Embalagem de 16 g,"0,89 €","59,33 €/Kg"
Chupas Party Mix,PorSi,150 g,"3,40 €","28,33 €/Kg"
Snacks para Cão Markies Mini,Pedigree,Embalagem de 500 g,"5,58 €/Kg","5,58 €/Kg"
Fiambre da perna extra,PorSi,Pack Poupança de 2 x 170 g,"0,97 €","6,49 €/Kg"
Tostas integrais,PorSi,Embalagem de 225g,"2,39 €","6,83 €/Kg"
Tira gorduras dia a dia,Mistolin,Garrafa de 750 ml,"1,79 €","2,39 €/L"
Loção tónica para pele seca,Labell,Embalagem de 250 ml,"6,79 €","33,95 €/L"
Rolo Cozinha Meia Folha Adapt,Colhogar,2 rolos,"4,99 €","4,99 €/Unidade"
Pensos clássicos,PorSi,20 unidades,"0,59 €","1,18 €/L"
Fiambre da perna extra baixo teor de gordura fatias ...,PorSi Viva Bem,Embalagem de 200 g,"0,97 €","6,49 €/Kg"
Nutella b-ready,Nutella,Embalagem de 132 g,"11,00 €/Kg","11,00 €/Kg"
Bolacha cream cracker,Cuetara,Embalagem de 200g,"0,39 €","3,12 €/Kg"
Gelatina tutti-fruti,PorSi,Embalagem de 170g,"0,85 €","5,00 €/Kg"
Nestum aveia e maçã,Nestum,Embalagem de 250g,"3,29 €","4,39 €/Kg"
Recarga mopa 1.2 spray max,Vileda,1 unidade,"2,99 €","2,99 €/Unidade"
Bebida de soja e chocolate,PorSi Viva Bem,Embalagem de 1 l,"2,49 €","2,49 €/L"
Xarope de limão sem corantes,Paquito,Garrafa de 750 ml,"3,54 €","3,54 €/L"
Refrigerante c/ gás,Pepsi,Pack 6 x 0.33 l,"0,79 €","0,40 €/L"
Feijoada transmontana,Nobre,Embalagem de 420g,"2,35 €","5,60 €/Kg"
"Amaciador de roupa, azul",Comfort,Garrafa de 4 l,"8,99 €","2,25 €/L"
Spray óleo amêndoas doces,Hidro,Embalagem de 100 ml,"0,59 €","1,18 €/L"
18 hamburguers s/ glúten vaca,Capitão Iglo,Pack familiar com 1.4 kg,"2,79 €","8,72 €/Kg"
Café nyeri quénia moagem universal,Sical,Embalagem de 220g,"3,49 €","13,96 €/Kg"
Barrinhas pescada com limão sem glúten,Pescanova,Embalagem de 300g,"1,79 €","7,16 €/Kg"
Doce quatro frutos,ST.DALFOUR,Frasco de 284g,"2,19 €","9,95 €/Kg"
Morangos 100% Naturais,PorSi,Embalagem de 750 g,"3,29 €","4,39 €/Kg"
Farinha de trigo sem fermento t55,PorSi,Embalagem de 5 kg,"0,85 €","0,85 €/Kg"
"Espuma cabelo, hidra caracóis",Fru style,Embalagem de 200 ml,"4,19 €","16,76 €/L"
"Gomas talhadas, sabor a melancia",Fini,Embalagem de 100 g,"0,99 €","9,90 €/Kg"
Favas ultracongeladas,PorSi,Embalagem de 400g,"1,98 €","1,98 €/Kg"
Soja fina,PorSi Viva Bem,Embalagem de 400 g,"1,49 €","3,73 €/Kg"
Bolachas com recheio de chocolate,PorSi,Embalagem de 3 x 250 g,"2,15 €","2,87 €/Kg"
Nestum flocos de cereais integrais,Nestum,Embalagem de 250g,"3,29 €","4,39 €/Kg"
Porto special reserva,Cruz,"garrafa de 0,75 l","10,99 €","14,65 €/L"
Pastilhas melão e melancia,Trident,Embalagem de 20g,"0,89 €","59,33 €/Kg"
Infusão de camomila,Tetley,Embalagem de 10g,"0,99 €","23,02 €/Kg"
Comida húmida para gato com frango/vaca,Purina One,Embalagem de 340g,"2,89 €","7,23 €/Kg"
Cereais nesquik,Nestle,Embalagem de 625g,"5,07 €/Kg","5,07 €/Kg"
Vela com número 4,PorSi,1 unidade,"0,60 €","0,60 €/Unidade"
Fruta para bebé banana laranja bolacha +6 meses,Nestle,Embalagem de 90g,"0,74 €","8,22 €/Kg"
Bola mistura,Pão do Dia,1 unidade= 80 g,"0,19 €","2,38 €/Kg"
Azeite virgem extra dop moura,PorSi Select,Embalagem de 0.75L,"3,29 €","4,39 €/L"
Iogurte pedaços frutas variadas,PorSi,Embalagem de 16 x 125 g,"4,38 €","2,19 €/Kg"
Elixir oil,Gliss,Embalagem de 75 ml,"1,00 €","5,00 €/L"
"Rebuçados sem açucar vita c, sabor citrinos",Halls,Embalagem de 32G,"0,77 €","3,85 €/Kg"
Café torrado em grão,PorSi,250 g,"9,16 €/Kg","9,16 €/Kg"
X-ato mini,Maped,9 mm,"2,19 €","109,50 €/L"
Termo forte beringela/limão,PLANTANATU,Garrafa de 500 ml,"7,59 €","126,50 €/Kg"
Detergente liquido para máquina de lavar roupa activ...,Skip,Embalagem de 80 doses,"31,99 €","31,99 €/Unidade"
After Shave Bálsamo Sensitive Cool,Nivea Men,Embalagem de 100 ml,"1,16 €","4,64 €/L"
Forra livros,Mab,,"2,19 €","109,50 €/L"
Caramelos de fruta multisabor single,Sugus,Embalagem de 50g,"1,19 €","4,76 €/Kg"
Queijo Flamengo Fatias,PorSi,Embalagem 500G,"1,96 €","9,80 €/Kg"
Achocolatado em pó extra chocolate,Nesquik,Embalagem de 390g,"5,39 €","7,19 €/Kg"
Nata uht para bater,Gresso,Garrafa de 200 ml,"0,75 €","3,75 €/L"
"Caixa com saquetas de  pau de canela, 30 unidades",PorSi,Embalagem 90G,"0,25 €","0,25 €/Kg"
Refeição caseira almôndegas,Nobre,Embalagem de 420g,"2,35 €","5,60 €/Kg"
"Pasta dentífrica, 7-13 anos",Labell,Embalagem de 75 ml,"0,99 €","0,99 €/Unidade"
Queijo flamengo em Barra,Gresso,"Vendido ao peso, fatiado a partir de 100 gr","1,96 €","9,80 €/Kg"
Acetona,PorSi,Embalagem de 200 ml,"1,89 €","9,45 €/L"
Pack de 3 embalagens de polpa de tomate,Compal,Embalagem de 630g,"3,84 €","24,00 €/Kg"
Molho 4 pimentas,PorSi,Embalagem de 120 ml,"0,87 €","2,90 €/Kg"
Massa aletria,PorSi,Embalagem de 500g,"0,99 €","1,98 €/Kg"
Café c/ cafeína intenso,Nescafe,Embalagem de 100g,"14,50 €/Kg","14,50 €/Kg"
Néctar de laranja e cenoura light,PorSi,Embalagem de 3 x 200 ml,"0,84 €","2,55 €/L"
Massa meada,PorSi,Embalagem de 500g,"0,99 €","1,98 €/Kg"
Tomate em pedaços,PorSi,Embalagem de 390g,"2,19 €","2,81 €/Kg"
Alheira de mirandela,PorSi Select,Embalagem de 200 g,"1,49 €","7,45 €/Kg"
Pipocas coloridas,Orcape,Embalagem de 100g,"0,79 €","7,90 €/Kg"
Feijão preto,Legumes secos,1 un = 100 gr. (aprox.),"0,26 €","2,59 €/Kg"
Abrasivo sanitário pinho e eucalipto,PorSi,embalagem de 1 litro,"1,09 €","1,09 €/L"
Óleo alimentar,Vêgê,Embalagem de 1 l,"3,39 €","3,39 €/L"
Cappucino go chill com cacau,Delta,Embalagem de 230 ml,"3,19 €","25,52 €/Kg"
Tablete de chocolate oreo,Milka,Embalagem de 300g,"5,30 €/Kg","5,30 €/Kg"
Piripiri grão,PorSi,Saqueta de 20 g,"0,25 €","0,25 €/Kg"
Sementes de girassol,Cemporcent,Embalagem de 150 G,"1,39 €","9,27 €/Kg"
Royal gelatin,Royal,Embalagem de 400g,"0,85 €","2,13 €/Kg"
"Escova de cabelo, pneumática javali",Labell,Uma unidade,"3,99 €","3,99 €/Unidade"
Fiambre da Perna Extra,PorSi,1 un = 150 gr (aprox.),"0,97 €","6,49 €/Kg"
Faca para Churrasco 11 cm Inox,PorSi,1 unidade,"4,75 €","4,75 €/Unidade"
Arroz basmati,Caçarola,Embalagem de 1 kg,"1,26 €","1,26 €/Kg"
Insecticida recarga,Biokill,Embalagem de 375 ml,"4,79 €","11,98 €/L"
Chiclets morango 16.8g,CHICLETS,Embalagem de 20g,"0,89 €","59,33 €/Kg"
Queijo de Ovelha Meio Gordo,Seia,1 un = 450 g (aprox.),"4,62 €","18,49 €/Kg"
Tomate coração de boi categoria: II,*,Vendido ao peso,"0,75 €","2,99 €/Kg"
Bolacha dibus mini angry birds,Gullon,Embalagem de 250g,"1,89 €","15,75 €/Kg"
Gelado magnum pint clássico,Olá,Embalagem de 440 ml,"3,49 €","6,98 €/L"
Pudim de chocolate,Boca Doce,Embalagem de 20g,"0,59 €","29,50 €/Kg"
Cheeseburger Vaca,Snock,Embalagem de 100 g,"3,39 €","21,19 €/Kg"
Rebuçados drops recheio de fruta,PorSi,Embalagem de 250g,"1,08 €","5,40 €/Kg"
Bolachas de aveia,Triunfo,Embalagem de 190g,"2,98 €","9,93 €/Kg"
Vinho frisante rosé,Lapadas,Garrafa de 750 ml,"1,99 €","2,65 €/L"
Iogurte mix-in smarties baunilha,Nestle,Embalagem de 2 x 128 g,"1,05 €","1,86 €/L"
Pensos higiénicos liberty noite abas,Evax,Embalagem com 9 un.,"2,59 €","2,59 €/Unidade"
Baby Fruta,Baby Clementoni,1 unidade,"16,49 €","16,49 €/Unidade"
"Abs odores lavanda, pack 2x150g",Glade,Embalagem de 2x150 g,"16,63 €/L","16,63 €/L"
Spray power&shine casa de banho,Cif,Garrafa de 750 ml,"4,09 €","5,45 €/L"
Ambientador aerosol pure flor de cerejeira,Air Wick,Garrafa de 250 ml,"0,99 €","3,30 €/L"
Creme de Mãos Intensivo,Nivea,Embalagem de 100 ml,"2,49 €","41,50 €/L"
Detergente manual de roupa,Omo,Embalagem de 540g,"2,38 €","4,67 €/Kg"
Whisky tullamore dew,Tullamore,Garrafa de 700 ml,"23,49 €","23,49 €/L"
Amendoim cremoso,Cemporcent,Embalagem de 510g,"3,99 €","7,98 €/Kg"
"Alimento para cão adulto bio complex mix, com frango",HappyOne,Embalagem de 4 kg,"22,99 €","1,15 €/Kg"
Vinho do Porto Tawny,Velhotes,"garrafa de 0,75 l","6,29 €","8,39 €/L"
Cabo de metal com rosca,PorSi,1.20 m,"2,99 €","2,99 €/Unidade"
Sal marinho grosso,Vatel,Embalagem de 1 kg,"0,25 €","0,25 €/Kg"
Queijo roquefort,Páturages,Embalagem de 150 g,"1,45 €","7,25 €/Kg"
Lasanha bolonhesa,Iglo,Embalagem de 300g,"2,16 €","6,17 €/Kg"
Esponja mágica tira manchas e riscos,PorSi,Embalagem com 2 unidades,"0,79 €","0,79 €/Unidade"
Fita cola transparente,Uhu,15mm x 33m,"2,19 €","109,50 €/L"
Lambrusco branco,Sorbello,Garrafa de 0.75 l,"2,09 €","2,79 €/L"
Ambientador aerossol 5 em 1 lavanda,PorSi,300 ml,"0,99 €","3,30 €/L"
Bolacha com aveia,PorSi,Embalagem de 300 g,"1,19 €","5,95 €/Kg"
Cebola picada em pacote,PorSi,Embalagem de 40 g,"0,25 €","0,25 €/Kg"
Infusão hipericão,Cemporcent,Embalagem de 10 unidades,"0,99 €","76,15 €/Kg"
Salsicha Fresca,Porco,1 un = 100 gr (aprox.),"0,60 €","5,99 €/Kg"
Vela com número nº 6,PorSi,1 unidade,"0,60 €","0,60 €/Unidade"
Farinha láctea,PorSi,Embalagem de 1 kg,"4,99 €","4,99 €/Kg"
Compasso Origin 3 peças,Maped,Uma embalagem,"4,69 €","4,69 €/Unidade"
Alimento seco p/ cão croquetes vaca,Pedigree,Embalagem de 3 kg,"22,99 €","1,15 €/Kg"
Moscatel de setúbal,Pioneiro,Garrafa de 750 ml,"16,99 €","24,27 €/L"
Néctar de pera rocha e framboesa do Oeste Algarve,Compal,1 litro,"0,99 €","0,99 €/L"
