Nome,Marca,Unidade,Preço Primário,Preço Secundário
Pão com chouriço,Pastelaria do Dia,1 unidade = 90 g,"0,65 €","0,65 €/Unidade"
Ambientador arbremagique pinho,Arbre Magique,1 unidade,"1,99 €","1,99 €/Unidade"
Guardanapos 2 folhas vermelhos e dourado,PorSi Select,40 unidades,"1,29 €","1,29 €/Unidade"
Lava tudo lavanda,Cif,"Garrafa de 1,4 l","0,98 €","0,49 €/L"
Maxi folhado queijo/fiambre,Pastelaria do Dia,1 unidade = 125 g,"0,65 €","0,65 €/Unidade"
Água destilada,PorSi,Garrafão de 5 l,"11,99 €","11,99 €/Unidade"
Vinho branco doce regional península de setúbal,Q.camarate,Garrafa de 750 ml,"7,99 €","10,65 €/L"
Sementes de linhaça dourada,PorSi Viva Bem,Embalagem de 250 g,"1,49 €","9,93 €/Kg"
Chocolate kit kat,Kit kat,Embalagem de 130g,"11,93 €/Kg","11,93 €/Kg"
Delícias do mar s/ glúten,Pescanova,Embalagem de 450 g,"2,99 €","6,64 €/Kg"
Big burger frango,Capitão Iglo,Embalagem de 230g,"3,49 €","8,73 €/Kg"
Vinho doc douro tinto,Papa Figos,Garrafa de 0.75 l,"7,49 €","9,99 €/L"
Lixívia Denso-Activa Harmonias Florais p/ Casa e Rou...,Neoblanc,Embalagem de 2 l,"1,79 €","0,36 €/L"
Água mineral natural alcalina,MONCHIQUE,"6x1,5l","0,89 €","0,18 €/L"
Azeitona verde descaroçada,CANTOLIVA,Embalagem de 360 g,"1,29 €","6,14 €/Kg"
Salsichas frasco hot dog,PorSi,Embalagem 540G,"0,75 €","3,75 €/Kg"
Cadeira de refeição campus,Dorel,1 unidade,"69,99 €","69,99 €/Unidade"
Queijo de cabra,Palhais,Embalagem de 200g,"1,89 €","10,50 €/Kg"
Tomilho,PorSi,20 g,"0,79 €","15,80 €/Kg"
Arroz Carolino,Saludães,Embalagem de 1 kg,"0,99 €","0,99 €/Kg"
Vela com número nº 5,PorSi,1 unidade,"0,49 €","0,49 €/Unidade"
Pensos Higiénicos Cottonlike Noite Alas,Evax,embalagem de 9 unidades,"4,99 €","4,99 €/Unidade"
Recarga Panos p/ Madeira,Swiffer,18 un.,"1,69 €","1,69 €/Unidade"
Molho bechamel,PorSi,Embalagem de 200g,"0,69 €","2,30 €/Kg"
Biscoitos canudinho recheio cacau,PorSi,Embalagem de 300g,"2,49 €","8,30 €/Kg"
Tomates Mini Kumato Biológicos,PorSi Bio,± 200 g,"0,38 €","1,89 €/Kg"
Bolachas waffers morango,PorSi,Embalagem de 210g,"0,89 €","4,24 €/Kg"
Detergente em pó máquina de lavar roupa lavanda,PorSi,75 doses,"9,79 €","2,07 €/Kg"
"Refrigerante com gás, ananás",Sumol,"Garrafa de 1,25 l","0,79 €","0,40 €/L"
"Azeitonas pretas sem caroço, frasco de 165 g",PorSi,Embalagem de 165g,"1,79 €","2,29 €/Kg"
Casal garcia sweet 750ml/1,Casal Garcia,Garrafa de 750 ml,"2,99 €","2,99 €/L"
Bife do Lombo,Vitelão,1 un = 100 gr (aprox.),"6,71 €","8,39 €/Kg"
"Sacos para sandes, 100 unidades",PorSi,1 embalagem,"1,39 €","1,39 €/Unidade"
Milho para pipocas,Globo,Embalagem de 400g,"0,75 €","7,50 €/Kg"
Chá vermelho e hortelã,Diese,Embalagem de 10 unidades,"0,85 €","65,38 €/Kg"
Cabeça de Aipo,Legumes do Dia,1 un = 500 g (aprox.),"0,62 €","2,49 €/Kg"
Chá de menta e eucalipto,Lipton,20 saquetas,"44,50 €/Kg","44,50 €/Kg"
Sopa rabo de boi económica,Knorr,Embalagem de 60g,"0,69 €","11,13 €/Kg"
Pasta de açúcar branco,PorSi,250 g,"1,39 €","1,39 €/Kg"
Bolachas mini prince recheadas com chocolate,PRINCE,Embalagem de 160 g,"0,75 €","5,00 €/Kg"
Lambrusco bianco,*,Garrafa de 750 ml,"6,39 €","8,52 €/L"
"Coloração permanente, caramelo avelã, nº 6.41",Excellence,1 unidade,"6,99 €","6,99 €/Unidade"
Bebida láctea crescimento 3 anos+,Nestle,Embalagem de 1 litro,"0,25 €","1,25 €/L"
Royal gelatin,Royal,Embalagem de 400g,"0,89 €","2,23 €/Kg"
Sacos do lixo wc 5 litros,PorSi,30 sacos,"1,79 €","1,79 €/Unidade"
Bolachas starship tradicional,PorSi,Embalagem de 150g,"0,89 €","5,93 €/Kg"
Morangos 100% Naturais,PorSi,Embalagem de 750 g,"2,99 €","3,99 €/Kg"
Pasta de amendoim com pedaços,Cemporcent,Embalagem de 200g,"5,99 €","19,97 €/Kg"
Delícia de bolacha,PorSi,Embalagem de 2x135 g,"0,49 €","2,45 €/Kg"
"Chocolate kit kat, single",Kit kat,Embalagem de 40g,"11,93 €/Kg","11,93 €/Kg"
Lata de Brilho Preto,Búfalo,Embalagem de 75 ml,"0,99 €","19,80 €/L"
Choco limpo 10/30,Pescanova,Embalagem de 500g,"4,99 €","6,24 €/Kg"
Bolachas cream cracker,PorSi,Embalagem de 200g,"0,37 €","2,96 €/Kg"
Leite uht magro com rosca,PorSi,1 litro,"0,81 €","0,81 €/L"
Camarão 30/40,Cozido de Aquicultura,1 un = 250 gr  (aprox.),"2,00 €","7,99 €/Kg"
Legumes grelhados,PorSi,Embalagem de 750g,"1,69 €","1,69 €/Kg"
Perninha de frango,PorSi,Embalagem de 800 g,"1,05 €","2,99 €/Kg"
Sopa de peixe,Brilha ali,Vendido ao peso,"1,99 €","2,49 €/Kg"
Limpa fornos,PorSi,500 ml,"1,29 €","1,72 €/L"
"Sunny delight blue raspberry, pet 31cl",Sunny d,Garrafa de 310 ml,"0,99 €","3,19 €/L"
Aperitivos de amendoim com sal e mel,Matutano,Embalagem de 150g,"0,75 €","7,50 €/Kg"
Yofu com pedaços de morango,Alpro,Embalagem de 4x125 g,"2,99 €","5,98 €/Kg"
Lasanha bolonhesa,Iglo,Embalagem de 300g,"3,49 €","8,73 €/Kg"
Esfregão c/ Esponja Salva Unhas Ergonómico / Confort...,Scotch-Brite,Embalagem de 2 unidades,"2,49 €","2,49 €/Unidade"
Sublinhador Brite Liner - 3+1,Bic,1 unidade,"2,99 €","2,99 €/Unidade"
Vinho DOC Trás-os-Montes Tinto,Terras de Mogadouro,750 ml,"7,49 €","9,99 €/L"
Bombons Caja Roja,Nestlé,Embalagem 400 g,"2,39 €","47,80 €/Kg"
Wafers framboesa barras,Vieira,Embalagem de 150g,"0,89 €","4,24 €/Kg"
Mortadela de peru fatiada,PorSi,Embalagem de 200g,"1,05 €","6,99 €/Kg"
Chocolate milkinis,Milka,Embalagem de 90g,"2,29 €","17,62 €/Kg"
Gelatina de ananás,PorSi,Embalagem de 170g,"0,59 €","65,56 €/Kg"
Queijo flamengo em fatias,Terra Nostra,Embalagem de 200g,"1,56 €","7,80 €/Kg"
Limão biológico,PorSi Bio,Emb.: ± 500 g,"0,47 €","1,89 €/Kg"
Batata branca para assar,*,Vendido ao peso,"0,22 €","0,89 €/Kg"
Chourico vinho das beiras,PorSi,Embalagem de 280g,"1,29 €","7,17 €/Kg"
Amendoim pedaços,Cemporcent,Embalagem de 510g,"5,99 €","19,97 €/Kg"
Queijo são jorge dop,PorSi Select,Embalagem de 400g,"2,25 €","8,99 €/Kg"
Profiteroles de nata,PorSi Select,Embalagem de 330 g,"2,49 €","7,55 €/Kg"
8 fantasias do mar,PorSi,Embalagem de 250g,"1,79 €","7,16 €/Kg"
Bebida energética original,Burn,Garrafa de 500 ml,"4,99 €","4,99 €/L"
Spray renova camurça castanha,PorSi,Embalagem de 200 ml,"2,79 €","13,95 €/L"
Alface Iceberg,Legumes do Dia,1 un= 400 g (aprox.),"1,20 €","2,99 €/Kg"
Sumo essencial de pêssego,Compal,pack 3 x 0.11 l,"2,09 €","6,33 €/L"
Vegalia especialidade vegetariana de soja,Nobre,Lata com 8 unidades,"2,09 €","8,36 €/Kg"
Bolacha de manteiga belga original,Saborosa,Embalagem de 220g,"1,69 €","6,76 €/Kg"
Bloco Sanitário Sólido Poder Activo Pinho,Sonasol,Embalagem de 2x50 g,"2,99 €","74,75 €/Kg"
Chouriço cebola beiras,PorSi,Embalagem de 300g,"1,29 €","7,17 €/Kg"
Creme de cenoura,PorSi,Embalagem de 400 g,"1,99 €","2,49 €/Kg"
Creme vegetal para barrar de chocolate,Tulicreme,Embalagem de 200g,"4,19 €","12,32 €/Kg"
Máscara Scandal Eyes,Rimmel,1 unidade,"1,19 €","4,76 €/L"
"Vela em número, nº 7",PorSi,1 unidade,"0,49 €","0,49 €/Unidade"
Extra Smooth Snap Máquina De Depilação,Venus,1 unidade,"5,49 €","5,49 €/Unidade"
Couscous tradicional,Cemporcent,Embalagem de 500g,"1,89 €","3,78 €/Kg"
Caneta correctora  Shake & Squeeze 2+1,Bic,1 unidade,"2,99 €","2,99 €/Unidade"
Creme de dia para pele normal,Labell,Embalagem de 50 ml,"1,99 €","39,80 €/L"
Barrita controlo de peso maçã,Ignoramu,Embalagem de 44g,"3,29 €","32,90 €/Kg"
Recargas ambientador elétrico sensual sandalwood & j...,Glade,Embalagem de 2 x 20 ml,"11,98 €","11,98 €/Unidade"
Agar agar gelificante em saquetas,Cemporcent,Embalagem de 8g,"5,99 €","19,97 €/Kg"
"Vinho rosé, meio seco",Leziria,Garrafa de 750 ml,"3,99 €","5,32 €/L"
Doce cereja 284g,ST.DALFOUR,Frasco de 284g,"1,95 €","8,86 €/Kg"
Vinagre de vinho tinto,PorSi,Garrafa de 500 ml,"0,35 €","0,70 €/L"
Água com gás,Vimeiro,"Garrafa de 1,5 l","1,99 €/L","1,99 €/L"
Anéis Empilháveis,Baby Clementoni,1 unidade,"12,99 €/Unidade","12,99 €/Unidade"
Creme abrasivo pink flowers,Cif,Garrafa de 700 ml,"0,99 €","1,32 €/L"
"Amaciador de roupa concentrado, floral, 60 unidades",San,"Garrafa de 1,5 l","1,99 €","1,00 €/L"
Tostas integrais,Bimbo,embalagem de 270 g,"2,29 €","6,54 €/Kg"
Bebida de coco com arroz,PorSi Viva Bem,1 litro,"1,99 €","1,99 €/L"
Shoyce aveia& amendoa 0%,Shoyce,Garrafa de 1 l,"1,99 €","1,99 €/L"
Bio gelatina alimentar 6 folhas,Vahine,Embalagem de 1 unidades,"2,39 €","2,39 €/Unidade"
Robalo de Viveiro,Programa Origens,1 un= 400 gr (aprox.),"4,80 €","11,99 €/Kg"
Caldo Verde,Sopas Portuguesas,Embalagem de 400 ml,"1,99 €","2,49 €/Kg"
Vinagre de sidra,Cristal,Garrafa de 500 ml,"0,35 €","0,70 €/L"
Yofu soja natural sem açúcar,Alpro,Embalagem de 500g,"2,99 €","5,98 €/Kg"
Fermento químico,Vahine,Embalagem de 108g,"1,49 €","13,55 €/Kg"
Vinho tinto regional alentejo,Rocim,Garrafa de 0.75 l,"2,89 €","3,85 €/L"
Infusão de camomila,Tetley,Embalagem de 10g,"85,00 €/Kg","85,00 €/Kg"
Limpa carpetes,PorSi,Embalagem de 1 litro,"1,79 €","2,39 €/L"
Farinha integral,ESPIGA,Embalagem de 500g,"1,69 €","1,69 €/Kg"
Batata frita lisas originais,Lay's,Embalagem de 160g,"0,99 €","5,35 €/Kg"
Noodle banzai galinha,Cigala,Embalagem de 70g,"0,89 €","1,78 €/Kg"
Corta unhas com tampa,Bebéconfort,1 unidade,"3,84 €","3,84 €/Unidade"
Snack para cão adulto com frango,Friskies,Embalagem de 200g,"0,89 €","4,94 €/Kg"
Cerveja sagres,Sagres,20 x 0.25 l,"1,99 €/L","1,99 €/L"
Spray boost multiusos,Ajax,500 ml,"1,19 €","0,79 €/L"
Chá preto,Tetley,Embalagem de 30g,"41,67 €/Kg","41,67 €/Kg"
Caldo verde sem batata,PorSi Viva Bem,Embalagem de 400 g,"1,99 €","2,49 €/Kg"
Vela com número nº 9,PorSi,1 unidade,"0,49 €","0,49 €/Unidade"
"Desodorizante para pés, creme Sport",Protex,Embalagem de 50 ml,"5,49 €","36,60 €/L"
Creme para calçado castanho,PorSi,50 ml,"0,99 €","19,80 €/L"
28 mini bolinhas bacalhau,PorSi,Embalagem de 300 g,"1,79 €","7,16 €/Kg"
Rebucado mentol 250g,Vieira,Embalagem de 250g,"0,89 €","4,45 €/Kg"
Refrigerante C/ Gás Zero,Coca-Cola,Garrafa de 1 l,"0,79 €","0,40 €/L"
Clara de ovo liquida pasteurizada,Dovo,1 kg,"1,74 €","1,74 €/Unidade"
Tira Nódoas Brancos em Pó,Skip,1 kg,"7,99 €","38,05 €/Kg"
Ice tea de limão,PorSi,Embalagem de 2 l,"0,99 €","0,66 €/L"
Salsa em vaso,Aroma viva,Embalagem de 1 unidades,"0,79 €","15,80 €/Kg"
Máquina Depilatória Descartável Twin Lady,Bic,Embalagem com 10 un.,"5,49 €","5,49 €/Unidade"
Feijão manteiga caçarola,Cacarola,Embalagem de 500g,"0,99 €","1,98 €/Kg"
Recarga Esfregona de Microfibras,PorSi,1 unidade,"0,99 €","0,99 €/Unidade"
Reparador de móveis escuro,Pronto,Embalagem de 100 ml,"3,99 €","13,30 €/L"
Camarão Tigre 20/30 Congelado,Nossa seleção,,"2,00 €","7,98 €/Kg"
Lixívia tradicional,PorSi,Embalagem de 1 l,"1,79 €","0,36 €/L"
Queijo P'tits Fondants 8 Porções,PorSi,Embalagem de 140 g,"0,79 €","22,57 €/Kg"
Vinho tinto bordeaux,CLOS DE LOS SIETE,Garrafa de 0.75 l,"6,39 €","8,52 €/L"
Champô oil nutritive,Gliss,Embalagem de 250 ml,"5,59 €","13,98 €/L"
Gengibre desidratado em cubos,Cemporcent,Embalagem de 100g,"1,89 €","3,78 €/Kg"
Queimador extra forte,Prozis,Embalagem de 1 unidades,"7,49 €","124,83 €/Kg"
Rebuçados mentho-lyus sem açúcar,Halls,Embalagem de 31 g,"0,89 €","4,45 €/Kg"
Moscatel de setúbal,Dom Campos,Garrafa de 750 ml,"5,99 €","7,99 €/L"
Butter cookies,PorSi,Embalagem de 450g,"0,89 €","5,93 €/Kg"
Doce arando e mirtilo,ST.DALFOUR,Frasco de 284g,"1,95 €","8,86 €/Kg"
Camarão Cozido 40/60,Nossa seleção,1 un = 250 gr (aprox.),"2,00 €","7,99 €/Kg"
"Coloração permanente, castanho dourado, nº43",Nutrisse,1 unidade,"6,99 €","6,99 €/Unidade"
Guardanapos brancos 30x30 cm,PorSi,Embalagem com 100 unidades,"1,29 €","1,29 €/Unidade"
Aroma de baunilha,Rayners,Garrafa de 28 ml,"1,49 €","13,55 €/Kg"
Mel multifloral doseador,PorSi,Embalagem de 250g,"4,59 €","9,18 €/Kg"
8 rissóis de carne,PorSi,Embalagem de 300g,"1,79 €","7,16 €/Kg"
Lindahls pro+ liq tropical,Lindahls,Garrafa de 330 ml,"1,19 €","1,86 €/Kg"
Bolachinhas,Cerelac,Embalagem de 180g,"1,89 €","15,75 €/Kg"
Óleo alimentar,Fula,Embalagem 1L,"3,39 €","3,39 €/L"
Focinho,Porco,1 un = 300 gr (aprox.),"0,60 €","5,99 €/Kg"
Iogurtes Corpos Danone Pedaços de Coco,Danone,Embalagem de 4 x 115 g,"3,99 €","2,00 €/Kg"
Infusão tília,Cemporcent,Embalagem de 10 unidades,"0,85 €","65,38 €/Kg"
Gelatina frutos de verão,Branca de Neve,Embalagem de 90g,"0,59 €","65,56 €/Kg"
Preparado de bolo de canela,PorSi,500 g,"1,69 €","8,45 €/L"
Manteiga de amendoim crocante,Prozis,Embalagem de 500g,"5,99 €","19,97 €/Kg"
Batata frita ondulada wavy,PorSi,Embalagem de 185 g,"0,99 €","5,35 €/Kg"
Gin Beefeater Light,Beefeater,"Garrafa de 0,70 l","26,99 €","38,56 €/L"
Sobremesa tiramisú,Páturages,Embalagem de 4 x 80 g,"0,49 €","2,45 €/Kg"
Ice tea de pêssego,PorSi,Garrafa de 2 l,"0,99 €","0,66 €/L"
Feijão verde bio,PorSi Bio,Vendido ao peso,"2,29 €","2,29 €/Kg"
Pão de forma sem côdea especial torradas,Panrico,Embalagem de 510g,"0,99 €","1,65 €/Kg"
Recarga mopa 1.2 spray max,Vileda,1 unidade,"0,99 €","0,99 €/Unidade"
"Cerveja sem álcool, tara perdida",Super Bock,Pack 6 X 0.33 L,"5,99 €","3,03 €/L"
Chocolate culinário,Pantagruel,Embalagem de 200g,"1,04 €","8,32 €/Kg"
Reparador de móveis escuro,PorSi,Embalagem de 200 ml,"3,99 €","13,30 €/L"
Sementes de abóbora,Cemporcent,Embalagem de 150g,"2,29 €","11,45 €/Kg"
Mistura Cocktail,*,Vendido ao peso,"0,95 €","3,79 €/Kg"
Lindahls pro+ liq tropical,Lindahls,Garrafa de 330 ml,"5,97 €/Kg","5,97 €/Kg"
"Linguíca, 4 unidades",PorSi,Embalagem de 180 g,"1,29 €","7,17 €/Kg"
Atum posta em óleo vegetal,PorSi,Embalagem de 385g,"9,08 €/Kg","9,08 €/Kg"
Limas,Programa Origens,Vendido ao peso,"0,47 €","1,89 €/Kg"
Suiss'fruits fruta 12x50g,PorSi,Embalagem de 600g,"0,99 €","1,76 €/L"
Mix panquecas proteicas,Cemporcent,Embalagem de 500g,"1,89 €","3,78 €/Kg"
Farinha para pão integral,Nacional,Embalagem de 1 kg,"1,69 €","1,69 €/Kg"
Adoçante c/ doseador,Canderel,Embalagem de 10g,"4,99 €","19,96 €/Kg"
"Iogurte actimel, morango",Danone,Embalagem de 12 x 100 g,"4,15 €/Kg","4,15 €/Kg"
Alimento lácteo sem açucar com sabor a morango/banan...,Yogolino,Embalagem de 4 x 100 gr,"2,89 €","7,23 €/Kg"
Orégãos em folha,PorSi,Embalagem de 10g,"0,24 €","0,24 €/Kg"
Nestum mel,Nestum,Embalagem de 700g,"1,99 €","7,96 €/Kg"
Mix do Bosque,Fruta Embalada,Embalagem com 175 gr,"2,29 €","18,32 €/Kg"
Feijão preto,Legumes secos,1 un = 100 gr. (aprox.),"0,29 €","2,89 €/Kg"
Nuggets de frango,PorSi,Embalagem de 360 g,"9,30 €/Kg","9,30 €/Kg"
"Azeitona Maçanilha retalhada com azeite, alho e orég...",PorSi,Vendido ao peso a partir de 500 g,"1,29 €","6,14 €/Kg"
Miúdos,Frango,1 un = 250 gr  (aprox.),"0,60 €","5,99 €/Kg"
Iogurte pedaços frutimax frutos variados,PorSi,Embalagem de 8 x 125 g,"3,99 €","2,00 €/Kg"
Mousse d´or,Du Bois de la Roche,Embalagem de 200 g,"0,69 €","3,45 €/Kg"
"Rebuçados de fruta, diamante",PorSi,Embalagem de 200 g,"2,29 €","57,25 €/Kg"
"M&m's drageias de chocolate de leite,",M&m's,Embalagem de 200g,"11,98 €/Kg","11,98 €/Kg"
Tostas suecas de trigo,PorSi,Embalagem de 225 g,"2,29 €","6,54 €/Kg"
Farinheira do Ribatejo,PorSi,Embalagem de 180g,"1,49 €","7,45 €/Kg"
Yaos magro natural,Nestle,Embalagem de 4x110g,"1,49 €","2,98 €/Kg"
Bolachas chiquilin energy,Artiach,Embalagem de 200g,"1,69 €","6,76 €/Kg"
Escova infantil Princesas/Cars 3-5 anos,Oral B,1 unidade,"2,99 €","2,99 €/Unidade"
Pudim de ananás,Boca Doce,Embalagem de 20g,"0,59 €","29,50 €/Kg"
Sopa da pedra,Centralres,Vendido ao peso a partir de 500 g,"1,99 €","2,49 €/Kg"
Whisky malte 12 anos,Glenfiddic,Garrafa de 700 ml,"29,99 €","42,84 €/L"
Petit gateau morango 4x80g,PorSi,Embalagem de 320g,"2,49 €","7,55 €/Kg"
Conjunto Urban Floral,Nike,PERFUME 100ML + LOÇÃO CORPORAL 75ML + GEL DE BANHO 75ML,"14,99 €","14,99 €/Unidade"
Limpa Tablier,PorSi,Embalagem de 1 l,"3,79 €","0,76 €/L"
Nestlé tablete de chocolate negro e amendoa,Nestle,Embalagem de 270g,"16,67 €/Kg","16,67 €/Kg"
Peluche Piruetas,Panda,1 un.,"7,99 €","7,99 €/Unidade"
Vinho verde branco alvarinho,Qm,Garrafa de 0.75 l,"2,99 €","2,99 €/L"
40 filtros café número 4,Planteur,Embalagem com 40 filtros,"0,69 €","0,69 €/Unidade"
Queijo Curado de Cabra,Mourisca,Vendido ao peso a partir de 250 gr,"1,89 €","10,50 €/Kg"
Comida húmida para cão,PorSi,Embalagem de 300 g,"0,69 €","2,30 €/Kg"
"Bolachas aperitivas, simples",Tuc,Embalagem de 100g,"2,49 €","8,30 €/Kg"
Biscottina com alho e salsa,RUSTICA,Embalagem de 100 g,"2,29 €","6,54 €/Kg"
Gogo SqueeZ Snack Banana,Gogo,Embalagem de 4 x 90g,"2,09 €","6,33 €/L"
Bacalhau Posta Higienizada,PorSi,Vendido ao peso a partir de 350 g,"4,48 €","12,79 €/Kg"
Posta pescada-do-cabo nº 5 para cozer,PorSi,Embalagem de 800 g,"3,69 €","9,23 €/Kg"
Porto lágrima,Ferreira,Garrafa 0.75L,"11,99 €","15,99 €/L"
Eau de Toilette Senhora Secret,António Banderas,Embalagem de 50 ml,"14,99 €","299,80 €/L"
Azeite virgem extra clássico,Gallo,Garrafa de 750 ml,"3,19 €","4,25 €/L"
Arbre magique black pine,Arbre Magique,1 unidade,"1,99 €","1,99 €/Unidade"
Conjunto higiene e hidratação,Baby Dove,,"3,84 €","3,84 €/Unidade"
Mariscada,PorSi,Embalagem de 800g,"1,69 €","6,76 €/Kg"
Fruta pura ameixa/maçã,Bledina,Embalagem de 4 x 100 g,"0,69 €","7,67 €/Kg"
Lápis de cera,Giotto,embalagem com 12 unidades,"2,99 €","2,99 €/Unidade"
Batata pré-frita palitos finos,PorSi,Embalagem de 1 kg,"1,39 €","1,39 €/Kg"
After Shave Apollo,Axe,Embalagem de 100 ml,"1,19 €","4,76 €/L"
Bife do Acém,Novilho,Vendido ao peso a partir de 800 g,"6,71 €","8,39 €/Kg"
Folhado de Salsicha com Queijo 110 g,Fornada do Dia,,"0,65 €","0,65 €/Unidade"
Café moagem universal brasil,Delta,Embalagem de 220g,"9,16 €/Kg","9,16 €/Kg"
Mini Babybel Cheese & Crakers,Babybel,Embalagem de 40 g,"0,79 €","22,57 €/Kg"
Bandas de cera fria bikini peles sensíveis,Veet,Embalagem de 16 unidades,"6,99 €","6,99 €/Unidade"
Cerveja c/ álcool mini,Super Bock,Pack 15 x 0.20 L,"1,99 €/L","1,99 €/L"
Creme de rosto revitalizante total repair,L'oreal,Embalagem de 50 ml,"1,99 €","39,80 €/L"
"Vinho tinto regional, península de setúbal, bag-in-b...",Dom Campos,Garrafa de 5 l,"8,99 €","1,80 €/L"
Adoçante recarga,Canderel,Embalagem de 40g,"4,99 €","19,96 €/Kg"
Água Mineral Natural 100% Reciclada,Vitalis,Garrafa de 1.5 l,"0,89 €","0,18 €/L"
Farinha láctea 5 frutos,PorSi,Embalagem de 500g,"4,49 €","4,49 €/Kg"
Sidra frutos vermelhos,Somersby,pack 4 x 0.33 l,"1,59 €","3,18 €/L"
Loção corporal,Nivea,Embalagem de 400 ml,"2,99 €","7,48 €/L"
Água c/ gás limão,Frize,pack 4 x 0.25 l,"1,99 €/L","1,99 €/L"
"Queijo flamengo, ralado",Terra Nostra,Embalagem de 150g,"1,49 €","7,45 €/Kg"
Azeite virgem extra dop trás-os-montes,PorSi Select,Embalagem 750 ml,"3,19 €","4,25 €/L"
Borrego Leite Inteiro/Metades,Programa Origens Premium,,"4,99 €","12,48 €/Kg"
Creme vegetal p/ barrar reduz colesterol,PorSi Viva Bem,250 g,"1,19 €","5,95 €/L"
Leite 0% lactose meio gordo,Mimosa,Embalagem de 200 ml,"1,99 €","1,99 €/L"
Barrita controlo de peso iogurte,Ignoramu,Embalagem de 44g,"3,29 €","32,90 €/Kg"
Tomates Cereja Cacho,PorSi Bio,Emb.: ± 200 g,"0,38 €","1,89 €/Kg"
Melancia Riscada,Fruta da Época,Vendido ao peso | 1 un = 4kg (aprox.),"2,49 €","2,49 €/Kg"
Pensos higiénicos liberty normal sem abas,Evax,Embalagem com 12 un.,"4,99 €","4,99 €/Unidade"
Iogurte arôma de frutos vermelhos,PorSi,Embalagem de 8x125 g,"1,85 €","1,23 €/Kg"
Na-esparguete bio 500g 10kg,Nacional,Embalagem de 500g,"0,89 €","1,78 €/Kg"
Nuggets de frango grelhadinho,Capitão Iglo,Embalagem de 200g,"9,30 €/Kg","9,30 €/Kg"
Ambientador recarga oasis turquesa,Air Wick,Garrafa de 250 ml,"11,98 €","11,98 €/Unidade"
"Anti-calcário em pó, máquina roupa",PorSi,Embalagem de 800g,"7,99 €","38,05 €/Kg"
Gelatina de frutos tropicais,PorSi,Embalagem 2X85G,"0,59 €","65,56 €/Kg"
Couscous comespeciarias 4x125g,PorSi,Embalagem de 500g,"0,89 €","1,78 €/Kg"
Vmt reg alentejano 0.75l,T.xisto,Garrafa de 750 ml,"2,89 €","3,85 €/L"
Queijo Curado Trad.Pimentão,Alavão,Vendido ao peso a partir de 250 gr,"1,75 €","6,99 €/Kg"
Refeição Bio Puré de Ervilhas c/ batata e frango,Gerber,Embalagem de 190g,"1,89 €","9,95 €/Kg"
Mistura solúvel c/ 20% café granulado,PorSi,Embalagem de 200g,"0,89 €","3,56 €/Kg"
Bolo Brigadeiro 800 g,Pastelaria do Dia,,"8,99 €","11,24 €/Kg"
Polvo limpo,PorSi,Embalagem de 800 g,"4,99 €","6,24 €/Kg"
Spray lixívia e higiene,Cillitbang,Garrafa de 500 ml,"1,19 €","0,79 €/L"
Pasta de Moldar Terracota,DAS,Embalagem com 1 kg,"1,95 €","97,50 €/L"
Aguardente velha,Fim de Século,Garrafa de 700 ml,"12,79 €","18,27 €/L"
"Ambientador automático, fresh matic, oasis turquesa",Air Wick,Embalagem de 1 unidades,"3,69 €","3,69 €/Unidade"
Presunto nacos,PorSi,Embalagem de 250g,"2,69 €","13,45 €/Kg"
Infusão lúcia lima,PorSi,Embalagem de 35 g,"0,85 €","65,38 €/Kg"
Nutripuffs de banana 8 meses s/ açúcar,Cerelac,Embalagem de 7g,"0,69 €","7,67 €/Kg"
Whisky,William Lawson's,1 l,"23,49 €","23,49 €/L"
Lixívia Gel Brisa Marítima,Neoblanc,Embalagem de 700ml,"2,59 €","1,30 €/L"
Champanhe,Moet & chandon,"Garrafa de 0,75 l","19,99 €","26,65 €/L"
Iogurte líquido morango / framboesa corpos danone,Danone,Embalagem de 4 x 155 g,"1,19 €","1,86 €/Kg"
Pescada 0 Argentina,Peixe Congelado,1 un= 200 gr (aprox.),"1,26 €","3,59 €/Kg"
Tablete de chocolate culinário 70% negro,PorSi,Embalagem de 200 g,"1,04 €","8,32 €/Kg"
"Elixir bocal, cool mint",Sensodyne,Embalagem de 500 ml,"4,49 €","8,98 €/L"
Lava Tudo Amoniacal,Sonasol,"Garrafa de 1,3 l","0,98 €","0,49 €/L"
Creme de Alho Francês,Sopas Portuguesas,Embalagem de 400 ml,"1,99 €","2,49 €/Kg"
Bolo Rei c/ Castanhas,Pastelaria do Dia,1 un. = 600 g,"0,69 €","0,69 €/Unidade"
10 Cones de Baunilha,Progelcone,Embalagem de 110 g,"2,49 €","8,30 €/Kg"
Vinho do porto lágrima branco,R.pinto,Garrafa de 750 ml,"11,99 €","15,99 €/L"
Pensos Higiénicos Fina e Segura Normal,Evax,Embalagem c/ 24 Unidades,"4,99 €","4,99 €/Unidade"
Aguadente vinica velha,Património,Garrafa de 0.70 l,"12,79 €","18,27 €/L"
Bolachas cacau com cereais e pepitas de chocolate,PorSi,Embalagem de 400 g,"0,89 €","5,93 €/Kg"
Pêssego metades em calda,Nutry,Lata de 840 g,"1,99 €","2,37 €/Kg"
Danacol aveia,Danone,Embalagem de 6 x 100 g,"4,15 €/Kg","4,15 €/Kg"
Forma Pudim Antiaderente 18cm,PorSi,1 unidade,"8,99 €","8,99 €/Unidade"
Multivitaminas de a a z (cápsulas),Forma+,Embalagem de 25g,"7,49 €","124,83 €/Kg"
Desinfetante de frutas e vegetais,Clean Essence,500 ml,"0,62 €","2,49 €/Kg"
"Forma papel para bolos, 8. 4cm",PorSi,Embalagem com 60 unidades,"4,99 €","4,99 €/Unidade"
Maçã Fuji,Fruta do Dia,Vendido ao peso a partir de 500 g,"0,21 €","1,39 €/Kg"
Spray limpeza fornos e grelhas,PorSi,500 ml,"1,29 €","1,72 €/L"
Especialidade de soja chocolate,PorSi Viva Bem,Embalagem de 4 x 100 g,"2,99 €","5,98 €/Kg"
Néctar pera,PorSi,Embalagem de 1 l,"0,99 €","0,99 €/L"
Baba de camelo,Brilha ali,140 ml,"1,69 €","12,07 €/L"
Sumo 100% pêssego e uva,PorSi,Pack 3 x 200 ml,"1,19 €","0,79 €/L"
Massa de macarrão grande estriado,PorSi,Embalagem de 500g,"0,89 €","1,78 €/Kg"
Leite com sabor a chocolate proteína,Yopro,Garrafa de 330 ml,"1,98 €","2,48 €/L"
Cerveja com álcool,Corona,"Embalagem de 6x0,355L","1,99 €/L","1,99 €/L"
Barrita controlo de peso maçã,Ignoramu,Embalagem de 44g,"0,69 €","1,73 €/Kg"
Vinho do porto dona antónia reserva branco,Ferreira,Garrafa de 0.75 l,"11,99 €","15,99 €/L"
Gomas happy cola,Haribo,Embalagem de 100g,"0,89 €","8,90 €/Kg"
Fel da terra planta inteira,Cemporcent,Embalagem de 40g,"1,89 €","3,78 €/Kg"
Muesli nozes,PorSi,500 g,"3,79 €","10,83 €/Kg"
Sobremesa danette duo baunilha e chocolate,Danone,Embalagem de 4 x 125 ml,"1,19 €","2,59 €/Kg"
Toalhitas multiusos limão,PorSi,Embalagem de 80 unidades,"1,69 €","1,69 €/Unidade"
Alimento lácteo morango +8 meses,Yogolino,Embalagem de 4 x 100 g,"2,89 €","7,23 €/Kg"
Queijo grana padano D.O.P 16 meses de cura,PorSi Select,Embalagem de 180 g,"2,85 €","15,83 €/Kg"
Moscatel de setúbal,Selecção de Enófilos,"Garrafa de 0,75 l","5,99 €","7,99 €/L"
Toalhitas básico,Dodot,embalagem com 54 unidades,"1,09 €/Unidade","1,09 €/Unidade"
Feijão preto cozido,PorSi,Embalagem de 420 g,"1,79 €","2,29 €/Kg"
"Cerveja com álcool, lata",Super Bock,Garrafa de 500 ml,"1,99 €/L","1,99 €/L"
Detergente Máquina Loiça Pastilhas All in 1 Extra Po...,Sun,76 pastilhas,"2,99 €","2,99 €/Unidade"
"Tesoura de escritório, 21cm",Domédia,1 unidade,"1,95 €","97,50 €/L"
Aipo com Rama,Programa Origens,1 un = 1 kg (aprox.),"0,62 €","2,49 €/Kg"
Loção hidratante,Baby Dove,Embalagem de 200 ml,"0,59 €","5,90 €/L"
Pomada Lata Castanha,Splendor,Embalagem de 35 gr,"0,99 €","19,80 €/L"
Recarga de Desumidificador Maçã,HUMYDRY,embalagem de 3 x 75g,"5,99 €","26,62 €/Kg"
Arroz Thai Jasmim,PorSi,1 kg,"0,99 €","0,99 €/Kg"
Cone chocolate,PorSi,Embalagem de 6 x 120 ml,"5,99 €","16,64 €/L"
Água Micelar c/doseador,Labell,Embalagem de 500ml,"0,69 €","0,69 €/Unidade"
Mel rosmaninho,Salutem,Embalagem de 300g,"4,59 €","9,18 €/Kg"
Barrita de chocolate leite,Atkins,Embalagem de 30g,"11,93 €/Kg","11,93 €/Kg"
Bandas de Cera Depilatória Bikini,Veet,100ml + Bálsamo 50 Ml,"10,99 €","73,27 €/L"
Chá preto,Tetley,Embalagem de 20g,"41,67 €/Kg","41,67 €/Kg"
Sabonete de leite de burra,Confianca,Embalagem de 75 g,"1,89 €","11,81 €/Kg"
Mopa com cabo,PorSi,1 unidade,"2,20 €","2,20 €/Unidade"
Fiambre da Pá,PorSi,1 un = 150 gr (aprox.),"0,90 €","5,99 €/Kg"
"Luva Nitrilica, anti-Deslizante, Nr.10",Itools,1 unidade,"6,49 €","6,49 €/Unidade"
Ambientador vela odor animais,PorSi,1 unidade,"6,99 €","33,29 €/Kg"
Tablete de chocolate leite com avelã,PorSi Select,200 g,"10,52 €/Kg","10,52 €/Kg"
Café c/ cafeína intenso,Nescafe,Embalagem de 100g,"1,45 €","14,50 €/Kg"
Bolacha de manteiga,Snapy,Embalagem de 250g,"1,69 €","2,11 €/Kg"
12 pastéis de bacalhau,PorSi,Embalagem de 300 g,"1,79 €","7,16 €/Kg"
Gelatina ananás 8 kcal,PorSi,Embalagem de 4 x 100 g,"0,89 €","2,23 €/Kg"
Açúcar granulado embalado em papel,Rar,Embalagem de 1 kg,"1,39 €","1,39 €/Kg"
Amendoim com Casca,PorSi,Embalagem de 500g,"0,89 €","4,45 €/Kg"
Óleo Performa 10W40,Galp,Embalagem de 1 l,"12,99 €","12,99 €/L"
Zumo gazpacho alvalle original 1l,ALVALLE,Garrafa de 1 l,"0,69 €","11,13 €/Kg"
Café torrado 5 estrelas moagem grossa,Sical,Embalagem de 250g,"9,16 €/Kg","9,16 €/Kg"
Pastilhas ice spearmint,CHICLETS,Embalagem de 17 g,"0,99 €","58,24 €/Kg"
Chá de maçã e canela,Tetley,Embalagem de 20g,"44,50 €/Kg","44,50 €/Kg"
Gelatina mirtilos,Alsa,Embalagem de 180g,"0,59 €","65,56 €/Kg"
Frutapura Pouch Banana Morango,Bledina,Embalagem de 85g,"2,09 €","6,33 €/L"
Bolacha vitalday crocante chocolate,Gullon,Embalagem de 280g,"2,49 €","8,30 €/Kg"
2 Ligaduras elásticas,PorSi,4m x 6 cm,"3,99 €","3,99 €/Unidade"
Quiona branca bio,Origensbio,Embalagem de 250g,"1,69 €","3,38 €/Kg"
Sumo 100% tomate,PorSi,Embalagem de 1.5 l,"1,19 €","0,79 €/L"
Néctar classico de ananás,Compal,Garrafa de 200 ml,"0,99 €","0,99 €/L"
"Frutapura pera, banana e alperce",Bledina,Embalagem de 85g,"2,09 €","6,33 €/L"
Pizza 4 estações,PorSi,Embalagem de 350g,"2,15 €","6,14 €/Kg"
Lata de Brilho Castanho,Búfalo,Embalagem de 75 ml,"0,99 €","19,80 €/L"
Batata frita ondulada wavy,PorSi,Embalagem de 180g,"0,99 €","5,35 €/Kg"
Loção para bebé pink,Johnson's Baby,500 ml,"0,59 €","5,90 €/L"
Agulha,Novilho,1 un = 500 gr (aprox.),"6,71 €","8,39 €/Kg"
Bloco Sanitário Poder Activo Lavanda,Sonasol,Embalagem de 2x50 g,"2,99 €","74,75 €/Kg"
Farinha de centeio,Cemporcent,Embalagem de 500g,"2,29 €","11,45 €/Kg"
Café solúvel gold,PorSi Select,Embalagem 100G,"1,45 €","14,50 €/Kg"
"Caramelos de fruta, morango single",Sugus,Embalagem de 50g,"1,19 €","4,76 €/Kg"
"Espumante Danúbio, Bruto",Danúbio,Garrafa de 75 cl,"7,99 €","10,65 €/L"
Massa de espirais,Nacional,Embalagem de 500g,"0,89 €","1,78 €/Kg"
Iogurte líquido pinacolada,PorSi,Embalagem de 4 x 160 g,"1,19 €","1,86 €/Kg"
Orelhas,Porco,1 un = 250 gr (aprox.),"0,60 €","5,99 €/Kg"
Limpa vidros cristal recarga,Ajax,Embalagem de 500 ml,"3,19 €","6,38 €/L"
Creme barrar nutela 350g,Nutella,Embalagem de 350G,"4,19 €","12,32 €/Kg"
Borracha para lápis e tinta,Domédia,1 unidade,"4,69 €","4,69 €/Unidade"
Amaciador nutri-protec,Labell,Embalagem de 200 ml,"1,00 €","5,00 €/L"
"Espuma cabelo, hidra caracóis",Fru style,Embalagem de 200 ml,"3,99 €","15,96 €/L"
Água s/ gás,S.estrela,"Pack 6 x 0,50 l","0,89 €","0,18 €/L"
Chocolate signature starbucks,STARBUCKS,Embalagem de 220 ml,"3,19 €","25,52 €/Kg"
Café lote bocage grão,Nicola,Embalagem de 1 kg,"9,16 €/Kg","9,16 €/Kg"
Máquina de barbear c/ 2 recargas de 6 lâminas,Labell Men,,"1,19 €","4,76 €/L"
Sistema de treino com elásticos,Innovagoods,1 unidade,"3,99 €","3,99 €/Unidade"
Fralda Cueca Activity Extra Tamanho 5,Dodot,Embalagem com 40 uni.,"7,99 €","7,99 €/Unidade"
Spray desinfetante casa de banho,Lysol,Embalagem de 500 ml,"1,79 €","2,39 €/L"
Vinho branco,Enc.bairro,Bag-in-box de 5L,"4,99 €","1,00 €/L"
Loção tónica para pele seca,Labell,Embalagem de 250 ml,"0,69 €","0,69 €/Unidade"
Jarro graduado,PorSi,Embalagem de 1 unidades,"4,99 €","4,99 €/Unidade"
Piaçaba com suporte,PorSi,1 unidade,"5,99 €","26,62 €/Kg"
Café moagem universal timor,Delta,Embalagem de 220g,"9,16 €/Kg","9,16 €/Kg"
Queijo mozzarella fresca,Galbani,Embalagem de 125 g,"1,29 €","5,16 €/Kg"
Creme hidratante para bebé,Pommette,Embalagem de 100 ml,"0,59 €","5,90 €/L"
Amaciador concentrado para roupa aloé vera,PorSi,80 doses,"1,99 €","1,00 €/L"
Conjunto Fleurs Du Paradis,Coquette,EAU DE TOILETTE 100 ML + R-ON 10 ML,"14,99 €","14,99 €/Unidade"
Aguardente velha vsop,Antiqua,Garrafa de 700 ml,"12,79 €","18,27 €/L"
Chocolate chunky,Kit kat,Embalagem de 160g,"11,93 €/Kg","11,93 €/Kg"
After shave bálsamo sensitive,Labell Men,Embalagem de 100 ml,"1,19 €","4,76 €/L"
Pudim Rico em Proteína de Avelã,Ehrmann,Embalagem de 200g,"1,19 €","2,59 €/Kg"
Drageias de chocolate single,MALTESERS,Embalagem de 40g,"11,98 €/Kg","11,98 €/Kg"
Champô volume,Labell,Embalagem de 250 ml,"5,59 €","13,98 €/L"
Farinha coco bio,Origensbio,Embalagem de 250g,"1,69 €","3,38 €/Kg"
"Elásticos grandes coloridos, pack de 20 unidades",Domédia,1 embalagem,"1,95 €","97,50 €/L"
Queijo edam light fatias,PorSi Viva Bem,Embalagem de 150g,"2,29 €","19,08 €/Kg"
Azeite,Oliveira da Serra,Embalagem de 750 ml,"3,19 €","4,25 €/L"
Manteiga magra meio sal,President,Embalagem de 250g,"1,69 €","6,76 €/Kg"
Bolacha de Manteiga Belga c/ Chocolate Branco,Saborosa,Embalagem de 198 g,"1,69 €","6,76 €/Kg"
Gressinos com sésamo,PorSi,Embalagem de 250 g,"2,29 €","6,54 €/Kg"
Leite Hidratante Óleos Maravilha,Garnier,Embalagem de 250ml,"2,99 €","7,48 €/L"
Salada de Marisco,Amarras,Embalagem de 700 g,"2,19 €","8,59 €/Kg"
Queijo emmental ralado,PorSi,Embalagem de 200 g,"1,49 €","7,45 €/Kg"
Néctar vital equilibrio frutos vermelhos,Compal,Embalagem de 1 l,"0,99 €","0,99 €/L"
Longa vida morango tu banana coco 8x120,Longa vida,Embalagem de 960g,"1,85 €","1,23 €/Kg"
"Espumante Danúbio, Meio Seco",Danúbio,Garrafa de 75 cl,"7,99 €","10,65 €/L"
Detergente Líquido p/ Loiça Original,Fairy,"Embalagem de 1,19 l","1,19 €","2,38 €/L"
Mousse limpeza refresh,Labell,Embalagem com 150ml,"2,99 €","7,48 €/L"
Lombo curado fatiado,PorSi,100 g,"1,99 €","13,27 €/Kg"
Iogurte líquido dan'up morango e banana,Danone,Embalagem de 4 x 155 g,"1,19 €","1,86 €/Kg"
Arroz agulha Europa,PorSi,Embalagem de 1 kg,"0,99 €","0,99 €/Kg"
Coco ralado ceylon,Nutry,Embalagem de 200g,"1,89 €/Kg","1,89 €/Kg"
Celicau Sem glúten,Salutem,Embalagem de 250g,"2,99 €","7,97 €/Kg"
Líquido wc active clean mint & jasmin,Ambipur,750 ml,"1,79 €","2,39 €/L"
"Pasta dentífrica, 7-13 anos",Labell,Embalagem de 75 ml,"0,79 €","0,79 €/Unidade"
Iogurte líquido pinacolada corpos danone,Danone,Embalagem de 4 x 155 g,"1,19 €","1,86 €/Kg"
Café moagem universal portugal,Delta,Embalagem de 250g,"9,16 €/Kg","9,16 €/Kg"
Recarga Esfregona Premium 2 em 1,Vileda,1 unidade,"0,99 €","0,99 €/Unidade"
Peru Inteiro Fêmea sem Miúdos,Peru,1 un= 5kg (aprox.),"1,05 €","2,99 €/Kg"
Ice tea manga,Lipton,pack 6 x 0.25 l,"0,99 €","0,66 €/L"
Vinho branco bag-in-box,Capataz,Embalagem de 5 l,"4,99 €","1,00 €/L"
"Elixir bocal, menta",Labell,Embalagem de 500 ml,"4,49 €","8,98 €/L"
Cesto para a roupa 42 litros,Lifestory,1 unidade,"0,79 €","0,79 €/Unidade"
Café solúvel c/ cafeína,Delta,Embalagem de 100g,"1,45 €","14,50 €/Kg"
Côco ralado,PorSi,Embalagem de 200g,"1,29 €","3,23 €/Kg"
Cereais lion chocolate/caramelo,Nestle,Embalagem de 400g,"3,29 €","25,31 €/Kg"
Geleia de morango,Casa de Mateus,Embalagem de 345 g,"2,99 €","8,67 €/Kg"
Iogurte tipo grego maracujá,PorSi,Embalagem de 4 x 125 g,"1,49 €","2,98 €/Kg"
Crispies de arroz +,Cemporcent,Embalagem de 250g,"1,89 €","3,78 €/Kg"
Mousse morango,Branca de neve,Embalagem de 130g,"0,79 €","5,27 €/Kg"
Iogurte activia líquido kiwi,Danone,Embalagem de 4 x 155 g,"2,79 €","6,07 €/Kg"
Batata frita lisa chips,PorSi,Embalagem de 185 g,"0,99 €","5,35 €/Kg"
Biscoitos de canela,PorSi,Embalagem de 750g,"0,69 €","3,45 €/Kg"
Special k choco,Kellogg's,Embalagem de 375g,"3,89 €","7,78 €/Kg"
Pastilhas café platium,Delta,Embalagem de 110g,"59,82 €/Kg","59,82 €/Kg"
Pringles flame kickin sour cream,Pringles,Embalagem de 160g,"0,75 €","7,50 €/Kg"
Pastel de Nata,Pastelaria do Dia,60 g,"0,69 €","0,69 €/Unidade"
Leite com chocolate,Agros,Embalagem de 200 ml,"0,25 €","1,25 €/L"
Arroz extra longo integral,Saludaes,Embalagem de 1 kg,"0,99 €","0,99 €/Kg"
Gelado magnum pint amêndoas,Olá,Embalagem de 440 ml,"6,79 €","14,76 €/L"
Rebuçados mel e limão,PorSi,Embalagem de 200g,"0,89 €","4,45 €/Kg"
Sumo natural de ananás bio,Cemporcent,Garrafa de 200 ml,"1,99 €","1,99 €/L"
Moelas,Frango,1 un = 200 gr (aprox.),"0,60 €","5,99 €/Kg"
Pimentão doce saqueta,PorSi,Embalagem de 50 g,"0,24 €","0,24 €/Kg"
Fiambre da perna extra,PorSi,Pack Poupança de 2 x 170 g,"0,90 €","5,99 €/Kg"
Iogurte activia frutos secos cereais,Danone,Embalagem de 4 x 120 g,"2,79 €","6,07 €/Kg"
Carne Picada,Porco,1 un= 200 gr (aprox.),"3,99 €","3,99 €/Kg"
Vinho tinto,Adega grande,Garrafa de 75 cl,"1,49 €","1,99 €/L"
Spray anti-bolores,Cif,435 ml,"1,79 €","2,39 €/L"
Gomas funky mix,Haribo,Embalagem de 100g,"0,89 €","8,90 €/Kg"
Queijo Cabra 45% M.G,Bergelou,Vendido ao peso a partir de 250 gr,"1,48 €","7,40 €/Kg"
Biscoitos integrais aveia e cacau,PorSi Viva Bem,Embalagem de 150g,"0,69 €","3,45 €/Kg"
Amaciador concentrado para roupa jojoba,PorSi,80 doses,"1,99 €","1,00 €/L"
"Atacador redondo, castanho, 60cm 3916",Sonaf,1 unidade,"4,99 €","33,27 €/L"
Fruta para bebé banana laranja bolacha +6 meses,Nestle,Embalagem de 90g,"0,69 €","7,67 €/Kg"
Iogurte naturea natural,PorSi,Embalagem de 4 x 125 g,"0,99 €","1,98 €/Kg"
"Combinado Fiambre,Queijo e Carne",Pastelaria do Dia,,"0,65 €","0,65 €/Unidade"
Amêndoa amarga,Milbar,"Garrafa de 0,70 l","16,99 €","24,27 €/L"
8 salsichas frankfurt,Izidoro,Embalagem de 200g,"0,75 €","3,75 €/Kg"
Oceana Máquinas Descartáveis,Venus,4 unidades,"5,49 €","5,49 €/Unidade"
Gel Play Morango,Durex,Embalagem de 50 ml,"4,49 €","4,49 €/Unidade"
Balões latex vermelho,PorSi,Embalagem com 24 unidades,"1,39 €","1,39 €/Unidade"
Pasta de sardinha,Fides,Embalagem de 90g,"0,99 €","11,25 €/Kg"
Toalhitas Sensitive |Recarga,Dodot,Pack: 4 x54 unidades,"1,09 €/Unidade","1,09 €/Unidade"
"As minhas primeiras receitas - refeição batata, abób...",Nestle,Embalagem de 190g,"1,89 €","9,95 €/Kg"
"Maionese, frasco",Hellmman's,Embalagem de 210g,"0,69 €","2,30 €/Kg"
Bolacha maria dourada,PorSi,Embalagem de 800g,"1,69 €","2,11 €/Kg"
Vinagre de limpeza,Dona Pureza,Embalagem de 1 l,"0,79 €","0,79 €/L"
Ambientador elétrico botanica Vetiver das Caraíbas &...,Air Wick,1 unidade,"3,69 €","3,69 €/Unidade"
Croissant Brioche com chocolate,Pastelaria do Dia,1 un = 100 g (aprox.),"0,69 €","0,69 €/Unidade"
Detergente líquido baby,Skip,22 doses,"9,99 €","9,99 €/Unidade"
Ricore,Nestle,Embalagem de 260g,"0,89 €","3,56 €/Kg"
Rolo de cozinha mega,PorSi,1 rolo,"3,49 €","3,49 €/Unidade"
Wafers chocolate cubos,Vieira,Embalagem de 130g,"0,89 €","4,24 €/Kg"
Desengordurante de Vitrocerâmica/Indução 3 em 1 |Cre...,Vitroclen,Embalagem de 450 ml,"1,29 €","1,72 €/L"
Actimel magro natural,Danone,Embalagem de 6 x 100g,"4,15 €/Kg","4,15 €/Kg"
Pepinex,Legumes do Dia,1 un=400 g (aprox.),"0,62 €","2,49 €/Kg"
Bandida do pomar frutos vermelhos lata 50cl,Bandida,Garrafa de 500 ml,"1,59 €","3,18 €/L"
"Creme de noite, age perfect",L'oreal,Embalagem de 50 ml,"1,99 €","39,80 €/L"
Jarro de 1 litro + 4 copos,Codil,1 conjunto,"4,99 €","4,99 €/Unidade"
Lasanha,Nacional,Embalagem de 400g,"0,89 €","1,78 €/Kg"
Cereais fitness,Nestle,Embalagem de 640 g + 320 g grátis,"3,29 €","25,50 €/Kg"
Alimento lácteo banana +6 meses,Yogolino,Embalagem de 90g,"0,69 €","7,67 €/Kg"
Gomas mágicas,Fini,Embalagem de 100g,"0,89 €","8,90 €/Kg"
Papel higiénico macio absorvente,PorSi,12 rolos,"1,99 €","1,99 €/Unidade"
Café lote normal moagem fina,PorSi,Embalagem de 250 g,"9,76 €/Kg","9,76 €/Kg"
Recarga Lima Unhas Velvet Smooth,Scholl,Uma unidade,"2,39 €","39,83 €/L"
Álcool Etílico Sanitário,PorSi,200 ml,"0,99 €","1,98 €/L"
Ambientador spray aerosol white bouquet,Air Wick,Garrafa de 240 ml,"0,99 €","3,30 €/L"
Guardanapo 100 g,Pastelaria do Dia,,"0,69 €","0,69 €/Unidade"
20 saquetas infusão limão gengibre,Lipton,Embalagem de 40g,"44,50 €/Kg","44,50 €/Kg"
Sabonete extracto ambar,Labell,Embalagem de 125 g,"1,89 €","11,81 €/Kg"
Limpa vidros boost,Ajax,Embalagem de 500 ml,"3,19 €","6,38 €/L"
Bombons Hapiness,Trumpf,Embalagem de 400G,"2,39 €","47,80 €/Kg"
Néctar vital equilibrio manga/maracujá,Compal,Embalagem de 1 l,"0,79 €","2,39 €/L"
Garrafeira de madeira,Confortime,Capacidade p/ 12 Garrafas,"12,99 €","12,99 €/Unidade"
Maçã Jonared 70+ Económica,Fruta do Dia,1 un = 150 gr (aprox.),"0,21 €","1,39 €/Kg"
"Tira gorduras, pistola",Kh 7,Garrafa de 750 ml,"3,99 €","5,32 €/L"
Sacos de congelação pequenos,PorSi,"50 unidades, 1 embalagem","1,39 €","1,39 €/Unidade"
Chantilly,Royal,Embalagem de 70g,"1,29 €","3,23 €/Kg"
Batata pré-frita cubos,PorSi,Embalagem de 1 kg,"1,39 €","1,39 €/Kg"
Pano multiusos felpo,PorSi,1 unidade,"1,69 €","1,69 €/Unidade"
Chá de frutos vermelhos,Tetley,Embalagem de 30g,"44,50 €/Kg","44,50 €/Kg"
Lápis de cor 18 cm,Domédia,embalagem com 18 unidades,"2,99 €","2,99 €/Unidade"
Mini salsichas cocktail,Nobre,lata de 180g,"0,75 €","3,75 €/Kg"
"12 lápis de cor, 18cm",Domédia,Uma embalagem,"4,69 €","4,69 €/Unidade"
Sobe ou Desce?,Clementoni,1 un.,"16,99 €","16,99 €/Unidade"
"Pandorino cacau, 4 unidades",Dulcesol,Embalagem de 240g,"1,79 €","4,48 €/Kg"
Toalhitas Bebé Basic,PorSi,Embalagem de 72 unidades,"1,09 €/Unidade","1,09 €/Unidade"
Aperitivos 3d's cones,3d's,Embalagem de 90g,"0,75 €","7,50 €/Kg"
Sumo natural de maçã bio,Cemporcent,Garrafa de 200 ml,"1,99 €","1,99 €/L"
Óleo de cedro,Mistolin,Embalagem de 360 ml,"3,99 €","13,30 €/L"
Boneca Caty 85 cm,Vicam,1 unidade,"27,99 €/Unidade","27,99 €/Unidade"
Ovos de galinha ao ar livre | Classe: M/L,Matinados,12 unidades,"1,74 €","1,74 €/Unidade"
"Espuma cabelo, wet shine",Fru style,Embalagem de 200 ml,"3,99 €","15,96 €/L"
Lava tudo marinho,Cif,"Garrafa de 1,4 l","0,98 €","0,49 €/L"
Café Solúvel Black Roast,Nescafe,Embalagem de 200g,"1,45 €","14,50 €/Kg"
Óleo Performa 15W40,Galp,Embalagem de 1 l,"12,99 €","12,99 €/L"
Pringles flame kickin sour cream,Pringles,Embalagem de 160g,"1,19 €","6,43 €/Kg"
Molho piri piri,Macarico,Embalagem de 200g,"0,69 €","2,30 €/Kg"
Salsicha fresca merguez,PorSi,Embalagem de 330 g,"0,50 €","4,99 €/Kg"
Caderno Agrafado Capa Preta |A5 Liso,Domédia,1 unidade,"0,99 €","0,99 €/Unidade"
10 pilhas ZINC AAA,Kodak,Embalagem 10 unidades,"1,59 €","1,59 €/Unidade"
Pai Natal de Chocolate,PorSi,Embalagem de 60 g,"2,29 €","17,62 €/Kg"
Desinfetante álcool gel com doseador,PorSi,500 ml,"0,99 €","1,98 €/L"
Tablete de chocolate de leite,Toblerone,Embalagem de 100g,"0,53 €","5,30 €/Kg"
"Iogurte, sabor a tutti-fruti",PorSi,Embalagem de 4 x 125 g,"1,85 €","1,23 €/Kg"
Creme de dia para pele seca,Labell,Embalagem de 50 ml,"1,99 €","39,80 €/L"
Azeitona galega mista retalhada,PorSi,Vendido ao peso a partir de 500 g,"1,29 €","6,14 €/Kg"
"Vinagre virgem branco, spray",Paladin,Garrafa de 250 ml,"0,35 €","0,70 €/L"
"Espuma de cabelo, volume absoluto",Pantene,Embalagem de 200 ml,"3,99 €","15,96 €/L"
Soja fina,PorSi Viva Bem,Embalagem de 400 g,"2,09 €","8,36 €/Kg"
Shampô azul concentrado,PorSi,Embalagem de 1 l,"3,79 €","0,76 €/L"
Manteiga sem sal terra nostra,Terra Nostra,Embalagem de 250g,"1,69 €","6,76 €/Kg"
Paté Fígado Porco c/ Cogumelos,PorSi,75 g,"1,05 €","6,99 €/Kg"
"Infusão de romã/framboesa, 20 saquetas",Tetley,Embalagem de 40g,"0,85 €","65,38 €/Kg"
Bolacha vitalday frutos vermelhos,Gullon,Embalagem de 240g,"2,49 €","8,30 €/Kg"
Sensitive Máquinas De Depilação Descartáveis,Venus,4 Unidades,"5,49 €","5,49 €/Unidade"
Queijo Curado Vaca Médio,Montanha,Vendido ao peso  a partir de 250 gr  (aprox.),"2,25 €","8,99 €/Kg"
Paprika,PorSi,Saqueta com 50 g,"0,24 €","0,24 €/Kg"
Anti-traça Maçã Verde,Dum Dum,2 unidades,"3,99 €","117,35 €/Kg"
Toalhitas bebé natural care,Huggies,3 x 56 unidades,"1,09 €/Unidade","1,09 €/Unidade"
Veiculo Hot wheels,Hot Wheels,1 unidade,"2,49 €","2,49 €/Unidade"
Manteiga amendoim crocant,PorSi,Embalagem de 340g,"4,19 €","12,32 €/Kg"
Vinho do Porto Tawny,Velhotes,"garrafa de 0,75 l","15,99 €","21,32 €/L"
Amaciador concentrado spa,PorSi,80 doses,"1,99 €","1,00 €/L"
Natas do céu,*,140 ml,"1,69 €","12,07 €/L"
Snack gato sticks carne 6x5g porsi,PorSi,Embalagem de 30g,"0,99 €","16,50 €/Kg"
Cerveja sem álcool,Cheers,Pack 6 x 0.33 l,"5,99 €","3,03 €/L"
Recarga inseticidas elétrico,Raid,Embalagem de 3 x 27 ml,"10,49 €","17,48 €/L"
Grelos,Bonduelle,Embalagem de 400 g,"1,69 €","1,69 €/Kg"
Arroz risotto,Caçarola,Embalagem de 500 g,"0,99 €","0,99 €/Kg"
Nutella b-ready t.2,Nutella,Embalagem de 50g,"2,29 €","17,62 €/Kg"
Queijo mascarpone,Galbani,Embalagem de 250 g,"1,29 €","5,16 €/Kg"
Fita apanha moscas,Baygon,4 unidades,"2,49 €","24,90 €/Kg"
Caixa Porta Chupetas Esterilizadora,Kiokids,1 un.,"1,99 €","1,99 €/Unidade"
"Salsichas em frasco bockwurst, 5 un",Izidoro,Embalagem de 250g,"0,75 €","3,75 €/Kg"
Gambão Cozido 20/30,Marisco Fresco,,"4,80 €","11,99 €/Kg"
Sumo essencial manga,Compal,pack 3 x 0.11 l,"2,09 €","6,33 €/L"
Mortadela mini,PorSi,Embalagem de 350g,"1,05 €","6,99 €/Kg"
Whisky heritage blend,Logan,Garrafa de 700 ml,"29,99 €","42,84 €/L"
Caixa de arrumação reciclada,PorSi,20 litros,"9,99 €","9,99 €/Unidade"
Granola,Salutem,Embalagem de 500g,"2,29 €","11,45 €/Kg"
Quinoa branca,PorSi Viva Bem,Embalagem de 200 g,"5,95 €/Kg","5,95 €/Kg"
Água s/ gás,Fastio,Garrafa de 1 l,"0,89 €","0,18 €/L"
Vinagre balsâmico branco,Gallo,Garrafa de 250 ml,"0,35 €","0,70 €/L"
Farinheira das beiras,PorSi,Embalagem de 260G,"1,49 €","7,45 €/Kg"
5 manhãzitos,Bollycao,Embalagem com 175 g,"1,79 €","4,48 €/Kg"
Tablete de chocolate caramel peanut,Milka,Embalagem de 280g,"10,52 €/Kg","10,52 €/Kg"
Queijo Curado Vaca/ Cabra/ Ovelha,PorSi,,"4,99 €","19,96 €/Kg"
"Gel banho, nutritivo",Lactovit,Embalagem de 650 ml,"5,99 €","7,99 €/L"
Guardanapos brancos 22x22cm | folha dupla,Renova,90 unidades,"1,29 €","1,29 €/Unidade"
Salame fat,Campofrio,Embalagem de 80g,"0,80 €","7,99 €/Kg"
Néctar light de manga/laranja prism,PorSi,Embalagem de 1 l,"0,79 €","2,39 €/L"
Papa infantil não láctea multicereais +6 meses,Cerelac,Embalagem de 250g,"4,49 €","4,49 €/Kg"
Ambientador vela duo maçã,Air Wick,Embalagem de 210g,"6,99 €","33,29 €/Kg"
Limpa Estofos de Tecido,PorSi,Embalagem de 1 l,"3,79 €","0,76 €/L"
Morcela de Trás os Montes,PorSi,"Vendido ao peso, 1 un = 200 gr (aprox.)","1,49 €","7,45 €/Kg"
Folhado de salsichas,Pastelaria do Dia,1 unidade = 110 g,"0,65 €","0,65 €/Unidade"
Tablete de chocolate culinário branco,PorSi,Embalagem de 180 g,"1,04 €","8,32 €/Kg"
Café moído torrado aroma originale,Belissimo,Embalagem de 200g,"9,16 €/Kg","9,16 €/Kg"
"Bolo com recheio de chocolate, multipack",Chipicao,Embalagem de 340g,"1,79 €","4,48 €/Kg"
Tostas integrais,PorSi,Embalagem de 225g,"2,29 €","6,54 €/Kg"
Caramelos de leite,Penha,Embalagem de 250g,"2,75 €","11,00 €/Kg"
Croissant recheado de cacau/avelã,PorSi,Embalagem de 315g,"1,79 €","4,48 €/Kg"
Néctar ananás,PorSi,Pack 3 x 200 ml,"0,99 €","0,99 €/L"
Luvas Comfort Extra S/M,Vileda,1 unidade,"2,99 €","2,99 €/Unidade"
Café solúvel sem cafeína,Nescafe,Embalagem de 20g,"1,45 €","14,50 €/Kg"
Fruta para bebé maçã cenoura manga +6 meses,Nestle,Embalagem de 90g,"0,69 €","7,67 €/Kg"
Rhum com coco,Malibu,Garrafa de 700 ml,"17,49 €","24,99 €/L"
"Gelatina pronto a comer, 10kcal limão",Royal,Embalagem de 4 x 100 g,"0,89 €","2,23 €/Kg"
Alho moído,PorSi,Saqueta de 50 g,"0,24 €","0,24 €/Kg"
Mistura para aves,Rac.zezere,Embalagem de 5 kg,"3,69 €","0,74 €/Kg"
Sopa 100% de cogumelos,Knorr,embalagem com 57 g,"0,69 €","11,13 €/Kg"
Arroz carolino,PorSi,Embalagem de 1 kg,"0,99 €","0,99 €/Kg"
18 hamburguers s/ glúten vaca,Capitão Iglo,Pack familiar com 1.4 kg,"5,49 €","7,32 €/Kg"
Bebida de soja e chocolate,PorSi Viva Bem,Embalagem de 1 l,"2,39 €","2,39 €/L"
Bolachas cream cracker,PorSi,Embalagem de 600g,"0,37 €","2,96 €/Kg"
Paté de atum,PorSi,Embalagem de 65 g,"0,99 €","11,25 €/Kg"
Batata Branca Nova Granel,Legumes do Dia,1 un = 250 gr  (aprox.),"0,22 €","0,89 €/Kg"
Sumo s/ gás manga/cenoura,Santal,"Garrafa de 1,5 l","0,99 €","0,66 €/L"
Bolachas com recheio baunilha,PorSi,Embalagem de 500g,"2,15 €","2,87 €/Kg"
Leite de crescimento 4 de 1 a 3 anos,NAN,Embalagem de 800g,"20,99 €","26,24 €/Kg"
Lava tudo amigo dos animais,Xanpa,Embalagem de 1 l,"2,59 €","1,30 €/L"
"Salsichas aves, frasco com 5 unidad",Izidoro,Embalagem de 250g,"0,75 €","3,75 €/Kg"
Gengibre em pó bio,Cemporcent,Embalagem de 75g,"1,89 €","3,78 €/Kg"
Presépio c/ 4 Figuras de Cerâmica,B. Couto,Dim.: 22cm,"0,69 €","0,69 €/Unidade"
Penso diário normal,PorSi,Embalagem de 64 unidades,"1,89 €","1,89 €/Unidade"
Sultana Dourada,PorSi,Embalagem de 200g,"0,89 €","4,45 €/Kg"
Pescada congelada 350-450 g,Peixe Congelado,Peixe de aquacultura,"1,26 €","3,59 €/Kg"
Sumo clássico 100% maçã,Compal,Garrafa de 200 ml,"1,19 €","0,79 €/L"
Lima Elétrica Pés Velvet Smooth,Scholl,1 unidade,"5,49 €","36,60 €/L"
Álcool canforado 85%,PorSi,Embalagem de 250 ml,"3,99 €","3,99 €/Unidade"
Creme Depilatório Men Peles Sensíveis,Veet,Embalagem de 200 ml,"6,99 €","6,99 €/Unidade"
Alimentação Bebé Maçã/Banana/Cenoura,Nestle,Embalagem de 4 x 100 g,"1,89 €","9,95 €/Kg"
Mirtilos 100% Naturais,PorSi,Embalagem de 250 g,"2,99 €","3,99 €/Kg"
Corantes alimentares ducros,Vahine,Garrafa de 20 ml,"1,49 €","13,55 €/Kg"
Feijão preto,PorSi,Embalagem de 500g,"0,99 €","1,98 €/Kg"
Caracol Cozido,*,vendido ao peso,"4,99 €","4,99 €/Kg"
Bagas de goji,Cemporcent,Embalagem de 125 g,"0,89 €","4,45 €/Kg"
Arroz de pato,PorSi,Embalagem de 250 g,"2,99 €","11,96 €/Kg"
Difusor elétrico sem fio para pastilhas,Ezalo,Embalagem de 1 unidades,"10,49 €","17,48 €/L"
Miolo de amêndoa sem pele,Frutos secos,1 un = 100 gr (aprox.),"0,95 €","3,79 €/Kg"
Eclair de Chocolate 75 g,Pastelaria do Dia,,"0,69 €","0,69 €/Unidade"
Café solúvel descafeinado,PorSi,Embalagem de 100G,"1,45 €","14,50 €/Kg"
Bolachas marinheiras s/ sal,Cemporcent,Embalagem de 200g,"1,39 €","10,69 €/Kg"
Lata de Brilho Incolor,Búfalo,Embalagem de 75 ml,"0,99 €","19,80 €/L"
"Sprite lima-limão sem açúcar embalagem 1,5 l.",Sprite,Garrafa de 1.5 l,"0,79 €","0,40 €/L"
Papa infantil não láctea 8 cereais e mel +6 meses,Cerelac,Embalagem de 250g,"4,49 €","4,49 €/Kg"
Cereais estrelitas,Nestle,Embalagem de 550g,"5,07 €/Kg","5,07 €/Kg"
"Palmilha de cortiça com látex, tamanho 36/37",Sonaf,1 unidade,"5,49 €","36,60 €/L"
Dettol sabonete líquido frustos do bosque x 12 recar...,Dettol,Garrafa de 250 ml,"0,95 €","1,90 €/L"
"Salsichas bockwurst em frasco, 8 unidades",Izidoro,Embalagem de 400g,"0,75 €","3,75 €/Kg"
Desincrustante,Mistolin,Garrafa de 980 ml,"3,99 €","5,32 €/L"
Salsicha fresca chipolata,*,Vendido ao peso,"0,50 €","4,99 €/Kg"
Néctar de pêssego,PorSi,Pack 3 x 200 ml,"0,99 €","0,99 €/L"
Gin dry,Gordons,Garrafa de 700 ml,"26,99 €","38,56 €/L"
Bolachas oreo,Oreo,Embalagem de 440g,"0,89 €","5,06 €/Kg"
Iogurte pedaços frutos vermelhos,PorSi,Embalagem de 8 x 125 g,"3,99 €","2,00 €/Kg"
Folhado de salsicha,PorSi,Embalagem de 6x60 g,"1,79 €","7,16 €/Kg"
Dinos cookienss 185g                 *10,Artiach,Embalagem de 190g,"1,89 €","15,75 €/Kg"
Actimel morango-banana,Danone,Embalagem de 6 x 100 g,"4,15 €/Kg","4,15 €/Kg"
"Creme de rosto de dia revitalift, laser",L'oreal,Embalagem de 50 ml,"1,99 €","39,80 €/L"
Cadbury Milk Fingers,Cadbury,Embalagem de 114G,"2,39 €","47,80 €/Kg"
Bebida de cereais e café mokambo intenso,Nestle,Embalagem de 180g,"0,89 €","3,56 €/Kg"
Paté Fígado Porco c/ Vinho do Porto,PorSi,75 g,"1,05 €","6,99 €/Kg"
Refrigerante sem gás de ananás,Joi,"Garrafa de 1,5 l","0,99 €","0,66 €/L"
Pães de leite redondos,s. tomé,Embalagem de 300 g,"1,79 €","5,11 €/Kg"
Mousse de chocolate preto,Páturages,Embalagem de 4x60 g,"1,19 €","2,59 €/Kg"
Pano Microfibras Colors,Vileda,4 unidades,"1,69 €","1,69 €/Unidade"
Água s/ gás limão,Luso,Garrafa de 1 l,"0,89 €","0,18 €/L"
Papel higiénico reciclado 2 folhas,PorSi,12 rolos,"1,99 €","1,99 €/Unidade"
Chocolate culinário 70% cacau,Pantagruel,Embalagem de 200g,"1,04 €","8,32 €/Kg"
20 saquetas chá de limão,Lipton,Embalagem de 40g,"44,50 €/Kg","44,50 €/Kg"
Snack para gato original,Felix,Embalagem de 60g,"0,99 €","16,50 €/Kg"
Marcadores para colorir,Domédia,embalagem com 18 unidades,"4,69 €","4,69 €/Unidade"
Bochechas,Porco,1 un = 150 gr (aprox.),"3,99 €","3,99 €/Kg"
Pasta de dentes max white expert white,Colgate,Embalagem de 75 ml,"2,29 €","30,53 €/L"
Receita caseira de bolonhesa,Nobre,Embalagem de 420g,"2,35 €","5,60 €/Kg"
Cebola Programa Origens,PorSi,Embalagem de 1 kg,"0,22 €","0,89 €/Kg"
Comida húmida para gato seleção de aves,Gourmet mp,Embalagem de 300g,"3,49 €","10,26 €/Kg"
Cocktail melão,Bar Royal,Garrafa de 750 ml,"11,99 €","11,99 €/L"
10 nuggets de frango,Capitão Iglo,Embalagem de 210g,"5,49 €","7,32 €/Kg"
Folha de alumínio,PorSi,30 metros,"1,39 €","1,39 €/Unidade"
Pescada Pequena da Argentina -500g,Peixe Congelado,Pescado no mar,"3,69 €","9,23 €/Kg"
Gel de Banho Corpo e Cabelo Sensitive,Baby Dove,Embalagem de 400 ml,"1,09 €","1,09 €/Unidade"
Abrótea,Peixe Congelado,1 un= 1.5 kg (aprox.),"1,26 €","3,59 €/Kg"
20 mini rissóis de camarão,PorSi,Embalagem de 300 g,"1,79 €","7,16 €/Kg"
Recarga Ambientador Automático Essential Mist Lavand...,Air Wick,1 un.,"11,98 €","11,98 €/Unidade"
Creme p/ Calçado Azul,Búfalo,Embalagem de 40 ml,"0,99 €","19,80 €/L"
Figo pingo mel,PorSi,Embalagem de 300 g,"1,89 €/Kg","1,89 €/Kg"
"Bolachas chiquilin, com 2 chocolates",Artiach,Embalagem de 150g,"2,15 €","2,87 €/Kg"
Diospiro de roer persimon | categoria: II,Fruta da Época,1 un = 250 gr  (aprox.),"1,89 €/Kg","1,89 €/Kg"
Feuilletine,Du Bois de la Roche,Embalagem de 135 g,"0,37 €","2,96 €/Kg"
Achocolatado intenso 40% cacau,Nestle,Embalagem de 330g,"5,29 €","6,61 €/Kg"
Tostas integrais,Diatosta,Embalagem de 225 g,"2,29 €","6,54 €/Kg"
Água s/ gás,Luso,Garrafa de 7 l,"0,89 €","0,18 €/L"
Iogurtes aroma 4 de morango + 4 de banana,PorSi,Embalagem de 8x125g,"1,85 €","1,23 €/Kg"
20 saquetas chá detox,Lipton,Embalagem de 30g,"58,44 €/Kg","58,44 €/Kg"
Toalha em rolo papel bordeau,PorSi,1 Unidade,"2,79 €","2,79 €/Unidade"
Mistura com 20% café torrada moída,PorSi,Embalagem de 250g,"0,89 €","3,56 €/Kg"
Porto special reserva,Q.harris,Garrafa de 750 ml,"10,99 €","14,65 €/L"
Queijo Curado Apimentado,Montanha,Vendido ao peso a partir de 250 gr,"2,25 €","8,99 €/Kg"
Lixívia com detergente,PorSi,Embalagem de 2 l,"2,59 €","1,30 €/L"
Camarão 40/60,Congelado de Aquicultura,1 un = 250 gr  (aprox.),"2,00 €","7,98 €/Kg"
Ayam leite de coco,Ayam,Garrafa de 200 ml,"1,69 €","8,45 €/L"
10 saquetas infusão de camomila,Lipton,Embalagem de 10g,"0,85 €","65,38 €/Kg"
Leite uht meio gordo,Serraleite,Embalagem de 1 l,"0,81 €","0,81 €/L"
Manteiga com sal,Gresso,Embalagem de 250g,"1,69 €","6,76 €/Kg"
Luvas Multi Latex M/L,Vileda,10 unidade,"2,99 €","2,99 €/Unidade"
Arroz longo extra integral,Cacarola,Embalagem de 1 kg,"1,89 €","3,78 €/Kg"
Doce framboesa e romã,ST.DALFOUR,Frasco de 284g,"1,95 €","8,86 €/Kg"
Queijo ovelha curado amanteigado,Seia,Embalagem de 250g,"4,37 €","17,49 €/Kg"
Palito la reine,PorSi,Embalagem de 400 g,"0,69 €","3,45 €/Kg"
Guardanapos Decorados,Scottex,Embalagem 50 Unidades,"1,29 €","1,29 €/Unidade"
Bloco Sanitário Ativo Lavanda,Sonasol,Embalagem de 50 g,"2,99 €","74,75 €/Kg"
Jardineira,Novilho,1 un = 200 gr (aprox.),"6,71 €","8,39 €/Kg"
Cobertura tábua de engomar,PorSi,Dim.: 120 x 42 cm,"27,99 €","27,99 €/Unidade"
Refrigerante c/ gás de laranja zero,Fanta,"Garrafa de 1,5 l","0,79 €","0,40 €/L"
Bolo de sensação 1000g,Pastelaria do Dia,,"8,99 €","11,24 €/Kg"
Cerveja c/ álcool radler,Sagres,pack 6 x 0.33 l,"1,99 €/L","1,99 €/L"
Manteiga c/sal,Terra Nostra,Embalagem de 250g,"1,69 €","6,76 €/Kg"
Vinagre de vinho tinto,Cristal,Garrafa de 500 ml,"0,35 €","0,70 €/L"
10 cápsulas café qanela,Delta Q,Embalagem de 60g,"59,82 €/Kg","59,82 €/Kg"
Sopa da pedra,PorSi,Embalagem de 420 g,"2,35 €","5,60 €/Kg"
Espetadas,Porco,1 un = 150 gr (aprox.),"3,99 €","3,99 €/Kg"
Café torrado 5 estrelas moagem normal,Sical,Embalagem de 250g,"9,16 €/Kg","9,16 €/Kg"
Galão,PorSi,16 cápsulas,"3,19 €","25,52 €/Kg"
Areia para gatos biodegradável vegetal,PorSi,Embalagem de 8 litros,"1,19 €","0,24 €/Kg"
Lixívia Roupa delicada,PorSi,Embalagem de 2 l,"2,19 €","1,10 €/L"
Leite creme,Royal,Embalagem de 90g,"0,79 €","5,27 €/Kg"
"Refeição pronta, boião de frango e arroz",Bledina,Embalagem de 200g,"1,89 €","9,95 €/Kg"
Coentros,PorSi,20 g,"0,79 €","15,80 €/Kg"
Leite e cereais bolacha maria +6 meses,Cerelac,Garrafa de 400 ml,"4,49 €","4,49 €/Kg"
Snack para gato mixed grill,Felix,Embalagem de 60 g,"0,99 €","16,50 €/Kg"
"Pera em metades, lata",PorSi,Embalagem de 420 g,"1,99 €","2,37 €/Kg"
Verdinhos Grandes,Peixe do Dia,1 un= 100 gr (aprox.),"4,80 €","11,99 €/Kg"
Licor de coco,On Off,"Garrafa de 0,70 l","16,99 €","24,27 €/L"
Whisky,J&B,Garrafa de 1 l,"23,49 €","23,49 €/L"
Sumo 100% maçã,PorSi,pack 3 x 200 ml,"1,19 €","0,79 €/L"
Casa mateus temporada - morango   6x350g,Casa de Mateus,Embalagem de 350g,"2,99 €","8,54 €/Kg"
Chocolate negro 72% cacau,Cemporcent,Embalagem de 100g,"2,49 €","19,92 €/Kg"
Manteiga fácil de barrar,President,Embalagem de 250g,"1,69 €","6,76 €/Kg"
Panquecas chocolate,Branca de Neve,Embalagem de 220g,"1,69 €","8,45 €/L"
Achocolatado all natural,Nesquik,Embalagem de 168 g,"5,29 €","6,61 €/Kg"
Couve Penca (Portuguesa),Legumes do Dia,1 un= 1 kg (aprox.),"2,29 €","2,29 €/Kg"
Vassoura Simples Pluma,PorSi,unidade,"2,20 €","2,20 €/Unidade"
Escova e Pente Verde Água,Pommette,1 un.,"3,84 €","3,84 €/Unidade"
Farelo de aveia,Salutem,Embalagem de 200g,"2,29 €","11,45 €/Kg"
Sardinha Pequena,Peixe Congelado,1 un= 250 gr (aprox.),"1,26 €","3,59 €/Kg"
Escova para calçado,Sonaf,1 unidade,"4,99 €","33,27 €/L"
Gel de banho bio kids,Corine de Farme,300 ml,"1,09 €","1,09 €/Unidade"
Costeletas,Borrego,1 un = 250 gr  (aprox.),"15,74 €","10,49 €/Kg"
Cola de Contacto Transparente,Pattex,Embalagem de 50 g,"3,49 €","116,33 €/Kg"
Queijo fresco magro,Santiago,Embalagem de 200g,"0,99 €","4,95 €/Kg"
Nan 1 optipro leite inf.optipro desde nascim.800g,NAN,Embalagem de 800g,"20,99 €","26,24 €/Kg"
Limpa injetores diesel,PorSi,Embalagem de 250 ml,"12,99 €","12,99 €/L"
Bledina snacktoon molly maçã,Bledina,Embalagem de 100g,"2,09 €","6,33 €/L"
Carcacinha,*,1 un.,"0,18 €","2,25 €/Kg"
Ketchup top down,Calve,Embalagem de 550g,"0,69 €","2,30 €/Kg"
Peito s/ Osso,Novilho,1 un = 500 gr (aprox.),"6,71 €","8,39 €/Kg"
Tomates Cereja Púrpura Biológicos,PorSi Bio,± 200 g,"0,38 €","1,89 €/Kg"
Desinfetante em gel p/ wc,Cif,Garrafa de 750 ml,"2,49 €","3,32 €/L"
Ambientador arbre magique côco,Arbre Magique,1 unidade,"1,99 €","1,99 €/Unidade"
Vinho regional península de setúbal,Dom Campos,Garrafa de 0.75 l,"7,99 €","10,65 €/L"
Borracha Branca x2,Mab,1 unidade,"4,69 €","4,69 €/Unidade"
Doce ananás e manga,ST.DALFOUR,Frasco de 284g,"1,95 €","8,86 €/Kg"
Pano limpa pó de flanela,PorSi,1 unidade,"1,69 €","1,69 €/Unidade"
Mix de frutas para smothie,PorSi,Embalagem de 450 g,"2,99 €","3,99 €/Kg"
Fiambre da Perna Extra,Izidoro,Vendido ao peso,"0,90 €","5,99 €/Kg"
Crackers s/ sal superficie,GRAN PAVES,Embalagem de 560g,"0,37 €","2,96 €/Kg"
"Semi-Frio de Morango, 700g",Nossa seleção,,"8,99 €","11,24 €/Kg"
Não Mais Pregos Forte e Rápido,Pattex,Embalagem de 150 g,"3,49 €","116,33 €/Kg"
Pão caseiro sem glúten,Schar,Embalagem de 240g,"2,99 €","7,97 €/Kg"
X-ato mini,Maped,9 mm,"1,29 €","1,29 €/Unidade"
Bolachas choco mini estrelas,Milka,Embalagem de 190g,"2,15 €","2,87 €/Kg"
Carapau Pequeno,Peixe Congelado,1 un= 120 gr (aprox.),"1,26 €","3,59 €/Kg"
Cera Depilatória,Veet,Embalagem de 250 ml,"6,99 €","6,99 €/Unidade"
Chouriço corrente,PorSi,Embalagem de 200 g,"1,29 €","7,17 €/Kg"
Espanador XXL + 2 unidades jack junior,Swiffer,1 unidade,"1,69 €","1,69 €/Unidade"
Leite com chocolate sem lactose,Ucal,Embalagem de 6 x 250 ml,"0,25 €","1,25 €/L"
Salmão Fumado da Noruega,PorSi,Embalagem de 100 g,"2,99 €","19,93 €/Kg"
Pudim de baunilha,PorSi,Embalagem de 90g,"0,59 €","29,50 €/Kg"
Amendoim com piri-piri,Frutos secos,1 un = 100 gr (aprox.),"0,95 €","3,79 €/Kg"
Óleo aloé vera,Johnson's Baby,Embalagem de 300 ml,"1,09 €","1,09 €/Unidade"
Nestle scm regular tubo 12x pt,Nestle,Embalagem de 450g,"1,05 €","2,64 €/Kg"
Luvas Comfort Extra Médias / Grandes,Vileda,1 unidade,"2,99 €","2,99 €/Unidade"
Ambientador auto limão,PorSi,1 unidade,"1,99 €","1,99 €/Unidade"
"Líquido para ferro de engomar, suave",PorSi,Embalagem de 2 l,"7,99 €","38,05 €/Kg"
Queijo mozzarella fatias,PorSi,Embalagem de 200 g,"1,56 €","7,80 €/Kg"
Bolachas tosta rica,Cuetara,Embalagem de 570g,"1,89 €","15,75 €/Kg"
Clementinas,PorSi Bio,Emb.: ± 500 g,"0,47 €","1,89 €/Kg"
Vinho branco monbazillac  2012,Expertclub,Garrafa de 750 ml,"6,39 €","8,52 €/L"
Bolachas Rosquilhas,Cuetara,Embalagem de 300g,"1,69 €","6,76 €/Kg"
Batatas forno ervas,Lay's,Embalagem de 130g,"1,19 €","6,43 €/Kg"
Moscatel do Douro,Selecção de Enófilos,"Garrafa de 0,75 l","5,99 €","7,99 €/L"
"Na-farinha de aveia 400g 3,2kg",Nacional,Embalagem de 400g,"1,69 €","1,69 €/Kg"
Bebida arroz,Alpro,Embalagem de 1 l,"1,99 €","1,99 €/L"
Pudim abade de priscos,*,130 ml,"1,69 €","12,07 €/L"
Café torrado em grão,PorSi,Embalagem de 1 kg,"9,16 €/Kg","9,16 €/Kg"
Jogo de Viagem,Monopoly,,"9,99 €","9,99 €/Unidade"
Molho bechamel,PorSi,Embalagem de 500 ml,"0,75 €","3,75 €/L"
Linguas de Bacalhau,*,Embalagem de 500 g,"8,73 €/Kg","8,73 €/Kg"
Salmão Fumado da Noruega,PorSi,Embalagem de 200 g,"2,99 €","19,93 €/Kg"
Creme p/ barrar de chocolate e avelã,Milka,Embalagem de 600g,"4,19 €","12,32 €/Kg"
Anchova,Peixe do Dia,1 un = 1 kg (aprox.),"4,80 €","11,99 €/Kg"
Bombons Quality Street,Nestlé,Embalagem de 265 g,"2,39 €","47,80 €/Kg"
Especialidade de soja natural,PorSi Viva Bem,Embalagem de 4 x 100 g,"2,99 €","5,98 €/Kg"
"Cereais special k, frutos vermelhos",Kellogg's,Embalagem de 300g,"3,29 €","25,50 €/Kg"
"Alimento húmido para gato júnior, carne",Whiskas,Embalagem de 400g,"3,49 €","10,26 €/Kg"
Polvo limpo,PorSi,Embalagem de 1 kg,"4,99 €","6,24 €/Kg"
Spray limpeza casa de banho,PorSi,750 ml,"1,79 €","2,39 €/L"
Vinho do porto tawny,Cruz,"Garrafa de 0,75 l","15,99 €","21,32 €/L"
Café em cápsulas dolce gusto galão,Nescafe,Embalagem de 16 cápsulas,"59,82 €/Kg","59,82 €/Kg"
Cone morango/baunilha,PorSi,Embalagem de 6 x 120 ml,"5,99 €","16,64 €/L"
Amaciador rosa e rosmaninho,Surf,90 doses,"8,99 €","2,25 €/L"
"Cerveja com álcool, lata",Super Bock,Garrafa de 330 ml,"1,99 €/L","1,99 €/L"
Creme autobrilha incolor,Splendor,40 ml,"1,99 €","39,80 €/L"
Cebola picada em pacote,PorSi,Embalagem de 40 g,"0,24 €","0,24 €/Kg"
Bombons Fontessa,Trumpf,Embalagem de 400G,"2,39 €","47,80 €/Kg"
Achocolatado zero% açúcares,Nesquik,Embalagem de 345g,"5,29 €","6,61 €/Kg"
Queijo Raclette Fatias,Páturages,Embalagem de 400 g,"1,56 €","7,80 €/Kg"
Pastilhas de Limpeza Dentífrica Branqueadora,Polident,Embalagem com 30 unidades,"9,69 €","121,13 €/Kg"
Gelatina lima limão,Branca de Neve,Embalagem de 90g,"0,59 €","65,56 €/Kg"
Aperitivos tex mex,Doritos,Embalagem de 120g,"0,75 €","7,50 €/Kg"
Creme de limpeza com lixívia,PorSi,750 ml,"2,59 €","1,30 €/L"
Cordon bleu,PorSi,Embalagem de 1 kg,"5,49 €","7,32 €/Kg"
Alheira tradicional 180g,Prisca,Embalagem de 180g,"1,49 €","7,45 €/Kg"
Cogumelos laminados,PorSi,780 g,"1,79 €","2,29 €/Kg"
"Queijo light, 8 porções",A Vaca Que Ri,Embalagem de 140 g,"2,29 €","19,08 €/Kg"
Nata uht,PorSi,Embalagem de 200 ml,"0,75 €","3,75 €/L"
Batata doce polpa laranja,*,Vendido ao peso a partir de 500 g,"0,22 €","0,89 €/Kg"
Polpa de tomate em garrafa,Compal,Embalagem de 1 kg,"3,79 €","23,69 €/Kg"
"Vinho DOC Bairrada, Branco",Selecção de Enófilos,Garrafa de 0.75 l,"2,92 €/L","2,92 €/L"
Chouriço com feijão,Nobre,Embalagem de 420g,"2,35 €","5,60 €/Kg"
"Alimento seco para gato adulto, bio complex, frango ...",HappyOne,Embalagem de 2 kg,"12,99 €","4,33 €/Kg"
Café moagem universal angola,Delta,Embalagem de 220g,"9,76 €/Kg","9,76 €/Kg"
Champô Limão & Argila,Ultra Suave,Embalagem de 400 ml,"5,59 €","13,98 €/L"
Gel de Banho Orquídea & Cashmere Extract,Nivea,Embalagem de 750 ml,"5,99 €","7,99 €/L"
Polpa de tomate com cebola e alho,Compal,Embalagem de 500g,"3,79 €","23,69 €/Kg"
Água mineral sem gás,Fastio,Pack 4 x 1.5 l,"0,89 €","0,18 €/L"
Refresco em pó de laranja,Tang,Embalagem de 30g,"0,69 €","17,25 €/Kg"
Brandy,ON/OFF,Garrafa de 700 ml,"11,99 €","17,13 €/L"
"Creme de rosto revital laser, serum",L'oreal,Embalagem de 30 ml,"1,99 €","39,80 €/L"
Azeite virgem extra seleção,PorSi,Garrafa de 750 ml,"3,19 €","4,25 €/L"
Água s/ gás,Luso,"Garrafa de 0,75 l","0,89 €","0,18 €/L"
"Busca Polos, grande",Itools,1 unidade,"6,49 €","6,49 €/Unidade"
Bolacha infantil dinossaurus mini dino chocolate,Artiach,Embalagem de 120g,"1,89 €","15,75 €/Kg"
Tinta p/ Roupa Azul Marinho,Iberia,Embalagem de 40g,"7,99 €","38,05 €/Kg"
Pá económica,PorSi,1 unidade,"2,20 €","2,20 €/Unidade"
Biscoitos brownies,PorSi,Embalagem de 230g,"0,89 €","5,93 €/Kg"
Queijo em fatias,Terra Nostra,Embalagem de 400g,"1,56 €","7,80 €/Kg"
Chocolate em pó Starbucks 42% cacau,STARBUCKS,Embalagem de 330g,"5,29 €","6,61 €/Kg"
Máquina depilatória Miss Soleil,Bic,3 + 1 unidades,"12,39 €","12,39 €/Unidade"
Recarga inseticida eléctrico líquido anti melgas e m...,Raid,60 noites,"10,49 €","17,48 €/L"
12 nuggets frango polme americano,Capitão Iglo,Embalagem de 220g,"3,49 €","8,73 €/Kg"
Chocolates maltesers,MALTESERS,Embalagem de 90g,"11,98 €/Kg","11,98 €/Kg"
Mala de ferramentas,MC Power,31 peças,"6,49 €","6,49 €/Unidade"
Batatas lisas cheese & onion,Lay's,Embalagem de 150g,"0,99 €","5,35 €/Kg"
Queijo fresco meio gordo,PorSi,200 g,"0,99 €","4,95 €/Kg"
Molas plásticas,PorSi,15 unidades,"0,79 €","0,79 €/Unidade"
Palhetas para café,Domédia,Embalagem com 100 unidades,"1,19 €","1,19 €/Unidade"
Bolachas shortcake cacau,PorSi,Embalagem de 185 g,"1,69 €","6,76 €/Kg"
Bolachas ricanela,Cuetara,Embalagem de 400g + 100g grátis,"0,37 €","2,96 €/Kg"
Tofu biológico,PorSi Bio,Embalagem de 300g,"2,79 €","5,58 €/Kg"
Esponja limpa camurça,PorSi,1 unidade,"4,99 €","33,27 €/L"
Resguardo para bebé,PorSi,Dim.: 60 x 60 cm,"4,99 €","4,99 €/Unidade"
Dentífrico júnior 7 a 12 anos,Colgate,Embalagem de 50 ml,"0,79 €","0,79 €/Unidade"
Caramelo líquido,PorSi,Embalagem de 400g,"1,29 €","3,23 €/Kg"
"Abacaxi ""Avião""",Fruta da Época,"Vendido ao peso, 1 un=1.5 kg aprox.","3,98 €","1,99 €/Kg"
Desinfetante em gel c/ lixívia,Cif,Garrafa de 750 ml,"2,49 €","3,32 €/L"
Mortadela de peru,Campofrio,1 un = 150 gr (aprox.),"1,05 €","6,99 €/Kg"
Toalha de Mesa Anti Nódoas,VZT,Dim.: 150 x 200 cm,"2,79 €","2,79 €/Unidade"
Alface Roxa,Programa Origens,1 un= 400 g ( aprox.),"1,20 €","2,99 €/Kg"
Detergente manual para roupa,Bio presto,Embalagem de 540g,"0,99 €","2,48 €/Kg"
Iogurte sólido sem lactose morango,Mimosa,Embalagem de 480g,"0,99 €","1,98 €/Kg"
Lula recheada com carne,PorSi,Embalagem de 500 g,"1,79 €","4,97 €/Kg"
Tarteletes com recheio morango,PorSi,Embalagem de 96g,"0,89 €","5,06 €/Kg"
Esfregão Fibra Verde Grande XXL Gama Classic,Scotch-Brite,Embalagem de 1 unidades,"2,49 €","2,49 €/Unidade"
Néctar de romã,Cemporcent,Garrafa de 200 ml,"1,99 €","1,99 €/L"
Linhaça dourada e moída,Cemporcent,Embalagem de 200g,"2,29 €","11,45 €/Kg"
Cerveja c/ álcool,Super Bock,pack 24 x 0.33 l,"1,99 €/L","1,99 €/L"
Bolacha dourada dietnature,Gullon,Embalagem de 330g,"1,69 €","2,11 €/Kg"
Bolachas cookies choco xl,Milka,Embalagem de 180g,"0,89 €","5,93 €/Kg"
Salsa folhas,PorSi,Saqueta de 12 g,"0,24 €","0,24 €/Kg"
Café em cápsulas deqafeitatus,Delta Q,Embalagem de 55 g,"59,82 €/Kg","59,82 €/Kg"
Lasanha vegetariana,*,Vendido ao peso,"2,99 €","11,96 €/Kg"
Aguardente bagaceira,Dinastia,"Garrafa de 0,70 l","12,79 €","18,27 €/L"
Iogurte com Cereais Activia,Danone,Embalagem 4x115g,"2,79 €","6,07 €/Kg"
Cobertura tábua de engomar,PorSi,Dim.: 130 x 47 cm,"27,99 €","27,99 €/Unidade"
Croissant de doce d'ovos 100 g,Pastelaria do Dia,,"0,69 €","0,69 €/Unidade"
Cereais crunch 375g,Nestle,Embalagem de 380g,"5,07 €/Kg","5,07 €/Kg"
Água c/ Gás Ananás,Frize,pack 4 x 0.25 l,"1,99 €/L","1,99 €/L"
Leite c/ chocolate meio-gordo s/ lactose,Agros,4 x 200 ml,"0,25 €","1,25 €/L"
Caixa de arrumação reciclada,PorSi,40 litros,"9,99 €","9,99 €/Unidade"
Rebuçado recheio morango,PorSi,Embalagem de 250g,"2,29 €","57,25 €/Kg"
Eau de Toilette Senhora Blue Seduction,António Banderas,Embalagem de 50 ml,"14,99 €","299,80 €/L"
Queijo ilha ralado,PorSi,Embalagem de 200g,"1,49 €","7,45 €/Kg"
Café nyeri quénia moagem universal,Sical,Embalagem de 220g,"9,76 €/Kg","9,76 €/Kg"
Licor beirão,Beirão,Garrafa de 700 ml,"21,99 €","31,41 €/L"
Aspirador nasal,Pommette,1 unidade,"1,99 €","1,99 €/Unidade"
Peito de peru fatiado,PorSi,Embalagem de 200g,"1,99 €","9,95 €/Kg"
Chá solúvel alívio respiratório,Cemporcent,Embalagem de 50g,"58,44 €/Kg","58,44 €/Kg"
Bolachas de manteiga,PorSi,Embalagem de 200 g,"1,69 €","6,76 €/Kg"
Rolo papel cozinha branco compacto,PorSi,Embalagem de 4 unidades,"3,49 €","3,49 €/Unidade"
Batata pré-frita palito,PorSi,"Embalagem de 2,5 kg","1,39 €","1,39 €/Kg"
"Vinho bairrada, reserva, tinto",Selecção de Enófilos,Garrafa de 0.75 l,"2,92 €/L","2,92 €/L"
Bebida de Aveia,PorSi Viva Bem,1 l,"1,29 €","1,29 €/L"
"Dentifríco líquido 2 em 1 global, proteção branquead...",Labell,Embalagem de 75 ml,"2,89 €","38,53 €/L"
Arroz agulha,Cigala,Embalagem de 1 kg,"0,99 €","0,99 €/Kg"
Água mineral natural alcalina,MONCHIQUE,Garrafão de 5 l,"0,89 €","0,18 €/L"
Alho francês bio,PorSi Bio,750 g (aprox.),"0,66 €","2,19 €/Kg"
Crocantes frango parmesão e ervas,Iglo,Embalagem de 180g,"9,30 €/Kg","9,30 €/Kg"
Espanador Agarra Pó,Pronto,1 un. + 2 Recargas,"1,69 €","1,69 €/Unidade"
Amaciador intense nature,Comfort,60 doses,"8,99 €","2,25 €/L"
Cerveja preta 0.0%,Sagres,Lata de 330 ml,"5,99 €","3,03 €/L"
"Qeijo flamengo bola, metade",Valformoso,Embalagem de 700G,"1,56 €","7,80 €/Kg"
Vinho DOC Dão,Grão Vasco,"Garrafa de 1,5L","3,99 €","5,32 €/L"
Pipocas coloridas,Orcape,Embalagem de 100g,"0,75 €","7,50 €/Kg"
Queijo ilha ralado,Valformoso,Embalagem de 150g,"1,49 €","7,45 €/Kg"
Batata frita camponesa,PorSi,Embalagem de 175 g,"1,19 €","6,43 €/Kg"
Queijo dop 7 meses,Sao jorge,Embalagem de 400g,"2,85 €","15,83 €/Kg"
Vinho doc douro colheita branco,Vallegre,Garrafa de 750 ml,"7,49 €","9,99 €/L"
Nestum chocolate,Nestum,Embalagem de 250g,"1,99 €","7,96 €/Kg"
Jogo de Viagem Conecta 4,Hasbro,,"9,99 €","9,99 €/Unidade"
Moscatel de setúbal,Adega de Palmela,Garrafa de 750 ml,"5,99 €","7,99 €/L"
Tira nódoas em spray cores,Neoblanc,Embalagem de 700 ml,"7,99 €","38,05 €/Kg"
Pastilhas elásticas frost watermelon,Trident Max,Embalagem de 60 g,"0,99 €","58,24 €/Kg"
Biscoito para cão nuggets,Purina One,Embalagem de 90g,"0,89 €","4,94 €/Kg"
Vinho do porto lbv 2004,Cruz,Garrafa de 0.75 l,"10,99 €","14,65 €/L"
Ovos Frescos Omega 3 de Galinhas Solo,PorSi Viva Bem,Embalagem com 6 unidades,"1,74 €","1,74 €/Unidade"
Leite 0% lactose magro,Mimosa,Garrafa de 1 l,"1,29 €","1,29 €/L"
Lencos bolso mentol 6x10 3f,PorSi,Embalagem de 6 unidades,"0,89 €","0,89 €/Unidade"
Folhado Misto 90 g,Pastelaria do Dia,,"0,65 €","0,65 €/Unidade"
Creme Rosto Dia Pele Mista Antirrugas Q10 Plus,Nivea,Embalagem de 50 ml,"1,99 €","39,80 €/L"
Pasta dentífrica gel kids,Labell,Embalagem de 50 ml,"0,79 €","0,79 €/Unidade"
Pérolas de perfume unstoppables fresh,Lenor,Embalagem de 210g,"7,99 €","38,05 €/Kg"
Dentífrico infantil frutas naturais 3 aos 5 anos,Colgate,50 ml,"0,79 €","0,79 €/Unidade"
Chá verde menta,PorSi,Embalagem de 43.7 g,"85,00 €/Kg","85,00 €/Kg"
Infusão cidreira,Cemporcent,Embalagem de 10 unidades,"0,85 €","65,38 €/Kg"
Lombo de Porco,Porco,,"4,99 €","12,48 €/Kg"
Cerveja 0.0%,Sagres,Pack 4 x 0.33 l,"5,99 €","3,03 €/L"
Sumos/ gás morango,Sunny d,"Garrafa de 1,25 l","0,99 €","3,19 €/L"
"Alimento para cão júnior bio complex, com frango",HappyOne,Embalagem de 4 kg,"22,99 €","1,15 €/Kg"
Vinho regional lisboa tinto,Res.cortes,Garrafa de 750 ml,"4,89 €","6,52 €/L"
Amendoins mix original,Matutano,Embalagem de 130g,"0,75 €","7,50 €/Kg"
Prepar arroz marisco sem gluten cv 0.8kg,Brasmar,Embalagem de 800g,"1,79 €","7,16 €/Kg"
Bacalhau posta média,PorSi,Embalagem de 800g,"5,99 €","7,49 €/Kg"
Queijo Curado Amanteigado,Torre,1 un = 250 gr  (aprox.),"1,75 €","6,99 €/Kg"
Polpa tomate tetra,PorSi,Embalagem de 210g,"3,79 €","23,69 €/Kg"
Bebida láctea crescimento 1 a 3 anos,Nestle,Embalagem de 1 litro,"0,25 €","1,25 €/L"
Cápsulas de café com leite cappuccino,Nescafe,Embalagem com 16 cápsulas,"3,19 €","25,52 €/Kg"
Ice tea pêssego,Lipton,Embalagem de 1L,"0,99 €","0,66 €/L"
Aperitivo de anis,Ricard,Garrafa de 700 ml,"21,99 €","31,41 €/L"
Bolacha integral doce,Vieira,Embalagem de 180g,"0,98 €","3,27 €/Kg"
Tablete chocolate branco,PorSi,Embalagem de 100g,"0,99 €","9,90 €/Kg"
Batata Roxa Nova Granel,Legumes do Dia,1 un = 250 gr  (aprox.),"0,22 €","0,89 €/Kg"
Leite de cabra uht meio gordo,President,Embalagem 1L,"0,81 €","0,81 €/L"
Espuma Micelar Bebé,Corine de Farme,Embalagem de 150 ml,"0,59 €","5,90 €/L"
"Papel higiénico compacto, folha dupla",Renova,4 = 12 rolos,"1,99 €","1,99 €/Unidade"
Bocadelia de caranguejo,La piara,Embalagem de 170g,"0,99 €","11,25 €/Kg"
Costeleta mista,Porco,1 un = 150 gr (aprox.),"3,99 €","3,99 €/Kg"
Snack para gato de salmão e queijo,Catisfactions,Embalagem de 60g,"0,99 €","16,50 €/Kg"
"Espuma de cabelo, extra forte",Pantene,Embalagem de 200 ml,"3,99 €","15,96 €/L"
Alga wakame desidratada,Trevijano,Embalagem de 50g,"2,99 €","59,80 €/Kg"
Snack para gato crispies salmão e truta,Felix,Embalagem de 50g,"0,99 €","16,50 €/Kg"
Laca Cabelo Criação Brilho,Tresemmé,Embalagem de 300 ml,"3,99 €","15,96 €/L"
Gel wc anti-calcário,Harpic,Garrafa de 750 ml,"1,79 €","2,39 €/L"
Café lote normal moagem grossa,PorSi,Embalagem de 250 g,"9,76 €/Kg","9,76 €/Kg"
"Queijo, 16 porções",A Vaca Que Ri,Embalagem de 280g,"3,59 €","12,82 €/Kg"
Gaspacho,PorSi,1 litro,"0,69 €","11,13 €/Kg"
Sacos cubos de gelo fecho manual,PorSi,Embalagem com 10 unidades,"1,39 €","1,39 €/Unidade"
Requeijão de vaca,PorSi,Embalagem de 200 g,"0,99 €","4,95 €/Kg"
Barras cereais chocapic,Nestle,Embalagem de 150g,"3,29 €","25,31 €/Kg"
Bolacha maria junior doces,Vieira,Embalagem de 280g,"1,69 €","2,11 €/Kg"
Ambientador vela frutos vermelhos,PorSi,1 unidade,"6,99 €","33,29 €/Kg"
Esfregão esponja ergonómico salva unhas,PorSi,Embalagem de 2 unidades,"2,49 €","2,49 €/Unidade"
Café Moagem Universal do Brasil,PorSi,Embalagem de 220g,"9,16 €/Kg","9,16 €/Kg"
Mousse chocolate,PorSi,Embalagem de 150g,"0,79 €","5,27 €/Kg"
"Salsichas wiennerwurt em frasco, 6 un",Nobre,Embalagem de 250g,"0,75 €","3,75 €/Kg"
Queijo fresco,Santiago,Embalagem de 80g,"2,29 €","19,08 €/Kg"
Aperfeiçoador BB Cream Médio,Garnier,Embalagem de 50 ml,"1,99 €","39,80 €/L"
Mel de Rosmaninho,PorSi Select,Frasco de 250 g,"4,59 €","9,18 €/Kg"
Ambientador Fresh Water,Arbre Magique,1 unidade,"1,99 €","1,99 €/Unidade"
"Gomas de beijos, sabor a morango",Fini,Embalagem 100G,"0,89 €","8,90 €/Kg"
Ice tea limão,Lipton,pack 6 x 0.25 l,"0,99 €","0,66 €/L"
Spray casa de banho brilhante,Sonasol,Embalagem de 500 ml,"0,98 €","0,49 €/L"
Compressas | dim.: 10 x 10 cm,PorSi,Embalagem com 100 unidades,"3,99 €","3,99 €/Unidade"
Natas uht 3 queijos,Parmalat,Embalagem de 200 ml,"0,75 €","3,75 €/L"
Vinho doc dão branco,Grao vasco,Garrafa de 750 ml,"3,99 €","5,32 €/L"
Máquina Depilação Regular Venus,Gillette,Máquina + Recarga,"5,49 €","5,49 €/Unidade"
Nestlé tablete de chocolate negro e amendoa,Nestle,Embalagem de 270g,"10,52 €/Kg","10,52 €/Kg"
Leitão assado,*,fechado 6 a 8.5 kg,"101,94 €","16,99 €/Kg"
Creme de feijão c/ espinafres,Sopas Graciete,Garrafa de 400 ml,"1,99 €","2,49 €/Kg"
Queijo mini light,Babybel,Embalagem de 12 x 20 g,"2,29 €","19,08 €/Kg"
Mistura sol sem café granulado,PorSi,Embalagem de 200g,"0,89 €","3,56 €/Kg"
Pate picante 73gr.                ce *24,La piara,Embalagem de 70g,"0,99 €","11,25 €/Kg"
Tablete de chocolate extra fina leite/avelã,Nestle,Embalagem de 120g,"10,52 €/Kg","10,52 €/Kg"
Desodorizante de pés em spray refrescante,Protex,Embalagem de 100 ml,"5,49 €","36,60 €/L"
Gelatina ananás 10kcal,Royal,Embalagem de 30g,"0,59 €","65,56 €/Kg"
Folhado de Maçã,*,1 unidade= 100 g,"0,69 €","0,69 €/Unidade"
Queijo bola fatias,Paiva,Embalagem de 180g,"1,56 €","7,80 €/Kg"
Água com gás,Vimeiro,pack 6 x 0.25 l,"1,99 €/L","1,99 €/L"
Gogo SqueeZ Snack Maçã,Gogo,Embalagem de 90g,"2,09 €","6,33 €/L"
Leite especial cálcio + vitamina d magro,Mimosa,Garrafa de 1 l,"1,29 €","1,29 €/L"
Coco ralado bio,PorSi Bio,Embalagem de 200 g,"1,69 €","3,38 €/Kg"
Mojito,Bacardi,Garrafa de 0.70 l,"17,49 €","24,99 €/L"
Óleo Gasolina 20w40,PorSi,Embalagem de 5 l,"12,99 €","12,99 €/L"
Paella,It.saveurs,Embalagem de 300g,"2,35 €","5,60 €/Kg"
Buondi extreme cafe moido 12x200g,Buondi,Embalagem de 200g,"9,76 €/Kg","9,76 €/Kg"
Adoçante à base de sucralose,PorSi Viva Bem,Embalagem de 17g,"4,99 €","19,96 €/Kg"
Ambientador arbremagique limão,Arbre Magique,1 unidade,"1,99 €","1,99 €/Unidade"
Bolachas infantil dinossauros,Artiach,Embalagem de 190g,"1,89 €","15,75 €/Kg"
Belgian chocolate,Haagen daz,Embalagem de 460 ml,"6,79 €","14,76 €/L"
Spray fornos e grelhadores,Cif,435 ml,"1,79 €","2,39 €/L"
Vinho tinto regional setúbal,Herdade da comporta,Garrafa de 0.75 l,"7,99 €","10,65 €/L"
Vermute bianco,Martini,Garrafa de 0.75 l,"21,99 €","31,41 €/L"
Bifes da rabadilha de novilho,PorSi,Embalagem de 400 g,"6,71 €","8,39 €/Kg"
Unha,Porco,1 un = 500 gr (aprox.),"0,60 €","5,99 €/Kg"
"Limpa móveis pistola, aloé vera",Pronto,Embalagem de 500 ml,"1,19 €","0,79 €/L"
Nectar clássico maracujá,Compal,Garrafa de 1 l,"1,19 €","0,79 €/L"
Pez blister,PEZ,Embalagem de 70g,"2,29 €","57,25 €/Kg"
Papa infantil para preparar com leite +6 meses,Cerelac,Embalagem de 750g,"4,49 €","4,49 €/Kg"
"Frutapura maçã, banana e frutos do bosque",Bledina,Embalagem de 85g,"2,09 €","6,33 €/L"
Pilhas Alcalinas AA Optimum,Duracell,Blister 4 Pilhas,"1,59 €","1,59 €/Unidade"
Leite UHT Meio Gordo,PorSi,Embalagem de 200 ml,"0,81 €","0,81 €/L"
Limpa fornos normal,Mr.muscle,Embalagem de 300 ml,"1,29 €","1,72 €/L"
Vodka,ON/OFF,Garrafa 0.70L,"26,99 €","38,56 €/L"
Alface Roxa,Legumes do Dia,1 un= 400 g (aprox.),"1,20 €","2,99 €/Kg"
Amendoim com sal,Frutos secos,1 un = 100 gr (aprox.),"0,95 €","3,79 €/Kg"
Batido de café,Forma+,Embalagem de 700g,"3,29 €","32,90 €/Kg"
Tequila branca,Sierra,Garrafa de 0.70 l,"17,49 €","24,99 €/L"
Gomas starmix,Haribo,Embalagem de 90g,"0,89 €","8,90 €/Kg"
"Cera cabelo, paste signature",Axe,Embalagem de 75 ml,"3,99 €","15,96 €/L"
Bolacha de manteiga belga c/ chocolate,Saborosa,Embalagem de 200g,"1,69 €","6,76 €/Kg"
Sumo natural de maçã bio,Cemporcent,Garrafa de 1 l,"1,99 €","1,99 €/L"
Mini tosta trigo,Diatosta,Embalagem de 90 g,"2,29 €","6,54 €/Kg"
Rolo de Cozinha Gigaroll Branco,Renova,1 Rolo,"3,49 €","3,49 €/Unidade"
Alimento lácteo banana +6 meses,Yogolino,Embalagem de 90g,"2,89 €","7,23 €/Kg"
Farinha p/ bolos extra fina,Nacional,Embalagem de 1 kg,"1,69 €","1,69 €/Kg"
Iogurte tutti fruti,Danone,Embalagem de 12 x 100 g,"4,15 €/Kg","4,15 €/Kg"
Leite UHT Meio Gordo,Gresso,Embalagem de 1 l,"0,81 €","0,81 €/L"
Lixívia Spray Mousse Flor,Neoblanc,Embalagem de 700ml,"2,59 €","1,30 €/L"
Vela com número nº 6,PorSi,1 unidade,"0,49 €","0,49 €/Unidade"
"Cera cabelo, indestructible",Studio Line,Embalagem de 75 ml,"3,99 €","15,96 €/L"
Abóbora Menina Programa Origens,PorSi,1 un= 1 kg (aprox.),"0,89 €","0,89 €/Kg"
Creme de coentros sem batata,PorSi,Embalagem de 400 g,"1,99 €","2,49 €/Kg"
Pêssego Vermelho,Fruta do Dia,1 un = 140 gr (aprox.),"0,24 €","1,59 €/Kg"
Iguarias Pota com Alho,Pitéu,Embalagem de 120 g,"9,08 €/Kg","9,08 €/Kg"
Mini babybel cheese & crakers,Babybel,Embalagem de 40g,"0,79 €","22,57 €/Kg"
Cerveja com álcool,Kings Bräu,"Embalagem de 0,33 l","1,99 €/L","1,99 €/L"
Bolachas marítimas clássicas,PorSi Viva Bem,Embalagem de 200g,"1,39 €","10,69 €/Kg"
Vassoura pequena,PorSi,unidade,"2,20 €","2,20 €/Unidade"
Creme para calçado incolor,PorSi,50 ml,"0,99 €","19,80 €/L"
Porto ruby,Ferreira,Garrafa de 750 ml,"6,65 €/L","6,65 €/L"
Fralda Cueca Banho Splashers T4,Dodot,1 Embalagem c/11 unidades,"7,99 €","7,99 €/Unidade"
Ambientador spray pure colónia de bebé,PorSi,250 ml,"0,99 €","3,30 €/L"
"Chocolate sombrinha, saquetas, 5 unidades",Lacasa,Embalagem de 50g,"2,39 €","47,80 €/Kg"
Recarga ambientador fresh matic nenuco,Air Wick,250 ml,"11,98 €","11,98 €/Unidade"
Delicia chocolate c/ amêndoa,Branca de Neve,Embalagem de 360g,"0,79 €","5,27 €/Kg"
Elixir Bocal Complete,Oral B,Embalagem de 500 ml,"4,49 €","8,98 €/L"
Farinha de milho 500g,ESPIGA,Embalagem de 500g,"1,69 €","1,69 €/Kg"
Polpa de cebola e alho,PorSi,Embalagem de 500 g,"3,79 €","23,69 €/Kg"
Adoçante comprimidos,PorSi,Embalagem de 250 saquetas,"4,99 €","19,96 €/Kg"
"Queijo flamengo, fatias",Paiva,Embalagem de 180 g,"1,56 €","7,80 €/Kg"
Alcahfora plus,Forma+,Garrafa de 500 ml,"3,29 €","32,90 €/Kg"
Alimento húmido cão gelatina júnior,Pedigree,Embalagem de 400g,"0,69 €","2,30 €/Kg"
Manteiga s/ lactose,Primor,Embalagem de 130g,"1,69 €","6,76 €/Kg"
Água mineral sem gás,S.estrela,pack 4 x 1.5 l,"0,89 €","0,18 €/L"
Limpa madeiras com sabão,PorSi,1.5 litros,"3,99 €","13,30 €/L"
Sumo concentrado de laranja,GUD,Garrafa de 740 ml,"4,89 €","6,61 €/L"
Aditivo Tira Nódoas Oxi Action White,Vanish,Embalagem de 800 g,"9,99 €","33,30 €/L"
Bacon Extra fatiado,Porminho,Embalagem 80g,"1,29 €","16,13 €/Kg"
Frango do Campo Inteiro c/ Miúdos Programa Origens,PorSi Select,Vendido ao peso,"1,05 €","2,99 €/Kg"
Rissóis de peixe,Brilha ali,1 unidade = 60 gr,"0,65 €","0,65 €/Unidade"
Vinhos Branco Reserva Dão,Cabriz,"Garrafa de 0,75L","3,99 €","5,32 €/L"
Vela com número nº 0,PorSi,1 unidade,"0,49 €","0,49 €/Unidade"
"Chá de mel, limão e ginseng",Tetley,Embalagem de 20g,"44,50 €/Kg","44,50 €/Kg"
Cabrito Inteiro/Metades,PorSi,1/2 un = 7 kg <br> 1 un = 14 kg (aprox.),"15,74 €","10,49 €/Kg"
"Condicionador para lisos, de amêndoas, para cabelos ...",Le Petit Marseillais,Embalagem de 200 ml,"1,00 €","5,00 €/L"
Fita dental,Sensodyne,1 unidade,"3,49 €","3,49 €/Unidade"
Recarga ambientador elétrico delícias de verão,Air Wick,Embalagem de 1 unidades,"11,98 €","11,98 €/Unidade"
Coentro Molho Programa Origens,PorSi,Embalagem de 50g,"0,79 €","15,80 €/Kg"
Papel Premier p/ Fotocópia A4,Xerox,1 resma,"0,99 €","0,99 €/Unidade"
Rum limon,Bacardi,Garrafa de 700 ml,"17,49 €","24,99 €/L"
Esfregona de Microfibras Completa,PorSi,1 unidade,"0,99 €","0,99 €/Unidade"
"Pensos para calos, 10 unidades",PorSi,1 embalagem,"3,99 €","3,99 €/Unidade"
Flan sabor a baunilha com caramelo,PorSi,Embalagem de 6 x 100 g,"1,19 €","2,59 €/Kg"
Noodle banzai carne,Cigala,Embalagem de 70g,"0,89 €","1,78 €/Kg"
"Creme de depilação duche, peles normais",Veet,Garrafa de 150 ml,"10,99 €","73,27 €/L"
Salsichas extra suculentas de peru,Nobre,Frasco de 210g,"0,75 €","3,75 €/Kg"
Lima-limao zero,PorSi,Garrafa de 1.5 l,"0,79 €","0,40 €/L"
Corta-Batatas,Imf,1 unidade,"3,99 €","3,99 €/Unidade"
Fralda Cueca Activity Extra Tamanho 4,Dodot,Embalagem com 45 uni.,"7,99 €","7,99 €/Unidade"
Biscoitos integrais aveia e cacau,PorSi Viva Bem,Embalagem de 150g,"1,39 €","10,69 €/Kg"
Bolacha golden,Oreo,Embalagem de 154 g,"0,89 €","5,06 €/Kg"
Infusão nº 13 diabet control,Cemporcent,Embalagem de 10 unidades,"0,85 €","65,38 €/Kg"
"Fita Papel, 50mmx50m",Vito,1 unidade,"3,49 €","116,33 €/Kg"
Inteiro Pequeno,Frango,1 un = 1 kg (aprox.),"1,05 €","2,99 €/Kg"
Salsicha Picante,Porco,1 un = 100 gr (aprox.),"0,50 €","4,99 €/Kg"
Pão de Ló Húmido Simples,Pastelaria do Dia,500g,"8,99 €","11,24 €/Kg"
Vinho rosé,Lancers,Garrafa 0.75L,"3,99 €","5,32 €/L"
Cenouras com peru +6 meses,Bledina,Embalagem de 2 x 200g,"1,89 €","9,95 €/Kg"
Lava tudo limão verde,Cif,"Garrafa de 1,4 l","0,98 €","0,49 €/L"
Limpa vidros azul,PorSi,Embalagem de 1 l,"3,79 €","0,76 €/L"
Iogurte liquido infantil morango,PorSi,Embalagem de 6 x 94 ml,"1,19 €","1,86 €/Kg"
Pensos Higiênicos com Abas Super,Ausonia,embalagem com 12 un.,"4,99 €","4,99 €/Unidade"
Uva Branca sem grainha,Fruta do Dia,Embalagem de 500 g,"2,49 €","2,49 €/Kg"
Vinho rosé mateus emotion,Mateus,Garrafa de 750 ml,"3,99 €","5,32 €/L"
Fígado,Porco,Vendido ao peso a partir de 1 kg,"0,60 €","5,99 €/Kg"
Sidra maçãs ácidas,Bandida do Pomar,lata de 0.5 l,"1,59 €","3,18 €/L"
Bolachas Chiquilin 0% Açucar,Artiach,Embalagem de 175 g,"2,49 €","8,30 €/Kg"
Bebida láctea crescimento c/ bolacha maria,Nestle,Embalagem de 1 litro,"0,25 €","1,25 €/L"
Bolacha maria de chocolate,Cuetara,Embalagem de 265g,"1,69 €","2,11 €/Kg"
Queijo Flamengo Bola,Limiano,1 un = 250 gr  (aprox.),"1,56 €","7,80 €/Kg"
Pão forma familiar normal,Bimbo,embalagem de 700 g,"0,99 €","1,65 €/Kg"
"Absorvedores de odores, relax zen",Brise,Embalagem de 2x150g,"16,63 €/L","16,63 €/L"
Anéis Empilháveis,Baby Clementoni,1 unidade,"3,49 €","3,49 €/Unidade"
Leite uht magro,PorSi,Embalagem de 1 litro,"0,81 €","0,81 €/L"
Ambientador elétrico flor de cerejeira,Air Wick,1 unidade,"3,69 €","3,69 €/Unidade"
Mochila Blue Lovers,Firmo,1 un.,"9,99 €","9,99 €/Unidade"
Barra cereais nesquik delice,Nestle,Embalagem de 140g,"3,29 €","25,31 €/Kg"
Saqueta de puré de fruta | maçã + pera,PorSi,90 g,"0,69 €","7,67 €/Kg"
Sidra maçã,Somersby,"Pack 15x0,20 L","1,59 €","3,18 €/L"
"Pilha alcalina, hightech lr6X8",Domédia,1 unidade,"1,59 €","1,59 €/Unidade"
Toalha em rolo papel amarelo,PorSi,1 Unidade,"2,79 €","2,79 €/Unidade"
Creme depilatório para peles normais,Labell,Embalagem de 200 ml,"10,99 €","73,27 €/L"
Álcool Etílico Sanitário,PorSi,200 ml,"3,99 €","3,99 €/Unidade"
Cereais chocapic,Nestle,Embalagem de 630g,"5,07 €/Kg","5,07 €/Kg"
Peito de frango,PorSi,"Vendido ao peso, fatiado a partir de 150 g","1,99 €","9,95 €/Kg"
"Agrafos nº24/6, 2000 unidades",Maped,Uma embalagem,"2,49 €","2,49 €/Unidade"
Leite condensado,PorSi,Embalagem de 397 g,"1,05 €","2,64 €/Kg"
Néctar de 8 frutos,Bongo,Garrafa de 1 l,"0,99 €","0,99 €/L"
Ambientador vela odor tabaco,PorSi,1 unidade,"6,99 €","33,29 €/Kg"
Rum carta blanca,Bacardi,Garrafa de 700 ml,"17,49 €","24,99 €/L"
Bolachas cream cracker sesamo,Vieira,Embalagem de 186 g,"0,37 €","2,96 €/Kg"
Arroz basmati,Caçarola,Embalagem de 1 kg,"0,99 €","0,99 €/Kg"
Torresmos soltos,PorSi,Embalagem de 200 g,"1,05 €","6,99 €/Kg"
"Gel banho, sport for men",Nivea,Embalagem de 250 ml,"3,29 €","13,16 €/L"
Algodão zig zag pré-cortado,PorSi,Embalagem de 50 g,"3,99 €","3,99 €/Unidade"
Gelatina melancia 10kcal 31g,Royal,Embalagem de 30g,"0,59 €","65,56 €/Kg"
Doce de tomate 60% fruta,Cemporcent,Embalagem de 280g,"5,99 €","19,97 €/Kg"
Bacon Extra Nacos,Porminho,200 g,"1,29 €","16,13 €/Kg"
"Coloração permanente, óleo intensivo, castanho caram...",Syoss,1 unidade,"6,99 €","6,99 €/Unidade"
"Sabonete sólido, oliva",Feno,Embalagem de 4x90g,"1,89 €","11,81 €/Kg"
Pepino biológico,PorSi Bio,1 un = 300 g (aprox.),"1,80 €","5,99 €/Kg"
"Vinho branco, região do alentejo, bag in the box",Navegante,Embalagem de 5 l,"8,99 €","1,80 €/L"
Café em cápsulas  qonvictus,Delta Q,Embalagem de 55 g,"59,82 €/Kg","59,82 €/Kg"
Detergente líquido p/ máquina lavar roupa cores,Woolite,"Garrafa de 1,65 l","9,79 €","2,07 €/Kg"
Snacks croc.amendoim,PorSi,Embalagem de 90g,"0,75 €","7,50 €/Kg"
Lombo de Espadarte Descongelado,Peixe do Dia,"Vendido ao peso, 1 un  = 200g (aprox.)","4,80 €","11,99 €/Kg"
Doce de framboesa,ST.DALFOUR,Frasco de 284g,"1,95 €","8,86 €/Kg"
"Máquina depiladora descartável, Blue II Feminina",Gillette,Embalagem de 5+1 unidades,"12,39 €","12,39 €/Unidade"
Colgate pasta de dentes sensation white 12x,Colgate,Garrafa de 75 ml,"2,89 €","38,53 €/L"
Demaquilhante Dupla Ação,Nivea,1 embalagem de 125g,"0,69 €","0,69 €/Unidade"
Alimento seco para cão raças pequenas,HappyOne,Embalagem de 2 kg,"22,99 €","1,15 €/Kg"
Resguardos de cama,PorSi,20 unidades de 80 x 180 cm,"8,49 €","8,49 €/Unidade"
Fraldas agility T5 de 13 a 18 kg,PorSi,44 unidades,"6,49 €","6,49 €/Unidade"
Bolachas marinheiras linhaça,Cemporcent,Embalagem de 200 g,"1,39 €","10,69 €/Kg"
Arroz agulha,Saludães,Embalagem de 1kg,"0,99 €","0,99 €/Kg"
Ketchup,Calve,Embalagem de 280g,"0,69 €","2,30 €/Kg"
Vela com número nº 3,PorSi,1 unidade,"0,49 €","0,49 €/Unidade"
Queijo brie 60% mg,Páturages,Embalagem de 200 g,"1,48 €","7,40 €/Kg"
Néctar pêssego,Compal,Pack 3 x 200 ml,"0,99 €","0,99 €/L"
Mousse de café,Branca de Neve,Embalagem de 140g,"0,79 €","5,27 €/Kg"
Desentupidor gel turbo com lixívia,Destop,Garrafa de 1 l,"3,99 €","5,32 €/L"
Lombos de pescada,PorSi,Embalagem de 400 g,"3,69 €","9,23 €/Kg"
"Toalhitas limpa móveis, 25 unidades",Pronto,1 embalagem,"1,69 €","1,69 €/Unidade"
Esparguete fino,Nacional,Embalagem de 500g,"0,89 €","1,78 €/Kg"
Néctar bio multifrutos,Paquito,"Embalagem 1,5 l","1,29 €","1,29 €/L"
Vinho tinto doc bairrada,R.c.antiga,Garrafa de 750 ml,"2,92 €/L","2,92 €/L"
Lâmpada ecológica espiral 12we14 brc bl1,Osram,1 unidade,"4,99 €","4,99 €/Unidade"
Creme de Barrar com Sabor a Manteiga,Becel,Embalagem de 400g,"1,19 €","5,95 €/L"
Desinfetante de frutas e vegetais,Clean Essence,500 ml,"1,89 €/Kg","1,89 €/Kg"
Cd aroma moran/coco/f.silv 120gx8,Danone,Embalagem de 960g,"1,85 €","1,23 €/Kg"
Salpicão de Ponte de Lima,PorSi,Vendido ao peso a partir de 750 g,"0,80 €","7,99 €/Kg"
Gelatina pronta a comer melancia,Royal,Embalagem de 4 x 100 g,"0,89 €","2,23 €/Kg"
Salmão Fumado da Escócia,PorSi Select,Embalagem de 80 g,"2,99 €","19,93 €/Kg"
Pão de Forma Cerealia 14 Cereais e Sementes 0% Açúca...,Panrico,Embalagem de 440g,"0,99 €","1,65 €/Kg"
Ovos de galinha ao ar livre | Classe: M/L,Matinados,12 unidades,"1,19 €","1,19 €/Unidade"
Mistura solúvel c/ 20% café pó,PorSi,Embalagem de 200g,"0,89 €","3,56 €/Kg"
Creme abrasivo original,Cif,Garrafa de 700 ml,"0,99 €","1,32 €/L"
Agrafador pocket universal nº10,Maped,1 unidade,"2,49 €","2,49 €/Unidade"
Iogurte natural magro sem lactose,Mimosa,Embalagem de 4x 120 g,"0,99 €","1,98 €/Kg"
Desengordurante de Vitrocerâmica/Indução 3 em 1 |Spr...,Vitroclen,Embalagem de 450 ml,"1,29 €","1,72 €/L"
Whisky Blended,Label 5,Garrafa de 1L,"23,49 €","23,49 €/L"
Tablete triple chocolate,Milka,Embalagem de 90g,"0,53 €","5,30 €/Kg"
Salsa,PorSi Bio,20 g,"0,79 €","15,80 €/Kg"
Brócolos e couve-flor cortados,PorSi,500 g,"0,89 €","0,89 €/Kg"
Inteiro/Metades,Cabrito,"1/2 un = 2.5 kg, 1 un = 5 kg (aprox.)","15,74 €","10,49 €/Kg"
Bebida de soja sem acucar 1l,Alpro,Embalagem de 1L,"2,39 €","2,39 €/L"
Jardineira,PorSi,Embalagem de 750 g,"1,69 €","1,69 €/Kg"
Flocos cereais chocolate,PorSi,Embalagem de 300g,"1,99 €","7,96 €/Kg"
Sumo 100% maçã,Compal,1 litro,"1,19 €","0,79 €/L"
Escova de Dentes 1-2-3 Shiny Clean,Oral B,4 unidades,"3,49 €","3,49 €/Unidade"
Super Napolitana Creme 125 g,Pastelaria do Dia,1 un = 125 g (aprox.),"0,69 €","0,69 €/Unidade"
Açucar granulado,PorSi,Embalagem de 1 kg,"1,39 €","1,39 €/Kg"
Queijo flamengo fatiado,PorSi,Embalagem de 200G,"1,56 €","7,80 €/Kg"
Arroz carolino,Louro,Embalagem de 1 kg,"0,99 €","0,99 €/Kg"
"Limpa vidros, rosa",Redex,Embalagem de 5 l,"3,79 €","0,76 €/L"
Senses Watermelon,Trident,1 un.,"0,99 €","58,24 €/Kg"
Leite seleccionado meio gordo,Matinal,Garrafa de 1 l,"0,81 €","0,81 €/L"
Clementina,Programa Origens,,"0,47 €","1,89 €/Kg"
Cevada solúvel,PorSi,Embalagem de 200g,"0,89 €","3,56 €/Kg"
Aguardente,1920,Garrafa de 700 ml,"12,79 €","18,27 €/L"
"Acendalha branca, 32 cubos",PorSi,Uma embalagem,"0,79 €","0,79 €/Unidade"
Sabonete regular,Dove,Embalagem de 400 g,"1,89 €","11,81 €/Kg"
Bolachas Vitalday crocantes aveia e chocolate de lei...,Gullon,Embalagem de 300g,"2,15 €","2,87 €/Kg"
Iogurte magro morango sem lactose,Mimosa,Embalagem de 4x 120 g,"0,99 €","1,32 €/Kg"
Tostas de trigo,PorSi,Embalagem 225G,"2,29 €","6,54 €/Kg"
Cogumelos laminados,PorSi,Embalagem de 185 g,"1,79 €","2,29 €/Kg"
Feijão branco fidalgo,Legumes secos,1 un = 100 gr. (aprox.),"0,29 €","2,89 €/Kg"
Actimel tutti-frutti,Danone,Embalagem de 6 x 100g,"4,15 €/Kg","4,15 €/Kg"
Leite de coco bio,PorSi Bio,400 ml,"2,79 €","5,58 €/Kg"
Filetes primavera limão,Iglo,Embalagem de 230g,"1,79 €","7,16 €/Kg"
Tinta p/ Roupa Preto,Iberia,Embalagem de 40g,"7,99 €","38,05 €/Kg"
Azeite de moura virgem extra bio,PorSi Bio,Garrafa de 500 ml,"3,19 €","4,25 €/L"
Néctar light de manga/laranja,Compal,Pack 3 x 200 ml,"0,79 €","2,39 €/L"
"Vinho tinto, bag in box",Capela Pias,Garrafa de 5 l,"8,99 €","1,80 €/L"
Paio do Lombo,PorSi,"Vendido ao peso, a partir de 100g","2,69 €","13,45 €/Kg"
Leite uht magro,Mimosa,Embalagem de 1 litro,"0,81 €","0,81 €/L"
Ganso Redondo,Novilho,1 un = 150 gr (aprox.),"6,71 €","8,39 €/Kg"
Snack Cão Prodental,PorSi,Embalagem 180 g,"0,89 €","4,94 €/Kg"
Bolacha shortcake chocolate,Nacional,Embalagem de 180g,"1,69 €","6,76 €/Kg"
Pensos Higiénicos Cottonlike com Abas Normal Plus,Evax,28 unidades,"4,99 €","4,99 €/Unidade"
Borracha para lápis e tinta,Domédia,1 unidade,"2,99 €","2,99 €/Unidade"
Batata pom'duchesse,PorSi,Embalagem de 600g,"1,39 €","1,39 €/Kg"
Chocolate pastilhas,Pantagruel,Embalagem de 200g,"1,04 €","8,32 €/Kg"
Gelado cornetto morango,Olá,Embalagem de 6 x 90 ml,"5,99 €","16,64 €/L"
Pudim flan,El mandari,Embalagem de 10g,"0,59 €","29,50 €/Kg"
Azeitona verde inteira,CANTOLIVA,Embalagem de 360 g,"1,29 €","6,14 €/Kg"
Cevada torrada moída,PorSi,Embalagem de 250 g,"0,89 €","3,56 €/Kg"
Carapau Pequeno,Peixe do Dia,1 un = 100 g (aprox.),"4,80 €","11,99 €/Kg"
Gel de Banho Sweet Pleasure,Bioten,Embalagem de 700 ml,"5,99 €","7,99 €/L"
Batata pré-frita para forno,PorSi,Embalagem de 750 g,"1,39 €","1,39 €/Kg"
Salsichas extra suculentas de frango,Nobre,Frasco de 210g,"0,75 €","3,75 €/Kg"
Petit gâteau chocolate negro belga,PorSi,Embalagem com 4 unidades,"2,49 €","7,55 €/Kg"
Tablete de chocolate meio amargo,Toblerone,Embalagem de 100g,"16,67 €/Kg","16,67 €/Kg"
Bombom Caja Roja,Nestlé,Embalagem de 100G,"2,39 €","47,80 €/Kg"
Refrigerante com gás guaraná,Antartica,"Garrafa de 1,5 l","0,79 €","0,40 €/L"
"Leite uht, magro",Serraleite,Embalagem de 1 l,"0,81 €","0,81 €/L"
Escova para lavar,PorSi,1 unidade,"2,20 €","2,20 €/Unidade"
24 Caldos de carne,PorSi,Embalagem de 255  g,"3,79 €","23,69 €/Kg"
Queijo Curado Amanteigado,Queijaria das Pousadas,Vendido ao peso a partir de 250 g,"2,25 €","8,99 €/Kg"
Néctar de laranja,Bongo,Garrafa de 1 l,"0,99 €","0,99 €/L"
Panquecas açúcar e canela,Branca de Neve,Embalagem de 220g,"1,69 €","8,45 €/L"
Vermute bianco,Martini,Garrafa de 1 l,"11,99 €","11,99 €/L"
Batata pré-frita noisette,PorSi,Embalagem de 1 kg,"1,39 €","1,39 €/Kg"
Clementinas,Fruta do Dia,1 un = 100 gr  (aprox.),"0,47 €","1,89 €/Kg"
Pó de talco,PorSi,Embalagem de 250g,"0,59 €","5,90 €/L"
Yofu soja e manga sem açúcar adicionado,Alpro,Embalagem de 400g,"2,99 €","5,98 €/Kg"
Achocolatado em pó,Ovomaltine,Embalagem de 400g,"5,29 €","6,61 €/Kg"
Pudim flan,PorSi,Embalagem de 4 x 5.6 g,"0,59 €","29,50 €/Kg"
Bebida de soja pur bio,Joya,Garrafa de 1 l,"1,29 €","1,29 €/L"
Canja de galinha económica,Knorr,Embalagem de 60g,"0,69 €","11,13 €/Kg"
2 filetes de robalo,Iglo,Embalagem de 200g,"1,79 €","7,16 €/Kg"
Café Torrado em Grão Colômbia,Delta,Embalagem de 220g,"9,16 €/Kg","9,16 €/Kg"
Cereais choco max,Nacional,Embalagem de 300 g,"5,07 €/Kg","5,07 €/Kg"
Vinho do porto special reserve,V.alegre,Garrafa de 750 ml,"10,99 €","14,65 €/L"
Queijo fundido palitos,A Vaca Que Ri,Embalagem de 35g,"0,79 €","22,57 €/Kg"
Marmelada em cubos,Ferbar,Embalagem de 200g,"1,99 €","2,21 €/Kg"
Iogurte natural,Danone,Embalagem de 8x120g com 1 unidade grátis,"0,99 €","1,98 €/Kg"
Cerveja preta,Sagres,pack de 6 x 25 cl,"1,99 €/L","1,99 €/L"
Argolas Romana,PorSi,Embalagem de 400 g,"1,79 €","7,16 €/Kg"
Pensos térmicos alívio da dor muscular 13x10cm,PorSi,Embalagem de 2 unidades,"3,99 €","3,99 €/Unidade"
Gomas de amoras,Fini,Embalagem 100G,"0,89 €","8,90 €/Kg"
Árvore de Natal,*,Dim.: 150cm,"0,69 €","0,69 €/Unidade"
Salsichas frescas de porco tipo brasileiro,PorSi,400 g,"0,50 €","4,99 €/Kg"
Licor frutos tropicais,Safari,Garrafa de 700 ml,"16,99 €","24,27 €/L"
Borrego Inteiro/Metades,PorSi,1/2 un = 7 kg <br> 1 un = 14 kg (aprox.),"15,74 €","10,49 €/Kg"
Cheeseburger Vaca,Snock,Embalagem de 100 g,"0,08 €","1,39 €/Kg"
Vinho Regional Lisboa Reserva | Tinto,Romeira,Garrafa de 750 ml,"4,89 €","6,52 €/L"
Esferográfica Preta Média,Mab,Embalagem com 4 un.,"2,99 €","2,99 €/Unidade"
Queijo meio gordo,D. Pedro,Vendido ao peso a partir de 250 gr,"2,25 €","8,99 €/Kg"
Néctar 8 frutos,Bongo,Pack 6 x 200 ml,"0,99 €","0,99 €/L"
Batatas fritas onduladas originais,Ruffles,Embalagem de 282g,"0,99 €","5,35 €/Kg"
Ração seca mix para cão adulto,PorSi,Embalagem de 20 kg,"22,99 €","1,15 €/Kg"
Sopa de Caldo Verde,Brilha ali,Vendido ao peso,"1,99 €","2,49 €/Kg"
Dentífrico Complete Elixir e Branqueador,Oral B,Embalagem de 75 ml,"2,29 €","30,53 €/L"
Whisky Gold,Cardhu,0.70 l,"29,99 €","42,84 €/L"
Aroma de coco,Rayners,Garrafa de 28 ml,"1,49 €","13,55 €/Kg"
Aguardente Bagaceira,Martha's,"Garrafa de 0,70L","11,99 €","17,13 €/L"
Atum posta em óleo,Bom petisc,Embalagem de 120 g,"9,08 €/Kg","9,08 €/Kg"
Maçã Golden 70/75,Fruta do Dia,1 un = 150 gr (aprox.),"0,21 €","1,39 €/Kg"
Guardanapos | Dim.: 30 x 33 cm,PorSi,Embalagem com 20 unidades,"1,29 €","1,29 €/Unidade"
Coca-cola zero,Coca-Cola,pack 2 x 1.75 l,"0,79 €","0,40 €/L"
"Bolas de algodão, cores, com 100 unidades",PorSi,1 embalagem,"3,99 €","3,99 €/Unidade"
Ambientador gel lavanda,PorSi,150 g,"16,63 €/L","16,63 €/L"
Pudim caseiro de laranja,Royal,Embalagem de 200g,"0,59 €","29,50 €/Kg"
Porto branco,Valadao,Garrafa de 750 ml,"11,99 €","15,99 €/L"
Ração para Gato Esterilizado com Vaca,Purina One,"Embalagem de 1,5 kg","12,99 €","4,33 €/Kg"
Feijoada à Transmontana,Centralres,Vendido ao peso,"2,99 €","11,96 €/Kg"
Café mistura peninsular,Delta,Embalagem de 250g,"0,89 €","3,56 €/Kg"
Flocos de cereais com mel,PorSi,Embalagem de 750g,"1,99 €","7,96 €/Kg"
Alho Francês,Legumes do Dia,1 un=300 gr (aprox.),"0,66 €","2,19 €/Kg"
Mopa 1.2 spray max,Vileda,1 unidade,"0,99 €","0,99 €/Unidade"
Chocolate kit kat,Kit kat,Embalagem de 210g,"11,93 €/Kg","11,93 €/Kg"
Doce de abóbora c/ noz,Quinta de Jugais,Embalagem de 280g,"1,95 €","8,86 €/Kg"
Néctar clássico de pera,Compal,Garrafa de 200 ml,"0,99 €","0,99 €/L"
Moscatel de Setúbal Superior 10 Anos,Bacalhôa,Garrafa de 0.75 l,"5,99 €","7,99 €/L"
Caderno Espiral Universal A5 Quadriculado,Domédia,1 un.,"2,29 €","2,29 €/Unidade"
"Escova de dentes macia, 7-13 anos",Labell,1 unidade,"0,79 €","0,79 €/Unidade"
Esparguete à Carbonara,Centralres,Vendido ao peso,"2,99 €","11,96 €/Kg"
Chocolate de leite e amêndoas,Milka,Embalagem de 125g,"10,52 €/Kg","10,52 €/Kg"
Café Moagem Universal Honduras,PorSi,Embalagem de 220g,"9,16 €/Kg","9,16 €/Kg"
Patê de sardinha,PorSi,Embalagem de 65 g,"0,99 €","11,25 €/Kg"
Sidra gold,Strongbow,Pack de 6 x 0.25 l,"1,59 €","3,18 €/L"
Queijo fatiado cheddar,PorSi,Embalagem de 150 g,"1,56 €","7,80 €/Kg"
Pao brioche fatiado,PorSi,Embalagem 500G,"0,99 €","1,65 €/Kg"
Feijoada transmontana,Nobre,Embalagem de 420g,"2,35 €","5,60 €/Kg"
"Batata frita, multipack",Ruffles,Embalagem de 180g,"0,99 €","5,35 €/Kg"
"Limpa móveis, pistola",Agerul,Embalagem de 500 ml,"3,99 €","7,98 €/L"
Bacalhau Especial Asa Branca,Bacalhau da Noruega,1 un= 4 kg (aprox.),"8,73 €/Kg","8,73 €/Kg"
Pano Microfibras Colors XL,Vileda,Embalagem com 4 un.,"1,69 €","1,69 €/Unidade"
Gel ativo com lixívia,PorSi,Embalagem de 1.5 l,"1,19 €","0,79 €/L"
Sumo 100% ananás/uva,PorSi,Pack 3 x 200 ml,"1,19 €","0,79 €/L"
Iogurte líquido magro com kiwi sem lactose,Mimosa,4 x 156 ml,"0,99 €","1,98 €/Kg"
Caramelos de fruta multisabor single,Sugus,Embalagem de 50g,"1,19 €","4,76 €/Kg"
Pescada Média Argentina,Peixe Congelado,+ de 500 g,"1,26 €","3,59 €/Kg"
Salada de fruta em calda,PorSi,Embalagem de 3 x 220 g,"1,99 €","2,37 €/Kg"
Body Milk in Shower,Labell,Embalagem de 250 ml,"2,99 €","7,48 €/L"
Bifes da rabadilha de novilho,PorSi,Embalagem de 400 g,"4,99 €","12,48 €/Kg"
Cola Especial Plásticos,Pattex,Embalagem de 30 g,"3,49 €","116,33 €/Kg"
Toalha de Mesa Anti Nódoas,VZT,Dim.: 150 x 250 cm,"2,79 €","2,79 €/Unidade"
Prato p/ Bolo com Pé Patisserie Dim.: 32cm,Pasabahçe,Unidade,"11,99 €","11,99 €/Unidade"
"Escova de cabelo, brushing média",Labell,Uma unidade,"1,99 €","1,99 €/Unidade"
Desodorizante Spray Invisible Black & White Fresh,Nivea,Embalagem de 150 ml,"3,99 €","26,60 €/L"
Pastilhas Trident Senses Watermelon,Trident,6 x 23 g,"0,99 €","58,24 €/Kg"
Queijo Flamengo Bola 1/4,PorSi,Vendido ao peso,"1,56 €","7,80 €/Kg"
Formas de alumínio 950 ml,PorSi,5 unidades,"1,19 €","1,19 €/Unidade"
Cortador de unhas,Mercurochr,1 unidade,"5,49 €","5,49 €/Unidade"
Esfregona tiras completa,PorSi,1 unidade,"2,49 €","2,49 €/Unidade"
Adoçante liquido,PorSi,Garrafa de 125 ml,"4,99 €","19,96 €/Kg"
Bolo de Arroz 70 g,*,,"0,69 €","0,69 €/Unidade"
Conjunto Urban Sparkling,Nike,EAU DE TOILETTE  + Gel de Duche + Leite Corporal,"14,99 €","14,99 €/Unidade"
"Gel cabelo, styling signature",Axe,Embalagem de 125 ml,"3,99 €","9,98 €/L"
Queijo fatias -50% gordura,Terra Nostra,Embalagem de 400g,"2,29 €","19,08 €/Kg"
Vinho regional de lisboa tinto,Marginal,Garrafa de 750 ml,"4,89 €","6,52 €/L"
Miolo camarão 40/60,PorSi,Embalagem de 200g,"8,49 €","24,26 €/Kg"
Cabo de metal com rosca,PorSi,1.20 m,"2,20 €","2,20 €/Unidade"
Peito de frango,PorSi,Embalagem de 400 g,"1,05 €","2,99 €/Kg"
Spray tira gorduras,Cillitbang,Garrafa de 500 ml,"1,19 €","0,79 €/L"
Elixir total 12H,Colgate,Embalagem de 500 ml,"4,49 €","8,98 €/L"
Tomate Alongado,Programa Origens,1 un = 200 gr (aprox.),"0,38 €","1,89 €/Kg"
Lambrusco rose,*,Garrafa de 750 ml,"2,19 €","2,92 €/L"
Ração para gato esterilizado com peru,Friskies,Embalagem de 3 kg,"12,99 €","4,33 €/Kg"
Fiambre da Pá,Probar,1 un = 150 gr (aprox.),"0,90 €","5,99 €/Kg"
Aeijoa castanhola,Nossa seleção,Pescado no mar,"4,99 €","4,99 €/Kg"
Iogurte Pedaços Ananás 0% Matéria Gorda/Açúcares,Danone,4 x 120 g,"2,79 €","6,07 €/Kg"
Espargos Verdes,Legumes do Dia,embalagem com 250g,"0,62 €","2,49 €/Kg"
Marmelada com noz,Quinta de Jugais,Embalagem de 500g,"1,99 €","2,21 €/Kg"
Maria diet nature,Gullón,Embalagem de 400 g,"1,39 €","10,69 €/Kg"
"Verniz de unhas, Emeraude",Labell,Uma unidade,"1,19 €","4,76 €/L"
Refresco pó laranja,PorSi,Embalagem de 40g,"0,69 €","17,25 €/Kg"
Gelado magnum after dinner,Olá,Embalagem de 10 x 35 ml,"5,99 €","16,64 €/L"
Rum Spiced,Captain Morgan,"Garrafa de 0,70L","17,49 €","24,99 €/L"
Fraldas Activity Extra T5 |13-19 kg,Dodot,48 Unidade,"6,49 €","6,49 €/Unidade"
Farinha s/ fermento tipo 65,ESPIGA,Embalagem de 1 kg,"1,69 €","1,69 €/Kg"
"Ice tea, pêssego",PorSi,"Embalagem de 6x0,20 l","0,99 €","0,66 €/L"
Desentupidor de fole com cabo,PorSi,1 unidade,"10,99 €","10,99 €/Unidade"
Infusão funcho,Cemporcent,Embalagem de 10 unidades,"0,85 €","65,38 €/Kg"
Recarga para ambientador elétrico flor de cerejeira,Air Wick,19 ml,"11,98 €","11,98 €/Unidade"
Lápis de cera,Giotto,embalagem com 12 unidades,"4,69 €","4,69 €/Unidade"
Leite corporal,Nivea,Embalagem de 400 ml,"2,99 €","7,48 €/L"
Queijo mozzarella,PorSi,Embalagem 125G,"1,29 €","5,16 €/Kg"
Pasta dentífrica,Couto,Embalagem de 60 ml,"2,29 €","30,53 €/L"
Farinha de chia,Salutem,Embalagem de 200g,"2,29 €","11,45 €/Kg"
Filetes de cavala em azeite virgem extra,Bom Petisco,Embalagem de 120g,"9,08 €/Kg","9,08 €/Kg"
Rebuçados mini café,PorSi,Embalagem de 200g,"1,09 €","4,36 €/Kg"
Detergente para loiça plus + citrinos,Super Pop,Embalagem de 1L,"1,19 €","2,38 €/L"
Algodão zig zag pré-cortado,PorSi,Embalagem de 100 g,"3,99 €","3,99 €/Unidade"
Ambientador recarga lavanda,Air Wick,Garrafa de 250 ml,"11,98 €","11,98 €/Unidade"
"Peúga, 47 cm",Juta,,"4,99 €","4,99 €/Unidade"
Recarga Desumidificador Premium,HUMYDRY,embalagem de 450g,"5,99 €","26,62 €/Kg"
Iogurte magro natural,Longa vida,Embalagem de 6 x 120 g,"0,99 €","1,32 €/Kg"
Patê de salmão,La piara,Embalagem de 80g,"0,99 €","11,25 €/Kg"
"Lava tudo, vinagre",Cif,"Garrafa de 1,4 l","0,98 €","0,49 €/L"
Muesli tropical,Cemporcent,Embalagem de 500g,"0,69 €","1,73 €/Kg"
Iogurte fruta batida morango,Mimosa,Embalagem de 480g,"1,49 €","2,98 €/Kg"
Mistura para carnes,PorSi,Embalagem de 40g,"0,24 €","0,24 €/Kg"
Bolachas belgas manteiga,PorSi,Embalagem de 250g,"1,69 €","6,76 €/Kg"
Removedor de bolores e fungos,Uhu,Embalagem de 500 ml,"1,79 €","2,39 €/L"
Tampões ProComfort Normal,O.B.,1 Embalagem c/32 unidades,"3,99 €","3,99 €/Unidade"
Espetadas,Frango,1 un= 150 gr (aprox.),"1,05 €","2,99 €/Kg"
Comida húmida para gato carnes e legumes com molho,PorSi,Embalagem de 1.2 kg,"3,49 €","10,26 €/Kg"
Fermento de padeiro em pó,Fermipan,Embalagem de 4x11 g,"1,49 €","13,55 €/Kg"
Mel rosmaninho 500g,SERRAMEL,Embalagem de 500G,"4,59 €","9,18 €/Kg"
Chocolate em pó 70% cacau,STARBUCKS,Embalagem de 300g,"5,29 €","6,61 €/Kg"
Super Cola 3 Removedor,Loctite,Embalagem de 5 g,"3,49 €","116,33 €/Kg"
Arroz integral,PorSi Viva Bem,Embalagem de 1 kg,"1,89 €","3,78 €/Kg"
Bolachas digestive chocolate,PorSi,Embalagem de 300g,"0,98 €","3,27 €/Kg"
Camarão cozido 30/50,PorSi,vendido ao peso a partir de 350 g,"2,00 €","7,99 €/Kg"
Castanha 70/90,Frutos secos,1 un = 250 gr  (aprox.),"0,95 €","3,79 €/Kg"
Água com gás sabor a tangerina,Frize,"Pack 4x 0,25l","1,99 €/L","1,99 €/L"
Champô Purificante,Pantene,640ml,"5,59 €","13,98 €/L"
Preparado em pó para pudim flan,El mandari,Embalagem de 19.2 g,"0,59 €","29,50 €/Kg"
Massa macarronete riscado,PorSi,Embalagem de 500g,"0,89 €","1,78 €/Kg"
Chocolate em pó saqueta,Nutry,Embalagem de 130g,"1,04 €","8,32 €/Kg"
Papaia em calda,Globo,Embalagem de 425g,"1,99 €","2,37 €/Kg"
Garrafão térmico,Polisur,Cap.: 5 litros,"3,99 €","3,99 €/Unidade"
Néctar light manga/laranja,Compal,330 ml,"0,79 €","2,39 €/L"
Leite UHT Morango sem Lactose,Mimosa,Pack 3 x 250 ml,"1,99 €","1,99 €/L"
Leite uht gordo com rosca,PorSi,Embalagem de 1 litro,"0,94 €","0,94 €/L"
Vinho rosé,Gatão,Garrafa de 0.75 l,"3,99 €","5,32 €/L"
Vinho Dão Mélange à 3 Tinto,Carvalhais,Garrafa de 0.75 l,"3,99 €","5,32 €/L"
Fruta para bebé maçã banana +4 meses,Nestle,Embalagem de 4 x 100 g,"0,69 €","7,67 €/Kg"
Gelatina limão 10kcal,Royal,Embalagem de 30g,"0,59 €","65,56 €/Kg"
Autobrilhante Branco,Búfalo,Embalagem de 50 ml,"1,99 €","39,80 €/L"
Café em grão 5 estrelas,Sical,Embalagem de 250g,"9,16 €/Kg","9,16 €/Kg"
Pudim de caramelo,Boca Doce,Embalagem de 20g,"0,59 €","29,50 €/Kg"
Queijo Fresco barra,GressoChef,1 un = 250 gr  (aprox.),"0,99 €","4,95 €/Kg"
Iogurte Oikos de Ananás,Danone,Embalagem de 4x110g,"1,49 €","2,98 €/Kg"
Pringles sour cream & onion,Pringles,Embalagem de 175g,"1,19 €","6,43 €/Kg"
"Inseticida líquido, elétrico, apa",Raid,Embalagem de 21 ml,"10,49 €","17,48 €/L"
Refrigerante c/ gás zero,Coca-Cola,pack 4 x 1 l,"0,79 €","0,40 €/L"
Bolachas Maria sem Açúcar,Vieira de Castro,Embalagem de 300 g,"1,69 €","2,11 €/Kg"
Palhinhas de papel,PorSi,25 unidades,"0,49 €","0,49 €/Unidade"
Ração para gato adulto de interior,Friskies,Embalagem de 3 kg,"12,99 €","4,33 €/Kg"
Alho-francês,PorSi,Embalagem de 750 g,"1,69 €","1,69 €/Kg"
Strudel de maçã,PorSi,Embalagem de 550 g,"2,49 €","7,55 €/Kg"
Pizza de bolonhesa,PorSi,Embalagem de 350g,"2,15 €","6,14 €/Kg"
Esferográfica cristal bl 5 az,Bic,1 unidade,"2,99 €","2,99 €/Unidade"
Água mineral sem gás,Fastio,"Garrafa de 2,5 l","0,89 €","0,18 €/L"
Alimento seco p/ cão sénior,HappyOne,Embalagem de 4 kg,"22,99 €","1,15 €/Kg"
Azeite Subtil,Gallo,Garrafa de 750 ml,"3,19 €","4,25 €/L"
Lixívia Gel Brisa Marítima,Neoblanc,Embalagem de 700ml,"1,79 €","0,36 €/L"
Soja grossa,Cemporcent,Embalagem de 400g,"2,09 €","8,36 €/Kg"
Sopa de Cebola,PorSi,Embalagem de 62 g,"0,69 €","11,13 €/Kg"
Pizza barbecue,Campofrio,Embalagem de 410g,"0,99 €","4,30 €/Kg"
Perna com Osso,Porco,1 un = 2 kg (aprox.),"3,99 €","3,99 €/Kg"
Detergente líquido máquina de roupa lavanda,PorSi,86 Doses,"9,79 €","2,07 €/Kg"
Pato com Miúdos Programa Origens,PorSi,"Vendido ao peso, 1 un=2.250 Kg (aprox.)","1,05 €","2,99 €/Kg"
Cocktail de marisco,PorSi,Embalagem de 400 g,"2,19 €","8,59 €/Kg"
Queijo curado alho e salsa,Nova Açores,Vendido ao peso,"0,79 €","22,57 €/Kg"
Pilha Alcalina Ultra LR61 9V,Duracell,,"1,59 €","1,59 €/Unidade"
Gel Intimo Suave,Corine de Farme,250 ml,"0,59 €","5,90 €/L"
Loção Corpo Uplifted +,Dove,Embalagem de 200 ml,"2,99 €","7,48 €/L"
Desodorizante spray sport 48h,Labell Men,Embalagem de 200 ml,"1,29 €","6,45 €/L"
Palitos redondos,PorSi,Embalagem de 250 unidades,"1,49 €","1,49 €/Unidade"
Pensos banda,PorSi,100 x 6 cm,"3,99 €","3,99 €/Unidade"
Conjunto gel de banho + puff,Chupa Chups,1 un.,"1,19 €","1,19 €/Unidade"
Tapioca granulada,Cemporcent,Embalagem de 250g,"1,89 €","3,78 €/Kg"
Espresso café arábica,PorSi,250 ml,"3,19 €","25,52 €/Kg"
Iogurte sólido sem lactose natural açucarado,Mimosa,Embalagem de 480g,"0,99 €","1,98 €/Kg"
Ervilhas primavera 500g,Iglo,Embalagem de 500g,"1,69 €","1,69 €/Kg"
Café torrado moído masaka,Sical,Embalagem de 220g,"9,16 €/Kg","9,16 €/Kg"
Iogurte bio aroma baunilha,Páturages,Embalagem de 4 x 125 g,"5,97 €/Kg","5,97 €/Kg"
12 Preservativos Adapta Finíssimo XL,Control,,"4,49 €","4,49 €/Unidade"
Maçã Breaburn 70/75,Nossa seleção,1 un= 150 gr (aprox.),"0,21 €","1,39 €/Kg"
Atum posta em azeite,PorSi,Embalagem de 120g,"9,08 €/Kg","9,08 €/Kg"
"Spray depilatório, peles sensiveis",Veet,Garrafa de 150 ml,"10,99 €","73,27 €/L"
Filetes primavera cereais de espelta,Iglo,Embalagem de 250 g,"1,79 €","7,16 €/Kg"
Perna com Costa,Frango,1 un. = 300 g (aprox.),"1,05 €","2,99 €/Kg"
Iogurte batido magro com mirtilos sem lactose,Mimosa,4 x 120 g,"0,99 €","1,32 €/Kg"
Piripiri grão,PorSi,Saqueta de 20 g,"0,24 €","0,24 €/Kg"
Lambrusco tinto,*,Garrafa de 750 ml,"2,19 €","2,92 €/L"
Queijo fresco ligth,PorSi,Embalagem de 4 x 62.5 g,"2,29 €","19,08 €/Kg"
Ervilhas,PorSi,Embalagem de 400 g,"1,69 €","1,69 €/Kg"
Arroz agulha América do Sul,PorSi,Embalagem de 1 kg,"0,99 €","0,99 €/Kg"
Caderno Universitário A4 Pautado,Domédia,1 un.,"0,99 €","0,99 €/Unidade"
Amaciador para cabelos pintados,Labell,Embalagem de 200 ml,"1,00 €","5,00 €/L"
Pensos Higiénicos Cottonlike Normal Abas,Evax,embalagem de 16 unidades,"4,99 €","4,99 €/Unidade"
Queijo p/ barrar s/ lactose,Philadelph,Embalagem de 150g,"3,59 €","12,82 €/Kg"
Braçadeiras Patrulha Pata,Mondo,1 Embalagem,"2,99 €","2,99 €/Unidade"
"Escova dentes, slim soft, média",Colgate,1 unidade,"3,49 €","3,49 €/Unidade"
Ambientador vela duo exotic baunilha,Air Wick,Embalagem de 210g,"6,99 €","33,29 €/Kg"
Queijo azul,PorSi,100 g,"1,80 €","8,99 €/Kg"
Papa infantil láctea banana laranja +6 meses,Cerelac,Embalagem de 250g,"4,49 €","4,49 €/Kg"
Dinosaurus chocoleche 340gr.         *12,Artiach,Embalagem de 340g,"2,29 €","17,62 €/Kg"
Goela,Porco,Vendido ao peso,"3,99 €","3,99 €/Kg"
Mistura solúvel brasa,Nestle,Embalagem de 200g,"0,89 €","3,56 €/Kg"
"Inseticida recarga, elétrico, 45 noites",Raid,1 unidade,"10,49 €","17,48 €/L"
Coxinhas de frango,PorSi,Embalagem de 360g,"9,30 €/Kg","9,30 €/Kg"
Cafe rossio m.unica 250g,Nicola,Embalagem de 250g,"9,76 €/Kg","9,76 €/Kg"
Dinosaurus chocoleche 340gr.         *12,Artiach,Embalagem de 340g,"1,89 €","15,75 €/Kg"
Vinho doc dão tinto,Santar,Garrafa de 0.75 l,"3,99 €","5,32 €/L"
Presunto fatiado 6 meses,PorSi,Embalagem de 140 g,"2,69 €","13,45 €/Kg"
Farinha de milho integral,Cemporcent,Embalagem de 500g,"2,29 €","11,45 €/Kg"
Doce pessego 284g,ST.DALFOUR,Frasco de 284g,"1,95 €","8,86 €/Kg"
Detergente em gel máquina lavar roupa universal,Persil,85 doses,"9,79 €","2,07 €/Kg"
Sardinha Congelada,Peixe Congelado,1 un = 250 gr  (aprox.),"1,26 €","3,59 €/Kg"
Nestum zero arroz,Nestum,Embalagem de 250 g,"4,49 €","4,49 €/Kg"
Palitos super finos,PorSi,Embalagem de 85 unidades,"1,49 €","1,49 €/Unidade"
Baby Microfone,Clementoni,1 un.,"12,99 €/Unidade","12,99 €/Unidade"
8 hamburguers s/ glúten vaca,Capitão Iglo,Embalagem de 640g,"5,49 €","7,32 €/Kg"
Barras de cereais frosties,Kellogg's,Embalagem de 150g,"3,29 €","25,31 €/Kg"
Vinho do porto malvasia branco,Rcv,Garrafa de 750 ml,"11,99 €","15,99 €/L"
Biscoitos canudinho simples,PorSi,Embalagem de 300g,"2,49 €","8,30 €/Kg"
Lay's gourmet corte fino,Lay's,Embalagem de 150g,"0,99 €","5,35 €/Kg"
Rolls 6 unidades,Bimbo,Embalagem de 340g,"0,89 €","1,78 €/Kg"
4 Costeletas pé de Borrego,PorSi,Embalagem ± 400 g,"15,74 €","10,49 €/Kg"
Tampão Normal,O.B.,1 Embalagem c/32 unidades,"3,99 €","3,99 €/Unidade"
Puré de batata,PorSi,Embalagem com 750 g,"1,39 €","1,39 €/Kg"
Gelatina de laranja,PorSi,Embalagem de 170g,"0,59 €","65,56 €/Kg"
Tiras da Costela/Piano,Porco,1 un = 500 gr (aprox.),"3,99 €","3,99 €/Kg"
Açúcar baunilhado,Globo,Embalagem de 70g,"1,39 €","1,39 €/Kg"
Marcadores para colorir,Domédia,embalagem com 18 unidades,"2,99 €","2,99 €/Unidade"
Bebida de amêndoa - 0% açúcar,Shoyce,Embalagem de 1 litro,"1,99 €","1,99 €/L"
10 Preservativos Ultrafeel,Control,,"4,49 €","4,49 €/Unidade"
After shave gold,Denim,Embalagem de 100 ml,"1,19 €","4,76 €/L"
Carrinho da Polícia,Feber,1 unidade,"44,99 €","44,99 €/Unidade"
Mel de montanha,PorSi Select,Frasco de 250 g,"4,59 €","9,18 €/Kg"
Sardinhas,PorSi,embalagem com 1 kg,"3,69 €","9,23 €/Kg"
Pensos peles sensíveis XL,PorSi,5 unidades,"3,99 €","3,99 €/Unidade"
Sobremesa Paturette Chocolate,Páturages,Embalagem de 4x115g,"1,19 €","2,59 €/Kg"
Yoggi liquido morango,Nestle,Embalagem de 8x160g,"1,19 €","1,86 €/Kg"
Panos Esponja,Fino,3 unidades,"1,69 €","1,69 €/Unidade"
"Cerveja com álcool, tara perdida",Kings Bräu,pack 24 x 0.25 l,"1,99 €/L","1,99 €/L"
Croissants brioche,s. tomé,Embalagem de 200 g,"1,79 €","5,11 €/Kg"
Azeitona verde recheada com pimento,CANTOLIVA,Embalagem de 360g,"1,29 €","6,14 €/Kg"
Doce de tomate com frutose,Salutem,Embalagem de 340g,"5,99 €","19,97 €/Kg"
Ambientador tealights baunilha,PorSi,embalagem com 18 unidades,"6,99 €","33,29 €/Kg"
Bolacha de canela,Snapy,Embalagem de 250g,"1,69 €","2,11 €/Kg"
Vinho Regional de Lisboa Branco,Mundus,"Garrafa de 0,75L","2,19 €","2,92 €/L"
Farinheira de Sousel,PorSi,1 un = 120 g (aprox.),"1,49 €","7,45 €/Kg"
Pera Moretini,*,Vendido ao peso a partir de 500 g,"0,21 €","1,39 €/Kg"
Super Cola 3 Precisão C/ 50% Grátis,Loctite,7.5 g,"3,49 €","116,33 €/Kg"
Café 5 estrelas moído tradição,Sical,Embalagem de 250g,"9,76 €/Kg","9,76 €/Kg"
Balões latex verde,PorSi,Embalagem com 24 unidades,"1,39 €","1,39 €/Unidade"
Leite com chocolate light,Mimosa,Embalagem de 200 ml,"0,25 €","1,25 €/L"
Tortellini ricotta e espinafres,Rana,Embalagem de 250g,"0,99 €","4,30 €/Kg"
Queijo de Serpa DOP,PorSi Select,1 un = 250 gr  (aprox.),"2,85 €","15,83 €/Kg"
Bolacha recheada mega duo chocolate,Gullon,Embalagem de 500g,"2,15 €","2,87 €/Kg"
Detergente liquido maquina roupa frescura primavera,Xau,80 doses,"9,79 €","2,07 €/Kg"
Conjunto Romantique,Coquette,EAU DE TOILETTE 100 ML + R-ON 10 ML,"14,99 €","14,99 €/Unidade"
Batido de chocolate,Forma+,Embalagem de 700g,"3,29 €","32,90 €/Kg"
Balde de Limpeza com Espremedor,PorSi,unidade,"10,99 €","10,99 €/Unidade"
"Licor de ginja ""mariquinhas"" 0,70l sem fruto",Mariquinha,Garrafa de 700 ml,"16,99 €","24,27 €/L"
"Queijo light, mini",Babybel,Embalagem de 120g,"2,29 €","19,08 €/Kg"
"Coloração permanente, louro claro, nº80",Nutrisse,1 unidade,"6,99 €","6,99 €/Unidade"
Chuchu,Legumes do Dia,1 un = 250 gr  (aprox.),"0,62 €","2,49 €/Kg"
Lay's mediterrâneas originais,Lay's,Embalagem de 220g,"0,99 €","5,35 €/Kg"
Manteiga com sal,Novacores,Embalagem de 250g,"1,69 €","6,76 €/Kg"
Gomas melões,Fini,Embalagem de 100 g,"0,89 €","8,90 €/Kg"
Iogurte de morango sem lactose,PorSi Viva Bem,4 x 125 g,"1,85 €","1,23 €/Kg"
Uva Preta Afonso Lavalet,Fruta do Dia,Vendido a partir de 250 gr,"2,49 €","2,49 €/Kg"
Vinagre balsâmico,PorSi,Embalagem de 250 ml,"0,35 €","0,70 €/L"
Sacos lixo com alças 25 litros,PorSi,30 unidades,"1,79 €","1,79 €/Unidade"
Água sem gás,Penacova,Garrafão de 5 litros,"0,89 €","0,18 €/L"
Vinho regional alentejano bag-in-box branco,Galitos,Garrafa de 5 l,"4,99 €","1,00 €/L"
"Recarga ambientador, toque&fresh relax zen",Glade,Embalagem de 10 ml,"349,00 €/L","349,00 €/L"
Bacalhau Espiritual,Centralres,Vendido ao peso,"2,99 €","11,96 €/Kg"
Vinho frisante rosé,Lapadas,Garrafa de 750 ml,"2,19 €","2,92 €/L"
Milho doce,PorSi,Embalagem de 400 g,"1,69 €","1,69 €/Kg"
Salsicha Fresca com Ervas,Porco,1 un = 100 gr (aprox.),"0,50 €","4,99 €/Kg"
Crocante frango integrais,Iglo,Embalagem de 180g,"9,30 €/Kg","9,30 €/Kg"
8 hamburguers s/ glúten frango,Capitão Iglo,Embalagem de 480g,"5,49 €","7,32 €/Kg"
Couve portuguesa bio,PorSi Bio,400 g (aprox.),"2,29 €","2,29 €/Kg"
Linguiça de porco ibérico,Casa do Porco Preto,Embalagem de 180g,"1,29 €","7,17 €/Kg"
Lava Tudo Perfumado Lavanda,PorSi,Embalagem de 2 l,"0,98 €","0,49 €/L"
Marmelada,Ferbar,Embalagem de 800g,"1,99 €","2,21 €/Kg"
Toucinho Fumado,PorSi,fatiado a partir de 100 gr,"1,29 €","16,13 €/Kg"
Borracha para desenho técnico,Domédia,1 unidade,"4,69 €","4,69 €/Unidade"
Massa de cotovelinhos,Nacional,Embalagem de 500g,"0,89 €","1,78 €/Kg"
30 douradinhos,Capitão Iglo,Embalagem de 840g,"3,69 €","9,23 €/Kg"
Hamburgúer de queijo,Cemporcent,Embalagem de 160g,"22,48 €/Kg","22,48 €/Kg"
Leite uht meio gordo,PorSi,Embalagem com rosca de 1 l,"0,81 €","0,81 €/L"
Balde de pedal millenium preto,Tatay,1 unidade,"16,99 €","16,99 €/Unidade"
Batata pré-frita rodelas para saltear,PorSi,Embalagem de 1 kg,"1,39 €","1,39 €/Kg"
Pão de forma sem côdea,Panrico,Embalagem de 650g,"0,99 €","1,65 €/Kg"
"Alimento seco para cão, croquetes pro adulto",PorSi Select,Embalagem de 4 Kg,"22,99 €","1,15 €/Kg"
Sumo morango,Sunny d,Garrafa de 310 ml,"0,99 €","3,19 €/L"
Tablete de chocolate de leite com amêndoas,PorSi,100 g,"10,52 €/Kg","10,52 €/Kg"
Spray bolor e sujidade,Cillitbang,Garrafa de 500 ml,"1,19 €","0,79 €/L"
Caderno Espiral Capa Dura A4 Quadriculado,Domédia,1 un.,"0,99 €","0,99 €/Unidade"
Ambientador Difusão Automático Essential Mist Lavand...,Air Wick,1 un.,"3,69 €","3,69 €/Unidade"
Alimento lácteo cereais e bolachas maria +6 meses,Yogolino,Embalagem de 4 x 100 g,"2,89 €","7,23 €/Kg"
Bebida de arroz,Frias,Garrafa de 1 l,"1,99 €","1,99 €/L"
Chili com carne,Itinéraire des Saveurs,Embalagem 300G,"2,35 €","5,60 €/Kg"
Rolhas de cortiça,PorSi,6 unidades,"12,99 €","12,99 €/Unidade"
Cerveja c/ álcool,Sagres,pack 15 x 0.33 l,"1,99 €/L","1,99 €/L"
Bolo de chocolate brownie,Milka,Embalagem de 150g,"1,69 €","8,45 €/L"
Ração seca para cão croquetes pro júnior,PorSi Select,Embalagem de 3 Kg,"22,99 €","1,15 €/Kg"
Vinho Rosé Regional Península de Setúbal,Catarina,Garrafa de 750 ml,"7,99 €","10,65 €/L"
Queijinhos mini,Babybel,Embalagem de 240g,"0,79 €","22,57 €/Kg"
Croissant Integral c/ Sementes,Pastelaria do Dia,,"0,69 €","0,69 €/Unidade"
Snack de milho com queijo,Cheetos,Embalagem de 75 g,"0,75 €","7,50 €/Kg"
Cogumelos inteiros,PorSi,Embalagem de 355 g,"1,79 €","2,29 €/Kg"
Cerveja 0.0%,Sagres,Lata 0.33 l,"5,99 €","3,03 €/L"
Gogo SqueeZ Snack Maçã e Manga,Gogo,Embalagem de 90g,"2,09 €","6,33 €/L"
Gelatina de coco origem vegetal,Koala,Embalagem de 130g,"0,89 €","2,23 €/Kg"
Miolo berbigão,PorSi,Embalagem de 250g,"1,69 €","6,76 €/Kg"
Sour tubes mini,Chupachups,150 g,"1,99 €","4,98 €/L"
Escova dentifrica 360º advanced média,Colgate,1 unidade,"3,49 €","3,49 €/Unidade"
Sopa de cebola económica,Knorr,Embalagem de 50g,"0,69 €","11,13 €/Kg"
Fio dentário fluór+menta 50m,Labell,1 unidade,"3,49 €","3,49 €/Unidade"
Lombos de salmão,PorSi,Embalagem de 300g,"3,69 €","9,23 €/Kg"
"Ambientador automático, fresh matic, pure",Air Wick,1 unidade,"3,69 €","3,69 €/Unidade"
Ração para cão com frango,Friskies,Embalagem de 4kg,"22,99 €","1,15 €/Kg"
As minhas primeiras receitas - refeição esparguete c...,Nestle,Embalagem de 190g,"1,89 €","9,95 €/Kg"
Vinho regional tejo reserva tinto,Casaleiro,Garrafa de 0.75 l,"4,89 €","6,52 €/L"
Comida húmida para cão de vaca e frango,PorSi,Lata de 400 g,"0,69 €","2,30 €/Kg"
Areia para gato,Catsan,Embalagem com 10 litros,"1,19 €","0,24 €/Kg"
Leite de pastagem meio-gordo,Terra Nostra,Embalagem de 1 litro,"0,81 €","0,81 €/L"
Leite Uht Proteína Café,Mimosa,Pack 3 x 250 ml,"1,98 €","2,48 €/L"
Tablete chocolate de leite,PorSi,embalagem de 100 g,"0,53 €","5,30 €/Kg"
Abrasivo wc gel ecologico,PorSi,Garrafa de 1 l,"0,99 €","1,32 €/L"
Luvas Universal Média/Grande,Vileda,1 unidade,"2,99 €","2,99 €/Unidade"
Tablete de chocolate negro,PorSi,Embalagem de 100 g,"16,67 €/Kg","16,67 €/Kg"
Gel de Banho Coconut Milk,Dove,Embalagem de 750 ml,"5,99 €","7,99 €/L"
Drops cream,Heller,Embalagem de 140g,"2,75 €","11,00 €/Kg"
Molho iogurte,PorSi,Garrafa de 285 ml,"0,69 €","2,30 €/Kg"
Vinho branco península de setúbal,Periquita,Garrafa de 0.75 l,"7,99 €","10,65 €/L"
Champô miracle volume + nutrição,Pantene,225 ml,"5,59 €","13,98 €/L"
Chourico carne das beiras,PorSi,Embalagem de 290g,"1,29 €","7,17 €/Kg"
Tostas suecas tradicionais,Bimbo,embalagem de 234 g,"2,29 €","6,54 €/Kg"
Posta de bacalhau do atlântico,Pescanova,Embalagem de 700 g,"5,99 €","7,49 €/Kg"
Chocolate culinário branco,Pantagruel,Embalagem de 200g,"1,04 €","8,32 €/Kg"
Óleo alimentar,PorSi,Garrafa de 5 l,"3,39 €","3,39 €/L"
Sal Himalaias Grosso,Origens Bio,1 Embalagem 500G,"0,24 €","0,24 €/Kg"
Bebida energética green,Monster,Garrafa de 500 ml,"4,99 €","4,99 €/L"
Spray anti calcário,Cif,Garrafa de 435 ml,"3,19 €","6,38 €/L"
Sabonete líquido mel,Feno,Embalagem de 300 ml,"0,95 €","1,90 €/L"
Elixir Bocal ProExpert Proteção Profunda,Oral B,Embalagem de 500 ml,"4,49 €","8,98 €/L"
Champagne bruto c.rouge 0.75l,MUMM,Garrafa de 750 ml,"3,79 €","5,05 €/L"
Cerveja c/ álcool,Super Bock,Pack 15 X 0. 33L,"1,99 €/L","1,99 €/L"
12 Preservativos Adapta Finíssimo,Control,,"4,49 €","4,49 €/Unidade"
Patas,Frango,1 un = 250 gr  (aprox.),"0,60 €","5,99 €/Kg"
Café solúvel creme,Nescafe,Embalagem de 100g,"1,45 €","14,50 €/Kg"
Ice tea pessêgo,Lipton,pack 6 x 0.25 l,"0,99 €","0,66 €/L"
Spray elimina odores do calçado,PorSi,embalagem de 100 ml,"4,99 €","33,27 €/L"
Pickles em vinagre,PorSi,Embalagem de 200 g,"1,79 €","2,29 €/Kg"
6 Salsichas de porco,Nobre,Lata de 120g,"0,75 €","3,75 €/Kg"
Maçã Jonagored 70/75,Programa Origens,1 un = 150 gr (aprox.),"0,21 €","1,39 €/Kg"
Iogurte natural açucarado,PorSi,Embalagem de 4x125g,"0,99 €","1,98 €/Kg"
"Gomas bites pica, de morango",Fini,Embalagem de 100g,"0,89 €","8,90 €/Kg"
Gelatina de ananás,Koala,Embalagem de 130g,"0,89 €","2,23 €/Kg"
"Toalhitas Humidas, 40 unidades",Affective,Uma embalagem,"0,69 €","0,69 €/Unidade"
Carvão,Carbrica,17 dm3,"0,79 €","0,79 €/Unidade"
"Tiras limpa poros faciais, 6unidades",Labell,1 embalagem,"0,69 €","0,69 €/Unidade"
"Bracito trufa de chocolate, 4 unidades",Dulcesol,Embalagem de 240g,"1,79 €","4,48 €/Kg"
Preparado de tarte de flã,PorSi,360 g,"1,69 €","8,45 €/L"
"Sangria tinta, bag in the box",Leziria,Garrafa de 5 l,"2,19 €","1,46 €/L"
Lápis de cor 18 cm,Domédia,embalagem com 18 unidades,"4,69 €","4,69 €/Unidade"
Iogurte pedaços frutas variadas,PorSi,Embalagem de 16 x 125 g,"3,99 €","2,00 €/Kg"
Queijo flamengo fatias light,PorSi,Embalagem de 200g,"1,56 €","7,80 €/Kg"
Gelatina de morango,PorSi,Embalagem de 170g,"0,59 €","65,56 €/Kg"
"Vinho maduro tinto, bag in the box",Capataz,Embalagem de 10 l,"4,99 €","1,00 €/L"
Mopa 1.2 spray max,Vileda,1 unidade,"2,20 €","2,20 €/Unidade"
Bolacha torrada com canela,PorSi,Embalagem de 2 x 250 g,"1,69 €","2,11 €/Kg"
Bolachas chips ahoy,Ca!,Embalagem de 130g,"0,89 €","5,93 €/Kg"
Esferográfica Sortida Média,Mab,Embalagem com 10 un.,"2,99 €","2,99 €/Unidade"
Arroz Carolino,Cigala,Embalagem de 1 kg,"0,99 €","0,99 €/Kg"
Salsicha p/Churrasco,Carne Sorraia,1 Embalagem 300G,"2,69 €","7,47 €/Kg"
Iogurte liquido proteína yopro morango/framboesa,Yopro,300 g,"1,19 €","1,86 €/Kg"
Bolacha vitalday aveia e chocolate,Gullon,Embalagem de 240g,"2,49 €","8,30 €/Kg"
Queijo da ilha graciosa,*,Vendido ao peso,"2,25 €","8,99 €/Kg"
Muslitos do mar,Pescanova,Embalagem de 250 g,"2,19 €","8,59 €/Kg"
Aperitivos de amendoim com sal e mel,Matutano,Embalagem de 150g,"0,89 €","4,45 €/Kg"
Saqueta puré de fruta e bolacha,PorSi,Embalagem de 90g,"0,69 €","7,67 €/Kg"
Cápsulas de café com leite cappuccino,Nescafe,Embalagem com 16 cápsulas,"59,82 €/Kg","59,82 €/Kg"
Vinho regional alentejano tinto,Qta.carmo,Garrafa de 0.75 l,"2,89 €","3,85 €/L"
Bolachas waffers baunilha,PorSi,Embalagem de 210g,"0,89 €","4,24 €/Kg"
Iogurte aroma varios sabores,PorSi,Embalagem de 12 x 125 g,"1,85 €","1,23 €/Kg"
Meloa Gália,Fruta da Época,1 un = 1 kg (aprox.),"2,49 €","2,49 €/Kg"
Agrião Programa Origens,PorSi,embalagem de 170 g,"0,89 €","0,89 €/Kg"
Néctar ananás,Compal,pack 3 x 200 ml,"0,99 €","0,99 €/L"
Wc lixívia gel original,Domestos,Garrafa de 750 ml,"2,49 €","3,32 €/L"
Gin dry,Big Boss,Garrafa de 700 ml,"26,99 €","38,56 €/L"
Achocolatado em Pó,Nesquik,Embalagem de 700g,"5,29 €","6,61 €/Kg"
Fósforos longos,Quinas,Embalagem com 3 unidades,"1,49 €","1,49 €/Unidade"
Ovos de galinha ao ar livre | Classe: M/L,Matinados,6 unidades,"1,19 €","1,19 €/Unidade"
Caldo de galinha 16 cubos,Knorr,Embalagem de 160g,"3,79 €","23,69 €/Kg"
"M&m's drageias de chocolate de leite,",M&m's,Embalagem de 45g,"11,98 €/Kg","11,98 €/Kg"
Papel de alumínio,PorSi,50 metros,"1,39 €","1,39 €/Unidade"
Iogurte liquido sem lactose natural açucarado,PorSi Viva Bem,Embalagem de 4 x 160 g,"2,79 €","6,07 €/Kg"
"Preservativo Long Pleasure, 6 unidades",Harmony,Uma embalagem,"4,49 €","4,49 €/Unidade"
Cem porcento-flocos de aveia grossos,Cemporcent,Embalagem de 400g,"2,99 €","7,97 €/Kg"
Iogurte tipo grego natural,PorSi,Embalagem de 12 x 125 g,"1,49 €","2,98 €/Kg"
Bolacha vitalday crocante original,Gullon,Embalagem de 270g,"2,49 €","8,30 €/Kg"
Piri piri,Calve,Garrafa de 50 ml,"0,69 €","2,30 €/Kg"
Cereais crack star,PorSi,Embalagem de 375 g,"5,07 €/Kg","5,07 €/Kg"
Gelatina pronta a comer light 10 kcal mirtilo,Royal,Embalagem de 4 x 100 g,"0,89 €","2,23 €/Kg"
Leite uht c/ chocolate,Ucal,Garrafa de 1 l,"0,25 €","1,25 €/L"
"Água micelar, peles sensiveis",Corine de Farme,Embalagem de 500 ml,"0,59 €","5,90 €/L"
Bolachas com cobertura de chocolate de leite,Oreo,Embalagem de 250g,"0,89 €","5,06 €/Kg"
Piscina familiar,Bestway,Dim.: 262x157x46 cm,"2,99 €","2,99 €/Unidade"
Cappuccino Café Solúvel Descafeinado,Nescafe,Embalagem de 125g | 10 Saquetas,"1,59 €","6,36 €/Kg"
Vinho tinto bag-in-box,Capataz,Embalagem de 5 l,"4,99 €","1,00 €/L"
"Batata frita caseira, rodela",Pala-pala,Embalagem de 180g,"0,87 €","5,44 €/Kg"
Couve Bróculo,Programa Origens,1 un = 600 g (aprox.),"2,29 €","2,29 €/Kg"
Iogurtes magros aroma morango,PorSi Viva Bem,Embalagem de 6 x 125 g,"0,99 €","1,32 €/Kg"
Delta chicória + cafe soluvel lata,Delta,Embalagem de 250g,"1,45 €","14,50 €/Kg"
Flocos de aveia,PorSi Viva Bem,Embalagem de 400g,"0,69 €","1,73 €/Kg"
Molho mad chips top down,Calve,Embalagem de 260g,"0,69 €","2,30 €/Kg"
Esferográfica 4 Cores Shine,Bic,1 unidade,"2,99 €","2,99 €/Unidade"
Vinho tinto regional alentejano,Galitos,Garrafa de 3 l,"8,99 €","1,80 €/L"
Iogurte activia cremoso frutos silvestres,Danone,Embalagem de 4 x 120 g,"1,49 €","2,98 €/Kg"
Amaciador jasmim e maçã,Surf,90 doses,"8,99 €","2,25 €/L"
Lixívia para roupa delicada,Neoblanc,Embalagem de 2 l,"2,19 €","1,10 €/L"
Choco flakes duo,Cuetara,Embalagem de 450g,"5,07 €/Kg","5,07 €/Kg"
Cha infusão verde,Cemporcent,Embalagem com 10 saquetas,"58,44 €/Kg","58,44 €/Kg"
Leite Reparador Tesouros de Mel,Ultra Suave,Embalagem de 400 ml,"2,99 €","7,48 €/L"
Atum posta em óleo,Ramirez,Embalagem de 120g,"9,08 €/Kg","9,08 €/Kg"
Apple struddel cookies 150g,Dancake,Embalagem de 150G,"0,75 €","5,00 €/Kg"
Leite infantil confort 1 desde o nascimento,NAN,Embalagem de 800g,"20,99 €","26,24 €/Kg"
Perna de Frango do campo,PorSi Select,embalagem de 700 g (aprox.),"1,05 €","2,99 €/Kg"
Gelatina de manga,Koala,Embalagem de 130g,"0,89 €","2,23 €/Kg"
Sementes de chia,PorSi Viva Bem,Embalagem de 150 g,"1,49 €","9,93 €/Kg"
Recargas ambientador elétrico pure clean linen,Glade,Embalagem de 2 x 20 ml,"11,98 €","11,98 €/Unidade"
Limpa Móveis,PorSi,Embalagem de 300 ml,"3,99 €","13,30 €/L"
Pensos para bolhas,PorSi,20 unidades,"3,99 €","3,99 €/Unidade"
Mousse chocolate leite,Alsa,Embalagem de 300g,"0,79 €","5,27 €/Kg"
Marmelada,Ferbar,Embalagem de 400g,"1,99 €","2,21 €/Kg"
Dentífrico herbal naturals,Aquafresh,75 ml,"2,29 €","30,53 €/L"
Iogurte mix-in smarties morango,Nestle,Embalagem de 2 x 128 g,"0,99 €","1,76 €/L"
Detergente líquido manual loiça lavanda e alecrim,Fairy,Embalagem de 650 ml,"1,19 €","2,38 €/L"
Acetona perfumada com doseador,PorSi,Embalagem de 200 ml,"5,49 €","5,49 €/Unidade"
Manteiga com sal,Mimosa,Embalagem de 130g,"1,69 €","6,76 €/Kg"
Tinta Plástica Branca,Marilina,Embalagem de 15 l,"15,99 €","1,07 €/L"
Tomate em pedaços,Guloso,Embalagem de 390g,"3,79 €","23,69 €/Kg"
Sical 5est café moido,Sical,Embalagem de 220g,"9,16 €/Kg","9,16 €/Kg"
Spray limpeza casa de banho optimal 7,Ajax,Embalagem de 500 ml,"1,79 €","2,39 €/L"
Patê sardinha,La piara,Embalagem de 80g,"0,99 €","11,25 €/Kg"
Infusão camomila,Cemporcent,Embalagem de 10 unidades,"0,85 €","65,38 €/Kg"
Aditivo em pó máquina roupa branca,Vanish,Embalagem de 1.2 kg,"9,99 €","33,30 €/L"
Toalhitas,Dodot,4 x 64 un.,"1,09 €/Unidade","1,09 €/Unidade"
Corn flakes sem açúcar bio,Origensbio,Embalagem de 250 g,"3,89 €","7,78 €/Kg"
Maionese top down,Hellmman's,Embalagem de 238 g,"0,69 €","2,30 €/Kg"
Nata pasteurizada,PorSi,Embalagem de 450 ml,"0,75 €","3,75 €/L"
Gel de banho bio kids,Corine de Farme,300 ml,"5,99 €","7,99 €/L"
Cerveja com álcool,Sagres,Garrafa de 20 cl,"1,99 €/L","1,99 €/L"
Hamburguers vegetarianos de beringela sem lactose ve...,Nobre,Embalagem de 160 g,"0,99 €","1,98 €/Kg"
Sangria pet,Don Simon,"Garrafa de 1,5 l","2,19 €","1,46 €/L"
Cevada solúvel,Delta,Embalagem de 200 g,"1,45 €","14,50 €/Kg"
Gressinos com azeite,PorSi,Embalagem de 250g,"2,29 €","6,54 €/Kg"
Vinagre de vinho branco,PorSi,Garrafa de 1 l,"0,35 €","0,70 €/L"
Escorrega para água,Bestway,"Dim.: 4,88 m","2,99 €","2,99 €/Unidade"
Vinho maduro branco,C.da eira,Garrafa de 1 l,"0,67 €","2,68 €/L"
"Refrigerante sem gás, laranja",Joi,"Garrafa de 1,5 l","0,99 €","0,66 €/L"
Vinagre vinho branco,PorSi,Garrafa de 500 ml,"0,35 €","0,70 €/L"
Abóbora adoçada com xarope de milho,Cemporcent,Embalagem de 240g,"5,99 €","19,97 €/Kg"
Vinagre vinho branco 500ml,Cristal,Garrafa de 500 ml,"0,35 €","0,70 €/L"
Cogumelos Granel,Legumes do Dia,1 un = 200 gr (aprox.),"1,89 €","6,30 €/Kg"
Figo,Fruta da Época,1 un = 50 gr  (aprox.),"1,89 €/Kg","1,89 €/Kg"
Bolacha diet nature 5 cereais,Gullon,Embalagem de 220g,"2,49 €","8,30 €/Kg"
Descafeinado,Nestlé,Embalagem de 100 g,"1,59 €","6,36 €/Kg"
Leite uht magro,Gresso,Embalagem de 1 litro,"0,81 €","0,81 €/L"
Malha vegetal com Ricotta 110 g,Pastelaria do Dia,,"0,65 €","0,65 €/Unidade"
Bolacha Maria sem lactose,PorSi Viva Bem,Embalagem de 200 g,"0,99 €","1,98 €/Kg"
Salsicha p/Churrasco Picante,Carne Sorraia,1 Embalagem 360G,"2,69 €","7,47 €/Kg"
"Caixa com saquetas de  pau de canela, 30 unidades",PorSi,Embalagem 90G,"0,24 €","0,24 €/Kg"
"Refrigerante com gás cola zero sem cafeína, mini lat...",Coca-Cola,pack 12 x 0.15 l,"0,79 €","0,40 €/L"
Detergente líquido máquina de lavar roupa cores escu...,Woolite,56 doses,"9,79 €","2,07 €/Kg"
"Carteira etiquetas, 24x35",Domédia,1 unidade,"2,29 €","2,29 €/Unidade"
Arroz longo extra integral,Cacarola,Embalagem de 1 kg,"0,99 €","0,99 €/Kg"
Cereais fitness chocolate,Nestle,Embalagem de 380g,"3,29 €","25,50 €/Kg"
"Néctar pêssego, prisma",PorSi,Embalagem de 1 l,"0,99 €","0,99 €/L"
Queijo Roquefort,SOCIETE,Vendido ao peso a partir de 250 gr,"1,80 €","8,99 €/Kg"
Empada de Frango 60 g,Fornada do Dia,,"0,65 €","0,65 €/Unidade"
"Gel depilatório, peles sensiveis",Labell,Embalagem de 200 ml,"10,99 €","73,27 €/L"
"Frigideira anti-aderente, 24cm",PorSi,1 unidade,"8,99 €","8,99 €/Unidade"
Amaciador Roupa lavanda,PorSi,Embalagem de 60 doses,"1,99 €","1,00 €/L"
Balde com tampa 11 litros,Codil,1 un.,"4,69 €","4,69 €/Unidade"
Café solúvel c/ cafeína,PorSi,Embalagem de 100g,"1,45 €","14,50 €/Kg"
Marmelada sem conservantes,PorSi,Embalagem de 500g,"1,99 €","2,21 €/Kg"
Café moído torrado aroma bellissimo,Belissimo,Embalagem de 200g,"9,16 €/Kg","9,16 €/Kg"
Pó baratas e formigas,Baygon,Embalagem de 250 g,"4,89 €","19,56 €/Kg"
Crocantes de frango original,Iglo,Embalagem de 180g,"9,30 €/Kg","9,30 €/Kg"
Vinho verde,Felgueiras,Garrafa de 0.75 l,"2,99 €","2,99 €/L"
Detergente Liquido Loiça Ultra Poder Limão,Fairy,Embalagem de 600 ml,"1,19 €","2,38 €/L"
Fralda Cueca T3,Dodot,Embalagem de 37 un.,"7,99 €","7,99 €/Unidade"
Restaurador p/ móveis escuro,Novycera,Garrafa de 170 ml,"3,99 €","13,30 €/L"
Fiambre da perna extra baixo teor de gordura fatias ...,PorSi Viva Bem,Embalagem de 200 g,"0,90 €","5,99 €/Kg"
Snack para gato crispies vaca e frango,Felix,Embalagem de 50g,"0,99 €","16,50 €/Kg"
Queijo Raclette 48% MG,Terrier,Vendido ao peso a partir de 250 gr,"1,48 €","7,40 €/Kg"
Caramelos de nata com recheio,Werthers,Embalagem de 140g,"2,75 €","11,00 €/Kg"
Camarão 60/95,PorSi,Vendido a partir de 250 (aprox.),"2,00 €","7,99 €/Kg"
Alimento seco para gatinhos,HappyOne,"Embalagem de 1,5 kg","12,99 €","4,33 €/Kg"
Iogurte magro morango sem lactose,Mimosa,Embalagem de 4x 120 g,"1,85 €","1,23 €/Kg"
"Esferográfica, 4 cores",Bic,1 unidade,"2,99 €","2,99 €/Unidade"
Iogurte Pedaços Amoras/Mirtilo,PorSi,Embalagem 2X135 g,"3,99 €","2,00 €/Kg"
Chocolate Branco Culinário,Nestlé,Embalagem de 180g,"0,99 €","9,90 €/Kg"
Café moagem fina bio,PorSi Bio,Embalagem de 250g,"9,16 €/Kg","9,16 €/Kg"
Partida Chicote,*,Uma unidade,"3,49 €","3,49 €/Unidade"
Lenços faciais brancos 2 folhas,PorSi,150 unidades,"0,89 €","0,89 €/Unidade"
Xarope de chocolate zero,Prozis,Embalagem de 290g,"5,99 €","19,97 €/Kg"
Preparado para crepes,Branca de Neve,Embalagem de 380g,"0,79 €","5,27 €/Kg"
Creme vegetal para cozinha,Becel,Embalagem de 450 g,"1,19 €","5,95 €/L"
Chocolate culinário,Nestle,Embalagem de 170 g,"1,04 €","8,32 €/Kg"
"Azeite extra virgem, azeitonas verdes",Oliveira da Serra,Garrafa de 750 ml,"3,19 €","4,25 €/L"
Bolacha cuida-te s/ glúten trigo sarraceno,Triunfo,Embalagem de 240 g,"2,29 €","15,27 €/Kg"
Máscara reparadora de pontas,Gliss,Embalagem de 50 ml,"1,00 €","5,00 €/L"
Vela com número nº 8,PorSi,1 unidade,"0,49 €","0,49 €/Unidade"
"Inseticída, vaporizador, extra gt",Biokill,Garrafa de 380 ml,"2,49 €","24,90 €/Kg"
Bacalhau Especial,PorSi,"1 un= 3kg /3,5kg (aprox.)","8,73 €/Kg","8,73 €/Kg"
Cola glitter perfumada,Mitama,21 g,"1,95 €","97,50 €/L"
Furador com 2 furos,Domédia,1 unidade,"1,95 €","97,50 €/L"
Pasta de Dentes Gengivas Sensíveis,Oral-B,Embalagem de 75 ml,"2,29 €","30,53 €/L"
Restaurador p/ móveis claro,Novycera,Garrafa de 170 ml,"3,99 €","13,30 €/L"
Liquido abrilhantador castanho,PorSi,75 ml,"1,99 €","39,80 €/L"
Vinho verde branco,Torre de menagem,"Garrafa de 0,75 l","2,99 €","2,99 €/L"
Nestum flocos de cereais integrais,Nestum,Embalagem de 250g,"1,99 €","7,96 €/Kg"
Uva Preta Palierie,Programa Origens,1 un = 250 gr  (aprox.),"2,49 €","2,49 €/Kg"
Bolachas cereais e pepitas de chocolate,PorSi,Embalagem de 400 g,"0,89 €","5,93 €/Kg"
M&m's drageias de caramelo salgado e chocolate de le...,M&m's,Embalagem de 160g,"11,98 €/Kg","11,98 €/Kg"
"Inseticida max, concentrado sensitive",Dum Dum,Garrafa de 400 ml,"2,49 €","24,90 €/Kg"
"Coloração permanente, óleo preto intenso 1/10",Syoss,1 unidade,"6,99 €","6,99 €/Unidade"
Iogurte grego oikos stracciatella,Danone,Embalagem de 4 x 110 g,"1,49 €","2,98 €/Kg"
Iogurte Líquido Frutos Tropicais,PorSi,1 Embalagem 4X160G,"1,19 €","1,86 €/Kg"
Aguardente vínica,P.marante,Garrafa de 700 ml,"12,79 €","18,27 €/L"
Detergentes máquina lavar loiça ecológico,PorSi,26 pastilhas,"2,99 €","2,99 €/Unidade"
Barrita controlo de peso chocolate,Ignoramu,Embalagem de 44g,"0,69 €","1,73 €/Kg"
Leite Hidratante Delicadeza de Aveia,Ultra Suave,Embalagem de 400 ml,"2,99 €","7,48 €/L"
Ração para Cão Delicate rico em Salmão,Purina One,Embalagem de 800g,"22,99 €","1,15 €/Kg"
Figo Fresco,Programa Origens,1 un = 50 gr  (aprox.),"1,89 €/Kg","1,89 €/Kg"
"Roca Baby Senses, Girafa",Chicco,1 unidade,"7,99 €","7,99 €/Unidade"
Batata doce frita,PorSi,Embalagem de 150g,"0,99 €","5,35 €/Kg"
Figados de Frango,Lusiaves,embalagem de 350 g (aprox.),"0,60 €","5,99 €/Kg"
Rebuçados café s/açúcar,Villa,Embalagem de 120g,"1,09 €","4,36 €/Kg"
Pensos Higiénicos Sensitive c/ Abas Super,Ausonia,Embalagem 12 Unidades,"4,99 €","4,99 €/Unidade"
Gelatina pronta a comer light 10 kcal ananás,Royal,Embalagem de 4 x 100 g,"0,89 €","2,23 €/Kg"
Pá do Lixo C/ Cabo,PorSi,1 un.,"2,20 €","2,20 €/Unidade"
Desodorizante e desinfetante para calçado,Sanytol,Embalagem de 150 ml,"4,99 €","33,27 €/L"
Feijão frade,Caçarola,Embalagem de 500 g,"0,99 €","1,98 €/Kg"
Tira Nódoas,Sanytol,embalagem com 450g,"7,99 €","38,05 €/Kg"
Sangria branca,PorSi,Garrafa de 1.5 litros,"2,19 €","1,46 €/L"
Gelado viennetta morango,Olá,Embalagem de 650 ml,"6,79 €","14,76 €/L"
Kit de viagem,Colgate,pasta dentífrica + escova,"3,49 €","3,49 €/Unidade"
Alimento lácteo banana +6 meses,Yogolino,Embalagem de 4 x 100 g,"2,89 €","7,23 €/Kg"
Vela com número nº 1,PorSi,1 unidade,"0,49 €","0,49 €/Unidade"
Gin london dry 40,Bulldog,Embalagem de 0.70L,"26,99 €","38,56 €/L"
Nata uht carbonara,Parmalat,Embalagem de 200 ml,"0,75 €","3,75 €/L"
Cajú frito  c/ piripiri,Frutorra,Embalagem de 150 g,"0,89 €","4,45 €/Kg"
Sacos do lixo 18 litros,PorSi,15 sacos,"1,79 €","1,79 €/Unidade"
Creme vitalift 5,Men expert,Embalagem de 50 ml,"3,99 €","9,98 €/L"
Rolo de cozinha XXL,PorSi,1 rolo,"3,49 €","3,49 €/Unidade"
Chocolate para culinária 85% cacau sem glúten,Regina,embalagem de 200 g,"1,04 €","8,32 €/Kg"
Iogurte líquido magro frutos vermelhos,PorSi Viva Bem,Embalagem de 4x160 ml,"1,99 €","1,99 €/L"
Folhado de carne,Pastelaria do Dia,1 unidade = 90 g,"0,65 €","0,65 €/Unidade"
Feijao catarino,Caçarola,Embalagem de 500 g,"0,99 €","1,98 €/Kg"
Cocktail de marisco,PorSi,Embalagem de 400 g,"1,69 €","6,76 €/Kg"
Vinho tinto doc dão,Cabriz,Garrafa de 0.75 l,"3,99 €","5,32 €/L"
Queijo fresco de ovelha,Santiago,Embalagem de 70g,"0,99 €","4,95 €/Kg"
Miolo de mexilhão,PorSi,Embalagem de 250 g,"1,69 €","6,76 €/Kg"
Bolachas waffers nice baunilha,Dailidoce,Embalagem de 250g,"0,89 €","4,24 €/Kg"
Esponja autobrilhante,PorSi,3 g,"1,99 €","39,80 €/L"
Queijo gouda fatias 0% lactose,PorSi Viva Bem,Embalagem de 150g,"2,29 €","19,08 €/Kg"
Dawnut Açucarado,Pastelaria do Dia,48g,"0,69 €","0,69 €/Unidade"
Queijo em fatias,Limiano,Embalagem de 400g,"1,56 €","7,80 €/Kg"
Cadeira Auto Cosmo Grupo 0/1/2,Nania,unidade,"69,99 €","69,99 €/Unidade"
Leite condensado magro,Nestle,Embalagem de 390g,"1,05 €","2,64 €/Kg"
Papel Anti-traça 4 Seasons,Raid,4 unidades,"3,99 €","117,35 €/Kg"
Solha Congelada (200/400),Peixe Congelado,Pescado no mar,"1,26 €","3,59 €/Kg"
Spray de lavagem a seco denim,Day 2,200 ml,"0,99 €","2,48 €/Kg"
Coentros em vaso,Aroma viva,Embalagem de 1 unidades,"0,79 €","15,80 €/Kg"
Acetona,PorSi,Embalagem de 60 ml,"5,49 €","5,49 €/Unidade"
Desodorizante roll-on invisible,Rexona,Embalagem de 50 ml,"3,99 €","26,60 €/L"
Creme autobrilhante castanho,Splendor,40 ml,"1,99 €","39,80 €/L"
Barrita controlo de peso chocolate,Ignoramu,Embalagem de 44g,"3,29 €","32,90 €/Kg"
Goiaba,Ferbar,Embalagem de 300g,"1,99 €","2,21 €/Kg"
Água sem gás,Penacova,Garrafa de 1.5 litros,"0,89 €","0,18 €/L"
Nata uht,Agros,Garrafa de 200 ml,"0,75 €","3,75 €/L"
Tapioca hidratada sem adição de açúcares,PorSi Viva Bem,Embalagem de 500 g,"0,69 €","1,73 €/Kg"
Champô Anti-Caspa,Pantene,360 ml,"5,59 €","13,98 €/L"
Tablete de chocolate culinário negro,PorSi,Embalagem de 200 g,"1,04 €","8,32 €/Kg"
Manga Pronta a Comer,Fruta do Dia,1 un = 400 gr (aprox.),"1,20 €","2,99 €/Kg"
Batata frita light,PorSi,Embalagem de 150g,"0,99 €","6,60 €/Kg"
Cadeira Auto Ever Safe Grupo 1/2/3,Bebéconfort,unidade,"69,99 €","69,99 €/Unidade"
Rojões,Porco,1 un = 250 gr  (aprox.),"3,99 €","3,99 €/Kg"
Leite e cereais 8 cereais e mel +6 meses,Cerelac,Garrafa de 400 ml,"4,49 €","4,49 €/Kg"
Ameixa Vermelha,Programa Origens,1 un = 250 gr  (aprox.),"0,24 €","1,59 €/Kg"
Lasanha bolonhesa,Iglo,Embalagem de 300g,"2,15 €","6,14 €/Kg"
Espreguiçadeira laoma,Safety 1st,1 unidade,"69,99 €","69,99 €/Unidade"
Bolacha digestive s/ gluten,Gullon,Embalagem de 150g,"2,29 €","15,27 €/Kg"
Creme culinário soja,PorSi Viva Bem,Embalagem de 200 ml,"3,99 €","26,60 €/L"
Balde de limpeza duplo,Petex,1 un.,"10,99 €","10,99 €/Unidade"
Aptamil  prosyneo ha 2,Aptamil,Embalagem de 800g,"20,99 €","26,24 €/Kg"
Toalha em rolo papel rosa,PorSi,1 Unidade,"2,79 €","2,79 €/Unidade"
Molho bechamel,Parmalat,Embalagem de 200 ml,"0,75 €","3,75 €/L"
Polpa de tomate,PorSi,Embalagem de 500 g,"3,79 €","23,69 €/Kg"
Queijo de ovelha curado amanteigado,PorSi Select,250 g,"1,75 €","6,99 €/Kg"
Ligadura elástica,Hansaplast,1 unidade,"3,99 €","3,99 €/Unidade"
Lip Gloss #150,Rimmel,1 unidade,"1,19 €","4,76 €/L"
Salsichão Nobreza,Elpozo,vendido ao peso,"0,80 €","7,99 €/Kg"
"Cotonetes, 100 unidades",Johnson's Baby,1 embalagem,"1,09 €","1,09 €/Unidade"
Cookies sem glúten,Gullon,Embalagem de 200 g,"2,29 €","15,27 €/Kg"
Tomate frito,Heinz,Embalagem de 350g,"3,79 €","23,69 €/Kg"
Caderno Agrafado Capa Preta |A5 Pautado,Domédia,1 unidade,"0,99 €","0,99 €/Unidade"
Milka chocolate tablet cocoa,Milka,Embalagem de 100g,"16,67 €/Kg","16,67 €/Kg"
Desfiado de Bacalhau,Bacalhau,Embalagem de 400 g,"8,73 €/Kg","8,73 €/Kg"
"Vinho branco, denominação de origem controlada, dour...",VILA REAL,Garrafa de 750 ml,"7,49 €","9,99 €/L"
Spray vitrocerâmica/indução,PorSi,Embalagem de 500 ml,"1,79 €","2,39 €/L"
Condicionador cabelos loiros,Ultra Suave,Embalagem de 200 ml,"1,00 €","5,00 €/L"
Mousse de manga,*,140 ml,"1,69 €","12,07 €/L"
Elixir total proteção placa bacteriana,Colgate,500 ml,"4,49 €","8,98 €/L"
Gomas tijolos ácidos,PorSi,Embalagem de 300 g,"0,89 €","8,90 €/Kg"
"Salsichas de soja em frasco, 5 unidades",Izidoro,Embalagem de 250g,"2,09 €","8,36 €/Kg"
Polpa de tomate em garrafa,Compal,Embalagem de 500g,"3,79 €","23,69 €/Kg"
Azeite virgem extra dop moura,PorSi Select,Embalagem de 0.75L,"3,19 €","4,25 €/L"
Iogurte para bebé frutas variadas,Nestle,Embalagem de 4 x 100 g,"2,89 €","7,23 €/Kg"
Nuggets pescada panada,Pescanova,Embalagem de 1Kg,"1,79 €","7,16 €/Kg"
Vinho bag-in-box branco,C.alqueva,Garrafa de 5 l,"8,99 €","1,80 €/L"
Queijo Curado Meio Gordo,Fonte Mourisca,Vendido ao peso a partir de 250 gr,"2,25 €","8,99 €/Kg"
Leite com chocolate,PorSi,Embalagem de 200 ml,"0,25 €","1,25 €/L"
Azeite virgem extra,Ouro elvas,Garrafa de 750 ml,"3,19 €","4,25 €/L"
Creme descolorante,Veet,Garrafa de 150 ml,"10,99 €","73,27 €/L"
Barrinhas de  pescada panada,Pescanova,Embalagem de 1.2K,"9,30 €/Kg","9,30 €/Kg"
Fita corretora mini pocket mouse,Tipp-Ex/Bic,embalagem com 2 unid. + 1 unid. grátis,"2,99 €","2,99 €/Unidade"
Tomate Chucha Económico,Legumes do Dia,1 un = 200 gr (aprox.),"0,38 €","1,89 €/Kg"
Esparregado de espinafres sem lactose,PorSi Viva Bem,Embalagem de 360 g,"0,99 €","1,98 €/Kg"
Café em grão,Delta,Embalagem de 250g,"9,16 €/Kg","9,16 €/Kg"
Vinho tinto península de setúbal,Pioneiro,Garrafa de 0.75 l,"7,99 €","10,65 €/L"
Bolachas waffers com recheio de limão,Cuetara,Embalagem de 150 gr,"0,89 €","4,24 €/Kg"
Queijo creme de ervas finas,Philadelph,Embalagem de 150g,"3,59 €","12,82 €/Kg"
Recarga de esfregona universal,Vileda,1 unidade,"0,99 €","0,99 €/Unidade"
Máscara Exfoliante Vermelha,L' Oreal,Embalagem de 50 ml,"0,69 €","0,69 €/Unidade"
Creme para calçado preto,Splendor,80 ml,"0,99 €","19,80 €/L"
Vinho do porto special reserve,Velhotes,"garrafa de 0,75 l","10,99 €","14,65 €/L"
Geleira vintage,Polisur,20 litros,"3,99 €","3,99 €/Unidade"
Pão de forma s/ côdea,Bimbo,Embalagem de 650 g,"0,99 €","1,65 €/Kg"
Papel higiénico branco folha quadrupla,PorSi,12 rolos,"1,99 €","1,99 €/Unidade"
Chá fresh preto e limão,Cemporcent,Embalagem de 18g,"44,50 €/Kg","44,50 €/Kg"
Lanche Misto,Pastelaria do Dia,1 unidade= 115 g,"0,65 €","0,65 €/Unidade"
Licor foral do barão,Zimbro,"Garrafa de 0,70 l","16,99 €","24,27 €/L"
Atum filete manjericão + tomate,Tenorio,Embalagem de 120g,"9,08 €/Kg","9,08 €/Kg"
Boneca Caty 85 cm,Vicam,1 unidade,"4,99 €","4,99 €/Unidade"
Comida húmida de vaca para cão,Friskies,Embalagem de 4 x 100 g,"0,69 €","2,30 €/Kg"
Restaurador de Chão Envenizado Médio/Escuro,Novycera,Embalagem de 500 ml,"3,99 €","7,98 €/L"
Gelado carte d'or chocolate brownie,Olá,Embalagem de 900 ml,"6,79 €","14,76 €/L"
Cereais muesli goji e mirtilos,Quaker,Embalagem de 350g,"3,79 €","10,83 €/Kg"
Fiambre da pá fatiado,PorSi,200 g,"0,90 €","5,99 €/Kg"
Coca-cola light,Coca-Cola,Garrafa de 1 l,"0,79 €","0,40 €/L"
Chupas Party Mix,PorSi,150 g,"1,99 €","4,98 €/L"
Gel Banho Cool Maracujá,B.U.,Embalagem de 250 ml,"3,29 €","13,16 €/L"
Chá preto frutos vermelhos,PorSi,Embalagem de 40g,"41,67 €/Kg","41,67 €/Kg"
Lixívia para roupa tradicional,Neoblanc,Embalagem de 1 l,"2,19 €","1,10 €/L"
Bloco Sanitário Poder Activo Aqua,Sonasol,Embalagem de 50 g,"2,99 €","74,75 €/Kg"
Tortitas de milho sem sal,PorSi Viva Bem,Embalagem de 130g,"0,75 €","7,50 €/Kg"
Lichias categoria: II,*,Vendido ao peso,"1,89 €/Kg","1,89 €/Kg"
Recarga p/ Esfregona |Suave,Vileda,,"0,99 €","0,99 €/Unidade"
Toucinho fumado extra,PorSi,Embalagem de 200 g,"1,29 €","16,13 €/Kg"
Vinho Tinto DOC Dão Touriga Nacional,Cabriz,Garrafa de 0.75 l,"3,99 €","5,32 €/L"
Gogo SqueeZ Snack Maçã e Pera,Gogo,Embalagem de 4 x 90g,"2,09 €","6,33 €/L"
Formas de alumínio redondas 55 ml,PorSi,20 unidades,"1,19 €","1,19 €/Unidade"
Água c/ gás original,Frize,pack 6 x 0.25 l,"1,99 €/L","1,99 €/L"
Brandy  (36º),Macieira,Garrafa de 700 ml,"11,99 €","17,13 €/L"
Tira gorduras dia a dia,Mistolin,Garrafa de 750 ml,"1,29 €","1,72 €/L"
Água com gás natural,Perrier,Embalagem de 750ml,"1,99 €/L","1,99 €/L"
Pilha alcalina classic lr6x4,Domédia,1 unidade,"1,59 €","1,59 €/Unidade"
Peito de frango,Salsicharia Limiana,"Vendido ao peso, fatiado","1,99 €","9,95 €/Kg"
Chave de Bits + Conjunto de 20 Bits,Itools,1 unidade,"6,49 €","6,49 €/Unidade"
Caju simples,*,Vendido ao peso,"0,95 €","3,79 €/Kg"
Entremeada s/ Entrecosto,Porco,Vendido ao peso a partir de 1 kg,"3,99 €","3,99 €/Kg"
Café moagem normal: original,Buondi,Embalagem de 220g,"9,76 €/Kg","9,76 €/Kg"
Pimenta preta grão,PorSi,Saqueta de 50 g,"0,24 €","0,24 €/Kg"
Leite UHT Meio Gordo,PorSi,1 l,"0,81 €","0,81 €/L"
Dobrada com feijão,Nobre,Embalagem de 420g,"2,35 €","5,60 €/Kg"
Moelleux de chocolate,PorSi Select,960 g,"2,49 €","7,55 €/Kg"
Danacol natural,Danone,Embalagem de 6 x 100 g,"4,15 €/Kg","4,15 €/Kg"
Sabonete sensitive,Palmolive,Embalagem de 4x90 g,"1,89 €","11,81 €/Kg"
Bolachas com cobertura de chocolate,PorSi,Embalagem de 150g,"0,75 €","5,00 €/Kg"
Azeite Virgem Extra Clássico,Gallo,Garrafa de 2 l,"3,19 €","4,25 €/L"
Café torrado classic universal,Delta,Embalagem de 250g,"9,16 €/Kg","9,16 €/Kg"
Película Aderente 60M,PorSi,1 unidade,"1,39 €","1,39 €/Unidade"
Bolacha vida equilíbrio aveia e canela,Cemporcent,Embalagem de 140g,"1,39 €","10,69 €/Kg"
Adoçante à base de sucralose em pó,PorSi,Embalagem de 90g,"4,99 €","19,96 €/Kg"
Ovos galinha solo m,PorSi,6 ovos,"1,19 €","1,19 €/Unidade"
Pastilhas melão e melancia,Trident,Embalagem de 20g,"0,99 €","58,24 €/Kg"
"Borracha Technic, 600",Maped,embalagem com 2 unidades,"2,99 €","2,99 €/Unidade"
Rebuçados cristais de neve,PorSi,Embalagem de 250g,"1,09 €","4,36 €/Kg"
Guitarra,Panda,1 un.,"12,99 €/Unidade","12,99 €/Unidade"
Escova plástica (cores sortidas),PorSi,1 unidade,"0,79 €","0,79 €/Unidade"
Vinho regional lisboa reserva tinto,Marginal,Garrafa de 0.75 l,"4,89 €","6,52 €/L"
Feijão branco,Compal,Lata de 410 ml,"1,79 €","2,29 €/Kg"
Ameijoa Castanha Vietnamita,Marisco Congelado,Venda ao Kilo,"2,00 €","7,98 €/Kg"
Manhãzitos original,Manhazitos,Embalagem 6x2 unidades,"1,79 €","4,48 €/Kg"
"M&ms pouch, amendoim",M&m' s,Embalagem de 400 g,"11,98 €/Kg","11,98 €/Kg"
Lava Tudo Brilhante Madeira,Sonasol,"embalagem 1,1L","3,99 €","7,98 €/L"
Salada de fruta em calda,PorSi,Lata com 820 g,"1,99 €","2,37 €/Kg"
Filetes primavera receita original sem glúten 250g,Iglo,Embalagem de 250g,"9,30 €/Kg","9,30 €/Kg"
Camarão cozido 20/30,PorSi,vendido ao peso a partir de 350 g,"2,00 €","7,99 €/Kg"
Queijo Curado Amanteigado Médio,Serrinha,Vendido ao peso a partir de 250 gr,"2,25 €","8,99 €/Kg"
Massa quebrada s/ glúten,Pasta dia,Embalagem de 230g,"0,99 €","4,30 €/Kg"
"Refrigerante com gás cola, mini lata",Coca-Cola,pack 12 x 0.15 l,"0,79 €","0,40 €/L"
Picanha,Bovino,1 un = 1.250 kg (aprox.),"6,71 €","8,39 €/Kg"
Macarronete integral,Cemporcent,Embalagem de 250g,"1,89 €","3,78 €/Kg"
Bolachas brownie tubo,Oreo,Embalagem de 150g,"0,89 €","5,06 €/Kg"
Creme Facial Depilatório,Veet,Embalagem de 2x50 ml,"6,99 €","6,99 €/Unidade"
Discos Sanitários Activos Aparelho Marinho,WC Pato,Embalagem de 36 ml,"2,99 €","74,75 €/Kg"
Licor,Do João,Garrafa de 0.70L,"21,99 €","31,41 €/L"
12 ovos codorniz,PorSi,Embalagem de 1 unidades,"1,74 €","1,74 €/Unidade"
Insecticida recarga,Biokill,Embalagem de 375 ml,"2,49 €","24,90 €/Kg"
Escova criança step 1 0-2 anos,Jordan,Embalagem de 1 unidade,"0,79 €","0,79 €/Unidade"
Preparado sobremesa vegan sem lactose,Nestle,Embalagem de 370g,"1,69 €","8,45 €/L"
Vinho tinto,Enc.bairro,Bag-in-box de 5L,"4,99 €","1,00 €/L"
Bechamel sem glúten,Parmalat,500 ml,"0,75 €","3,75 €/L"
Infusão de camomila,Tetley,Embalagem de 10g,"0,85 €","65,38 €/Kg"
Fruta para bebé banana maçã +4 meses,Nestle,Embalagem de 90g,"0,69 €","7,67 €/Kg"
Atum posta em óleo,General,Embalagem de 110g,"9,08 €/Kg","9,08 €/Kg"
Creme Dia Lift + Serum Preenchedor,Diadermine,Embalagem de 50 ml,"1,99 €","39,80 €/L"
"Compal vital laranja, cenoura e manga",Compal,Garrafa de 200 ml,"0,99 €","0,99 €/L"
Filetes de pescada,PorSi,Embalagem de 400 g,"3,69 €","9,23 €/Kg"
Nata uht p/ bater 0% lactose,Parmalat,Embalagem de 200 ml,"0,75 €","3,75 €/L"
Creme de mãos Youth Vitality,Dove,Embalagem de 75 ml,"2,39 €","39,83 €/L"
Xarope grenadine,Paquito,Garrafa de 750 ml,"4,89 €","6,61 €/L"
Maçã Golden Económica,Fruta do Dia,1 un = 120 gr (aprox.),"0,21 €","1,39 €/Kg"
Bombom Caja Roja,Nestlé,Embalagem de 200G,"2,39 €","47,80 €/Kg"
Entremeada Novilho,Novilho,1 un=150 gr (aprox),"6,71 €","8,39 €/Kg"
Lambrusco branco,Sorbello,Garrafa de 0.75 l,"6,39 €","8,52 €/L"
Vinho maduto tinto,Casal da eira,Embalagem de 1 l,"0,67 €","2,68 €/L"
Bolacha Maria,Cuetara,Embalagem de 200g,"1,69 €","2,11 €/Kg"
Água Micelar Vitamina C,Garnier,Embalagem de 400 ml,"0,69 €","0,69 €/Unidade"
Bolachas cracker sem sal,PorSi,Embalagem de 500g,"0,37 €","2,96 €/Kg"
Azeite Virgem,Oliveira da Serra,Embalagem de 750 ml,"3,19 €","4,25 €/L"
Sobremesa de Arroz Doce,PorSi,Embalagem 2X135G,"0,49 €","2,45 €/Kg"
Banda térmica alivio dor muscular 29x9cm,PorSi,Embalagem de 2 unidades,"3,99 €","3,99 €/Unidade"
Alface Lisa,Legumes do Dia,1 un= 400 g (aprox.),"1,20 €","2,99 €/Kg"
Aguardente vínica velha,Alianca v.,Garrafa de 700 ml,"12,79 €","18,27 €/L"
Iogurte morango 000%,PorSi Viva Bem,Embalagem de 4 x 125 g,"3,99 €","2,00 €/Kg"
Fio dental gentle suave,Sensodyne,1 unidade,"3,49 €","3,49 €/Unidade"
Hambúrguer mediterrânico,Cemporcent,Embalagem de 160g,"22,48 €/Kg","22,48 €/Kg"
Chocolate negro 85 % cacau,Cemporcent,Embalagem de 100g,"2,49 €","19,92 €/Kg"
10 Preservativos Easy Way Nature,Control,,"4,49 €","4,49 €/Unidade"
Iogurtes magros aroma manga,PorSi Viva Bem,Embalagem de 6 x 125 g,"0,99 €","1,32 €/Kg"
Nectar multivitaminas,Paquito,Embalagem de 2 l,"0,99 €","0,99 €/L"
Feijão com dobrada,PorSi,Embalagem de 420 g,"2,35 €","5,60 €/Kg"
"Chocolate m&m s, bag amendoim",M&m' s,Embalagem de 100 g,"11,98 €/Kg","11,98 €/Kg"
Cem porcento-lentilhas vermelhas,Cemporcent,Embalagem de 500g,"1,89 €","3,78 €/Kg"
Manteiga com sal,Primor,Embalagem de 250g,"1,69 €","6,76 €/Kg"
Sumo 100% laranja,Compal,1 litro,"1,19 €","0,79 €/L"
10 salsichas de porco em lata,PorSi,Embalagem de 250G,"0,75 €","3,75 €/Kg"
20 saquetas infusão camomila,Lipton,Embalagem de 10g,"0,85 €","65,38 €/Kg"
Creme vegetal culinário,Vaqueiro,Embalagem de 1 kg,"1,19 €","5,95 €/L"
Mistolin advanced anticalcário,Mistolin,Garrafa de 500 ml,"1,79 €","2,39 €/L"
Esferográfica Azul Média,Mab,Embalagem com 4 un.,"2,99 €","2,99 €/Unidade"
Ambientador spray pure flor de cerejeira,PorSi,250 ml,"0,99 €","3,30 €/L"
Lenços faciais brancos 3 folhas,PorSi,110 unidades,"0,89 €","0,89 €/Unidade"
Senses Tropical,Trident,1 un.,"0,99 €","58,24 €/Kg"
Espargos Verde,Legumes do Dia,1 un = 250 g  (aprox.),"0,62 €","2,49 €/Kg"
10 nuggets peito de frango e queijo,Capitão Iglo,Embalagem de 210g,"5,49 €","7,32 €/Kg"
Vinho branco tejo sauvignon,Fiuza,Garrafa de 750 ml,"4,89 €","6,52 €/L"
M&m s amendoim,M&m' s,Embalagem de 250 g,"11,98 €/Kg","11,98 €/Kg"
Infusão de tília,PorSi,Embalagem de 30g,"0,85 €","65,38 €/Kg"
Cereais Corn Flakes Zero,Nacional,Embalagem de 375 g,"3,89 €","7,78 €/Kg"
Milho partido,Rac.zezere,Embalagem de 5 kg,"3,69 €","0,74 €/Kg"
Aguardente Vínica Velha,Martha's,"Garrafa 0,70L c/ Caixa de Madeira","12,79 €","18,27 €/L"
Arroz selvagem,Caçarola,Embalagem de 500 g,"0,99 €","0,99 €/Kg"
Bola de Berlim chocolate,PorSi,85g,"0,69 €","0,69 €/Unidade"
Spray desinfetante cozinha,Lysol,Embalagem de 500 ml,"1,29 €","1,72 €/L"
Inseticida elétrico melgas e mosquitos,Dum Dum,1 unidade = 45 noites,"10,49 €","17,48 €/L"
Cubos pão trigo tostado,PorSi,Embalagem de 150g,"2,29 €","6,54 €/Kg"
Gogo SqueeZ Snack Banana,Gogo,Embalagem de 90g,"2,09 €","6,33 €/L"
Bolacha infantil dinossaurus mini dino cereais,Artiach,Embalagem de 120g,"1,89 €","15,75 €/Kg"
Máquina de barbear descartável,Gillette,Embalagem com 4+1 unidades,"1,19 €","4,76 €/L"
Bucal maça natural,Andros,Embalagem de 750 g,"2,99 €","3,99 €/Kg"
Mirtilos,Salutem,Embalagem de 100g,"2,29 €","18,32 €/Kg"
Água Tónica Zero,Schweppes,Garrafa de 1 l,"4,99 €","4,99 €/L"
6 chamucas de carne,PorSi,Embalagem de 240g,"1,79 €","7,16 €/Kg"
Drageias de chocolate de leite,PorSi,200 g,"11,98 €/Kg","11,98 €/Kg"
Massa meada,PorSi,Embalagem de 500g,"0,89 €","1,78 €/Kg"
Atum posta ao natural,Bom petisc,Embalagem de 120 g,"9,08 €/Kg","9,08 €/Kg"
Barrinhas pescada sem glúten,Pescanova,Embalagem de 300g,"1,79 €","7,16 €/Kg"
Queijo Curado Barrado,Quinta do Convento,"vendido ao peso, a partir de 250 g","1,75 €","6,99 €/Kg"
Máquina depilação descartável Simply Venus 2,Gillette,3 Unid. + 1 Grátis,"5,49 €","5,49 €/Unidade"
Champanhe meio seco,Delagne & Fils,"Garrafa de 0,75 l","19,99 €","26,65 €/L"
Recarga mopa,PorSi,1 unidade,"0,99 €","0,99 €/Unidade"
Cola Vinilika,Giotto,100 ml,"1,29 €","1,29 €/Unidade"
Vinho Verde Arinto Branco,Mesa do Presidente,"Garrafa de 0,75L","2,99 €","2,99 €/L"
Bebida de aveia,Shoyce,Embalagem de 3 x 200 ml,"1,99 €","1,99 €/L"
Bolachas bambolitos chocolate e leite,PorSi,Embalagem de 150g,"0,75 €","5,00 €/Kg"
"Recarga ambientador eléctrico, alfazema",PorSi,Embalagem de 25 ml,"11,98 €","11,98 €/Unidade"
"Iogurte líquido yoggi, sem lactose, morango",Nestle,Embalagem de 4 x 160 g,"1,19 €","1,86 €/Kg"
Iogurte líquido tutti-frutti,Danone,Embalagem de 4 x 155 g,"1,19 €","1,86 €/Kg"
Açúcar branco em saquetas,Rar,Embalagem com 170 saquetas,"1,39 €","1,39 €/Kg"
Massa quebrada,Pasta dia,Embalagem de 230g,"0,99 €","4,30 €/Kg"
"Bloco sanitário blue activ, eucalio",Sonasol,Embalagem de 50 g,"2,99 €","74,75 €/Kg"
"Creme para mãos, proteção intensiva",Atrix,Embalagem de 60 ml,"2,39 €","39,83 €/L"
Ambientador eléctrico Relaxing Zen + recarga,Glade,1 unidade,"3,69 €","3,69 €/Unidade"
Iogurte Pedaços Ananás 0% Matéria Gorda/Açúcares,Danone,4 x 120 g,"3,99 €","2,00 €/Kg"
Pipoca doce para  microondas,PorSi,Embalagem de 300g,"0,75 €","7,50 €/Kg"
Vinagre de sidra pet,Paladin,Garrafa de 500 ml,"0,35 €","0,70 €/L"
Spray nature casa de banho,Cif,embalagem de 750 ml,"1,79 €","2,39 €/L"
Camarão moçambique 60/80,PorSi,800 g,"8,49 €","24,26 €/Kg"
Lambrusco tinto,Sorbello,Garrafa de 0.75 l,"2,19 €","2,92 €/L"
Caramelos de fruta,PorSi,Embalagem de 250g,"1,19 €","4,76 €/Kg"
Iogurte líquido magro mirtilos chá verde sem lactose,Mimosa,4 x 156 ml,"0,99 €","1,98 €/Kg"
Pudim baunilha,Boca Doce,Embalagem de 20g,"0,59 €","29,50 €/Kg"
Fio dentario 50m,Colgate,1 unidade,"3,49 €","3,49 €/Unidade"
Alho seco bio,PorSi Bio,Embalagem de aprox. 600 g,"0,22 €","0,89 €/Kg"
Vinho doc alentejo tinto,T.bolotas,Garrafa de 0.75 l,"2,89 €","3,85 €/L"
Néctar light de laranja prisma,PorSi,Embalagem de 1 l,"0,79 €","2,39 €/L"
"Gelatina pronto a comer, 10kcal tropical",Royal,Embalagem de 4 x 100 g,"0,89 €","2,23 €/Kg"
Bebida Solúvel Mokambo Chicória e Café,Nestle,Embalagem de 240g,"1,45 €","14,50 €/Kg"
Bolachas digestivas go maçã,Triunfo,Embalagem de 170g,"0,98 €","3,27 €/Kg"
"Saquetas de sais de fruto, laranja",Eno,Embalagem de 50g,"0,59 €","0,59 €/Unidade"
Biscoitos integrais sementes de agave,PorSi Viva Bem,Embalagem de 150g,"1,39 €","10,69 €/Kg"
Skinny latte sem açúcar e sem lactose,STARBUCKS,embalagem de 220 ml,"1,99 €","1,99 €/L"
Ameixa seca,*,Vendido ao peso,"0,95 €","3,79 €/Kg"
Iogurte danacol de morango,Danone,Embalagem de 12 x 100 g,"4,15 €/Kg","4,15 €/Kg"
Abóbora Menina,Legumes do Dia,1 un= 1 kg (aprox.),"0,89 €","0,89 €/Kg"
Leite especial cálcio + vitamina d m/g,Mimosa,Garrafa de 1 l,"1,29 €","1,29 €/L"
Creme Muda Fralda,Baby Dove,Embalagem de 45 g,"0,59 €","5,90 €/L"
Bolacha cream cracker,Cuetara,Embalagem de 200g,"0,37 €","2,96 €/Kg"
Desinfetante p/ WC,Sanytol,Embalagem de 750 ml,"1,79 €","2,39 €/L"
Cogumelo branco,*,Embalagem de 300g,"1,89 €","6,30 €/Kg"
Fiambre da Perna Extra,PorSi,1 un = 150 gr (aprox.),"0,90 €","5,99 €/Kg"
Douradinhos estaladiços,Capitão Iglo,Embalagem de 340g,"9,30 €/Kg","9,30 €/Kg"
Queijo Camembert,President,Embalagem de 250 g,"1,48 €","7,40 €/Kg"
Piaçaba com suporte popular,Fapil,1 unidade,"2,20 €","2,20 €/Unidade"
Feijão branco,PorSi,Embalagem de 500g,"0,99 €","1,98 €/Kg"
Molho de maionese com alho e ervas,PorSi,Garrafa de 120 ml,"0,69 €","2,30 €/Kg"
Snack Gato Anti Bolas de Pelo,PorSi,Embalagem 60 g,"0,99 €","16,50 €/Kg"
Limpa pavimentos flutuantes,PorSi,Embalagem de 1 litro,"1,79 €","2,39 €/L"
Pastilhas elásticas splash morango e lima,Trident Max,Embalagem de 66 g,"0,99 €","58,24 €/Kg"
Óleo Corporal Uplifted +,Dove,Embalagem de 150 ml,"2,99 €","7,48 €/L"
Bolachas mini prince recheadas com chocolate,PRINCE,Embalagem de 160 g,"1,89 €","15,75 €/Kg"
Vinho tinto,PorSi,embalagem de 5 litros,"4,99 €","1,00 €/L"
Snack para gato chezzy,Felix,Embalagem de 60g,"0,99 €","16,50 €/Kg"
Amaciador roupa concentrado lírios e morango,PorSi,60 doses,"1,99 €","1,00 €/L"
Lava Tudo Flores Montanha,Sonasol,1.3 l,"0,98 €","0,49 €/L"
Salsicha p/Churrasco XL,Carne Sorraia,1 Embalagem 360G,"2,69 €","7,47 €/Kg"
Bolachas rosquilhas,PorSi,Embalagem de 600g,"1,69 €","6,76 €/Kg"
Caderno Universitário A4 Pautado,Domédia,1 un.,"2,29 €","2,29 €/Unidade"
Escova de dentes expert white media 360º,Colgate,1 unidade,"3,49 €","3,49 €/Unidade"
Flocos de batata para puré,PorSi,Embalagem de 500g,"1,69 €","1,69 €/Kg"
Kefir líquido natural,Nestle,Embalagem de 500 g,"1,19 €","1,86 €/Kg"
Creme autobrilhante preto,Splendor,40 ml,"1,99 €","39,80 €/L"
Halls vita c morango mtp 4x32g,Halls,Embalagem de 4X32G,"0,89 €","4,45 €/Kg"
"Maionese, frasco",Hellmman's,Embalagem de 420g,"0,69 €","2,30 €/Kg"
Creme de avelãs e cacau para barrar sem glúten,Cemporcent,Embalagem de 200g,"2,99 €","6,64 €/Kg"
Actimel morango,Danone,Embalagem de 6 x 100g,"4,15 €/Kg","4,15 €/Kg"
Leite Bem Essencial cereais,Mimosa,Embalagem de 4 x 200 ml,"1,98 €","2,48 €/L"
Salsichas frescas de porco tipo brasileiro,PorSi,400 g,"2,69 €","7,47 €/Kg"
Vinho tinto regional terras dao bib 5l,Silgueiros,Embalagem de 5L,"3,99 €","5,32 €/L"
Pilhas recarregáveis AAA HR03 1.2V 800mAh,Domédia,Embalagem com 4 unidades,"1,59 €","1,59 €/Unidade"
Trinca de arroz,PorSi,Embalagem de 5 kg,"22,99 €","1,15 €/Kg"
Limpa carpetes,PorSi,Embalagem de 1 litro,"3,99 €","7,98 €/L"
Vinho regional lisboa tinto reserva,Critterium,Garrafa de 0.75 l,"4,89 €","6,52 €/L"
Couve flor,PorSi,Embalagem de 750 kg,"1,69 €","1,69 €/Kg"
Leite com chocolate sem lactose,Ucal,Embalagem de 6 x 250 ml,"1,99 €","1,99 €/L"
Tisana de chá verde/limão light,Pleno,"Garrafa de 1,5 l","0,99 €","0,66 €/L"
Massa p/ pizza,Pasta dia,Embalagem de 230g,"0,99 €","4,30 €/Kg"
"Bloco sanitário azul, recarga",WC Pato,Embalagem de 2x40 g,"2,99 €","74,75 €/Kg"
Almôndegas de bovino,PorSi,Embalagem de 400 g,"3,49 €","8,73 €/Kg"
Bolachas marinheiras espelta,Cemporcent,Embalagem de 200 g,"1,39 €","10,69 €/Kg"
Manteiga la motte sal do mar,President,Embalagem de 250 g,"1,69 €","6,76 €/Kg"
Leite c/ Chocolate,Agros,Embalagem de 4 x 200 ml,"0,25 €","1,25 €/L"
Leite uht gordo,Mimosa,Embalagem de 1 litro,"0,94 €","0,94 €/L"
Molho de soja c/ dispensador redução sal,KIKKOMAN,150 ml,"3,99 €","26,60 €/L"
Tapetes educativos p/ cães/gatos 60x60cm,PorSi,20 unidades,"4,69 €","4,69 €/Unidade"
Barras de cereais de trigo integral com chocolate e ...,Nestle,Embalagem de 135 g,"3,29 €","25,31 €/Kg"
Frutose,PorSi,Boião de 410 g,"4,99 €","19,96 €/Kg"
"Cerveja sem álcool, preta",Super Bock,pack 6 x 0.33 l,"5,99 €","3,03 €/L"
"Iogurte sólido aroma morango, ananás e banana",Mimosa,Pack 8 x 120 g,"1,85 €","1,23 €/Kg"
Iogurte líquido infantil morango e banana,PorSi,Pack 6 x 100 g,"0,99 €","1,76 €/L"
Vinagre sidra 250ml,Cristal,Garrafa de 250 ml,"0,35 €","0,70 €/L"
Tosta rica mini go,Cuetara,Embalagem de 240g,"1,89 €","15,75 €/Kg"
Infusão nº 6 sem barriga,Cemporcent,Embalagem de 10 unidades,"0,85 €","65,38 €/Kg"
Queijo curado -30% gordura,Casteloes,500 g,"1,75 €","6,99 €/Kg"
Açorda de camarão,PorSi Select,Embalagem de 300g,"1,79 €","7,16 €/Kg"
Bollycao,Bollycao,Embalagem de 2 unidades,"1,79 €","4,48 €/Kg"
Iogurte líquido danonino morango,Danone,Embalagem de 4 x 100 g,"0,99 €","1,76 €/L"
10 Preservativos Easy Way Finissímos,Control,,"4,49 €","4,49 €/Unidade"
Batata doce frita,Maria Batata,embalagem de 100 g,"0,99 €","5,35 €/Kg"
"Limpa móveis pistola, multissuperfícies",Pronto,Embalagem de 500 ml,"1,19 €","0,79 €/L"
Preparado para creme pasteleiro,B.neve,Embalagem de 100g,"1,69 €","8,45 €/L"
Café moagem universal portugal,Delta,Embalagem de 250g,"9,76 €/Kg","9,76 €/Kg"
"Dentifríco 2 em 1, hálito puro",Theramed,Embalagem de 75 ml,"2,89 €","38,53 €/L"
"Tira nódoas, spray oxi",PorSi,Embalagem de 1 l,"7,99 €","38,05 €/Kg"
Açúcar em saquetas,PorSi,Embalagem 1K,"1,39 €","1,39 €/Kg"
"Pensos de incontinência, Maxi Noite, 12 unidades",Labell,Uma embalagem,"1,99 €","1,99 €/Unidade"
Yofu natural com coco,Alpro,Embalagem de 500 gr,"2,99 €","5,98 €/Kg"
Néctar clássico tutti-frutti,Compal,330 ml,"0,99 €","0,99 €/L"
Iogurte tipo grego natural,PorSi,Embalagem de 12 x 125 g,"0,99 €","1,98 €/Kg"
Tira Nódoas em Pó Cores,Skip,1 kg,"7,99 €","38,05 €/Kg"
Espadim Fumado,PorSi Select,Embalagem de 110 g,"2,99 €","19,93 €/Kg"
Cereais fitness e fruits,Nestle,Embalagem de 380g,"3,29 €","25,50 €/Kg"
Pernil,Porco,1 un = 1 kg (aprox.),"3,99 €","3,99 €/Kg"
"Inseticida elétrico, trio, nigth & day",Raid,1 unidade,"10,49 €","17,48 €/L"
Dourada de Viveiro,Peixe do Dia,de 600 a 800g,"4,80 €","11,99 €/Kg"
Toalhetes Íntimos Suaves,Corine de Farme,Embalagem com 10 un.,"3,99 €","3,99 €/Unidade"
Queijo Curado Apimentado,Fonte Mourisca,Vendido ao peso a partir de 250 gr,"1,75 €","6,99 €/Kg"
Spray limpa inox,Cif,Garrafa de 440 ml,"1,79 €","2,39 €/L"
Pringles original,Pringles,Embalagem de 175g,"0,99 €","5,35 €/Kg"
Sumo concentrado de laranja/maracujá,GUD,Garrafa de 740 ml,"4,89 €","6,61 €/L"
Gogo SqueeZ Snack Maçã e Pera,Gogo,Embalagem de 90g,"2,09 €","6,33 €/L"
Azeite virgem extra seleção ouro,Oliveira da Serra,Garrafa de 750 ml,"3,19 €","4,25 €/L"
Sopa de legumes,PorSi,Embalagem de 900 g,"1,99 €","2,49 €/Kg"
Esparguete Clássica,Nacional,Embalagem de 500 g,"0,89 €","1,78 €/Kg"
"Vinho Bairrada, Tinto",Selecção de Enófilos,Garrafa de 0.75 l,"2,92 €/L","2,92 €/L"
2 Pesos p/ tornozelo e punho,Umbro,1 kg,"3,99 €","3,99 €/Unidade"
Néctar de laranja do algarve,Compal,Garrafa de 200 ml,"0,99 €","0,99 €/L"
Inseticida baratas e formigas,Dum Dum,Embalagem de 400 ml,"2,49 €","24,90 €/Kg"
Patê atum,La piara,Embalagem de 80g,"0,99 €","11,25 €/Kg"
Tablete de chocolate de leite,PorSi Select,Embalagem de 200g,"0,53 €","5,30 €/Kg"
Batata frita caseira,PorSi,Embalagem de 500g,"0,87 €","5,44 €/Kg"
Iogurte líquido yoggi banana,Nestle,Embalagem de 4 x 160 g,"1,19 €","1,86 €/Kg"
Queijo de vaca curado amanteigado,PorSi,+/- 550 g,"1,75 €","6,99 €/Kg"
Iogurte Líquido Yoggi Frutos Tropicais s/ Lactose,Nestle,4x160g,"0,99 €","1,98 €/Kg"
Bebida aveia-amêndoa,Alpro,Embalagem de 1 litro,"1,99 €","1,99 €/L"
"Coloração permanente, preto nº10",Nutrisse,1 unidade,"6,99 €","6,99 €/Unidade"
Massa esparguete,Milaneza,Embalagem de 500g,"0,89 €","1,78 €/Kg"
Abrasivo sanitário pinho e eucalipto,PorSi,embalagem de 1 litro,"0,99 €","1,32 €/L"
Queijo de ovelha cura 12 meses,Serramonte,vendido ao peso,"4,37 €","17,49 €/Kg"
Miolo de ameijoa,PorSi,Embalagem de 250 g,"1,69 €","6,76 €/Kg"
Pilhas recarregáveis AA HR6 1.2V 1900mAh,Domédia,Embalagem com 4 unidades,"1,59 €","1,59 €/Unidade"
Cereais chooks,Nacional,Embalagem de 300g,"5,07 €/Kg","5,07 €/Kg"
Dentrifico Stage Winnie Pooh,Oral B,Embalagem de 75 ml,"0,79 €","0,79 €/Unidade"
Creme Depilatório Men Peles Sensíveis,Veet,400 ml,"10,99 €","73,27 €/L"
Princesas do mar,PorSi,Embalagem de 255 g,"2,19 €","8,59 €/Kg"
Máscara tesouros de mel,Garnier,Embalagem de 300 ml,"1,00 €","5,00 €/L"
Absorve cheiros p/ frigorífico,HUMYDRY,1 unidade,"16,63 €/L","16,63 €/L"
Fermento padeiro,Royal,Embalagem de 27g,"1,49 €","13,55 €/Kg"
Tomates Cereja Alongados,PorSi Bio,Emb.: ± 200 g,"0,38 €","1,89 €/Kg"
Prince biscuit-sandwich chocolate chocolate r,PRINCE,Embalagem de 300g,"2,15 €","2,87 €/Kg"
Leite condensado magro cozido,Nestle,Embalagem de 390g,"1,05 €","2,64 €/Kg"
Liquido refrigerante verde 10%,PorSi,Embalagem de 1 l,"3,79 €","0,76 €/L"
10 saquetas infusão de cidreira,Lipton,Embalagem de 20g,"0,85 €","65,38 €/Kg"
Queijo flamengo barra,PorSi,"Vendido ao peso, fatiado a partir de 100 gr","1,56 €","7,80 €/Kg"
"Ambientador spray, aerosol, relax zen",Glade,Embalagem de 300 ml,"0,99 €","3,30 €/L"
"Pimenta preta, moída, em frasco",PorSi,Embalagem de 43 g,"0,24 €","0,24 €/Kg"
"Coloração permanente, óleo intenso, castanho praliné...",Syoss,1 unidade,"6,99 €","6,99 €/Unidade"
"Sagres preta gfa 0,33l tr",Sagres,Garrafa de 330 ml,"1,99 €/L","1,99 €/L"
Nectarina,Programa Origens,Vendido ao peso,"0,24 €","1,59 €/Kg"
"Gomas talhadas, sabor a melancia",Fini,Embalagem de 100 g,"0,89 €","8,90 €/Kg"
Batata doce para fritar,PorSi,Embalagem de 600g,"1,39 €","1,39 €/Kg"
Sopa de feijão verde,*,Vendido ao peso,"1,99 €","2,49 €/Kg"
Smint 2H intense mint,Smint,Embalagem de 35g,"2,29 €","57,25 €/Kg"
Comida húmida para gato indoor em molho com atum,Purina One,Embalagem de 340g,"3,49 €","10,26 €/Kg"
Creme vegetal para culinária,PorSi,Embalagem de 250g,"1,19 €","5,95 €/L"
Alimento lácteo pera +6 meses,Yogolino,Embalagem de 4 x 100 g,"2,89 €","7,23 €/Kg"
"Queijo light, 10 fatias",A Vaca Que Ri,Embalagem de 200g,"2,29 €","19,08 €/Kg"
Multi-usos,Wd40,Embalagem de 250 ml + 40 ml grátis,"12,99 €","12,99 €/L"
Adoçante em pó stevia,PorSi Viva Bem,Embalagem de 17g,"4,99 €","19,96 €/Kg"
Sabonete líquido maçãs verdes,Labell,Embalagem de 500 ml,"0,95 €","1,90 €/L"
X-ato mini,Maped,9 mm,"1,95 €","97,50 €/L"
Elixir Nightly Reset,Listerine,400 ml,"4,49 €","8,98 €/L"
Pensos Higiénicos Cottonlike Super Com Abas,Evax,12 unidades,"4,99 €","4,99 €/Unidade"
Néctar de laranja e cenoura light,PorSi,Embalagem de 1 litro,"0,79 €","2,39 €/L"
Cereja,Programa Origens,1 un = 250 gr  (aprox.),"2,29 €","18,32 €/Kg"
"Chocolate sombrinha, saquetas, 5 unidades",Lacasa,Embalagem de 50g,"2,29 €","17,62 €/Kg"
Ravioli com tomate,Claude Léger,Embalagem 300G,"2,35 €","5,60 €/Kg"
Bloco sanitário blue activ higiene,Sonasol,Embalagem de 50 g,"2,99 €","74,75 €/Kg"
Refrigerante sem gás frutos tropicais,Trina,"Garrafa de 1,5 l","0,99 €","0,66 €/L"
Pastilhas café lote chávena,Delta,Embalagem de 110g,"59,82 €/Kg","59,82 €/Kg"
Guardanapos brancos folha tripla 33x33 cm,PorSi,70 unidades,"1,29 €","1,29 €/Unidade"
"Delta decaf. mu cx 3,520 kg - café torrado moído des...",Delta,Embalagem de 220g,"1,59 €","6,36 €/Kg"
Queijo flamengo sticks 5x20g,PorSi,Embalagem de 100g,"1,56 €","7,80 €/Kg"
Limpa vidros,Arbo,embalagem de 500 ml,"3,79 €","0,76 €/L"
"Tesoura de escritório, 17 cm",Domédia,1 unidade,"1,95 €","97,50 €/L"
Manteiga de amendoim crocante,Prozis,Embalagem de 500g,"4,19 €","12,32 €/Kg"
Palmilha recortável antiodor,Sonaf,1 unidade,"5,49 €","36,60 €/L"
Alimento para cão junior,HappyOne,Embalagem de 10 kg,"22,99 €","1,15 €/Kg"
Liegeois de chocolate,Milchfrisc,Embalagem de 200g,"0,49 €","2,45 €/Kg"
Champô cacau&côco,Ultra Suave,Embalagem de 400 ml,"5,59 €","13,98 €/L"
Beterrabas bio,PorSi Bio,Vendido ao peso,"0,62 €","2,49 €/Kg"
Vinagre de fruta,PorSi,Embalagem de 500 ml,"0,35 €","0,70 €/L"
Infusão de camomila,PorSi,Embalagem de 33.7 g,"0,85 €","65,38 €/Kg"
Spray renova camurça preta,PorSi,Embalagem de 200 ml,"2,79 €","13,95 €/L"
Comida Húmida para Gatinhos Mousse com Vitela,Gourmet Diamant,Embalagem de 85 g,"3,49 €","10,26 €/Kg"
Lay's sal mpk 6x30g,Lay's,Embalagem de 180g,"0,99 €","5,35 €/Kg"
Queijo light,Philadelph,Embalagem de 180g,"3,59 €","12,82 €/Kg"
"Cera de depilação oriental, pote",Labell,Embalagem de 250 ml,"6,99 €","6,99 €/Unidade"
Detergente líquido máquina de roupa sabão natural,PorSi,86 Doses,"9,79 €","2,07 €/Kg"
Champô Hidratante,Baby Dove,Embalagem de 400 ml,"1,09 €","1,09 €/Unidade"
Licor de anis,On Off,"Garrafa de 0,70 l","16,99 €","24,27 €/L"
Laca volume,Nivea,Embalagem de 250 ml,"3,99 €","15,96 €/L"
Ambientador recarga bouquet,Air Wick,Garrafa de 250 ml,"11,98 €","11,98 €/Unidade"
"Salsichas hot dog, frasco",Izidoro,Embalagem de 240g,"0,75 €","3,75 €/Kg"
Barras de cereais golden grahams,Nestle,Embalagem de 150g,"3,29 €","25,31 €/Kg"
Queijo fatias -50% gordura,Terra Nostra,Embalagem de 400g,"1,56 €","7,80 €/Kg"
Leite especial crescimento +3 anos,Mimosa,Garrafa de 1 l,"0,25 €","1,25 €/L"
Detergente Máquina Roupa Liquido Bebé,Skip,60 doses,"9,99 €","9,99 €/Unidade"
Mini Hambúrguer de Batata Doce e Quinoa Green Cuisin...,Iglo green,Embalagem de 270g,"1,79 €","4,97 €/Kg"
Iogurte líquido yoggi cremoso pêssego/manga,Nestle,Embalagem de 4 x 160 g,"1,19 €","1,86 €/Kg"
Chocolate culinário 70% cacau,Nestle,Embalagem de 170 g,"1,04 €","8,32 €/Kg"
Arroz agulha,Pato real,Embalagem de 1 kg,"0,99 €","0,99 €/Kg"
"Escova de cabelo, esqueleto",Labell,Embalagem com 1 unidade,"1,99 €","1,99 €/Unidade"
Desentupidor em gel canos com soda,PorSi,Embalagem de 1 litro,"1,79 €","2,39 €/L"
Gamba Rosa Moçambique,PorSi,Embalagem de 800 g,"8,49 €","24,26 €/Kg"
Cocktail pessego,Bar Royal,Garrafa de 750 ml,"11,99 €","11,99 €/L"
Xarope de menta,Paquito,Garrafa de 0.75 lt,"4,89 €","6,61 €/L"
"Vinho tinto doc dão, reserva",Cabriz,Garrafa de 0.75 l,"3,99 €","5,32 €/L"
Canetas de Feltro Lavavel Kids - 14 +4,Bic,Uma embalagem,"4,69 €","4,69 €/Unidade"
Ambientador automático lavanda,PorSi,250 ml,"0,99 €","3,30 €/L"
Sal marinho integral,Cemporcent,Embalagem de 1 kg,"22,48 €/Kg","22,48 €/Kg"
"Jogo de Viagem, Tragabolas",Hasbro,,"3,49 €","3,49 €/Unidade"
Farinheira do fundão,PorSi,Embalagem de 250g,"1,49 €","7,45 €/Kg"
2 big burger vaca e queijo s/ glutén,Capitão Iglo,Embalagem de 200g,"5,49 €","7,32 €/Kg"
Creme Depilatório Peles Normais,Veet,Embalagem de 200 ml,"10,99 €","73,27 €/L"
Chispe da Perna,Porco,1 un = 800 gr (aprox.),"3,99 €","3,99 €/Kg"
Peru Fêmea c/ Miúdos Programa Origens,PorSi,1 un= 5kg (aprox.),"1,05 €","2,99 €/Kg"
Tablete de chocolate culinário negro,PorSi,Embalagem de 200 g,"16,67 €/Kg","16,67 €/Kg"
Sopa económica de marisco,Knorr,Embalagem de 60g,"0,69 €","11,13 €/Kg"
Bebida solúvel cereais+fibra frasco 200g,Delta,Embalagem de 200g,"1,45 €","14,50 €/Kg"
Pastilhas peppermint,Smint,Embalagem de 35 g,"0,99 €","58,24 €/Kg"
Patafix branco,Uhu,Embalagem com 80 pastilhas adesivas,"2,49 €","2,49 €/Unidade"
Vinho rosé frisante,Cacho Fresco,Garrafa de 0.75 l,"2,19 €","2,92 €/L"
Palmilha cortiça com latex t 38/39,Sonaf,1 unidade,"5,49 €","36,60 €/L"
Vela em número nº5,PorSi,1 unidade,"0,49 €","0,49 €/Unidade"
Água c/ gás groselha,Frize,pack 4 x 0.25 l,"1,99 €/L","1,99 €/L"
Esferográfica Cor Sortida Média,Mab,Embalagem com 4 un.,"2,99 €","2,99 €/Unidade"
"Shampoo, laranja",PorSi,Embalagem de 1 l,"3,79 €","0,76 €/L"
Toalhitas Multiusos,Sanytol,,"1,69 €","1,69 €/Unidade"
Óleo 15w40,PorSi,Embalagem de 5 l,"12,99 €","12,99 €/L"
Quinoa branca em grão,Cemporcent,Embalagem de 1 kg,"2,29 €","11,45 €/Kg"
Papel higiénico branco folha tripla,PorSi,12 rolos,"1,99 €","1,99 €/Unidade"
Infusão cavalinha,Cemporcent,Embalagem de 10 unidades,"0,85 €","65,38 €/Kg"
Ambientador vela odor cozinha,PorSi,1 unidade,"6,99 €","33,29 €/Kg"
Bacalhau Especial da Islândia,Bacalhau da Islândia,1 un = 4 kg (aprox.),"8,73 €/Kg","8,73 €/Kg"
Queijo cura especial barrado pimentão,Casteloes,500 g,"1,75 €","6,99 €/Kg"
Bacalhau Desfiado do Pacífico,Nossa Selecção,Embalagem de 400 g,"8,73 €/Kg","8,73 €/Kg"
Espuma de barbear para peles sensíveis,Labell Men,Embalagem de 250 ml,"1,19 €","4,76 €/L"
Alecrim em folhas,PorSi,Embalagem de 25g,"0,24 €","0,24 €/Kg"
Churritos,PorSi,Embalagem de 240g,"1,79 €","4,48 €/Kg"
Água mineral sem gás,Serra de Fafe,"Embalagem de 6x0,33 l","0,89 €","0,18 €/L"
Farinheira das beiras,PorSi,1 unidade = 730 g (aprox.),"1,49 €","7,45 €/Kg"
Leite Achocolatado Batido com Cacau,Cacaolat,Pack de 3 x 200 ml,"0,25 €","1,25 €/L"
Limpador,Pronto,Embalagem de 750 ml,"3,99 €","7,98 €/L"
Chourição,PorSi,"Vendido ao peso, fatiado a partir de 100 gr","0,80 €","7,99 €/Kg"
Pensos higiénicos liberty noite abas,Evax,Embalagem com 9 un.,"4,99 €","4,99 €/Unidade"
Iogurte pedaços ananás,PorSi,Embalagem de 4 x 125 g,"3,99 €","2,00 €/Kg"
Café em cápsulas aqtivus,Delta Q,Embalagem de 55 g,"59,82 €/Kg","59,82 €/Kg"
Café torrado lote chávena máquina,Delta,Embalagem de 250g,"9,16 €/Kg","9,16 €/Kg"
Iogurte fruta batida banana/laranja/bolacha,Mimosa,Embalagem de 480g,"1,49 €","2,98 €/Kg"
Cereja,Fruta da Época,Vendido ao peso,"2,29 €","18,32 €/Kg"
Roti,Novilho,1 un = 1 kg (aprox.),"4,99 €","12,48 €/Kg"
"Bolachas, cobertura com chocolate branco",Oreo,Embalagem de 250g,"0,75 €","5,00 €/Kg"
Pão Alentejano,Pão do Dia,1 unidade = 400 g,"0,18 €","2,25 €/Kg"
Barras fitness com morango,Nestle,Embalagem de 140g,"3,29 €","25,50 €/Kg"
Detergente Manual p/ Lavar Roupa Regular,Gama,Embalagem de 510 g,"0,99 €","2,48 €/Kg"
Autobrilhante Incolor,Búfalo,Embalagem de 50 ml,"1,99 €","39,80 €/L"
"Bolo de profiteroles, 800 g",Pastelaria do Dia,,"8,99 €","11,24 €/Kg"
Panquecas de aveia c/ proteína pepitas chocolate,Prozis,Embalagem de 400g,"22,48 €/Kg","22,48 €/Kg"
Iogurte magro + gelatina morango,Mimosa,Embalagem de 4 x 120 g,"0,99 €","1,32 €/Kg"
Bebida essencial frutos vermelhos,Compal,Pack 3 x 0.11 l,"2,09 €","6,33 €/L"
2 crocantes frango recheio queijo&fiambre 204g,Iglo,Embalagem de 200g,"2,99 €","2,99 €/Kg"
Nata uht para culinária,Parmalat,Embalagem de 200 ml,"0,75 €","3,75 €/L"
Manteiga pasteurizada com sal cuvet,Primor,Embalagem de 250g,"1,69 €","6,76 €/Kg"
Vinho tinto alentejo,ALABASTRO,"Garrafa de 0,75 l","2,89 €","3,85 €/L"
Pensos diários salvaslip flexi & fresh normal,Evax,28 unidades,"1,89 €","1,89 €/Unidade"
Cogumelos inteiros,PorSi,Embalagem de 185 g,"1,79 €","2,29 €/Kg"
Sopa de rabo de boi,Knorr,Embalagem de 70g,"0,69 €","11,13 €/Kg"
"Limpa vidros pistola, cristal",Ajax,Embalagem de 500 ml,"3,19 €","6,38 €/L"
Mel rosmaninho,Salutem,Embalagem de 300g,"5,99 €","19,97 €/Kg"
Bandas de cera facial peles normais,Veet,Embalagem de 20 unidades,"6,99 €","6,99 €/Unidade"
Manteiga de amendoim,Prozis,Embalagem de 1 kg,"4,19 €","12,32 €/Kg"
Gel de massagem,Durex,Embalagem de 200 ml,"4,49 €","4,49 €/Unidade"
Lixivia perfumada,PorSi,Garrafa de 2 l,"2,59 €","1,30 €/L"
Sidra maçã,Bandida,Lata de 500 ml,"1,59 €","3,18 €/L"
Penso diário salvaslip multiforma,Evax,embalagem de 58 unidades,"1,89 €","1,89 €/Unidade"
Vinho doc branco alentejo antão vaz,Vila dos Gamas,Garrafa 0.75L,"2,89 €","3,85 €/L"
Sardinha Pequena,Peixe do Dia,1 un = 100 gr (aprox.),"4,80 €","11,99 €/Kg"
Sabonete original,Palmolive,Embalagem de 4x90 g,"1,89 €","11,81 €/Kg"
Crepe chocolate,PorSi,Embalagem de 540g,"2,49 €","7,55 €/Kg"
"Creme de muda de fralda, para bebé",Pommette,Embalagem de 100 ml,"0,59 €","5,90 €/L"
Sopa de legumes,PorSi,Embalagem de 400 g,"1,99 €","2,49 €/Kg"
Semente girassol,Salutem,Embalagem de 200g,"2,29 €","11,45 €/Kg"
Batata frita palha,PorSi,Embalagem de 160g,"0,87 €","5,44 €/Kg"
"Rebuçados sem açúcar, mentho-lyus",Halls,Embalagem de 128 g,"0,89 €","4,45 €/Kg"
Fermento em pó,PorSi,Embalagem de 150 g,"1,49 €","13,55 €/Kg"
"Leite bem essencial, morango",Mimosa,Embalagem de 200 ml,"1,98 €","2,48 €/L"
Filetes de atum dos Açores em azeite c/ orégãos,PorSi Select,190 g,"9,08 €/Kg","9,08 €/Kg"
Iogurte Pedaços Kiwi 0% Matéria Gorda/Açúcares,Danone,4 x 120 g,"4,15 €/Kg","4,15 €/Kg"
Bolacha shortcake,Nacional,Embalagem de 180g,"1,69 €","6,76 €/Kg"
Batata Frita c/ Sal,Ruffles,Embalagem de 160 g,"0,99 €","5,35 €/Kg"
Recarga Ambientador Automático Sparkling Citrus,PorSi,Embalagem de 250 ml,"11,98 €","11,98 €/Unidade"
Bebida de soja,Shoyce,Embalagem de 1 litro,"2,39 €","2,39 €/L"
Camarão cozido 40/60,PorSi,Embalagem de 500 g,"2,00 €","7,99 €/Kg"
Espinafres salteado com alho,PorSi,Embalagem de 750g,"1,69 €","1,69 €/Kg"
Néctar vital equilibrio laranja/cenoura/manga,Compal,Embalagem de 1 l,"0,99 €","0,99 €/L"
Miúdos de Frango do Campo Lusitano,PorSi Select,embalagem de 700 g (aprox.),"0,60 €","5,99 €/Kg"
Vinho tinto regional peninsula de setúbal,Fonte nico,Garrafa de 750 ml,"7,99 €","10,65 €/L"
"Bebidas leite, caramelo machiatto",STARBUCKS,Embalagem de 220 ml,"1,98 €","2,48 €/L"
Presunto fatiado,PorSi,Embalagem de 200g,"2,69 €","13,45 €/Kg"
Chá infusão sene,Cemporcent,Embalagem de 13g,"58,44 €/Kg","58,44 €/Kg"
"Refeição pronta, boião de legumes e vitela",Bledina,Embalagem de 200g,"1,89 €","9,95 €/Kg"
Recarga Desumidificador Lavanda,HUMYDRY,embalagem de 3x75 g,"5,99 €","26,62 €/Kg"
Iogurte Pedaços Pêssego,PorSi,Embalagem de 2x135 g,"1,85 €","1,23 €/Kg"
"Pilha alcalina, hightech lr03x4",Domédia,1 unidade,"1,59 €","1,59 €/Unidade"
Lustrante Pneus,PorSi,Embalagem de 1 l,"3,79 €","0,76 €/L"
Grão de bico,PorSi,embalagem de 500 g,"0,99 €","1,98 €/Kg"
Fralda cueca T6 - 16 a 22 kg,PorSi,18 unidades,"7,99 €","7,99 €/Unidade"
Lombinhos,Porco,1 un=500 gr aprox.,"3,99 €","3,99 €/Kg"
Vinho branco tejo,Alorna,Garrafa de 750 ml,"4,89 €","6,52 €/L"
Salsichas em lata,PorSi,Embalagem  de 120 g,"0,75 €","3,75 €/Kg"
Esfregão Esponja Antibacteriano,Fino,1 unidade,"2,49 €","2,49 €/Unidade"
"Hamburguers de frango, 4 x 80 g",PorSi,Embalagem de 320g,"5,49 €","7,32 €/Kg"
Lava tudo antibacteriano herbal,PorSi,Garrafa de 1.5 l,"0,98 €","0,49 €/L"
Doce de Laranja com Farripas,ST.DALFOUR,Frasco de 284g,"1,95 €","8,86 €/Kg"
"Vinho branco região da península de setúbal, bag in ...",Dom Campos,Garrafa de 5 l,"8,99 €","1,80 €/L"
"Rolos cozinha absorção Ultra, Maxi, 2 rolos",Foxy,1 embalagem,"3,49 €","3,49 €/Unidade"
100% clara de ovo líquida albumina,Prozis,Embalagem de 500g,"2,79 €","5,58 €/Kg"
Iogurte líquido morango,PorSi,Embalagem de 4 x 160 g,"1,19 €","1,86 €/Kg"
Sidra maçã,Somersby,pack 4 x 0.33 l,"1,59 €","3,18 €/L"
Mini tostas integrais,PorSi,Embalagem de 180g,"2,29 €","6,54 €/Kg"
Gelados mini colosse mini mix,PorSi,Embalagem com 8 unidades,"5,99 €","16,64 €/L"
Vinho Regional Lisboa Reserva Branco,Marginal,Garrafa de 0.75 l,"4,89 €","6,52 €/L"
"Recarga Inseticida elétrico, nigth & day",Raid,Embalagem de 2x300 ml,"10,49 €","17,48 €/L"
Pastel de nata,Pastelaria do Dia,1 unidade = 80 g,"0,69 €","0,69 €/Unidade"
Inseticida Elétrico Citronela,Dum Dum,1 unidade = 45 noites,"10,49 €","17,48 €/L"
Borracha para desenho técnico,Domédia,1 unidade,"2,99 €","2,99 €/Unidade"
Salsichas Frankfurt em lata,Izidoro,Embalagem de 250g,"0,75 €","3,75 €/Kg"
Lenços Bolso Colletion,Kleenex,Pack 15 unidades,"0,89 €","0,89 €/Unidade"
Refrigerante sem gás de maçã,Trina,"Garrafa de 1,5 l","0,99 €","0,66 €/L"
Bife da Vazia,Novilho,Vendido ao peso a partir de 800 g,"6,71 €","8,39 €/Kg"
Pasta de atum,Fides,Embalagem de 90g,"0,99 €","11,25 €/Kg"
Tablete de chocolate,Chabrior,Embalagem de 250 g,"0,75 €","5,00 €/Kg"
Gel Lubrificante natural play,Durex,Embalagem de 50 ml,"4,49 €","4,49 €/Unidade"
Sangria tinta,Faisão,Garrafa de 0.75 l,"2,19 €","1,46 €/L"
"Creme de dia, age perfect",L'oreal,Embalagem de 50 ml,"1,99 €","39,80 €/L"
Vinho do porto white,Cruz,Garrafa de 750 ml,"11,99 €","15,99 €/L"
Néctar tutti-fruti,Compal,Pack 3 x 200 ml,"0,99 €","0,99 €/L"
Tomates Cereja Vermelhos,PorSi Bio,Emb.: ± 200 g,"0,38 €","1,89 €/Kg"
Luvas Universal Pequeno/Médio,Vileda,1 unidade,"2,99 €","2,99 €/Unidade"
Crepe simples,PorSi,Embalagem de 630g,"2,49 €","7,55 €/Kg"
"Pasta dentífrica, proteção branqueador",Labell,Embalagem de 75 ml,"2,29 €","30,53 €/L"
"Detergente manual de loiça, ultra limão",PorSi,Embalagem de 500 ml,"1,19 €","2,38 €/L"
Anti-traça lavanda,Raid,2 unidades,"3,99 €","117,35 €/Kg"
Gorro Pai Natal Adulto,Anilar,1 unidade,"0,69 €","0,69 €/Unidade"
Bacalhau Graúdo Asa Branca,Bacalhau da Noruega,"1 un=2,5 kg (aprox.)","8,73 €/Kg","8,73 €/Kg"
Cerveja sem álcool,Super Bock,Pack 6 x 20 cl,"5,99 €","3,03 €/L"
Manteiga sem sal,Primor,Embalagem de 250g,"1,69 €","6,76 €/Kg"
Azeite virgem extra bio frutado,Gallo,Garrafa de 750 ml,"3,19 €","4,25 €/L"
Pão ralado alho e salsa,PorSi,Embalagem de 240 g,"0,59 €","2,46 €/Kg"
Bolachas de água e sal,PorSi,Embalagem de 125g,"0,37 €","2,96 €/Kg"
Salsicha fresca merguez,PorSi,Embalagem de 330 g,"2,69 €","7,47 €/Kg"
Sabonete líquido para as mãos de coco,Dove,embalagem de 250 ml,"0,95 €","1,90 €/L"
Mel de néctar multifloral bio,PorSi Bio,Frasco de 250g,"4,59 €","9,18 €/Kg"
Bolacha Maria Integral,PorSi,Embalagem de 600g,"0,98 €","3,27 €/Kg"
"Vinho branco regional alentejano, bib",Galitos,Garrafa de 3 l,"4,99 €","1,00 €/L"
Amaciador concentrado para roupa floral,PorSi,80 doses,"1,99 €","1,00 €/L"
Tira Nódoas Diárias,Iberia,Embalagem de 200 ml,"7,99 €","38,05 €/Kg"
"Rolos de cozinha compactos, branco, 2 unidades",PorSi,Uma embalagem,"3,49 €","3,49 €/Unidade"
Fralda Cueca Banho Splashers T5,Dodot,1 Embalagem c/10 unidades,"7,99 €","7,99 €/Unidade"
Gel de banho naturals amêndoa e leite,Palmolive,500 ml,"3,29 €","13,16 €/L"
Sumo 100% ananás e uva,PorSi,1.5 l,"1,19 €","0,79 €/L"
Ambientador sense e spray lavanda e jasmim,Glade,18 ml,"3,69 €","3,69 €/Unidade"
"Fita Papel, 25mmx50m",Vito,1 unidade,"3,49 €","116,33 €/Kg"
Tablete de chocolate com avelãs,PorSi,Embalagem de 100 g,"10,52 €/Kg","10,52 €/Kg"
Crepe de ovo,PorSi,Embalagem de 540 g,"2,49 €","7,55 €/Kg"
Cappuccino intenso,Nescafe,Embalagem de 130g,"3,19 €","25,52 €/Kg"
Ananás Açores,Programa Origens,1 un=1 kg aprox.,"3,98 €","1,99 €/Kg"
Maria integral sem glúten,Gullon,Embalagem de 400 g,"2,29 €","15,27 €/Kg"
"Rolos de cozinha compactos, branco, máxima absorção,...",Renova,1 unidade,"3,49 €","3,49 €/Unidade"
Carne p/ Estufar,Novilho,Vendido ao peso a partir de 800 g,"6,71 €","8,39 €/Kg"
Preparado de bolo de mármore,PorSi,528 g,"1,69 €","8,45 €/L"
"Patê de sardinha,atum e salmão",PorSi,Embalagem de 4 x 22 g,"0,99 €","11,25 €/Kg"
Penso Higiénico Ultrafinos Normal Abas,PorSi,16 unidades,"4,99 €","4,99 €/Unidade"
16 mini croquetes de carne,PorSi,Embalagem de 290 g,"1,79 €","7,16 €/Kg"
Gelado fizz limão,Olá,Embalagem de 6 x 60 ml,"5,99 €","16,64 €/L"
Whisky Malt c/ Tubo,Glen Crinan,Garrafa de 0.70 l,"23,49 €","23,49 €/L"
Leite com sabor a baunilha proteína,Yopro,Garrafa de 330 ml,"1,98 €","2,48 €/L"
Pizza hawai,PorSi,Embalagem de 350g,"2,15 €","6,14 €/Kg"
Recarga mopa,PorSi,1 unidade,"2,20 €","2,20 €/Unidade"
Baguete,*,400 g,"0,18 €","2,25 €/Kg"
Arroz basmati,PorSi,Embalagem de 1 kg,"0,99 €","0,99 €/Kg"
Café Qalidus XXL,Delta Q,Embalagem com 60 cápsulas,"59,82 €/Kg","59,82 €/Kg"
Bolacha Gengibre,ANNAS,Embalagem de 150G,"0,89 €","5,06 €/Kg"
Vermute rosso,Martini,Garrafa de 1 l,"11,99 €","11,99 €/L"
Arroz integral,PorSi Viva Bem,Embalagem de 1 kg,"0,99 €","0,99 €/Kg"
Pão de forma integral,Bimbo,Embalagem de 480 g,"0,99 €","1,65 €/Kg"
Sidra de maçã,Somersby,pack 6 x 0.2 l,"1,59 €","3,18 €/L"
Whisky gold heritage,Label 5,"Garrafa de 0,70 l","23,49 €","23,49 €/L"
Tampões Cotton Protection Regular,Tampax,16 unidades,"3,99 €","3,99 €/Unidade"
Camarão cozido 50/70,PorSi,Vendido ao peso a partir de 300 g,"2,00 €","7,99 €/Kg"
Sumo florida,Sunny d,"Embalagem de 0,31 l","0,99 €","3,19 €/L"
Kit de viagem,Colgate,pasta dentífrica + escova,"2,29 €","30,53 €/L"
Iogurte Líquido Yoggi s/ lactose Stracciatela,Nestle,4 x 160 g,"0,99 €","1,98 €/Kg"
Bacalhau Crescido da Noruega,PorSi,1 un=1.5kg (aprox.),"8,73 €/Kg","8,73 €/Kg"
6 empadas de galinha,PorSi,Embalagem de 330g,"1,79 €","7,16 €/Kg"
Comida húmida para gato seleção de peixes,Gourmet mp,Embalagem de 300g,"3,49 €","10,26 €/Kg"
Pizza fresca de fiambre e queijo,PorSi,400 g,"0,99 €","4,30 €/Kg"
Iogurte grego yaos natural,Nestle,Embalagem de 450g,"0,99 €","1,98 €/Kg"
Parque aquático,Bestway,Dim.: 239 x 206 cm,"2,99 €","2,99 €/Unidade"
Iogurte ananás 000%,PorSi Viva Bem,Embalagem de 4 x 125 g,"3,99 €","2,00 €/Kg"
Bandas de cera fria peles normais,Veet,Embalagem de 20 unidades,"6,99 €","6,99 €/Unidade"
Milho para pipocas,Legumes secos,1 un = 100 gr. (aprox.),"0,29 €","2,89 €/Kg"
"Pasta de arquivo, lombada estreita, verde",Domédia,1 unidade,"2,29 €","2,29 €/Unidade"
Alho Seco,Programa Origens,Vendido a partir de 100 gr,"0,22 €","0,89 €/Kg"
Caderno Agrafado Capa Preta |A5 Quadriculado,Domédia,1 unidade,"0,99 €","0,99 €/Unidade"
Chocolate negro 85% cacau,Nestle,Embalagem de 120g,"16,67 €/Kg","16,67 €/Kg"
Toalha em rolo papel verde,PorSi,1 Unidade,"2,79 €","2,79 €/Unidade"
Galão enriquecido em cálcio,Ucal,Embalagem de 3 x 200 ml,"0,25 €","1,25 €/L"
Ananás em rodelas,PorSi,Embalagem de 565 g,"1,99 €","2,37 €/Kg"
Sombrinhas de Natal,Regina,Embalagem de 35 g,"2,29 €","17,62 €/Kg"
Ração para gato indoor,Purina One,Embalagem de 800g,"12,99 €","4,33 €/Kg"
Azeite tradição,Oliveira da Serra,Embalagem 3L,"3,19 €","4,25 €/L"
Bolacha de caramelo,Snapy,Embalagem de 250g,"1,69 €","2,11 €/Kg"
Nestum aveia e maçã,Nestum,Embalagem de 250g,"1,99 €","7,96 €/Kg"
Limpa máquinas de loiça limão,PorSi,Embalagem de 250 ml,"2,99 €","2,99 €/Unidade"
Leite aromatizado com sabor a cerea,Mimosa,Embalagem de 200 ml,"1,98 €","2,48 €/L"
Vela em número nº4,PorSi,1 unidade,"0,49 €","0,49 €/Unidade"
Gogo SqueeZ Snack Pêssego,Gogo,Embalagem de 90g,"2,09 €","6,33 €/L"
12 Preservativos Adapta Non Stop,Control,,"4,49 €","4,49 €/Unidade"
Tomates Cereja Cocktail Biológicos,PorSi Bio,± 250 g,"0,38 €","1,89 €/Kg"
Spray power&shine vidros,Cif,Garrafa de 750 ml,"0,79 €","0,79 €/L"
Fruta Compal Essencial Laranja,Compal,pack de 3 x 110 ml,"2,09 €","6,33 €/L"
Gomas de bananas,Fini,Embalagem 100G,"0,89 €","8,90 €/Kg"
Orégãos em folhas,PorSi,Saqueta com 10 g,"0,24 €","0,24 €/Kg"
Vinho verde branco,Da Barca,Garrafa de 1 litro (33% grátis),"2,99 €","2,99 €/L"
Peito de peru,Salsicharia Limiana,"Vendido ao peso, fatiado","1,99 €","9,95 €/Kg"
Esfregão Salva Unhas Fibra verde Plus,Vileda,Embalagem com 1+1 grátis,"2,49 €","2,49 €/Unidade"
Beira interior colheita 2014,Beyra,Garrafa de 0.75 l,"2,92 €/L","2,92 €/L"
Prepar arroz marisco sem gluten cv 0.8kg,Brasmar,Embalagem de 800g,"2,19 €","8,59 €/Kg"
Discos Sanitários Activos Recarga Eucalipto,WC Pato,Embalagem de 2x36 ml,"2,99 €","74,75 €/Kg"
Bolachas crackers integral,Du bois,Embalagem de 500g,"0,37 €","2,96 €/Kg"
Néctar biológico de maçã,Paquito,"Embalagem de 1,5 l","1,29 €","1,29 €/L"
Whisky,Grants,Garrafa de 1 l,"23,49 €","23,49 €/L"
Dentifrico Sensitive Multiproteção,Colgate,Embalagem 75 ml,"2,29 €","30,53 €/L"
Café lote bocage moagem única,Nicola,Embalagem de 250g,"9,16 €/Kg","9,16 €/Kg"
Reizinhos 100gr,Pastelaria do Dia,,"8,99 €","11,24 €/Kg"
Caldo de galinha,PorSi,24 cubos,"3,79 €","23,69 €/Kg"
"Agrafos nº24/6, 2000 unidades",Maped,Uma embalagem,"1,29 €","1,29 €/Unidade"
Torta cacau com sabor a natas,PorSi,Embalagem de 300g,"1,79 €","4,48 €/Kg"
Queijo amanteigado fatias,Paiva,Embalagem de 180 g,"1,56 €","7,80 €/Kg"
Balde Limpeza Super Fácil Cinza + Espremedor,Vileda,1 unidade,"10,99 €","10,99 €/Unidade"
Lula,Peixe Congelado,1 un= 250 gr (aprox.),"1,26 €","3,59 €/Kg"
Super Cola 3 Mini Trio Power Flex,Loctite,Embalagem de 3x1 g,"3,49 €","116,33 €/Kg"
Gelado cornetto mini clássico,Olá,Embalagem de 8 x 60 ml,"5,99 €","16,64 €/L"
Café descafeinado,PorSi,Embalagem de 250g,"1,59 €","6,36 €/Kg"
Iogurte líquido morango/cereais,PorSi,Embalagem de 4 x 160 g,"1,19 €","1,86 €/Kg"
Cebola picada,PorSi,Embalagem de 400 g,"1,69 €","1,69 €/Kg"
Na-far pão caseiro 6kg,Nacional,Embalagem de 1 kg,"1,69 €","1,69 €/Kg"
Pepsi max,Pepsi,Garrafa de 1.75 l,"0,79 €","0,40 €/L"
Detergente liquido loiça clássico,PorSi,Garrafa de 1 litro,"1,19 €","2,38 €/L"
Conjunto de 3 pinceis nº 4/8/12,Domédia,Uma embalagem,"4,69 €","4,69 €/Unidade"
Queque,PorSi,1 unidade = 55 g,"0,69 €","0,69 €/Unidade"
"Gel cabelo, hard cement",Fru style,Embalagem de 200 ml,"3,99 €","15,96 €/L"
Caderno Agrafado Capa Preta |A4 Pautado,Domédia,1 unidade,"2,29 €","2,29 €/Unidade"
Salsichas frescas de porco,PorSi,Embalagem de 400 g,"0,50 €","4,99 €/Kg"
Mon cheri t5 53g,Mon cheri,Embalagem de 50g,"2,39 €","47,80 €/Kg"
Pistachos,*,Vendido ao peso,"0,95 €","3,79 €/Kg"
Aguardente velhíssima,São Domingos,Garrafa de 0.70 l,"12,79 €","18,27 €/L"
Ambientador stick flor de cerejeira,Air Wick,1 unidade,"3,69 €","3,69 €/Unidade"
Rabos,Porco,1 un = 250 gr  (aprox.),"0,60 €","5,99 €/Kg"
Escova de dentes premier white,Colgate,1 unidade,"3,49 €","3,49 €/Unidade"
Arroz vaporizado,PorSi,Embalagem de 1 kg,"0,99 €","0,99 €/Kg"
20 saquetas chá de pêssego manga,Lipton,Embalagem de 40g,"44,50 €/Kg","44,50 €/Kg"
Máquina Depilatória Descartável Miss Soleil Sensitiv...,Bic,1 + 2 Unidades Grátis,"5,49 €","5,49 €/Unidade"
Café solúvel em saquetas,Nescafe,Embalagem de 45 g,"1,45 €","14,50 €/Kg"
Leite de coco,PorSi,Embalagem de 400 ml,"3,79 €","23,69 €/Kg"
"Cera acrílica, madeira",PorSi,Embalagem de 750 ml,"3,99 €","7,98 €/L"
"Vinho Douro, Private Collection, Tinto",Selecção de Enófilos,Garrafa de 0.75 l,"7,99 €","10,65 €/L"
Ananás pedaços em calda,PorSi,Embalagem de 565g,"1,99 €","2,37 €/Kg"
Bolacha maria oro +33% grátis,Cuetara,Embalagem de 800g,"1,69 €","2,11 €/Kg"
Massa em espirais,PorSi,Embalagem de 500g,"0,89 €","1,78 €/Kg"
Presunto fatias,Damatta,Embalagem de 120 g,"2,69 €","13,45 €/Kg"
Snack para gato seaside,Felix,Embalagem de 60g,"0,99 €","16,50 €/Kg"
Pudim caramelo,PorSi,Embalagem de 90g,"0,59 €","29,50 €/Kg"
Bacalhau em porções,*,1 porção = 150 g,"8,73 €/Kg","8,73 €/Kg"
Sardinhas em óleo picante,Ramirez,Embalagem de 130g,"9,08 €/Kg","9,08 €/Kg"
Conjunto Sensuelle,Coquette,EAU DE TOILETTE 100 ML + R-ON 10 ML,"14,99 €","14,99 €/Unidade"
Cerveja branca,Super Bock,pack 30 x 0.20 l,"1,99 €/L","1,99 €/L"
Salada Ibérica Programa Origens,PorSi,Embalagem de 150 g,"0,89 €","0,89 €/Kg"
Gomas ladrilhos,Fini,Embalagem de 100 g,"0,89 €","8,90 €/Kg"
Jogo de Viagem,Monopoly,,"3,49 €","3,49 €/Unidade"
Leite uht meio gordo,Mimosa,Embalagem de 1 litro,"0,81 €","0,81 €/L"
Balões latex mistos,PorSi,Embalagem com 24 unidades,"1,39 €","1,39 €/Unidade"
Compota frutos vermelhos 60% fruta,Cemporcent,Embalagem de 280g,"5,99 €","19,97 €/Kg"
Pilhas Alcalinas AAA Optimum,Duracell,Blister 4 Pilhas,"1,59 €","1,59 €/Unidade"
18 nuggets de frango,Capitão Iglo,Embalagem de 380g,"9,30 €/Kg","9,30 €/Kg"
Tiras de bacon fumado,PorSi,Embalagem de 300g,"1,29 €","16,13 €/Kg"
Eau De Toilette Homen Nº 56,Caravan,pack: 150ML+Deo 150ML,"3,99 €","9,98 €/L"
Massa de macarrão riscado,Nacional,Embalagem de 500g,"0,89 €","1,78 €/Kg"
Super Napolitana de Chocolate,Pastelaria do Dia,1 un = 120 g (aprox.),"0,69 €","0,69 €/Unidade"
Vinho doc alentejo tinto,Albarrada,Garrafa de 750 ml,"2,89 €","3,85 €/L"
Vinhos tinto doc dão,Porta cav,Garrafa de 750 ml,"3,99 €","5,32 €/L"
Iogurte Activia Fibras Aveia & Frutos Secos,Danone,Embalagem 4x115g,"2,79 €","6,07 €/Kg"
"Recarga para ambientador elétrico, white bouquet duo",Air Wick,Embalagem de 2 unidades,"11,98 €","11,98 €/Unidade"
Liégeois Sobremesa de Café,Páturages,Embalagem de 4x100 g,"0,49 €","2,45 €/Kg"
Espadilha congelada,Peixe Congelado,Pescado no mar,"3,69 €","9,23 €/Kg"
Croutons com azeite,PorSi,Embalagem de 150g,"2,29 €","6,54 €/Kg"
Açafrão das Índias,PorSi,Embalagem de 50g,"0,24 €","0,24 €/Kg"
Cereais fitness,Nestle,Embalagem de 630g,"3,29 €","25,50 €/Kg"
Saco Lixo Ecobag Reforçado 30L (Fecho Fácil),Vileda,Uma embalagem - 15 Sacos,"1,79 €","1,79 €/Unidade"
Areia para gato aglomerante,PorSi,Embalagem de 5 litros,"1,19 €","0,24 €/Kg"
Cenoura baby,PorSi,Embalagem de 400 g,"1,69 €","1,69 €/Kg"
Castanha,Fruta da Época,Categoria II,"0,95 €","3,79 €/Kg"
Brandy,Croft,Garrafa de 700 ml,"11,99 €","17,13 €/L"
Orégãos vaso aromáticas vivas,Aroma viva,Embalagem de 1 unidades,"0,79 €","15,80 €/Kg"
Snack para gato de galinha e pato,Catisfactions,Embalagem de 60g,"0,99 €","16,50 €/Kg"
Perfect Pen,Loctite,Embalagem com 3 g,"3,49 €","116,33 €/Kg"
Iogurte grego maçã e canela,Danone,Embalagem de 4 x 110 g,"1,49 €","2,98 €/Kg"
Aba s/ Osso,Novilho,1 un = 500 gr (aprox.),"6,71 €","8,39 €/Kg"
Batata Pré-Frita Croquettes,PorSi,Embalagem de 1 kg,"1,39 €","1,39 €/Kg"
Bife de Frango,Frango,Vendido ao peso a partir de 1 kg,"1,05 €","2,99 €/Kg"
Ervilhas bio,PorSi Bio,Frasco com 290 g,"1,79 €","2,29 €/Kg"
Queijo Amarelo da Beira Baixa DOP,Casa Almeida,Vendido ao peso a partir de 250 gr,"2,85 €","15,83 €/Kg"
Pimento verde biológico,PorSi Bio,Embalagem com 500 g (aprox.),"2,80 €","5,59 €/Kg"
Lambrusco bianco,*,Garrafa de 750 ml,"2,19 €","2,92 €/L"
Vegan cheese,Cemporcent,Embalagem de 200g,"22,48 €/Kg","22,48 €/Kg"
Vinho regional península de setúbal branco,J.m.f.,Garrafa de 750 ml,"7,99 €","10,65 €/L"
Acetona,PorSi,Embalagem de 250 ml,"5,49 €","5,49 €/Unidade"
Gel Lubrificante Play Calor,Durex,Embalagem de 50 ml,"4,49 €","4,49 €/Unidade"
Activia topper muesli & arando,Danone,Embalagem de 170g,"2,79 €","6,07 €/Kg"
"Água com gás, sabor limão",PorSi,"Embalagem de 6x0,25 l","1,99 €/L","1,99 €/L"
Queijo Curado Amanteigado,Fonte Mourisca,1 un = 250 gr  (aprox.),"2,25 €","8,99 €/Kg"
Tentáculos pota,PorSi,Embalagem de 800G,"4,99 €","6,24 €/Kg"
Esfregão Esponja Style,Vileda,10 unidade,"2,49 €","2,49 €/Unidade"
"Pensos diários, maxi, 40 unidades",Evax,Uma embalagem,"1,89 €","1,89 €/Unidade"
Água mineral sem gás,Vitalis,Pack 6 x 1.5 l,"0,89 €","0,18 €/L"
Mistolin tira-nódoas,Mistolin,Garrafa de 500 ml,"1,79 €","2,39 €/L"
Sal de mesa,PorSi,Embalagem de 250 g,"0,24 €","0,24 €/Kg"
Cera de depilação profissional,Veet,Garrafa de 300 ml,"6,99 €","6,99 €/Unidade"
Mostarda em frasco,Savora,Embalagem de 190g,"0,69 €","2,30 €/Kg"
Vinagre vinho branco 250ml,Cristal,Garrafa de 250 ml,"0,35 €","0,70 €/L"
Nectarina,Programa Origens,1 un = 150 gr (aprox.),"0,24 €","1,59 €/Kg"
Bolacha tosta rica choco guay,Cuetara,Embalagem de 170g,"1,89 €","15,75 €/Kg"
Recarga Desumidificador Inodoro,HUMYDRY,embalagem de 450g,"5,99 €","26,62 €/Kg"
"Bebida láctea crescimento 1-3 anos, cereais",Nestle,Embalagem de 1 litro,"0,25 €","1,25 €/L"
Detergente liquido para máquina de lavar roupa activ...,Skip,Embalagem de 80 doses,"9,79 €","2,07 €/Kg"
"Pensos, 20 unidades",Hansaplast,1 embalagem,"3,99 €","3,99 €/Unidade"
Saqueta de puré de fruta | maçã + banana + morango,PorSi,90 g,"0,69 €","7,67 €/Kg"
Queijo Castelo Branco DOP,Casa Almeida,Vendido ao peso a partir de 250 gr,"2,85 €","15,83 €/Kg"
Desinfetante Têxtil,Sanytol,Embalagem de 500 ml,"7,99 €","38,05 €/Kg"
Vinho Tinto DOC Douro Esteva,Esteva,"Garrafa de 1,5L","7,49 €","9,99 €/L"
Pensos de incontinência Mini,Ausonia,Uma embalagem - 20Unidades,"1,99 €","1,99 €/Unidade"
Vinho tinto alentejo,Loios,Garrafa de 750 ml,"2,89 €","3,85 €/L"
Banha,PorSi,Embalagem de 940 g,"2,89 €","2,89 €/Kg"
Estendal de roupa com abas resina,PorSi,20 metros,"0,79 €","0,79 €/Unidade"
Azeite virgem delicado,Gallo,Garrafa de 750 ml,"3,19 €","4,25 €/L"
Cápsulas de café delta qualidus,Delta Q,Embalagem de 60g,"59,82 €/Kg","59,82 €/Kg"
Gel intimo calendula,Fres&Clean,Garrafa de 250 ml,"2,69 €","10,76 €/L"
Café solúvel creme,Delta,Embalagem de 80 g,"1,45 €","14,50 €/Kg"
Fios D'Ovos,PorSi Select,Embalagem de 2 x 50 g,"0,49 €","2,45 €/Kg"
Vela em número nª2,PorSi,1 unidade,"0,49 €","0,49 €/Unidade"
Iogurte Líquido Yoggi s/ lactose frutos silvestres,Nestle,4x160g,"1,19 €","1,86 €/Kg"
Manhãzitos® mini,Manhazitos,Embalagem de 84g,"1,79 €","4,48 €/Kg"
Aroma de morango,Rayners,Garrafa de 28 ml,"1,49 €","13,55 €/Kg"
Sobremesa gelatina de morango,PorSi,Embalagem 4X100G,"0,89 €","2,23 €/Kg"
Espremedor para balde de plástico,Fapil,1 unidade,"10,99 €","10,99 €/Unidade"
Óleo p/ Moto Performa M2T,Galp,Embalagem de 1 l,"12,99 €","12,99 €/L"
"Limpa vidros, azul",Arbo,Embalagem de 1 l,"3,19 €","6,38 €/L"
"Esferográfica cristal, 5 Uni",Bic,1 unidade,"2,99 €","2,99 €/Unidade"
Beira interior colheita 2013,Beyra,Garrafa de 0.75 l,"2,92 €/L","2,92 €/L"
Toalhitas Bebé Nature,PorSi,64 unidades,"1,09 €/Unidade","1,09 €/Unidade"
Actimel natural,Danone,Embalagem de 600g,"4,15 €/Kg","4,15 €/Kg"
Whisky 8 anos,Grant's,Garrafa de 0.70 l,"29,99 €","42,84 €/L"
Mochila de Praia c/ Acessórios Cars,Smoby,1 un.,"2,99 €","2,99 €/Unidade"
Bola de Berlim c/ Creme,PorSi,100g,"0,69 €","0,69 €/Unidade"
Maçã Royal Gala 70/75,Programa Origens,1 un = 150 gr (aprox.),"0,21 €","1,39 €/Kg"
Elixir oil,Gliss,Embalagem de 75 ml,"1,00 €","5,00 €/L"
Café torrado em grão,PorSi,250 g,"9,16 €/Kg","9,16 €/Kg"
Bolacha chocodiet nature,Gullon,Embalagem de 270g,"0,75 €","5,00 €/Kg"
Geleia de marmelo,Casa de Mateus,345 g,"2,99 €","8,67 €/Kg"
Preparado p/ mariscada s/ glúten,Pescanova,Embalagem de 500 g,"2,19 €","8,59 €/Kg"
Iogurte ananás 000%,PorSi Viva Bem,Embalagem de 4 x 125 g,"0,99 €","1,32 €/Kg"
Espetadas Mistas,Porco,1 un = 150 gr (aprox.),"3,99 €","3,99 €/Kg"
Alheira de mirandela,PorSi Select,Embalagem de 200 g,"1,49 €","7,45 €/Kg"
Pensos incontinência homem,PorSi,10 unidades,"1,99 €","1,99 €/Unidade"
"Abacaxi ""Avião"" categoria II",*,Vendido ao peso (1un = 1.5 kg aprox.),"3,98 €","1,99 €/Kg"
Fruta para bebé maçã banana morango +8 meses,Nestle,Embalagem de 90g,"0,69 €","7,67 €/Kg"
Spray inibidor odor lavanda,Vipoo,Garrafa de 60 ml,"6,99 €","116,50 €/L"
Cebola,Programa Origens,1 un = 250 gr  (aprox.),"0,22 €","0,89 €/Kg"
Redex magic spray,Redex,Embalagem de 300 ml,"3,79 €","0,76 €/L"
"Croissants com recheio de cacau, 5 unidades",Dulcesol,Embalagem de 230g,"1,79 €","4,48 €/Kg"
Pão ralado clássico,PorSi,Embalagem de 240 g,"0,59 €","2,46 €/Kg"
Hamburguers de bovino,PorSi,Embalagem de 1 kg,"5,49 €","7,32 €/Kg"
Manteiga com sal cuvete,LORETO,Embalagem de 250g,"1,69 €","6,76 €/Kg"
Leite desmaquilhante para peles secas,Labell,Embalagem de 250 ml,"1,19 €","4,76 €/L"
Pudim de chocolate,Boca Doce,Embalagem de 20g,"0,59 €","29,50 €/Kg"
Conjunto lata,Nivea,3 peças,"12,99 €","12,99 €/Unidade"
Requeijão light,Saloio,Embalagem de 170g,"0,99 €","4,95 €/Kg"
Corn flakes,PorSi,Embalagem de 1 kg,"3,89 €","7,78 €/Kg"
Ambientador aerosol pure flor de cerejeira,Air Wick,Garrafa de 250 ml,"0,99 €","3,30 €/L"
Espinafres folhas natur+ 400g,Bonduelle,Embalagem de 400G,"1,69 €","1,69 €/Kg"
Papa infantil láctea 5 frutos +6 meses,Cerelac,Embalagem de 250g,"4,49 €","4,49 €/Kg"
Salsa folhas,PorSi,Embalagem de 10g,"0,24 €","0,24 €/Kg"
Maionese,PorSi,Embalagem de 260 g,"0,69 €","2,30 €/Kg"
Maçã Fuji 60/70,Fruta do Dia,1 un = 130 gr (aprox.),"0,21 €","1,39 €/Kg"
Aroma de café,Rayners,Garrafa de 28 ml,"1,49 €","13,55 €/Kg"
Espumante Bical/Arinto Bruto,Marquês da Marialva,Garrafa de 0.75 l,"7,99 €","10,65 €/L"
Ambientador aerossol 5 em 1 lavanda,PorSi,300 ml,"0,99 €","3,30 €/L"
"Pasta dentífrica, tripla ação",Labell,Embalagem de 75 ml,"2,29 €","30,53 €/L"
Dentifríco 2 em 1 original,Theramed,Embalagem de 75 ml,"2,89 €","38,53 €/L"
Alimento seco p/ cão croquetes vaca,Pedigree,Embalagem de 3 kg,"22,99 €","1,15 €/Kg"
Adoçante em pó,Canderel,Embalagem de 90g,"4,99 €","19,96 €/Kg"
Vinho verde branco,MIRANDA,"Garrafa de 0,75 l","2,99 €","2,99 €/L"
Leite condensado magro,PorSi,Embalagem de 390 g,"1,05 €","2,64 €/Kg"
Dawnut Glacé,Pastelaria do Dia,50g,"0,69 €","0,69 €/Unidade"
Cubos de tamboril,Mar Ibérica,Embalagem de 250 g,"3,69 €","9,23 €/Kg"
Inseticida vaporizador,Biokill,Embalagem de 375 ml,"2,49 €","24,90 €/Kg"
Creme de legumes 800ml,Sopas Portuguesas,Embalagem de 800ML,"1,99 €","2,49 €/Kg"
Semente pevide abóbora,Salutem,Embalagem de 200g,"2,29 €","11,45 €/Kg"
Papel higiénico compacto,PorSi,24 rolos,"1,99 €","1,99 €/Unidade"
Sobremesa banana/laranja/bolacha,Nestle,Embalagem de 4 x 100 g,"2,89 €","7,23 €/Kg"
Cereais bio chocapic,Nestle,Embalagem de 330g,"2,79 €","5,58 €/Kg"
Limpa vidros recarga tripla ação,Ajax,Embalagem de 500 ml,"3,19 €","6,38 €/L"
Gin dry beefeater,Beefeater,Garrafa de 700 ml,"26,99 €","38,56 €/L"
Sumo essencial de pêssego,Compal,pack 3 x 0.11 l,"0,99 €","0,99 €/L"
Gelatina abacaxi,Branca de Neve,Embalagem de 90g,"0,59 €","65,56 €/Kg"
Tablete de chocolate leite/amêndoa,Nestle,Embalagem de 120g,"10,52 €/Kg","10,52 €/Kg"
Guardanapos 2 folhas azul e dourado,PorSi Select,40 unidades,"1,29 €","1,29 €/Unidade"
Mortadela de peru com azeitonas,PorSi,1 un = 150 gr (aprox.),"1,05 €","6,99 €/Kg"
Salsichas de porco,Nobre,Lata de 200g,"0,75 €","3,75 €/Kg"
Spray tira gorduras eco,PorSi,Garrafa de 750 ml,"0,79 €","0,79 €/L"
EDT Mulher Nº43 (150ML+EDT 30ML),Caravan,1 unidade,"14,99 €","14,99 €/Unidade"
Leite condensado cozido,Nestle,Embalagem de 400g,"1,05 €","2,64 €/Kg"
Linguas de gato,PorSi,Embalagem de 200 g,"0,69 €","3,45 €/Kg"
Fraldas premium T4 - 9 a 15 kg,PorSi,50 unidades,"6,49 €","6,49 €/Unidade"
Queijo Curado,Ilha Azul,Vendido ao peso a partir de 250 gr,"2,25 €","8,99 €/Kg"
Molas plásticas amarelas,PorSi,50 unidades,"0,79 €","0,79 €/Unidade"
Tablete de chocolate leite com amêndoas,PorSi Select,200 g,"10,52 €/Kg","10,52 €/Kg"
Refrigerante c/ gás laranja,Fanta,"Garrafa de 1,5 l","0,79 €","0,40 €/L"
Banana biológica cintada Categoria: II,*,Vendido ao peso,"0,60 €","2,99 €/Kg"
Batido de morango,Forma+,Embalagem de 700g,"3,29 €","32,90 €/Kg"
Puré de maçã sem adição açúcar,PorSi,700 g,"0,69 €","7,67 €/Kg"
Cornflakes + gulosos,Cemporcent,Embalagem de 250g,"0,69 €","1,73 €/Kg"
Gomas chicle de macedónia,Fini,Embalagem de 100 g,"0,89 €","8,90 €/Kg"
Ambientador Elétrico Lavanda e Aloe,Glade,1 unidade,"3,69 €","3,69 €/Unidade"
Óleo Cedro Líquido,PorSi,Embalagem de 200 ml,"3,99 €","13,30 €/L"
Toranja,Fruta do Dia,1 un = 300 gr  (aprox.),"0,47 €","1,89 €/Kg"
Super mix cacau pepitas,Origensbio,Embalagem de 100g,"3,29 €","32,90 €/Kg"
Iogurte natural açucarado em frasco de vidro,PorSi,Embalagem de 2 x 125 g,"0,99 €","1,98 €/Kg"
Borrego de Leite,PorSi,1/2 un = 7 kg | 1 un = 14 kg (aprox.),"15,74 €","10,49 €/Kg"
"Vinho doc loureiro, verde",Selecção de Enófilos,Garrafa de 0.75 l,"2,99 €","2,99 €/L"
Bebida coco,Alpro,Embalagem de 1L,"2,39 €","2,39 €/L"
Lixívia tradicional,PorSi,Embalagem de 2 l,"1,79 €","0,36 €/L"
Tempero em pó galinha,Knorr,Embalagem de 135g,"3,79 €","23,69 €/Kg"
Legumes verdes para sopa,PorSi,Embalagem de 1 kg,"1,69 €","1,69 €/Kg"
Detergente Máquina Roupa Liquido Bebé,PorSi,50 doses,"9,99 €","9,99 €/Unidade"
Tomates Alongados,PorSi Bio,Emb.: ± 400 g,"0,38 €","1,89 €/Kg"
Café solúvel clássico,Nescafe,Embalagem de 200g,"1,45 €","14,50 €/Kg"
Bolachas maria,PorSi,Embalagem de 200g,"1,69 €","2,11 €/Kg"
Creme de amendoim cremoso 340g,Skippy,Embalagem de 340g,"4,19 €","12,32 €/Kg"
Porta presunto bambu/metal,Quittin,Dim.: 48.5x16.5x2.3 cm,"3,99 €","3,99 €/Unidade"
Creme de Limpeza Facial com Chá Kombucha,Diadermine,40 g,"0,69 €","0,69 €/Unidade"
Serum age perfect,L'oreal,Embalagem de 30 ml,"1,99 €","39,80 €/L"
Sacos do lixo jardim 130 litros,PorSi,10 sacos,"1,79 €","1,79 €/Unidade"
Manteiga de amendoim cremosa,Prozis,Embalagem de 500g,"4,19 €","12,32 €/Kg"
Batata frita rodelas,PorSi,Embalagem de 2x70g,"0,99 €","5,35 €/Kg"
Pastilha Elástica Bottle Frutos Vermelhos,Trident,Embalagem de 82 g,"0,99 €","58,24 €/Kg"
Comida húmida para gato júnior,PorSi,Embalagem de 4 x 100 g,"3,49 €","10,26 €/Kg"
Amaciador Concentrado Creations Flor Lótus Lima,Comfort,80 doses,"1,99 €","1,00 €/L"
Pensos de incontinência Extra,Ausonia,Uma embalagem - 20Unidades,"1,99 €","1,99 €/Unidade"
Tampões Compak Pearl Super Com Aplicador,Tampax,16 unidades,"3,99 €","3,99 €/Unidade"
Bolachas crackers com sal,PorSi,Embalagem de 500g,"0,37 €","2,96 €/Kg"
Chouriço Extra do Ribatejo,PorSi,200 g,"1,29 €","7,17 €/Kg"
Tomate seco,PONTI,Embalagem de 280g,"3,79 €","23,69 €/Kg"
Carcaça Forno de Pedra,Pão do Dia,1 un = 60 gr (aprox.),"0,18 €","2,25 €/Kg"
Manteiga c/ sal,Mimosa,Embalagem de 250g,"1,69 €","6,76 €/Kg"
Lenços de bolso kids,Renova,Embalagem sortida com 8 unidades + 2 grátis,"0,89 €","0,89 €/Unidade"
Manteiga de cabra,Gr.fermage,Embalagem de 125g,"1,69 €","6,76 €/Kg"
Alimento húmido para cão vaca,Pedigree,Embalagem de 300g,"0,69 €","2,30 €/Kg"
Chiclets morango 16.8g,CHICLETS,Embalagem de 20g,"0,99 €","58,24 €/Kg"
Anti-traça Alimentos,Raid,2 + 1 unidades,"3,99 €","117,35 €/Kg"
Bolacha cookie sensations choco,Milka,Embalagem de 160g,"0,89 €","5,93 €/Kg"
Legumes para sopa,PorSi,Embalagem de 1 kg,"1,69 €","1,69 €/Kg"
Frango com Cogumelos e Bacon,Centralres,Vendido ao peso,"2,99 €","11,96 €/Kg"
Água c/ gás: limão/pepino/gengibre,Frize,pack 4 x 0.25 l,"1,99 €/L","1,99 €/L"
Bebida de soja de amêndoa,Alpro,Embalagem de 1 litro,"2,39 €","2,39 €/L"
20 saquetas chá de baunilha c/ caramelo,Lipton,Embalagem de 40g,"58,44 €/Kg","58,44 €/Kg"
Farinha p/ bolos fina,Nacional,Embalagem de 1Kg,"1,69 €","1,69 €/Kg"
Fiambre da Perna Extra,Nobre,1 un = 150 gr (aprox.),"0,90 €","5,99 €/Kg"
"Coloração permanente, óleo intenso louro luminoso 9/...",Syoss,1 unidade,"6,99 €","6,99 €/Unidade"
Vinho maduro tinto doc alentejo reserva,Albarrada,Garrafa de 75 cl,"2,89 €","3,85 €/L"
Iogurte Pedaços Kiwi 0% Matéria Gorda/Açúcares,Danone,4 x 120 g,"3,99 €","2,00 €/Kg"
Bolachas mini,Oreo,Embalagem de 160g,"0,89 €","5,06 €/Kg"
Gengibre,Legumes do Dia,1 un = 100 gr (aprox.),"0,62 €","2,49 €/Kg"
Manteiga com sal e sem lactose,Mimosa,Embalagem de 250g,"1,69 €","6,76 €/Kg"
Saqueta puré de fruta e aveia,PorSi,Embalagem de 90g,"0,69 €","7,67 €/Kg"
Sobremesa paturette baunilha,Páturages,Embalagem de 4 x 115 g,"1,19 €","2,59 €/Kg"
Chá verde matcha e ginger,Lipton,Embalagem com 20 saquetas,"58,44 €/Kg","58,44 €/Kg"
Sobremesa gelificada de laranja,PorSi,Embalagem de 4x100g,"0,89 €","2,23 €/Kg"
Bolachas multicereais,PorSi,Embalagem de 400 g,"0,89 €","5,93 €/Kg"
Água s/ gás,Luso,"Garrafa de 5,4 l","0,89 €","0,18 €/L"
Brandy,Croft,Garrafa de 1 l,"11,99 €","17,13 €/L"
"Verniz de unhas, Taupe",Labell,Uma unidade,"1,19 €","4,76 €/L"
Sopa de legumes,PorSi,800 g,"1,99 €","2,49 €/Kg"
Vinho Tinto DOC Dão Reserva,Catedral,Garrafa 75cl,"3,99 €","5,32 €/L"
Balde com pedal metalizado 26l,PorSi,Embalagem de 1 unidades,"10,99 €","10,99 €/Unidade"
Sementes de linhaça,Cemporcent,Embalagem de 250G,"1,69 €","3,38 €/Kg"
Creme anti-rugas reafirmante,Diadermine,Embalagem de 50 ml,"1,99 €","39,80 €/L"
Queijo ralado mix 3 queijos,PorSi,Embalagem de 200 g,"1,49 €","7,45 €/Kg"
Condicionador Corporal Refirrmante,Nivea,Embalagem de 250 ml,"2,99 €","7,48 €/L"
Detergente Máquina Roupa Liquido Bebé,Skip,25 doses,"9,99 €","9,99 €/Unidade"
Mostarda a'lancienne,PorSi Select,190 g,"0,69 €","2,30 €/Kg"
Bolachas integrais,PorSi,Embalagem de 200g,"0,98 €","3,27 €/Kg"
"Refresco em pó, ananás",Tang,Embalagem de 30g,"0,69 €","17,25 €/Kg"
Liégeois Sobremesa de chocolate,Páturages,Embalagem de 4x100 g,"1,19 €","2,59 €/Kg"
Tremoço médio,PorSi,Embalagem de 350 g,"1,79 €","2,29 €/Kg"
Creme calçado preto bisnaga,Búfalo,50 ml,"0,99 €","19,80 €/L"
Café torrado e moído 16 pastilhas,Sical,Embalagem de 104g,"59,82 €/Kg","59,82 €/Kg"
Limpa Estofos de Pele,PorSi,Embalagem de 1 l,"3,79 €","0,76 €/L"
Jesuita,*,1 unidade = 75 g,"0,69 €","0,69 €/Unidade"
Desinfetante p/ Cozinha,Sanytol,Embalagem de 750 ml,"3,99 €","5,32 €/L"
4 hamburguers frango s/ glúten,Capitão Iglo,Embalagem de 240g,"2,99 €","6,64 €/Kg"
Salada de Marisco,*,Embalagem de 700 g,"1,69 €","6,76 €/Kg"
Néctar clássico tutti-frutti,Compal,Embalagem de 1 l,"0,99 €","0,99 €/L"
Batata Nova a Granel,Vitacress,1 un = 250 gr  (aprox.),"0,22 €","0,89 €/Kg"
Gel de Banho Shea Butter & Vanilla,Dove,Embalagem de 750 ml,"5,99 €","7,99 €/L"
Cocktail mix,PorSi,720 g,"1,79 €","7,16 €/Kg"
Whisky,Cutty Sark,Garrafa de 700 ml,"23,49 €","23,49 €/L"
Creme de Corpo Ultra Protetor,Corine de Farme,Embalagem de 500 ml,"0,59 €","5,90 €/L"
Formas de alumínio 600 ml,PorSi,5 unidades,"1,19 €","1,19 €/Unidade"
Água s/ gás,Luso,Pack 6 x 1.5 l,"0,89 €","0,18 €/L"
Bolacha maria junior doces,Vieira,Embalagem de 280g,"1,89 €","15,75 €/Kg"
Máquina Depilatória Descartável Venus 3 Plus Pink,Gillette,6 unidades,"12,39 €","12,39 €/Unidade"
Bacalhau postas,Riberalves,Embalagem de 1 kg,"5,99 €","7,49 €/Kg"
"Iogurte actimel, morango",Danone,Embalagem de 12 x 100 g,"2,79 €","6,07 €/Kg"
Anticongelante vermelho 20%,PorSi,Embalagem de 1 l,"3,79 €","0,76 €/L"
Noz com casca 28/30,Frutos secos,1 un = 200 gr (aprox.),"0,95 €","3,79 €/Kg"
Puré batata doce,PorSi,Embalagem de 750g,"1,79 €","4,97 €/Kg"
Spray de limpeza multiusos free & clear,Seventh Generation,Embalagem de 500 ml,"1,19 €","0,79 €/L"
Queijo fresco magro,Santiago,Embalagem de 70g,"2,29 €","19,08 €/Kg"
Creme p/ Calçado Castanho,Búfalo,Embalagem de 40 ml,"0,99 €","19,80 €/L"
Yofu com pedaços de mirtilo,Alpro,Embalagem de 4x125 g,"2,99 €","5,98 €/Kg"
Cafe pastilhas 20x7g,PorSi,Embalagem de 140g,"59,82 €/Kg","59,82 €/Kg"
Alimento seco p/ cão alta energia c/ frango,HappyOne,Embalagem de 4 kg,"22,99 €","1,15 €/Kg"
Fruta para bebé multifrutas +4 meses,Nestle,Embalagem de 90g,"0,69 €","7,67 €/Kg"
Sabonete Líquido Sensitive,Dettol,Embalagem de 250 ml,"0,95 €","1,90 €/L"
Vinho Tinto Regional Península de Setúbal,Selecção de Enófilos,750 ml,"7,99 €","10,65 €/L"
Azeitona verde inteira com alho,PorSi,Vendido ao peso a partir de 500 g,"1,29 €","6,14 €/Kg"
Tablete de chocolate de leite,Nestle,Embalagem de 90g,"0,53 €","5,30 €/Kg"
Sal marinho grosso,Vatel,Embalagem de 1 kg,"0,24 €","0,24 €/Kg"
Café gold alta rica frasco,Nescafe,Embalagem de 100 g,"1,45 €","14,50 €/Kg"
Pensos peles sensíveis sortidos,PorSi,30 unidades,"3,99 €","3,99 €/Unidade"
Bolachas cacau com recheio baunilha,PorSi,Embalagem de 176 g,"0,89 €","5,06 €/Kg"
Bolachas waffers chocolate,PorSi,Embalagem de 210g,"0,89 €","4,24 €/Kg"
6 Salsichas Frescas Chipolatas com Ervas,PorSi,330 g,"0,50 €","4,99 €/Kg"
Leite c/ Chocolate Bem Especial 0% lactose,Mimosa,pack 4 x 200 ml,"0,25 €","1,25 €/L"
"Gel banho, laranjeira",Le Petit Marseillais,Embalagem de 650 ml,"3,29 €","13,16 €/L"
8 hamburguers s/ glúten frango,Capitão Iglo,Embalagem de 480g,"2,99 €","6,64 €/Kg"
Alimento seco para gato Júnior,Whiskas,Embalagem de 950 g,"12,99 €","4,33 €/Kg"
Bolo meia lua marmore,Dancake,Embalagem de 350G,"1,79 €","4,48 €/Kg"
Cortador de Castanhas,Snips,1 unidade,"3,99 €","3,99 €/Unidade"
Queijo flamengo fatias light,PorSi,Embalagem de 200g,"2,29 €","19,08 €/Kg"
Moscatel de Setúbal Reserva,Selecção de Enófilos,Garrafa de 0.75 l,"5,99 €","7,99 €/L"
Bolachas chiquilin ositos de mel,Artiach,Embalagem de 160g,"1,89 €","15,75 €/Kg"
Caixa com 12 aguarelas + pincel,Domédia,1 unidade,"4,69 €","4,69 €/Unidade"
"Creme anti-rugas revitalizante fps30, dia",L'oreal,Embalagem de 50 ml,"1,99 €","39,80 €/L"
Vinho do porto finest reserve,Dow's,Garrafa de 0.75 l,"10,99 €","14,65 €/L"
Iogurte pedaços morango,PorSi,Embalagem de 4x125g,"3,99 €","2,00 €/Kg"
Bolacha de milho sem sal bio,Cemporcent,Embalagem de 110g,"1,39 €","10,69 €/Kg"
Body Milk Cocoa,Nivea,Embalagem de 250 ml,"2,99 €","7,48 €/L"
Ambientador vela fresh berries,Glade,1 unidade com 129 g,"6,99 €","33,29 €/Kg"
Queijo mozzarella light ralado,PorSi Viva Bem,Embalagem de 150 g,"2,29 €","19,08 €/Kg"
Chá verde 20 saquetas,Lipton,Embalagem de 32g,"85,00 €/Kg","85,00 €/Kg"
Aguardente velha reserva,CRF,Garrafa de 700 ml,"12,79 €","18,27 €/L"
"Pensos diários maxiplus, 30 unidades",Evax,Uma embalagem,"1,89 €","1,89 €/Unidade"
"Guardanapos brancos, gold, folga dupla, 40x40cm, 75 ...",Renova,1 embalagem,"1,29 €","1,29 €/Unidade"
Creme vegetal sabor manteiga,PorSi,Embalagem de 500 g,"1,19 €","5,95 €/L"
Escova de dentes max white média,Colgate,1 + 1 unidades,"3,49 €","3,49 €/Unidade"
Madalenas de Laranja,Brioxa,12 Unidades - Embalagem de 500 g,"1,79 €","4,48 €/Kg"
Farinheira do Fundão,PorSi,"Vendido ao peso, 1 unidade =200 gr (aprox.)","1,49 €","7,45 €/Kg"
Café solúvel intenso,Delta,Embalagem de 100g,"1,45 €","14,50 €/Kg"
Conjunto gel de banho + puff,Chupa Chups,1 un.,"14,99 €","14,99 €/Unidade"
Gogo SqueeZ Snack Maçã e Manga,Gogo,Embalagem de 4 x 90g,"2,09 €","6,33 €/L"
Bife da Pá e do Acém,Novilho,Vendido ao peso a partir de 800 g,"6,71 €","8,39 €/Kg"
Espumoso moscato,Selecção de Enófilos,"Garrafa de 0,75 l","3,79 €","5,05 €/L"
Palmiers,Du bois,Embalagem de 150g,"0,69 €","3,45 €/Kg"
Arroz de pato,PorSi,Embalagem de 250 g,"2,35 €","5,60 €/Kg"
20 saquetas infusão de lúcia lima,Lipton,Embalagem de 30g,"85,00 €/Kg","85,00 €/Kg"
Puzzle Spiderman,Clementoni,2 x 60 peças,"5,99 €/Unidade","5,99 €/Unidade"
Pastilhas descafeinado,Delta,Embalagem de 110g,"59,82 €/Kg","59,82 €/Kg"
Bolos cake e chococolate,Milka,Embalagem de 180g,"2,15 €","2,87 €/Kg"
Esoumante prosecco branco,Gancia,Garrafa de 750 ml,"3,79 €","5,05 €/L"
Tomate em pedaços,PorSi,Embalagem de 390g,"1,79 €","2,29 €/Kg"
Malagueta Verde,Programa Origens,1 un = 100 gr (aprox.),"2,80 €","5,59 €/Kg"
4 filetes de pescada panados c/ limão,Pescanova,Embalagem de 400g,"9,30 €/Kg","9,30 €/Kg"
Massa folhada margarina,PorSi,Embalagem de 230 g,"0,99 €","4,30 €/Kg"
Fraldas agility T4 de 9 a 15 kg,PorSi,50 unidades,"6,49 €","6,49 €/Unidade"
Pólen de abelhas,PorSi Select,Frasco de 130 g,"4,59 €","9,18 €/Kg"
Bolachas digestive go aveia,Triunfo,Embalagem de 170g,"0,98 €","3,27 €/Kg"
Queijo tres igrejas cura 2 meses,Santiago,Vendido ao peso a partir de 250 gr,"1,75 €","6,99 €/Kg"
Leite de coco,Nutry,Embalagem de 400 ml,"1,05 €","2,64 €/Kg"
Fraldas Bebé Seco T3 | 6-10 Kg,Dodot,Embalagem com 62 un.,"6,49 €","6,49 €/Unidade"
Banda cera fria peles sensíveis p/corpo,Veet,Embalagem de 20 unidades,"6,99 €","6,99 €/Unidade"
10 hamburguers 60% carne de bovino,PorSi,Embalagem de 1 kg,"5,49 €","7,32 €/Kg"
Ambientador para a máquina da loiça de lima e limão,Finish,embalagem com 2 un.,"16,63 €/L","16,63 €/L"
Aguardente XO 10 anos,Aliança,Garrafa de 0.5 l,"12,79 €","18,27 €/L"
Chupa original,Chupachups,Embalagem de 120g,"1,99 €","4,98 €/L"
Stevia chocolate negro com frutos vermelhos,Cemporcent,Embalagem de 125g,"2,49 €","19,92 €/Kg"
Ambientador arbremagique baunilha,Arbre Magique,1 unidade,"1,99 €","1,99 €/Unidade"
"Escova de cabelo, pneumática javali",Labell,Uma unidade,"1,99 €","1,99 €/Unidade"
Leite de pastagem magro,Terra Nostra,Embalagem de 1 litro,"0,81 €","0,81 €/L"
Óleo Linimento Bebe,Pommette,Embalagem de 250 ml,"0,59 €","5,90 €/L"
Chambão/Nispo,Novilho,Vendido ao peso a partir de 500 gr,"6,71 €","8,39 €/Kg"
Água com gás natural pet,P.salgadas,pack 6 x 0.33 l,"1,99 €/L","1,99 €/L"
Queijo Flamengo Bola,PorSi,1 un = 250 gr  (aprox.),"1,56 €","7,80 €/Kg"
"Vinagre de sidra, spray",Paladin,Garrafa de 250 ml,"0,35 €","0,70 €/L"
Creme abrasivo de limão,PorSi,Embalagem de 750 ml,"0,99 €","1,32 €/L"
Spray wc anticalcário,PorSi,embalagem de 750 ml,"1,79 €","2,39 €/L"
Nestum 5 cereais,Nestum,Embalagem de 250g,"1,99 €","7,96 €/Kg"
Banheira c/ Acessórios,Vicam,1 unidade,"4,99 €","4,99 €/Unidade"
Pack de 3 embalagens de polpa de tomate,Compal,Embalagem de 630g,"3,79 €","23,69 €/Kg"
Bacalhau espiritual,PorSi,Embalagem de 300g,"1,79 €","7,16 €/Kg"
Ambientador gel floral,PorSi,150 g,"16,63 €/L","16,63 €/L"
Mala de ferramentas,MC Power,54 unidades,"6,49 €","6,49 €/Unidade"
Tablete chocolate chips ahoy,Milka,Embalagem de 100g,"0,53 €","5,30 €/Kg"
Creme fixativo sem sabor,Polident,Embalagem de 2 x 40 g,"9,69 €","121,13 €/Kg"
Danette caramel 125g p4,Danone,Embalagem de 4 x 125 g,"1,19 €","2,59 €/Kg"
Queijo Camembert Cunhas,*,Vendido ao peso,"1,75 €","6,99 €/Kg"
Fiambre Peito de Peru,Primor,Vendido ao peso a partir de 100 g,"1,99 €","9,95 €/Kg"
Bolacha princesa chocolate,Vieira,Embalagem de 200 g,"6,83 €/Kg","6,83 €/Kg"
8 salsichas bockwurst,PorSi,1 Frasco 720G,"0,75 €","3,75 €/Kg"
Barras fitness com chocolate,Nestle,Embalagem de 140g,"3,29 €","25,50 €/Kg"
Napolitas creme baunilha,PorSi,Embalagem de 320g,"1,79 €","4,48 €/Kg"
Iogurte corpos danone + proteína ananás,Danone,Embalagem de 150g,"5,97 €/Kg","5,97 €/Kg"
Balões latex amarelos,PorSi,Embalagem com 24 unidades,"1,39 €","1,39 €/Unidade"
Vinho maduro tinto,Alto de Pias,Garrafa de 5 l,"4,99 €","1,00 €/L"
Schär pão rústico fatiado sem glúten,Schar,Embalagem de 250g,"2,99 €","7,97 €/Kg"
"Ração para gato adulto com vaca, frango",Friskies,Embalagem de 4kg,"12,99 €","4,33 €/Kg"
Mortadela de peru,PorSi,1 un = 150 gr (aprox.),"1,05 €","6,99 €/Kg"
Fermento em po 4x25g,PorSi,Embalagem de 100g,"1,49 €","13,55 €/Kg"
Coxa de frango,PorSi,Embalagem de 400 g,"1,05 €","2,99 €/Kg"
Palitos redondos,PorSi,200 unidades embalados individualmente,"1,49 €","1,49 €/Unidade"
Papel Higiénico Compacto Ultra Suave XXL,Colhogar,12 rolos,"1,99 €","1,99 €/Unidade"
Semente papoila,Salutem,Embalagem de 125g,"2,29 €","11,45 €/Kg"
Filetes primavera sementes de quinoa,Iglo,Embalagem de 250 g,"1,79 €","7,16 €/Kg"
Leite Meio Gordo sem Lactose,Mimosa,Pack 4 x 200 ml,"1,99 €","1,99 €/L"
Escova dentífrica infantil bambu,Colgate,1 unidade,"0,79 €","0,79 €/Unidade"
Queijo de Ovelha Curado Apimentado,PorSi,,"4,37 €","17,49 €/Kg"
Crackers c/ sal superficie,GRAN PAVES,Embalagem de 250g,"0,37 €","2,96 €/Kg"
Fósforos cozinha,Flamefast,Uma embalagem com 4 unidades,"1,49 €","1,49 €/Unidade"
Café moagem normal: intenso,Buondi,Embalagem de 220g,"9,76 €/Kg","9,76 €/Kg"
Atum posta em azeite,Bom petisc,Embalagem de 120 g,"9,08 €/Kg","9,08 €/Kg"
Abrasivo sanitário gel citrinos,PorSi,embalagem de 1 litro,"0,99 €","1,32 €/L"
Tostas de trigo,Diatosta,Embalagem de 225 g,"2,29 €","6,54 €/Kg"
Toranja Vermelha,Fruta do Dia,Vendido ao peso a partir de 500 gr,"0,47 €","1,89 €/Kg"
Farinha,Maizena,Embalagem de 400g,"1,69 €","1,69 €/Kg"
Snack gato sticks salmao 6x5g,PorSi,Embalagem de 30g,"0,99 €","16,50 €/Kg"
Bolachas,Oreo,Embalagem de 220g,"0,89 €","5,06 €/Kg"
"Rebuçados sem açúcar, mel/limão",Halls,Embalagem de 128 g,"0,89 €","4,45 €/Kg"
Creme culinário de soja,Shoyce,Garrafa de 200 ml,"1,19 €","5,95 €/L"
Smooth Lâminas Para Máquina De Depilação,Venus,4 Unidades,"12,39 €","12,39 €/Unidade"
Salmão de viveiro à posta,Peixe Fresco,1 un. = 300 g (aprox.),"4,80 €","11,99 €/Kg"
8 salsicha soja,Izidoro,Embalagem de 180g,"2,09 €","8,36 €/Kg"
"Atum em posta, em azeite",General,Embalagem de 110g,"9,08 €/Kg","9,08 €/Kg"
Iogurte fruta batida pera,Mimosa,Embalagem de 480g,"1,49 €","2,98 €/Kg"
Azeite Virgem Extra Suave,Gallo,Garrafa de 750 ml,"3,19 €","4,25 €/L"
Mistolin advanced lixívia,Mistolin,Garrafa de 500 ml,"1,79 €","2,39 €/L"
Baton blackberry shine,Labello,1 un.,"0,59 €","0,59 €/Unidade"
Levedura de cerveja,Cemporcent,Embalagem de 150g,"2,29 €","11,45 €/Kg"
Farelo de trigo,Cemporcent,Embalagem de 250g,"2,29 €","11,45 €/Kg"
Esteira desdobrável,Moveo,1 unidade,"3,99 €","3,99 €/Unidade"
Salsicha Merguez,PorSi,1 un = 100 gr (aprox.),"0,50 €","4,99 €/Kg"
Máquina Descartável Depilatória Venus Plus,Gillette,4 un. + 2 grátis,"5,49 €","5,49 €/Unidade"
Cabo de madeira com rosca,PorSi,1.20 m,"2,20 €","2,20 €/Unidade"
Pó abrasivo clorex,Vim,Embalagem de 750 g,"0,99 €","1,32 €/L"
Wafers framboesa cubos,Vieira,Embalagem de 130g,"0,89 €","4,24 €/Kg"
Arroz brajma,Cigala,Embalagem de 1 kg,"0,99 €","0,99 €/Kg"
Gomas de ursos com brilho,Fini,Embalagem de 100g,"0,89 €","8,90 €/Kg"
Batata Branca,Programa Origens,Vendido ao peso a partir de 1 kg,"0,22 €","0,89 €/Kg"
2 crocantes frango  recheio alho&ervas 204g,Iglo,Embalagem de 200g,"2,99 €","2,99 €/Kg"
Pera conference categoria: II,*,Vendido ao peso a partir de 300 g,"0,21 €","1,39 €/Kg"
Refrigerante s/ gás califórnia,Sunny d,"Garrafa de 1,25 l","0,99 €","0,66 €/L"
Ração para gato adulto crunchy & tender com salmão,Friskies,"Embalagem de 1,5 kg","12,99 €","4,33 €/Kg"
Queijo camembert 45% mg,Páturages,Embalagem de 250 g,"1,48 €","7,40 €/Kg"
Iogurte mix-in smarties baunilha,Nestle,Embalagem de 2 x 128 g,"0,99 €","1,76 €/L"
Vinho DOC Dão Tinto,Dharma,"Garrafa de 0,75 L","3,99 €","5,32 €/L"
Fralda cueca T5 - 12 a 18 kg,PorSi,20 unidades,"7,99 €","7,99 €/Unidade"
Pão Rústico com Malte,Pão do Dia,1 unidade= 100 g,"0,18 €","2,25 €/Kg"
Bolacha chocomax mini,Nacional,Embalagem de 120 g,"0,89 €","5,93 €/Kg"
Depilatório homem gel,Veet,Garrafa de 200 ml,"12,39 €","12,39 €/Unidade"
Alface frisada biológica,PorSi Bio,Vendido o peso,"0,89 €","0,89 €/Kg"
"Carregador, 6 lâminas, 4 recargas",Labell Men,1 embalagem,"1,19 €","4,76 €/L"
Iogurte líquido de frutos vermelhos,PorSi,Embalagem de 4 x 160 g,"1,19 €","1,86 €/Kg"
Paio das beiras,PorSi,Embalagem de 380g,"2,69 €","13,45 €/Kg"
Oreo flavors cookies birthday party rollpack 154 gr,Oreo,Embalagem de 150g,"0,89 €","5,06 €/Kg"
"Pasta de limpeza com oxigénio activo, 48 unidades",Polident,Uma embalagem,"9,69 €","121,13 €/Kg"
Filetes Primavera Linhaça & Girassol,Iglo,Embalagem de 220g,"9,30 €/Kg","9,30 €/Kg"
Rissóis de leitão,*,,"0,08 €","1,39 €/Kg"
Ração para gato adulto com frango,Purina One,Embalagem de 3 kg,"12,99 €","4,33 €/Kg"
Nêspera,Fruta da Época,1 un = 250 gr  (aprox.),"1,89 €/Kg","1,89 €/Kg"
"Escova dentífrica infantil, minions, + 6 anos",Colgate,1 + 1 unidade grátis,"0,79 €","0,79 €/Unidade"
Húngaros,PorSi,Embalagem de 270G,"0,69 €","3,45 €/Kg"
Cola stick,Uhu,Conjunto de 2 x 8.2 g,"1,95 €","97,50 €/L"
Salsichas extra suculentas,Nobre,Frasco de 650 g,"0,75 €","3,75 €/Kg"
Porto tawny,Ferreira,Garrafa de 750 ml,"15,99 €","21,32 €/L"
Chocolate lion,Lion,Embalagem de 40g,"11,93 €/Kg","11,93 €/Kg"
Chocolate Branco Milkybar,Nestle,Embalagem de 100g,"0,99 €","9,90 €/Kg"
15 panadinhos de peixe,PorSi,Embalagem de 450 g,"3,69 €","9,23 €/Kg"
Leite condensado,PorSi,Lata de 1 kg,"1,05 €","2,64 €/Kg"
Vinagre de limpeza,PorSi,Embalagem de 1 l,"0,79 €","0,79 €/L"
Caramelos de fruta,Penha,Embalagem de 500 g,"1,19 €","4,76 €/Kg"
Sabonete líquido desinfetante hidratante,Sanytol,Embalagem de 250 ml,"0,95 €","1,90 €/L"
Preparado para pão de ló,Branca de Neve,Embalagem de 440g,"1,69 €","8,45 €/L"
Liquido em gel para WC Hibisco Rosa,Ambipur,Embalagem de 750 ml,"2,49 €","3,32 €/L"
Filetes primavera alecrim e sal marinho,Iglo,Embalagem de 230g,"1,79 €","7,16 €/Kg"
Ameijoa Branca Vietnamita,Marisco Congelado,Vendido a partir de 250 gr  (aprox.),"2,00 €","7,98 €/Kg"
Red Fish Grande,Peixe Congelado,1 un = 500 gr (aprox.),"1,26 €","3,59 €/Kg"
Bolachas de manteiga,Triunfo,Embalagem de 170g,"1,69 €","6,76 €/Kg"
Biscoito para cão strips,Purina One,Embalagem de 90g,"0,89 €","4,94 €/Kg"
Nata para culinária ligeira,Mimosa,Embalagem de 200 ml,"0,75 €","3,75 €/L"
Vermute rosso,Martini,Garrafa de 0.75 l,"21,99 €","31,41 €/L"
Licor de amêndoa amarga,Produto selecionado,"Garrafa de 0,70 l","16,99 €","24,27 €/L"
"Engoma fácil, pistola",PorSi,Embalagem de 750 ml,"7,99 €","38,05 €/Kg"
Vinho do porto dona antónia reserva tinto,Ferreira,Garrafa de 0.75 l,"10,99 €","14,65 €/L"
Molho de nata para carne,Mimosa,Garrafa de 200 ml,"0,69 €","2,30 €/Kg"
Escova de Dentes Júnior,Aquafresh,1 unidade,"0,79 €","0,79 €/Unidade"
Pano Suave C/ Microfibras,Vileda,2 + 1 Un. Grátis,"1,69 €","1,69 €/Unidade"
Mel milflores,Cemporcent,Embalagem de 300g,"5,99 €","19,97 €/Kg"
Caderno Espiral Capa Dura A4 Quadriculado,Domédia,1 un.,"2,29 €","2,29 €/Unidade"
"Arrancadores, 2 unidades",Osram,1 embalagem,"1,99 €","1,99 €/Unidade"
Porto ruby,Valadao,Garrafa de 750 ml,"6,65 €/L","6,65 €/L"
Abóbora cubos,Saint Eloi,Embalagem de 750 g,"1,69 €","1,69 €/Kg"
Vinho branco,Alandra,Garrafa de 750 ml,"1,59 €","2,12 €/L"
Mousse de Banho Silk Creme Care,Nivea,Embalagem de 200 ml,"5,99 €","7,99 €/L"
Spray silicone,Arbo,Embalagem de 600 ml,"3,79 €","0,76 €/L"
Bebida espirituosa,1920,Garrafa de 1 l,"11,99 €","17,13 €/L"
Sacos do lixo lavanda 50 litros,PorSi,15 unidades,"1,79 €","1,79 €/Unidade"
Bolachas digestive original,MCVITIES,Embalagem de 400g,"0,98 €","3,27 €/Kg"
Água sem gás,Vitalis,Garrafa de 0.5 l,"0,89 €","0,18 €/L"
Drops cafe,Heller,Embalagem de 140g,"2,75 €","11,00 €/Kg"
Escalopes,Frango,1 un = 150 gr (aprox.),"1,05 €","2,99 €/Kg"
Bolacha digestiva go canela,Triunfo,Embalagem de 170g,"0,98 €","3,27 €/Kg"
Chá de camomila e erva príncipe,Lipton,20 saquetas,"85,00 €/Kg","85,00 €/Kg"
Depilatório homem gel,Veet,Garrafa de 200 ml,"10,99 €","73,27 €/L"
Conjunto de ferramentas,Itools,8 peças,"6,49 €","6,49 €/Unidade"
Tostas tradicionais,Bimbo,embalagem de 270 g,"2,29 €","6,54 €/Kg"
"Pasta de arquivo, lombada estreita, amarela",Domédia,1 unidade,"2,29 €","2,29 €/Unidade"
Alface frisada biológica,PorSi Bio,Vendido o peso,"1,20 €","2,99 €/Kg"
"Queijo médio, metades",Casteloes,Embalagem de 580g,"1,75 €","6,99 €/Kg"
Desinfetante p/ Roupa,Sanytol,embalagem com 500ml,"7,99 €","38,05 €/Kg"
Tortitas de arroz chocolate negro,PorSi Viva Bem,130 g,"1,39 €","10,69 €/Kg"
Gel Banho Apollo,Axe,Embalagem de 400 ml,"3,99 €","9,98 €/L"
Margarina líquida,Vaqueiro,Embalagem de 500 ml,"2,89 €","2,89 €/Kg"
12 nuggets frango polme americano,Capitão Iglo,Embalagem de 220g,"9,30 €/Kg","9,30 €/Kg"
Miolo de amêndoa sem pele inteira,PorSi,200 g,"0,89 €","4,45 €/Kg"
Guardanapos de papel reciclado,PorSi,100 unidades,"1,29 €","1,29 €/Unidade"
Escova de Dentes Júnior,Aquafresh,1 unidade,"3,49 €","3,49 €/Unidade"
Tomates Cocktail Românticos Biológicos,PorSi Bio,Emb.: ± 200 g,"0,38 €","1,89 €/Kg"
Lulas recheadas,Piteu,Embalagem de 120g,"9,08 €/Kg","9,08 €/Kg"
Camisola segunda pelo mousse muskade 30D t. único,PorSi,1 unidade,"4,69 €","4,69 €/Unidade"
Tablete de chocolate amêndoa e caramelo,Milka,Embalagem de 300g,"10,52 €/Kg","10,52 €/Kg"
Palmiers,Pastelaria do Dia,1 unidade= 100 g,"0,69 €","0,69 €/Unidade"
Milho inteiro,Rac.zezere,Embalagem de 5 kg,"3,69 €","0,74 €/Kg"
Descafeinado aroma e leveza,Nicola,12 cápsulas,"1,59 €","6,36 €/Kg"
Ambientador aerosol pure nenuco,Air Wick,Garrafa de 250 ml,"0,99 €","3,30 €/L"
"Ambientador de varas naturais mel, flores brancas e ...",Opso,50 ml,"16,63 €/L","16,63 €/L"
"Porto, reserva",Calém,"garrafa de 0,75 l","10,99 €","14,65 €/L"
"Gel para o cabelo, wet shine",Fru style,Embalagem de 200 ml,"3,99 €","15,96 €/L"
Banha,PorSi,Embalagem de 230 g,"2,89 €","2,89 €/Kg"
Bolachas mini alfa,Nacional,Embalagem de 120g,"2,49 €","8,30 €/Kg"
Iogurte grego stracciatella sem lactose,PorSi Viva Bem,Embalagem de 240g,"0,99 €","1,98 €/Kg"
"Coloração tom sobre tom, semi-permanente, castanho a...",Casting,1 unidade,"6,99 €","6,99 €/Unidade"
Leite pasteurizado magro,Vigor,Garrafa de 1 l,"1,09 €","1,09 €/L"
Bol agua s. dose integral 186g,Vieira,Embalagem de 180g,"0,98 €","3,27 €/Kg"
Batata palha finíssima,PorSi Select,Embalagem de 180 g,"0,87 €","5,44 €/Kg"
Stevia chocolate negro,Cemporcent,Embalagem de 100g,"2,49 €","19,92 €/Kg"
Sacos do lixo lavanda 30 litros,PorSi,20 sacos,"1,79 €","1,79 €/Unidade"
Adoçante com doseador,PorSi,Embalagem de 66g,"4,99 €","19,96 €/Kg"
Bolacha com aveia,PorSi,Embalagem de 300 g,"0,98 €","3,27 €/Kg"
Vinho branco Tejo reserva,Casaleiro,Garrafa de 0.75 l,"4,89 €","6,52 €/L"
Amendoim com casca,Frutos secos,1 un = 100 gr (aprox.),"0,95 €","3,79 €/Kg"
Palhais de portugal alho & ervas,Palhais,Embalagem de 200g,"1,89 €","10,50 €/Kg"
Sal Himalaias Grosso,Origens Bio,1 Embalagem 500G,"2,79 €","5,58 €/Kg"
Pilha Alcalina Plus 9V,Duracell,,"1,59 €","1,59 €/Unidade"
10 pães de leite,PorSi,Embalagem de 350g,"1,79 €","5,11 €/Kg"
Creme custard baunilha,Condi,Embalagem de 150g,"1,69 €","8,45 €/L"
Sumo flórida,Sunny Delight,Embalagem de 4x200 ml,"0,99 €","3,19 €/L"
"Cerveja sem Álcool 0,0%",Carlsberg,Pack 6x25 cl,"5,99 €","3,03 €/L"
Tomates Redondos Kumato Biológicos,PorSi Bio,± 400 g,"0,38 €","1,89 €/Kg"
Pensos higiénicos liberty super abas,Evax,Embalagem com 10 un.,"4,99 €","4,99 €/Unidade"
Massa bagos,PorSi,Embalagem de 250g,"0,89 €","1,78 €/Kg"
Esponja limpa camurça,PorSi,1 unidade,"2,79 €","13,95 €/L"
Aroma de laranja,Rayners,Garrafa de 28 ml,"1,49 €","13,55 €/Kg"
"Creme de rosto de noite revitalift, laser",L'oreal,Embalagem de 50 ml,"1,99 €","39,80 €/L"
Vinho tinto regional península de setúbal,Q.camarate,Garrafa de 0.75 l,"7,99 €","10,65 €/L"
Óleo alimentar,Fula,Embalagem 3L,"3,39 €","3,39 €/L"
Tomate triturado,Compal,Embalagem de 500g,"3,79 €","23,69 €/Kg"
Pensos higiénicos Cottonlike Super Plus Com Abas,Evax,10 unidades,"4,99 €","4,99 €/Unidade"
Comida húmida para gato esterilizado em molho com sa...,Purina One,4 x 85 g,"3,49 €","10,26 €/Kg"
Xarope grenadine zero,Paquito,Garrafa de 750 ml,"4,89 €","6,61 €/L"
Nata uht light,Mimosa,Embalagem de 200 ml,"0,75 €","3,75 €/L"
Iogurte magro + gelatina framboesa,Mimosa,Embalagem de 4 x 120 g,"0,99 €","1,32 €/Kg"
Pastilhas limpa próteses,Labell,embalagem com 36 unidades,"9,69 €","121,13 €/Kg"
Poejo,PorSi,20 g,"0,79 €","15,80 €/Kg"
Leite regular 3,Aptamil,Embalagem de 800 g,"20,99 €","26,24 €/Kg"
Vinho doc douro tinto,Tellu's,Garrafa de 750 ml,"7,49 €","9,99 €/L"
Queijo ralado dispensador,PorSi,Embalagem de 80g,"1,49 €","7,45 €/Kg"
"Leite uht, com café, galão alentejano",Serraleite,Embalagem de 1 l,"1,98 €","2,48 €/L"
Máscara Olhos Brow Drama Medium,Maybelline,1 unidade,"1,19 €","4,76 €/L"
Sumo natural de uva preta bio,Cemporcent,Garrafa de 1 l,"1,99 €","1,99 €/L"
Bife do Pojadouro,Novilho,Vendido ao peso a partir de 800 g,"6,71 €","8,39 €/Kg"
"Gel para o cabelo, pasta remix",Studio Line,Embalagem de 150 ml,"3,99 €","15,96 €/L"
Tostas mistura sem glúten,PorSi Viva Bem,Embalagem de 140g,"2,29 €","15,27 €/Kg"
Rebuçados fruta,PorSi,Embalagem de 250g,"2,29 €","57,25 €/Kg"
"Coloração permanente, vermelho ousado nº5.62",Nutrisse,1 unidade,"6,99 €","6,99 €/Unidade"
Iogurte natural sem açúcares adicionados,Yogolino,Embalagem de 400g,"0,99 €","1,76 €/L"
Detergente máquina lavar roupa tira nódoas,Xau+vanish,102 doses,"9,79 €","2,07 €/Kg"
Farinha rainha c/ fermento,Nacional,Embalagem de 1000 g,"1,69 €","1,69 €/Kg"
"Pasta de arquivo, lombada estreita, vermelha",Domédia,1 unidade,"2,29 €","2,29 €/Unidade"
Sortido seleção,Chabrior,Embalagem de 380g,"6,83 €/Kg","6,83 €/Kg"
Feijão branco com tomate,Saint Eloi,Embalagem de 425 ml,"1,79 €","2,29 €/Kg"
Chocolate culinário em pó,Pantagruel,Embalagem de 130g,"1,04 €","8,32 €/Kg"
Ice tea de pêssego,PorSi,"Embalagem de 1,5 l","0,99 €","0,66 €/L"
"Borracha Technic, 600",Maped,embalagem com 2 unidades,"4,69 €","4,69 €/Unidade"
Desinfetante álcool gel spray,PorSi,100 ml,"0,99 €","1,98 €/L"
Gelatina de origem vegetal de ananás 0%,Koala,Embalagem de 130g,"0,89 €","2,23 €/Kg"
Maçã Fuji 75/80,Fruta do Dia,1 un = 180 gr (aprox.),"0,21 €","1,39 €/Kg"
"Anti-calcário, máquina roupa, gel",Calgon,"Garrafa de 1,5 l","9,79 €","2,07 €/Kg"
Feijão vermelho,Legumes secos,1 un = 100 gr. (aprox.),"0,29 €","2,89 €/Kg"
Sabonete patti,Ach Brito,Embalagem de 160 g,"1,89 €","11,81 €/Kg"
Osso Buco,Novilho,1un=150 gr aprox.,"6,71 €","8,39 €/Kg"
Pasta de açúcar bege,PorSi,250 g,"1,39 €","1,39 €/Kg"
Açúcar mascavado,PorSi,Embalagem de 500g,"1,39 €","1,39 €/Kg"
Leite c/ chocolate,Gresso,Pack 4X200ml,"0,25 €","1,25 €/L"
Sistema microfibras com pedal,Vileda,1 unidade,"0,99 €","0,99 €/Unidade"
Limpa móveis cera abelhas,PorSi,Frasco de 300ml,"3,99 €","13,30 €/L"
Elimina odores spray,Splendor,150 ml,"4,99 €","33,27 €/L"
Miolo de avelã,*,Vendido ao peso,"0,95 €","3,79 €/Kg"
Especialidade soja baunilha,PorSi Viva Bem,Embalagem de 4 x 100 g,"2,99 €","5,98 €/Kg"
Estúdio de Tatuagens Crazy Chic,Clementoni,1 un.,"27,99 €/Unidade","27,99 €/Unidade"
5 folhas de gelatina incolor,PorSi,Embalagem de 9 g,"0,59 €","65,56 €/Kg"
Massa cuscus,PorSi,Embalagem de 250g,"0,89 €","1,78 €/Kg"
Goiabada,PorSi,600 g,"1,99 €","2,21 €/Kg"
Infusão principe,Cemporcent,Embalagem de 10 unidades,"0,85 €","65,38 €/Kg"
"Elixir bocal, dentes e gengivas",Listerine,Embalagem de 250 ml,"4,49 €","8,98 €/L"
Bebida energética ripper,Monster,Garrafa de 500 ml,"4,99 €","4,99 €/L"
Gelado magnum menta,Olá,Embalagem de 4 x 100 ml,"5,99 €","16,64 €/L"
Mistura de sementes,PorSi Viva Bem,Embalagem de 200 g,"1,49 €","9,93 €/Kg"
Alheira Extra Trás os Montes,PorSi,"Vendido ao peso, 1un= 200 gr (aprox.)","1,49 €","7,45 €/Kg"
Fantástico Atlas do Corpo Humano,Yoyo Books,,"8,99 €","8,99 €/Unidade"
Tampões Compak Pearl Regular Com Aplicador,Tampax,16 unidades,"3,99 €","3,99 €/Unidade"
Caderno Agrafado c/ Capa A4 Pautado,Mitos,1 un.,"0,99 €","0,99 €/Unidade"
Framboesa mirtilo com xarope de milho,Cemporcent,Embalagem de 230g,"5,99 €","19,97 €/Kg"
Cereais cruesli frutos secos,Quaker,Embalagem de 380g,"3,99 €","10,64 €/Kg"
Ambientador tealights canela,PorSi,embalagem com 18 unidades,"6,99 €","33,29 €/Kg"
Bebida de Soja Baunilha,PorSi Viva Bem,1 l,"2,39 €","2,39 €/L"
Bebida doubleshot expresso,STARBUCKS,Embalagem de 200 ml,"3,19 €","25,52 €/Kg"
Preparo para bolo de chocolate,Branca de Neve,Embalagem de 450g,"1,69 €","8,45 €/L"
"Limpa vidros, azul",PorSi,Embalagem de 5 l,"3,79 €","0,76 €/L"
Sopa de cebola,Knorr,Embalagem de 50g,"0,69 €","11,13 €/Kg"
Stevia chocolate negro com avelãs,Cemporcent,Embalagem de 125g,"2,49 €","19,92 €/Kg"
Robalo de viveiro,Programa Origens,de 800 g a 1.5 kg,"4,80 €","11,99 €/Kg"
Gin Ten Premium,Tanqueray,Garrafa de 0.70L,"26,99 €","38,56 €/L"
Massa fusilli tricolor,Milaneza,Embalagem de 500g,"0,89 €","1,78 €/Kg"
Vinho branco arinto bucelas,P.regia,Garrafa de 750 ml,"4,89 €","6,52 €/L"
Aguardente velha,S.domingos,Garrafa de 700 ml,"12,79 €","18,27 €/L"
Espirais s/ glúten,Milaneza,Embalagem de 500g,"2,99 €","7,97 €/Kg"
Cola universal,Uhu,Embalagem de 20 ml,"1,95 €","97,50 €/L"
Melancia Riscada,Programa Origens,Vendido ao peso | 1 un = 4 kg (aprox.),"2,49 €","2,49 €/Kg"
Iogurte Activia 0% aveia e linhaça,Danone,Embalagem de 4 x 120 g,"2,79 €","6,07 €/Kg"
"Guardanapos brancos, 33x33cm, 2 folhas",PorSi,Embalagem com 100 unidades,"1,29 €","1,29 €/Unidade"
Luvas Colors,Vileda,Tamanho: M/G,"1,69 €","1,69 €/Unidade"
Atum em azeite,Ramirez,Embalagem de 120g,"9,08 €/Kg","9,08 €/Kg"
Doce quatro frutos,ST.DALFOUR,Frasco de 284g,"1,95 €","8,86 €/Kg"
Iogurte grego natural,PorSi,Embalagem de 1 kg,"0,99 €","1,98 €/Kg"
Iogurte activia aveia nozes,Danone,Embalagem de 4 x 120 g,"2,79 €","6,07 €/Kg"
Chupas geladitos polaretti,Dolfin,Embalagem de 400 ml,"1,99 €","4,98 €/L"
Papel higiénico compacto 2 folhas,PorSi,18 = 36 Rolos,"1,99 €","1,99 €/Unidade"
Tomate pelado,Guloso,Embalagem de 800g,"3,79 €","23,69 €/Kg"
Iogurte Líquido Yoggi s/ lactose frutos silvestres,Nestle,4x160g,"0,99 €","1,98 €/Kg"
Sumo essencial manga,Compal,pack 3 x 0.11 l,"0,99 €","0,99 €/L"
Bolacha maria ruca doses,Vieira,Embalagem de 300g,"1,69 €","2,11 €/Kg"
Pão gémeos,*,250 g,"0,18 €","2,25 €/Kg"
Renovador Camurça em Spray Preto,Búfalo,Embalagem de 250 ml,"2,79 €","13,95 €/L"
Grão de bico,PorSi,Frasco com 540 g,"1,79 €","2,29 €/Kg"
Sabao azul e branco,PorSi,Embalagem de 400g,"0,99 €","2,48 €/Kg"
Pasta dentífrica 1 2 3,Oral B,Embalagem de 75 ml,"2,29 €","30,53 €/L"
Alho moído,PorSi,Frasco com 45 g,"0,24 €","0,24 €/Kg"
Perolas perfumadas fresh,PorSi,Embalagem de 275 g,"9,79 €","2,07 €/Kg"
Tomate Cacho Económico,Legumes do Dia,1 un = 200 gr (aprox.),"0,38 €","1,89 €/Kg"
Café moagem grossa bio,PorSi Bio,Embalagem de 250g,"9,16 €/Kg","9,16 €/Kg"
Fósforos cozinha,Quinas,Embalagem com 4 caixas por unidade,"1,49 €","1,49 €/Unidade"
Copos para pic nic 145 ml rosa,PorSi,Embalagem com 4 unidades,"1,69 €","1,69 €/Unidade"
Shampo automóvel laranja,PorSi,Embalagem de 5 l,"3,79 €","0,76 €/L"
Lixívia WC Gel Higienizante,Neoblanc,Embalagem de 700ml,"1,79 €","0,36 €/L"
Grão de bico,PorSi,Embalagem de 820g,"1,79 €","2,29 €/Kg"
Cerveja preta 0.0%,Sagres,Pack 4 x 0.33 l,"5,99 €","3,03 €/L"
"Luvas multiusos relevo antiderrapante, tamanho médio",PorSi,Embalagem de 1 unidades,"2,99 €","2,99 €/Unidade"
Cleudo,Hasbro,1 un.,"9,99 €","9,99 €/Unidade"
Vinho maduro branco,Leziria,Garrafa de 5 l,"4,99 €","1,00 €/L"
"Alimento seco para gato adulto, vaca",Whiskas,"Embalagem de 1,75 kg","12,99 €","4,33 €/Kg"
Massa filo,JR,Embalagem de 250g,"0,99 €","4,30 €/Kg"
Gogo SqueeZ Snack de Maçã,Gogo,Embalagem de 4 x 90g,"2,09 €","6,33 €/L"
Chocolate branco com recheio de avelã,Kinder,Embalagem de 160g,"2,29 €","17,62 €/Kg"
Desodorizante Black & White Invisible,Nivea,150 ml,"3,99 €","26,60 €/L"
Gelatina zero % pêssego,Koala,Embalagem de 130g,"0,89 €","2,23 €/Kg"
Iogurte líquido dan'up milkshake straciatella,Danone,Embalagem de 4 x 155 g,"1,19 €","1,86 €/Kg"
Bicacereais - preparado para bebida de cereais,Cemporcent,Embalagem de 100g,"1,99 €","1,99 €/L"
Galão enriquecido com cálcio,Ucal,Embalagem de 600 ml,"1,98 €","2,48 €/L"
Tesoura com tampa,Bebéconfort,1 unidade,"1,99 €","1,99 €/Unidade"
Pensos clássicos,PorSi,20 unidades,"3,99 €","3,99 €/Unidade"
Salsicha Fresca de Aves,Aves,1 un = 100 gr (aprox.),"0,50 €","4,99 €/Kg"
Cabeça c/ Osso,Porco,1 un = 1.5 kg (aprox.),"0,60 €","5,99 €/Kg"
Circuito fechado rosa -5º,Redex,Embalagem de 5 l,"12,99 €","12,99 €/L"
Prato em forma de coelho,Do Art,Dim.: 15x14x15CM,"11,99 €","11,99 €/Unidade"
20 saquetas green framboesa/romã,Lipton,Embalagem de 30g,"44,50 €/Kg","44,50 €/Kg"
Serrote com Ferro,Itools,1 unidade,"6,49 €","6,49 €/Unidade"
Papa infantil para preparar com leite +6 meses,Cerelac,Embalagem de 250g,"4,49 €","4,49 €/Kg"
Leite creme,PorSi,Embalagem de 4x23g,"1,69 €","8,45 €/L"
Amendoim cremoso,Cemporcent,Embalagem de 510g,"5,99 €","19,97 €/Kg"
Saca-rolhas elétrico merlot,San Ignacio,1 unidade,"12,99 €","12,99 €/Unidade"
Preparado para bolo de laranja,B.neve,Embalagem de 450g,"1,79 €","4,48 €/Kg"
Ambientador spray de lavanda,Air Wick,Garrafa de 240 ml,"0,99 €","3,30 €/L"
Fralda Activity T3 - 6 a 10 kg,Dodot,66 unidades,"6,49 €","6,49 €/Unidade"
Butter cookies,Dan cake,Embalagem de 454 g,"1,69 €","6,76 €/Kg"
Toalhitas Bebé Pure Extra Care,Huggies,Embalagem com 3 x 56 unidades,"1,09 €/Unidade","1,09 €/Unidade"
Detergente líquido p/ máquina lavar roupa cores escu...,Woolite,"Garrafa de 1,65 l","9,79 €","2,07 €/Kg"
Pasta dentífrica branco intenso,Aquafresh,Embalagem de 75 ml,"2,29 €","30,53 €/L"
Queijinho petit nesquik,Nestle,Embalagem de 6 x 60 g,"0,99 €","1,76 €/L"
Requeijao natural,Saloio,Embalagem de 170g,"0,99 €","4,95 €/Kg"
Rebuçados peitorais,Dr.bayard,Embalagem de 100g,"0,89 €","4,45 €/Kg"
Doce de morango,Casa de Mateus,Embalagem de 345g,"1,95 €","8,86 €/Kg"
Queijo Ovelha Curado,Meimoa,Vendido ao peso a partir de 250 gr,"4,37 €","17,49 €/Kg"
Lava tudo antibacteriano marinho,PorSi,Garrafa de 1.5 l,"0,98 €","0,49 €/L"
Caramelos de nata,Werthers,Embalagem de 140g,"2,75 €","11,00 €/Kg"
Pêssego Amarelo Categoria: II,Programa Origens,Vendido ao peso a partir de 200 g,"0,24 €","1,59 €/Kg"
Tomate Kumato | categoria: II,*,Vendido ao peso,"0,38 €","1,89 €/Kg"
Mistura Tomates Cereja Biológicos,PorSi Bio,Emb.: ± 200 g,"0,38 €","1,89 €/Kg"
Polpa tomate biológico,Guloso,Embalagem de 500g,"3,79 €","23,69 €/Kg"
Batata frita caseira,PorSi,Embalagem de 180g,"0,87 €","5,44 €/Kg"
Caldo de galinha 8 cubos,Knorr,Embalagem de 80g,"3,79 €","23,69 €/Kg"
Bolacha digestiva de aveia/chocolate,Gullon,Embalagem de 430g,"0,98 €","3,27 €/Kg"
Bolachas vitalday recheio iogurte c/ frutos vermelho...,Gullon,Embalagem de 220g,"1,39 €","10,69 €/Kg"
Café solúvel viena,Nescafe,Embalagem de 140g,"1,45 €","14,50 €/Kg"
Frutapura maçã e banana,Bledina,Embalagem de 85g,"2,09 €","6,33 €/L"
Cereais corn flakes s/ glúten,Nestle,Embalagem de 380g,"3,89 €","7,78 €/Kg"
Crescido Asa Branca,Bacalhau da Noruega,1 un=1.5 Kg (aprox.),"8,73 €/Kg","8,73 €/Kg"
"Amaciador de roupa concentrado, lavanda/camomila, 60...",San,"Garrafa de 1,5 l","1,99 €","1,00 €/L"
Gomas de tubarões com brilho,Fini,Embalagem de 100g,"0,89 €","8,90 €/Kg"
Almofada Anti-Stress,Molaflex,1 un.,"3,99 €","3,99 €/Unidade"
Alimento seco para gato steril,HappyOne,Embalagem de 2 kg,"12,99 €","4,33 €/Kg"
Vinho do Porto Branco,Velhotes,"Garrafa de 0,75 l","11,99 €","15,99 €/L"
Queijo Flamengo Bola,Quinta do Convento,,"1,75 €","6,99 €/Kg"
Sidra,Kings Bräu,Pack 6 x 0.33 l,"1,59 €","3,18 €/L"
Lava Tudo Perfumado Herbal,PorSi,Embalagem de 2 l,"0,98 €","0,49 €/L"
"Vela com número, nº2",PorSi,1 unidade,"0,49 €","0,49 €/Unidade"
Queijo Brie M.Gorda 60%,President,Vendido ao peso a partir de 250 gr,"1,48 €","7,40 €/Kg"
Açaí superelemento (10 saquetas),Cemporcent,Embalagem de 25g,"3,29 €","32,90 €/Kg"
Escova dentes kids minions bateria,Colgate,1 un.,"0,79 €","0,79 €/Unidade"
Chupa clássico,Chupachups,Embalagem de 10g,"1,99 €","4,98 €/L"
Pão forma com côdea,PorSi,Embalagem de 600g,"0,99 €","1,65 €/Kg"
Bife da Alcatra,Novilho,1 un = 250 gr (aprox.),"6,71 €","8,39 €/Kg"
Gel wc anticalcário sem lixívia,PorSi,"Garrafa de 1,5 l","2,49 €","3,32 €/L"
Codornizes,Aves,1 un. = 150 g (aprox.),"1,05 €","2,99 €/Kg"
Nectarina,Fruta do Dia,1 un = 150 gr (aprox.),"0,24 €","1,59 €/Kg"
Manjericão,PorSi,50 g,"0,99 €","19,80 €/Kg"
Iogurte activia líquido morango,Danone,Embalagem de 4 x 155 g,"2,79 €","6,07 €/Kg"
Creme Corpo Goodness,Dove,Embalagem de 300 ml,"2,99 €","7,48 €/L"
Cereja 24+ Fundão,Programa Origens,1 un = 250 gr  (aprox.),"2,29 €","18,32 €/Kg"
Búzio Cozido Pescado no Mar,Marisco Fresco,1 un = 250 gr (aprox.),"2,00 €","7,99 €/Kg"
Cream cracker 200g,JACOB'S,Embalagem de 200g,"0,37 €","2,96 €/Kg"
Mandioca,Legumes do Dia,1 un=500 gr (aprox.),"0,62 €","2,49 €/Kg"
Queijo mascarpone,Páturages,Embalagem 250G,"1,29 €","5,16 €/Kg"
Vinho regional tejo 3 castas branco,Fiuza,Garrafa de 750 ml,"4,89 €","6,52 €/L"
Rum anejo especial,Havana,Garrafa de 700 ml,"17,49 €","24,99 €/L"
Farinha para pão vitale,Nacional,Embalagem de 1 kg,"1,69 €","1,69 €/Kg"
"Fita Isoladora, 2 Rolos",Itools,1 unidade,"3,49 €","116,33 €/Kg"
Líquido sanitário ação total pinho,WC Pato,Embalagem de 750 ml,"2,49 €","3,32 €/L"
Yaos magro natural,Nestle,Embalagem de 4x110g,"0,99 €","1,32 €/Kg"
Ambientador auto pinho,PorSi,1 unidade,"1,99 €","1,99 €/Unidade"
Gel de Banho Corpo e Cabelo Hidratante,Baby Dove,Embalagem de 400 ml,"1,09 €","1,09 €/Unidade"
"Toalhitas intimas, 20 unidades",Labell,Uma embalagem,"3,99 €","3,99 €/Unidade"
Tamarilho,Fruta do Dia,1 un = 100 gr (aprox.),"1,20 €","2,99 €/Kg"
Bolachas mini chips ahoy,Ca!,Embalagem de 160g,"0,89 €","5,93 €/Kg"
"Pasta dentífrica, dentes/gensivas sensitive",Labell,Embalagem de 75 ml,"2,29 €","30,53 €/L"
Biscoito para Cão Mini Sticks,Purina One,Embalagem de 90 g,"0,89 €","4,94 €/Kg"
Cereais corn flakes,Kellogg's,Embalagem de 500g,"3,89 €","7,78 €/Kg"
Dentifríco 2 em 1 super branqueador,Theramed,Embalagem de 75 ml,"2,89 €","38,53 €/L"
Papel vegetal 8m,Vileda,1 unidade,"1,39 €","1,39 €/Unidade"
Espadarte Posta,Peixe do Dia,1 un = 150 gr (aprox.),"4,80 €","11,99 €/Kg"
Cola Universal,Uhu,Embalagem de 2x20ml,"1,95 €","97,50 €/L"
Morcela de Arroz do Fundão,PorSi,"Vendido ao peso, 1 un=200 g (aprox.)","1,49 €","7,45 €/Kg"
VMB DOC BAIRRADA 0.75L,E.2 SANTOS,Garrafa de 750 ml,"2,92 €/L","2,92 €/L"
Rojões de Porco,Centralres,Vendido ao peso,"2,99 €","11,96 €/Kg"
Romã,Fruta da Época,1 un = 250 gr  (aprox.),"1,89 €/Kg","1,89 €/Kg"
"Infusãoo mirtilo/acai, 20 saquetas",Tetley,Embalagem de 40g,"0,85 €","65,38 €/Kg"
Spray desengordurante cozinha,Neoblanc,Embalagem de 500 ml,"2,59 €","1,30 €/L"
Snack dentastix médio,Pedigree,Embalagem de 720 g,"0,89 €","4,94 €/Kg"
Vinho do porto 10 anos,Souza,Garrafa de 750 ml,"15,99 €","21,32 €/L"
Bambolitos pretos,PorSi,Embalagem de 150g,"0,75 €","5,00 €/Kg"
Tosta integral,Diatosta,Embalagem de 510 g,"1,99 €","7,96 €/Kg"
Café torrado lote chávena saco,Delta,Embalagem de 250g,"9,16 €/Kg","9,16 €/Kg"
Creme de Pés,Barral,Embalagem de 75 ml,"5,49 €","36,60 €/L"
Palmiers,PorSi,Embalagem de 100g,"1,69 €","6,76 €/Kg"
Guardanapos 2 folhas brancos e dourado,PorSi Select,50 unidades,"1,29 €","1,29 €/Unidade"
Queijo Saint Albray.,St.Albray,Vendido ao peso a partir de 250 gr,"1,48 €","7,40 €/Kg"
"Bolachas, tubo",Oreo,Embalagem de 150g,"0,89 €","5,06 €/Kg"
Toucinho do céu,PorSi,Embalagem de 2x100 g,"0,49 €","2,45 €/Kg"
"Escova de dentes, proteção global média, 2 unidades",Labell,Uma embalagem,"3,49 €","3,49 €/Unidade"
Esparguete integral,Salutem,Embalagem de 500g,"1,89 €","3,78 €/Kg"
"Espumante cava bruto, reserva",Freixenet,Garrafa de 750 ml,"7,99 €","10,65 €/L"
Cacau em pó,Pantagruel,Embalagem de 130g,"1,04 €","8,32 €/Kg"
Tomate Azul | categoria: II,*,Vendido ao peso,"0,38 €","1,89 €/Kg"
Dentes de alho Categoria: II,PorSi,Embalagem de 150 g,"0,22 €","0,89 €/Kg"
Tomate 67/82,Legumes do Dia,1 un = 200 gr (aprox.),"0,38 €","1,89 €/Kg"
Macarron Limão,Dulcesol,Embalagem de 80G,"2,49 €","8,30 €/Kg"
Borrego Inteiro/Metades,Borrego,"1/2 un = 7 kg, 1 un = 14 kg (aprox.)","15,74 €","10,49 €/Kg"
Camarão cozido 40/60,PorSi,Vendido ao peso,"2,00 €","7,99 €/Kg"
Anti-Traça Gel Lavanda,Dum Dum,2 unidades,"3,99 €","117,35 €/Kg"
Queijo mozzarella mini bolas,PorSi,Embalagem 125G,"1,29 €","5,16 €/Kg"
Pastilhas de Limpeza Aparelho Dentário,Polident,Embalagem com 30 unidades,"9,69 €","121,13 €/Kg"
Máscara Olhos Lash Sensational,Maybelline,1 unidade,"1,19 €","4,76 €/L"
Sumo natural de cenoura bio,Cemporcent,Garrafa de 200 ml,"1,99 €","1,99 €/L"
Queijo curado pequeno,Casteloes,Embalagem de 500g,"0,79 €","22,57 €/Kg"
Alimento seco p/ cão raça pequena,PorSi Select,Embalagem de 3kg,"22,99 €","1,15 €/Kg"
Miolo de amêndoa com pele,Frutos secos,Vendido ao peso a partir de 100 g,"0,95 €","3,79 €/Kg"
"Iogurte pedaços, frutimax muesli",PorSi,Embalagem de 4 x 125 g,"3,99 €","2,00 €/Kg"
Queijo creme flamengo,President,Embalagem de 125 g,"3,59 €","12,82 €/Kg"
Bolacha alfa,Nacional,Embalagem de 180g,"2,49 €","8,30 €/Kg"
Pastilha Elástica Bottle Spearmint,Trident,Embalagem de 82 g,"0,99 €","58,24 €/Kg"
Puré de batata,Saint Eloi,Embalagem de 500 g,"1,69 €","1,69 €/Kg"
Moscatel favaios,Favaios,Garrafa de 750 ml,"5,99 €","7,99 €/L"
"Tablete de chocolate, black-white",Schogetten,Embalagem de 100g,"0,53 €","5,30 €/Kg"
Canela em pau,PorSi,Saqueta de 30 g,"0,24 €","0,24 €/Kg"
Metades de pera em calda,PorSi,Lata de 820 g,"1,99 €","2,37 €/Kg"
Manteiga magra,PorSi,Embalagem de 250g,"1,69 €","6,76 €/Kg"
Bolachas com recheio de chocolate,PorSi,Embalagem de 500g,"2,15 €","2,87 €/Kg"
"Bombons de chocolate, praleine",Schogetten,Embalagem de 100g,"0,53 €","5,30 €/Kg"
"Batata frita, receita camponesa",Lay's,Embalagem de 250g,"1,19 €","6,43 €/Kg"
Bolachas de Amêndoa,ANNAS,Embalagem de 150G,"0,89 €","5,06 €/Kg"
Sabonete,Feno,Embalagem de 4x90 g,"1,89 €","11,81 €/Kg"
"Lenços de bolso, mentol, 10 unidades",Renova,Uma embalagem de 6x10,"0,89 €","0,89 €/Unidade"
"Cera cabelo, Paste Urban",Axe,Embalagem de 130 ml,"3,99 €","15,96 €/L"
Mistura solúvel bolero,Nestle,Embalagem de 200g,"0,89 €","3,56 €/Kg"
Caramelos de nata,PorSi,Embalagem de 250g,"2,75 €","11,00 €/Kg"
Óleo 10w40 Semi-Sintectico,PorSi,Embalagem de 1 l,"12,99 €","12,99 €/L"
Magic coberto chocolate leite,Gullon,Embalagem de 240g,"2,15 €","2,87 €/Kg"
Vinho doc dão tinto,Grao vasco,Garrafa de 750 ml,"3,99 €","5,32 €/L"
Croquetes vegetais,PorSi Viva Bem,Embalagem de 220g,"1,79 €","4,97 €/Kg"
Gin Premium |Blue Magic,Sharish,"Embalagem de 0,50L + Oferta 1 Copo","26,99 €","38,56 €/L"
Leite magro em pó,Páturages,Embalagem de 300 g,"2,59 €","8,63 €/Kg"
Chocolate Branco e Óreo,Milka,Embalagem de 100g,"0,99 €","9,90 €/Kg"
Leite evaporado,PorSi,Embalagem de 410g,"1,05 €","2,64 €/Kg"
"Coloração permanente, preto natural, nº3",Excellence,1 unidade,"6,99 €","6,99 €/Unidade"
"Fiambre extra, fatiado",PorSi,Embalagem de 200g,"0,90 €","5,99 €/Kg"
Molho tomate com azeitonas,PorSi,Frasco de 420g,"0,69 €","2,30 €/Kg"
Costeleta,Novilho,1 un= 400 gr aprox.,"6,71 €","8,39 €/Kg"
Spray Limpa Placa Indução,Induclean,450 ml,"1,29 €","1,72 €/L"
Linhaça dourada moída,Cemporcent,Embalagem de 200g,"2,29 €","11,45 €/Kg"
Frutapura maçã e pera,Bledina,Embalagem de 85g,"2,09 €","6,33 €/L"
Rocher t8 100g,Ferrero Rocher,Embalagem de 100g,"2,39 €","47,80 €/Kg"
Miolo de camarão 80/100,Pescanova,Embalagem de 350g,"8,49 €","24,26 €/Kg"
Atum filete azeite biológico,Tenorio,Embalagem de 120g,"9,08 €/Kg","9,08 €/Kg"
Batido de baunilha,Forma+,Embalagem de 700g,"3,29 €","32,90 €/Kg"
Snack dentabits 40g,Whiskas,Embalagem de 40g,"0,99 €","16,50 €/Kg"
Leite de pastagem biológico meio gordo,Milhafre,1 litro,"2,79 €","5,58 €/Kg"
Rebuçados drops recheio de fruta,PorSi,Embalagem de 250g,"2,29 €","57,25 €/Kg"
Forma Pão de Ló Antiaderente 24cm,PorSi,1 unidade,"8,99 €","8,99 €/Unidade"
Muesli original,Alpen,Embalagem de 550g,"3,79 €","10,83 €/Kg"
12 douradinhos forníssimo,Capitão Iglo,Embalagem de 300g,"9,30 €/Kg","9,30 €/Kg"
Vinho Regional Península de Setúbal Branco,Herdade da comporta,Garrafa de 0.75 l,"7,99 €","10,65 €/L"
"Desodorizante roll-on, Urban",Axe,Embalagem de 50 ml,"1,29 €","6,45 €/L"
Arroz integral extra longo,Cemporcent,Embalagem de 1 kg,"1,89 €","3,78 €/Kg"
Vinho Regional de Lisboa Rosé,Mundus,"Garrafa de 0,75 l","2,19 €","2,92 €/L"
Guardanapos de 1 folha amarelos | dim.: 30 x 29 cm,PorSi,Embalagem com 70 unidades,"1,29 €","1,29 €/Unidade"
Comida húmida para cão de frango e arroz,PorSi,Lata de 400 g,"0,69 €","2,30 €/Kg"
Delta solúvel intenso,Delta,Embalagem de 200g,"1,45 €","14,50 €/Kg"
Maçã Bravo Esmolfe,Fruta do Dia,1 un = 150 gr (aprox.),"0,21 €","1,39 €/Kg"
Milho tenro e doce,Bonduelle,Embalagem de 300 g,"1,79 €","2,29 €/Kg"
Polpa tomate biológico,Guloso,Embalagem de 500g,"2,79 €","5,58 €/Kg"
Vinho verde branco alvarinho,Pbrejoeira,Garrafa de 0.75 l,"2,99 €","2,99 €/L"
Nuggets frango,PorSi,pack familiar de 1 kg,"5,49 €","7,32 €/Kg"
"Paté de sarinha, atum e marisco",Fides,Embalagem de 90g,"0,99 €","11,25 €/Kg"
Bolacha craker queijo,Tuc,Embalagem de 100g,"0,98 €","3,27 €/Kg"
"Bloco sanitário rotativo, lemon",Domestos,Embalagem de 30g,"2,99 €","74,75 €/Kg"
Creme vegetal soja,Planta,Embalagem de 250 gr,"1,19 €","5,95 €/L"
Creme abrasivo limão,Cif,Garrafa de 700 ml,"0,99 €","1,32 €/L"
Bolachas digestive aveia e laranja,Gullon,Embalagem de 430g,"0,98 €","3,27 €/Kg"
"Discos desmaquilhantes, 120 unidades",PorSi,Embalagem de 120 unidades,"0,69 €","0,69 €/Unidade"
Chip choco diet nature,Gullon,Embalagem de 130g,"0,89 €","5,93 €/Kg"
Tablete de chocolate preto,Nestle,Embalagem de 130g,"16,67 €/Kg","16,67 €/Kg"
Tablete chocolate de iogurte morango,Milka,Embalagem de 100g,"0,53 €","5,30 €/Kg"
Açúcar granulado,Rar,Embalagem de 1kg,"1,39 €","1,39 €/Kg"
Spray nature cozinha,Cif,embalagem de 750 ml,"0,79 €","0,79 €/L"
Smarties mini chocolate,SMARTIES,Embalagem de 187g,"11,98 €/Kg","11,98 €/Kg"
Creme Mãos Hidratante,Labell,Embalagem de 100 ml,"2,39 €","39,83 €/L"
Sabonete líquido Marselha e Azeitona,Labell,Embalagem de 500 ml,"0,95 €","1,90 €/L"
"Escova de cabelo, Pontas Nylon Premium",Labell,Uma unidade,"1,99 €","1,99 €/Unidade"
Açucar icing,Rar,Embalagem de 250 g,"1,39 €","1,39 €/Kg"
Sangria branca,Casal Garcia,Garrafa de 750 ml,"2,19 €","1,46 €/L"
Tostas multicereais sem glúten,PorSi Viva Bem,Embalagem de 140g,"2,29 €","15,27 €/Kg"
Salsichas de porco,Nobre,Lata de 250g,"0,75 €","3,75 €/Kg"
Natas uht com cogumelos,Parmalat,Embalagem de 200 ml,"0,75 €","3,75 €/L"
Detergente líquido Ultra Concentrado Loiça Platinium...,PorSi,Embalagem de 500 ml,"1,19 €","2,38 €/L"
Spray renova camurça incolor,PorSi,Embalagem de 200 ml,"2,79 €","13,95 €/L"
Alimento seco para cão alta energia,PorSi,Embalagem de 10kg,"22,99 €","1,15 €/Kg"
Pomada para calçado preto,Splendor,lata com 50 ml,"0,99 €","19,80 €/L"
Bebida de arroz,Shoyce,Embalagem de 3 x 200 ml,"1,29 €","1,29 €/L"
Ambientador stick micado blackberry,Air Wick,Embalagem de 1 unidades,"6,99 €","33,29 €/Kg"
Champanhe bruto,Delagne & Fils,"Garrafa de 0,75 l","19,99 €","26,65 €/L"
Bebida de Soja Chocolate,PorSi Viva Bem,Pack: 3 x 200 ml,"2,39 €","2,39 €/L"
Lixívia perfumada,PorSi,Embalagem de 5 l,"2,59 €","1,30 €/L"
Abacate categoria II,Fruta do Dia,Embalagem de 300 g,"1,20 €","2,99 €/Kg"
Bicarbonato de sódio,Globo,Embalagem de 230g,"1,49 €","13,55 €/Kg"
Vinho branco tejo chardonnay,Fiuza,Garrafa de 750 ml,"4,89 €","6,52 €/L"
Manteiga magra,Mimosa,Embalagem de 250g,"1,69 €","6,76 €/Kg"
Tagliatelle a carbonara 350g,Tuttipasta,Embalagem de 350G,"2,15 €","6,14 €/Kg"
Farinha para bolos super fina,B.neve,Embalagem de 1 kg,"1,69 €","1,69 €/Kg"
Pudim de ovos alsa,Alsa,Embalagem de 220g,"0,59 €","29,50 €/Kg"
Ambientador Difusor Frutos Vermelhos,PorSi,50 ml,"6,99 €","33,29 €/Kg"
"Escova dentes, rotativa global, dura, 2 unidades",Labell,1 embalagem,"3,49 €","3,49 €/Unidade"
8 rissóis de camarão,PorSi,Embalagem de 300g,"1,79 €","7,16 €/Kg"
Pizza de Atum,PorSi,Embalagem de 350 g,"2,15 €","6,14 €/Kg"
Zero snack 35 g chocolate duplo,Prozis,Embalagem de 40g,"0,69 €","1,73 €/Kg"
Gomas favoritos pica,Haribo,Embalagem de 90g,"0,89 €","8,90 €/Kg"
Máquina depilação Venus Breeze 2 em 1,Gillette,1 unidade,"5,49 €","5,49 €/Unidade"
Vassoura Especial Lisa,PorSi,unidade,"2,20 €","2,20 €/Unidade"
Gengibre desidratado,Salutem,Embalagem de 100g,"22,48 €/Kg","22,48 €/Kg"
Pasta dentífrica menta fresca,Aquafresh,Embalagem de 75 ml,"2,29 €","30,53 €/L"
Bolachas digestive muesli,Gullon,Embalagem de 370g,"1,39 €","10,69 €/Kg"
Tosta integral de alfarroba,Cemporcent,Embalagem de 250g,"1,99 €","7,96 €/Kg"
Pensos para picadas de insetos,PorSi,10 unidades,"3,99 €","3,99 €/Unidade"
Chourição,Salsicharia Limiana,1 un = 100 gr (aprox.),"0,80 €","7,99 €/Kg"
Vinho tinto doc douro,Qta.cotto,Garrafa de 750 ml,"7,49 €","9,99 €/L"
Martini Riserva Rubino,Martini,Garrafa de 750 ml,"21,99 €","31,41 €/L"
Bebida de soja com cálcio,PorSi Viva Bem,Embalagem de 1 litro,"2,39 €","2,39 €/L"
Creme para mãos hidratante,Le Petit Marseillais,Embalagem de 75 ml,"2,39 €","39,83 €/L"
6 cheeseburgers,PorSi,Embalagem de 750g,"5,49 €","7,32 €/Kg"
Vela em número nº1,PorSi,1 unidade,"0,49 €","0,49 €/Unidade"
Grão de bico,Caçarola,Embalagem de 500 g,"0,99 €","1,98 €/Kg"
Tablete de chocolate negro,PorSi Select,200 g,"10,52 €/Kg","10,52 €/Kg"
Pai Natal,B. Couto,Dim.: 30cm,"0,69 €","0,69 €/Unidade"
Gelatina frutos tropicais  10kcal,Royal,Embalagem de 30g,"0,59 €","65,56 €/Kg"
Batata frita light,Lay's,Embalagem de 140g,"0,99 €","6,60 €/Kg"
Árvore de Natal Decorativa,B. Couto,Dim.: 23cm,"0,69 €","0,69 €/Unidade"
Perna,Borrego,1 un = 1.5 kg (aprox.),"15,74 €","10,49 €/Kg"
Queijo Brie 60%,Produto selecionado,Vendido ao peso a partir de 250 gr,"1,48 €","7,40 €/Kg"
Vinho Branco DOC Dão,Meia encosta,Garrafa de 0.75 l,"3,99 €","5,32 €/L"
Marmelada com frutose,PorSi Viva Bem,Embalagem de 400g,"1,99 €","2,21 €/Kg"
Spray desengordurante,Sonasol,Embalagem de 500 ml,"3,99 €","5,32 €/L"
Gelatina de morango,Koala,Embalagem de 130g,"0,89 €","2,23 €/Kg"
Tomate inteiro pelado,PorSi,Embalagem de 390 g,"1,79 €","2,29 €/Kg"
Fita adesiva,PorSi,5m x 1.25 cm,"3,99 €","3,99 €/Unidade"
Queijo Cabra Curado Rústico com pimentão,Palhais,Vendido ao peso a partir de 250 gr,"1,89 €","10,50 €/Kg"
Tablete de chocolate amendoim,Nestle,Embalagem de 90 g,"10,52 €/Kg","10,52 €/Kg"
Grão de bico,Legumes secos,1 un = 100 gr. (aprox.),"0,29 €","2,89 €/Kg"
Gomas spaghetti pica morango,Haribo,Embalagem de 80g,"0,89 €","8,90 €/Kg"
Rúcula Selvagem Programa Origens,PorSi,Embalagem de 100g,"0,89 €","0,89 €/Kg"
Napolitanas creme cacau,PorSi,Embalagem de 320g,"1,79 €","4,48 €/Kg"
Cereais petalas chocolate,PorSi,Embalagem de 625g,"5,07 €/Kg","5,07 €/Kg"
Balde com pedal branco,PorSi,Capacidade: 7 litros,"10,99 €","10,99 €/Unidade"
Whiskey bourbon,J.daniels,Garrafa de 700 ml,"29,99 €","42,84 €/L"
Nestum flocos de cereais com mel,Nestum,Embalagem de 300g,"1,99 €","7,96 €/Kg"
Pensos diários flexiform,Carefree,Embalagem de 30 unidades,"1,89 €","1,89 €/Unidade"
Coleira em nylon p/ cão  repelente 60cm,Repul' 7,Embalagem de 1 unidades,"8,99 €","8,99 €/Unidade"
Pão de forma especial torradas,Panrico,Embalagem de 750g,"0,99 €","1,65 €/Kg"
Queijo flamengo fatiado light,Paiva,Embalagem de 180g,"1,56 €","7,80 €/Kg"
Gel desinfectante de mãos,Top Brands,Garrafa de 500 ml,"0,99 €","1,98 €/L"
Lixivia perfumada,PorSi,Garrafa de 2 l,"1,79 €","0,36 €/L"
Limpa Máquina Loiça Regular,Finish,,"2,99 €","2,99 €/Unidade"
Pescada 3 Chile,Peixe Congelado,1 un= 1 kg (aprox.),"1,26 €","3,59 €/Kg"
Mimosa bem especial leite e amêndoa,Mimosa,Embalagem de 1 litro,"1,99 €","1,99 €/L"
Bolachas crackers c/ sal,Du bois,Embalagem de 500g,"0,37 €","2,96 €/Kg"
Queijinho dadoninho petitdino de morango,Danone,Embalagem de 6 x 50 g,"0,99 €","1,76 €/L"
Penso júnior,PorSi,20 unidades,"3,99 €","3,99 €/Unidade"
Mousse limão,Branca de Neve,Embalagem de 130g,"0,79 €","5,27 €/Kg"
Bicarbonato de sódio,PorSi,Embalagem de 500 g,"1,79 €","2,39 €/L"
Bolachas shortcake,PorSi,Embalagem de 233 g,"1,69 €","6,76 €/Kg"
Líquido wc duraguard pinho da montanha,Harpic,Garrafa de 750 ml,"1,79 €","2,39 €/L"
Camarão 60/80,Congelado de Aquicultura,1 un = 250 gr  (aprox.),"2,00 €","7,98 €/Kg"
Sabonete Amêndoas,Ach Brito,90 g,"1,89 €","11,81 €/Kg"
Ração para cão mini adulto nutri soft com frango,Friskies,"Embalagem de 1,4 kg","22,99 €","1,15 €/Kg"
"Bolacha belvita soft brakes, cereais",Belvita,Embalagem de 250g,"0,98 €","3,27 €/Kg"
Leite Meio Gordo sem Lactose,Mimosa,Pack 4 x 200 ml,"0,81 €","0,81 €/L"
Azeite Subtil,Gallo,Garrafa de 2 l,"3,19 €","4,25 €/L"
Feijao verde redondo,PorSi,Embalagem de 400g,"1,69 €","1,69 €/Kg"
vinho do Porto Ruby,Velhotes,"garrafa de 0,75 l","6,65 €/L","6,65 €/L"
Tira Nódoas Branqueador,Sanytol,embalagem com 450g,"7,99 €","38,05 €/Kg"
Queijo de cabra curado,PorSi,Embalagem de 2x100 g,"1,89 €","10,50 €/Kg"
Acetona,PorSi,Embalagem de 200 ml,"5,49 €","5,49 €/Unidade"
Tira Nódoas Acidentais,Iberia,Embalagem de 150 ml,"7,99 €","38,05 €/Kg"
Bandas de Cera Depilatória Facial,Veet,Embalagem de 20 unidades,"6,99 €","6,99 €/Unidade"
Iogurte natural magro sem lactose,Mimosa,Embalagem de 4x 120 g,"0,99 €","1,32 €/Kg"
Bolachas chips ahoy,Ca!,Embalagem de 300g,"0,89 €","5,93 €/Kg"
Recarga sabonete líquido para as mãos de coco,Dove,500 ml,"0,95 €","1,90 €/L"
Preparado de bolo de iogurte,PorSi,500 g,"1,69 €","8,45 €/L"
"Cobertura tipo chantilly, 2x38g",PorSi,Embalagem de 80g,"1,29 €","3,23 €/Kg"
Vinho DOC Bairrada Branco,Marquês de Marialva,Garrafa de 0.75 l,"2,92 €/L","2,92 €/L"
Flakes,Cuetara,Embalagem de 500g,"5,07 €/Kg","5,07 €/Kg"
Quarto Traseiro,Borrego,"1 un = 3,5 kg (aprox.)","15,74 €","10,49 €/Kg"
Gelado carte d'or yogurt & forest fruit,Olá,Embalagem de 900 ml,"6,79 €","14,76 €/L"
Porto 10 anos,Velhotes,Garrafa de 0.75 l,"10,99 €","14,65 €/L"
Costeletas do Lombo,Porco,Vendido ao peso a partir de 1 kg,"3,99 €","3,99 €/Kg"
Queijo fresco de cabra,Santiago,Embalagem de 130g,"0,99 €","4,95 €/Kg"
Licor Jagermeister,JAGERMEIST,Garrafa de 700 ml,"16,99 €","24,27 €/L"
O meu guizo sonoro coala,Tigex,1 un.,"12,99 €/Unidade","12,99 €/Unidade"
Ambientador Anti-Tabaco,Ambipur,1 un.,"1,99 €","1,99 €/Unidade"
Nata uht ligeira,Páturages,Embalagem de 2X250ML,"0,75 €","3,75 €/L"
Perna de Peru,Programa Origens,"Vendido ao peso, 1un = 1kg (aprox)","1,05 €","2,99 €/Kg"
Leite Hidratante Óleos Maravilhosos,Ultra Suave,Embalagem de 400 ml,"2,99 €","7,48 €/L"
Molas de madeira,PorSi,36 unidades,"0,79 €","0,79 €/Unidade"
Limpa ferros,Petex,1 unidade,"0,79 €","0,79 €/Unidade"
Total whey chocolate e avelã,GoldNutrition,Embalagem de 260g,"3,29 €","32,90 €/Kg"
Esfregão Ultra Fresh,Vileda,Embalagem de 2 + 1 Grátis,"2,49 €","2,49 €/Unidade"
Cornflakes sem açúcar,Cemporcent,Embalagem de 250g,"0,69 €","1,73 €/Kg"
Vinho tinto regional tejo reserva,Alorna,Garrafa de 0.75 l,"4,89 €","6,52 €/L"
Doce de morango 60% fruta,Cemporcent,Embalagem de 280g,"5,99 €","19,97 €/Kg"
Baby Microfone,Clementoni,1 un.,"7,99 €","7,99 €/Unidade"
Compal da horta concentrado tomate,Compal,Embalagem de 140g,"3,79 €","23,69 €/Kg"
Queijo de Cabra Curado Rústico,Palhais,Vendido ao peso a partir de 250 gr,"1,89 €","10,50 €/Kg"
Refresco pó laranja e morango,PorSi,Embalagem de 40g,"0,69 €","17,25 €/Kg"
Alimento húmido para cão borrego,Pedigree,Embalagem de 300g,"0,69 €","2,30 €/Kg"
Tarteletes morango doses 192g,Vieira,Embalagem de 190g,"0,75 €","5,00 €/Kg"
Maçã Fuji 70/75,Fruta do Dia,1 un = 150 gr (aprox.),"0,21 €","1,39 €/Kg"
Recarga Esfregona de Algodão,PorSi,1 unidade,"0,99 €","0,99 €/Unidade"
Cerveja c/ álcool radler,Sagres,pack 6 x 0.33 l,"1,59 €","3,18 €/L"
"Papel higiénico compacto, extra xxl, 6 rolos",Renova,Uma embalagem,"1,99 €","1,99 €/Unidade"
Sultana Preta,PorSi,Embalagem de 200g,"0,89 €","4,45 €/Kg"
Salted caramel,Haagen daz,Embalagem de 460 ml,"6,79 €","14,76 €/L"
Farinha para bolos fina,Branca de Neve,Embalagem de 1 kg,"1,69 €","1,69 €/Kg"
Maçã crocante,Fruut,Embalagem de 100g,"0,75 €","7,50 €/Kg"
Espremedor,PorSi,1 unidade,"0,99 €","0,99 €/Unidade"
Barra choco krispies 120g,Kellogg's,Embalagem de 380g,"3,29 €","25,31 €/Kg"
"Detergente líquido, manual loiça, original",Fairy,"Embalagem de 1,5 l","1,19 €","2,38 €/L"
Yaos iogurte grego natural,Nestle,Embalagem de 4x110g,"0,99 €","1,98 €/Kg"
Espremedor,PorSi,1 unidade,"10,99 €","10,99 €/Unidade"
Lambrusco rosé,Sorbello,Garrafa de 0.75 l,"2,19 €","2,92 €/L"
Gelado menta & chocolate,PorSi,embalagem de 1 l,"6,79 €","14,76 €/L"
Vinagre de vinho branco envelhecido,PorSi,Garrafa 250ML,"0,35 €","0,70 €/L"
Figo da India,Fruta do Dia,1 un = 150 gr (aprox.),"1,20 €","2,99 €/Kg"
"Quadrado trufa, 3 unidades",Dulcesol,Embalagem de 210 g,"1,79 €","4,48 €/Kg"
Papel higiénico 2 folhas,PorSi,32 rolos,"1,99 €","1,99 €/Unidade"
Camarão cozido 60/80,PorSi,Vendido ao peso a partir de 350 g,"2,00 €","7,99 €/Kg"
Tablete triple caramelo,Milka,Embalagem de 90g,"0,53 €","5,30 €/Kg"
Feijão vermelho,Caçarola,Embalagem de 500 g,"0,99 €","1,98 €/Kg"
Vinho verde branco,Presidente,Garrafa de 0.75 l,"2,99 €","2,99 €/L"
Miolo de avelã,PorSi,Embalagem de 200 g,"0,89 €","4,45 €/Kg"
Fiambre pá fatiado,Produto selecionado,Embalagem de 200 g,"0,90 €","5,99 €/Kg"
Bolachas marinheiras chia,Cemporcent,Embalagem de 200g,"1,39 €","10,69 €/Kg"
Maminha,Novilho,Vendido ao peso (artigo em vácuo),"6,71 €","8,39 €/Kg"
Dentifríco p/ Dentes de Leite,Aquafresh,Embalagem de 50 ml,"0,79 €","0,79 €/Unidade"
Farinha láctea,PorSi,Embalagem de 1 kg,"4,49 €","4,49 €/Kg"
Coxa,Peru,1 un = 1 kg (aprox.),"1,05 €","2,99 €/Kg"
Ketchup,PorSi,Embalagem de 300 g,"0,69 €","2,30 €/Kg"
Molho inglês,Savora,Garrafa de 120 ml,"0,69 €","2,30 €/Kg"
Creme de cenoura,PorSi,800 g,"1,99 €","2,49 €/Kg"
Champô 3 em 1 karpex,Vanish,950 ml,"1,79 €","2,39 €/L"
Açúcar amarelo,PorSi,Embalagem de 1 kg,"1,39 €","1,39 €/Kg"
Esparregado de espinafres sem lactose,PorSi Viva Bem,Embalagem de 360 g,"1,79 €","4,97 €/Kg"
Bolacha água e sal com azeite e azeitona doses,Vieira,Embalagem de 190g,"0,37 €","2,96 €/Kg"
Doce de tomate adoçado com xarope de milho,Cemporcent,Embalagem de 240g,"5,99 €","19,97 €/Kg"
Fígado,Novilho,1 un = 100 gr (aprox.),"0,60 €","5,99 €/Kg"
Rolo de Carne com Farinheira,Novilho,1 un = 500 gr (aprox.),"4,99 €","12,48 €/Kg"
Framboesa,PorSi,Embalagem com 125g,"2,29 €","18,32 €/Kg"
Toalhitas limpa moveis,PorSi,Embalagem de 24 unidades,"3,99 €","13,30 €/L"
Mousse chocolate branco,Alsa,Embalagem de 133g,"0,79 €","5,27 €/Kg"
Puzzle Canal Panda,Olivo,60 peças,"5,99 €/Unidade","5,99 €/Unidade"
Snack gato frango/queijo,PorSi,Embalagem de 60g,"0,99 €","16,50 €/Kg"
Queijo de nisa dop,PorSi Select,1 unidade = 280g (aprox.),"2,85 €","15,83 €/Kg"
Tomate 82/102,Programa Origens,1 un = 200 gr (aprox.),"0,38 €","1,89 €/Kg"
Croquetes de carne pré-fritos,Brilha ali,1 unidade = 40 gr,"0,65 €","0,65 €/Unidade"
Cereais chocapic,Nestle,Embalagem de 375 g,"5,07 €/Kg","5,07 €/Kg"
Whisky 15 anos c/caixa,J&B,Garrafa de 700 ml,"29,99 €","42,84 €/L"
Bolacha tostada diet nature s/ açucares,Gullon,Embalagem de 400g,"1,39 €","10,69 €/Kg"
Coissant Folhado,*,50g,"0,69 €","0,69 €/Unidade"
Refresco em pó de ananás,PorSi,Embalagem de 40 g,"0,69 €","17,25 €/Kg"
Leite uht magro,Mimosa,Embalagem de 200 ml,"0,81 €","0,81 €/L"
Pêssego Vermelho,Programa Origens,1 un = 150 gr (aprox.),"0,24 €","1,59 €/Kg"
Gel Banho Excite,Axe,Embalagem de 400 ml,"3,99 €","9,98 €/L"
Magnum mini 3 chocolates,Olá,Embalagem de 6 x 55 ml,"5,99 €","16,64 €/L"
Condimento balsamico 250ml,Cristal,Garrafa de 250 ml,"0,35 €","0,70 €/L"
12 vitaminas e 12 minerais - frasco comprimido,Forma+,Embalagem de 60g,"7,49 €","124,83 €/Kg"
Marmelada,Quinta de Jugais,Embalagem de 500g,"1,99 €","2,21 €/Kg"
Queijo mini,Babybel,Embalagem de 6x20 g,"1,48 €","7,40 €/Kg"
Xarope de limão sem corantes,Paquito,Garrafa de 750 ml,"4,89 €","6,61 €/L"
Feijão preto,Caçarola,Embalagem de 500 g,"0,99 €","1,98 €/Kg"
Pasta dentífrica herbal,Colgate,Embalagem de 75 ml,"2,29 €","30,53 €/L"
"Espuma de cabelo, volume xxl",Fru style,Embalagem de 200 ml,"3,99 €","15,96 €/L"
Esferográfica Vermelha Retratil 0.7mm,Mab,Embalagem com 1 un.,"2,99 €","2,99 €/Unidade"
"Vela em número,  nº 0",PorSi,1 unidade,"0,49 €","0,49 €/Unidade"
Autobrilhante Castanho,Búfalo,Embalagem de 50 ml,"1,99 €","39,80 €/L"
Aromáticas vivas em vaso,Aroma viva,Embalagem de 1 unidades,"0,79 €","15,80 €/Kg"
Vinho frisante branco,Lapadas,Garrafa de 750 ml,"2,19 €","2,92 €/L"
Resguardos de cama,PorSi,20 unidades de 60 x 90 cm,"8,49 €","8,49 €/Unidade"
Sopa de agriao,PorSi,Embalagem de 400g,"1,99 €","2,49 €/Kg"
Ketchup picante,Heinz,460 g,"0,69 €","2,30 €/Kg"
Luvas Pequenas /Médias Sensitive,Vileda,40 unidade,"2,99 €","2,99 €/Unidade"
Reparador de móveis normal,PorSi,Embalagem de 200 ml,"3,99 €","13,30 €/L"
Nata uht 0% lactose,Parmalat,Embalagem de 200 ml,"0,75 €","3,75 €/L"
Frango inteiro com miúdos,PorSi,Embalagem com 1.4 kg (aprox.),"1,05 €","2,99 €/Kg"
Cerveja c/ álcool,Super Bock,pack 24 x 0.20 l,"1,99 €/L","1,99 €/L"
Tostas suecas integrais,Bimbo,embalagem de 234 g,"2,29 €","6,54 €/Kg"
Pão de Ló Tradicional,Pastelaria do Dia,1Kg,"8,99 €","11,24 €/Kg"
Spray desinfetante cozinha,Lysol,Embalagem de 500 ml,"0,79 €","0,79 €/L"
Óleo de girassol,PorSi,garrafa de 1 litro,"3,39 €","3,39 €/L"
Malagueta Vermelha,Programa Origens,1 un = 100 gr (aprox.),"2,80 €","5,59 €/Kg"
Cajú crú,Frutorra,Embalagem de 150 g,"0,89 €","4,45 €/Kg"
Patê de marisco,Fides,Embalagem de 90g,"0,99 €","11,25 €/Kg"
Iogurte natural sem lactose,PorSi Viva Bem,4 x 125 g,"0,99 €","1,98 €/Kg"
Limpa injetores gasolina,PorSi,Embalagem de 250 ml,"12,99 €","12,99 €/L"
Gel desinfetante casa de banho,Sonasol,Embalagem de 1.25 litros,"2,49 €","3,32 €/L"
Tambor,Panda,1 un.,"12,99 €/Unidade","12,99 €/Unidade"
Vela em número nº9,PorSi,1 unidade,"0,49 €","0,49 €/Unidade"
Chocolate sombrinhas,Regina,Embalagem de 15 g,"2,29 €","17,62 €/Kg"
"Pães para hamburguer com sésamo, 4 unidades",Bimbo,embalagem de 220 g,"0,99 €","1,65 €/Kg"
Patê figado de porco,La piara,Embalagem de 80g,"0,99 €","11,25 €/Kg"
Recargas ambientador elétrico romantic vanilla bloss...,Glade,Embalagem de 2 x 20 ml,"11,98 €","11,98 €/Unidade"
Caju com sal,Frutos secos,1 un = 100 gr. (aprox.),"0,95 €","3,79 €/Kg"
Cappuccino café arábica cacau magro em pó,PorSi,250 ml,"3,19 €","25,52 €/Kg"
Sobremesa Paturette Creamy Chocolate,Páturages,Embalagem de 4X115G,"1,19 €","2,59 €/Kg"
Feijão encarnado,PorSi,Embalagem 500G,"0,99 €","1,98 €/Kg"
Lombo Atum Descongelado,Peixe do Dia,1 unidade = 300 gr (aprox.),"4,80 €","11,99 €/Kg"
Iogurte liquido proteína yopro morango/framboesa,Yopro,300 g,"5,97 €/Kg","5,97 €/Kg"
Comida húmida para gato seleção de carnes,Gourmet mp,Embalagem de 300g,"3,49 €","10,26 €/Kg"
Gomas cinema mix,Fini,Embalagem 100G,"0,89 €","8,90 €/Kg"
Refrigerante c/ gás zero s/ cafeína,Coca-Cola,pack 6 x 0.33 l,"0,79 €","0,40 €/L"
Baguete,PorSi,250 g,"0,18 €","2,25 €/Kg"
Super Cola,Vito,2 unidade,"3,49 €","116,33 €/Kg"
Caramelos de fruta,Penha,Embalagem de 250 g,"1,19 €","4,76 €/Kg"
Azeitona Maçanilha inteira,PorSi,Vendido ao peso a partir de 500 g,"1,29 €","6,14 €/Kg"
Leite de transição Optipro 2 +6 meses,NAN,Embalagem de 800g,"20,99 €","26,24 €/Kg"
"Refrigerante com gás, laranja, lata",Fanta,pack 6 x 0.33 l,"0,79 €","0,40 €/L"
Vela com número 4,PorSi,1 unidade,"0,49 €","0,49 €/Unidade"
Bolacha de chocolate,Snapy,Embalagem de 250g,"1,69 €","2,11 €/Kg"
Mini tostas de trigo,Diatosta,Embalagem de 350 g,"2,29 €","6,54 €/Kg"
Champô cabelos pintados,Labell,Embalagem de 250 ml,"5,59 €","13,98 €/L"
Moscatel de Setúbal,Bacalhoa,Garrafa de 750 ml,"5,99 €","7,99 €/L"
"Iogurte sabor morango, banana e tutti frutti",Danone,Embalagem de 8 x 120 g com 1 grátis,"1,85 €","1,23 €/Kg"
Café em grão,Delta,Embalagem de 1 kg,"9,16 €/Kg","9,16 €/Kg"
Bebida de noz,Shoyce,Embalagem de 1 l,"1,29 €","1,29 €/L"
Régua duplo decimetro,CA1,1 unidade,"2,49 €","2,49 €/Unidade"
Sabonete alfazema de monte,Confianca,Embalagem de 125 g,"1,89 €","11,81 €/Kg"
Abóbora Menina embalada Programa Origens,PorSi,1 un = 750 aprox,"0,89 €","0,89 €/Kg"
Beringela,Programa Origens,1 un = 400 gr (aprox.),"0,62 €","2,49 €/Kg"
Creme vegetal para barrar,PorSi,Embalagem de 500 g,"1,19 €","5,95 €/L"
"Lenços de bolso sensitive, brancos, 10 unidades",Renova,1 embalagem de 18x10,"0,89 €","0,89 €/Unidade"
"Luvas multiusos relevo antiderrapante, tamanho grand...",PorSi,Embalagem de 1 unidades,"2,99 €","2,99 €/Unidade"
"Vela com número, nº 7",PorSi,1 unidade,"0,49 €","0,49 €/Unidade"
Creepy Mix,Chupachups,Embalagem de 400g,"1,99 €","4,98 €/L"
Laranja Económica,Fruta do Dia,1 un = 250 gr  (aprox.),"0,47 €","1,89 €/Kg"
Farinha de aveia integral,Cemporcent,Embalagem de 400g,"2,29 €","11,45 €/Kg"
Leite C/ Chocolate,Mimosa,Embalagem de 4 x 200 ml,"0,25 €","1,25 €/L"
Cerveja 0.0%,Heineken,Pack 6 x 0.25 l,"5,99 €","3,03 €/L"
Atum ao natural,Ramirez,Embalagem de 120g,"9,08 €/Kg","9,08 €/Kg"
Limpa Moveis Lavanda,Pronto,300 ml,"3,99 €","13,30 €/L"
Milho doce,PorSi,Embalagem de 3 x 140 g,"1,79 €","2,29 €/Kg"
Massa pevide,Nacional,Embalagem de 250g,"0,89 €","1,78 €/Kg"
Saqueta pintarolas,Pintarolas,Embalagem de 40g,"11,98 €/Kg","11,98 €/Kg"
Lion barra cereais  25g,Nestle,Embalagem de 150g,"3,29 €","25,31 €/Kg"
Dettol sabonete líquido Lavanda,Dettol,Garrafa de 250 ml,"0,95 €","1,90 €/L"
Mimosa bem especial leite e aveia,Mimosa,Embalagem de 1 litro,"1,99 €","1,99 €/L"
Sabao rosa e branco,PorSi,Embalagem de 400g,"0,99 €","2,48 €/Kg"
Vinho maduro branco meio seco,Adega grande,Garrafa de 750 ml,"1,59 €","2,12 €/L"
Creme de corpo exfoliante,Labell,Embalagem de 150 ml,"0,69 €","0,69 €/Unidade"
1ª papa láctea multifrutos sem glúten +4 meses,Cerelac,Embalagem de 250g,"4,49 €","4,49 €/Kg"
Lava tudo brilhante madeiras,PorSi,Embalagem de 1.1 litros,"3,99 €","13,30 €/L"
Arroz de pato,PorSi,Embalagem de 400g,"3,49 €","8,73 €/Kg"
Salsichas Frankfurt em lata,Izidoro,Embalagem de 120g,"0,75 €","3,75 €/Kg"
Morcela de Sousel,PorSi,1 un = 450 gr (aprox.),"1,49 €","7,45 €/Kg"
Bolachas extra pepitas xl,Ca!,Embalagem de 180g,"2,15 €","2,87 €/Kg"
Vinho tinto cotes du rhone,Expert Club,Garrafa de 75 cl,"6,39 €","8,52 €/L"
Tira Nódoas Resistentes,Iberia,Embalagem de 150 ml,"7,99 €","38,05 €/Kg"
Pêssego Amarelo,Programa Origens,1 un = 140 gr (aprox.),"0,24 €","1,59 €/Kg"
Sobremesa Paturette Caramelo,Páturages,Embalagem de 4x115g,"1,19 €","2,59 €/Kg"
Amaciador  p/ roupa concentrado Aromaterapia,PorSi,Embalagem com 60 doses,"1,99 €","1,00 €/L"
"Queijo em fatias, -50% gordura",Limiano,Embalagem de 200g,"1,56 €","7,80 €/Kg"
Spray calcário e sujidade,Cillitbang,Garrafa de 500 ml,"1,19 €","0,79 €/L"
Rolo tira pelos 12 folhas,PorSi,1 unidade,"11,99 €","11,99 €/Unidade"
Açúcar fino,Rar,Embalagem de 1000 g,"1,39 €","1,39 €/Kg"
Papa infantil não láctea bolacha maria +6 meses,Cerelac,Embalagem de 250g,"4,49 €","4,49 €/Kg"
Desumidificador e Ambientador Mini Lavanda,HUMYDRY,embalagem de 75g,"5,99 €","26,62 €/Kg"
Recargas ambientador elétrico relaxing zen,Glade,Embalagem de 2 x 20 ml,"11,98 €","11,98 €/Unidade"
Biscoitos integrais sementes de agave,PorSi Viva Bem,Embalagem de 150g,"0,69 €","3,45 €/Kg"
Vinagre balsâmico modena,Gallo,Garrafa de 500 ml,"0,35 €","0,70 €/L"
Espumante Bruto,Gancia,"Garrafa de 0,75 l","3,79 €","5,05 €/L"
Creme fixação para dentaduras,Polident,Embalagem de 70 g,"9,69 €","121,13 €/Kg"
Aguardente velhíssima,Caves Bonifácio,Garrafa de 0.70 l,"12,79 €","18,27 €/L"
Queijo 3 Igrejas Cura 2m Pimentão,Santiago,Vendido ao peso a partir de 250 gr,"1,75 €","6,99 €/Kg"
Sal cristal,PorSi,embalagem de 1 kg,"0,24 €","0,24 €/Kg"
"Kit dentário, infantil",Labell,1 unidade,"0,79 €","0,79 €/Unidade"
"Comida húmida para cão adulto com frango, vaca e bor...",Friskies,Embalagem de 400g,"0,69 €","2,30 €/Kg"
Iogurte activia líquido 0% morango/kiwi,Danone,Embalagem de 4 x 155 g,"2,79 €","6,07 €/Kg"
Pão de forma sem côdea 9 cereais,Panrico,Embalagem de 480g,"0,99 €","1,65 €/Kg"
Sabonete glicerina natural,Palmolive,Embalagem de 90 g,"1,89 €","11,81 €/Kg"
Café em Cápsulas Dolce Gusto Sical,Nescafé,Embalagem de 3x16 cápsulas,"59,82 €/Kg","59,82 €/Kg"
Pai Natal de Chocolate,PorSi,Embalagem de 125 g,"2,29 €","17,62 €/Kg"
"Fita apanha moscas, com 4 unidades",Neokill,4 unidades,"2,49 €","24,90 €/Kg"
"Chocolate m&m s, amendoim",M&m' s,Embalagem de 45 g,"11,98 €/Kg","11,98 €/Kg"
Bolachas maria,Triunfo,Embalagem de 200g,"1,69 €","2,11 €/Kg"
Aipo,Nossa seleção,Vendido ao peso,"0,79 €","15,80 €/Kg"
Leite com chocolate original,Ucal,Embalagem de 6 x 250 ml,"0,25 €","1,25 €/L"
Choco Pequeno,Peixe Congelado,1 un= 200 gr (aprox.),"1,26 €","3,59 €/Kg"
"Presunto Metades, 6 meses de cura",PorSi,"Vendido ao peso, fatiado a partir de 100 gr","2,69 €","13,45 €/Kg"
Barra s.k frutos vermelhos,Kellogg's,Embalagem de 130g,"3,29 €","25,31 €/Kg"
Cerveja com álcool,Sagres,Garrafa de 1 l,"1,99 €/L","1,99 €/L"
Fatia de salame de chocolate,PorSi,Embalagem 60G,"1,79 €","4,48 €/Kg"
"Chocolate, extra single",Twix,Embalagem de 80g,"11,93 €/Kg","11,93 €/Kg"
Néctar clássico tutti frutti,Compal,Garrafa de 200 ml,"0,99 €","0,99 €/L"
Creme anti-rugas de dia revitalift,L'oreal,Embalagem de 50 ml,"1,99 €","39,80 €/L"
Pilha alcalina classic lr03x4,Domédia,1 unidade,"1,59 €","1,59 €/Unidade"
Autobrilhante Preto,Búfalo,Embalagem de 50 ml,"1,99 €","39,80 €/L"
Gel anti séptico deoprotect,Dystron,Garrafa de 400 ml,"2,69 €","10,76 €/L"
Queijo em fatias original,Casteloes,Embalagem de 200g,"1,56 €","7,80 €/Kg"
Limpa madeiras ecológico,PorSi,1.5 litros,"3,99 €","13,30 €/L"
Manteiga magra baixo teor sal,President,Embalagem de 250g,"1,69 €","6,76 €/Kg"
Bife do Lombo,Novilho,1 un= 150 gr (aprox.),"6,71 €","8,39 €/Kg"
Tampão proteção de confiança,O.B.,1 Embalagem c/32 unidades,"3,99 €","3,99 €/Unidade"
Tablete de chocolate oreo,Milka,Embalagem de 300g,"0,53 €","5,30 €/Kg"
18 hamburguers de frango s/ glúten,Capitão Iglo,Embalagem de 1 kg,"2,99 €","6,64 €/Kg"
Polpa de maracuja,PorSi,Embalagem de 565g,"1,99 €","2,37 €/Kg"
Mel em frasco de vidro,PorSi,Embalagem de 250g,"4,59 €","9,18 €/Kg"
Bacalhau com broa,PorSi Select,350 g,"1,79 €","7,16 €/Kg"
Bagas de goji,Salutem,Embalagem de 100g,"2,29 €","11,45 €/Kg"
Aperitivos  fritos,Fritos,Embalagem 130G,"0,75 €","7,50 €/Kg"
Bacalhau lombos,PorSi,Embalagem de 1.5 kg,"5,99 €","7,49 €/Kg"
Moscatel do douro aperitivo,Favaito,pack: 10 x 55 ml,"5,99 €","7,99 €/L"
Farinha nao láctea bolacha maria,PorSi,Embalagem de 250g,"4,49 €","4,49 €/Kg"
Batata Roxa,Programa Origens,Vendido ao peso,"0,22 €","0,89 €/Kg"
Mel em frasco com doseador,PorSi,Embalagem de 500g,"4,59 €","9,18 €/Kg"
Penso Diário Maxi,Ausonia,1 Embalagem c/30 unidades,"1,89 €","1,89 €/Unidade"
"Polpa de maracujá, em lata",Koala,Embalagem de 570g,"3,99 €","7,00 €/Kg"
Escova de Dentes Flex Interdental,Aquafresh,2 + 1 unidades,"3,49 €","3,49 €/Unidade"
Molho de alho,Calve,Embalagem de 260g,"0,69 €","2,30 €/Kg"
Furador perfo slim greenlogic,Maped,1 unidade,"1,29 €","1,29 €/Unidade"
Bolachas crackers integrais,PorSi,Embalagem de 500g,"0,37 €","2,96 €/Kg"
"Bolacha belvita soft brakes, frutos vermelhos",Belvita,Embalagem de 250g,"0,98 €","3,27 €/Kg"
Maionese magra em frasco,Hellmman's,Embalagem de 460g,"0,69 €","2,30 €/Kg"
Massa folhada,Pasta dia,Embalagem de 230g,"0,99 €","4,30 €/Kg"
Batata pré-frita mediterranean,MCCAIN,Embalagem de 750g,"1,39 €","1,39 €/Kg"
Gronola de aveia chocolate,Nestle,Embalagem de 300g,"3,29 €","25,50 €/Kg"
Refrigerante com gás free,Seven-up,"Garrafa de 1,25 l","0,79 €","0,40 €/L"
Snack para gato anti-hairball,Whiskas,Embalagem de 60g,"0,99 €","16,50 €/Kg"
Mistura para coelhos,Rac.zezere,Embalagem de 5 kg,"3,99 €","0,80 €/Kg"
Spray tira gorduras,PorSi,Embalagem de 750 ml,"1,29 €","1,72 €/L"
Dawnut de chocolate,Pastelaria do Dia,1 unidade = 60 g,"0,69 €","0,69 €/Unidade"
Vinho Vinha da Fonte Setúbal branco,Casa Ermelinda Freitas,Garrafa de 0.75 l,"7,99 €","10,65 €/L"
"Óleo Visco 5000, 5w40",BP,Embalagem de 4 l,"12,99 €","12,99 €/L"
Vinho de mesa tinto bag in box,Adega grande,Garrafa de 5 l,"4,99 €","1,00 €/L"
"Yofu pedaços, 2 pêssegos, 2 frutas exóticas",Alpro,Embalagem de 4x125 g,"2,99 €","5,98 €/Kg"
Massa de pontinha grossa,Nacional,Embalagem de 250g,"0,89 €","1,78 €/Kg"
Iogurte activia natural,Danone,Embalagem de 4 x 120 g,"2,79 €","6,07 €/Kg"
Creme p/ Calçado Preto,Búfalo,Embalagem de 40 ml,"0,99 €","19,80 €/L"
Refrigerante de cola zero,PorSi,Garrafa de 2 l,"0,79 €","0,40 €/L"
Creme marisco,Knorr,Embalagem de 70g,"0,69 €","11,13 €/Kg"
Feijão frade,Compal,Lata de 410 ml,"1,79 €","2,29 €/Kg"
"Jogo de Viagem, Batalha Naval",Hasbro,,"3,49 €","3,49 €/Unidade"
Wc lixivia gel pink,Domestos,Garrafa de 750 ml,"1,79 €","0,36 €/L"
Cereais Corn Flakes Original,Kellogg's,Embalagem de 380g,"3,89 €","7,78 €/Kg"
Esparregado de espinafres,PorSi,Embalagem de 350 g,"1,69 €","1,69 €/Kg"
Ração seca para gato adulto de peixe,PorSi,Embalagem 2 kg,"12,99 €","4,33 €/Kg"
Bebida arroz com cálcio,Rice Dream,Embalagem de 3 x 200 ml,"1,99 €","1,99 €/L"
Caracol com passas,*,90g,"0,69 €","0,69 €/Unidade"
Queijo flamengo,Novacores,Embalagem de 320g,"1,56 €","7,80 €/Kg"
Pêssego Vermelho A,Fruta do Dia,1 un = 150 gr (aprox.),"0,24 €","1,59 €/Kg"
Caffe latte go chill,Delta,230 ml,"3,19 €","25,52 €/Kg"
Tablete de chocolate culinário 70% negro,PorSi,Embalagem de 200 g,"16,67 €/Kg","16,67 €/Kg"
Cereais fitness chocolate preto,Nestle,Embalagem de 375g,"3,29 €","25,50 €/Kg"
Óleo de coco extra virgem,Koala,Garrafa de 180 ml,"3,39 €","3,39 €/L"
Néctar vital equilíbrio frutos vermelhos,Compal,Garrafa de 200 ml,"0,99 €","0,99 €/L"
Crack.c/sal na superficie 560g,GRAN PAVES,Embalagem de 560g,"0,37 €","2,96 €/Kg"
Comida húmida para cão almôndegas,PorSi,Embalagem de 1200 g,"0,69 €","2,30 €/Kg"
Desinfetante álcool gel,PorSi,100 ml,"0,99 €","1,98 €/L"
Iogurte sólido sem lactose morango,Mimosa,Embalagem de 480g,"1,85 €","1,23 €/Kg"
Detergente para loiça plus + limão,Super Pop,Embalagem de 1L,"1,19 €","2,38 €/L"
Brinquedo Banho,Pommette,1 unidade,"4,99 €","4,99 €/Unidade"
Bolo marmore 450g,Branca de Neve,Embalagem de 450g,"1,69 €","8,45 €/L"
Sementes de girassol,PorSi Viva Bem,Embalagem de 200 g,"1,49 €","9,93 €/Kg"
Molho de whisky cocktail,Calve,Garrafa de 250 ml,"0,69 €","2,30 €/Kg"
Queijo fatias -50% de gordura,Limiano,Embalagem de 400g,"1,56 €","7,80 €/Kg"
Tablete chocolate creme de cacau,Milka,Embalagem de 100g,"0,53 €","5,30 €/Kg"
Gel Duche Men Active Clean,Nivea Men,Embalagem de 500 ml,"3,99 €","9,98 €/L"
Alimento húmido de vaca para cão,Purina Beyond,Embalagem de 400 g,"0,69 €","2,30 €/Kg"
Néctar bio laranja,Paquito,"Embalagem de 1,5 l","1,29 €","1,29 €/L"
Batatas fritas lisas originais,Lay's,Embalagem de 282g,"0,99 €","5,35 €/Kg"
15 barrinhas pescada,Pescanova,Embalagem de 450g,"9,30 €/Kg","9,30 €/Kg"
Bolachas cookies 0% açúcares,Artiach,Embalagem de 120 g,"0,89 €","5,93 €/Kg"
Ambientador stick delicias de verão,Air Wick,Embalagem de 1 unidades,"6,99 €","33,29 €/Kg"
Bebida arroz bio,PorSi Bio,Embalagem de 1 litro,"1,29 €","1,29 €/L"
V-protein chocolate,GoldNutrition,Embalagem de 240g,"3,29 €","32,90 €/Kg"
Amaciador para cabelos lisos,Labell,Embalagem de 200 ml,"1,00 €","5,00 €/L"
Creme Mãos Secrets Coco,Dove,75 ml,"2,39 €","39,83 €/L"
Pá York com Couro,Porco,"1 un=2,5 kg aprox.","3,99 €","3,99 €/Kg"
Bebida amêndoa torrada sem açúcar,Alpro,Embalagem de 1 litro,"2,39 €","2,39 €/L"
Fiambre  da Perna Torchonay,Onno,1 un = 150 gr (aprox.),"0,90 €","5,99 €/Kg"
Ambientador vela citronela,PorSi,1 unidade,"6,99 €","33,29 €/Kg"
Boião pura pera,Bledina,Embalagem de 4 x 100 g,"0,69 €","7,67 €/Kg"
"Fermento em pó, lata",Royal,Embalagem de 110g,"1,49 €","13,55 €/Kg"
4 Esferográficas Inkjoy Cores Sortidas,Papermate,,"4,69 €","4,69 €/Unidade"
Feijão manteiga,PorSi,Embalagem de 500g,"0,99 €","1,98 €/Kg"
Agrião,PorSi,Vendido ao peso,"0,66 €","2,19 €/Kg"
Filetes de cavala em azeite,PorSi,Embalagem de 120 g,"9,08 €/Kg","9,08 €/Kg"
Bolachas digestive finas de chocolate de leite,Triunfo,Embalagem de 170 g,"0,75 €","5,00 €/Kg"
Piscina criança c/ repuxo,Bestway,Dim.: Ø 152 cm,"2,99 €","2,99 €/Unidade"
"Fita de Embalar Transparente, 50mmx66m",Vito,1 unidade,"3,49 €","116,33 €/Kg"
Caldeirada de bacalhau,PorSi,Embalagem de 1 kg,"5,99 €","7,49 €/Kg"
Loção corporal sport 2 power,FA,Embalagem de 400 ml,"2,99 €","7,48 €/L"
Creme Depilatório Peles Sensíveis,Veet,Embalagem de 200 ml,"12,39 €","12,39 €/Unidade"
Batata frita forno camponesas,Lay's,Embalagem de 130g,"1,19 €","6,43 €/Kg"
Desumidificador e Ambientador Maçã,HUMYDRY,embalagem de 75g,"5,99 €","26,62 €/Kg"
Pensos com Abas de Noite,Ausonia,embalagem com 9 un.,"4,99 €","4,99 €/Unidade"
Ambientador para carro recarga for her,Ambipur,1 unidade,"1,99 €","1,99 €/Unidade"
Refrigerante com gás de laranja,Sumol,"Garrafa de 1,25 l","0,79 €","0,40 €/L"
Tostas suecas integrais,PorSi,Embalagem de 225 g,"2,29 €","6,54 €/Kg"
Papel higiénico branco 2 folhas,PorSi,48 rolos,"1,99 €","1,99 €/Unidade"
Arroz vaporizado,Pato real,Embalagem de 1kg,"0,99 €","0,99 €/Kg"
Creme depilatório para peles sensíveis,Labell,Embalagem de 200 ml,"10,99 €","73,27 €/L"
Manteiga amendoim cremosa,Calve,Embalagem de 350g,"4,19 €","12,32 €/Kg"
Bolacha waffer bites avelã,Waferland,Embalagem de 125g,"0,89 €","4,24 €/Kg"
Preparado de bolo de chocolate,PorSi,500 g,"1,69 €","8,45 €/L"
Coca-cola zero sem cafeína,Coca-Cola,"Garrafa de 1,75 l","0,79 €","0,40 €/L"
Cillit bang limpa vidros,Cillitbang,Garrafa de 500 ml,"3,19 €","6,38 €/L"
Gelatina morango 8 kcal,PorSi,Embalagem de 4 x 100 g,"0,89 €","2,23 €/Kg"
"Vinho rosé, região península de setúbal, bag in box",Dom Campos,Garrafa de 5 l,"8,99 €","1,80 €/L"
Tira Nódoas Brancos em Gel,Skip,"1,6 l","7,99 €","38,05 €/Kg"
Vermute rosso,Martini,Embalagem de 10x6 cl,"21,99 €","31,41 €/L"
"Refrigerante sem gás, maracujá e la",Joi,"Garrafa de 1,5 l","0,99 €","0,66 €/L"
Morcela assar fundao,PorSi,Embalagem de 250g,"1,49 €","7,45 €/Kg"
6 Preservativos Adapta Nature,Control,,"4,49 €","4,49 €/Unidade"
Jameson caskmates ipa 70cl,Jameson,Garrafa de 700 ml,"23,49 €","23,49 €/L"
Pré-lavagem power gel,Vanish,Garrafa de 200 ml,"9,79 €","2,07 €/Kg"
Couve coração bio,PorSi Bio,400 g (aprox.),"2,29 €","2,29 €/Kg"
Spray power&shine multiusos c/ lixívia,Cif,Garrafa de 750 ml,"0,79 €","0,79 €/L"
Peito,Borrego,1 un = 500 gr (aprox.),"15,74 €","10,49 €/Kg"
20 saquetas chá de frutos silvestres,Lipton,Embalagem de 30g,"44,50 €/Kg","44,50 €/Kg"
Iogurte infantil c/ drageias coloridas,PorSi,140 g,"0,99 €","1,76 €/L"
Iogurte líquido yoggi morango/banana,Nestle,Embalagem de 4 x 160 g,"1,19 €","1,86 €/Kg"
Pudim de chocolate,PorSi,Embalagem de 110g,"0,59 €","29,50 €/Kg"
Formas de alumínio redondas 650 ml,PorSi,5 unidades,"1,19 €","1,19 €/Unidade"
Vinho verde branco alvarinho,Contacto,Garrafa de 0.75 l,"2,99 €","2,99 €/L"
Queijoj parmigiano reggiano cunha,Parmareggio,Embalagem de 150g,"1,29 €","5,16 €/Kg"
O cacau puro,Cemporcent,Embalagem de 200g,"2,29 €","11,45 €/Kg"
Mostarda de Dijon,PorSi Select,190 g,"0,69 €","2,30 €/Kg"
Tábua de engomar,PorSi,Dim.: 120 x 38 cm,"27,99 €","27,99 €/Unidade"
Vinho verde branco,3 marias,Garrafa de 1 l,"2,99 €","2,99 €/L"
Lava Tudo Brilhante Floral,Sonasol,"embalagem 1,1L","0,98 €","0,49 €/L"
Pudim Rico em Proteína de Chocolate,Ehrmann,Embalagem de 200g,"1,19 €","2,59 €/Kg"
Vinho do Porto 10 anos,Cruz,"Garrafa de 0,75L c/ Caixa de Madeira","10,99 €","14,65 €/L"
Vinagre balsâmico modena,Gallo,Garrafa de 250 ml,"0,35 €","0,70 €/L"
50 nuggets de frango,Capitão Iglo,Embalagem de 1042g,"5,49 €","7,32 €/Kg"
Jaca em calda,Koala,Embalagem de 570g,"1,99 €","2,37 €/Kg"
Atum inteiro fresco,Nossa seleção,Capturado no mar,"4,80 €","11,99 €/Kg"
Filetes de pescada,Pescanova,Embalagem de 400g,"3,69 €","9,23 €/Kg"
Desengordurante multiusos em pistola,Agerul,Embalagem de 750 ml,"3,99 €","5,32 €/L"
Xarope de groselha,Xarão,Garrafa de 1 l,"4,89 €","6,61 €/L"
Cerveja com álcool,Sagres,"Embalagem de 0,33 l","1,99 €/L","1,99 €/L"
Martini fiero,Martini,Garrafa de 750 ml,"11,99 €","11,99 €/L"
Creme Depilatório Peles Sensíveis,Veet,Embalagem de 400 ml,"10,99 €","73,27 €/L"
Maquina depilatório twin lady,Bic,Embalagem de 5 + 1 un.,"5,49 €","5,49 €/Unidade"
Iogurte mix-in nesquik,Nestle,Embalagem de 2 x 115 g,"0,99 €","1,76 €/L"
Magnum mini white mix,Olá,Embalagem de 6 x 55 ml,"5,99 €","16,64 €/L"
Spray limpa vidros,Ajax,Embalagem de 500 ml,"3,19 €","6,38 €/L"
Elixir intense clean,Aquafresh,Embalagem de 500 ml,"4,49 €","8,98 €/L"
Azeitona preta,PorSi,Embalagem de 560 g,"1,79 €","2,29 €/Kg"
20 saquetas infusão de cidreira,Lipton,Embalagem de 20g,"0,85 €","65,38 €/Kg"
Limpa Motores,PorSi,Embalagem de 1 l,"3,79 €","0,76 €/L"
Iogurte grego natural açucarado sem lactose,PorSi Viva Bem,Embalagem de 240g,"0,99 €","1,98 €/Kg"
Tablete de chocolate leite c/ avelãs,Milka,Embalagem de 270g,"10,52 €/Kg","10,52 €/Kg"
"Borracha mini softy, pack de 3 unidades",Maped,1 embalagem,"4,69 €","4,69 €/Unidade"
Spray óleo amêndoas doces,Hidro,Embalagem de 100 ml,"3,99 €","3,99 €/Unidade"
Dessert topping chocolate,Winsenia,Embalagem de 300g,"1,29 €","3,23 €/Kg"
Recarga mopa 1.2 spray max,Vileda,1 unidade,"2,20 €","2,20 €/Unidade"
Pão com Cereais 125 g,Pão do Dia,,"0,18 €","2,25 €/Kg"
Creme Depilatório Peles Sensíveis,Veet,Embalagem de 200 ml,"10,99 €","73,27 €/L"
Smint tin eucalipto,Smint,Embalagem de 35 g,"2,29 €","57,25 €/Kg"
"Alimento húmido para cão, molho",César,Embalagem de 4x100 g,"0,69 €","2,30 €/Kg"
Iogurte oikos pêssego,Danone,Embalagem de 4 x 110g,"1,49 €","2,98 €/Kg"
Mistura de cogumelos,PorSi,Embalagem de 400g,"1,69 €","1,69 €/Kg"
Iogurte líquido infantil morango e banana,PorSi,Pack 6 x 100 g,"1,19 €","1,86 €/Kg"
Champô cabelos lisos,Labell,Embalagem de 250 ml,"5,59 €","13,98 €/L"
Bebida energética,Red Bull,Pack 4 x 0.25 l,"4,99 €","4,99 €/L"
Lenços de bolso 4 folhas,PorSi,Embalagem de 18 x 10 unidades,"0,89 €","0,89 €/Unidade"
30 Sacos de Lixo,Fino,Capacidade: 35L,"1,79 €","1,79 €/Unidade"
Luvas Multi Latex S/M,Vileda,10 unidade,"2,99 €","2,99 €/Unidade"
Detergente Multiusos Spray,Ajax,Garrafa de 500 ml,"1,19 €","0,79 €/L"
Chourico picante beiras,PorSi,Embalagem de 290g,"1,29 €","7,17 €/Kg"
Mini tostas trigo super finas,PorSi,Embalagem de 100 g,"2,29 €","6,54 €/Kg"
Biscoitos integrais aveia e manteiga de amendoim,PorSi Viva Bem,Embalagem de 150g,"0,69 €","3,45 €/Kg"
Asas de Frango,*,1 un = 100 gr (aprox.),"1,05 €","2,99 €/Kg"
Gel WC pro-enzimas,Neoblanc,Embalagem de 700 ml,"2,49 €","3,32 €/L"
"Fita Castanha, 50mmx66m",Vito,1 unidade,"3,49 €","116,33 €/Kg"
Cacau magro em pó,PorSi,Embalagem de 125 g,"1,04 €","8,32 €/Kg"
Manteiga com sal e sem lactose,Mimosa,Embalagem de 250g,"0,99 €","1,98 €/Kg"
Intensificador de perfume em gel para a roupa romanc...,Quanto,300 ml,"9,99 €","33,30 €/L"
Vinho verde rosa aire,Gazela,Garrafa de 750 ml,"2,19 €","2,92 €/L"
Adubo Liquido,Amaflora,475 ml,"4,99 €","10,51 €/L"
Vinho branco frisante,Cacho Fresco,Garrafa de 0.75 l,"2,19 €","2,92 €/L"
"Queijo light, 16 unidades",A Vaca Que Ri,Embalagem de 280g,"2,29 €","19,08 €/Kg"
Doce de frutos do bosque com frutose,Salutem,Embalagem de 330g,"5,99 €","19,97 €/Kg"
Manteiga c/ sal gourmet,Novacores,Embalagem de 250g,"1,69 €","6,76 €/Kg"
Iogurte de morango sem lactose,PorSi Viva Bem,4 x 125 g,"0,99 €","1,98 €/Kg"
Esparguete s/ glúten,Milaneza,Embalagem de 500g,"2,99 €","7,97 €/Kg"
20 saquetas chá verde pure,Lipton,Embalagem de 30g,"85,00 €/Kg","85,00 €/Kg"
Dentifríco 2 em 1 menta fresca,Theramed,Embalagem de 75 ml,"2,89 €","38,53 €/L"
Sementes de girassol,Cemporcent,Embalagem de 150 G,"1,69 €","3,38 €/Kg"
Banheira,Kiokids,62 X 43 X 40 CM,"3,84 €","3,84 €/Unidade"
Crispy burgers de proteína vegetal,Iglo green,Embalagem de 200g,"1,79 €","4,97 €/Kg"
Azeitona galega mista inteira,PorSi,Vendido ao peso a partir de 500 g,"1,29 €","6,14 €/Kg"
Diospiro de  Roer,Programa Origens,1 un = 250 gr  (aprox.),"1,89 €/Kg","1,89 €/Kg"
Melão Amarelo,Fruta do Dia,Vendido ao peso | 1 un = 2.5 kg (aprox.),"2,49 €","2,49 €/Kg"
Lixívia Spray Mousse,Neoblanc,Embalagem de 700ml,"1,79 €","0,36 €/L"
Pêssego amarelo categoria II,*,Vendido ao peso a partir de 300 g,"0,24 €","1,59 €/Kg"
Caras de Bacalhau,Bacalhau,1 un= 300 gr (aprox.),"8,73 €/Kg","8,73 €/Kg"
Maionese Top Down,Calvé,Embalagem de 753 g,"0,69 €","2,30 €/Kg"
Barrinhas pescada com limão sem glúten,Pescanova,Embalagem de 300g,"1,79 €","7,16 €/Kg"
Bolachas vitalday recheio avelã,Gullon,Embalagem de 220g,"2,49 €","8,30 €/Kg"
Fermento padeiro 44g condi,Condi,Embalagem de 40g,"1,49 €","13,55 €/Kg"
Morangos,Programa Origens,1 un = 250 gr  (aprox.),"2,29 €","18,32 €/Kg"
Porto special reserva,Cruz,"garrafa de 0,75 l","10,99 €","14,65 €/L"
Bolacha digestive aveia 258g,Vieira,Embalagem de 258 g,"0,98 €","3,27 €/Kg"
Pensos Higiénicos Fina e Segura Maxi Super,Evax,Embalagem c/ 13 Unidades,"4,99 €","4,99 €/Unidade"
Salmão posta ao natural,PorSi Select,Lata de 120 g,"9,08 €/Kg","9,08 €/Kg"
Crepe maçã e canela,PorSi,Embalagem de 540 g,"2,49 €","7,55 €/Kg"
Café moagem universal brasil,Delta,Embalagem de 220g,"9,76 €/Kg","9,76 €/Kg"
Feijão manteiga,Compal,Lata de 410 ml,"1,79 €","2,29 €/Kg"
"Refresco em pó, tropical",Tang,Embalagem de 30g,"0,69 €","17,25 €/Kg"
Cebola Granel,Programa Origens,1 un = 250 gr  (aprox.),"0,22 €","0,89 €/Kg"
Queijo Picante Beira Baixa DOP,Casa Almeida,Vendido a partir de 250 gr (aprox.),"2,85 €","15,83 €/Kg"
Leite seleccionado leve,Matinal,Garrafa de 1 l,"0,81 €","0,81 €/L"
Limpeza Cozinha Vitro e Placas Spray,Mistolin,500 ml,"1,29 €","1,72 €/L"
Máquina de barbear mach3 power sensitive,Gillette,1 unidade,"1,19 €","4,76 €/L"
Nata uht para bater,Gresso,Garrafa de 200 ml,"0,75 €","3,75 €/L"
Almôndegas,Novilho,1 un = 250 gr  (aprox.),"4,99 €","12,48 €/Kg"
Moelas congeladas,*,Embalagem de 1 kg,"2,99 €","2,99 €/Kg"
Leite condensado cozido,PorSi,Embalagem de 397 g,"1,05 €","2,64 €/Kg"
Vinho branco alentejo,Loios,Garrafa de 750 ml,"2,89 €","3,85 €/L"
Sabonete Deoprotect,Dystron,Embalagem de 80 g,"2,69 €","10,76 €/L"
Vinho regional península de setúbal tinto,J.m.f.,Garrafa de 750 ml,"7,99 €","10,65 €/L"
"Abs odores lavanda, pack 2x150g",Glade,Embalagem de 2x150 g,"16,63 €/L","16,63 €/L"
Gomas bites brilho morango,Fini,Embalagem de 100g,"0,89 €","8,90 €/Kg"
"Alimento para cão adulto bio complex mix, com frango",HappyOne,Embalagem de 4 kg,"22,99 €","1,15 €/Kg"
Doce de morango com frutose,Salutem,Embalagem de 330g,"5,99 €","19,97 €/Kg"
Desodorizante de Pés em Creme,Protex,Embalagem de 100 ml,"5,49 €","36,60 €/L"
Nutella,Nutella,Embalagem de 700g,"4,19 €","12,32 €/Kg"
Compasso Origin 3 peças,Maped,Uma embalagem,"4,69 €","4,69 €/Unidade"
Moscatel de setúbal,Pioneiro,Garrafa de 750 ml,"16,99 €","24,27 €/L"
"Fiambre extra, fatias finas",PorSi,Embalagem de 150 g,"0,90 €","5,99 €/Kg"
Néctar de pera rocha e framboesa do Oeste Algarve,Compal,1 litro,"0,99 €","0,99 €/L"
"Lixívia, perfume fresco",Neoblanc,Embalagem de 4 l,"2,19 €","1,10 €/L"
Spray optimal 7 cozinha,Ajax,500 ml,"1,29 €","1,72 €/L"
Bolacha recheada bocaditos chocolate,Cuetara,Embalagem de 150g,"2,15 €","2,87 €/Kg"
Vinho Verde Loureiro Branco,Aveleda,Garrafa de 0.75 l,"2,99 €","2,99 €/L"
Brócolos congelados,PorSi,Embalagem de 1 kg,"1,69 €","1,69 €/Kg"
Azeite,PorSi,Garrafa de 1 l,"3,19 €","4,25 €/L"
Porto white,Ferreira,Garrafa de 750 ml,"11,99 €","15,99 €/L"
Areia para Gato Absorvente 100% Natural,Friskies,Embalagem de 5 l,"1,19 €","0,24 €/Kg"
Vinho tinto regional alentejano,Tapada do Barão,Garrafa de 0.75 l,"2,89 €","3,85 €/L"
Nabo Roxo sem Rama,Legumes do Dia,1 un = 200 gr (aprox.),"2,29 €","2,29 €/Kg"
"Inseticida, recarga, elétrico, pack 2",Raid,1 embalagem com 2x27ml,"10,49 €","17,48 €/L"
Tablete de chocolate choco jelly,Milka,Embalagem de 250g,"2,29 €","17,62 €/Kg"
Recarga Sabonete Liquido Lavanda,Dettol,250 ml,"0,95 €","1,90 €/L"
Leite Bem Essencial Chocolate,Mimosa,Embalagem de 4 x 200 ml,"0,25 €","1,25 €/L"
Creme para calçado castanho,Splendor,80 ml,"0,99 €","19,80 €/L"
"Salsa em folhas, pacote",Margao,Embalagem de 10g,"0,24 €","0,24 €/Kg"
Cogumelo portobello pequeno,Legumes do Dia,vendido ao peso,"1,89 €","6,30 €/Kg"
Alface Programa Origens,PorSi,Embalagem de 150 g,"0,89 €","0,89 €/Kg"
Ice tea pêssego,Lipton,Garrafa de 2 l,"0,99 €","0,66 €/L"
"Pensos diários respirare, 44 unidades",Carefree,Uma embalagem,"1,89 €","1,89 €/Unidade"
24 etiquetas azuis,Domédia,Uma embalagem,"1,95 €","97,50 €/L"
Infusão de tília,Tetley,Embalagem de 10g,"0,85 €","65,38 €/Kg"
Óleo de girassol,PorSi,garrafa de 3 litros,"3,39 €","3,39 €/L"
Ambientador carro difusor aqua,Ambipur,1 unidade,"1,99 €","1,99 €/Unidade"
Cereja,Programa Origens,,"2,29 €","18,32 €/Kg"
Conjunto Caravan Nº1,Caravan,1 unidade,"14,99 €","14,99 €/Unidade"
Pensos Higiénicos Ultra Air Dry C/ Abas,Ausonia,embalagem com 14 un.,"4,99 €","4,99 €/Unidade"
Bolachas cream cracker doses individuais,Vieira,Embalagem de 180g,"0,37 €","2,96 €/Kg"
Barra s.k chocolate 6x21.5g,Kellogg's,Embalagem de 6X21.5G,"3,29 €","25,50 €/Kg"
Gin dry,Gibson's,Garrafa de 700 ml,"26,99 €","38,56 €/L"
Dentifríco splash morango,Aquafresh,Embalagem de 75 ml,"0,79 €","0,79 €/Unidade"
Kiwi Biológico,PorSi Bio,Emb.: ± 500 g,"0,60 €","2,99 €/Kg"
Gelado magnum mini double framboesa,Olá,Embalagem de 6 x 60 ml,"5,99 €","16,64 €/L"
Entremeada salgada,Prisca,Embalagem de 150g,"1,29 €","16,13 €/Kg"
Bacalhau a bras,PorSi,Embalagem de 300g,"1,79 €","7,16 €/Kg"
Vinho branco regional península de setúbal,Lancers,Garrafa de 750 ml,"7,99 €","10,65 €/L"
Creme bio mãos e unhas,Labell Bio,75 ml,"2,39 €","39,83 €/L"
Chocolate negro 70% cacau bio,Cemporcent,Embalagem de 100g,"2,49 €","19,92 €/Kg"
Queijo curado fatias sem lactose 2x150g,Casteloes,Embalagem de 2x150g,"1,56 €","7,80 €/Kg"
Lixívia para roupa tradicional,Neoblanc,Embalagem de 2 l,"2,19 €","1,10 €/L"
Vela mágica pack de 10 unidades,PorSi,Uma embalagem,"0,49 €","0,49 €/Unidade"
Boudoirs,Du Bois de la Roche,Embalagem de 200 g,"0,69 €","3,45 €/Kg"
Pudim Rico em Proteína de Baunilha,Ehrmann,Embalagem de 200g,"1,19 €","2,59 €/Kg"
Reb. mentol s/acucar 115g,Villa,Embalagem de 120g,"2,29 €","57,25 €/Kg"
Lava tudo para pavimentos de madeira,Ajax,Embalagem de 1 litro,"3,99 €","13,30 €/L"
Gomas favoritos classic,Haribo,Embalagem de 90g,"0,89 €","8,90 €/Kg"
Lombo assado fatiado,PorSi,150 g,"1,99 €","13,27 €/Kg"
4 hamburguers vaca s/ glúten,Capitão Iglo,Embalagem de 320g,"5,49 €","7,32 €/Kg"
Iogurte natural 0%,PorSi Viva Bem,Embalagem de 6 x 125 g,"0,99 €","1,98 €/Kg"
Creme de legumes,Centralrest,Vendido ao peso a partir de 500 g,"1,99 €","2,49 €/Kg"
Água s/ gás frutos vermelhos,Luso,Garrafa de 1 l,"0,89 €","0,18 €/L"
Natas pasteurizadas para bater,Nestle,Embalagem de 200 ml,"0,75 €","3,75 €/L"
Cotonetes para bebé,PorSi,Embalagem com 60 unidades,"0,59 €","0,59 €/Unidade"
Dispensador Manual de Água,Jocca,1 unidade,"16,99 €","16,99 €/Unidade"
Rolo cozinha branco 3 folhas,PorSi,3 rolos,"3,49 €","3,49 €/Unidade"
Mistura solúvel tofina despertar,Nestle,Embalagem de 200g,"0,89 €","3,56 €/Kg"
Vinho Vinha da Fonte Setúbal tinto,Casa Ermelinda Freitas,Garrafa de 0.75 l,"7,99 €","10,65 €/L"
Vinagre de vinho branco,Cristal,Garrafa de 750 ml,"0,35 €","0,70 €/L"
Iogurte pedaços pêssego/alperce,PorSi,Embalagem de 4x125g,"3,99 €","2,00 €/Kg"
Sobremesa gelatina de ananás,PorSi,Embalagem 4X100G,"0,89 €","2,23 €/Kg"
Licor triple seco 16%,Olaias,Garrafa de 1 l,"16,99 €","24,27 €/L"
Vinagre balsâmico de modena gourmet,Gallo,Garrafa de 250 ml,"0,35 €","0,70 €/L"
Batata frita palha,Pala-pala,Embalagem de 250g,"0,87 €","5,44 €/Kg"
Bifes de soja ao natural,Cemporcent,Embalagem de 250g,"2,09 €","8,36 €/Kg"
Repelente de água,PorSi,Embalagem de 250 ml,"3,79 €","0,76 €/L"
Ice tea limão,Lipton,Embalagem de 1L,"0,99 €","0,66 €/L"
Gelado sandwich nata/chocolate,PorSi,Embalagem de 6x100 ml,"5,99 €","16,64 €/L"
Creme dentário sem sabor,Polident,Embalagem de 40 g,"9,69 €","121,13 €/Kg"
Desodorizante spray energy,Labell Men,Embalagem de 200 ml,"1,29 €","6,45 €/L"
Salpicão soja e seitan - enchido 100% vegetal,Cemporcent,Embalagem de 200g,"22,48 €/Kg","22,48 €/Kg"
Néctar vital equilibrio manga/laranja,Compal,Embalagem de 1 l,"0,79 €","2,39 €/L"
Massa folhada retangular,Pasta dia,Embalagem de 250g,"0,89 €","1,78 €/Kg"
"Argolas, brancas, autocolante, 160 unidades, 13 mm",Domédia,1 embalagem,"1,95 €","97,50 €/L"
Chispalhada com feijão,Nobre,Embalagem de 420g,"2,35 €","5,60 €/Kg"
Uno cartas,Mattel,1 unidade,"9,99 €","9,99 €/Unidade"
10 croquetes de carne,PorSi,Embalagem de 300 g,"1,79 €","7,16 €/Kg"
Pedras limão,P.salgadas,Garrafa de 1 l,"1,99 €/L","1,99 €/L"
Leite creme,El mandari,Embalagem de 90g,"0,79 €","5,27 €/Kg"
Espumante cava meio seco reserva,Freixenet,Garrafa de 750 ml,"7,99 €","10,65 €/L"
Gel de Duche Creme Care,Nivea,Embalagem de 750 ml,"3,29 €","13,16 €/L"
Gelatina zero % morango,Koala,Embalagem de 130g,"0,89 €","2,23 €/Kg"
Adoçante em pó,PorSi,250 saquetas,"4,99 €","19,96 €/Kg"
Remov. de Verniz com Esponja,Labell,Embalagem de 75 ml,"1,19 €","4,76 €/L"
Líquido sanitário ação total menta,WC Pato,Embalagem de 750 ml,"2,49 €","3,32 €/L"
Infusão hipericão,Cemporcent,Embalagem de 10 unidades,"0,85 €","65,38 €/Kg"
Manteiga com sal,Milhafre,Embalagem de 250g,"1,69 €","6,76 €/Kg"
Feijão verde,PorSi,Embalagem de 750 g,"1,69 €","1,69 €/Kg"
Atum posta em óleo,Noro,Lata com 110 g,"9,08 €/Kg","9,08 €/Kg"
5 gouaches de cores primárias,Domédia,Uma embalagem,"2,99 €","2,99 €/Unidade"
Croissant de chocolate 100 g,Pastelaria do Dia,,"0,69 €","0,69 €/Unidade"
"Vinagre balsâmico, spray",Paladin,Garrafa de 250 ml,"0,35 €","0,70 €/L"
Saqueta de puré de fruta | maçã + manga + pêssego,PorSi,90 g,"0,69 €","7,67 €/Kg"
Soja polpa fruta,PorSi Viva Bem,Embalagem de 8 x 100 g,"2,99 €","5,98 €/Kg"
Danacol morango,Danone,Embalagem de 6 x 100 g,"4,15 €/Kg","4,15 €/Kg"
Pedaços de tamboril,PorSi,Embalagem de 500G,"3,69 €","9,23 €/Kg"
Cereais corn flakes s/ glúten chocolate,Nestle,Embalagem de 380g,"2,99 €","7,97 €/Kg"
Caderno Agrafado Capa Preta |A4 Pautado,Domédia,1 unidade,"0,99 €","0,99 €/Unidade"
"Iogurte, sabor a morango",PorSi,Embalagem de 4 x 125 g,"1,85 €","1,23 €/Kg"
Barras fitness natural 141g,Nestle,Embalagem de 140g,"3,29 €","25,31 €/Kg"
Fralda cueca T4 - 8 a 14 kg,PorSi,22 unidades,"7,99 €","7,99 €/Unidade"
Pão de Ló Real,Pastelaria do Dia,600 g,"8,99 €","11,24 €/Kg"
Lixívia densa verde,Neoblanc,Embalagem de 1 l,"1,79 €","0,36 €/L"
Guardanapos,PorSi,,"1,29 €","1,29 €/Unidade"
"Limpa vidros cristal, pistola",PorSi,Embalagem de 1 l,"3,19 €","6,38 €/L"
Creme Depilatório Duche Men Peles Normais,Veet,Embalagem com 150 ml,"10,99 €","73,27 €/L"
Bolachas cereais passas e laranja,PorSi,Embalagem de 300 g,"0,89 €","5,93 €/Kg"
Iogurte liquido proteína yopro baunilha/cookies,Yopro,300 g,"5,97 €/Kg","5,97 €/Kg"
Alimento p/ cão adulto bio complex c/ frango,HappyOne,Embalagem de 10 kg,"22,99 €","1,15 €/Kg"
Salsichas de soja,Cemporcent,Embalagem de 390g,"22,48 €/Kg","22,48 €/Kg"
5 manhãzitos choco chips,Manhazitos,Embalagem de 175 g,"1,79 €","5,11 €/Kg"
Arroz carolino malandrinho,Malandrinh,Embalagem de 1 kg,"0,99 €","0,99 €/Kg"
Baton fruit shine morango,Labello,1 Unidade,"0,59 €","0,59 €/Unidade"
Iogurte sólido sem lactose multifrutos,Mimosa,Embalagem de 480g,"1,85 €","1,23 €/Kg"
Caramelos de fruta,Penha,Embalagem de 100g,"1,19 €","4,76 €/Kg"
Gin Rangpur,Tanqueray,Garrafa de 0.70L,"26,99 €","38,56 €/L"
Lamina Descartáveis Platina,Labell,Pack 10 unidades,"1,19 €","4,76 €/L"
Doce morango 284g,ST.DALFOUR,Frasco de 284g,"1,95 €","8,86 €/Kg"
Bolacha diet nature recheio iogurte,Gullon,Embalagem de 220g,"0,89 €","5,06 €/Kg"
Detergente manual roupa,PorSi,Embalagem de 650g,"0,99 €","2,48 €/Kg"
Achocolatado em pó,Nesquik,Embalagem de 800g,"5,29 €","6,61 €/Kg"
Farinha sem fermento t65,PorSi,Embalagem de 5 kg,"1,69 €","1,69 €/Kg"
Queijo regular,Philadelph,Embalagem de 180g,"3,59 €","12,82 €/Kg"
Inseticida multi-insectos,Dum Dum,Garrafa de 400 ml,"2,49 €","24,90 €/Kg"
Iogurtes Corpos Danone Aroma Tutti/Morango/Ananás,Danone,Embalagem de 8 x 120 g,"1,85 €","1,23 €/Kg"
Painho de Sousel,PorSi,"Vendido ao peso, fatiado a partir de 100 gr","2,69 €","13,45 €/Kg"
Gomas de fresas selvagens,Fini,Embalagem 100G,"0,89 €","8,90 €/Kg"
Queijo snack gouda,PorSi,Embalagem de 100g,"1,56 €","7,80 €/Kg"
Empadão de Carne,Centralres,Vendido ao peso,"2,99 €","11,96 €/Kg"
Quanto íris 52d+4x8,Quanto,Garrafa de 1.12 l,"1,99 €","1,00 €/L"
"Sumo 100%, tutti-frutti",PorSi,"Embalagem de 1,5 l","1,19 €","0,79 €/L"
10 compressas de gaze,PorSi,20 x 20 cm,"3,99 €","3,99 €/Unidade"
Sementes de chia,Cemporcent,Embalagem de 150G,"1,69 €","3,38 €/Kg"
20 saquetas chá yellow label,Lipton,Embalagem de 30g,"58,44 €/Kg","58,44 €/Kg"
Café solúvel crema,Nescafe,Embalagem de 200g,"1,45 €","14,50 €/Kg"
Iogurte aroma 0% tutti fruti/coco,Longa vida,Embalagem de 6 x 120 g,"0,99 €","1,32 €/Kg"
Tampão Super,O.B.,1 Embalagem c/32 unidades,"3,99 €","3,99 €/Unidade"
Quarto Dianteiro,Borrego,"1 unidade = +/- 2,5kg","15,74 €","10,49 €/Kg"
Gelado carte d'or tarte limão merengue,Olá,Embalagem de 900 ml,"6,79 €","14,76 €/L"
Arroz estufado,Caçarola,Embalagem de 1 kg,"0,99 €","0,99 €/Kg"
Iogurte sólido sem lactose multifrutos,Mimosa,Embalagem de 480g,"0,99 €","1,98 €/Kg"
Óleo alimentar,PorSi,Garrafão de 3 litros,"3,39 €","3,39 €/L"
Ambientador gel marinho,PorSi,150 g,"16,63 €/L","16,63 €/L"
Pêssego em calda metades,PorSi,Lata com 840 g,"1,99 €","2,37 €/Kg"
Achocolatado em saco,Nesquik,Embalagem de 1 kg,"5,29 €","6,61 €/Kg"
Bolacha wafer baunilha,PorSi,Embalagem de 180g,"0,89 €","4,24 €/Kg"
Leite c/ cacau original,Cacaolat,Garrafa de 1 l,"0,25 €","1,25 €/L"
10 nuggets de frango com cereais integrais,Capitão Iglo,Embalagem de 208 g,"5,49 €","7,32 €/Kg"
Bolachas recheadas com morango e cheesecake,Oreo,Embalagem de 150g,"0,89 €","5,06 €/Kg"
Escova Dentes Suave Limpeza e Frescura,Sensodyne,1 un.,"3,49 €","3,49 €/Unidade"
Discos de algodão para bebé,PorSi,60 unidades,"3,84 €","3,84 €/Unidade"
Wafer cacau cubos,Vieira,Embalagem de 100g,"0,89 €","4,24 €/Kg"
Bloco Sanitário Sólido Aqua,Sonasol,Embalagem de 2x50 g,"2,99 €","74,75 €/Kg"
Massa cuscus,Nacional,Embalagem de 250g,"0,89 €","1,78 €/Kg"
Ice tea de limão,PorSi,"Embalagem de 1,5 l","0,99 €","0,66 €/L"
Bolachas cream cracker sesamo,Vieira,Embalagem de 200g,"0,37 €","2,96 €/Kg"
Batata frita de presunto,PorSi,Embalagem de 185 g,"1,19 €","6,43 €/Kg"
Spray limpeza casa de banho,Cillitbang,Embalagem de 500 ml,"1,79 €","2,39 €/L"
Pera Rocha 60/65,Programa Origens,1 un = 130 gr (aprox.),"0,21 €","1,39 €/Kg"
Arroz agulha,B.sucesso,Embalagem de 1 kg,"0,99 €","0,99 €/Kg"
Gel intimo propolis,Fres&Clean,Embalagem de 250 ml,"2,69 €","10,76 €/L"
"Barra especial k, chocolate de leite",Kellogg's,Embalagem de 130g,"3,29 €","25,31 €/Kg"
Cem porcento-chá infusão sem barriga,Cemporcent,Embalagem de 13g,"58,44 €/Kg","58,44 €/Kg"
Chá verde,PorSi,Embalagem de 37.5 g,"85,00 €/Kg","85,00 €/Kg"
Massa macarronete riscado,Milaneza,Embalagem de 500g,"0,89 €","1,78 €/Kg"
Mão de vaca com grão,Nobre,Embalagem de 420 g,"2,35 €","5,60 €/Kg"
Recarga  para esfregona tiras,PorSi,1 unidade,"0,99 €","0,99 €/Unidade"
"Sabonete sólido, mel",Feno,Embalagem de 360g,"1,89 €","11,81 €/Kg"
Queijo Curado kg,Castelões,1 un = 250 gr  (aprox.),"1,75 €","6,99 €/Kg"
Gomas beijinhos,PorSi,Embalagem de 300 g,"0,89 €","8,90 €/Kg"
Carne de Porco com Ameijoas,Centralres,Vendido ao peso,"2,99 €","11,96 €/Kg"
Guardanapos de 1 folha azuis | dim.: 30 x 29 cm,PorSi,Embalagem com 70 unidades,"1,29 €","1,29 €/Unidade"
Flan de ovos,PorSi,Embalagem 4 x 100 g,"0,49 €","2,45 €/Kg"
Lenços de bolso 4 folhas,PorSi,Embalagem de 15 x 9 unidades,"0,89 €","0,89 €/Unidade"
Fermento,Royal,Embalagem de 230g,"1,49 €","13,55 €/Kg"
Vinho regional alentejano reserva tinto,Encosta das Perdizes,Garrafa de 0.75 l,"2,89 €","3,85 €/L"
Frutos vermelhos,PorSi,Embalagem de 750 g,"2,99 €","3,99 €/Kg"
Lixivia perfume fresco,Neoblanc,Embalagem de 2 l,"2,59 €","1,30 €/L"
Caldo verde,Centralrest,Vendido ao peso a partir de 1 kg,"1,99 €","2,49 €/Kg"
Sardinha em azeite,PorSi Select,Lata de 120 g,"9,08 €/Kg","9,08 €/Kg"
Grão de bico,PorSi,Embalagem de 420g,"1,79 €","2,29 €/Kg"
Lava tudo antibacteriano floral,PorSi,"Garrafa de 1,5 l","0,98 €","0,49 €/L"
"Chá preto, sem cafeína, 10 saquetas",Tetley,Embalagem de 20g,"41,67 €/Kg","41,67 €/Kg"
Gel abrasivo limão,Domestos,Garrafa de 700 ml,"0,99 €","1,32 €/L"
Iogurte magro morango sem lactose,Mimosa,Embalagem de 4x 120 g,"0,99 €","1,98 €/Kg"
Sangria frutos vermelhos,Casal Garcia,Garrafa de 0.75 l,"2,19 €","1,46 €/L"
Cerveja com álcool,Sagres,Lata de 500ml,"1,99 €/L","1,99 €/L"
Vinho verde,Via Latina,Garrafa de 750 ml,"2,99 €","2,99 €/L"
Estendal de roupa com abas alumínio,PorSi,20 metros,"0,79 €","0,79 €/Unidade"
Vinho maduro tinto doc alentejano,P.ravessa,Garrafa de 750 ml,"2,89 €","3,85 €/L"
Fermento de padeiro,Vahine,Embalagem de 20g,"1,49 €","13,55 €/Kg"
Doce de cereja s/ açúcar adicionado,PorSi,Frasco com 220 g,"1,95 €","8,86 €/Kg"
Pensos resistentes à água,PorSi,Embalagem com 15 unidades,"3,99 €","3,99 €/Unidade"
Café com cafeina solúvel,Delta,Embalagem de 20g,"1,45 €","14,50 €/Kg"
Snacks crocantes com bacon,PorSi,Embalagem de 60g,"0,75 €","7,50 €/Kg"
Rolo de Cozinha Branco Eco Compacto,PorSi,2 = 6 Rolos,"3,49 €","3,49 €/Unidade"
"Alimento para cão adulto bio complex, com frango",HappyOne,Embalagem de 4 kg,"22,99 €","1,15 €/Kg"
Ambientador elétrico sensual sandalwood & jasmine + ...,Glade,1 unidade,"3,69 €","3,69 €/Unidade"
Café em cápsulas dolce gusto ardenza,Nescafe,Embalagem de 110g,"59,82 €/Kg","59,82 €/Kg"
Halls vita c morango sem açúcar,Halls,Embalagem de 32 g,"0,89 €","4,45 €/Kg"
Tablete de chocolate de preto,Nestle,Embalagem de 90g,"16,67 €/Kg","16,67 €/Kg"
Gelatina pronta a comer morango,Royal,Embalagem de 4 x 100 g,"0,89 €","2,23 €/Kg"
Gelatina de morango,Royal,Embalagem de 114g,"0,59 €","65,56 €/Kg"
Liégeois Sobremesa de Caramelo,Páturages,Embalagem de 4x100 g,"0,49 €","2,45 €/Kg"
Bolachas soft bakes recheio chocolate,Belvita,Embalagem de 250g,"2,15 €","2,87 €/Kg"
Queijo nisa dop,Monforqj,Embalagem de 300g,"2,85 €","15,83 €/Kg"
"Batata frita, queijo e ervas",PorSi,Embalagem de 190g,"1,19 €","6,43 €/Kg"
Petit gâteau,PorSi,Embalagem de  4 x 80 g,"2,49 €","7,55 €/Kg"
Snacktoon rupy frutos variados,Bledina,Embalagem de 100g,"2,09 €","6,33 €/L"
Manteiga sem sal,Mimosa,Embalagem de 250g,"1,69 €","6,76 €/Kg"
Gelatina tutti-fruti,PorSi,Embalagem de 170g,"0,59 €","65,56 €/Kg"
Bolacha maria,Cuetara,Embalagem de 3 x 200 g + 33% grátis,"1,69 €","2,11 €/Kg"
Cereais cruesli fruta,Quaker,Embalagem de 380g,"3,99 €","10,64 €/Kg"
"Frigideira anti-aderente, 28cm",PorSi,1 unidade,"8,99 €","8,99 €/Unidade"
Farinha de trigo sem fermento t55,PorSi,Embalagem de 1 kg,"1,69 €","1,69 €/Kg"
Cerveja radler,Sagres,Pack 10 x 0.33 L,"5,99 €","3,03 €/L"
Croutons azeite e alho,PorSi,Embalagem de 150g,"2,29 €","6,54 €/Kg"
Elixir junior,Aquafresh,Embalagem de 300 ml,"0,79 €","0,79 €/Unidade"
Farinha de trigo integral,Cemporcent,Embalagem de 500g,"2,29 €","11,45 €/Kg"
Alface folha chen roxa,Programa Origens,Vendido ao peso,"1,20 €","2,99 €/Kg"
Chocolate negro com coco,Cemporcent,Embalagem de 125g,"2,49 €","19,92 €/Kg"
Salva,PorSi,20 g,"0,79 €","15,80 €/Kg"
Creme de coco,Koala,Garrafa de 165 ml,"1,05 €","2,64 €/Kg"
Bolachas de aveia,Triunfo,Embalagem de 190g,"2,49 €","8,30 €/Kg"
"Cera liquida, lava e encera",PorSi,Embalagem de 750 ml,"1,79 €","2,39 €/L"
Gelado tiramisu,PorSi,Embalagem de 900 ml,"6,79 €","14,76 €/L"
Azeite virgem extra clássico,Gallo,Garrafa de 250 ml,"3,19 €","4,25 €/L"
Confetis 80 gr sortido,Mercagranel,Embalagem de 80 gr,"4,99 €","4,99 €/Unidade"
Apple struddel cookies 150g,Dancake,Embalagem de 150G,"0,89 €","5,93 €/Kg"
Moscatel de Douro Reserva,Favaios,Garrafa de 0.75 l,"5,99 €","7,99 €/L"
"Peúga, 47 cm",Juta,,"0,69 €","0,69 €/Unidade"
Copo Galão,Cristal,1 unidade,"1,89 €","1,89 €/Unidade"
Queijo flamengo ralado,PorSi,Embalagem de 200G,"1,56 €","7,80 €/Kg"
Tonic premium indian,Fever-Tree,Garrafa de 500 ml,"4,99 €","4,99 €/L"
Tablete de chocolate negro,Nestle,Embalagem de 100 g,"16,67 €/Kg","16,67 €/Kg"
Renovador de Camurça em Spray Incolor,Búfalo,Embalagem de 250 ml,"2,79 €","13,95 €/L"
"Queijo curado, amanteigado",Paiva,Embalagem de 550g,"1,75 €","6,99 €/Kg"
Cocktail mango,Bar Royal,Garrafa de 750 ml,"7,99 €","10,65 €/L"
Sombrinhas decorativas,PorSi,Embalagem com 25 unidades,"1,39 €","1,39 €/Unidade"
Gel de banho hydra sensitive,Men expert,Embalagem com 300 ml,"3,99 €","9,98 €/L"
"Luvas multiusos relevo antiderrapante, tamanho peque...",PorSi,Embalagem de 1 unidades,"2,99 €","2,99 €/Unidade"
Bacalhau com azeite e alho,PorSi Select,Lata de 120 g,"9,08 €/Kg","9,08 €/Kg"
10 Barrinhas salmão panadas sem glúten,Pescanova,300 g,"1,79 €","7,16 €/Kg"
Romã,Programa Origens,1 un = 250 gr  (aprox.),"1,89 €/Kg","1,89 €/Kg"
Tablete de chocolate leite bubbly,Milka,Embalagem de 90g,"0,53 €","5,30 €/Kg"
Esparguete integral,Cemporcent,Embalagem de 500g,"1,89 €","3,78 €/Kg"
Casa Poliresina,B. Couto,"Dim.: 10x8,8x13,5cm","0,69 €","0,69 €/Unidade"
Vodka,Moskovskay,Garrafa de 700 ml,"11,99 €","11,99 €/L"
Posta de tintureira,PorSi,Embalagem de 500 g,"3,69 €","9,23 €/Kg"
Recarga laminas labs,Gillette,9 unidades,"1,19 €","4,76 €/L"
Costeletas do Lombo,Borrego,1 un = 250 gr  (aprox.),"15,74 €","10,49 €/Kg"
Café dak lak vietnam moagem universal,Sical,Embalagem de 220g,"9,76 €/Kg","9,76 €/Kg"
Couve Flor,Legumes do Dia,Vendido ao peso,"2,29 €","2,29 €/Kg"
Segurelha,PorSi,20 g,"0,79 €","15,80 €/Kg"
Pictionary Portugal,Mattel,1 un.,"9,99 €","9,99 €/Unidade"
Bebida de aveia,Frias,Garrafa de 1 l,"1,99 €","1,99 €/L"
Leite de coco condensado,Koala,Embalagem de 490 g,"1,05 €","2,64 €/Kg"
Pão de forma integral sem côdea,Panrico,Embalagem de 450g,"0,99 €","1,65 €/Kg"
Pensos diários maxi,Carefree,Embalagem com 64 unidades,"1,89 €","1,89 €/Unidade"
Gin dry bombay(40º) 0.70l,Bombay,Garrafa de 700 ml,"26,99 €","38,56 €/L"
Crocantes de frango piri piri 180g,Iglo,Embalagem de 180g,"2,99 €","2,99 €/Kg"
Sopa tailandesa,Knorr,embalagem com 69 g,"0,69 €","11,13 €/Kg"
Alimento seco p/ cão actividade intensa,PorSi,Embalagem de 4kg,"22,99 €","1,15 €/Kg"
Feijão encarnado em frasco,PorSi,frasco de 540 g,"1,79 €","2,29 €/Kg"
Snack bounty single 57g,BOUNTY,Embalagem de 60g,"11,93 €/Kg","11,93 €/Kg"
Rebuçados de café,Villa,Embalagem de 200 g,"1,09 €","4,36 €/Kg"
Corn Flakes,Nacional,Embalagem de 500 g,"3,89 €","7,78 €/Kg"
Tablete de chocolate culinário branco,PorSi,Embalagem de 180 g,"0,99 €","9,90 €/Kg"
Refrigerante c/ gás,Coca-Cola,pack 6 x 0.33 l,"0,79 €","0,40 €/L"
Pastéis de nata,PorSi,Embalagem de 6x60 g,"2,49 €","7,55 €/Kg"
Gambão 20/30,Marisco Congelado,Vendido a partir de 250 (aprox.),"2,00 €","7,98 €/Kg"
Coloração Permanente Louro Cinza Claro 8/1,Bellady,,"6,99 €","6,99 €/Unidade"
Lixívia WC Gel Higienizante,Neoblanc,Embalagem de 700ml,"2,59 €","1,30 €/L"
Iogurte proteína framboesa,Lindahls,Embalagem de 150 g,"5,97 €/Kg","5,97 €/Kg"
"Pasta de arquivo, lombada estreita, cinza",Domédia,1 unidade,"2,29 €","2,29 €/Unidade"
Caldo de galinha 24 cubos,Knorr,Embalagem de 240g,"3,79 €","23,69 €/Kg"
Copo AF. Principe 20Cl,Cristal,1 unidade,"1,89 €","1,89 €/Unidade"
Massa macarronete riscado,Nacional,Embalagem de 500g,"0,89 €","1,78 €/Kg"
Ração seca para gatinhos frango e legumes,PorSi,Embalagem de 2 kg,"12,99 €","4,33 €/Kg"
"Lava tudo antibacteriano lavanda 1,5l",PorSi,Garrafa de 1.5 l,"0,98 €","0,49 €/L"
Maçã Golden 70+ Económica,Fruta do Dia,1 un = 170 gr (aprox.),"0,21 €","1,39 €/Kg"
Leite condensado,Nestle,Embalagem de 370g,"1,05 €","2,64 €/Kg"
Flocos de centeio integral,Cemporcent,Embalagem de 400g,"0,69 €","1,73 €/Kg"
Ab bran flakes,Kellogg's,Embalagem de 375g,"3,89 €","7,78 €/Kg"
Bacalhau à Brás,PorSi,Embalagem de 1 kg,"1,79 €","7,16 €/Kg"
Tomate coração de boi categoria: II,*,Vendido ao peso,"0,38 €","1,89 €/Kg"
Inseticida em Pó Baratas / Formigas,Noxi,Embalagem de 100 g,"2,49 €","24,90 €/Kg"
Croissant simples,PorSi,Embalagem de 400g,"1,79 €","4,48 €/Kg"
Vinho maduro tinto,C.da eira,Garrafa de 250 ml,"0,67 €","2,68 €/L"
Leite e cereais pijama +6 meses,Cerelac,Garrafa de 400 ml,"4,49 €","4,49 €/Kg"
Beterraba Cozida,*,Embalagem de 450 g,"0,62 €","2,49 €/Kg"
Bacalhau Postas,Riberalves,1 Embalagem 800G,"5,99 €","7,49 €/Kg"
Vinho tinto regional alentejano,Galitos,Garrafa de 750 ml,"2,89 €","3,85 €/L"
Bloco Sanitário Poder Activo Pinho,Sonasol,Embalagem de 50 g,"2,99 €","74,75 €/Kg"
Creme para barrar,Nutella,Embalagem de 200 g,"4,19 €","12,32 €/Kg"
Alimento lácteo cereais e baunilha +6 meses,Yogolino,Embalagem de 4 x 100 g,"2,89 €","7,23 €/Kg"
Açúcar de coco bio,Origensbio,Embalagem de 250g,"2,79 €","5,58 €/Kg"
"Lenços de bolso sensi, brancos, 10 unidades",Renova,Uma embalagem de 6x10,"0,89 €","0,89 €/Unidade"
Bolacha maria doces,Vieira,Embalagem de 300g,"1,69 €","2,11 €/Kg"
Rebuçados mel e limão,Halls,Embalagem de 32 g,"0,89 €","4,45 €/Kg"
Leite seleccionado leve,Matinal,pack 3 x 200 ml,"0,81 €","0,81 €/L"
Soja fina,Cemporcent,Embalagem de 400g,"2,29 €","11,45 €/Kg"
"Toalhitas Higiénicas Adulto, 64unidades",Labell,Uma embalagem,"0,69 €","0,69 €/Unidade"
Infusão de menta,Tetley,Embalagem de 10g,"0,85 €","65,38 €/Kg"
Biscoitos integrais aveia e manteiga de amendoim,PorSi Viva Bem,Embalagem de 150g,"1,39 €","10,69 €/Kg"
Tira Nódoas Spray a Seco,Iberia,Embalagem de 200 ml,"7,99 €","38,05 €/Kg"
Areia para gatos aglomerante compacta perfumada,PorSi,Embalagem de 4 kg,"1,19 €","0,24 €/Kg"
Vinho tinto,PorSi,embalagem de 1 litro,"0,67 €","2,68 €/L"
Manteiga magra,Matinal,Embalagem de 250g,"1,69 €","6,76 €/Kg"
Morcela de Ponte de Lima,PorSi,Vendido ao peso a partir de 750 g,"1,49 €","7,45 €/Kg"
Cachaço s/ Osso,Porco,Vendido ao peso a partir de 1 kg,"3,99 €","3,99 €/Kg"
Clara liquida pasteurizado,Dovo,Embalagem de 320 ml,"1,74 €","1,74 €/Unidade"
Adoçante com doseador,PorSi,Embalagem 100 comprimidos,"4,99 €","19,96 €/Kg"
Soja líquido frutos exóticos,PorSi Viva Bem,Embalagem de 4 x 150 ml,"2,99 €","5,98 €/Kg"
Iogurte morango skyr 0%,PorSi Viva Bem,150 g,"5,97 €/Kg","5,97 €/Kg"
Transportadora com porta metálica,Anivite,1 unidade,"8,99 €","8,99 €/Unidade"
Gel de Banho Deeply Nourishing,Dove,Embalagem de 750 ml,"5,99 €","7,99 €/L"
Esfregão de Teflon,Fino,1 unidade,"2,49 €","2,49 €/Unidade"
Toalhitas Refrescantes Rosto e Mãos,PorSi,Embalagem 3 x 10 un.,"1,19 €","1,19 €/Unidade"
Canjinha de Frango do Campo Lusitano,PorSi Select,Embalagem de 750 g (aprox.),"0,60 €","5,99 €/Kg"
Bombons de Chocolate Leite,Merci,Embalagem de 250 g,"2,39 €","47,80 €/Kg"
Lava tudo brilhante madeiras,PorSi,Embalagem de 1.1 litros,"0,98 €","0,49 €/L"
Bebida de Arroz,PorSi Viva Bem,1 l,"1,29 €","1,29 €/L"
Manteiga amendoim com pedaços,Calve,Embalagem de 350g,"4,19 €","12,32 €/Kg"
Cerveja,Kings Bräu,Embalagem de 10x25 cl,"1,99 €/L","1,99 €/L"
"Plasticina Cores Sortidas, 12 barras",Bic,Caixa c/ 6 un.,"1,95 €","97,50 €/L"
C surtido cuetara 420gr.              *8,Cuetara,Embalagem de 420g,"6,83 €/Kg","6,83 €/Kg"
Peskitos de pescada panados,Pescanova,Embalagem de 1 Kg,"9,30 €/Kg","9,30 €/Kg"
"Alimento húmido para cão, galinha e cordeiro",Pedigree,Embalagem de 400g,"0,69 €","2,30 €/Kg"
Toalhitas Activity |Recarga,Dodot,Pack: 4x54 unidades,"1,09 €/Unidade","1,09 €/Unidade"
Inseticida para baratas e formigas,Baygon,Embalagem de 400 ml,"2,49 €","24,90 €/Kg"
Bebida de amêndoa,Frias,Garrafa de 1 l,"1,99 €","1,99 €/L"
Pêssego em calda metades,PorSi,Lata com 420 g,"1,99 €","2,37 €/Kg"
"Bebida láctea especial crescimento, 1-3 anos",Mimosa,Garrafa de 1 l,"0,25 €","1,25 €/L"
Tomate biológico categoria II,PorSi Bio,Vendido ao peso,"0,38 €","1,89 €/Kg"
Trigo integral com mel,Salutem,Embalagem de 250g,"2,29 €","11,45 €/Kg"
Refrigerante sem gás de manga/laran,Joi,"Garrafa de 1,5 l","0,99 €","0,66 €/L"
Nestum aveia e morango,Nestum,Embalagem de 250g,"1,99 €","7,96 €/Kg"
Iogurte magro + gelatina maracujá,Mimosa,Embalagem de 4 x 120 g,"0,99 €","1,32 €/Kg"
Vinho bag-in-box tinto,C.alqueva,Garrafa de 5 l,"8,99 €","1,80 €/L"
Batata Pré-Frita Dauphines,PorSi,500 g,"1,39 €","1,39 €/Kg"
"Martelo Cabo de Borracha, 18mm",Itools,1 unidade,"6,49 €","6,49 €/Unidade"
Feijão catarino,Legumes secos,1 un = 100 gr. (aprox.),"0,29 €","2,89 €/Kg"
Favas ultracongeladas,PorSi,Embalagem de 1 kg,"1,69 €","1,69 €/Kg"
Creme culinário coco,Shoyce,Embalagem de 200 ml,"0,75 €","3,75 €/L"
"Adesivo com suporte, tecido",Hansaplast,1 unidade,"3,99 €","3,99 €/Unidade"
Bolo recheio de chocolate multipack,Chipicao,Embalagem de 230g,"1,79 €","4,48 €/Kg"
Salsicha bockwurst 5 unidades,PorSi,Embalagem de 250g,"0,75 €","3,75 €/Kg"
Vinho verde branco,Aveleda,Garrafa de 750 ml,"2,99 €","2,99 €/L"
Óleo para travões,Redex,Embalagem de 250 ml,"12,99 €","12,99 €/L"
Mini tostas integrais super finas,PorSi,Embalagem de 100 g,"2,29 €","6,54 €/Kg"
Iogurte grego natural magro,PorSi Viva Bem,Embalagem de 1 kg,"0,99 €","1,98 €/Kg"
Gogo SqueeZ Snack Morango,Gogo,Embalagem de 90g,"2,09 €","6,33 €/L"
Gronola de aveia arandos/sementes,Nestle,Embalagem de 300g,"3,29 €","25,50 €/Kg"
Fruta pura maçã banana,Bledina,Embalagem de 4 x 100 g,"0,69 €","7,67 €/Kg"
Pano absorvente,Spontex,1 unidade,"1,69 €","1,69 €/Unidade"
Alface Romana,Legumes do Dia,1 un = 400 g (aprox.),"1,20 €","2,99 €/Kg"
Queijo roquefort,Páturages,Embalagem de 150 g,"1,48 €","7,40 €/Kg"
Rolo de Carne sem Recheio,Novilho,1 un = 500 gr (aprox.),"4,99 €","12,48 €/Kg"
Recarga inseticida elétrico líquido,Raid,45 noites,"10,49 €","17,48 €/L"
Queijo Flamengo Bola,Queijaria de Celorico,Vendido ao peso a partir de 100 g,"1,56 €","7,80 €/Kg"
Perninha de frango,PorSi,Embalagem de 400 g,"1,05 €","2,99 €/Kg"
Aguardente,Alma pura,Garrafa de 0.70 l,"12,79 €","18,27 €/L"
Achocolatado energy,Cola cao,Embalagem de 750g,"5,29 €","6,61 €/Kg"
Puzzle Frozen,Clementoni,2 x 20 peças,"5,99 €/Unidade","5,99 €/Unidade"
Rissóis de carne,Brilha ali,1 unidade = 60 gr,"0,65 €","0,65 €/Unidade"
Pringles hot & spicy,Pringles,Embalagem de 175g,"1,19 €","6,43 €/Kg"
5 douradinhos rústicos,Capitão Iglo,Embalagem de 300g,"1,79 €","7,16 €/Kg"
Iogurte Activia aveia e avelã,Danone,Embalagem de 4 x 120g,"2,79 €","6,07 €/Kg"
Tira Nódoas em Gel Cores,Skip,1.6 l,"7,99 €","38,05 €/Kg"
10 douradinhos vegetais,Iglo green,Embalagem de 280g,"9,30 €/Kg","9,30 €/Kg"
Ambientador vela gota frutos vermelhos,Air Wick,Embalagem de 1 unidades,"6,99 €","33,29 €/Kg"
Vinho maduro branco,Casal da eira,Embalagem de 250 ml,"0,67 €","2,68 €/L"
Ovos de galinha ao ar livre | Classe: M/L,Matinados,6 unidades,"1,74 €","1,74 €/Unidade"
Rolo de cozinha reciclado,PorSi,4 rolos,"3,49 €","3,49 €/Unidade"
Farinha trigo sem fermento,ESPIGA,Embalagem de 5 kg,"1,69 €","1,69 €/Kg"
5 douradinhos rústicos,Capitão Iglo,Embalagem de 300g,"9,30 €/Kg","9,30 €/Kg"
Tomate  67/82,Legumes do Dia,1 un = 150 gr (aprox.),"0,38 €","1,89 €/Kg"
Leite regular 2,Aptamil,Embalagem de 800 g,"20,99 €","26,24 €/Kg"
20 saquetas chá noite tranquila,Lipton,Embalagem de 30g,"58,44 €/Kg","58,44 €/Kg"
Bebida de coco,Shoyce,Pack 3 x 200 ml,"1,99 €","1,99 €/L"
Bebida energética a-zero,Monster,Garrafa de 500 ml,"4,99 €","4,99 €/L"
Doce amoras,ST.DALFOUR,Frasco de 284g,"1,95 €","8,86 €/Kg"
Iogurte natural,Danone,Embalagem de 4 x 120 g,"0,99 €","1,98 €/Kg"
Miolo camarao gig.15/30 250g,Pescanova,Embalagem de 250 g,"8,49 €","24,26 €/Kg"
Café moagem universal angola,Delta,Embalagem de 220g,"9,16 €/Kg","9,16 €/Kg"
Salmão Fumado da Escócia,PorSi Select,Embalagem de 200 g,"2,99 €","19,93 €/Kg"
Loção Sensitive,Baby Dove,Embalagem de 200 ml,"0,59 €","5,90 €/L"
Creme proteção de gengivas,Polident,Embalagem de 40 g,"9,69 €","121,13 €/Kg"
"Creme Hidratante de Dia, pele normal",Bioten,Embalagem de 50 ml,"1,99 €","39,80 €/L"
Lixívia Tradicional,Neoblanc,Embalagem de 4 l,"1,79 €","0,36 €/L"
Refrigerante sem gás laranja,Trina,"Garrafa de 1,5 l","0,99 €","0,66 €/L"
Gelado bomboniera,Olá,Embalagem de 140ML,"5,99 €","16,64 €/L"
Cheerios 375g,Nestle,Embalagem de 380g,"5,07 €/Kg","5,07 €/Kg"
Açúcar mascavado claro,Rar,Embalagem de 500 g,"1,39 €","1,39 €/Kg"
Ambientador vela maçã e canela,PorSi,1 unidade,"6,99 €","33,29 €/Kg"
Arroz agulha,Caçarola,Embalagem de 1 kg,"0,99 €","0,99 €/Kg"
Brandy,Macieira,Garrafa de 1 l,"11,99 €","17,13 €/L"
Lagartos,PorSi,Embalagem de 300 gr,"0,69 €","3,45 €/Kg"
Barra de bolacha com cobertura de chocolate branco e...,Kit kat,Embalagem de 3 x 41.5 g,"0,99 €","9,90 €/Kg"
Tablete de chocolate leite,Nestle,Embalagem de 130g,"0,53 €","5,30 €/Kg"
"Sopa gourmet, cogumelos",Knorr,Embalagem de 60g,"0,69 €","11,13 €/Kg"
Esferográfica Cristal Ouro e Prata x2,Bic,1 unidade,"2,99 €","2,99 €/Unidade"
Moinho 5 pimentas em grão,PorSi,Frasco com 40 g,"0,24 €","0,24 €/Kg"
Gomas brilho,PorSi,Embalagem de 300 g,"0,89 €","8,90 €/Kg"
Fralda Cueca Banho Splashers T3,Dodot,1 Embalagem c/12 unidades,"7,99 €","7,99 €/Unidade"
Azeitona preta descaroçada,CANTOLIVA,Embalagem de 360 g,"1,29 €","6,14 €/Kg"
Magnum amêndoa,Olá,Embalagem de 6 x 55 ml,"5,99 €","16,64 €/L"
Iogurte líquido frutos tropicais,Longa vida,Embalagem de 4 x 160 g,"1,19 €","1,86 €/Kg"
"Máquina Tripla Matrix, + 5 unidades",Labell Men,Uma embalagem,"1,19 €","4,76 €/L"
Choco rice,Cemporcent,Embalagem de 250g,"0,69 €","1,73 €/Kg"
Saqueta de puré de fruta | maçã + banana,PorSi,90 g,"0,69 €","7,67 €/Kg"
Azeitona mista,PorSi,Embalagem de 210g,"1,29 €","6,14 €/Kg"
Ambientador elétrico + recarga alfazema,PorSi,1 unidade,"3,69 €","3,69 €/Unidade"
Fiambre da Pá,Salsicharia Limiana,1 un = 150 gr (aprox.),"0,90 €","5,99 €/Kg"
Receita caseira de jardineira,Nobre,Embalagem de 420g,"2,35 €","5,60 €/Kg"
"Frigideira anti-aderente, 20cm",PorSi,1 unidade,"8,99 €","8,99 €/Unidade"
Lápis de Cor Color'Peps Animal,Maped,Embalagem com 12 un.,"2,99 €","2,99 €/Unidade"
Pá + espanador,PorSi,1 conjunto,"2,20 €","2,20 €/Unidade"
Salsichas frescas de porco,PorSi,Embalagem de 400 g,"2,69 €","7,47 €/Kg"
"Frutorra pimenta, lda- ameixa seca sem caroço",Frutorra,Embalagem de 200g,"0,89 €","4,45 €/Kg"
Bolachas Recheadas Com Chocolate,PRINCE,Embalagem de 178g,"2,15 €","2,87 €/Kg"
Filete de anchovas estendidas,General,Embalagem de 40g,"9,08 €/Kg","9,08 €/Kg"
Sacos lixo eco com atilho 30 litros,PorSi,20 unidades,"1,79 €","1,79 €/Unidade"
Bocadelia atum,La piara,Embalagem de 180g,"9,08 €/Kg","9,08 €/Kg"
"Tira gorduras, recarga",Agerul,Embalagem de 750 ml,"3,99 €","5,32 €/L"
Fita adesiva,PorSi,5m x 2.5 cm,"3,99 €","3,99 €/Unidade"
Fuet extra,PorSi,170 g,"1,29 €","7,17 €/Kg"
Desentupidor express gel elimina odores,Destop,1 litro,"3,99 €","5,32 €/L"
Sangria branca,Don Simon,"Garrafa de 1,5 l","2,19 €","1,46 €/L"
Massa spaghetti tricolore,Milaneza,Embalagem de 500 g,"0,89 €","1,78 €/Kg"
Paloco desfiado do pacifico,Peixe Fresco,Embalagem de 400 g,"8,73 €/Kg","8,73 €/Kg"
Queijo de mistura curado,Seia,Embalagem de 250g,"4,99 €","19,96 €/Kg"
Polvilho doce,PorSi,Embalagem de 500g,"2,99 €","59,80 €/Kg"
Iogurte batido magro com mirtilos sem lactose,Mimosa,4 x 120 g,"0,99 €","1,98 €/Kg"
Plumas de porco preto,PorSi Select,250 g,"3,99 €","3,99 €/Kg"
Refrigerante de lima-limão,Seven-up,"Garrafa de 1,25 l","0,79 €","0,40 €/L"
Bola mistura,Pão do Dia,1 unidade= 80 g,"0,18 €","2,25 €/Kg"
Vinh do porto ruby,Cruz,Garrafa de 750 ml,"6,65 €/L","6,65 €/L"
Amaciador para Roupa Concentrado Aromoterapia Lírio ...,Vernel,Garrafa de 76 Doses,"1,99 €","1,00 €/L"
Queijo mozzarella ralado,PorSi,Embalagem de 200 g,"1,49 €","7,45 €/Kg"
Couve Flor,Programa Origens,1 un = 1 kg (aprox.),"2,29 €","2,29 €/Kg"
"Detergente manual para loiça, maçãs",Super Pop,Garrafa de 700 ml,"1,19 €","2,38 €/L"
Inseticida Elétrico Night&Day Pack Duplo,Raid,Embalagem de 2x300 mg,"10,49 €","17,48 €/L"
Cesto de basket infantil,Dunlop,Altura: 117 cm,"1,69 €","1,69 €/Unidade"
Queijo Ovelha Curado,PorSi,Vendido ao peso a partir de 250 g,"4,37 €","17,49 €/Kg"
Mangericão em vaso,Aroma viva,Embalagem de 1 unidades,"0,79 €","15,80 €/Kg"
Leite uht c/ chocolate,Ucal,Embalagem de 3 x 250 ml,"0,25 €","1,25 €/L"
"Ambientador spray, aerosol, lavanda",Glade,Embalagem de 300 ml,"0,99 €","3,30 €/L"
"Vinho maduro tinto, bag in the box",Silgueiros,Embalagem de 10 l,"0,67 €","2,68 €/L"
Arroz carolino vaporizado,Cacarola,Embalagem de 1 kg,"0,99 €","0,99 €/Kg"
Danacol frutos exóticos,Danone,Embalagem de 6 x 100 g,"4,15 €/Kg","4,15 €/Kg"
Maçã Jonagored 70+,Fruta do Dia,1 un = 150 gr (aprox.),"0,21 €","1,39 €/Kg"
Bandida do pomar maçã 4x25cl,Bandida,Garrafa de 1 l,"1,59 €","3,18 €/L"
Bicarbonato de sódio,Vatel,Embalagem de 400g,"1,49 €","13,55 €/Kg"
Iogurte magro morango,Longa vida,Embalagem de 6 x 120 g,"0,99 €","1,32 €/Kg"
"Bloco sanitário 3 em 1, citrus",Domestos,Embalagem de 40g,"2,99 €","74,75 €/Kg"
"12 lápis de cor, 18cm",Domédia,Uma embalagem,"2,99 €","2,99 €/Unidade"
Chantilly,President,Embalagem de 250 g,"0,75 €","3,75 €/L"
Bolachas crackers s/ sal,Du bois,Embalagem de 500g,"0,37 €","2,96 €/Kg"
Desodorizante roll-on Invisible,Rexona,Embalagem de 50ml,"1,29 €","6,45 €/L"
Tomate pedaços biológico,Guloso,Embalagem de 390g,"3,79 €","23,69 €/Kg"
Bolachas starship chocolate,PorSi,Embalagem de 150g,"0,89 €","5,93 €/Kg"
Cappucinno,PorSi,Embalagem de 125 g,"3,19 €","25,52 €/Kg"
Iogurtes Corpos Danone Pedaços de Pêssego e Maracujá,Danone,Embalagem de 4 x 115 g,"3,99 €","2,00 €/Kg"
Ambientador vela gota baunilha,Air Wick,Embalagem de 1 unidades,"6,99 €","33,29 €/Kg"
Balde de pedal millenium branco,Tatay,1 unidade,"16,99 €","16,99 €/Unidade"
Pensos proteção calos,PorSi,embalagem com 9 unidades,"3,99 €","3,99 €/Unidade"
"Néctar de alperce, tetra",Compal,pack 3 x 200 ml,"0,99 €","0,99 €/L"
"Alimento seco para gato adulto, galinha",Whiskas,"Embalagem de 1,75 kg","12,99 €","4,33 €/Kg"
Queijo curado alho e salsa,Nova Açores,Vendido ao peso,"1,75 €","6,99 €/Kg"
Hambúrguer de cogumelos,Cemporcent,Embalagem de 160g,"22,48 €/Kg","22,48 €/Kg"
Bolachas marítimas clássicas,PorSi Viva Bem,Embalagem de 200g,"2,49 €","8,30 €/Kg"
Cerveja c/ álcool,Sagres,pack 30 x 0.25 L,"1,99 €/L","1,99 €/L"
Pulseira Repelente c/ Citronela,Mercurochrome,,"0,59 €","0,59 €/Unidade"
Doce de amora com frutose,Salutem,Embalagem de 330g,"5,99 €","19,97 €/Kg"
Amido de milho,PorSi,Embalagem de 400g,"1,49 €","13,55 €/Kg"
Cabeça sem Osso,Porco,1 un = 1 kg (aprox.),"0,60 €","5,99 €/Kg"
Arroz carolino,Caçarola,Embalagem de 1kg,"0,99 €","0,99 €/Kg"
Chá infusão nº3 prostal control,Cemporcent,Embalagem de 13g,"58,44 €/Kg","58,44 €/Kg"
Vinagre de sidra,PorSi,500 ml,"0,35 €","0,70 €/L"
12 Macarons Sortidos,PorSi Select,Embalagem de 144 g,"2,49 €","7,55 €/Kg"
Clementinas,Fruta do Dia,1 un = 100 gr (aprox.),"0,47 €","1,89 €/Kg"
Cordon bleu,PorSi,Embalagem de 1 kg,"3,49 €","8,73 €/Kg"
Lambrusco rose,*,Garrafa de 750 ml,"6,39 €","8,52 €/L"
Assento Auto,Bebéconfort,unidade,"69,99 €","69,99 €/Unidade"
Pacote maçã e pêssego,Nestle,Embalagem de 90 g,"0,69 €","7,67 €/Kg"
Inseticida aerossol moscas. melgas e mosquitos,Baygon,Embalagem de 400 ml,"2,49 €","24,90 €/Kg"
Tablete de chocolate branco,Schogetten,Embalagem de 100g,"0,99 €","9,90 €/Kg"
Na-fpequilib/integral 6kg,Nacional,Embalagem de 1 kg,"1,69 €","1,69 €/Kg"
Polvilho azedo,PorSi,Embalagem de 500g,"2,99 €","59,80 €/Kg"
Óleo Beleza N110,Diadermine,Embalagem de 100 ml,"2,99 €","7,48 €/L"
Frango Inteiro Grande,Frango,1 un = 1.6 kg (aprox.),"1,05 €","2,99 €/Kg"
Bloco sanitário power 5 duo blue water ocean,Domestos,Embalagem de 1 unidades,"2,99 €","74,75 €/Kg"
Barrinha Repara Tudo,Pattex,Embalagem de 48 g,"3,49 €","116,33 €/Kg"
Queijo creme de salmão,Philadelph,Embalagem de 150g,"3,59 €","12,82 €/Kg"
Queijo Roquefort AOC 52% M.G,Rocabret,Vendido ao peso a partir de 250 gr,"1,48 €","7,40 €/Kg"
Millet (milho painço),Cemporcent,Embalagem de 500g,"1,89 €","3,78 €/Kg"
Ambientador carro recarga aqua,Ambipur,1 unidade,"1,99 €","1,99 €/Unidade"
Spray power&shine casa de banho,Cif,Garrafa de 750 ml,"0,79 €","0,79 €/L"
Lixívia densa +,Neoblanc,Embalagem de 1 l,"1,79 €","0,36 €/L"
Copos para caipirinha 200 ml,Aj simoes,Embalagem com 12 unidades,"1,19 €","1,19 €/Unidade"
Balões latex rosa,PorSi,Embalagem com 24 unidades,"1,39 €","1,39 €/Unidade"
Pirassununga (38º),Cachaca 51,Garrafa de 700 ml,"17,49 €","24,99 €/L"
Aditivo gasolina sem chumbo,Redex,Embalagem de 250 ml,"4,49 €","17,96 €/L"
Ananás 8 rodelas em calda,Nutry,Lata de 822 g,"1,99 €","2,37 €/Kg"
Vinho tinto reg. alentejano bib 5l,Navegante,Garrafa 5L,"8,99 €","1,80 €/L"
Nata uht light para culinária,PorSi,embalagem de 200 ml,"0,75 €","3,75 €/L"
Pão forma integral sem côdea,PorSi,Embalagem de 450g,"0,99 €","1,65 €/Kg"
Falafel Grão de Bico e Especiarias Green Cuisine,Iglo green,Embalagem de 450g,"1,79 €","4,97 €/Kg"
Iogurte aroma de banana,PorSi,Embalagem de 4x125g,"1,85 €","1,23 €/Kg"
Creme vegetal soja,Planta,Embalagem de 250 gr,"2,09 €","8,36 €/Kg"
Compak Regular Tampões Com Aplicador,Tampax,22 unidades,"3,99 €","3,99 €/Unidade"
Cachaça,Velho do barreiro,Garrafa de 70 cl,"17,49 €","24,99 €/L"
Café nespresso descafeinado intensidade 11,STARBUCKS,Embalagem com 10 unidades,"1,59 €","6,36 €/Kg"
Creme Mãos Secrets Abacate,Dove,75 ml,"2,39 €","39,83 €/L"
Espumante bruto,Cabriz,Garrafa de 750 ml,"7,99 €","10,65 €/L"
Cebola nova,Programa Origens,1 un = 250 gr  (aprox.),"0,22 €","0,89 €/Kg"
Detergente manual de roupa,Omo,Embalagem de 540g,"0,99 €","2,48 €/Kg"
Máquina Depilatória Treasures,Gillette,3 unidades,"5,49 €","5,49 €/Unidade"
"Bebida açucarada  tinto de verão, clássico",Sandevid,"Garrafa de 1,5 l","2,19 €","1,46 €/L"
Queijo meio gordo fatias,Paiva,Embalagem de 180g,"1,56 €","7,80 €/Kg"
Acelgas biológicas,PorSi Bio,350 g (aproximadamente),"0,62 €","2,49 €/Kg"
Leite bem essencial chocolate,Mimosa,Embalagem de 200 ml,"0,25 €","1,25 €/L"
Detergente líquido baby,A+,24 doses,"9,99 €","9,99 €/Unidade"
Aditivo diesel,Redex,Embalagem de 250 ml,"12,99 €","12,99 €/L"
Leite uht sem lactose magro,PorSi Viva Bem,1 litro,"1,99 €","1,99 €/L"
Iogurte morango 000%,PorSi Viva Bem,Embalagem de 4 x 125 g,"0,99 €","1,32 €/Kg"
Couve flor bio,PorSi Bio,950 g (aprox.),"2,29 €","2,29 €/Kg"
Gel Banho Care&Orange,Nivea,Embalagem de 500 ml,"5,99 €","7,99 €/L"
Balões latex azul,PorSi,Embalagem com 24 unidades,"1,39 €","1,39 €/Unidade"
Moscatel de setúbal,Alambre,"Garrafa de 0,75L","5,99 €","7,99 €/L"
Néctar clássico pêssego,Compal,200 ml,"0,99 €","0,99 €/L"
Abóbora Butternut,Programa Origens,1 un = 1 kg (aprox.),"0,89 €","0,89 €/Kg"
"Creme depilatório para duche, peles sensiveis",Veet,Garrafa de 150 ml,"10,99 €","73,27 €/L"
Creme fresco à base de soja p/bater,Alpro,Garrafa de 250 ml,"22,48 €/Kg","22,48 €/Kg"
Leite creme,PorSi,Embalagem de 2x135 g,"0,49 €","2,45 €/Kg"
Bambolitos brancos,PorSi,Embalagem de 150g,"0,75 €","5,00 €/Kg"
Carregador venus snap,Gillette,Embalagem com 2 un.,"12,39 €","12,39 €/Unidade"
Sumo natural de uva preta bio,Cemporcent,Garrafa de 200 ml,"1,99 €","1,99 €/L"
Bloco sanitário com suporte azul,WC Pato,Embalagem de 40 g,"2,99 €","74,75 €/Kg"
Delta cappuccino 10x14g,Delta,Embalagem de 140g,"3,19 €","25,52 €/Kg"
Iogurte líquido morango/banana,PorSi,Embalagem de 4 x 160 g,"1,19 €","1,86 €/Kg"
Pastilhas peppermint,CHICLETS,Embalagem de 17 g,"0,99 €","58,24 €/Kg"
Rolo de Cozinha Multi,Renova,4 Rolos,"3,49 €","3,49 €/Unidade"
Moinho pimenta preta em grão,PorSi,Frasco com 45 g,"0,24 €","0,24 €/Kg"
Bolacha vida equilíbrio ameixa e fibra,Cemporcent,Embalagem de 140g,"1,39 €","10,69 €/Kg"
Esparguete,PorSi,Embalagem de 1 kg,"0,89 €","1,78 €/Kg"
Azeite virgem extra reserva,Gallo,Garrafa de 750 ml,"3,19 €","4,25 €/L"
Creme Depilatório Peles Normais,Veet,Embalagem de 200 ml,"12,39 €","12,39 €/Unidade"
Desentupidor canos,Mr.muscle,Embalagem de 1 l,"3,99 €","5,32 €/L"
Mousse de chocolate,*,140 ml,"1,69 €","12,07 €/L"
Tesoura com tampa,Bebéconfort,1 unidade,"3,84 €","3,84 €/Unidade"
Super Cola para Madeira,Vito,1 unidade,"3,49 €","116,33 €/Kg"
Detergente pastilhas p/ máquina loiça oxyplus,Super Pop,Embalagem de 45 unidades,"2,99 €","2,99 €/Unidade"
"Rolo de cozinha design xxl, 3 rolos",Renova,Embalagem de 3 unidades,"3,49 €","3,49 €/Unidade"
Creme p/ barrar de chocolate e avelã,Milka,Embalagem de 340g,"4,19 €","12,32 €/Kg"
Soja nacos,PorSi Viva Bem,Embalagem de 400 g,"2,09 €","8,36 €/Kg"
"Chave Umbrako, conjunto 10 peças",Itools,1 unidade,"6,49 €","6,49 €/Unidade"
"Fitness granola chocolate, amêndoas e quinoa com 51%...",Nestle,Embalagem de 300 g,"3,29 €","25,50 €/Kg"
"Fita Teflon, 2 Rolos",Itools,1 unidade,"3,49 €","116,33 €/Kg"
Couve Penca (Portuguesa) Programa Origens,PorSi,1 un = 1 kg (aprox.),"2,29 €","2,29 €/Kg"
10 saquetas chá frutos vermelhos,Lipton,Embalagem de 10g,"44,50 €/Kg","44,50 €/Kg"
Contact Ceys,Ceys,1 unidade,"3,49 €","116,33 €/Kg"
Gel Styling Casual Black,Axe,Embalagem de 75 ml,"3,99 €","9,98 €/L"
Queijo curado mistura,PorSi,190 g,"4,99 €","19,96 €/Kg"
Café Torrado em Grão Indonésia,Delta,Embalagem de 220g,"9,16 €/Kg","9,16 €/Kg"
Ambientador recarga delícias de verão,Air Wick,Garrafa de 250 ml,"11,98 €","11,98 €/Unidade"
Vinho tinto,Pias,Garrafa de 5 l,"4,99 €","1,00 €/L"
Pudim Rico em Proteína de Caramelo,Ehrmann,Embalagem de 200g,"1,19 €","2,59 €/Kg"
Feijão encarnado,PorSi,Embalagem de 820 g,"1,79 €","2,29 €/Kg"
Delícia semi-fria cheesecake,Royal,embalagem de 325 g,"1,69 €","8,45 €/L"
Caramelo líquido,Royal,Embalagem de 400g,"1,29 €","3,23 €/Kg"
Pão de leite 8 un.,Bimbo,Embalagem de 280g,"1,79 €","5,11 €/Kg"
Queijo Barra Emmental,*,Vendido ao peso a partir de 200 g,"1,80 €","8,99 €/Kg"
Chocolate branco sem açúcar,Cemporcent,Embalagem de 100g,"2,49 €","19,92 €/Kg"
Coxinhas de frango,PorSi,Embalagem de 360g,"3,49 €","8,73 €/Kg"
Saqueta de puré de fruta | maçã + pêssego + banana +...,PorSi,90 g,"0,69 €","7,67 €/Kg"
The famous grouse ruby cask 700ml/1,F.grouse,Garrafa de 700 ml,"23,49 €","23,49 €/L"
Yofu soja baunilha,Alpro,Embalagem de 500gr,"2,99 €","5,98 €/Kg"
Lixívia para roupa delicada,Vanish,Garrafa de 2 l,"2,19 €","1,10 €/L"
Toalhitas limpa vidros,Cif,20 unidades,"3,19 €","6,38 €/L"
Chispalhada,PorSi,Embalagem de 420 g,"2,35 €","5,60 €/Kg"
Tequila,On Off,Garrafa de 70 cl,"11,99 €","11,99 €/L"
Vinho branco região do Dão,Dharma,Garrafa de 0.75 l,"3,99 €","5,32 €/L"
Cachaço s/ Osso,Porco,,"4,99 €","12,48 €/Kg"
Pimento vermelho biológico,PorSi Bio,500 g (aprox.),"2,80 €","5,59 €/Kg"
8 pães de leite,PorSi,Embalagem de 280 g,"1,79 €","5,11 €/Kg"
Tablete de chocolate leite,Schogetten,Embalagem de 100g,"0,53 €","5,30 €/Kg"
"Lixívia para roupa, azul, tradicional",Neoblanc,Embalagem de 1 l,"1,79 €","0,36 €/L"
Lambrusco tinto,*,Garrafa de 750 ml,"6,39 €","8,52 €/L"
Vinho tinto região da Bairrada,E.2 SANTOS,Garrafa de 750 ml,"2,92 €/L","2,92 €/L"
Macarron Chocolate,Dulcesol,Embalagem de 80G,"2,49 €","8,30 €/Kg"
Luvas Multi Sensitive Médio/Grande,Vileda,40 unidade,"2,99 €","2,99 €/Unidade"
Choco limpo congelado,PorSi,Vendido ao peso a partir de 200 g (aprox.),"4,48 €","12,79 €/Kg"
Autobrilhante castanho,Splendor,Embalagem de 50 ml,"1,99 €","39,80 €/L"
Rolos de papel multiusos 2 folhas,PorSi,1 unidade,"3,49 €","3,49 €/Unidade"
Máquina de barbear sensor excel universal,Gillette,1 unidade,"1,19 €","4,76 €/L"
Licor Limoncello,Vila Massa,"Embalagem de 0,50 l","16,99 €","24,27 €/L"
Nestle bebe natural 4x100g,Nestle,Embalagem de 400g,"2,89 €","7,23 €/Kg"
Toalhitas para bebé melão,PorSi,Embalagem de 60 unidades,"1,09 €/Unidade","1,09 €/Unidade"
Ervilhas,PorSi,Embalagem de 1 kg,"1,69 €","1,69 €/Kg"
Granola + classica,Cemporcent,Embalagem de 375g,"1,89 €","3,78 €/Kg"
Melaço de cana,Cemporcent,Embalagem de 370g,"5,99 €","19,97 €/Kg"
Massa quebrada margarina,PorSi,Embalagem de 230 g,"0,99 €","4,30 €/Kg"
Creme de Cenoura,Sopas Portuguesas,Embalagem de 400 ml,"1,99 €","2,49 €/Kg"
Leite de pastagem biológico meio gordo,Milhafre,1 litro,"0,81 €","0,81 €/L"
Banana da  Madeira,Fruta do Dia,1 un= 200 gr (aprox.),"0,60 €","2,99 €/Kg"
"Mini rissóis de carne, 20 unidades",PorSi,Embalagem de 300 g,"1,79 €","7,16 €/Kg"
Trinca de arroz,PorSi,Embalagem de 1 kg,"22,99 €","1,15 €/Kg"
"Vela em número, nº 3",PorSi,1 unidade,"0,49 €","0,49 €/Unidade"
Cenoura biológica,PorSi Bio,Embalagem de aprox. 600 g,"0,89 €","0,89 €/Kg"
Cheeseburger de frango,Snock,Embalagem de 100 g,"0,08 €","1,39 €/Kg"
Fondue,Novilho,1 un = 250 gr  (aprox.),"6,71 €","8,39 €/Kg"
Couve branca,Legumes do Dia,1 un= 1 kg aprox,"2,29 €","2,29 €/Kg"
Cominhos moídos,PorSi,Embalagem de 35g,"0,24 €","0,24 €/Kg"
Broa de milho doce,Pão do Dia,450 g,"0,18 €","2,25 €/Kg"
Presunto S/Osso,Pata branca,"Vendido ao peso, fatiado a partir de 200 g","2,69 €","13,45 €/Kg"
Pasta dentífrica herbal branqueadora,Colgate,Embalagem de 75 ml,"2,29 €","30,53 €/L"
Mousse cabelo caracois,Labell,Embalagem de 200ml,"3,99 €","15,96 €/L"
Ananás rodelas em sumo,PorSi,Embalagem de 3 x 220 g,"1,99 €","2,37 €/Kg"
Tapa Fugas Radiador,Stp,Embalagem de 300 ml,"12,99 €","12,99 €/L"
Leite seleccionado magro,Matinal,Garrafa de 1 l,"0,81 €","0,81 €/L"
Detergente Liquido Máquina Roupa Coco,Surf,88 doses,"9,79 €","2,07 €/Kg"
Iogurte activia líquido cereais,Danone,Embalagem de 4 x 155 g,"2,79 €","6,07 €/Kg"
Toalhitas de limpeza dupla acção,L'oreal,embalagem de 25 unidades,"3,99 €","3,99 €/Unidade"
Cha infusão vermelho,Cemporcent,Embalagem com 10 saquetas,"58,44 €/Kg","58,44 €/Kg"
Ração para gato júnior com frango,Purina One,Embalagem de 800 g,"12,99 €","4,33 €/Kg"
Ameixa Amarela Categoria II,Programa Origens,Vendido ao peso a partir de 200 g,"0,24 €","1,59 €/Kg"
Wrap frango,Snock,Embalagem de 170g,"0,65 €","0,65 €/Unidade"
Bolacha waffer cacau,Waferland,Embalagem de 175g,"0,89 €","4,24 €/Kg"
Robalo de Viveiro + 700g,Programa Origens,Peixe do mar inteiro,"4,80 €","11,99 €/Kg"
Nestum zero espelta/aveia,Nestum,Embalagem de 250 g,"4,49 €","4,49 €/Kg"
Cocktail limão,Bar Royal,Garrafa de 750 ml,"7,99 €","10,65 €/L"
Iogurte liquido infantil morango,PorSi,Embalagem de 6 x 94 ml,"0,99 €","1,76 €/L"
Leite Nutritivo Azeitona Mítica,Garnier,Embalagem de 250ml,"2,99 €","7,48 €/L"
4 Esferográficas Inkjoy Cores Sortidas,Papermate,,"2,99 €","2,99 €/Unidade"
Adoçante c/ doseador,Canderel,Embalagem de 30g,"4,99 €","19,96 €/Kg"
Adoçante com doseador,PorSi,Embalagem 300 comprimidos,"4,99 €","19,96 €/Kg"
Cereais recheados com chocolate e avelã,PorSi,Embalagem de 400g,"5,07 €/Kg","5,07 €/Kg"
Natas para café,President,Embalagem de 10X10G,"0,75 €","3,75 €/L"
"M&m's drageias de amendoim e chocolate de leite,",M&m's,Embalagem de 200g,"11,98 €/Kg","11,98 €/Kg"
"Agrafos nº24/6, 2000 unidades",Maped,Uma embalagem,"2,29 €","2,29 €/Unidade"
Alimento para cão adulto alta energia,HappyOne,Embalagem de 10 kg,"22,99 €","1,15 €/Kg"
Óleo especial fritura,Fula,Garrafa de 1 l,"3,39 €","3,39 €/L"
Yopro líquido manga,Danone,Embalagem de 300g,"1,19 €","1,86 €/Kg"
Creme vegetal para culinária,PorSi,Embalagem de 1 kg,"2,89 €","2,89 €/Kg"
Cereais cookie crisp,Nestle,Embalagem de 380g,"5,07 €/Kg","5,07 €/Kg"
Mistura vegetais para wok,PorSi,Embalagem de 750g,"1,69 €","1,69 €/Kg"
Ambientador vela baunilha,Glade,1 unidade com 129 g,"6,99 €","33,29 €/Kg"
Baguete de alho,Panike,Embalagem de 350g,"3,40 €/Kg","3,40 €/Kg"
Lixívia Denso-Activa Tradicional p/ Casa e Roupa,Neoblanc,Embalagem de 2 l,"1,79 €","0,36 €/L"
Infusão melhores digestões,Cemporcent,Embalagem de 10 unidades,"0,85 €","65,38 €/Kg"
Condicionador spray penteia fácil,Johnson's Baby,Embalagem de 200 ml,"1,09 €","1,09 €/Unidade"
Spray Limpa Cockpit,Redex,Embalagem de 600 ml + oferta pano micro-fibra,"3,79 €","0,76 €/L"
Vinho regional lisboa branco,Marginal,Garrafa de 750 ml,"4,89 €","6,52 €/L"
Baloiço de metal,Max Smoby,Dim.: 180 cm,"1,69 €","1,69 €/Unidade"
Oatibix aveia,Weetabix,Embalagem de 500g,"2,29 €","11,45 €/Kg"
Panaché,Kings Bräu,"Embalagem de 10x0,25 l","1,59 €","3,18 €/L"
Caramelos e rebuçados,PorSi,Embalagem de 200g,"1,19 €","4,76 €/Kg"
Champô Active Clean,Nivea Men,Embalagem de 250 ml,"3,99 €","9,98 €/L"
Posta Tradicional 9 Meses Cura,Riberalves,Embalagem de 550 g,"5,99 €","7,49 €/Kg"
Bebida amêndoa,Shoyce,Embalagem de 1 litro,"1,99 €","1,99 €/L"
Batata Branca,Legumes do Dia,10 kg,"0,22 €","0,89 €/Kg"
Alimento lácteo maçã morango +8 meses,Yogolino,Embalagem de 90g,"0,69 €","7,67 €/Kg"
Pantagruel leite caramelo (10x),Pantagruel,Embalagem de 200g,"1,04 €","8,32 €/Kg"
"Sabonete líquido de leite de amêndoas, recarga",Palmolive,Embalagem de 300 ml,"0,95 €","1,90 €/L"
Batata Doce,Programa Origens,1 un = 250 gr,"0,22 €","0,89 €/Kg"
Sangria tinta,PorSi,Garrafa de 1.5 litros,"2,19 €","1,46 €/L"
Dettol sabonete líquido frutos do bosque x 12,Dettol,Garrafa de 250 ml,"0,95 €","1,90 €/L"
Pastilha Elástica Bottle Morango,Trident,Embalagem de 82 g,"0,99 €","58,24 €/Kg"
Aguardente Vínica Velha,Curvada de Velha,Garrafa de 70 cl,"12,79 €","18,27 €/L"
Whisky 12 anos,Chivas,Garrafa de 700 ml,"29,99 €","42,84 €/L"
Queijo chevre,Palhais,Embalagem de 180g,"1,89 €","10,50 €/Kg"
Anticongelante vermelho -11,Arbo,Embalagem de 5 l,"3,79 €","0,76 €/L"
Caju bio,*,Vendido ao peso a partir de 200 g,"0,95 €","3,79 €/Kg"
Spray para vidros,PorSi,750 ml,"3,19 €","6,38 €/L"
Cola BricoCeys,Ceys,1 unidade,"3,49 €","116,33 €/Kg"
Queijo de vaca curado light amanteigado,PorSi,+/- 550 g,"1,75 €","6,99 €/Kg"
Proti soja grânulos,Salutem,Embalagem de 400g,"2,09 €","8,36 €/Kg"
Sumo 100% laranja,PorSi,Pack 3 x 200 ml,"1,19 €","0,79 €/L"
Pensos higiénicos liberty normal abas,Evax,Embalagem com 12 un.,"4,99 €","4,99 €/Unidade"
Iogurte activia líquido 0% lima/limão,Danone,Embalagem de 4 x 155 g,"2,79 €","6,07 €/Kg"
Maionese,PorSi,Embalagem de 414 g,"0,69 €","2,30 €/Kg"
Arroz vaporizado,Cigala,Embalagem de 1 kg,"0,99 €","0,99 €/Kg"
Chocolate culinário,Nestle,Embalagem de 200g,"1,04 €","8,32 €/Kg"
Cone baunilha,PorSi,embalagem 6 x 120 ml,"5,99 €","16,64 €/L"
Esferográfica Preta Retratil 0.7mm,Mab,Embalagem com 1 un.,"2,99 €","2,99 €/Unidade"
Gelatina de melancia,Koala,Embalagem de 130g,"0,89 €","2,23 €/Kg"
Canja c/ aletria,Knorr,Embalagem de 70g,"0,69 €","11,13 €/Kg"
Caldo carne 16 cubos,Knorr,Embalagem de 160g,"3,79 €","23,69 €/Kg"
Lipton limão zero pet,Lipton,Garrafa de 2 l,"0,99 €","0,66 €/L"
"Borracha mini softy, pack de 3 unidades",Maped,1 embalagem,"2,99 €","2,99 €/Unidade"
Bacalhau Graúdo Boa Pesca,PorSi,"Vendido ao peso, 1 un= 2.5 kg (aprox.)","8,73 €/Kg","8,73 €/Kg"
Chocolate culinário em pó,PorSi,Embalagem de 125 g,"1,04 €","8,32 €/Kg"
Fruta para bebé 4 frutas +4 meses,Nestle,Embalagem de 90g,"0,69 €","7,67 €/Kg"
"Gel para o cabelo, surf hair pot",Fru style,Embalagem de 150 ml,"3,99 €","15,96 €/L"
Agrafador + 400 agrafos,Domédia,Uma embalagem,"1,95 €","97,50 €/L"
Castanhas,PorSi,Embalagem de 500G,"2,99 €","3,99 €/Kg"
Gel desinfectante de mãos,Top Brands,Garrafa de 75 ml,"0,99 €","1,98 €/L"
Salva Camas 60 x 60 cm,PorSi,Embalagem com 20 un.,"8,49 €","8,49 €/Unidade"
Vinho regional península de setúbal reserva,Periquita,Garrafa de 0.75 l,"7,99 €","10,65 €/L"
Aba c/ Osso,Novilho,Vendido ao peso a partir de 800 g,"6,71 €","8,39 €/Kg"
"Pasta de arquivo, lombada estreita, azul",Domédia,1 unidade,"2,29 €","2,29 €/Unidade"
Nata uht com tomate,Parmalat,Embalagem de 200 ml,"0,75 €","3,75 €/L"
Bolachas com duplo creme,Oreo,Embalagem de 190g,"0,89 €","5,06 €/Kg"
Leite de transição 3 +10 meses,NAN,Embalagem de 800g,"20,99 €","26,24 €/Kg"
Pescoço,Borrego,1 un = 500 gr (aprox.),"15,74 €","10,49 €/Kg"
Bolacha maria ruca doses,Vieira,Embalagem de 300g,"1,89 €","15,75 €/Kg"
Mistolin tira gorduras desinfetante,Mistolin,Garrafa de 550 ml,"1,79 €","2,39 €/L"
Mariscada,PorSi,Embalagem de 800g,"2,19 €","8,59 €/Kg"
Jardineira Novilho,Campicarn,embalagem de 600 g (aprox.),"4,99 €","12,48 €/Kg"
"Rebuçados sem açucar vita c, sabor citrinos",Halls,Embalagem de 32G,"0,89 €","4,45 €/Kg"
Anti-Traça Alimentos,Dum Dum,2 unidades,"3,99 €","117,35 €/Kg"
Cerveja branca,E.damm,Pack 6 x 0.25 l,"1,99 €/L","1,99 €/L"
Tampões Super Plus Compak Pearl,Tampax,16 unidades,"3,99 €","3,99 €/Unidade"
Muesli Frutas,PorSi,500 g,"3,79 €","10,83 €/Kg"
Refrigerante s/ gás flórida,Sunny d,"Garrafa de 1,25 l","0,99 €","0,66 €/L"
Biscoitos de cacau,PorSi,Embalagem de 750g,"0,69 €","3,45 €/Kg"
Mini Tostas de Trigo,PorSi,Embalagem de 350 g,"2,29 €","6,54 €/Kg"
Vinho rosé,C.mendes,Garrafa de 750 ml,"3,99 €","5,32 €/L"
Macchiato café arábica,PorSi,250 ml,"3,19 €","25,52 €/Kg"
Pescoços,Frango,1 un = 200 gr (aprox.),"0,60 €","5,99 €/Kg"
Infusão alcachofra e dente de leão,Cemporcent,Embalagem de 10 unidades,"0,85 €","65,38 €/Kg"
Líquido p/ Radiador Verde 10% Concentração,Arbo,Embalagem de 5 l,"3,79 €","0,76 €/L"
Muesli 3 chocolates,PorSi,500 g,"3,79 €","10,83 €/Kg"
Moscatel Roxo Setúbal,Alambre,Garrafa de 750 ml,"5,99 €","7,99 €/L"
Livro A Minha Mochila de Atividades Azul,Editorial presença,1 unidade,"6,49 €","6,49 €/Unidade"
Ervilhas bio,PorSi Bio,Frasco com 290 g,"2,79 €","5,58 €/Kg"
Queijo fundido vaca que ri palitos light 140g,A Vaca Que Ri,Embalagem de 140g,"2,29 €","19,08 €/Kg"
"Coloração permanente, castanho claro cobre nº54",Nutrisse,1 unidade,"6,99 €","6,99 €/Unidade"
Luva Pele,Itools,1 unidade,"6,49 €","6,49 €/Unidade"
Gelado magnum mini double chocolate e caramelo,Olá,Embalagem de 6 x 60 ml,"5,99 €","16,64 €/L"
Callippo super mix,Olá,Embalagem de 5 x 105 ml,"5,99 €","16,64 €/L"
Detergente liquido loiça limão,PorSi,Garrafa de 1 litro,"1,19 €","2,38 €/L"
Probiótico Actimel Natural 0%,Danone,12 x 100 g,"0,99 €","1,98 €/Kg"
Lentilhas verdes,Cemporcent,Embalagem de 500g,"1,89 €","3,78 €/Kg"
Creme de cenoura,PorSi,Embalagem de 900 g,"1,99 €","2,49 €/Kg"
Sacos lixo eco 100 litros,PorSi,10 unidades,"1,79 €","1,79 €/Unidade"
Sumo delight florida,Sunny d,"Embalagem de 0,5 l","0,99 €","3,19 €/L"
Creme de coentros sem batata,PorSi,800 g,"1,99 €","2,49 €/Kg"
Queijo manchego D.O.P,PorSi Select,Embalagem de 250g,"2,85 €","15,83 €/Kg"
Cesto para a roupa 42 litros,Lifestory,1 unidade,"9,99 €","9,99 €/Unidade"
Sopa de cozido,Knorr,Embalagem de 70g,"0,69 €","11,13 €/Kg"
Molho cervejeira 8 cubos,Knorr,Embalagem de 70g,"3,79 €","23,69 €/Kg"
Vinho DOC Bairrada Tinto,Marquês de Marialva,Garrafa de 0.75 l,"2,92 €/L","2,92 €/L"
Farinha de trigo sem fermento t65,PorSi,Embalagem de 1 kg,"1,69 €","1,69 €/Kg"
Pastilhas limão,Smint,Embalagem de 35 g,"2,29 €","57,25 €/Kg"
Queijo da Ilha DOP Cura 4 Meses,São Jorge,Vendido ao peso a partir de 250 gr,"2,85 €","15,83 €/Kg"
Double espresso go chill,Delta,Garrafa de 230 ml,"3,19 €","25,52 €/Kg"
Chocolate negro 90% cacau bio,Cemporcent,Embalagem de 100g,"2,49 €","19,92 €/Kg"
Ração para gato adulto com bacalhau e legumes,Friskies,Embalagem de 4 kg,"12,99 €","4,33 €/Kg"
Bebida aveia,Alpro,Embalagem de 1 litro,"2,39 €","2,39 €/L"
Marcadores para colorir,Domédia,embalagem com 12 unidades,"4,69 €","4,69 €/Unidade"
Concentrado de laranja,Sunquick,Garrafa de 700 ml,"4,89 €","6,61 €/L"
Vinho branco,PorSi,Bag-in-box de 5 litros,"0,67 €","2,68 €/L"
"Chantilly, spray",Páturages,Embalagem de 250g,"0,75 €","3,75 €/L"
Seitan,Salutem,Embalagem de 300g,"22,48 €/Kg","22,48 €/Kg"
Lic.amendoa amarga zimbro,Zimbro,Garrafa de 0.70L,"16,99 €","24,27 €/L"
Chocolate quente 90 segundos,Lacasa,Embalagem de 350g,"5,29 €","6,61 €/Kg"
Recarga difusor elétrico recarga citronela,Dum Dum,1 unidade,"10,49 €","17,48 €/L"
Tomate  57/102,*,1 un = 200 gr (aprox.),"0,38 €","1,89 €/Kg"
Queijo Curado Amanteigado,Quinta do Convento,Vendido ao peso a partir de 250 g,"1,75 €","6,99 €/Kg"
SuperCeys,Ceys,1 unidade,"3,49 €","116,33 €/Kg"
Morcela de Assar do Fundão,PorSi,"Vendido ao peso, 1 un= 500 g (aprox.)","1,49 €","7,45 €/Kg"
Néctar light manga/laranja,Compal,Garrafa de 200 ml,"0,99 €","0,99 €/L"
"Leite uht, gordo",Serraleite,Embalagem de 1 l,"0,94 €","0,94 €/L"
Gelatina pronta a comer light 10 kcal melancia,Royal,Embalagem de 4 x 100 g,"0,89 €","2,23 €/Kg"
Aguardente Vínica,Mosca,"Garrafa de 0,70L","11,99 €","17,13 €/L"
Camarão 60/80,Cozido de Aquicultura,1 un = 250 (aprox.),"2,00 €","7,99 €/Kg"
Alimento seco para gato de salmão,HappyOne,Embalagem de 2 kg,"12,99 €","4,33 €/Kg"
Chá preto com aroma natural e vitamina C,Lipton,Embalagem de 40g,"41,67 €/Kg","41,67 €/Kg"
Iogurte líquido de morango,Longa vida,Embalagem de 4 x 160 g,"1,19 €","1,86 €/Kg"
Vinho do porto lágrima tinto,Ramos Pinto,"Garrafa de 0,75L","15,99 €","21,32 €/L"
Iogurte liquido sem lactose morango e banana,PorSi Viva Bem,Embalagem de 4 x 160 g,"2,79 €","6,07 €/Kg"
Gelatina morango 10kcal,Royal,Embalagem de 30g,"0,59 €","65,56 €/Kg"
Whisky Single Malt 12 Anos,Cardhu,"Garrafa de 0,70 l","29,99 €","42,84 €/L"
Snack para gato com sabor a frango e fígado Play Tub...,Felix,Embalagem de 50 g,"0,99 €","16,50 €/Kg"
Maçã Golden Premium,*,Calibre: 75/80,"0,21 €","1,39 €/Kg"
Manteiga amendoim cremosa,PorSi,Embalagem de 340g,"4,19 €","12,32 €/Kg"
Iogurte líquido morango,PorSi,Embalagem de 8x160 ml,"1,19 €","1,86 €/Kg"
Favas ultracongeladas,PorSi,Embalagem de 400g,"1,69 €","1,69 €/Kg"
Vinho verde branco loureiro,Q.REGAINHO,Garrafa de 0.75 l,"1,59 €","2,12 €/L"
Creme vegetal culinário,Vaqueiro,Embalagem de 250 g,"1,19 €","5,95 €/L"
Funcho rama,PorSi,20 g,"0,79 €","15,80 €/Kg"
Desodorizante para os Pés Spray,Scholl,Embalagem de 150 ml,"5,49 €","36,60 €/L"
Frutose,Cemporcent,Embalagem de 250g,"1,89 €","3,78 €/Kg"
Cranberry desidratado,Salutem,Embalagem de 100g,"22,48 €/Kg","22,48 €/Kg"
Puré de batata,Maggi,Embalagem de 250g,"1,69 €","1,69 €/Kg"
Salsichas de aves,Nobre,Lata de 200 g,"0,75 €","3,75 €/Kg"
Tapete Trapos 50x200cm,VZT,1 unidade,"3,99 €","3,99 €/Unidade"
Salva camas,Affective,Embalagem com 20 unidades,"8,49 €","8,49 €/Unidade"
Azeite virgem extra seleção,PorSi,Garrafa de 250 ml,"3,19 €","4,25 €/L"
Snack gato salmao,PorSi,Embalagem de 60g,"0,99 €","16,50 €/Kg"
Compasso Origin 3 peças,Maped,Uma embalagem,"2,99 €","2,99 €/Unidade"
Tigelada,Pastelaria do Dia,1 unidade= 180 gr,"0,69 €","0,69 €/Unidade"
Bebida instantânea em pó de soja,Cemporcent,Embalagem de 400g,"1,99 €","1,99 €/L"
Cerveja com álcool,Super Bock,Garrafa de 1 l,"1,99 €/L","1,99 €/L"
Yofu com polpa de fruta,Alpro,Embalagem de 4x125 g,"2,99 €","5,98 €/Kg"
Doce de ameixa com frutose,Salutem,Embalagem de 330g,"5,99 €","19,97 €/Kg"
Nata uht para bater,Parmalat,Embalagem de 200 ml,"0,75 €","3,75 €/L"
Sabonete Própolis,Ach Brito,90 g,"1,89 €","11,81 €/Kg"
Bebida energética,Red Bull,Garrafa de 360 ml,"4,99 €","4,99 €/L"
Flocos de aveia finos integrais,Cemporcent,Embalagem de 400g,"0,69 €","1,73 €/Kg"
"Escova dentes, proteção global suave, 2 unidades",Labell,1 embalagem,"3,49 €","3,49 €/Unidade"
Feijão preto 4/4,Compal,Lata de 850g,"1,79 €","2,29 €/Kg"
Sortido bolacha princesa,Vieira,Embalagem de 400g,"6,83 €/Kg","6,83 €/Kg"
Galão enriquecido com cálcio,Ucal,Embalagem de 1 litro,"1,98 €","2,48 €/L"
Desinfetante Multiusos,Sanytol,Embalagem de 750 ml,"3,99 €","5,32 €/L"
Iogurte líquido laranja,Danone,Embalagem de 6 x 100 g,"4,15 €/Kg","4,15 €/Kg"
Óleo Multigasolina 20W40,Galp,Embalagem de 5 l,"12,99 €","12,99 €/L"
Grelo Nabo Programa Origens,PorSi,1 un= 1 kg (aprox.),"0,66 €","2,19 €/Kg"
Carte d'or cake romantica,Olá,Embalagem de 750 ml,"2,49 €","7,55 €/Kg"
Cereais fitness,Nestle,Embalagem de 380g,"3,29 €","25,50 €/Kg"
Ambientador elétrico pure clean linen + recarga,Glade,1 unidade,"3,69 €","3,69 €/Unidade"
Almôndegas Guisadas,Centralres,Vendido ao peso,"2,99 €","11,96 €/Kg"
Limpa fornos,PorSi,500 ml,"1,79 €","2,39 €/L"
Toalhita Azul,Dodot,Embalagem c/ Tampa | 64 un.,"1,09 €/Unidade","1,09 €/Unidade"
Massa fettuccine,PorSi,Embalagem de 500g,"0,89 €","1,78 €/Kg"
Camarão 20/30,Congelado de Aquicultura,1 un = 250 gr  (aprox.),"2,00 €","7,98 €/Kg"
Leite Bem Essencial morango,Mimosa,Embalagem de 4 x 200 ml,"1,98 €","2,48 €/L"
Leite pastagem uht terra nostra inteiro,Terra Nostra,Garrafa de 1 l,"1,09 €","1,09 €/L"
Linhaça castanha moída,Cemporcent,Embalagem de 200g,"2,29 €","11,45 €/Kg"
Cerveja c/ álcool,Heineken,"Embalagem de 6x0,25 l","1,99 €/L","1,99 €/L"
Lixívia Tradicional,PorSi,Embalagem de 5 l,"1,79 €","0,36 €/L"
Cereais golden e crispy,PorSi,Embalagem de 375 g,"5,07 €/Kg","5,07 €/Kg"
Azeite Virgem Extra Planícies do Sul,Gallo,Garrafa de 0.75 l,"3,19 €","4,25 €/L"
Açorda de camarão,PorSi Select,380 g,"1,79 €","7,16 €/Kg"
Queijo de cabra curado rolo,PorSi,Embalagem de 180 g,"1,89 €","10,50 €/Kg"
Vinho tinto,Alandra,Garrafa de 750 ml,"1,49 €","1,99 €/L"
Mistura solúvel mokambo,Nestle,Embalagem de 200g,"0,89 €","3,56 €/Kg"
Camarão Cozido 20/30,PorSi,1 un = 250 gr  (aprox.),"2,00 €","7,99 €/Kg"
"Hamburgers de porco, 4x80g",PorSi,Embalagem de 320 g,"5,49 €","7,32 €/Kg"
Wc lixivia gel pink,Domestos,Garrafa de 750 ml,"2,59 €","1,30 €/L"
Peito de peru fatias,PorSi,Embalagem de 150g,"1,99 €","9,95 €/Kg"
Mousse frutos vermelhos,Branca de Neve,Embalagem de 130g,"0,79 €","5,27 €/Kg"
Absorvente de odores marine,Brise,Embalagem de 300 ml,"16,63 €/L","16,63 €/L"
Vinho branco península de setúbal,Pioneiro,Garrafa de 0.75 l,"7,99 €","10,65 €/L"
Sacos lixo eco com atilho 50 litros,PorSi,15 unidades,"1,79 €","1,79 €/Unidade"
Penso diário salvaslip multiforma,Evax,embalagem de 34 unidades,"1,89 €","1,89 €/Unidade"
Vinho branco,PorSi,embalagem de  3X187 ml,"0,67 €","2,68 €/L"
Maçã Jonagored 75/80,Programa Origens,1 un = 200 gr (aprox.),"0,21 €","1,39 €/Kg"
Ambientador vela baunilha,PorSi,1 unidade,"6,99 €","33,29 €/Kg"
Bolsinhas Perfumadas Anti Traça de Lavanda,Dum Dum,34 g,"3,99 €","117,35 €/Kg"
Café 5 estrelas grão,Sical,Embalagem de 1 kg,"9,16 €/Kg","9,16 €/Kg"
Chá verde,Tetley,Embalagem de 20g,"85,00 €/Kg","85,00 €/Kg"
Leite UHT Morango sem Lactose,Mimosa,Pack 3 x 250 ml,"1,98 €","2,48 €/L"
Ambientador em stick nordic canadian irish,Opso,50 ml,"16,63 €/L","16,63 €/L"
Ananás em rodelas lata,PorSi,Embalagem de 820g,"1,99 €","2,37 €/Kg"
Camarão moçambique 30/40,PorSi,800 g,"8,49 €","24,26 €/Kg"
Queijo curado de cabra,Seia,Embalagem de 250g,"1,89 €","10,50 €/Kg"
Alimento lácteo alperce +6 meses,Yogolino,Embalagem de 4 x 100 g,"2,89 €","7,23 €/Kg"
Desodorizante roll on dermo invisible,Sanex,Embalagem de 50 ml,"3,99 €","26,60 €/L"
Pensos Incontinência Mulher Lady Super,Tena,30 unidades,"1,99 €","1,99 €/Unidade"
Gelatina pronta a comer anti ox morango,Royal,Embalagem de 4 x 100 g,"0,89 €","2,23 €/Kg"
Queijo Flamengo em Barra,Terra Nostra,1 un = 150 gr (aprox.),"1,56 €","7,80 €/Kg"
Infusão de frutos vermelhos,Tetley,Embalagem de 20g,"44,50 €/Kg","44,50 €/Kg"
Sopa de agrião,PorSi,800 g,"1,99 €","2,49 €/Kg"
Snacks para Cão Markies Mini,Pedigree,Embalagem de 500 g,"0,89 €","4,94 €/Kg"
Inseticida Eléctrico Night & Day,Raid,1 Difusor + 1 Recarga,"10,49 €","17,48 €/L"
Elixir Anti-Tartaro,Listerine,500 ml,"4,49 €","8,98 €/L"
Queijo Flamengo Fatias,PorSi,Embalagem 500G,"1,56 €","7,80 €/Kg"
Concentrado maracujá mix,Sunquick,Garrafa de 580 ml,"4,89 €","6,61 €/L"
Iogurte proteína stracciatella,Lindahls,Embalagem de 150 g,"5,97 €/Kg","5,97 €/Kg"
Inseticida max. baratas e formigas,Raid,Embalagem de 300 ml,"2,49 €","24,90 €/Kg"
Doce light alperce,PorSi,Embalagem de 340g,"2,99 €","8,54 €/Kg"
Curgete biológica,PorSi Bio,1 unidade = 300 gr (aprox.),"1,80 €","5,99 €/Kg"
Abacaxi Maturado Plump Gold,Fruta do Dia,1 un = 2kg ( aprox.),"3,98 €","1,99 €/Kg"
Creme Suavizante Picadas de Insectos,Mercurochrome,Embalagem 50 ml,"0,59 €","0,59 €/Unidade"
Ganchos Perfumados Lavanda,Raid,2 unidades,"3,99 €","117,35 €/Kg"
Milho doce,Bonduelle,Embalagem de 150 g,"1,79 €","2,29 €/Kg"
Jogo de Viagem Conecta 4,Hasbro,,"3,49 €","3,49 €/Unidade"
Cola apanha ratos,Neolar,Embalagem de 200 ml,"2,49 €","24,90 €/Kg"
Skinny latte sem açúcar e sem lactose,STARBUCKS,embalagem de 220 ml,"3,19 €","25,52 €/Kg"
Popietes,Novilho,1 un = 250 gr  (aprox.),"4,99 €","12,48 €/Kg"
Arroz Risotto,PorSi,Embalagem de 1 kg,"0,99 €","0,99 €/Kg"
Pudim morango,Boca Doce,Embalagem de 20g,"0,59 €","29,50 €/Kg"
Queijo Grana Padano Cura 10 Meses,*,Vendido ao peso a partir de 150 g,"1,29 €","5,16 €/Kg"
Sopa de tomate,Knorr,Embalagem de 90g,"0,69 €","11,13 €/Kg"
Feijoada,PorSi,Embalagem de 420 g,"2,35 €","5,60 €/Kg"
Queijo emmental ralado,PorSi Select,Embalagem de 200g,"1,49 €","7,45 €/Kg"
Gel de Banho Silk,Dove,Embalagem de 750 ml,"5,99 €","7,99 €/L"
Espumante cava bruto,Freixenet,pack 3 x 200 ml,"11,99 €","11,99 €/L"
Cogumelos laminados,Ferbar,Embalagem de 290g,"1,79 €","2,29 €/Kg"
Iogurte sabor a coco,PorSi,Embalagem de 4 x 125 g,"1,85 €","1,23 €/Kg"
Chocolate maxi 6 barritas,Kinder,Embalagem de 130g,"2,29 €","17,62 €/Kg"
Gel pure 3 em 1,Garnier,Embalagem de 150 ml,"1,99 €","39,80 €/L"
5 rissóis de leitão,PorSi,Embalagem de 400g,"1,79 €","7,16 €/Kg"
Desodorizante de pés em spray,Protex,Embalagem de 150 ml,"5,49 €","36,60 €/L"
Toalha em rolo papel branco,PorSi,1 Unidade,"2,79 €","2,79 €/Unidade"
Pensos clássicos,PorSi,100 unidades,"3,99 €","3,99 €/Unidade"
"Líquido refrigerante, verde 10%",PorSi,Embalagem de 5 l,"3,79 €","0,76 €/L"
Tarte de Flan,Pastelaria do Dia,embalagem com 650g,"8,99 €","11,24 €/Kg"
Lixívia para roupa delicada,Neoblanc,Embalagem de 1 l,"2,19 €","1,10 €/L"
Farinha para pão rústico,Nacional,Embalagem de 1 kg,"1,69 €","1,69 €/Kg"
"Lixívia para roupa, tradicional verde denso",PorSi,Embalagem de 2L,"1,79 €","0,36 €/L"
Iogurte activia cremoso coco,Danone,Embalagem de 4 x 120 g,"1,49 €","2,98 €/Kg"
Areia para gatos mineral perfumada,PorSi,Embalagem de 5 kg,"1,19 €","0,24 €/Kg"
Batata frita forno originais,Lay's,Embalagem de 150g,"0,87 €","5,44 €/Kg"
Refrigerante  c/ gás regular,Coca-Cola,pack 4 x 1 l,"0,79 €","0,40 €/L"
Anti-Traça Cedro,Dum Dum,2 unidades,"3,99 €","117,35 €/Kg"
Toalhitas limpeza de vidros tripla ação,Ajax,40 unidades,"3,19 €","6,38 €/L"
Gran cruz rosé porto cruz pink,Cruz,Garrafa de 750 ml,"21,99 €","31,41 €/L"
Queijo para barrar light,PorSi Viva Bem,Embalagem de 200g,"2,29 €","19,08 €/Kg"
Aveia natural,Quaker,Embalagem de 500g,"2,99 €","7,97 €/Kg"
Palmiers,PorSi,Embalagem de 300 g,"1,69 €","6,76 €/Kg"
Molho de soja com dispenser,KIKKOMAN,Garrafa de 150 ml,"3,99 €","26,60 €/L"
Aguardente bagaceira,S.domingos,Garrafa de 1 l,"12,79 €","18,27 €/L"
Pão forma sem côdea,PorSi,Embalagem de 450g,"0,99 €","1,65 €/Kg"
Aqua Bomboneira c/ Tampa,Pasabahçe,Dim.: 13cm,"16,99 €","16,99 €/Unidade"
Forma Pão de Ló Antiaderente 28cm,PorSi,1 unidade,"8,99 €","8,99 €/Unidade"
Na-esparguete bio 500g 10kg,Nacional,Embalagem de 500g,"1,69 €","3,38 €/Kg"
Salsichas de porco em lata,PorSi,Embalagem de 200g,"0,75 €","3,75 €/Kg"
Castanhas 80/100,Frutos secos,1 un = 250 gr  (aprox.),"0,95 €","3,79 €/Kg"
"Canas de creme, 4 unidades",Dulcesol,Embalagem de 250g,"1,79 €","4,48 €/Kg"
"Queijo fresco original, 1 unidade de 200 g",Santiago,Embalagem de 200g,"0,99 €","4,95 €/Kg"
Rum 3 anos havan club (40º),Havana,Garrafa de 700 ml,"17,49 €","24,99 €/L"
Iogurte líquido magro frutos vermelhos,PorSi Viva Bem,Embalagem de 4x160 ml,"1,19 €","1,86 €/Kg"
Bife de atum,PorSi,Embalagem de 400 g,"3,69 €","9,23 €/Kg"
"Paezinhos azeite, alho e salsa",PorSi,Embalagem de 160g,"2,29 €","6,54 €/Kg"
Preparado em pó para pudim flan,El mandari,Embalagem de 19.2 g,"1,69 €","8,45 €/L"
Máquina Tripla Mystique + 5 un,Labell,1 embalagem,"12,39 €","12,39 €/Unidade"
"Fraldas Dry Fit, 3-6kg - Tamanho 2",Chicco,Embalagem de 50 unidades,"6,49 €","6,49 €/Unidade"
Feijão encarnado,PorSi,Embalagem de 420 g,"1,79 €","2,29 €/Kg"
Banana Canárias,Fruta do Dia,1 un= 200 gr (aprox.),"0,60 €","2,99 €/Kg"
Arroz de Pato,Centralres,Vendido ao peso,"2,99 €","11,96 €/Kg"
Whisky,F.grouse,Garrafa de 1 litro,"23,49 €","23,49 €/L"
Ambientador aerossol 5 em 1 jasmim,PorSi,300 ml,"0,99 €","3,30 €/L"
Café torrado intensa,Nicola,Embalagem de 250 g,"9,16 €/Kg","9,16 €/Kg"
Emulsão p/ higiene intima sensitive,Dystron,Embalagem com 200 ml,"2,69 €","10,76 €/L"
12 Caldos de carne,PorSi,Embalagem de 127 g,"3,79 €","23,69 €/Kg"
"Café em grão, lote superior",Delta,Embalagem de 1 kg,"9,16 €/Kg","9,16 €/Kg"
Comida húmida para cão de frango e legumes,PorSi,Lata de 400 g,"0,69 €","2,30 €/Kg"
Spaghetti a bolonhesa 350g,Tuttipasta,Embalagem de 350g,"2,15 €","6,14 €/Kg"
"Vela em número, nº 6",PorSi,1 unidade,"0,49 €","0,49 €/Unidade"
Pilhas recarregáveis longa duração AAA HR03 1.2V 800...,Domédia,Embalagem com 4 unidades,"1,59 €","1,59 €/Unidade"
Iogurte líquido yoggi morango,Nestle,Embalagem de 4 x 160 g,"1,19 €","1,86 €/Kg"
Favas,Programa Origens,1 un = 250 gr  (aprox.),"0,62 €","2,49 €/Kg"
Comida húmida para gato duplo prazer com peixe do oc...,Gourmet Gold,Embalagem de 90g,"3,49 €","10,26 €/Kg"
Amido de milho,ESPIGA,Embalagem de 500g,"1,69 €","1,69 €/Kg"
Espumante branco bruto,Campolargo,"Garrafa de 0,75 l","7,99 €","10,65 €/L"
Sobremesa petit gourmand de chocolate,Páturages,Embalagem 6X60G,"0,99 €","1,76 €/L"
Bebida de Soja Natural,PorSi Viva Bem,Pack: 3 x 200 ml,"2,39 €","2,39 €/L"
Desodorizante roll-on Cool & Care,Adidas,Embalagem de 50 ml,"3,99 €","26,60 €/L"
Spray multiusos limpeza amigo dos animais,Xanpa,Embalagem de 750 ml,"2,59 €","1,30 €/L"
Colher de sopa de servir inox,Domédia,1 unidade,"2,99 €","2,99 €/Unidade"
Mousse de chocolate leite,Páturages,Embalagem de 4x60 g,"1,19 €","2,59 €/Kg"
Brandy,Constantin,Garrafa de 700 ml,"11,99 €","17,13 €/L"
Feijao branco fidalgo,Caçarola,Embalagem de 500 g,"0,99 €","1,98 €/Kg"
Creme culinário soja light,Shoyce,Garrafa de 200 ml,"0,75 €","3,75 €/L"
Spray optimal 7 com lixivia,Ajax,Embalagem de 500 ml,"1,79 €","2,39 €/L"
Elíxir Mentol,Listerine,Embalagem de 500 ml + 250 ml,"4,49 €","8,98 €/L"
Vinho rosé regional península de Setúbal,Selecção de Enófilos,Garrafa de 0.75 l,"7,99 €","10,65 €/L"
Groselha,PorSi,Embalagem com 125g,"2,29 €","18,32 €/Kg"
Damasco Programa Origens,PorSi,Vendido ao peso,"2,29 €","18,32 €/Kg"
Maçã Royal Gala 80/85,Programa Origens,1 un = 150 gr (aprox.),"0,21 €","1,39 €/Kg"
Salsa,PorSi,Embalagem de 50g,"0,99 €","19,80 €/Kg"
Comida húmida para cão em saquetas de frango/borrego,Purina One,Embalagem de 400g,"0,69 €","2,30 €/Kg"
Palitos superfinos,PorSi,Embalagem de 400 unidades,"1,49 €","1,49 €/Unidade"
Concentrado manga,Sunquick,Garrafa de 580 ml,"4,89 €","6,61 €/L"
Mix de sementes tradicional,Cemporcent,Embalagem de 250g,"1,89 €","3,78 €/Kg"
Compota ananás 70% fruta,Cemporcent,Embalagem de 260g,"5,99 €","19,97 €/Kg"
Kinder chocolate t24,Kinder,Embalagem de 300g,"2,29 €","17,62 €/Kg"
Óleo Diesel 15w40,PorSi,Embalagem de 5 l,"12,99 €","12,99 €/L"
Infusão nº 10 colestrol,Cemporcent,Embalagem de 10 unidades,"0,85 €","65,38 €/Kg"
Detergentes máquina lavar loiça next generation,PorSi,30 pastilhas,"2,99 €","2,99 €/Unidade"
Recarga Desumidificador Basic,HUMYDRY,embalagem de 3 x 250g,"5,99 €","26,62 €/Kg"
Iogurte sabor pêssego morango e manga,Danone,Embalagem de 8 x 120 g com 1 grátis,"1,85 €","1,23 €/Kg"
Leite uht sem lactose magro,PorSi Viva Bem,1 litro,"0,81 €","0,81 €/L"
Tomates Cereja Kumato Biológicos,PorSi Bio,± 200 g,"0,38 €","1,89 €/Kg"
"Forma papel para bolos, 10. 5cm",PorSi,Embalagem com 60 unidades,"4,99 €","4,99 €/Unidade"
Bicarbonato de sódio,PorSi,Saqueta de 75 g,"1,49 €","13,55 €/Kg"
Creme curgete com hortela,PorSi,Embalagem de 400g,"1,99 €","2,49 €/Kg"
Cerveja com álcool abadia,Super Bock,pack 6 x 0.33 l,"1,99 €/L","1,99 €/L"
Bagas de cranberry,Cemporcent,Embalagem de 125 g,"0,89 €","4,45 €/Kg"
Tangram + Batalha Naval,Clementoni,1 un.,"9,99 €","9,99 €/Unidade"
Sobremesa danette duplo baunilha e caramelo,Danone,Embalagem de 4 x 125 g,"1,19 €","2,59 €/Kg"
Lixívia Spray Mousse,Neoblanc,Embalagem de 700ml,"2,59 €","1,30 €/L"
"Creme para mãos, caixa familiar",Nivea,Embalagem de 250 ml,"2,39 €","39,83 €/L"
Vinho regional tejo,Plexus,Garrafa de 750 ml,"2,19 €","2,92 €/L"
Massas alimentícias laços,PorSi,Embalagem de 500g,"0,89 €","1,78 €/Kg"
"Refrigerante sem gás, maçã",Joi,"Garrafa de 1,5 l","0,99 €","0,66 €/L"
Inseticida Elétrico Melgas e Mosquitos 5 em 1,Dum Dum,1 unidade = 90 noites,"10,49 €","17,48 €/L"
Feijao frade,PorSi,Embalagem de 500g,"0,99 €","1,98 €/Kg"
Super Cola 3 Mini Trio C/ Oferta de 1 Tubo Grátis,Loctite,4 g,"3,49 €","116,33 €/Kg"
Caramelos de leite,Penha,Embalagem de 100g,"2,75 €","11,00 €/Kg"
Irish whiskey original,Bushmills,Garrafa de 700 ml,"23,49 €","23,49 €/L"
Queijo flamengo em Barra,Ilha Azul,"Vendido ao peso, fatiado a partir de 100 gr","1,56 €","7,80 €/Kg"
Alheira de Soja,Prisca,Embalagem de 180 g,"1,49 €","7,45 €/Kg"
Bolachas água e sal doces,Vieira,Embalagem de 170g,"0,98 €","3,27 €/Kg"
Tablete de chocolate de culinária - sem açúcar,PorSi Viva Bem,Embalagem de 100 g,"1,04 €","8,32 €/Kg"
Néctar de laranja e cenoura light,PorSi,Embalagem de 3 x 200 ml,"0,79 €","2,39 €/L"
Bolacha cream cracker,Vieira,Embalagem de 200g,"0,37 €","2,96 €/Kg"
Batido diet iogurte e ananás,Forma+s,Embalagem de 700g,"3,29 €","32,90 €/Kg"
Bloqueadores de portas,Pommette,embalagem com 2 unidades,"1,99 €","1,99 €/Unidade"
Bebida de soja natural,Frias,Garrafa de 1 l,"1,99 €","1,99 €/L"
Porto 10 anos,Valadao,Garrafa de 750 ml,"10,99 €","14,65 €/L"
Cola de Contacto Liquida,Vito,1 unidade,"3,49 €","116,33 €/Kg"
Bolachas chiquilin,Artiach,Embalagem de 180g,"1,69 €","6,76 €/Kg"
Frutapura Pouch Frutos Variados,Bledina,Embalagem de 85g,"2,09 €","6,33 €/L"
Salsichas de Aves Extra Suculentas,Nobre,frasco de 650g,"0,75 €","3,75 €/Kg"
Pastilhas fire canela,CHICLETS,Embalagem de 16 g,"0,99 €","58,24 €/Kg"
Bebida energética,Red Bull,Garrafa de 470 ml,"4,99 €","4,99 €/L"
Berbigão Médio,Marisco Fresco,1 un= 250 gr (aprox.),"4,99 €","4,99 €/Kg"
Preparo para bolo de chocolate,Branca de Neve,Embalagem de 450g,"0,79 €","5,27 €/Kg"
Óleo de girassol,ESPIGA,Garrafa de 1 l,"3,39 €","3,39 €/L"
Tarteletes com recheio avelã,PorSi,Embalagem de 91g,"2,15 €","2,87 €/Kg"
Sumo essencial kids,Compal,pack 3 x 0.11 l,"2,09 €","6,33 €/L"
Filetes primavera alho & ervas,Iglo,Embalagem de 230g,"1,79 €","7,16 €/Kg"
Café em cápsulas Dolce Gusto Sical,Nescafé,64 cápsulas,"59,82 €/Kg","59,82 €/Kg"
"Alimento seco para gato junior, galinha",Whiskas,Embalagem de 350g,"12,99 €","4,33 €/Kg"
Carne p/ Assar,Novilho,Vendido ao peso a partir de 800 g,"6,71 €","8,39 €/Kg"
Queijo Flamengo Bola,Terra Nostra,1 un = 250 gr  (aprox.),"1,56 €","7,80 €/Kg"
Pães de leite,s. tomé,Embalagem de 300 g,"1,79 €","5,11 €/Kg"
Adoçante green em pó,Canderel,Embalagem de 40g,"4,99 €","19,96 €/Kg"
Barras de plasticina pastel,Jovi,6 unidades,"1,95 €","97,50 €/L"
Bolachas maria,PorSi,Embalagem de 800g,"1,69 €","2,11 €/Kg"
Vinho maduro branco,Alorna,Garrafa de 0.75 l,"1,59 €","2,12 €/L"
Alimento lácteo sem açucar com sabor a pêssego/banan...,Yogolino,Embalagem de 4 x 100 gr,"2,89 €","7,23 €/Kg"
Mousse chocolate leite,Alsa,Embalagem de 150g,"0,79 €","5,27 €/Kg"
Bebida de Amêndoa,PorSi Viva Bem,1 litro,"1,99 €","1,99 €/L"
Adoçante em pó stevia,PorSi Viva Bem,Embalagem de 250 g,"4,99 €","19,96 €/Kg"
Paté de sardinha,PorSi,Embalagem de 4 x 22 g,"0,99 €","11,25 €/Kg"
Compasso eco simples,Bic,1 unidade,"1,95 €","97,50 €/L"
Cotonetes 100% biodegradáveis,PorSi,Embalagem de 200 unidades,"0,59 €","0,59 €/Unidade"
Vinho branco regional península de setúbal,Joao pires,Garrafa de 0.75 l,"7,99 €","10,65 €/L"
Nectar vital equilibrio ananás/coco,Compal,Embalagem de 1 l,"0,99 €","0,99 €/L"
Iogurte mix-in chocapic,Nestle,Embalagem de 2 x 118 g,"0,99 €","1,76 €/L"
Bolacha cracker integral,Cuetara,Embalagem de 200g,"0,37 €","2,96 €/Kg"
Bife de peru,PorSi,Embalagem de 400 g,"1,05 €","2,99 €/Kg"
All bran plus,Kellogg's,Embalagem de 500g,"3,89 €","7,78 €/Kg"
Perolas perfumadas floral,PorSi,Embalagem de 275 g,"9,79 €","2,07 €/Kg"
Folhado de salsicha com mostarda,Pastelaria do Dia,110 g,"0,65 €","0,65 €/Unidade"
Bifanas,Porco,Vendido ao peso a partir de 1 kg,"3,99 €","3,99 €/Kg"
Nata uht,Mimosa,embalagem de 200 ml,"0,75 €","3,75 €/L"
Licor de anis,Xarao,Garrafa de 700 ml,"16,99 €","24,27 €/L"
Piscina infantil,Bestway,Dim.: 152 x 38 cm,"2,99 €","2,99 €/Unidade"
Spray Solar Cenoura FP6,Nivea Sun,1 Embalagem 200ml,"13,99 €","69,95 €/L"
Leite s/ lactose meio gordo,Mimosa,Garrafa de 1 l,"1,29 €","1,29 €/L"
Borrego de Leite,Nossa Selecção,1 un = 14 kg (aprox.),"15,74 €","10,49 €/Kg"
Cappucino go chill com aveia biológica,Delta,Embalagem de 230 ml,"3,19 €","25,52 €/Kg"
Detergente Líquido Máquina Roupa Lavanda,Xau,Embalagem com 62 doses,"9,79 €","2,07 €/Kg"
Whisky,J&B,Garrafa de 700 ml,"23,49 €","23,49 €/L"
Amaciador G. Maravilhosa,Ultra Suave,Embalagem de 400 ml,"1,00 €","5,00 €/L"
"Amaciador de roupa, pure",Comfort,Garrafa de 4 l,"8,99 €","2,25 €/L"
Café moagem universal timor,Delta,Embalagem de 220g,"9,76 €/Kg","9,76 €/Kg"
Farinha láctea menos 40% açúcar,Cerelac,Embalagem de 250g,"4,49 €","4,49 €/Kg"
Cereais argolas de mel,PorSi,Embalagem de 375 g,"5,07 €/Kg","5,07 €/Kg"
Iogurte tipo grego stracciatella,PorSi,Embalagem de 500g,"1,49 €","2,98 €/Kg"
"Pasta dentífrica, máxima proteção, fresca",Colgate,Embalagem de 75 ml,"2,29 €","30,53 €/L"
Chouriço fatiado,Campofrio,Embalagem de 80g,"0,80 €","7,99 €/Kg"
20 saquetas chá digestão fácil,Lipton,Embalagem de 30g,"85,00 €/Kg","85,00 €/Kg"
Elixir Total Care Zero,Listerine,Embalagem de 500 ml,"4,49 €","8,98 €/L"
Salsicha Brasileira,Porco,Vendido ao peso,"0,50 €","4,99 €/Kg"
Tablete de chocolate de leite com amêndoas - sem açú...,PorSi Viva Bem,Embalagem de 100 g,"10,52 €/Kg","10,52 €/Kg"
Alimento lácteo maçã morango +8 meses,Yogolino,Embalagem de 90g,"2,89 €","7,23 €/Kg"
Pizza fiambre e queijo,Campofrio,Embalagem de 360g,"0,99 €","4,30 €/Kg"
Proti soja naco,Salutem,Embalagem de 400g,"2,09 €","8,36 €/Kg"
"Massa polir, em bisnaga",Redex,Embalagem de 125 ml,"3,79 €","0,76 €/L"
"Limpa vidros pistola, tripla acção",Ajax,Embalagem de 500 ml,"3,19 €","6,38 €/L"
Caju com piri-piri,Frutos secos,,"0,95 €","3,79 €/Kg"
Costeletas do Cachaço,Porco,Vendido ao peso a partir de 1 kg,"3,99 €","3,99 €/Kg"
Creme de coentros sem batata,PorSi,Embalagem de 900 g,"1,99 €","2,49 €/Kg"
Bebida aveia sem açúcar,Alpro,Embalagem de 1 l,"1,99 €","1,99 €/L"
Néctar de pera,PorSi,Pack 3 x 200 ml,"0,99 €","0,99 €/L"
Iogurte Bifidus Activia Chia Amêndoa 0%,Danone,Embalagem 4x120g,"2,79 €","6,07 €/Kg"
"Vela em número, nº 8",PorSi,1 unidade,"0,49 €","0,49 €/Unidade"
Bolo chocolate,Condi,Embalagem de 450 g,"1,69 €","8,45 €/L"
Rebuçados peitorais,Dr.bayard,Embalagem de 200g,"0,89 €","4,45 €/Kg"
Resguardo para mesa,PorSi,Dim.: 140 x 200 cm,"2,79 €","2,79 €/Unidade"
Tomates Cacho Redondos Biológicos,PorSi Bio,± 400 g,"0,38 €","1,89 €/Kg"
Salada bacon,PorSi,Embalagem de 192 g,"2,35 €","5,60 €/Kg"
Amêijoa Branca Congelada,*,Vendido ao peso a partir de 200 g,"2,00 €","7,98 €/Kg"
Leite pasteurizado gordo,Vigor,Garrafa de 1 l,"1,09 €","1,09 €/L"
Bolachas dinossauros dinoovos,Artiach,Embalagem de 140g,"1,89 €","15,75 €/Kg"
Refresco em pó de morango,Tang,Embalagem de 30g,"0,69 €","17,25 €/Kg"
Tamaras,PorSi,Embalagem de 200g,"0,89 €","4,45 €/Kg"
"Dentífrico Senses Melancia, Pepino e Menta",Aquafresh,75 ml,"2,29 €","30,53 €/L"
Gelatina mirtilo 10kcal 31g,Royal,Embalagem de 30g,"0,59 €","65,56 €/Kg"
Massa de argolinhas,Nacional,Embalagem de 250g,"0,89 €","1,78 €/Kg"
Óleo Performa 10W40,Galp,Embalagem de 5 l,"12,99 €","12,99 €/L"
Batatas mediterrâneas originais,Lay's,Embalagem de 150g,"0,99 €","5,35 €/Kg"
Laranja,Programa Origens,1 un = 180 gr (aprox.),"0,47 €","1,89 €/Kg"
Pensos peles sensíveis sortidos,PorSi,20 unidades,"3,99 €","3,99 €/Unidade"
Vinho regional tejo 3 castas tinto,Fiuza,Garrafa de 750 ml,"4,89 €","6,52 €/L"
Máquina Depilatória Descartável 3 Sensitive,Bic,Embalagem com 4+2 unidades,"12,39 €","12,39 €/Unidade"
Queijo dop cura 4 meses fatias,Sao jorge,Embalagem de 400g,"2,25 €","8,99 €/Kg"
Tomate cherry,*,1 un = 200 gr (aprox.),"0,38 €","1,89 €/Kg"
Cenouras Programa Origens,PorSi,Embalagem de 1 kg,"0,89 €","0,89 €/Kg"
Iogurte liquido stracciatella,PorSi,Embalagem de 4 x 160 g,"1,19 €","1,86 €/Kg"
Cogumelos fatiados,PorSi,Embalagem de 400g,"1,69 €","1,69 €/Kg"
Gomas ositos de oro,Haribo,Embalagem de 100g,"0,89 €","8,90 €/Kg"
Recarga ambientador elétrico rosa bouquet,Air Wick,Embalagem de 1 unidades,"11,98 €","11,98 €/Unidade"
Pepperoni Rodelas,Porminho,Embalagem 2 x 75 g,"2,99 €","19,93 €/Kg"
"Formas de alumínio rectangulares com tampa, 600ml , ...",PorSi,Uma embalagem,"1,39 €","1,39 €/Unidade"
Limpa móveis multissuperfícies,PorSi,Frasco de 300ml,"3,99 €","13,30 €/L"
Bolacha digestive chocolate negro,MCVITIES,Embalagem de 300g,"0,98 €","3,27 €/Kg"
Balões latex brancos,PorSi,Embalagem com 24 unidades,"1,39 €","1,39 €/Unidade"
Cerveja super bock,Super Bock,Pack 6 x 200 ml,"1,99 €/L","1,99 €/L"
Azeite virgem clássico,PorSi,Garrafa de 750 ml,"3,19 €","4,25 €/L"
Vinho frutado branco,Flor do Campo,Garrafa 0.75L,"1,59 €","2,12 €/L"
Régua 50 cm,Mab,1 un.,"2,49 €","2,49 €/Unidade"
Bife da Pá,Novilho,Vendido ao peso a partir de 800 g,"6,71 €","8,39 €/Kg"
Abanico de palha com cabo,Larmil,1 unidade,"0,79 €","0,79 €/Unidade"
Gressinos com azeitonas pretas,PorSi,Embalagem de 250g,"2,29 €","6,54 €/Kg"
Peito peru forno lenha fatias finas,Campofrio,Embalagem de 120g,"1,99 €","9,95 €/Kg"
Massa de cotovelos grandes riscados,Milaneza,Embalagem de 500g,"0,89 €","1,78 €/Kg"
Peito de peru fumado cuida-t +,Nobre,"Vendido ao peso a partir de 100 g, fatiado","1,99 €","9,95 €/Kg"
Leite com chocolate light,Ucal,Embalagem de 6 x 250 ml,"0,25 €","1,25 €/L"
Aperitivos de amendoins sal e mel,Matutano,Embalagem de 70g,"0,75 €","7,50 €/Kg"
"Coloração permanente, castanho tiramissu nº4.15",Nutrisse,1 unidade,"6,99 €","6,99 €/Unidade"
Beterraba s/ Rama,Programa Origens,1 un = 250 gr  (aprox.),"0,62 €","2,49 €/Kg"
Barras de cereais fitness crunchy & caramelo,Nestle,Embalagem de 140g,"3,29 €","25,31 €/Kg"
Café solúvel + cereais,Delta,Embalagem de 200 g,"1,45 €","14,50 €/Kg"
Caneca Vidro Bill 24Cl,Cristal,1 unidade,"1,89 €","1,89 €/Unidade"
Feijão manteiga,PorSi,Frasco com 540 g,"1,79 €","2,29 €/Kg"
Vinho regional alentejano bag-in-box tinto,Galitos,Garrafa de 5 l,"4,99 €","1,00 €/L"
Patê frango,La piara,Embalagem de 80g,"0,99 €","11,25 €/Kg"
Queijo em pó para massas,Hochland,Embalagem de 50 g,"1,49 €","7,45 €/Kg"
Mão,Borrego,1 un = 1 kg (aprox.),"15,74 €","10,49 €/Kg"
Espumosos tinto bruto attitude,Fita azul,Garrafa 0.75L,"3,79 €","5,05 €/L"
Caderno Espiral Universal A5 Quadriculado,Domédia,1 un.,"0,99 €","0,99 €/Unidade"
Descafeinado,Buondi,10 cápsulas,"1,59 €","6,36 €/Kg"
Chouriço fatiado,Campofrio,Embalagem de 80g,"1,29 €","7,17 €/Kg"
Whisky,Glen crina,Garrafa de 700 ml,"23,49 €","23,49 €/L"
Ambientador auto notas de citrinos sumarentos e baga...,Glade,20 ml,"3,69 €","3,69 €/Unidade"
Discos Sanitários Activos Aparelho Lavanda,WC Pato,Embalagem de 36 ml,"2,99 €","74,75 €/Kg"
Iglo Pop Up 2 Pessoas,Saurium,1 un.,"29,99 €","29,99 €/Unidade"
Queijo Barra Inteiro,Alavão,"Vendido Inteiro, un=1k(aprox)","2,25 €","8,99 €/Kg"
Areia para gatos 100% natural,PorSi,Embalagem de 5 kg,"1,19 €","0,24 €/Kg"
Tábua de engomar,PorSi,Dim.: 110 x 32 cm,"27,99 €","27,99 €/Unidade"
Soro fisiológico,PorSi,Embalagem de 100 ml,"0,59 €","5,90 €/L"
Cerveja com álcool,Sagres,pack 24 x 0.25 l,"1,99 €/L","1,99 €/L"
Vinho maduro branco,Ala dos namorados,Garrafa de 75 cl,"2,19 €","2,92 €/L"
Pão da Avó Alongado,Pão do Dia,1 unidade =400 g,"0,18 €","2,25 €/Kg"
Ambientador tealights frutos vermelhos,PorSi,embalagem com 18 unidades,"6,99 €","33,29 €/Kg"
Cápsulas de café qharacter,Delta Q,Embalagem de 60g,"59,82 €/Kg","59,82 €/Kg"
Pastilhas de morango,Smint,Embalagem de 35 g,"0,99 €","58,24 €/Kg"
Chalotas,Legumes do Dia,embalagem de 250 g (aprox.),"0,22 €","0,89 €/Kg"
Whisky 12 anos,Grant's,Garrafa de 0.70 l,"29,99 €","42,84 €/L"
Gel Cabelo Styling Creme Cabelo,Nivea,Embalagem de 150 ml,"3,99 €","9,98 €/L"
Leite pasteurizado m/g sem lactose,Vigor,Garrafa de 1 l,"1,09 €","1,09 €/L"
Aveia instantânea em pó 1250 g bolacha,Prozis,"Embalagem de 1,25 kg","2,29 €","11,45 €/Kg"
Nabiças Programa Origens,PorSi,1 un = 1 kg (aprox.),"0,66 €","2,19 €/Kg"
Sumo 100% Fruta Laranja Espremida,Compal,1 litro,"1,19 €","0,79 €/L"
5 gouaches de cores primárias,Domédia,Uma embalagem,"4,69 €","4,69 €/Unidade"
"Adoçante, 1200 pastilhas com doseador",NEODOCE,Embalagem de 1200 pastilhas com doseador,"4,99 €","19,96 €/Kg"
8 salsichas aves,Izidoro,Embalagem de 200g,"0,75 €","3,75 €/Kg"
Liquido brilhante sapato preto,PorSi,75 ml,"1,99 €","39,80 €/L"
Bebida de soja comcálcio,Frias,Garrafa de 1 l,"1,99 €","1,99 €/L"
Chourição,Damatta,1 un = 100 gr (aprox.),"0,80 €","7,99 €/Kg"
Gelatina pronta a comer tutti frutti,Royal,Embalagem de 4x100 g,"0,89 €","2,23 €/Kg"
Creme de amendoim chunk 340g,Skippy,Embalagem de 340g,"4,19 €","12,32 €/Kg"
"Gomas, aro fresa",Fini,Embalagem de 100 g,"0,89 €","8,90 €/Kg"
Pack Aguardente Velha,Fim de Século,"Garrafa de 0,70 l + Copo","12,79 €","18,27 €/L"
Pipocas doces,Orcape,Embalagem de 100g,"0,75 €","7,50 €/Kg"
Dentífrico sensibilidade e gengivas,Sensodyne,Embalagem de 75 ml,"2,29 €","30,53 €/L"
Croissant Brioche Artesanal,Pastelaria do Dia,1 unidade= 90 gr,"0,69 €","0,69 €/Unidade"
Bolo rei,Pastelaria do Dia,800 g,"8,99 €","11,24 €/Kg"
Fralda Cueca Activity Extra Tamanho 6,Dodot,Embalagem com 37 uni.,"7,99 €","7,99 €/Unidade"
Yofu de soja natural,Alpro,Embalagem de 4x125 g,"2,99 €","5,98 €/Kg"
Caderno A4 Agrafado Quadriculado,Firmo,1 un.,"0,99 €","0,99 €/Unidade"
Iogurte vidro pedaços morango,PorSi,Embalagem de 2 x 135 g,"1,49 €","2,98 €/Kg"
Remove Insectos,PorSi,Embalagem de 1 l,"3,79 €","0,76 €/L"
Iogurte natural,PorSi,Embalagem 12 x 125 g,"0,99 €","1,98 €/Kg"
Flocos de trigo integral,Cemporcent,Embalagem de 400g,"0,69 €","1,73 €/Kg"
Caixa de transporte para cão,Sandimas,48x34x32 cm,"8,99 €","8,99 €/Unidade"
Maçã 60/70 Económica,Fruta do Dia,1 un = 130 gr (aprox.),"0,21 €","1,39 €/Kg"
Sobremesa danette chocolate,Danone,Embalagem de 4 x 125 g,"1,19 €","2,59 €/Kg"
Marcador Turbo Color x12,Giotto,Uma embalagem,"4,69 €","4,69 €/Unidade"
Tira gorduras recarga,Mistolin,Garrafa de 550 ml,"3,99 €","5,32 €/L"
Oikos morango 110g x4,Danone,Embalagem de 440g,"1,49 €","2,98 €/Kg"
"Guardanapos brancos, 33x33cm, 2 folhas, 90 unidades",Renova,Uma embalagem,"1,29 €","1,29 €/Unidade"
Choco flakes,Cuetara,Embalagem de 500g,"5,07 €/Kg","5,07 €/Kg"
Aditivo em pó oxi roupa branca,Vanish,Embalagem de 420 g,"9,99 €","33,30 €/L"
Gel Banho My Smoothies,B.U.,Embalagem de 250 ml,"3,29 €","13,16 €/L"
Infusão nº 5 emagrecimento,Cemporcent,Embalagem de 10 unidades,"0,85 €","65,38 €/Kg"
Esparguete integral com aveia,Milaneza,Embalagem de 500g,"0,89 €","1,78 €/Kg"
Queijo Parmigiano Regiano Curado,*,Vendido ao peso,"1,29 €","5,16 €/Kg"
Spray madeiras,Cif,435 ml,"3,99 €","13,30 €/L"
Sopa Creme de Marisco,PorSi,Embalagem de 80 g,"0,69 €","11,13 €/Kg"
Fruta para bebé maçã banana aveia +6 meses,Nestle,Embalagem de 90g,"0,69 €","7,67 €/Kg"
Bolachas marinheiras integrais,Cemporcent,Embalagem de 200g,"1,39 €","10,69 €/Kg"
Frasco de cebola e alho,ESPIGA,Embalagem de 40g,"0,24 €","0,24 €/Kg"
Gomas favoritos açúcar,Haribo,Embalagem de 90g,"0,89 €","8,90 €/Kg"
Cerveja super bock stout,Super Bock,Garrafa de 330 ml,"1,99 €/L","1,99 €/L"
Snack dentastix grande,Pedigree,Embalagem de 270 g,"0,89 €","4,94 €/Kg"
Creme vegetal culinário,Vaqueiro,Embalagem de 250 g,"2,89 €","2,89 €/Kg"
Semente linhaça amarela,Salutem,Embalagem de 250g,"2,29 €","11,45 €/Kg"
Cacetinho de trigo integral,Pão do Dia,90 g,"0,18 €","2,25 €/Kg"
Conjunto Maquilhagem Savana Leopard,Magic Studio,,"12,99 €","12,99 €/Unidade"
Farinha para bolos super fina,PorSi,Embalagem de 1 kg,"1,69 €","1,69 €/Kg"
Azeite virgem extra seleção,PorSi,Garrafa de 2 l,"3,19 €","4,25 €/L"
Uva Preta s/ Graínha,Vale da Rosa,Embalagem 500g,"2,49 €","2,49 €/Kg"
Farinha láctea cerelac,Cerelac,Embalagem de 500g,"4,49 €","4,49 €/Kg"
Creme de fixação para dentaduras,Labell,Embalagem de 50 g,"9,69 €","121,13 €/Kg"
"Detergente manual para loiça, limão",Super Pop,Garrafa de 700 ml,"1,19 €","2,38 €/L"
Rebuçados peitorais,Villa,Embalagem de 200 g,"0,89 €","4,45 €/Kg"
Mel em frasco de vidro,Jorge v.f.,Embalagem de 500g,"4,59 €","9,18 €/Kg"
Mopa com cabo,PorSi,1 unidade,"0,99 €","0,99 €/Unidade"
Sacos do lixo perfumado 30 litros,PorSi,15 unidades,"1,79 €","1,79 €/Unidade"
Lixívia Spray Mousse Flor,Neoblanc,Embalagem de 700ml,"1,79 €","0,36 €/L"
Feijão catarino,PorSi,Embalagem 500G,"0,99 €","1,98 €/Kg"
"Bacalhau graúdo inteiro salgado, seco",Bacalhau da Islândia,1 un= 2.5kg (aprox.),"8,73 €/Kg","8,73 €/Kg"
Termómetro digital,PorSi,1 unidade,"0,99 €","1,98 €/L"
Aroma baunilha,Vahine,Embalagem de 20g,"1,49 €","13,55 €/Kg"
Rebuçados de mentol,PorSi,Embalagem de 250g,"0,89 €","4,45 €/Kg"
Refrigerante c/ gás,Pepsi,Pack 6 x 0.33 l,"0,79 €","0,40 €/L"
Gelado magnum pint clássico,Olá,Embalagem de 440 ml,"6,79 €","14,76 €/L"
Descafeinado em cápsulas Pianíssimo 10x5g,PorSi Select,Embalagem de 50g,"1,59 €","6,36 €/Kg"
Bolacha waffer bites cacau,Waferland,Embalagem de 125g,"0,89 €","4,24 €/Kg"
Bolacha tostada,PorSi,Embalagem de 800g,"1,69 €","2,11 €/Kg"
Bolachas com recheio de chocolate,PorSi,Embalagem de 3 x 250 g,"2,15 €","2,87 €/Kg"
Achocolatado em pó extra chocolate,Nesquik,Embalagem de 390g,"5,29 €","6,61 €/Kg"
Vinho tinto regional península de setúbal,Dom Campos,Garrafa de 10 l,"4,99 €","1,00 €/L"
Agrafador pocket universal nº10,Maped,1 unidade,"1,29 €","1,29 €/Unidade"
Pratos para pic nic 23 cm azuis,PorSi,Embalagem com 4 unidades,"1,69 €","1,69 €/Unidade"
Cereais nesquik,Nestle,Embalagem de 625g,"5,07 €/Kg","5,07 €/Kg"
Bolachas de chocolate leite,Milka,Embalagem de 150g,"0,75 €","5,00 €/Kg"
Napolitanas creme cacau,PorSi,Embalagem de 320g,"1,49 €","4,66 €/Kg"
Pão Regional Rio Maior Inteiro,Pão do Dia,1 unidade= 450 g,"0,18 €","2,25 €/Kg"
Infusão cidreira,PorSi,Embalagem de 40g,"0,85 €","65,38 €/Kg"
Refeição caseira almôndegas,Nobre,Embalagem de 420g,"2,35 €","5,60 €/Kg"
Maçã Starking 70/75,Programa Origens,1 un = 150 gr (aprox.),"0,21 €","1,39 €/Kg"
Óleo alimentar,Vêgê,Embalagem de 1 l,"3,39 €","3,39 €/L"
Cappucino go chill com cacau,Delta,Embalagem de 230 ml,"3,19 €","25,52 €/Kg"
"Briochoco, 4 unidades",Dulcesol,Embalagem de 160g,"1,79 €","4,48 €/Kg"
Pensos diários respirare,Carefree,embalagem com 20 unidades,"1,89 €","1,89 €/Unidade"
Queijo flamengo em Barra,Nova Açores,"Vendido ao peso, fatiado a partir de 100 gr","1,56 €","7,80 €/Kg"
Gelatina pronta a comer light 10 kcal morango,Royal,Embalagem de 4 x 100 g,"0,89 €","2,23 €/Kg"
Bolacha dibus mini angry birds,Gullon,Embalagem de 250g,"1,89 €","15,75 €/Kg"
Bolachas cobertura de chocolate e avelã,PorSi,Embalagem de 150g,"0,75 €","5,00 €/Kg"
Marmelada,PorSi,Embalagem de 900g,"1,99 €","2,21 €/Kg"
Whisky tullamore dew,Tullamore,Garrafa de 700 ml,"23,49 €","23,49 €/L"
Pão de queijo,*,1 un. = 20 g,"0,18 €","2,25 €/Kg"
Lixivia perfume fresco,Neoblanc,Embalagem de 2 l,"1,79 €","0,36 €/L"
Desumidificador Premium,HUMYDRY,450 g,"11,99 €","11,99 €/Unidade"
Cafe soluvel c/c 200g,Delta,Embalagem de 200g,"1,45 €","14,50 €/Kg"
Croissant Brioche 85 g,Pastelaria do Dia,,"0,69 €","0,69 €/Unidade"
Gel Styling Adrenaline,Axe,Embalagem de 125 ml,"3,99 €","9,98 €/L"
Presunto fatiado,Produto selecionado,Embalagem de 200 g,"2,69 €","13,45 €/Kg"
Vinho rosé,Mateus,Garrafa de 750 ml,"3,99 €","5,32 €/L"
Queijo da ilha império do Pico com pimenta da terra,*,Vendido ao peso,"2,25 €","8,99 €/Kg"
Bebida de soja proteína de chocolate 0% lactose,Shoyce,200 ml,"2,39 €","2,39 €/L"
Cera líquida spray,Arbo,embalagem de 500 ml,"3,79 €","0,76 €/L"
Semente linhaça castanha,Salutem,Embalagem de 250g,"2,29 €","11,45 €/Kg"
Wafers sem glúten de chocolate preto,Schar,Embalagem de 40 g,"2,29 €","15,27 €/Kg"
