Nome,Marca,Unidade,Preço Primário,Preço Secundário
Gelatina pronta a comer light 10 kcal mirtilo,Royal,Embalagem de 4 x 100 g,"2,29 €","5,73 €/Kg"
Miolo de camarão 80/100,Pescanova,Embalagem de 350g,"8,99 €","25,69 €/Kg"
Saqueta de puré de fruta | maçã + banana + morango,PorSi,90 g,"0,74 €","8,22 €/Kg"
Bolacha de aveia e laranja sem glúten,Gullon,Embalagem de 180 g,"3,74 €","9,35 €/Kg"
"M&m's drageias de chocolate de leite,",M&m's,Embalagem de 200g,"2,99 €","15,99 €/Kg"
Leite uht sem lactose magro,PorSi Viva Bem,1 litro,"1,09 €","1,09 €/L"
Tisana de chá verde/limão light,Pleno,"Garrafa de 1,5 l","1,14 €","0,76 €/L"
Azeite,PorSi,Garrafa de 1 l,"3,19 €","4,25 €/L"
Iogurte pedaços ananás,PorSi,Embalagem de 4 x 125 g,"1,44 €","2,88 €/Kg"
O cacau puro,Cemporcent,Embalagem de 200g,"2,49 €","12,45 €/Kg"
Queijo fresco magro,Matinal,Embalagem de 216 g,"1,09 €","5,45 €/Kg"
"Queijo light, 8 porções",A Vaca Que Ri,Embalagem de 140 g,"2,39 €","19,92 €/Kg"
Tablete de chocolate negro,PorSi Select,200 g,"0,65 €","6,50 €/Kg"
Cortador de Castanhas,Snips,1 unidade,"4,99 €","4,99 €/Unidade"
Gressinos com azeitonas pretas,PorSi,Embalagem de 250g,"0,69 €","3,07 €/Kg"
"Vela em número,  nº 0",PorSi,1 unidade,"0,80 €","0,80 €/Unidade"
Vinho doc douro tinto,Papa Figos,Garrafa de 0.75 l,"7,49 €","9,99 €/L"
Tablete de chocolate choco jelly,Milka,Embalagem de 250g,"2,29 €","17,62 €/Kg"
Pensos clássicos,PorSi,20 unidades,"2,86 €","2,86 €/Unidade"
8 hamburguers s/ glúten frango,Capitão Iglo,Embalagem de 480g,"2,79 €","8,72 €/Kg"
Requeijao natural,Saloio,Embalagem de 170g,"1,09 €","5,45 €/Kg"
Tofu biológico,PorSi Bio,Embalagem de 300g,"2,99 €","5,98 €/Kg"
Bebida energética green,Monster,Garrafa de 500 ml,"1,60 €","3,20 €/L"
Néctar clássico laranja,Compal,Embalagem de 1 l,"0,99 €","0,99 €/L"
Alimento seco p/ cão croquetes vaca,Pedigree,Embalagem de 3 kg,"5,99 €","2,00 €/Kg"
Esfregona Microfibras Eco,Vileda,1 un.,"0,89 €","0,89 €/Unidade"
Guardanapos 2 folhas azul e dourado,PorSi Select,40 unidades,"1,29 €","1,29 €/Unidade"
Gelado magnum after dinner,Olá,Embalagem de 10 x 35 ml,"5,99 €","16,64 €/L"
Rum Spiced,Captain Morgan,"Garrafa de 0,70L","17,49 €","24,99 €/L"
Salsichas de porco,Nobre,Lata de 200g,"0,75 €","3,75 €/Kg"
Salsichas frasco hot dog,PorSi,Embalagem 540G,"0,75 €","3,75 €/Kg"
Queijo de nisa dop,PorSi Select,1 unidade = 280g (aprox.),"2,87 €","15,94 €/Kg"
Balde Espremedor c/ Mopa 360º,Anitex,,"0,89 €","0,89 €/Unidade"
Cerveja c/ álcool radler,Sagres,pack 6 x 0.33 l,"15,79 €","1,99 €/L"
Queijo de cabra,Palhais,Embalagem de 200g,"1,89 €","10,50 €/Kg"
Croissant Brioche com chocolate,Pastelaria do Dia,1 un = 100 g (aprox.),"0,75 €","0,75 €/Unidade"
Arroz Carolino,Saludães,Embalagem de 1 kg,"0,99 €","0,99 €/Kg"
Caramelos de fruta,PorSi,Embalagem de 250g,"1,10 €","4,40 €/Kg"
Linguas de gato,PorSi,Embalagem de 200 g,"0,69 €","3,45 €/Kg"
"Máquina depiladora descartável, Blue II Feminina",Gillette,Embalagem de 5+1 unidades,"3,29 €","3,29 €/Unidade"
Vinho do porto malvasia branco,Rcv,Garrafa de 750 ml,"5,99 €","7,99 €/L"
Pilha alcalina classic lr14x2,Domédia,1 unidade,"1,99 €","1,99 €/Unidade"
"Vinho tinto regional, península de setúbal, bag-in-b...",Dom Campos,Garrafa de 5 l,"9,49 €","1,90 €/L"
Cerveja com álcool,Sagres,Lata de 500ml,"15,79 €","1,99 €/L"
Pensos Higiénicos Cottonlike Normal Abas,Evax,embalagem de 16 unidades,"2,59 €","2,59 €/Unidade"
Anti-Traça Alimentos,Dum Dum,2 unidades,"4,69 €","4,69 €/Unidade"
Biscoitos brownies,PorSi,Embalagem de 230g,"0,90 €","6,00 €/Kg"
"Refrigerante com gás, ananás",Sumol,"Garrafa de 1,25 l","0,79 €","0,40 €/L"
"Azeitonas pretas sem caroço, frasco de 165 g",PorSi,Embalagem de 165g,"1,79 €","2,29 €/Kg"
Refresco em pó de ananás,PorSi,Embalagem de 40 g,"0,75 €","18,75 €/Kg"
Café em cápsulas  qonvictus,Delta Q,Embalagem de 55 g,"2,79 €","19,93 €/Kg"
Mel multifloral doseador,PorSi,Embalagem de 250g,"2,25 €","9,00 €/Kg"
Bolachas crackers integrais,PorSi,Embalagem de 500g,"0,39 €","3,12 €/Kg"
Açorda de camarão,PorSi Select,Embalagem de 300g,"2,19 €","7,30 €/Kg"
Panquecas de aveia c/ proteína pepitas chocolate,Prozis,Embalagem de 400g,"11,99 €","29,98 €/Kg"
Creme vegetal culinário,Vaqueiro,Embalagem de 250 g,"1,59 €","6,36 €/Kg"
Café moagem grossa bio,PorSi Bio,Embalagem de 250g,"3,29 €","13,16 €/Kg"
Bolachas cacau com recheio baunilha,PorSi,Embalagem de 176 g,"0,79 €","4,49 €/Kg"
Veggie bowls bulgur & courgette 350g,Iglo green,Embalagem de 350g,"2,29 €","7,63 €/Kg"
Cerveja com álcool,Super Bock,Garrafa de 1 l,"15,79 €","1,99 €/L"
Ice tea de pêssego,PorSi,Garrafa de 2 l,"1,14 €","0,76 €/L"
Refrigerante c/ gás laranja,Fanta,"Garrafa de 1,5 l","0,79 €","0,40 €/L"
Iogurte líquido yoggi cremoso pêssego/manga,Nestle,Embalagem de 4 x 160 g,"1,20 €","1,88 €/Kg"
Cereais de cacau sem glúten,Schar,Embalagem de 250g,"5,24 €","5,24 €/Kg"
Bebida de Soja Natural,PorSi Viva Bem,Pack: 3 x 200 ml,"2,49 €","2,49 €/L"
Lixívia para roupa tradicional,Neoblanc,Embalagem de 2 l,"2,19 €","1,10 €/L"
Óleo de girassol,PorSi,garrafa de 1 litro,"3,99 €","3,99 €/L"
Café Solúvel Espresso Intenso,Nescafe,Embalagem de 100g,"1,45 €","14,50 €/Kg"
Cogumelo branco,*,Embalagem de 300g,"1,99 €","6,63 €/Kg"
"Frigideira anti-aderente, 28cm",PorSi,1 unidade,"9,00 €","9,00 €/Unidade"
Chouriço Extra do Ribatejo,PorSi,200 g,"1,22 €","6,78 €/Kg"
Sobremesa gelatina de morango,PorSi,Embalagem 4X100G,"2,29 €","5,73 €/Kg"
Mel de montanha,PorSi Select,Frasco de 250 g,"2,25 €","9,00 €/Kg"
Lenços Bolso 15X10 3f,PorSi,1 Unidade,"0,89 €","0,89 €/Unidade"
Batata frita presunto,Ruffles,Embalagem de 150 g,"1,19 €","6,43 €/Kg"
Queijo brie cunhas 60%,President,Embalagem de 200 g,"1,49 €","7,45 €/Kg"
Chouriço fatiado,Campofrio,Embalagem de 80g,"3,19 €","21,27 €/Kg"
80 filtros nº4 com saquetas antitártaro,Planteur,Uma embalagem com 80 unidades,"0,89 €","0,89 €/Unidade"
Sacos do lixo wc 5 litros,PorSi,30 sacos,"1,79 €","1,79 €/Unidade"
Café lote bocage moagem única,Nicola,Embalagem de 250g,"3,29 €","13,16 €/Kg"
Bolachas recheadas com morango e cheesecake,Oreo,Embalagem de 150g,"0,79 €","4,49 €/Kg"
Natas pasteurizadas para bater,Nestle,Embalagem de 200 ml,"0,75 €","3,75 €/L"
Bolachas belgas manteiga,PorSi,Embalagem de 250g,"1,69 €","6,76 €/Kg"
Leite de coco,PorSi,Embalagem de 400 ml,"0,99 €","1,98 €/Kg"
Leite condensado,Nestle,Embalagem de 370g,"1,09 €","2,75 €/Kg"
Leite e cereais bolacha maria +6 meses,Cerelac,Garrafa de 400 ml,"1,99 €","7,96 €/Kg"
Removedor de bolores e fungos,Uhu,Embalagem de 500 ml,"1,79 €","2,39 €/L"
"Queijo médio, metades",Casteloes,Embalagem de 580g,"6,49 €","25,45 €/Kg"
Cereais de cacau sem glúten,Schar,Embalagem de 250g,"4,65 €","18,60 €/Kg"
Vinho verde branco alvarinho,Qm,Garrafa de 0.75 l,"1,99 €","2,65 €/L"
Molho iogurte,PorSi,Garrafa de 285 ml,"0,70 €","2,33 €/Kg"
Esfregona suave completa,Vileda,1 unidade,"0,89 €","0,89 €/Unidade"
Gin dry bombay(40º) 0.70l,Bombay,Garrafa de 700 ml,"29,99 €","42,84 €/L"
Patê de sardinha,PorSi,Embalagem de 65 g,"1,39 €","15,44 €/Kg"
Iogurte aroma de banana,PorSi,Embalagem de 4x125g,"0,69 €","1,38 €/Kg"
Leite de cabra uht meio gordo,President,Embalagem 1L,"0,79 €/L","0,79 €/L"
Piaçaba com suporte,PorSi,1 unidade,"4,59 €","10,20 €/Kg"
"Agrafos nº24/6, 2000 unidades",Maped,Uma embalagem,"1,35 €","1,35 €/Unidade"
Porto ruby,Valadao,Garrafa de 750 ml,"5,99 €","7,99 €/L"
"Café em grão, lote superior",Delta,Embalagem de 1 kg,"3,29 €","13,16 €/Kg"
Mistura com 20% café torrada moída,PorSi,Embalagem de 250g,"2,29 €","11,45 €/Kg"
Adoçante comprimidos,PorSi,Embalagem de 250 saquetas,"5,99 €","23,96 €/Kg"
Creme Depilatório Peles Sensíveis,Veet,Embalagem de 200 ml,"3,29 €","3,29 €/Unidade"
Licor triple seco 16%,Olaias,Garrafa de 1 l,"16,99 €","24,27 €/L"
Batata frita palha,Pala-pala,Embalagem de 250g,"0,87 €","5,44 €/Kg"
Bolachas maria,PorSi,Embalagem de 200g,"1,69 €","2,11 €/Kg"
Vinho tinto alentejo,Loios,Garrafa de 750 ml,"4,99 €","6,65 €/L"
Gelado sandwich nata/chocolate,PorSi,Embalagem de 6x100 ml,"5,99 €","16,64 €/L"
Resguardos de cama,PorSi,20 unidades de 80 x 180 cm,"10,99 €","10,99 €/Unidade"
Balde Espremedor c/ Mopa 360º,Anitex,,"17,00 €","17,00 €/Unidade"
Sacos do lixo jardim 130 litros,PorSi,10 sacos,"1,79 €","1,79 €/Unidade"
Massa macarronete riscado,PorSi,Embalagem de 500g,"0,89 €","1,78 €/Kg"
Sublinhador Brite Liner - 3+1,Bic,1 unidade,"2,99 €","2,99 €/Unidade"
Arroz integral,PorSi Viva Bem,Embalagem de 1 kg,"1,49 €","2,98 €/Kg"
Pastilha Elástica Bottle Frutos Vermelhos,Trident,Embalagem de 82 g,"0,99 €","58,24 €/Kg"
Bacalhau com natas,PorSi,Embalagem de 250 g,"3,99 €","3,99 €/Kg"
Amaciador Concentrado Creations Flor Lótus Lima,Comfort,80 doses,"1,99 €","1,00 €/L"
Ovos | Classe: M,Ovitae,24 unidades,"1,39 €","1,39 €/Unidade"
Mistura solúvel bolero,Nestle,Embalagem de 200g,"2,29 €","11,45 €/Kg"
Body Milk Cocoa,Nivea,Embalagem de 250 ml,"6,69 €","16,73 €/L"
Pólen de abelhas,PorSi Select,Frasco de 130 g,"2,25 €","9,00 €/Kg"
Infusão nº 6 sem barriga,Cemporcent,Embalagem de 10 unidades,"0,99 €","76,15 €/Kg"
Tostas integrais,PorSi,Embalagem de 225g,"0,69 €","3,07 €/Kg"
"Sopa gourmet, cogumelos",Knorr,Embalagem de 60g,"2,20 €","31,43 €/Kg"
Manteiga c/ sal,Mimosa,Embalagem de 250g,"1,69 €","6,76 €/Kg"
Babete Maleavel,Tigex,1 unidade,"5,99 €","5,99 €/Unidade"
Máscara tesouros de mel,Garnier,Embalagem de 300 ml,"1,06 €","5,30 €/L"
Leite creme,El mandari,Embalagem de 90g,"0,79 €","5,27 €/Kg"
Sabonete de leite de burra,Confianca,Embalagem de 75 g,"1,99 €","15,92 €/Kg"
Chiclets morango 16.8g,CHICLETS,Embalagem de 20g,"0,99 €","58,24 €/Kg"
Balões latex azul,PorSi,Embalagem com 24 unidades,"1,69 €","1,69 €/Unidade"
Adoçante liquido,PorSi,Garrafa de 125 ml,"5,99 €","23,96 €/Kg"
Iogurte mix-in smarties morango,Nestle,Embalagem de 2 x 128 g,"1,05 €","1,86 €/L"
Ovos Frescos Classe M,Ovitae,12 unidades,"1,39 €","1,39 €/Unidade"
Refrigerante c/ gás zero,Coca-Cola,pack 4 x 1 l,"0,79 €","0,40 €/L"
Manteiga com sal,Milhafre,Embalagem de 250g,"1,69 €","6,76 €/Kg"
Polpa de tomate,PorSi,Embalagem de 500 g,"0,99 €","1,98 €/Kg"
Porto ruby,Ferreira,Garrafa de 750 ml,"5,99 €","7,99 €/L"
Bolacha de manteiga belga original,Saborosa,Embalagem de 220g,"1,69 €","6,76 €/Kg"
"Vinagre balsâmico, spray",Paladin,Garrafa de 250 ml,"0,35 €","0,70 €/L"
"12 lápis de cor, 18cm",Domédia,Uma embalagem,"1,00 €","1,00 €/Unidade"
Adoçante à base de sucralose em pó,PorSi,Embalagem de 90g,"5,99 €","23,96 €/Kg"
Creme de cenoura,PorSi,Embalagem de 400 g,"1,99 €","2,49 €/Kg"
Infusão tília,Cemporcent,Embalagem de 10 unidades,"0,99 €","76,15 €/Kg"
"Pasta dentífrica, proteção branqueador",Labell,Embalagem de 75 ml,"2,24 €","29,87 €/L"
Lambrusco rose,*,Garrafa de 750 ml,"1,99 €","2,65 €/L"
Álcool canforado 85%,PorSi,Embalagem de 250 ml,"2,86 €","2,86 €/Unidade"
Azeite Subtil,Gallo,Garrafa de 750 ml,"3,19 €","4,25 €/L"
Sumo 100% pêssego e uva,PorSi,Pack 3 x 200 ml,"1,09 €","0,73 €/L"
Requeijão de vaca,PorSi,Embalagem de 200 g,"1,09 €","5,45 €/Kg"
"Limpa vidros cristal, pistola",PorSi,Embalagem de 1 l,"3,19 €","6,38 €/L"
Champô miracle volume + nutrição,Pantene,225 ml,"5,12 €/L","5,12 €/L"
Iogurte líquido tutti-frutti,Danone,Embalagem de 4 x 155 g,"1,20 €","1,88 €/Kg"
Sobremesa paturette baunilha,Páturages,Embalagem de 4 x 115 g,"1,19 €","2,59 €/Kg"
Sabao rosa e branco,PorSi,Embalagem de 400g,"1,09 €","2,73 €/Kg"
Spray elimina odores do calçado,PorSi,embalagem de 100 ml,"1,79 €","17,90 €/L"
Polpa de tomate em garrafa,Compal,Embalagem de 500g,"0,99 €","1,98 €/Kg"
Vinagre de vinho tinto,PorSi,Garrafa de 500 ml,"0,35 €","0,70 €/L"
Salada Ibérica Programa Origens,PorSi,Embalagem de 150 g,"0,99 €","0,99 €/Kg"
"Ambientador spray, aerosol, exotic",Glade,Embalagem de 300 ml,"2,99 €","12,46 €/L"
Preparado sobremesa vegan sem lactose,Nestle,Embalagem de 370g,"0,45 €","5,00 €/Kg"
Queijo ralado mix 3 queijos,PorSi,Embalagem de 200 g,"1,49 €","7,45 €/Kg"
Queijo vaca sem lactose,PorSi Viva Bem,250 g,"0,89 €","4,45 €/Kg"
Gelo picado,PorSi,Embalagem de 2 kg,"1,00 €","0,50 €/Kg"
Arroz carolino malandrinho,Malandrinh,Embalagem de 1 kg,"0,99 €","0,99 €/Kg"
Gel de Banho Corpo e Cabelo Hidratante,Baby Dove,Embalagem de 400 ml,"4,99 €","16,63 €/L"
Vinho branco alentejo,Loios,Garrafa de 750 ml,"4,99 €","6,65 €/L"
Fralda cueca T4 - 8 a 14 kg,PorSi,22 unidades,"8,99 €","8,99 €/Unidade"
"Postas pescada nº3, para fritar",PorSi,Embalagem de 600 g,"4,39 €","10,98 €/Kg"
"Pimenta preta, moída, em frasco",PorSi,Embalagem de 43 g,"0,25 €","0,25 €/Kg"
Refresco pó laranja,PorSi,Embalagem de 40g,"0,75 €","18,75 €/Kg"
Leite condensado cozido,Nestle,Embalagem de 400g,"1,09 €","2,75 €/Kg"
Rabanetes,Legumes do dia,Embalagem 125g,"3,49 €","13,96 €/Kg"
Liégeois Sobremesa de chocolate,Páturages,Embalagem de 4x100 g,"1,19 €","2,59 €/Kg"
Bebida energética a-zero,Monster,Garrafa de 500 ml,"1,60 €","3,20 €/L"
Creme vegetal para culinária,PorSi,Embalagem de 250g,"1,59 €","6,36 €/Kg"
Rolo de cozinha XXL,PorSi,1 rolo,"4,99 €","4,99 €/Unidade"
Cápsulas de café qharacter,Delta Q,Embalagem de 60g,"2,79 €","19,93 €/Kg"
Abafado 5 anos,Quinta da Alorna,Garrafa de 0.75L,"16,99 €","24,27 €/L"
Fogareiro Rectangular Pequeno c/ 4 Pés Fixos,Larmil,Dim.: 26 x 24 x 28 cm,"0,75 €","0,75 €/Unidade"
Rolo de cozinha reciclado,PorSi,4 rolos,"4,99 €","4,99 €/Unidade"
Polpa tomate biológico,Guloso,Embalagem de 500g,"0,99 €","1,98 €/Kg"
Salsichão fuet caseiro,Elpozo,Embalagem de 150g,"3,19 €","21,27 €/Kg"
"Ambientador spray, aerosol, lavanda",Glade,Embalagem de 300 ml,"2,99 €","12,46 €/L"
Vinho rosé regional península de Setúbal,Selecção de Enófilos,Garrafa de 0.75 l,"4,99 €","6,65 €/L"
Whisky heritage blend,Logan,Garrafa de 700 ml,"23,99 €","34,27 €/L"
Chocolate kit kat,Kit kat,Embalagem de 130g,"2,19 €","21,90 €/Kg"
Maquina depilatório twin lady,Bic,Embalagem de 5 + 1 un.,"1,99 €","1,99 €/Unidade"
Batata frita lisas originais,Lay's,Embalagem de 160g,"1,06 €","5,73 €/Kg"
Inseticida vaporizador,Biokill,Embalagem de 375 ml,"5,74 €","15,31 €/L"
Batatas fritas lisas originais,Lay's,Embalagem de 282g,"1,06 €","5,73 €/Kg"
Flocos de aveia finos integrais bio,Cemporcent,Embalagem de 400g,"3,19 €","31,90 €/Kg"
Molas de madeira,PorSi,36 unidades,"0,99 €","0,99 €/Unidade"
Spaghetti a bolonhesa 350g,Tuttipasta,Embalagem de 350g,"2,16 €","6,17 €/Kg"
Saqueta de puré de fruta | maçã + pêssego + banana +...,PorSi,90 g,"0,74 €","8,22 €/Kg"
Creme para barrar,Nutella,Embalagem de 600g,"3,59 €","10,26 €/Kg"
Néctar frutos vermelhos,PorSi,Embalagem de 200 ml,"0,99 €","0,99 €/L"
Vinho Regional de Lisboa Rosé,Mundus,"Garrafa de 0,75 l","1,99 €","2,65 €/L"
Limpa ferros,Petex,1 unidade,"0,99 €","0,99 €/Unidade"
Folhado de pizza,*,110 g,"0,65 €","0,65 €/Unidade"
Cafe pastilhas 20x7g,PorSi,Embalagem de 140g,"2,79 €","19,93 €/Kg"
"Spray depilatório, peles sensiveis",Veet,Garrafa de 150 ml,"10,99 €","73,27 €/L"
Vinho regional tejo,Plexus,Garrafa de 750 ml,"1,99 €","2,65 €/L"
Achocolatado em Pó,Suchard,Embalagem de 500g,"5,39 €","7,19 €/Kg"
Bolachas com cobertura de chocolate de leite,Oreo,Embalagem de 250g,"0,79 €","4,49 €/Kg"
Iogurte liquido sem lactose morango e banana,PorSi Viva Bem,Embalagem de 4 x 160 g,"2,49 €","5,19 €/Kg"
Actimel morango,Danone,Embalagem de 6 x 100g,"3,29 €","5,48 €/Kg"
Queijo snack gouda,PorSi,Embalagem de 100g,"1,56 €","7,80 €/Kg"
Mandioca,Legumes do Dia,1 un=500 gr (aprox.),"3,49 €","13,96 €/Kg"
Néctar light de manga/laranja,Compal,Pack 3 x 200 ml,"0,84 €","2,55 €/L"
Café em cápsulas dolce gusto galão,Nescafe,Embalagem de 16 cápsulas,"2,79 €","19,93 €/Kg"
Noodle banzai galinha,Cigala,Embalagem de 70g,"0,89 €","1,78 €/Kg"
Arroz agulha América do Sul,PorSi,Embalagem de 1 kg,"0,99 €","0,99 €/Kg"
Posta de Corvina-Prata Congelada,PorSi,Vendido ao peso a partir de 200 g (aprox.),"4,55 €","12,99 €/Kg"
Bolachas mini chips ahoy,Ca!,Embalagem de 160g,"0,90 €","6,00 €/Kg"
Peito de frango fatias finas,Nobre,Embalagem de 110g,"2,25 €","11,25 €/Kg"
Leite UHT Meio Gordo,PorSi,Embalagem de 200 ml,"0,79 €/L","0,79 €/L"
Protetor de colchão pvc,Analar,Dim.: 100 x 200 cm,"9,99 €","9,99 €/Unidade"
Prato sobremesa | diam.: 19 cm,Servotel,1 un.,"2,00 €","2,00 €/Unidade"
Receita caseira de jardineira,Nobre,Embalagem de 420g,"3,65 €","8,69 €/Kg"
Palitos superfinos,PorSi,Embalagem de 400 unidades,"1,39 €","1,39 €/Unidade"
Caldo verde sem batata,PorSi Viva Bem,Embalagem de 400 g,"1,99 €","2,49 €/Kg"
Jogo Joker Kids,Clementoni,1 un.,"11,99 €","11,99 €/Unidade"
Ice tea limão,Lipton,Embalagem de 1L,"1,14 €","0,76 €/L"
Café moagem universal timor,Delta,Embalagem de 220g,"3,29 €","13,16 €/Kg"
Gin dry,Big Boss,Garrafa de 700 ml,"29,99 €","42,84 €/L"
Água s/ gás limão,Luso,Garrafa de 1 l,"1,04 €","0,17 €/L"
Batatas fritas ketchup,Ruffles,Embalagem de 150g,"1,19 €","6,43 €/Kg"
Shampo repelente p/ cão,Repul' 7,Garrafa de 200 ml,"11,98 €","59,90 €/L"
Creme marisco,Knorr,Embalagem de 70g,"2,20 €","31,43 €/Kg"
Queijo creme de camembert,Président,embalagem de 125 g,"1,49 €","7,45 €/Kg"
Refrigerante C/ Gás Zero,Coca-Cola,Garrafa de 1 l,"0,79 €","0,40 €/L"
Café gold alta rica frasco,Nescafe,Embalagem de 100 g,"1,45 €","14,50 €/Kg"
Óleo alimentar,Fula,Embalagem 3L,"3,99 €","3,99 €/L"
Filetes de atum dos Açores em azeite c/ orégãos,PorSi Select,190 g,"0,89 €","7,42 €/Kg"
Pedras limão,P.salgadas,Garrafa de 1 l,"2,85 €","2,85 €/L"
Gelatina pronta a comer light 10 kcal ananás,Royal,Embalagem de 4 x 100 g,"2,29 €","5,73 €/Kg"
Cação Posta,Peixe Congelado Higienizado,1 un = 150 gr (aprox.),"4,55 €","12,99 €/Kg"
Arroz estufado,Caçarola,Embalagem de 1 kg,"0,99 €","0,99 €/Kg"
Patê de salmão,La piara,Embalagem de 80g,"1,39 €","15,44 €/Kg"
Limpa fornos normal,Mr.muscle,Embalagem de 300 ml,"11,99 €","26,64 €/L"
"Vela em número, nº 3",PorSi,1 unidade,"0,80 €","0,80 €/Unidade"
6 Salsichas Frescas Chipolatas com Ervas,PorSi,330 g,"0,50 €","4,99 €/Kg"
Detergente líquido máquina de roupa sabão natural,PorSi,86 Doses,"8,59 €","2,00 €/L"
Pao brioche fatiado,PorSi,Embalagem 500G,"1,59 €","7,23 €/Kg"
"Rolos de cozinha compactos, branco, 2 unidades",PorSi,Uma embalagem,"4,99 €","4,99 €/Unidade"
Pêssego em calda metades,PorSi,Lata com 840 g,"1,99 €","2,37 €/Kg"
Bebida aveia,Alpro,Embalagem de 1 litro,"2,49 €","2,49 €/L"
Ambientador spray aerosol white bouquet,Air Wick,Garrafa de 240 ml,"2,99 €","12,46 €/L"
Vinho do porto lágrima branco,R.pinto,Garrafa de 750 ml,"5,99 €","7,99 €/L"
"Forma de papel para bolos, 9 cm, 60 unidades",PorSi,Uma embalagem,"1,19 €","1,19 €/Unidade"
Concentrado manga,Sunquick,Garrafa de 580 ml,"4,15 €","5,53 €/L"
Tablete de chocolate leite bubbly,Milka,Embalagem de 90g,"1,59 €","7,95 €/Kg"
Goiabada,PorSi,600 g,"1,09 €","2,42 €/Kg"
Sal Himalaias Grosso,Origens Bio,1 Embalagem 500G,"0,25 €","0,25 €/Kg"
Gomas brilho,PorSi,Embalagem de 300 g,"1,19 €","3,97 €/Kg"
Queijo para barrar light,PorSi Viva Bem,Embalagem de 200g,"2,39 €","19,92 €/Kg"
Doce framboesa e romã,ST.DALFOUR,Frasco de 284g,"2,19 €","9,95 €/Kg"
Leite c/ Chocolate Bem Especial 0% lactose,Mimosa,pack 4 x 200 ml,"0,26 €","1,30 €/L"
Café torrado lote chávena saco,Delta,Embalagem de 250g,"3,29 €","13,16 €/Kg"
6 cheeseburgers,PorSi,Embalagem de 750g,"2,79 €","8,72 €/Kg"
Lixivia perfumada,PorSi,Garrafa de 2 l,"1,09 €","0,55 €/L"
Queijo curado pequeno,Casteloes,Embalagem de 500g,"0,82 €","23,43 €/Kg"
Bolachas chiquilin ositos de mel,Artiach,Embalagem de 160g,"1,89 €","15,75 €/Kg"
Rebuçados mel e limão,Halls,Embalagem de 32 g,"0,77 €","3,85 €/Kg"
Iogurte naturea natural,PorSi,Embalagem de 4 x 125 g,"0,65 €","1,30 €/Kg"
Vinho tinto doc douro,VILA REAL,Garrafa de 750 ml,"7,49 €","9,99 €/L"
Fuet extra,PorSi,170 g,"1,22 €","6,78 €/Kg"
Vinho do Porto Branco,Velhotes,"Garrafa de 0,75 l","5,99 €","7,99 €/L"
Creme abrasivo original,Cif,Garrafa de 700 ml,"4,99 €","7,13 €/L"
Esfregona de Microfibras Completa,PorSi,1 unidade,"0,89 €","0,89 €/Unidade"
Jogo Aqui há festa,Clementoni,1 unidade,"11,99 €","11,99 €/Unidade"
Óleo para travões,Redex,Embalagem de 250 ml,"7,49 €","7,49 €/L"
Compal da horta concentrado tomate,Compal,Embalagem de 140g,"0,99 €","1,98 €/Kg"
"Sacos para sandes, 100 unidades",PorSi,1 embalagem,"3,49 €","3,49 €/Unidade"
Rolls 6 unidades,Bimbo,Embalagem de 340g,"0,89 €","1,78 €/Kg"
Camião Bombeiros c/ Luz e Som,Dickie Toys,15 cm,"14,99 €","14,99 €/Unidade"
Batata frita de presunto,PorSi,Embalagem de 185 g,"1,19 €","6,43 €/Kg"
Batata frita ondulada wavy,PorSi,Embalagem de 185 g,"1,06 €","5,73 €/Kg"
Guardanapos brancos 30x30 cm,PorSi,Embalagem com 100 unidades,"1,29 €","1,29 €/Unidade"
Cocktail de marisco,PorSi,Embalagem de 400 g,"3,99 €","9,98 €/Kg"
"Detergente manual de loiça, ultra limão",PorSi,Embalagem de 500 ml,"0,99 €","1,98 €/L"
"Pensos para calos, 10 unidades",PorSi,1 embalagem,"2,86 €","2,86 €/Unidade"
Rebuçados fruta,PorSi,Embalagem de 250g,"1,00 €","5,00 €/Kg"
Amêijoa Branca Congelada,*,Vendido ao peso a partir de 200 g,"0,75 €","2,99 €/Kg"
Iogurte Líquido Frutos Tropicais,PorSi,1 Embalagem 4X160G,"1,20 €","1,88 €/Kg"
Puré de batata,PorSi,Embalagem com 750 g,"1,39 €","1,39 €/Kg"
Fatia de salame de chocolate,PorSi,Embalagem 60G,"1,77 €","5,53 €/Kg"
Actimel natural,Danone,Embalagem de 600g,"3,29 €","5,48 €/Kg"
Biscoitos canudinho recheio cacau,PorSi,Embalagem de 300g,"2,82 €","9,40 €/Kg"
Creme de corpo exfoliante,Labell,Embalagem de 150 ml,"3,44 €","3,44 €/Unidade"
Salsichão fuet nobreza,Elpozo,Embalagem de 200 g,"3,19 €","21,27 €/Kg"
Ricore,Nestle,Embalagem de 260g,"2,29 €","11,45 €/Kg"
Ice tea pessêgo,Lipton,pack 6 x 0.25 l,"1,14 €","0,76 €/L"
Bacalhau posta asa branca,PorSi,Embalagem de 800G,"4,99 €","9,98 €/Kg"
Guardanapos de 1 folha azuis | dim.: 30 x 29 cm,PorSi,Embalagem com 70 unidades,"1,29 €","1,29 €/Unidade"
Suiço Longo c/ Pepitas de Chocolate,PorSi,1 un. = 100 g,"0,75 €","0,75 €/Unidade"
Saqueta de puré de fruta | maçã + banana,PorSi,90 g,"0,74 €","8,22 €/Kg"
Dentifríco anti-tártaro + branqueador,Colgate,Embalagem de 75 ml,"2,24 €","29,87 €/L"
Lata de Brilho Incolor,Búfalo,Embalagem de 75 ml,"2,75 €","36,67 €/L"
Sobremesa Paturette Chocolate,Páturages,Embalagem de 4x115g,"1,19 €","2,59 €/Kg"
Leite s/ lactose meio gordo,Mimosa,Garrafa de 1 l,"1,49 €","1,49 €/L"
Chocolate culinário,Pantagruel,Embalagem de 200g,"1,04 €","8,32 €/Kg"
Aguardente bagaceira,S.domingos,Garrafa de 1 l,"11,49 €","16,41 €/L"
Manteiga amendoim cremosa,PorSi,Embalagem de 340g,"3,59 €","10,26 €/Kg"
Gin Premium |Blue Magic,Sharish,"Embalagem de 0,50L + Oferta 1 Copo","29,99 €","42,84 €/L"
Grão de bico,PorSi,Embalagem de 420g,"1,79 €","2,29 €/Kg"
Pó baratas e formigas,Baygon,Embalagem de 250 g,"4,99 €","19,96 €/Kg"
Rebuçados mini café,PorSi,Embalagem de 200g,"1,15 €","4,60 €/Kg"
Bolo de Arroz 70 g,*,,"0,75 €","0,75 €/Unidade"
Gel de Banho Shea Butter & Vanilla,Dove,Embalagem de 750 ml,"4,99 €","16,63 €/L"
Mix pimentos 3 cores,Legumes do dia,Embalagem de 500 g,"2,39 €","4,78 €/Kg"
Queijo Coulommiers,Páturages,Embalagem de 350 g,"1,49 €","7,45 €/Kg"
Fralda de Incontinência c/ Elásticos Tamanho Médio,Lindor,Embalagem de 52 un.,"9,99 €","9,99 €/Unidade"
Biscoitos integrais aveia e manteiga de amendoim,PorSi Viva Bem,Embalagem de 150g,"2,29 €","11,45 €/Kg"
Alho picado,Margao,Embalagem de 60g,"0,25 €","0,25 €/Kg"
Biscoitos sem glúten,Gullon,Embalagem de 200 g,"3,74 €","9,35 €/Kg"
Bolos cake e chococolate,Milka,Embalagem de 180g,"2,15 €","2,87 €/Kg"
Tablete de chocolate extra fina leite/avelã,Nestle,Embalagem de 120g,"0,65 €","6,50 €/Kg"
Arroz de pato,PorSi,Embalagem de 400g,"3,53 €","8,83 €/Kg"
Tomate em pedaços,PorSi,Embalagem de 390g,"1,79 €","2,29 €/Kg"
Café com cafeina solúvel,Delta,Embalagem de 20g,"1,45 €","14,50 €/Kg"
Gomas tropifrutti,Haribo,Embalagem de 100g,"1,19 €","3,97 €/Kg"
Café em cápsulas aqtivus,Delta Q,Embalagem de 55 g,"2,79 €","19,93 €/Kg"
Rebuçados drops recheio de fruta,PorSi,Embalagem de 250g,"1,00 €","5,00 €/Kg"
Cerveja c/ álcool mini,Super Bock,Pack 15 x 0.20 L,"15,79 €","1,99 €/L"
Farinha de arroz bio,PorSi Bio,Embalagem de 200 g,"3,19 €","31,90 €/Kg"
Cabo de metal com rosca,PorSi,1.35 m,"2,20 €","2,20 €/Unidade"
Massa folhada margarina,PorSi,Embalagem de 230 g,"0,99 €","4,30 €/Kg"
Recarga Ambientador Automático Essential Mist Lavand...,Air Wick,1 un.,"5,99 €","23,96 €/L"
Bebida energética ripper,Monster,Garrafa de 500 ml,"1,60 €","3,20 €/L"
Farinheira do Ribatejo,PorSi,Embalagem de 180g,"1,49 €","7,45 €/Kg"
Vinho branco regional península de setúbal,Joao pires,Garrafa de 0.75 l,"4,99 €","6,65 €/L"
Leite com chocolate light,Mimosa,Embalagem de 200 ml,"0,26 €","1,30 €/L"
Gelado carte d'or tarte limão merengue,Olá,Embalagem de 900 ml,"3,99 €","6,14 €/L"
Bolachas chiquilin energy,Artiach,Embalagem de 200g,"1,69 €","6,76 €/Kg"
Liégeois Sobremesa de Café,Páturages,Embalagem de 4x100 g,"0,55 €","2,75 €/Kg"
Batata Nova a Granel,Vitacress,1 un = 250 gr  (aprox.),"1,39 €","9,27 €/Kg"
Queijo tres igrejas cura 2 meses,Santiago,Vendido ao peso a partir de 250 gr,"6,49 €","25,45 €/Kg"
Fraldas agility T4 de 9 a 15 kg,PorSi,50 unidades,"6,49 €","6,49 €/Unidade"
"Luvas multiusos relevo antiderrapante, tamanho grand...",PorSi,Embalagem de 1 unidades,"4,29 €","4,29 €/Unidade"
Maionese,PorSi,Embalagem de 260 g,"0,70 €","2,33 €/Kg"
Vinho doc alentejo tinto,T.bolotas,Garrafa de 0.75 l,"4,99 €","6,65 €/L"
Doce cereja 284g,ST.DALFOUR,Frasco de 284g,"2,19 €","9,95 €/Kg"
Vinho tinto,PorSi,embalagem de 1 litro,"0,85 €","0,85 €/L"
Limpa móveis cera abelhas,PorSi,Frasco de 300ml,"1,39 €","1,26 €/L"
Fermento em po 4x25g,PorSi,Embalagem de 100g,"1,89 €","17,18 €/Kg"
"Snack light de queijo flamengo, amêndoas e uvas pass...",Limiano,Embalagem de 120g,"2,39 €","19,92 €/Kg"
Bebida amêndoa torrada sem açúcar,Alpro,Embalagem de 1 litro,"2,49 €","2,49 €/L"
"Escova dentes, proteção global suave, 2 unidades",Labell,1 embalagem,"4,99 €","4,99 €/Unidade"
"Pensos diários respirare, 44 unidades",Carefree,Uma embalagem,"2,99 €","2,99 €/Unidade"
Manteiga com sal,Novacores,Embalagem de 250g,"1,69 €","6,76 €/Kg"
"Cereais special k, frutos vermelhos",Kellogg's,Embalagem de 300g,"1,95 €","3,90 €/Kg"
Queijo vaca sem lactose,PorSi Viva Bem,250 g,"3,79 €","15,16 €/Kg"
Vinho branco tejo sauvignon,Fiuza,Garrafa de 750 ml,"4,49 €","5,99 €/L"
Ovos de Galinhas Criadas ao Ar Livre,PorSi,6 ovos frescos,"1,39 €","1,39 €/Unidade"
Vinagre balsâmico,PorSi,Embalagem de 250 ml,"0,35 €","0,70 €/L"
Bolacha Maria sem lactose,PorSi Viva Bem,Embalagem de 200 g,"0,89 €","4,45 €/Kg"
Detergente manual roupa,PorSi,Embalagem de 650g,"1,09 €","2,73 €/Kg"
8 rissóis de carne,PorSi,Embalagem de 300g,"1,71 €","5,70 €/Kg"
Ambientador spray de lavanda,Air Wick,Garrafa de 240 ml,"2,99 €","12,46 €/L"
"Anti-calcário em pó, máquina roupa",PorSi,Embalagem de 800g,"3,99 €","5,70 €/L"
Paté Fígado Porco c/ Cogumelos,PorSi,75 g,"0,80 €","10,67 €/Kg"
"Refresco em pó, manga",PorSi,Embalagem de 40g,"0,75 €","18,75 €/Kg"
Bolachas com duplo creme,Oreo,Embalagem de 190g,"0,79 €","4,49 €/Kg"
"Batata frita, queijo e ervas",PorSi,Embalagem de 190g,"1,19 €","6,43 €/Kg"
"Recarga ambientador, toque&fresh relax zen",Glade,Embalagem de 10 ml,"349,00 €/L","349,00 €/L"
Escova para calçado,Sonaf,1 unidade,"1,79 €","17,90 €/L"
Salsichas de porco tipo estrasburgo,Monique Ranou,Embalagem  de 210G,"2,09 €","9,95 €/Kg"
Café lote normal moagem fina,PorSi,Embalagem de 250 g,"1,69 €","6,76 €/Kg"
"Escova de cabelo, pneumática javali",Labell,Uma unidade,"1,99 €","1,99 €/Unidade"
Ice tea de limão,PorSi,"Embalagem de 6x0,20 l","1,14 €","0,76 €/L"
Salmão Fumado da Escócia,PorSi Select,Embalagem de 80 g,"3,35 €","22,33 €/Kg"
Manteiga sem sal,Mimosa,Embalagem de 250g,"1,69 €","6,76 €/Kg"
Cereais fitness chocolate preto,Nestle,Embalagem de 375g,"1,95 €","3,90 €/Kg"
Pepperoni Rodelas,Porminho,Embalagem 2 x 75 g,"3,35 €","22,33 €/Kg"
Azeite virgem extra clássico,Gallo,Garrafa de 750 ml,"3,19 €","4,25 €/L"
Cerveja com álcool abadia,Super Bock,pack 6 x 0.33 l,"15,79 €","1,99 €/L"
Bolacha maria,Cuetara,Embalagem de 3 x 200 g + 33% grátis,"1,69 €","2,11 €/Kg"
Sumo 100% maçã,PorSi,pack 3 x 200 ml,"1,09 €","0,73 €/L"
Leite de pastagem magro,Terra Nostra,Embalagem de 1 litro,"1,09 €","1,09 €/L"
Tostas suecas integrais,PorSi,Embalagem de 225 g,"0,69 €","3,07 €/Kg"
Batata pré-frita palitos finos,PorSi,Embalagem de 1 kg,"1,39 €","1,39 €/Kg"
"Fiambre extra, fatias finas",PorSi,Embalagem de 150 g,"1,39 €","6,95 €/Kg"
Activia topper muesli & arando,Danone,Embalagem de 170g,"2,49 €","5,19 €/Kg"
Bebida de soja sem acucar 1l,Alpro,Embalagem de 1L,"2,49 €","2,49 €/L"
Bolachas cacau com cereais e pepitas de chocolate,PorSi,Embalagem de 400 g,"0,90 €","6,00 €/Kg"
Amendoim com Casca,PorSi,Embalagem de 500g,"0,79 €","3,95 €/Kg"
Tomate em pedaços,Guloso,Embalagem de 390g,"0,99 €","1,98 €/Kg"
Sumo 100% laranja,PorSi,Pack 3 x 200 ml,"1,09 €","0,73 €/L"
Ambientador vela maçã e canela,PorSi,1 unidade,"9,49 €","45,19 €/Kg"
Barras cereais chocapic,Nestle,Embalagem de 150g,"1,29 €","10,24 €/Kg"
Salsichas frescas de porco tipo brasileiro,PorSi,400 g,"2,09 €","9,95 €/Kg"
Toalha de mãos,PorSi,50 x 100 cm,"9,99 €","9,99 €/Unidade"
Molho tomate com azeitonas,PorSi,Frasco de 420g,"0,70 €","2,33 €/Kg"
Iogurte activia líquido morango,Danone,Embalagem de 4 x 155 g,"2,49 €","5,19 €/Kg"
Iogurte activia líquido cereais,Danone,Embalagem de 4 x 155 g,"2,49 €","5,19 €/Kg"
Spray wc anticalcário,PorSi,embalagem de 750 ml,"1,79 €","2,39 €/L"
Comboio Natal,*,23 peças,"1,69 €","1,69 €/Unidade"
Canela em pau,PorSi,Saqueta de 30 g,"0,25 €","0,25 €/Kg"
"Garrafa ""Melhor Mãe do Mundo""",Do Art,1 unidade,"6,99 €","6,99 €/Unidade"
Preparado de bolo de mármore,PorSi,528 g,"0,45 €","5,00 €/Kg"
3 Pipetas de Repelente p/ Gato,Repul'7,1 unidade,"1,19 €","0,24 €/Kg"
Cereais cruesli fruta,Quaker,Embalagem de 380g,"4,65 €","18,60 €/Kg"
Patê atum em escabeche,La piara,Embalagem de 80g,"1,39 €","15,44 €/Kg"
Leite seleccionado magro,Matinal,Garrafa de 1 l,"1,09 €","1,09 €/L"
Sidra frutos vermelhos,Somersby,pack 4 x 0.33 l,"1,59 €","3,18 €/L"
Azeite virgem extra clássico,Gallo,Garrafa de 250 ml,"3,19 €","4,25 €/L"
Pasta de açúcar bege,PorSi,250 g,"1,49 €","1,49 €/Kg"
Açúcar mascavado,PorSi,Embalagem de 500g,"1,49 €","1,49 €/Kg"
Moscatel de Douro Reserva,Favaios,Garrafa de 0.75 l,"5,99 €","7,99 €/L"
Batata pré-frita rodelas para saltear,PorSi,Embalagem de 1 kg,"1,39 €","1,39 €/Kg"
Limpa Estofos de Pele,PorSi,Embalagem de 1 l,"3,99 €","0,80 €/L"
Whiskey bourbon,J.daniels,Garrafa de 700 ml,"23,99 €","34,27 €/L"
Queijo flamengo ralado,PorSi,Embalagem de 200G,"1,56 €","7,80 €/Kg"
Tampões Compak Pearl Regular Com Aplicador,Tampax,16 unidades,"4,89 €","4,89 €/Unidade"
8 salsichas bockwurst,PorSi,1 Frasco 720G,"0,75 €","3,75 €/Kg"
"Queijo flamengo, ralado",Terra Nostra,Embalagem de 150g,"1,49 €","7,45 €/Kg"
Ketchup,Calve,Embalagem de 280g,"0,70 €","2,33 €/Kg"
"Queijo curado, amanteigado",Paiva,Embalagem de 550g,"6,49 €","25,45 €/Kg"
Azeite virgem extra dop trás-os-montes,PorSi Select,Embalagem 750 ml,"3,19 €","4,25 €/L"
Conjunto p/ Senhora Blue,Princess,Perfume + Gel de banho + Body Lotion,"9,99 €","9,99 €/Unidade"
Limpa Móveis,PorSi,Embalagem de 300 ml,"1,39 €","1,26 €/L"
Marmelada sem conservantes,PorSi,Embalagem de 500g,"1,09 €","2,42 €/Kg"
Toranja,Fruta do Dia,1 un = 300 gr  (aprox.),"0,81 €","2,69 €/Kg"
Chá Aromatizado Pirâmide Mel/Limão/Ginseng,PorSi,20 x 2 g,"2,69 €","89,67 €/Kg"
Esfregão Power Inox,Vileda,2 unidades,"2,54 €","2,54 €/Unidade"
Pão da Avó Alongado,Pão do Dia,1 unidade =400 g,"0,22 €","2,75 €/Kg"
Infusão alcachofra e dente de leão,Cemporcent,Embalagem de 10 unidades,"0,99 €","76,15 €/Kg"
Alimento lácteo cereais e bolachas maria +6 meses,Yogolino,Embalagem de 4 x 100 g,"2,89 €","7,23 €/Kg"
Bolachas waffers morango,PorSi,Embalagem de 210g,"0,98 €","4,67 €/Kg"
Luvas Multi Sensitive Médio/Grande,Vileda,40 unidade,"4,29 €","4,29 €/Unidade"
Tira Nódoas,Sanytol,embalagem com 450g,"3,99 €","5,70 €/L"
Tostas multicereais sem glúten,PorSi Viva Bem,Embalagem de 140g,"3,74 €","9,35 €/Kg"
Mistura solúvel mokambo,Nestle,Embalagem de 200g,"2,29 €","11,45 €/Kg"
Cereais cruesli frutos secos,Quaker,Embalagem de 380g,"4,65 €","18,60 €/Kg"
Atum posta em azeite,PorSi,Embalagem de 120g,"0,89 €","7,42 €/Kg"
Pasta de açúcar branco,PorSi,250 g,"1,49 €","1,49 €/Kg"
Iogurte líquido morango/banana,PorSi,Embalagem de 4 x 160 g,"1,20 €","1,88 €/Kg"
Pera rocha categoria II Programa Origens,PorSi,Embalagem de 1.5 kg,"1,30 €/Kg","1,30 €/Kg"
Bambolitos pretos,PorSi,Embalagem de 150g,"0,79 €","5,27 €/Kg"
Balões latex brancos,PorSi,Embalagem com 24 unidades,"1,69 €","1,69 €/Unidade"
Leite desmaquilhante para peles secas,Labell,Embalagem de 250 ml,"1,15 €","4,60 €/L"
Pizza hawai,PorSi,Embalagem de 350g,"2,16 €","6,17 €/Kg"
Peluche,Peppa Pig,50 cm,"17,49 €","17,49 €/Unidade"
Salmão Fumado da Noruega,PorSi,Embalagem de 100 g,"3,35 €","22,33 €/Kg"
"Lixívia para roupa, azul, tradicional",Neoblanc,Embalagem de 1 l,"1,74 €","0,35 €/L"
Atum posta em azeite,Bom petisc,Embalagem de 120 g,"0,89 €","7,42 €/Kg"
Lava tudo antibacteriano marinho,PorSi,Garrafa de 1.5 l,"0,99 €","0,50 €/L"
"Sabonete sólido, mel",Feno,Embalagem de 360g,"1,99 €","15,92 €/Kg"
"Livro ""Tudo o que preciso para o Natal...""",Yoyobooks,1 unidade,"9,95 €","9,95 €/Unidade"
Cogumelos inteiros,PorSi,Embalagem de 355 g,"1,79 €","2,29 €/Kg"
Hamburger cogumelos,Veg In,Embalagem de 160g,"3,39 €","21,19 €/Kg"
Gressinos com azeite,PorSi,Embalagem de 250g,"0,69 €","3,07 €/Kg"
Creme de cassis,P.dabot,Garrafa de 700 ml,"22,49 €","32,13 €/L"
12 Preservativos Adapta Finíssimo XL,Control,,"9,99 €","9,99 €/Unidade"
"Batata frita, multipack",Ruffles,Embalagem de 180g,"1,06 €","5,73 €/Kg"
Snack gato sticks salmao 6x5g,PorSi,Embalagem de 30g,"0,99 €","16,50 €/Kg"
Bolachas galettes bretonnes,Chabrior,Embalagem de 125 g,"1,69 €","6,76 €/Kg"
Caramelos de fruta,Penha,Embalagem de 250 g,"1,10 €","4,40 €/Kg"
Aveia instantânea em pó 1250 g bolacha,Prozis,"Embalagem de 1,25 kg","2,49 €","12,45 €/Kg"
"Groselha, Categoria ll",Fruta do Dia,Embalagem de 125 g,"1,99 €","15,92 €/Kg"
Queijo limiano amanteigado vaca e ovelha sem casca o...,Limiano,Embalagem de 450g,"6,49 €","25,45 €/Kg"
Guardanapos Red Label 1 folha |Vermelho,Renova,Dim: 30x32cm |70 unidades,"1,29 €","1,29 €/Unidade"
Feijão encarnado em frasco,PorSi,frasco de 540 g,"1,79 €","2,29 €/Kg"
Lindahls pro+ liq tropical,Lindahls,Garrafa de 330 ml,"2,39 €","7,97 €/Kg"
Rolo de tofu com ervas,Cemporcent,Embalagem de 200g,"11,99 €","29,98 €/Kg"
Miolo de amêndoa sem pele inteira,PorSi,200 g,"0,79 €","3,95 €/Kg"
Luvas Universal Pequeno/Médio,Vileda,1 unidade,"4,29 €","4,29 €/Unidade"
Vinho Regional de Lisboa Branco,Mundus,"Garrafa de 0,75L","1,99 €","2,65 €/L"
Tablete de chocolate culinário branco,PorSi,Embalagem de 180 g,"0,99 €","9,90 €/Kg"
Vinho branco,PorSi,Bag-in-box de 5 litros,"0,85 €","0,85 €/L"
Carro da polícia,Lego,1 unidade,"14,99 €","14,99 €/Unidade"
Refrigerante c/ gás,Coca-Cola,pack 6 x 0.33 l,"0,79 €","0,40 €/L"
Folhado de Chocolate 60 g,PorSi,,"0,75 €","0,75 €/Unidade"
Vinho Rosé,Mateus,"Garrafa de 1,5L","4,29 €","5,72 €/L"
Gel Intimo Suave,Corine de Farme,250 ml,"1,24 €","4,96 €/Kg"
Lava Tudo Perfumado Herbal,PorSi,Embalagem de 2 l,"0,99 €","0,50 €/L"
Cordon bleu,Iglo,Embalagem de 200g,"4,99 €","24,95 €/Kg"
As minhas primeiras receitas - refeição esparguete c...,Nestle,Embalagem de 190g,"1,89 €","9,95 €/Kg"
Aguardente velhíssima,Caves Bonifácio,Garrafa de 0.70 l,"11,49 €","16,41 €/L"
Salsicha Merguez,PorSi,1 un = 100 gr (aprox.),"0,50 €","4,99 €/Kg"
Barrita controlo de peso maçã,Ignoramu,Embalagem de 44g,"1,29 €","36,86 €/Kg"
Bola de Berlim chocolate,PorSi,85g,"0,75 €","0,75 €/Unidade"
Saqueta de puré de fruta | maçã + manga + pêssego,PorSi,90 g,"0,74 €","8,22 €/Kg"
Tablete de chocolate culinário 70% negro,PorSi,Embalagem de 200 g,"1,04 €","8,32 €/Kg"
Cabo de madeira com rosca,PorSi,1.20 m,"2,20 €","2,20 €/Unidade"
Pensos incontinência homem,PorSi,10 unidades,"1,95 €","1,95 €/Unidade"
Tablete de chocolate leite,Schogetten,Embalagem de 100g,"1,59 €","7,95 €/Kg"
Limpa Estofos de Tecido,PorSi,Embalagem de 1 l,"3,99 €","0,80 €/L"
Pipoca doce para  microondas,PorSi,Embalagem de 300g,"1,65 €","12,69 €/Kg"
Arroz brajma,Cigala,Embalagem de 1 kg,"0,99 €","0,99 €/Kg"
Mistura para carnes,PorSi,Embalagem de 40g,"0,25 €","0,25 €/Kg"
Tarte de Flan,Pastelaria do Dia,embalagem com 650g,"4,29 €","6,60 €/Kg"
Frutose,PorSi,Boião de 410 g,"5,99 €","23,96 €/Kg"
Queijo edam light fatias,PorSi Viva Bem,Embalagem de 150g,"2,39 €","19,92 €/Kg"
Bolacha torrada,PorSi,Embalagem de 4 x 200 g,"1,69 €","2,11 €/Kg"
"Creme revitalizante, noite",L'oreal,Embalagem de 50 ml,"2,99 €","59,80 €/L"
Tampão proteção de confiança,O.B.,1 Embalagem c/32 unidades,"4,89 €","4,89 €/Unidade"
Recarga Esfregona de Algodão,PorSi,1 unidade,"0,89 €","0,89 €/Unidade"
Água s/ gás frutos vermelhos,Luso,Garrafa de 1 l,"1,04 €","0,17 €/L"
Queijo mozzarella fresca,Galbani,Embalagem de 125 g,"1,59 €","6,36 €/Kg"
Água sem gás,PorSi,Garrafão de 5 l,"1,04 €","0,17 €/L"
"Cera cabelo, paste signature",Axe,Embalagem de 75 ml,"4,99 €","66,53 €/L"
Jogo Conta Histórias,Educa,1 unidade,"11,99 €","11,99 €/Unidade"
8 hamburguers s/ glúten vaca,Capitão Iglo,Embalagem de 640g,"2,79 €","8,72 €/Kg"
Queijo fundido palitos,A Vaca Que Ri,Embalagem de 35g,"0,82 €","23,43 €/Kg"
Iogurte activia líquido 0% lima/limão,Danone,Embalagem de 4 x 155 g,"2,49 €","5,19 €/Kg"
Arroz integral extra longo,Cemporcent,Embalagem de 1 kg,"1,49 €","2,98 €/Kg"
Pensos peles sensíveis XL,PorSi,5 unidades,"2,86 €","2,86 €/Unidade"
Néctar pera,PorSi,Embalagem de 1 l,"0,99 €","0,99 €/L"
"Pensos tecido, resistentes à água, 10 unidades",Hansaplast,1 embalagem,"2,86 €","2,86 €/Unidade"
Tablete de chocolate negro,Nestle,Embalagem de 100 g,"0,99 €","4,95 €/Kg"
Baguete,*,400 g,"0,22 €","2,75 €/Kg"
Massa de macarrão grande estriado,PorSi,Embalagem de 500g,"0,89 €","1,78 €/Kg"
Alimento lácteo cereais e baunilha +6 meses,Yogolino,Embalagem de 4 x 100 g,"2,89 €","7,23 €/Kg"
"Coloração permanente, preto natural, nº3",Excellence,1 unidade,"13,09 €","13,09 €/Unidade"
"Lenços de bolso sensi, brancos, 10 unidades",Renova,Uma embalagem de 6x10,"0,89 €","0,89 €/Unidade"
Sabonete líquido maçãs verdes,Labell,Embalagem de 500 ml,"1,09 €","2,18 €/L"
Leite uht magro,Gresso,Embalagem de 1 litro,"1,09 €","1,09 €/L"
Cogumelos laminados 1/2,PorSi,Embalagem de 355 g,"1,79 €","2,29 €/Kg"
Biscoitos canudinho simples,PorSi,Embalagem de 300g,"2,82 €","9,40 €/Kg"
Spray anti calcário,Cif,Garrafa de 435 ml,"3,19 €","6,38 €/L"
Kinder delice cacau,Kinder,Embalagem de 400g,"1,77 €","5,53 €/Kg"
"Elixir bocal, menta",Labell,Embalagem de 500 ml,"1,49 €","2,98 €/L"
Doce de cereja s/ açúcar adicionado,PorSi,Frasco com 220 g,"2,19 €","9,95 €/Kg"
Pensos Higiénicos Fina e Segura Maxi Super,Evax,Embalagem c/ 13 Unidades,"2,59 €","2,59 €/Unidade"
15 panadinhos de peixe,PorSi,Embalagem de 450 g,"4,39 €","10,98 €/Kg"
Moscatel de setúbal,Selecção de Enófilos,"Garrafa de 0,75 l","5,99 €","7,99 €/L"
Feijão preto cozido,PorSi,Embalagem de 420 g,"1,79 €","2,29 €/Kg"
Manteiga magra,Matinal,Embalagem de 250g,"1,69 €","6,76 €/Kg"
Iogurte líquido magro frutos vermelhos,PorSi Viva Bem,Embalagem de 4x160 ml,"1,20 €","1,88 €/Kg"
Chalotas,Legumes do Dia,embalagem de 250 g (aprox.),"1,39 €","9,27 €/Kg"
Vinho regional península de setúbal reserva,Periquita,Garrafa de 0.75 l,"4,99 €","6,65 €/L"
Nestum flocos de cereais com mel,Nestum,Embalagem de 300g,"2,19 €","8,76 €/Kg"
Preparado de bolo de chocolate,PorSi,500 g,"0,45 €","5,00 €/Kg"
Creme de dia para pele seca,Labell,Embalagem de 50 ml,"2,99 €","59,80 €/L"
Dentes de alho Categoria: II,PorSi,Embalagem de 150 g,"1,39 €","9,27 €/Kg"
Bloco Sanitário Poder Activo Pinho,Sonasol,Embalagem de 50 g,"3,06 €","57,74 €/Kg"
Amaciador nutri-protec,Labell,Embalagem de 200 ml,"1,06 €","5,30 €/L"
Pensos resistentes à água,PorSi,Embalagem com 15 unidades,"2,86 €","2,86 €/Unidade"
Fiambre da Perna Extra,Nobre,1 un = 150 gr (aprox.),"1,39 €","6,95 €/Kg"
Bolachas waffers baunilha,PorSi,Embalagem de 210g,"0,98 €","4,67 €/Kg"
Balde Limpeza Super Fácil Cinza + Espremedor,Vileda,1 unidade,"17,00 €","17,00 €/Unidade"
Taolhão de banho,PorSi,100 x 150 cm,"9,99 €","9,99 €/Unidade"
Pickles em vinagre,PorSi,Embalagem de 200 g,"1,79 €","2,29 €/Kg"
Paté Fígado Porco c/ Vinho do Porto,PorSi,75 g,"0,80 €","10,67 €/Kg"
Húngaros,PorSi,Embalagem de 270G,"0,69 €","3,45 €/Kg"
Atum posta em óleo,Bom petisc,Embalagem de 120 g,"0,89 €","7,42 €/Kg"
6 Salsichas de porco,Nobre,Lata de 120g,"0,75 €","3,75 €/Kg"
Queijo manchego D.O.P,PorSi Select,Embalagem de 250g,"2,87 €","15,94 €/Kg"
Açúcar em saquetas,PorSi,Embalagem 1K,"1,49 €","1,49 €/Kg"
Salsichas extra suculentas,Nobre,Frasco de 650 g,"0,75 €","3,75 €/Kg"
Cacetinho de trigo integral,Pão do Dia,90 g,"0,22 €","2,75 €/Kg"
Gaspacho,PorSi,1 litro,"2,20 €","31,43 €/Kg"
Hamburger azeitona preta,Veg In,Embalagem de 160g,"3,39 €","21,19 €/Kg"
Gel de Duche Creme Care,Nivea,Embalagem de 750 ml,"3,69 €","14,76 €/L"
Iogurte liquido proteína yopro morango/framboesa,Yopro,300 g,"1,20 €","1,88 €/Kg"
Arroz Thai Jasmim,PorSi,1 kg,"0,99 €","0,99 €/Kg"
Vinho do porto lágrima tinto,Ramos Pinto,"Garrafa de 0,75L","5,99 €","7,99 €/L"
Cone chocolate,PorSi,Embalagem de 6 x 120 ml,"5,99 €","16,64 €/L"
"Rolo de cozinha design xxl, 3 rolos",Renova,Embalagem de 3 unidades,"4,99 €","4,99 €/Unidade"
Queijo flamengo fatias light,PorSi,Embalagem de 200g,"1,56 €","7,80 €/Kg"
Hambúrguer de soja,Cemporcent,Embalagem de 160g,"11,99 €","29,98 €/Kg"
Autobrilhante Incolor,Búfalo,Embalagem de 50 ml,"2,25 €","45,00 €/L"
Bolacha golden,Oreo,Embalagem de 154 g,"0,79 €","4,49 €/Kg"
Bolacha torrada com canela,PorSi,Embalagem de 2 x 250 g,"1,69 €","2,11 €/Kg"
Nata para culinária ligeira,Mimosa,Embalagem de 200 ml,"0,75 €","3,75 €/L"
Spray óleo amêndoas doces,Hidro,Embalagem de 100 ml,"2,86 €","2,86 €/Unidade"
Gel WC Flores,Neoblanc,Embalagem de 700 ml,"2,79 €","3,99 €/L"
Iogurte corpos danone + proteína ananás,Danone,Embalagem de 150g,"2,39 €","7,97 €/Kg"
Balões latex vermelho,PorSi,Embalagem com 24 unidades,"1,69 €","1,69 €/Unidade"
Strudel de maçã,PorSi,Embalagem de 550 g,"1,89 €","3,44 €/Kg"
Arroz Carolino,Cigala,Embalagem de 1 kg,"0,99 €","0,99 €/Kg"
Pêssego em calda metades,PorSi,Lata com 420 g,"1,99 €","2,37 €/Kg"
Posta pescada-do-cabo nº 5 para cozer,PorSi,Embalagem de 800 g,"4,39 €","10,98 €/Kg"
Gelado magnum pint clássico,Olá,Embalagem de 440 ml,"3,99 €","6,14 €/L"
Chourico picante beiras,PorSi,Embalagem de 290g,"1,22 €","6,78 €/Kg"
Espremedor,PorSi,1 unidade,"17,00 €","17,00 €/Unidade"
Hummus Caril Açafrão c/ Azeite Virgem Extra 100% Nat...,SONATURAL,Embalagem de 200g,"1,99 €","2,49 €/Kg"
Vela em número nº5,PorSi,1 unidade,"0,80 €","0,80 €/Unidade"
Tablete de chocolate de leite com amêndoas - sem açú...,PorSi Viva Bem,Embalagem de 100 g,"0,65 €","6,50 €/Kg"
"Fita Isoladora, 2 Rolos",Itools,1 unidade,"1,79 €","1,79 €/Unidade"
"Bebida láctea especial crescimento, 1-3 anos",Mimosa,Garrafa de 1 l,"0,26 €","1,30 €/L"
Café c/ cafeína intenso,Nescafe,Embalagem de 100g,"1,45 €","14,50 €/Kg"
Polpa de cebola e alho,PorSi,Embalagem de 500 g,"0,99 €","1,98 €/Kg"
Sabonete,Feno,Embalagem de 4x90 g,"1,99 €","15,92 €/Kg"
Sumo 100% maçã,Compal,1 litro,"1,09 €","0,73 €/L"
Bolachas digestive chocolate,PorSi,Embalagem de 300g,"1,49 €","2,48 €/Kg"
Água sem gás,Penacova,Garrafa de 1.5 litros,"1,04 €","0,17 €/L"
Óleo Cedro Spray,PorSi,Embalagem de 250 ml,"1,39 €","1,26 €/L"
Puzzles Astro Kid / T-Rex,Olivo,60 peças,"11,99 €","11,99 €/Unidade"
Café gold colômbia frasco,Nescafe,Embalagem de 100 g,"1,45 €","14,50 €/Kg"
Pão Regional Rio Maior Inteiro,Pão do Dia,1 unidade= 450 g,"0,22 €","2,75 €/Kg"
Pastilhas ice spearmint,CHICLETS,Embalagem de 17 g,"0,99 €","58,24 €/Kg"
"Bolo de profiteroles, 800 g",Pastelaria do Dia,,"4,29 €","6,60 €/Kg"
Comida húmida para cão,PorSi,Embalagem de 300 g,"0,75 €","2,50 €/Kg"
Lixívia perfumada,PorSi,Embalagem de 5 l,"1,09 €","0,55 €/L"
Café em grão,Delta,Embalagem de 250g,"3,29 €","13,16 €/Kg"
Sacos do lixo lavanda 50 litros,PorSi,15 unidades,"1,79 €","1,79 €/Unidade"
Cereais corn flakes,Kellogg's,Embalagem de 500g,"1,49 €","2,98 €/Kg"
Papa infantil não láctea 8 cereais e mel +6 meses,Cerelac,Embalagem de 250g,"1,99 €","7,96 €/Kg"
Champô Anti-Caspa,Pantene,360 ml,"5,12 €/L","5,12 €/L"
Aspirador Nasal,Neo Baby,1 unidade,"2,19 €","2,19 €/Unidade"
Cerveja sagres,Sagres,20 x 0.25 l,"15,79 €","1,99 €/L"
Iogurte líquido pinacolada,PorSi,Embalagem de 4 x 160 g,"1,20 €","1,88 €/Kg"
Polvilho doce,PorSi,Embalagem de 500g,"3,49 €","12,46 €/Kg"
Drops cafe,Heller,Embalagem de 140g,"2,75 €","11,00 €/Kg"
Salsicha bockwurst 5 unidades,PorSi,Embalagem de 250g,"0,75 €","3,75 €/Kg"
"Vinho DOC Bairrada, Branco",Selecção de Enófilos,Garrafa de 0.75 l,"2,49 €","3,32 €/L"
Braçadeiras Unicórnio,Mondo,1 Embalagem,"5,69 €","5,69 €/Unidade"
Magia 50 Truques,Diset,1 unidade,"11,99 €","11,99 €/Unidade"
Cebola Roxa,Programa Origens,1 un = 500 gr (aprox.),"1,39 €","9,27 €/Kg"
Delícia de bolacha,PorSi,Embalagem de 2x135 g,"0,55 €","2,75 €/Kg"
100% clara de ovo líquida albumina,Prozis,Embalagem de 500g,"2,99 €","5,98 €/Kg"
Reparador de móveis escuro,PorSi,Embalagem de 200 ml,"1,39 €","1,26 €/L"
"Elixir bocal, dentes e gengivas",Listerine,Embalagem de 250 ml,"1,49 €","2,98 €/L"
Creme p/ Calçado Preto,Búfalo,Embalagem de 40 ml,"2,75 €","36,67 €/L"
Farinha p/ bolos extra fina,Nacional,Embalagem de 1 kg,"0,85 €","0,85 €/Kg"
Vinho rosé,Lancers,Garrafa 0.75L,"4,29 €","5,72 €/L"
Plantanatur detox rapid,PLANTANATU,Garrafa de 500 ml,"10,79 €","21,58 €/L"
Gelatina de ananás,PorSi,Embalagem de 170g,"0,55 €","61,11 €/Kg"
Bolachas waffers chocolate,PorSi,Embalagem de 210g,"0,98 €","4,67 €/Kg"
"Pensos diários maxiplus, 30 unidades",Evax,Uma embalagem,"2,99 €","2,99 €/Unidade"
Pudim de chocolate,PorSi,Embalagem de 110g,"0,44 €","4,00 €/Kg"
Cappuccino Café Solúvel Descafeinado,Nescafe,Embalagem de 125g | 10 Saquetas,"1,59 €","6,36 €/Kg"
Balões latex verde,PorSi,Embalagem com 24 unidades,"1,69 €","1,69 €/Unidade"
Ambientador gel lavanda,PorSi,150 g,"0,79 €","5,27 €/Kg"
Limpa vidros cristal recarga,Ajax,Embalagem de 500 ml,"3,19 €","6,38 €/L"
"Batata frita caseira, rodela",Pala-pala,Embalagem de 180g,"0,87 €","5,44 €/Kg"
Leite uht c/ chocolate,Ucal,Garrafa de 1 l,"0,26 €","1,30 €/L"
Ice tea pêssego,Lipton,Embalagem de 1L,"1,14 €","0,76 €/L"
Refeição caseira almôndegas,Nobre,Embalagem de 420g,"3,65 €","8,69 €/Kg"
Milka chocolate tablet cocoa,Milka,Embalagem de 100g,"0,99 €","4,95 €/Kg"
Longa vida morango tu banana coco 8x120,Longa vida,Embalagem de 960g,"0,69 €","1,38 €/Kg"
Iogurte activia cremoso frutos silvestres,Danone,Embalagem de 4 x 120 g,"1,49 €","2,98 €/Kg"
Toalhão de banho,PorSi,100 x 150 cm,"9,99 €","9,99 €/Unidade"
Pudim caramelo,PorSi,Embalagem de 90g,"0,44 €","4,00 €/Kg"
Lixívia Tradicional,PorSi,Embalagem de 5 l,"1,74 €","0,35 €/L"
Porto 10 anos,Velhotes,Garrafa de 0.75 l,"11,39 €","15,19 €/L"
Néctar light de laranja prisma,PorSi,Embalagem de 1 l,"0,84 €","2,55 €/L"
Lombo assado fatiado,PorSi,150 g,"2,49 €","16,60 €/Kg"
Melão Amarelo,Fruta do Dia,Vendido ao peso | 1 un = 2.5 kg (aprox.),"7,48 €","2,99 €/Kg"
Chocolate signature starbucks,STARBUCKS,Embalagem de 220 ml,"3,19 €","25,52 €/Kg"
Desentupidor express gel elimina odores,Destop,1 litro,"4,49 €","5,99 €/L"
Queijo dop 7 meses,Sao jorge,Embalagem de 400g,"2,87 €","15,94 €/Kg"
Douradinhos estaladiços,Capitão Iglo,Embalagem de 340g,"5,69 €","16,93 €/Kg"
Miolo camarão 40/60,PorSi,Embalagem de 200g,"8,99 €","25,69 €/Kg"
Iogurte liquido infantil morango,PorSi,Embalagem de 6 x 94 ml,"1,05 €","1,86 €/L"
Achocolatado energy,Cola cao,Embalagem de 750g,"5,39 €","7,19 €/Kg"
Ambientador tealights frutos vermelhos,PorSi,embalagem com 18 unidades,"9,49 €","45,19 €/Kg"
Bolachas integrais,PorSi,Embalagem de 200g,"1,49 €","2,48 €/Kg"
Bolachas marítimas clássicas,PorSi Viva Bem,Embalagem de 200g,"2,29 €","11,45 €/Kg"
Amaciador concentrado para roupa aloé vera,PorSi,80 doses,"1,99 €","1,00 €/L"
Liégeois Sobremesa de Caramelo,Páturages,Embalagem de 4x100 g,"0,55 €","2,75 €/Kg"
Spray calcário e sujidade,Cillitbang,Garrafa de 500 ml,"2,24 €","4,48 €/L"
Abóbora adoçada com xarope de milho,Cemporcent,Embalagem de 240g,"4,49 €","8,98 €/Kg"
Manteiga com sal,Mimosa,Embalagem de 130g,"1,69 €","6,76 €/Kg"
Esparregado de espinafres,PorSi,Embalagem de 350 g,"1,89 €","1,89 €/Kg"
"Forma papel para bolos, 8. 4cm",PorSi,Embalagem com 60 unidades,"1,19 €","1,19 €/Unidade"
Presunto nacos,PorSi,Embalagem de 250g,"2,79 €","13,95 €/Kg"
Farinha s/ glúten p/ pão,Schar,Embalagem de 1 kg,"5,24 €","5,24 €/Kg"
Quinoa branca,PorSi Viva Bem,Embalagem de 200 g,"1,39 €","6,95 €/Kg"
Porto tawny valadão,Valadao,Garrafa de 750 ml,"5,99 €","7,99 €/L"
Creme fixação para dentaduras,Polident,Embalagem de 70 g,"7,39 €","105,57 €/Kg"
Corn flakes,PorSi,Embalagem de 1 kg,"1,49 €","2,98 €/Kg"
Nescafe galao original 18(8x17g) pt ea,Nescafe,Embalagem de 136g,"3,19 €","25,52 €/Kg"
Snack Cão Prodental,PorSi,Embalagem 180 g,"0,94 €","5,22 €/Kg"
Água mineral natural alcalina,MONCHIQUE,Garrafão de 5 l,"1,04 €","0,17 €/L"
Hambúrguer mediterrânico,Cemporcent,Embalagem de 160g,"11,99 €","29,98 €/Kg"
Cereais muesli goji e mirtilos,Quaker,Embalagem de 350g,"3,99 €","11,40 €/Kg"
Toalhitas Bebé Nature,PorSi,64 unidades,"1,49 €","1,49 €/Unidade"
Nestum chocolate,Nestum,Embalagem de 250g,"2,19 €","8,76 €/Kg"
Mortadela fatiada com azeitonas,PorSi,Embalagem de 200 g,"0,80 €","10,67 €/Kg"
Azeite,Oliveira da Serra,Embalagem de 750 ml,"3,19 €","4,25 €/L"
Frutos vermelhos,PorSi,Embalagem de 750 g,"3,29 €","4,39 €/Kg"
Café 5 estrelas grão,Sical,Embalagem de 1 kg,"3,29 €","13,16 €/Kg"
Chili com carne,Itinéraire des Saveurs,Embalagem 300G,"3,65 €","8,69 €/Kg"
Manteiga magra meio sal,President,Embalagem de 250g,"1,69 €","6,76 €/Kg"
Infusão principe,Cemporcent,Embalagem de 10 unidades,"0,99 €","76,15 €/Kg"
"Atum em posta, em azeite",General,Embalagem de 110g,"0,89 €","7,42 €/Kg"
Bocadelia de caranguejo,La piara,Embalagem de 170g,"1,39 €","15,44 €/Kg"
Ice tea limão,Lipton,pack 6 x 0.25 l,"1,14 €","0,76 €/L"
Vinho verde branco,MIRANDA,"Garrafa de 0,75 l","1,99 €","2,65 €/L"
"Queijo regional de vaca, cabra e ovelha curado",Qj.saloio,Embalagem de 190g,"3,99 €","21,00 €/Kg"
Nata pasteurizada,PorSi,Embalagem de 450 ml,"0,75 €","3,75 €/L"
Detergente liquido loiça clássico,PorSi,Garrafa de 1 litro,"0,99 €","1,98 €/L"
Cereais Forma Natura,PorSi,500 g,"1,95 €","3,90 €/Kg"
Queijo emmental ralado,PorSi,Embalagem de 200 g,"1,49 €","7,45 €/Kg"
Mel de Rosmaninho,PorSi Select,Frasco de 250 g,"2,25 €","9,00 €/Kg"
Néctar vital equilibrio frutos vermelhos,Compal,Embalagem de 1 l,"0,99 €","0,99 €/L"
Canja c/ aletria,Knorr,Embalagem de 70g,"2,20 €","31,43 €/Kg"
Puré de batata,Maggi,Embalagem de 250g,"0,85 €","0,85 €/Kg"
Leite pasteurizado magro,Vigor,Garrafa de 1 l,"1,09 €","1,09 €/L"
Salmão posta ao natural,PorSi Select,Lata de 120 g,"0,89 €","7,42 €/Kg"
Arroz agulha,Caçarola,Embalagem de 1 kg,"0,99 €","0,99 €/Kg"
Sangria pet,Don Simon,"Garrafa de 1,5 l","2,19 €","1,46 €/L"
15 douradinhos,Capitão Iglo,Embalagem de 420g,"1,71 €","5,70 €/Kg"
Chupas geladitos polaretti,Dolfin,Embalagem de 400 ml,"2,05 €","5,13 €/L"
Acetona,PorSi,Embalagem de 250 ml,"1,09 €","4,36 €/L"
Ambientador vela duo maçã,Air Wick,Embalagem de 210g,"9,49 €","45,19 €/Kg"
Recarga Desumidificador Premium,HUMYDRY,embalagem de 450g,"4,59 €","10,20 €/Kg"
Batata palha finíssima,PorSi Select,Embalagem de 180 g,"0,87 €","5,44 €/Kg"
"Inseticida elétrico, trio, nigth & day",Raid,1 unidade,"7,69 €","7,69 €/Unidade"
Vinagre de vinho branco,PorSi,Garrafa de 1 l,"0,35 €","0,70 €/L"
Sacos do lixo lavanda 30 litros,PorSi,20 sacos,"1,79 €","1,79 €/Unidade"
Farelo de trigo,Cemporcent,Embalagem de 250g,"2,49 €","12,45 €/Kg"
Infusão cidreira,PorSi,Embalagem de 40g,"0,99 €","76,15 €/Kg"
Acendalhas Ecologica,Quinas,Uma embalagem - 32Unidades,"0,75 €","0,75 €/Unidade"
Iogurte pedaços pêssego/alperce,PorSi,Embalagem de 4x125g,"1,44 €","2,88 €/Kg"
Infusão cidreira,Cemporcent,Embalagem de 10 unidades,"0,99 €","76,15 €/Kg"
Edredão branco | dimensões: 160 x 220 cm,VZT,1 unidade,"9,99 €","9,99 €/Unidade"
Polvilho azedo,PorSi,Embalagem de 500g,"3,49 €","12,46 €/Kg"
Creme de dia para pele normal,Labell,Embalagem de 50 ml,"2,99 €","59,80 €/L"
Espinafres em folhas,PorSi,Embalagem de 750 g,"1,89 €","1,89 €/Kg"
Vinagre vinho branco,PorSi,Garrafa de 500 ml,"0,35 €","0,70 €/L"
Infusão de camomila,PorSi,Embalagem de 33.7 g,"0,99 €","76,15 €/Kg"
"Hamburguers de frango, 4 x 80 g",PorSi,Embalagem de 320g,"2,79 €","8,72 €/Kg"
"Aperitivos, amendoins no forno",Matutano,Embalagem de 200g,"1,65 €","12,69 €/Kg"
Arroz agulha Europa,PorSi,Embalagem de 1 kg,"0,99 €","0,99 €/Kg"
Sabonete Líquido Original,Dove,Embalagem de 250 ml,"1,09 €","2,18 €/L"
Vinho tinto,Alandra,Garrafa de 750 ml,"2,99 €","3,99 €/L"
Bolachas starship chocolate,PorSi,Embalagem de 150g,"0,90 €","6,00 €/Kg"
Adoçante em pó,PorSi,250 saquetas,"5,99 €","23,96 €/Kg"
Magnum amêndoa,Olá,Embalagem de 6 x 55 ml,"5,99 €","16,64 €/L"
Bacalhau espiritual,PorSi,Embalagem de 300g,"2,19 €","7,30 €/Kg"
"Cerveja sem Álcool 0,0%",Carlsberg,Pack 6x25 cl,"5,99 €","3,03 €/L"
Creme abrasivo pink flowers,Cif,Garrafa de 700 ml,"4,99 €","7,13 €/L"
Massa bagos,PorSi,Embalagem de 250g,"0,89 €","1,78 €/Kg"
Descafeinado,Nestlé,Embalagem de 100 g,"1,59 €","6,36 €/Kg"
Malha vegetal com Ricotta 110 g,Pastelaria do Dia,,"0,65 €","0,65 €/Unidade"
Café solúvel c/ cafeína,Delta,Embalagem de 100g,"1,45 €","14,50 €/Kg"
Conjunto Princesas,Corine de Farme,2 peças,"9,99 €","9,99 €/Unidade"
Côco ralado,PorSi,Embalagem de 200g,"1,29 €","3,23 €/Kg"
Aguardente velhíssima,São Domingos,Garrafa de 0.70 l,"11,49 €","16,41 €/L"
Condicionador spray penteia fácil,Johnson's Baby,Embalagem de 200 ml,"4,99 €","16,63 €/L"
Bebida coco,Alpro,Embalagem de 1L,"2,49 €","2,49 €/L"
Feijão branco,PorSi,Embalagem de 500g,"0,95 €","1,90 €/Kg"
Tablete de chocolate leite/amêndoa,Nestle,Embalagem de 120g,"0,65 €","6,50 €/Kg"
Muesli 3 chocolates,PorSi,500 g,"3,99 €","11,40 €/Kg"
Rolo cozinha branco 3 folhas,PorSi,3 rolos,"4,99 €","4,99 €/Unidade"
Puzzle Frozen,Clementoni,2 x 20 peças,"5,99 €","5,99 €/Unidade"
Bolachas brownie tubo,Oreo,Embalagem de 150g,"0,79 €","4,49 €/Kg"
Nuggets de frango,PorSi,Embalagem de 360 g,"5,69 €","16,93 €/Kg"
Bicarbonato de sódio,PorSi,Saqueta de 75 g,"1,89 €","17,18 €/Kg"
Vinho doc douro tinto,Tellu's,Garrafa de 750 ml,"7,49 €","9,99 €/L"
Queijo ralado dispensador,PorSi,Embalagem de 80g,"1,49 €","7,45 €/Kg"
"Pasta dentífrica, máxima proteção, fresca",Colgate,Embalagem de 75 ml,"2,24 €","29,87 €/L"
Leite creme,PorSi,Embalagem de 2x135 g,"0,55 €","2,75 €/Kg"
Pão ralado crocante,ESPIGA,Embalagem de 150g,"0,55 €","2,29 €/Kg"
Gelado viennetta morango,Olá,Embalagem de 650 ml,"3,99 €","6,14 €/L"
Batata frita lisa chips,PorSi,Embalagem de 185 g,"1,06 €","5,73 €/Kg"
"Néctar pêssego, prisma",PorSi,Embalagem de 1 l,"0,99 €","0,99 €/L"
Crepe simples,PorSi,Embalagem de 630g,"1,89 €","3,44 €/Kg"
Sementes de linhaça dourada,PorSi Viva Bem,Embalagem de 250 g,"1,59 €","10,60 €/Kg"
Sangria branca,Don Simon,"Garrafa de 1,5 l","2,19 €","1,46 €/L"
Massa spaghetti tricolore,Milaneza,Embalagem de 500 g,"0,89 €","1,78 €/Kg"
Pimentão doce saqueta,PorSi,Embalagem de 50 g,"0,25 €","0,25 €/Kg"
Empada de Frango 60 g,Fornada do Dia,,"0,65 €","0,65 €/Unidade"
Adoçante à base de sucralose,PorSi Viva Bem,Embalagem de 17g,"5,99 €","23,96 €/Kg"
"Vinho bairrada, reserva, tinto",Selecção de Enófilos,Garrafa de 0.75 l,"2,49 €","3,32 €/L"
Amaciador Roupa lavanda,PorSi,Embalagem de 60 doses,"1,99 €","1,00 €/L"
Chocolate quente 90 segundos,Lacasa,Embalagem de 350g,"5,39 €","7,19 €/Kg"
Biscoitos de canela,PorSi,Embalagem de 750g,"0,69 €","3,45 €/Kg"
Café solúvel c/ cafeína,PorSi,Embalagem de 100g,"1,45 €","14,50 €/Kg"
Coroa de Natal,*,Dim.: 40 cm,"1,69 €","1,69 €/Unidade"
Pastilhas de Limpeza Dentífrica Branqueadora,Polident,Embalagem com 30 unidades,"7,39 €","105,57 €/Kg"
Ketchup,PorSi,Embalagem de 300 g,"0,70 €","2,33 €/Kg"
Framboesa,PorSi,Embalagem com 125g,"1,99 €","15,92 €/Kg"
Cebola picada,PorSi,Embalagem de 400 g,"1,89 €","1,89 €/Kg"
Chocolate culinário em pó,Pantagruel,Embalagem de 130g,"1,04 €","8,32 €/Kg"
Pilhas recarregáveis AAA HR03 1.2V 800mAh,Domédia,Embalagem com 4 unidades,"1,99 €","1,99 €/Unidade"
Refrigerante de lima-limão,Seven-up,"Garrafa de 1,25 l","0,79 €","0,40 €/L"
Ambientador elétrico sensual sandalwood & jasmine + ...,Glade,1 unidade,"3,74 €","3,74 €/Unidade"
Gel de Banho Orquídea & Cashmere Extract,Nivea,Embalagem de 750 ml,"4,99 €","16,63 €/L"
Esfregão c/ Esponja Salva Unhas Ergonómico / Confort...,Scotch-Brite,Embalagem de 2 unidades,"2,54 €","2,54 €/Unidade"
Sidra de maçã,Somersby,Lata de 500 ml,"1,59 €","3,18 €/L"
Sumo 100% ananás/uva,PorSi,Pack 3 x 200 ml,"1,09 €","0,73 €/L"
"Vinho doc loureiro, verde",Selecção de Enófilos,Garrafa de 0.75 l,"1,99 €","2,65 €/L"
Leite com chocolate,Agros,Embalagem de 200 ml,"0,26 €","1,30 €/L"
Farinha de aveia bio,PorSi Bio,Embalagem de 200 g,"3,19 €","31,90 €/Kg"
Queijo mozzarella ralado,PorSi,Embalagem de 200 g,"1,49 €","7,45 €/Kg"
Iogurte sabor a coco,PorSi,Embalagem de 4 x 125 g,"0,69 €","1,38 €/Kg"
Água Tónica Zero,Schweppes,Garrafa de 1 l,"1,60 €","3,20 €/L"
Spray anti-bolores,Cif,435 ml,"1,79 €","2,39 €/L"
Aipo,Nossa seleção,Vendido ao peso,"1,59 €","1,59 €/Unidade"
Cem porcento-flocos de aveia grossos,Cemporcent,Embalagem de 400g,"5,24 €","5,24 €/Kg"
Petit gâteau,PorSi,Embalagem de  4 x 80 g,"1,89 €","3,44 €/Kg"
Amaciador concentrado para roupa jojoba,PorSi,80 doses,"1,99 €","1,00 €/L"
Coxinhas de frango,PorSi,Embalagem de 360g,"3,53 €","8,83 €/Kg"
Refresco em pó de morango,PorSi,Embalagem de 40g,"0,75 €","18,75 €/Kg"
Lay's gourmet corte fino,Lay's,Embalagem de 150g,"1,06 €","5,73 €/Kg"
Luvas Pequenas /Médias Sensitive,Vileda,40 unidade,"4,29 €","4,29 €/Unidade"
"Combinado Fiambre,Queijo e Carne",Pastelaria do Dia,,"0,65 €","0,65 €/Unidade"
Café Qalidus XXL,Delta Q,Embalagem com 60 cápsulas,"2,79 €","19,93 €/Kg"
Leite pasteurizado meio gordo,Vigor,Garrafa de 1 l,"1,09 €","1,09 €/L"
Comida húmida para cão de frango e legumes,PorSi,Lata de 400 g,"0,75 €","2,50 €/Kg"
Lenços faciais brancos 2 folhas,PorSi,150 unidades,"0,89 €","0,89 €/Unidade"
8 salsichas frankfurt,Izidoro,Embalagem de 200g,"0,75 €","3,75 €/Kg"
Leite uht c/ chocolate,Ucal,Embalagem de 3 x 250 ml,"0,26 €","1,30 €/L"
Leite c/ chocolate,Gresso,Pack 4X200ml,"0,26 €","1,30 €/L"
Gel de banho bio kids,Corine de Farme,300 ml,"4,99 €","16,63 €/L"
Salmão Fumado da Escócia,PorSi Select,Embalagem de 200 g,"3,35 €","22,33 €/Kg"
"Alimento seco para cão, croquetes pro adulto",PorSi Select,Embalagem de 4 Kg,"5,99 €","2,00 €/Kg"
Galão enriquecido em cálcio,Ucal,Embalagem de 3 x 200 ml,"0,26 €","1,30 €/L"
"Azeite extra virgem, azeitonas verdes",Oliveira da Serra,Garrafa de 750 ml,"3,19 €","4,25 €/L"
Pão Centeio com Nozes,Garcia & Filhos,1 unidade= 400 g,"0,22 €","2,75 €/Kg"
Gomas happy cola,Haribo,Embalagem de 100g,"1,19 €","3,97 €/Kg"
Flan de ovos,PorSi,Embalagem 4 x 100 g,"0,55 €","2,75 €/Kg"
"Aperitivos, amendoins no forno",Matutano,Embalagem de 200g,"0,79 €","3,95 €/Kg"
"Vela em número, nº 7",PorSi,1 unidade,"0,80 €","0,80 €/Unidade"
Farinha,Maizena,Embalagem de 400g,"0,85 €","0,85 €/Kg"
Vinho regional de lisboa tinto,Marginal,Garrafa de 750 ml,"4,49 €","5,99 €/L"
Spray Neve,*,300 ml,"1,69 €","1,69 €/Unidade"
Bolacha maria dourada,PorSi,Embalagem de 800g,"1,69 €","2,11 €/Kg"
Hambúrguer de goji 2x80g,Veg In,Embalagem de 160g,"2,09 €","8,36 €/Kg"
Cappucinno,PorSi,Embalagem de 125 g,"3,19 €","25,52 €/Kg"
Bolachas com recheio de cacau sem glúten,Schar,Embalagem de 250g,"2,15 €","2,87 €/Kg"
Papel de alumínio,PorSi,50 metros,"3,49 €","3,49 €/Unidade"
Massa cuscus,PorSi,Embalagem de 250g,"0,89 €","1,78 €/Kg"
Bolachas digestive go aveia,Triunfo,Embalagem de 170g,"1,49 €","2,48 €/Kg"
Mistura saborosa,PorSi,Embalagem de 450g,"0,99 €","0,99 €/Kg"
Bolacha Maria Integral,PorSi,Embalagem de 600g,"1,49 €","2,48 €/Kg"
Ambientador vela odor cozinha,PorSi,1 unidade,"9,49 €","45,19 €/Kg"
Ração seca para cão croquetes pro júnior,PorSi Select,Embalagem de 3 Kg,"5,99 €","2,00 €/Kg"
Lixívia Spray Mousse Flor,Neoblanc,Embalagem de 700ml,"1,74 €","0,35 €/L"
Edredão polar padrões sortidos | Dim.: 240 x 220 cm,VZT,Saiba mais nas informações deste produto,"9,99 €","9,99 €/Unidade"
Vinho branco península de setúbal,Periquita,Garrafa de 0.75 l,"4,99 €","6,65 €/L"
Manteiga de amendoim crocante,Prozis,Embalagem de 500g,"3,59 €","10,26 €/Kg"
Iogurte grego oikos stracciatella,Danone,Embalagem de 4 x 110 g,"1,49 €","2,98 €/Kg"
Bolacha vitalday crocante chocolate,Gullon,Embalagem de 280g,"2,82 €","9,40 €/Kg"
Bebida doubleshot expresso,STARBUCKS,Embalagem de 200 ml,"3,19 €","25,52 €/Kg"
Copos de Shot,Aj simoes,12 copos,"1,10 €","1,10 €/Unidade"
Massa fusilli tricolor,Milaneza,Embalagem de 500g,"0,89 €","1,78 €/Kg"
Infusão nº 5 emagrecimento,Cemporcent,Embalagem de 10 unidades,"0,99 €","76,15 €/Kg"
Spray dourado,Koopman,150 ml,"1,69 €","1,69 €/Unidade"
Chá infusão sene,Cemporcent,Embalagem de 13g,"1,19 €","91,54 €/Kg"
Pensos para bolhas,PorSi,20 unidades,"2,86 €","2,86 €/Unidade"
Papel higiénico macio absorvente,PorSi,12 rolos,"1,99 €","1,99 €/Unidade"
Pano multiusos felpo,PorSi,1 unidade,"1,64 €","1,64 €/Unidade"
Porto branco,Valadao,Garrafa de 750 ml,"5,99 €","7,99 €/L"
Vinho do Porto Tawny,Velhotes,"garrafa de 0,75 l","5,99 €","7,99 €/L"
Danacol natural,Danone,Embalagem de 6 x 100 g,"3,29 €","5,48 €/Kg"
Couve Bróculo,Programa Origens,1 un = 600 g (aprox.),"1,09 €/Kg","1,09 €/Kg"
Café Moagem Universal Honduras,PorSi,Embalagem de 220g,"3,29 €","13,16 €/Kg"
Creme abrasivo ativo c/ lixívia,Cif,Garrafa de 700 ml,"4,99 €","7,13 €/L"
20 saquetas infusão limão gengibre,Lipton,Embalagem de 40g,"2,69 €","89,67 €/Kg"
Bebida de Amêndoa,PorSi Viva Bem,1 litro,"1,19 €","1,86 €/L"
Arroz carolino,Caçarola,Embalagem de 1kg,"0,99 €","0,99 €/Kg"
"Guardanapos brancos, 33x33cm, 2 folhas",PorSi,Embalagem com 100 unidades,"1,29 €","1,29 €/Unidade"
Rebuçados de mentol,PorSi,Embalagem de 250g,"0,77 €","3,85 €/Kg"
Bebida de aveia s/ glúten,Shoyce,Embalagem de 1 litro,"10,99 €","22,90 €/Kg"
Vinagre de sidra,PorSi,500 ml,"0,35 €","0,70 €/L"
Posta de atum ao natural,PorSi,Embalagem de 120g,"0,89 €","7,42 €/Kg"
Spray power&shine vidros,Cif,Garrafa de 750 ml,"4,09 €","5,45 €/L"
Sangria branca,PorSi,Garrafa de 1.5 litros,"2,19 €","1,46 €/L"
Alimento lácteo banana +6 meses,Yogolino,Embalagem de 4 x 100 g,"2,89 €","7,23 €/Kg"
Pudim flan,El mandari,Embalagem de 10g,"0,44 €","4,00 €/Kg"
Mistura de cogumelos,PorSi,Embalagem de 400g,"1,89 €","1,89 €/Kg"
Molho bechamel soja,Valsoia,Embalagem de 200g,"4,09 €","27,27 €/L"
Gelatina tutti-fruti,PorSi,Embalagem de 170g,"0,55 €","61,11 €/Kg"
"Absorvedores de odores, relax zen",Brise,Embalagem de 2x150g,"0,79 €","5,27 €/Kg"
Mangericão em vaso,Aroma viva,Embalagem de 1 unidades,"1,59 €","1,59 €/Unidade"
Nata uht carbonara,Parmalat,Embalagem de 200 ml,"0,75 €","3,75 €/L"
Tablete de chocolate branco,Schogetten,Embalagem de 100g,"0,99 €","9,90 €/Kg"
12 Caldos de carne,PorSi,Embalagem de 127 g,"0,99 €","1,98 €/Kg"
"Escova dentes, rotativa global, dura, 2 unidades",Labell,1 embalagem,"4,99 €","4,99 €/Unidade"
Sultana Dourada,PorSi,Embalagem de 200g,"0,79 €","3,95 €/Kg"
20 saquetas infusão camomila,Lipton,Embalagem de 10g,"0,99 €","76,15 €/Kg"
Vinho doc dão tinto,Santar,Garrafa de 0.75 l,"7,49 €","9,99 €/L"
Papel higiénico compacto 2 folhas,PorSi,18 = 36 Rolos,"1,99 €","1,99 €/Unidade"
Jogo Gansos + Tangran,Clementoni,1 unidade,"11,99 €","11,99 €/Unidade"
Bacalhau Posta Higienizada,PorSi,Vendido ao peso a partir de 350 g,"4,55 €","12,99 €/Kg"
Cereais chocapic,Nestle,Embalagem de 375 g,"3,89 €","10,24 €/Kg"
Snack bio arroz e trigo c/ banana e framboesa,Gerber,Embalagem de 35g,"1,89 €","9,95 €/Kg"
"Baton, soft rosa",Labello,Embalagem de 5 g,"2,29 €","458,00 €/Kg"
Nestum zero arroz,Nestum,Embalagem de 250 g,"1,99 €","7,96 €/Kg"
Cebola Amarela,Nossa seleção,1 un = 500 gr (aprox.),"1,39 €","9,27 €/Kg"
Pó de talco,PorSi,Embalagem de 250g,"1,24 €","4,96 €/Kg"
Cominhos moídos,PorSi,Embalagem de 35g,"0,25 €","0,25 €/Kg"
Grão de bico,PorSi,Frasco com 540 g,"1,79 €","2,29 €/Kg"
Batata pré-frita cubos,PorSi,Embalagem de 1 kg,"1,39 €","1,39 €/Kg"
Óleo de sésamo youwok,Youwok,Garrafa de 145 ml,"3,99 €","3,99 €/L"
Mini tostas integrais super finas,PorSi,Embalagem de 100 g,"0,69 €","3,07 €/Kg"
Barrita controlo de peso iogurte,Ignoramu,Embalagem de 44g,"2,09 €","47,50 €/Kg"
Infusão de tília,PorSi,Embalagem de 30g,"0,99 €","76,15 €/Kg"
Gomas favoritos pica,Haribo,Embalagem de 90g,"1,19 €","3,97 €/Kg"
Cerveja c/ álcool,Super Bock,Pack 15 X 0. 33L,"15,79 €","1,99 €/L"
Óleo de linhaça bio,Cemporcent,Garrafa de 250 ml,"3,99 €","3,99 €/L"
Mel em frasco de vidro,PorSi,Embalagem de 250g,"2,25 €","9,00 €/Kg"
Água Micelar Vitamina C,Garnier,Embalagem de 400 ml,"3,44 €","3,44 €/Unidade"
Vinho tinto bag-in-box,Capataz,Embalagem de 5 l,"9,49 €","1,90 €/L"
Espumoso moscato,Selecção de Enófilos,"Garrafa de 0,75 l","3,99 €","5,32 €/L"
Desentupidor canos,Mr.muscle,Embalagem de 1 l,"4,49 €","5,99 €/L"
Pilha alcalina hightech lr03x8,Domédia,1 unidade,"1,99 €","1,99 €/Unidade"
Pirassununga (38º),Cachaca 51,Garrafa de 700 ml,"17,49 €","24,99 €/L"
Infusão de menta,Tetley,Embalagem de 10g,"0,99 €","76,15 €/Kg"
Queijo em fatias,Limiano,Embalagem de 400g,"1,56 €","7,80 €/Kg"
Bacalhau em lombos,PorSi,Embalagem de 800g,"4,99 €","9,98 €/Kg"
Ice tea pêssego,Lipton,Garrafa de 2 l,"1,14 €","0,76 €/L"
Aperitivos de amendoim com sal e mel,Matutano,Embalagem de 150g,"0,79 €","3,95 €/Kg"
Refresco pó laranja e morango,PorSi,Embalagem de 40g,"0,75 €","18,75 €/Kg"
Nata uht light para culinária,PorSi,embalagem de 200 ml,"0,75 €","3,75 €/L"
Grão de bico,PorSi,Embalagem de 820g,"1,79 €","2,29 €/Kg"
Folhado de Maçã,*,1 unidade= 100 g,"0,75 €","0,75 €/Unidade"
Aveia natural,Quaker,Embalagem de 500g,"5,24 €","5,24 €/Kg"
Creme vegetal soja,Planta,Embalagem de 250 gr,"2,09 €","8,36 €/Kg"
Salsichão fuet caseiro peru,Elpozo,Embalagem de 150g,"3,19 €","21,27 €/Kg"
Ambientador recarga bouquet,Air Wick,Garrafa de 250 ml,"5,99 €","23,96 €/L"
Pai Natal de Chocolate,PorSi,Embalagem de 60 g,"2,29 €","17,62 €/Kg"
Molas plásticas,PorSi,15 unidades,"0,99 €","0,99 €/Unidade"
Cerveja,Kings Bräu,Embalagem de 10x25 cl,"15,79 €","1,99 €/L"
Café torrado em grão,PorSi,Embalagem de 1 kg,"3,29 €","13,16 €/Kg"
Massa filo,JR,Embalagem de 250g,"0,99 €","4,30 €/Kg"
"Bolachas, tubo",Oreo,Embalagem de 150g,"0,79 €","4,49 €/Kg"
Iogurte líquido infantil morango e banana,PorSi,Pack 6 x 100 g,"1,05 €","1,86 €/L"
Café torrado 5 estrelas moagem grossa,Sical,Embalagem de 250g,"3,29 €","13,16 €/Kg"
Chocolate branco com recheio de avelã,Kinder,Embalagem de 160g,"2,29 €","17,62 €/Kg"
Vinho branco tejo,Alorna,Garrafa de 750 ml,"4,49 €","5,99 €/L"
"Espumante cava bruto, reserva",Freixenet,Garrafa de 750 ml,"8,49 €","11,32 €/L"
Chá barriguinha,PLANTANATU,Embalagem de 10 unidades,"1,25 €","1,25 €/Unidade"
Gelatina de frutos tropicais,PorSi,Embalagem 2X85G,"0,55 €","61,11 €/Kg"
Iogurte magro natural,Longa vida,Embalagem de 6 x 120 g,"1,44 €","2,88 €/Kg"
"Ambientador spray, aerosol, relax zen",Glade,Embalagem de 300 ml,"2,99 €","12,46 €/L"
Soja fina,PorSi Viva Bem,Embalagem de 400 g,"2,09 €","8,36 €/Kg"
Escova de dentes infantil 3 a 6 anos,Labell,1 un.,"2,29 €","2,29 €/Unidade"
Ameijoa Branca Vietnamita,Marisco Congelado,Vendido a partir de 250 gr  (aprox.),"0,75 €","2,99 €/Kg"
"Escova de cabelo, pneumática nylon",Labell,Embalagem com 1 unidade,"1,99 €","1,99 €/Unidade"
Açúcar granulado embalado em papel,Rar,Embalagem de 1 kg,"1,49 €","1,49 €/Kg"
Tablete de chocolate culinário negro,PorSi,Embalagem de 200 g,"1,04 €","8,32 €/Kg"
"Queijo ralado, 4 queijos",President,Embalagem de 150 g,"1,49 €","7,45 €/Kg"
Bebida de coco com arroz,PorSi Viva Bem,1 litro,"1,19 €","1,86 €/L"
Queijo Curado Apimentado,Fonte Mourisca,Vendido ao peso a partir de 250 gr,"6,49 €","25,45 €/Kg"
Livro Hot Wheels,Europrice,,"9,95 €","9,95 €/Unidade"
Farinha p/ bolos fina,Nacional,Embalagem de 1Kg,"0,85 €","0,85 €/Kg"
Iogurte sabor pêssego morango e manga,Danone,Embalagem de 8 x 120 g com 1 grátis,"0,69 €","1,38 €/Kg"
Escova e pente,Neo Baby,1 unidade,"5,99 €","5,99 €/Unidade"
Alho Seco,Programa Origens,Vendido a partir de 100 gr,"1,39 €","9,27 €/Kg"
20 saquetas green framboesa/romã,Lipton,Embalagem de 30g,"2,69 €","89,67 €/Kg"
Kettlebell,Umbro,2 kg,"12,99 €","12,99 €/Unidade"
Mistura solúvel c/ 20% café pó,PorSi,Embalagem de 200g,"2,29 €","11,45 €/Kg"
Bebida aveia sem açúcar,Alpro,Embalagem de 1 l,"1,19 €","1,86 €/L"
Agrião Programa Origens,PorSi,embalagem de 170 g,"0,99 €","0,99 €/Kg"
Bacalhau à Brás,PorSi,Embalagem de 250g,"3,99 €","3,99 €/Kg"
Pizza de bolonhesa,PorSi,Embalagem de 350g,"2,16 €","6,17 €/Kg"
"Pilha alcalina, hightech lr03x4",Domédia,1 unidade,"1,99 €","1,99 €/Unidade"
Cognac VSOP,Rémy Martin,"Garrafa de 0.70 l, com caixa","11,99 €","11,99 €/L"
Brandy,Constantin,Garrafa de 700 ml,"9,69 €","13,84 €/L"
"Pensos diários, maxi, 40 unidades",Evax,Uma embalagem,"2,99 €","2,99 €/Unidade"
Abafado Branco,Vice Rei,Garrafa de 1L,"22,49 €","32,13 €/L"
Queijo de ovelha curado amanteigado,PorSi Select,250 g,"6,49 €","25,45 €/Kg"
Molho bechamel,Parmalat,Embalagem de 200 ml,"0,75 €","3,75 €/L"
Smarties mini chocolate,SMARTIES,Embalagem de 187g,"2,99 €","15,99 €/Kg"
Rebuçados cristais de neve,PorSi,Embalagem de 250g,"1,15 €","4,60 €/Kg"
"Crepes queijo/fiambre, 6 unidades",Claude Léger,Embalagem de 300 g,"2,29 €","7,63 €/Kg"
Batata frita light,Lay's,Embalagem de 140g,"0,95 €","6,33 €/Kg"
Gomas spaghetti pica morango,Haribo,Embalagem de 80g,"1,19 €","3,97 €/Kg"
Pilha alcalina classic lr6x4,Domédia,1 unidade,"1,99 €","1,99 €/Unidade"
Lasanha bolonhesa,Iglo,Embalagem de 300g,"3,53 €","8,83 €/Kg"
Garrafa de Água desporto,Lock&Lock,cap.: 700 ml,"12,99 €","12,99 €/Unidade"
Limpeza Cozinha Vitro e Placas Spray,Mistolin,500 ml,"11,99 €","26,64 €/L"
Tablete de chocolate com avelãs,PorSi,Embalagem de 100 g,"0,65 €","6,50 €/Kg"
Lasanha à bolonhesa,PorSi,Embalagem de 400 g,"3,99 €","3,99 €/Kg"
Sobremesa de Arroz Doce,PorSi,Embalagem 2X135G,"0,55 €","2,75 €/Kg"
Massa carbonara,PorSi,Embalagem de 300g,"3,99 €","3,99 €/Kg"
Bolachas cream cracker,PorSi,Embalagem de 200g,"0,39 €","3,12 €/Kg"
Tablete triple caramelo,Milka,Embalagem de 90g,"1,59 €","7,95 €/Kg"
Lasanha à bolonhesa,PorSi,Embalagem de 1 kg,"3,53 €","8,83 €/Kg"
Amaciador concentrado spa,PorSi,80 doses,"1,99 €","1,00 €/L"
Salsa em vaso,Aroma viva,Embalagem de 1 unidades,"1,59 €","1,59 €/Unidade"
Desodorizante spray energy,Labell Men,Embalagem de 200 ml,"1,49 €","7,45 €/L"
Rolo tira pelos 12 folhas,PorSi,1 unidade,"7,99 €","7,99 €/Unidade"
Bombons Presente Frutos do Mar,Guylian,Embalagem de 125G,"13,49 €","28,10 €/Kg"
Creme Rosto Dia Pele Mista Antirrugas Q10 Plus,Nivea,Embalagem de 50 ml,"2,99 €","59,80 €/L"
Snack gato sticks carne 6x5g porsi,PorSi,Embalagem de 30g,"0,99 €","16,50 €/Kg"
Lixívia com detergente,PorSi,Embalagem de 2 l,"1,09 €","0,55 €/L"
"Creme depilatório para duche, peles sensiveis",Veet,Garrafa de 150 ml,"10,99 €","73,27 €/L"
Adoçante em pó stevia,PorSi Viva Bem,Embalagem de 17g,"5,99 €","23,96 €/Kg"
Caramelos de fruta multisabor single,Sugus,Embalagem de 50g,"1,10 €","4,40 €/Kg"
Ambientador gel marinho,PorSi,150 g,"0,79 €","5,27 €/Kg"
Esparguete integral,Cemporcent,Embalagem de 500g,"1,49 €","2,98 €/Kg"
Cola universal,Uhu,Embalagem de 20 ml,"2,19 €","109,50 €/L"
Spray vitrocerâmica/indução,PorSi,Embalagem de 500 ml,"1,79 €","2,39 €/L"
Farinha de alfarroba bio,PorSi Bio,Embalagem de 200 g,"3,19 €","31,90 €/Kg"
Gel Lubrificante natural play,Durex,Embalagem de 50 ml,"9,99 €","9,99 €/Unidade"
Tortilha batata com cebola,PorSi,500 g,"3,99 €","3,99 €/Kg"
Azeite virgem extra dop moura,PorSi Select,Embalagem de 0.75L,"3,19 €","4,25 €/L"
Nutella b-ready t.2,Nutella,Embalagem de 50g,"2,29 €","17,62 €/Kg"
Cereais golden e crispy,PorSi,Embalagem de 375 g,"3,89 €","10,24 €/Kg"
Mistura de sementes,PorSi Viva Bem,Embalagem de 200 g,"1,59 €","10,60 €/Kg"
Tablete chocolate chips ahoy,Milka,Embalagem de 100g,"1,59 €","7,95 €/Kg"
Sabonete líquido Marselha e Azeitona,Labell,Embalagem de 500 ml,"1,09 €","2,18 €/L"
Mousse Caramelo,A leiteira,Embalagem de 4 x 60 g,"1,19 €","2,59 €/Kg"
Cevada solúvel,PorSi,Embalagem de 200g,"2,29 €","11,45 €/Kg"
Salsa,PorSi Bio,20 g,"1,59 €","1,59 €/Unidade"
Água s/ gás,Luso,"Garrafa de 5,4 l","1,04 €","0,17 €/L"
Doce arando e mirtilo,ST.DALFOUR,Frasco de 284g,"2,19 €","9,95 €/Kg"
Tablete de chocolate leite com amêndoas,PorSi Select,200 g,"0,65 €","6,50 €/Kg"
Pastilhas peppermint,CHICLETS,Embalagem de 17 g,"0,99 €","58,24 €/Kg"
"Espuma de cabelo, volume absoluto",Pantene,Embalagem de 200 ml,"4,99 €","66,53 €/L"
Aguardente vínica velha,Alianca v.,Garrafa de 700 ml,"11,49 €","16,41 €/L"
Posso ser,Barbie,1 unidade,"17,49 €","17,49 €/Unidade"
Pasta dentífrica gel kids,Labell,Embalagem de 50 ml,"3,29 €","43,87 €/L"
Molho bechamel,PorSi,Embalagem de 200g,"0,70 €","2,33 €/Kg"
Sopa de cozido,Knorr,Embalagem de 70g,"2,20 €","31,43 €/Kg"
Leite com chocolate,PorSi,Embalagem de 200 ml,"0,26 €","1,30 €/L"
Creme descolorante,Veet,Garrafa de 150 ml,"10,99 €","73,27 €/L"
Granola chocolate e amêndoa bio,PorSi Bio,Embalagem de 375g,"3,19 €","31,90 €/Kg"
Pilha alcalina heightech lr6x4,Domédia,1 unidade,"1,99 €","1,99 €/Unidade"
Esparguete,PorSi,Embalagem de 1 kg,"0,89 €","1,78 €/Kg"
Azeite virgem extra reserva,Gallo,Garrafa de 750 ml,"3,19 €","4,25 €/L"
Garrafa de Água desporto,Lock&Lock,cap.: 350 ml,"12,99 €","12,99 €/Unidade"
Caramelos de nata,Werthers,Embalagem de 140g,"2,75 €","11,00 €/Kg"
Doce light alperce,PorSi,Embalagem de 340g,"1,39 €","4,09 €/Kg"
Pipetas repelente para cão,Repul' 7,Embalagem de 1 unidades,"19,99 €","19,99 €/Unidade"
Leite UHT Meio Gordo,Gresso,Embalagem de 1 l,"0,79 €/L","0,79 €/L"
Lambrusco tinto,*,Garrafa de 750 ml,"6,99 €","9,32 €/L"
Batata frita caseira,PorSi,Embalagem de 180g,"0,87 €","5,44 €/Kg"
Xarope grenadine zero,Paquito,Garrafa de 750 ml,"4,15 €","5,53 €/L"
"Gel banho, sport for men",Nivea,Embalagem de 250 ml,"3,69 €","14,76 €/L"
Fita adesiva,PorSi,5m x 1.25 cm,"2,86 €","2,86 €/Unidade"
"Recarga ambientador eléctrico, alfazema",PorSi,Embalagem de 25 ml,"5,99 €","23,96 €/L"
Champanhe brut,Pommery,Garrafa de 0.75 l,"47,69 €","63,59 €/L"
Folhado de salsichas,Pastelaria do Dia,1 unidade = 110 g,"0,65 €","0,65 €/Unidade"
Café solúvel viena,Nescafe,Embalagem de 140g,"1,45 €","14,50 €/Kg"
Café moagem universal angola,Delta,Embalagem de 220g,"3,29 €","13,16 €/Kg"
Soja nacos,PorSi Viva Bem,Embalagem de 400 g,"2,09 €","8,36 €/Kg"
Tablete de chocolate culinário branco,PorSi,Embalagem de 180 g,"1,04 €","8,32 €/Kg"
Resguardo para mesa,PorSi,Dim.: 140 x 200 cm,"9,99 €","9,99 €/Unidade"
Brócolos congelados,PorSi,Embalagem de 1 kg,"1,89 €","1,89 €/Kg"
Iogurte Pedaços Kiwi 0% Matéria Gorda/Açúcares,Danone,4 x 120 g,"3,29 €","5,48 €/Kg"
Cerveja com álcool,Sagres,Garrafa de 1 l,"15,79 €","1,99 €/L"
Creme bio mãos e unhas,Labell Bio,75 ml,"1,99 €","26,53 €/L"
Ambientador Difusor Frutos Vermelhos,PorSi,50 ml,"9,49 €","45,19 €/Kg"
Resguardo para mesa,PorSi,Dim.: 140 x 200 cm,"12,99 €","12,99 €/Unidade"
Caramelos de leite,Penha,Embalagem de 250g,"2,75 €","11,00 €/Kg"
Água com gás natural pet,P.salgadas,pack 6 x 0.33 l,"2,85 €","2,85 €/L"
Néctar ananás,PorSi,Pack 3 x 200 ml,"0,99 €","0,99 €/L"
Farinheira vegetal,Veg In,Embalagem de 200g,"1,49 €","7,45 €/Kg"
Sal cristal,PorSi,embalagem de 1 kg,"0,25 €","0,25 €/Kg"
Croutons azeite e alho,PorSi,Embalagem de 150g,"0,69 €","3,07 €/Kg"
Vinho rosé,Mateus,Garrafa de 750 ml,"4,29 €","5,72 €/L"
Lambrusco rose,*,Garrafa de 750 ml,"6,99 €","9,32 €/L"
Sal Himalaias Grosso,Origens Bio,1 Embalagem 500G,"2,99 €","5,98 €/Kg"
Danacol morango,Danone,Embalagem de 6 x 100 g,"3,29 €","5,48 €/Kg"
Café solúvel sem cafeína,Nescafe,Embalagem de 20g,"1,45 €","14,50 €/Kg"
Spray renova camurça castanha,PorSi,Embalagem de 200 ml,"2,89 €","14,45 €/L"
Tampões Compak Pearl Super Com Aplicador,Tampax,16 unidades,"4,89 €","4,89 €/Unidade"
Rhum com coco,Malibu,Garrafa de 700 ml,"17,49 €","24,99 €/L"
Vinho maduro branco,Ala dos namorados,Garrafa de 75 cl,"1,99 €","2,65 €/L"
Maionese top down,Hellmman's,Embalagem de 238 g,"0,70 €","2,33 €/Kg"
Leite condensado magro,Nestle,Embalagem de 390g,"1,09 €","2,75 €/Kg"
Arroz carolino,PorSi,Embalagem de 1 kg,"0,99 €","0,99 €/Kg"
Manjericão,PorSi,50 g,"0,99 €","19,80 €/Kg"
Aperitivos  fritos,Fritos,Embalagem 130G,"1,65 €","12,69 €/Kg"
Feijão encarnado,PorSi,Embalagem de 820 g,"1,79 €","2,29 €/Kg"
Tostas mistura sem glúten,PorSi Viva Bem,Embalagem de 140g,"3,74 €","9,35 €/Kg"
Pimenta preta grão,PorSi,Saqueta de 50 g,"0,25 €","0,25 €/Kg"
Marmelada com frutose,PorSi Viva Bem,Embalagem de 400g,"1,09 €","2,42 €/Kg"
Gelatina de morango,PorSi,Embalagem de 170g,"0,55 €","61,11 €/Kg"
Farinha láctea cerelac,Cerelac,Embalagem de 500g,"1,99 €","7,96 €/Kg"
Saco de rede para roupa,PorSi,Dim.: 30 x 25 cm,"2,70 €","2,70 €/Unidade"
Cobertura tábua de engomar,PorSi,Dim.: 120 x 42 cm,"30,00 €","30,00 €/Unidade"
Salsichas frescas de porco,PorSi,Embalagem de 400 g,"2,09 €","9,95 €/Kg"
Queijo mini,Babybel,Embalagem de 6x20 g,"1,49 €","7,45 €/Kg"
Fralda cueca T5 - 12 a 18 kg,PorSi,20 unidades,"8,99 €","8,99 €/Unidade"
Marcadores para colorir,Domédia,embalagem com 12 unidades,"1,00 €","1,00 €/Unidade"
Bolachas com recheio baunilha,PorSi,Embalagem de 500g,"2,15 €","2,87 €/Kg"
Espanador XXL + 2 unidades jack junior,Swiffer,1 unidade,"1,64 €","1,64 €/Unidade"
"Limpa vidros, azul",PorSi,Embalagem de 5 l,"3,99 €","0,80 €/L"
Uva Branca sem grainha,Fruta do Dia,Embalagem de 500 g,"7,48 €","2,99 €/Kg"
Leite uht sem lactose magro,PorSi Viva Bem,1 litro,"0,99 €","0,99 €/L"
"Salsichas aves, frasco com 5 unidad",Izidoro,Embalagem de 250g,"0,75 €","3,75 €/Kg"
"Vinho branco região da península de setúbal, bag in ...",Dom Campos,Garrafa de 5 l,"9,49 €","1,90 €/L"
Lata de Brilho Preto,Búfalo,Embalagem de 75 ml,"2,75 €","36,67 €/L"
Bio miolo amendoa compele,PorSi Bio,Embalagem de 100g,"0,79 €","3,95 €/Kg"
Rum anejo especial,Havana,Garrafa de 700 ml,"17,49 €","24,99 €/L"
Cápsulas de café delta qualidus,Delta Q,Embalagem de 60g,"2,79 €","19,93 €/Kg"
Café moagem universal portugal,Delta,Embalagem de 250g,"3,29 €","13,16 €/Kg"
Farinha de centeio,Cemporcent,Embalagem de 500g,"2,49 €","12,45 €/Kg"
Manteiga de amendoim cremosa,Prozis,Embalagem de 500g,"3,59 €","10,26 €/Kg"
"Refrigerante sem gás, maracujá e la",Joi,"Garrafa de 1,5 l","1,14 €","0,76 €/L"
Tequila,On Off,Garrafa de 70 cl,"11,99 €","11,99 €/L"
Saqueta de puré de fruta | maçã + pera,PorSi,90 g,"0,74 €","8,22 €/Kg"
Pilha alcalina hightech lr20x2,Domédia,1 unidade,"1,99 €","1,99 €/Unidade"
Bacalhau com azeite e alho,PorSi Select,Lata de 120 g,"0,89 €","7,42 €/Kg"
Leite uht gordo,Mimosa,Embalagem de 1 litro,"1,14 €","1,14 €/L"
Chá gordura localizada,PLANTANATU,Embalagem de 10 unidades,"1,25 €","1,25 €/Unidade"
Balões latex rosa,PorSi,Embalagem com 24 unidades,"1,69 €","1,69 €/Unidade"
Empadas soja,PorSi Viva Bem,Embalagem de 260g,"2,09 €","8,36 €/Kg"
Ravioli com tomate,Claude Léger,Embalagem 300G,"3,65 €","8,69 €/Kg"
Licor Limoncello,Vila Massa,"Embalagem de 0,50 l","16,99 €","24,27 €/L"
Refrigerante s/ gás flórida,Sunny d,"Garrafa de 1,25 l","1,14 €","0,76 €/L"
Néctar vital equilibrio manga/laranja,Compal,Embalagem de 1 l,"0,84 €","2,55 €/L"
"Cerveja com álcool, lata",Super Bock,Garrafa de 330 ml,"15,79 €","1,99 €/L"
Detergente manual de roupa,Omo,Embalagem de 540g,"1,09 €","2,73 €/Kg"
Café torrado lote chávena máquina,Delta,Embalagem de 250g,"3,29 €","13,16 €/Kg"
Café solúvel descafeinado,PorSi,Embalagem de 100G,"1,45 €","14,50 €/Kg"
Eau De Toilette Homen Nº 56,Caravan,pack: 150ML+Deo 150ML,"12,99 €","12,99 €/Unidade"
Pá do Lixo C/ Cabo Dobrável,Fapil,1 un.,"2,20 €","2,20 €/Unidade"
Hamburger espinafres,Veg In,Embalagem de 160g,"3,39 €","21,19 €/Kg"
Balões latex mistos,PorSi,Embalagem com 24 unidades,"1,69 €","1,69 €/Unidade"
Nestum flocos de cereais integrais,Nestum,Embalagem de 250g,"2,19 €","8,76 €/Kg"
Batata frita light,PorSi,Embalagem de 150g,"0,95 €","6,33 €/Kg"
Palmiers,PorSi,Embalagem de 100g,"1,69 €","6,76 €/Kg"
Iogurte liquido proteína yopro morango/framboesa,Yopro,300 g,"2,39 €","7,97 €/Kg"
Iogurte 0% pedaços muesli e cereal,Longa vida,Embalagem de 4 x 120 g,"1,44 €","2,88 €/Kg"
Néctar de pêssego,PorSi,Pack 3 x 200 ml,"0,99 €","0,99 €/L"
Guardanapos 2 folhas brancos e dourado,PorSi Select,50 unidades,"1,29 €","1,29 €/Unidade"
Lava tudo brilhante madeiras,PorSi,Embalagem de 1.1 litros,"0,99 €","0,50 €/L"
Iogurte morango skyr 0%,PorSi Viva Bem,150 g,"2,39 €","7,97 €/Kg"
Vinho do porto white,Cruz,Garrafa de 750 ml,"5,99 €","7,99 €/L"
Especialidade de soja chocolate,PorSi Viva Bem,Embalagem de 4 x 100 g,"2,95 €","5,90 €/Kg"
Faca Pão 20 cm Preta,PorSi,1 unidade,"5,90 €","5,90 €/Unidade"
Barras de cereais com chocolate preto,PorSi,6 x 23 g,"1,29 €","10,24 €/Kg"
Leite 0% lactose magro,Mimosa,Garrafa de 1 l,"1,49 €","1,49 €/L"
Massa quebrada margarina,PorSi,Embalagem de 230 g,"0,99 €","4,30 €/Kg"
Abacate categoria II,Fruta do Dia,Embalagem de 300 g,"2,89 €","9,63 €/Kg"
Adoçante com doseador,PorSi,Embalagem 100 comprimidos,"5,99 €","23,96 €/Kg"
"Tablete de chocolate, black-white",Schogetten,Embalagem de 100g,"1,59 €","7,95 €/Kg"
Mousse de chocolate preto,Páturages,Embalagem de 4x60 g,"1,19 €","2,59 €/Kg"
Lambrusco bianco,*,Garrafa de 750 ml,"1,99 €","2,65 €/L"
Chá preto,Tetley,Embalagem de 20g,"1,99 €","49,75 €/Kg"
Gin Beefeater Light,Beefeater,"Garrafa de 0,70 l","29,99 €","42,84 €/L"
20 saquetas chá de limão,Lipton,Embalagem de 40g,"2,69 €","89,67 €/Kg"
Feijão branco,Compal,Lata de 410 ml,"1,79 €","2,29 €/Kg"
Vela em número nº4,PorSi,1 unidade,"0,80 €","0,80 €/Unidade"
Papel higiénico reciclado 2 folhas,PorSi,12 rolos,"1,99 €","1,99 €/Unidade"
Couve de bruxelas,PorSi,Embalagem de 750 g,"1,89 €","1,89 €/Kg"
Chocolate culinário 70% cacau,Pantagruel,Embalagem de 200g,"1,04 €","8,32 €/Kg"
Pack de 3 lâmpadas 7W LED E27,BDC,1 embalagem,"6,59 €","6,59 €/Unidade"
Bebida de Aveia,PorSi Viva Bem,1 l,"1,59 €","1,59 €/L"
Cacau em pó,Pantagruel,Embalagem de 130g,"1,04 €","8,32 €/Kg"
Bolachas cookies 0% açúcares,Artiach,Embalagem de 120 g,"0,90 €","6,00 €/Kg"
Salada de fruta em calda,PorSi,Lata com 820 g,"1,99 €","2,37 €/Kg"
Queijo P'tits Fondants 8 Porções,PorSi,Embalagem de 140 g,"0,82 €","23,43 €/Kg"
Iogurte líquido dan'up milkshake straciatella,Danone,Embalagem de 4 x 155 g,"1,20 €","1,88 €/Kg"
"Refrigerante com gás cola, mini lata",Coca-Cola,pack 12 x 0.15 l,"0,79 €","0,40 €/L"
"Hamburgers de porco, 4x80g",PorSi,Embalagem de 320 g,"2,79 €","8,72 €/Kg"
Café moagem fina bio,PorSi Bio,Embalagem de 250g,"3,29 €","13,16 €/Kg"
Cocktail melão,Bar Royal,Garrafa de 750 ml,"11,99 €","11,99 €/L"
Brandy,Croft,Garrafa de 700 ml,"9,69 €","13,84 €/L"
Queijo fresco ligth,PorSi,Embalagem de 4 x 62.5 g,"2,39 €","19,92 €/Kg"
Castanhas,PorSi,Embalagem de 500G,"3,29 €","4,39 €/Kg"
Óleo Multigasolina 20W40,Galp,Embalagem de 5 l,"7,49 €","7,49 €/L"
Tira nódoas em spray cores,Neoblanc,Embalagem de 700 ml,"3,99 €","5,70 €/L"
Rebuçados recheio mel,PorSi,Embalagem de 200g,"0,77 €","3,85 €/Kg"
Toalhitas limpa moveis,PorSi,Embalagem de 24 unidades,"1,39 €","1,26 €/L"
Le cassoulet,Claude leg,Embalagem de 840g,"3,65 €","8,69 €/Kg"
Mistura sol sem café granulado,PorSi,Embalagem de 200g,"2,29 €","11,45 €/Kg"
Danacol frutos exóticos,Danone,Embalagem de 6 x 100 g,"3,29 €","5,48 €/Kg"
Alho-francês,PorSi,Embalagem de 750 g,"1,89 €","1,89 €/Kg"
Vinho regional península de setúbal branco,J.m.f.,Garrafa de 750 ml,"4,99 €","6,65 €/L"
Ice tea de limão,PorSi,"Embalagem de 1,5 l","1,14 €","0,76 €/L"
Spray tira gorduras,Cillitbang,Garrafa de 500 ml,"2,24 €","4,48 €/L"
Farinha nao láctea bolacha maria,PorSi,Embalagem de 250g,"1,99 €","7,96 €/Kg"
Ambientador vela citronela,PorSi,1 unidade,"9,49 €","45,19 €/Kg"
Ricotta,Páturages,Uma unidade,"0,82 €","23,43 €/Kg"
Batata pré-frita palito,PorSi,Embalagem de 1 kg,"1,39 €","1,39 €/Kg"
Pastilha Elástica Bottle Spearmint,Trident,Embalagem de 82 g,"0,99 €","58,24 €/Kg"
Removedor de bolores e fungos sem cloro,Uhu,Embalagem de 500 ml,"1,79 €","2,39 €/L"
Peito peru fumado fatias finas cuida-te +,Nobre,Embalagem de 110g,"2,25 €","11,25 €/Kg"
Rebuçados peitorais,Dr.bayard,Embalagem de 100g,"0,77 €","3,85 €/Kg"
Barras de cereais forma clássica,PorSi,Embalagem de 126g,"1,29 €","10,24 €/Kg"
Barras fitness natural 141g,Nestle,Embalagem de 140g,"1,29 €","10,24 €/Kg"
Moscatel favaios,Favaios,Garrafa de 750 ml,"5,99 €","7,99 €/L"
Vinho do porto lbv 2004,Cruz,Garrafa de 0.75 l,"11,39 €","15,19 €/L"
Royal gelatin,Royal,Embalagem de 400g,"2,29 €","5,73 €/Kg"
Metades de pera em calda,PorSi,Lata de 820 g,"1,99 €","2,37 €/Kg"
Fralda Cueca Banho Splashers T4,Dodot,1 Embalagem c/11 unidades,"8,99 €","8,99 €/Unidade"
Manteiga magra,PorSi,Embalagem de 250g,"1,69 €","6,76 €/Kg"
Bolachas com recheio de chocolate,PorSi,Embalagem de 500g,"2,15 €","2,87 €/Kg"
Luvas descartáveis extra long m/g,Vileda,10 unidade,"4,29 €","4,29 €/Unidade"
Natas para café,President,Embalagem de 10X10G,"0,75 €","3,75 €/L"
Creme de limpeza com lixívia,PorSi,750 ml,"1,09 €","0,55 €/L"
"Batata frita, receita camponesa",Lay's,Embalagem de 250g,"1,19 €","6,43 €/Kg"
Queijo fresco petits suisses  40% mg,Páturages,Embalagem 6X60G,"1,05 €","1,86 €/L"
"Acendalha branca, 32 cubos",PorSi,Uma embalagem,"0,75 €","0,75 €/Unidade"
Actimel magro natural,Danone,Embalagem de 6 x 100g,"3,29 €","5,48 €/Kg"
Cenouras Programa Origens,PorSi,Embalagem de 1 kg,"0,99 €","0,99 €/Kg"
Borracha para desenho técnico,Domédia,1 unidade,"1,00 €","1,00 €/Unidade"
Caramelos de nata,PorSi,Embalagem de 250g,"2,75 €","11,00 €/Kg"
Puzzle Gigante Panda,Olivo,24 peças,"11,99 €","11,99 €/Unidade"
Gel de banho naturals amêndoa e leite,Palmolive,500 ml,"3,69 €","14,76 €/L"
Molho inglês,Savora,Garrafa de 120 ml,"0,70 €","2,33 €/Kg"
"Paezinhos azeite, alho e salsa",PorSi,Embalagem de 160g,"0,69 €","3,07 €/Kg"
Bacalhau com natas,PorSi,Embalagem de 380g,"2,19 €","7,30 €/Kg"
Tira Nódoas Spray a Seco,Iberia,Embalagem de 200 ml,"3,99 €","5,70 €/L"
Pera conference categoria: II,*,Vendido ao peso a partir de 300 g,"1,30 €/Kg","1,30 €/Kg"
Palito la reine,PorSi,Embalagem de 400 g,"0,69 €","3,45 €/Kg"
Chocolate Branco e Óreo,Milka,Embalagem de 100g,"0,99 €","9,90 €/Kg"
Pilha alcalina classic lr6x8,Domédia,1 unidade,"1,99 €","1,99 €/Unidade"
Rebuçados mentho-lyus sem açúcar,Halls,Embalagem de 31 g,"0,77 €","3,85 €/Kg"
Esfregão de Teflon,Fino,1 unidade,"2,54 €","2,54 €/Unidade"
Ambientador vela baunilha,PorSi,1 unidade,"9,49 €","45,19 €/Kg"
Azeite Virgem,Oliveira da Serra,Embalagem de 750 ml,"3,19 €","4,25 €/L"
Pilha alcalina classic lr03x4,Domédia,1 unidade,"1,99 €","1,99 €/Unidade"
Queijo mozzarella light ralado,PorSi Viva Bem,Embalagem de 150 g,"2,39 €","19,92 €/Kg"
3 Pipetas de Repelente p/ Gato,Repul'7,1 unidade,"19,99 €","19,99 €/Unidade"
Mix do Bosque,Fruta Embalada,Embalagem com 175 gr,"1,99 €","15,92 €/Kg"
Whisky malte 12 anos,Glenfiddic,Garrafa de 700 ml,"23,99 €","34,27 €/L"
Manta Polar,Do Art,Dim.: 130x160cm,"9,99 €","9,99 €/Unidade"
Refrigerante c/ gás de laranja zero,Fanta,"Garrafa de 1,5 l","0,79 €","0,40 €/L"
"Adesivo suave, pele sensivel",Hansaplast,1 unidade,"2,86 €","2,86 €/Unidade"
Cerveja c/ álcool branca,Franziskan,Garrafa de 500 ml,"15,79 €","1,99 €/L"
Paella,It.saveurs,Embalagem de 300g,"3,65 €","8,69 €/Kg"
Leite condensado cozido,PorSi,Embalagem de 397 g,"1,09 €","2,75 €/Kg"
Geleia de marmelo,Casa de Mateus,345 g,"3,29 €","9,54 €/Kg"
Paté de atum,PorSi,Embalagem de 65 g,"1,39 €","15,44 €/Kg"
Polvo limpo,PorSi,Embalagem de 800 g,"9,59 €","11,99 €/Kg"
Salmão lombo,PorSi,Embalagem de 400g,"3,00 €","9,99 €/Kg"
Galão,PorSi,16 cápsulas,"3,19 €","25,52 €/Kg"
Pensos clássicos,PorSi,100 unidades,"2,86 €","2,86 €/Unidade"
Fósforos cozinha,Flamefast,Uma embalagem com 4 unidades,"1,39 €","1,39 €/Unidade"
Areia para gatos biodegradável vegetal,PorSi,Embalagem de 8 litros,"1,19 €","0,24 €/Kg"
Lixívia Roupa delicada,PorSi,Embalagem de 2 l,"2,19 €","1,10 €/L"
Hortelã-menta,PorSi,20 g,"1,59 €","1,59 €/Unidade"
Nectar multivitaminas,Paquito,Embalagem de 2 l,"0,99 €","0,99 €/L"
Leite creme,Royal,Embalagem de 90g,"0,79 €","5,27 €/Kg"
Vinho branco bag-in-box,Capataz,Embalagem de 5 l,"9,49 €","1,90 €/L"
Cerveja c/ álcool,Super Bock,pack 24 x 0.33 l,"15,79 €","1,99 €/L"
Vermute rosso,Martini,Garrafa de 0.75 l,"22,49 €","32,13 €/L"
Vela em número nº9,PorSi,1 unidade,"0,80 €","0,80 €/Unidade"
"Refeição pronta, boião de frango e arroz",Bledina,Embalagem de 200g,"1,89 €","9,95 €/Kg"
"Sumo 100%, laranja",PorSi,"Embalagem de 1,5 l","1,09 €","0,73 €/L"
Xaile com botões,Today,Dim.: 75 x 150 cm,"9,99 €","9,99 €/Unidade"
10 salsichas de porco em lata,PorSi,Embalagem de 250G,"0,75 €","3,75 €/Kg"
Pão com Cereais 125 g,Pão do Dia,,"0,22 €","2,75 €/Kg"
Jogo Batalha Naval + Damas,Clementoni,1 unidade,"11,99 €","11,99 €/Unidade"
Sangria tinta,PorSi,Garrafa de 1.5 litros,"2,19 €","1,46 €/L"
Sopa de tomate,Knorr,Embalagem de 90g,"2,20 €","31,43 €/Kg"
Pastilha Elástica Bottle Morango,Trident,Embalagem de 82 g,"0,99 €","58,24 €/Kg"
Farinha de amêndoa bio,PorSi Bio,Embalagem de 200 g,"3,19 €","31,90 €/Kg"
Mistolin advanced anticalcário,Mistolin,Garrafa de 500 ml,"1,79 €","2,39 €/L"
Baguete,PorSi,250 g,"0,22 €","2,75 €/Kg"
"Pera em metades, lata",PorSi,Embalagem de 420 g,"1,99 €","2,37 €/Kg"
Queijo mascarpone,Galbani,Embalagem de 250 g,"1,59 €","6,36 €/Kg"
"Cera cabelo, Paste Urban",Axe,Embalagem de 130 ml,"4,99 €","66,53 €/L"
Queijo chevre,Palhais,Embalagem de 180g,"1,89 €","10,50 €/Kg"
"Inseticida eléctrico, recarga, night&day",Raid,1 unidade,"7,69 €","7,69 €/Unidade"
"Vela em número, nº 6",PorSi,1 unidade,"0,80 €","0,80 €/Unidade"
Vinho do porto tawny,Cruz,"Garrafa de 0,75 l","5,99 €","7,99 €/L"
Café moagem normal: intenso,Buondi,Embalagem de 220g,"1,69 €","6,76 €/Kg"
Espirais s/ glúten,Milaneza,Embalagem de 500g,"5,24 €","5,24 €/Kg"
Guardanapos de 1 folha amarelos | dim.: 30 x 29 cm,PorSi,Embalagem com 70 unidades,"1,29 €","1,29 €/Unidade"
Autobrilhante Castanho,Búfalo,Embalagem de 50 ml,"2,25 €","45,00 €/L"
Mousse crocante baunilha,A leiteira,Embalagem 4 x 57 g,"1,19 €","2,59 €/Kg"
Leite de pastagem meio-gordo,Terra Nostra,Embalagem de 1 litro,"0,79 €/L","0,79 €/L"
Ambientador aerosol pure flor de cerejeira,Air Wick,Garrafa de 250 ml,"2,99 €","12,46 €/L"
Ambientador carro recarga aqua,Ambipur,1 unidade,"3,99 €","3,99 €/Unidade"
Milho tenro e doce,Bonduelle,Embalagem de 300 g,"1,79 €","2,29 €/Kg"
Água Micelar c/doseador,Labell,Embalagem de 500ml,"3,44 €","3,44 €/Unidade"
Queijo Mazzarela Búfala,Galbani,Embalagem de 125 g,"1,59 €","6,36 €/Kg"
Nuggets frango,PorSi,pack familiar de 1 kg,"2,79 €","8,72 €/Kg"
Creme de avelãs e cacau para barrar sem glúten,Cemporcent,Embalagem de 200g,"10,99 €","22,90 €/Kg"
Sopa thai desidratada,Trevijano,Embalagem de 250g,"3,49 €","12,46 €/Kg"
Bolacha infantil dinossaurus mini dino cereais,Artiach,Embalagem de 120g,"1,89 €","15,75 €/Kg"
Mistura solúvel brasa,Nestle,Embalagem de 200g,"2,29 €","11,45 €/Kg"
Mini tostas trigo super finas,PorSi,Embalagem de 100 g,"0,69 €","3,07 €/Kg"
Presunto fatiado,PorSi,Embalagem de 200g,"2,79 €","13,95 €/Kg"
Cogumelo Portobello Pequeno,Legumes do Dia,embalagem de 300 g,"1,99 €","6,63 €/Kg"
Lava tudo antibacteriano herbal,PorSi,Garrafa de 1.5 l,"0,99 €","0,50 €/L"
Autobrilhante Branco,Búfalo,Embalagem de 50 ml,"2,25 €","45,00 €/L"
Vassoura Simples Pluma,PorSi,unidade,"2,20 €","2,20 €/Unidade"
Adoçante em pó stevia,PorSi Viva Bem,Embalagem de 250 g,"5,99 €","23,96 €/Kg"
Arroz vaporizado,Cigala,Embalagem de 1 kg,"0,99 €","0,99 €/Kg"
Moto Polícia c/ Luz e Som,Dickie Toys,15 cm,"14,99 €","14,99 €/Unidade"
Chocolate culinário,Nestle,Embalagem de 200g,"1,04 €","8,32 €/Kg"
Espinafres salteado com alho,PorSi,Embalagem de 750g,"1,89 €","1,89 €/Kg"
Massa meada,PorSi,Embalagem de 500g,"0,89 €","1,78 €/Kg"
Iogurte activia natural,Danone,Embalagem de 4 x 120 g,"2,49 €","5,19 €/Kg"
Cereais cruesli chocolate,Quaker,Embalagem de 380g,"4,65 €","18,60 €/Kg"
Cone baunilha,PorSi,embalagem 6 x 120 ml,"5,99 €","16,64 €/L"
Amaciador G. Maravilhosa,Ultra Suave,Embalagem de 400 ml,"1,06 €","5,30 €/L"
Aveia instantânea em pó,Prozis,"Embalagem de 1,25 kg","11,99 €","29,98 €/Kg"
Atum posta ao natural,Bom petisc,Embalagem de 120 g,"0,89 €","7,42 €/Kg"
Cenoura baby,PorSi,Embalagem de 400 g,"1,89 €","1,89 €/Kg"
Tablete de chocolate oreo,Milka,Embalagem de 300g,"1,59 €","7,95 €/Kg"
Bolachas cream cracker,PorSi,Embalagem de 600g,"0,39 €","3,12 €/Kg"
Pérolas prateadas,Vahine,Embalagem de 50g,"1,29 €","3,23 €/Kg"
"Vinho rosé, região península de setúbal, bag in box",Dom Campos,Garrafa de 5 l,"9,49 €","1,90 €/L"
Leite seleccionado meio gordo,Matinal,Garrafa de 1 l,"0,79 €/L","0,79 €/L"
"Queijo light, mini",Babybel,Embalagem de 120g,"2,39 €","19,92 €/Kg"
Tablete de chocolate leite com avelã,PorSi Select,200 g,"0,65 €","6,50 €/Kg"
Gomas tijolos ácidos,PorSi,Embalagem de 300 g,"1,19 €","3,97 €/Kg"
Champanhe rose bruto,Delagne & Fils,"Garrafa de 0,75 l","47,69 €","63,59 €/L"
Adoçante com doseador,PorSi,Embalagem de 66g,"5,99 €","23,96 €/Kg"
"Iogurte, sabor a tutti-fruti",PorSi,Embalagem de 4 x 125 g,"0,69 €","1,38 €/Kg"
Alho moído,PorSi,Frasco com 45 g,"0,25 €","0,25 €/Kg"
Halls vita c morango sem açúcar,Halls,Embalagem de 32 g,"0,77 €","3,85 €/Kg"
"Forma papel para bolos, 10. 5cm",PorSi,Embalagem com 60 unidades,"1,19 €","1,19 €/Unidade"
Perolas perfumadas fresh,PorSi,Embalagem de 275 g,"8,59 €","2,00 €/L"
Chocolate culinário em pó,PorSi,Embalagem de 125 g,"1,04 €","8,32 €/Kg"
Tablete de chocolate leite,Nestle,Embalagem de 130g,"1,59 €","7,95 €/Kg"
Bastão de Cola,Domédia,10 g,"1,35 €","1,35 €/Unidade"
Cesto de Roupa Bambu 60 L C/ Rodas,*,1 un.,"17,00 €","17,00 €/Unidade"
Flocos de batata para puré,PorSi,Embalagem de 500g,"1,89 €","1,89 €/Kg"
Puré batata doce,PorSi,Embalagem de 750g,"2,29 €","7,63 €/Kg"
"Escova de cabelo, Pontas Nylon Premium",Labell,Uma unidade,"1,99 €","1,99 €/Unidade"
Mistolin tira gorduras desinfetante,Mistolin,Garrafa de 550 ml,"1,79 €","2,39 €/L"
Bolachas choco mini estrelas,Milka,Embalagem de 190g,"2,15 €","2,87 €/Kg"
Salsichas de porco,Nobre,Lata de 250g,"0,75 €","3,75 €/Kg"
Natas uht com cogumelos,Parmalat,Embalagem de 200 ml,"0,75 €","3,75 €/L"
Queijo nisa dop,Monforqj,Embalagem de 300g,"2,87 €","15,94 €/Kg"
Néctar light manga/laranja,Compal,330 ml,"0,84 €","2,55 €/L"
5 folhas de gelatina incolor,PorSi,Embalagem de 9 g,"0,55 €","61,11 €/Kg"
Caldo de galinha 8 cubos,Knorr,Embalagem de 80g,"0,99 €","1,98 €/Kg"
"Luvas multiusos relevo antiderrapante, tamanho peque...",PorSi,Embalagem de 1 unidades,"4,29 €","4,29 €/Unidade"
Iogurte liquido infantil morango,PorSi,Embalagem de 6 x 94 ml,"1,20 €","1,88 €/Kg"
Lava tudo brilhante madeiras,PorSi,Embalagem de 1.1 litros,"1,39 €","1,26 €/L"
Biscoitos de cacau,PorSi,Embalagem de 750g,"0,69 €","3,45 €/Kg"
Churritos,PorSi,Embalagem de 240g,"1,77 €","5,53 €/Kg"
Cerveja c/ álcool,Sagres,pack 30 x 0.25 L,"15,79 €","1,99 €/L"
Chispalhada,PorSi,Embalagem de 420 g,"3,65 €","8,69 €/Kg"
Iogurte liquido proteína yopro baunilha/cookies,Yopro,300 g,"2,39 €","7,97 €/Kg"
Macchiato café arábica,PorSi,250 ml,"3,19 €","25,52 €/Kg"
Bebida de soja de amêndoa,Alpro,Embalagem de 1 litro,"2,49 €","2,49 €/L"
Sumo 100% maçã e frutos vermelhos,Compal,1 litro,"1,09 €","0,73 €/L"
Vassoura exterior alta,PorSi,Unidade,"2,20 €","2,20 €/Unidade"
Mistura solúvel tofina despertar,Nestle,Embalagem de 200g,"2,29 €","11,45 €/Kg"
Queijo mozzarella fatias,PorSi,Embalagem de 200 g,"1,56 €","7,80 €/Kg"
Bolachas tosta rica,Cuetara,Embalagem de 570g,"1,89 €","15,75 €/Kg"
"Pasta dentífrica, tripla ação",Labell,Embalagem de 75 ml,"2,24 €","29,87 €/L"
Leite uht meio gordo,Mimosa,Embalagem de 1 litro,"0,79 €/L","0,79 €/L"
Gronola de aveia arandos/sementes,Nestle,Embalagem de 300g,"1,95 €","3,90 €/Kg"
Mimosa bem especial leite e aveia,Mimosa,Embalagem de 1 litro,"0,99 €","0,99 €/L"
Tortitas de milho sem sal,PorSi Viva Bem,Embalagem de 130g,"1,65 €","12,69 €/Kg"
Moscatel Roxo Setúbal,Alambre,Garrafa de 750 ml,"5,99 €","7,99 €/L"
Moscatel do Douro,Selecção de Enófilos,"Garrafa de 0,75 l","5,99 €","7,99 €/L"
Crazy Chic Atelier Unhas,Clementoni,unidade,"17,49 €","17,49 €/Unidade"
Queijo feta dop grego,Kolios,Embalagem de 200g,"1,49 €","7,45 €/Kg"
Xarope de chocolate zero,Prozis,Embalagem de 290g,"4,49 €","8,98 €/Kg"
Queijo flamengo 0% lactose,PorSi Viva Bem,Embalagem de 150 g,"1,56 €","7,80 €/Kg"
Vinho tinto regional alentejano,Tapada do Barão,Garrafa de 0.75 l,"4,99 €","6,65 €/L"
Óleo alimentar,Fula,Embalagem 1L,"3,99 €","3,99 €/L"
Molho bechamel,PorSi,Embalagem de 500 ml,"0,75 €","3,75 €/L"
Gelado magnum mini double chocolate e caramelo,Olá,Embalagem de 6 x 60 ml,"5,99 €","16,64 €/L"
Sultana Preta,PorSi,Embalagem de 200g,"0,79 €","3,95 €/Kg"
Callippo super mix,Olá,Embalagem de 5 x 105 ml,"5,99 €","16,64 €/L"
Forma Pão de Ló Antiaderente 28cm,PorSi,1 unidade,"9,00 €","9,00 €/Unidade"
Vela em número nª2,PorSi,1 unidade,"0,80 €","0,80 €/Unidade"
Leite Hidratante Óleos Maravilhosos,Ultra Suave,Embalagem de 400 ml,"6,69 €","16,73 €/L"
"Escargots recheio de manteiga, salsa e alho",PorSi Select,89 g,"2,29 €","7,63 €/Kg"
Quiche lorraine,Monique Ranou,Embalagem de 400 g,"2,29 €","7,63 €/Kg"
Vassoura Especial Lisa,PorSi,unidade,"2,20 €","2,20 €/Unidade"
Vinho regional tejo 3 castas branco,Fiuza,Garrafa de 750 ml,"4,49 €","5,99 €/L"
Ambientador vela frutos vermelhos,PorSi,1 unidade,"9,49 €","45,19 €/Kg"
Insecticida recarga,Biokill,Embalagem de 375 ml,"5,74 €","15,31 €/L"
Sacos lixo eco 100 litros,PorSi,10 unidades,"1,79 €","1,79 €/Unidade"
Creme de coentros sem batata,PorSi,800 g,"1,99 €","2,49 €/Kg"
Desinfetante p/ WC,Sanytol,Embalagem de 750 ml,"1,79 €","2,39 €/L"
Bio fermento em pó,Vahine,Embalagem de 35g,"3,89 €","111,14 €/Kg"
Coleira em nylon p/ cão  repelente 60cm,Repul' 7,Embalagem de 1 unidades,"19,99 €","19,99 €/Unidade"
Gin premium hendricks 0.70l,Hendricks,Garrafa de 700 ml,"29,99 €","42,84 €/L"
Desentupidor de fole com cabo,PorSi,1 unidade,"17,00 €","17,00 €/Unidade"
Desentupidor gel turbo com lixívia,Destop,Garrafa de 1 l,"4,49 €","5,99 €/L"
"Tiras limpa poros faciais, 6unidades",Labell,1 embalagem,"3,44 €","3,44 €/Unidade"
Spray limpeza casa de banho,PorSi,750 ml,"1,79 €","2,39 €/L"
Pao ralado classico 200g,ESPIGA,Embalagem de 200g,"0,55 €","2,29 €/Kg"
Cola glitter,Mitama,10.5 ml,"2,19 €","109,50 €/L"
Peluche George,Peppa Pig,50 cm,"17,49 €","17,49 €/Unidade"
Filetes de pescada,PorSi,Embalagem de 400 g,"4,39 €","10,98 €/Kg"
Danacol aveia,Danone,Embalagem de 6 x 100 g,"3,29 €","5,48 €/Kg"
Biscoitos integrais sementes de agave,PorSi Viva Bem,Embalagem de 150g,"2,29 €","11,45 €/Kg"
Snack Gato Anti Bolas de Pelo,PorSi,Embalagem 60 g,"0,99 €","16,50 €/Kg"
Batata doce frita,PorSi,Embalagem de 150g,"1,06 €","5,73 €/Kg"
Queijo Raclette Fatias,Páturages,Embalagem de 400 g,"1,56 €","7,80 €/Kg"
Refrigerante s/ gás califórnia,Sunny d,"Garrafa de 1,25 l","1,14 €","0,76 €/L"
Miolo de avelã,PorSi,Embalagem de 200 g,"0,79 €","3,95 €/Kg"
Caderno Agrafado Capa Preta |A4 Pautado,Domédia,1 unidade,"1,09 €","1,09 €/Unidade"
Amaciador roupa concentrado lírios e morango,PorSi,60 doses,"1,99 €","1,00 €/L"
Alecrim,Margao,Embalagem de 20g,"0,25 €","0,25 €/Kg"
Creme Depilatório Peles Normais,Veet,Embalagem de 200 ml,"3,29 €","3,29 €/Unidade"
Sopa de rabo de boi,Knorr,Embalagem de 70g,"2,20 €","31,43 €/Kg"
"Salsichas de frango, 6 unidades",Monique Ranou,Embalagem de 210 g,"2,09 €","9,95 €/Kg"
Tablete chocolate creme de cacau,Milka,Embalagem de 100g,"1,59 €","7,95 €/Kg"
Gelatina limão 10kcal,Royal,Embalagem de 30g,"0,55 €","61,11 €/Kg"
Pedras limão/chá verde,P.salgadas,pack 4 x 0.25 l,"2,85 €","2,85 €/L"
Cogumelos laminados,PorSi,780 g,"1,79 €","2,29 €/Kg"
Bolachas rosquilhas,PorSi,Embalagem de 600g,"1,69 €","6,76 €/Kg"
Milho doce,PorSi,Embalagem de 400 g,"1,89 €","1,89 €/Kg"
Nata uht,PorSi,Embalagem de 200 ml,"0,75 €","3,75 €/L"
Receita caseira de bolonhesa,Nobre,Embalagem de 420g,"3,65 €","8,69 €/Kg"
Ice tea manga,Lipton,pack 6 x 0.25 l,"1,14 €","0,76 €/L"
Sabonete Liquido Gel Antibacteriano,Labell,Embalagem de 300 ml,"1,09 €","2,18 €/L"
Pizza de Atum,PorSi,Embalagem de 350 g,"2,16 €","6,17 €/Kg"
Bombom Caja Roja,Nestlé,Embalagem de 200G,"13,49 €","28,10 €/Kg"
Nectar clássico maracujá,Compal,Garrafa de 1 l,"1,09 €","0,73 €/L"
Cerveja c/ álcool,Super Bock,pack 24 x 0.20 l,"15,79 €","1,99 €/L"
Puzzles Sereia / Lama,Olivo,60 peças,"11,99 €","11,99 €/Unidade"
Champô cabelos pintados,Labell,Embalagem de 250 ml,"5,12 €/L","5,12 €/L"
Gel de banho júnior maçã e pera,Labell,Embalagem com 300 ml,"4,99 €","16,63 €/L"
Queijo de cabra com azeite&oregãos,Palhais,Embalagem de 130 g,"1,89 €","10,50 €/Kg"
Aperitivos 3d's cones,3d's,Embalagem de 90g,"1,65 €","12,69 €/Kg"
Tomate inteiro pelado,PorSi,Embalagem de 390 g,"1,79 €","2,29 €/Kg"
Vodka,ON/OFF,Garrafa 0.70L,"29,99 €","42,84 €/L"
Queijo brie 60% mg,Páturages,Embalagem de 200 g,"1,49 €","7,45 €/Kg"
Pilha alcalina heightch lr14x2,Domédia,1 unidade,"1,99 €","1,99 €/Unidade"
Gelado magnum pint amêndoas,Olá,Embalagem de 440 ml,"3,99 €","6,14 €/L"
Cocktail mango,Bar Royal,Garrafa de 750 ml,"8,49 €","11,32 €/L"
Toucinho do céu,PorSi,Embalagem de 2x100 g,"0,55 €","2,75 €/Kg"
Fio dentário fluór+menta 50m,Labell,1 unidade,"1,09 €","1,09 €/Unidade"
Chá verde menta,PorSi,Embalagem de 43.7 g,"0,99 €","26,76 €/Kg"
Couscous mediterrâneo com vegetais desidratados,Trevijano,Embalagem de 300g,"3,49 €","12,46 €/Kg"
"Lixívia para roupa, tradicional verde denso",PorSi,Embalagem de 2L,"1,74 €","0,35 €/L"
Pizza 4 estações,PorSi,Embalagem de 350g,"2,16 €","6,17 €/Kg"
Bola mistura,Pão do Dia,1 unidade= 80 g,"0,22 €","2,75 €/Kg"
Perfume p/ senhora Nº81,Caravan,1 Frasco 150ml,"9,99 €","9,99 €/Unidade"
8 rissóis de camarão,PorSi,Embalagem de 300g,"1,71 €","5,70 €/Kg"
Anticalcário,Viakal,Embalagem de 500 ml,"4,99 €","7,13 €/L"
Croissant recheado de cacau/avelã,PorSi,Embalagem de 315g,"1,77 €","5,53 €/Kg"
Especialidade soja baunilha,PorSi Viva Bem,Embalagem de 4 x 100 g,"2,95 €","5,90 €/Kg"
Vinh do porto ruby,Cruz,Garrafa de 750 ml,"5,99 €","7,99 €/L"
Corn flakes saco,PorSi,Embalagem de 500g,"1,49 €","2,98 €/Kg"
Recarga mopa,PorSi,1 unidade,"0,89 €","0,89 €/Unidade"
Molho de soja com dispenser,KIKKOMAN,Garrafa de 150 ml,"4,09 €","27,27 €/L"
Queijo creme de salmão,Philadelph,Embalagem de 150g,"2,05 €","16,40 €/Kg"
Fiambre da pá fatiado,PorSi,200 g,"1,39 €","6,95 €/Kg"
Azeite virgem extra seleção,PorSi,Garrafa de 750 ml,"3,19 €","4,25 €/L"
Balance cereais de trigo crocantes,Cemporcent,Embalagem de 250g,"3,19 €","31,90 €/Kg"
Iogurte 0% pedaços amora e framboesa,Longa vida,Embalagem de 4 x 120 g,"1,44 €","2,88 €/Kg"
Manteiga la motte sal do mar,President,Embalagem de 250 g,"1,69 €","6,76 €/Kg"
Infusão lúcia lima,PorSi,Embalagem de 35 g,"0,99 €","76,15 €/Kg"
Lombos de pescada,PorSi,Embalagem de 400 g,"4,39 €","10,98 €/Kg"
Hortelã-menta vaso aromáticas vivas,Aroma viva,Embalagem de 1 unidades,"1,59 €","1,59 €/Unidade"
Risott mediterrâneo,Trevijano,Embalagem de 280g,"3,49 €","12,46 €/Kg"
Café moagem universal timor,Delta,Embalagem de 220g,"1,69 €","6,76 €/Kg"
"Bebida láctea crescimento 1-3 anos, cereais",Nestle,Embalagem de 1 litro,"0,26 €","1,30 €/L"
Recarga rolo tira pelos,PorSi,1 unidade,"7,99 €","7,99 €/Unidade"
Cereais crunch 375g,Nestle,Embalagem de 380g,"3,89 €","10,24 €/Kg"
Alho moído,PorSi,Saqueta de 50 g,"0,25 €","0,25 €/Kg"
Leite c/ Chocolate,Agros,Embalagem de 4 x 200 ml,"0,26 €","1,30 €/L"
Pudim flan,PorSi,Embalagem de 4 x 5.6 g,"0,44 €","4,00 €/Kg"
Sumo 100% tomate,PorSi,Embalagem de 1.5 l,"1,09 €","0,73 €/L"
Néctar light de manga/laranja prism,PorSi,Embalagem de 1 l,"0,84 €","2,55 €/L"
Lindahls pro+ liq tropical,Lindahls,Garrafa de 330 ml,"1,20 €","1,88 €/Kg"
Couscous marroquino com vegetais desidratados,Trevijano,Embalagem de 300g,"3,49 €","12,46 €/Kg"
"Cerveja sem álcool, preta",Super Bock,pack 6 x 0.33 l,"5,99 €","3,03 €/L"
Hambúrguer de soja,Cemporcent,Embalagem de 160g,"2,09 €","8,36 €/Kg"
Chá Aromatizado Pirâmide Baunilha/Caramelo,PorSi,20 x 2 g,"1,19 €","91,54 €/Kg"
Oatibix aveia,Weetabix,Embalagem de 500g,"2,49 €","12,45 €/Kg"
Farinha s/ glúten p/ pão,Schar,Embalagem de 1 kg,"0,85 €","0,85 €/Kg"
Azeite virgem extra seleção,PorSi,Garrafa de 250 ml,"3,19 €","4,25 €/L"
Bolachas shortcake,PorSi,Embalagem de 233 g,"1,69 €","6,76 €/Kg"
Bicarbonato de sódio,PorSi,Embalagem de 500 g,"1,79 €","2,39 €/L"
Líquido wc duraguard pinho da montanha,Harpic,Garrafa de 750 ml,"1,79 €","2,39 €/L"
Snack gato salmao,PorSi,Embalagem de 60g,"0,99 €","16,50 €/Kg"
Pellets madeira,Nova lenha,Embalagem de 15kg,"10,99 €","0,73 €/Kg"
Licor beirão,Beirão,Garrafa de 700 ml,"22,49 €","32,13 €/L"
Creme para barrar,Nutella,Embalagem de 200 g,"3,59 €","10,26 €/Kg"
Queijinho dadoninho petitdino de morango,Danone,Embalagem de 6 x 50 g,"1,05 €","1,86 €/L"
Mirtilos 100% Naturais,PorSi,Embalagem de 250 g,"3,29 €","4,39 €/Kg"
Xarope grenadine,Paquito,Garrafa de 750 ml,"4,15 €","5,53 €/L"
Nata uht para bater,Parmalat,Embalagem de 200 ml,"0,75 €","3,75 €/L"
"Vinho Bairrada, Tinto",Selecção de Enófilos,Garrafa de 0.75 l,"2,49 €","3,32 €/L"
Queijo de cabra curado,PorSi,Embalagem de 2x100 g,"1,89 €","10,50 €/Kg"
Iogurte líquido danonino morango,Danone,Embalagem de 4 x 100 g,"1,05 €","1,86 €/L"
Néctar clássico tutti-frutti,Compal,330 ml,"0,99 €","0,99 €/L"
Brandy,Macieira,Garrafa de 1 l,"9,69 €","13,84 €/L"
Bolachas shortcake cacau,PorSi,Embalagem de 185 g,"1,69 €","6,76 €/Kg"
Pilhas Alcalinas AAA Optimum,Duracell,Blister 4 Pilhas,"1,99 €","1,99 €/Unidade"
Feijão preto 4/4,Compal,Lata de 850g,"1,79 €","2,29 €/Kg"
Rolinhos waffletten milk,Bahlsen,Embalagem de 100g,"2,19 €","21,90 €/Kg"
Sopa da pedra,PorSi,Embalagem de 420 g,"3,65 €","8,69 €/Kg"
Resguardo para bebé,PorSi,Dim.: 60 x 60 cm,"4,99 €","4,99 €/Unidade"
Pectina,Condi,Embalagem de 25g,"2,04 €","81,60 €/Kg"
Iogurte pedaços frutimax frutos variados,PorSi,Embalagem de 8 x 125 g,"1,44 €","2,88 €/Kg"
"Leite uht, com café, galão alentejano",Serraleite,Embalagem de 1 l,"1,29 €","1,29 €/L"
Limpa fornos,PorSi,500 ml,"1,79 €","2,39 €/L"
Barras fitness com morango,Nestle,Embalagem de 140g,"1,95 €","3,90 €/Kg"
Espargos Verdes,Legumes do Dia,embalagem com 250g,"3,49 €","13,96 €/Kg"
Creme de soja cacau e avelã,Valsoia,Embalagem de 400g,"4,09 €","27,27 €/L"
"Cobertura tipo chantilly, 2x38g",PorSi,Embalagem de 80g,"1,29 €","3,23 €/Kg"
Massa fettuccine,PorSi,Embalagem de 500g,"0,89 €","1,78 €/Kg"
Caramelo líquido,PorSi,Embalagem de 400g,"1,29 €","3,23 €/Kg"
Orégãos em folha,PorSi,Embalagem de 10g,"0,25 €","0,25 €/Kg"
Feijão com dobrada,PorSi,Embalagem de 420 g,"3,65 €","8,69 €/Kg"
Chouriço corrente,PorSi,Embalagem de 200 g,"1,22 €","6,78 €/Kg"
Iogurte líquido yoggi banana,Nestle,Embalagem de 4 x 160 g,"1,20 €","1,88 €/Kg"
Spray limpa inox,Cif,Garrafa de 440 ml,"1,79 €","2,39 €/L"
Snack de milho com queijo,Cheetos,Embalagem de 75 g,"1,65 €","12,69 €/Kg"
Bebida de Soja Baunilha,PorSi Viva Bem,1 l,"2,49 €","2,49 €/L"
Cafe rossio m.unica 250g,Nicola,Embalagem de 250g,"1,69 €","6,76 €/Kg"
Muesli Frutas,PorSi,500 g,"3,99 €","11,40 €/Kg"
Licor Jagermeister,JAGERMEIST,Garrafa de 700 ml,"16,99 €","24,27 €/L"
Sardinha em azeite,PorSi Select,Lata de 120 g,"0,89 €","7,42 €/Kg"
Azeite virgem extra seleção ouro,Oliveira da Serra,Garrafa de 750 ml,"3,19 €","4,25 €/L"
Xarope de menta,Paquito,Garrafa de 0.75 lt,"4,15 €","5,53 €/L"
Vinho regional península de setúbal tinto,J.m.f.,Garrafa de 750 ml,"4,99 €","6,65 €/L"
Queijo de cabra curado rolo,PorSi,Embalagem de 180 g,"1,89 €","10,50 €/Kg"
Esparguete Clássica,Nacional,Embalagem de 500 g,"0,89 €","1,78 €/Kg"
Vinho regional lisboa branco,Marginal,Garrafa de 750 ml,"4,49 €","5,99 €/L"
Lombo curado fatiado,PorSi,100 g,"2,49 €","16,60 €/Kg"
Discoveries cappuccino,STARBUCKS,Embalagem de 220 ml,"3,19 €","25,52 €/Kg"
Hipopótamo bailarina,Clementoni,1 unidade,"17,49 €","17,49 €/Unidade"
T-Rex para pintar,Jurassic World,1 un.,"11,99 €","11,99 €/Unidade"
Bocadelia atum,La piara,Embalagem de 180g,"0,89 €","7,42 €/Kg"
Cordon bleu,PorSi,Embalagem de 1 kg,"3,53 €","8,83 €/Kg"
Pilha alcalina classic lr03x8,Domédia,1 unidade,"1,99 €","1,99 €/Unidade"
Café moagem universal portugal,Delta,Embalagem de 250g,"1,69 €","6,76 €/Kg"
Cápsulas de café com leite cappuccino,Nescafe,Embalagem com 16 cápsulas,"2,79 €","19,93 €/Kg"
Recarga Ambientador Automático Sparkling Citrus,PorSi,Embalagem de 250 ml,"5,99 €","23,96 €/L"
Trinca de arroz,PorSi,Embalagem de 1 kg,"5,99 €","2,00 €/Kg"
Massa esparguete,Milaneza,Embalagem de 500g,"0,89 €","1,78 €/Kg"
Iogurte líquido yoggi morango/banana,Nestle,Embalagem de 4 x 160 g,"1,20 €","1,88 €/Kg"
Spray desengordurante,Sonasol,Embalagem de 500 ml,"4,49 €","5,99 €/L"
Dentifríco splash morango,Aquafresh,Embalagem de 75 ml,"3,29 €","43,87 €/L"
Detergente liquido loiça limão,PorSi,Garrafa de 1 litro,"0,99 €","1,98 €/L"
Ambientador vela gota frutos vermelhos,Air Wick,Embalagem de 1 unidades,"9,49 €","45,19 €/Kg"
Iogurtes aroma 4 de morango + 4 de banana,PorSi,Embalagem de 8x125g,"0,69 €","1,38 €/Kg"
"Hamburguers de vaca, 4x80g",PorSi,Embalagem de 320 g,"2,79 €","8,72 €/Kg"
Ananás em rodelas lata,PorSi,Embalagem de 820g,"1,99 €","2,37 €/Kg"
Fiambre da perna extra fatias finas cuida-t+,Nobre,Embalagem de 110g,"1,39 €","6,95 €/Kg"
Rolo de Cozinha Branco Eco Compacto,PorSi,2 = 6 Rolos,"4,99 €","4,99 €/Unidade"
Queijo fresco natural,Matinal,Embalagem de 216g,"1,09 €","5,45 €/Kg"
Spray Limpeza para aço inoxidável,Induclean,450 ml,"11,99 €","26,64 €/L"
Bandas de cera fria peles normais,Veet,Embalagem de 20 unidades,"8,99 €","8,99 €/Unidade"
Chá verde matcha mirtilo,Tetley,20 saquetas,"2,69 €","89,67 €/Kg"
Cerveja c/ álcool radler,Sagres,pack 6 x 0.33 l,"1,59 €","3,18 €/L"
Escova dentifrica 360º advanced média,Colgate,1 unidade,"4,99 €","4,99 €/Unidade"
Vinho Tinto Regional Península de Setúbal,Selecção de Enófilos,750 ml,"4,99 €","6,65 €/L"
Aperitivo de anis,Ricard,Garrafa de 700 ml,"22,49 €","32,13 €/L"
Infusão cavalinha,Cemporcent,Embalagem de 10 unidades,"0,99 €","76,15 €/Kg"
Lasanha à bolonhesa,PorSi,Embalagem de 1 kg,"3,99 €","3,99 €/Kg"
Gelatina de laranja,PorSi,Embalagem de 170g,"0,55 €","61,11 €/Kg"
Whisky,J&B,Garrafa de 700 ml,"11,49 €","16,41 €/L"
Queijo ilha ralado,PorSi,Embalagem de 200g,"1,49 €","7,45 €/Kg"
"Bombons de chocolate, praleine",Schogetten,Embalagem de 100g,"1,59 €","7,95 €/Kg"
Alimento lácteo alperce +6 meses,Yogolino,Embalagem de 4 x 100 g,"2,89 €","7,23 €/Kg"
Vinho maduro branco,Alorna,Garrafa de 0.75 l,"7,99 €","10,65 €/L"
Gran cruz rosé porto cruz pink,Cruz,Garrafa de 750 ml,"22,49 €","32,13 €/L"
Farinha láctea 5 frutos,PorSi,Embalagem de 500g,"1,99 €","7,96 €/Kg"
Açúcar demerara,Rar,Embalagem de 500 g,"1,49 €","1,49 €/Kg"
Gel de banho nourishing,Dove,Embalagem de 500 ml,"4,99 €","16,63 €/L"
Batata pré-frita palito,PorSi,"Embalagem de 2,5 kg","1,39 €","1,39 €/Kg"
Alimento seco p/ cão raça pequena,PorSi Select,Embalagem de 3kg,"5,99 €","2,00 €/Kg"
Gressinos com sésamo,PorSi,Embalagem de 250 g,"0,69 €","3,07 €/Kg"
Ice tea de limão,PorSi,Embalagem de 2 l,"1,14 €","0,76 €/L"
Sumo 100% ananás e uva,PorSi,1.5 l,"1,09 €","0,73 €/L"
Batata doce para fritar,PorSi,Embalagem de 600g,"1,39 €","1,39 €/Kg"
Gomas ositos de oro,Haribo,Embalagem de 100g,"1,19 €","3,97 €/Kg"
Polpa tomate tetra,PorSi,Embalagem de 210g,"0,99 €","1,98 €/Kg"
Leite e cereais 8 cereais e mel +6 meses,Cerelac,Garrafa de 400 ml,"1,99 €","7,96 €/Kg"
Tablete de chocolate de preto,Nestle,Embalagem de 90g,"0,99 €","4,95 €/Kg"
Papel higiénico 2 folhas,PorSi,32 rolos,"1,99 €","1,99 €/Unidade"
Piri piri,Calve,Garrafa de 50 ml,"0,70 €","2,33 €/Kg"
Pensos banda,PorSi,100 x 6 cm,"2,86 €","2,86 €/Unidade"
Limpa móveis multissuperfícies,PorSi,Frasco de 300ml,"1,39 €","1,26 €/L"
Gel Styling Casual Black,Axe,Embalagem de 75 ml,"12,99 €","12,99 €/Unidade"
Café torrado 5 estrelas moagem normal,Sical,Embalagem de 250g,"3,29 €","13,16 €/Kg"
Aperitivos de amendoim com sal e mel,Matutano,Embalagem de 150g,"1,65 €","12,69 €/Kg"
Bombons Fontessa,Trumpf,Embalagem de 400G,"13,49 €","28,10 €/Kg"
Alimento lácteo pera +6 meses,Yogolino,Embalagem de 4 x 100 g,"2,89 €","7,23 €/Kg"
Queijo Flamengo Fatias,PorSi,Embalagem 500G,"1,56 €","7,80 €/Kg"
Papa infantil para preparar com leite +6 meses,Cerelac,Embalagem de 250g,"1,99 €","7,96 €/Kg"
Bebida arroz bio,PorSi Bio,Embalagem de 1 litro,"1,59 €","1,59 €/L"
Feijão preto,PorSi,Embalagem de 500g,"0,95 €","1,90 €/Kg"
Batata frita camponesa,PorSi,Embalagem de 175 g,"1,19 €","6,43 €/Kg"
Anti-traça Maçã Verde,Dum Dum,2 unidades,"4,69 €","4,69 €/Unidade"
Bolacha cracker integral,Cuetara,Embalagem de 200g,"0,39 €","3,12 €/Kg"
Bolachas de água e sal,PorSi,Embalagem de 125g,"0,39 €","3,12 €/Kg"
Milho doce,Bonduelle,Embalagem de 150 g,"1,79 €","2,29 €/Kg"
"Pães para hamburguer com sésamo, 4 unidades",Bimbo,embalagem de 220 g,"1,59 €","7,23 €/Kg"
Gelado carte d'or yogurt & forest fruit,Olá,Embalagem de 900 ml,"3,99 €","6,14 €/L"
Ervilhas,PorSi,Embalagem de 1 kg,"1,89 €","1,89 €/Kg"
Chouriço fatiado,Campofrio,Embalagem de 80g,"1,22 €","6,78 €/Kg"
Farinha s/ fermento tipo 65,ESPIGA,Embalagem de 1 kg,"0,85 €","0,85 €/Kg"
Pasta Dentífrica Menta Suave,Aquafresh,Embalagem de 75 ml,"2,24 €","29,87 €/L"
Guardanapos brancos folha tripla 33x33 cm,PorSi,70 unidades,"1,29 €","1,29 €/Unidade"
"Maionese, frasco",Hellmman's,Embalagem de 420g,"0,70 €","2,33 €/Kg"
"Fiambre extra, fatiado",PorSi,Embalagem de 200g,"1,39 €","6,95 €/Kg"
Creme de cenoura,PorSi,800 g,"1,99 €","2,49 €/Kg"
Skinny latte sem açúcar e sem lactose,STARBUCKS,embalagem de 220 ml,"3,19 €","25,52 €/Kg"
Champô 3 em 1 karpex,Vanish,950 ml,"1,79 €","2,39 €/L"
Café em grão 5 estrelas,Sical,Embalagem de 250g,"3,29 €","13,16 €/Kg"
Café nyeri quénia moagem universal,Sical,Embalagem de 220g,"1,69 €","6,76 €/Kg"
Arroz Risotto,PorSi,Embalagem de 1 kg,"0,99 €","0,99 €/Kg"
Tostas de trigo,PorSi,Embalagem 225G,"0,69 €","3,07 €/Kg"
Iogurte líquido infantil morango e banana,PorSi,Pack 6 x 100 g,"1,20 €","1,88 €/Kg"
Leite regular 2,Aptamil,Embalagem de 800 g,"16,69 €","20,86 €/Kg"
Água s/ Gás,Serra de Fafe,Garrafa 6L,"1,04 €","0,17 €/L"
10 compressas de gaze,PorSi,20 x 20 cm,"2,86 €","2,86 €/Unidade"
Infusão melhores digestões,Cemporcent,Embalagem de 10 unidades,"0,99 €","76,15 €/Kg"
Lencos bolso mentol 6x10 3f,PorSi,Embalagem de 6 unidades,"0,89 €","0,89 €/Unidade"
Feijão catarino,PorSi,Embalagem 500G,"0,95 €","1,90 €/Kg"
"Cera de depilação oriental, pote",Labell,Embalagem de 250 ml,"8,99 €","8,99 €/Unidade"
Folhado Misto 90 g,Pastelaria do Dia,,"0,65 €","0,65 €/Unidade"
"Chocolate, extra single",Twix,Embalagem de 80g,"2,19 €","21,90 €/Kg"
Espumante cava bruto,Freixenet,pack 3 x 200 ml,"11,99 €","11,99 €/L"
Cheeseburger de frango,Snock,Embalagem de 100 g,"3,39 €","21,19 €/Kg"
Bolachas multicereais,PorSi,Embalagem de 400 g,"0,90 €","6,00 €/Kg"
Bagas de goji bio,Cemporcent,Embalagem de 100g,"3,19 €","31,90 €/Kg"
Assador Castanhas em Barro,Produto selecionado,Diam.: 17 cm,"4,99 €","4,99 €/Unidade"
Bolachas cereais passas e laranja,PorSi,Embalagem de 300 g,"0,90 €","6,00 €/Kg"
Chocolate maxi 6 barritas,Kinder,Embalagem de 130g,"2,29 €","17,62 €/Kg"
"Linguíca, 4 unidades",PorSi,Embalagem de 180 g,"1,22 €","6,78 €/Kg"
Pensos peles sensíveis sortidos,PorSi,20 unidades,"2,86 €","2,86 €/Unidade"
Snack gato frango/queijo,PorSi,Embalagem de 60g,"0,99 €","16,50 €/Kg"
Doce amoras,ST.DALFOUR,Frasco de 284g,"2,19 €","9,95 €/Kg"
Bolachas marítimas clássicas,PorSi Viva Bem,Embalagem de 200g,"2,82 €","9,40 €/Kg"
Vinagre de fruta,PorSi,Embalagem de 500 ml,"0,35 €","0,70 €/L"
Infusão nº 10 colestrol,Cemporcent,Embalagem de 10 unidades,"0,99 €","76,15 €/Kg"
Gengibre,Legumes do Dia,1 un = 100 gr (aprox.),"3,49 €","13,96 €/Kg"
Queijo flamengo fatias light,PorSi,Embalagem de 200g,"2,39 €","19,92 €/Kg"
Peito de frango,PorSi,Embalagem de 400 g,"2,32 €","5,80 €/Kg"
Lixívia para roupa delicada,Neoblanc,Embalagem de 1 l,"2,19 €","1,10 €/L"
Cereais argolas de mel,PorSi,Embalagem de 375 g,"3,89 €","10,24 €/Kg"
Estojo bebé,Bebéconfort,1 unidade,"5,99 €","5,99 €/Unidade"
Pensos peles sensíveis sortidos,PorSi,30 unidades,"2,86 €","2,86 €/Unidade"
Licor de anis,On Off,"Garrafa de 0,70 l","16,99 €","24,27 €/L"
Vinho branco tejo chardonnay,Fiuza,Garrafa de 750 ml,"4,49 €","5,99 €/L"
Cápsulas de café com leite cappuccino,Nescafe,Embalagem com 16 cápsulas,"3,19 €","25,52 €/Kg"
Chupa clássico,Chupachups,Embalagem de 10g,"2,05 €","5,13 €/L"
Hambúrguer de caril 2x80g,Veg In,Embalagem de 160g,"2,09 €","8,36 €/Kg"
Iogurte activia cremoso coco,Danone,Embalagem de 4 x 120 g,"1,49 €","2,98 €/Kg"
Mousse cabelo caracois,Labell,Embalagem de 200ml,"4,99 €","66,53 €/L"
Gel pure 3 em 1,Garnier,Embalagem de 150 ml,"2,99 €","59,80 €/L"
Areia para gatos mineral perfumada,PorSi,Embalagem de 5 kg,"1,19 €","0,24 €/Kg"
Batata frita forno originais,Lay's,Embalagem de 150g,"0,87 €","5,44 €/Kg"
Refrigerante  c/ gás regular,Coca-Cola,pack 4 x 1 l,"0,79 €","0,40 €/L"
Ambientador vela odor tabaco,PorSi,1 unidade,"9,49 €","45,19 €/Kg"
Tablete chocolate branco,PorSi,Embalagem de 100g,"0,99 €","9,90 €/Kg"
Bebida láctea crescimento 3 anos+,Nestle,Embalagem de 1 litro,"0,26 €","1,30 €/L"
Bebida láctea crescimento 1 a 3 anos,Nestle,Embalagem de 1 litro,"0,26 €","1,30 €/L"
Fiambre da Perna Extra,PorSi,1 un = 150 gr (aprox.),"1,39 €","6,95 €/Kg"
"Ambientador automático, fresh matic, oasis turquesa",Air Wick,Embalagem de 1 unidades,"3,74 €","3,74 €/Unidade"
Leite especial crescimento +3 anos,Mimosa,Garrafa de 1 l,"0,26 €","1,30 €/L"
Sal marinho integral,Cemporcent,Embalagem de 1 kg,"11,99 €","29,98 €/Kg"
"Escova de cabelo, esqueleto",Labell,Embalagem com 1 unidade,"1,99 €","1,99 €/Unidade"
Creme Muda Fralda,Baby Dove,Embalagem de 45 g,"1,24 €","4,96 €/Kg"
Desentupidor em gel canos com soda,PorSi,Embalagem de 1 litro,"1,79 €","2,39 €/L"
Cocktail pessego,Bar Royal,Garrafa de 750 ml,"11,99 €","11,99 €/L"
Chá verde,PorSi,Embalagem de 37.5 g,"0,99 €","26,76 €/Kg"
Champanhe meio seco,Delagne & Fils,"Garrafa de 0,75 l","47,69 €","63,59 €/L"
Moinho 5 pimentas em grão,PorSi,Frasco com 40 g,"0,25 €","0,25 €/Kg"
Palmiers,PorSi,Embalagem de 300 g,"1,69 €","6,76 €/Kg"
Iogurte líquido magro frutos vermelhos,PorSi Viva Bem,Embalagem de 4x160 ml,"1,19 €","1,86 €/L"
Rolo de Cozinha Multi,Renova,4 Rolos,"4,99 €","4,99 €/Unidade"
"Chocolate m&m s, bag amendoim",M&m' s,Embalagem de 100 g,"2,99 €","15,99 €/Kg"
Croutons com azeite,PorSi,Embalagem de 150g,"0,69 €","3,07 €/Kg"
Açucar granulado,PorSi,Embalagem de 1 kg,"1,49 €","1,49 €/Kg"
Vinho maduro tinto doc alentejano,P.ravessa,Garrafa de 750 ml,"4,99 €","6,65 €/L"
Rolhas de cortiça,PorSi,6 unidades,"2,99 €","2,99 €/Unidade"
Creme Depilatório Peles Normais,Veet,Embalagem de 200 ml,"10,99 €","73,27 €/L"
Bolachas cobertas com chocolate sem glúten,Schar,Embalagem de 150g,"0,79 €","5,27 €/Kg"
Fatias vegetarianas c/ legumes,Nobre,Embalagem de 100g,"3,35 €","22,33 €/Kg"
Café Descafeinado,Nescafe,Embalagem de 100g,"1,59 €","6,36 €/Kg"
Mostarda a'lancienne,PorSi Select,190 g,"0,70 €","2,33 €/Kg"
Ambientador gel floral,PorSi,150 g,"0,79 €","5,27 €/Kg"
Seitan,Veg In,Embalagem de 250g,"2,99 €","5,98 €/Kg"
Protetor de colchão pvc,Analar,Dim.: 160 x 200 cm,"9,99 €","9,99 €/Unidade"
"Bolsa Necessaire ""Adoro-te Mãe""",Do Art,1 unidade,"2,70 €","2,70 €/Unidade"
Gelatina pronta a comer light 10 kcal morango,Royal,Embalagem de 4 x 100 g,"2,29 €","5,73 €/Kg"
Salsichas de porco em lata,PorSi,Embalagem de 200g,"0,75 €","3,75 €/Kg"
Aperitivos tex mex,Doritos,Embalagem de 120g,"1,65 €","12,69 €/Kg"
Cereais fitness,Nestle,Embalagem de 380g,"1,95 €","3,90 €/Kg"
Detergente máquina roupa em gel universal,Persil,Embalagem de 42 doses,"8,59 €","2,00 €/L"
Sopa de agriao,PorSi,Embalagem de 400g,"1,99 €","2,49 €/Kg"
Rum 3 anos havan club (40º),Havana,Garrafa de 700 ml,"17,49 €","24,99 €/L"
Agrafador universal +400 agrafos,Maped,1 unidade,"1,35 €","1,35 €/Unidade"
Salsichas de quinoa bio,Cemporcent,Embalagem de 200g,"11,99 €","29,98 €/Kg"
Estendal de roupa com abas resina,PorSi,20 metros,"0,99 €","0,99 €/Unidade"
Patafix branco,Uhu,Embalagem com 80 pastilhas adesivas,"2,49 €","2,49 €/Unidade"
Concentrado de laranja,Sunquick,Garrafa de 700 ml,"4,15 €","5,53 €/L"
Mel em frasco com doseador,PorSi,Embalagem de 500g,"2,25 €","9,00 €/Kg"
Bebida de Arroz,PorSi Viva Bem,1 l,"1,59 €","1,59 €/L"
Leite regular 3,Aptamil,Embalagem de 800 g,"16,69 €","20,86 €/Kg"
Leite condensado magro cozido,Nestle,Embalagem de 390g,"1,09 €","2,75 €/Kg"
Nata uht 0% lactose,Parmalat,Embalagem de 200 ml,"0,75 €","3,75 €/L"
Vinho do Porto 10 anos,Cruz,"Garrafa de 0,75L c/ Caixa de Madeira","11,39 €","15,19 €/L"
Mousse chocolate,PorSi,Embalagem de 150g,"0,79 €","5,27 €/Kg"
"Salsichas wiennerwurt em frasco, 6 un",Nobre,Embalagem de 250g,"0,75 €","3,75 €/Kg"
Balde de Limpeza com Espremedor,PorSi,unidade,"17,00 €","17,00 €/Unidade"
M&m's drageias de caramelo salgado e chocolate de le...,M&m's,Embalagem de 160g,"2,99 €","15,99 €/Kg"
Risott de cogumelos,Trevijano,Embalagem de 280g,"3,49 €","12,46 €/Kg"
Desodorizante roll-on Invisible,Rexona,Embalagem de 50ml,"1,49 €","7,45 €/L"
Torta cacau com sabor a natas,PorSi,Embalagem de 300g,"1,77 €","5,53 €/Kg"
Mistura solúvel c/ 20% café granulado,PorSi,Embalagem de 200g,"2,29 €","11,45 €/Kg"
Queijo camembert 45% mg,Páturages,Embalagem de 250 g,"1,49 €","7,45 €/Kg"
Ovos Frescos de Galinhas Criadas ao Ar Livre Classe:...,PorSi Bio,Embalagem com 6 unidades,"2,28 €","2,28 €/Unidade"
Assento topo,Nania,1 unidade,"10,29 €","10,29 €/Unidade"
Feijão encarnado,PorSi,Embalagem de 420 g,"1,79 €","2,29 €/Kg"
Fita dental,Sensodyne,1 unidade,"1,09 €","1,09 €/Unidade"
"Coloração permanente, caramelo avelã, nº 6.41",Excellence,1 unidade,"13,09 €","13,09 €/Unidade"
Espremedor,PorSi,1 unidade,"0,89 €","0,89 €/Unidade"
Entremeada s/ Entrecosto,Porco,Vendido ao peso a partir de 1 kg,"4,79 €","4,79 €/Kg"
Iogurte líquido yoggi morango,Nestle,Embalagem de 4 x 160 g,"1,20 €","1,88 €/Kg"
Cerveja branca,E.damm,Pack 6 x 0.25 l,"15,79 €","1,99 €/L"
Iogurte natural,Danone,Embalagem de 4 x 120 g,"0,65 €","1,30 €/Kg"
Chocolate sombrinhas,Regina,Embalagem de 15 g,"2,29 €","17,62 €/Kg"
Uno cartas,Mattel,1 unidade,"11,99 €","11,99 €/Unidade"
Toalhitas básico,Dodot,embalagem com 54 unidades,"1,49 €","1,49 €/Unidade"
Tablete de chocolate negro,PorSi,Embalagem de 100 g,"0,99 €","4,95 €/Kg"
"Lava tudo antibacteriano lavanda 1,5l",PorSi,Garrafa de 1.5 l,"0,99 €","0,50 €/L"
Lamina Descartáveis Platina,Labell,Pack 10 unidades,"2,69 €","10,76 €/L"
Côtes-du-Rhône Tinto,Ferraton,0.75 litros,"6,99 €","9,32 €/L"
Confetis 80 gr sortido,Mercagranel,Embalagem de 80 gr,"1,19 €","1,19 €/Unidade"
Cappuccino café arábica cacau magro em pó,PorSi,250 ml,"3,19 €","25,52 €/Kg"
Água mineral sem gás,S.estrela,pack 4 x 1.5 l,"1,04 €","0,17 €/L"
Queijo creme flamengo,President,Embalagem de 125 g,"2,05 €","16,40 €/Kg"
Café lote normal moagem grossa,PorSi,Embalagem de 250 g,"1,69 €","6,76 €/Kg"
Esparguete à bolonhesa,PorSi,Embalagem de 250 g,"3,99 €","3,99 €/Kg"
Sobremesa Paturette Creamy Chocolate,Páturages,Embalagem de 4X115G,"1,19 €","2,59 €/Kg"
Rebuçados mel e limão,PorSi,Embalagem de 200g,"0,77 €","3,85 €/Kg"
Farinha para bolos super fina,B.neve,Embalagem de 1 kg,"0,85 €","0,85 €/Kg"
Fermento em pó,PorSi,Embalagem de 150 g,"1,89 €","17,18 €/Kg"
Doce de morango,Casa de Mateus,Embalagem de 345g,"2,19 €","9,95 €/Kg"
Whisky 15 anos c/caixa,J&B,Garrafa de 700 ml,"23,99 €","34,27 €/L"
Mojito,Bacardi,Garrafa de 0.70 l,"17,49 €","24,99 €/L"
Butter cookies,PorSi,Embalagem de 450g,"0,90 €","6,00 €/Kg"
Iogurte Pedaços Kiwi 0% Matéria Gorda/Açúcares,Danone,4 x 120 g,"1,44 €","2,88 €/Kg"
Loção Sensitive,Baby Dove,Embalagem de 200 ml,"1,24 €","4,96 €/Kg"
Pilha alcalina classic lr20x2,Domédia,1 unidade,"1,99 €","1,99 €/Unidade"
Água com gás natural,Perrier,Embalagem de 750ml,"2,85 €","2,85 €/L"
Infusão nº 13 diabet control,Cemporcent,Embalagem de 10 unidades,"0,99 €","76,15 €/Kg"
Bolachas infantil dinossauros,Artiach,Embalagem de 190g,"1,89 €","15,75 €/Kg"
Achocolatado em Pó,Nesquik,Embalagem de 700g,"5,39 €","7,19 €/Kg"
Bebida essencial frutos vermelhos,Compal,Pack 3 x 0.11 l,"2,09 €","6,33 €/L"
Aromáticas vivas em vaso,Aroma viva,Embalagem de 1 unidades,"1,59 €","1,59 €/Unidade"
Mousse de chocolate leite,Páturages,Embalagem de 4x60 g,"1,19 €","2,59 €/Kg"
Spray fornos e grelhadores,Cif,435 ml,"1,79 €","2,39 €/L"
Nata uht para culinária,Parmalat,Embalagem de 200 ml,"0,75 €","3,75 €/L"
"Refrigerante com gás, laranja, lata",Fanta,pack 6 x 0.33 l,"0,79 €","0,40 €/L"
Rolos de papel multiusos 2 folhas,PorSi,1 unidade,"4,99 €","4,99 €/Unidade"
Empadão de carne produto pré-cozinhado ultracongelad...,PorSi,Embalagem de 350g,"3,53 €","8,83 €/Kg"
Gomas favoritos açúcar,Haribo,Embalagem de 90g,"1,19 €","3,97 €/Kg"
Manteiga pasteurizada com sal cuvet,Primor,Embalagem de 250g,"1,69 €","6,76 €/Kg"
Esponja Autobrilhante Incolor,Búfalo,Unidade,"2,25 €","45,00 €/L"
Leite creme,PorSi,Embalagem de 4x23g,"0,45 €","5,00 €/Kg"
Champô anti-caspa,Labell,Embalagem de 400 ml,"5,12 €/L","5,12 €/L"
Ambientador spray pure colónia de bebé,PorSi,250 ml,"2,99 €","12,46 €/L"
Cogumelos inteiros,PorSi,Embalagem de 185 g,"1,79 €","2,29 €/Kg"
Tostas suecas de trigo,PorSi,Embalagem de 225 g,"0,69 €","3,07 €/Kg"
Tarteletes com recheio morango,PorSi,Embalagem de 96g,"0,79 €","4,49 €/Kg"
"Limpa vidros pistola, cristal",Ajax,Embalagem de 500 ml,"3,19 €","6,38 €/L"
Moscatel de Setúbal,Bacalhoa,Garrafa de 750 ml,"5,99 €","7,99 €/L"
Ovos Galinha Solo XL Categoria A,PorSi,6 unidades,"1,39 €","1,39 €/Unidade"
Bolachas digestive aveia e laranja,Gullon,Embalagem de 430g,"1,49 €","2,48 €/Kg"
10 croquetes de carne,PorSi,Embalagem de 300 g,"1,71 €","5,70 €/Kg"
Tablete de chocolate culinário negro,PorSi,Embalagem de 200 g,"0,99 €","4,95 €/Kg"
Bolachas starship tradicional,PorSi,Embalagem de 150g,"0,90 €","6,00 €/Kg"
Vinho rosé mateus emotion,Mateus,Garrafa de 750 ml,"4,29 €","5,72 €/L"
Cerveja super bock,Super Bock,Pack 6 x 200 ml,"15,79 €","1,99 €/L"
"Lenços de bolso sensitive, brancos, 10 unidades",Renova,1 embalagem de 18x10,"0,89 €","0,89 €/Unidade"
Massa alimentícia spaghetti,Barilla,Embalagem de 500g,"1,49 €","2,98 €/Kg"
Kinder chocolate t24,Kinder,Embalagem de 300g,"2,29 €","17,62 €/Kg"
Acetona,PorSi,Embalagem de 60 ml,"1,09 €","4,36 €/L"
Sumo 100% Fruta Laranja Espremida,Compal,1 litro,"1,09 €","0,73 €/L"
Posta de tintureira,PorSi,Embalagem de 500 g,"4,39 €","10,98 €/Kg"
20 saquetas infusão de cidreira,Lipton,Embalagem de 20g,"0,99 €","76,15 €/Kg"
Sidra maçã,Bandida,Lata de 500 ml,"1,59 €","3,18 €/L"
50 Jogos Reunidos,Clementoni,1 unidade,"11,99 €","11,99 €/Unidade"
Cereais lion chocolate/caramelo,Nestle,Embalagem de 400g,"1,29 €","10,24 €/Kg"
Cebolinho vaso aromáticas vivas,Aroma viva,Embalagem de 1 unidades,"1,59 €","1,59 €/Unidade"
Cerveja 0.0%,Heineken,Pack 6 x 0.25 l,"5,99 €","3,03 €/L"
Orégãos em folhas,PorSi,Saqueta com 10 g,"0,25 €","0,25 €/Kg"
Leite especial cálcio + vitamina d magro,Mimosa,Garrafa de 1 l,"1,49 €","1,49 €/L"
Desinfetante Têxtil,Sanytol,Embalagem de 500 ml,"3,99 €","5,70 €/L"
Lixívia tradicional,PorSi,Embalagem de 2 l,"1,74 €","0,35 €/L"
Spray desinfetante elimina odores,Lysol,Embalagem de 400 ml,"2,24 €","4,48 €/L"
Vinho bag-in-box branco,C.alqueva,Garrafa de 5 l,"9,49 €","1,90 €/L"
Milho doce,PorSi,Embalagem de 3 x 140 g,"1,79 €","2,29 €/Kg"
Shampoo Bebé Brilho Mágico,Johnson's Baby,Embalagem de 500 ml,"4,99 €","16,63 €/L"
Queijo de azeitão dop,PorSi Select,Embalagem de 255 g,"6,49 €","25,45 €/Kg"
Margarina líquida,Vaqueiro,Embalagem de 500 ml,"1,59 €","6,36 €/Kg"
Queijo Fondue,Páturages,Embalagem de 400g,"2,05 €","16,40 €/Kg"
Pescada África do Sul,Peixe Congelado,De 600g a 900g,"2,39 €","3,99 €/Kg"
Buondi extreme cafe moido 12x200g,Buondi,Embalagem de 200g,"1,69 €","6,76 €/Kg"
"Pasta dentífrica, 7-13 anos",Labell,Embalagem de 75 ml,"3,29 €","43,87 €/L"
Skittles fruits 174g,SKITTLES,Embalagem de 170g,"1,00 €","5,00 €/Kg"
"Escova de dentes, proteção global média, 2 unidades",Labell,Uma embalagem,"4,99 €","4,99 €/Unidade"
Amora,PorSi,Embalagem com 125g,"1,99 €","15,92 €/Kg"
Vulcão brilhante,Clementoni,1 unidade,"11,99 €","11,99 €/Unidade"
"Iogurte pedaços, frutimax muesli",PorSi,Embalagem de 4 x 125 g,"1,44 €","2,88 €/Kg"
Protetor de cantos,Pommette,embalagem com 4 unidades,"2,19 €","2,19 €/Unidade"
Óleo alimentar,Vêgê,Embalagem de 1 l,"3,99 €","3,99 €/L"
Vinho branco,PorSi,embalagem de 1 litro,"0,85 €","0,85 €/L"
Salsichas Frankfurt em lata,Izidoro,Embalagem de 120g,"0,75 €","3,75 €/Kg"
Lambrusco bianco,*,Garrafa de 750 ml,"6,99 €","9,32 €/L"
Bolacha de manteiga belga c/ chocolate,Saborosa,Embalagem de 200g,"1,69 €","6,76 €/Kg"
Batata frita palha,PorSi,Embalagem de 160g,"0,87 €","5,44 €/Kg"
Barras de cereais nesquik,Nestle,Embalagem de 150g,"1,29 €","10,24 €/Kg"
Halls Mini Mints Menta,Halls,12.5 g,"1,00 €","5,00 €/Kg"
Whisky blended,Label 5,"Garrafa de 0,70 l","11,49 €","16,41 €/L"
Renovador Camurça em Spray Preto,Búfalo,Embalagem de 250 ml,"2,89 €","14,45 €/L"
Rúcula Selvagem Programa Origens,PorSi,Embalagem de 100g,"0,99 €","0,99 €/Kg"
"Bolachas aperitivas, simples",Tuc,Embalagem de 100g,"2,82 €","9,40 €/Kg"
Baguete de alho,Panike,Embalagem de 350g,"1,85 €","5,29 €/Kg"
Conjunto de banho + vela,Tesori D'Oriente,1 unidade,"17,99 €","17,99 €/Unidade"
Massas alimentícias laços,PorSi,Embalagem de 500g,"0,89 €","1,78 €/Kg"
Maria integral sem glúten,Gullon,Embalagem de 400 g,"3,74 €","9,35 €/Kg"
Sobremesa Paturette Caramelo,Páturages,Embalagem de 4x115g,"1,19 €","2,59 €/Kg"
"Cerveja com álcool, tara perdida",Kings Bräu,pack 24 x 0.25 l,"15,79 €","1,99 €/L"
Amaciador  p/ roupa concentrado Aromaterapia,PorSi,Embalagem com 60 doses,"1,99 €","1,00 €/L"
Tamaras,PorSi,Embalagem de 200g,"0,79 €","3,95 €/Kg"
"Queijo em fatias, -50% gordura",Limiano,Embalagem de 200g,"1,56 €","7,80 €/Kg"
Vinho tinto regional tejo reserva,Alorna,Garrafa de 0.75 l,"4,49 €","5,99 €/L"
Pano limpa pó de flanela,PorSi,1 unidade,"1,64 €","1,64 €/Unidade"
Vassoura pequena,PorSi,unidade,"2,20 €","2,20 €/Unidade"
Leite condensado,PorSi,Lata de 1 kg,"1,09 €","2,75 €/Kg"
Sumo 100% fresh maçã,Compal,Garrafa de 330 ml,"1,09 €","0,73 €/L"
Queijo roquefort,Páturages,Embalagem de 150 g,"1,49 €","7,45 €/Kg"
Detergente Máquina Roupa Liquido Bebé,PorSi,50 doses,"3,55 €","2,37 €/L"
Máquina de barbear descartável,Gillette,Embalagem com 4+1 unidades,"2,69 €","10,76 €/L"
Biscoitos integrais sementes de agave,PorSi Viva Bem,Embalagem de 150g,"0,69 €","3,45 €/Kg"
Bolachas digestivas go maçã,Triunfo,Embalagem de 170g,"1,49 €","2,48 €/Kg"
"Refeição pronta, boião de legumes e vitela",Bledina,Embalagem de 200g,"1,89 €","9,95 €/Kg"
Laca fixação forte,Elnett,Embalagem de 75 ml,"4,99 €","66,53 €/L"
Choco rice,Cemporcent,Embalagem de 250g,"1,29 €","36,86 €/Kg"
"Luvas multiusos relevo antiderrapante, tamanho médio",PorSi,Embalagem de 1 unidades,"4,29 €","4,29 €/Unidade"
Tablete de chocolate de culinária - sem açúcar,PorSi Viva Bem,Embalagem de 100 g,"1,04 €","8,32 €/Kg"
Napolitanas creme cacau,PorSi,Embalagem de 320g,"1,77 €","5,53 €/Kg"
Achocolatado em Pó,Nesquik,Embalagem de 390g,"5,39 €","7,19 €/Kg"
Pré-lavagem power gel,Vanish,Garrafa de 200 ml,"8,59 €","2,00 €/L"
Besugo Médio,Peixe do Dia,1 un = 300 gr (aprox.),"3,00 €","9,99 €/Kg"
Banha,PorSi,Embalagem de 230 g,"1,59 €","6,36 €/Kg"
"Pilha alcalina, hightech lr6X8",Domédia,1 unidade,"1,99 €","1,99 €/Unidade"
Sacos higiénicos para animal,Canaillou,4 x 20 unidades,"1,19 €","0,24 €/Kg"
Comida húmida para cão almôndegas,PorSi,Embalagem de 1200 g,"0,75 €","2,50 €/Kg"
Grão de bico,PorSi,embalagem de 500 g,"0,99 €","1,98 €/Kg"
Gengibre desidratado em cubos,Cemporcent,Embalagem de 100g,"1,49 €","2,98 €/Kg"
Porto special reserva,Cruz,"garrafa de 0,75 l","11,39 €","15,19 €/L"
Creme abrasivo limão,Cif,Garrafa de 700 ml,"4,99 €","7,13 €/L"
Torta natas com cobertura de cacau,PorSi,Embalagem de 300g,"1,77 €","5,53 €/Kg"
4 hamburguers frango s/ glúten,Capitão Iglo,Embalagem de 240g,"10,99 €","22,90 €/Kg"
Pai Natal de Chocolate,PorSi,Embalagem de 125 g,"2,29 €","17,62 €/Kg"
Iogurte morango 000%,PorSi Viva Bem,Embalagem de 4 x 125 g,"1,44 €","2,88 €/Kg"
Bombom Praliné,Jacquot,Embalagem de 260g,"13,49 €","28,10 €/Kg"
Preparado de bolo de canela,PorSi,500 g,"0,45 €","5,00 €/Kg"
Rebuçado recheio morango,PorSi,Embalagem de 250g,"1,00 €","5,00 €/Kg"
Manteiga s/ lactose,Primor,Embalagem de 130g,"1,69 €","6,76 €/Kg"
Salsichas em lata,PorSi,Embalagem  de 120 g,"0,75 €","3,75 €/Kg"
Bolachas maria,Triunfo,Embalagem de 200g,"1,69 €","2,11 €/Kg"
Água s/ gás,Luso,"Garrafa de 0,75 l","1,04 €","0,17 €/L"
"Líquido refrigerante, verde 10%",PorSi,Embalagem de 5 l,"3,99 €","0,80 €/L"
Flocos de cereais com mel,PorSi,Embalagem de 750g,"2,19 €","8,76 €/Kg"
Bolacha digestiva go canela,Triunfo,Embalagem de 170g,"1,49 €","2,48 €/Kg"
Café espresso descafeinado intensidade 6,PorSi,16 cápsulas,"1,59 €","6,36 €/Kg"
Aguardente,1920,Garrafa de 700 ml,"11,49 €","16,41 €/L"
Crazy Chic Atelier Pulseira,Clementoni,unidade,"17,49 €","17,49 €/Unidade"
Actimel tutti-frutti,Danone,Embalagem de 6 x 100g,"3,29 €","5,48 €/Kg"
Máquina Depilatória Descartável 3 Sensitive,Bic,Embalagem com 4+2 unidades,"3,29 €","3,29 €/Unidade"
Óleo de girassol,PorSi,garrafa de 3 litros,"3,99 €","3,99 €/L"
Edredão bicolor,TS,Dim.: 240 x 220 cm,"9,99 €","9,99 €/Unidade"
Sidra maçã,Somersby,pack 4 x 0.33 l,"1,59 €","3,18 €/L"
Fralda cueca T6 - 16 a 22 kg,PorSi,18 unidades,"8,99 €","8,99 €/Unidade"
Pastilhas fire canela,CHICLETS,Embalagem de 16 g,"0,99 €","58,24 €/Kg"
Sumo 100% Frutos Tropicais,Paquito,Embalagem de 1 l,"1,09 €","0,73 €/L"
Desengordurante de Vitrocerâmica/Indução 3 em 1 |Cre...,Vitroclen,Embalagem de 450 ml,"11,99 €","26,64 €/L"
Coxinhas de frango,PorSi,Embalagem de 360g,"5,69 €","16,93 €/Kg"
Iogurte natural 0%,PorSi Viva Bem,Embalagem de 6 x 125 g,"0,65 €","1,30 €/Kg"
Rum limon,Bacardi,Garrafa de 700 ml,"17,49 €","24,99 €/L"
Pizza marguerita,PorSi,Embalagem de 2 x 300 g,"2,16 €","6,17 €/Kg"
Lou Provence Rosé,Peyrassol,0.75 litros,"6,99 €","9,32 €/L"
Salsichas Frankfurt em lata,Izidoro,Embalagem de 250g,"0,75 €","3,75 €/Kg"
Tarteletes com recheio avelã,PorSi,Embalagem de 91g,"2,15 €","2,87 €/Kg"
Sumo essencial kids,Compal,pack 3 x 0.11 l,"2,09 €","6,33 €/L"
Creme culinário soja,PorSi Viva Bem,Embalagem de 200 ml,"4,09 €","27,27 €/L"
Vinho branco monbazillac  2012,Expertclub,Garrafa de 750 ml,"6,99 €","9,32 €/L"
Feijoada,PorSi,Embalagem de 420 g,"3,65 €","8,69 €/Kg"
Salsichas extra suculentas de peru,Nobre,Frasco de 210g,"0,75 €","3,75 €/Kg"
Lima-limao zero,PorSi,Garrafa de 1.5 l,"0,79 €","0,40 €/L"
Coleira repelente para gatos,Repul' 7,Embalagem de 1 unidades,"8,75 €","8,75 €/Unidade"
Iogurte natural açucarado em frasco de vidro,PorSi,Embalagem de 2 x 125 g,"0,65 €","1,30 €/Kg"
Desinfetante p/ Cozinha,Sanytol,Embalagem de 750 ml,"4,49 €","5,99 €/L"
Aperitivo de amendoins tostados forno,Matutano,Embalagem de 120g,"1,65 €","12,69 €/Kg"
Patê figado de porco,La piara,Embalagem de 80g,"1,39 €","15,44 €/Kg"
Cerveja c/ álcool,Heineken,"Embalagem de 6x0,25 l","15,79 €","1,99 €/L"
Pão ralado alho e salsa,PorSi,Embalagem de 240 g,"0,55 €","2,29 €/Kg"
Bambolitos brancos,PorSi,Embalagem de 150g,"0,79 €","5,27 €/Kg"
Bolachas maria,PorSi,Embalagem de 800g,"1,69 €","2,11 €/Kg"
Casal garcia sweet 750ml/1,Casal Garcia,Garrafa de 750 ml,"1,99 €","2,65 €/L"
Bife de atum,PorSi,Embalagem de 400 g,"4,39 €","10,98 €/Kg"
Canjica branca,Do Brasil,Embalagem de 500 g,"3,49 €","12,46 €/Kg"
Mousse chocolate leite,Alsa,Embalagem de 150g,"0,79 €","5,27 €/Kg"
Tablete chocolate de iogurte morango,Milka,Embalagem de 100g,"1,59 €","7,95 €/Kg"
Manteiga magra baixo teor sal,President,Embalagem de 250g,"1,69 €","6,76 €/Kg"
Iogurte líquido dan'up morango e banana,Danone,Embalagem de 4 x 155 g,"1,20 €","1,88 €/Kg"
Snack bio base de milho e aveia c/ amendoim,Gerber,Embalagem de 35g,"1,89 €","9,95 €/Kg"
Leite uht magro,Mimosa,Embalagem de 1 litro,"1,09 €","1,09 €/L"
Bastão de Cola,Domédia,10 g,"2,19 €","109,50 €/L"
Salsicha Picante,Porco,1 un = 100 gr (aprox.),"0,50 €","4,99 €/Kg"
Polpa de maracuja,PorSi,Embalagem de 565g,"1,99 €","2,37 €/Kg"
Vinho verde branco,Aveleda,Garrafa de 750 ml,"1,99 €","2,65 €/L"
Refrigerante c/ gás light,Coca-Cola,pack 6 x 0.33 l,"0,79 €","0,40 €/L"
Nectar vital equilibrio ananás/coco,Compal,Embalagem de 1 l,"0,99 €","0,99 €/L"
Manteiga sem sal,Primor,Embalagem de 250g,"1,69 €","6,76 €/Kg"
Azeite virgem extra bio frutado,Gallo,Garrafa de 750 ml,"3,19 €","4,25 €/L"
Café moagem normal: original,Buondi,Embalagem de 220g,"1,69 €","6,76 €/Kg"
Anti-humidade,HUMYDRY,1 embalagem,"7,99 €","7,99 €/Unidade"
Laca volume,Nivea,Embalagem de 250 ml,"4,99 €","66,53 €/L"
8 hamburguers s/ glúten frango,Capitão Iglo,Embalagem de 480g,"10,99 €","22,90 €/Kg"
Amaciador para cabelos pintados,Labell,Embalagem de 200 ml,"1,06 €","5,30 €/L"
Paprika,PorSi,Saqueta com 50 g,"0,25 €","0,25 €/Kg"
Nata uht,Mimosa,embalagem de 200 ml,"0,75 €","3,75 €/L"
Pão Rústico com Malte,Pão do Dia,1 unidade= 100 g,"0,22 €","2,75 €/Kg"
Bolachas de aveia e trigo integral,PorSi Viva Bem,Embalagem de 240g,"2,82 €","9,40 €/Kg"
Rum spiced,Bacardi,Garrafa de 700 ml,"17,49 €","24,99 €/L"
Sabonete alfazema de monte,Confianca,Embalagem de 125 g,"1,99 €","15,92 €/Kg"
Amaciador concentrado para roupa floral,PorSi,80 doses,"1,99 €","1,00 €/L"
Lambrusco tinto,*,Garrafa de 750 ml,"1,99 €","2,65 €/L"
Doce de tomate 60% fruta,Cemporcent,Embalagem de 280g,"4,49 €","8,98 €/Kg"
Carcaça Rústica 70 g,Pão do Dia,,"0,22 €","2,75 €/Kg"
10 nuggets peito de frango e queijo,Capitão Iglo,Embalagem de 210g,"2,79 €","8,72 €/Kg"
Óleo p/ Moto Performa M2T,Galp,Embalagem de 1 l,"7,49 €","7,49 €/L"
Fermento de padeiro em pó,Fermipan,Embalagem de 4x11 g,"1,89 €","17,18 €/Kg"
Framboesa mirtilo com xarope de milho,Cemporcent,Embalagem de 230g,"4,49 €","8,98 €/Kg"
Bolacha maria de chocolate,Cuetara,Embalagem de 265g,"1,69 €","2,11 €/Kg"
Ambientador elétrico + recarga alfazema,PorSi,1 unidade,"3,74 €","3,74 €/Unidade"
Salsa folhas,PorSi,Saqueta de 12 g,"0,25 €","0,25 €/Kg"
Cappuccino intenso,Nescafe,Embalagem de 130g,"3,19 €","25,52 €/Kg"
Pão de leite 8 un.,Bimbo,Embalagem de 280g,"2,84 €","10,14 €/Kg"
Café em cápsulas deqafeitatus,Delta Q,Embalagem de 55 g,"2,79 €","19,93 €/Kg"
Batata pré-frita mediterranean,MCCAIN,Embalagem de 750g,"1,39 €","1,39 €/Kg"
Refrigerante com gás free,Seven-up,"Garrafa de 1,25 l","0,79 €","0,40 €/L"
"Toalhitas intimas, 20 unidades",Labell,Uma embalagem,"0,89 €","0,89 €/Unidade"
Xarope de limão sem corantes,Paquito,Garrafa de 750 ml,"4,15 €","5,53 €/L"
Sidra maçã,Somersby,"Pack 15x0,20 L","1,59 €","3,18 €/L"
Gomas favoritos classic,Haribo,Embalagem de 90g,"1,19 €","3,97 €/Kg"
Sal de mesa,PorSi,Embalagem de 250 g,"0,25 €","0,25 €/Kg"
Filete de anchovas estendidas,General,Embalagem de 40g,"0,89 €","7,42 €/Kg"
Óleo Cedro Líquido,PorSi,Embalagem de 200 ml,"1,39 €","1,26 €/L"
Iogurte tipo grego stracciatella,PorSi,Embalagem de 500g,"1,49 €","2,98 €/Kg"
Creme depilatório para peles normais,Labell,Embalagem de 200 ml,"10,99 €","73,27 €/L"
Moinho pimenta preta em grão,PorSi,Frasco com 45 g,"0,25 €","0,25 €/Kg"
Gelado fizz limão,Olá,Embalagem de 6 x 60 ml,"5,99 €","16,64 €/L"
Lixívia tradicional,PorSi,Embalagem de 1 l,"1,74 €","0,35 €/L"
Recarga mopa,PorSi,1 unidade,"2,20 €","2,20 €/Unidade"
"Agrafos nº24/6, 2000 unidades",Maped,Uma embalagem,"2,49 €","2,49 €/Unidade"
Farinha de trigo sem fermento t55,PorSi,Embalagem de 1 kg,"0,85 €","0,85 €/Kg"
Tablete de chocolate caramel peanut,Milka,Embalagem de 280g,"0,65 €","6,50 €/Kg"
Broa de Milho,Pão do Dia,1 unidade= 400 g,"0,22 €","2,75 €/Kg"
Água com gás,Vimeiro,pack 6 x 0.25 l,"2,85 €","2,85 €/L"
Refrigerante de cola zero,PorSi,Garrafa de 2 l,"0,79 €","0,40 €/L"
Néctar de 8 frutos,Bongo,Garrafa de 1 l,"0,99 €","0,99 €/L"
Feijão frade,Compal,Lata de 410 ml,"1,79 €","2,29 €/Kg"
Rum carta blanca,Bacardi,Garrafa de 700 ml,"17,49 €","24,99 €/L"
Arroz basmati,PorSi,Embalagem de 1 kg,"0,99 €","0,99 €/Kg"
Tablete de chocolate de leite,Nestle,Embalagem de 90g,"1,59 €","7,95 €/Kg"
Francesinha,PorSi,Embalagem de 450G,"3,53 €","8,83 €/Kg"
Medalhões de pescada,PorSi,Embalagem de 400 g,"4,39 €","10,98 €/Kg"
Luvas Multilatex M/L,Vileda,Embalagem com 100 un.,"4,29 €","4,29 €/Unidade"
Vinho tinto cotes du rhone,Expert Club,Garrafa de 75 cl,"6,99 €","9,32 €/L"
Toucinho fumado extra,PorSi,Embalagem de 200 g,"2,19 €","10,95 €/Kg"
Busto com 24 cm,Vicam,1 unidade,"17,49 €","17,49 €/Unidade"
"Fermento em pó, lata",Royal,Embalagem de 110g,"1,89 €","17,18 €/Kg"
Vermute rosso,Martini,Garrafa de 1 l,"11,99 €","11,99 €/L"
Arroz integral,PorSi Viva Bem,Embalagem de 1 kg,"0,99 €","0,99 €/Kg"
Batata frita gourmet,PorSi,Embalagem de 150g,"1,06 €","5,73 €/Kg"
Queijo flamengo,Novacores,Embalagem de 320g,"1,56 €","7,80 €/Kg"
Sidra de maçã,Somersby,pack 6 x 0.2 l,"1,59 €","3,18 €/L"
Beterraba Cozida,*,Embalagem de 450 g,"3,49 €","13,96 €/Kg"
Bolacha craker queijo,Tuc,Embalagem de 100g,"1,49 €","2,48 €/Kg"
Creme de fixação para dentaduras,Labell,Embalagem de 50 g,"7,39 €","105,57 €/Kg"
Batata Branca,Legumes do Dia,10 kg,"1,39 €","9,27 €/Kg"
Néctar de pera,PorSi,Pack 3 x 200 ml,"0,99 €","0,99 €/L"
Pack de 3 lâmpadas 6W LED E14,BDC,1 embalagem,"6,59 €","6,59 €/Unidade"
Leite de coco bio,PorSi Bio,400 ml,"2,99 €","5,98 €/Kg"
"Frigideira anti-aderente, 20cm",PorSi,1 unidade,"9,00 €","9,00 €/Unidade"
Bebida de Soja Chocolate,PorSi Viva Bem,Pack: 3 x 200 ml,"2,49 €","2,49 €/L"
Puré de batata,Saint Eloi,Embalagem de 500 g,"0,85 €","0,85 €/Kg"
Pizza fresca de fiambre e queijo,PorSi,400 g,"0,99 €","4,30 €/Kg"
Queijo Cabra 45% M.G,Bergelou,Vendido ao peso a partir de 250 gr,"1,49 €","7,45 €/Kg"
Água mineral natural alcalina,MONCHIQUE,"6x1,5l","1,04 €","0,17 €/L"
Queijo fatias -50% de gordura,Limiano,Embalagem de 400g,"1,56 €","7,80 €/Kg"
Creme p/ barrar de chocolate e avelã,Milka,Embalagem de 340g,"3,59 €","10,26 €/Kg"
Feijão manteiga,PorSi,Embalagem de 500g,"0,95 €","1,90 €/Kg"
Bolachas com pepitas de chocolate sem glúten,Schar,Embalagem de 200g,"0,79 €","5,27 €/Kg"
Iogurte liquido stracciatella,PorSi,Embalagem de 4 x 160 g,"1,20 €","1,88 €/Kg"
Leite pasteurizado gordo,Vigor,Garrafa de 1 l,"1,09 €","1,09 €/L"
Bolachas dinossauros dinoovos,Artiach,Embalagem de 140g,"1,89 €","15,75 €/Kg"
Creme vegetal sabor manteiga,PorSi,Embalagem de 500 g,"1,59 €","6,36 €/Kg"
Ananás em rodelas,PorSi,Embalagem de 565 g,"1,99 €","2,37 €/Kg"
Fraldas agility T5 de 13 a 18 kg,PorSi,44 unidades,"6,49 €","6,49 €/Unidade"
Sombrinhas de Natal,Regina,Embalagem de 35 g,"2,29 €","17,62 €/Kg"
Pastilhas café lote chávena,Delta,Embalagem de 110g,"2,79 €","19,93 €/Kg"
Lixivia perfumada,PorSi,Garrafa de 2 l,"1,74 €","0,35 €/L"
Pano Microfibras Colors XL,Vileda,Embalagem com 4 un.,"1,64 €","1,64 €/Unidade"
Spray recarga limpeza da cozinha,Cif,embalagem de 70 ml,"4,09 €","5,45 €/L"
Arroz agulha,Saludães,Embalagem de 1kg,"0,99 €","0,99 €/Kg"
Azeite tradição,Oliveira da Serra,Embalagem 3L,"3,19 €","4,25 €/L"
Gin dry,Gibson's,Garrafa de 700 ml,"29,99 €","42,84 €/L"
Chocolate cereali 4 barritas,Kinder,Embalagem de 940g,"2,29 €","17,62 €/Kg"
Massa esparguete,PorSi,Embalagem de 500g,"0,89 €","1,78 €/Kg"
Sobremesa tiramisú,Páturages,Embalagem de 4 x 80 g,"0,55 €","2,75 €/Kg"
Pilhas recarregáveis AA HR6 1.2V 1900mAh,Domédia,Embalagem com 4 unidades,"1,99 €","1,99 €/Unidade"
Queijo grana padano D.O.P 16 meses de cura,PorSi Select,Embalagem de 180 g,"2,87 €","15,94 €/Kg"
Geleia de morango,Casa de Mateus,Embalagem de 345 g,"3,29 €","9,54 €/Kg"
Francesinha,PorSi,Embalagem de 500 g,"3,99 €","3,99 €/Kg"
Leite de pastagem magro,Terra Nostra,Embalagem de 1 l,"1,09 €","1,09 €/L"
Bolachas chips ahoy,Ca!,Embalagem de 130g,"0,90 €","6,00 €/Kg"
Lata de Brilho Castanho,Búfalo,Embalagem de 75 ml,"2,75 €","36,67 €/L"
Fruta Compal Essencial Laranja,Compal,pack de 3 x 110 ml,"2,09 €","6,33 €/L"
Espuma de barbear para peles sensíveis,Labell Men,Embalagem de 250 ml,"2,69 €","10,76 €/L"
Cereais cookie crisp,Nestle,Embalagem de 380g,"3,89 €","10,24 €/Kg"
Manteiga de amendoim crocante,Prozis,Embalagem de 500g,"4,49 €","8,98 €/Kg"
"Cerveja com álcool, lata",Super Bock,Garrafa de 500 ml,"15,79 €","1,99 €/L"
Leite condensado magro,PorSi,Embalagem de 390 g,"1,09 €","2,75 €/Kg"
Cacetinho de Trigo,Pão do Dia,80 g,"0,22 €","2,75 €/Kg"
Bolacha chocodiet nature,Gullon,Embalagem de 270g,"0,79 €","5,27 €/Kg"
Couve Coração Programa Origens,PorSi,1 un = 1 kg (aprox.),"1,09 €/Kg","1,09 €/Kg"
"Refrigerante sem gás, laranja",Joi,"Garrafa de 1,5 l","1,14 €","0,76 €/L"
Café Moagem Universal do Brasil,PorSi,Embalagem de 220g,"3,29 €","13,16 €/Kg"
Filetes de cavala em azeite,PorSi,Embalagem de 120 g,"0,89 €","7,42 €/Kg"
Anti-Traça Cedro,Dum Dum,2 unidades,"4,69 €","4,69 €/Unidade"
Bebida de soja com cálcio,PorSi Viva Bem,Embalagem de 1 litro,"2,49 €","2,49 €/L"
Néctar de laranja e cenoura light,PorSi,Embalagem de 1 litro,"0,84 €","2,55 €/L"
4 hamburguers vaca s/ glúten,Capitão Iglo,Embalagem de 320g,"2,79 €","8,72 €/Kg"
Ambientador vela odor animais,PorSi,1 unidade,"9,49 €","45,19 €/Kg"
Batatas Pré-fritas Rosti com Cebola,PorSi,Embalagem com 600 g,"1,39 €","1,39 €/Kg"
Sopa de cebola,Knorr,Embalagem de 50g,"2,20 €","31,43 €/Kg"
Topping p/saladas cebola frita,Florette,Embalagem de 70g,"0,99 €","1,98 €/Kg"
Cookies sem glúten,Gullon,Embalagem de 200 g,"3,74 €","9,35 €/Kg"
Desodorizante roll-on invisible,Rexona,Embalagem de 50 ml,"4,49 €","89,80 €/L"
Azeite virgem clássico,PorSi,Garrafa de 750 ml,"3,19 €","4,25 €/L"
Pez blister,PEZ,Embalagem de 70g,"1,00 €","5,00 €/Kg"
Ambientador recarga oasis turquesa,Air Wick,Garrafa de 250 ml,"5,99 €","23,96 €/L"
Salsa folhas,PorSi,Embalagem de 10g,"0,25 €","0,25 €/Kg"
Leite Reparador Tesouros de Mel,Ultra Suave,Embalagem de 400 ml,"6,69 €","16,73 €/L"
Lula recheada com carne,PorSi,Embalagem de 500 g,"2,29 €","7,63 €/Kg"
Bebida de aveia,Shoyce,Embalagem de 3 x 200 ml,"0,99 €","0,99 €/L"
Refrigerante com gás de laranja,Sumol,"Garrafa de 1,25 l","0,79 €","0,40 €/L"
Esponja autobrilhante,PorSi,3 g,"2,25 €","45,00 €/L"
Papel higiénico branco 2 folhas,PorSi,48 rolos,"1,99 €","1,99 €/Unidade"
Tablete de chocolate culinário 70% negro,PorSi,Embalagem de 200 g,"0,99 €","4,95 €/Kg"
Água de rosas,Hidro,Embalagem de 200 ml,"3,44 €","3,44 €/Unidade"
"Vela em número, nº 8",PorSi,1 unidade,"0,80 €","0,80 €/Unidade"
Água mineral sem gás,Vitalis,Pack 6 x 1.5 l,"1,04 €","0,17 €/L"
Gelatina pronta a comer morango,Royal,Embalagem de 4 x 100 g,"2,29 €","5,73 €/Kg"
Queijo flamengo fatiado,PorSi,Embalagem de 200G,"1,56 €","7,80 €/Kg"
6 empadas de galinha,PorSi,Embalagem de 330g,"1,71 €","5,70 €/Kg"
Creme depilatório para peles sensíveis,Labell,Embalagem de 200 ml,"10,99 €","73,27 €/L"
Spray limpeza fornos e grelhas,PorSi,500 ml,"11,99 €","26,64 €/L"
Bolachas mini,Oreo,Embalagem de 160g,"0,79 €","4,49 €/Kg"
Café descafeinado,PorSi,Embalagem de 250g,"1,59 €","6,36 €/Kg"
Senses Watermelon,Trident,1 un.,"0,99 €","58,24 €/Kg"
Bio miolo amendoa compele,PorSi Bio,Embalagem de 100g,"2,99 €","5,98 €/Kg"
Ice tea de manga,PorSi,"Embalagem de 6x0,20 l","1,14 €","0,76 €/L"
Sabonete extra suave de limão,Labell,Embalagem de 2x100 g,"1,99 €","15,92 €/Kg"
Leite com chocolate light,Ucal,Embalagem de 6 x 250 ml,"0,26 €","1,30 €/L"
Feijão manteiga,PorSi,Frasco com 540 g,"1,79 €","2,29 €/Kg"
Vinho regional península de setúbal,Dom Campos,Garrafa de 0.75 l,"4,99 €","6,65 €/L"
Filete de Pescada,Peixe Congelado Higienizado,1 un. = 150g (aprox.),"4,55 €","12,99 €/Kg"
Descafeinado,Buondi,10 cápsulas,"1,59 €","6,36 €/Kg"
Morcela assar fundao,PorSi,Embalagem de 250g,"1,49 €","7,45 €/Kg"
Toalhitas Bebé Basic,PorSi,Embalagem de 72 unidades,"1,49 €","1,49 €/Unidade"
Yofu com polpa de fruta,Alpro,Embalagem de 4x125 g,"2,95 €","5,90 €/Kg"
Sumo 100% laranja,Compal,1 litro,"1,09 €","0,73 €/L"
Néctar vital equilibrio manga/maracujá,Compal,Embalagem de 1 l,"0,84 €","2,55 €/L"
Ambientador tealights canela,PorSi,embalagem com 18 unidades,"9,49 €","45,19 €/Kg"
20 saquetas chá de frutos silvestres,Lipton,Embalagem de 30g,"2,69 €","89,67 €/Kg"
Salsichas frescas de porco,PorSi,Embalagem de 400 g,"0,50 €","4,99 €/Kg"
Mini tortitas milho c/ sal,PorSi Viva Bem,Embalagem de 200g,"2,29 €","11,45 €/Kg"
Melão Branco,Fruta do Dia,"Vendido ao peso,1 un= 2.5 kg (aprox.)","7,48 €","2,99 €/Kg"
Areia para gatos 100% natural,PorSi,Embalagem de 5 kg,"1,19 €","0,24 €/Kg"
Leite condensado,PorSi,Embalagem de 397 g,"1,09 €","2,75 €/Kg"
Cogumelos laminados,PorSi,Embalagem de 185 g,"1,79 €","2,29 €/Kg"
Sumo de laranja,Andros,Embalagem de 1 l,"1,09 €","0,73 €/L"
Lulas recheadas,Piteu,Embalagem de 120g,"0,89 €","7,42 €/Kg"
Arroz vaporizado,PorSi,Embalagem de 1 kg,"0,99 €","0,99 €/Kg"
Bolachas cracker sem sal,PorSi,Embalagem de 500g,"0,39 €","3,12 €/Kg"
Preparado de tarte de flã,PorSi,360 g,"0,45 €","5,00 €/Kg"
Gomas starmix,Haribo,Embalagem de 90g,"1,19 €","3,97 €/Kg"
Queijo mascarpone,Páturages,Embalagem 250G,"1,59 €","6,36 €/Kg"
Café solúvel em saquetas,Nescafe,Embalagem de 45 g,"1,45 €","14,50 €/Kg"
Skinny latte sem açúcar e sem lactose,STARBUCKS,embalagem de 220 ml,"0,99 €","0,99 €/L"
Ice tea de pêssego,PorSi,"Embalagem de 1,5 l","1,14 €","0,76 €/L"
Bombons Caja Roja,Nestlé,Embalagem 400 g,"13,49 €","28,10 €/Kg"
Porto white,Ferreira,Garrafa de 750 ml,"5,99 €","7,99 €/L"
Atum posta em óleo vegetal,PorSi,Embalagem de 385g,"0,89 €","7,42 €/Kg"
Estendal de roupa com abas alumínio,PorSi,20 metros,"0,99 €","0,99 €/Unidade"
Pensos para picadas de insetos,PorSi,10 unidades,"2,86 €","2,86 €/Unidade"
Ovos Frescos Omega 3 de Galinhas Solo,PorSi Viva Bem,Embalagem com 6 unidades,"2,28 €","2,28 €/Unidade"
Molho de maionese com alho e ervas,PorSi,Garrafa de 120 ml,"0,70 €","2,33 €/Kg"
Massa em espirais,PorSi,Embalagem de 500g,"0,89 €","1,78 €/Kg"
Spray renova camurça preta,PorSi,Embalagem de 200 ml,"2,89 €","14,45 €/L"
"Patê de sardinha,atum e salmão",PorSi,Embalagem de 4 x 22 g,"1,39 €","15,44 €/Kg"
Tablete de chocolate de leite,PorSi Select,Embalagem de 200g,"1,59 €","7,95 €/Kg"
Cachaça,Pitu,Garrafa de 700 ml,"17,49 €","24,99 €/L"
Porto special reserva,Q.harris,Garrafa de 750 ml,"11,39 €","15,19 €/L"
Leite evaporado,PorSi,Embalagem de 410g,"1,09 €","2,75 €/Kg"
Linhaça dourada moída,Cemporcent,Embalagem de 200g,"2,49 €","12,45 €/Kg"
Leite pasteurizado m/g sem lactose,Vigor,Garrafa de 1 l,"1,09 €","1,09 €/L"
"Ice tea, pêssego",PorSi,"Embalagem de 6x0,20 l","1,14 €","0,76 €/L"
Açafrão das Índias,PorSi,Embalagem de 50g,"0,25 €","0,25 €/Kg"
Gelado cornetto morango,Olá,Embalagem de 6 x 90 ml,"5,99 €","16,64 €/L"
vinho do Porto Ruby,Velhotes,"garrafa de 0,75 l","5,99 €","7,99 €/L"
Polpa tomate biológico,Guloso,Embalagem de 500g,"2,99 €","5,98 €/Kg"
Ambientador recarga delícias de verão,Air Wick,Garrafa de 250 ml,"5,99 €","23,96 €/L"
Café lote bocage grão,Nicola,Embalagem de 1 kg,"3,29 €","13,16 €/Kg"
Martini fiero,Martini,Garrafa de 750 ml,"11,99 €","11,99 €/L"
Salsichão fat,Campofrio,Embalagem de 80g,"3,19 €","21,27 €/Kg"
Bombons Quality Street,Nestlé,Embalagem de 480 g,"13,49 €","28,10 €/Kg"
Spray power&shine multiusos c/ lixívia,Cif,Garrafa de 750 ml,"4,09 €","5,45 €/L"
Creme Depilatório Peles Sensíveis,Veet,Embalagem de 400 ml,"10,99 €","73,27 €/L"
Batata pré-frita para forno,PorSi,Embalagem de 750 g,"1,39 €","1,39 €/Kg"
Salsichas extra suculentas de frango,Nobre,Frasco de 210g,"0,75 €","3,75 €/Kg"
Toalhita Azul,Dodot,Embalagem c/ Tampa | 64 un.,"1,49 €","1,49 €/Unidade"
Macarronete integral,Cemporcent,Embalagem de 250g,"1,49 €","2,98 €/Kg"
Cheesecake frutos vermelhos,PorSi Select,Embalagem de 900 g,"1,89 €","3,44 €/Kg"
Kit de viagem,Colgate,pasta dentífrica + escova,"2,24 €","29,87 €/L"
Magnum mini white mix,Olá,Embalagem de 6 x 55 ml,"5,99 €","16,64 €/L"
Queijo de cabra gourmet,Palhais,Embalagem de 180g,"1,89 €","10,50 €/Kg"
Queijo flamengo 0% lactose,PorSi Viva Bem,Embalagem de 150 g,"0,89 €","4,45 €/Kg"
Bagas de cranberry,Cemporcent,Embalagem de 125 g,"0,79 €","3,95 €/Kg"
Bolachas crackers com sal,PorSi,Embalagem de 500g,"0,39 €","3,12 €/Kg"
Bicacereais - preparado para bebida de cereais,Cemporcent,Embalagem de 100g,"1,19 €","1,86 €/L"
Lava Tudo Perfumado Lavanda,PorSi,Embalagem de 2 l,"0,99 €","0,50 €/L"
Tablete de chocolate preto,Nestle,Embalagem de 130g,"0,99 €","4,95 €/Kg"
Cobertura tábua de engomar,PorSi,Dim.: 130 x 47 cm,"30,00 €","30,00 €/Unidade"
Fita adesiva,PorSi,5m x 2.5 cm,"2,86 €","2,86 €/Unidade"
Mini tostas integrais,PorSi,Embalagem de 180g,"0,69 €","3,07 €/Kg"
Refrigerante com gás guaraná,Antartica,"Garrafa de 1,5 l","0,79 €","0,40 €/L"
Sementes de girassol,PorSi Viva Bem,Embalagem de 200 g,"1,59 €","10,60 €/Kg"
Escova para lavar,PorSi,1 unidade,"2,20 €","2,20 €/Unidade"
Farinha de coco bio,PorSi Bio,Embalagem de 200 g,"3,19 €","31,90 €/Kg"
Néctar de laranja,Bongo,Garrafa de 1 l,"0,99 €","0,99 €/L"
Whisky,Cutty Sark,Garrafa de 700 ml,"11,49 €","16,41 €/L"
Corantes alimentares ducros,Vahine,Garrafa de 20 ml,"1,89 €","17,18 €/Kg"
Liegeois de chocolate,Milchfrisc,Embalagem de 200g,"0,55 €","2,75 €/Kg"
Detergente líquido p/ máquina lavar roupa cores,Woolite,"Garrafa de 1,65 l","8,59 €","2,00 €/L"
Vermute bianco,Martini,Garrafa de 1 l,"11,99 €","11,99 €/L"
Batata pré-frita noisette,PorSi,Embalagem de 1 kg,"1,39 €","1,39 €/Kg"
Lixívia Tradicional,Neoblanc,Embalagem de 4 l,"1,74 €","0,35 €/L"
Bolachas waffers com recheio de limão,Cuetara,Embalagem de 150 gr,"0,98 €","4,67 €/Kg"
Chá preto frutos vermelhos,PorSi,Embalagem de 40g,"1,99 €","49,75 €/Kg"
Cordon bleu,PorSi,Embalagem de 1 kg,"2,79 €","8,72 €/Kg"
Gomas beijinhos,PorSi,Embalagem de 300 g,"1,19 €","3,97 €/Kg"
Alho Francês,Programa Origens,1 un = 300 g (aprox.),"0,60 €","1,99 €/Kg"
Manteiga amendoim crocant,PorSi,Embalagem de 340g,"3,59 €","10,26 €/Kg"
Creme Depilatório Peles Sensíveis,Veet,Embalagem de 200 ml,"10,99 €","73,27 €/L"
Sementes de chia,PorSi Viva Bem,Embalagem de 150 g,"1,59 €","10,60 €/Kg"
Vinho tinto regional peninsula de setúbal,Fonte nico,Garrafa de 750 ml,"4,99 €","6,65 €/L"
Iogurte oikos pêssego,Danone,Embalagem de 4 x 110g,"1,49 €","2,98 €/Kg"
Lenços de bolso folha tripla,PorSi,9 x 30 unidades,"0,89 €","0,89 €/Unidade"
Tábua de engomar,PorSi,Dim.: 120 x 38 cm,"30,00 €","30,00 €/Unidade"
Batatas fritas onduladas originais,Ruffles,Embalagem de 282g,"1,06 €","5,73 €/Kg"
Bacalhau a bras,PorSi,Embalagem de 300g,"2,19 €","7,30 €/Kg"
2 Pesos p/ tornozelo e punho,Umbro,1 kg,"12,99 €","12,99 €/Unidade"
Achocolatado em pó,Ovomaltine,Embalagem de 400g,"5,39 €","7,19 €/Kg"
Queijo azul,PorSi,100 g,"1,89 €","18,90 €/Kg"
Pensos Higiénicos Cottonlike Super Com Abas,Evax,12 unidades,"2,59 €","2,59 €/Unidade"
Salsichas frescas de porco tipo brasileiro,PorSi,400 g,"0,50 €","4,99 €/Kg"
Lenços de bolso 4 folhas,PorSi,Embalagem de 18 x 10 unidades,"0,89 €","0,89 €/Unidade"
Licor frutos tropicais,Safari,Garrafa de 700 ml,"16,99 €","24,27 €/L"
Aroma baunilha,Vahine,Embalagem de 20g,"1,89 €","17,18 €/Kg"
Recarga Esfregona de Microfibras,PorSi,1 unidade,"0,89 €","0,89 €/Unidade"
Havana club-añejo 7 anos,Havana,Garrafa de 700 ml,"17,49 €","24,99 €/L"
"Iogurte, sabor a morango",PorSi,Embalagem de 4 x 125 g,"0,69 €","1,38 €/Kg"
Pudim de baunilha,PorSi,Embalagem de 90g,"0,44 €","4,00 €/Kg"
Oikos morango 110g x4,Danone,Embalagem de 440g,"1,49 €","2,98 €/Kg"
"Guardanapos brancos, 33x33cm, 2 folhas, 90 unidades",Renova,Uma embalagem,"1,29 €","1,29 €/Unidade"
Água s/ gás,Luso,Pack 6 x 1.5 l,"1,04 €","0,17 €/L"
Néctar 8 frutos,Bongo,Pack 6 x 200 ml,"0,99 €","0,99 €/L"
Cerveja com álcool,Kings Bräu,"Embalagem de 0,33 l","15,79 €","1,99 €/L"
Lixívia Spray Mousse Flor,Neoblanc,Embalagem de 700ml,"1,09 €","0,55 €/L"
"Rebuçados de fruta, diamante",PorSi,Embalagem de 200 g,"1,00 €","5,00 €/Kg"
Coentros em vaso,Aroma viva,Embalagem de 1 unidades,"1,59 €","1,59 €/Unidade"
Paelha de vegetais,Trevijano,Embalagem de 280g,"3,49 €","12,46 €/Kg"
Biscoitos integrais aveia e manteiga de amendoim,PorSi Viva Bem,Embalagem de 150g,"0,69 €","3,45 €/Kg"
Ração para gato adulto com bacalhau e legumes,Friskies,Embalagem de 4 kg,"15,99 €","4,00 €/Kg"
"Sumo 100%, tutti-frutti",PorSi,"Embalagem de 1,5 l","1,09 €","0,73 €/L"
Barrita controlo de peso maçã,Ignoramu,Embalagem de 44g,"2,09 €","47,50 €/Kg"
Creme barrar nutela 350g,Nutella,Embalagem de 350G,"3,59 €","10,26 €/Kg"
Bolachas bambolitos chocolate e leite,PorSi,Embalagem de 150g,"0,79 €","5,27 €/Kg"
Mistolin tira-nódoas,Mistolin,Garrafa de 500 ml,"1,79 €","2,39 €/L"
Cacau magro em pó,PorSi,Embalagem de 125 g,"1,04 €","8,32 €/Kg"
Vinagre vinho branco 250ml,Cristal,Garrafa de 250 ml,"0,35 €","0,70 €/L"
40 filtros café número 4,Planteur,Embalagem com 40 filtros,"0,89 €","0,89 €/Unidade"
Bolacha tosta rica choco guay,Cuetara,Embalagem de 170g,"1,89 €","15,75 €/Kg"
Cereais crack star,PorSi,Embalagem de 375 g,"3,89 €","10,24 €/Kg"
Mini Tostas de Trigo,PorSi,Embalagem de 350 g,"0,69 €","3,07 €/Kg"
Creme vegetal soja,Planta,Embalagem de 250 gr,"1,59 €","6,36 €/Kg"
Mimosa bem especial leite e amêndoa,Mimosa,Embalagem de 1 litro,"0,99 €","0,99 €/L"
Leite corporal,Nivea,Embalagem de 400 ml,"6,69 €","16,73 €/L"
Tampões ProComfort Normal,O.B.,1 Embalagem c/32 unidades,"4,89 €","4,89 €/Unidade"
Posta de Perca-do-Nilo,PorSi,Vendido ao peso,"4,55 €","12,99 €/Kg"
Manteiga c/ sal gourmet,Novacores,Embalagem de 250g,"1,69 €","6,76 €/Kg"
"Pasta dentífrica, dentes/gensivas sensitive",Labell,Embalagem de 75 ml,"2,24 €","29,87 €/L"
Alecrim em folhas,PorSi,Embalagem de 25g,"0,25 €","0,25 €/Kg"
Coca-cola zero,Coca-Cola,pack 2 x 1.75 l,"0,79 €","0,40 €/L"
Bacalhau desfiado,PorSi,Embalagem de 500g,"4,99 €","9,98 €/Kg"
Infusão funcho,Cemporcent,Embalagem de 10 unidades,"0,99 €","76,15 €/Kg"
12 pastéis de bacalhau,PorSi,Embalagem de 300 g,"1,71 €","5,70 €/Kg"
Ambientador tealights baunilha,PorSi,embalagem com 18 unidades,"9,49 €","45,19 €/Kg"
Recarga  para esfregona tiras,PorSi,1 unidade,"0,89 €","0,89 €/Unidade"
Chá infusão nº3 prostal control,Cemporcent,Embalagem de 13g,"1,19 €","91,54 €/Kg"
Tablete de chocolate meio amargo,Toblerone,Embalagem de 100g,"0,99 €","4,95 €/Kg"
Azeite virgem extra seleção,PorSi,Garrafa de 2 l,"3,19 €","4,25 €/L"
Acendalha Querosene,Quinas,Uma embalagem - 32Unidades,"0,75 €","0,75 €/Unidade"
Gelo em cubos,PorSi,Embalagem de 2 kg,"1,00 €","0,50 €/Kg"
Dawnut Açucarado,Pastelaria do Dia,48g,"0,75 €","0,75 €/Unidade"
Preparado de carne de novilho (picada),PorSi,Embalagem de 400 g,"3,29 €","8,23 €/Kg"
Lombos de salmão,PorSi,Embalagem de 300g,"4,39 €","10,98 €/Kg"
Salame fat,Campofrio,Embalagem de 80g,"3,19 €","21,27 €/Kg"
Pizza romana,PorSi,Embalagem de 370g,"2,16 €","6,17 €/Kg"
Marmelada,PorSi,Embalagem de 450g,"1,09 €","2,42 €/Kg"
Champanhe bruto,Delagne & Fils,"Garrafa de 0,75 l","47,69 €","63,59 €/L"
Azeite virgem delicado,Gallo,Garrafa de 750 ml,"3,19 €","4,25 €/L"
Cereais recheados com chocolate e avelã,PorSi,Embalagem de 400g,"3,89 €","10,24 €/Kg"
Gronola de aveia chocolate,Nestle,Embalagem de 300g,"1,95 €","3,90 €/Kg"
Zero snack 35 g chocolate duplo,Prozis,Embalagem de 40g,"1,29 €","36,86 €/Kg"
Bebida instantânea em pó de soja,Cemporcent,Embalagem de 400g,"1,19 €","1,86 €/L"
Salsichas de quinoa bio,Cemporcent,Embalagem de 200g,"2,09 €","9,95 €/Kg"
Detergente líquido máquina de roupa lavanda,PorSi,86 Doses,"8,59 €","2,00 €/L"
Peito de peru fatiado,PorSi,Embalagem de 200g,"2,25 €","11,25 €/Kg"
Café moagem universal angola,Delta,Embalagem de 220g,"1,69 €","6,76 €/Kg"
Maionese,PorSi,Embalagem de 414 g,"0,70 €","2,33 €/Kg"
Pasta dentífrica herbal,Colgate,Embalagem de 75 ml,"2,24 €","29,87 €/L"
Sabao azul e branco,PorSi,Embalagem de 400g,"1,09 €","2,73 €/Kg"
Sacos do lixo perfumado 30 litros,PorSi,15 unidades,"1,79 €","1,79 €/Unidade"
Muesli nozes,PorSi,500 g,"3,99 €","11,40 €/Kg"
Bebida de soja e chocolate,PorSi Viva Bem,Embalagem de 1 l,"2,49 €","2,49 €/L"
Refrigerante c/ gás,Pepsi,Pack 6 x 0.33 l,"0,79 €","0,40 €/L"
Queijo fatiado cheddar,PorSi,Embalagem de 150 g,"1,56 €","7,80 €/Kg"
Morangos 100% Naturais,PorSi,Embalagem de 750 g,"3,29 €","4,39 €/Kg"
Doce quatro frutos,ST.DALFOUR,Frasco de 284g,"2,19 €","9,95 €/Kg"
Descafeinado em cápsulas Pianíssimo 10x5g,PorSi Select,Embalagem de 50g,"1,59 €","6,36 €/Kg"
Bolacha tostada,PorSi,Embalagem de 800g,"1,69 €","2,11 €/Kg"
Bolachas com recheio de chocolate,PorSi,Embalagem de 3 x 250 g,"2,15 €","2,87 €/Kg"
Limpa fornos,PorSi,500 ml,"11,99 €","26,64 €/L"
Detergente líquido Ultra Concentrado Loiça Platinium...,PorSi,Embalagem de 500 ml,"0,99 €","1,98 €/L"
Balões latex amarelos,PorSi,Embalagem com 24 unidades,"1,69 €","1,69 €/Unidade"
Pasta dentífrica herbal branqueadora,Colgate,Embalagem de 75 ml,"2,24 €","29,87 €/L"
Perninha de frango,PorSi,Embalagem de 400 g,"2,32 €","5,80 €/Kg"
"Luvas Multi 100, Tamanho Pequeno/Médio",Vileda,1 Embalagem,"4,29 €","4,29 €/Unidade"
Tempero para Frangos Ervas Aromáticas,PorSi,34 g,"0,99 €","1,98 €/Kg"
Barras fitness com chocolate,Nestle,Embalagem de 140g,"1,95 €","3,90 €/Kg"
Pão ralado clássico,PorSi,Embalagem de 240 g,"0,55 €","2,29 €/Kg"
Creme custard baunilha,Condi,Embalagem de 150g,"0,45 €","5,00 €/Kg"
Salada de fruta em calda,PorSi,Embalagem de 3 x 220 g,"1,99 €","2,37 €/Kg"
Achocolatado em pó extra chocolate,Nesquik,Embalagem de 390g,"5,39 €","7,19 €/Kg"
"Caixa com saquetas de  pau de canela, 30 unidades",PorSi,Embalagem 90G,"0,25 €","0,25 €/Kg"
"Cueca de incontinência, adulto, pequena",PorSi,Embalagem com 14 unidades,"9,99 €","9,99 €/Unidade"
Preparado de bolo de iogurte,PorSi,500 g,"0,45 €","5,00 €/Kg"
"Livro ""Carta ao Pai Natal""",Girassol,Uma unidade,"9,95 €","9,95 €/Unidade"
Coxa de frango,PorSi,Embalagem de 400 g,"2,32 €","5,80 €/Kg"
Néctar de laranja e cenoura light,PorSi,Embalagem de 3 x 200 ml,"0,84 €","2,55 €/L"
Esfregão Salva Unhas Fibra verde Plus,Vileda,Embalagem com 1+1 grátis,"2,54 €","2,54 €/Unidade"
Puzzle Frozen,Clementoni,2 x 20 peças,"11,99 €","11,99 €/Unidade"
Alheira de mirandela,PorSi Select,Embalagem de 200 g,"1,49 €","7,45 €/Kg"
Robalo limpo fresco,PorSi,Embalagem de 400g,"3,00 €","9,99 €/Kg"
Vinho tinto doc dão,Cabriz,Garrafa de 0.75 l,"7,49 €","9,99 €/L"
Cheerios 375g,Nestle,Embalagem de 380g,"3,89 €","10,24 €/Kg"
Piripiri grão,PorSi,Saqueta de 20 g,"0,25 €","0,25 €/Kg"
"Bolachas relieve, mel e coco",PorSi,Embalagem de 700g,"2,82 €","9,40 €/Kg"
Bebida aveia-amêndoa,Alpro,Embalagem de 1 litro,"1,19 €","1,86 €/L"
"Escova de cabelo, brushing média",Labell,Uma unidade,"1,99 €","1,99 €/Unidade"
Toalhitas para bebé melão,PorSi,Embalagem de 60 unidades,"1,49 €","1,49 €/Unidade"
Cem porcento-chá infusão sem barriga,Cemporcent,Embalagem de 13g,"1,19 €","91,54 €/Kg"
Chá Aromatizado Pirâmide Oriente/Canela,PorSi,20 x 2 g,"1,19 €","91,54 €/Kg"
Resguardo de colchão,TS,Dim.: 90 x 190 cm,"9,99 €","9,99 €/Unidade"
Cubos de tamboril,Mar Ibérica,Embalagem de 250 g,"4,39 €","10,98 €/Kg"
Penso Higiénico Ultrafinos Normal Abas,PorSi,16 unidades,"2,59 €","2,59 €/Unidade"
Kit de viagem,Colgate,pasta dentífrica + escova,"4,99 €","4,99 €/Unidade"
Bolachas cereais e pepitas de chocolate,PorSi,Embalagem de 400 g,"0,90 €","6,00 €/Kg"
Iogurte mix-in smarties baunilha,Nestle,Embalagem de 2 x 128 g,"1,05 €","1,86 €/L"
Café moagem universal brasil,Delta,Embalagem de 220g,"3,29 €","13,16 €/Kg"
Spray power&shine casa de banho,Cif,Garrafa de 750 ml,"4,09 €","5,45 €/L"
Almôndegas de bovino,PorSi,Embalagem de 400 g,"3,53 €","8,83 €/Kg"
"Creme de muda de fralda, para bebé",Pommette,Embalagem de 100 ml,"1,24 €","4,96 €/Kg"
Recarga sabonete líquido para as mãos de coco,Dove,500 ml,"1,09 €","2,18 €/L"
Champanhe tradicional bruto,Delagne&fi,Garrafa de 750 ml,"47,69 €","63,59 €/L"
Vulcão,Science4You,1 unidade,"11,99 €","11,99 €/Unidade"
Bolachas digestive muesli,Gullon,Embalagem de 370g,"2,29 €","11,45 €/Kg"
Perolas perfumadas floral,PorSi,Embalagem de 275 g,"8,59 €","2,00 €/L"
Caracol com passas,*,90g,"0,75 €","0,75 €/Unidade"
Vinho regional tejo 3 castas tinto,Fiuza,Garrafa de 750 ml,"4,49 €","5,99 €/L"
Crepes de legumes,PorSi,Embalagem de 310g,"1,71 €","5,70 €/Kg"
Gamba Rosa Moçambique,PorSi,Embalagem de 800 g,"8,99 €","25,69 €/Kg"
Abobora cubos,PorSi,Embalagem de 500g,"1,89 €","1,89 €/Kg"
Sal marinho grosso,Vatel,Embalagem de 1 kg,"0,25 €","0,25 €/Kg"
Leite e cereais pijama +6 meses,Cerelac,Garrafa de 400 ml,"1,99 €","7,96 €/Kg"
Lasanha bolonhesa,Iglo,Embalagem de 300g,"2,16 €","6,17 €/Kg"
Legumes grelhados,PorSi,Embalagem de 750g,"1,89 €","1,89 €/Kg"
Café moagem universal brasil,Delta,Embalagem de 220g,"1,69 €","6,76 €/Kg"
Cebola picada em pacote,PorSi,Embalagem de 40 g,"0,25 €","0,25 €/Kg"
Infusão hipericão,Cemporcent,Embalagem de 10 unidades,"0,99 €","76,15 €/Kg"
O Meu Primeiro Monopoly,Monopoly,,"11,99 €","11,99 €/Unidade"
Néctar de pera rocha e framboesa do Oeste Algarve,Compal,1 litro,"0,99 €","0,99 €/L"
"Vinho Alentejo, Private Collection, Tinto",Selecção de Enófilos,Garrafa de 0.75 l,"4,99 €","6,65 €/L"
