Nome,Marca,Unidade,Preço Primário,Preço Secundário
Saqueta de puré de fruta | maçã + banana + morango,PorSi,90 g,"0,74 €","8,22 €/Kg"
"Maionese, frasco",Hellmman's,Embalagem de 210g,"0,70 €","2,33 €/Kg"
Spray optimal 7 cozinha,Ajax,500 ml,"1,29 €","1,72 €/L"
Spray tira gorduras,Cillitbang,Garrafa de 500 ml,"1,19 €","0,79 €/L"
"M&m's drageias de chocolate de leite,",M&m's,Embalagem de 200g,"2,99 €","15,99 €/Kg"
"Lava tudo antibacteriano lavanda 1,5l",PorSi,Garrafa de 1.5 l,"1,89 €","1,26 €/L"
Tisana de chá verde/limão light,Pleno,"Garrafa de 1,5 l","1,14 €","0,76 €/L"
Azeite,PorSi,Garrafa de 1 l,"3,19 €","4,25 €/L"
Mistura saborosa,PorSi,Embalagem de 450g,"3,98 €/Kg","3,98 €/Kg"
Porto white,Ferreira,Garrafa de 750 ml,"11,99 €","15,99 €/L"
"Pasta de arquivo, lombada larga, amarela",Domédia,1 unidade,"1,49 €","1,49 €/Unidade"
Polvilho doce,PorSi,Embalagem de 500g,"2,29 €","4,58 €/Kg"
Queijo vaca sem lactose,PorSi Viva Bem,250 g,"0,99 €","1,98 €/Kg"
Água Tónica Zero,Schweppes,Garrafa de 1 l,"5,39 €","5,39 €/L"
Penso diário normal,PorSi,Embalagem de 64 unidades,"1,79 €/Unidade","1,79 €/Unidade"
Iogurte pedaços ananás,PorSi,Embalagem de 4 x 125 g,"1,44 €","2,88 €/Kg"
Iogurte infantil c/ drageias coloridas,PorSi,140 g,"1,05 €","1,86 €/L"
Papel higiénico compacto,PorSi,24 rolos,"1,99 €","1,99 €/Unidade"
Iogurte Natural Oikos,Danone,Embalagem de 900g,"0,99 €","1,98 €/Kg"
"Queijo light, 8 porções",A Vaca Que Ri,Embalagem de 140 g,"2,39 €","19,92 €/Kg"
Sobremesa banana/laranja/bolacha,Nestle,Embalagem de 4 x 100 g,"2,89 €","7,23 €/Kg"
Iogurte Pedaços Ananás 0% Matéria Gorda/Açúcares,Danone,4 x 120 g,"2,79 €","6,07 €/Kg"
Papel higiénico perfumado bouquet folha tripla,Foxy,4 + 2 rolos,"1,99 €","1,99 €/Unidade"
Piscina 3D,Bestway,Dim.: 262 x 175 cm,"32,99 €","32,99 €/Unidade"
Vinho doc douro tinto,Papa Figos,Garrafa de 0.75 l,"7,49 €","9,99 €/L"
Água c/ gás groselha,Frize,pack 4 x 0.25 l,"2,85 €","2,85 €/L"
Pacote maçã e pêssego,Nestle,Embalagem de 90 g,"0,74 €","8,22 €/Kg"
"Luvas multiusos relevo antiderrapante, tamanho grand...",PorSi,Embalagem de 1 unidades,"0,69 €","0,69 €/Unidade"
Creme para calçado castanho,Splendor,80 ml,"0,99 €","19,80 €/L"
Queijo Brie M.Gorda 60%,President,Vendido ao peso a partir de 250 gr,"2,60 €","13,00 €/Kg"
Limpa vidros recarga tripla ação,Ajax,Embalagem de 500 ml,"3,19 €","6,38 €/L"
Cebolinho,PorSi,Embalagem de 50g,"0,99 €","19,80 €/Kg"
Sumo essencial de pêssego,Compal,pack 3 x 0.11 l,"0,99 €","0,99 €/L"
Néctar clássico laranja,Compal,Embalagem de 1 l,"0,99 €","0,99 €/L"
Desinfetante p/ Cozinha,Sanytol,Embalagem de 750 ml,"4,89 €","6,52 €/L"
Leite Bem Essencial Chocolate,Mimosa,Embalagem de 4 x 200 ml,"0,26 €","1,30 €/L"
Guardanapos 2 folhas azul e dourado,PorSi Select,40 unidades,"1,29 €","1,29 €/Unidade"
"Forma de papel para bolos, 9 cm, 60 unidades",PorSi,Uma embalagem,"0,99 €","0,99 €/Unidade"
Creme Depilatório Men Peles Sensíveis,Veet,Embalagem de 200 ml,"5,99 €","5,99 €/Unidade"
Depilatório homem gel,Veet,Garrafa de 200 ml,"12,99 €","12,99 €/Unidade"
Fiambre da Pá Selecção,Nobre,Vendido ao peso,"12,79 €/Kg","12,79 €/Kg"
Salsichas de porco,Nobre,Lata de 200g,"0,75 €","3,75 €/Kg"
Spray tira gorduras eco,PorSi,Garrafa de 750 ml,"0,79 €","0,79 €/L"
Salsichas frasco hot dog,PorSi,Embalagem 540G,"0,75 €","3,75 €/Kg"
"Escova dentífrica infantil, minions, + 6 anos",Colgate,1 + 1 unidade grátis,"1,05 €","1,05 €/Unidade"
Maçã royal gala categoria II Programa Origens,PorSi,Embalagem de 1.5 kg,"0,37 €","2,49 €/Kg"
Salsichão fuet nobreza,Elpozo,Embalagem de 200 g,"1,35 €","16,88 €/Kg"
Marmelada em cubos,Ferbar,Embalagem de 200g,"1,09 €","2,42 €/Kg"
Pensos Higiénicos Ultra Air Dry C/ Abas,Ausonia,embalagem com 14 un.,"4,99 €","4,99 €/Unidade"
Óleo Performa C3 5W40 Sintético,Galp,Embalagem de 1 l,"14,99 €","14,99 €/L"
Ambientador vela odor tabaco,PorSi,1 unidade,"7,99 €","38,05 €/Kg"
"Cera cabelo, paste signature",Axe,Embalagem de 75 ml,"3,89 €","51,87 €/L"
Desinfetante de frutas e vegetais,Clean Essence,500 ml,"5,99 €","11,98 €/L"
Arroz Carolino,Saludães,Embalagem de 1 kg,"0,99 €","0,99 €/Kg"
Caramelos de fruta,PorSi,Embalagem de 250g,"1,10 €","4,40 €/Kg"
Napolitas creme baunilha,PorSi,Embalagem de 320g,"1,77 €","5,53 €/Kg"
Linguas de gato,PorSi,Embalagem de 200 g,"0,69 €","3,45 €/Kg"
Biscoitos choco trio,Milka,Embalagem de 150g,"0,79 €","5,27 €/Kg"
"Papel higiénico, seda, folha tripla, 4+2 rolos",Foxy,1 embalagem,"1,99 €","1,99 €/Unidade"
Filetes de cavala em azeite virgem extra,Bom Petisco,Embalagem de 120g,"9,08 €/Kg","9,08 €/Kg"
Bolachas mini alfa,Nacional,Embalagem de 120g,"3,09 €","10,30 €/Kg"
Cereais corn flakes,Kellogg's,Embalagem de 500g,"3,99 €","7,98 €/Kg"
Faca santoku 16 cm,PorSi,1 unidade,"4,59 €","4,59 €/Unidade"
Fraldas premium T4 - 9 a 15 kg,PorSi,50 unidades,"6,49 €","6,49 €/Unidade"
Bife da Vazia,Novilho,Vendido ao peso a partir de 800 g,"6,39 €","7,99 €/Kg"
Mistura solúvel brasa,Nestle,Embalagem de 200g,"1,64 €","6,56 €/Kg"
Caramelos de fruta de laranja single,Sugus,Embalagem de 50g,"1,10 €","4,40 €/Kg"
Anti-Traça Alimentos,Dum Dum,2 unidades,"4,69 €","4,69 €/Unidade"
Iogurte Líquido Frutos Tropicais,PorSi,1 Embalagem 4X160G,"1,17 €","1,83 €/Kg"
Pao ralado classico 200g,ESPIGA,Embalagem de 200g,"0,52 €","2,17 €/Kg"
"Refrigerante com gás, ananás",Sumol,"Garrafa de 1,25 l","0,79 €","0,40 €/L"
Limpador,Pronto,Embalagem de 750 ml,"2,29 €","2,29 €/L"
Queijo fresco s/ lactose,Paiva,Embalagem de 130g,"1,09 €","5,45 €/Kg"
Vinho tinto cotes du rhone,Expert Club,Garrafa de 75 cl,"6,89 €","9,19 €/L"
Farinha de trigo sem fermento t65,PorSi,Embalagem de 1 kg,"1,99 €","1,99 €/Kg"
Gel Íntimo Fresh,Corine de Farme,Embalagem de 250 ml,"7,69 €","19,23 €/L"
Reparador de móveis escuro,Pronto,Embalagem de 100 ml,"4,39 €","14,63 €/L"
Ice tea de pêssego,PorSi,Garrafa de 2 l,"1,14 €","0,76 €/L"
Queijo curado fatias sem lactose 2x150g,Casteloes,Embalagem de 2x150g,"1,56 €","7,80 €/Kg"
Wc lixívia gel original,Domestos,Garrafa de 750 ml,"2,29 €","3,05 €/L"
Lixívia para roupa tradicional,Neoblanc,Embalagem de 2 l,"2,19 €","1,10 €/L"
Leite corporal ultra protetor,Corine de Farme,Embalagem de 500 ml,"1,24 €","4,96 €/Kg"
Boudoirs,Du Bois de la Roche,Embalagem de 200 g,"0,69 €","3,45 €/Kg"
Bolacha tostada diet nature s/ açucares,Gullon,Embalagem de 400g,"1,45 €","11,15 €/Kg"
Cartucho com gás CP-250,Campingaz,1 unidade,"2,99 €","2,99 €/Unidade"
Wafers framboesa barras,Vieira,Embalagem de 150g,"0,98 €","4,67 €/Kg"
Pudim Rico em Proteína de Baunilha,Ehrmann,Embalagem de 200g,"1,19 €","2,59 €/Kg"
Pilhas recarregáveis longa duração AA HR3 1.2V 2100m...,Domédia,Embalagem com 4 unidades,"4,09 €","4,09 €/Unidade"
Delícia de bolacha,PorSi,Embalagem de 2x135 g,"1,56 €","3,90 €/Kg"
Ambientador recarga lavanda,Air Wick,Garrafa de 250 ml,"11,98 €","11,98 €/Unidade"
Cola stick,Uhu,Conjunto de 2 x 8.2 g,"2,89 €","180,63 €/Kg"
Café Solúvel Espresso Intenso,Nescafe,Embalagem de 100g,"1,45 €","14,50 €/Kg"
Chouriço Extra do Ribatejo,PorSi,200 g,"1,22 €","6,78 €/Kg"
Chocolate de leite e amêndoas,Milka,Embalagem de 125g,"3,79 €","14,04 €/Kg"
Queijo de Cabra Curado Rústico,Palhais,Vendido ao peso a partir de 250 gr,"4,62 €","18,49 €/Kg"
Chourico vinho das beiras,PorSi,Embalagem de 280g,"1,22 €","6,78 €/Kg"
Spray recarga limpeza da cozinha,Cif,embalagem de 70 ml,"0,79 €","0,79 €/L"
Batata frita presunto,Ruffles,Embalagem de 150 g,"1,19 €","6,43 €/Kg"
Serpentinas,Mercagranel,Embalagem 20 Rolos,"0,59 €","0,59 €/Unidade"
Francesinha,PorSi,Embalagem de 450G,"3,99 €","17,35 €/Kg"
Bala spray,Redex,Embalagem de 400 ml,"3,99 €","0,80 €/L"
Laboratório Mecânica Camião de Mina,Clementoni,1 unidade,"17,59 €","17,59 €/Unidade"
Vinho branco alentejo,Loios,Garrafa de 750 ml,"3,99 €","5,32 €/L"
Nestum aveia e maçã,Nestum,Embalagem de 250g,"2,99 €","3,99 €/Kg"
Iogurte natural 0%,PorSi Viva Bem,Embalagem de 6 x 125 g,"0,99 €","1,98 €/Kg"
Spray tira nódoas,Kh 7,Garrafa de 750 ml,"1,69 €","1,69 €/L"
Bolacha de água e sal júnior,Vieira,Embalagem de 160g,"1,49 €","2,48 €/Kg"
Leite condensado,Nestle,Embalagem de 370g,"1,09 €","2,75 €/Kg"
Tomate Azul | categoria: II,*,Vendido ao peso,"0,75 €","2,99 €/Kg"
Sortido seleção,Chabrior,Embalagem de 380g,"9,48 €/Kg","9,48 €/Kg"
Chocolate Branco Milkybar,Nestle,Embalagem de 100g,"1,69 €","16,90 €/Kg"
Removedor de bolores e fungos,Uhu,Embalagem de 500 ml,"1,79 €","2,39 €/L"
Intensificador de perfume em gel para a roupa romanc...,Quanto,300 ml,"4,99 €","18,15 €/Kg"
Espumante Bruto,Gancia,"Garrafa de 0,75 l","3,99 €","5,32 €/L"
"Água com gás, sabor limão",PorSi,"Embalagem de 6x0,25 l","2,85 €","2,85 €/L"
"Queijo curado, amanteigado",Paiva,Embalagem de 550g,"3,35 €","13,39 €/Kg"
Comida húmida para gato carnes e legumes com molho,PorSi,Embalagem de 1.2 kg,"3,49 €","10,26 €/Kg"
Leite uht magro com rosca,PorSi,1 litro,"0,81 €","0,81 €/L"
Mochila Eco Girl c/ Bolsa PC,Firmo,1 unidade,"21,90 €","21,90 €/Unidade"
Molho iogurte,PorSi,Garrafa de 285 ml,"0,70 €","2,33 €/Kg"
Wafers limão cubos,Vieira,Embalagem de 130g,"0,98 €","4,67 €/Kg"
Patê figado de porco,La piara,Embalagem de 80g,"1,19 €","13,52 €/Kg"
"Agrafos nº24/6, 2000 unidades",Maped,Uma embalagem,"1,35 €","1,35 €/Unidade"
"Champô crostas lácteas, peles sensiveis",Corine de Farme,Embalagem de 250 ml,"4,99 €","16,63 €/L"
Adoçante comprimidos,PorSi,Embalagem de 250 saquetas,"5,99 €","23,96 €/Kg"
Bolachas marinheiras espelta,Cemporcent,Embalagem de 200 g,"1,45 €","11,15 €/Kg"
Peito de frango,PorSi,"Vendido ao peso, fatiado a partir de 150 g","1,99 €","13,27 €/Kg"
Limpa fornos,PorSi,500 ml,"1,29 €","1,72 €/L"
Café solúvel clássico,Nescafe,Embalagem de 200g,"1,45 €","14,50 €/Kg"
Vinagre balsâmico de modena gourmet,Gallo,Garrafa de 250 ml,"0,35 €","0,70 €/L"
Tarteletes morango doses 192g,Vieira,Embalagem de 190g,"0,79 €","5,27 €/Kg"
Bolachas maria,PorSi,Embalagem de 200g,"1,69 €","2,11 €/Kg"
Porta presunto bambu/metal,Quittin,Dim.: 48.5x16.5x2.3 cm,"3,99 €","3,99 €/Unidade"
Reparador de móveis escuro,PorSi,Embalagem de 200 ml,"4,39 €","14,63 €/L"
"Patê de sardinha,atum e salmão",PorSi,Embalagem de 4 x 22 g,"1,19 €","13,52 €/Kg"
Champô Purificante,Pantene,640ml,"5,59 €","13,98 €/L"
Ambientador vela gota baunilha,Air Wick,Embalagem de 1 unidades,"7,99 €","38,05 €/Kg"
Crack.c/sal na superficie 560g,GRAN PAVES,Embalagem de 560g,"0,39 €","3,12 €/Kg"
Massa macarronete riscado,PorSi,Embalagem de 500g,"0,89 €","1,78 €/Kg"
Ervilhas,PorSi,Embalagem de 400 g,"1,89 €","1,89 €/Kg"
Whisky,Grants,Garrafa de 1 l,"19,99 €","28,56 €/L"
Ambientador vela citronela,PorSi,1 unidade,"7,99 €","38,05 €/Kg"
Batata pom'duchesse,PorSi,Embalagem de 600g,"1,49 €","2,48 €/Kg"
Óleo alimentar,Vêgê,Embalagem de 1 l,"3,59 €","3,59 €/L"
Elixir junior,Aquafresh,Embalagem de 300 ml,"1,05 €","1,05 €/Unidade"
Papaia em calda,Globo,Embalagem de 425g,"1,99 €","2,37 €/Kg"
Comida húmida para gato júnior,PorSi,Embalagem de 4 x 100 g,"3,49 €","10,26 €/Kg"
Queijinho yoco suissi maxi de morango e banana,Nestle,Embalagem de 4 x 90 g,"1,05 €","1,86 €/L"
Tampões Compak Pearl Super Com Aplicador,Tampax,16 unidades,"3,99 €","3,99 €/Unidade"
Polvilho azedo,PorSi,Embalagem de 500g,"2,29 €","4,58 €/Kg"
Queijo flamengo em fatias,Terra Nostra,Embalagem de 200g,"1,56 €","7,80 €/Kg"
Senses Watermelon,Trident,1 un.,"0,89 €","59,33 €/Kg"
Ambientador Arbre Cocktail de Frutos,Arbre Magique,3 unidade,"2,49 €","2,49 €/Unidade"
Snack de milho com queijo,Cheetos,Embalagem de 75 g,"0,79 €","7,90 €/Kg"
Leite uht gordo com rosca,PorSi,Embalagem de 1 litro,"0,94 €","0,94 €/L"
Palmiers de maçã e canela,Du bois,Embalagem de 150g,"0,69 €","3,45 €/Kg"
"Baton, soft rosa",Labello,Embalagem de 5 g,"0,58 €","0,58 €/Unidade"
Bolacha digestive aveia 258g,Vieira,Embalagem de 258 g,"1,19 €","5,95 €/Kg"
Chocolate culinário,Pantagruel,Embalagem de 200g,"1,79 €","8,95 €/Kg"
Limpa injetores gasolina,PorSi,Embalagem de 250 ml,"14,99 €","14,99 €/L"
Bolachas brownie tubo,Oreo,Embalagem de 150g,"1,49 €","9,68 €/Kg"
Leite creme,El mandari,Embalagem de 90g,"0,79 €","5,27 €/Kg"
Flocos cereais chocolate,PorSi,Embalagem de 300g,"2,99 €","3,99 €/Kg"
Vinho Dão Mélange à 3 Tinto,Carvalhais,Garrafa de 0.75 l,"3,99 €","5,32 €/L"
Vinho do Porto 10 Anos,Ramos Pinto,Garrafa de 0.75 l,"9,49 €","12,65 €/L"
Panado de espinafres e queijo vegetariano,Garden Gourmet,Embalagem de 180g,"9,30 €/Kg","9,30 €/Kg"
Farinha de fubá de milho,Nacional,Embalagem de 1 kg,"1,99 €","1,99 €/Kg"
Café em grão 5 estrelas,Sical,Embalagem de 250g,"9,16 €/Kg","9,16 €/Kg"
Pataniscas de bacalhau,*,60 g,"1,79 €","7,16 €/Kg"
Pudim de caramelo,Boca Doce,Embalagem de 20g,"0,59 €","29,50 €/Kg"
8 fantasias do mar,PorSi,Embalagem de 250g,"1,79 €","7,16 €/Kg"
Batata frita churrasco,PorSi,Embalagem de 185 g,"1,19 €","6,43 €/Kg"
Adoçante liquido,PorSi,Garrafa de 125 ml,"5,99 €","23,96 €/Kg"
Pringles sour cream & onion,Pringles,Embalagem de 175g,"1,19 €","6,43 €/Kg"
Tábua de engomar,PorSi,Dim.: 110 x 32 cm,"20,00 €","20,00 €/Unidade"
Iogurte mix-in smarties morango,Nestle,Embalagem de 2 x 128 g,"1,05 €","1,86 €/L"
Fralda Cueca Activity Extra Tamanho 6,Dodot,Embalagem com 37 uni.,"3,05 €","3,05 €/Unidade"
Manteiga com sal,Milhafre,Embalagem de 250g,"1,69 €","6,76 €/Kg"
Bolachas Maria sem Açúcar,Vieira de Castro,Embalagem de 300 g,"1,69 €","2,11 €/Kg"
Ração para gato adulto de interior,Friskies,Embalagem de 3 kg,"12,99 €","4,33 €/Kg"
Atum posta em óleo,Noro,Lata com 110 g,"9,08 €/Kg","9,08 €/Kg"
"Vinho branco regional alentejano, bib",Galitos,Garrafa de 3 l,"8,59 €","1,72 €/L"
Escova e pente,Neo Baby,1 unidade,"9,99 €","9,99 €/Unidade"
Sabonete original,Palmolive,Embalagem de 4x90 g,"1,99 €","12,44 €/Kg"
"Luvas multiusos relevo antiderrapante, tamanho médio",PorSi,Embalagem de 1 unidades,"0,69 €","0,69 €/Unidade"
Desodorizante roll-on Invisible,Rexona,Embalagem de 50ml,"1,39 €","6,95 €/L"
Bolachas digestive finas de chocolate negro,Triunfo,Embalagem de 170 g,"0,79 €","5,27 €/Kg"
Adoçante à base de sucralose em pó,PorSi,Embalagem de 90g,"5,99 €","23,96 €/Kg"
Jameson caskmates ipa 70cl,Jameson,Garrafa de 700 ml,"19,99 €","28,56 €/L"
Cereais corn flakes s/ glúten chocolate,Nestle,Embalagem de 380g,"2,99 €","7,97 €/Kg"
Fruta Compal Essencial Laranja,Compal,pack de 3 x 110 ml,"2,29 €","6,94 €/L"
Gelatina melancia 10kcal 31g,Royal,Embalagem de 30g,"0,55 €","61,11 €/Kg"
Sombrinhas decorativas,PorSi,Embalagem com 25 unidades,"0,59 €","0,59 €/Unidade"
Cubos de bacon,Porminho,Embalagem de 2x75 g,"1,45 €","18,13 €/Kg"
"Snack de queijo flamengo, nozes e uvas passas",Terra Nostra,Embalagem de 3 x 40g,"1,56 €","7,80 €/Kg"
Álcool canforado 85%,PorSi,Embalagem de 250 ml,"2,86 €","2,86 €/Unidade"
Creme barrar nutela 350g,Nutella,Embalagem de 350G,"8,54 €/Kg","8,54 €/Kg"
Arroz extra longo branco,Oriente,Embalagem de 1kg,"0,99 €","0,99 €/Kg"
Azeite Subtil,Gallo,Garrafa de 750 ml,"3,19 €","4,25 €/L"
Maçã Golden Premium,*,Calibre: 75/80,"0,37 €","2,49 €/Kg"
Sumo 100% pêssego e uva,PorSi,Pack 3 x 200 ml,"1,09 €","0,73 €/L"
Guardanapos,PorSi,,"1,29 €","1,29 €/Unidade"
Requeijão de vaca,PorSi,Embalagem de 200 g,"1,09 €","5,45 €/Kg"
Meloa Gália,Fruta da Época,1 un = 1 kg (aprox.),"2,48 €","0,99 €/Kg"
Aditivo Máquina Roupa em Pó Oxi action Pink,Vanish,420 g,"4,99 €","18,15 €/Kg"
Manteiga com sal e sem lactose,Mimosa,Embalagem de 250g,"1,69 €","6,76 €/Kg"
Gelado cornetto mini clássico,Olá,Embalagem de 8 x 60 ml,"5,99 €","17,11 €/L"
Cápsulas de café qharacter,Delta Q,Embalagem de 60g,"3,99 €","72,55 €/Kg"
Pudim abade de priscos,*,130 ml,"1,89 €","13,50 €/L"
Sabao rosa e branco,PorSi,Embalagem de 400g,"1,09 €","2,73 €/Kg"
Nata uht para culinária,Parmalat,Embalagem de 200 ml,"1,12 €","5,60 €/L"
Brandy,Croft,Garrafa de 1 l,"11,99 €","17,13 €/L"
Recargas ambientador elétrico sensual sandalwood & j...,Glade,Embalagem de 2 x 20 ml,"11,98 €","11,98 €/Unidade"
Tira gorduras pistola,Mistolin,Garrafa de 550 ml,"4,89 €","6,52 €/L"
Espumante tinto bruto,Alianca,Garrafa de 750 ml,"6,99 €","9,32 €/L"
Vinagre de vinho tinto,PorSi,Garrafa de 500 ml,"0,35 €","0,70 €/L"
Pai Natal de Chocolate,PorSi,Embalagem de 60 g,"1,19 €","26,44 €/Kg"
Yaos magro natural,Nestle,Embalagem de 4x110g,"7,66 €/Kg","7,66 €/Kg"
Barras de cereais de trigo integral com chocolate e ...,Nestle,Embalagem de 135 g,"1,29 €","10,24 €/Kg"
Esfregona suave completa,Vileda,1 unidade,"5,99 €","5,99 €/Unidade"
Toalhitas multiusos limão,PorSi,Embalagem de 80 unidades,"1,79 €","1,79 €/Unidade"
Forma Pão de Ló Antiaderente 24cm,PorSi,1 unidade,"9,00 €","9,00 €/Unidade"
Lombo s/ Osso,Porco,Vendido ao peso a partir de 1 kg,"4,89 €","4,89 €/Kg"
Esponja limpa camurça,PorSi,1 unidade,"2,99 €","29,90 €/L"
Tomate frito,Heinz,Embalagem de 350g,"3,84 €","24,00 €/Kg"
Óleo para travões,Redex,Embalagem de 250 ml,"14,99 €","14,99 €/L"
Queijo ralado mix 3 queijos,PorSi,Embalagem de 200 g,"1,49 €","7,45 €/Kg"
Creme abrasivo pink flowers,Cif,Garrafa de 700 ml,"0,99 €","1,32 €/L"
Arroz carolino malandrinho,Malandrinh,Embalagem de 1 kg,"0,99 €","0,99 €/Kg"
Buondi café em grão,Buondi,Embalagem de 220g,"9,16 €/Kg","9,16 €/Kg"
"Livro de Receitas ""Mais Leve""",PorSi,1 unidade,"7,99 €","7,99 €/Unidade"
Danacol morango,Danone,Embalagem de 6 x 100 g,"6,99 €","5,83 €/Kg"
Refresco pó laranja,PorSi,Embalagem de 40g,"0,75 €","18,75 €/Kg"
Tablete de chocolate com avelãs,PorSi,Embalagem de 100 g,"3,79 €","14,04 €/Kg"
Leite condensado cozido,Nestle,Embalagem de 400g,"1,09 €","2,75 €/Kg"
Escova de dentes para criança green clean,Jordan,1 unidade,"1,05 €","1,05 €/Unidade"
"Toalhitas Higiénicas Adulto, 64unidades",Labell,Uma embalagem,"4,99 €","4,99 €/Unidade"
Bolacha de água e sal júnior,Vieira,Embalagem de 160g,"3,49 €","19,39 €/Kg"
Recargas de esfregão com cabo,Fino,embalagem com 3 un.,"1,99 €","1,99 €/Unidade"
Twins,Gullon,pack 2 x 154 g,"1,45 €","11,15 €/Kg"
Maçã Fuji de Alcobaça 70/75,*,Vendido ao peso a partir de 500 g,"0,37 €","2,49 €/Kg"
"Iogurte, sabor a morango",PorSi,Embalagem de 4 x 125 g,"2,59 €","5,40 €/Kg"
Champanhe bruto,Delagne & Fils,"Garrafa de 0,75 l","18,90 €","25,20 €/L"
"Rolos cozinha absorção Ultra, Maxi, 2 rolos",Foxy,1 embalagem,"4,99 €","4,99 €/Unidade"
Redex magic spray,Redex,Embalagem de 300 ml,"3,99 €","0,80 €/L"
Rolo de cozinha XXL,PorSi,1 rolo,"4,99 €","4,99 €/Unidade"
Gelatina mirtilo 10kcal 31g,Royal,Embalagem de 30g,"0,55 €","61,11 €/Kg"
Bola de Berlim chocolate,PorSi,85g,"0,49 €/Unidade","0,49 €/Unidade"
Queijo flamengo 0% lactose,PorSi Viva Bem,Embalagem de 150 g,"0,99 €","1,98 €/Kg"
Conjunto Maternidade,Tigex,29 peças,"9,99 €","9,99 €/Unidade"
Bolacha vitalday crocante,Gullon,Embalagem de 280 g,"1,19 €","5,95 €/Kg"
"Abs odores lavanda, pack 2x150g",Glade,Embalagem de 2x150 g,"9,98 €/Unidade","9,98 €/Unidade"
Vinho Regional Lisboa Reserva Branco,Marginal,Garrafa de 0.75 l,"4,49 €","5,99 €/L"
Recarga Desumidificador Aero 360,Rubson,1 unidade,"9,69 €","9,69 €/Unidade"
Néctar clássico tutti-frutti,Compal,Embalagem de 1 l,"0,99 €","0,99 €/L"
Queijo vaca sem lactose,PorSi Viva Bem,250 g,"2,81 €","11,25 €/Kg"
Espresso café arábica,PorSi,250 ml,"3,19 €","25,52 €/Kg"
Sabonete glicerina natural,Palmolive,Embalagem de 90 g,"1,99 €","12,44 €/Kg"
Bolacha digestive chocolate negro,MCVITIES,Embalagem de 300g,"1,49 €","2,48 €/Kg"
Gel de Duche Creme Care,Nivea,Embalagem de 750 ml,"6,99 €","9,32 €/L"
Régua 40 cm,Mab,1 un.,"1,35 €","1,35 €/Unidade"
Saca Rolhas Elétrico c/ USB,San Ignacio,1 unidade,"3,99 €","3,99 €/Unidade"
Tremoços extra,PorSi,Vendido ao peso a partir de 500 g,"1,00 €","3,99 €/Kg"
Tablete de chocolate leite com amêndoas,PorSi Select,200 g,"3,79 €","14,04 €/Kg"
Alface Roxa,Legumes do Dia,1 un= 400 g (aprox.),"1,04 €","2,59 €/Kg"
Água com gás,Castello,24 x 25 cl,"2,85 €","2,85 €/L"
Batata frita lisas originais,Lay's,Embalagem de 160g,"1,06 €","5,73 €/Kg"
Batatas fritas lisas originais,Lay's,Embalagem de 282g,"1,06 €","5,73 €/Kg"
12 Preservativos Adapta Finíssimo XL,Control,,"4,49 €","4,49 €/Unidade"
Penso incontinência super noite 12 unidades,Depend,12 unidades,"1,95 €","1,95 €/Unidade"
Alimento húmido para cão borrego,Pedigree,Embalagem de 300g,"0,75 €","2,50 €/Kg"
Saqueta de puré de fruta | maçã + pêssego + banana +...,PorSi,90 g,"0,74 €","8,22 €/Kg"
Néctar frutos vermelhos,PorSi,Embalagem de 200 ml,"0,99 €","0,99 €/L"
Chá preto com aroma natural e vitamina C,Lipton,Embalagem de 40g,"1,99 €","49,75 €/Kg"
Bolachas com cobertura de chocolate,PorSi,Embalagem de 150g,"0,79 €","5,27 €/Kg"
Gel Micelar Frescura,Corine de Farme,Embalagem de 500ml,"4,99 €","4,99 €/Unidade"
Amaciador concentrado spa,PorSi,80 doses,"3,99 €","3,99 €/Unidade"
Cuecas de incontinência Plus G,Ausonia,Uma embalagem - 8Unidades,"9,99 €","9,99 €/Unidade"
Perna com Costa,Frango,1 un. = 300 g (aprox.),"1,05 €","2,99 €/Kg"
Gel anti séptico deoprotect,Dystron,Garrafa de 400 ml,"7,69 €","19,23 €/L"
Iogurte sólido sem lactose multifrutos,Mimosa,Embalagem de 480g,"2,59 €","5,40 €/Kg"
Arroz agulha,Louro,Embalagem de 1 kg,"0,99 €","0,99 €/Kg"
Creme depilatório para peles normais,Labell,Embalagem de 200 ml,"2,99 €","14,95 €/L"
Queijo snack gouda,PorSi,Embalagem de 100g,"1,56 €","7,80 €/Kg"
Ambientador vela odor animais,PorSi,1 unidade,"7,99 €","38,05 €/Kg"
Néctar light de manga/laranja,Compal,Pack 3 x 200 ml,"0,84 €","2,55 €/L"
Limpa carpetes,PorSi,Embalagem de 1 litro,"1,79 €","2,39 €/L"
Noodle banzai galinha,Cigala,Embalagem de 70g,"0,89 €","1,78 €/Kg"
"Pasta dentífrica, 7-13 anos",Labell,Embalagem de 75 ml,"1,05 €","1,05 €/Unidade"
Água com gás sabor a tangerina,Frize,"Pack 4x 0,25l","2,85 €","2,85 €/L"
Whisky Finest,Ballantin.,Garrafa de 1 litro,"38,49 €","54,99 €/L"
Nutella b-ready t.2,Nutella,Embalagem de 50g,"1,19 €","26,44 €/Kg"
Spray boost multiusos,Ajax,500 ml,"1,19 €","0,79 €/L"
"Cobertura tipo chantilly, 2x38g",PorSi,Embalagem de 80g,"1,06 €","5,30 €/Kg"
Alguidar 32 cm,*,1 unidade,"1,09 €","1,09 €/Unidade"
Amaciador para cabelos pintados,Labell,Embalagem de 200 ml,"1,00 €","5,00 €/L"
Ice tea limão,Lipton,Embalagem de 1L,"1,14 €","0,76 €/L"
Pensos Higiénicos Cottonlike Normal Abas,Evax,embalagem de 16 unidades,"4,99 €","4,99 €/Unidade"
Spray de limpeza multiusos free & clear,Seventh Generation,Embalagem de 500 ml,"1,19 €","0,79 €/L"
Cortina de banho 180 x 200 cm,C. Selecion,1 unidade,"4,99 €","22,18 €/Kg"
28 mini bolinhas bacalhau,PorSi,Embalagem de 300 g,"1,79 €","7,16 €/Kg"
Água s/ gás limão,Luso,Garrafa de 1 l,"1,04 €","0,17 €/L"
Batatas fritas ketchup,Ruffles,Embalagem de 150g,"1,19 €","6,43 €/Kg"
Café solúvel crema,Nescafe,Embalagem de 200g,"1,45 €","14,50 €/Kg"
Creme marisco,Knorr,Embalagem de 70g,"2,20 €","31,43 €/Kg"
Bolacha de manteiga belga original,Saborosa,Embalagem de 220g,"10,00 €/Kg","10,00 €/Kg"
Refrigerante C/ Gás Zero,Coca-Cola,Garrafa de 1 l,"0,79 €","0,40 €/L"
"Fraldas Dry Fit, 8-18kg - Tamanho 4",Chicco,Embalagem de 38 unidades,"6,49 €","6,49 €/Unidade"
Shampo repelente p/ cão,Repul' 7,Garrafa de 200 ml,"11,98 €","59,90 €/L"
Mochila,Superman,Dim.: 33x43 cm,"21,90 €","21,90 €/Unidade"
Whisky 10 anos,Bushmills,Garrafa de 700 ml,"38,49 €","54,99 €/L"
"Anti-traça lav, pack económico",Raid,Embalagem de 6x3g,"4,69 €","4,69 €/Unidade"
Maçã Jonagored 75/80,Programa Origens,1 un = 200 gr (aprox.),"0,37 €","2,49 €/Kg"
Papa infantil láctea banana laranja +6 meses,Cerelac,Embalagem de 250g,"4,49 €","4,49 €/Kg"
Pedras limão,P.salgadas,Garrafa de 1 l,"2,85 €","2,85 €/L"
Iogurtes Corpos Danone Aroma Tutti/Morango/Ananás,Danone,Embalagem de 8 x 120 g,"2,59 €","5,40 €/Kg"
Bolachas marinheiras chia,Cemporcent,Embalagem de 200g,"1,45 €","11,15 €/Kg"
Formas de alumínio 600 ml,PorSi,5 unidades,"1,29 €","1,29 €/Unidade"
Caneta BL. Eye UB-150 Preto,Uni-Ball,1 embalagem,"2,49 €","2,49 €/Unidade"
Arroz estufado,Caçarola,Embalagem de 1 kg,"0,99 €","0,99 €/Kg"
Piscina c/ Armação,Bestway,Dim.: 259 x 170 x 61 cm,"32,99 €","32,99 €/Unidade"
Iogurte sólido sem lactose multifrutos,Mimosa,Embalagem de 480g,"0,99 €","1,98 €/Kg"
Achocolatado em Pó,Nesquik,Embalagem de 390g,"5,59 €","6,99 €/Kg"
"Rolos de cozinha compactos, branco, 2 unidades",PorSi,Uma embalagem,"4,99 €","4,99 €/Unidade"
Pêssego em calda metades,PorSi,Lata com 840 g,"1,99 €","2,37 €/Kg"
Ração seca para cão croquetes pro júnior,PorSi Select,Embalagem de 3 Kg,"6,49 €","4,64 €/Kg"
Leite com sabor a baunilha proteína,Yopro,Garrafa de 330 ml,"1,99 €","2,49 €/L"
Sal de mesa,PorSi,Embalagem de 250 g,"0,39 €","0,39 €/Kg"
Coxinhas de frango,PorSi,Embalagem de 360g,"9,30 €/Kg","9,30 €/Kg"
Noz com casca 28/30,Frutos secos,1 un = 200 gr (aprox.),"4,99 €/Kg","4,99 €/Kg"
Cebola Amarela,Nossa seleção,1 un = 500 gr (aprox.),"1,79 €","3,58 €/Kg"
Esferográfica Preta Retratil 0.7mm,Mab,Embalagem com 1 un.,"2,49 €","2,49 €/Unidade"
Manteiga de amendoim,Prozis,Embalagem de 1 kg,"8,54 €/Kg","8,54 €/Kg"
Alimento seco para gato Júnior,Whiskas,Embalagem de 950 g,"12,99 €","4,33 €/Kg"
Goiabada,PorSi,600 g,"1,09 €","2,42 €/Kg"
Bolachas infantil dinossauros,Artiach,Embalagem de 190g,"3,49 €","19,39 €/Kg"
Snack bounty single 57g,BOUNTY,Embalagem de 60g,"2,76 €","11,04 €/Kg"
Biscoito para cão strips,Purina One,Embalagem de 90g,"0,94 €","5,22 €/Kg"
Queijo para barrar light,PorSi Viva Bem,Embalagem de 200g,"2,39 €","19,92 €/Kg"
Leite c/ Chocolate Bem Especial 0% lactose,Mimosa,pack 4 x 200 ml,"0,26 €","1,30 €/L"
6 cheeseburgers,PorSi,Embalagem de 750g,"2,79 €","8,72 €/Kg"
Infusão de camomila,PorSi,Embalagem de 33.7 g,"0,69 €","20,91 €/Kg"
Achocolatado em pó extra chocolate,Nesquik,Embalagem de 390g,"5,59 €","6,99 €/Kg"
Cortador de Castanhas,Snips,1 unidade,"3,99 €","3,99 €/Unidade"
Lixivia perfumada,PorSi,Garrafa de 2 l,"1,09 €","0,55 €/L"
Fiambre da Perna Extra,Nobre,1 un = 150 gr (aprox.),"12,79 €/Kg","12,79 €/Kg"
Caras de Bacalhau de 300 a 500 g,Nossa Seleção,1 un= 300 gr (aprox.),"8,73 €/Kg","8,73 €/Kg"
Framboesas 100% Naturais,PorSi,Embalagem de 750 g,"3,29 €","4,39 €/Kg"
Bebida de Aveia,PorSi Viva Bem,1 l,"1,39 €","1,39 €/L"
Tartaro de Salmão Fumado,PorSi Select,Embalagem de 110 g,"3,49 €","43,63 €/Kg"
Nestum zero arroz,Nestum,Embalagem de 250 g,"4,49 €","4,49 €/Kg"
Vinho tinto doc douro,VILA REAL,Garrafa de 750 ml,"7,49 €","9,99 €/L"
Pasta dentífrica Herbal,Aquafresh,Embalagem de 75ml,"2,39 €","31,87 €/L"
Amaciador Roupa Chá Branco & Peônia,Vernel,76 doses,"3,99 €","3,99 €/Unidade"
Iogurte tutti fruti,Danone,Embalagem de 12 x 100 g,"6,99 €","5,83 €/Kg"
Mopa Maxi XXL + 8 Panos,Swiffer,1 unidade,"5,99 €","5,99 €/Unidade"
Massa cuscus,Nacional,Embalagem de 250g,"0,89 €","1,78 €/Kg"
Elixir bocal dentes e gengivas,Listerine,,"5,99 €","11,98 €/L"
Batata frita de presunto,PorSi,Embalagem de 185 g,"1,19 €","6,43 €/Kg"
Batata frita ondulada wavy,PorSi,Embalagem de 185 g,"1,06 €","5,73 €/Kg"
Vinho tinto,Alandra,Garrafa de 750 ml,"1,59 €","2,12 €/L"
"Queijo light, 16 unidades",A Vaca Que Ri,Embalagem de 280g,"2,39 €","19,92 €/Kg"
Pudim flan zero açúcares adicionados,El mandari,Embalagem de 30g,"0,59 €","29,50 €/Kg"
"Detergente manual de loiça, ultra limão",PorSi,Embalagem de 500 ml,"0,99 €","1,98 €/L"
Alimento húmido cão gelatina júnior,Pedigree,Embalagem de 400g,"0,75 €","2,50 €/Kg"
Rebuçados fruta,PorSi,Embalagem de 250g,"1,00 €","5,00 €/Kg"
Paté de sardinha,PorSi,Embalagem de 4 x 22 g,"1,19 €","13,52 €/Kg"
Vinho frutado branco,Flor do Campo,Garrafa 0.75L,"1,25 €","1,67 €/L"
Arroz agulha,B.sucesso,Embalagem de 1 kg,"0,99 €","0,99 €/Kg"
Banda térmica alivio dor muscular 29x9cm,PorSi,Embalagem de 2 unidades,"2,86 €","2,86 €/Unidade"
Massa macarronete riscado,Milaneza,Embalagem de 500g,"0,89 €","1,78 €/Kg"
8 rissóis de carne,PorSi,Embalagem de 300g,"1,79 €","7,16 €/Kg"
Manjericão,PorSi,20 g,"1,49 €","74,50 €/Kg"
Vinho tinto regional alentejano,Galitos,Garrafa de 3 l,"9,49 €","1,90 €/L"
Fatia de salame de chocolate,PorSi,Embalagem 60G,"1,77 €","5,53 €/Kg"
Iogurte magro morango sem lactose,Mimosa,Embalagem de 4x 120 g,"2,59 €","5,40 €/Kg"
Iogurte magro natural,Longa vida,Embalagem de 6 x 120 g,"7,66 €/Kg","7,66 €/Kg"
Mortadela de peru fatiada,PorSi,Embalagem de 200g,"0,80 €","10,67 €/Kg"
Detergente em gel máquina lavar roupa universal,Persil,85 doses,"8,69 €","1,84 €/Kg"
Preparado de bolo de canela,PorSi,500 g,"1,69 €","8,45 €/L"
Ice tea pessêgo,Lipton,pack 6 x 0.25 l,"1,14 €","0,76 €/L"
"Bolachas, cobertura com chocolate branco",Oreo,Embalagem de 250g,"0,79 €","5,27 €/Kg"
Garrafeira,Plastiforte,Cap.: 9 garrafas,"17,99 €","17,99 €/Unidade"
Sacos do lixo perfumado 30 litros,PorSi,15 unidades,"1,89 €","1,89 €/Unidade"
Toalhitas Limpeza Vitrocerámica,Induclean,embalagem de 30 un.,"1,79 €","2,39 €/L"
Guardanapos de 1 folha azuis | dim.: 30 x 29 cm,PorSi,Embalagem com 70 unidades,"1,29 €","1,29 €/Unidade"
Cera bolsa amarela,Novycera,Embalagem de 250g,"2,29 €","2,29 €/L"
Saqueta de puré de fruta | maçã + banana,PorSi,90 g,"0,74 €","8,22 €/Kg"
Leite uht gordo,Agros,Embalagem de 1 litro,"0,94 €","0,94 €/L"
Queijo Fondue,Páturages,Embalagem de 400g,"4,68 €","11,70 €/Kg"
Copo Galão,Cristal,1 unidade,"0,75 €","0,75 €/Unidade"
Canhão confettis ouro,Party Products,100 cm,"0,59 €","0,59 €/Unidade"
Sobremesa Paturette Chocolate,Páturages,Embalagem de 4x115g,"1,19 €","2,59 €/Kg"
Vinho regional alentejano bag-in-box tinto,Galitos,Garrafa de 5 l,"8,59 €","1,72 €/L"
"Livro ""A Estrela do Natal""",Girassol,Uma unidade,"7,99 €","7,99 €/Unidade"
Escova de dentes max white média,Colgate,1 + 1 unidades,"3,49 €","3,49 €/Unidade"
Mix cogumelos para carne,*,200 g,"0,90 €","4,49 €/Kg"
Bolachas oreo,Oreo,Embalagem de 440g,"1,49 €","9,68 €/Kg"
Aguardente bagaceira,S.domingos,Garrafa de 1 l,"11,49 €","16,41 €/L"
Pilha alcalina heightch lr14x2,Domédia,1 unidade,"4,09 €","4,09 €/Unidade"
Champagne Bruto,Veuve Clicquot Ponsardin,Garrafa de 0.75 l,"18,90 €","25,20 €/L"
Lava Tudo Amoniacal,Sonasol,4 litros,"1,89 €","1,26 €/L"
Salsichão fat,Campofrio,Embalagem de 80g,"1,35 €","16,88 €/Kg"
Marmelada,Ferbar,Embalagem de 400g,"1,09 €","2,42 €/Kg"
Amendoim com casca,Frutos secos,1 un = 100 gr (aprox.),"4,99 €/Kg","4,99 €/Kg"
Sardinha em azeite,PorSi Select,Lata de 120 g,"9,08 €/Kg","9,08 €/Kg"
Preparado para arroz de marisco,Brasmar,Embalagem de 450 g,"1,79 €","7,16 €/Kg"
Pó baratas e formigas,Baygon,Embalagem de 250 g,"4,99 €","19,96 €/Kg"
Maçã Royal Gala Premium 75/90,*,Vendido ao peso a partir de 1 kg,"0,37 €","2,49 €/Kg"
Nestum flocos de cereais integrais,Nestum,Embalagem de 250g,"2,99 €","3,99 €/Kg"
Tablete triple chocolate,Milka,Embalagem de 90g,"1,59 €","7,95 €/Kg"
Cola Especial Calçado,Pattex,Embalagem de 30 g,"3,59 €","119,67 €/Kg"
Refrigerante de lima-limão,Seven-up,Pack 4 x 1.25 l,"0,79 €","0,40 €/L"
Sopa de feijão verde,*,Vendido ao peso,"3,59 €","3,59 €/Kg"
Gel de Banho Shea Butter & Vanilla,Dove,Embalagem de 750 ml,"4,99 €","16,63 €/L"
Azeitona Maçanilha inteira,PorSi,Vendido ao peso a partir de 500 g,"1,00 €","3,99 €/Kg"
Palmiers,Du bois,Embalagem de 150g,"0,69 €","3,45 €/Kg"
Fralda cueca T4 - 8 a 14 kg,PorSi,22 unidades,"3,05 €","3,05 €/Unidade"
Iogurte magro morango sem lactose,Mimosa,Embalagem de 4x 120 g,"0,99 €","1,98 €/Kg"
Molho de alho,Calve,Embalagem de 260g,"0,70 €","2,33 €/Kg"
Batata Branca,Legumes do Dia,10 kg,"1,79 €","3,58 €/Kg"
Vinho tinto,Adega grande,Garrafa de 75 cl,"1,59 €","2,12 €/L"
Gel Banho Care&Orange,Nivea,Embalagem de 500 ml,"4,99 €","16,63 €/L"
Fralda de Incontinência c/ Elásticos Tamanho Médio,Lindor,Embalagem de 52 un.,"9,99 €","9,99 €/Unidade"
Nata uht,Mimosa,embalagem de 200 ml,"1,12 €","5,60 €/L"
Sangria frutos vermelhos,Casal Garcia,Garrafa de 0.75 l,"2,19 €","1,46 €/L"
Cerveja com álcool,Sagres,Lata de 500ml,"1,99 €/L","1,99 €/L"
"Leite bem essencial, morango",Mimosa,Embalagem de 200 ml,"1,99 €","2,49 €/L"
"Pães para hamburguer com sésamo, 4 unidades",Bimbo,embalagem de 220 g,"1,64 €","2,52 €/Kg"
Alimento lácteo sem açucar com sabor a morango/banan...,Yogolino,Embalagem de 4 x 100 gr,"2,89 €","7,23 €/Kg"
Bolos cake e chococolate,Milka,Embalagem de 180g,"2,15 €","2,87 €/Kg"
Petit gâteau chocolate negro belga,PorSi,Embalagem com 4 unidades,"2,99 €","5,54 €/Kg"
Creme depilatório para peles sensíveis,Labell,Embalagem de 200 ml,"2,99 €","14,95 €/L"
Bolachas digestive aveia e laranja,Gullon,Embalagem de 430g,"1,19 €","5,95 €/Kg"
Rebuçados drops recheio de fruta,PorSi,Embalagem de 250g,"1,00 €","5,00 €/Kg"
Espumosos tinto bruto attitude,Fita azul,Garrafa 0.75L,"3,99 €","5,32 €/L"
4 filetes de pescada panados c/ limão,Pescanova,Embalagem de 400g,"9,30 €/Kg","9,30 €/Kg"
Mousse d´or,Du Bois de la Roche,Embalagem de 200 g,"0,69 €","3,45 €/Kg"
Massa folhada margarina,PorSi,Embalagem de 230 g,"0,99 €","4,30 €/Kg"
Lay's mediterrâneas originais,Lay's,Embalagem de 220g,"1,06 €","5,73 €/Kg"
Desinfetante em gel p/ wc,Cif,Garrafa de 750 ml,"2,29 €","3,05 €/L"
Ambientador carro recarga aqua,Ambipur,1 unidade,"2,49 €","2,49 €/Unidade"
Fruta para bebé multifrutas +4 meses,Nestle,Embalagem de 90g,"0,74 €","8,22 €/Kg"
Vinho branco regional península de setúbal,Joao pires,Garrafa de 0.75 l,"4,99 €","6,65 €/L"
Telemóvel Vibra e Capta,Chicco,1 unidade,"14,99 €/Unidade","14,99 €/Unidade"
Gel de banho hydra energetic,Men expert,Embalagem com 300 ml,"5,99 €","14,98 €/L"
Doce cereja 284g,ST.DALFOUR,Frasco de 284g,"2,19 €","9,95 €/Kg"
Barras de cereais golden grahams,Nestle,Embalagem de 150g,"1,29 €","10,24 €/Kg"
Vinho tinto,PorSi,embalagem de 1 litro,"0,85 €","0,85 €/L"
Snack para cão adulto com frango,Friskies,Embalagem de 200g,"0,94 €","5,22 €/Kg"
"Pensos incontinência, Lady Thin Towel",Tena,Embalagem de 16 unidades,"1,95 €","1,95 €/Unidade"
Fermento em po 4x25g,PorSi,Embalagem de 100g,"1,89 €","17,18 €/Kg"
Cola glitter perfumada,Mitama,21 g,"2,89 €","180,63 €/Kg"
Alimento húmido para cão vaca,Pedigree,Embalagem de 300g,"0,75 €","2,50 €/Kg"
"Snack light de queijo flamengo, amêndoas e uvas pass...",Limiano,Embalagem de 120g,"2,39 €","19,92 €/Kg"
Base guarda sol em plástico,Koopman,45 litros,"29,99 €","29,99 €/Unidade"
Manteiga de alho,Mimosa,Embalagem de 200g,"1,69 €","6,76 €/Kg"
Fraldas Bebé Seco T3 | 6-10 Kg,Dodot,Embalagem com 62 un.,"6,49 €","6,49 €/Unidade"
Ambientador Arbre Baunilha,Arbre Magique,3 unidade,"2,49 €","2,49 €/Unidade"
"Cereais crusts, amêndoas e mel",PorSi,Embalagem de 380g,"2,29 €","6,11 €/Kg"
Licor frutos do bosque,HS,Garrafa de 700 ml,"7,49 €","10,70 €/L"
Vulcão,Science4You,1 unidade,"17,59 €","17,59 €/Unidade"
Iogurte grego maçã e canela,Danone,Embalagem de 4 x 110 g,"2,99 €","6,80 €/Kg"
Caldeirada de peixe ultracongelada,Brasmar,Embalagem de 700g,"1,79 €","7,16 €/Kg"
Bolacha waffer cacau,Waferland,Embalagem de 175g,"0,98 €","4,67 €/Kg"
Goiaba,Ferbar,Embalagem de 300g,"1,09 €","2,42 €/Kg"
Vinagre balsâmico,PorSi,Embalagem de 250 ml,"0,35 €","0,70 €/L"
Hambúrguer vegetariano,Garden Gourmet,Embalagem de 150g,"3,99 €","19,95 €/Kg"
Paté Fígado Porco c/ Cogumelos,PorSi,75 g,"0,80 €","10,67 €/Kg"
"Refresco em pó, manga",PorSi,Embalagem de 40g,"0,75 €","18,75 €/Kg"
Bolachas soft bakes recheio chocolate,Belvita,Embalagem de 250g,"2,15 €","2,87 €/Kg"
Óleo Performa 10W40,Galp,Embalagem de 1 l,"14,99 €","14,99 €/L"
"Batata frita, queijo e ervas",PorSi,Embalagem de 190g,"1,19 €","6,43 €/Kg"
Iogurte activia cremoso coco,Danone,Embalagem de 4 x 120 g,"2,99 €","6,80 €/Kg"
Ambientador Arbre Coco,Arbre Magique,3 unidade,"2,49 €","2,49 €/Unidade"
Creme Mãos Secrets Coco,Dove,75 ml,"2,49 €","41,50 €/L"
Peito de peru forno a lenha fatias finas,Izidoro,110 g,"1,99 €","13,27 €/Kg"
Quinoa branca,PorSi Viva Bem,Embalagem de 200 g,"1,19 €","2,38 €/Kg"
Shampo automóvel laranja,PorSi,Embalagem de 5 l,"3,99 €","0,80 €/L"
Jarro graduado,PorSi,Embalagem de 1 unidades,"0,99 €","0,99 €/Unidade"
Ice tea de limão,PorSi,"Embalagem de 6x0,20 l","1,14 €","0,76 €/L"
Película aderente,Vileda,embalagem com 50 m,"1,11 €","1,11 €/Unidade"
Oikos morango 110g x4,Danone,Embalagem de 440g,"2,99 €","6,80 €/Kg"
Porto lágrima,Ferreira,Garrafa 0.75L,"11,99 €","15,99 €/L"
Leite de pastagem magro,Terra Nostra,Embalagem de 1 litro,"0,81 €","0,81 €/L"
Manteiga sem sal,Mimosa,Embalagem de 250g,"1,69 €","6,76 €/Kg"
"Dentífrico Senses Melancia, Pepino e Menta",Aquafresh,75 ml,"2,39 €","31,87 €/L"
"Tira nódoas, spray oxi",PorSi,Embalagem de 1 l,"1,69 €","1,69 €/L"
Azeite virgem extra clássico,Gallo,Garrafa de 750 ml,"3,19 €","4,25 €/L"
Detergente para loiça plus + limão,Super Pop,Embalagem de 1L,"0,99 €","1,98 €/L"
Cereais Corn Flakes Original,Kellogg's,Embalagem de 380g,"3,99 €","7,98 €/Kg"
Gelatina de melancia,Koala,Embalagem de 130g,"1,14 €","8,77 €/Kg"
"Vinagre de sidra, spray",Paladin,Garrafa de 250 ml,"0,35 €","0,70 €/L"
Bolachas cacau com cereais e pepitas de chocolate,PorSi,Embalagem de 400 g,"0,90 €","6,00 €/Kg"
Amendoim com Casca,PorSi,Embalagem de 500g,"0,79 €","3,95 €/Kg"
Sumo 100% laranja,PorSi,Pack 3 x 200 ml,"1,09 €","0,73 €/L"
Limpa Moveis Lavanda,Pronto,300 ml,"4,39 €","14,63 €/L"
Barras cereais chocapic,Nestle,Embalagem de 150g,"1,29 €","10,24 €/Kg"
Vinho Regional de Lisboa Branco,Mundus,"Garrafa de 0,75L","2,29 €","3,05 €/L"
Creme abrasivo de limão,PorSi,Embalagem de 750 ml,"0,99 €","1,32 €/L"
Molho tomate com azeitonas,PorSi,Frasco de 420g,"0,70 €","2,33 €/Kg"
Kiwi Económico,Fruta do Dia,1 un = 150 gr (aprox.),"0,54 €","2,69 €/Kg"
"Adoçante, 1200 pastilhas com doseador",NEODOCE,Embalagem de 1200 pastilhas com doseador,"5,99 €","23,96 €/Kg"
Spray wc anticalcário,PorSi,embalagem de 750 ml,"1,79 €","2,39 €/L"
Café moagem universal brasil,Delta,Embalagem de 220g,"9,16 €/Kg","9,16 €/Kg"
Cerveja c/ álcool mini,Super Bock,Pack 15 x 0.20 L,"1,99 €/L","1,99 €/L"
3 Pipetas de Repelente p/ Gato,Repul'7,1 unidade,"1,19 €","0,24 €/Kg"
Massa de cotovelinhos,Nacional,Embalagem de 500g,"0,89 €","1,78 €/Kg"
Bacalhau espiritual,PorSi,Embalagem de 300g,"1,79 €","7,16 €/Kg"
Vinho Vinha da Fonte Setúbal branco,Casa Ermelinda Freitas,Garrafa de 0.75 l,"4,99 €","6,65 €/L"
"Cera liquida, lava e encera",PorSi,Embalagem de 750 ml,"1,79 €","2,39 €/L"
Farinha láctea 5 frutos,PorSi,Embalagem de 500g,"4,49 €","4,49 €/Kg"
Cuecas de incontinência Plus M,Ausonia,Uma embalagem - 9Unidades,"9,99 €","9,99 €/Unidade"
Sidra frutos vermelhos,Somersby,pack 4 x 0.33 l,"1,59 €","3,18 €/L"
Azeite virgem extra clássico,Gallo,Garrafa de 250 ml,"3,19 €","4,25 €/L"
Chouriço com feijão,Nobre,Embalagem de 420g,"2,99 €","11,96 €/Kg"
Leite uht meio gordo,PorSi,Embalagem com rosca de 1 l,"0,81 €","0,81 €/L"
Pasta de açúcar bege,PorSi,250 g,"1,49 €","1,49 €/Kg"
Açúcar mascavado,PorSi,Embalagem de 500g,"1,49 €","1,49 €/Kg"
Moscatel de Douro Reserva,Favaios,Garrafa de 0.75 l,"5,99 €","7,99 €/L"
Tablete de chocolate negro,PorSi Select,200 g,"3,79 €","14,04 €/Kg"
Mortadela mini,PorSi,Embalagem de 350g,"0,80 €","10,67 €/Kg"
Limpa Estofos de Pele,PorSi,Embalagem de 1 l,"3,99 €","0,80 €/L"
Iogurte magro morango sem lactose,Mimosa,Embalagem de 4x 120 g,"7,66 €/Kg","7,66 €/Kg"
Queijo flamengo ralado,PorSi,Embalagem de 200G,"1,56 €","7,80 €/Kg"
Creme p/ Calçado Incolor,Búfalo,Embalagem de 50 ml,"0,99 €","19,80 €/L"
Barras de cereais fitness crunchy & caramelo,Nestle,Embalagem de 140g,"1,29 €","10,24 €/Kg"
"Fitness granola chocolate, amêndoas e quinoa com 51%...",Nestle,Embalagem de 300 g,"3,45 €","26,74 €/Kg"
Ketchup,Calve,Embalagem de 280g,"0,70 €","2,33 €/Kg"
Palitos superfinos,PorSi,Embalagem de 400 unidades,"2,39 €","2,39 €/Unidade"
Bolacha digestive aveia 258g,Vieira,Embalagem de 258 g,"1,49 €","2,48 €/Kg"
"Ração para gato adulto com vaca, frango",Friskies,Embalagem de 4kg,"12,99 €","4,33 €/Kg"
Muesli Frutas,PorSi,500 g,"3,99 €","7,25 €/Kg"
Spray bolor e sujidade,Cillitbang,Garrafa de 500 ml,"1,19 €","0,79 €/L"
Iogurte aroma de banana,PorSi,Embalagem de 4x125g,"2,59 €","5,40 €/Kg"
Marmelada sem conservantes,PorSi,Embalagem de 500g,"1,09 €","2,42 €/Kg"
Bola Fiambre/ Queijo/ Bacon/ Chourição,Nutriva,,"0,65 €","0,65 €/Unidade"
"Inseticida, recarga, elétrico, pack 2",Raid,1 embalagem com 2x27ml,"7,69 €","7,69 €/Unidade"
Esfregão Esponja Style,Vileda,10 unidade,"1,99 €","1,99 €/Unidade"
Chá Aromatizado Pirâmide Mel/Limão/Ginseng,PorSi,20 x 2 g,"2,69 €","89,67 €/Kg"
Bacalhau com azeite e alho,PorSi Select,Lata de 120 g,"9,08 €/Kg","9,08 €/Kg"
10 Barrinhas salmão panadas sem glúten,Pescanova,300 g,"1,79 €","7,16 €/Kg"
Ovos Galinha Solo XL Categoria A,PorSi,6 unidades,"4,10 €","4,10 €/Unidade"
Alimento lácteo cereais e bolachas maria +6 meses,Yogolino,Embalagem de 4 x 100 g,"2,89 €","7,23 €/Kg"
Mcvitie's digestive thins milk choc 150g,MCVITIES,Embalagem de 150g,"1,19 €","5,95 €/Kg"
Papel Higiénico Compacto Ultra Suave XXL,Colhogar,12 rolos,"1,99 €","1,99 €/Unidade"
Bolachas waffers morango,PorSi,Embalagem de 210g,"0,98 €","4,67 €/Kg"
Manjericão margão,Margao,Embalagem de 13 g,"0,39 €","0,39 €/Kg"
Amaciador concentrado para roupa aloé vera,PorSi,80 doses,"3,99 €","3,99 €/Unidade"
Pasta de açúcar branco,PorSi,250 g,"1,49 €","1,49 €/Kg"
Bolo de chocolate brownie,Milka,Embalagem de 150g,"1,69 €","8,45 €/L"
Salsichas de porco tipo estrasburgo,Monique Ranou,Embalagem  de 210G,"1,56 €","7,43 €/Kg"
"Jogo de Viagem, Tragabolas",Hasbro,,"6,99 €","6,99 €/Unidade"
Pizza hawai,PorSi,Embalagem de 350g,"2,16 €","6,17 €/Kg"
Tablete de chocolate amendoim,Nestle,Embalagem de 90 g,"3,79 €","14,04 €/Kg"
Fruta para bebé 4 frutas +4 meses,Nestle,Embalagem de 90g,"0,74 €","8,22 €/Kg"
Vinho branco,Enc.bairro,Bag-in-box de 5L,"8,59 €","1,72 €/L"
Atum posta em azeite,Bom petisc,Embalagem de 120 g,"9,08 €/Kg","9,08 €/Kg"
Mala de ferramentas com 57 peças,Saurium,1 unidade,"19,99 €","19,99 €/Unidade"
Tranches de Perca Higienizadas,Peixe Congelado,Congelada,"3,19 €","3,99 €/Kg"
Inseticida vaporizador,Biokill,Embalagem de 375 ml,"5,69 €","15,17 €/L"
Bolacha dibus sharkies s/ glúten,Gullon,Embalagem de 250g,"2,69 €","10,76 €/Kg"
Abrasivo sanitário gel citrinos,PorSi,embalagem de 1 litro,"0,99 €","1,32 €/L"
Cogumelos inteiros,PorSi,Embalagem de 355 g,"1,79 €","2,29 €/Kg"
Cerveja 0.0%,Sagres,Lata 0.33 l,"5,99 €","3,03 €/L"
Macaquinha Brincalhona,Chicco,unidade,"27,99 €/Unidade","27,99 €/Unidade"
"Batata frita, multipack",Ruffles,Embalagem de 180g,"1,06 €","5,73 €/Kg"
Snack gato sticks salmao 6x5g,PorSi,Embalagem de 30g,"0,99 €","16,50 €/Kg"
Caramelos de fruta,Penha,Embalagem de 250 g,"1,10 €","4,40 €/Kg"
Laca Cabelo Criação Brilho,Tresemmé,Embalagem de 300 ml,"3,89 €","51,87 €/L"
Spray lixívia e higiene,Cillitbang,Garrafa de 500 ml,"1,19 €","0,79 €/L"
Lencos bolso mentol 6x10 3f,PorSi,Embalagem de 6 unidades,"2,35 €","2,35 €/Unidade"
Couve Penca (Portuguesa) Programa Origens,PorSi,1 un = 1 kg (aprox.),"1,79 €","1,79 €/Kg"
Chispalhada com feijão,Nobre,Embalagem de 420g,"2,99 €","11,96 €/Kg"
Feijão encarnado em frasco,PorSi,frasco de 540 g,"1,79 €","2,29 €/Kg"
Fruta para bebé maçã banana +4 meses,Nestle,Embalagem de 4 x 100 g,"0,74 €","8,22 €/Kg"
Escova dentifrica 360º advanced média,Colgate,1 unidade,"3,49 €","3,49 €/Unidade"
Bolachas Rosquilhas com Canela,Cuetara,Embalagem de 300g,"10,00 €/Kg","10,00 €/Kg"
"Caramelos de fruta, morango single",Sugus,Embalagem de 50g,"1,10 €","4,40 €/Kg"
Toucinho fumado extra,PorSi,Embalagem de 200 g,"1,45 €","18,13 €/Kg"
Mistura solúvel c/ 20% café granulado,PorSi,Embalagem de 200g,"1,64 €","6,56 €/Kg"
Verdinhos Pequenos,Peixe do Dia,1 un= 60 gr (aprox.),"0,60 €","5,99 €/Kg"
Azeite Virgem Extra Suave,Gallo,Garrafa de 750 ml,"3,19 €","4,25 €/L"
Refrigerante c/ gás,Coca-Cola,pack 6 x 0.33 l,"0,79 €","0,40 €/L"
Mistolin advanced lixívia,Mistolin,Garrafa de 500 ml,"1,79 €","2,39 €/L"
Gel Intimo Suave,Corine de Farme,250 ml,"1,24 €","4,96 €/Kg"
Queijinho petit nesquik,Nestle,Embalagem de 6 x 60 g,"1,05 €","1,86 €/L"
Presunto fatiado 6 meses,PorSi,Embalagem de 140 g,"2,79 €","13,95 €/Kg"
Faca para Churrasco 11 cm Inox,PorSi,1 unidade,"4,59 €","4,59 €/Unidade"
As minhas primeiras receitas - refeição esparguete c...,Nestle,Embalagem de 190g,"1,89 €","9,95 €/Kg"
Gelado carte d'or tarte limão merengue,Olá,Embalagem de 900 ml,"5,49 €","6,10 €/L"
Spray de lavagem a seco delicado,Day 2,200 ml,"1,09 €","2,73 €/Kg"
Salsicha Merguez,PorSi,1 un = 100 gr (aprox.),"0,50 €","4,99 €/Kg"
Saqueta de puré de fruta | maçã + manga + pêssego,PorSi,90 g,"0,74 €","8,22 €/Kg"
Recarga Desumidificador Premium,HUMYDRY,embalagem de 450g,"4,99 €","22,18 €/Kg"
Pensos incontinência homem,PorSi,10 unidades,"1,95 €","1,95 €/Unidade"
Limpa Estofos de Tecido,PorSi,Embalagem de 1 l,"3,99 €","0,80 €/L"
Caldo carne 16 cubos,Knorr,Embalagem de 160g,"3,84 €","24,00 €/Kg"
"Toalhetes intimos sensitive, 15 unidades",Dystron,Uma embalagem,"1,99 €","1,99 €/Unidade"
Leite de pastagem meio-gordo,Terra Nostra,Embalagem de 1 litro,"0,81 €","0,81 €/L"
Vinho do porto lágrima branco,R.pinto,Garrafa de 750 ml,"11,99 €","15,99 €/L"
Pensos Higiénicos Fina e Segura Normal,Evax,Embalagem c/ 24 Unidades,"4,99 €","4,99 €/Unidade"
Frutapura maçã manga laranja,Bledina,Embalagem de 85g,"2,29 €","6,94 €/L"
Ração seca para gatinhos frango e legumes,PorSi,Embalagem de 2 kg,"12,99 €","4,33 €/Kg"
Abrasivo wc gel ecologico,PorSi,Garrafa de 1 l,"0,99 €","1,32 €/L"
Licor de anis,On Off,"Garrafa de 0,70 l","7,49 €","10,70 €/L"
Tarte de Flan,Pastelaria do Dia,embalagem com 650g,"4,29 €","6,60 €/Kg"
Nestlé tablete de chocolate negro e amendoa,Nestle,Embalagem de 270g,"2,69 €","22,42 €/Kg"
Frutose,PorSi,Boião de 410 g,"5,99 €","23,96 €/Kg"
Creme para barrar,Nutella,Embalagem de 600g,"8,54 €/Kg","8,54 €/Kg"
Queijo edam light fatias,PorSi Viva Bem,Embalagem de 150g,"2,39 €","19,92 €/Kg"
Bolacha torrada,PorSi,Embalagem de 4 x 200 g,"1,69 €","2,11 €/Kg"
Ambientador tealights canela,PorSi,embalagem com 18 unidades,"7,99 €","38,05 €/Kg"
Rolo de Cozinha Megarollo,Scottex,Uma embalagem c/ 8 rolos,"4,99 €","4,99 €/Unidade"
Pescada 3 Chile,Peixe Congelado,1 un= 1 kg (aprox.),"2,79 €","3,99 €/Kg"
"Fita Teflon, 2 Rolos",Itools,1 unidade,"3,59 €","119,67 €/Kg"
Vinho tinto regional península de setúbal,Dom Campos,Garrafa de 10 l,"8,59 €","1,72 €/L"
Bacalhau à Brás,PorSi,Embalagem de 1 kg,"1,79 €","7,16 €/Kg"
"Creme revitalizante, noite",L'oreal,Embalagem de 50 ml,"2,99 €","59,80 €/L"
"Tira gorduras, pistola",Kh 7,Garrafa de 750 ml,"4,89 €","6,52 €/L"
Sardinha Congelada,Peixe Congelado,1 un = 250 gr  (aprox.),"2,79 €","3,99 €/Kg"
Costeletas do Cachaço,Porco,Vendido ao peso a partir de 1 kg,"4,89 €","4,89 €/Kg"
Ração para gato adulto crunchy & tender com salmão,Friskies,"Embalagem de 1,5 kg","12,99 €","4,33 €/Kg"
Chá verde pyr bring the boost,Lipton,Embalagem de 30g,"1,14 €","114,00 €/Kg"
Champô miracle volume + nutrição,Pantene,225 ml,"5,59 €","13,98 €/L"
Recarga inseticida elétrico líquido,Raid,45 noites,"7,69 €","7,69 €/Unidade"
Spray limpeza fornos e grelhas,PorSi,500 ml,"1,29 €","1,72 €/L"
Pensos peles sensíveis XL,PorSi,5 unidades,"2,86 €","2,86 €/Unidade"
Contact Ceys,Ceys,1 unidade,"3,59 €","119,67 €/Kg"
Puré batata doce,PorSi,Embalagem de 750g,"3,99 €","19,95 €/Kg"
Vinho Verde Loureiro Branco,Aveleda,Garrafa de 0.75 l,"3,09 €","3,09 €/L"
Néctar pera,PorSi,Embalagem de 1 l,"0,99 €","0,99 €/L"
Água Micelar Vitamina C,Garnier,Embalagem de 400 ml,"4,99 €","4,99 €/Unidade"
"Pensos tecido, resistentes à água, 10 unidades",Hansaplast,1 embalagem,"2,86 €","2,86 €/Unidade"
Óleo Performa C3 5w30 Sintético,Galp,Embalagem de 1 l,"14,99 €","14,99 €/L"
Baba de camelo,Brilha ali,140 ml,"1,89 €","13,50 €/L"
Massa de macarrão grande estriado,PorSi,Embalagem de 500g,"0,89 €","1,78 €/Kg"
Gel de banho zero pele normal,Sanex,Embalagem de 475ml,"6,99 €","9,32 €/L"
Mistura para periquitos,Canto Alegre,Embalagem de 1K,"2,49 €","2,49 €/Kg"
Vinho do porto dona antónia reserva branco,Ferreira,Garrafa de 0.75 l,"11,99 €","15,99 €/L"
Bolacha vitalday crocante original,Gullon,Embalagem de 270g,"3,09 €","10,30 €/Kg"
Soda water,Schweppes,Garrafa de 250 ml,"5,39 €","5,39 €/L"
Posta de Corvina-Prata Congelada,PorSi,Vendido ao peso a partir de 200 g (aprox.),"3,19 €","3,99 €/Kg"
Papa infantil láctea maçã +6 meses,Cerelac,Embalagem de 250g,"4,49 €","4,49 €/Kg"
Desodorizante e desinfetante para calçado,Sanytol,Embalagem de 150 ml,"5,29 €","35,27 €/L"
Bolacha maria doces,Vieira,Embalagem de 300g,"1,69 €","2,11 €/Kg"
Gin Beefeater Light,Beefeater,"Garrafa de 0,70 l","17,99 €","25,70 €/L"
Inseticida moscas e mosquitos,Dum Dum,Garrafa de 300 ml,"5,69 €","15,17 €/L"
Sobremesa danette duo baunilha e chocolate,Danone,Embalagem de 4 x 125 ml,"1,19 €","2,59 €/Kg"
Gambão 20/30,Marisco Congelado,Vendido a partir de 250 (aprox.),"1,99 €/Kg","1,99 €/Kg"
Leite seleccionado leve,Matinal,pack 3 x 200 ml,"0,81 €","0,81 €/L"
Mousse de Banho Silk Vanilla & Caramel,Nivea,Embalagem de 200 ml,"4,99 €","16,63 €/L"
Spray anti calcário,Cif,Garrafa de 435 ml,"3,19 €","6,38 €/L"
Iogurte líquido tutti-frutti,Danone,Embalagem de 4 x 155 g,"1,17 €","1,83 €/Kg"
Bolachas dinossauros dinoovos,Artiach,Embalagem de 140g,"3,49 €","19,39 €/Kg"
Kinder delice cacau,Kinder,Embalagem de 400g,"1,77 €","5,53 €/Kg"
Doce de cereja s/ açúcar adicionado,PorSi,Frasco com 220 g,"2,19 €","9,95 €/Kg"
"Inseticida max, concentrado sensitive",Dum Dum,Garrafa de 400 ml,"5,69 €","15,17 €/L"
Areia para gatos aglomerante compacta perfumada,PorSi,Embalagem de 4 kg,"1,19 €","0,24 €/Kg"
Extra vitamina de a a z,PLANTANATU,Embalagem de 1 unidades,"9,69 €","9,69 €/Unidade"
Super Napolitana de Chocolate,Pastelaria do Dia,1 un = 120 g (aprox.),"0,49 €/Unidade","0,49 €/Unidade"
Alimento lácteo morango +8 meses,Yogolino,Embalagem de 4 x 100 g,"2,89 €","7,23 €/Kg"
Molho piri piri,Macarico,Embalagem de 200g,"0,70 €","2,33 €/Kg"
Moscatel de setúbal,Selecção de Enófilos,"Garrafa de 0,75 l","5,99 €","7,99 €/L"
Demaquilhante Dupla Ação,Nivea,1 embalagem de 125g,"4,99 €","4,99 €/Unidade"
Powerade ice storm,POWERADE,Garrafa de 500 ml,"5,39 €","5,39 €/L"
Espetadas,Porco,1 un = 150 gr (aprox.),"4,89 €","4,89 €/Kg"
Bolachas cream cracker sesamo,Vieira,Embalagem de 186 g,"0,39 €","3,12 €/Kg"
"Cerveja com álcool, lata",Super Bock,Garrafa de 500 ml,"1,99 €/L","1,99 €/L"
Detergente Máquina Loiça Pastilhas All in 1 Extra Po...,Sun,76 pastilhas,"2,99 €","2,99 €/Unidade"
Spray recarga limpeza da casa de banho,Cif,embalagem de 70 ml,"0,79 €","0,79 €/L"
Aperitivos tex mex,Doritos,Embalagem de 120g,"0,79 €","7,90 €/Kg"
Achocolatado em Pó,Suchard,Embalagem de 500g,"5,59 €","6,99 €/Kg"
Lava tudo antibacteriano marinho,PorSi,Garrafa de 1.5 l,"1,89 €","1,26 €/L"
Cama de Viagem,SafetyBaby,1 un.,"42,99 €","42,99 €/Unidade"
Creme de dia para pele seca,Labell,Embalagem de 50 ml,"2,99 €","59,80 €/L"
Molas plásticas,PorSi,15 unidades,"0,89 €","0,89 €/Unidade"
Cerveja c/ álcool,Super Bock,Pack 15 X 0. 33L,"1,99 €/L","1,99 €/L"
Creme curgete com hortela,PorSi,Embalagem de 400g,"3,59 €","3,59 €/Kg"
12 Preservativos Adapta Finíssimo,Control,,"4,49 €","4,49 €/Unidade"
Café solúvel creme,Nescafe,Embalagem de 100g,"1,45 €","14,50 €/Kg"
Cuecas Incontinência Unisexo Pants Super M,Tena,Unidade,"9,99 €","9,99 €/Unidade"
Bolachas waffers baunilha,PorSi,Embalagem de 210g,"0,98 €","4,67 €/Kg"
Mel de montanha,PorSi Select,Frasco de 250 g,"4,89 €","9,78 €/Kg"
"Velas em letras, happy birthday",Papstar,1 unidade,"1,49 €","1,49 €/Unidade"
Paté Fígado Porco c/ Vinho do Porto,PorSi,75 g,"0,80 €","10,67 €/Kg"
Queijo Curado Amanteigado,Quinta do Convento,Vendido ao peso a partir de 250 g,"3,35 €","13,39 €/Kg"
Creme de coco,Koala,Garrafa de 165 ml,"1,09 €","2,75 €/Kg"
6 Salsichas de porco,Nobre,Lata de 120g,"0,75 €","3,75 €/Kg"
Água c/ gás original,Frize,pack 6 x 0.25 l,"2,85 €","2,85 €/L"
Mopa Maxi XXL + 8 Panos,Swiffer,1 unidade,"1,79 €","1,79 €/Unidade"
Água mineral sem gás,Fastio,Pack 4 x 1.5 l,"1,04 €","0,17 €/L"
Desinfetante álcool gel spray,PorSi,100 ml,"0,99 €","9,90 €/L"
Queijo manchego D.O.P,PorSi Select,Embalagem de 250g,"2,87 €","15,94 €/Kg"
Vinho maduro branco,C.da eira,Garrafa de 1 l,"0,85 €","0,85 €/L"
Caramelos carachoco,LUTTI,Embalagem de 150 g,"2,49 €","16,60 €/Kg"
Sacos do lixo lavanda 50 litros,PorSi,15 unidades,"1,89 €","1,89 €/Unidade"
Salsichas extra suculentas,Nobre,Frasco de 650 g,"0,75 €","3,75 €/Kg"
Iogurte natural açucarado,PorSi,Embalagem de 4x125g,"0,99 €","1,98 €/Kg"
Tablete de chocolate negro,Nestle,Embalagem de 100 g,"2,69 €","22,42 €/Kg"
"Detergente para máquina de loiça, gel, tudo em 1 lim...",Sun,Embalagem de 45 unidades,"2,99 €","2,99 €/Unidade"
Porto tawny,Ferreira,Garrafa de 750 ml,"15,99 €","21,32 €/L"
Body Milk in Shower,Labell,Embalagem de 250 ml,"3,49 €","23,27 €/L"
Detergente Máquina Roupa Liquido Bebé,Skip,60 doses,"19,99 €","19,99 €/Unidade"
Sacos lixo eco 100 litros,PorSi,10 unidades,"1,89 €","1,89 €/Unidade"
Salmão Fumado da Escócia,PorSi Select,Embalagem de 200 g,"3,49 €","43,63 €/Kg"
Gomas brilho,PorSi,Embalagem de 300 g,"0,94 €","9,40 €/Kg"
Leite aromatizado com sabor a cerea,Mimosa,Embalagem de 200 ml,"1,99 €","2,49 €/L"
Arroz Thai Jasmim,PorSi,1 kg,"0,99 €","0,99 €/Kg"
Preparado de tarte de flã,PorSi,360 g,"1,69 €","8,45 €/L"
Sopa económica de marisco,Knorr,Embalagem de 60g,"2,20 €","31,43 €/Kg"
Vinagre de limpeza,PorSi,Embalagem de 1 l,"0,79 €","0,79 €/L"
Chocolate culinário branco,Pantagruel,Embalagem de 200g,"1,79 €","8,95 €/Kg"
Spray tira nódoas,A+,Embalagem de 750 ml,"4,99 €","18,15 €/Kg"
Cocktail limão,Bar Royal,Garrafa de 750 ml,"6,99 €","9,32 €/L"
Café em cápsulas dolce gusto galão,Nescafe,Embalagem de 16 cápsulas,"3,99 €","72,55 €/Kg"
Pescada 2 Argentina,Peixe Congelado,1 un = 700 gr (aprox.),"2,79 €","3,99 €/Kg"
"Rolo de cozinha design xxl, 3 rolos",Renova,Embalagem de 3 unidades,"4,99 €","4,99 €/Unidade"
Chourição Extra Fatiado,Porminho,Embalagem de 80g,"1,35 €","16,88 €/Kg"
Cerveja,Kings Bräu,Embalagem de 10x25 cl,"1,99 €/L","1,99 €/L"
Queijo flamengo fatias light,PorSi,Embalagem de 200g,"1,56 €","7,80 €/Kg"
Wc lixivia gel pink,Domestos,Garrafa de 750 ml,"1,74 €","0,35 €/L"
Máscara fibrology,Elvive,Embalagem de 300 ml,"1,00 €","5,00 €/L"
Jarro de 1 litro + 4 copos,Codil,1 conjunto,"0,99 €","0,99 €/Unidade"
Autobrilhante Incolor,Búfalo,Embalagem de 50 ml,"2,25 €","45,00 €/L"
Bolacha torrada com canela,PorSi,Embalagem de 2 x 250 g,"1,69 €","2,11 €/Kg"
Vinho regional tejo,Plexus,Garrafa de 750 ml,"2,29 €","3,05 €/L"
Spray óleo amêndoas doces,Hidro,Embalagem de 100 ml,"2,86 €","2,86 €/Unidade"
Toalhitas Activity |Recarga,Dodot,Pack: 4x54 unidades,"1,09 €/Unidade","1,09 €/Unidade"
Liquido em gel para WC Hibisco Rosa,Ambipur,Embalagem de 750 ml,"2,29 €","3,05 €/L"
Ketchup,PorSi,Embalagem de 560 g,"0,70 €","2,33 €/Kg"
Coentros,PorSi,20 g,"1,49 €","74,50 €/Kg"
Autobrilhante castanho,Splendor,Embalagem de 50 ml,"2,25 €","45,00 €/L"
Arroz Carolino,Cigala,Embalagem de 1 kg,"0,99 €","0,99 €/Kg"
Amaciador concentrado para roupa jojoba,PorSi,80 doses,"3,99 €","3,99 €/Unidade"
Leite Uht Proteína Café,Mimosa,Pack 3 x 250 ml,"1,99 €","2,49 €/L"
Toalhitas universal citrus,Cif,36 unidades,"1,19 €","0,79 €/L"
Molho bechamel,Parmalat,Embalagem de 200 ml,"1,12 €","5,60 €/L"
Chourico picante beiras,PorSi,Embalagem de 290g,"1,22 €","6,78 €/Kg"
Spray pedras,Cif,435 ml,"1,79 €","2,39 €/L"
Pasta dentífrica gel kids,Labell,Embalagem de 50 ml,"1,05 €","1,05 €/Unidade"
Infusão de camomila,Tetley,Embalagem de 10g,"0,69 €","20,91 €/Kg"
Serum Lift + Serum Preenchedor,Diadermine,Embalagem de 30ml,"2,99 €","59,80 €/L"
Vermute bianco,Martini,Garrafa de 0.75 l,"9,99 €","13,32 €/L"
Muslitos do mar,Pescanova,Embalagem de 250 g,"2,19 €","8,59 €/Kg"
"Bebida láctea especial crescimento, 1-3 anos",Mimosa,Garrafa de 1 l,"0,26 €","1,30 €/L"
Café c/ cafeína intenso,Nescafe,Embalagem de 100g,"1,45 €","14,50 €/Kg"
Bolacha de manteiga,Snapy,Embalagem de 250g,"1,69 €","2,11 €/Kg"
Banheira Quadrada,Molding,unidade,"15,99 €","15,99 €/Unidade"
Caneta BL. Eye UB-150 Verde,Uni-Ball,1 embalagem,"2,49 €","2,49 €/Unidade"
Ambientador para a máquina da loiça de lima e limão,Finish,embalagem com 2 un.,"9,98 €/Unidade","9,98 €/Unidade"
Achocolatado em saco,Nesquik,Embalagem de 1 kg,"5,59 €","6,99 €/Kg"
Adoçante c/ doseador,Canderel,Embalagem de 30g,"5,99 €","23,96 €/Kg"
Gel Banho Excite,Axe,Embalagem de 400 ml,"5,99 €","14,98 €/L"
Pólen de abelhas,PorSi Select,Frasco de 130 g,"4,89 €","9,78 €/Kg"
Cabide anti humidade,HUMYDRY,embalagem de 250 g,"4,99 €","22,18 €/Kg"
Sumo 100% maçã,Compal,1 litro,"1,09 €","0,73 €/L"
Caldo de galinha 8 cubos,Knorr,Embalagem de 80g,"3,84 €","24,00 €/Kg"
Bocadelia de caranguejo,La piara,Embalagem de 170g,"1,19 €","13,52 €/Kg"
Água sem gás,Penacova,Garrafa de 1.5 litros,"1,04 €","0,17 €/L"
Sumo essencial de pêssego,Compal,pack 3 x 0.11 l,"2,29 €","6,94 €/L"
Doce mirtilos e framboesa 0% açúcar,C.mateus,Embalagem de 280g,"3,69 €","13,18 €/Kg"
Porto ruby,Valadao,Garrafa de 750 ml,"6,65 €/L","6,65 €/L"
Limpa Tablier,PorSi,Embalagem de 1 l,"3,99 €","0,80 €/L"
Loção Solar Bronzeadora Cenoura FP6,Nivea Sun,Embalagem de 200 ml,"11,99 €","59,95 €/L"
Restaurador p/ móveis médio,Novycera,Garrafa de 170 ml,"4,39 €","14,63 €/L"
Pensos térmicos alívio da dor muscular 13x10cm,PorSi,Embalagem de 2 unidades,"2,86 €","2,86 €/Unidade"
"Pastilhas fruit, frutos silvestres",Trident,Embalagem de 15 g,"0,89 €","59,33 €/Kg"
Mousse de chocolate,*,140 ml,"1,89 €","13,50 €/L"
Balde com pedal metalizado 26l,PorSi,Embalagem de 1 unidades,"2,50 €","2,50 €/Unidade"
Doce light alperce,PorSi,Embalagem de 340g,"3,69 €","13,18 €/Kg"
Café torrado 5 estrelas moagem grossa,Sical,Embalagem de 250g,"9,16 €/Kg","9,16 €/Kg"
Queijo meio gordo,D. Pedro,Vendido ao peso a partir de 250 gr,"2,81 €","11,25 €/Kg"
Néctar ananás,Compal,pack 3 x 200 ml,"0,99 €","0,99 €/L"
Restaurador p/ móveis escuro,Novycera,Garrafa de 170 ml,"4,39 €","14,63 €/L"
"Bolo de profiteroles, 800 g",Pastelaria do Dia,,"4,29 €","6,60 €/Kg"
Comida húmida para cão,PorSi,Embalagem de 300 g,"0,75 €","2,50 €/Kg"
Tira Nódoas Diárias,Iberia,Embalagem de 200 ml,"1,69 €","1,69 €/L"
Lixívia perfumada,PorSi,Embalagem de 5 l,"1,09 €","0,55 €/L"
"Plantanatur super mangostão, selénio e ace",PLANTANATU,Garrafa de 500 ml,"9,69 €","9,69 €/Unidade"
Sumo s/ gás manga/cenoura,Santal,"Garrafa de 1,5 l","1,14 €","0,76 €/L"
Iogurte líquido pinacolada,PorSi,Embalagem de 4 x 160 g,"1,17 €","1,83 €/Kg"
Batata Frita c/ Sal,Ruffles,Embalagem de 160 g,"1,06 €","5,73 €/Kg"
Batata frita ondulada wavy,PorSi,Embalagem de 180g,"1,06 €","5,73 €/Kg"
Farinha 8 cereais e mel,Nutriben,Embalagem de 300g,"4,49 €","4,49 €/Kg"
Chocolate em pó Starbucks 42% cacau,STARBUCKS,Embalagem de 330g,"5,59 €","6,99 €/Kg"
Bolachas Digestivas de Aveia com Chocolate Preto sem...,Gullon,Embalagem de 275g,"1,19 €","5,95 €/Kg"
Base guarda sol em plástico,Ideegarden,45 litros,"29,99 €","29,99 €/Unidade"
"Carregador, 6 lâminas, 4 recargas",Labell Men,1 embalagem,"1,16 €","4,64 €/L"
Ameijoa Branca Vietnamita,Marisco Congelado,Vendido a partir de 250 gr  (aprox.),"1,99 €/Kg","1,99 €/Kg"
Tesoura kidy pulse,Maped,12 cm,"2,89 €","180,63 €/Kg"
Spray desinfetante elimina odores,Lysol,Embalagem de 400 ml,"1,19 €","0,79 €/L"
Salsicha bockwurst 5 unidades,PorSi,Embalagem de 250g,"0,75 €","3,75 €/Kg"
Preparado para bolo de laranja,B.neve,Embalagem de 450g,"1,77 €","5,53 €/Kg"
Creme de fixação para dentaduras,Labell,Embalagem de 50 g,"9,79 €","122,38 €/Kg"
"Batata frita caseira, rodela",Pala-pala,Embalagem de 180g,"1,69 €","9,39 €/Kg"
Iogurte liquido sem lactose natural açucarado,PorSi Viva Bem,Embalagem de 4 x 160 g,"2,79 €","6,07 €/Kg"
Bledina snacktoon molly maçã,Bledina,Embalagem de 100g,"2,29 €","6,94 €/L"
"Lenços de bolso sensitive, brancos, 10 unidades",Renova,1 embalagem de 18x10,"2,35 €","2,35 €/Unidade"
Iogurte grego natural magro,PorSi Viva Bem,Embalagem de 1 kg,"0,99 €","1,98 €/Kg"
Néctar classico de ananás,Compal,Garrafa de 200 ml,"0,99 €","0,99 €/L"
Detergente pastilhas p/ Máquina Loiça tudo em um Ori...,Fairy,Embalagem de 84 unidades,"2,99 €","2,99 €/Unidade"
Café em cápsulas  qonvictus,Delta Q,Embalagem de 55 g,"3,99 €","72,55 €/Kg"
Spray de limpeza casa de banho,Seventh Generation,Embalagem de 500 ml,"1,79 €","2,39 €/L"
Almôndegas vegetarianas,Garden Gourmet,Embalagem de 200g,"3,99 €","19,95 €/Kg"
Bolachas marinheiras naturais,Cemporcent,Embalagem de 200g,"1,19 €","5,95 €/Kg"
Mix pimentos 3 cores,Legumes do dia,Embalagem de 500 g,"1,99 €","3,98 €/Kg"
Vinho rosé,Lancers,Garrafa 0.75L,"4,29 €","5,72 €/L"
Gomas tropifrutti,Haribo,Embalagem de 100g,"0,94 €","9,40 €/Kg"
Café solúvel gold,PorSi Select,Embalagem 100G,"1,45 €","14,50 €/Kg"
Manteiga com sal,PorSi,Embalagem de 250g,"1,69 €","6,76 €/Kg"
Cereais crack star,PorSi,Embalagem de 375 g,"5,07 €/Kg","5,07 €/Kg"
Detergente em pó máquina de lavar roupa lavanda,PorSi,75 doses,"8,69 €","1,84 €/Kg"
Bolachas waffers chocolate,PorSi,Embalagem de 210g,"0,98 €","4,67 €/Kg"
Bolacha diet nature 5 cereais,Gullon,Embalagem de 220g,"3,09 €","10,30 €/Kg"
Toalhitas de Proteção Cor,K2R,Embalagem de 20 un.,"1,69 €","1,69 €/L"
Cola Universal,Uhu,Embalagem de 2x20ml,"2,89 €","180,63 €/Kg"
Massa de espirais,Nacional,Embalagem de 500g,"0,89 €","1,78 €/Kg"
Sal marinho grosso,Vatel,Embalagem de 1 kg,"0,39 €","0,39 €/Kg"
Hamburguers de bovino,PorSi,Embalagem de 1 kg,"2,79 €","8,72 €/Kg"
Renovador de Camurça em Spray Incolor,Búfalo,Embalagem de 250 ml,"2,99 €","29,90 €/L"
Whisky,William Lawson's,1 l,"19,99 €","28,56 €/L"
Bolachas chips ahoy,Ca!,Embalagem de 300g,"0,90 €","6,00 €/Kg"
Palitos redondos,PorSi,Embalagem de 250 unidades,"2,39 €","2,39 €/Unidade"
Limpa vidros cristal recarga,Ajax,Embalagem de 500 ml,"3,19 €","6,38 €/L"
Película Aderente 60M,PorSi,1 unidade,"1,11 €","1,11 €/Unidade"
Preparado p/ arroz de marisco,Pescanova,Embalagem de 500g,"2,19 €","8,59 €/Kg"
Gel desinfectante de mãos,Big Home,236 ml,"0,99 €","9,90 €/L"
Pescada África do Sul,Peixe Congelado,De 600g a 900g,"2,79 €","3,99 €/Kg"
Queijo Flamengo Bola,Queijaria de Celorico,Vendido ao peso a partir de 100 g,"1,56 €","7,80 €/Kg"
Queijo mini,Babybel,Embalagem de 6x20 g,"2,60 €","13,00 €/Kg"
Bolacha maria junior doces,Vieira,Embalagem de 280g,"3,49 €","19,39 €/Kg"
Queijo fresco para barrar light,Valformoso,Embalagem de 200g,"2,39 €","19,92 €/Kg"
Bolachas Choco Finas,Milka,Embalagem de 126g,"2,15 €","2,87 €/Kg"
Ice tea pêssego,Lipton,Embalagem de 1L,"1,14 €","0,76 €/L"
Delta chicória + cafe soluvel lata,Delta,Embalagem de 250g,"1,45 €","14,50 €/Kg"
Queijo de ovelha curado amanteigado,PorSi Select,250 g,"3,35 €","13,39 €/Kg"
Flocos de aveia,PorSi Viva Bem,Embalagem de 400g,"0,69 €","1,73 €/Kg"
Folhado de Maçã,*,1 unidade= 100 g,"0,49 €/Unidade","0,49 €/Unidade"
Ab bran flakes,Kellogg's,Embalagem de 375g,"3,99 €","7,98 €/Kg"
Amaciador jasmim e maçã,Surf,90 doses,"8,99 €","2,25 €/L"
Lixívia para roupa delicada,Neoblanc,Embalagem de 2 l,"2,19 €","1,10 €/L"
Spray renova camurça preta,PorSi,Embalagem de 200 ml,"2,99 €","29,90 €/L"
Almofada royal,Bestway,1 un.,"12,99 €","12,99 €/Unidade"
Amaciador nutri-protec,Labell,Embalagem de 200 ml,"1,00 €","5,00 €/L"
"Gel de banho ultra protetor, corpo e cabelo",Corine de Farme,Embalagem de 500 ml,"4,99 €","16,63 €/L"
Lixívia Tradicional,PorSi,Embalagem de 5 l,"1,74 €","0,35 €/L"
Gel wc tripla ação c/ lixívia,Harpic,Garrafa de 750 ml,"1,79 €","2,39 €/L"
Esferográfica Azul Retratil 0.7mm,Mab,Embalagem com 1 un.,"2,49 €","2,49 €/Unidade"
Fusion Cola,Faisão,Garrafa de 0.75 l,"2,19 €","1,46 €/L"
Patê de sardinha,PorSi,Embalagem de 65 g,"1,19 €","13,52 €/Kg"
Pilha recarregável 170mAh 9V HR22,Domédia,1 unidade,"4,09 €","4,09 €/Unidade"
Rissóis de carne,Brilha ali,1 unidade = 60 gr,"0,65 €","0,65 €/Unidade"
Atum posta em óleo,Ramirez,Embalagem de 120g,"9,08 €/Kg","9,08 €/Kg"
Lombo assado fatiado,PorSi,150 g,"2,49 €","16,60 €/Kg"
Barra cereais nesquik delice,Nestle,Embalagem de 140g,"1,29 €","10,24 €/Kg"
Pringles hot & spicy,Pringles,Embalagem de 175g,"1,19 €","6,43 €/Kg"
Néctar light de laranja prisma,PorSi,Embalagem de 1 l,"0,84 €","2,55 €/L"
Café lote bocage grão,Nicola,Embalagem de 1 kg,"9,16 €/Kg","9,16 €/Kg"
20 saquetas infusão camomila,Lipton,Embalagem de 10g,"0,69 €","20,91 €/Kg"
Lambrusco bianco,*,Garrafa de 750 ml,"6,89 €","9,19 €/L"
Camarão vannamei 24/40,Pescanova,Embalagem de 800g,"4,11 €","20,55 €/Kg"
Spray desinfetante casa de banho,Lysol,Embalagem de 500 ml,"1,79 €","2,39 €/L"
Abrasivo sanitário gel marinho,PorSi,embalagem de 1 litro,"0,99 €","1,32 €/L"
Cera acrilica para tijoleira,Búfalo,Embalagem de 500 ml,"2,29 €","2,29 €/L"
Recargas ambientador elétrico pure clean linen,Glade,Embalagem de 2 x 20 ml,"11,98 €","11,98 €/Unidade"
Inseticida multi-insectos,Dum Dum,Garrafa de 400 ml,"5,69 €","15,17 €/L"
Iogurte liquido infantil morango,PorSi,Embalagem de 6 x 94 ml,"1,05 €","1,86 €/L"
Bolachas integrais,PorSi,Embalagem de 200g,"1,49 €","2,48 €/Kg"
Desodorizante Calçado,Búfalo,Embalagem de 100 ml,"2,99 €","29,90 €/L"
Pão de Forma Cerealia 14 Cereais e Sementes 0% Açúca...,Panrico,Embalagem de 440g,"1,64 €","2,52 €/Kg"
Inseticida elétrico líquido,Raid,45 noites,"7,69 €","7,69 €/Unidade"
Cadbury Milk Fingers,Cadbury,Embalagem de 114G,"1,49 €","29,80 €/Kg"
Bolachas marinheiras linhaça,Cemporcent,Embalagem de 200 g,"1,45 €","11,15 €/Kg"
Recarga p/ ambientador automático freshmatic flor de...,Air Wick,Embalagem de 250 ml,"11,98 €","11,98 €/Unidade"
Guardanapos de papel reciclado,PorSi,100 unidades,"1,29 €","1,29 €/Unidade"
Gel de Banho Secrets Oil Avocato,Dove,Embalagem de 500 ml,"4,99 €","16,63 €/L"
Escova de Dentes Júnior,Aquafresh,1 unidade,"3,49 €","3,49 €/Unidade"
Miolo de camarão 100/200,H2Gelo,Embalagem de 250  g,"4,11 €","20,55 €/Kg"
Lava tudo sabão natural mármore e terra cota,Ajax,1 l,"1,19 €","0,79 €/L"
Queijo limiano amanteigado vaca e ovelha sem casca o...,Limiano,Embalagem de 450g,"3,35 €","13,39 €/Kg"
Discos de algodão para bebé,PorSi,60 unidades,"9,99 €","9,99 €/Unidade"
Presunto nacos,PorSi,Embalagem de 250g,"2,79 €","13,95 €/Kg"
Pudim Rico em Proteína de Avelã,Ehrmann,Embalagem de 200g,"1,19 €","2,59 €/Kg"
Spray limpeza casa de banho optimal 7,Ajax,Embalagem de 500 ml,"1,79 €","2,39 €/L"
Snack Cão Prodental,PorSi,Embalagem 180 g,"0,94 €","5,22 €/Kg"
Bolachas Chiquilin 0% Açucar,Artiach,Embalagem de 175 g,"3,09 €","10,30 €/Kg"
Nescafe galao original 18(8x17g) pt ea,Nescafe,Embalagem de 136g,"3,19 €","25,52 €/Kg"
Oreo flavors cookies birthday party rollpack 154 gr,Oreo,Embalagem de 150g,"1,49 €","9,68 €/Kg"
Iogurte natural,Danone,Embalagem de 4 x 120 g,"0,99 €","1,98 €/Kg"
Plantanatur super cartilagem de tubarão,PLANTANATU,Embalagem de 1 unidades,"9,69 €","9,69 €/Unidade"
"Creme de depilação duche, peles normais",Veet,Garrafa de 150 ml,"2,99 €","14,95 €/L"
Café moagem universal angola,Delta,Embalagem de 220g,"9,16 €/Kg","9,16 €/Kg"
"Queijo flamengo, bola quartos",Agros,Embalagem de 350g,"1,56 €","7,80 €/Kg"
Creme Mãos Hidratante,Labell,Embalagem de 100 ml,"2,49 €","41,50 €/L"
Gomas mágicas,Fini,Embalagem de 100g,"0,94 €","9,40 €/Kg"
Pera Packham's,Fruta do Dia,1 un = 150 gr (aprox.),"0,37 €","2,49 €/Kg"
Descafeinado aroma e leveza,Nicola,12 cápsulas,"1,59 €","6,36 €/Kg"
Ambientador aerosol pure nenuco,Air Wick,Garrafa de 250 ml,"0,99 €","3,30 €/L"
Azeite,Oliveira da Serra,Embalagem de 750 ml,"3,19 €","4,25 €/L"
Achocolatado pó instantâneo lata,Nesquik,Embalagem de 400g,"5,59 €","6,99 €/Kg"
Frutos vermelhos,PorSi,Embalagem de 750 g,"3,29 €","4,39 €/Kg"
Esfregão esponja ergonómico salva unhas,PorSi,Embalagem de 2 unidades,"1,99 €","1,99 €/Unidade"
The famous grouse ruby cask 700ml/1,F.grouse,Garrafa de 700 ml,"19,99 €","28,56 €/L"
Manteiga magra meio sal,President,Embalagem de 250g,"1,69 €","6,76 €/Kg"
Aguadente vinica velha,Património,Garrafa de 0.70 l,"11,49 €","16,41 €/L"
Rolo cozinha compacto 3 folhas,Foxy,1 unidade,"4,99 €","4,99 €/Unidade"
Ice tea limão,Lipton,pack 6 x 0.25 l,"1,14 €","0,76 €/L"
Nutella,Nutella,Embalagem de 700g,"8,54 €/Kg","8,54 €/Kg"
Tiras braseadas vegetarianas,Garden Gourmet,Embalagem de 175g,"3,99 €","19,95 €/Kg"
Tambor,Panda,1 un.,"14,99 €/Unidade","14,99 €/Unidade"
Sacos lixo eco com atilho 30 litros,PorSi,20 unidades,"1,89 €","1,89 €/Unidade"
Lixívia Densa + Squeeze Harmonias Florais,Neoblanc,Embalagem de 1 l,"1,74 €","0,35 €/L"
Lancheira,PorSi,Dim.: 20x14x15 cm,"21,90 €","21,90 €/Unidade"
Salada de Marisco,Amarras,Embalagem de 700 g,"2,19 €","8,59 €/Kg"
Iogurte grego stracciatella sem lactose,PorSi Viva Bem,Embalagem de 240g,"0,99 €","1,98 €/Kg"
Néctar vital equilibrio frutos vermelhos,Compal,Embalagem de 1 l,"0,99 €","0,99 €/L"
Alimento seco p/ cão actividade intensa,PorSi,Embalagem de 4kg,"6,49 €","4,64 €/Kg"
Iogurte líquido frutos tropicais,Longa vida,Embalagem de 4 x 160 g,"1,17 €","1,83 €/Kg"
Canja c/ aletria,Knorr,Embalagem de 70g,"2,20 €","31,43 €/Kg"
Iogurte líquido pinacolada corpos danone,Danone,Embalagem de 4 x 155 g,"1,17 €","1,83 €/Kg"
Tostas multicereais sem glúten,PorSi Viva Bem,Embalagem de 140g,"2,69 €","10,76 €/Kg"
Pudim Rico em Proteína de Avelã,Ehrmann,Embalagem de 200g,"2,15 €","10,75 €/Kg"
Cheerios 375g,Nestle,Embalagem de 380g,"5,07 €/Kg","5,07 €/Kg"
Dettol sabonete líquido Lavanda,Dettol,Garrafa de 250 ml,"1,09 €","2,18 €/L"
Desodorizante spray sport 48h,Labell Men,Embalagem de 200 ml,"1,39 €","6,95 €/L"
Arroz agulha,Caçarola,Embalagem de 1 kg,"0,99 €","0,99 €/Kg"
Sangria pet,Don Simon,"Garrafa de 1,5 l","2,19 €","1,46 €/L"
Acetona,PorSi,Embalagem de 250 ml,"1,09 €","4,36 €/L"
Cevada solúvel,Delta,Embalagem de 200 g,"1,45 €","14,50 €/Kg"
Mousse de Banho Silk Creme Care,Nivea,Embalagem de 200 ml,"4,99 €","16,63 €/L"
Spray óleo protect&bronze f30,Nivea Sun,Embalagem de 200 ml,"16,99 €","84,95 €/L"
Drageias Chocolate de leite,MALTESERS,"Embalagem de 148,5 g","2,99 €","15,99 €/Kg"
Brandy,Macieira,Garrafa de 1 l,"11,99 €","17,13 €/L"
Farinha p/ bolos extra fina,Nacional,Embalagem de 1 kg,"1,99 €","1,99 €/Kg"
Vinagre de vinho branco,PorSi,Garrafa de 1 l,"0,35 €","0,70 €/L"
Lambrusco tinto,*,Garrafa de 750 ml,"2,29 €","3,05 €/L"
Café em cápsulas deqafeitatus,Delta Q,Embalagem de 55 g,"3,99 €","72,55 €/Kg"
Detergente liquido concentrado limão p/ loiça,Xau,Embalagem com 1 l,"0,99 €","1,98 €/L"
Lenços Bolso Colletion,Kleenex,Pack 15 unidades,"2,35 €","2,35 €/Unidade"
Whisky caskmates,Jameson,Garrafa de 700 ml,"19,99 €","28,56 €/L"
Creme de dia para pele normal,Labell,Embalagem de 50 ml,"2,99 €","59,80 €/L"
Chá Aromatizado Pirâmide Oriente/Canela,PorSi,20 x 2 g,"1,69 €","56,33 €/Kg"
Vinagre vinho branco,PorSi,Garrafa de 500 ml,"0,35 €","0,70 €/L"
Espinafres em folhas,PorSi,Embalagem de 750 g,"1,89 €","1,89 €/Kg"
Anticongelante vermelho -11,Arbo,Embalagem de 5 l,"3,99 €","0,80 €/L"
Mix de Amendoins,Nuts Original,Embalagem de 150 g,"0,79 €","3,95 €/Kg"
Pastilha Elástica Bottle Frutos Vermelhos,Trident,Embalagem de 82 g,"0,89 €","59,33 €/Kg"
"Hamburguers de frango, 4 x 80 g",PorSi,Embalagem de 320g,"2,79 €","8,72 €/Kg"
Mistura para canários,Canto Alegre,Embalagem de 1K,"2,49 €","2,49 €/Kg"
Tablete de chocolate leite com avelã,PorSi Select,200 g,"3,79 €","14,04 €/Kg"
Arroz agulha Europa,PorSi,Embalagem de 1 kg,"0,99 €","0,99 €/Kg"
Garrafa água de vidro com filtro,Bergner,Cap.: 350 ml,"9,69 €","9,69 €/Unidade"
Vinagre vinho branco 500ml,Cristal,Garrafa de 500 ml,"0,35 €","0,70 €/L"
Líquido wc active clean mint & jasmin,Ambipur,750 ml,"1,79 €","2,39 €/L"
Bolachas starship chocolate,PorSi,Embalagem de 150g,"0,90 €","6,00 €/Kg"
Adoçante em pó,PorSi,250 saquetas,"5,99 €","23,96 €/Kg"
Cogumelos fatiados,PorSi,Embalagem de 400g,"1,89 €","1,89 €/Kg"
"Cerveja sem Álcool 0,0%",Carlsberg,Pack 6x25 cl,"5,99 €","3,03 €/L"
Creme anti-rugas reafirmante,Diadermine,Embalagem de 50 ml,"2,99 €","59,80 €/L"
Vinho branco monbazillac  2012,Expertclub,Garrafa de 750 ml,"6,89 €","9,19 €/L"
"Queijo, 16 porções",A Vaca Que Ri,Embalagem de 280g,"4,68 €","11,70 €/Kg"
Massa bagos,PorSi,Embalagem de 250g,"0,89 €","1,78 €/Kg"
Café moagem universal portugal,Delta,Embalagem de 250g,"9,16 €/Kg","9,16 €/Kg"
Pensos higiénicos liberty super abas,Evax,Embalagem com 10 un.,"4,99 €","4,99 €/Unidade"
Tesoura koopy 13cm,Maped,1 unidade,"1,35 €","1,35 €/Unidade"
Recarga p/ Esfregona |Suave,Vileda,,"5,99 €","5,99 €/Unidade"
Descafeinado,Nestlé,Embalagem de 100 g,"1,59 €","6,36 €/Kg"
Leite uht magro,Gresso,Embalagem de 1 litro,"0,81 €","0,81 €/L"
Detergente líquido máquina de roupa lavanda,PorSi,86 Doses,"8,69 €","1,84 €/Kg"
Comida húmida para gato esterilizado em molho com sa...,Purina One,4 x 85 g,"3,49 €","10,26 €/Kg"
Sacos lixo com alças 25 litros,PorSi,30 unidades,"1,89 €","1,89 €/Unidade"
Bolacha Maria sem lactose,PorSi Viva Bem,Embalagem de 200 g,"0,99 €","1,98 €/Kg"
Bebida láctea especial crescimento 1-3 anos,Mimosa,Embalagem de 200 ml,"0,26 €","1,30 €/L"
Concentrado manga,Sunquick,Garrafa de 580 ml,"3,69 €","4,92 €/L"
Tablete de chocolate de culinária - sem açúcar,PorSi Viva Bem,Embalagem de 100 g,"1,79 €","8,95 €/Kg"
Chá cavalinha,PLANTANATU,Embalagem de 10g,"1,25 €","62,50 €/Kg"
"Snack de queijo flamengo, amêndoas e arandos 3x40g",Limiano,Embalagem de 120g,"1,56 €","7,80 €/Kg"
Espumante Super Reserva Bruto,Raposeira,Garrafa de 0.75 l,"6,99 €","9,32 €/L"
"Pensos diários respirare, 44 unidades",Carefree,Uma embalagem,"1,79 €/Unidade","1,79 €/Unidade"
Fruta para bebé banana maçã +4 meses,Nestle,Embalagem de 90g,"0,74 €","8,22 €/Kg"
Bolachas Recheadas Com Chocolate,PRINCE,Embalagem de 178g,"2,15 €","2,87 €/Kg"
Filete de anchovas estendidas,General,Embalagem de 40g,"9,08 €/Kg","9,08 €/Kg"
Queijo ralado dispensador,PorSi,Embalagem de 80g,"1,49 €","7,45 €/Kg"
"Cereais special k, frutos vermelhos",Kellogg's,Embalagem de 300g,"3,45 €","26,74 €/Kg"
Batata frita lisa chips,PorSi,Embalagem de 185 g,"1,06 €","5,73 €/Kg"
10 pães de leite,PorSi,Embalagem de 350g,"1,69 €","4,83 €/Kg"
"Néctar pêssego, prisma",PorSi,Embalagem de 1 l,"0,99 €","0,99 €/L"
Sementes de linhaça dourada,PorSi Viva Bem,Embalagem de 250 g,"1,59 €","10,60 €/Kg"
Sangria branca,Don Simon,"Garrafa de 1,5 l","2,19 €","1,46 €/L"
Na-far pão caseiro 6kg,Nacional,Embalagem de 1 kg,"1,99 €","1,99 €/Kg"
Massa spaghetti tricolore,Milaneza,Embalagem de 500 g,"0,89 €","1,78 €/Kg"
Marmelada,PorSi,Embalagem de 900g,"1,09 €","2,42 €/Kg"
Empada de Frango 60 g,Fornada do Dia,,"0,65 €","0,65 €/Unidade"
Óleo 10w40 Semi-Sintectico,PorSi,Embalagem de 1 l,"14,99 €","14,99 €/L"
Bolacha de manteiga belga c/ chocolate,Saborosa,Embalagem de 200g,"10,00 €/Kg","10,00 €/Kg"
Bolachas digestive go chocolate,Triunfo,Embalagem de 200g,"1,19 €","5,95 €/Kg"
Adoçante à base de sucralose,PorSi Viva Bem,Embalagem de 17g,"5,99 €","23,96 €/Kg"
Paloco desfiado do pacifico,Peixe Fresco,Embalagem de 400 g,"8,73 €/Kg","8,73 €/Kg"
Tenda 2 pessoas,Bestway,Dim.: 220 x 120 x 90 cm,"12,99 €","12,99 €/Unidade"
Biscoitos de canela,PorSi,Embalagem de 750g,"0,69 €","3,45 €/Kg"
Café solúvel c/ cafeína,PorSi,Embalagem de 100g,"1,45 €","14,50 €/Kg"
Creme Dia Lift + Serum Preenchedor,Diadermine,Embalagem de 50 ml,"2,99 €","59,80 €/L"
Iogurte mix-in kit kat,Nestle,Embalagem de 2 x 115 g,"1,05 €","1,86 €/L"
Bolacha diet nature recheio creme,Gullon,Embalagem de 210g,"1,49 €","9,68 €/Kg"
Ketchup,PorSi,Embalagem de 300 g,"0,70 €","2,33 €/Kg"
Café moído torrado aroma bellissimo,Belissimo,Embalagem de 200g,"9,16 €/Kg","9,16 €/Kg"
Ambientador em stick amazonian citrus mexican,Opso,50 ml,"9,98 €/Unidade","9,98 €/Unidade"
Sabonete leite & mel,Palmolive,Embalagem de 4x90 g,"1,99 €","12,44 €/Kg"
Sabonete de Algas,Saboaria,Embalagem de 75 g,"1,99 €","12,44 €/Kg"
Framboesa,PorSi,Embalagem com 125g,"1,99 €","15,92 €/Kg"
Bebida Energética Apple,Hell,250 ml,"5,39 €","5,39 €/L"
Balde de Limpeza com Espremedor,PorSi,unidade,"2,50 €","2,50 €/Unidade"
Cebola picada,PorSi,Embalagem de 400 g,"1,89 €","1,89 €/Kg"
Creme p/ Mãos Godness,Dove,Embalagem de 75 ml,"2,49 €","41,50 €/L"
Saco de cama criança,Saurium,1 un.,"12,99 €","12,99 €/Unidade"
Refrigerante de lima-limão,Seven-up,"Garrafa de 1,25 l","0,79 €","0,40 €/L"
Arroz extra longo integral,Saludaes,Embalagem de 1 kg,"0,99 €","0,99 €/Kg"
Pastilhas café lote chávena,Delta,Embalagem de 110g,"3,99 €","72,55 €/Kg"
Ambientador elétrico sensual sandalwood & jasmine + ...,Glade,1 unidade,"3,74 €","3,74 €/Unidade"
Soja nacos,PorSi Viva Bem,Embalagem de 400 g,"1,49 €","3,73 €/Kg"
Gel de Banho Orquídea & Cashmere Extract,Nivea,Embalagem de 750 ml,"4,99 €","16,63 €/L"
Papel Premier p/ Fotocópia A4,Xerox,1 resma,"1,09 €","1,09 €/Unidade"
Vinho Regional de Lisboa Rosé,Mundus,"Garrafa de 0,75 l","2,29 €","3,05 €/L"
Creme para barrar,Nutella,Embalagem de 200 g,"8,54 €/Kg","8,54 €/Kg"
Sumo 100% ananás/uva,PorSi,Pack 3 x 200 ml,"1,09 €","0,73 €/L"
Vinho maduro branco meio seco,Adega grande,Garrafa de 750 ml,"1,25 €","1,67 €/L"
Vinh do porto ruby,Cruz,Garrafa de 750 ml,"6,65 €/L","6,65 €/L"
Costeletas do Lombo,Porco,Vendido ao peso a partir de 1 kg,"4,89 €","4,89 €/Kg"
Queijo mozzarella ralado,PorSi,Embalagem de 200 g,"1,49 €","7,45 €/Kg"
Bife da Alcatra,Novilho,1 un = 250 gr (aprox.),"6,39 €","7,99 €/Kg"
Amido de milho,PorSi,Embalagem de 400g,"1,89 €","17,18 €/Kg"
Porto tawny valadão,Valadao,Garrafa de 750 ml,"15,99 €","21,32 €/L"
Spray anti-bolores,Cif,435 ml,"1,79 €","2,39 €/L"
Kit mangueira + acessórios,Itools,"15 metros, c/ Suporte p/ Mangueira","15,99 €","15,99 €/Unidade"
Patê de salmão,La piara,Embalagem de 80g,"1,19 €","13,52 €/Kg"
Aditivo em pó oxi elimina odores,Vanish,Embalagem de 840 g,"4,99 €","18,15 €/Kg"
Champanhe tradicional bruto,Delagne&fi,Garrafa de 750 ml,"18,90 €","25,20 €/L"
Água c/ gás: limão/pepino/gengibre,Frize,pack 4 x 0.25 l,"2,85 €","2,85 €/L"
Farinha para bolos super fina,B.neve,Embalagem de 1 kg,"1,99 €","1,99 €/Kg"
Rabanetes,Legumes do dia,Embalagem 125g,"0,65 €","2,59 €/Kg"
25 Sacos do Lixo Escritório 19 L,Silvex,1 un.,"1,89 €","1,89 €/Unidade"
Ambientador elétrico flor de cerejeira,Air Wick,1 unidade,"3,74 €","3,74 €/Unidade"
Batata Roxa miúda,Legumes do Dia,Embalagem de 1 kg (aprox.),"1,79 €","3,58 €/Kg"
Pano Microfibra,Fino,1 unidades,"1,79 €","1,79 €/Unidade"
Whisky heritage blend,Logan,Garrafa de 700 ml,"38,49 €","54,99 €/L"
8 salsichas frankfurt,Izidoro,Embalagem de 200g,"0,75 €","3,75 €/Kg"
Camarão moçambique 30/40,PorSi,800 g,"4,11 €","20,55 €/Kg"
Leite c/ chocolate,Gresso,Pack 4X200ml,"0,26 €","1,30 €/L"
Galette de Rois,*,100 g,"4,29 €","6,60 €/Kg"
Bandida do pomar maçã 4x25cl,Bandida,Garrafa de 1 l,"1,59 €","3,18 €/L"
Conjunto Garphic para Esquerdinos,Maped,3 peças,"1,59 €","1,59 €/Unidade"
Gel de banho bio kids,Corine de Farme,300 ml,"4,99 €","16,63 €/L"
Azeitona galega mista inteira,PorSi,Vendido ao peso a partir de 500 g,"1,00 €","3,99 €/Kg"
Preparado para crepes,Branca de Neve,Embalagem de 380g,"0,79 €","5,27 €/Kg"
Galão enriquecido em cálcio,Ucal,Embalagem de 3 x 200 ml,"0,26 €","1,30 €/L"
"Azeite extra virgem, azeitonas verdes",Oliveira da Serra,Garrafa de 750 ml,"3,19 €","4,25 €/L"
Máscara reparadora de pontas,Gliss,Embalagem de 50 ml,"1,00 €","5,00 €/L"
Gogo SqueeZ Snack Maçã e Pera,Gogo,Embalagem de 90g,"2,29 €","6,94 €/L"
Toalhitas Sensitive |Recarga,Dodot,Pack: 4 x54 unidades,"1,09 €/Unidade","1,09 €/Unidade"
Cordon bleu,PorSi,Embalagem de 1 kg,"3,99 €","17,35 €/Kg"
Água com gás,Vimeiro,"Garrafa de 1,5 l","2,85 €","2,85 €/L"
Vinho verde branco,3 marias,Garrafa de 1 l,"3,09 €","3,09 €/L"
Sidra Hops N Apples,Somersby,pack 4 x 0.33 l,"1,59 €","3,18 €/L"
Iogurte ananás 000%,PorSi Viva Bem,Embalagem de 4 x 125 g,"1,44 €","2,88 €/Kg"
"Aperitivos, amendoins no forno",Matutano,Embalagem de 200g,"0,79 €","3,95 €/Kg"
Bacalhau Especial,PorSi,"1 un= 3kg /3,5kg (aprox.)","8,73 €/Kg","8,73 €/Kg"
"As minhas primeiras receitas - refeição batata, abób...",Nestle,Embalagem de 190g,"1,89 €","9,95 €/Kg"
Fita Adesiva Brico Facil Especial Dupla Face,Ceys,1 unidade,"3,59 €","119,67 €/Kg"
Fralda Cueca Activity Extra Tamanho 5,Dodot,Embalagem com 40 uni.,"3,05 €","3,05 €/Unidade"
Bolacha maria dourada,PorSi,Embalagem de 800g,"1,69 €","2,11 €/Kg"
Cappucinno,PorSi,Embalagem de 125 g,"3,19 €","25,52 €/Kg"
Côco ralado,PorSi,Embalagem de 200g,"1,06 €","5,30 €/Kg"
Vinho verde,Via Latina,Garrafa de 750 ml,"3,09 €","3,09 €/L"
Vinagre de limpeza,Dona Pureza,Embalagem de 1 l,"0,79 €","0,79 €/L"
Massa cuscus,PorSi,Embalagem de 250g,"0,89 €","1,78 €/Kg"
Bolachas digestive go aveia,Triunfo,Embalagem de 170g,"1,49 €","2,48 €/Kg"
Bolacha Maria Integral,PorSi,Embalagem de 600g,"1,49 €","2,48 €/Kg"
Creme vegetal para barrar,PorSi,Embalagem de 500 g,"1,75 €","3,50 €/Kg"
"Néctar de alperce, tetra",Compal,pack 3 x 200 ml,"0,99 €","0,99 €/L"
Cesto para o lixo bancada,PorSi,1 unidade,"2,50 €","2,50 €/Unidade"
Tampões Compak Pearl Regular Com Aplicador,Tampax,16 unidades,"3,99 €","3,99 €/Unidade"
Caixa de arrumação reciclada,PorSi,40 litros,"1,09 €","1,09 €/Unidade"
Lixívia Spray Mousse Flor,Neoblanc,Embalagem de 700ml,"1,74 €","0,35 €/L"
Vinho branco península de setúbal,Periquita,Garrafa de 0.75 l,"4,99 €","6,65 €/L"
Bandida do pomar frutos vermelhos lata 50cl,Bandida,Garrafa de 500 ml,"1,59 €","3,18 €/L"
"Alimento húmido para gato 7+, aves",Whiskas,Embalagem de 400g,"3,49 €","10,26 €/Kg"
Bolacha digestiva de aveia/chocolate,Gullon,Embalagem de 430g,"1,19 €","5,95 €/Kg"
Bebida doubleshot expresso,STARBUCKS,Embalagem de 200 ml,"3,19 €","25,52 €/Kg"
Aguardente,Alma pura,Garrafa de 0.70 l,"11,49 €","16,41 €/L"
Detergentes máquina lavar loiça ecológico,PorSi,26 pastilhas,"2,99 €","2,99 €/Unidade"
Cuecas de incontinência médias,Ausonia Discreet,Embalagem com 8 unidades,"9,99 €","9,99 €/Unidade"
Iogurtes magros aroma morango,PorSi Viva Bem,Embalagem de 6 x 125 g,"7,66 €/Kg","7,66 €/Kg"
Paloco desfiado,PorSi,Embalagem de 500 g,"3,79 €","7,58 €/Kg"
Ovos galinha solo L,PorSi,12 unidades,"4,10 €","4,10 €/Unidade"
Pão de forma s/ côdea,Bimbo,Embalagem de 650 g,"1,64 €","2,52 €/Kg"
Massa fusilli tricolor,Milaneza,Embalagem de 500g,"0,89 €","1,78 €/Kg"
Espirais s/ glúten,Milaneza,Embalagem de 500g,"2,99 €","7,97 €/Kg"
"M&m's drageias de amendoim e chocolate de leite,",M&m's,Embalagem de 200g,"2,99 €","15,99 €/Kg"
Mcvitie's avena choc chips 300g,MCVITIES,Embalagem de 300g,"1,19 €","5,95 €/Kg"
Gel de banho naturals amêndoa e leite,Palmolive,500 ml,"6,99 €","9,32 €/L"
Pensos para bolhas,PorSi,20 unidades,"2,86 €","2,86 €/Unidade"
Lombo de bacalhau,PorSi,Vendido ao peso,"8,73 €/Kg","8,73 €/Kg"
Tortitas de arroz chocolate negro,PorSi Viva Bem,130 g,"1,45 €","11,15 €/Kg"
Mochila,PorSi,Dim.: 40x30x18 cm,"21,90 €","21,90 €/Unidade"
Doce de abóbora c/ noz,Quinta de Jugais,Embalagem de 280g,"2,19 €","9,95 €/Kg"
Yaos magro natural,Nestle,Embalagem de 4x110g,"2,99 €","6,80 €/Kg"
Aditivo em pó máquina pink,Vanish,Embalagem de 1.2 kg,"4,99 €","18,15 €/Kg"
Lixívia Gel Brisa Marítima,Neoblanc,Embalagem de 700ml,"1,09 €","0,55 €/L"
Snack bone beef xs,8in1,Embalagem de 80g,"0,94 €","5,22 €/Kg"
Mistura solúvel c/ 20% café pó,PorSi,Embalagem de 200g,"1,64 €","6,56 €/Kg"
"Creme de noite, age perfect",L'oreal,Embalagem de 50 ml,"2,99 €","59,80 €/L"
Bolachas marinheiras integrais,Cemporcent,Embalagem de 200g,"1,45 €","11,15 €/Kg"
Batata frita lisa,PorSi,Embalagem de 90g,"1,06 €","5,73 €/Kg"
Bolacha recheada mega duo cacau,Gullon,Embalagem de 500g,"2,15 €","2,87 €/Kg"
Creme fixação para dentaduras,Polident,Embalagem de 70 g,"9,79 €","122,38 €/Kg"
Iogurte Activia 0% aveia e linhaça,Danone,Embalagem de 4 x 120 g,"2,79 €","6,07 €/Kg"
Rebuçados mini café,PorSi,Embalagem de 200g,"1,25 €","6,25 €/Kg"
20 saquetas infusão limão gengibre,Lipton,Embalagem de 40g,"2,69 €","89,67 €/Kg"
Arroz carolino,Caçarola,Embalagem de 1kg,"0,99 €","0,99 €/Kg"
Polpa de manga,PorSi,Embalagem de 850g,"1,99 €","2,37 €/Kg"
Rolinhos waffletten milk,Bahlsen,Embalagem de 100g,"2,76 €","11,04 €/Kg"
Pá do Lixo C/ Cabo,PorSi,1 un.,"2,20 €","2,20 €/Unidade"
Vinagre de sidra,PorSi,500 ml,"0,35 €","0,70 €/L"
Máquina Depilatória Extra Smooth Sensitive,Gillette,1 unidade,"5,49 €","5,49 €/Unidade"
Ambientador spray aerosol white bouquet,Air Wick,Garrafa de 240 ml,"0,99 €","3,30 €/L"
"Guardanapos brancos, 33x33cm, 2 folhas",PorSi,Embalagem com 100 unidades,"1,29 €","1,29 €/Unidade"
Renovador Camurça em Spray Preto,Búfalo,Embalagem de 250 ml,"2,99 €","29,90 €/L"
"Elixir bocal, menta",Labell,Embalagem de 500 ml,"5,99 €","11,98 €/L"
Body Milk Cocoa,Nivea,Embalagem de 250 ml,"3,49 €","23,27 €/L"
Óleo alimentar,Fula,Embalagem 1L,"3,59 €","3,59 €/L"
Banco Monobloco Verde Escuro,Joluce,1 unidade 36X36X46cm,"3,49 €","3,49 €/Unidade"
Sementes de sésamo,PorSi Viva Bem,Embalagem de 200 g,"1,59 €","10,60 €/Kg"
Sangria branca,PorSi,Garrafa de 1.5 litros,"2,19 €","1,46 €/L"
Bolachas chiquilin energy,Artiach,Embalagem de 200g,"10,00 €/Kg","10,00 €/Kg"
Kit de viagem,Colgate,pasta dentífrica + escova,"3,49 €","3,49 €/Unidade"
Limpa vidros boost,Ajax,Embalagem de 500 ml,"3,19 €","6,38 €/L"
Atum em azeite,Ramirez,Embalagem de 120g,"9,08 €/Kg","9,08 €/Kg"
Leite UHT Morango sem Lactose,Mimosa,Pack 3 x 250 ml,"0,99 €","0,99 €/L"
Alimento lácteo banana +6 meses,Yogolino,Embalagem de 4 x 100 g,"2,89 €","7,23 €/Kg"
Natas uht 3 queijos,Parmalat,Embalagem de 200 ml,"1,12 €","5,60 €/L"
Mistura de cogumelos,PorSi,Embalagem de 400g,"1,89 €","1,89 €/Kg"
Fralda Recém Nascido T2 |3-6 kg,Chelino,Embalagem 28 Unidades,"6,49 €","6,49 €/Unidade"
Chocolate toffee,Allegro,Embalagem de 50g,"2,69 €","22,42 €/Kg"
Sultana Dourada,PorSi,Embalagem de 200g,"0,79 €","3,95 €/Kg"
Bolachas água e sal doces,Vieira,Embalagem de 170g,"1,19 €","5,95 €/Kg"
Toucinho do céu,PorSi,Embalagem de 2x100 g,"1,56 €","3,90 €/Kg"
Iogurte vidro pedaços morango,PorSi,Embalagem de 2 x 135 g,"2,99 €","6,80 €/Kg"
"Snack de queijo flamengo, amêndoas e arandos",Limiano,Embalagem de 40g,"1,56 €","7,80 €/Kg"
Papel higiénico compacto 2 folhas,PorSi,18 = 36 Rolos,"1,99 €","1,99 €/Unidade"
"Queijinho, yoco suisse maxi, morango",Nestle,Embalagem de 4 x 90 g,"1,05 €","1,86 €/L"
Iogurte Líquido Yoggi s/ lactose frutos silvestres,Nestle,4x160g,"0,99 €","1,98 €/Kg"
Sumo essencial manga,Compal,pack 3 x 0.11 l,"0,99 €","0,99 €/L"
Gel Styling Casual Black,Axe,Embalagem de 75 ml,"5,99 €","14,98 €/L"
Bolacha maria ruca doses,Vieira,Embalagem de 300g,"1,69 €","2,11 €/Kg"
Pó de talco,PorSi,Embalagem de 250g,"1,24 €","4,96 €/Kg"
Frango Inteiro Grande,Frango,1 un = 1.6 kg (aprox.),"1,05 €","2,99 €/Kg"
Queijo curado vaca e ovelha,D. Sebastião,Embalagem de +-550G,"8,99 €","16,35 €/Kg"
Bolachas cookies choco xl,Milka,Embalagem de 180g,"0,90 €","6,00 €/Kg"
Caras de Bacalhau +500 gr,Bacalhau,1 un = 500 gr (aprox.),"8,73 €/Kg","8,73 €/Kg"
Fralda Cueca Banho Splashers T3,Dodot,1 Embalagem c/12 unidades,"3,05 €","3,05 €/Unidade"
Lâmpada LED Formato Clássico 8W E27 220-240V,Domédia,1 un.,"3,89 €","3,89 €/Unidade"
Bolacha vitalday aveia e chocolate,Gullon,Embalagem de 240g,"3,09 €","10,30 €/Kg"
Vinho tinto doc dão,Cabriz,Garrafa de 0.75 l,"3,99 €","5,32 €/L"
"Creme muda de fralda calmante, peles sensiveis",Corine de Farme,Embalagem de 100 ml,"1,24 €","4,96 €/Kg"
Mini salsichas cocktail,Nobre,lata de 180g,"0,75 €","3,75 €/Kg"
Tinta Rápida p/ Calçado Castanho,Búfalo,Embalagem de 25 ml,"0,99 €","19,80 €/L"
Queijo de cabra,Palhais,Embalagem de 200g,"4,62 €","18,49 €/Kg"
Açúcar granulado,Rar,Embalagem de 1kg,"1,49 €","1,49 €/Kg"
"Coloração permanente, vermelho ousado nº5.62",Nutrisse,1 unidade,"5,99 €","5,99 €/Unidade"
Toalhitas Bebé Basic,PorSi,Embalagem de 72 unidades,"1,09 €/Unidade","1,09 €/Unidade"
Mochila,PorSi,Dim.: 40X30X18CM,"21,90 €","21,90 €/Unidade"
Café moagem grossa bio,PorSi Bio,Embalagem de 250g,"9,16 €/Kg","9,16 €/Kg"
Batata Pré-Frita Dauphines,PorSi,500 g,"1,49 €","2,48 €/Kg"
Boneca Caty 85 cm,Vicam,1 unidade,"27,99 €/Unidade","27,99 €/Unidade"
Spray power&shine casa de banho,Cif,Garrafa de 750 ml,"0,79 €","0,79 €/L"
Espumoso moscato,Selecção de Enófilos,"Garrafa de 0,75 l","3,99 €","5,32 €/L"
Tábua de engomar,PorSi,Dim.: 120 x 38 cm,"20,00 €","20,00 €/Unidade"
Rebuçados de mentol,PorSi,Embalagem de 250g,"0,89 €","27,81 €/Kg"
Eau de Toilette Senhora Blue Seduction,António Banderas,Embalagem de 200ML,"23,99 €","119,95 €/L"
Fiambre da perna extra baixo teor de gordura fatias ...,PorSi Viva Bem,Embalagem de 200 g,"12,79 €/Kg","12,79 €/Kg"
Bolacha dibus sharkies s/ glúten,Gullon,Embalagem de 250g,"3,49 €","19,39 €/Kg"
Spray Protect&Bronze FP30,Nivea Sun,1 Embalagem 300ml,"11,99 €","59,95 €/L"
Amendoins Torrados,Nuts Original,Embalagem de 130 g,"0,79 €","3,95 €/Kg"
Maçã fuji 60/65 categoria II Origens,PorSi,Embalagem de 1.5 kg,"0,37 €","2,49 €/Kg"
Pirassununga (38º),Cachaca 51,Garrafa de 700 ml,"17,49 €","24,99 €/L"
Iogurte líquido dan'up milkshake straciatella,Danone,Embalagem de 4 x 155 g,"1,17 €","1,83 €/Kg"
Café Solúvel Black Roast,Nescafe,Embalagem de 200g,"1,45 €","14,50 €/Kg"
Caderno Agrafado Capa Preta |A5 Quadriculado,Domédia,1 unidade,"1,09 €","1,09 €/Unidade"
Pringles flame kickin sour cream,Pringles,Embalagem de 160g,"1,19 €","6,43 €/Kg"
Farinha,Maizena,Embalagem de 400g,"1,99 €","1,99 €/Kg"
Açucar icing,Rar,Embalagem de 250 g,"1,49 €","1,49 €/Kg"
Conjunto acessórios para vinho,Anilar,1 unidade,"17,99 €","17,99 €/Unidade"
Esoumante prosecco branco,Gancia,Garrafa de 750 ml,"3,99 €","5,32 €/L"
Ice tea pêssego,Lipton,Garrafa de 2 l,"1,14 €","0,76 €/L"
"Refresco em pó, ananás",Tang,Embalagem de 30g,"0,75 €","18,75 €/Kg"
Chá verde menta,PorSi,Embalagem de 43.7 g,"1,14 €","114,00 €/Kg"
Refresco pó laranja e morango,PorSi,Embalagem de 40g,"0,75 €","18,75 €/Kg"
Grão de bico,PorSi,Embalagem de 820g,"1,79 €","2,29 €/Kg"
Pudim Rico em Proteína de Café,Ehrmann,Embalagem de 200g,"2,15 €","10,75 €/Kg"
Tira Nódoas em Pó Cores,Skip,1 kg,"1,69 €","1,69 €/L"
Cerveja preta 0.0%,Sagres,Pack 4 x 0.33 l,"5,99 €","3,03 €/L"
Vinho regional alentejano bag-in-box branco,Galitos,Garrafa de 5 l,"8,59 €","1,72 €/L"
"Comida húmida para cão adulto com frango, vaca e bor...",Friskies,Embalagem de 400g,"0,75 €","2,50 €/Kg"
Melão Branco,Fruta do Dia,"Vendido ao peso,1 un= 2.5 kg (aprox.)","2,48 €","0,99 €/Kg"
Perolas perfumadas fresh,PorSi,Embalagem de 275 g,"8,69 €","1,84 €/Kg"
Pomada Oxido de Zinco,Hygie'net,100 ml,"0,58 €","0,58 €/Unidade"
Leite Bem Essencial morango,Mimosa,Embalagem de 4 x 200 ml,"1,99 €","2,49 €/L"
Maçã Evelina Perlim,Fruta do Dia,Categoria: II,"0,37 €","2,49 €/Kg"
Iogurte líquido infantil morango e banana,PorSi,Pack 6 x 100 g,"1,05 €","1,86 €/L"
Ovos galinha solo l,PorSi,6 ovos,"4,10 €","4,10 €/Unidade"
"Sacos para snack, pack com 50 unidades",Silvex,1 embalagem,"1,11 €","1,11 €/Unidade"
Baby Microfone,Clementoni,1 un.,"14,99 €/Unidade","14,99 €/Unidade"
Régua 20 cm,Mab,1 un.,"1,35 €","1,35 €/Unidade"
Vinho branco tejo,Alorna,Garrafa de 750 ml,"4,49 €","5,99 €/L"
Creme Depilatório Peles Sensíveis,Veet,Embalagem de 400 ml,"2,99 €","14,95 €/L"
Sopa de Caldo Verde,Brilha ali,Vendido ao peso,"3,59 €","3,59 €/Kg"
Orégãos em folha,PorSi,Embalagem de 10g,"0,39 €","0,39 €/Kg"
Entremeada Novilho,Novilho,1 un=150 gr (aprox),"6,39 €","7,99 €/Kg"
Patê atum em escabeche,La piara,Embalagem de 80g,"1,19 €","13,52 €/Kg"
Champô Anti-Caspa,Pantene,360 ml,"5,59 €","13,98 €/L"
Concentrado Laranja e Pêssego,Sunquick,Garrafa de 700 ml,"3,69 €","4,92 €/L"
Açúcar granulado embalado em papel,Rar,Embalagem de 1 kg,"1,49 €","1,49 €/Kg"
"Queijo ralado, 4 queijos",President,Embalagem de 150 g,"1,49 €","7,45 €/Kg"
Manteiga sem sal terra nostra,Terra Nostra,Embalagem de 250g,"1,69 €","6,76 €/Kg"
Leite regular 3,Aptamil,Embalagem de 800 g,"22,39 €","27,99 €/Kg"
10 saquetas infusão de cidreira,Lipton,Embalagem de 20g,"0,69 €","20,91 €/Kg"
Crepe chocolate,PorSi,Embalagem de 540g,"2,99 €","5,54 €/Kg"
Desentupidor de canos,Domestos,Garrafa de 1 l,"1,79 €","2,39 €/L"
Leite e cereais 8 cereais e mel +6 meses,Cerelac,Garrafa de 400 ml,"4,49 €","4,49 €/Kg"
Vinho tinto bag-in-box,Capataz,Embalagem de 5 l,"8,59 €","1,72 €/L"
Pasta dentífrica,Couto,Embalagem de 60 ml,"2,39 €","31,87 €/L"
Papel Higiénico Original 2 folhas,Scottex,Embalagem c/ 16 Rolos,"1,99 €","1,99 €/Unidade"
Leite Corporal Multiconforto Intensivo Pele Seca,Mixa,Embalagem de 250ml,"3,49 €","23,27 €/L"
Queijo meio gordo fatias,Paiva,Embalagem de 180g,"1,56 €","7,80 €/Kg"
Caixa iglo azul com tampa,*,11 cm,"1,11 €","1,11 €/Unidade"
Ambientador stick flor de cerejeira,Air Wick,1 unidade,"3,74 €","3,74 €/Unidade"
Bolachas mini prince recheadas com chocolate,PRINCE,Embalagem de 160 g,"0,79 €","5,27 €/Kg"
Pizza de bolonhesa,PorSi,Embalagem de 350g,"2,16 €","6,17 €/Kg"
Creme de Limpeza Facial com Chá Kombucha,Diadermine,40 g,"4,99 €","4,99 €/Unidade"
Creme culinário soja,PorSi Viva Bem,Embalagem de 200 ml,"3,99 €","26,60 €/L"
Pão de queijo,*,1 un. = 20 g,"0,19 €","2,71 €/Kg"
Special k aveia mel,Kellogg's,Embalagem de 420g,"3,99 €","7,98 €/Kg"
Molho bechamel,PorSi,Embalagem de 500 ml,"1,12 €","5,60 €/L"
"Batata frita, presunto",Ruffles,Embalagem de 80g,"1,19 €","6,43 €/Kg"
Papa infantil para preparar com leite +6 meses,Cerelac,Embalagem de 250g,"4,49 €","4,49 €/Kg"
Régua 50 cm,Mab,1 un.,"1,35 €","1,35 €/Unidade"
Smarties mini chocolate,SMARTIES,Embalagem de 187g,"2,99 €","15,99 €/Kg"
Leite creme,PorSi,Embalagem de 4x23g,"1,69 €","8,45 €/L"
Chocolate single 38g,Toff.crisp,Embalagem de 40g,"2,76 €","11,04 €/Kg"
Batata frita light,Lay's,Embalagem de 140g,"0,95 €","6,33 €/Kg"
Leite bem essencial chocolate,Mimosa,Embalagem de 200 ml,"0,26 €","1,30 €/L"
Moscatel de setúbal,Alambre,"Garrafa de 0,75L","5,99 €","7,99 €/L"
Néctar clássico pêssego,Compal,200 ml,"0,99 €","0,99 €/L"
Conjunto Urban Floral,Nike,PERFUME 100ML + LOÇÃO CORPORAL 75ML + GEL DE BANHO 75ML,"11,99 €","11,99 €/Unidade"
Desodorizante de pés em spray refrescante,Protex,Embalagem de 100 ml,"5,99 €","59,90 €/L"
Ambientador spray de lavanda,Air Wick,Garrafa de 240 ml,"0,99 €","3,30 €/L"
Bolachas cream cracker,PorSi,Embalagem de 200g,"0,39 €","3,12 €/Kg"
Tablete triple caramelo,Milka,Embalagem de 90g,"1,59 €","7,95 €/Kg"
Vinho do Porto Tawny,Velhotes,"garrafa de 0,75 l","15,99 €","21,32 €/L"
Alimento seco p/ cão raça pequena,PorSi Select,Embalagem de 3kg,"6,49 €","4,64 €/Kg"
Azeite,Condestável,Garrafa de 750 ml,"3,19 €","4,25 €/L"
Bolacha de água e sal júnior,Vieira,Embalagem de 160g,"1,19 €","5,95 €/Kg"
Fio dental gentle suave,Sensodyne,1 unidade,"0,85 €","0,85 €/Unidade"
Fralda Activity T3 - 6 a 10 kg,Dodot,66 unidades,"6,49 €","6,49 €/Unidade"
Tratamento diamante força extra,Tresemmé,Embalagem de 180 ml,"1,00 €","5,00 €/L"
Creme Rosto Dia Pele Mista Antirrugas Q10 Plus,Nivea,Embalagem de 50 ml,"2,99 €","59,80 €/L"
Snack gato sticks carne 6x5g porsi,PorSi,Embalagem de 30g,"0,99 €","16,50 €/Kg"
Lixívia com detergente,PorSi,Embalagem de 2 l,"1,09 €","0,55 €/L"
Adoçante em pó stevia,PorSi Viva Bem,Embalagem de 17g,"5,99 €","23,96 €/Kg"
Caramelos de fruta multisabor single,Sugus,Embalagem de 50g,"1,10 €","4,40 €/Kg"
Cerveja sem álcool,Cheers,Pack 6 x 0.33 l,"5,99 €","3,03 €/L"
"Vinho branco, denominação de origem controlada, dour...",VILA REAL,Garrafa de 750 ml,"7,49 €","9,99 €/L"
Condicionador cabelos loiros,Ultra Suave,Embalagem de 200 ml,"1,00 €","5,00 €/L"
Super Napolitana Creme 125 g,Pastelaria do Dia,1 un = 125 g (aprox.),"0,49 €/Unidade","0,49 €/Unidade"
Toalhitas Bebé Pure Extra Care,Huggies,Embalagem com 3 x 56 unidades,"1,09 €/Unidade","1,09 €/Unidade"
"Pasta de arquivo, lombada estreita, verde",Domédia,1 unidade,"1,49 €","1,49 €/Unidade"
Soja líquido frutos exóticos,PorSi Viva Bem,Embalagem de 4 x 150 ml,"2,36 €","3,93 €/L"
Dentífrico júnior 7 a 12 anos,Colgate,Embalagem de 50 ml,"1,05 €","1,05 €/Unidade"
Tablete de chocolate culinário negro,PorSi,Embalagem de 200 g,"1,79 €","8,95 €/Kg"
Snack Delight XS,8in1,embalagem de 84g,"0,94 €","5,22 €/Kg"
Empada imperial de frango,*,60 g,"0,65 €","0,65 €/Unidade"
"Água perfumada, peles sensiveis",Corine de Farme,Embalagem de 250 ml,"1,24 €","4,96 €/Kg"
Bloco sanitário com suporte azul,WC Pato,Embalagem de 40 g,"2,99 €","74,75 €/Kg"
Mistura solúvel bolero,Nestle,Embalagem de 200g,"1,64 €","6,56 €/Kg"
Ambientador elétrico baunilha & magnólia asiática,Air Wick,Difusor + Recarga,"3,74 €","3,74 €/Unidade"
Ambientador Difusor Frutos Vermelhos,PorSi,50 ml,"7,99 €","38,05 €/Kg"
Delta cappuccino 10x14g,Delta,Embalagem de 140g,"3,19 €","25,52 €/Kg"
Tablete chocolate chips ahoy,Milka,Embalagem de 100g,"1,59 €","7,95 €/Kg"
Mousse Caramelo,A leiteira,Embalagem de 4 x 60 g,"1,19 €","2,59 €/Kg"
Sabonete líquido Marselha e Azeitona,Labell,Embalagem de 500 ml,"1,09 €","2,18 €/L"
"Salsichas em frasco bockwurst, 5 un",Izidoro,Embalagem de 250g,"0,75 €","3,75 €/Kg"
Caderno Espiral Universal A5 Quadriculado,Domédia,1 un.,"1,09 €","1,09 €/Unidade"
"Saca rolhas a pilhas, preto/inox",Anilar,1 unidade,"3,99 €","3,99 €/Unidade"
Água s/ gás,Luso,"Garrafa de 5,4 l","1,04 €","0,17 €/L"
Doce arando e mirtilo,ST.DALFOUR,Frasco de 284g,"2,19 €","9,95 €/Kg"
Farinha para bolos fina,Branca de Neve,Embalagem de 1 kg,"1,99 €","1,99 €/Kg"
Bolo rei,Pastelaria do Dia,800 g,"4,29 €","6,60 €/Kg"
"Luvas multiusos relevo antiderrapante, tamanho peque...",PorSi,Embalagem de 1 unidades,"0,69 €","0,69 €/Unidade"
Maçã Fuji de Alcobaça IGP 55/70,*,Embalagem de 750 g,"0,37 €","2,49 €/Kg"
Aptamil  prosyneo ha 1,Aptamil,Embalagem de 800g,"22,39 €","27,99 €/Kg"
Aguardente vínica velha,Alianca v.,Garrafa de 700 ml,"11,49 €","16,41 €/L"
Água c/ Gás Ananás,Frize,pack 4 x 0.25 l,"2,85 €","2,85 €/L"
Crepe maçã e canela,PorSi,Embalagem de 540 g,"2,99 €","5,54 €/Kg"
Azeite virgem extra,Ouro elvas,Garrafa de 750 ml,"3,19 €","4,25 €/L"
Molho bechamel,PorSi,Embalagem de 200g,"0,70 €","2,33 €/Kg"
Sopa de cozido,Knorr,Embalagem de 70g,"2,20 €","31,43 €/Kg"
Bolachas digestive finas de chocolate de leite,Triunfo,Embalagem de 170 g,"1,19 €","5,95 €/Kg"
Leite com chocolate,PorSi,Embalagem de 200 ml,"0,26 €","1,30 €/L"
Lâmpada LED Formato Clássico 10W E27 220-240V,Domédia,1 un.,"3,89 €","3,89 €/Unidade"
Esparguete,PorSi,Embalagem de 1 kg,"0,89 €","1,78 €/Kg"
Azeite virgem extra reserva,Gallo,Garrafa de 750 ml,"3,19 €","4,25 €/L"
Mel de néctar multifloral bio,PorSi Bio,Frasco de 250g,"4,89 €","9,78 €/Kg"
Gelado magnum pint amêndoas,Olá,Embalagem de 440 ml,"5,49 €","6,10 €/L"
Água sem gás,Vitalis,Garrafa de 0.5 l,"1,04 €","0,17 €/L"
Café em grão,Delta,Embalagem de 250g,"9,16 €/Kg","9,16 €/Kg"
Chá Aromatizado Pirâmide Baunilha/Caramelo,PorSi,20 x 2 g,"1,69 €","56,33 €/Kg"
Gelatina zero % morango,Koala,Embalagem de 130g,"1,14 €","8,77 €/Kg"
Guardanapos brancos 22x22cm | folha dupla,Renova,90 unidades,"1,29 €","1,29 €/Unidade"
Iogurte morango skyr 0%,PorSi Viva Bem,150 g,"1,39 €","9,59 €/Kg"
Papa infantil não láctea multicereais +6 meses,Cerelac,Embalagem de 250g,"4,49 €","4,49 €/Kg"
Licor de coco,On Off,"Garrafa de 0,70 l","7,49 €","10,70 €/L"
Detergente líquido p/ máquina lavar roupa cores escu...,Woolite,"Garrafa de 1,65 l","8,69 €","1,84 €/Kg"
Fita adesiva,PorSi,5m x 1.25 cm,"2,86 €","2,86 €/Unidade"
Detergente pastilhas p/ máquina loiça oxyplus,Super Pop,Embalagem de 45 unidades,"2,99 €","2,99 €/Unidade"
Bolachas com geleia de framboesa,Chabrior,Embalagem de 150 g,"1,77 €","5,53 €/Kg"
Iogurte Líquido Yoggi s/ lactose frutos silvestres,Nestle,4x160g,"1,17 €","1,83 €/Kg"
Leite com chocolate original,Ucal,Embalagem de 18 x 250 ml,"0,26 €","1,30 €/L"
"Iogurte sabor morango, banana e tutti frutti",Danone,Embalagem de 8 x 120 g com 1 grátis,"2,59 €","5,40 €/Kg"
Bolachas de aveia e trigo integral,PorSi Viva Bem,Embalagem de 240g,"3,09 €","10,30 €/Kg"
Biscoitos allumettes,Du Bois de la Roche,Embalagem de 135 g,"0,69 €","3,45 €/Kg"
Café moído torrado aroma originale,Belissimo,Embalagem de 200g,"9,16 €/Kg","9,16 €/Kg"
Brócolos congelados,PorSi,Embalagem de 1 kg,"1,89 €","1,89 €/Kg"
Ambientador elétrico maçã,Glade,20 ml,"3,74 €","3,74 €/Unidade"
Snacks crocantes com bacon,PorSi,Embalagem de 60g,"0,79 €","7,90 €/Kg"
Roupão banho criança azul,PorSi,33 x 53 cm,"4,99 €","4,99 €/Unidade"
Lion barra cereais  25g,Nestle,Embalagem de 150g,"1,29 €","10,24 €/Kg"
Leite seleccionado matinal leve,Matinal,Embalagem de 200 ml,"0,81 €","0,81 €/L"
Lanche Misto,Pastelaria do Dia,1 unidade= 115 g,"0,65 €","0,65 €/Unidade"
Vinho maduto tinto,Casal da eira,Embalagem de 1 l,"0,85 €","0,85 €/L"
Atum filete manjericão + tomate,Tenorio,Embalagem de 120g,"9,08 €/Kg","9,08 €/Kg"
Vinho verde branco,MIRANDA,"Garrafa de 0,75 l","3,09 €","3,09 €/L"
Água com gás natural pet,P.salgadas,pack 6 x 0.33 l,"2,85 €","2,85 €/L"
"Recarga Sabonete líquido, Amêndoas",Palmolive,Embalagem de 500 ml,"1,09 €","2,18 €/L"
Néctar ananás,PorSi,Pack 3 x 200 ml,"0,99 €","0,99 €/L"
Vinho do Porto Branco,Velhotes,"Garrafa de 0,75 l","11,99 €","15,99 €/L"
Whisky portwood,The Famous Grouse,Garrafa de 700 ml,"19,99 €","28,56 €/L"
Chocolate Extra Dark,After Eight,Embalagem de 400 g,"1,49 €","29,80 €/Kg"
Vinho rosé,Mateus,Garrafa de 750 ml,"4,29 €","5,72 €/L"
"Espuma de cabelo, volume xxl",Fru style,Embalagem de 200 ml,"3,89 €","51,87 €/L"
Café solúvel sem cafeína,Nescafe,Embalagem de 20g,"1,45 €","14,50 €/Kg"
Conjunto Trio Box Colors,Magic Studio,,"9,99 €","9,99 €/Unidade"
Esfregão de fibra com cabo depósito com detergente,Fino,embalagem com 5 un. + 1 un.,"1,99 €","1,99 €/Unidade"
Refresco em pó de laranja,Tang,Embalagem de 30g,"0,75 €","18,75 €/Kg"
Toalhitas de Limpeza,Chicco,Embalagem c/ 72 un.,"1,09 €/Unidade","1,09 €/Unidade"
Amaciador  p/ roupa concentrado Aromaterapia,PorSi,Embalagem com 60 doses,"3,99 €","3,99 €/Unidade"
Café Torrado em Grão Indonésia,Delta,Embalagem de 220g,"9,16 €/Kg","9,16 €/Kg"
Maionese top down,Hellmman's,Embalagem de 238 g,"0,70 €","2,33 €/Kg"
Lipton limão zero pet,Lipton,Garrafa de 2 l,"1,14 €","0,76 €/L"
Pudim Rico em Proteína de Caramelo,Ehrmann,Embalagem de 200g,"1,19 €","2,59 €/Kg"
Aguardente vínica,P.marante,Garrafa de 700 ml,"11,49 €","16,41 €/L"
Especialidade de soja natural,PorSi Viva Bem,Embalagem de 4 x 100 g,"2,36 €","3,93 €/L"
Arroz carolino,PorSi,Embalagem de 1 kg,"0,99 €","0,99 €/Kg"
Estendal de roupa com abas resina,PorSi,20 metros,"0,89 €","0,89 €/Unidade"
Lixívia para roupa tradicional,Neoblanc,Embalagem de 1 l,"2,19 €","1,10 €/L"
Feijão encarnado,PorSi,Embalagem de 820 g,"1,79 €","2,29 €/Kg"
Flocos de cereais com mel,PorSi,Embalagem de 750g,"2,99 €","3,99 €/Kg"
Esfregão Fibra Verde Grande XXL Gama Classic,Scotch-Brite,Embalagem de 1 unidades,"1,99 €","1,99 €/Unidade"
Toalha em rolo papel rosa,PorSi,1 Unidade,"3,59 €","3,59 €/Unidade"
"Frutapura pera, banana e alperce",Bledina,Embalagem de 85g,"2,29 €","6,94 €/L"
Ovos galinha solo m,PorSi,6 ovos,"4,10 €","4,10 €/Unidade"
Marmelada com frutose,PorSi Viva Bem,Embalagem de 400g,"1,09 €","2,42 €/Kg"
Iogurte activia líquido morango,Danone,Embalagem de 4 x 155 g,"2,79 €","6,07 €/Kg"
Gel wc anticalcário sem lixívia,PorSi,"Garrafa de 1,5 l","2,29 €","3,05 €/L"
Sopa Creme de Marisco,PorSi,Embalagem de 80 g,"2,20 €","31,43 €/Kg"
"Coloração permanente, castanho claro cobre nº54",Nutrisse,1 unidade,"5,99 €","5,99 €/Unidade"
Piaçaba com suporte,PorSi,1 unidade,"4,99 €","22,18 €/Kg"
Aditivo gasolina sem chumbo,Redex,Embalagem de 250 ml,"4,99 €","19,96 €/L"
Mousse de chocolate,PorSi,Embalagem de 110 g,"1,19 €","2,59 €/Kg"
Esfregão Ultra Fresh,Vileda,Embalagem de 2 + 1 Grátis,"1,99 €","1,99 €/Unidade"
Creme Mãos Secrets Abacate,Dove,75 ml,"2,49 €","41,50 €/L"
"Limpa vidros, azul",PorSi,Embalagem de 5 l,"3,99 €","0,80 €/L"
"Mistura de couve flor, brócolos e cenoura",PorSi,Embalagem de 1 kg,"1,89 €","1,89 €/Kg"
Leite uht sem lactose magro,PorSi Viva Bem,1 litro,"0,99 €","0,99 €/L"
"Salsichas aves, frasco com 5 unidad",Izidoro,Embalagem de 250g,"0,75 €","3,75 €/Kg"
Bio miolo amendoa compele,PorSi Bio,Embalagem de 100g,"0,79 €","3,95 €/Kg"
Piscina familiar,Bestway,Dim.: 262x157x46 cm,"32,99 €","32,99 €/Unidade"
Chá verde pyr immune support,Lipton,Embalagem de 30g,"1,14 €","114,00 €/Kg"
Rum anejo especial,Havana,Garrafa de 700 ml,"17,49 €","24,99 €/L"
Panado de espinafres e queijo vegetariano,Garden Gourmet,Embalagem de 180g,"3,99 €","19,95 €/Kg"
Pensos Incontinência Homem Men Diário,Tena,14 un.,"1,95 €","1,95 €/Unidade"
"Refrigerante sem gás, maracujá e la",Joi,"Garrafa de 1,5 l","1,14 €","0,76 €/L"
Brandy  (36º),Macieira,Garrafa de 700 ml,"11,99 €","17,13 €/L"
Tequila,On Off,Garrafa de 70 cl,"11,99 €","11,99 €/L"
Salada de Marisco,*,Embalagem de 700 g,"4,99 €","6,24 €/Kg"
Receita caseira de jardineira,Nobre,Embalagem de 420g,"2,99 €","11,96 €/Kg"
Saqueta de puré de fruta | maçã + pera,PorSi,90 g,"0,74 €","8,22 €/Kg"
Spray de lavagem a seco denim,Day 2,200 ml,"1,09 €","2,73 €/Kg"
Pudim Rico em Proteína de Caramelo,Ehrmann,Embalagem de 200g,"2,15 €","10,75 €/Kg"
Nata uht para bater,Parmalat,Embalagem de 200 ml,"1,12 €","5,60 €/L"
Inseticida Elétrico Citronela,Dum Dum,1 unidade = 45 noites,"7,69 €","7,69 €/Unidade"
Cereais Forma Natura,PorSi,500 g,"3,45 €","26,74 €/Kg"
Bifanas,Porco,Vendido ao peso a partir de 1 kg,"4,89 €","4,89 €/Kg"
Pasta dentífrica menta fresca,Aquafresh,Embalagem de 75 ml,"2,39 €","31,87 €/L"
All bran plus,Kellogg's,Embalagem de 500g,"3,99 €","7,98 €/Kg"
Leite UHT Meio Gordo,PorSi,1 l,"0,81 €","0,81 €/L"
Lambrusco rosé,Sorbello,Garrafa de 0.75 l,"2,29 €","3,05 €/L"
Vegalia especialidade vegetariana de soja,Nobre,Lata com 8 unidades,"1,49 €","3,73 €/Kg"
Dentifríco p/ Dentes de Leite,Aquafresh,Embalagem de 50 ml,"1,05 €","1,05 €/Unidade"
Big burger frango,Capitão Iglo,Embalagem de 230g,"3,99 €","17,35 €/Kg"
Quiche lorraine,Monique Ranou,Embalagem de 400 g,"3,99 €","19,95 €/Kg"
Ração para Cão Delicate rico em Salmão,Purina One,Embalagem de 800g,"6,49 €","4,64 €/Kg"
Néctar vital equilibrio manga/laranja,Compal,Embalagem de 1 l,"0,84 €","2,55 €/L"
Arroz de pato,PorSi,Embalagem de 250 g,"2,99 €","11,96 €/Kg"
Nestle bebe natural 4x100g,Nestle,Embalagem de 400g,"2,89 €","7,23 €/Kg"
"Vinho tinto, bag in box",Capela Pias,Garrafa de 5 l,"9,49 €","1,90 €/L"
Sardinha Pequena,Peixe do Dia,1 un = 100 gr (aprox.),"0,60 €","5,99 €/Kg"
Esfregão de Teflon,Fino,1 unidade,"1,99 €","1,99 €/Unidade"
Maionese magra em frasco,Hellmman's,Embalagem de 460g,"0,70 €","2,33 €/Kg"
Gelado viennetta morango,Olá,Embalagem de 650 ml,"5,49 €","6,10 €/L"
Cheeseburger Vaca,Snock,Embalagem de 100 g,"0,09 €","1,49 €/Kg"
Loção corporal Romã,Johnson's,Embalagem de 250ml,"3,49 €","23,27 €/L"
Café solúvel descafeinado,PorSi,Embalagem de 100G,"1,45 €","14,50 €/Kg"
Gelatina mirtilos,Alsa,Embalagem de 180g,"0,55 €","61,11 €/Kg"
"Sprite lima-limão sem açúcar embalagem 1,5 l.",Sprite,Garrafa de 1.5 l,"0,79 €","0,40 €/L"
Café torrado classic universal,Delta,Embalagem de 250g,"9,16 €/Kg","9,16 €/Kg"
"Postas pescada nº3, para fritar",PorSi,Embalagem de 600 g,"3,79 €","7,58 €/Kg"
Vinho do porto 10 anos,Souza,Garrafa de 750 ml,"15,99 €","21,32 €/L"
Papa infantil não láctea 8 cereais e mel +6 meses,Cerelac,Embalagem de 250g,"4,49 €","4,49 €/Kg"
Halls Vitamina C Melancia,Halls,Embalagem de 33g,"0,89 €","27,81 €/Kg"
Bolachas chiquilin ositos de mel,Artiach,Embalagem de 160g,"3,49 €","19,39 €/Kg"
Fósforos compridos para lareira,Quinas,1 unidade,"2,39 €","2,39 €/Unidade"
Ambientador vela maçã e canela,PorSi,1 unidade,"7,99 €","38,05 €/Kg"
Cereais estrelitas,Nestle,Embalagem de 550g,"5,07 €/Kg","5,07 €/Kg"
Ovos | Classe: M,Ovitae,24 unidades,"4,10 €","4,10 €/Unidade"
8 pães de leite,PorSi,Embalagem de 280 g,"1,69 €","4,83 €/Kg"
Toalhitas para bebé melão,PorSi,Embalagem de 60 unidades,"1,09 €/Unidade","1,09 €/Unidade"
Café torrado lote chávena saco,Delta,Embalagem de 250g,"9,16 €/Kg","9,16 €/Kg"
Sumo 100% fresh laranja,Compal,Garrafa de 330 ml,"1,09 €","0,73 €/L"
"Salsichas bockwurst em frasco, 8 unidades",Izidoro,Embalagem de 400g,"0,75 €","3,75 €/Kg"
Batata frita light,PorSi,Embalagem de 150g,"0,95 €","6,33 €/Kg"
Guardanapos 2 folhas brancos e dourado,PorSi Select,50 unidades,"1,29 €","1,29 €/Unidade"
Néctar de pêssego,PorSi,Pack 3 x 200 ml,"0,99 €","0,99 €/L"
Barrinha Repara Tudo,Pattex,Embalagem de 48 g,"3,59 €","119,67 €/Kg"
Barras de cereais com chocolate preto,PorSi,6 x 23 g,"1,29 €","10,24 €/Kg"
Bol agua s. dose integral 186g,Vieira,Embalagem de 180g,"1,19 €","5,95 €/Kg"
Toalhitas Limpeza Aquas,Kandoo,Embalagem c/ 50 un.,"1,09 €/Unidade","1,09 €/Unidade"
Leite de coco bio,PorSi Bio,400 ml,"1,57 €","15,70 €/Kg"
Bolachas de manteiga,PorSi,Embalagem de 200 g,"10,00 €/Kg","10,00 €/Kg"
Bebida energética ripper,Monster,Garrafa de 500 ml,"5,39 €","5,39 €/L"
Folhado de salsicha,PorSi,Embalagem de 6x60 g,"1,79 €","7,16 €/Kg"
Elixir total proteção placa bacteriana,Colgate,500 ml,"5,99 €","11,98 €/L"
Adoçante com doseador,PorSi,Embalagem 100 comprimidos,"5,99 €","23,96 €/Kg"
"Mini rissóis de carne, 20 unidades",PorSi,Embalagem de 300 g,"1,79 €","7,16 €/Kg"
"Formas de alumínio rectangulares com tampa, 600ml , ...",PorSi,Uma embalagem,"1,11 €","1,11 €/Unidade"
Legumes verdes para sopa,PorSi,Embalagem de 1 kg,"1,89 €","1,89 €/Kg"
Desentupidor express gel elimina odores,Destop,1 litro,"4,89 €","6,52 €/L"
Nestum Mel,Nestlé,Embalagem de 3x300g,"4,49 €","4,49 €/Kg"
Cubos de tamboril,Mar Ibérica,Embalagem de 250 g,"3,79 €","7,58 €/Kg"
"Vinho doc loureiro, verde",Selecção de Enófilos,Garrafa de 0.75 l,"3,09 €","3,09 €/L"
Mousse de chocolate preto,Páturages,Embalagem de 4x60 g,"1,19 €","2,59 €/Kg"
"Escova de dentes, proteção global média, 2 unidades",Labell,Uma embalagem,"3,49 €","3,49 €/Unidade"
Papel Anti traça,Raid,2 x 12 unidades,"4,69 €","4,69 €/Unidade"
Batata Branca,Programa Origens,Vendido ao peso a partir de 1 kg,"1,79 €","3,58 €/Kg"
Figura + Acessórios Bombeiro,Pinypon,unidade,"19,99 €","19,99 €/Unidade"
20 saquetas chá de limão,Lipton,Embalagem de 40g,"2,69 €","89,67 €/Kg"
Uvas cortadas,PorSi,100 g,"2,48 €","0,99 €/Kg"
Feijão branco,Compal,Lata de 410 ml,"1,79 €","2,29 €/Kg"
Papel higiénico reciclado 2 folhas,PorSi,12 rolos,"1,99 €","1,99 €/Unidade"
Tarteletes com recheio morango,PorSi,Embalagem de 96g,"1,49 €","9,68 €/Kg"
Tiras da Costela/Piano,Porco,1 un = 500 gr (aprox.),"4,89 €","4,89 €/Kg"
Ovos Frescos Classe M,PorSi,12 unidades,"2,19 €","2,19 €/Unidade"
Café moagem normal: intenso,Buondi,Embalagem de 220g,"3,49 €","13,96 €/Kg"
Azeitona verde inteira com alho,PorSi,Vendido ao peso a partir de 500 g,"1,00 €","3,99 €/Kg"
Café Qalidus XXL,Delta Q,Embalagem com 60 cápsulas,"3,99 €","72,55 €/Kg"
"Chocolate m&m s, amendoim",M&m' s,Embalagem de 45 g,"2,99 €","15,99 €/Kg"
Bolachas cookies 0% açúcares,Artiach,Embalagem de 120 g,"0,90 €","6,00 €/Kg"
Ambientador Arbre Limão,Arbre Magique,3 unidade,"2,49 €","2,49 €/Unidade"
Cera de depilação profissional,Veet,Garrafa de 300 ml,"5,99 €","5,99 €/Unidade"
Penso de incontinência maxi,Ausonia Discreet,Embalagem de 8 un.,"1,95 €","1,95 €/Unidade"
Saca Rolhas Elétrico c/ USB,San Ignacio,1 unidade,"17,99 €","17,99 €/Unidade"
"Hamburgers de porco, 4x80g",PorSi,Embalagem de 320 g,"2,79 €","8,72 €/Kg"
Bandas de Cera Depilatória Bikini,Veet,100ml + Bálsamo 50 Ml,"2,99 €","14,95 €/L"
Café torrado e moído 16 pastilhas,Sical,Embalagem de 104g,"3,99 €","72,55 €/Kg"
Cocktail melão,Bar Royal,Garrafa de 750 ml,"11,99 €","11,99 €/L"
Actimel morango-banana,Danone,Embalagem de 6 x 100 g,"6,99 €","5,83 €/Kg"
Pasta dentífrica herbal,Colgate,Embalagem de 75 ml,"2,39 €","31,87 €/L"
Castanhas,PorSi,Embalagem de 500G,"3,29 €","4,39 €/Kg"
Fruta para bebé maçã cenoura manga +6 meses,Nestle,Embalagem de 90g,"0,74 €","8,22 €/Kg"
Ambientador tealights baunilha,PorSi,embalagem com 18 unidades,"7,99 €","38,05 €/Kg"
Mix de frutas para smothie,PorSi,Embalagem de 450 g,"3,29 €","4,39 €/Kg"
Broa de milho doce,Pão do Dia,450 g,"0,19 €","2,71 €/Kg"
Leite seleccionado magro,Matinal,Garrafa de 1 l,"0,81 €","0,81 €/L"
20 mini rissóis de camarão,PorSi,Embalagem de 300 g,"1,79 €","7,16 €/Kg"
"Comida húmida para cão vaca, frango e borrego",Friskies,Embalagem de 12 x 100 g,"0,75 €","2,50 €/Kg"
Açúcar areado amarelo,Rar,Embalagem de 1kg,"1,49 €","1,49 €/Kg"
Régua 30 cm,Mab,1 un.,"1,35 €","1,35 €/Unidade"
Creme p/ Calçado Azul,Búfalo,Embalagem de 40 ml,"0,99 €","19,80 €/L"
Recarga Esfregona Premium 2 em 1,Vileda,1 unidade,"5,99 €","5,99 €/Unidade"
Fígado,Porco,Vendido ao peso a partir de 1 kg,"2,49 €","2,49 €/Kg"
Gel desinfetante casa de banho,Sonasol,Embalagem de 1.25 litros,"2,29 €","3,05 €/L"
"Bolachas chiquilin, com 2 chocolates",Artiach,Embalagem de 150g,"2,15 €","2,87 €/Kg"
Mão de vaca com grão,Nobre,Embalagem de 420 g,"2,99 €","11,96 €/Kg"
Preparado sobremesa vegan sem lactose,Nestle,Embalagem de 370g,"1,69 €","8,45 €/L"
Sopa de peixe,Brilha ali,Vendido ao peso,"3,59 €","3,59 €/Kg"
Pasta Dentífrica Menta Suave,Aquafresh,Embalagem de 75 ml,"2,39 €","31,87 €/L"
Farinha de milho 500g,ESPIGA,Embalagem de 500g,"1,99 €","1,99 €/Kg"
Alho-francês,PorSi,Embalagem de 750 g,"1,89 €","1,89 €/Kg"
Iogurte activia líquido cereais,Danone,Embalagem de 4 x 155 g,"2,79 €","6,07 €/Kg"
Ice tea de limão,PorSi,"Embalagem de 1,5 l","1,14 €","0,76 €/L"
Lâmpada LED Cápsula 2.8W G9 220-240V,Domédia,1 un.,"3,89 €","3,89 €/Unidade"
"Creme para mãos, caixa familiar",Nivea,Embalagem de 250 ml,"2,49 €","41,50 €/L"
Ameijoa Branca 60/80,*,Congelada,"1,99 €/Kg","1,99 €/Kg"
Ração para gato júnior com frango,Purina One,Embalagem de 800 g,"12,99 €","4,33 €/Kg"
Vinho rosé,Gatão,Garrafa de 0.75 l,"4,29 €","5,72 €/L"
Esferográfica Vermelha Retratil 0.7mm,Mab,Embalagem com 1 un.,"2,49 €","2,49 €/Unidade"
Pilhas recarregáveis C HR14 2600mAh,Domédia,Embalagem com 2 unidades,"4,09 €","4,09 €/Unidade"
Yopro líquido manga,Danone,Embalagem de 300g,"1,17 €","1,83 €/Kg"
Nestum zero espelta/aveia,Nestum,Embalagem de 250 g,"4,49 €","4,49 €/Kg"
"Compal vital laranja, cenoura e manga",Compal,Garrafa de 200 ml,"0,99 €","0,99 €/L"
Chocolate culinário 70% cacau,Pantagruel,Embalagem de 200g,"1,79 €","8,95 €/Kg"
Bacalhau posta média,PorSi,Embalagem de 800g,"6,39 €","7,99 €/Kg"
Barras de cereais forma clássica,PorSi,Embalagem de 126g,"1,29 €","10,24 €/Kg"
Barras fitness natural 141g,Nestle,Embalagem de 140g,"1,29 €","10,24 €/Kg"
Café solúvel,Delta,Embalagem de 200 g,"1,45 €","14,50 €/Kg"
Cheeseburger de frango,Snock,Embalagem de 100 g,"0,09 €","1,49 €/Kg"
Ayam leite de coco,Ayam,Garrafa de 200 ml,"1,69 €","8,45 €/L"
Queijo p/ barrar s/ lactose,Philadelph,Embalagem de 150g,"4,68 €","11,70 €/Kg"
Iogurte Oikos de Ananás,Danone,Embalagem de 4x110g,"2,99 €","6,80 €/Kg"
Cereais recheados com chocolate e avelã,PorSi,Embalagem de 400g,"5,07 €/Kg","5,07 €/Kg"
Manteiga magra,PorSi,Embalagem de 250g,"1,69 €","6,76 €/Kg"
Bolachas digestive go aveia,Triunfo,Embalagem de 170g,"1,19 €","5,95 €/Kg"
Iogurte morango 000%,PorSi Viva Bem,Embalagem de 4 x 125 g,"7,66 €/Kg","7,66 €/Kg"
Bolacha Maria Integral,PorSi,Embalagem de 600g,"1,19 €","5,95 €/Kg"
"Batata frita, receita camponesa",Lay's,Embalagem de 250g,"1,19 €","6,43 €/Kg"
Nestum aveia e morango,Nestum,Embalagem de 250g,"2,99 €","3,99 €/Kg"
Chip choco diet nature,Gullon,Embalagem de 130g,"0,90 €","6,00 €/Kg"
Queijo fresco petits suisses  40% mg,Páturages,Embalagem 6X60G,"1,05 €","1,86 €/L"
Esfregona premium 2 em 1 completa,Vileda,1 un.,"5,99 €","5,99 €/Unidade"
Leite UHT Morango sem Lactose,Mimosa,Pack 3 x 250 ml,"1,99 €","2,49 €/L"
Lava tudo brilhante madeiras,PorSi,Embalagem de 1.1 litros,"1,89 €","1,26 €/L"
Faca Chefe 15 cm Inox,PorSi,1 unidade,"4,59 €","4,59 €/Unidade"
"Acendalha branca, 32 cubos",PorSi,Uma embalagem,"0,75 €","0,75 €/Unidade"
Leite uht meio gordo,Agros,Embalagem 1L,"0,81 €","0,81 €/L"
Chalotas,Legumes do Dia,embalagem de 250 g (aprox.),"1,79 €","3,58 €/Kg"
Manteiga com sal,Gresso,Embalagem de 250g,"1,69 €","6,76 €/Kg"
Magic coberto chocolate leite,Gullon,Embalagem de 240g,"2,15 €","2,87 €/Kg"
Bio miolo amendoa compele,PorSi Bio,Embalagem de 100g,"1,57 €","15,70 €/Kg"
Molas plásticas amarelas,PorSi,50 unidades,"0,89 €","0,89 €/Unidade"
Molho inglês,Savora,Garrafa de 120 ml,"0,70 €","2,33 €/Kg"
Creme vegetal para culinária,PorSi,Embalagem de 1 kg,"2,89 €","2,89 €/Kg"
Vinho doc dão tinto,Grao vasco,Garrafa de 750 ml,"3,99 €","5,32 €/L"
Cereais cookie crisp,Nestle,Embalagem de 380g,"5,07 €/Kg","5,07 €/Kg"
"Espumante Danúbio, Meio Seco",Danúbio,Garrafa de 75 cl,"6,99 €","9,32 €/L"
Guardanapos Decorados,Scottex,Embalagem 50 Unidades,"1,29 €","1,29 €/Unidade"
Bloco Sanitário Ativo Lavanda,Sonasol,Embalagem de 50 g,"2,99 €","74,75 €/Kg"
Fralda cueca T5 - 12 a 18 kg,PorSi,20 unidades,"3,05 €","3,05 €/Unidade"
Creme de cenoura,PorSi,Embalagem de 400 g,"3,59 €","3,59 €/Kg"
Azeite Virgem,Oliveira da Serra,Embalagem de 750 ml,"3,19 €","4,25 €/L"
Baguete de alho,Panike,Embalagem de 350g,"3,40 €/Kg","3,40 €/Kg"
Biscoito para Cão Mini Sticks,Purina One,Embalagem de 90 g,"0,94 €","5,22 €/Kg"
Queijo mozzarella light ralado,PorSi Viva Bem,Embalagem de 150 g,"2,39 €","19,92 €/Kg"
Mix do Bosque,Fruta Embalada,Embalagem com 175 gr,"1,99 €","15,92 €/Kg"
Caramelos de fruta,Penha,Embalagem de 100g,"1,10 €","4,40 €/Kg"
Creme de Mãos Hyaluronic,Bioten,Embalagem de 50ML,"2,49 €","41,50 €/L"
Leite Hidratante Delicadeza de Aveia,Ultra Suave,Embalagem de 400 ml,"3,49 €","23,27 €/L"
Refrigerante c/ gás de laranja zero,Fanta,"Garrafa de 1,5 l","0,79 €","0,40 €/L"
Twins,Gullon,pack 2 x 154 g,"1,49 €","9,68 €/Kg"
Cerveja c/ álcool radler,Sagres,pack 6 x 0.33 l,"1,99 €/L","1,99 €/L"
Manteiga c/sal,Terra Nostra,Embalagem de 250g,"1,69 €","6,76 €/Kg"
Bebida de Soja Natural,PorSi Viva Bem,Pack: 3 x 200 ml,"0,99 €","0,99 €/L"
"Pasta de limpeza com oxigénio activo, 48 unidades",Polident,Uma embalagem,"9,79 €","122,38 €/Kg"
"Adesivo suave, pele sensivel",Hansaplast,1 unidade,"2,86 €","2,86 €/Unidade"
Vinagre de vinho tinto,Cristal,Garrafa de 500 ml,"0,35 €","0,70 €/L"
Ervilhas primavera 500g,Iglo,Embalagem de 500g,"1,89 €","1,89 €/Kg"
"Paezinhos azeite, alho e salsa",PorSi,Embalagem de 160g,"2,39 €","6,83 €/Kg"
Leite condensado cozido,PorSi,Embalagem de 397 g,"1,09 €","2,75 €/Kg"
Batata frita palha,PorSi,Embalagem de 500g,"1,69 €","9,39 €/Kg"
"Gel barbear, proglide 2em1 Ocean Breeze",Gillette,Embalagem de 170 ml,"1,16 €","4,64 €/L"
Moelas,Frango,1 un = 200 gr (aprox.),"2,49 €","2,49 €/Kg"
Vinho tinto Trinca Bolotas DOC alentejo,T.bolotas,2 Garrafa x 0.75L,"3,99 €","5,32 €/L"
Polvo limpo,PorSi,Embalagem de 800 g,"9,59 €","11,99 €/Kg"
Sopa de legumes,PorSi,800 g,"3,59 €","3,59 €/Kg"
Mochila fojo,Montecampo,Dim.: 49 x 32 x 16 cm,"21,90 €","21,90 €/Unidade"
10 Preservativos Easy Way Nature,Control,,"4,49 €","4,49 €/Unidade"
"Azeitona Maçanilha retalhada com azeite, alho e orég...",PorSi,Vendido ao peso a partir de 500 g,"1,00 €","3,99 €/Kg"
Café torrado 5 estrelas moagem normal,Sical,Embalagem de 250g,"9,16 €/Kg","9,16 €/Kg"
Galão,PorSi,16 cápsulas,"3,19 €","25,52 €/Kg"
Balões latex azul,PorSi,Embalagem com 24 unidades,"0,59 €","0,59 €/Unidade"
Areia para gatos biodegradável vegetal,PorSi,Embalagem de 8 litros,"1,19 €","0,24 €/Kg"
Lixívia Roupa delicada,PorSi,Embalagem de 2 l,"2,19 €","1,10 €/L"
Nectar multivitaminas,Paquito,Embalagem de 2 l,"0,99 €","0,99 €/L"
Leite creme,Royal,Embalagem de 90g,"0,79 €","5,27 €/Kg"
Manteiga com sal,Primor,Embalagem de 250g,"1,69 €","6,76 €/Kg"
Spray desengordurante,Sonasol,Embalagem de 500 ml,"4,89 €","6,52 €/L"
Espumante Super Reserva Meio Seco,Raposeira,Garrafa de 0.75 l,"6,99 €","9,32 €/L"
Árvore de Natal Decorativa,B. Couto,Dim.: 26cm,"0,69 €","0,69 €/Unidade"
"Sumo 100%, laranja",PorSi,"Embalagem de 1,5 l","1,09 €","0,73 €/L"
10 salsichas de porco em lata,PorSi,Embalagem de 250G,"0,75 €","3,75 €/Kg"
Leite e cereais bolacha maria +6 meses,Cerelac,Garrafa de 400 ml,"4,49 €","4,49 €/Kg"
Roupão banho criança cinza,PorSi,28 x 48 cm,"4,99 €","4,99 €/Unidade"
Sangria tinta,PorSi,Garrafa de 1.5 litros,"2,19 €","1,46 €/L"
Sopa de tomate,Knorr,Embalagem de 90g,"2,20 €","31,43 €/Kg"
Bolacha waffer bites avelã,Waferland,Embalagem de 125g,"0,98 €","4,67 €/Kg"
12 douradinhos forníssimo,Capitão Iglo,Embalagem de 300g,"9,30 €/Kg","9,30 €/Kg"
Rebuçados mentho-lyus sem açúcar,Halls,Embalagem de 31 g,"0,89 €","27,81 €/Kg"
Espuma de barbear para peles sensíveis,Labell Men,Embalagem de 250 ml,"1,16 €","4,64 €/L"
Mistolin advanced anticalcário,Mistolin,Garrafa de 500 ml,"1,79 €","2,39 €/L"
Camarão cozido 30/40,Nossa seleção,Congelado,"1,99 €/Kg","1,99 €/Kg"
Pão de forma sem côdea especial torradas,Panrico,Embalagem de 510g,"1,64 €","2,52 €/Kg"
Sabonete alfazema de monte,Confianca,Embalagem de 125 g,"1,99 €","12,44 €/Kg"
Manteiga amendoim com pedaços,Calve,Embalagem de 350g,"8,54 €/Kg","8,54 €/Kg"
"Inseticida eléctrico, recarga, night&day",Raid,1 unidade,"7,69 €","7,69 €/Unidade"
Ambientador spray pure flor de cerejeira,PorSi,250 ml,"0,99 €","3,30 €/L"
Cebola Programa Origens,PorSi,Embalagem de 1 kg,"1,79 €","3,58 €/Kg"
Dentífrico infantil,Jordan,75 ml,"1,99 €","26,53 €/L"
Borracha para desenho técnico,Domédia,1 unidade,"0,59 €","0,59 €/Unidade"
Macarronete Massa Com Vegetais,Nacional,Embalagem de 500g,"0,89 €","1,78 €/Kg"
Guardanapos de 1 folha amarelos | dim.: 30 x 29 cm,PorSi,Embalagem com 70 unidades,"1,29 €","1,29 €/Unidade"
Mousse crocante baunilha,A leiteira,Embalagem 4 x 57 g,"1,19 €","2,59 €/Kg"
Mariscada,PorSi,Embalagem de 800g,"4,99 €","6,24 €/Kg"
Batata Roxa,Legumes do Dia,embalada - 10kg,"1,79 €","3,58 €/Kg"
Mopa Maxi XXL + 8 Panos,Swiffer,1 unidade,"2,20 €","2,20 €/Unidade"
Recarga Sabonete Liquido Lavanda,Dettol,250 ml,"1,09 €","2,18 €/L"
Resguardos de cama,PorSi,20 unidades de 60 x 90 cm,"6,99 €","6,99 €/Unidade"
Delta solúvel intenso,Delta,Embalagem de 200g,"1,45 €","14,50 €/Kg"
"Gel para o cabelo, wet shine",Fru style,Embalagem de 200 ml,"3,89 €","51,87 €/L"
Farinha s/ fermento tipo 65,ESPIGA,Embalagem de 1 kg,"1,99 €","1,99 €/Kg"
Spray para vidros,PorSi,750 ml,"3,19 €","6,38 €/L"
Pão de forma especial torradas,Panrico,Embalagem de 750g,"1,64 €","2,52 €/Kg"
Arroz selvagem,Caçarola,Embalagem de 500 g,"0,99 €","0,99 €/Kg"
Milho tenro e doce,Bonduelle,Embalagem de 300 g,"1,79 €","2,29 €/Kg"
Ambientador Elétrico Lavanda e Aloe,Glade,1 unidade,"3,74 €","3,74 €/Unidade"
"Inseticída, vaporizador, extra gt",Biokill,Garrafa de 380 ml,"5,69 €","15,17 €/L"
Moscatel Douro 10 Anos,Vista Alegre,500 ml,"5,99 €","7,99 €/L"
Spray desinfetante cozinha,Lysol,Embalagem de 500 ml,"1,29 €","1,72 €/L"
Nuggets frango,PorSi,pack familiar de 1 kg,"2,79 €","8,72 €/Kg"
Água mineral sem gás,Serra de Fafe,Embalagem de 6x0.5l,"1,04 €","0,17 €/L"
Óleo Multigasolina 20W40,Galp,Embalagem de 5 l,"14,99 €","14,99 €/L"
Toalha em rolo papel bordeau,PorSi,1 Unidade,"3,59 €","3,59 €/Unidade"
Manteiga fácil de barrar,President,Embalagem de 250g,"1,69 €","6,76 €/Kg"
Empadas soja,PorSi Viva Bem,Embalagem de 260g,"1,49 €","3,73 €/Kg"
Presunto fatiado,PorSi,Embalagem de 200g,"2,79 €","13,95 €/Kg"
Iogurte sabor pêssego morango e manga,Danone,Embalagem de 8 x 120 g com 1 grátis,"2,59 €","5,40 €/Kg"
Achocolatado intenso 40% cacau,Nestle,Embalagem de 330g,"5,59 €","6,99 €/Kg"
Mostarda de Dijon,PorSi Select,190 g,"0,70 €","2,33 €/Kg"
Pipocas doces,Orcape,Embalagem de 100g,"0,79 €","7,90 €/Kg"
Faca Pão 20 cm Preta,PorSi,1 unidade,"4,59 €","4,59 €/Unidade"
"Pensos, 20 unidades",Hansaplast,1 embalagem,"2,86 €","2,86 €/Unidade"
Roleta de Bebidas,*,1 unidade,"0,99 €","0,99 €/Unidade"
"Iogurte líquido yoggi, sem lactose, morango",Nestle,Embalagem de 4 x 160 g,"1,17 €","1,83 €/Kg"
Gelado carte d'or chocolate brownie,Olá,Embalagem de 900 ml,"5,49 €","6,10 €/L"
Pensos higiénicos liberty normal abas,Evax,Embalagem com 12 un.,"4,99 €","4,99 €/Unidade"
Vinho verde,Felgueiras,Garrafa de 0.75 l,"3,09 €","3,09 €/L"
Lambrusco tinto,Sorbello,Garrafa de 0.75 l,"2,29 €","3,05 €/L"
Ovos | Classe: L,Ovitae,24 unidades,"4,10 €","4,10 €/Unidade"
Adoçante em pó stevia,PorSi Viva Bem,Embalagem de 250 g,"5,99 €","23,96 €/Kg"
Arroz vaporizado,Cigala,Embalagem de 1 kg,"0,99 €","0,99 €/Kg"
Espinafres salteado com alho,PorSi,Embalagem de 750g,"1,89 €","1,89 €/Kg"
Tablete de chocolate culinário 70% negro,PorSi,Embalagem de 200 g,"1,79 €","8,95 €/Kg"
Queijo fleur dange,Páturages,Embalagem de 200 g,"2,60 €","13,00 €/Kg"
Abrasivo sanitário anti-calcário,PorSi,embalagem de 1 litro,"0,99 €","1,32 €/L"
Pilha Alcalina Plus 9V,Duracell,,"4,09 €","4,09 €/Unidade"
Atum posta ao natural,Bom petisc,Embalagem de 120 g,"9,08 €/Kg","9,08 €/Kg"
Cenoura baby,PorSi,Embalagem de 400 g,"1,89 €","1,89 €/Kg"
Pantagruel leite caramelo (10x),Pantagruel,Embalagem de 200g,"1,79 €","8,95 €/Kg"
Bolachas cream cracker,PorSi,Embalagem de 600g,"0,39 €","3,12 €/Kg"
Tablete de chocolate oreo,Milka,Embalagem de 300g,"1,59 €","7,95 €/Kg"
Vinho branco bag-in-box,Capataz,Embalagem de 5 l,"8,59 €","1,72 €/L"
Creme Depilatório Duche Men Peles Normais,Veet,Embalagem com 150 ml,"2,99 €","14,95 €/L"
Lustrante Pneus,PorSi,Embalagem de 1 l,"3,99 €","0,80 €/L"
Endívias,Legumes do Dia,450 g,"0,65 €","2,59 €/Kg"
"Vinho rosé, região península de setúbal, bag in box",Dom Campos,Garrafa de 5 l,"9,49 €","1,90 €/L"
"Creme de rosto de noite revitalift, laser",L'oreal,Embalagem de 50 ml,"2,99 €","59,80 €/L"
"Queijo light, mini",Babybel,Embalagem de 120g,"2,39 €","19,92 €/Kg"
Adoçante com doseador,PorSi,Embalagem de 66g,"5,99 €","23,96 €/Kg"
Creme Facial Depilatório,Veet,Embalagem de 2x50 ml,"5,99 €","5,99 €/Unidade"
Pai Natal de Chocolate,PorSi,Embalagem de 125 g,"1,19 €","26,44 €/Kg"
Tesoura koopy 13cm,Maped,1 unidade,"2,89 €","180,63 €/Kg"
Bacalhau Graúdo Boa Pesca,PorSi,"Vendido ao peso, 1 un= 2.5 kg (aprox.)","8,73 €/Kg","8,73 €/Kg"
Bolacha água e sal com azeite e azeitona doses,Vieira,Embalagem de 190g,"0,39 €","3,12 €/Kg"
Compressas | dim.: 10 x 10 cm,PorSi,Embalagem com 100 unidades,"2,86 €","2,86 €/Unidade"
Tablete de chocolate leite,Nestle,Embalagem de 130g,"1,59 €","7,95 €/Kg"
"Recarga ambientador eléctrico, alfazema",PorSi,Embalagem de 25 ml,"11,98 €","11,98 €/Unidade"
Água s/ gás,Fastio,Garrafa de 1 l,"1,04 €","0,17 €/L"
Flocos de batata para puré,PorSi,Embalagem de 500g,"1,89 €","1,89 €/Kg"
Detergente máquina roupa em gel universal,Persil,Embalagem de 42 doses,"8,69 €","1,84 €/Kg"
Mistura solúvel mokambo,Nestle,Embalagem de 200g,"1,64 €","6,56 €/Kg"
Mistura de frutos exóticos,PorSi,Embalagem de 450 g,"3,29 €","4,39 €/Kg"
Mousse limpeza refresh,Labell,Embalagem com 150ml,"3,49 €","23,27 €/L"
"Fiambre extra, fatias finas",PorSi,Embalagem de 150 g,"12,79 €/Kg","12,79 €/Kg"
Lima Elétrica Pés Velvet Smooth,Scholl,1 unidade,"5,99 €","59,90 €/L"
Chili com carne,Itinéraire des Saveurs,Embalagem 300G,"2,99 €","11,96 €/Kg"
Vinho de mesa tinto bag in box,Adega grande,Garrafa de 5 l,"8,59 €","1,72 €/L"
Não Mais Pregos Forte e Rápido,Pattex,Embalagem de 150 g,"3,59 €","119,67 €/Kg"
Detergente líquido máquina de lavar roupa cores escu...,Woolite,56 doses,"8,69 €","1,84 €/Kg"
"Cla ultra l-carnitina + chá verde, 30caps",PLANTANATU,Embalagem de 1 unidades,"9,69 €","9,69 €/Unidade"
"Bloco sanitário blue activ, eucalio",Sonasol,Embalagem de 50 g,"2,99 €","74,75 €/Kg"
Gomas beijinhos,PorSi,Embalagem de 300 g,"0,94 €","9,40 €/Kg"
Sangria branca,Casal Garcia,Garrafa de 750 ml,"2,19 €","1,46 €/L"
"Escargots recheio de manteiga, salsa e alho",PorSi Select,89 g,"3,99 €","19,95 €/Kg"
Óleo alimentar,Fula,Embalagem 3L,"3,59 €","3,59 €/L"
Bolachas choco mini estrelas,Milka,Embalagem de 190g,"2,15 €","2,87 €/Kg"
Mariscada,PorSi,Embalagem de 800g,"2,19 €","8,59 €/Kg"
Ambientador vela frutos vermelhos,PorSi,1 unidade,"7,99 €","38,05 €/Kg"
Cartucho com gás CP-206,Campingaz,1 unidade,"2,99 €","2,99 €/Unidade"
Salsichas de porco,Nobre,Lata de 250g,"0,75 €","3,75 €/Kg"
Detergente Máquina Roupa Liquido Bebé,PorSi,50 doses,"19,99 €","19,99 €/Unidade"
Néctar light manga/laranja,Compal,330 ml,"0,84 €","2,55 €/L"
Vinagre de sidra pet,Paladin,Garrafa de 500 ml,"0,35 €","0,70 €/L"
Cerveja branca,E.damm,Pack 6 x 0.25 l,"1,99 €/L","1,99 €/L"
Tampões Super Plus Compak Pearl,Tampax,16 unidades,"3,99 €","3,99 €/Unidade"
"Gel para o cabelo, pasta remix",Studio Line,Embalagem de 150 ml,"3,89 €","51,87 €/L"
Pastilhas de Limpeza Aparelho Dentário,Polident,Embalagem com 30 unidades,"9,79 €","122,38 €/Kg"
Café em cápsulas aqtivus,Delta Q,Embalagem de 55 g,"3,99 €","72,55 €/Kg"
5 folhas de gelatina incolor,PorSi,Embalagem de 9 g,"0,55 €","61,11 €/Kg"
Chocolate culinário,Nestle,Embalagem de 200g,"1,79 €","8,95 €/Kg"
Pudim de baunilha,PorSi,Embalagem de 90g,"0,59 €","29,50 €/Kg"
"Esferográfica, 4 cores",Bic,1 unidade,"2,49 €","2,49 €/Unidade"
Pensos Incontinência Mulher Discreet Normal Night,Tena,10 unidades,"1,95 €","1,95 €/Unidade"
Maminha,Novilho,Vendido ao peso (artigo em vácuo),"6,39 €","7,99 €/Kg"
Rolo Cozinha Mega XXL,Colhogar,2 rolos,"4,99 €","4,99 €/Unidade"
Pudim baunilha,Boca Doce,Embalagem de 20g,"0,59 €","29,50 €/Kg"
As minhas primeiras receitas - refeição legumes com ...,Nestle,Embalagem de 190g,"1,89 €","9,95 €/Kg"
Churritos,PorSi,Embalagem de 240g,"1,77 €","5,53 €/Kg"
Macchiato café arábica,PorSi,250 ml,"3,19 €","25,52 €/Kg"
Mel em frasco de vidro,Jorge v.f.,Embalagem de 500g,"4,89 €","9,78 €/Kg"
Anti-traça cedro,Raid,2 unidades,"4,69 €","4,69 €/Unidade"
Gelatina de coco origem vegetal,Koala,Embalagem de 130g,"1,14 €","8,77 €/Kg"
Fruta para bebé maçã banana aveia +6 meses,Nestle,Embalagem de 90g,"0,74 €","8,22 €/Kg"
Ambientador vela odor cozinha,PorSi,1 unidade,"7,99 €","38,05 €/Kg"
Sumo 100% maçã e frutos vermelhos,Compal,1 litro,"1,09 €","0,73 €/L"
Detergente máquina lavar roupa tira nódoas,Xau+vanish,102 doses,"8,69 €","1,84 €/Kg"
"Fiambre extra, fatiado",PorSi,Embalagem de 200g,"12,79 €/Kg","12,79 €/Kg"
Caneta BL. Eye UB-150 Azul,Uni-Ball,1 embalagem,"2,49 €","2,49 €/Unidade"
Bebida Solúvel Mokambo Chicória e Café,Nestle,Embalagem de 240g,"1,45 €","14,50 €/Kg"
Nutripuffs de banana 8 meses s/ açúcar,Cerelac,Embalagem de 7g,"0,74 €","8,22 €/Kg"
Halls vita c morango sem açúcar,Halls,Embalagem de 32 g,"0,89 €","27,81 €/Kg"
Mimosa bem especial leite e aveia,Mimosa,Embalagem de 1 litro,"0,99 €","0,99 €/L"
Batatas forno ervas,Lay's,Embalagem de 130g,"1,19 €","6,43 €/Kg"
Moscatel do Douro,Selecção de Enófilos,"Garrafa de 0,75 l","5,99 €","7,99 €/L"
Chocolate culinário em pó,PorSi,Embalagem de 125 g,"1,79 €","8,95 €/Kg"
Favas ultracongeladas,PorSi,Embalagem de 400g,"1,89 €","1,89 €/Kg"
Fio dentário fluór+menta 50m,Labell,1 unidade,"0,85 €","0,85 €/Unidade"
Queijo flamengo 0% lactose,PorSi Viva Bem,Embalagem de 150 g,"1,56 €","7,80 €/Kg"
Cubos pão trigo tostado,PorSi,Embalagem de 150g,"2,39 €","6,83 €/Kg"
Queijo chevre,Palhais,Embalagem de 180g,"4,62 €","18,49 €/Kg"
"Escova dentes, rotativa global, dura, 2 unidades",Labell,1 embalagem,"3,49 €","3,49 €/Unidade"
8 rissóis de camarão,PorSi,Embalagem de 300g,"1,79 €","7,16 €/Kg"
Apara lápis,Maped,1 unidade,"2,49 €","2,49 €/Unidade"
Sultana Preta,PorSi,Embalagem de 200g,"0,79 €","3,95 €/Kg"
Leite especial cálcio + vitamina d m/g,Mimosa,Garrafa de 1 l,"1,29 €","1,29 €/L"
Bolachas digestive doses chocolate,MCVITIES,Embalagem de 200g,"1,19 €","5,95 €/Kg"
Filetes de pescada,Pescanova,Embalagem de 400g,"3,79 €","7,58 €/Kg"
Escumadeira nylon,Domédia,1 unidade,"4,59 €","4,59 €/Unidade"
Forma Pão de Ló Antiaderente 28cm,PorSi,1 unidade,"9,00 €","9,00 €/Unidade"
Zero snack 35 g chocolate duplo,Prozis,Embalagem de 40g,"0,69 €","1,73 €/Kg"
"Anti-calcário, máquina roupa, gel",Calgon,"Garrafa de 1,5 l","8,69 €","1,84 €/Kg"
Iogurte grego oikos stracciatella,Danone,Embalagem de 4 x 110 g,"2,99 €","6,80 €/Kg"
Vassoura Especial Lisa,PorSi,unidade,"2,20 €","2,20 €/Unidade"
Lava tudo antibacteriano herbal,PorSi,Garrafa de 1.5 l,"1,89 €","1,26 €/L"
Vitamina c,PLANTANATU,Embalagem de 1 unidades,"9,69 €","9,69 €/Unidade"
Elimina odores spray,Splendor,150 ml,"5,29 €","35,27 €/L"
Abafado 5 anos,Quinta da Alorna,Garrafa de 0.75L,"7,49 €","10,70 €/L"
Queijo cura especial barrado pimentão,Casteloes,500 g,"3,35 €","13,39 €/Kg"
Desinfetante p/ WC,Sanytol,Embalagem de 750 ml,"1,79 €","2,39 €/L"
"Queijo fundido, 24 porções",A Vaca Que Ri,Embalagem de 400g,"4,68 €","11,70 €/Kg"
Molho mad chips top down,Calve,Embalagem de 260g,"0,70 €","2,33 €/Kg"
Amaciador color-vive,Elvive,Embalagem de 200 ml,"1,00 €","5,00 €/L"
Douradinhos estaladiços,Capitão Iglo,Embalagem de 340g,"9,30 €/Kg","9,30 €/Kg"
Feijao verde redondo,PorSi,Embalagem de 400g,"1,89 €","1,89 €/Kg"
Lava Tudo Brilhante Madeira,Sonasol,"embalagem 1,1L","2,29 €","2,29 €/L"
"Escova de dentes high definition, média",Aquafresh,1 unidade,"3,49 €","3,49 €/Unidade"
Spray limpeza casa de banho,PorSi,750 ml,"1,79 €","2,39 €/L"
Vinho do porto tawny,Cruz,"Garrafa de 0,75 l","15,99 €","21,32 €/L"
Iogurte mix-in chocapic,Nestle,Embalagem de 2 x 118 g,"1,05 €","1,86 €/L"
"Snack de queijo flamengo, nozes e uvas passas",Terra Nostra,Embalagem de 40g,"1,56 €","7,80 €/Kg"
Amaciador rosa e rosmaninho,Surf,90 doses,"8,99 €","2,25 €/L"
Folhado de Chocolate 60 g,PorSi,,"0,49 €/Unidade","0,49 €/Unidade"
"Cerveja com álcool, lata",Super Bock,Garrafa de 330 ml,"1,99 €/L","1,99 €/L"
Bacon Extra Nacos,Porminho,200 g,"1,45 €","18,13 €/Kg"
2 Vieiras Gratinadas À Bretanha,PorSi Select,220 g,"3,99 €","19,95 €/Kg"
Aditivo em pó oxi elimina odores,Vanish,Embalagem de 420 g,"4,99 €","18,15 €/Kg"
Creme de legumes,Centralres,Vendido ao peso a partir de 1 kg,"3,59 €","3,59 €/Kg"
Pastilhas peppermint,CHICLETS,Embalagem de 17 g,"0,89 €","59,33 €/Kg"
Anti-traça lavanda,Raid,2 unidades,"4,69 €","4,69 €/Unidade"
Ambientador tealights frutos vermelhos,PorSi,embalagem com 18 unidades,"7,99 €","38,05 €/Kg"
Snack Gato Anti Bolas de Pelo,PorSi,Embalagem 60 g,"0,99 €","16,50 €/Kg"
Desentupidor canos,Mr.muscle,Embalagem de 1 l,"4,89 €","6,52 €/L"
Cabeça de corvina,Nossa seleção,Vendido ao peso,"3,19 €","3,99 €/Kg"
Batata doce frita,PorSi,Embalagem de 150g,"1,06 €","5,73 €/Kg"
Double espresso go chill,Delta,Garrafa de 230 ml,"3,19 €","25,52 €/Kg"
"Chocolate, tripack",Pintarolas,Embalagem de 70g,"2,99 €","15,99 €/Kg"
Mel de Rosmaninho,PorSi Select,Frasco de 250 g,"4,89 €","9,78 €/Kg"
Queijo Raclette Fatias,Páturages,Embalagem de 400 g,"1,56 €","7,80 €/Kg"
"Bloco perfumado para maquina de loiça, limão",Sun,Embalagem de 1 unidades,"2,99 €","2,99 €/Unidade"
Almôndegas Vegetais Green Cuisine,Iglo green,Embalagem de 240g,"3,99 €","19,95 €/Kg"
Ração para gato adulto com bacalhau e legumes,Friskies,Embalagem de 4 kg,"12,99 €","4,33 €/Kg"
Miolo de avelã,PorSi,Embalagem de 200 g,"0,79 €","3,95 €/Kg"
Corta unhas com tampa,Bebéconfort,1 unidade,"9,99 €","9,99 €/Unidade"
Iogurte magro + gelatina framboesa,Mimosa,Embalagem de 4 x 120 g,"7,66 €/Kg","7,66 €/Kg"
Moelleux de chocolate,PorSi Select,960 g,"2,99 €","5,54 €/Kg"
Cera liquida amarela,Novycera,Garrafa de 500 ml,"2,29 €","2,29 €/L"
Entremeada s/ Entrecosto,Porco,Vendido ao peso a partir de 1 kg,"4,89 €","4,89 €/Kg"
Tablete chocolate creme de cacau,Milka,Embalagem de 100g,"1,59 €","7,95 €/Kg"
Caju bio,*,Vendido ao peso a partir de 200 g,"4,99 €/Kg","4,99 €/Kg"
Patê sardinha,La piara,Embalagem de 80g,"1,19 €","13,52 €/Kg"
Gelatina limão 10kcal,Royal,Embalagem de 30g,"0,55 €","61,11 €/Kg"
Pedras limão/chá verde,P.salgadas,pack 4 x 0.25 l,"2,85 €","2,85 €/L"
Creme proteção de gengivas,Polident,Embalagem de 40 g,"9,79 €","122,38 €/Kg"
Cogumelos laminados,PorSi,780 g,"1,79 €","2,29 €/Kg"
Batata frita palha,Pala-pala,Embalagem de 500g,"1,69 €","9,39 €/Kg"
Bolo brigadeiro,Condi,Embalagem de 630g,"1,69 €","8,45 €/L"
Iogurte líquido de morango,Longa vida,Embalagem de 4 x 160 g,"1,17 €","1,83 €/Kg"
Milho doce,PorSi,Embalagem de 400 g,"1,89 €","1,89 €/Kg"
Ice tea manga,Lipton,pack 6 x 0.25 l,"1,14 €","0,76 €/L"
Bolachas cobertura de chocolate e avelã,PorSi,Embalagem de 150g,"0,79 €","5,27 €/Kg"
Lombos de salmao vacuo,PorSi,Embalagem de 500g,"3,79 €","7,58 €/Kg"
Nectar clássico maracujá,Compal,Garrafa de 1 l,"1,09 €","0,73 €/L"
Lava tudo limão verde,Cif,"Garrafa de 1,4 l","1,89 €","1,26 €/L"
"Vinho DOC Bairrada, Branco",Selecção de Enófilos,Garrafa de 0.75 l,"2,92 €/L","2,92 €/L"
SuperCeys,Ceys,1 unidade,"3,59 €","119,67 €/Kg"
Cápsulas de café delta qualidus,Delta Q,Embalagem de 60g,"3,99 €","72,55 €/Kg"
Bol agua s. dose integral 186g,Vieira,Embalagem de 180g,"1,49 €","2,48 €/Kg"
Anticalcário,Viakal,Embalagem de 500 ml,"0,99 €","1,32 €/L"
Gogo SqueeZ Snack Maçã e Manga,Gogo,Embalagem de 4 x 90g,"2,29 €","6,94 €/L"
Leite uht magro,Agros,Embalagem de 1 litro,"0,81 €","0,81 €/L"
Faca de cozinha para legumes 9cm,Domédia,1 unidade,"4,59 €","4,59 €/Unidade"
100% clara de ovo líquida albumina,Prozis,Embalagem de 500g,"1,57 €","15,70 €/Kg"
Néctar light manga/laranja,Compal,Garrafa de 200 ml,"0,99 €","0,99 €/L"
"Chá preto, sem cafeína, 10 saquetas",Tetley,Embalagem de 20g,"1,99 €","49,75 €/Kg"
Limpa madeiras com sabão,PorSi,1.5 litros,"4,39 €","14,63 €/L"
Sopa da pedra,Centralres,Vendido ao peso a partir de 500 g,"3,59 €","3,59 €/Kg"
Vinho regional lisboa reserva tinto,Marginal,Garrafa de 0.75 l,"4,49 €","5,99 €/L"
Porto special reserva,Q.harris,Garrafa de 750 ml,"9,49 €","12,65 €/L"
Carte d'or cake romantica,Olá,Embalagem de 750 ml,"2,99 €","5,54 €/Kg"
Plantanatur slim rapid 30 comprimidos,PLANTANATU,Embalagem de 1 unidades,"9,69 €","9,69 €/Unidade"
Maionese Top Down,Calvé,Embalagem de 753 g,"0,70 €","2,33 €/Kg"
Detergente Líquido p/ Loiça Original,Fairy,"Embalagem de 1,19 l","0,99 €","1,98 €/L"
"Lencos faciais tate, 86 unidades",Scottex,Uma embalagem,"2,35 €","2,35 €/Unidade"
Champô Limão & Argila,Ultra Suave,Embalagem de 400 ml,"5,59 €","13,98 €/L"
Grelo Nabo Programa Origens,PorSi,1 un= 1 kg (aprox.),"1,99 €","1,99 €/Kg"
Gel de Banho Secrets Oil Coconut,Dove,Embalagem de 500 ml,"4,99 €","16,63 €/L"
Ambientador vela duo maçã,Air Wick,Embalagem de 210g,"7,99 €","38,05 €/Kg"
Aditivo em pó máquina roupa branca,Vanish,Embalagem de 1.2 kg,"4,99 €","18,15 €/Kg"
Alface Iceberg,Legumes do Dia,1 un= 400 g (aprox.),"1,04 €","2,59 €/Kg"
"Lixívia para roupa, tradicional verde denso",PorSi,Embalagem de 2L,"1,74 €","0,35 €/L"
Dobrada com feijão,Nobre,Embalagem de 420g,"2,99 €","11,96 €/Kg"
Snack para gato frango,Felix,Embalagem de 50g,"0,99 €","16,50 €/Kg"
Vinho do porto lágrima tinto,Ramos Pinto,"Garrafa de 0,75L","15,99 €","21,32 €/L"
Água de rosas,Hidro,Embalagem de 200 ml,"4,99 €","4,99 €/Unidade"
Iogurte liquido sem lactose morango e banana,PorSi Viva Bem,Embalagem de 4 x 160 g,"2,79 €","6,07 €/Kg"
Croissant recheado de cacau/avelã,PorSi,Embalagem de 315g,"1,77 €","5,53 €/Kg"
Fralda Cueca de Banho |Tamanho 3 X/S,Pommette,Embalagem de 12 un.,"3,05 €","3,05 €/Unidade"
Salsichão fuet caseiro peru,Elpozo,Embalagem de 150g,"1,35 €","16,88 €/Kg"
Brandy,ON/OFF,Garrafa de 700 ml,"11,99 €","17,13 €/L"
"Bloco sanitário azul, recarga",WC Pato,Embalagem de 2x40 g,"2,99 €","74,75 €/Kg"
Cereais petalas chocolate,PorSi,Embalagem de 625g,"5,07 €/Kg","5,07 €/Kg"
"Anti-calcário em pó, máquina roupa",PorSi,Embalagem de 800g,"1,69 €","1,69 €/L"
Azeite virgem extra seleção,PorSi,Garrafa de 750 ml,"3,19 €","4,25 €/L"
Iogurte corpos danone + proteína ananás,Danone,Embalagem de 150g,"1,39 €","9,59 €/Kg"
Bolacha muesli laranja,Belvita,Embalagem de 300 g,"1,19 €","5,95 €/Kg"
Iogurtes Corpos Danone Pedaços de Coco,Danone,Embalagem de 4 x 115 g,"1,44 €","2,88 €/Kg"
Lâmpada LED Forma Chama 5.5W E14 220-240V,Domédia,1 un.,"3,89 €","3,89 €/Unidade"
Sumo essencial manga,Compal,pack 3 x 0.11 l,"2,29 €","6,94 €/L"
"Pasta dentífrica, máxima proteção, fresca",Colgate,Embalagem de 75 ml,"2,39 €","31,87 €/L"
Queijo flamengo fatiado light,Paiva,Embalagem de 180g,"1,56 €","7,80 €/Kg"
Bolachas mini,Oreo,Embalagem de 160g,"1,49 €","9,68 €/Kg"
Leite uht gordo,Mimosa,Embalagem de 1 litro,"0,94 €","0,94 €/L"
Lava Tudo Flores Montanha,Sonasol,1.3 l,"1,89 €","1,26 €/L"
Pão forma de Rio Maior,*,500 g,"0,19 €","2,71 €/Kg"
"Bebida láctea crescimento 1-3 anos, cereais",Nestle,Embalagem de 1 litro,"0,26 €","1,30 €/L"
Chouriço cebola beiras,PorSi,Embalagem de 300g,"1,22 €","6,78 €/Kg"
Maçã Golden de Alcobaça 70/75,*,Vendido ao peso a partir de 500 g,"0,37 €","2,49 €/Kg"
Limpa Máquina Loiça Regular,Finish,,"2,99 €","2,99 €/Unidade"
Pastilhas limpa próteses,Labell,embalagem com 36 unidades,"9,79 €","122,38 €/Kg"
Tesoura advanced green,Maped,17 cm,"1,35 €","1,35 €/Unidade"
"Creme para mãos, proteção intensiva",Atrix,Embalagem de 60 ml,"2,49 €","41,50 €/L"
Cuecas de incontinência grandes,Ausonia Discreet,Embalagem com 7 unidades,"9,99 €","9,99 €/Unidade"
Leite c/ Chocolate,Agros,Embalagem de 4 x 200 ml,"0,26 €","1,30 €/L"
Camarão 40/60,Congelado de Aquicultura,1 un = 250 gr  (aprox.),"1,99 €/Kg","1,99 €/Kg"
"M&m's drageias de chocolate de leite,",M&m's,Embalagem de 45g,"2,99 €","15,99 €/Kg"
Néctar light de manga/laranja prism,PorSi,Embalagem de 1 l,"0,84 €","2,55 €/L"
Lambrusco rose,*,Garrafa de 750 ml,"6,89 €","9,19 €/L"
Confetis,Codipostal,1 un.,"0,59 €","0,59 €/Unidade"
Salsichas de aves,Nobre,Lata de 200 g,"0,75 €","3,75 €/Kg"
"Cerveja sem álcool, preta",Super Bock,pack 6 x 0.33 l,"5,99 €","3,03 €/L"
Bombons Fontessa,Trumpf,Embalagem de 400G,"1,49 €","29,80 €/Kg"
Queijo em fatias,Terra Nostra,Embalagem de 400g,"1,56 €","7,80 €/Kg"
Azeite virgem extra seleção,PorSi,Garrafa de 250 ml,"3,19 €","4,25 €/L"
Bicarbonato de sódio,PorSi,Embalagem de 500 g,"1,79 €","2,39 €/L"
Mcvitie's digestive thins dark choc 150g,MCVITIES,Embalagem de 150g,"1,19 €","5,95 €/Kg"
Comida húmida para cão de vaca e frango,PorSi,Lata de 400 g,"0,75 €","2,50 €/Kg"
Cereais cruesli chocolate,Quaker,Embalagem de 380g,"2,29 €","6,11 €/Kg"
Recarga p/ ambientador elétrico flores,Ambipur,3 unidades,"11,98 €","11,98 €/Unidade"
Aperitivos  fritos,Fritos,Embalagem 130G,"0,79 €","7,90 €/Kg"
"Limpa móveis pistola, multissuperfícies",Pronto,Embalagem de 500 ml,"1,19 €","0,79 €/L"
Snack gato salmao,PorSi,Embalagem de 60g,"0,99 €","16,50 €/Kg"
Queijo fundido original,Président,Embalagem de 250 g,"4,68 €","11,70 €/Kg"
"Sabonete sólido, oliva",Feno,Embalagem de 4x90g,"1,99 €","12,44 €/Kg"
Bolachas cream cracker doses individuais,Vieira,Embalagem de 180g,"0,39 €","3,12 €/Kg"
Cadeira Auto Gr. 2/3,Mickey,1 unidade,"42,99 €","42,99 €/Unidade"
Aditivo Tira Nódoas Oxi Action White,Vanish,Embalagem de 800 g,"4,99 €","18,15 €/Kg"
"Sacos para sandes, 100 unidades",PorSi,1 embalagem,"1,11 €","1,11 €/Unidade"
Leite Meio Gordo sem Lactose,Mimosa,Pack 4 x 200 ml,"0,81 €","0,81 €/L"
Cerveja com álcool,Super Bock,Garrafa de 1 l,"1,99 €/L","1,99 €/L"
Optimal 7 ultra frescura,Ajax,Embalagem de 1L,"1,19 €","0,79 €/L"
Lamina Descartáveis Platina,Labell,Pack 10 unidades,"1,16 €","4,64 €/L"
Azeite Subtil,Gallo,Garrafa de 2 l,"3,19 €","4,25 €/L"
Mirtilos 100% Naturais,PorSi,Embalagem de 250 g,"3,29 €","4,39 €/Kg"
Chá de gengibre,PLANTANATU,Embalagem de 20g,"1,25 €","62,50 €/Kg"
vinho do Porto Ruby,Velhotes,"garrafa de 0,75 l","6,65 €/L","6,65 €/L"
Iogurte sólido sem lactose morango,Mimosa,Embalagem de 480g,"2,59 €","5,40 €/Kg"
Frutapura maçã e banana,Bledina,Embalagem de 85g,"2,29 €","6,94 €/L"
Palitos super finos,PorSi,Embalagem de 85 unidades,"2,39 €","2,39 €/Unidade"
Chocolate kit kat,Kit kat,Embalagem de 130g,"2,76 €","11,04 €/Kg"
Croquetes vegetais,PorSi Viva Bem,Embalagem de 220g,"3,99 €","19,95 €/Kg"
Lambrusco bianco,*,Garrafa de 750 ml,"2,29 €","3,05 €/L"
Bandas de cera fria peles normais,Veet,Embalagem de 20 unidades,"5,99 €","5,99 €/Unidade"
Óleo Beleza N110,Diadermine,Embalagem de 100 ml,"3,49 €","23,27 €/L"
Tablete de chocolate amêndoa e caramelo,Milka,Embalagem de 300g,"3,79 €","14,04 €/Kg"
Néctar clássico tutti-frutti,Compal,330 ml,"0,99 €","0,99 €/L"
Iogurte tipo grego natural,PorSi,Embalagem de 12 x 125 g,"0,99 €","1,98 €/Kg"
Apara lápis,Maped,1 unidade,"1,49 €","1,49 €/Unidade"
"Escova dentes, proteção global suave, 2 unidades",Labell,1 embalagem,"3,49 €","3,49 €/Unidade"
Queijo em cubos para saladas,PorSi,Embalagem de 150 g,"1,49 €","7,45 €/Kg"
Pringles original,Pringles,Embalagem de 175g,"1,06 €","5,73 €/Kg"
Água s/ gás,S.estrela,"Pack 6 x 0,50 l","1,04 €","0,17 €/L"
Vinho maduro branco,Leziria,Garrafa de 5 l,"8,59 €","1,72 €/L"
Líquido wc anti-calcário,Sani,Garrafa de 750 ml,"2,29 €","3,05 €/L"
Reparador de móveis normal,PorSi,Embalagem de 200 ml,"4,39 €","14,63 €/L"
Resguardo para bebé,PorSi,Dim.: 60 x 60 cm,"4,99 €","4,99 €/Unidade"
Ketchup top down,Calve,Embalagem de 550g,"0,70 €","2,33 €/Kg"
Pectina,Condi,Embalagem de 25g,"2,04 €","81,60 €/Kg"
Iogurte pedaços frutimax frutos variados,PorSi,Embalagem de 8 x 125 g,"1,44 €","2,88 €/Kg"
Cola BricoCeys,Ceys,1 unidade,"3,59 €","119,67 €/Kg"
Bifes da rabadilha de novilho,PorSi,Embalagem de 400 g,"6,39 €","7,99 €/Kg"
Limpa fornos,PorSi,500 ml,"1,79 €","2,39 €/L"
Rolo de cozinha mega,PorSi,1 rolo,"4,99 €","4,99 €/Unidade"
Dino pescoço grande,Play-Doh,1 Embalagem,"17,59 €","17,59 €/Unidade"
Preparado de bolo de iogurte,PorSi,500 g,"1,69 €","8,45 €/L"
Toalhita Azul,Dodot,Embalagem c/ Tampa | 64 un.,"1,09 €/Unidade","1,09 €/Unidade"
Spray limpa frigorífico e micro-ondas,Cif,embalagem de 750 ml,"1,29 €","1,72 €/L"
Miolo de camarão cozido 40/60,Pescanova,Embalagem de 200 g,"4,11 €","20,55 €/Kg"
Ambientador Arbre Lavanda,Arbre Magique,3 unidade,"2,49 €","2,49 €/Unidade"
Lâmpada LED Forma Esférica 25W E27,Domédia,1 un.,"3,89 €","3,89 €/Unidade"
Spray limpa inox,Cif,Garrafa de 440 ml,"1,79 €","2,39 €/L"
Rebuçados mel e limão,Halls,Embalagem de 32 g,"0,89 €","27,81 €/Kg"
Pedaços de tamboril,PorSi,Embalagem de 500G,"3,79 €","7,58 €/Kg"
Bolacha golden,Oreo,Embalagem de 154 g,"1,49 €","9,68 €/Kg"
Posta pescada-do-cabo nº 5 para cozer,PorSi,Embalagem de 800 g,"3,79 €","7,58 €/Kg"
Bolacha vitalday frutos vermelhos,Gullon,Embalagem de 240g,"3,09 €","10,30 €/Kg"
Copo AF. Principe 20Cl,Cristal,1 unidade,"0,75 €","0,75 €/Unidade"
Borracha para lápis e tinta,Domédia,1 unidade,"0,59 €","0,59 €/Unidade"
Gomas de ursos com brilho,Fini,Embalagem de 100g,"0,94 €","9,40 €/Kg"
Cerveja c/ álcool branca,Franziskan,Garrafa de 500 ml,"1,99 €/L","1,99 €/L"
Azeite virgem extra seleção ouro,Oliveira da Serra,Garrafa de 750 ml,"3,19 €","4,25 €/L"
Ketchup picante,Heinz,460 g,"0,70 €","2,33 €/Kg"
Cereais golden e crispy,PorSi,Embalagem de 375 g,"5,07 €/Kg","5,07 €/Kg"
Cuecas Incontinência Maxi Grande,Lindor,Embalagem com 14 un.,"9,99 €","9,99 €/Unidade"
Gogo SqueeZ Snack Maçã e Pera,Gogo,Embalagem de 4 x 90g,"2,29 €","6,94 €/L"
Azeite Virgem Extra Planícies do Sul,Gallo,Garrafa de 0.75 l,"3,19 €","4,25 €/L"
Açorda de camarão,PorSi Select,380 g,"1,79 €","7,16 €/Kg"
Vinho regional península de setúbal tinto,J.m.f.,Garrafa de 750 ml,"4,99 €","6,65 €/L"
Iogurte sólido sem lactose morango,Mimosa,Embalagem de 480g,"0,99 €","1,98 €/Kg"
Vinho doc colheita selecionada branco 2016,QT.CURRAIS,Garrafa de 750 ml,"2,92 €/L","2,92 €/L"
Esparguete Clássica,Nacional,Embalagem de 500 g,"0,89 €","1,78 €/Kg"
Vinho regional lisboa branco,Marginal,Garrafa de 750 ml,"4,49 €","5,99 €/L"
Lombo curado fatiado,PorSi,100 g,"2,49 €","16,60 €/Kg"
"Vinho Bairrada, Tinto",Selecção de Enófilos,Garrafa de 0.75 l,"2,92 €/L","2,92 €/L"
Queijo fresco meio gordo,PorSi,200 g,"1,09 €","5,45 €/Kg"
Caderno Agrafado Capa Preta |A5 Liso,Domédia,1 unidade,"1,09 €","1,09 €/Unidade"
Iogurte Solido Bifidus Kiwi,Mimosa,Embalagem de 4 x 115g,"2,79 €","6,07 €/Kg"
Milho para pipocas,Globo,Embalagem de 400g,"0,79 €","7,90 €/Kg"
20 saquetas chá verde pure,Lipton,Embalagem de 30g,"1,14 €","114,00 €/Kg"
Néctar de laranja do algarve,Compal,Garrafa de 200 ml,"0,99 €","0,99 €/L"
Tira Nódoas Spray a Seco,Iberia,Embalagem de 200 ml,"1,69 €","1,69 €/L"
Farinheira do Ribatejo,PorSi,Embalagem de 180g,"1,20 €","5,99 €/Kg"
Cerveja c/ álcool,Super Bock,pack 24 x 0.33 l,"1,99 €/L","1,99 €/L"
Bolacha dourada dietnature,Gullon,Embalagem de 330g,"1,69 €","2,11 €/Kg"
Tempero para Frangos Ervas Aromáticas,PorSi,34 g,"3,84 €","24,00 €/Kg"
Iogurte Líquido Yoggi Frutos Tropicais s/ Lactose,Nestle,4x160g,"0,99 €","1,98 €/Kg"
Tablete de chocolate leite c/ avelãs,Milka,Embalagem de 270g,"3,79 €","14,04 €/Kg"
Pão da Avó Alongado,Pão do Dia,1 unidade =400 g,"0,19 €","2,71 €/Kg"
Detergente Líquido p/ Loiça Limão,Fairy,"Embalagem de 1,19 l","0,99 €","1,98 €/L"
Pera conference categoria: II,*,Vendido ao peso a partir de 300 g,"0,37 €","2,49 €/Kg"
Massa esparguete,Milaneza,Embalagem de 500g,"0,89 €","1,78 €/Kg"
Abrasivo sanitário pinho e eucalipto,PorSi,embalagem de 1 litro,"0,99 €","1,32 €/L"
Batata branca para assar,*,Vendido ao peso,"1,79 €","3,58 €/Kg"
Iogurte com Cereais Activia,Danone,Embalagem 4x115g,"2,79 €","6,07 €/Kg"
Spray multiusos limpeza amigo dos animais,Xanpa,Embalagem de 750 ml,"1,09 €","0,55 €/L"
Maçã Reineta de Alcobaça 80/85,*,Vendido ao peso a partir de 500 g,"0,37 €","2,49 €/Kg"
"Hamburguers de vaca, 4x80g",PorSi,Embalagem de 320 g,"2,79 €","8,72 €/Kg"
Camarão 20/30,Congelado de Aquicultura,1 un = 250 gr  (aprox.),"1,99 €/Kg","1,99 €/Kg"
Ananás em rodelas lata,PorSi,Embalagem de 820g,"1,99 €","2,37 €/Kg"
20 saquetas infusão de cidreira,Lipton,Embalagem de 20g,"0,69 €","20,91 €/Kg"
Ovos Frescos Classe M,PorSi,12 unidades,"4,10 €","4,10 €/Unidade"
Princesas do mar,PorSi,Embalagem de 255 g,"2,19 €","8,59 €/Kg"
Creme fixativo sem sabor,Polident,Embalagem de 2 x 40 g,"9,79 €","122,38 €/Kg"
Máquina Depilatória Descartável 3 Sensitive,Bic,Embalagem com 4+2 unidades,"12,99 €","12,99 €/Unidade"
Balões latex brancos,PorSi,Embalagem com 24 unidades,"0,59 €","0,59 €/Unidade"
Queijo fresco natural,Matinal,Embalagem de 216g,"1,09 €","5,45 €/Kg"
Cerveja c/ álcool radler,Sagres,pack 6 x 0.33 l,"1,59 €","3,18 €/L"
Gel WC Desincustrante,Neoblanc,Embalagem de 700 ml,"2,29 €","3,05 €/L"
Nestum 5 cereais,Nestum,Embalagem de 250g,"2,99 €","3,99 €/Kg"
Prince biscuit-sandwich chocolate chocolate r,PRINCE,Embalagem de 300g,"2,15 €","2,87 €/Kg"
"Pensos diários maxiplus, 30 unidades",Evax,Uma embalagem,"1,79 €/Unidade","1,79 €/Unidade"
Vinho Tinto Regional Península de Setúbal,Selecção de Enófilos,750 ml,"4,99 €","6,65 €/L"
Carvão,Carbrica,17 dm3,"0,75 €","0,75 €/Unidade"
Whisky,J&B,Garrafa de 700 ml,"19,99 €","28,56 €/L"
Spray de lavagem a seco,Day 2,200 ml,"1,09 €","2,73 €/Kg"
Alimento lácteo alperce +6 meses,Yogolino,Embalagem de 4 x 100 g,"2,89 €","7,23 €/Kg"
Líquido p/ Radiador Verde 10% Concentração,Arbo,Embalagem de 5 l,"3,99 €","0,80 €/L"
"Gel banho, nutritivo",Lactovit,Embalagem de 650 ml,"4,99 €","16,63 €/L"
Creme Noite Lift + Serum Preenchedor,Diadermine,Embalagem de 50 ml,"2,99 €","59,80 €/L"
Saco do Lixo Ecobag 20 litros,Vileda,20 Sacos,"1,89 €","1,89 €/Unidade"
Yaos iogurte grego natural,Nestle,Embalagem de 4x110g,"0,99 €","1,98 €/Kg"
Anti-embaciante,PorSi,Embalagem de 250 ml,"3,99 €","0,80 €/L"
Spray wc active clean citrus & waterlilly,Ambipur,750 ml,"1,79 €","2,39 €/L"
Gel de banho nourishing,Dove,Embalagem de 500 ml,"4,99 €","16,63 €/L"
Snack cão dentafresh pequeno,Pedigree,Embalagem de 110 g,"0,94 €","5,22 €/Kg"
"Vinho bairrada, reserva, tinto",Selecção de Enófilos,Garrafa de 0.75 l,"2,92 €/L","2,92 €/L"
20 saquetas chá yellow label,Lipton,Embalagem de 30g,"1,69 €","56,33 €/Kg"
"Engoma fácil, pistola",PorSi,Embalagem de 750 ml,"1,69 €","1,69 €/L"
Whisky Malt c/ Tubo,Glen Crinan,Garrafa de 0.70 l,"19,99 €","28,56 €/L"
Queijo Flamengo em Barra,Terra Nostra,1 un = 150 gr (aprox.),"1,56 €","7,80 €/Kg"
Ice tea de limão,PorSi,Embalagem de 2 l,"1,14 €","0,76 €/L"
Ervilhas bio,PorSi Bio,Frasco com 290 g,"1,57 €","15,70 €/Kg"
Posta de tintureira,PorSi,Embalagem de 500 g,"3,79 €","7,58 €/Kg"
Batatas mediterrâneas originais,Lay's,Embalagem de 150g,"1,06 €","5,73 €/Kg"
Vinagre de vinho branco envelhecido,PorSi,Garrafa 250ML,"0,35 €","0,70 €/L"
Arroz agulha,Cigala,Embalagem de 1 kg,"0,99 €","0,99 €/Kg"
Estendal Roupa Aço com Abas,Sonecol,Dim.: 18 m,"0,89 €","0,89 €/Unidade"
Esfregona universal completa,Vileda,1 unidade,"5,99 €","5,99 €/Unidade"
Vinho maduro tinto doc alentejano,P.ravessa,Garrafa de 750 ml,"3,99 €","5,32 €/L"
Galão enriquecido com cálcio,Ucal,Embalagem de 600 ml,"1,99 €","2,49 €/L"
Dentífrico herbal naturals,Aquafresh,75 ml,"2,39 €","31,87 €/L"
Bombons Quality Street,Nestlé,Embalagem de 480 g,"1,49 €","29,80 €/Kg"
Esfregão Salva Unhas Fibra verde Plus,Vileda,Embalagem com 1+1 grátis,"1,99 €","1,99 €/Unidade"
Papel higiénico 2 folhas,PorSi,32 rolos,"1,99 €","1,99 €/Unidade"
Piri piri,Calve,Garrafa de 50 ml,"0,70 €","2,33 €/Kg"
Pensos banda,PorSi,100 x 6 cm,"2,86 €","2,86 €/Unidade"
Caramelo líquido,Royal,Embalagem de 400g,"1,06 €","5,30 €/Kg"
Água mineral sem gás,Fastio,"Garrafa de 2,5 l","1,04 €","0,17 €/L"
Comida húmida para gato indoor em molho com atum,Purina One,Embalagem de 340g,"3,49 €","10,26 €/Kg"
Bolachas shortcake cacau,PorSi,Embalagem de 185 g,"10,00 €/Kg","10,00 €/Kg"
Detergente Máquina Roupa Liquido Bebé,Skip,52 doses,"19,99 €","19,99 €/Unidade"
Cobertura tábua de engomar,PorSi,Dim.: 120 x 42 cm,"20,00 €","20,00 €/Unidade"
Tábua de engomar,Midas,Dim.: 132 cm x 46 cm,"20,00 €","20,00 €/Unidade"
Creme vegetal p/ barrar reduz colesterol,PorSi Viva Bem,250 g,"1,75 €","3,50 €/Kg"
Fiambre Perna Extra Braseado Finissimas,Nobre,Embalagem de 120g,"12,79 €/Kg","12,79 €/Kg"
Bolachas digestive muesli,Gullon,Embalagem de 370g,"1,45 €","11,15 €/Kg"
Loção hidratante,Baby Dove,Embalagem de 200 ml,"1,24 €","4,96 €/Kg"
Queijo ilha ralado,Valformoso,Embalagem de 150g,"1,49 €","7,45 €/Kg"
Batata frita camponesa,PorSi,Embalagem de 175 g,"1,19 €","6,43 €/Kg"
Polvo Limpo Higienizado Congelado,PorSi,Inteiro 2 a 3 kg,"9,59 €","11,99 €/Kg"
Molho de whisky cocktail,Calve,Garrafa de 250 ml,"0,70 €","2,33 €/Kg"
Piscina morango,Bestway,Dim.: 160 x 38 cm,"32,99 €","32,99 €/Unidade"
Máquina de barbear descartável,Gillette,Embalagem com 4+1 unidades,"1,16 €","4,64 €/L"
Abacaxi Maturado Plump Gold,Fruta do Dia,1 un = 2kg ( aprox.),"3,98 €","1,99 €/Kg"
Miolo camarão 40/60,PorSi,Embalagem de 200g,"4,11 €","20,55 €/Kg"
Whisky gold heritage,Label 5,"Garrafa de 0,70 l","19,99 €","28,56 €/L"
Anti-traça Maçã Verde,Dum Dum,2 unidades,"4,69 €","4,69 €/Unidade"
Bolachas de água e sal,PorSi,Embalagem de 125g,"0,39 €","3,12 €/Kg"
Árvore de Natal,LPM,Dim.: 120cm,"0,69 €","0,69 €/Unidade"
Milho doce,Bonduelle,Embalagem de 150 g,"1,79 €","2,29 €/Kg"
Bolachas de chocolate leite,Milka,Embalagem de 150g,"0,79 €","5,27 €/Kg"
Pensos Higiénicos Cottonlike Super Com Abas,Evax,12 unidades,"4,99 €","4,99 €/Unidade"
Patê peru,La piara,Embalagem de 80g,"1,19 €","13,52 €/Kg"
Farinha láctea,PorSi,Embalagem de 1 kg,"4,49 €","4,49 €/Kg"
Cereais all bran,Kellogg's,Embalagem de 380g,"3,45 €","26,74 €/Kg"
Gressinos com azeitonas pretas,PorSi,Embalagem de 250g,"2,39 €","6,83 €/Kg"
Ervilhas,PorSi,Embalagem de 1 kg,"1,89 €","1,89 €/Kg"
Bloco sanitário blue activ higiene,Sonasol,Embalagem de 50 g,"2,99 €","74,75 €/Kg"
Moscatel de setúbal,Adega de Palmela,Garrafa de 750 ml,"5,99 €","7,99 €/L"
Batatas Pré-fritas Rosti com Cebola,PorSi,Embalagem com 600 g,"1,49 €","2,48 €/Kg"
"Pedras salgadas gf 0,33 l",P.salgadas,"Garrafa de 1,98 l","2,85 €","2,85 €/L"
Guardanapos brancos folha tripla 33x33 cm,PorSi,70 unidades,"1,29 €","1,29 €/Unidade"
"Maionese, frasco",Hellmman's,Embalagem de 420g,"0,70 €","2,33 €/Kg"
Piscina infantil,Bestway,Dim.: 152 x 38 cm,"32,99 €","32,99 €/Unidade"
Mel em frasco com doseador,PorSi,Embalagem de 500g,"4,89 €","9,78 €/Kg"
Champô 3 em 1 karpex,Vanish,950 ml,"1,79 €","2,39 €/L"
Popietes,Novilho,1 un = 250 gr  (aprox.),"4,99 €","12,48 €/Kg"
Vinho tinto,Pias,Garrafa de 5 l,"8,59 €","1,72 €/L"
Arroz Risotto,PorSi,Embalagem de 1 kg,"0,99 €","0,99 €/Kg"
Água s/ Gás,Serra de Fafe,Garrafa 6L,"1,04 €","0,17 €/L"
"Cera cabelo, indestructible",Studio Line,Embalagem de 75 ml,"3,89 €","51,87 €/L"
Iogurte mix-in nesquik,Nestle,Embalagem de 2 x 115 g,"1,05 €","1,86 €/L"
Pudim morango,Boca Doce,Embalagem de 20g,"0,59 €","29,50 €/Kg"
Leite 0% lactose magro,Mimosa,Garrafa de 1 l,"1,29 €","1,29 €/L"
Desinfetante multissuperfícies,Xanpa,1 litro,"1,19 €","0,79 €/L"
Mauzão,Concentra,Uma unidade,"31,99 €/Unidade","31,99 €/Unidade"
Refresco em pó de morango,Tang,Embalagem de 30g,"0,75 €","18,75 €/Kg"
Feijão catarino,PorSi,Embalagem 500G,"0,95 €","1,90 €/Kg"
Hortelã-menta,PorSi,20 g,"1,49 €","74,50 €/Kg"
Folhado Misto 90 g,Pastelaria do Dia,,"0,65 €","0,65 €/Unidade"
Lay's sal mpk 6x30g,Lay's,Embalagem de 180g,"1,06 €","5,73 €/Kg"
Tablete de chocolate de preto,Nestle,Embalagem de 90g,"2,69 €","22,42 €/Kg"
Queijo emmental ralado,PorSi Select,Embalagem de 200g,"1,49 €","7,45 €/Kg"
Sopa de agriao,PorSi,Embalagem de 400g,"3,59 €","3,59 €/Kg"
Bolachas multicereais,PorSi,Embalagem de 400 g,"0,90 €","6,00 €/Kg"
Bolachas cereais passas e laranja,PorSi,Embalagem de 300 g,"0,90 €","6,00 €/Kg"
Saqueta puré de fruta e aveia,PorSi,Embalagem de 90g,"0,74 €","8,22 €/Kg"
"Linguíca, 4 unidades",PorSi,Embalagem de 180 g,"1,22 €","6,78 €/Kg"
Bandas de Cera Depilatória Facial,Veet,Embalagem de 20 unidades,"5,99 €","5,99 €/Unidade"
5 rissóis de leitão,PorSi,Embalagem de 400g,"1,79 €","7,16 €/Kg"
Pensos peles sensíveis sortidos,PorSi,20 unidades,"2,86 €","2,86 €/Unidade"
Vinho do porto lbv 2004,Cruz,Garrafa de 0.75 l,"9,49 €","12,65 €/L"
Cueca Incontinência Boutique Plus M,Ausonia Discreet,Embalagem de 9 Un.,"9,99 €","9,99 €/Unidade"
Doce amoras,ST.DALFOUR,Frasco de 284g,"2,19 €","9,95 €/Kg"
Cereais chocapic,Nestle,Embalagem de 375 g,"5,07 €/Kg","5,07 €/Kg"
Champô cacau&côco,Ultra Suave,Embalagem de 400 ml,"5,59 €","13,98 €/L"
Vinagre de fruta,PorSi,Embalagem de 500 ml,"0,35 €","0,70 €/L"
Mon cheri t5 53g,Mon cheri,Embalagem de 50g,"1,49 €","29,80 €/Kg"
Queijo flamengo fatias light,PorSi,Embalagem de 200g,"2,39 €","19,92 €/Kg"
Chá sene,PLANTANATU,Embalagem Com 10 saquetas,"1,25 €","62,50 €/Kg"
Água mineral natural alcalina,MONCHIQUE,1.5 l,"1,04 €","0,17 €/L"
Tostas de trigo,PorSi,Embalagem 225G,"2,39 €","6,83 €/Kg"
Lixívia para roupa delicada,Neoblanc,Embalagem de 1 l,"2,19 €","1,10 €/L"
Maçã golden 60/65 categoria II Programa Origens,PorSi,Embalagem de 1.5 kg,"0,37 €","2,49 €/Kg"
Pensos peles sensíveis sortidos,PorSi,30 unidades,"2,86 €","2,86 €/Unidade"
Azeitona mista,PorSi,Embalagem de 210g,"1,00 €","3,99 €/Kg"
Cereais fitness e fruits,Nestle,Embalagem de 380g,"3,45 €","26,74 €/Kg"
Strudel de maçã,PorSi,Embalagem de 550 g,"2,99 €","5,54 €/Kg"
Flauta,Hohner,1 unidade,"1,35 €","1,35 €/Unidade"
Ambientador recarga bouquet,Air Wick,Garrafa de 250 ml,"11,98 €","11,98 €/Unidade"
Gelatina de morango,Koala,Embalagem de 130g,"1,14 €","8,77 €/Kg"
Areia para gatos mineral perfumada,PorSi,Embalagem de 5 kg,"1,19 €","0,24 €/Kg"
Kiwi,Zespri,embalagem de 500 g,"0,54 €","2,69 €/Kg"
"Salsichas hot dog, frasco",Izidoro,Embalagem de 240g,"0,75 €","3,75 €/Kg"
Refrigerante  c/ gás regular,Coca-Cola,pack 4 x 1 l,"0,79 €","0,40 €/L"
Fiambre da Perna Extra,Primor,1 un = 150 gr (aprox.),"12,79 €/Kg","12,79 €/Kg"
Leite uht magro,Mimosa,Embalagem de 200 ml,"0,81 €","0,81 €/L"
Bebida láctea crescimento 3 anos+,Nestle,Embalagem de 1 litro,"0,26 €","1,30 €/L"
Bebida láctea crescimento 1 a 3 anos,Nestle,Embalagem de 1 litro,"0,26 €","1,30 €/L"
Açúcar fino,Rar,Embalagem de 1000 g,"1,49 €","1,49 €/Kg"
Leite especial crescimento +3 anos,Mimosa,Garrafa de 1 l,"0,26 €","1,30 €/L"
Arroz agulha,Pato real,Embalagem de 1 kg,"0,99 €","0,99 €/Kg"
Toalhitas Refrescantes Rosto e Mãos,PorSi,Embalagem 3 x 10 un.,"1,10 €","1,10 €/Unidade"
Creme Muda Fralda,Baby Dove,Embalagem de 45 g,"1,24 €","4,96 €/Kg"
"Papel higiénico compacto, folha dupla",Renova,4 = 12 rolos,"1,99 €","1,99 €/Unidade"
Ambientador stick delicias de verão,Air Wick,Embalagem de 1 unidades,"7,99 €","38,05 €/Kg"
Puré de batata,Saint Eloi,Embalagem de 500 g,"1,99 €","1,99 €/Kg"
Cocktail pessego,Bar Royal,Garrafa de 750 ml,"11,99 €","11,99 €/L"
Iogurte líquido magro frutos vermelhos,PorSi Viva Bem,Embalagem de 4x160 ml,"1,17 €","1,83 €/Kg"
Sardinhas,PorSi,embalagem com 1 kg,"3,79 €","7,58 €/Kg"
Iogurte líquido magro frutos vermelhos,PorSi Viva Bem,Embalagem de 4x160 ml,"1,19 €","1,86 €/L"
Tira Nódoas em Gel Cores,Skip,1.6 l,"1,69 €","1,69 €/L"
"Esferográfica cristal, 5 Uni",Bic,1 unidade,"2,49 €","2,49 €/Unidade"
C surtido cuetara 420gr.              *8,Cuetara,Embalagem de 420g,"9,48 €/Kg","9,48 €/Kg"
Molho de soja com dispenser,KIKKOMAN,Garrafa de 150 ml,"3,99 €","26,60 €/L"
Ambientador automático lavanda,PorSi,250 ml,"0,99 €","3,30 €/L"
Creme Corpo Goodness,Dove,Embalagem de 300 ml,"3,49 €","23,27 €/L"
Rolo de Cozinha Multi,Renova,4 Rolos,"4,99 €","4,99 €/Unidade"
Mochila Eco Happiness c/ Bolsa Pc,Firmo,1 unidade,"21,90 €","21,90 €/Unidade"
Bacalhau desfiado,PorSi,Embalagem de 500g,"6,39 €","7,99 €/Kg"
Croissant Creme,Pastelaria do Dia,1 unidade = 100g (aprox.),"0,49 €/Unidade","0,49 €/Unidade"
Lambrusco tinto,*,Garrafa de 750 ml,"6,89 €","9,19 €/L"
Achocolatado em pó,Nesquik,Embalagem de 800g,"5,59 €","6,99 €/Kg"
Açucar granulado,PorSi,Embalagem de 1 kg,"1,49 €","1,49 €/Kg"
Whisky Blended,Label 5,Garrafa de 1L,"19,99 €","28,56 €/L"
Óleo Performa 15W40,Galp,Embalagem de 1 l,"14,99 €","14,99 €/L"
Lixívia tradicional,Lavandera,Garrafão de 2 litros,"1,09 €","0,55 €/L"
Esponja limpa camurça,PorSi,1 unidade,"5,29 €","35,27 €/L"
Café Descafeinado,Nescafe,Embalagem de 100g,"1,59 €","6,36 €/Kg"
Mostarda a'lancienne,PorSi Select,190 g,"0,70 €","2,33 €/Kg"
Amaciador de roupa concentrado ouro,Quanto,"Garrafa de 1,012 l","3,99 €","3,99 €/Unidade"
Cola stick,Uhu,Conjunto de 2 x 21 g,"2,89 €","180,63 €/Kg"
Salsichas de porco em lata,PorSi,Embalagem de 200g,"0,75 €","3,75 €/Kg"
Nata uht,Agros,Garrafa de 200 ml,"1,12 €","5,60 €/L"
Frutapura maçã e pera,Bledina,Embalagem de 85g,"2,29 €","6,94 €/L"
Bacalhau lombos,PorSi,Embalagem de 1.5 kg,"6,39 €","7,99 €/Kg"
Camarão Tigre 6/8,Nossa seleção,vendido ao peso,"4,11 €","20,55 €/Kg"
15 panadinhos de peixe,PorSi,Embalagem de 450 g,"3,79 €","7,58 €/Kg"
Bebida de soja e chocolate,PorSi Viva Bem,Embalagem de 1 l,"0,99 €","0,99 €/L"
Toalhetes Íntimos Suaves,Corine de Farme,Embalagem com 10 un.,"1,99 €","1,99 €/Unidade"
Bebida solúvel cereais+fibra frasco 200g,Delta,Embalagem de 200g,"1,45 €","14,50 €/Kg"
Bolachas digestive finas de chocolate negro,Triunfo,Embalagem de 170 g,"1,19 €","5,95 €/Kg"
Rum 3 anos havan club (40º),Havana,Garrafa de 700 ml,"17,49 €","24,99 €/L"
Travessa com naperon 45x36cm,PorSi,1 unidade,"0,99 €","0,99 €/Unidade"
Bolacha maria junior doces,Vieira,Embalagem de 280g,"1,69 €","2,11 €/Kg"
Bombom Caja Roja,Nestlé,Embalagem de 100G,"1,49 €","29,80 €/Kg"
Bolacha craker queijo,Tuc,Embalagem de 100g,"1,19 €","5,95 €/Kg"
3 Pipetas de Repelente p/ Gato,Repul'7,1 unidade,"10,48 €","10,48 €/Unidade"
Máquina Barbear Proglide Flexball Power,Gillette,1 unidade,"1,16 €","4,64 €/L"
Limpa madeiras ecológico,PorSi,1.5 litros,"4,39 €","14,63 €/L"
"Esquadro, 21 cm 60.",Domédia,1 unidade,"0,59 €","0,59 €/Unidade"
Leite condensado magro cozido,Nestle,Embalagem de 390g,"1,09 €","2,75 €/Kg"
Frango inteiro com miúdos,PorSi,Embalagem com 1.4 kg (aprox.),"1,05 €","2,99 €/Kg"
Café Moagem Universal do Brasil,PorSi,Embalagem de 220g,"9,16 €/Kg","9,16 €/Kg"
Amaciador concentrado para roupa floral,PorSi,80 doses,"3,99 €","3,99 €/Unidade"
Mousse chocolate,PorSi,Embalagem de 150g,"0,79 €","5,27 €/Kg"
Bolacha digestive chocolate negro,MCVITIES,Embalagem de 300g,"1,19 €","5,95 €/Kg"
M&m's drageias de caramelo salgado e chocolate de le...,M&m's,Embalagem de 160g,"2,99 €","15,99 €/Kg"
Chocolate culinário 70% cacau,Nestle,Embalagem de 170 g,"1,79 €","8,95 €/Kg"
Coco ralado bio,PorSi Bio,Embalagem de 200 g,"1,79 €","8,95 €/Kg"
Aditivo em gel máquina roupa pink,Vanish,Embalagem de 1.6 litros,"4,99 €","18,15 €/Kg"
Spray desinfetante cozinha,Lysol,Embalagem de 500 ml,"0,79 €","0,79 €/L"
Barras fitness com chocolate,Nestle,Embalagem de 140g,"3,45 €","26,74 €/Kg"
Feijão encarnado,PorSi,Embalagem de 420 g,"1,79 €","2,29 €/Kg"
Iogurte natural sem lactose,PorSi Viva Bem,4 x 125 g,"0,99 €","1,98 €/Kg"
Bombom coração original,Regina,Embalagem de 90g,"1,49 €","29,80 €/Kg"
Iogurte activia cremoso frutos silvestres,Danone,Embalagem de 4 x 120 g,"2,99 €","6,80 €/Kg"
Chocolate para culinária 85% cacau sem glúten,Regina,embalagem de 200 g,"1,79 €","8,95 €/Kg"
Arroz de Pato,Centralres,Vendido ao peso,"2,99 €","11,96 €/Kg"
Spray 3 em 1 pet expert,Vanish,500 ml,"1,79 €","2,39 €/L"
Cocktail de azeitonas,PorSi,Vendido ao peso a partir de 250 g,"1,00 €","3,99 €/Kg"
Ambientador aerossol 5 em 1 jasmim,PorSi,300 ml,"0,99 €","3,30 €/L"
Kit de viagem,Colgate,pasta dentífrica + escova,"2,39 €","31,87 €/L"
Snacks para Cão Markies Mini,Pedigree,Embalagem de 500 g,"0,94 €","5,22 €/Kg"
Ração para cão mini adulto nutri soft com frango,Friskies,"Embalagem de 1,4 kg","6,49 €","4,64 €/Kg"
Recarga Esfregona de Microfibras,PorSi,1 unidade,"5,99 €","5,99 €/Unidade"
Drageias de chocolate de leite,PorSi,200 g,"2,99 €","15,99 €/Kg"
Recargas ambientador elétrico romantic vanilla bloss...,Glade,Embalagem de 2 x 20 ml,"11,98 €","11,98 €/Unidade"
Cappuccino café arábica cacau magro em pó,PorSi,250 ml,"3,19 €","25,52 €/Kg"
Almofada Viscoelástica Dim.: 45x60cm,*,1 Unidade,"9,99 €","9,99 €/Unidade"
Adoçante em pó,Canderel,Embalagem de 90g,"5,99 €","23,96 €/Kg"
Conjunto de 4 peças flex,Maped,1 unidade,"1,59 €","1,59 €/Unidade"
Água mineral sem gás,S.estrela,pack 4 x 1.5 l,"1,04 €","0,17 €/L"
Creme abrasivo activo c/ lixívia,Cif,Garrafa de 500 ml,"1,09 €","0,55 €/L"
Pensos higiénicos liberty noite abas,Evax,Embalagem com 9 un.,"4,99 €","4,99 €/Unidade"
Salsichão fuet caseiro,Elpozo,Embalagem de 150g,"1,35 €","16,88 €/Kg"
Toalha em rolo papel branco,PorSi,1 Unidade,"3,59 €","3,59 €/Unidade"
Café torrado lote chávena máquina,Delta,Embalagem de 250g,"9,16 €/Kg","9,16 €/Kg"
Manteiga amendoim cremosa,PorSi,Embalagem de 340g,"8,54 €/Kg","8,54 €/Kg"
Sobremesa Paturette Creamy Chocolate,Páturages,Embalagem de 4X115G,"1,19 €","2,59 €/Kg"
Queijo bola fatias,Paiva,Embalagem de 180g,"1,56 €","7,80 €/Kg"
Mousse cabelo caracois,Labell,Embalagem de 200ml,"3,89 €","51,87 €/L"
Leite Achocolatado Batido com Cacau,Cacaolat,Pack de 3 x 200 ml,"0,26 €","1,30 €/L"
Gelado carte d'or yogurt & forest fruit,Olá,Embalagem de 900 ml,"5,49 €","6,10 €/L"
Vinho tinto,Enc.bairro,Bag-in-box de 5L,"8,59 €","1,72 €/L"
Puzzle Canal Panda,Olivo,60 peças,"5,99 €","5,99 €/Unidade"
Queijo limiano amanteigado vaca e ovelha sem casca m...,Limiano,Embalagem de 450g,"3,35 €","13,39 €/Kg"
Batata Pré-Frita Croquettes,PorSi,Embalagem de 1 kg,"1,49 €","2,48 €/Kg"
Biscoitos canudinho recheio cacau,PorSi,Embalagem de 300g,"3,09 €","10,30 €/Kg"
Recarga mopa,PorSi,1 unidade,"5,99 €","5,99 €/Unidade"
Tablete de chocolate leite/amêndoa,Nestle,Embalagem de 120g,"3,79 €","14,04 €/Kg"
Caldo verde sem batata,PorSi Viva Bem,Embalagem de 400 g,"3,59 €","3,59 €/Kg"
Leite especial cálcio + vitamina d magro,Mimosa,Garrafa de 1 l,"1,29 €","1,29 €/L"
Eau de Toilette Homem Blue,António Banderas,Embalagem de 200 ml,"1,39 €","6,95 €/L"
Arroz integral,PorSi Viva Bem,Embalagem de 1 kg,"1,09 €","1,09 €/Kg"
Comida húmida para gato duplo prazer com peixe do oc...,Gourmet Gold,Embalagem de 90g,"3,49 €","10,26 €/Kg"
Iogurte Pedaços Kiwi 0% Matéria Gorda/Açúcares,Danone,4 x 120 g,"1,44 €","2,88 €/Kg"
Iogurte ananás 000%,PorSi Viva Bem,Embalagem de 4 x 125 g,"7,66 €/Kg","7,66 €/Kg"
Desinfetante em gel c/ lixívia,Cif,Garrafa de 750 ml,"2,29 €","3,05 €/L"
Creme p/ barrar de chocolate e avelã,Milka,Embalagem de 340g,"8,54 €/Kg","8,54 €/Kg"
Pastilhas ice spearmint,CHICLETS,Embalagem de 17 g,"0,89 €","59,33 €/Kg"
Mauzão,Concentra,Uma unidade,"6,99 €","6,99 €/Unidade"
Loção Sensitive,Baby Dove,Embalagem de 200 ml,"1,24 €","4,96 €/Kg"
Vinho frisante branco,Lapadas,Garrafa de 750 ml,"2,29 €","3,05 €/L"
"Escova de dentes macia, 7-13 anos",Labell,1 unidade,"1,05 €","1,05 €/Unidade"
Desinfetante álcool gel,PorSi,100 ml,"0,99 €","9,90 €/L"
Água com gás natural,Perrier,Embalagem de 750ml,"2,85 €","2,85 €/L"
Queijo Brie 60%,Produto selecionado,Vendido ao peso a partir de 250 gr,"2,60 €","13,00 €/Kg"
"Detergente líquido, manual loiça, original",Fairy,"Embalagem de 1,5 l","0,99 €","1,98 €/L"
Polpa de tomate em garrafa,Compal,Embalagem de 500g,"3,84 €","24,00 €/Kg"
Café em grão torra média,STARBUCKS,Embalagem de 200 g,"9,16 €/Kg","9,16 €/Kg"
Ambientador stick micado blackberry,Air Wick,Embalagem de 1 unidades,"7,99 €","38,05 €/Kg"
Licor de amêndoa amarga,Produto selecionado,"Garrafa de 0,70 l","7,49 €","10,70 €/L"
Camarão Cozido 40/60,Nossa seleção,1 un = 250 gr (aprox.),"3,25 €","12,99 €/Kg"
Brandy,Constantin,Garrafa de 700 ml,"11,99 €","17,13 €/L"
Mousse de chocolate leite,Páturages,Embalagem de 4x60 g,"1,19 €","2,59 €/Kg"
Spray fornos e grelhadores,Cif,435 ml,"1,79 €","2,39 €/L"
Rolos de papel multiusos 2 folhas,PorSi,1 unidade,"4,99 €","4,99 €/Unidade"
"Refrigerante com gás, laranja, lata",Fanta,pack 6 x 0.33 l,"0,79 €","0,40 €/L"
Queijo Curado kg,Castelões,1 un = 250 gr  (aprox.),"3,35 €","13,39 €/Kg"
Spray optimal 7 com lixivia,Ajax,Embalagem de 500 ml,"1,79 €","2,39 €/L"
Maçã reineta calibre: 75/80 Categoria: II,*,Vendido ao peso,"0,37 €","2,49 €/Kg"
Spray casa de banho brilhante,Sonasol,Embalagem de 500 ml,"1,89 €","1,26 €/L"
Queijo curado babybel protein rede 5x20g,Babybel,Embalagem de 100g,"2,09 €","20,90 €/Kg"
Polpa de tomate com cebola e alho,Compal,Embalagem de 500g,"3,84 €","24,00 €/Kg"
Cueca Incontinência Boutique Plus G,Ausonia Discreet,Embalagem de 8 Un.,"9,99 €","9,99 €/Unidade"
Mousse de manga,*,140 ml,"1,89 €","13,50 €/L"
Salsa,PorSi,Embalagem de 50g,"0,99 €","19,80 €/Kg"
Bolachas digestivas go maçã,Triunfo,Embalagem de 170g,"1,19 €","5,95 €/Kg"
5 manhãzitos choco chips,Manhazitos,Embalagem de 175 g,"1,69 €","4,83 €/Kg"
Moscatel de Setúbal,Bacalhoa,Garrafa de 750 ml,"5,99 €","7,99 €/L"
"Limpa vidros pistola, cristal",Ajax,Embalagem de 500 ml,"3,19 €","6,38 €/L"
Restaurador p/ móveis claro,Novycera,Garrafa de 170 ml,"4,39 €","14,63 €/L"
Salmão Fumado da Noruega,PorSi,Embalagem de 200 g,"3,49 €","43,63 €/Kg"
Depilatório homem gel,Veet,Garrafa de 200 ml,"2,99 €","14,95 €/L"
Bolachas digestive aveia e laranja,Gullon,Embalagem de 430g,"1,49 €","2,48 €/Kg"
Cebola picada em pacote,PorSi,Embalagem de 40 g,"0,39 €","0,39 €/Kg"
Chá cherry love,Lipton,20 saquetas,"2,69 €","89,67 €/Kg"
Frutapura Pouch Frutos Variados,Bledina,Embalagem de 85g,"2,29 €","6,94 €/L"
Bebida energética,Red Bull,Garrafa de 360 ml,"5,39 €","5,39 €/L"
"12 lápis de cor, 18cm",Domédia,Uma embalagem,"0,59 €","0,59 €/Unidade"
Bolachas starship tradicional,PorSi,Embalagem de 150g,"0,90 €","6,00 €/Kg"
Vinho rosé mateus emotion,Mateus,Garrafa de 750 ml,"4,29 €","5,72 €/L"
Spray madeiras,Cif,435 ml,"4,39 €","14,63 €/L"
Acetona,PorSi,Embalagem de 60 ml,"1,09 €","4,36 €/L"
Sumo 100% Fruta Laranja Espremida,Compal,1 litro,"1,09 €","0,73 €/L"
Marmelada com noz,Quinta de Jugais,Embalagem de 500g,"1,09 €","2,42 €/Kg"
Queijo Roquefort AOC 52% M.G,Rocabret,Vendido ao peso a partir de 250 gr,"2,60 €","13,00 €/Kg"
Leite UHT Meio Gordo,PorSi,Embalagem de 200 ml,"0,81 €","0,81 €/L"
Caldo de galinha 24 cubos,Knorr,Embalagem de 240g,"3,84 €","24,00 €/Kg"
Sidra maçã,Bandida,Lata de 500 ml,"1,59 €","3,18 €/L"
Limpa fornos normal,Mr.muscle,Embalagem de 300 ml,"1,29 €","1,72 €/L"
Liquido refrigerante verde 10%,PorSi,Embalagem de 1 l,"3,99 €","0,80 €/L"
Lâmpada LED Forma Esférica 5.5W E27 220-240V,Domédia,1 un.,"3,89 €","3,89 €/Unidade"
Rissóis de leitão,*,,"0,09 €","1,49 €/Kg"
Cerveja 0.0%,Heineken,Pack 6 x 0.25 l,"5,99 €","3,03 €/L"
Adoçante com doseador,PorSi,Embalagem 300 comprimidos,"5,99 €","23,96 €/Kg"
Paté de atum,PorSi,Embalagem de 65 g,"1,19 €","13,52 €/Kg"
Coxinhas de frango,PorSi,Embalagem de 360g,"3,99 €","17,35 €/Kg"
Atum ao natural,Ramirez,Embalagem de 120g,"9,08 €/Kg","9,08 €/Kg"
Lixívia tradicional,PorSi,Embalagem de 2 l,"1,74 €","0,35 €/L"
Detergentes máquina lavar loiça next generation,PorSi,30 pastilhas,"2,99 €","2,99 €/Unidade"
"Pensos diários, maxi, 40 unidades",Evax,Uma embalagem,"1,79 €/Unidade","1,79 €/Unidade"
Néctar 8 frutos,Bongo,Pack 3 x 200 ml,"0,99 €","0,99 €/L"
Milho doce,PorSi,Embalagem de 3 x 140 g,"1,79 €","2,29 €/Kg"
Caramelos de leite,Penha,Embalagem de 100g,"2,49 €","16,60 €/Kg"
Anti-Traça Gel Lavanda,Dum Dum,2 unidades,"4,69 €","4,69 €/Unidade"
Massa pevide,Nacional,Embalagem de 250g,"0,89 €","1,78 €/Kg"
Detergente líquido p/ máquina lavar roupa cores,Woolite,"Garrafa de 1,65 l","8,69 €","1,84 €/Kg"
Café moagem normal: original,Buondi,Embalagem de 220g,"3,49 €","13,96 €/Kg"
Leite C/ Chocolate,Mimosa,Embalagem de 4 x 200 ml,"0,26 €","1,30 €/L"
Leite uht sem lactose magro,PorSi Viva Bem,1 litro,"0,81 €","0,81 €/L"
Bolachas integrais,PorSi,Embalagem de 200g,"1,19 €","5,95 €/Kg"
Lula recheada com carne,PorSi,Embalagem de 500 g,"3,99 €","19,95 €/Kg"
Eau de Toilette Homem King of Seduction,António Banderas,Embalagem de 200 ml,"1,39 €","6,95 €/L"
Comida húmida para gato com frango/vaca,Purina One,Embalagem de 340g,"3,49 €","10,26 €/Kg"
Esferográfica Cristal Ouro e Prata x2,Bic,1 unidade,"2,49 €","2,49 €/Unidade"
Lambrusco branco,Sorbello,Garrafa de 0.75 l,"6,89 €","9,19 €/L"
"Alimento seco para cão, croquetes pro adulto",PorSi Select,Embalagem de 4 Kg,"6,49 €","4,64 €/Kg"
Tira gorduras recarga,Mistolin,Garrafa de 550 ml,"4,89 €","6,52 €/L"
Sabonete sensitive,Palmolive,Embalagem de 4x90 g,"1,99 €","12,44 €/Kg"
Detergente em pastilhas p/ máquina lavar loiça quant...,Finish,Embalagem de 36 unidades,"2,99 €","2,99 €/Unidade"
Cotonetes para bebé,PorSi,Embalagem com 60 unidades,"0,58 €","0,58 €/Unidade"
Prato P/ Bolo C/ Tampa Patisserie,Pasabahçe,1 un.,"16,49 €","16,49 €/Unidade"
Cerveja com álcool abadia,Super Bock,pack 6 x 0.33 l,"1,99 €/L","1,99 €/L"
Mix de Amendoins,Nuts Original,Embalagem de 150 g,"0,79 €","7,90 €/Kg"
"Iogurte pedaços, frutimax muesli",PorSi,Embalagem de 4 x 125 g,"1,44 €","2,88 €/Kg"
Bolachas digestive go,Triunfo,Embalagem de 160g,"1,19 €","5,95 €/Kg"
Infusão de frutos vermelhos,Tetley,Embalagem de 20g,"2,69 €","89,67 €/Kg"
1ª papa láctea multifrutos sem glúten +4 meses,Cerelac,Embalagem de 250g,"4,49 €","4,49 €/Kg"
Lentilhas vemelhas,PorSi Viva Bem,Embalagem de 500 g,"1,19 €","2,38 €/Kg"
Sopa Canja de Galinha c/ Aletria,PorSi,Embalagem de 75 g,"2,20 €","31,43 €/Kg"
Vinho branco,PorSi,embalagem de 1 litro,"0,85 €","0,85 €/L"
Salsichas Frankfurt em lata,Izidoro,Embalagem de 120g,"0,75 €","3,75 €/Kg"
Aditivo tira nódoas oxi action pink,Vanish,Embalagem de 800 ml,"4,99 €","18,15 €/Kg"
Guitarra,Panda,1 un.,"14,99 €/Unidade","14,99 €/Unidade"
Sabonete de leite de burra,Confianca,Embalagem de 75 g,"1,99 €","12,44 €/Kg"
Sobremesa danette duplo baunilha e caramelo,Danone,Embalagem de 4 x 125 g,"1,19 €","2,59 €/Kg"
Água sem gás,Penacova,Garrafão de 5 litros,"1,04 €","0,17 €/L"
Bacon Extra fatiado,Porminho,Embalagem 80g,"1,45 €","18,13 €/Kg"
Bolachas digestive finas de chocolate de leite,Triunfo,Embalagem de 170 g,"0,79 €","5,27 €/Kg"
Rojões,Porco,1 un = 250 gr  (aprox.),"4,89 €","4,89 €/Kg"
Bolachas extra pepitas xl,Ca!,Embalagem de 180g,"2,15 €","2,87 €/Kg"
Iogurte tipo grego maracujá,PorSi,Embalagem de 4 x 125 g,"2,99 €","6,80 €/Kg"
Queijo de cabra curado,PorSi,Embalagem de 2x100 g,"4,62 €","18,49 €/Kg"
Leite UHT Meio Gordo,Gresso,Embalagem de 1 l,"0,81 €","0,81 €/L"
Tablete de chocolate culinário negro,PorSi,Embalagem de 200 g,"2,69 €","22,42 €/Kg"
Filetes de atum dos Açores em azeite c/ orégãos,PorSi Select,190 g,"9,08 €/Kg","9,08 €/Kg"
Tapa fugas,Redex,Embalagem de 250 ml,"14,99 €","14,99 €/L"
Iguarias Pota com Alho,Pitéu,Embalagem de 120 g,"9,08 €/Kg","9,08 €/Kg"
Creme Ultra-Nutritivo,Corine de Farme,Embalagem de 100 g,"1,24 €","4,96 €/Kg"
Fósforos longos,Quinas,Embalagem com 3 unidades,"2,39 €","2,39 €/Unidade"
Super Cola 3 Mini Trio C/ Oferta de 1 Tubo Grátis,Loctite,4 g,"3,59 €","119,67 €/Kg"
Recarga Ambientador Automático Sparkling Citrus,PorSi,Embalagem de 250 ml,"11,98 €","11,98 €/Unidade"
Bolacha de Manteiga Belga c/ Chocolate Branco,Saborosa,Embalagem de 198 g,"10,00 €/Kg","10,00 €/Kg"
Sobremesa Paturette Caramelo,Páturages,Embalagem de 4x115g,"1,19 €","2,59 €/Kg"
Melão Amarelo,Fruta do Dia,Vendido ao peso | 1 un = 2.5 kg (aprox.),"2,48 €","0,99 €/Kg"
Óleo p/ Moto Performa M2T,Galp,Embalagem de 1 l,"14,99 €","14,99 €/L"
Moelas congeladas,*,Embalagem de 1 kg,"2,49 €","2,49 €/Kg"
Ecobag 50 L perfumado limão,Vileda,1 embalagem,"1,89 €","1,89 €/Unidade"
Cerveja com álcool,Kings Bräu,"Embalagem de 0,33 l","1,99 €/L","1,99 €/L"
Creme para calçado incolor,PorSi,50 ml,"0,99 €","19,80 €/L"
Vassoura pequena,PorSi,unidade,"2,20 €","2,20 €/Unidade"
Iogurte yoco squeezy de morango,Nestle,Embalagem de 4 x 80 g,"1,05 €","1,86 €/L"
Baby Comando TV,Baby Clementoni,1 un.,"14,99 €/Unidade","14,99 €/Unidade"
Legumes para sopa,PorSi,Embalagem de 1 kg,"1,89 €","1,89 €/Kg"
Esfregão Esponja Antibacteriano,Fino,1 unidade,"1,99 €","1,99 €/Unidade"
Eau de toilette by Shakira,Shakira,Frasco de 50 ml,"23,99 €","119,95 €/L"
Porto ruby,Ferreira,Garrafa de 750 ml,"6,65 €/L","6,65 €/L"
Spray calcário e sujidade,Cillitbang,Garrafa de 500 ml,"1,19 €","0,79 €/L"
Rolo tira pelos 12 folhas,PorSi,1 unidade,"11,99 €","11,99 €/Unidade"
Tesoura kidy pulse,Maped,12 cm,"1,35 €","1,35 €/Unidade"
Papa infantil não láctea bolacha maria +6 meses,Cerelac,Embalagem de 250g,"4,49 €","4,49 €/Kg"
Néctar vital equilibrio laranja/cenoura/manga,Compal,Embalagem de 1 l,"0,99 €","0,99 €/L"
Crepe simples,PorSi,Embalagem de 630g,"2,99 €","5,54 €/Kg"
Sumo 100% fresh maçã,Compal,Garrafa de 330 ml,"1,09 €","0,73 €/L"
Sabonete de Argila,Saboaria,Embalagem de 75 g,"1,99 €","12,44 €/Kg"
Gin dry,Gibson's,Garrafa de 700 ml,"17,99 €","25,70 €/L"
Ambientador spray pure colónia de bebé,PorSi,250 ml,"0,99 €","3,30 €/L"
Recargas ambientador elétrico relaxing zen,Glade,Embalagem de 2 x 20 ml,"11,98 €","11,98 €/Unidade"
Brócolos e couve-flor cortados,PorSi,500 g,"3,98 €/Kg","3,98 €/Kg"
Paes de leite 10unid 350g,H.delicia,Embalagem de 350 g,"1,69 €","4,83 €/Kg"
Vinagre balsâmico modena,Gallo,Garrafa de 500 ml,"0,35 €","0,70 €/L"
Bolachas digestivas go maçã,Triunfo,Embalagem de 170g,"1,49 €","2,48 €/Kg"
Espumante cava meio seco reserva,Freixenet,Garrafa de 750 ml,"6,99 €","9,32 €/L"
Iogurte líquido morango,PorSi,Embalagem de 4 x 160 g,"1,17 €","1,83 €/Kg"
"Refeição pronta, boião de legumes e vitela",Bledina,Embalagem de 200g,"1,89 €","9,95 €/Kg"
Queijo mozzarella mini bolas,PorSi,Embalagem 125G,"1,59 €","12,72 €/Kg"
Lixívia densa +,Neoblanc,Embalagem de 1 l,"1,74 €","0,35 €/L"
Napolitanas creme cacau,PorSi,Embalagem de 320g,"1,77 €","5,53 €/Kg"
Pastilhas descafeinado,Delta,Embalagem de 110g,"3,99 €","72,55 €/Kg"
Café moagem universal brasil,Delta,Embalagem de 220g,"3,49 €","13,96 €/Kg"
Mini tostas de trigo,Diatosta,Embalagem de 350 g,"2,39 €","6,83 €/Kg"
Néctar bio laranja,Paquito,"Embalagem de 1,5 l","1,39 €","1,39 €/L"
Madalenas de Laranja,Brioxa,12 Unidades - Embalagem de 500 g,"1,77 €","5,53 €/Kg"
Sacos higiénicos para animal,Canaillou,4 x 20 unidades,"1,19 €","0,24 €/Kg"
Iogurte activia líquido 0% morango/kiwi,Danone,Embalagem de 4 x 155 g,"2,79 €","6,07 €/Kg"
Detergente líquido baby,Skip,22 doses,"19,99 €","19,99 €/Unidade"
Pasta dentífrica herbal branqueadora,Colgate,Embalagem de 75 ml,"2,39 €","31,87 €/L"
Lancheira,PorSi,Dim.: 20X14X15CM,"21,90 €","21,90 €/Unidade"
Carne p/ Assar,Novilho,Vendido ao peso a partir de 800 g,"6,39 €","7,99 €/Kg"
Iogurte Pedaços Kiwi 0% Matéria Gorda/Açúcares,Danone,4 x 120 g,"6,99 €","5,83 €/Kg"
Lixívia Gel Brisa Marítima,Neoblanc,Embalagem de 700ml,"1,74 €","0,35 €/L"
Baby Clemmy Balde de Atividades,Clementoni,1 un.,"14,99 €/Unidade","14,99 €/Unidade"
Esfregona tiras completa,PorSi,1 unidade,"1,99 €","1,99 €/Unidade"
Bebida Energética Red Grape,Hell,250 ml,"5,39 €","5,39 €/L"
Iogurte morango 000%,PorSi Viva Bem,Embalagem de 4 x 125 g,"1,44 €","2,88 €/Kg"
Azeitona galega mista retalhada,PorSi,Vendido ao peso a partir de 500 g,"1,00 €","3,99 €/Kg"
Infusão de camomila,Tetley,Embalagem de 10g,"1,14 €","114,00 €/Kg"
Manteiga s/ lactose,Primor,Embalagem de 130g,"1,69 €","6,76 €/Kg"
Rebuçado recheio morango,PorSi,Embalagem de 250g,"1,00 €","5,00 €/Kg"
Inseticida líquido elétrico recarga,Raid,Pack 3 x 27 ml,"7,69 €","7,69 €/Unidade"
Salsichas em lata,PorSi,Embalagem  de 120 g,"0,75 €","3,75 €/Kg"
Chispalhada,PorSi,Embalagem de 420 g,"2,99 €","11,96 €/Kg"
Bolachas maria,Triunfo,Embalagem de 200g,"1,69 €","2,11 €/Kg"
Queijo gouda fatias 0% lactose,PorSi Viva Bem,Embalagem de 150g,"2,39 €","19,92 €/Kg"
Petit gateau morango 4x80g,PorSi,Embalagem de 320g,"2,99 €","5,54 €/Kg"
Água s/ gás,Luso,"Garrafa de 0,75 l","1,04 €","0,17 €/L"
Líquido sanitário ação total pinho,WC Pato,Embalagem de 750 ml,"2,29 €","3,05 €/L"
Escova de Dentes Júnior,Aquafresh,1 unidade,"1,05 €","1,05 €/Unidade"
Cerveja com álcool,Sagres,Garrafa de 1 l,"1,99 €/L","1,99 €/L"
"Líquido refrigerante, verde 10%",PorSi,Embalagem de 5 l,"3,99 €","0,80 €/L"
Panos Esponja,Fino,3 unidades,"1,79 €","1,79 €/Unidade"
Bolachas de manteiga,Triunfo,Embalagem de 170g,"10,00 €/Kg","10,00 €/Kg"
Frango do Campo Inteiro c/ Miúdos Programa Origens,PorSi Select,Vendido ao peso,"1,05 €","2,99 €/Kg"
Batata frita caseira rodela,Pala-pala,Embalagem de 300g,"1,69 €","9,39 €/Kg"
Bolacha digestiva go canela,Triunfo,Embalagem de 170g,"1,49 €","2,48 €/Kg"
Rissóis de peixe,Brilha ali,1 unidade = 60 gr,"0,65 €","0,65 €/Unidade"
Compal da horta concentrado tomate,Compal,Embalagem de 140g,"3,84 €","24,00 €/Kg"
Café espresso descafeinado intensidade 6,PorSi,16 cápsulas,"1,59 €","6,36 €/Kg"
Lambrusco rose,*,Garrafa de 750 ml,"2,29 €","3,05 €/L"
Aguardente,1920,Garrafa de 700 ml,"11,49 €","16,41 €/L"
Fruta para bebé maçã banana morango +8 meses,Nestle,Embalagem de 90g,"0,74 €","8,22 €/Kg"
Café em cápsulas dolce gusto ardenza,Nescafe,Embalagem de 110g,"3,99 €","72,55 €/Kg"
Salsichas de Aves Extra Suculentas,Nobre,frasco de 650g,"0,75 €","3,75 €/Kg"
Tablete de chocolate extra fina leite/avelã,Nestle,Embalagem de 120g,"3,79 €","14,04 €/Kg"
Lava Tudo Perfumado Herbal,PorSi,Embalagem de 2 l,"1,89 €","1,26 €/L"
Néctar clássico tutti frutti,Compal,Garrafa de 200 ml,"0,99 €","0,99 €/L"
Sidra maçã,Somersby,pack 4 x 0.33 l,"1,59 €","3,18 €/L"
Balde com pedal branco,PorSi,Capacidade: 7 litros,"2,50 €","2,50 €/Unidade"
Recarga ambientador elétrico delícias de verão,Air Wick,Embalagem de 1 unidades,"11,98 €","11,98 €/Unidade"
Maçã Royal Gala de Alcobaça IGP 55/70,*,Embalagem de 750 g,"0,37 €","2,49 €/Kg"
Senses Tropical,Trident,1 un.,"0,89 €","59,33 €/Kg"
Petit gâteau,PorSi,Embalagem de  4 x 80 g,"2,99 €","5,54 €/Kg"
Iogurte Pedaços Pêssego,PorSi,Embalagem de 2x135 g,"2,59 €","5,40 €/Kg"
Conjunto Start,Maped,3 peças,"1,59 €","1,59 €/Unidade"
Iogurte liquido infantil morango,PorSi,Embalagem de 6 x 94 ml,"1,17 €","1,83 €/Kg"
Dentifríco splash morango,Aquafresh,Embalagem de 75 ml,"1,05 €","1,05 €/Unidade"
Salsichas Frankfurt em lata,Izidoro,Embalagem de 250g,"0,75 €","3,75 €/Kg"
Tarteletes com recheio avelã,PorSi,Embalagem de 91g,"2,15 €","2,87 €/Kg"
Flan sabor a baunilha com caramelo,PorSi,Embalagem de 6 x 100 g,"1,19 €","2,59 €/Kg"
Sumo essencial kids,Compal,pack 3 x 0.11 l,"2,09 €","6,33 €/L"
Tira Nódoas,Sanytol,embalagem com 450g,"1,69 €","1,69 €/L"
Óleo Performa C3 5W30 Sintético,Galp,Embalagem de 5 l,"14,99 €","14,99 €/L"
Noodle banzai carne,Cigala,Embalagem de 70g,"0,89 €","1,78 €/Kg"
Salsichas extra suculentas de peru,Nobre,Frasco de 210g,"0,75 €","3,75 €/Kg"
Lima-limao zero,PorSi,Garrafa de 1.5 l,"0,79 €","0,40 €/L"
Coleira repelente para gatos,Repul' 7,Embalagem de 1 unidades,"8,75 €","8,75 €/Unidade"
Recarga inseticida eléctrico líquido anti melgas e m...,Raid,60 noites,"7,69 €","7,69 €/Unidade"
Mini tosta trigo,Diatosta,Embalagem de 90 g,"2,39 €","6,83 €/Kg"
Máscara Exfoliante Vermelha,L' Oreal,Embalagem de 50 ml,"4,99 €","4,99 €/Unidade"
Miolo berbigão,PorSi,Embalagem de 250g,"4,99 €","6,24 €/Kg"
Queijo Flamengo Bola,Terra Nostra,1 un = 250 gr  (aprox.),"1,56 €","7,80 €/Kg"
Aditivo tira-nódoas anti-odores,Vanish,"Embalagem de 1,786 litros","4,99 €","18,15 €/Kg"
"Refresco em pó, tropical",Tang,Embalagem de 30g,"0,75 €","18,75 €/Kg"
Vinho do porto white,Cruz,Garrafa de 750 ml,"11,99 €","15,99 €/L"
Bambolitos brancos,PorSi,Embalagem de 150g,"0,79 €","5,27 €/Kg"
Barras fitness com morango,Nestle,Embalagem de 140g,"3,45 €","26,74 €/Kg"
Nata uht para bater,Gresso,Garrafa de 200 ml,"1,12 €","5,60 €/L"
Néctar tutti-fruti,Compal,Pack 3 x 200 ml,"0,99 €","0,99 €/L"
Bolachas maria,PorSi,Embalagem de 800g,"1,69 €","2,11 €/Kg"
Alimento lácteo sem açucar com sabor a pêssego/banan...,Yogolino,Embalagem de 4 x 100 gr,"2,89 €","7,23 €/Kg"
Vinho maduro tinto,C.da eira,Garrafa de 250 ml,"0,85 €","0,85 €/L"
Repelente de água,PorSi,Embalagem de 250 ml,"3,99 €","0,80 €/L"
Tablete chocolate de iogurte morango,Milka,Embalagem de 100g,"1,59 €","7,95 €/Kg"
Manteiga magra baixo teor sal,President,Embalagem de 250g,"1,69 €","6,76 €/Kg"
Pré-lavagem power gel,Vanish,Garrafa de 200 ml,"8,69 €","1,84 €/Kg"
Espadim Fumado,PorSi Select,Embalagem de 110 g,"3,49 €","43,63 €/Kg"
Gorro Pai Natal Adulto,Anilar,1 unidade,"0,69 €","0,69 €/Unidade"
Caldo de galinha 16 cubos,Knorr,Embalagem de 160g,"3,84 €","24,00 €/Kg"
Salsicha Picante,Porco,1 un = 100 gr (aprox.),"0,50 €","4,99 €/Kg"
Detergente Manual p/ Lavar Roupa Regular,Gama,Embalagem de 510 g,"1,09 €","2,73 €/Kg"
Ambientador Arbre Pinho,Arbre Magique,3 unidade,"2,49 €","2,49 €/Unidade"
Cenouras com peru +6 meses,Bledina,Embalagem de 2 x 200g,"1,89 €","9,95 €/Kg"
Salmão Fumado da Escócia,PorSi Select,Embalagem de 80 g,"3,49 €","43,63 €/Kg"
"Gel depilatório, peles sensiveis",Labell,Embalagem de 200 ml,"2,99 €","14,95 €/L"
Lixívia com detergente,Domestos,Embalagem de 2 l,"1,09 €","0,55 €/L"
"Aperitivos, amendoins no forno",Matutano,Embalagem de 200g,"0,79 €","7,90 €/Kg"
Bolachinhas,Cerelac,Embalagem de 180g,"3,49 €","19,39 €/Kg"
Gel Banho Apollo,Axe,Embalagem de 400 ml,"5,99 €","14,98 €/L"
Cereais fitness chocolate preto,Nestle,Embalagem de 375g,"3,45 €","26,74 €/Kg"
"Lapiseira 0,5mm",Rotring,Minas Grátis,"2,49 €","2,49 €/Unidade"
Manhãzitos original,Manhazitos,Embalagem 6x2 unidades,"1,77 €","5,53 €/Kg"
Muesli original,Alpen,Embalagem de 550g,"3,99 €","7,25 €/Kg"
Refrigerante sem gás de manga/laran,Joi,"Garrafa de 1,5 l","1,14 €","0,76 €/L"
Nectar vital equilibrio ananás/coco,Compal,Embalagem de 1 l,"0,99 €","0,99 €/L"
Bacalhau com broa,PorSi Select,350 g,"1,79 €","7,16 €/Kg"
Manteiga sem sal,Primor,Embalagem de 250g,"1,69 €","6,76 €/Kg"
Ambientador gel lavanda,PorSi,150 g,"9,98 €/Unidade","9,98 €/Unidade"
Spray renova camurça castanha,PorSi,Embalagem de 200 ml,"2,99 €","29,90 €/L"
Cola glitter,Mitama,10.5 ml,"2,89 €","180,63 €/Kg"
Bolachas Vitalday crocantes aveia e chocolate de lei...,Gullon,Embalagem de 300g,"1,19 €","5,95 €/Kg"
Bandas de cera facial peles normais,Veet,Embalagem de 20 unidades,"5,99 €","5,99 €/Unidade"
"Lenços de bolso sensi, brancos, 10 unidades",Renova,Uma embalagem de 6x10,"2,35 €","2,35 €/Unidade"
Creme Depilatório Men Peles Sensíveis,Veet,400 ml,"2,99 €","14,95 €/L"
Wc lixivia gel pink,Domestos,Garrafa de 750 ml,"1,09 €","0,55 €/L"
Sementes de abóbora,PorSi Viva Bem,Embalagem de 200 g,"1,99 €","9,95 €/Kg"
Pasta dentífrica branco intenso,Aquafresh,Embalagem de 75 ml,"2,39 €","31,87 €/L"
Farinha nao láctea bolacha maria,PorSi,Embalagem de 250g,"4,49 €","4,49 €/Kg"
Chá verde,PorSi,Embalagem de 37.5 g,"1,14 €","114,00 €/Kg"
Batatas fritas Gourmet,Lay's,Embalagem de 235 g,"1,06 €","5,73 €/Kg"
Vinho branco,Alandra,Garrafa de 750 ml,"1,25 €","1,67 €/L"
"Shampoo, laranja",PorSi,Embalagem de 1 l,"3,99 €","0,80 €/L"
Torresmos soltos,PorSi,Embalagem de 200 g,"0,80 €","10,67 €/Kg"
Bolachas crackers c/ sal,Du bois,Embalagem de 500g,"0,39 €","3,12 €/Kg"
Sidra maçãs ácidas,Bandida do Pomar,lata de 0.5 l,"1,59 €","3,18 €/L"
Laca fixação forte,Elnett,Embalagem de 75 ml,"3,89 €","51,87 €/L"
Rum spiced,Bacardi,Garrafa de 700 ml,"17,49 €","24,99 €/L"
Pack Aguardente Velha,Fim de Século,"Garrafa de 0,70 l + Copo","11,49 €","16,41 €/L"
Cesto multiusos com gancho,PorSi,1 unidade,"2,50 €","2,50 €/Unidade"
Bolachas com cobertura de chocolate de leite,Oreo,Embalagem de 250g,"1,49 €","9,68 €/Kg"
Estação da polícia,Écoiffier,1 unidade,"19,99 €","19,99 €/Unidade"
"Toalhitas intimas, 20 unidades",Labell,Uma embalagem,"1,99 €","1,99 €/Unidade"
Banana da  Madeira,Fruta do Dia,1 un= 200 gr (aprox.),"0,54 €","2,69 €/Kg"
Batata frita com sal,Ruffles,Embalagem de 90g,"1,06 €","5,73 €/Kg"
Red Fish Grande,Peixe Congelado,1 un = 500 gr (aprox.),"2,79 €","3,99 €/Kg"
Rebuçados de mentol,Sweet flav,Embalagem de 250 g,"0,89 €","27,81 €/Kg"
Bebida energética,Red Bull,Pack 4 x 0.25 l,"5,39 €","5,39 €/L"
Bacalhau em lombos,PorSi,Embalagem de 800g,"6,39 €","7,99 €/Kg"
Ovos Galinha Solo S,PorSi,6 unidades,"4,10 €","4,10 €/Unidade"
Ambientador elétrico + recarga alfazema,PorSi,1 unidade,"3,74 €","3,74 €/Unidade"
Queijo Flamengo Bola,Limiano,1 un = 250 gr  (aprox.),"1,56 €","7,80 €/Kg"
"Farinha 8 cereais, mel e bolacha maria",Nutriben,Embalagem de 300g,"4,49 €","4,49 €/Kg"
Champanhe meio seco,Delagne & Fils,"Garrafa de 0,75 l","18,90 €","25,20 €/L"
Aperfeiçoador BB Cream Oil Free Médio,Garnier,Embalagem de 40 ml,"2,99 €","59,80 €/L"
Resguardo para mesa,PorSi,Dim.: 140 x 300 cm,"3,59 €","3,59 €/Unidade"
Leite uht magro,PorSi,Embalagem de 1 litro,"0,81 €","0,81 €/L"
Leite s/ lactose meio gordo,Mimosa,Garrafa de 1 l,"1,29 €","1,29 €/L"
Cappuccino intenso,Nescafe,Embalagem de 130g,"3,19 €","25,52 €/Kg"
"Lenços de bolso, mentol, 10 unidades",Renova,Uma embalagem de 6x10,"2,35 €","2,35 €/Unidade"
Mimosa proteína cacau,Mimosa,Embalagem de 250 ml,"0,99 €","0,99 €/L"
Amaciador G. Maravilhosa,Ultra Suave,Embalagem de 400 ml,"1,00 €","5,00 €/L"
Refrigerante com gás free,Seven-up,"Garrafa de 1,25 l","0,79 €","0,40 €/L"
"Toalhetes intimos protect, 15 unidades",Dystron,Uma embalagem,"1,99 €","1,99 €/Unidade"
Pasta de atum,Fides,Embalagem de 90g,"1,19 €","13,52 €/Kg"
Gelatina morango 10kcal,Royal,Embalagem de 30g,"0,55 €","61,11 €/Kg"
12 Macarons Sortidos,PorSi Select,Embalagem de 144 g,"2,99 €","5,54 €/Kg"
Perolas perfumadas floral,PorSi,Embalagem de 275 g,"8,69 €","1,84 €/Kg"
Iogurte Pedaços Ananás 0% Matéria Gorda/Açúcares,Danone,4 x 120 g,"1,44 €","2,88 €/Kg"
Detergente liquido maquina roupa frescura primavera,Xau,80 doses,"8,69 €","1,84 €/Kg"
"Amaciador de roupa, pure",Comfort,Garrafa de 4 l,"8,99 €","2,25 €/L"
Ambientador vela baunilha,PorSi,1 unidade,"7,99 €","38,05 €/Kg"
Sabonete exfoliante alperce,Labell,Embalagem de 100 g,"1,99 €","12,44 €/Kg"
Penso Higiénico Ultrafinos Normal Abas,PorSi,16 unidades,"4,99 €","4,99 €/Unidade"
Spray tira gorduras,PorSi,Embalagem de 750 ml,"1,29 €","1,72 €/L"
Chocolate Branco e Óreo,Milka,Embalagem de 100g,"1,69 €","16,90 €/Kg"
Farinha láctea menos 40% açúcar,Cerelac,Embalagem de 250g,"4,49 €","4,49 €/Kg"
Cereais argolas de mel,PorSi,Embalagem de 375 g,"5,07 €/Kg","5,07 €/Kg"
Lixívia tradicional,PorSi,Embalagem de 1 l,"1,74 €","0,35 €/L"
Lâmpada LED Forma Esférica 3.2W E14 220-240V,Domédia,1 un.,"3,89 €","3,89 €/Unidade"
Gel WC Flores,Neoblanc,Embalagem de 700 ml,"2,29 €","3,05 €/L"
Leite de transição Optipro 2 +6 meses,NAN,Embalagem de 800g,"22,39 €","27,99 €/Kg"
Bolachas chiquilin,Artiach,Embalagem de 180g,"10,00 €/Kg","10,00 €/Kg"
20 saquetas infusão de lúcia lima,Lipton,Embalagem de 30g,"1,14 €","114,00 €/Kg"
Cereais chocapic,Nestle,Embalagem de 630g,"5,07 €/Kg","5,07 €/Kg"
Cream cracker 200g,JACOB'S,Embalagem de 200g,"0,39 €","3,12 €/Kg"
Lasanha bolonhesa,Iglo,Embalagem de 300g,"3,99 €","17,35 €/Kg"
"Tiras depilatórias corpo, peles normais, com 20 unid...",Lycia,1 embalahem com 20 unidades,"5,99 €","5,99 €/Unidade"
Pera rocha categoria II Programa Origens,PorSi,Embalagem de 1.5 kg,"0,37 €","2,49 €/Kg"
Pilhas recarregáveis D HR20 2600mAh,Domédia,Embalagem com 2 unidades,"4,09 €","4,09 €/Unidade"
Recarga mopa,PorSi,1 unidade,"2,20 €","2,20 €/Unidade"
Papel Higiénico Puríssimo 3 Folhas,Renova,Embalagem c/ 12 rolos,"1,99 €","1,99 €/Unidade"
Feijoada,PorSi,Embalagem de 420 g,"2,99 €","11,96 €/Kg"
Iogurte activia natural,Danone,Embalagem de 4 x 120 g,"2,79 €","6,07 €/Kg"
Água mineral,Corine de Farme,Embalagem de 200 ml,"4,99 €","4,99 €/Unidade"
Xarope grenadine,Paquito,Garrafa de 750 ml,"3,69 €","4,92 €/L"
Água com gás,Vimeiro,pack 6 x 0.25 l,"2,85 €","2,85 €/L"
Refrigerante de cola zero,PorSi,Garrafa de 2 l,"0,79 €","0,40 €/L"
Vinho Branco Frisante,CASEIRINHO,Garrafa de 750 ml,"2,29 €","3,05 €/L"
Néctar de 8 frutos,Bongo,Garrafa de 1 l,"0,99 €","0,99 €/L"
Feijão frade,Compal,Lata de 410 ml,"1,79 €","2,29 €/Kg"
Iogurte magro + gelatina morango,Mimosa,Embalagem de 4 x 120 g,"7,66 €/Kg","7,66 €/Kg"
Rum carta blanca,Bacardi,Garrafa de 700 ml,"17,49 €","24,99 €/L"
Tablete de chocolate de leite,Nestle,Embalagem de 90g,"1,59 €","7,95 €/Kg"
Arroz basmati,Caçarola,Embalagem de 1 kg,"0,99 €","0,99 €/Kg"
Vinho branco regional península de setúbal,Lancers,Garrafa de 750 ml,"4,99 €","6,65 €/L"
Gel de banho zero % anti-poluição,Sanex,Embalagem com 475 ml,"4,99 €","16,63 €/L"
Gelatina de ananás,Koala,Embalagem de 130g,"1,14 €","8,77 €/Kg"
Bolacha chocomax mini,Nacional,Embalagem de 120 g,"0,90 €","6,00 €/Kg"
Toalhitas limpa moveis,PorSi,Embalagem de 24 unidades,"4,39 €","14,63 €/L"
Dinos cookienss 185g                 *10,Artiach,Embalagem de 190g,"3,49 €","19,39 €/Kg"
"Fermento em pó, lata",Royal,Embalagem de 110g,"1,89 €","17,18 €/Kg"
Vitalday recheada duplo chocolate,Gullon,Embalagem de 200g,"2,15 €","2,87 €/Kg"
Vermute rosso,Martini,Garrafa de 1 l,"11,99 €","11,99 €/L"
Arroz integral,PorSi Viva Bem,Embalagem de 1 kg,"0,99 €","0,99 €/Kg"
Alface Lisa,Legumes do Dia,1 un= 400 g (aprox.),"1,04 €","2,59 €/Kg"
Ambientador stick perfume mulled wine,Air Wick,Embalagem de 1 unidades,"0,99 €","3,30 €/L"
Hambúrguers deluxe vegetarianos,Garden Gourmet,Embalagem de 180g,"3,99 €","19,95 €/Kg"
Sidra de maçã,Somersby,pack 6 x 0.2 l,"1,59 €","3,18 €/L"
Conjunto Love Story Frizz,IDC,1 conjunto,"1,10 €","1,10 €/Unidade"
Tablete de chocolate de leite com passas e avelãs,PorSi Select,Embalagem de 200g,"3,79 €","14,04 €/Kg"
Vinho verde branco,Irreversível,Garrafa 0.75L,"3,09 €","3,09 €/L"
Açúcar amarelo,PorSi,Embalagem de 1 kg,"1,49 €","1,49 €/Kg"
Néctar vital equilíbrio frutos vermelhos,Compal,Garrafa de 200 ml,"0,99 €","0,99 €/L"
Tempero em pó galinha,Knorr,Embalagem de 135g,"3,84 €","24,00 €/Kg"
Bolacha craker queijo,Tuc,Embalagem de 100g,"1,49 €","2,48 €/Kg"
Chupa original,Chupachups,Embalagem de 120g,"3,40 €","28,33 €/Kg"
"Refrigerante sem gás, laranja",FRESKY,"Embalagem de 4x0,20 l","1,14 €","0,76 €/L"
Néctar de pera,PorSi,Pack 3 x 200 ml,"0,99 €","0,99 €/L"
Iogurte Bifidus Activia Chia Amêndoa 0%,Danone,Embalagem 4x120g,"2,79 €","6,07 €/Kg"
Óleo Cedro Líquido,PorSi,Embalagem de 200 ml,"4,39 €","14,63 €/L"
Amendoins Torrados,Nuts Original,Embalagem de 130 g,"0,79 €","7,90 €/Kg"
"Alimento húmido para cão, galinha e cordeiro",Pedigree,Embalagem de 400g,"0,75 €","2,50 €/Kg"
Iogurtes Corpos Danone Pedaços de Pêssego e Maracujá,Danone,Embalagem de 4 x 115 g,"1,44 €","2,88 €/Kg"
Iogurte Líquido Yoggi s/ lactose Stracciatela,Nestle,4 x 160 g,"0,99 €","1,98 €/Kg"
Coleira em nylon p/ cão  repelente 75cm,Repul' 7,Embalagem de 1 unidades,"10,48 €","10,48 €/Unidade"
"Chocolate kit kat, single",Kit kat,Embalagem de 40g,"2,76 €","11,04 €/Kg"
Espinafres corte Programa Origens,PorSi,"Vendido ao molhe, 1 un= 1 kg aprox.","1,99 €","1,99 €/Kg"
Bacalhau Crescido da Noruega,PorSi,1 un=1.5kg (aprox.),"8,73 €/Kg","8,73 €/Kg"
Chocolate em pó 70% cacau,STARBUCKS,Embalagem de 300g,"5,59 €","6,99 €/Kg"
Leite de limpeza creme care,Nivea,Embalagem de 200 ml,"4,99 €","4,99 €/Unidade"
"Frigideira anti-aderente, 20cm",PorSi,1 unidade,"9,00 €","9,00 €/Unidade"
"Gel banho, hidratante lactourea",Lactovit,Embalagem de 650 ml,"4,99 €","16,63 €/L"
Autocarro Formas e Cores,Baby Clementoni,1 unidade,"14,99 €/Unidade","14,99 €/Unidade"
Iogurte grego yaos natural,Nestle,Embalagem de 450g,"0,99 €","1,98 €/Kg"
Água mineral natural alcalina,MONCHIQUE,"6x1,5l","1,04 €","0,17 €/L"
Queijo fatias -50% de gordura,Limiano,Embalagem de 400g,"1,56 €","7,80 €/Kg"
Peito de peru fatias,PorSi,Embalagem de 150g,"1,99 €","13,27 €/Kg"
Iogurte liquido stracciatella,PorSi,Embalagem de 4 x 160 g,"1,17 €","1,83 €/Kg"
Feijão manteiga,PorSi,Embalagem de 500g,"0,95 €","1,90 €/Kg"
Esfregona super completa,Vileda,1 unidade,"5,99 €","5,99 €/Unidade"
Desinfetante de frutas e vegetais,Clean Essence,500 ml,"0,65 €","2,59 €/Kg"
Vinho Vinha da Fonte Setúbal tinto,Casa Ermelinda Freitas,Garrafa de 0.75 l,"4,99 €","6,65 €/L"
"Rolos de cozinha compactos, branco, máxima absorção,...",Renova,1 unidade,"4,99 €","4,99 €/Unidade"
Leite meio-gordo bio,PorSi Bio,Garrafa de 1 litro,"0,81 €","0,81 €/L"
Lombo de bacalhau com lombo higienizada congelada,Reymar,Vendido ao peso,"8,73 €/Kg","8,73 €/Kg"
Farinha rainha c/ fermento,Nacional,Embalagem de 1000 g,"1,99 €","1,99 €/Kg"
Espumoso meio seco,Palacete,"Garrafa de 0,75 l","3,99 €","5,32 €/L"
Fraldas agility T5 de 13 a 18 kg,PorSi,44 unidades,"6,49 €","6,49 €/Unidade"
Mini Tostas de Trigo,PorSi,Embalagem de 350 g,"2,39 €","6,83 €/Kg"
Gelado magnum after dinner,Olá,Embalagem de 10 x 35 ml,"5,99 €","17,11 €/L"
Gomas de amoras,Fini,Embalagem 100G,"0,94 €","9,40 €/Kg"
Bebida de soja com cálcio,PorSi Viva Bem,Embalagem de 1 litro,"0,99 €","0,99 €/L"
Lixivia perfumada,PorSi,Garrafa de 2 l,"1,74 €","0,35 €/L"
Leite regular 2,Aptamil,Embalagem de 800 g,"22,39 €","27,99 €/Kg"
Leite de coco,Koala,250 ml,"1,09 €","2,75 €/Kg"
Arroz agulha,Saludães,Embalagem de 1kg,"0,99 €","0,99 €/Kg"
Ração para gato indoor,Purina One,Embalagem de 800g,"12,99 €","4,33 €/Kg"
Azeite tradição,Oliveira da Serra,Embalagem 3L,"3,19 €","4,25 €/L"
Gomas tijolos ácidos,PorSi,Embalagem de 300 g,"0,94 €","9,40 €/Kg"
Maçã Royal Gala de Alcobaça 70/75,*,Vendido ao peso a partir de 500 g,"0,37 €","2,49 €/Kg"
Alheira Extra Trás os Montes,PorSi,"Vendido ao peso, 1un= 200 gr (aprox.)","1,20 €","5,99 €/Kg"
Fralda cueca T6 - 16 a 22 kg,PorSi,18 unidades,"3,05 €","3,05 €/Unidade"
Bolachas vitalday recheio iogurte c/ frutos vermelho...,Gullon,Embalagem de 220g,"1,45 €","11,15 €/Kg"
Pringles flame kickin sour cream,Pringles,Embalagem de 160g,"0,79 €","7,90 €/Kg"
Detergente liquido para máquina de lavar roupa activ...,Skip,Embalagem de 80 doses,"8,69 €","1,84 €/Kg"
Roleta de Bebidas,*,1 unidade,"11,99 €","11,99 €/L"
Massa de argolinhas,Nacional,Embalagem de 250g,"0,89 €","1,78 €/Kg"
Snacktoon rupy frutos variados,Bledina,Embalagem de 100g,"2,29 €","6,94 €/L"
Limpa máquinas de loiça limão,PorSi,Embalagem de 250 ml,"2,99 €","2,99 €/Unidade"
Esparguete fino,Nacional,Embalagem de 500g,"0,89 €","1,78 €/Kg"
Chocolate lion,Lion,Embalagem de 40g,"2,76 €","11,04 €/Kg"
Óleo 15w40,PorSi,Embalagem de 5 l,"14,99 €","14,99 €/L"
Fermento,Royal,Embalagem de 230g,"1,89 €","17,18 €/Kg"
Queijo grana padano D.O.P 16 meses de cura,PorSi Select,Embalagem de 180 g,"2,87 €","15,94 €/Kg"
Cuecas Incontinência Homem Active Fit M,Tena,9 unidades,"9,99 €","9,99 €/Unidade"
Pasta dentífrica multi action branqueadora,Aquafresh,Embalagem de 75 ml,"2,39 €","31,87 €/L"
Café mistura peninsular,Delta,Embalagem de 250g,"1,64 €","6,56 €/Kg"
Ambientador elétrico botanica Vetiver das Caraíbas &...,Air Wick,1 unidade,"3,74 €","3,74 €/Unidade"
Refrigerante sem gás laranja,Trina,"Garrafa de 1,5 l","1,14 €","0,76 €/L"
Queijo creme flamengo,President,Embalagem de 125 g,"4,68 €","11,70 €/Kg"
Cabide anti humidade roupa limpa,HUMYDRY,embalagem de 250 g,"4,99 €","22,18 €/Kg"
Slime Kit,Science4You,1 unidade,"17,59 €","17,59 €/Unidade"
12 Preservativos Adapta Non Stop,Control,,"4,49 €","4,49 €/Unidade"
"Recarga Espanador, 10 unidades",Swiffer,Uma embalagem,"1,99 €","1,99 €/Unidade"
Recarga Panos p/ Madeira,Swiffer,18 un.,"1,79 €","1,79 €/Unidade"
Tesoura advanced green,Maped,17 cm,"2,89 €","180,63 €/Kg"
Sabonete patti,Ach Brito,Embalagem de 160 g,"1,99 €","12,44 €/Kg"
Pudim Rico em Proteína de Café,Ehrmann,Embalagem de 200g,"1,19 €","2,59 €/Kg"
Jesuita,*,1 unidade = 75 g,"0,49 €/Unidade","0,49 €/Unidade"
Leite condensado magro,PorSi,Embalagem de 390 g,"1,09 €","2,75 €/Kg"
Bolacha chocodiet nature,Gullon,Embalagem de 270g,"0,79 €","5,27 €/Kg"
Iogurte oikos pêssego,Danone,Embalagem de 4 x 110g,"2,99 €","6,80 €/Kg"
Recarga p/ Esfregona |Eco,Vileda,,"5,99 €","5,99 €/Unidade"
"Refrigerante sem gás, laranja",Joi,"Garrafa de 1,5 l","1,14 €","0,76 €/L"
Filetes de cavala em azeite,PorSi,Embalagem de 120 g,"9,08 €/Kg","9,08 €/Kg"
Anti-Traça Cedro,Dum Dum,2 unidades,"4,69 €","4,69 €/Unidade"
Toalha em rolo papel amarelo,PorSi,1 Unidade,"3,59 €","3,59 €/Unidade"
"Pasta dentífrica, tripla ação",Labell,Embalagem de 75 ml,"2,39 €","31,87 €/L"
Discos Sanitários Activos Recarga Eucalipto,WC Pato,Embalagem de 2x36 ml,"2,99 €","74,75 €/Kg"
Gelatina pronta a comer light 10 kcal mirtilo,Royal,Embalagem de 4 x 100 g,"1,14 €","8,77 €/Kg"
Creme abrasivo original,Cif,Garrafa de 700 ml,"0,99 €","1,32 €/L"
Cogumelos Granel,Legumes do Dia,1 un = 200 gr (aprox.),"0,90 €","4,49 €/Kg"
Recarga difusor elétrico recarga citronela,Dum Dum,1 unidade,"7,69 €","7,69 €/Unidade"
Iogurte líquido de frutos vermelhos,PorSi,Embalagem de 4 x 160 g,"1,17 €","1,83 €/Kg"
Saqueta puré de fruta e bolacha,PorSi,Embalagem de 90g,"0,74 €","8,22 €/Kg"
Faca Pão 20 cm Inox,PorSi,1 unidade,"4,59 €","4,59 €/Unidade"
Sopa de cebola,Knorr,Embalagem de 50g,"2,20 €","31,43 €/Kg"
Leite Bem Essencial cereais,Mimosa,Embalagem de 4 x 200 ml,"1,99 €","2,49 €/L"
Cerveja super bock,Super Bock,Pack 6 x 200 ml,"1,99 €/L","1,99 €/L"
Azeite virgem clássico,PorSi,Garrafa de 750 ml,"3,19 €","4,25 €/L"
Esfregão Power Inox,Vileda,2 unidades,"1,99 €","1,99 €/Unidade"
Pensos com Abas de Noite,Ausonia,embalagem com 9 un.,"4,99 €","4,99 €/Unidade"
Fralda Cueca Activity Extra Tamanho 4,Dodot,Embalagem com 45 uni.,"3,05 €","3,05 €/Unidade"
Vinho maduro branco,Casal da eira,Embalagem de 250 ml,"0,85 €","0,85 €/L"
Queijo fundido vaca que ri light 24 porções,A Vaca Que Ri,Embalagem de 400g,"2,39 €","19,92 €/Kg"
Bolacha integral doce,Vieira,Embalagem de 180g,"1,19 €","5,95 €/Kg"
Gomas de tubarões com brilho,Fini,Embalagem de 100g,"0,94 €","9,40 €/Kg"
Refrigerante com gás de laranja,Sumol,"Garrafa de 1,25 l","0,79 €","0,40 €/L"
"Snack de chocolate, pack de unidade",Snickers,Embalagem de 250g,"2,76 €","11,04 €/Kg"
Achocolatado em Pó,Nesquik,Embalagem de 700g,"5,59 €","6,99 €/Kg"
Papel higiénico branco 2 folhas,PorSi,48 rolos,"1,99 €","1,99 €/Unidade"
Cd aroma moran/coco/f.silv 120gx8,Danone,Embalagem de 960g,"2,59 €","5,40 €/Kg"
Gel Duche Men Active Clean,Nivea Men,Embalagem de 500 ml,"5,99 €","14,98 €/L"
Água mineral sem gás,Vitalis,Pack 6 x 1.5 l,"1,04 €","0,17 €/L"
Iogurte líquido yoggi morango/banana,Nestle,Embalagem de 4 x 160 g,"1,17 €","1,83 €/Kg"
Massa de cotovelos grandes riscados,Milaneza,Embalagem de 500g,"0,89 €","1,78 €/Kg"
Queijo flamengo fatiado,PorSi,Embalagem de 200G,"1,56 €","7,80 €/Kg"
Arroz carolino,Louro,Embalagem de 1 kg,"0,99 €","0,99 €/Kg"
Preparado de bolo de chocolate,PorSi,500 g,"1,69 €","8,45 €/L"
Café descafeinado,PorSi,Embalagem de 250g,"1,59 €","6,36 €/Kg"
Ice tea de manga,PorSi,"Embalagem de 6x0,20 l","1,14 €","0,76 €/L"
Sumo essencial pera,Compal,pack 3 x 0.11 l,"0,99 €","0,99 €/L"
Peluche Unicórnio Interativo,Baby Clementoni,unidade,"27,99 €/Unidade","27,99 €/Unidade"
Puré de maçã sem adição açúcar,PorSi,700 g,"0,74 €","8,22 €/Kg"
Caixa Cubo Pearls,Jacquot,Embalagem de 200g,"1,49 €","29,80 €/Kg"
"Folhas de tomilho, pacote",Margao,Embalagem de 20g,"0,39 €","0,39 €/Kg"
Pepsi max,Pepsi,Garrafa de 1.75 l,"0,79 €","0,40 €/L"
Leite com chocolate light,Ucal,Embalagem de 6 x 250 ml,"0,26 €","1,30 €/L"
Toranja,Fruta do Dia,1 un = 300 gr  (aprox.),"0,37 €","1,49 €/Kg"
Maçã Bravo Esmolfe,Fruta do Dia,1 un = 150 gr (aprox.),"0,37 €","2,49 €/Kg"
Tiras de bacon fumado,PorSi,Embalagem de 300g,"1,45 €","18,13 €/Kg"
Feijão manteiga,PorSi,Frasco com 540 g,"1,79 €","2,29 €/Kg"
Vinho regional península de setúbal,Dom Campos,Garrafa de 0.75 l,"4,99 €","6,65 €/L"
Bolachas de aveia,Triunfo,Embalagem de 190g,"3,09 €","10,30 €/Kg"
Leite seleccionado meio gordo,Matinal,Garrafa de 1 l,"0,81 €","0,81 €/L"
Pão ralado clássico,PorSi,Embalagem de 240 g,"0,52 €","2,17 €/Kg"
Descafeinado,Buondi,10 cápsulas,"1,59 €","6,36 €/Kg"
"Agrafos nº24/6, 2000 unidades",Maped,Uma embalagem,"1,49 €","1,49 €/Unidade"
Smooth Lâminas Para Máquina De Depilação,Venus,4 Unidades,"12,99 €","12,99 €/Unidade"
Meloa Canteloupe,Programa Origens,1 un = 800 g (aprox.),"2,48 €","0,99 €/Kg"
Snacks croc.amendoim,PorSi,Embalagem de 90g,"0,79 €","7,90 €/Kg"
6 Preservativos Adapta Nature,Control,,"4,49 €","4,49 €/Unidade"
"Queijo médio, metades",Casteloes,Embalagem de 580g,"3,35 €","13,39 €/Kg"
Sumo 100% laranja,Compal,1 litro,"1,09 €","0,73 €/L"
Néctar vital equilibrio manga/maracujá,Compal,Embalagem de 1 l,"0,84 €","2,55 €/L"
20 saquetas chá de frutos silvestres,Lipton,Embalagem de 30g,"2,69 €","89,67 €/Kg"
Bolachas Vitalday crocantes aveia e chocolate de lei...,Gullon,Embalagem de 300g,"2,15 €","2,87 €/Kg"
Bolachas marinheiras s/ sal,Cemporcent,Embalagem de 200g,"1,45 €","11,15 €/Kg"
Gogo SqueeZ Snack Maçã e Manga,Gogo,Embalagem de 90g,"2,29 €","6,94 €/L"
Resguardo para mesa,PorSi,Dim.: 140 x 200 cm,"3,59 €","3,59 €/Unidade"
Limpa carpetes,PorSi,Embalagem de 1 litro,"2,29 €","2,29 €/L"
Máscara Split Remedy,Tresemmé,Embalagem de 300 ml,"1,00 €","5,00 €/L"
Fralda Cueca Banho Splashers T5,Dodot,1 Embalagem c/10 unidades,"3,05 €","3,05 €/Unidade"
Spray power&shine multiusos c/ lixívia,Cif,Garrafa de 750 ml,"0,79 €","0,79 €/L"
Sumo essencial pera,Compal,pack 3 x 0.11 l,"2,29 €","6,94 €/L"
Areia para gatos 100% natural,PorSi,Embalagem de 5 kg,"1,19 €","0,24 €/Kg"
Leite condensado,PorSi,Embalagem de 397 g,"1,09 €","2,75 €/Kg"
Cogumelos laminados,PorSi,Embalagem de 185 g,"1,79 €","2,29 €/Kg"
Champô anti-caspa,Labell,Embalagem de 400 ml,"5,59 €","13,98 €/L"
Pudim de chocolate,PorSi,Embalagem de 110g,"0,59 €","29,50 €/Kg"
Tablete de chocolate culinário 70% negro,PorSi,Embalagem de 200 g,"2,69 €","22,42 €/Kg"
Ração para gato bolas de pelo com frango,Friskies,"Embalagem de 1,5kg","12,99 €","4,33 €/Kg"
Bolachas cracker sem sal,PorSi,Embalagem de 500g,"0,39 €","3,12 €/Kg"
Cerveja com álcool,Sagres,pack 24 x 0.25 l,"1,99 €/L","1,99 €/L"
Barras fitness chocolate de leite,Nestle,Embalagem de 135 g,"1,29 €","10,24 €/Kg"
Laranja Económica,Fruta do Dia,1 un = 250 gr  (aprox.),"0,37 €","1,49 €/Kg"
Balões latex vermelho,PorSi,Embalagem com 24 unidades,"0,59 €","0,59 €/Unidade"
Azeite de moura virgem extra bio,PorSi Bio,Garrafa de 500 ml,"3,19 €","4,25 €/L"
Queijinhos Babybel Mix,Babybel,Embalagem de 180g,"2,09 €","20,90 €/Kg"
Fiambre da perna extra,PorSi,Pack Poupança de 2 x 170 g,"12,79 €/Kg","12,79 €/Kg"
Café solúvel em saquetas,Nescafe,Embalagem de 45 g,"1,45 €","14,50 €/Kg"
Máquina Depilatória Descartável Miss Soleil Sensitiv...,Bic,1 + 2 Unidades Grátis,"5,49 €","5,49 €/Unidade"
Tablete de chocolate de leite com amêndoas - sem açú...,PorSi Viva Bem,Embalagem de 100 g,"3,79 €","14,04 €/Kg"
Ice tea de pêssego,PorSi,"Embalagem de 1,5 l","1,14 €","0,76 €/L"
Vinho maduro tinto,Alto de Pias,Garrafa de 5 l,"8,59 €","1,72 €/L"
Ervilhas,Iglo,"Embalagem de 1,125 kg","1,89 €","1,89 €/Kg"
Pensos para picadas de insetos,PorSi,10 unidades,"2,86 €","2,86 €/Unidade"
Leite uht magro,Mimosa,Embalagem de 1 litro,"0,81 €","0,81 €/L"
Ananás pedaços em calda,PorSi,Embalagem de 565g,"1,99 €","2,37 €/Kg"
Massa em espirais,PorSi,Embalagem de 500g,"0,89 €","1,78 €/Kg"
Tablete de chocolate de leite,PorSi Select,Embalagem de 200g,"1,59 €","7,95 €/Kg"
Na-fpequilib/integral 6kg,Nacional,Embalagem de 1 kg,"1,99 €","1,99 €/Kg"
"Sabonete sólido, mel",Feno,Embalagem de 360g,"1,99 €","12,44 €/Kg"
Pensos Higiénicos Cottonlike com Abas Normal Plus,Evax,28 unidades,"4,99 €","4,99 €/Unidade"
Pensos de incontinência Maxi,Ausonia,Uma embalagem - 12Unidades,"1,95 €","1,95 €/Unidade"
Pudim caramelo,PorSi,Embalagem de 90g,"0,59 €","29,50 €/Kg"
Fósforos cozinha,Quinas,Embalagem com 4 caixas por unidade,"2,39 €","2,39 €/Unidade"
"Coloração permanente, óleo intensivo, castanho caram...",Syoss,1 unidade,"5,99 €","5,99 €/Unidade"
Leite evaporado,PorSi,Embalagem de 410g,"1,09 €","2,75 €/Kg"
Limpa vidros azul,PorSi,Embalagem de 1 l,"3,99 €","0,80 €/L"
"Creme depilatório para duche, peles sensiveis",Veet,Garrafa de 150 ml,"2,99 €","14,95 €/L"
Sabonete regular,Dove,Embalagem de 400 g,"1,99 €","12,44 €/Kg"
Café moagem universal angola,Delta,Embalagem de 220g,"3,49 €","13,96 €/Kg"
Manteiga amendoim cremosa,Calve,Embalagem de 350g,"8,54 €/Kg","8,54 €/Kg"
Molho cervejeira 8 cubos,Knorr,Embalagem de 70g,"3,84 €","24,00 €/Kg"
Chocolate negro 85% cacau,Nestle,Embalagem de 120g,"2,69 €","22,42 €/Kg"
Bolacha integral doce,Vieira,Embalagem de 180g,"1,49 €","2,48 €/Kg"
Vinho bag-in-box tinto,C.alqueva,Garrafa de 5 l,"9,49 €","1,90 €/L"
Leite uht meio gordo,Mimosa,Embalagem de 1 litro,"0,81 €","0,81 €/L"
Iogurte Grego Yaos Granola e Coco,Nestle,Embalagem de 115g,"2,99 €","6,80 €/Kg"
Vinho do Porto 10 anos,Cruz,"Garrafa de 0,75L c/ Caixa de Madeira","9,49 €","12,65 €/L"
Bolo recheio de chocolate multipack,Chipicao,Embalagem de 230g,"1,77 €","5,53 €/Kg"
8 salsichas aves,Izidoro,Embalagem de 200g,"0,75 €","3,75 €/Kg"
Liégeois Sobremesa de Café,Páturages,Embalagem de 4x100 g,"1,56 €","3,90 €/Kg"
Molas de madeira,PorSi,36 unidades,"0,89 €","0,89 €/Unidade"
Aditivo tira-nódoas anti-odores,Vanish,Embalagem de 912 ml,"4,99 €","18,15 €/Kg"
Lava tudo brilhante madeiras,PorSi,Embalagem de 1.1 litros,"4,39 €","14,63 €/L"
Salsichas extra suculentas de frango,Nobre,Frasco de 210g,"0,75 €","3,75 €/Kg"
Chá verde 20 saquetas,Lipton,Embalagem de 32g,"1,14 €","114,00 €/Kg"
Spray limpa vidros,Ajax,Embalagem de 500 ml,"3,19 €","6,38 €/L"
Spray wc active clean wild,Ambipur,750 ml,"1,79 €","2,39 €/L"
Massa de macarrão riscado,Nacional,Embalagem de 500g,"0,89 €","1,78 €/Kg"
Patê frango,La piara,Embalagem de 80g,"1,19 €","13,52 €/Kg"
Iogurte Activia Fibras Aveia & Frutos Secos,Danone,Embalagem 4x115g,"2,79 €","6,07 €/Kg"
Ambientador elétrico pure clean linen + recarga,Glade,1 unidade,"3,74 €","3,74 €/Unidade"
"Recarga para ambientador elétrico, white bouquet duo",Air Wick,Embalagem de 2 unidades,"11,98 €","11,98 €/Unidade"
Iogurte grego natural açucarado sem lactose,PorSi Viva Bem,Embalagem de 240g,"0,99 €","1,98 €/Kg"
Iogurte líquido infantil morango e banana,PorSi,Pack 6 x 100 g,"1,17 €","1,83 €/Kg"
Refrigerante com gás guaraná,Antartica,"Garrafa de 1,5 l","0,79 €","0,40 €/L"
Sementes de girassol,PorSi Viva Bem,Embalagem de 200 g,"1,59 €","10,60 €/Kg"
Cafe rossio m.unica 250g,Nicola,Embalagem de 250g,"3,49 €","13,96 €/Kg"
Iogurte danacol de morango,Danone,Embalagem de 12 x 100 g,"6,99 €","5,83 €/Kg"
Escova para lavar,PorSi,1 unidade,"2,20 €","2,20 €/Unidade"
Néctar de laranja,Bongo,Garrafa de 1 l,"0,99 €","0,99 €/L"
Lava tudo antibacteriano floral,PorSi,"Garrafa de 1,5 l","1,89 €","1,26 €/L"
Queijo cabra curado,PorSi,300 g,"4,62 €","18,49 €/Kg"
Lixívia Tradicional,Neoblanc,Embalagem de 4 l,"1,74 €","0,35 €/L"
Polpa de tomate em garrafa,Compal,Embalagem de 1 kg,"3,84 €","24,00 €/Kg"
Queijo roquefort,Páturages,Embalagem de 150 g,"2,60 €","13,00 €/Kg"
Polpa de cebola e alho,PorSi,Embalagem de 500 g,"3,84 €","24,00 €/Kg"
Areia para gato aglomerante,PorSi,Embalagem de 5 litros,"1,19 €","0,24 €/Kg"
Pavilhão Politileno Branco,*,Dim.: 2x3 m,"29,99 €","29,99 €/Unidade"
Balões latex verde,PorSi,Embalagem com 24 unidades,"0,59 €","0,59 €/Unidade"
Chá preto frutos vermelhos,PorSi,Embalagem de 40g,"1,99 €","49,75 €/Kg"
Cordon bleu,PorSi,Embalagem de 1 kg,"2,79 €","8,72 €/Kg"
Dawnut Açucarado,Pastelaria do Dia,48g,"0,49 €/Unidade","0,49 €/Unidade"
Toalha em rolo papel azul,PorSi,1 Unidade,"3,59 €","3,59 €/Unidade"
Bolacha maria ruca doses,Vieira,Embalagem de 300g,"3,49 €","19,39 €/Kg"
Café Torrado em Grão Colômbia,Delta,Embalagem de 220g,"9,16 €/Kg","9,16 €/Kg"
Cereais choco max,Nacional,Embalagem de 300 g,"5,07 €/Kg","5,07 €/Kg"
Gel de Banho Coconut Milk,Dove,Embalagem de 750 ml,"4,99 €","16,63 €/L"
Sementes de chia,PorSi Viva Bem,Embalagem de 150 g,"1,59 €","10,60 €/Kg"
Concentrado de laranja,Sunquick,Garrafa de 700 ml,"3,69 €","4,92 €/L"
Vinho tinto regional peninsula de setúbal,Fonte nico,Garrafa de 750 ml,"4,99 €","6,65 €/L"
Doce light framboesa,PorSi,Embalagem de 340g,"3,69 €","13,18 €/Kg"
Bebida energética rossi,Monster,Garrafa de 500 ml,"5,39 €","5,39 €/L"
Café moagem universal portugal,Delta,Embalagem de 250g,"3,49 €","13,96 €/Kg"
"Gel barbear, proglide 2em1 Sport",Gillette,Embalagem de 170 ml,"1,16 €","4,64 €/L"
Sobremesa danette chocolate,Danone,Embalagem de 4 x 125 g,"1,19 €","2,59 €/Kg"
Intensificador de fragrância máquina lavar roupa pér...,Comfort,Embalagem de 275 g,"4,99 €","18,15 €/Kg"
Aperitivos de amendoins sal e mel,Matutano,Embalagem de 70g,"0,79 €","7,90 €/Kg"
Bife de Frango,Frango,Vendido ao peso a partir de 1 kg,"1,05 €","2,99 €/Kg"
Cerveja preta,Sagres,pack de 6 x 25 cl,"1,99 €/L","1,99 €/L"
Ervilhas bio,PorSi Bio,Frasco com 290 g,"1,79 €","2,29 €/Kg"
Creme p/ Calçado Castanho,Búfalo,Embalagem de 50 ml,"0,99 €","19,80 €/L"
Argolas Romana,PorSi,Embalagem de 400 g,"1,79 €","7,16 €/Kg"
Gogo SqueeZ Snack Maçã,Gogo,Embalagem de 90g,"2,29 €","6,94 €/L"
Queijo azul,PorSi,100 g,"1,89 €","18,90 €/Kg"
Boia para bebé,JCN,Dim: Ø 71 cm,"32,99 €","32,99 €/Unidade"
Árvore de Natal,*,Dim.: 150cm,"0,69 €","0,69 €/Unidade"
Ambientador gel floral,PorSi,150 g,"9,98 €/Unidade","9,98 €/Unidade"
Iogurte de morango sem lactose,PorSi Viva Bem,4 x 125 g,"2,59 €","5,40 €/Kg"
Planta cozinha,Planta,Embalagem de 500g,"1,75 €","3,50 €/Kg"
Vinho do porto special reserve,V.alegre,Garrafa de 750 ml,"9,49 €","12,65 €/L"
Detergente Multiusos Spray,Ajax,Garrafa de 500 ml,"1,19 €","0,79 €/L"
Grelo de Couve Programa Origens,PorSi,1 un = 1 kg (aprox.),"1,99 €","1,99 €/Kg"
Infusão lúcia lima,PorSi,Embalagem de 35 g,"0,69 €","20,91 €/Kg"
Activia topper muesli & arando,Danone,Embalagem de 170g,"2,79 €","6,07 €/Kg"
"Guardanapos brancos, 33x33cm, 2 folhas, 90 unidades",Renova,Uma embalagem,"1,29 €","1,29 €/Unidade"
Maçã starking 60/65 categoria II Programa Origens,PorSi,Embalagem de 1.5 kg,"0,37 €","2,49 €/Kg"
Bebida essencial frutos vermelhos,Compal,Pack 3 x 0.11 l,"2,29 €","6,94 €/L"
Água s/ gás,Luso,Pack 6 x 1.5 l,"1,04 €","0,17 €/L"
Néctar 8 frutos,Bongo,Pack 6 x 200 ml,"0,99 €","0,99 €/L"
Lixívia Spray Mousse Flor,Neoblanc,Embalagem de 700ml,"1,09 €","0,55 €/L"
"Rebuçados de fruta, diamante",PorSi,Embalagem de 200 g,"1,00 €","5,00 €/Kg"
Caixa de arrumação reciclada,PorSi,20 litros,"1,09 €","1,09 €/Unidade"
Dentifríco anti-tártaro + branqueador,Colgate,Embalagem de 75 ml,"2,39 €","31,87 €/L"
"Sumo 100%, tutti-frutti",PorSi,"Embalagem de 1,5 l","1,09 €","0,73 €/L"
Balões latex rosa,PorSi,Embalagem com 24 unidades,"0,59 €","0,59 €/Unidade"
Pensos Incontinência Mulher Discreet Normal,Tena,Embalagem com 24 unidades,"1,95 €","1,95 €/Unidade"
Bolachas bambolitos chocolate e leite,PorSi,Embalagem de 150g,"0,79 €","5,27 €/Kg"
Lava tudo para pavimentos de madeira,Ajax,Embalagem de 1 litro,"4,39 €","14,63 €/L"
Cuecas Incontinência Homem Active Fit L,Tena,8 Unidades,"9,99 €","9,99 €/Unidade"
Vinagre vinho branco 250ml,Cristal,Garrafa de 250 ml,"0,35 €","0,70 €/L"
Morcela de Trás os Montes,PorSi,"Vendido ao peso, 1 un = 200 gr (aprox.)","1,20 €","5,99 €/Kg"
Sopa de cebola económica,Knorr,Embalagem de 50g,"2,20 €","31,43 €/Kg"
Manteiga com sal e sem lactose,Mimosa,Embalagem de 250g,"0,99 €","1,98 €/Kg"
Mistura para coelhos anões,Canto Alegre,Embalagem de 1K,"2,49 €","2,49 €/Kg"
Água c/ gás limão,Frize,pack 4 x 0.25 l,"2,85 €","2,85 €/L"
Detergente líquido máquina de roupa sabão natural,PorSi,86 Doses,"8,69 €","1,84 €/Kg"
Spray desinfetante multiusos,Lysol,Embalagem de 500 ml,"1,19 €","0,79 €/L"
Bombons Quality Street,Nestlé,Embalagem de 265 g,"1,49 €","29,80 €/Kg"
Bolacha waffer bites cacau,Waferland,Embalagem de 125g,"0,98 €","4,67 €/Kg"
Iogurte eleva com fermentos naturais framboesa e amê...,Mimosa,Embalagem de 4 x 115 g,"1,39 €","9,59 €/Kg"
Mimosa bem especial leite e amêndoa,Mimosa,Embalagem de 1 litro,"0,99 €","0,99 €/L"
Atum posta em óleo,Bom petisc,Embalagem de 120 g,"9,08 €/Kg","9,08 €/Kg"
Mini Hambúrgueres Beterraba e Sementes de Linhaça Gr...,Iglo green,Embalagem de 270g,"3,99 €","19,95 €/Kg"
Folhado Queijo e Oregões,Pastelaria do Dia,1 unidade 90G,"0,65 €","0,65 €/Unidade"
Cerveja super bock stout,Super Bock,Garrafa de 330 ml,"1,99 €/L","1,99 €/L"
Creme vegetal para culinária,PorSi,Embalagem de 250g,"1,75 €","3,50 €/Kg"
Manteiga c/ sal gourmet,Novacores,Embalagem de 250g,"1,69 €","6,76 €/Kg"
Guardanapos Gold 2 folhas,Renova,Dim.: 39x39cm,"1,29 €","1,29 €/Unidade"
Guardanapos | Dim.: 30 x 33 cm,PorSi,Embalagem com 20 unidades,"1,29 €","1,29 €/Unidade"
Balões latex mistos,PorSi,Embalagem com 24 unidades,"0,59 €","0,59 €/Unidade"
Bolacha digestiva go canela,Triunfo,Embalagem de 170g,"1,19 €","5,95 €/Kg"
Queijo Coulommiers,Páturages,Embalagem de 350 g,"2,60 €","13,00 €/Kg"
Iogurte de morango sem lactose,PorSi Viva Bem,4 x 125 g,"0,99 €","1,98 €/Kg"
Coca-cola zero,Coca-Cola,pack 2 x 1.75 l,"0,79 €","0,40 €/L"
Esparguete s/ glúten,Milaneza,Embalagem de 500g,"2,99 €","7,97 €/Kg"
Conjunto Maquilhagem Savana Leopard,Magic Studio,,"9,99 €","9,99 €/Unidade"
Mimosa proteína cacau,Mimosa,Embalagem de 250 ml,"0,81 €","0,81 €/L"
Gelatina ananás 10kcal,Royal,Embalagem de 30g,"0,55 €","61,11 €/Kg"
Inseticida Elétrico Melgas e Mosquitos 5 em 1,Dum Dum,1 unidade = 90 noites,"7,69 €","7,69 €/Unidade"
Porto branco,Valadao,Garrafa de 750 ml,"11,99 €","15,99 €/L"
Azeite virgem extra seleção,PorSi,Garrafa de 2 l,"3,19 €","4,25 €/L"
Inseticida ajustável eléctrico líquido anti melgas e...,Raid,60 noites,"7,69 €","7,69 €/Unidade"
Iogurte magro morango,Longa vida,Embalagem de 6 x 120 g,"7,66 €/Kg","7,66 €/Kg"
Café 5 estrelas moído tradição,Sical,Embalagem de 250g,"3,49 €","13,96 €/Kg"
Infusão de tília,PorSi,Embalagem de 30g,"0,69 €","20,91 €/Kg"
Lava tudo amigo dos animais,Xanpa,Embalagem de 1 l,"1,09 €","0,55 €/L"
Banha,PorSi,Embalagem de 940 g,"2,89 €","2,89 €/Kg"
Crepe de ovo,PorSi,Embalagem de 540 g,"2,99 €","5,54 €/Kg"
Lava Tudo Gel Max Power Flores de Limoeiro,Ajax,Embalagem de 750 ml,"1,89 €","1,26 €/L"
Croutons com azeite,PorSi,Embalagem de 150g,"2,39 €","6,83 €/Kg"
Pizza romana,PorSi,Embalagem de 370g,"2,16 €","6,17 €/Kg"
Chuchu,Legumes do Dia,1 un = 250 gr  (aprox.),"0,65 €","2,59 €/Kg"
Marmelada,PorSi,Embalagem de 450g,"1,09 €","2,42 €/Kg"
Chá de alcachofra e dente-de-leão,PLANTANATU,Embalagem de 20g,"1,25 €","62,50 €/Kg"
Bolachas mini prince recheadas com chocolate,PRINCE,Embalagem de 160 g,"3,49 €","19,39 €/Kg"
Néctar clássico de pera,Compal,Garrafa de 200 ml,"0,99 €","0,99 €/L"
Azeite virgem delicado,Gallo,Garrafa de 750 ml,"3,19 €","4,25 €/L"
Mistura para exóticos,Canto Alegre,Embalagem de 1K,"2,49 €","2,49 €/Kg"
Anticongelante vermelho 20%,PorSi,Embalagem de 1 l,"3,99 €","0,80 €/L"
Recarga Desumidificador Lavanda,HUMYDRY,embalagem de 3x75 g,"4,99 €","22,18 €/Kg"
Creme vegetal sabor manteiga,PorSi,Embalagem de 500 g,"1,75 €","3,50 €/Kg"
Maionese,PorSi,Embalagem de 414 g,"0,70 €","2,33 €/Kg"
Mistura vegetais para wok,PorSi,Embalagem de 750g,"1,89 €","1,89 €/Kg"
Detergente de Máquina Loiça Tudo em 1,Fairy,80 cápsulas,"2,99 €","2,99 €/Unidade"
Pastilhas fire canela,CHICLETS,Embalagem de 16 g,"0,89 €","59,33 €/Kg"
Balões latex amarelos,PorSi,Embalagem com 24 unidades,"0,59 €","0,59 €/Unidade"
Chupas Party Mix,PorSi,150 g,"3,40 €","28,33 €/Kg"
Cacau magro em pó,PorSi,Embalagem de 125 g,"1,79 €","8,95 €/Kg"
Sabao azul e branco,PorSi,Embalagem de 400g,"1,09 €","2,73 €/Kg"
Tostas integrais,PorSi,Embalagem de 225g,"2,39 €","6,83 €/Kg"
Ambientador vela fresh berries,Glade,1 unidade com 129 g,"7,99 €","38,05 €/Kg"
Sabonete Líquido Sensitive,Dettol,Embalagem de 250 ml,"1,09 €","2,18 €/L"
"Bacalhau graúdo inteiro salgado, seco",Bacalhau da Islândia,1 un= 2.5kg (aprox.),"8,73 €/Kg","8,73 €/Kg"
Rolo Cozinha Meia Folha Adapt,Colhogar,2 rolos,"4,99 €","4,99 €/Unidade"
Bolacha cream cracker,Cuetara,Embalagem de 200g,"0,39 €","3,12 €/Kg"
Maçã crocante,Fruut,Embalagem de 100g,"0,79 €","7,90 €/Kg"
Peito de frango forno a lenha fatias finas,Izidoro,110 g,"1,99 €","13,27 €/Kg"
Gengibre,Legumes do Dia,1 un = 100 gr (aprox.),"0,65 €","2,59 €/Kg"
Achocolatado zero% açúcares,Nesquik,Embalagem de 345g,"5,59 €","6,99 €/Kg"
Caneta BL. Eye UB-150 Vermelho,Uni-Ball,1 embalagem,"2,49 €","2,49 €/Unidade"
"Arrancadores, 2 unidades",Osram,1 embalagem,"1,69 €","1,69 €/Unidade"
Queijo fatiado cheddar,PorSi,Embalagem de 150 g,"1,56 €","7,80 €/Kg"
"Amaciador de roupa, azul",Comfort,Garrafa de 4 l,"8,99 €","2,25 €/L"
Camarão tigre 10/15 congelado,Nossa seleção,Vendido ao peso,"1,99 €/Kg","1,99 €/Kg"
Carcaça Rústica 70 g,Pão do Dia,,"0,19 €","2,71 €/Kg"
Morangos 100% Naturais,PorSi,Embalagem de 750 g,"3,29 €","4,39 €/Kg"
Ambientador gel marinho,PorSi,150 g,"9,98 €/Unidade","9,98 €/Unidade"
Spray Solar Cenoura FP6,Nivea Sun,1 Embalagem 200ml,"11,99 €","59,95 €/L"
Descafeinado em cápsulas Pianíssimo 10x5g,PorSi Select,Embalagem de 50g,"1,59 €","6,36 €/Kg"
Escova dentífrica infantil bambu,Colgate,1 unidade,"1,05 €","1,05 €/Unidade"
Toalhitas Bebé Nature,PorSi,64 unidades,"1,09 €/Unidade","1,09 €/Unidade"
Bolachas com recheio de chocolate,PorSi,Embalagem de 3 x 250 g,"2,15 €","2,87 €/Kg"
Camarão 60/95,PorSi,Vendido a partir de 250 (aprox.),"3,25 €","12,99 €/Kg"
Pastilhas melão e melancia,Trident,Embalagem de 20g,"0,89 €","59,33 €/Kg"
Pensos Higiénicos Fina e Segura Maxi Super,Evax,Embalagem c/ 13 Unidades,"4,99 €","4,99 €/Unidade"
Salmão posta ao natural,PorSi Select,Lata de 120 g,"9,08 €/Kg","9,08 €/Kg"
Cereais nesquik,Nestle,Embalagem de 625g,"5,07 €/Kg","5,07 €/Kg"
Couve Penca (Portuguesa),Legumes do Dia,1 un= 1 kg (aprox.),"1,79 €","1,79 €/Kg"
Iogurte tipo grego natural,PorSi,Embalagem de 12 x 125 g,"2,99 €","6,80 €/Kg"
Fruta para bebé banana laranja bolacha +6 meses,Nestle,Embalagem de 90g,"0,74 €","8,22 €/Kg"
Gel ativo com lixívia,PorSi,Embalagem de 1.5 l,"1,19 €","0,79 €/L"
Sacos do Lixo Ecobag 50 L,Vileda,Embalagem c/ 10 un.,"1,89 €","1,89 €/Unidade"
Amêijoa Branca Congelada,*,Vendido ao peso a partir de 200 g,"1,99 €/Kg","1,99 €/Kg"
Elixir oil,Gliss,Embalagem de 75 ml,"1,00 €","5,00 €/L"
Licor Limoncello,Vila Massa,"Embalagem de 0,50 l","7,49 €","10,70 €/L"
"Refrigerante sem gás, frutos tropicais",FRESKY,"Embalagem de 4x0,20 l","1,14 €","0,76 €/L"
Feijão manteiga,Compal,Lata de 410 ml,"1,79 €","2,29 €/Kg"
Detergente líquido Ultra Concentrado Loiça Platinium...,PorSi,Embalagem de 500 ml,"0,99 €","1,98 €/L"
Caramelos e rebuçados,PorSi,Embalagem de 200g,"1,10 €","4,40 €/Kg"
Espumoso grand reale dessert,Gancia,Garrafa de 750 ml,"3,99 €","5,32 €/L"
Leite seleccionado leve,Matinal,Garrafa de 1 l,"0,81 €","0,81 €/L"
Limpeza Cozinha Vitro e Placas Spray,Mistolin,500 ml,"1,29 €","1,72 €/L"
Posta de Perca-do-Nilo,PorSi,Vendido ao peso,"3,19 €","3,99 €/Kg"
Bolacha digestiva de aveia/chocolate,Gullon,Embalagem de 430g,"1,49 €","2,48 €/Kg"
Iogurte pedaços frutos vermelhos,PorSi,Embalagem de 8 x 125 g,"1,44 €","2,88 €/Kg"
Salada de fruta em calda,PorSi,Embalagem de 3 x 220 g,"1,99 €","2,37 €/Kg"
Cola Especial Plásticos,Pattex,Embalagem de 30 g,"3,59 €","119,67 €/Kg"
Chocolate quente 90 segundos,Lacasa,Embalagem de 350g,"5,59 €","6,99 €/Kg"
"Batata frita wavy, ondulada",PorSi,Embalagem de 90g,"1,06 €","5,73 €/Kg"
Nestlé tablete de chocolate negro e amendoa,Nestle,Embalagem de 270g,"3,79 €","14,04 €/Kg"
Asas,Peru,1 un = 500 gr (aprox.),"1,05 €","2,99 €/Kg"
"Cueca de incontinência, adulto, pequena",PorSi,Embalagem com 14 unidades,"9,99 €","9,99 €/Unidade"
Bifes da rabadilha de novilho,PorSi,Embalagem de 400 g,"4,99 €","12,48 €/Kg"
Pack de 3 embalagens de polpa de tomate,Compal,Embalagem de 630g,"3,84 €","24,00 €/Kg"
Pastilhas café platium,Delta,Embalagem de 110g,"3,99 €","72,55 €/Kg"
Pilhas recarregáveis longa duração AAA HR03 1.2V 800...,Domédia,Embalagem com 4 unidades,"4,09 €","4,09 €/Unidade"
Escova plástica (cores sortidas),PorSi,1 unidade,"0,89 €","0,89 €/Unidade"
Pipocas coloridas,Orcape,Embalagem de 100g,"0,79 €","7,90 €/Kg"
Cappucino go chill com cacau,Delta,Embalagem de 230 ml,"3,19 €","25,52 €/Kg"
Recarga rolo tira pelos,PorSi,1 unidade,"11,99 €","11,99 €/Unidade"
Queijo fundido vaca que ri palitos light 140g,A Vaca Que Ri,Embalagem de 140g,"2,39 €","19,92 €/Kg"
Barra s.k chocolate 6x21.5g,Kellogg's,Embalagem de 6X21.5G,"3,45 €","26,74 €/Kg"
Iogurte oikos natural,Danone,Embalagem de 4 x 110g,"2,99 €","6,80 €/Kg"
Manteiga com sal cuvete,LORETO,Embalagem de 250g,"1,69 €","6,76 €/Kg"
Chiclets morango 16.8g,CHICLETS,Embalagem de 20g,"0,89 €","59,33 €/Kg"
Bolachas cereais e pepitas de chocolate,PorSi,Embalagem de 400 g,"0,90 €","6,00 €/Kg"
Arroz carolino,D'avo,Embalagem de 1 kg,"0,99 €","0,99 €/Kg"
Pudim de chocolate,Boca Doce,Embalagem de 20g,"0,59 €","29,50 €/Kg"
Abacate categoria II,Fruta do Dia,Embalagem de 300 g,"2,49 €","8,30 €/Kg"
Iogurte mix-in smarties baunilha,Nestle,Embalagem de 2 x 128 g,"1,05 €","1,86 €/L"
Cereais fitness,Nestle,Embalagem de 630g,"3,45 €","26,74 €/Kg"
Concha nylon,Domédia,1 unidade,"4,59 €","4,59 €/Unidade"
Moscatel de setúbal,Pioneiro,Garrafa de 750 ml,"7,49 €","10,70 €/L"
"Creme de muda de fralda, para bebé",Pommette,Embalagem de 100 ml,"1,24 €","4,96 €/Kg"
Ambientador aerosol pure flor de cerejeira,Air Wick,Garrafa de 250 ml,"0,99 €","3,30 €/L"
Pescada do Pacífico,Peixe Congelado,"Congelada de 1 a 1,5 kg","2,79 €","3,99 €/Kg"
Leite 0% lactose meio gordo,Mimosa,Embalagem de 200 ml,"0,99 €","0,99 €/L"
Lâmpada LED Forma Esférica 5.5W E14 220-240V,Domédia,1 un.,"3,89 €","3,89 €/Unidade"
Bolachas água e sal doces,Vieira,Embalagem de 170g,"1,49 €","2,48 €/Kg"
Desumidificador Premium,HUMYDRY,450 g,"11,99 €","11,99 €/Unidade"
"Rebuçados sem açucar vita c, sabor citrinos",Halls,Embalagem de 32G,"0,89 €","27,81 €/Kg"
Abobora cubos,PorSi,Embalagem de 500g,"1,89 €","1,89 €/Kg"
Cereais corn flakes s/ glúten,Nestle,Embalagem de 380g,"3,99 €","7,98 €/Kg"
Lâmpada LED Forma Chama 3.2W E14 220-240V,Domédia,1 un.,"3,89 €","3,89 €/Unidade"
Lasanha bolonhesa,Iglo,Embalagem de 300g,"2,16 €","6,17 €/Kg"
Sumo essencial kids,Compal,pack 3 x 0.11 l,"2,29 €","6,94 €/L"
Ambientador aerossol 5 em 1 lavanda,PorSi,300 ml,"0,99 €","3,30 €/L"
Legumes grelhados,PorSi,Embalagem de 750g,"1,89 €","1,89 €/Kg"
Leite Meio Gordo sem Lactose,Mimosa,Pack 4 x 200 ml,"0,99 €","0,99 €/L"
Formas de alumínio 950 ml,PorSi,5 unidades,"1,29 €","1,29 €/Unidade"
"Espumante Danúbio, Bruto",Danúbio,Garrafa de 75 cl,"6,99 €","9,32 €/L"
Dentífrico infantil 6-12,Jordan,75 ml,"1,99 €","26,53 €/L"
Melancia Riscada,Fruta da Época,Vendido ao peso | 1 un = 4kg (aprox.),"2,48 €","0,99 €/Kg"
"Vinho Alentejo, Private Collection, Tinto",Selecção de Enófilos,Garrafa de 0.75 l,"4,99 €","6,65 €/L"
