Nome,Marca,Unidade,Preço Primário,Preço Secundário
Dawnut Glacé,Pastelaria do Dia,50g,"0,69 €","0,69 €/Unidade"
Gin Beefeater Light,Beefeater,"Garrafa de 0,70 l","19,79 €","19,79 €/L"
Dentifríco Flúor Gel,Colgate,Embalagem de 75 ml,"2,39 €","31,87 €/L"
Miolo de camarão 80/100,Pescanova,Embalagem de 350g,"8,99 €","25,69 €/Kg"
"Maionese, frasco",Hellmman's,Embalagem de 210g,"0,70 €","2,33 €/Kg"
Dourada Pequena,Peixe do Dia,"Vendido ao peso, de 200 a 600 g","6,49 €/Kg","6,49 €/Kg"
Bebida Energética Apple,Hell,250 ml,"1,60 €","3,20 €/L"
Saqueta de puré de fruta | maçã + banana + morango,PorSi,90 g,"0,74 €","8,22 €/Kg"
Ambientador vela odor tabaco,PorSi,1 unidade,"4,99 €","4,99 €/Unidade"
Spray tira gorduras,Cillitbang,Garrafa de 500 ml,"1,19 €","0,79 €/L"
"Fita apanha moscas, com 4 unidades",Neokill,4 unidades,"5,09 €","8,48 €/L"
Estojo de maquilhagem Fairy Style,Clementoni,1 unidade,"11,59 €","11,59 €/Unidade"
Tisana de chá verde/limão light,Pleno,"Garrafa de 1,5 l","1,14 €","0,76 €/L"
Banda cera fria peles sensíveis p/corpo,Veet,Embalagem de 20 unidades,"3,11 €","3,11 €/Unidade"
Vinho tinto,Adega grande,Garrafa de 75 cl,"2,99 €","3,99 €/L"
Azeite,PorSi,Garrafa de 1 l,"3,19 €","4,25 €/L"
Porto white,Ferreira,Garrafa de 750 ml,"11,99 €","15,99 €/L"
Biscoitos integrais sementes de agave,PorSi Viva Bem,Embalagem de 150g,"1,45 €","11,15 €/Kg"
Vinho frisante branco,Lapadas,Garrafa de 750 ml,"2,12 €/L","2,12 €/L"
Areia para Gato Absorvente 100% Natural,Friskies,Embalagem de 5 l,"1,19 €","0,24 €/Kg"
Polvilho doce,PorSi,Embalagem de 500g,"2,29 €","4,58 €/Kg"
Sabonete sensitive,Palmolive,Embalagem de 4x90 g,"4,49 €","12,47 €/Kg"
Iogurte infantil c/ drageias coloridas,PorSi,140 g,"1,05 €","1,86 €/L"
Gel desinfetante casa de banho,Sonasol,Embalagem de 1.25 litros,"2,79 €","3,99 €/L"
Guardanapos brancos folha tripla 33x33 cm,PorSi,70 unidades,"0,69 €","0,69 €/Unidade"
Ovos Frescos de Galinhas Criadas ao Ar Livre Classe:...,PorSi Bio,Embalagem com 6 unidades,"2,19 €","2,19 €/Unidade"
Confronto de Camiões Hulk vs Rhino,Lego,1 unidade,"11,59 €","11,59 €/Unidade"
Monster Truck Mega Wrex Rádio Controlo,Mondo,1 unidade,"11,59 €","11,59 €/Unidade"
Ração para gato esterilizado com peru,Friskies,Embalagem de 3 kg,"12,99 €","4,33 €/Kg"
"Queijo light, 8 porções",A Vaca Que Ri,Embalagem de 140 g,"2,39 €","19,92 €/Kg"
Tablete de chocolate negro,PorSi Select,200 g,"0,65 €","6,50 €/Kg"
Vinho tinto regional alentejano,Tapada do Barão,Garrafa de 0.75 l,"2,89 €","3,85 €/L"
Salsichas cocktail,PorSi,Lata com 180 g,"0,75 €","3,75 €/Kg"
"Rolos de cozinha compactos, branco, 2 unidades",PorSi,Uma embalagem,"1,09 €","1,09 €/Unidade"
Farinha rainha c/ fermento,Nacional,Embalagem de 1000 g,"0,85 €","0,85 €/Kg"
Escovilhão 2 em 1,Neo Baby,1 unidade,"1,99 €","1,99 €/Unidade"
Vinho doc douro tinto,Papa Figos,Garrafa de 0.75 l,"7,49 €","9,99 €/L"
"Vinho rosé, meio seco",Leziria,Garrafa de 750 ml,"4,29 €","5,72 €/L"
Água c/ gás groselha,Frize,pack 4 x 0.25 l,"2,85 €","2,85 €/L"
Pacote maçã e pêssego,Nestle,Embalagem de 90 g,"0,74 €","8,22 €/Kg"
Vinho rosé frisante,Cacho Fresco,Garrafa de 0.75 l,"2,12 €/L","2,12 €/L"
8 hamburguers s/ glúten frango,Capitão Iglo,Embalagem de 480g,"2,79 €","8,72 €/Kg"
Açaí superelemento (10 saquetas),Cemporcent,Embalagem de 25g,"1,99 €","45,23 €/Kg"
Tofu biológico,PorSi Bio,Embalagem de 300g,"2,99 €","5,98 €/Kg"
Miolo de camarão cozido 40/60,Pescanova,Embalagem de 200 g,"8,99 €","25,69 €/Kg"
Limpa vidros recarga tripla ação,Ajax,Embalagem de 500 ml,"3,19 €","6,38 €/L"
Saqueta pintarolas,Pintarolas,Embalagem de 40g,"1,05 €","21,00 €/Kg"
Bebida energética green,Monster,Garrafa de 500 ml,"1,60 €","3,20 €/L"
Trela Estrangular 120cm,Bribon,1 unidade,"7,99 €","7,99 €/Unidade"
Cebolinho,PorSi,Embalagem de 50g,"0,99 €","19,80 €/Kg"
Sumo essencial de pêssego,Compal,pack 3 x 0.11 l,"0,99 €","0,99 €/L"
Toranja,Fruta do Dia,1 un = 300 gr  (aprox.),"0,72 €","3,59 €/Kg"
10 nuggets de frango,Capitão Iglo,Embalagem de 210g,"2,79 €","8,72 €/Kg"
Feijão preto,Legumes secos,1 un = 100 gr. (aprox.),"0,22 €","2,19 €/Kg"
Néctar clássico laranja,Compal,Embalagem de 1 l,"0,99 €","0,99 €/L"
"Coloração permanente, castanho claro cobre nº54",Nutrisse,1 unidade,"9,49 €/Unidade","9,49 €/Unidade"
Esfregona Microfibras Eco,Vileda,1 un.,"0,89 €","0,89 €/Unidade"
Gelado magnum after dinner,Olá,Embalagem de 10 x 35 ml,"5,99 €","16,64 €/L"
"Forma de papel para bolos, 9 cm, 60 unidades",PorSi,Uma embalagem,"0,99 €","0,99 €/Unidade"
Barras cereais chocapic,Nestle,Embalagem de 150g,"1,06 €","8,15 €/Kg"
Óleo de girassol,PorSi,garrafa de 3 litros,"3,39 €","3,39 €/L"
Depilatório homem gel,Veet,Garrafa de 200 ml,"12,99 €","12,99 €/Unidade"
Salsichas de porco,Nobre,Lata de 200g,"0,75 €","3,75 €/Kg"
Spray tira gorduras eco,PorSi,Garrafa de 750 ml,"0,79 €","0,79 €/L"
Salsichas frasco hot dog,PorSi,Embalagem 540G,"0,75 €","3,75 €/Kg"
Plantanatur gorduras dia e noite refeições,PLANTANATU,Embalagem de 1 unidades,"7,59 €","126,50 €/Kg"
"Lenços de bolso sensi, brancos, 10 unidades",Renova,Uma embalagem de 6x10,"1,64 €","1,64 €/Unidade"
Capa confort plus,Vileda,1 unidade,"16,50 €","16,50 €/Unidade"
Marmelada em cubos,Ferbar,Embalagem de 200g,"1,09 €","2,42 €/Kg"
Pensos Higiénicos Ultra Air Dry C/ Abas,Ausonia,embalagem com 14 un.,"4,99 €","4,99 €/Unidade"
Sumo natural de cenoura bio,Cemporcent,Garrafa de 200 ml,"1,19 €","1,86 €/L"
Iogurtes Corpos Danone Pedaços de Coco,Danone,Embalagem de 4 x 115 g,"4,36 €","2,18 €/Kg"
Refrigerante c/ gás ananás,Sumol,pack 4 x 1.25 l,"0,79 €","0,40 €/L"
Palito com pele original style,MCCAIN,Embalagem de 500g,"1,39 €","1,39 €/Kg"
Limpa Motores,PorSi,Embalagem de 1 l,"3,99 €","0,80 €/L"
Mochila campro level com parte da frente amovível,*,1 unidade,"19,90 €","19,90 €/Unidade"
Iogurte liquido de pinacolada,PorSi,Embalagem de 1 kg,"1,17 €","1,83 €/Kg"
Queijo de cabra,Palhais,Embalagem de 200g,"1,89 €","10,50 €/Kg"
Surprise 707 OMG Swag,LOL,1 unidade,"11,59 €","11,59 €/Unidade"
Vinho tinto regional peninsula de setúbal,Fonte nico,Garrafa de 750 ml,"2,99 €","3,99 €/L"
Detergente Manual de Loiça Rosa & Cetim,Fairy,Embalagem de 500 ml,"0,99 €","1,98 €/L"
Insuflável camelo,Bestway,Dim.: 2.21 x 1.32 m,"9,99 €","9,99 €/Unidade"
Arroz Carolino,Saludães,Embalagem de 1 kg,"0,99 €","0,99 €/Kg"
Caramelos de fruta,PorSi,Embalagem de 250g,"1,10 €","4,40 €/Kg"
Linguas de gato,PorSi,Embalagem de 200 g,"0,69 €","3,45 €/Kg"
Pista carros com luz,Fantástiko,Dim.: 43 x 30 cm,"11,59 €","11,59 €/Unidade"
Bolachas mini alfa,Nacional,Embalagem de 120g,"3,09 €","10,30 €/Kg"
Pilha alcalina classic lr14x2,Domédia,1 unidade,"1,99 €","1,99 €/Unidade"
Atum posta em óleo,General,Embalagem de 110g,"0,89 €","7,42 €/Kg"
Frutose,Cemporcent,Embalagem de 250g,"1,94 €","3,88 €/Kg"
Gin dry,Gordons,Garrafa de 700 ml,"19,79 €","19,79 €/L"
"Escova de cabelo, brushing média",Labell,Uma unidade,"5,99 €","5,99 €/Unidade"
Mistura solúvel brasa,Nestle,Embalagem de 200g,"1,64 €","6,56 €/Kg"
Caramelos de fruta de laranja single,Sugus,Embalagem de 50g,"1,10 €","4,40 €/Kg"
Gelado magnum mini double framboesa,Olá,Embalagem de 6 x 60 ml,"5,99 €","16,64 €/L"
Anti-Traça Alimentos,Dum Dum,2 unidades,"4,69 €","4,69 €/Unidade"
Remove Insectos,PorSi,Embalagem de 1 l,"3,99 €","0,80 €/L"
Biscoitos brownies,PorSi,Embalagem de 230g,"0,90 €","6,00 €/Kg"
Iogurte Líquido Frutos Tropicais,PorSi,1 Embalagem 4X160G,"1,17 €","1,83 €/Kg"
Álcool canforado 85%,PorSi,Embalagem de 250 ml,"0,59 €","1,18 €/L"
"Refrigerante com gás, ananás",Sumol,"Garrafa de 1,25 l","0,79 €","0,40 €/L"
"Azeitonas pretas sem caroço, frasco de 165 g",PorSi,Embalagem de 165g,"1,79 €","2,29 €/Kg"
Refresco em pó de ananás,PorSi,Embalagem de 40 g,"0,75 €","18,75 €/Kg"
Chá cavalinha,PLANTANATU,Embalagem de 10g,"1,79 €","44,75 €/Kg"
Grelha Quadrada Nº4 Zincada,Jomafe,"32x23 cm, 1 unidade","0,75 €","0,75 €/Unidade"
Animais do Oceano,Discovery Channel,set 30 peças,"11,59 €","11,59 €/Unidade"
Bolachas crackers integrais,PorSi,Embalagem de 500g,"0,39 €","3,12 €/Kg"
Vinho tinto,Pias,Garrafa de 5 l,"5,19 €","1,04 €/L"
Queijo de cabra atabafado,Monforqueijo,180 g,"1,89 €","10,50 €/Kg"
Bacalhau a bras,PorSi,Embalagem de 300g,"1,79 €","7,16 €/Kg"
Bolachas cacau com recheio baunilha,PorSi,Embalagem de 176 g,"0,79 €","4,49 €/Kg"
Ice tea de pêssego,PorSi,Garrafa de 2 l,"1,14 €","0,76 €/L"
"Creme Hidratante de Dia, pele normal",Bioten,Embalagem de 50 ml,"2,99 €","59,80 €/L"
Chá verde,Tetley,Embalagem de 20g,"0,99 €","23,02 €/Kg"
Chá de menta e eucalipto,Lipton,20 saquetas,"44,50 €/Kg","44,50 €/Kg"
Bebida de Soja Natural,PorSi Viva Bem,Pack: 3 x 200 ml,"2,49 €","2,49 €/L"
"Óleo de girassol, 3 a's",Fula,Embalagem 1L,"3,39 €","3,39 €/L"
Bolacha tostada diet nature s/ açucares,Gullon,Embalagem de 400g,"1,45 €","11,15 €/Kg"
"Iogurte, sabor a morango",PorSi,Embalagem de 4 x 125 g,"1,87 €","1,25 €/Kg"
Café Solúvel Espresso Intenso,Nescafe,Embalagem de 100g,"1,45 €","14,50 €/Kg"
Cornflakes + gulosos,Cemporcent,Embalagem de 250g,"0,69 €","1,73 €/Kg"
Creme marisco,Knorr,Embalagem de 70g,"0,84 €","13,55 €/Kg"
Protetor Tomadas,Neo Baby,1 Embalagem c/10 unidades,"1,99 €","1,99 €/Unidade"
Iogurte magro natural,Longa vida,Embalagem de 6 x 120 g,"0,99 €","1,32 €/Kg"
Serpentinas,Mercagranel,Embalagem 20 Rolos,"0,59 €","0,59 €/Unidade"
Bala spray,Redex,Embalagem de 400 ml,"3,99 €","0,80 €/L"
Mousse limpeza refresh,Labell,Embalagem com 150ml,"12,48 €/L","12,48 €/L"
Inseticida liquido vaporizador,Ezalo,Embalagem de 375 ml,"5,09 €","8,48 €/L"
Muesli tropical,Cemporcent,Embalagem de 500g,"0,69 €","1,73 €/Kg"
Nestum aveia e maçã,Nestum,Embalagem de 250g,"2,99 €","3,99 €/Kg"
Autobrilhante Preto,Búfalo,Embalagem de 50 ml,"0,99 €","330,00 €/Kg"
Azeitoneira de barro pintada,Anitex,1 unidade,"6,90 €","6,90 €/Unidade"
Iogurte natural 0%,PorSi Viva Bem,Embalagem de 6 x 125 g,"0,99 €","1,98 €/Kg"
Pensos diários maxi,Carefree,Embalagem com 64 unidades,"1,79 €","1,79 €/Unidade"
Bolachas recheadas com morango e cheesecake,Oreo,Embalagem de 150g,"0,79 €","4,49 €/Kg"
Natas pasteurizadas para bater,Nestle,Embalagem de 200 ml,"0,75 €","3,75 €/L"
Iogurte pedaços frutimax frutos variados,PorSi,Embalagem de 8 x 125 g,"4,36 €","2,18 €/Kg"
Bolachas belgas manteiga,PorSi,Embalagem de 250g,"1,69 €","6,76 €/Kg"
Leite condensado,Nestle,Embalagem de 370g,"1,09 €","2,75 €/Kg"
Iogurte natural açucarado em frasco de vidro,PorSi,Embalagem de 2 x 125 g,"0,99 €","1,98 €/Kg"
"Fitness granola chocolate, amêndoas e quinoa com 51%...",Nestle,Embalagem de 300 g,"5,59 €","8,87 €/Kg"
Espumante Bruto,Gancia,"Garrafa de 0,75 l","3,99 €","5,32 €/L"
"Água com gás, sabor limão",PorSi,"Embalagem de 6x0,25 l","2,85 €","2,85 €/L"
Lata de Brilho Preto,Búfalo,Embalagem de 75 ml,"0,99 €","19,80 €/L"
Iogurte activia líquido kiwi,Danone,Embalagem de 4 x 155 g,"2,49 €","5,19 €/Kg"
Balão Happy New Year,Codipostal,46 cm,"0,59 €","0,59 €/Unidade"
Collant opac microfibra preto 60D,PorSi,Tamanho: xl,"1,89 €","1,89 €/Unidade"
Chá fresh verde e pêssego,Cemporcent,Embalagem de 18g,"44,50 €/Kg","44,50 €/Kg"
Gel de Banho Fresh Touch,Dove,Embalagem de 750 ml,"6,39 €/L","6,39 €/L"
Pão de Forma Cerealia 14 Cereais e Sementes 0% Açúca...,Panrico,Embalagem de 440g,"2,63 €/Kg","2,63 €/Kg"
Comida húmida para gato carnes e legumes com molho,PorSi,Embalagem de 1.2 kg,"3,49 €","10,26 €/Kg"
Leite uht magro com rosca,PorSi,1 litro,"0,81 €","0,81 €/L"
Melão Amarelo,Fruta do Dia,Vendido ao peso | 1 un = 2.5 kg (aprox.),"6,23 €","2,49 €/Kg"
Couve Roxa,Legumes do Dia,1 un= 1kg (aprox.),"1,00 €","2,49 €/Kg"
Creme vegetal culinário,Vaqueiro,Embalagem de 1 kg,"1,75 €","3,50 €/Kg"
Molho iogurte,PorSi,Garrafa de 285 ml,"0,70 €","2,33 €/Kg"
Vinagre de vinho branco,Cristal,Garrafa de 750 ml,"0,35 €","0,70 €/L"
Detergente Máquina Roupa Liquido Bebé,PorSi,50 doses,"9,99 €","9,99 €/Unidade"
Esfregona suave completa,Vileda,1 unidade,"0,89 €","0,89 €/Unidade"
Faca chefe 20 cm madeira,PorSi,1 unidade,"16,99 €","16,99 €/Unidade"
Nancy Um Dia A Fazer Madeixas,Nancy,1 un.,"11,59 €","11,59 €/Unidade"
Patê figado de porco,La piara,Embalagem de 80g,"1,19 €","13,52 €/Kg"
"Lava tudo, vinagre",Cif,"Garrafa de 1,4 l","0,99 €","0,50 €/L"
Bolachas marinheiras espelta,Cemporcent,Embalagem de 200 g,"1,45 €","11,15 €/Kg"
Limpa fornos,PorSi,500 ml,"1,29 €","1,72 €/L"
Café solúvel clássico,Nescafe,Embalagem de 200g,"1,45 €","14,50 €/Kg"
Água mineral sem gás,Vimeiro,Pack 4 x 1.5 l,"1,04 €","0,17 €/L"
Batata frita palha,Pala-pala,Embalagem de 250g,"0,87 €","5,44 €/Kg"
Bifes de soja ao natural,Cemporcent,Embalagem de 250g,"2,09 €","8,36 €/Kg"
Pipetas repelente para cão,Repul' 7,Embalagem de 1 unidades,"7,99 €","7,99 €/Unidade"
"Vinho maduro tinto, bag in the box",Capataz,Embalagem de 10 l,"5,19 €","1,04 €/L"
Choco limpo 10/30,Pescanova,Embalagem de 500g,"5,49 €","6,86 €/Kg"
Lapiseira Velocity + 12minas,Bic,1 unidade,"2,49 €","2,49 €/Unidade"
Iogurte oikos natural,Danone,Embalagem de 4 x 110g,"1,49 €","2,98 €/Kg"
Bolachas maria,PorSi,Embalagem de 200g,"1,69 €","2,11 €/Kg"
Edredão + almofada,Analar,Dim.: 160 x 220 cm,"29,99 €","29,99 €/Unidade"
Bol. chip choco s/gluten 130g,Gullon,Embalagem de 130g,"2,69 €","20,69 €/Kg"
Gelado sandwich nata/chocolate,PorSi,Embalagem de 6x100 ml,"5,99 €","16,64 €/L"
"Patê de sardinha,atum e salmão",PorSi,Embalagem de 4 x 22 g,"1,19 €","13,52 €/Kg"
Resguardos de cama,PorSi,20 unidades de 80 x 180 cm,"10,99 €","10,99 €/Unidade"
Piscina 3D,Bestway,Dim.: 262 x 175 cm,"9,99 €","9,99 €/Unidade"
Ervilhas bio,PorSi Bio,Frasco com 290 g,"2,99 €","5,98 €/Kg"
Lambrusco tinto,*,Garrafa de 750 ml,"2,12 €/L","2,12 €/L"
Massa macarronete riscado,PorSi,Embalagem de 500g,"0,89 €","1,78 €/Kg"
Collant mousse muskade 20D,PorSi,Tamanho: l,"1,89 €","1,89 €/Unidade"
Ervilhas,PorSi,Embalagem de 400 g,"1,89 €","1,89 €/Kg"
Sal marinho integral,Cemporcent,Embalagem de 1 kg,"25,48 €/Kg","25,48 €/Kg"
Pasta de Moldar Branca,DAS,Embalagem com 1 kg,"2,19 €","109,50 €/L"
Comida húmida para gato júnior,PorSi,Embalagem de 4 x 100 g,"3,49 €","10,26 €/Kg"
"Palmilha de cortiça com latex, tamanho 42/43",Sonaf,1 unidade,"5,59 €","37,27 €/L"
Bebé com patudo,Nenuco,1 unidade,"11,59 €","11,59 €/Unidade"
Polvilho azedo,PorSi,Embalagem de 500g,"2,29 €","4,58 €/Kg"
Sardinha em tomate,PorSi,Embalagem de 120g,"0,89 €","7,42 €/Kg"
Chispalhada com feijão,Nobre,Embalagem de 420g,"2,35 €","5,60 €/Kg"
Queijo flamengo em fatias,Terra Nostra,Embalagem de 200g,"1,56 €","7,80 €/Kg"
Uno cartas,Mattel,1 unidade,"9,99 €","9,99 €/Unidade"
Infusão nº 6 sem barriga,Cemporcent,Embalagem de 10 unidades,"0,99 €","76,15 €/Kg"
Senses Watermelon,Trident,1 un.,"0,89 €","59,33 €/Kg"
Snack de milho com queijo,Cheetos,Embalagem de 75 g,"0,79 €","7,90 €/Kg"
Leite uht gordo com rosca,PorSi,Embalagem de 1 litro,"0,94 €","0,94 €/L"
Crazy Chic Atelier de Joias,Clementoni,1 unidade,"11,59 €","11,59 €/Unidade"
Manteiga c/ sal,Mimosa,Embalagem de 250g,"1,69 €","6,76 €/Kg"
"Baton, soft rosa",Labello,Embalagem de 5 g,"0,58 €","0,58 €/Unidade"
Bolacha digestive aveia 258g,Vieira,Embalagem de 258 g,"1,19 €","5,95 €/Kg"
10 croquetes de carne,PorSi,Embalagem de 300 g,"1,79 €","7,16 €/Kg"
Lula limpa,Pescanova,Embalagem de 450g,"4,39 €","10,98 €/Kg"
Escavadora Volvo,Dickie,C/ Luz/Som Dim.: 23 cm,"11,59 €","11,59 €/Unidade"
Babete Maleavel,Tigex,1 unidade,"5,99 €","5,99 €/Unidade"
"Engoma fácil, pistola",PorSi,Embalagem de 750 ml,"3,99 €","5,70 €/L"
Amendoim pedaços,Cemporcent,Embalagem de 510g,"5,99 €","19,97 €/Kg"
Leite creme,El mandari,Embalagem de 90g,"0,79 €","5,27 €/Kg"
Flocos cereais chocolate,PorSi,Embalagem de 300g,"2,99 €","3,99 €/Kg"
Batata Branca,Legumes do Dia,1 un = 10 kg (aprox.),"1,29 €/Kg","1,29 €/Kg"
Café em grão 5 estrelas,Sical,Embalagem de 250g,"9,16 €/Kg","9,16 €/Kg"
Pudim de caramelo,Boca Doce,Embalagem de 20g,"0,59 €","29,50 €/Kg"
8 fantasias do mar,PorSi,Embalagem de 250g,"1,79 €","7,16 €/Kg"
Batata frita churrasco,PorSi,Embalagem de 185 g,"1,19 €","6,43 €/Kg"
12 Caldos de carne,PorSi,Embalagem de 127 g,"3,84 €","24,00 €/Kg"
"Livro ""Contos da Avozinha""",Girassol,1 unidade,"9,95 €","9,95 €/Unidade"
Iogurte Oikos de Ananás,Danone,Embalagem de 4x110g,"1,49 €","2,98 €/Kg"
Martini Riserva Rubino,Martini,Garrafa de 750 ml,"7,49 €","10,70 €/L"
Pringles sour cream & onion,Pringles,Embalagem de 175g,"1,19 €","6,43 €/Kg"
Couve flor,PorSi,Embalagem de 750 kg,"1,89 €","1,89 €/Kg"
"Inseticida líquido, elétrico, apa",Raid,Embalagem de 21 ml,"10,49 €","17,48 €/L"
X-ato mini para esquerdinos,Maped,9 mm,"8,61 €","8,61 €/Unidade"
Iogurte mix-in smarties morango,Nestle,Embalagem de 2 x 128 g,"1,05 €","1,86 €/L"
"Livro ""Histórias Fantásticas com Unicórnios""",Girassol,1 unidade,"9,95 €","9,95 €/Unidade"
Fermento químico,Vahine,Embalagem de 108g,"1,89 €","17,18 €/Kg"
Refrigerante c/ gás zero,Coca-Cola,pack 4 x 1 l,"0,79 €","0,40 €/L"
Manteiga com sal,Milhafre,Embalagem de 250g,"1,69 €","6,76 €/Kg"
Granola + classica,Cemporcent,Embalagem de 375g,"1,94 €","3,88 €/Kg"
Ração para gato adulto de interior,Friskies,Embalagem de 3 kg,"12,99 €","4,33 €/Kg"
Contentor para água dobrável,Camp Active,Cap.: 10 L,"8,99 €","8,99 €/Unidade"
Gogo SqueeZ Snack Pêssego,Gogo,Embalagem de 90g,"2,29 €","6,94 €/L"
Bolacha de manteiga belga original,Saborosa,Embalagem de 220g,"1,69 €","6,76 €/Kg"
Barras de cereais de maçã,Chabrior,Embalagem de 130g,"1,06 €","8,15 €/Kg"
20 saquetas chá de baunilha c/ caramelo,Lipton,Embalagem de 40g,"58,44 €/Kg","58,44 €/Kg"
Danacol morango,Danone,Embalagem de 6 x 100 g,"4,15 €/Kg","4,15 €/Kg"
Desodorizante roll-on Invisible,Rexona,Embalagem de 50ml,"1,39 €","6,95 €/L"
Ambientador tealights frutos vermelhos,PorSi,embalagem com 18 unidades,"4,99 €","4,99 €/Unidade"
"Coloração permanente, castanho dourado, nº43",Nutrisse,1 unidade,"9,49 €/Unidade","9,49 €/Unidade"
Infusão tília,Cemporcent,Embalagem de 10 unidades,"0,99 €","76,15 €/Kg"
Cereais corn flakes s/ glúten chocolate,Nestle,Embalagem de 380g,"2,99 €","7,97 €/Kg"
Gelatina melancia 10kcal 31g,Royal,Embalagem de 30g,"0,55 €","61,11 €/Kg"
Vinho maduro tinto doc alentejo reserva,Albarrada,Garrafa de 75 cl,"2,89 €","3,85 €/L"
Sombrinhas decorativas,PorSi,Embalagem com 25 unidades,"0,59 €","0,59 €/Unidade"
Naperon redondo 35 cm,PorSi,Embalagem com 6 unidades,"1,29 €","1,29 €/Unidade"
Alimento seco p/ cão sénior,HappyOne,Embalagem de 4 kg,"22,99 €","1,15 €/Kg"
Arroz extra longo branco,Oriente,Embalagem de 1kg,"0,99 €","0,99 €/Kg"
Tomate Cacho,Legumes do Dia,1 un = 200 gr (aprox.),"0,56 €","2,79 €/Kg"
Azeite Subtil,Gallo,Garrafa de 750 ml,"3,19 €","4,25 €/L"
Feijão preto cozido,PorSi,Embalagem de 820g,"1,79 €","2,29 €/Kg"
Sumo 100% pêssego e uva,PorSi,Pack 3 x 200 ml,"1,09 €","0,73 €/L"
Mimos de pescada do cabo,Pescanova,Embalagem de 360g,"4,39 €","10,98 €/Kg"
Abrasivo sanitário gel marinho,PorSi,embalagem de 1 litro,"0,99 €","0,99 €/L"
Manteiga com sal e sem lactose,Mimosa,Embalagem de 250g,"1,69 €","6,76 €/Kg"
"Limpa vidros cristal, pistola",PorSi,Embalagem de 1 l,"3,19 €","6,38 €/L"
Sobremesa paturette baunilha,Páturages,Embalagem de 4 x 115 g,"1,19 €","2,59 €/Kg"
Chá verde matcha e ginger,Lipton,Embalagem com 20 saquetas,"58,44 €/Kg","58,44 €/Kg"
Resguardo para mesa,PorSi,Dim.: 140 x 200 cm,"1,89 €","1,89 €/Unidade"
Soja grossa,Cemporcent,Embalagem de 400g,"2,09 €","8,36 €/Kg"
Sabao rosa e branco,PorSi,Embalagem de 400g,"1,09 €","2,73 €/Kg"
Creme Depilatório Duche Men Peles Normais,Veet,Embalagem com 150 ml,"10,99 €","73,27 €/L"
Tampão proteção de confiança,O.B.,1 Embalagem c/32 unidades,"1,39 €","1,39 €/Unidade"
Leite uht sem lactose magro,PorSi Viva Bem,1 litro,"2,19 €","2,19 €/L"
Brandy,Croft,Garrafa de 1 l,"11,99 €","17,13 €/L"
Agar agar gelificante em saquetas,Cemporcent,Embalagem de 8g,"5,99 €","19,97 €/Kg"
Tira gorduras pistola,Mistolin,Garrafa de 550 ml,"4,89 €","6,52 €/L"
Espumante tinto bruto,Alianca,Garrafa de 750 ml,"6,99 €","9,32 €/L"
Cabeça Maruca,Peixe Congelado,,"3,99 €/Kg","3,99 €/Kg"
Bicicleta,T-Rex,"roda 12""","114,99 €/Unidade","114,99 €/Unidade"
Iogurte liquido proteína yopro baunilha/cookies,Yopro,300 g,"5,97 €/Kg","5,97 €/Kg"
Vinagre de vinho tinto,PorSi,Garrafa de 500 ml,"0,35 €","0,70 €/L"
Leite com chocolate light,Ucal,Embalagem de 6 x 250 ml,"0,49 €","2,45 €/L"
"Cera cabelo, paste signature",Axe,Embalagem de 75 ml,"4,99 €","24,95 €/L"
"Esquadro, 21 cm 60.",Domédia,1 unidade,"4,69 €","4,69 €/Unidade"
Cocktail de marisco,PorSi,Embalagem de 400 g,"2,19 €","8,59 €/Kg"
Lombo s/ Osso,Porco,Vendido ao peso a partir de 1 kg,"4,89 €","4,89 €/Kg"
Prato com naperon 30cm,PorSi,1 unidade,"0,99 €","0,99 €/Unidade"
Pães de leite,s. tomé,Embalagem de 300 g,"2,59 €","7,40 €/Kg"
Milho partido,Rac.zezere,Embalagem de 5 kg,"4,09 €","0,82 €/Kg"
Gel de banho bio kids,Corine de Farme,300 ml,"4,39 €","21,95 €/L"
Vinho tinto bag-in-box,Capataz,Embalagem de 5 l,"5,19 €","1,04 €/L"
Chocolate negro 70% cacau bio,Cemporcent,Embalagem de 100g,"2,29 €","22,90 €/Kg"
Arroz carolino malandrinho,Malandrinh,Embalagem de 1 kg,"0,99 €","0,99 €/Kg"
"Vela em número, nº 8",PorSi,1 unidade,"0,60 €","0,60 €/Unidade"
Fralda cueca T4 - 8 a 14 kg,PorSi,22 unidades,"8,99 €","8,99 €/Unidade"
Detergente Máquina Roupa Liquido Bebé,Skip,25 doses,"9,99 €","9,99 €/Unidade"
Rolo de Cozinha Branco Eco Compacto,PorSi,2 = 6 Rolos,"1,09 €","1,09 €/Unidade"
Queijo de ovelha curado amanteigado,PorSi Select,250 g,"6,99 €","13,98 €/Kg"
"Postas pescada nº3, para fritar",PorSi,Embalagem de 600 g,"4,39 €","10,98 €/Kg"
Pratos para pic nic 19 cm verdes,PorSi,Embalagem com 6 unidades,"8,99 €","8,99 €/Unidade"
"Pimenta preta, moída, em frasco",PorSi,Embalagem de 43 g,"0,25 €","0,25 €/Kg"
Refresco pó laranja,PorSi,Embalagem de 40g,"0,75 €","18,75 €/Kg"
Leite condensado cozido,Nestle,Embalagem de 400g,"1,09 €","2,75 €/Kg"
Algodão zig zag pré-cortado,PorSi,Embalagem de 50 g,"0,59 €","1,18 €/L"
"Caramelos de fruta rainbow, tripack",Mentos,Embalagem de 110g,"1,10 €","4,40 €/Kg"
Liégeois Sobremesa de chocolate,Páturages,Embalagem de 4x100 g,"1,19 €","2,59 €/Kg"
Twins,Gullon,pack 2 x 154 g,"1,45 €","11,15 €/Kg"
Milho inteiro,Rac.zezere,Embalagem de 5 kg,"4,09 €","0,82 €/Kg"
Moscatel do douro,Favilla,Garrafa de 750 ml,"5,99 €","7,99 €/L"
Elixir Bocal Complete,Oral B,Embalagem de 500 ml,"5,99 €","11,98 €/L"
Pães de leite redondos,s. tomé,Embalagem de 300 g,"2,59 €","7,40 €/Kg"
Vinho regional tejo 3 castas tinto,Fiuza,Garrafa de 750 ml,"4,99 €","6,65 €/L"
Bebida energética a-zero,Monster,Garrafa de 500 ml,"1,60 €","3,20 €/L"
Farinha de soja,Cemporcent,Embalagem de 500g,"2,09 €","8,36 €/Kg"
Tremoço médio,PorSi,Embalagem de 350 g,"1,79 €","2,29 €/Kg"
Creme calçado preto bisnaga,Búfalo,50 ml,"0,99 €","19,80 €/L"
Banda térmica alivio dor muscular 29x9cm,PorSi,Embalagem de 2 unidades,"0,59 €","1,18 €/L"
Gelatina mirtilo 10kcal 31g,Royal,Embalagem de 30g,"0,55 €","61,11 €/Kg"
Queijo flamengo 0% lactose,PorSi Viva Bem,Embalagem de 150 g,"0,99 €","1,98 €/Kg"
Gin London Dry,Gordons,Garrafa de 1 l,"19,79 €","19,79 €/L"
Barrita controlo de peso maçã,Ignoramu,Embalagem de 44g,"1,06 €","8,15 €/Kg"
Vinagre de sidra,Cristal,Garrafa de 500 ml,"0,35 €","0,70 €/L"
Estúdio de costura,Cool Maker,1 unidade,"11,59 €","11,59 €/Unidade"
Tortitas de milho sem sal,PorSi Viva Bem,Embalagem de 130g,"0,79 €","7,90 €/Kg"
Chispe da Perna,Porco,1 un = 800 gr (aprox.),"4,89 €","4,89 €/Kg"
Longa vida morango tu banana coco 8x120,Longa vida,Embalagem de 960g,"1,87 €","1,25 €/Kg"
Robô Cãozinho Dackel,Ycoo,1 unidade,"11,59 €","11,59 €/Unidade"
Creme de cassis,P.dabot,Garrafa de 700 ml,"7,49 €","10,70 €/L"
Camisola segunda pele 30D branco t. único,PorSi,1 unidade,"8,99 €","8,99 €/Unidade"
Néctar clássico tutti-frutti,Compal,Embalagem de 1 l,"0,99 €","0,99 €/L"
Gel de Duche Creme Care,Nivea,Embalagem de 750 ml,"6,99 €","9,32 €/L"
Espresso café arábica,PorSi,250 ml,"3,19 €","25,52 €/Kg"
Vinho branco,Enc.bairro,Bag-in-box de 5L,"5,19 €","1,04 €/L"
Porto tawny valadão,Valadao,Garrafa de 750 ml,"24,99 €","33,32 €/L"
Elixir bocal total care,Listerine,Embalagem de 500 ml,"5,99 €","11,98 €/L"
Café torrado moído masaka,Sical,Embalagem de 220g,"9,16 €/Kg","9,16 €/Kg"
Batatas fritas lisas originais,Lay's,Embalagem de 282g,"1,06 €","5,73 €/Kg"
Mopa Maxi XXL + 8 Panos,Swiffer,1 unidade,"0,89 €","0,89 €/Unidade"
Cocktail mix,PorSi,720 g,"1,79 €","7,16 €/Kg"
Loção corporal,Nivea,Embalagem de 400 ml,"12,48 €/L","12,48 €/L"
Vela com número nº 3,PorSi,1 unidade,"0,60 €","0,60 €/Unidade"
Barra s.k frutos vermelhos,Kellogg's,Embalagem de 130g,"1,06 €","8,15 €/Kg"
Cola de Contacto Transparente,Pattex,Embalagem de 50 g,"2,59 €","86,33 €/Kg"
Alimento húmido para cão borrego,Pedigree,Embalagem de 300g,"0,75 €","2,50 €/Kg"
Saqueta de puré de fruta | maçã + pêssego + banana +...,PorSi,90 g,"0,74 €","8,22 €/Kg"
Chá Aromatizado Pirâmide Mel/Limão/Ginseng,PorSi,20 x 2 g,"44,50 €/Kg","44,50 €/Kg"
10 Hambúrgueres de porco,PorSi,Embalagem de 600g,"2,79 €","8,72 €/Kg"
Manhãzitos® mini,Manhazitos,Embalagem de 84g,"2,05 €","5,13 €/Kg"
"Spray depilatório, peles sensiveis",Veet,Garrafa de 150 ml,"10,99 €","73,27 €/L"
Bolachas com cobertura de chocolate de leite,Oreo,Embalagem de 250g,"0,79 €","4,49 €/Kg"
Perna com Costa,Frango,1 un. = 300 g (aprox.),"1,05 €","2,99 €/Kg"
Batido de baunilha,Forma+,Embalagem de 700g,"1,99 €","45,23 €/Kg"
Vela em número nº4,PorSi,1 unidade,"0,60 €","0,60 €/Unidade"
Aroma de baunilha,Rayners,Garrafa de 28 ml,"1,89 €","17,18 €/Kg"
Chourição fatiado,PorSi,Embalagem de 200g,"1,75 €","8,75 €/Kg"
"Forma papel para bolos, 8. 4cm",PorSi,Embalagem com 60 unidades,"0,99 €","0,99 €/Unidade"
Néctar light de manga/laranja,Compal,Pack 3 x 200 ml,"0,84 €","2,55 €/L"
Choco limpo ind vc 0.32kg-brasmar,Brasmar,Embalagem de 320g,"5,49 €","6,86 €/Kg"
Limpa carpetes,PorSi,Embalagem de 1 litro,"1,79 €","2,39 €/L"
Gengibre,Legumes do Dia,1 un = 100 gr (aprox.),"0,49 €","4,85 €/Kg"
Sangria tinta,PorSi,Garrafa de 1.5 litros,"2,39 €","1,59 €/L"
Noodle banzai galinha,Cigala,Embalagem de 70g,"0,89 €","1,78 €/Kg"
Arroz agulha América do Sul,PorSi,Embalagem de 1 kg,"0,99 €","0,99 €/Kg"
Chouriço corrente,PorSi,Embalagem de 200 g,"1,00 €","5,00 €/Kg"
Creme de Mãos Intensivo,Nivea,Embalagem de 100 ml,"1,03 €","10,30 €/L"
Água com gás sabor a tangerina,Frize,"Pack 4x 0,25l","2,85 €","2,85 €/L"
Bolachas mini chips ahoy,Ca!,Embalagem de 160g,"0,90 €","6,00 €/Kg"
Peito de frango fatias finas,Nobre,Embalagem de 110g,"2,25 €","11,25 €/Kg"
Topping de morango,Winsenia,Embalagem de 300g,"1,29 €","3,23 €/Kg"
After shave bálsamo sensitive,Labell Men,Embalagem de 100 ml,"1,16 €","4,64 €/L"
Spray renova camurça castanha,PorSi,Embalagem de 200 ml,"6,19 €","24,76 €/L"
Cerveja sagres,Sagres,20 x 0.25 l,"1,99 €/L","1,99 €/L"
Faca Pão 20 cm Inox,PorSi,1 unidade,"16,99 €","16,99 €/Unidade"
Xaile com botões,Today,Dim.: 75 x 150 cm,"8,99 €","8,99 €/Unidade"
Whisky Irish + copo,Bushmills,Garrafa de 700 ml,"23,99 €","34,27 €/L"
Lava Tudo Amoniacal,Sonasol,4 litros,"0,99 €","0,50 €/L"
Chá preto,Tetley,Embalagem de 30g,"41,67 €/Kg","41,67 €/Kg"
Elixir Bocal ProExpert Proteção Profunda,Oral B,Embalagem de 500 ml,"5,99 €","11,98 €/L"
Não Mais Pregos Forte e Rápido,Pattex,Embalagem de 150 g,"2,59 €","86,33 €/Kg"
Fada unicórnio,Steffi Love,1 unidade,"11,59 €","11,59 €/Unidade"
Amaciador para cabelos pintados,Labell,Embalagem de 200 ml,"1,00 €","5,00 €/L"
Ice tea limão,Lipton,Embalagem de 1L,"1,14 €","0,76 €/L"
Frango Inteiro,Frango,1 un=2 Kg (aprox.),"1,05 €","2,99 €/Kg"
Creme p/ Calçado Castanho,Búfalo,Embalagem de 40 ml,"0,99 €","19,80 €/L"
20 saquetas chá yellow label,Lipton,Embalagem de 30g,"58,44 €/Kg","58,44 €/Kg"
Insecticida Casa e Plantas,Raid,400 ml,"5,49 €","13,73 €/L"
Empadão de carne,PorSi,Embalagem de 1 kg,"3,53 €","8,83 €/Kg"
Mel em frasco de vidro,PorSi,Embalagem de 250g,"4,89 €","9,78 €/Kg"
Alimento seco p/ cão alta energia c/ frango,HappyOne,Embalagem de 4 kg,"22,99 €","1,15 €/Kg"
Vinho do Porto Vintage Quinta do Bonfim,Dow's,"Garrafa de 0,75L c/ Caixa de Madeira","24,99 €","33,32 €/L"
Creme para calçado castanho,PorSi,50 ml,"0,99 €","19,80 €/L"
28 mini bolinhas bacalhau,PorSi,Embalagem de 300 g,"1,79 €","7,16 €/Kg"
Tablete de chocolate de leite,Nestle,Embalagem de 90g,"0,53 €","5,30 €/Kg"
Halls Mini Mints Melancia,Halls,12.5 g,"1,00 €","5,00 €/Kg"
Café solúvel crema,Nescafe,Embalagem de 200g,"1,45 €","14,50 €/Kg"
Pernil,Porco,1 un = 1 kg (aprox.),"4,89 €","4,89 €/Kg"
Água s/ gás limão,Luso,Garrafa de 1 l,"1,04 €","0,17 €/L"
Refrigerante C/ Gás Zero,Coca-Cola,Garrafa de 1 l,"0,79 €","0,40 €/L"
Irish whiskey original,Bushmills,Garrafa de 700 ml,"11,49 €","16,41 €/L"
Iogurte aroma 0% tutti fruti/coco,Longa vida,Embalagem de 6 x 120 g,"0,99 €","1,32 €/Kg"
Maria diet nature,Gullón,Embalagem de 400 g,"1,45 €","11,15 €/Kg"
Shampo repelente p/ cão,Repul' 7,Garrafa de 200 ml,"11,98 €","59,90 €/L"
Café gold alta rica frasco,Nescafe,Embalagem de 100 g,"1,45 €","14,50 €/Kg"
Bife do Pojadouro,Novilho,Vendido ao peso a partir de 800 g,"11,96 €","14,95 €/Kg"
Papa infantil láctea banana laranja +6 meses,Cerelac,Embalagem de 250g,"4,49 €","4,49 €/Kg"
Formas de alumínio 600 ml,PorSi,5 unidades,"1,29 €","1,29 €/Unidade"
Pedras limão,P.salgadas,Garrafa de 1 l,"2,85 €","2,85 €/L"
Bolachas marinheiras chia,Cemporcent,Embalagem de 200g,"1,45 €","11,15 €/Kg"
Garagem,Écoiffier,Andares + camião,"49,99 €/Unidade","49,99 €/Unidade"
Iogurte pedaços morango,PorSi,Embalagem de 4x125g,"4,36 €","2,18 €/Kg"
Arroz estufado,Caçarola,Embalagem de 1 kg,"0,99 €","0,99 €/Kg"
Gressinos com azeite,PorSi,Embalagem de 250g,"2,39 €","6,83 €/Kg"
Protetor de cantos,Pommette,embalagem com 4 unidades,"1,99 €","1,99 €/Unidade"
Pêssego em calda metades,PorSi,Lata com 840 g,"1,99 €","2,37 €/Kg"
Clinica Veterinária,Barbie,,"11,59 €","11,59 €/Unidade"
"Argolas, brancas, autocolante, 160 unidades, 13 mm",Domédia,1 embalagem,"2,19 €","109,50 €/L"
Arroz integral,PorSi Viva Bem,Embalagem de 1 kg,"1,94 €","3,88 €/Kg"
Hipopótamo bailarina,Clementoni,1 unidade,"11,59 €","11,59 €/Unidade"
2 filetes de dourada,Iglo,Embalagem de 200g,"1,79 €","7,16 €/Kg"
Bebida aveia,Alpro,Embalagem de 1 litro,"2,49 €","2,49 €/L"
Coxinhas de frango,PorSi,Embalagem de 360g,"9,30 €/Kg","9,30 €/Kg"
"Inseticida recarga, elétrico, 45 noites",Raid,1 unidade,"10,49 €","17,48 €/L"
Cafe rossio m.unica 250g,Nicola,Embalagem de 250g,"9,76 €/Kg","9,76 €/Kg"
The famous grouse ruby cask 700ml/1,F.grouse,Garrafa de 700 ml,"11,49 €","16,41 €/L"
Vinho doc dão tinto,Santar,Garrafa de 0.75 l,"3,99 €","5,32 €/L"
Alimento seco para gato Júnior,Whiskas,Embalagem de 950 g,"12,99 €","4,33 €/Kg"
Sal Himalaias Grosso,Origens Bio,1 Embalagem 500G,"0,25 €","0,25 €/Kg"
Ambientador gel floral,PorSi,150 g,"3,49 €","3,49 €/Unidade"
Esfregão Esponja Style,Vileda,10 unidade,"0,79 €","0,79 €/Unidade"
Biscoito para cão strips,Purina One,Embalagem de 90g,"0,94 €","5,22 €/Kg"
Gomas brilho,PorSi,Embalagem de 300 g,"1,19 €","3,97 €/Kg"
Queijo para barrar light,PorSi Viva Bem,Embalagem de 200g,"2,39 €","19,92 €/Kg"
Choco Pequeno,Peixe Congelado,1 un= 200 gr (aprox.),"3,99 €/Kg","3,99 €/Kg"
6 cheeseburgers,PorSi,Embalagem de 750g,"2,79 €","8,72 €/Kg"
Bolo Rei Alongado C/ Ananás,PorSi,750 g,"7,99 €","10,65 €/Kg"
Moscatel de Setúbal Reserva,Selecção de Enófilos,Garrafa de 0.75 l,"5,99 €","7,99 €/L"
Farinha de milho integral,Cemporcent,Embalagem de 500g,"2,29 €","11,45 €/Kg"
Queijo curado pequeno,Casteloes,Embalagem de 500g,"0,82 €","23,43 €/Kg"
10 nuggets de frango com cereais integrais,Capitão Iglo,Embalagem de 208 g,"2,79 €","8,72 €/Kg"
Rebuçados mel e limão,Halls,Embalagem de 32 g,"0,77 €","3,85 €/Kg"
Guardanapos de papel reciclado,PorSi,100 unidades,"0,69 €","0,69 €/Unidade"
Achocolatado em saco,Nesquik,Embalagem de 1 kg,"5,39 €","7,19 €/Kg"
Bolachas,Oreo,Embalagem de 220g,"0,79 €","4,49 €/Kg"
Nestum zero arroz,Nestum,Embalagem de 250 g,"4,49 €","4,49 €/Kg"
"Escova de cabelo, Pontas Nylon Premium",Labell,Uma unidade,"5,99 €","5,99 €/Unidade"
Moscatel de setúbal,Dom Campos,Garrafa de 750 ml,"5,99 €","7,99 €/L"
"Pasta de limpeza com oxigénio activo, 48 unidades",Polident,Uma embalagem,"7,39 €","105,57 €/Kg"
Creme Mãos Hidratante,Labell,Embalagem de 100 ml,"1,03 €","10,30 €/L"
Batata Roxa,Legumes do Dia,embalada - 10kg,"1,29 €/Kg","1,29 €/Kg"
Farinha para bolos super fina,PorSi,Embalagem de 1 kg,"0,85 €","0,85 €/Kg"
Vinho do porto malvasia branco,Rcv,Garrafa de 750 ml,"11,99 €","15,99 €/L"
Edredão microfibra e borreguito branco 160 x 220,VZT,1 un.,"29,99 €","29,99 €/Unidade"
Canja de galinha económica,Knorr,Embalagem de 60g,"0,84 €","13,55 €/Kg"
Sementes de chia,Cemporcent,Embalagem de 150G,"1,39 €","9,27 €/Kg"
Rolls 6 unidades,Bimbo,Embalagem de 340g,"0,89 €","1,78 €/Kg"
Batata frita de presunto,PorSi,Embalagem de 185 g,"1,19 €","6,43 €/Kg"
Batata frita ondulada wavy,PorSi,Embalagem de 185 g,"1,06 €","5,73 €/Kg"
Dentifríco p/ Dentes de Leite,Aquafresh,Embalagem de 50 ml,"0,99 €","0,99 €/Unidade"
"Máquina Tripla Matrix, + 5 unidades",Labell Men,Uma embalagem,"1,16 €","4,64 €/L"
Spray limpeza casa de banho,Cillitbang,Embalagem de 500 ml,"1,79 €","2,39 €/L"
Set e Bolsa Médico,Peppa Pig,,"11,59 €","11,59 €/Unidade"
Tira Nódoas Diárias,Iberia,Embalagem de 200 ml,"3,99 €","5,70 €/L"
"Detergente manual de loiça, ultra limão",PorSi,Embalagem de 500 ml,"0,99 €","1,98 €/L"
Rebuçados fruta,PorSi,Embalagem de 250g,"1,00 €","5,00 €/Kg"
Paté de sardinha,PorSi,Embalagem de 4 x 22 g,"1,19 €","13,52 €/Kg"
Alimento húmido cão gelatina júnior,Pedigree,Embalagem de 400g,"0,75 €","2,50 €/Kg"
Arroz agulha,B.sucesso,Embalagem de 1 kg,"0,99 €","0,99 €/Kg"
Vinho branco península de setúbal,Pioneiro,Garrafa de 0.75 l,"2,99 €","3,99 €/L"
Cem porcento-chá infusão sem barriga,Cemporcent,Embalagem de 13g,"58,44 €/Kg","58,44 €/Kg"
Fralda de Incontinência c/ Elásticos Tamanho Grande,Lindor,Embalagem de 46 un.,"9,99 €","9,99 €/Unidade"
Massa macarronete riscado,Milaneza,Embalagem de 500g,"0,89 €","1,78 €/Kg"
8 rissóis de carne,PorSi,Embalagem de 300g,"1,79 €","7,16 €/Kg"
Refrigerante c/ gás laranja,Sumol,pack 4 x 1.25 l,"0,79 €","0,40 €/L"
Bolachinhas,Cerelac,Embalagem de 180g,"1,89 €","15,75 €/Kg"
Óleo alimentar,Fula,Embalagem 1L,"3,39 €","3,39 €/L"
Mochila 3 Fechos Flower + Etnic,Ambar,1 unidade,"19,90 €","19,90 €/Unidade"
Pai Natal de Chocolate,PorSi,Embalagem de 125 g,"3,29 €","20,56 €/Kg"
Mão de vaca com grão,Nobre,Embalagem de 420 g,"2,35 €","5,60 €/Kg"
Caçarola Alumínio Anti-Aderente 26Cm,PorSi,1 unidade,"9,99 €","9,99 €/Unidade"
Vinho tinto regional alentejano,Galitos,Garrafa de 3 l,"9,49 €","1,90 €/L"
Pista Dragstrip Champion,Hot Wheels,1 embalagem,"11,59 €","11,59 €/Unidade"
Ovos | Classe: L,Ovitae,24 unidades,"1,39 €","1,39 €/Unidade"
Lenços de bolso 6x10 - 3 folhas,PorSi,1 embalagem com 6 unidades,"1,64 €","1,64 €/Unidade"
Ice tea pessêgo,Lipton,pack 6 x 0.25 l,"1,14 €","0,76 €/L"
"Bolachas, cobertura com chocolate branco",Oreo,Embalagem de 250g,"0,79 €","5,27 €/Kg"
Creme vegetal culinário,Vaqueiro,Embalagem de 250 g,"1,75 €","3,50 €/Kg"
Champô oil nutritive,Gliss,Embalagem de 250 ml,"5,59 €","22,36 €/L"
Manteiga de amendoim crocante,Prozis,Embalagem de 500g,"5,99 €","19,97 €/Kg"
Collant licra 15d preto l,PorSi,Embalagem de 1 unidades,"1,89 €","1,89 €/Unidade"
Iogurte líquido yoggi banana,Nestle,Embalagem de 4 x 160 g,"1,17 €","1,83 €/Kg"
Saqueta de puré de fruta | maçã + banana,PorSi,90 g,"0,74 €","8,22 €/Kg"
Vinho regional alentejano reserva tinto,Encosta das Perdizes,Garrafa de 0.75 l,"2,89 €","3,85 €/L"
Mochila 42 cm + Estojo,Lightning Bolt,1 un.,"19,90 €","19,90 €/Unidade"
Lixivia perfume fresco,Neoblanc,Embalagem de 2 l,"2,59 €","1,30 €/L"
Canhão confettis ouro,Party Products,100 cm,"0,59 €","0,59 €/Unidade"
"Cerveja sem álcool, tara perdida",Super Bock,Pack 6 X 0.33 L,"5,99 €","3,03 €/L"
Sobremesa Paturette Chocolate,Páturages,Embalagem de 4x115g,"1,19 €","2,59 €/Kg"
Chocolate culinário,Pantagruel,Embalagem de 200g,"1,04 €","8,32 €/Kg"
Escova de dentes max white média,Colgate,1 + 1 unidades,"3,49 €","3,49 €/Unidade"
"Cerveja com álcool, tara perdida",Kings Bräu,pack 24 x 0.25 l,"1,99 €/L","1,99 €/L"
Eau de Toilette Senhora Blue Seduction,António Banderas,Embalagem de 200ML,"24,99 €","124,95 €/L"
Creme Depilatório Peles Normais,Veet,Embalagem de 200 ml,"12,99 €","12,99 €/Unidade"
Sementes de abóbora,Cemporcent,Embalagem de 150g,"2,29 €","11,45 €/Kg"
Infusão camomila,Cemporcent,Embalagem de 10 unidades,"0,99 €","76,15 €/Kg"
Marmelada,Ferbar,Embalagem de 400g,"1,09 €","2,42 €/Kg"
Grão de bico,PorSi,Embalagem de 420g,"1,79 €","2,29 €/Kg"
Preparado para arroz de marisco,Brasmar,Embalagem de 450 g,"1,79 €","7,16 €/Kg"
Queijo gouda fatias,PorSi,Embalagem de 200 g,"1,56 €","7,80 €/Kg"
Café solúvel intenso,Delta,Embalagem de 100g,"1,45 €","14,50 €/Kg"
Nestum flocos de cereais integrais,Nestum,Embalagem de 250g,"2,99 €","3,99 €/Kg"
Cobertura tábua de engomar,Petex,Dim.: 120 x 40 cm,"16,50 €","16,50 €/Unidade"
30 comprimidos super ginseng,PLANTANATU,Embalagem de 1 unidades,"7,59 €","126,50 €/Kg"
Desinfetante de frutas e vegetais,Clean Essence,500 ml,"0,87 €","3,49 €/Kg"
Queijo mini light,Babybel,Embalagem de 12 x 20 g,"2,39 €","19,92 €/Kg"
Nestum chocolate,Nestum,Embalagem de 250g,"2,99 €","3,99 €/Kg"
Guardanapos de 1 folha amarelos | dim.: 30 x 29 cm,PorSi,Embalagem com 70 unidades,"0,69 €","0,69 €/Unidade"
Farinha para pão vitale,Nacional,Embalagem de 1 kg,"0,85 €","0,85 €/Kg"
Arroz de pato,PorSi,Embalagem de 250 g,"2,35 €","5,60 €/Kg"
Molho de alho,Calve,Embalagem de 260g,"0,70 €","2,33 €/Kg"
Máscara Exfoliante Vermelha,L' Oreal,Embalagem de 50 ml,"0,76 €","0,76 €/Unidade"
Fralda de Incontinência c/ Elásticos Tamanho Médio,Lindor,Embalagem de 52 un.,"9,99 €","9,99 €/Unidade"
Tartaruga,Little Live Pets,1 unidade,"11,59 €","11,59 €/Unidade"
Cerveja com álcool,Sagres,Lata de 500ml,"1,99 €/L","1,99 €/L"
Elixir bocal para crianças,Listerine,Embalagem de 500 ml,"5,99 €","11,98 €/L"
Alho laminado/louro cortado,PorSi,Embalagem de 65g,"2,35 €","36,15 €/Kg"
Uva Branca,Fruta do Dia,1 un = 250 gr  (aprox.),"6,23 €","2,49 €/Kg"
"Azeite clássico, virgem extra",Oliveira da Serra,Garrafa de 2 l,"3,19 €","4,25 €/L"
Pastilhas descafeinado,Delta,Embalagem de 110g,"59,82 €/Kg","59,82 €/Kg"
"Leite bem essencial, morango",Mimosa,Embalagem de 200 ml,"1,99 €","2,49 €/L"
Vinho maduro tinto doc alentejano,P.ravessa,Garrafa de 750 ml,"2,89 €","3,85 €/L"
Nuggets de frango,PorSi,Embalagem de 360 g,"9,30 €/Kg","9,30 €/Kg"
Bolos cake e chococolate,Milka,Embalagem de 180g,"2,15 €","2,87 €/Kg"
Tablete de chocolate extra fina leite/avelã,Nestle,Embalagem de 120g,"0,65 €","6,50 €/Kg"
Miúdos,Frango,1 un = 250 gr  (aprox.),"0,60 €","5,99 €/Kg"
Arroz de pato,PorSi,Embalagem de 400g,"3,53 €","8,83 €/Kg"
Batata pré-frita tradition,MCCAIN,Embalagem de 1 kg,"1,39 €","1,39 €/Kg"
"Sabonete sólido, mel",Feno,Embalagem de 360g,"4,49 €","12,47 €/Kg"
Tomate em pedaços,PorSi,Embalagem de 390g,"1,79 €","2,29 €/Kg"
Café com cafeina solúvel,Delta,Embalagem de 20g,"1,45 €","14,50 €/Kg"
Café 5 estrelas moído tradição,Sical,Embalagem de 250g,"9,76 €/Kg","9,76 €/Kg"
Liquido brilhante sapato preto,PorSi,75 ml,"0,99 €","330,00 €/Kg"
Petit gâteau chocolate negro belga,PorSi,Embalagem com 4 unidades,"2,99 €","5,54 €/Kg"
Boneca em Scooter,Evi Love,1 unidade,"11,59 €","11,59 €/Unidade"
Capacete Unicórnio Criança,*,1 un.,"14,99 €","14,99 €/Unidade"
Bolachas digestive aveia e laranja,Gullon,Embalagem de 430g,"1,19 €","5,95 €/Kg"
Whiskey Bourbon Gentleman Jack,Jack Daniel's,"Garrafa de 0,70L c/ Oferta 1 Copo","23,99 €","34,27 €/L"
Pão de leite 8 un.,Bimbo,Embalagem de 280g,"2,59 €","7,40 €/Kg"
Rebuçados drops recheio de fruta,PorSi,Embalagem de 250g,"1,00 €","5,00 €/Kg"
Espumosos tinto bruto attitude,Fita azul,Garrafa 0.75L,"3,99 €","5,32 €/L"
4 filetes de pescada panados c/ limão,Pescanova,Embalagem de 400g,"9,30 €/Kg","9,30 €/Kg"
Mousse d´or,Du Bois de la Roche,Embalagem de 200 g,"0,69 €","3,45 €/Kg"
Mistura Asiática,PorSi,400 g,"1,89 €","1,89 €/Kg"
Massa folhada margarina,PorSi,Embalagem de 230 g,"0,99 €","4,30 €/Kg"
Cabo de metal com rosca,PorSi,1.35 m,"2,20 €","2,20 €/Unidade"
Recarga Ambientador Automático Essential Mist Lavand...,Air Wick,1 un.,"5,99 €","23,96 €/L"
Lay's mediterrâneas originais,Lay's,Embalagem de 220g,"1,06 €","5,73 €/Kg"
O berço que te ajuda,Nenuco,1 unidade,"11,59 €","11,59 €/Unidade"
Pasta de sardinha,Fides,Embalagem de 90g,"1,19 €","13,52 €/Kg"
Bebida energética ripper,Monster,Garrafa de 500 ml,"1,60 €","3,20 €/L"
Pedaços de tamboril,PorSi,Embalagem de 500G,"4,39 €","10,98 €/Kg"
Farinheira do Ribatejo,PorSi,Embalagem de 180g,"1,49 €","7,45 €/Kg"
Fruta para bebé multifrutas +4 meses,Nestle,Embalagem de 90g,"0,74 €","8,22 €/Kg"
Super homem,PLANTANATU,Embalagem de 1 unidades,"7,59 €","126,50 €/Kg"
Lava tudo marinho,Cif,"Garrafa de 1,4 l","0,99 €","0,50 €/L"
Liégeois Sobremesa de Café,Páturages,Embalagem de 4x100 g,"0,55 €","2,75 €/Kg"
"Luvas multiusos relevo antiderrapante, tamanho grand...",PorSi,Embalagem de 1 unidades,"4,29 €","4,29 €/Unidade"
Limpa ferros,Petex,1 unidade,"0,89 €","0,89 €/Unidade"
Pudim de ananás,Boca Doce,Embalagem de 20g,"0,59 €","29,50 €/Kg"
Maionese,PorSi,Embalagem de 260 g,"0,70 €","2,33 €/Kg"
Bolacha recheada mega duo chocolate,Gullon,Embalagem de 500g,"2,15 €","2,87 €/Kg"
"Alimento para cão adulto bio complex, com frango",HappyOne,Embalagem de 4 kg,"22,99 €","1,15 €/Kg"
Vinho tinto,PorSi,embalagem de 1 litro,"0,85 €","0,85 €/L"
Snack para cão adulto com frango,Friskies,Embalagem de 200g,"0,94 €","5,22 €/Kg"
Limpa móveis cera abelhas,PorSi,Frasco de 300ml,"1,39 €","1,26 €/L"
Fermento em po 4x25g,PorSi,Embalagem de 100g,"1,89 €","17,18 €/Kg"
Comida húmida para cão de frango e arroz,PorSi,Lata de 400 g,"0,75 €","2,50 €/Kg"
Alimento húmido para cão vaca,Pedigree,Embalagem de 300g,"0,75 €","2,50 €/Kg"
Bebida amêndoa torrada sem açúcar,Alpro,Embalagem de 1 litro,"2,49 €","2,49 €/L"
Café em cápsulas dolce gusto ardenza,Nescafe,Embalagem de 110g,"59,82 €/Kg","59,82 €/Kg"
Spray Casa Banho Anti Fungos,Pattex,Embalagem 500ML,"1,79 €","2,39 €/L"
Manteiga de alho,Mimosa,Embalagem de 200g,"1,69 €","6,76 €/Kg"
Vela mágica pack de 10 unidades,PorSi,Uma embalagem,"0,60 €","0,60 €/Unidade"
"Cereais crusts, amêndoas e mel",PorSi,Embalagem de 380g,"2,29 €","6,11 €/Kg"
"Cla ultra l-carnitina + chá verde, 30caps",PLANTANATU,Embalagem de 1 unidades,"7,59 €","126,50 €/Kg"
Manteiga com sal,Novacores,Embalagem de 250g,"1,69 €","6,76 €/Kg"
Queijo de vaca curado amanteigado,PorSi,+/- 550 g,"6,99 €","13,98 €/Kg"
Caldeirada de peixe ultracongelada,Brasmar,Embalagem de 700g,"1,79 €","7,16 €/Kg"
Bolacha waffer cacau,Waferland,Embalagem de 175g,"0,98 €","4,67 €/Kg"
Pepino,Legumes do Dia,1 un = 300 gr  (aprox.),"1,47 €","4,89 €/Kg"
Ovos de Galinhas Criadas ao Ar Livre,PorSi,6 ovos frescos,"1,39 €","1,39 €/Unidade"
Vinagre balsâmico,PorSi,Embalagem de 250 ml,"0,35 €","0,70 €/L"
"Anti-calcário em pó, máquina roupa",PorSi,Embalagem de 800g,"3,99 €","5,70 €/L"
Detergente manual roupa,PorSi,Embalagem de 650g,"1,09 €","2,73 €/Kg"
Lombinhos,Porco,1 un=500 gr aprox.,"4,89 €","4,89 €/Kg"
Queijo creme de ervas finas,Philadelph,Embalagem de 150g,"2,05 €","16,40 €/Kg"
"Refresco em pó, manga",PorSi,Embalagem de 40g,"0,75 €","18,75 €/Kg"
Forma Pão de Ló Antiaderente 28cm,PorSi,1 unidade,"9,99 €","9,99 €/Unidade"
Volante de Actividades,Baby Clementoni,unidade,"34,99 €/Unidade","34,99 €/Unidade"
Bolachas com duplo creme,Oreo,Embalagem de 190g,"0,79 €","4,49 €/Kg"
Ice tea de manga,Lipton,Garrafa de 2 l,"1,14 €","0,76 €/L"
Mamão,Fruta do Dia,"1 un = 1,5 kg (aprox.)","2,29 €/Kg","2,29 €/Kg"
"Batata frita, queijo e ervas",PorSi,Embalagem de 190g,"1,19 €","6,43 €/Kg"
Farinha para bolos fina,Branca de Neve,Embalagem de 1 kg,"0,85 €","0,85 €/Kg"
Shampo automóvel laranja,PorSi,Embalagem de 5 l,"3,99 €","0,80 €/L"
Jarro graduado,PorSi,Embalagem de 1 unidades,"0,99 €","0,99 €/Unidade"
Ice tea de limão,PorSi,"Embalagem de 6x0,20 l","1,14 €","0,76 €/L"
Papel Fotocópia A4 |80g,Navigator,,"2,19 €","109,50 €/L"
Chá verde menta,PorSi,Embalagem de 43.7 g,"0,99 €","23,02 €/Kg"
Patê com pimenta rosa,Prisca,Embalagem de 90g,"1,19 €","13,52 €/Kg"
My Fuzzy Friends com Luz e Som,Little Live Pets,1 unidade,"11,59 €","11,59 €/Unidade"
Porto lágrima,Ferreira,Garrafa 0.75L,"11,99 €","15,99 €/L"
Leite de pastagem magro,Terra Nostra,Embalagem de 1 litro,"0,81 €","0,81 €/L"
Manteiga sem sal,Mimosa,Embalagem de 250g,"1,69 €","6,76 €/Kg"
Abrasivo sanitário gel pinho,PorSi,embalagem de 1 litro,"0,99 €","0,99 €/L"
Pepperoni Rodelas,Porminho,Embalagem 2 x 75 g,"3,35 €","22,33 €/Kg"
Azeite virgem extra clássico,Gallo,Garrafa de 750 ml,"3,19 €","4,25 €/L"
Detergente para loiça plus + limão,Super Pop,Embalagem de 1L,"0,99 €","1,98 €/L"
Sumo 100% maçã,PorSi,pack 3 x 200 ml,"1,09 €","0,73 €/L"
Batata pré-frita palitos finos,PorSi,Embalagem de 1 kg,"1,39 €","1,39 €/Kg"
"Fiambre extra, fatias finas",PorSi,Embalagem de 150 g,"1,39 €","6,95 €/Kg"
"Borracha de lápis b20, 2 unidades",Rotring,Uma embalagem,"4,69 €","4,69 €/Unidade"
Bebida de soja sem acucar 1l,Alpro,Embalagem de 1L,"2,49 €","2,49 €/L"
Amendoim com Casca,PorSi,Embalagem de 500g,"0,79 €","3,95 €/Kg"
"Sopa gourmet, cogumelos",Knorr,Embalagem de 60g,"0,84 €","13,55 €/Kg"
Sumo 100% laranja,PorSi,Pack 3 x 200 ml,"1,09 €","0,73 €/L"
Batido diet iogurte e ananás,Forma+s,Embalagem de 700g,"1,99 €","45,23 €/Kg"
Fita adesiva,PorSi,5m x 1.25 cm,"0,59 €","1,18 €/L"
After shave gold,Denim,Embalagem de 100 ml,"1,16 €","4,64 €/L"
Iogurte activia líquido cereais,Danone,Embalagem de 4 x 155 g,"2,49 €","5,19 €/Kg"
Iogurte activia líquido morango,Danone,Embalagem de 4 x 155 g,"2,49 €","5,19 €/Kg"
C surtido cuetara 420gr.              *8,Cuetara,Embalagem de 420g,"10,29 €/Kg","10,29 €/Kg"
Spray wc anticalcário,PorSi,embalagem de 750 ml,"1,79 €","2,39 €/L"
Pastilhas gum strawberry,Bubbaloo,Embalagem de 38g,"0,60 €","15,79 €/Kg"
Borracha para desenho técnico,Domédia,1 unidade,"4,69 €","4,69 €/Unidade"
"Queijo curado, amanteigado",Paiva,Embalagem de 550g,"6,99 €","13,98 €/Kg"
Café moagem universal brasil,Delta,Embalagem de 220g,"9,16 €/Kg","9,16 €/Kg"
Canela em pau,PorSi,Saqueta de 30 g,"0,25 €","0,25 €/Kg"
Caçarola Alumínio Anti-Aderente 24Cm,PorSi,1 unidade,"9,99 €","9,99 €/Unidade"
Preparado de bolo de mármore,PorSi,528 g,"0,45 €","5,00 €/Kg"
Cerveja c/ álcool mini,Super Bock,Pack 15 x 0.20 L,"1,99 €/L","1,99 €/L"
3 Pipetas de Repelente p/ Gato,Repul'7,1 unidade,"1,19 €","0,24 €/Kg"
Massa de cotovelinhos,Nacional,Embalagem de 500g,"0,89 €","1,78 €/Kg"
Queijo de azeitão dop,Santiago,Embalagem de 240g,"6,99 €","29,13 €/Kg"
Gambão 20/30,Marisco Congelado,Vendido a partir de 250 (aprox.),"2,00 €","7,99 €/Kg"
Barras de cereais forma clássica,PorSi,Embalagem de 126g,"1,06 €","8,15 €/Kg"
Bacalhau espiritual,PorSi,Embalagem de 300g,"1,79 €","7,16 €/Kg"
"Cotonetes, 100 unidades",Johnson's Baby,1 embalagem,"4,39 €","21,95 €/L"
10 saquetas infusão de camomila,Lipton,Embalagem de 10g,"0,99 €","76,15 €/Kg"
"Office notes, 100 folhas, 75x75mm",Tesa,1 unidade,"0,89 €","0,89 €/Unidade"
Farinha láctea 5 frutos,PorSi,Embalagem de 500g,"4,49 €","4,49 €/Kg"
Cuecas de incontinência Plus M,Ausonia,Uma embalagem - 9Unidades,"9,99 €","9,99 €/Unidade"
Balde de limpeza duplo,Petex,1 un.,"17,00 €","17,00 €/Unidade"
Sidra frutos vermelhos,Somersby,pack 4 x 0.33 l,"1,59 €","3,18 €/L"
Azeite virgem extra clássico,Gallo,Garrafa de 250 ml,"3,19 €","4,25 €/L"
Tablete chocolate chips ahoy,Milka,Embalagem de 100g,"0,53 €","5,30 €/Kg"
Leite uht meio gordo,PorSi,Embalagem com rosca de 1 l,"0,81 €","0,81 €/L"
Pasta de açúcar bege,PorSi,250 g,"1,49 €","1,49 €/Kg"
Açúcar mascavado,PorSi,Embalagem de 500g,"1,49 €","1,49 €/Kg"
Melão Branco,Fruta do Dia,"Vendido ao peso,1 un= 2.5 kg (aprox.)","6,23 €","2,49 €/Kg"
4 hamburguers frango s/ glúten,Capitão Iglo,Embalagem de 240g,"11,44 €/Kg","11,44 €/Kg"
"Pensos tecido, resistentes à água, 10 unidades",Hansaplast,1 embalagem,"0,59 €","1,18 €/L"
Miolo de camarão 50/70,H2Gelo,Embalagem de 250  g,"8,99 €","25,69 €/Kg"
Batata pré-frita rodelas para saltear,PorSi,Embalagem de 1 kg,"1,39 €","1,39 €/Kg"
Feijão vermelho,Caçarola,Embalagem de 500 g,"0,95 €","1,90 €/Kg"
Limpa Estofos de Pele,PorSi,Embalagem de 1 l,"3,99 €","0,80 €/L"
Autobrilhante Castanho,Búfalo,Embalagem de 50 ml,"0,99 €","330,00 €/Kg"
Whiskey bourbon,J.daniels,Garrafa de 700 ml,"23,99 €","34,27 €/L"
Queijo flamengo ralado,PorSi,Embalagem de 200G,"1,56 €","7,80 €/Kg"
Balde ecologic,Vileda,1 unidade,"17,00 €","17,00 €/Unidade"
8 salsichas bockwurst,PorSi,1 Frasco 720G,"0,75 €","3,75 €/Kg"
"Fita de Embalar Transparente, 50mmx66m",Vito,1 unidade,"2,59 €","86,33 €/Kg"
"Alimento seco para cão, croquetes pro adulto",PorSi Select,Embalagem de 4 Kg,"22,99 €","1,15 €/Kg"
Ketchup,Calve,Embalagem de 280g,"0,70 €","2,33 €/Kg"
Iogurte corpos danone + proteína ananás,Danone,Embalagem de 150g,"5,97 €/Kg","5,97 €/Kg"
Azeite virgem extra dop trás-os-montes,PorSi Select,Embalagem 750 ml,"3,19 €","4,25 €/L"
Gengibre desidratado em cubos,Cemporcent,Embalagem de 100g,"1,94 €","3,88 €/Kg"
"Ração para gato adulto com vaca, frango",Friskies,Embalagem de 4kg,"12,99 €","4,33 €/Kg"
Limpa Móveis,PorSi,Embalagem de 300 ml,"1,39 €","1,26 €/L"
Spray bolor e sujidade,Cillitbang,Garrafa de 500 ml,"1,19 €","0,79 €/L"
"Bolas de algodão, cores, com 100 unidades",PorSi,1 embalagem,"0,59 €","1,18 €/L"
Chuchu,Legumes do Dia,1 un = 250 gr  (aprox.),"0,49 €","4,85 €/Kg"
Marmelada sem conservantes,PorSi,Embalagem de 500g,"1,09 €","2,42 €/Kg"
Infusão de tília,Tetley,Embalagem de 10g,"0,99 €","76,15 €/Kg"
Soquete licra 15d preto t. único,PorSi,2 unidades,"1,89 €","1,89 €/Unidade"
Vinho regional lisboa reserva tinto,Marginal,Garrafa de 0.75 l,"4,99 €","6,65 €/L"
Infusão alcachofra e dente de leão,Cemporcent,Embalagem de 10 unidades,"0,99 €","76,15 €/Kg"
10 Barrinhas salmão panadas sem glúten,Pescanova,300 g,"1,79 €","7,16 €/Kg"
Abacate,Fruta do Dia,1 un. = 300 g (aprox.),"2,29 €/Kg","2,29 €/Kg"
Alimento lácteo cereais e bolachas maria +6 meses,Yogolino,Embalagem de 4 x 100 g,"2,89 €","7,23 €/Kg"
Papel Higiénico Compacto Ultra Suave XXL,Colhogar,12 rolos,"1,99 €","1,99 €/Unidade"
Bolachas waffers morango,PorSi,Embalagem de 210g,"0,98 €","4,67 €/Kg"
Luvas Multi Sensitive Médio/Grande,Vileda,40 unidade,"4,29 €","4,29 €/Unidade"
Tablete de chocolate leite bubbly,Milka,Embalagem de 90g,"0,53 €","5,30 €/Kg"
Mimosa bem especial leite e aveia,Mimosa,Embalagem de 1 litro,"2,19 €","2,19 €/L"
Pensos higiénicos liberty normal sem abas,Evax,Embalagem com 12 un.,"4,99 €","4,99 €/Unidade"
"Comida húmida para cão júnior com frango, cenoura em...",Friskies,Embalagem de 100g,"0,75 €","2,50 €/Kg"
Cerveja c/ álcool,Sagres,pack 15 x 0.33 l,"1,99 €/L","1,99 €/L"
Pão de forma sem côdea 9 cereais,Panrico,Embalagem de 480g,"2,63 €/Kg","2,63 €/Kg"
Pensos resistentes à água,PorSi,Embalagem com 15 unidades,"0,59 €","1,18 €/L"
Vinho maduro branco,Ala dos namorados,Garrafa de 75 cl,"2,12 €/L","2,12 €/L"
Iogurte morango 000%,PorSi Viva Bem,Embalagem de 4 x 125 g,"4,36 €","2,18 €/Kg"
Pasta de açúcar branco,PorSi,250 g,"1,49 €","1,49 €/Kg"
Esferográfica Cor Sortida Média,Mab,Embalagem com 4 un.,"2,49 €","2,49 €/Unidade"
Balde wring & go,Vileda,1 un.,"17,00 €","17,00 €/Unidade"
Vela em número nª2,PorSi,1 unidade,"0,60 €","0,60 €/Unidade"
Pera rocha categoria II Programa Origens,PorSi,Embalagem de 1.5 kg,"1,30 €/Kg","1,30 €/Kg"
Bambolitos pretos,PorSi,Embalagem de 150g,"0,79 €","5,27 €/Kg"
Leite desmaquilhante para peles secas,Labell,Embalagem de 250 ml,"1,15 €","4,60 €/L"
Dentifríco 2 em 1 super branqueador,Theramed,Embalagem de 75 ml,"3,39 €","45,20 €/L"
Couscous comespeciarias 4x125g,PorSi,Embalagem de 500g,"0,89 €","1,78 €/Kg"
Pizza hawai,PorSi,Embalagem de 350g,"2,16 €","6,17 €/Kg"
Faca para Churrasco 11 cm Inox,PorSi,1 unidade,"16,99 €","16,99 €/Unidade"
Ração seca para cão croquetes pro júnior,PorSi Select,Embalagem de 3 Kg,"22,99 €","1,15 €/Kg"
Vmt reg alentejano 0.75l,T.xisto,Garrafa de 750 ml,"2,89 €","3,85 €/L"
Creme proteção de gengivas,Polident,Embalagem de 40 g,"7,39 €","105,57 €/Kg"
Café moagem normal: intenso,Buondi,Embalagem de 220g,"9,76 €/Kg","9,76 €/Kg"
Fruta para bebé 4 frutas +4 meses,Nestle,Embalagem de 90g,"0,74 €","8,22 €/Kg"
Atum posta em azeite,Bom petisc,Embalagem de 120 g,"0,89 €","7,42 €/Kg"
Barra fitness chocolate e banana,Nestlé,Embalagem de 141 g,"1,06 €","8,15 €/Kg"
Limpa máquinas de roupa tripla ação,PorSi,Embalagem de 250 ml,"8,69 €","1,84 €/Kg"
Lava tudo antibacteriano marinho,PorSi,Garrafa de 1.5 l,"0,99 €","0,50 €/L"
Café dak lak vietnam moagem universal,Sical,Embalagem de 220g,"9,76 €/Kg","9,76 €/Kg"
"Livro ""Tudo o que preciso para o Natal...""",Yoyobooks,1 unidade,"9,95 €","9,95 €/Unidade"
Esparregado de espinafres sem lactose,PorSi Viva Bem,Embalagem de 360 g,"3,99 €","11,40 €/Kg"
Cogumelos inteiros,PorSi,Embalagem de 355 g,"1,79 €","2,29 €/Kg"
Farinha de alfarroba bio,PorSi Bio,Embalagem de 200 g,"0,85 €","0,85 €/Kg"
Cobertura tábua de engomar,PorSi,Dim.: 120 x 42 cm,"16,50 €","16,50 €/Unidade"
Balde com pedal branco,PorSi,Capacidade: 7 litros,"17,00 €","17,00 €/Unidade"
50 nuggets de frango,Capitão Iglo,Embalagem de 1042g,"2,79 €","8,72 €/Kg"
"Batata frita, multipack",Ruffles,Embalagem de 180g,"1,06 €","5,73 €/Kg"
Snack gato sticks salmao 6x5g,PorSi,Embalagem de 30g,"0,99 €","16,50 €/Kg"
Biscottina com alho e salsa,RUSTICA,Embalagem de 100 g,"2,39 €","6,83 €/Kg"
Esfregão Esponja Antibacteriano,Fino,1 unidade,"0,79 €","0,79 €/Unidade"
"Gelatina pronto a comer, 10kcal tropical",Royal,Embalagem de 4 x 100 g,"0,85 €","2,13 €/Kg"
Alimento seco p/ cão actividade intensa,PorSi,Embalagem de 4kg,"22,99 €","1,15 €/Kg"
Feijão encarnado em frasco,PorSi,frasco de 540 g,"1,79 €","2,29 €/Kg"
Sardinha Congelada,Peixe Congelado,1 un = 250 gr  (aprox.),"3,99 €/Kg","3,99 €/Kg"
"Pasta de arquivo, lombada estreita, cinza",Domédia,1 unidade,"0,89 €","0,89 €/Unidade"
Fruta para bebé maçã banana +4 meses,Nestle,Embalagem de 4 x 100 g,"0,74 €","8,22 €/Kg"
Escova dentifrica 360º advanced média,Colgate,1 unidade,"3,49 €","3,49 €/Unidade"
Miolo de amêndoa sem pele inteira,PorSi,200 g,"0,79 €","3,95 €/Kg"
Fio dentário fluór+menta 50m,Labell,1 unidade,"3,49 €","3,49 €/Unidade"
Gelatina ananás 8 kcal,PorSi,Embalagem de 4 x 100 g,"0,85 €","2,13 €/Kg"
Luvas Universal Pequeno/Médio,Vileda,1 unidade,"4,29 €","4,29 €/Unidade"
Mousse de chocolate,Royal,Embalagem de 160g,"0,79 €","5,27 €/Kg"
Tablete de chocolate culinário branco,PorSi,Embalagem de 180 g,"0,99 €","9,90 €/Kg"
"Caramelos de fruta, morango single",Sugus,Embalagem de 50g,"1,10 €","4,40 €/Kg"
Aperitivos 3d's cones,3d's,Embalagem de 90g,"0,79 €","7,90 €/Kg"
Adoçante comprimidos,PorSi,Embalagem de 250 saquetas,"3,99 €","44,33 €/Kg"
Mistura solúvel c/ 20% café granulado,PorSi,Embalagem de 200g,"1,64 €","6,56 €/Kg"
Vinho branco,PorSi,Bag-in-box de 5 litros,"0,85 €","0,85 €/L"
Plantanatur slim rapid 30 comprimidos,PLANTANATU,Embalagem de 1 unidades,"7,59 €","126,50 €/Kg"
Refrigerante c/ gás,Coca-Cola,pack 6 x 0.33 l,"0,79 €","0,40 €/L"
Azeite Virgem Extra Suave,Gallo,Garrafa de 750 ml,"3,19 €","4,25 €/L"
Ração para cão com frango,Friskies,Embalagem de 4kg,"22,99 €","1,15 €/Kg"
Adoçante com doseador,PorSi,Embalagem de 66g,"3,99 €","44,33 €/Kg"
Lava Tudo Perfumado Herbal,PorSi,Embalagem de 2 l,"0,99 €","0,50 €/L"
Cordon bleu,Iglo,Embalagem de 200g,"4,99 €","24,95 €/Kg"
Presunto fatiado 6 meses,PorSi,Embalagem de 140 g,"2,79 €","13,95 €/Kg"
As minhas primeiras receitas - refeição esparguete c...,Nestle,Embalagem de 190g,"1,89 €","9,95 €/Kg"
"Kit advance, agrafador + furador",Maped,1 unidade,"2,49 €","2,49 €/Unidade"
Vinho maduro branco,Leziria,Garrafa de 5 l,"5,19 €","1,04 €/L"
Levedura de cerveja,Cemporcent,Embalagem de 150g,"2,29 €","11,45 €/Kg"
Farelo de trigo,Cemporcent,Embalagem de 250g,"2,29 €","11,45 €/Kg"
Spray de lavagem a seco delicado,Day 2,200 ml,"1,09 €","2,73 €/Kg"
Esteira desdobrável,Moveo,1 unidade,"3,99 €","3,99 €/Unidade"
Máquina Descartável Depilatória Venus Plus,Gillette,4 un. + 2 grátis,"5,49 €","5,49 €/Unidade"
Saqueta de puré de fruta | maçã + manga + pêssego,PorSi,90 g,"0,74 €","8,22 €/Kg"
Cabo de madeira com rosca,PorSi,1.20 m,"2,20 €","2,20 €/Unidade"
Tablete de chocolate culinário 70% negro,PorSi,Embalagem de 200 g,"1,04 €","8,32 €/Kg"
Pensos incontinência homem,PorSi,10 unidades,"1,95 €","1,95 €/Unidade"
Vela com número nº 0,PorSi,1 unidade,"0,60 €","0,60 €/Unidade"
"Pasta dentífrica, proteção branqueador",Labell,Embalagem de 75 ml,"2,39 €","31,87 €/L"
Iogurte proteína framboesa,Lindahls,Embalagem de 150 g,"5,97 €/Kg","5,97 €/Kg"
Inseticida vaporizador,Biokill,Embalagem de 375 ml,"5,09 €","8,48 €/L"
Limpa Estofos de Tecido,PorSi,Embalagem de 1 l,"3,99 €","0,80 €/L"
Esfregona tiras completa,PorSi,1 unidade,"0,79 €","0,79 €/Unidade"
O cacau + cremoso,Cemporcent,Embalagem de 180g,"2,29 €","22,90 €/Kg"
Caldo carne 16 cubos,Knorr,Embalagem de 160g,"3,84 €","24,00 €/Kg"
Famosa Lucy,Trotties,1 un.,"11,59 €","11,59 €/Unidade"
Leite de pastagem meio-gordo,Terra Nostra,Embalagem de 1 litro,"0,81 €","0,81 €/L"
Arroz brajma,Cigala,Embalagem de 1 kg,"0,99 €","0,99 €/Kg"
Aguadente vinica velha,Património,Garrafa de 0.70 l,"12,79 €","18,27 €/L"
Favas ultracongeladas,PorSi,Embalagem de 1 kg,"1,89 €","1,89 €/Kg"
Mistura para carnes,PorSi,Embalagem de 40g,"0,25 €","0,25 €/Kg"
Gel Styling Casual Black,Axe,Embalagem de 75 ml,"1,49 €","4,97 €/L"
Frutapura maçã manga laranja,Bledina,Embalagem de 85g,"2,29 €","6,94 €/L"
Ameijoa Branca Vietnamita,Marisco Congelado,Vendido a partir de 250 gr  (aprox.),"2,00 €","7,99 €/Kg"
Pêssego metades em calda,Nutry,Lata de 840 g,"1,99 €","2,37 €/Kg"
Tablete chocolate de leite,PorSi,embalagem de 100 g,"0,53 €","5,30 €/Kg"
Danacol aveia,Danone,Embalagem de 6 x 100 g,"4,15 €/Kg","4,15 €/Kg"
Feijão preto,Caçarola,Embalagem de 500 g,"0,95 €","1,90 €/Kg"
Ração seca para gatinhos frango e legumes,PorSi,Embalagem de 2 kg,"12,99 €","4,33 €/Kg"
Flocos de centeio integral,Cemporcent,Embalagem de 400g,"0,69 €","1,73 €/Kg"
Feijão vermelho,Legumes secos,1 un = 100 gr. (aprox.),"0,22 €","2,19 €/Kg"
Bolacha torrada,PorSi,Embalagem de 4 x 200 g,"1,69 €","2,11 €/Kg"
Coffee Shop 100% Chef,Écoiffier,1 unidade,"11,59 €","11,59 €/Unidade"
Café grão bio,PorSi Bio,Embalagem de 250g,"9,16 €/Kg","9,16 €/Kg"
Bacalhau à Brás,PorSi,Embalagem de 1 kg,"1,79 €","7,16 €/Kg"
"Creme revitalizante, noite",L'oreal,Embalagem de 50 ml,"2,99 €","59,80 €/L"
Bebida energética,Red Bull,Pack 4 x 0.25 l,"1,60 €","3,20 €/L"
Recarga Esfregona de Algodão,PorSi,1 unidade,"0,89 €","0,89 €/Unidade"
1.2.3 parque infantil,Playmobil,1 unidade,"11,59 €","11,59 €/Unidade"
Água s/ gás frutos vermelhos,Luso,Garrafa de 1 l,"1,04 €","0,17 €/L"
Batata palito forno express,MCCAIN,Embalagem de 500g,"1,39 €","1,39 €/Kg"
"Tira gorduras, pistola",Kh 7,Garrafa de 750 ml,"4,89 €","6,52 €/L"
Queijo mozzarella fresca,Galbani,Embalagem de 125 g,"1,59 €","6,36 €/Kg"
"Tira nódoas, spray oxi",PorSi,Embalagem de 1 l,"3,99 €","5,70 €/L"
Pão Regional Rio Maior Inteiro,Pão do Dia,1 unidade= 450 g,"0,19 €","2,71 €/Kg"
Creme barrar nutela 350g,Nutella,Embalagem de 350G,"10,84 €/Kg","10,84 €/Kg"
Escova dentes kids minions bateria,Colgate,1 un.,"0,99 €","0,99 €/Unidade"
Ração para gato adulto crunchy & tender com salmão,Friskies,"Embalagem de 1,5 kg","12,99 €","4,33 €/Kg"
Costeletas do Cachaço,Porco,Vendido ao peso a partir de 1 kg,"4,89 €","4,89 €/Kg"
Leite e cereais pijama +6 meses,Cerelac,Garrafa de 400 ml,"4,49 €","4,49 €/Kg"
Pastilhas limpa próteses,Labell,embalagem com 36 unidades,"7,39 €","105,57 €/Kg"
Iogurte líquido yoggi morango,Nestle,Embalagem de 4 x 160 g,"1,17 €","1,83 €/Kg"
8 hamburguers s/ glúten vaca,Capitão Iglo,Embalagem de 640g,"2,79 €","8,72 €/Kg"
Queijo fundido palitos,A Vaca Que Ri,Embalagem de 35g,"0,82 €","23,43 €/Kg"
Adoçante liquido,PorSi,Garrafa de 125 ml,"3,99 €","44,33 €/Kg"
Iogurte activia líquido 0% lima/limão,Danone,Embalagem de 4 x 155 g,"2,49 €","5,19 €/Kg"
Vinho DOC Dão Tinto,Dharma,"Garrafa de 0,75 L","3,99 €","5,32 €/L"
Spray limpeza fornos e grelhas,PorSi,500 ml,"1,29 €","1,72 €/L"
Cheeseburger Vaca,Snock,Embalagem de 100 g,"1,89 €","18,90 €/Kg"
Piscina familiar,Bestway,Dim.: 305 x 274 cm,"9,99 €","9,99 €/Unidade"
Vinho Verde Loureiro Branco,Aveleda,Garrafa de 0.75 l,"3,09 €","3,09 €/L"
Néctar pera,PorSi,Embalagem de 1 l,"0,99 €","0,99 €/L"
Vinho tinto regional setúbal,Herdade da comporta,Garrafa de 0.75 l,"2,99 €","3,99 €/L"
Vinho tinto regional alentejano,Galitos,Garrafa de 750 ml,"2,89 €","3,85 €/L"
Bloco Sanitário Poder Activo Pinho,Sonasol,Embalagem de 50 g,"2,99 €","74,75 €/Kg"
Massa de macarrão grande estriado,PorSi,Embalagem de 500g,"0,89 €","1,78 €/Kg"
Body Milk in Shower,Labell,Embalagem de 250 ml,"12,48 €/L","12,48 €/L"
Gelatina pronta a comer light 10 kcal mirtilo,Royal,Embalagem de 4 x 100 g,"0,85 €","2,13 €/Kg"
Barrita controlo de peso maçã,Ignoramu,Embalagem de 44g,"0,69 €","1,73 €/Kg"
Chocolate culinário branco,Pantagruel,Embalagem de 200g,"1,04 €","8,32 €/Kg"
Cachaço c/ Osso,Porco,1 un= 500 gr (aprox.),"4,89 €","4,89 €/Kg"
Alimento lácteo cereais e baunilha +6 meses,Yogolino,Embalagem de 4 x 100 g,"2,89 €","7,23 €/Kg"
Collant mousse muskade 20D,PorSi,Tamanho: xl,"1,89 €","1,89 €/Unidade"
Vinho do porto dona antónia reserva branco,Ferreira,Garrafa de 0.75 l,"11,99 €","15,99 €/L"
Lixívia para roupa delicada,Neoblanc,Embalagem de 2 l,"1,19 €","0,60 €/L"
Set Chá,Minnie,1 conjunto,"11,59 €","11,59 €/Unidade"
Sabonete líquido maçãs verdes,Labell,Embalagem de 500 ml,"1,09 €","2,18 €/L"
"Centrifugadora, 22x15cm",Imf,1 unidade,"7,49 €","7,49 €/Unidade"
Leite Autobronzeador,Ambre Solaire,Embalagem de 150 ml,"21,49 €","71,63 €/L"
Cogumelos laminados 1/2,PorSi,Embalagem de 355 g,"1,79 €","2,29 €/Kg"
Lambrusco bianco,*,Garrafa de 750 ml,"2,12 €/L","2,12 €/L"
Vinho do porto 10 anos,Souza,Garrafa de 750 ml,"24,99 €","33,32 €/L"
Cadeira Dobrável Bali Branca,Joluce,90 x 60 cm,"11,19 €","11,19 €/Unidade"
Soja fina,Cemporcent,Embalagem de 400g,"2,29 €","11,45 €/Kg"
Iogurte líquido tutti-frutti,Danone,Embalagem de 4 x 155 g,"1,17 €","1,83 €/Kg"
Doce de cereja s/ açúcar adicionado,PorSi,Frasco com 220 g,"2,19 €","9,95 €/Kg"
Spray Limpeza para aço inoxidável,Induclean,450 ml,"1,29 €","1,72 €/L"
15 panadinhos de peixe,PorSi,Embalagem de 450 g,"4,39 €","10,98 €/Kg"
Alimento lácteo morango +8 meses,Yogolino,Embalagem de 4 x 100 g,"2,89 €","7,23 €/Kg"
Molho piri piri,Macarico,Embalagem de 200g,"0,70 €","2,33 €/Kg"
Moscatel de setúbal,Selecção de Enófilos,"Garrafa de 0,75 l","5,99 €","7,99 €/L"
Toalhitas básico,Dodot,embalagem com 54 unidades,"1,09 €/Unidade","1,09 €/Unidade"
Esfregão esponja ergonómico salva unhas,PorSi,Embalagem de 2 unidades,"0,79 €","0,79 €/Unidade"
Feijão preto cozido,PorSi,Embalagem de 420 g,"1,79 €","2,29 €/Kg"
Ambientador Difusor Frutos Vermelhos,PorSi,50 ml,"4,99 €","4,99 €/Unidade"
Collant licra 15d musk l,PorSi,Embalagem de 1 unidades,"1,89 €","1,89 €/Unidade"
Bolachas cream cracker sesamo,Vieira,Embalagem de 186 g,"0,39 €","3,12 €/Kg"
Árvore de Natal,*,Dim.: 150cm,"24,99 €/Unidade","24,99 €/Unidade"
"Cerveja com álcool, lata",Super Bock,Garrafa de 500 ml,"1,99 €/L","1,99 €/L"
Manteiga magra,Matinal,Embalagem de 250g,"1,69 €","6,76 €/Kg"
Aperitivos tex mex,Doritos,Embalagem de 120g,"0,79 €","7,90 €/Kg"
Detergente pastilhas p/ máquina loiça oxyplus,Super Pop,Embalagem de 45 unidades,"1,49 €","5,96 €/L"
Preparado de bolo de chocolate,PorSi,500 g,"0,45 €","5,00 €/Kg"
Creme de dia para pele seca,Labell,Embalagem de 50 ml,"2,99 €","59,80 €/L"
Molas plásticas,PorSi,15 unidades,"0,89 €","0,89 €/Unidade"
Tapioca em granulado,Colmi,Embalagem de 250g,"0,85 €","0,85 €/Kg"
Cerveja c/ álcool,Super Bock,Pack 15 X 0. 33L,"1,99 €/L","1,99 €/L"
Gelatina pronta a comer ananás,Royal,Embalagem de 4 x 100 g,"0,85 €","2,13 €/Kg"
Leite de coco,PorSi,Embalagem de 400 ml,"3,84 €","24,00 €/Kg"
12 Preservativos Adapta Finíssimo,Control,,"4,49 €","4,49 €/Unidade"
Patas,Frango,1 un = 250 gr  (aprox.),"0,60 €","5,99 €/Kg"
Barras de cereais golden grahams,Nestle,Embalagem de 150g,"1,06 €","8,15 €/Kg"
Café solúvel creme,Nescafe,Embalagem de 100g,"1,45 €","14,50 €/Kg"
Bolachas waffers baunilha,PorSi,Embalagem de 210g,"0,98 €","4,67 €/Kg"
Champô miracle volume + nutrição,Pantene,225 ml,"5,59 €","22,36 €/L"
"Coloração permanente, caramelo avelã, nº 6.41",Excellence,1 unidade,"9,49 €/Unidade","9,49 €/Unidade"
Balde Limpeza Super Fácil Cinza + Espremedor,Vileda,1 unidade,"17,00 €","17,00 €/Unidade"
Loção hidratante,Baby Dove,Embalagem de 200 ml,"0,59 €","5,90 €/L"
Almofadas Eco Anti-Alérgicas,Jobitex,2 unidades,"29,99 €","29,99 €/Unidade"
Pickles em vinagre,PorSi,Embalagem de 200 g,"1,79 €","2,29 €/Kg"
Iogurte morango skyr 0%,PorSi Viva Bem,150 g,"5,97 €/Kg","5,97 €/Kg"
Sky Patrol com Veículo,Rescue Hybrids,25 cm,"11,59 €","11,59 €/Unidade"
Luvas Multi Latex S/M,Vileda,10 unidade,"4,29 €","4,29 €/Unidade"
Húngaros,PorSi,Embalagem de 270G,"0,69 €","3,45 €/Kg"
Atum posta em óleo,Bom petisc,Embalagem de 120 g,"0,89 €","7,42 €/Kg"
6 Salsichas de porco,Nobre,Lata de 120g,"0,75 €","3,75 €/Kg"
Cereais corn flakes s/ glúten,Nestle,Embalagem de 380g,"1,49 €","2,98 €/Kg"
Aletria,Milaneza,Embalagem de 500g,"0,89 €","1,78 €/Kg"
Água c/ gás original,Frize,pack 6 x 0.25 l,"2,85 €","2,85 €/L"
Biscoitos integrais aveia e cacau,PorSi Viva Bem,Embalagem de 150g,"1,45 €","11,15 €/Kg"
Presunto fatias,Damatta,Embalagem de 120 g,"2,79 €","13,95 €/Kg"
Água mineral sem gás,Fastio,Pack 4 x 1.5 l,"1,04 €","0,17 €/L"
Pano Suave C/ Microfibras,Vileda,2 + 1 Un. Grátis,"1,64 €","1,64 €/Unidade"
Açúcar em saquetas,PorSi,Embalagem 1K,"1,49 €","1,49 €/Kg"
Vinho maduro branco,C.da eira,Garrafa de 1 l,"0,85 €","0,85 €/L"
Gelado brownie,PorSi Select,Embalagem de 500ml,"2,29 €","4,58 €/L"
Salsichas extra suculentas,Nobre,Frasco de 650 g,"0,75 €","3,75 €/Kg"
Elite 2.0 Echo CS-10,Nerf,1 unidade,"11,59 €","11,59 €/Unidade"
Chicharro Fresco,Peixe do Dia,1 un= 400 g (aprox.),"6,49 €/Kg","6,49 €/Kg"
Iogurte natural açucarado,PorSi,Embalagem de 4x125g,"0,99 €","1,98 €/Kg"
Inseticida moscas e mosquitos,Dum Dum,Garrafa de 300 ml,"5,09 €","8,48 €/L"
Cereais fitness,Nestle,Embalagem de 380g,"5,59 €","8,87 €/Kg"
"Bebida açucarada  tinto de verão, limão",Sandevid,"Garrafa de 1,5 l","2,39 €","1,59 €/L"
Leite aromatizado com sabor a cerea,Mimosa,Embalagem de 200 ml,"1,99 €","2,49 €/L"
Ovos Frescos Classe M,PorSi,12 unidades,"1,39 €","1,39 €/Unidade"
Arroz Thai Jasmim,PorSi,1 kg,"0,99 €","0,99 €/Kg"
12 nuggets frango polme americano,Capitão Iglo,Embalagem de 220g,"3,53 €","8,83 €/Kg"
"Toalhitas para bebé bio, 64 unidades",Pommette,1 embalagem,"1,09 €/Unidade","1,09 €/Unidade"
Vinagre de limpeza,PorSi,Embalagem de 1 l,"0,79 €","0,79 €/L"
Termo ultra dreno-volume,PLANTANATU,Garrafa de 500 ml,"7,59 €","126,50 €/Kg"
Collant opac micro 60d cast xl,PorSi,Embalagem de 1 unidades,"1,89 €","1,89 €/Unidade"
Cocktail limão,Bar Royal,Garrafa de 750 ml,"6,99 €","9,32 €/L"
Chá funcho,PLANTANATU,Embalagem Com 10 saquetas,"1,79 €","44,75 €/Kg"
Lápis de cor 18 cm,Domédia,embalagem com 18 unidades,"4,69 €","4,69 €/Unidade"
Leite com chocolate sem lactose,Ucal,Embalagem de 6 x 250 ml,"0,49 €","2,45 €/L"
Faca santoku 16 cm,PorSi,1 unidade,"16,99 €","16,99 €/Unidade"
Refrigerante c/ gás laranja,Sumol,Garrafa de 500 ml,"0,79 €","0,40 €/L"
Bolacha diet nature recheio iogurte,Gullon,Embalagem de 220g,"0,79 €","4,49 €/Kg"
Filetes primavera alecrim e sal marinho,Iglo,Embalagem de 230g,"1,79 €","7,16 €/Kg"
Edredão + almofada,Analar,Dim.: 260 x 240 cm,"29,99 €","29,99 €/Unidade"
Jarro de 1 litro + 4 copos,Codil,1 conjunto,"0,99 €","0,99 €/Unidade"
Bolachas de manteiga,Triunfo,Embalagem de 170g,"1,69 €","6,76 €/Kg"
Bolacha golden,Oreo,Embalagem de 154 g,"0,79 €","4,49 €/Kg"
Bolacha torrada com canela,PorSi,Embalagem de 2 x 250 g,"1,69 €","2,11 €/Kg"
Chá peso noite,PLANTANATU,Embalagem de 10 unidades,"1,79 €","44,75 €/Kg"
Vela com número nº 5,PorSi,1 unidade,"0,60 €","0,60 €/Unidade"
Nata para culinária ligeira,Mimosa,Embalagem de 200 ml,"0,75 €","3,75 €/L"
Peskitos de pescada panados,Pescanova,Embalagem de 1 Kg,"9,30 €/Kg","9,30 €/Kg"
Queijo brie cunhas 60%,President,Embalagem de 200 g,"1,45 €","7,25 €/Kg"
Toalhitas Activity |Recarga,Dodot,Pack: 4x54 unidades,"1,09 €/Unidade","1,09 €/Unidade"
Gel WC Flores,Neoblanc,Embalagem de 700 ml,"2,79 €","3,99 €/L"
Chá preto,Tetley,Embalagem de 20g,"41,67 €/Kg","41,67 €/Kg"
Caixa Peças Criativas,Lego,1 unidade,"11,59 €","11,59 €/Unidade"
Lula limpa,Pescanova,Embalagem de 450g,"5,49 €","6,86 €/Kg"
Ketchup,PorSi,Embalagem de 560 g,"0,70 €","2,33 €/Kg"
Arroz Carolino,Cigala,Embalagem de 1 kg,"0,99 €","0,99 €/Kg"
Pescada da Africa do Sul,Peixe Congelado,Pescado no mar,"3,99 €/Kg","3,99 €/Kg"
Chá de camomila e erva príncipe,Lipton,20 saquetas,"0,99 €","23,02 €/Kg"
Posta pescada-do-cabo nº 5 para cozer,PorSi,Embalagem de 800 g,"4,39 €","10,98 €/Kg"
Feijao branco fidalgo,Caçarola,Embalagem de 500 g,"0,95 €","1,90 €/Kg"
Tapioca granulada,Cemporcent,Embalagem de 250g,"1,94 €","3,88 €/Kg"
Espremedor,PorSi,1 unidade,"17,00 €","17,00 €/Unidade"
Vela com número nº 8,PorSi,1 unidade,"0,60 €","0,60 €/Unidade"
Mistura pombos domésticos,Rac.zezere,Embalagem de 5 kg,"4,09 €","0,82 €/Kg"
Serum Lift + Serum Preenchedor,Diadermine,Embalagem de 30ml,"2,99 €","59,80 €/L"
Tablete de chocolate de leite com amêndoas - sem açú...,PorSi Viva Bem,Embalagem de 100 g,"0,65 €","6,50 €/Kg"
Café c/ cafeína intenso,Nescafe,Embalagem de 100g,"1,45 €","14,50 €/Kg"
Lula recheada com carne,PorSi,Embalagem de 500 g,"3,99 €","11,40 €/Kg"
Iogurtes Corpos Danone Pedaços de Pêssego e Maracujá,Danone,Embalagem de 4 x 115 g,"4,36 €","2,18 €/Kg"
Mel milflores,Cemporcent,Embalagem de 300g,"5,99 €","19,97 €/Kg"
Caderno Espiral Capa Dura A4 Quadriculado,Domédia,1 un.,"2,29 €","2,29 €/Unidade"
12 pastéis de bacalhau,PorSi,Embalagem de 300 g,"1,79 €","7,16 €/Kg"
Caixa de transporte para cão,Sandimas,48x34x32 cm,"7,99 €","7,99 €/Unidade"
Cápsulas de café com leite cappuccino,Nescafe,Embalagem com 16 cápsulas,"59,82 €/Kg","59,82 €/Kg"
Copos para pic nic 145 ml rosa,PorSi,Embalagem com 4 unidades,"8,99 €","8,99 €/Unidade"
Capa para tábua metálica,Vileda,1 un.,"16,50 €","16,50 €/Unidade"
Pólen de abelhas,PorSi Select,Frasco de 130 g,"4,89 €","9,78 €/Kg"
Sobremesa gelificada de laranja,PorSi,Embalagem de 4x100g,"0,85 €","2,13 €/Kg"
Hambúrguer de soja,Cemporcent,Embalagem de 160g,"25,48 €/Kg","25,48 €/Kg"
Sumo 100% maçã,Compal,1 litro,"1,09 €","0,73 €/L"
Caldo de galinha 8 cubos,Knorr,Embalagem de 80g,"3,84 €","24,00 €/Kg"
Vinho regional alentejano tinto,Qta.carmo,Garrafa de 0.75 l,"2,89 €","3,85 €/L"
Camião patrulheiro,Paw Patrol,1 unidade,"11,59 €","11,59 €/Unidade"
Batata Pré-Frita Dauphines,PorSi,500 g,"1,39 €","1,39 €/Kg"
Porto ruby,Valadao,Garrafa de 750 ml,"6,65 €/L","6,65 €/L"
Sumo essencial de pêssego,Compal,pack 3 x 0.11 l,"2,29 €","6,94 €/L"
Óleo Cedro Spray,PorSi,Embalagem de 250 ml,"1,39 €","1,26 €/L"
Limpa Tablier,PorSi,Embalagem de 1 l,"3,99 €","0,80 €/L"
Police trooper,Rescue Hybrids,1 unidade,"11,59 €","11,59 €/Unidade"
"Palmilha de cortiça com latex, tamanho 40/41",Sonaf,1 unidade,"5,59 €","37,27 €/L"
Gogo SqueeZ Snack Banana,Gogo,Embalagem de 90g,"2,29 €","6,94 €/L"
Cheeseburger de frango,Snock,Embalagem de 100 g,"1,89 €","18,90 €/Kg"
Pescada Pequena da Argentina -500g,Peixe Congelado,Pescado no mar,"4,39 €","10,98 €/Kg"
Vinho branco,Alandra,Garrafa de 750 ml,"1,59 €","2,12 €/L"
"Pastilhas fruit, frutos silvestres",Trident,Embalagem de 15 g,"0,89 €","59,33 €/Kg"
Fralda Cueca T3,Dodot,Embalagem de 37 un.,"8,99 €","8,99 €/Unidade"
Molho 4 pimentas,PorSi,Embalagem de 120 ml,"0,70 €","2,33 €/Kg"
Pasta de Moldar Terracota,DAS,Embalagem com 1 kg,"2,19 €","109,50 €/L"
"Coloração permanente, louro claro nº8",Palette,1 unidade,"9,49 €/Unidade","9,49 €/Unidade"
Café gold colômbia frasco,Nescafe,Embalagem de 100 g,"1,45 €","14,50 €/Kg"
Café torrado 5 estrelas moagem grossa,Sical,Embalagem de 250g,"9,16 €/Kg","9,16 €/Kg"
"Alimento seco para gato, vaca/vegetais",Bribon,"Embalagem de 1,5 kg","12,99 €","4,33 €/Kg"
Néctar ananás,Compal,pack 3 x 200 ml,"0,99 €","0,99 €/L"
Bebida espirituosa,1920,Garrafa de 1 l,"11,99 €","17,13 €/L"
"Na-farinha de aveia 400g 3,2kg",Nacional,Embalagem de 400g,"0,85 €","0,85 €/Kg"
Comida húmida para cão,PorSi,Embalagem de 300 g,"0,75 €","2,50 €/Kg"
30 douradinhos,Capitão Iglo,Embalagem de 840g,"4,39 €","10,98 €/Kg"
Vinho branco,PorSi,embalagem de  3X187 ml,"0,85 €","0,85 €/L"
Disco voador para cão,Sandimas,26 cm,"7,99 €","7,99 €/Unidade"
Leite corporal,Nivea,Embalagem de 400 ml,"12,48 €/L","12,48 €/L"
Sacos do lixo lavanda 50 litros,PorSi,15 unidades,"1,79 €","1,79 €/Unidade"
Chá de maçã e canela,Tetley,Embalagem de 20g,"44,50 €/Kg","44,50 €/Kg"
Lava tudo amoniacal,Sonasol,"Garrafa de 3,5 l","0,99 €","0,50 €/L"
Bife da Vazia,Novilho,Vendido ao peso a partir de 800 g,"11,96 €","14,95 €/Kg"
Sumo s/ gás manga/cenoura,Santal,"Garrafa de 1,5 l","1,14 €","0,76 €/L"
Iogurte líquido pinacolada,PorSi,Embalagem de 4 x 160 g,"1,17 €","1,83 €/Kg"
Cereais corn flakes,Kellogg's,Embalagem de 500g,"1,49 €","2,98 €/Kg"
Batata frita ondulada wavy,PorSi,Embalagem de 180g,"1,06 €","5,73 €/Kg"
Refrigerante sem gás frutos tropicais,Trina,"Garrafa de 1,5 l","1,14 €","0,76 €/L"
Barras fitness com chocolate,Nestle,Embalagem de 140g,"5,59 €","8,87 €/Kg"
Bolachas crackers integral,Du bois,Embalagem de 500g,"0,39 €","3,12 €/Kg"
Alface Lisa,Legumes do Dia,1 un= 400 g (aprox.),"1,60 €","3,99 €/Kg"
"Carregador, 6 lâminas, 4 recargas",Labell Men,1 embalagem,"1,16 €","4,64 €/L"
Remov. de Verniz com Esponja,Labell,Embalagem de 75 ml,"1,15 €","4,60 €/L"
Coleira em nylon p/ cão  repelente 75cm,Repul' 7,Embalagem de 1 unidades,"7,99 €","7,99 €/Unidade"
Farinha de alfarroba bio,PorSi Bio,Embalagem de 200 g,"1,39 €","9,27 €/Kg"
Manteiga de amendoim,Prozis,Embalagem de 1 kg,"10,84 €/Kg","10,84 €/Kg"
Multi vitaminas mulher,PLANTANATU,Embalagem de 30 Cápsulas,"7,59 €","126,50 €/Kg"
Spray desinfetante elimina odores,Lysol,Embalagem de 400 ml,"1,19 €","0,79 €/L"
Salsicha bockwurst 5 unidades,PorSi,Embalagem de 250g,"0,75 €","3,75 €/Kg"
Conjunto Cozinha,Fantástiko,7 peças,"11,59 €","11,59 €/Unidade"
Delícia de bolacha,PorSi,Embalagem de 2x135 g,"0,55 €","2,75 €/Kg"
Reparador de móveis escuro,PorSi,Embalagem de 200 ml,"1,39 €","1,26 €/L"
Iogurte grego natural magro,PorSi Viva Bem,Embalagem de 1 kg,"0,99 €","1,98 €/Kg"
Bife do Lombo,Novilho,1 un= 150 gr (aprox.),"11,96 €","14,95 €/Kg"
Néctar classico de ananás,Compal,Garrafa de 200 ml,"0,99 €","0,99 €/L"
Lata de Brilho Castanho,Búfalo,Embalagem de 75 ml,"0,99 €","19,80 €/L"
Cem porcento-flocos de aveia grossos,Cemporcent,Embalagem de 400g,"2,99 €","7,97 €/Kg"
Bollycao,Bollycao,Embalagem de 2 unidades,"2,05 €","5,13 €/Kg"
Resguardo de colchão,TS,Dim.: 90 x 190 cm,"29,99 €","29,99 €/Unidade"
Loção para bebé pink,Johnson's Baby,500 ml,"0,59 €","5,90 €/L"
Farinha p/ bolos extra fina,Nacional,Embalagem de 1 kg,"0,85 €","0,85 €/Kg"
Bloco Sanitário Poder Activo Lavanda,Sonasol,Embalagem de 2x50 g,"2,99 €","74,75 €/Kg"
Farinha de centeio,Cemporcent,Embalagem de 500g,"2,29 €","11,45 €/Kg"
Vinho rosé,Lancers,Garrafa 0.75L,"4,29 €","5,72 €/L"
Café solúvel gold,PorSi Select,Embalagem 100G,"1,45 €","14,50 €/Kg"
Manteiga com sal,PorSi,Embalagem de 250g,"1,69 €","6,76 €/Kg"
Farinha de trigo sem fermento t65,PorSi,Embalagem de 1 kg,"0,85 €","0,85 €/Kg"
Cereais crack star,PorSi,Embalagem de 375 g,"5,07 €/Kg","5,07 €/Kg"
Gelatina de ananás,PorSi,Embalagem de 170g,"0,55 €","61,11 €/Kg"
Panquecas de aveia c/ proteína pepitas chocolate,Prozis,Embalagem de 400g,"25,48 €/Kg","25,48 €/Kg"
Detergente em pó máquina de lavar roupa lavanda,PorSi,75 doses,"8,69 €","1,84 €/Kg"
Bolachas waffers chocolate,PorSi,Embalagem de 210g,"0,98 €","4,67 €/Kg"
Bolacha diet nature 5 cereais,Gullon,Embalagem de 220g,"3,09 €","10,30 €/Kg"
Massa de espirais,Nacional,Embalagem de 500g,"0,89 €","1,78 €/Kg"
Iogurte activia líquido 0% morango/kiwi,Danone,Embalagem de 4 x 155 g,"2,49 €","5,19 €/Kg"
Hamburguers de bovino,PorSi,Embalagem de 1 kg,"2,79 €","8,72 €/Kg"
Bombons de Chocolate Leite,Merci,Embalagem de 250 g,"1,49 €","29,80 €/Kg"
Orelhas,Porco,1 un = 250 gr (aprox.),"0,60 €","5,99 €/Kg"
Depilatório homem gel,Veet,Garrafa de 200 ml,"10,99 €","73,27 €/L"
Limpa vidros cristal recarga,Ajax,Embalagem de 500 ml,"3,19 €","6,38 €/L"
"Batata frita caseira, rodela",Pala-pala,Embalagem de 180g,"0,87 €","5,44 €/Kg"
Película Aderente 60M,PorSi,1 unidade,"1,11 €","1,11 €/Unidade"
Boneco Baby Yoda Falante,Star Wars,1 unidade,"11,59 €","11,59 €/Unidade"
Preparado p/ arroz de marisco,Pescanova,Embalagem de 500g,"2,19 €","8,59 €/Kg"
Vela com número nº 1,PorSi,1 unidade,"0,60 €","0,60 €/Unidade"
Ricore,Nestle,Embalagem de 260g,"1,64 €","6,56 €/Kg"
Mopa Maxi XXL + 8 Panos,Swiffer,1 unidade,"1,64 €","1,64 €/Unidade"
Recarga inseticida elétrico líquido,Raid,45 noites,"10,49 €","17,48 €/L"
Passeio com Mateo,Nenuco,1 unidade,"11,59 €","11,59 €/Unidade"
"Coloração permanente, castanho tiramissu nº4.15",Nutrisse,1 unidade,"9,49 €/Unidade","9,49 €/Unidade"
Iogurtes magros aroma morango,PorSi Viva Bem,Embalagem de 6 x 125 g,"0,99 €","1,32 €/Kg"
Creepy Mix,Chupachups,Embalagem de 400g,"3,40 €","28,33 €/Kg"
Iogurte activia aveia nozes,Danone,Embalagem de 4 x 120 g,"2,49 €","5,19 €/Kg"
Nerf Ultra Two,Nerf,1 un.,"11,59 €","11,59 €/Unidade"
Ice tea pêssego,Lipton,Embalagem de 1L,"1,14 €","0,76 €/L"
Delta chicória + cafe soluvel lata,Delta,Embalagem de 250g,"1,45 €","14,50 €/Kg"
Flocos de aveia,PorSi Viva Bem,Embalagem de 400g,"0,69 €","1,73 €/Kg"
Drone Bike,Rescue Hybrids,15 cm,"11,59 €","11,59 €/Unidade"
Iogurte activia cremoso frutos silvestres,Danone,Embalagem de 4 x 120 g,"1,49 €","2,98 €/Kg"
Pasta de dentes max white expert white,Colgate,Embalagem de 75 ml,"2,39 €","31,87 €/L"
Pate picante 73gr.                ce *24,La piara,Embalagem de 70g,"1,19 €","13,52 €/Kg"
2 Toalhas de bidé,PorSi,30 x 50 cm,"29,99 €","29,99 €/Unidade"
Choco flakes duo,Cuetara,Embalagem de 450g,"5,07 €/Kg","5,07 €/Kg"
Margarina líquida,Vaqueiro,Embalagem de 500 ml,"2,89 €","2,89 €/Kg"
Amaciador nutri-protec,Labell,Embalagem de 200 ml,"1,00 €","5,00 €/L"
Lixívia Tradicional,PorSi,Embalagem de 5 l,"1,74 €","0,35 €/L"
Aguardente,Alma pura,Garrafa de 0.70 l,"12,79 €","18,27 €/L"
Pulseira chique LOL,LOL,1 unidade,"11,59 €","11,59 €/Unidade"
Cha infusão verde,Cemporcent,Embalagem com 10 saquetas,"58,44 €/Kg","58,44 €/Kg"
Chá barbas de milho,PLANTANATU,Embalagem de 10g,"1,79 €","44,75 €/Kg"
Sublinhador Brite Liner - 3+1,Bic,1 unidade,"2,49 €","2,49 €/Unidade"
Patê de sardinha,PorSi,Embalagem de 65 g,"1,19 €","13,52 €/Kg"
Beringela,Legumes do Dia,1 un=400 gr (aprox.),"0,49 €","4,85 €/Kg"
Néctar light de laranja prisma,PorSi,Embalagem de 1 l,"0,84 €","2,55 €/L"
Bacalhau posta asa branca,PorSi,Embalagem de 800G,"6,39 €","7,99 €/Kg"
Pringles hot & spicy,Pringles,Embalagem de 175g,"1,19 €","6,43 €/Kg"
Café lote bocage grão,Nicola,Embalagem de 1 kg,"9,16 €/Kg","9,16 €/Kg"
Vinho rosé,C.mendes,Garrafa de 750 ml,"4,29 €","5,72 €/L"
Leite infantil confort 1 desde o nascimento,NAN,Embalagem de 800g,"20,99 €","26,24 €/Kg"
Mala de ferramentas,MC Power,54 unidades,"5,39 €","5,39 €/Unidade"
Óleo Performa C3 5W30 Sintético,Galp,Embalagem de 5 l,"5,99 €","5,99 €/L"
Ovos Frescos Omega 3 de Galinhas Solo,PorSi Viva Bem,Embalagem com 6 unidades,"2,19 €","2,19 €/Unidade"
Massa de cotovelinhos,PorSi,Embalagem de 500g,"0,89 €","1,78 €/Kg"
Bolacha maria,PorSi,Doses Individuais 12 x 25 g,"1,69 €","2,11 €/Kg"
Spray desinfetante casa de banho,Lysol,Embalagem de 500 ml,"1,79 €","2,39 €/L"
Mistura solúvel tofina despertar,Nestle,Embalagem de 200g,"1,64 €","6,56 €/Kg"
"Frigideira anti-aderente, 24cm",PorSi,1 unidade,"9,99 €","9,99 €/Unidade"
Esferográfica Azul Média,Mab,Embalagem com 4 un.,"2,49 €","2,49 €/Unidade"
Açúcar baunilhado,Globo,Embalagem de 70g,"1,49 €","1,49 €/Kg"
Salsichas brasileiras para churrasco,Nobre,Embalagem em vácuo de 200 g,"2,69 €","7,47 €/Kg"
Iogurte liquido infantil morango,PorSi,Embalagem de 6 x 94 ml,"1,05 €","1,86 €/L"
Achocolatado energy,Cola cao,Embalagem de 750g,"5,39 €","7,19 €/Kg"
Mousse chocolate leite,Alsa,Embalagem de 300g,"0,79 €","5,27 €/Kg"
Bacalhau Graúdo Asa Branca,Bacalhau da Noruega,"1 un=2,5 kg (aprox.)","36,23 €","14,49 €/Kg"
Palhinhas de papel,PorSi,25 unidades,"0,60 €","0,60 €/Unidade"
Autobrilhante Branco,Búfalo,Embalagem de 50 ml,"0,99 €","330,00 €/Kg"
12 nuggets frango polme americano,Capitão Iglo,Embalagem de 220g,"9,30 €/Kg","9,30 €/Kg"
Edredão 4 estações,TS,160 x 220 cm,"29,99 €","29,99 €/Unidade"
Adoçante em pó,PorSi,250 saquetas,"3,99 €","44,33 €/Kg"
Bolachas marinheiras linhaça,Cemporcent,Embalagem de 200 g,"1,45 €","11,15 €/Kg"
Amaciador concentrado para roupa aloé vera,PorSi,80 doses,"1,99 €","1,00 €/L"
Sanduiche Good4me Atum,Snock,130 g,"1,89 €","14,54 €/Kg"
Liégeois Sobremesa de Caramelo,Páturages,Embalagem de 4x100 g,"0,55 €","2,75 €/Kg"
Fel da terra planta inteira,Cemporcent,Embalagem de 40g,"1,94 €","3,88 €/Kg"
Bases para pizza,PorSi,Embalagem de 3 x 125 g,"1,79 €","4,77 €/Kg"
Bicicleta,Barbie,"roda 12""","114,99 €/Unidade","114,99 €/Unidade"
Lambrusco rose,*,Garrafa de 750 ml,"2,12 €/L","2,12 €/L"
Rolo de cozinha mega,PorSi,1 rolo,"1,09 €","1,09 €/Unidade"
Escova de Dentes Júnior,Aquafresh,1 unidade,"3,49 €","3,49 €/Unidade"
Compressas | dim.: 10 x 10 cm,PorSi,Embalagem com 100 unidades,"0,59 €","1,18 €/L"
Recarga mopa Descartável,Vileda,Pack 24 + 6 Grátis,"2,20 €","2,20 €/Unidade"
"Vela em número, nº 7",PorSi,1 unidade,"0,60 €","0,60 €/Unidade"
Esparregado de espinafres,PorSi,Embalagem de 350 g,"1,89 €","1,89 €/Kg"
Collant licra 15d musk M,PorSi,Embalagem de 1 unidades,"1,89 €","1,89 €/Unidade"
Fábrica de Invenções,Science4You,1 un.,"6,99 €","6,99 €/Unidade"
Rebuçados cristais de neve,PorSi,Embalagem de 250g,"1,59 €","6,36 €/Kg"
Aguardente velha vsop,Antiqua,Garrafa de 700 ml,"12,79 €","18,27 €/L"
"Espuma de cabelo, volume absoluto",Pantene,Embalagem de 200 ml,"4,99 €","24,95 €/L"
Baloiço de metal,Max Smoby,Dim.: 180 cm,"8,99 €","8,99 €/Unidade"
Famosa Mia,Trotties,1 un.,"11,59 €","11,59 €/Unidade"
Presunto nacos,PorSi,Embalagem de 250g,"2,79 €","13,95 €/Kg"
Leite regular 2,Aptamil,Embalagem de 800 g,"20,99 €","26,24 €/Kg"
20 saquetas chá noite tranquila,Lipton,Embalagem de 30g,"58,44 €/Kg","58,44 €/Kg"
Quinoa branca,PorSi Viva Bem,Embalagem de 200 g,"1,39 €","6,95 €/Kg"
Refrigerante c/ gás ananás,Sumol,Garrafa de 500 ml,"0,79 €","0,40 €/L"
Iguarias Pota com Alho,Pitéu,Embalagem de 120 g,"0,89 €","7,42 €/Kg"
Torta cacau com sabor a natas,PorSi,Embalagem de 300g,"2,05 €","5,13 €/Kg"
Lion barra cereais  25g,Nestle,Embalagem de 150g,"1,06 €","8,15 €/Kg"
Track Builder Caixa,Hot Wheels,1 embalagem,"11,59 €","11,59 €/Unidade"
Creme fixação para dentaduras,Polident,Embalagem de 70 g,"7,39 €","105,57 €/Kg"
Camião do lixo,Dickie Toys,30 cm,"11,59 €","11,59 €/Unidade"
Corn flakes,PorSi,Embalagem de 1 kg,"1,49 €","2,98 €/Kg"
Leite c/ Chocolate Bem Especial 0% lactose,Mimosa,pack 4 x 200 ml,"0,49 €","2,45 €/L"
Snack Cão Prodental,PorSi,Embalagem 180 g,"0,94 €","5,22 €/Kg"
Óleo Beleza N110,Diadermine,Embalagem de 100 ml,"12,48 €/L","12,48 €/L"
Iogurte natural,Danone,Embalagem de 4 x 120 g,"0,99 €","1,98 €/Kg"
Água mineral natural alcalina,MONCHIQUE,Garrafão de 5 l,"1,04 €","0,17 €/L"
Café moagem universal angola,Delta,Embalagem de 220g,"9,16 €/Kg","9,16 €/Kg"
Toalhitas,Dodot,4 x 64 un.,"1,09 €/Unidade","1,09 €/Unidade"
Pescada Média Argentina,Peixe Congelado,+ de 500 g,"3,99 €/Kg","3,99 €/Kg"
Bebida de soja,Shoyce,Embalagem de 1 litro,"2,49 €","2,49 €/L"
"Pensos diários, maxi, 40 unidades",Evax,Uma embalagem,"1,79 €","1,79 €/Unidade"
Caneta correctora  Shake & Squeeze 2+1,Bic,1 unidade,"2,49 €","2,49 €/Unidade"
Descafeinado aroma e leveza,Nicola,12 cápsulas,"1,59 €","6,36 €/Kg"
Reparador de móveis normal,PorSi,Embalagem de 200 ml,"1,39 €","1,26 €/L"
Azeite,Oliveira da Serra,Embalagem de 750 ml,"3,19 €","4,25 €/L"
Sumo florida,Sunny d,"Embalagem de 0,31 l","0,92 €","2,97 €/L"
Manteiga magra meio sal,President,Embalagem de 250g,"1,69 €","6,76 €/Kg"
Iogurte líquido dan'up morango e banana,Danone,Embalagem de 4 x 155 g,"1,17 €","1,83 €/Kg"
Infusão principe,Cemporcent,Embalagem de 10 unidades,"0,99 €","76,15 €/Kg"
Mini tostas integrais super finas,PorSi,Embalagem de 100 g,"2,39 €","6,83 €/Kg"
Azeitona mista,PorSi,Embalagem de 210g,"1,32 €","6,29 €/Kg"
"Atum em posta, em azeite",General,Embalagem de 110g,"0,89 €","7,42 €/Kg"
Banha,PorSi,Embalagem de 230 g,"2,89 €","2,89 €/Kg"
Bolacha torrada 800g 33% grátis,Vieira,Embalagem de 800g,"1,69 €","2,11 €/Kg"
Bolacha de Manteiga Belga c/ Chocolate Branco,Saborosa,Embalagem de 198 g,"1,69 €","6,76 €/Kg"
Nabiças Programa Origens,PorSi,1 un = 1 kg (aprox.),"0,75 €","2,49 €/Kg"
Nata pasteurizada,PorSi,Embalagem de 450 ml,"0,75 €","3,75 €/L"
Lixívia Densa + Squeeze Harmonias Florais,Neoblanc,Embalagem de 1 l,"1,74 €","0,35 €/L"
Detergente liquido loiça clássico,PorSi,Garrafa de 1 litro,"0,99 €","1,98 €/L"
Cerveja com álcool,Sagres,Garrafa de 20 cl,"1,99 €/L","1,99 €/L"
"Kit advance, agrafador + furador",Maped,1 unidade,"8,61 €","8,61 €/Unidade"
Camião do lixo com Luzes,Playmobil,1 unidade,"11,59 €","11,59 €/Unidade"
Iogurte grego stracciatella sem lactose,PorSi Viva Bem,Embalagem de 240g,"0,99 €","1,98 €/Kg"
Néctar vital equilibrio frutos vermelhos,Compal,Embalagem de 1 l,"0,99 €","0,99 €/L"
Capa Universal,Vileda,1 unidade,"16,50 €","16,50 €/Unidade"
Iogurte líquido frutos tropicais,Longa vida,Embalagem de 4 x 160 g,"1,17 €","1,83 €/Kg"
Iogurte líquido pinacolada corpos danone,Danone,Embalagem de 4 x 155 g,"1,17 €","1,83 €/Kg"
Delilah Fields,Rainbow High,1 unidade,"11,59 €","11,59 €/Unidade"
Louro em folhas,PorSi,30 g,"0,25 €","0,25 €/Kg"
Cheerios 375g,Nestle,Embalagem de 380g,"5,07 €/Kg","5,07 €/Kg"
Garrafa água de vidro com filtro,Bergner,Cap.: 350 ml,"12,99 €","12,99 €/Unidade"
"Livro ""Era uma vez contos intemporais""",Yoyo Books,1 unidade,"9,95 €","9,95 €/Unidade"
Pensos Incontinência Mulher Discreet Maxi Night,Tena,12 unidades,"1,95 €","1,95 €/Unidade"
Base guarda sol em metal e cimento,Saurium,14 kg,"18,99 €","18,99 €/Unidade"
Ambientador vela baunilha,PorSi,1 unidade,"4,99 €","4,99 €/Unidade"
Puré de batata,Maggi,Embalagem de 250g,"0,85 €","0,85 €/Kg"
Desodorizante spray sport 48h,Labell Men,Embalagem de 200 ml,"1,39 €","6,95 €/L"
Arroz agulha,Caçarola,Embalagem de 1 kg,"0,99 €","0,99 €/Kg"
Animais da Quinta,Discovery Channel,set 30 peças,"11,59 €","11,59 €/Unidade"
Cevada solúvel,Delta,Embalagem de 200 g,"1,45 €","14,50 €/Kg"
Batata palha finíssima,PorSi Select,Embalagem de 180 g,"0,87 €","5,44 €/Kg"
20 saquetas chá digestão fácil,Lipton,Embalagem de 30g,"0,99 €","23,02 €/Kg"
Brandy,Macieira,Garrafa de 1 l,"11,99 €","17,13 €/L"
Vinho Vinha da Fonte Setúbal branco,Casa Ermelinda Freitas,Garrafa de 0.75 l,"2,99 €","3,99 €/L"
Vinagre de vinho branco,PorSi,Garrafa de 1 l,"0,35 €","0,70 €/L"
Sacos do lixo lavanda 30 litros,PorSi,20 sacos,"1,79 €","1,79 €/Unidade"
Pescada do Pacífico,Peixe Congelado,"Congelada de 1 a 1,5 kg","3,99 €/Kg","3,99 €/Kg"
Infusão cidreira,PorSi,Embalagem de 40g,"0,99 €","76,15 €/Kg"
Esponja marinha natural,Neo Baby,1 unidade,"5,99 €","5,99 €/Unidade"
Lagartos,PorSi,Embalagem de 300 gr,"0,69 €","3,45 €/Kg"
Acendalhas Ecologica,Quinas,Uma embalagem - 32Unidades,"0,75 €","0,75 €/Unidade"
Carro de Corrida de Rua,Lego,1 unidade,"11,59 €","11,59 €/Unidade"
Tablete de chocolate leite,Nestle,Embalagem de 130g,"0,53 €","5,30 €/Kg"
Guardanapos 2 folhas brancos e dourado,PorSi Select,50 unidades,"0,69 €","0,69 €/Unidade"
Surprise OMG 707 Royal Bee,LOL,1 unidade,"11,59 €","11,59 €/Unidade"
Infusão cidreira,Cemporcent,Embalagem de 10 unidades,"0,99 €","76,15 €/Kg"
Mini tortitas milho c/ sal,PorSi Viva Bem,Embalagem de 200g,"1,45 €","11,15 €/Kg"
Batata Doce,Legumes do Dia,1 un = 250 gr  (aprox.),"1,29 €/Kg","1,29 €/Kg"
Vinho tinto,Enc.bairro,Bag-in-box de 5L,"5,19 €","1,04 €/L"
Vinho regional península de setúbal,Dom Campos,Garrafa de 0.75 l,"2,99 €","3,99 €/L"
Vinagre vinho branco,PorSi,Garrafa de 500 ml,"0,35 €","0,70 €/L"
Espinafres em folhas,PorSi,Embalagem de 750 g,"1,89 €","1,89 €/Kg"
Creme de dia para pele normal,Labell,Embalagem de 50 ml,"2,99 €","59,80 €/L"
Pensos banda,PorSi,100 x 6 cm,"0,59 €","1,18 €/L"
Edredão + almofada,Analar,Dim.: 240 x 220 cm,"29,99 €","29,99 €/Unidade"
Pastilha Elástica Bottle Frutos Vermelhos,Trident,Embalagem de 82 g,"0,89 €","59,33 €/Kg"
Ervilhas com cenoura,PorSi,Embalagem de 750g,"1,89 €","1,89 €/Kg"
Infusão de camomila,PorSi,Embalagem de 33.7 g,"0,99 €","76,15 €/Kg"
"Hamburguers de frango, 4 x 80 g",PorSi,Embalagem de 320g,"2,79 €","8,72 €/Kg"
"Tetina Latex G. Largo, 6/18 Meses",Pommette,Embalagem de 2 unidades,"5,99 €","5,99 €/Unidade"
Gelatina pronta a comer melancia,Royal,Embalagem de 4 x 100 g,"0,85 €","2,13 €/Kg"
Abóbora adoçada com xarope de milho,Cemporcent,Embalagem de 240g,"5,99 €","19,97 €/Kg"
Elimina odores shoe fresh,Kiwi,Embalagem de 100 ml,"1,49 €","1,49 €/Unidade"
Arroz agulha Europa,PorSi,Embalagem de 1 kg,"0,99 €","0,99 €/Kg"
Bastão de Cola,Domédia,10 g,"8,61 €","8,61 €/Unidade"
"Saquetas de sais de fruto, laranja",Eno,Embalagem de 50g,"0,58 €","0,58 €/Unidade"
Vinagre vinho branco 500ml,Cristal,Garrafa de 500 ml,"0,35 €","0,70 €/L"
Vinho tinto,Alandra,Garrafa de 750 ml,"2,99 €","3,99 €/L"
Salsichas picantes para churrasco,Nobre,Embalagem em vácuo de 200 g,"2,69 €","7,47 €/Kg"
Bolachas starship chocolate,PorSi,Embalagem de 150g,"0,90 €","6,00 €/Kg"
Bolacha vitalday crocante chocolate,Gullon,Embalagem de 280g,"3,09 €","10,30 €/Kg"
Magnum amêndoa,Olá,Embalagem de 6 x 55 ml,"5,99 €","16,64 €/L"
Famosa Sophie,Trotties,1 un.,"11,59 €","11,59 €/Unidade"
Cogumelos fatiados,PorSi,Embalagem de 400g,"1,89 €","1,89 €/Kg"
Lenços Bolso 15X10 3f,PorSi,1 Unidade,"1,64 €","1,64 €/Unidade"
Espetadas de Peru,Peru,1 un = 150 gr (aprox.),"1,05 €","2,99 €/Kg"
Água sem gás,PorSi,Pack de 6 x 0.33 l,"1,04 €","0,17 €/L"
Creme anti-rugas reafirmante,Diadermine,Embalagem de 50 ml,"2,99 €","59,80 €/L"
Creme Depilatório Men Peles Sensíveis,Veet,Embalagem de 200 ml,"3,11 €","3,11 €/Unidade"
Macedonia de legumes,PorSi,Embalagem de 1 kg,"1,89 €","1,89 €/Kg"
Massa bagos,PorSi,Embalagem de 250g,"0,89 €","1,78 €/Kg"
Café moagem universal portugal,Delta,Embalagem de 250g,"9,16 €/Kg","9,16 €/Kg"
Choco rice,Cemporcent,Embalagem de 250g,"0,69 €","1,73 €/Kg"
Pensos higiénicos liberty super abas,Evax,Embalagem com 10 un.,"4,99 €","4,99 €/Unidade"
Iogurte aroma varios sabores,PorSi,Embalagem de 12 x 125 g,"1,87 €","1,25 €/Kg"
Dentista engraçado,Play-Doh,1 un.,"11,59 €","11,59 €/Unidade"
Descafeinado,Nestlé,Embalagem de 100 g,"1,59 €","6,36 €/Kg"
Leite uht magro,Gresso,Embalagem de 1 litro,"0,81 €","0,81 €/L"
Detergente líquido máquina de roupa lavanda,PorSi,86 Doses,"8,69 €","1,84 €/Kg"
Óleo para travões,Redex,Embalagem de 250 ml,"5,99 €","5,99 €/L"
Óleo alimentar,Fula,Embalagem 3L,"3,39 €","3,39 €/L"
Comida húmida para gato esterilizado em molho com sa...,Purina One,4 x 85 g,"3,49 €","10,26 €/Kg"
Café solúvel c/ cafeína,Delta,Embalagem de 100g,"1,45 €","14,50 €/Kg"
Côco ralado,PorSi,Embalagem de 200g,"1,29 €","3,23 €/Kg"
Receita caseira de jardineira,Nobre,Embalagem de 420g,"2,35 €","5,60 €/Kg"
Super mio robô,Clementoni,1 unidade,"11,59 €","11,59 €/Unidade"
Bolachas marítimas clássicas,PorSi Viva Bem,Embalagem de 200g,"3,09 €","10,30 €/Kg"
Nata uht light,Mimosa,Embalagem de 200 ml,"0,75 €","3,75 €/L"
Bolacha Maria sem lactose,PorSi Viva Bem,Embalagem de 200 g,"0,99 €","1,98 €/Kg"
Salsicha p/Churrasco Picante,Carne Sorraia,1 Embalagem 360G,"2,69 €","7,47 €/Kg"
Bebida coco,Alpro,Embalagem de 1L,"2,49 €","2,49 €/L"
Pá + espanador,PorSi,1 conjunto,"2,20 €","2,20 €/Unidade"
Toucador de maquilhagem,Clementoni,1 unidade,"11,59 €","11,59 €/Unidade"
Ambientador carro recarga aqua,Ambipur,1 unidade,"2,89 €","2,89 €/Unidade"
Rodelas de chourico 2x75g,Porminho,Embalagem de 150g,"1,00 €","5,00 €/Kg"
Máquina de barbear c/ 2 recargas de 6 lâminas,Labell Men,,"1,16 €","4,64 €/L"
Tablete de chocolate leite/amêndoa,Nestle,Embalagem de 120g,"0,65 €","6,50 €/Kg"
Sabonete glicerina natural,Palmolive,Embalagem de 90 g,"4,49 €","12,47 €/Kg"
Iogurte tipo grego maracujá,PorSi,Embalagem de 4 x 125 g,"1,49 €","2,98 €/Kg"
Fruta para bebé banana maçã +4 meses,Nestle,Embalagem de 90g,"0,74 €","8,22 €/Kg"
Lila Tamamoto,Rainbow High,1 unidade,"11,59 €","11,59 €/Unidade"
Bolachas brownie tubo,Oreo,Embalagem de 150g,"0,79 €","4,49 €/Kg"
Veg bowls trigo sarraceno&brócolos 350g,Iglo green,Embalagem de 350g,"3,99 €","11,40 €/Kg"
"Agrafos nº24/6, 2000 unidades",Maped,Uma embalagem,"0,89 €","0,89 €/Unidade"
Bolachas Recheadas Com Chocolate,PRINCE,Embalagem de 178g,"2,15 €","2,87 €/Kg"
Massa Fresca Lasanha,PorSi,Embalagem de 250 g,"0,99 €","4,30 €/Kg"
Bicarbonato de sódio,PorSi,Saqueta de 75 g,"1,89 €","17,18 €/Kg"
Vinho doc douro tinto,Tellu's,Garrafa de 750 ml,"7,49 €","9,99 €/L"
Queijo regular,Philadelph,Embalagem de 180g,"2,05 €","16,40 €/Kg"
Queijo ralado dispensador,PorSi,Embalagem de 80g,"1,49 €","7,45 €/Kg"
Leite creme,PorSi,Embalagem de 2x135 g,"0,55 €","2,75 €/Kg"
Fralda Cueca Banho Splashers T5,Dodot,1 Embalagem c/10 unidades,"8,99 €","8,99 €/Unidade"
Vela com número nº 9,PorSi,1 unidade,"0,60 €","0,60 €/Unidade"
Batata frita lisa chips,PorSi,Embalagem de 185 g,"1,06 €","5,73 €/Kg"
Cadeira em madeira dobrável,*,Dim.: 55 x 44 x 84 cm,"82,99 €","82,99 €/Unidade"
"Néctar pêssego, prisma",PorSi,Embalagem de 1 l,"0,99 €","0,99 €/L"
Truta de Viveiro,Programa Origens,"Fresca, vendida ao peso | 1 un.=300 g (aprox.)","6,49 €/Kg","6,49 €/Kg"
Feijão manteiga caçarola,Cacarola,Embalagem de 500g,"0,95 €","1,90 €/Kg"
SuperCeys,Ceys,1 unidade,"2,59 €","86,33 €/Kg"
Vinho do Porto Vintage,Kopke,"Garrafa de 0,75L C/ Caixa de Madeira","17,99 €","23,99 €/L"
Sementes de linhaça dourada,PorSi Viva Bem,Embalagem de 250 g,"1,59 €","10,60 €/Kg"
Massa spaghetti tricolore,Milaneza,Embalagem de 500 g,"0,89 €","1,78 €/Kg"
Marmelada,PorSi,Embalagem de 900g,"1,09 €","2,42 €/Kg"
"Pasta de arquivo, lombada estreita, vermelha",Domédia,1 unidade,"0,89 €","0,89 €/Unidade"
Pimentão doce saqueta,PorSi,Embalagem de 50 g,"0,25 €","0,25 €/Kg"
Banana,Fruta do Dia,1 un = 200 gr (aprox.),"0,24 €","1,19 €/Kg"
Guardanapos 2 folhas azul e dourado,PorSi Select,40 unidades,"0,69 €","0,69 €/Unidade"
Batido de café,Forma+,Embalagem de 700g,"1,99 €","45,23 €/Kg"
"Gel depilatório, peles sensiveis",Labell,Embalagem de 200 ml,"10,99 €","73,27 €/L"
Jardineira,PorSi,Embalagem de 750 g,"1,89 €","1,89 €/Kg"
Molho de nata para carne,Mimosa,Garrafa de 200 ml,"0,70 €","2,33 €/Kg"
Boneca Musical Anna,Disney,1 unidade,"11,59 €","11,59 €/Unidade"
Recarga laminas labs,Gillette,9 unidades,"1,16 €","4,64 €/L"
Centro veterinário,Écoiffier,1 un.,"11,59 €","11,59 €/Unidade"
Longueirão,Marisco Fresco,1 un = 250 gr  (aprox.),"2,25 €","8,99 €/Kg"
"Creme para mãos, caixa familiar",Nivea,Embalagem de 250 ml,"1,03 €","10,30 €/L"
Sementes de linhaça,Cemporcent,Embalagem de 250G,"1,39 €","9,27 €/Kg"
Nancy Um Dia A Fazer Madeixas,Nancy,1 un.,"34,99 €/Unidade","34,99 €/Unidade"
Cabide anti humidade roupa limpa,HUMYDRY,embalagem de 250 g,"4,99 €","19,96 €/Kg"
Óleo Diesel 15w40,PorSi,Embalagem de 5 l,"5,99 €","5,99 €/L"
Amaciador Roupa lavanda,PorSi,Embalagem de 60 doses,"1,99 €","1,00 €/L"
Carrinho Limpeza,Vicam,unidade,"11,59 €","11,59 €/Unidade"
Camião do Lixo,Play-Doh,1 unidade,"11,59 €","11,59 €/Unidade"
Jogo de Mesa Ping Pong,Olivo,1 un.,"6,99 €","6,99 €/Unidade"
Requeijão de ovelha,PorSi,Embalagem de 250g,"1,99 €","7,96 €/Kg"
Palitos redondos,PorSi,200 unidades embalados individualmente,"1,15 €","1,15 €/Unidade"
Biscoitos de canela,PorSi,Embalagem de 750g,"0,69 €","3,45 €/Kg"
Gel de banho júnior maçã e pera,Labell,Embalagem com 300 ml,"4,39 €","21,95 €/L"
Café solúvel c/ cafeína,PorSi,Embalagem de 100g,"1,45 €","14,50 €/Kg"
Porto 10 anos,Velhotes,Garrafa de 0.75 l,"17,99 €","23,99 €/L"
Creme Dia Lift + Serum Preenchedor,Diadermine,Embalagem de 50 ml,"2,99 €","59,80 €/L"
Bebida láctea crescimento c/ bolacha maria,Nestle,Embalagem de 1 litro,"1,39 €/L","1,39 €/L"
Iogurte mix-in kit kat,Nestle,Embalagem de 2 x 115 g,"1,05 €","1,86 €/L"
Pastéis de nata,PorSi,Embalagem de 6x60 g,"2,99 €","5,54 €/Kg"
Pastilhas de Limpeza Dentífrica Branqueadora,Polident,Embalagem com 30 unidades,"7,39 €","105,57 €/Kg"
Ketchup,PorSi,Embalagem de 300 g,"0,70 €","2,33 €/Kg"
Café moído torrado aroma bellissimo,Belissimo,Embalagem de 200g,"9,16 €/Kg","9,16 €/Kg"
Queijo p/ barrar s/ lactose,Philadelph,Embalagem de 150g,"2,05 €","16,40 €/Kg"
Pastilhas café platium,Delta,Embalagem de 110g,"59,82 €/Kg","59,82 €/Kg"
Sumo natural de maçã bio,Cemporcent,Garrafa de 1 l,"1,19 €","1,86 €/L"
Detergente para loiça plus + citrinos,Super Pop,Embalagem de 1L,"0,99 €","1,98 €/L"
Creme abrasivo limão,Cif,Garrafa de 700 ml,"0,99 €","0,99 €/L"
Tweens Lexi Gurl,LOL,1 unidade,"11,59 €","11,59 €/Unidade"
Pastel de Nata,Pastelaria do Dia,60 g,"0,69 €","0,69 €/Unidade"
Cebola picada,PorSi,Embalagem de 400 g,"1,89 €","1,89 €/Kg"
Pastilhas 60 minutos Peppermint Botlle,Trident,Embalagem com 80g,"0,89 €","59,33 €/Kg"
"Chave de Phillips Cabo Bimat, 3.0x75mm",Itools,1 unidade,"5,39 €","5,39 €/Unidade"
Chocolate culinário em pó,Pantagruel,Embalagem de 130g,"1,04 €","8,32 €/Kg"
Refrigerante de lima-limão,Seven-up,"Garrafa de 1,25 l","0,79 €","0,40 €/L"
Arroz extra longo integral,Saludaes,Embalagem de 1 kg,"0,99 €","0,99 €/Kg"
Sabonete leite & mel,Palmolive,Embalagem de 4x90 g,"4,49 €","12,47 €/Kg"
"Creme protector contra assaduras, para bebé",Johnson's Baby,Embalagem de 100 ml,"0,59 €","5,90 €/L"
Bife da Pá,Novilho,Vendido ao peso a partir de 800 g,"11,96 €","14,95 €/Kg"
Desinfetante álcool gel spray,PorSi,100 ml,"0,99 €","1,98 €/L"
Vinho do porto tawny,Cruz,"Garrafa de 0,75 l","24,99 €","33,32 €/L"
Sidra de maçã,Somersby,Lata de 500 ml,"1,59 €","3,18 €/L"
Sumo 100% ananás/uva,PorSi,Pack 3 x 200 ml,"1,09 €","0,73 €/L"
Chá de gengibre,PLANTANATU,Embalagem de 20g,"1,79 €","44,75 €/Kg"
Moelas,Frango,1 un = 200 gr (aprox.),"0,60 €","5,99 €/Kg"
Gelatina pêssego,PorSi,Embalagem de 2x85g,"0,55 €","61,11 €/Kg"
Vinh do porto ruby,Cruz,Garrafa de 750 ml,"6,65 €/L","6,65 €/L"
Costeletas do Lombo,Porco,Vendido ao peso a partir de 1 kg,"4,89 €","4,89 €/Kg"
Queijo mozzarella ralado,PorSi,Embalagem de 200 g,"1,49 €","7,45 €/Kg"
Couscous,PorSi,Embalagem de 5 x 100 g,"0,89 €","1,78 €/Kg"
Amido de milho,PorSi,Embalagem de 400g,"1,89 €","17,18 €/Kg"
Dentífrico Complete Elixir e Branqueador,Oral B,Embalagem de 75 ml,"2,39 €","31,87 €/L"
Barras fitness com morango,Nestle,Embalagem de 140g,"5,59 €","8,87 €/Kg"
Snack para gato crispies vaca e frango,Felix,Embalagem de 50g,"0,99 €","16,50 €/Kg"
Água Tónica Zero,Schweppes,Garrafa de 1 l,"1,60 €","3,20 €/L"
"Caramelos de fruta, tripack",Mentos,Embalagem de 110g,"1,10 €","4,40 €/Kg"
Spray anti-bolores,Cif,435 ml,"1,79 €","2,39 €/L"
Patê de salmão,La piara,Embalagem de 80g,"1,19 €","13,52 €/Kg"
Inseticida Elétrico Night&Day Pack Duplo,Raid,Embalagem de 2x300 mg,"10,49 €","17,48 €/L"
Alga kombu bio,Cemporcent,Embalagem de 50g,"2,99 €","5,98 €/Kg"
"Vela com número, nº2",PorSi,1 unidade,"0,60 €","0,60 €/Unidade"
Gestos,Hasbro,1 un.,"9,99 €","9,99 €/Unidade"
Simple bite maçã e canela,Simple,Embalagem de 35g,"1,06 €","8,15 €/Kg"
Alimento seco para gatinhos,HappyOne,"Embalagem de 1,5 kg","12,99 €","4,33 €/Kg"
Quadro,Patrulha Pata,Dim.: 120 x 40 x 38 cm,"11,59 €","11,59 €/Unidade"
Arroz integral extra longo,Cemporcent,Embalagem de 1 kg,"0,99 €","0,99 €/Kg"
Whisky bourbon cask,F.grouse,Garrafa de 700 ml,"11,49 €","16,41 €/L"
Biscoitos integrais aveia e cacau,PorSi Viva Bem,Embalagem de 150g,"0,69 €","3,45 €/Kg"
Água c/ gás: limão/pepino/gengibre,Frize,pack 4 x 0.25 l,"2,85 €","2,85 €/L"
Coxinhas de frango,PorSi,Embalagem de 360g,"3,53 €","8,83 €/Kg"
Fraldas de Incontinência Elásticos Médias,Lindor,20 Unidades,"9,99 €","9,99 €/Unidade"
Chá preguiça intestinal,PLANTANATU,Embalagem de 10 unidades,"1,79 €","44,75 €/Kg"
Amaciador concentrado para roupa jojoba,PorSi,80 doses,"1,99 €","1,00 €/L"
Centro Cuidados para Gatos,Écoiffier,,"11,59 €","11,59 €/Unidade"
Refresco em pó de morango,PorSi,Embalagem de 40g,"0,75 €","18,75 €/Kg"
Alho Francês,Legumes do Dia,1 un=300 gr (aprox.),"0,75 €","2,49 €/Kg"
Feijão branco cozido,PorSi,Embalagem de 820g,"1,79 €","2,29 €/Kg"
Iogurte naturea natural,PorSi,Embalagem de 4 x 125 g,"0,99 €","1,98 €/Kg"
Creme Depilatório Peles Sensíveis,Veet,Embalagem de 200 ml,"12,99 €","12,99 €/Unidade"
Luvas Pequenas /Médias Sensitive,Vileda,40 unidade,"4,29 €","4,29 €/Unidade"
Café moagem fina bio,PorSi Bio,Embalagem de 250g,"9,16 €/Kg","9,16 €/Kg"
Whisky 8 anos,Grant's,Garrafa de 0.70 l,"23,99 €","34,27 €/L"
Katia Beijinhos,Miss Concentra,1 unidade,"11,59 €","11,59 €/Unidade"
Tweens Goldie Twist,LOL,1 unidade,"11,59 €","11,59 €/Unidade"
Comida húmida para cão de frango e legumes,PorSi,Lata de 400 g,"0,75 €","2,50 €/Kg"
Amêndoa amarga,Milbar,"Garrafa de 0,70 l","16,99 €","24,27 €/L"
8 salsichas frankfurt,Izidoro,Embalagem de 200g,"0,75 €","3,75 €/Kg"
Arroz carolino vaporizado,Cacarola,Embalagem de 1 kg,"0,99 €","0,99 €/Kg"
Danacol frutos exóticos,Danone,Embalagem de 6 x 100 g,"4,15 €/Kg","4,15 €/Kg"
Xarope de chocolate zero,Prozis,Embalagem de 290g,"5,99 €","19,97 €/Kg"
Gel Play Morango,Durex,Embalagem de 50 ml,"4,49 €","4,49 €/Unidade"
Bandida do pomar maçã 4x25cl,Bandida,Garrafa de 1 l,"1,59 €","3,18 €/L"
Adoçante em pó stevia,PorSi Viva Bem,Embalagem de 17g,"3,99 €","44,33 €/Kg"
Iogurte magro morango,Longa vida,Embalagem de 6 x 120 g,"0,99 €","1,32 €/Kg"
Sopa económica de marisco,Knorr,Embalagem de 60g,"0,84 €","13,55 €/Kg"
Alcahfora plus,Forma+,Garrafa de 500 ml,"1,99 €","45,23 €/Kg"
Bacalhau Postas,Riberalves,1 Embalagem 800G,"6,39 €","7,99 €/Kg"
Panos Esponja,Fino,3 unidades,"1,64 €","1,64 €/Unidade"
"Azeite extra virgem, azeitonas verdes",Oliveira da Serra,Garrafa de 750 ml,"3,19 €","4,25 €/L"
Salsichas de peru ao natural,Nobre,lata de 160 g,"0,75 €","3,75 €/Kg"
Posta de bacalhau do atlântico,Pescanova,Embalagem de 700 g,"6,39 €","7,99 €/Kg"
Gogo SqueeZ Snack Maçã e Pera,Gogo,Embalagem de 90g,"2,29 €","6,94 €/L"
Toalhitas Sensitive |Recarga,Dodot,Pack: 4 x54 unidades,"1,09 €/Unidade","1,09 €/Unidade"
Esponja limpa camurça,PorSi,1 unidade,"6,19 €","24,76 €/L"
Água com gás,Vimeiro,"Garrafa de 1,5 l","2,85 €","2,85 €/L"
Vinho verde branco,3 marias,Garrafa de 1 l,"3,09 €","3,09 €/L"
Flan de ovos,PorSi,Embalagem 4 x 100 g,"0,55 €","2,75 €/Kg"
Biscoitos canudinho simples,PorSi,Embalagem de 300g,"3,09 €","10,30 €/Kg"
Carne p/ Assar,Novilho,Vendido ao peso a partir de 800 g,"11,96 €","14,95 €/Kg"
"Aperitivos, amendoins no forno",Matutano,Embalagem de 200g,"0,79 €","3,95 €/Kg"
Nabo Roxo sem Rama,Legumes do Dia,1 un = 200 gr (aprox.),"1,00 €","2,49 €/Kg"
Bebida de soja natural,Frias,Garrafa de 1 l,"1,19 €","1,86 €/L"
"As minhas primeiras receitas - refeição batata, abób...",Nestle,Embalagem de 190g,"1,89 €","9,95 €/Kg"
Farinha,Maizena,Embalagem de 400g,"0,85 €","0,85 €/Kg"
Lava Tudo Flores Montanha,Sonasol,1.3 l,"0,99 €","0,50 €/L"
Bolacha maria dourada,PorSi,Embalagem de 800g,"1,69 €","2,11 €/Kg"
Cappucinno,PorSi,Embalagem de 125 g,"3,19 €","25,52 €/Kg"
Harmonique,Mermaidz,1 unidade,"11,59 €","11,59 €/Unidade"
Vinho verde,Via Latina,Garrafa de 750 ml,"3,09 €","3,09 €/L"
Varinha mágica musical,Frozen,1 unidade,"11,59 €","11,59 €/Unidade"
Barra cereais nesquik delice,Nestle,Embalagem de 140g,"1,06 €","8,15 €/Kg"
Massa cuscus,PorSi,Embalagem de 250g,"0,89 €","1,78 €/Kg"
Bacalhau Especial da Islândia,Bacalhau da Islândia,1 un = 4 kg (aprox.),"36,23 €","14,49 €/Kg"
Rolo de Cozinha Multi,Renova,4 Rolos,"1,09 €","1,09 €/Unidade"
Creme para barrar,Nutella,Embalagem de 600g,"10,84 €/Kg","10,84 €/Kg"
Salsichas de soja,Cemporcent,Embalagem de 390g,"25,48 €/Kg","25,48 €/Kg"
Creme vegetal para barrar,PorSi,Embalagem de 500 g,"1,75 €","3,50 €/Kg"
Garrafa água de vidro,Bergner,Cap.: 600 ml,"12,99 €","12,99 €/Unidade"
"Martelo Cabo de Borracha, 18mm",Itools,1 unidade,"5,39 €","5,39 €/Unidade"
Gelado magnum menta,Olá,Embalagem de 4 x 100 ml,"5,99 €","16,64 €/L"
Cola BricoCeys,Ceys,1 unidade,"2,59 €","86,33 €/Kg"
"Leite uht, com café, galão alentejano",Serraleite,Embalagem de 1 l,"1,99 €","2,49 €/L"
Pão de forma integral sem côdea,Panrico,Embalagem de 450g,"2,63 €/Kg","2,63 €/Kg"
"Néctar de alperce, tetra",Compal,pack 3 x 200 ml,"0,99 €","0,99 €/L"
"Alimento seco para gato adulto, galinha",Whiskas,"Embalagem de 1,75 kg","12,99 €","4,33 €/Kg"
Detergente líquido manual loiça lavanda e alecrim,Fairy,Embalagem de 650 ml,"0,99 €","1,98 €/L"
"Máquina depilatória descartável, 2beauty, 5 unidades",Wilkinson,1 embalagem,"12,99 €","12,99 €/Unidade"
Lixívia Spray Mousse,Neoblanc,Embalagem de 700ml,"1,74 €","0,35 €/L"
Lava tudo tijoleira,Cif,1.1 L,"1,39 €","1,26 €/L"
Bandida do pomar frutos vermelhos lata 50cl,Bandida,Garrafa de 500 ml,"1,59 €","3,18 €/L"
Framboesa mirtilo com xarope de milho,Cemporcent,Embalagem de 230g,"5,99 €","19,97 €/Kg"
Tampões Compak Pearl Regular Com Aplicador,Tampax,16 unidades,"1,39 €","1,39 €/Unidade"
"Alimento húmido para gato 7+, aves",Whiskas,Embalagem de 400g,"3,49 €","10,26 €/Kg"
Iogurte grego oikos stracciatella,Danone,Embalagem de 4 x 110 g,"1,49 €","2,98 €/Kg"
Bolacha digestiva de aveia/chocolate,Gullon,Embalagem de 430g,"1,19 €","5,95 €/Kg"
Lasanha,Nacional,Embalagem de 400g,"0,89 €","1,78 €/Kg"
Leite bem essencial chocolate,Mimosa,Embalagem de 200 ml,"0,49 €","2,45 €/L"
Barrita controlo de peso chocolate,Ignoramu,Embalagem de 44g,"0,69 €","1,73 €/Kg"
Massa fusilli tricolor,Milaneza,Embalagem de 500g,"0,89 €","1,78 €/Kg"
Aguardente velha,S.domingos,Garrafa de 700 ml,"12,79 €","18,27 €/L"
"Chocolate m&m s, amendoim",M&m' s,Embalagem de 45 g,"1,05 €","21,00 €/Kg"
Infusão nº 5 emagrecimento,Cemporcent,Embalagem de 10 unidades,"0,99 €","76,15 €/Kg"
Ração para Cão Delicate rico em Salmão,Purina One,Embalagem de 800g,"22,99 €","1,15 €/Kg"
Gel de banho naturals amêndoa e leite,Palmolive,500 ml,"6,99 €","9,32 €/L"
"Iogurte, sabor a tutti-fruti",PorSi,Embalagem de 4 x 125 g,"1,87 €","1,25 €/Kg"
Manga Barco,Fruta do Dia,1 un = 500 gr (aprox.),"2,29 €/Kg","2,29 €/Kg"
Tortitas de arroz chocolate negro,PorSi Viva Bem,130 g,"1,45 €","11,15 €/Kg"
Veículo Speed Fury,Pinypon Action,1 unidade,"11,59 €","11,59 €/Unidade"
Doce de abóbora c/ noz,Quinta de Jugais,Embalagem de 280g,"2,19 €","9,95 €/Kg"
Papel higiénico macio absorvente,PorSi,12 rolos,"1,99 €","1,99 €/Unidade"
"Vinho regional península de setúbal, colheita seleci...",Adega de Pegões,Garrafa de 0.75 l,"2,99 €","3,99 €/L"
Resguardo para mesa,PorSi,Dim.: 140 x 300 cm,"29,99 €","29,99 €/Unidade"
Pano multiusos felpo,PorSi,1 unidade,"1,64 €","1,64 €/Unidade"
Arroz doce especial,Saludaes,Embalagem de 500g,"0,99 €","0,99 €/Kg"
Condicionador spray penteia fácil,Johnson's Baby,Embalagem de 200 ml,"4,39 €","21,95 €/L"
Mistura solúvel c/ 20% café pó,PorSi,Embalagem de 200g,"1,64 €","6,56 €/Kg"
"Vinho Douro, Private Collection, Tinto",Selecção de Enófilos,Garrafa de 0.75 l,"2,99 €","3,99 €/L"
"Creme de noite, age perfect",L'oreal,Embalagem de 50 ml,"2,99 €","59,80 €/L"
Bolachas marinheiras integrais,Cemporcent,Embalagem de 200g,"1,45 €","11,15 €/Kg"
Batata frita lisa,PorSi,Embalagem de 90g,"1,06 €","5,73 €/Kg"
Bolacha recheada mega duo cacau,Gullon,Embalagem de 500g,"2,15 €","2,87 €/Kg"
Álcool Etílico Sanitário,PorSi,200 ml,"0,99 €","1,98 €/L"
Papel Fotocópia A4 |80g,Navigator,,"0,89 €","0,89 €/Unidade"
Bebida de Amêndoa,PorSi Viva Bem,1 litro,"1,19 €","1,86 €/L"
Arroz carolino,Caçarola,Embalagem de 1kg,"0,99 €","0,99 €/Kg"
Iogurte pedaços frutos vermelhos,PorSi,Embalagem de 8 x 125 g,"4,36 €","2,18 €/Kg"
Rebuçados de mentol,PorSi,Embalagem de 250g,"0,77 €","3,85 €/Kg"
Chá infusão nº3 prostal control,Cemporcent,Embalagem de 13g,"58,44 €/Kg","58,44 €/Kg"
Vinagre de sidra,PorSi,500 ml,"0,35 €","0,70 €/L"
Máquina Depilatória Extra Smooth Sensitive,Gillette,1 unidade,"5,49 €","5,49 €/Unidade"
Chocolate de leite e amêndoas,Milka,Embalagem de 125g,"0,65 €","6,50 €/Kg"
Pá do Lixo C/ Cabo,PorSi,1 un.,"2,20 €","2,20 €/Unidade"
Ambientador spray aerosol white bouquet,Air Wick,Garrafa de 240 ml,"0,99 €","3,30 €/L"
Posta de atum ao natural,PorSi,Embalagem de 120g,"0,89 €","7,42 €/Kg"
"Elixir bocal, menta",Labell,Embalagem de 500 ml,"5,99 €","11,98 €/L"
20 saquetas infusão limão gengibre,Lipton,Embalagem de 40g,"44,50 €/Kg","44,50 €/Kg"
Kit de viagem,Colgate,pasta dentífrica + escova,"3,49 €","3,49 €/Unidade"
Alimento lácteo banana +6 meses,Yogolino,Embalagem de 4 x 100 g,"2,89 €","7,23 €/Kg"
Creme de cenoura,PorSi,Embalagem de 400 g,"1,19 €","2,98 €/Kg"
Mistura de cogumelos,PorSi,Embalagem de 400g,"1,89 €","1,89 €/Kg"
Gelatina tutti-fruti,PorSi,Embalagem de 170g,"0,55 €","61,11 €/Kg"
Gin dry,Gibson's,Garrafa de 700 ml,"19,79 €","19,79 €/L"
Nata uht carbonara,Parmalat,Embalagem de 200 ml,"0,75 €","3,75 €/L"
Tablete de chocolate branco,Schogetten,Embalagem de 100g,"0,99 €","9,90 €/Kg"
Sultana Dourada,PorSi,Embalagem de 200g,"0,79 €","3,95 €/Kg"
Bolachas água e sal doces,Vieira,Embalagem de 170g,"1,19 €","5,95 €/Kg"
20 saquetas infusão camomila,Lipton,Embalagem de 10g,"0,99 €","76,15 €/Kg"
Brandy Family,Martha's,"Garrafa de 0,70L c/ Oferta 1 Copo","11,99 €","17,13 €/L"
Farinha para pão rústico,Nacional,Embalagem de 1 kg,"0,85 €","0,85 €/Kg"
Dragon Slime,Clementoni,1 unidade,"11,59 €","11,59 €/Unidade"
"Queijinho, yoco suisse maxi, morango",Nestle,Embalagem de 4 x 90 g,"1,05 €","1,86 €/L"
Sumo essencial manga,Compal,pack 3 x 0.11 l,"0,99 €","0,99 €/L"
Guardanapos,PorSi,,"0,69 €","0,69 €/Unidade"
Whisky,J&B,Garrafa de 1 l,"11,49 €","16,41 €/L"
Recarga para ambientador elétrico flor de cerejeira,Air Wick,19 ml,"5,99 €","23,96 €/L"
Chocolate para culinária 85% cacau sem glúten,Regina,embalagem de 200 g,"1,04 €","8,32 €/Kg"
Inseticida Aerossol Rapid Moscas e Mosquitos,Raid,1 Embalagem 600ml,"5,09 €","8,48 €/L"
Pipoca doce para  microondas,PorSi,Embalagem de 300g,"0,79 €","7,90 €/Kg"
Cominhos moídos,PorSi,Embalagem de 35g,"0,25 €","0,25 €/Kg"
Chantilly,Royal,Embalagem de 70g,"1,29 €","3,23 €/Kg"
Batata pré-frita cubos,PorSi,Embalagem de 1 kg,"1,39 €","1,39 €/Kg"
"Livro ""Pequenas Histórias de Animais que se Tornaram...",Girassol,1 unidade,"9,95 €","9,95 €/Unidade"
Jogo de Viagem,Monopoly,,"6,99 €","6,99 €/Unidade"
Toalhetes Íntimos Suaves,Corine de Farme,Embalagem com 10 un.,"2,19 €","2,19 €/Unidade"
Collant opac micro 60d cast l,PorSi,Embalagem de 1 unidades,"1,89 €","1,89 €/Unidade"
"Pães para hamburguer com sésamo, 4 unidades",Bimbo,embalagem de 220 g,"2,63 €/Kg","2,63 €/Kg"
Rum Reserva,Diplomático,Garrafa de 0.70L c/ Oferta Carteira,"17,49 €","24,99 €/L"
Bolacha vitalday aveia e chocolate,Gullon,Embalagem de 240g,"3,09 €","10,30 €/Kg"
Tweens Aya Cherry,LOL,1 unidade,"11,59 €","11,59 €/Unidade"
Bagas de goji,Cemporcent,Embalagem de 125 g,"0,79 €","3,95 €/Kg"
Vinho tinto doc dão,Cabriz,Garrafa de 0.75 l,"3,99 €","5,32 €/L"
Chá de frutos vermelhos,Tetley,Embalagem de 30g,"44,50 €/Kg","44,50 €/Kg"
Roller Shoes,Nancy,1 un.,"11,59 €","11,59 €/Unidade"
"12 lápis de cor, 18cm",Domédia,Uma embalagem,"4,69 €","4,69 €/Unidade"
Conjunto Fleurs Du Paradis,Coquette,EAU DE TOILETTE 100 ML + R-ON 10 ML,"9,99 €","9,99 €/Unidade"
Açúcar granulado,Rar,Embalagem de 1kg,"1,49 €","1,49 €/Kg"
Crispies de arroz +,Cemporcent,Embalagem de 250g,"1,94 €","3,88 €/Kg"
Amigos marinhos para banho,Tigex,4 unidades,"5,99 €","5,99 €/Unidade"
Gomas favoritos pica,Haribo,Embalagem de 90g,"1,19 €","3,97 €/Kg"
Toalhitas Bebé Basic,PorSi,Embalagem de 72 unidades,"1,09 €/Unidade","1,09 €/Unidade"
Maionese light,PorSi,Frasco de 414 g,"0,70 €","2,33 €/Kg"
Atum posta em óleo,Noro,Lata com 110 g,"0,89 €","7,42 €/Kg"
Café moagem grossa bio,PorSi Bio,Embalagem de 250g,"9,16 €/Kg","9,16 €/Kg"
Spray power&shine casa de banho,Cif,Garrafa de 750 ml,"0,79 €","0,79 €/L"
Le cassoulet,Claude leg,Embalagem de 840g,"2,35 €","5,60 €/Kg"
Espumoso moscato,Selecção de Enófilos,"Garrafa de 0,75 l","3,99 €","5,32 €/L"
Pilha alcalina hightech lr03x8,Domédia,1 unidade,"1,99 €","1,99 €/Unidade"
Um dia de beleza,Nancy,1 un.,"11,59 €","11,59 €/Unidade"
Anticalcário,Viakal,Embalagem de 500 ml,"0,99 €","0,99 €/L"
Infusão de menta,Tetley,Embalagem de 10g,"0,99 €","76,15 €/Kg"
Iogurte líquido dan'up milkshake straciatella,Danone,Embalagem de 4 x 155 g,"1,17 €","1,83 €/Kg"
Queijo em fatias,Limiano,Embalagem de 400g,"1,56 €","7,80 €/Kg"
Café Solúvel Black Roast,Nescafe,Embalagem de 200g,"1,45 €","14,50 €/Kg"
Chocolate negro 85 % cacau,Cemporcent,Embalagem de 100g,"2,29 €","22,90 €/Kg"
Ambientador auto pinho,PorSi,1 unidade,"2,89 €","2,89 €/Unidade"
Caderno Agrafado Capa Preta |A5 Quadriculado,Domédia,1 unidade,"1,09 €","1,09 €/Unidade"
Álcool Etílico Sanitário,PorSi,200 ml,"0,59 €","1,18 €/L"
"Bolachas aperitivas, simples",Tuc,Embalagem de 100g,"3,09 €","10,30 €/Kg"
Escudo e Luva Capitão América,Avengers,1 un.,"11,59 €","11,59 €/Unidade"
Açucar icing,Rar,Embalagem de 250 g,"1,49 €","1,49 €/Kg"
Ananás 8 rodelas em calda,Nutry,Lata de 822 g,"1,99 €","2,37 €/Kg"
Esoumante prosecco branco,Gancia,Garrafa de 750 ml,"3,99 €","5,32 €/L"
Ice tea pêssego,Lipton,Garrafa de 2 l,"1,14 €","0,76 €/L"
Aperitivos de amendoim com sal e mel,Matutano,Embalagem de 150g,"0,79 €","3,95 €/Kg"
"Refresco em pó, ananás",Tang,Embalagem de 30g,"0,75 €","18,75 €/Kg"
Bebida de cereais e café mokambo intenso,Nestle,Embalagem de 180g,"1,64 €","6,56 €/Kg"
Refresco pó laranja e morango,PorSi,Embalagem de 40g,"0,75 €","18,75 €/Kg"
Nata uht light para culinária,PorSi,embalagem de 200 ml,"0,75 €","3,75 €/L"
Grão de bico,PorSi,Embalagem de 820g,"1,79 €","2,29 €/Kg"
"Cera cabelo, Paste Urban",Axe,Embalagem de 130 ml,"4,99 €","24,95 €/L"
Bandas cera depilatórias corpo pele sensível,Labell,40 unidades,"3,11 €","3,11 €/Unidade"
Aventuras da Anna e Elsa,Lego,1 unidade,"11,59 €","11,59 €/Unidade"
Creme vegetal soja,Planta,Embalagem de 250 gr,"2,09 €","8,36 €/Kg"
"Comida húmida para cão adulto com frango, vaca e bor...",Friskies,Embalagem de 400g,"0,75 €","2,50 €/Kg"
Bolachas oreo,Oreo,Embalagem de 440g,"0,79 €","4,49 €/Kg"
Ambientador recarga bouquet,Air Wick,Garrafa de 250 ml,"5,99 €","23,96 €/L"
Perolas perfumadas fresh,PorSi,Embalagem de 275 g,"8,69 €","1,84 €/Kg"
Recarga Desumidificador Basic,HUMYDRY,embalagem de 3 x 250g,"4,99 €","19,96 €/Kg"
Vinho tinto,PorSi,embalagem de 5 litros,"5,19 €","1,04 €/L"
Leite Bem Essencial morango,Mimosa,Embalagem de 4 x 200 ml,"1,99 €","2,49 €/L"
Tira Nódoas Brancos em Pó,Skip,1 kg,"3,99 €","5,70 €/L"
Manta badi,Today,Dim.: 150 x 200 cm,"29,99 €","29,99 €/Unidade"
Massa filo,JR,Embalagem de 250g,"0,99 €","4,30 €/Kg"
Queijo flamengo ralado,Valformoso,Embalagem de 150g,"1,49 €","7,45 €/Kg"
Microscópio cientifico,Clementoni,1 unidade,"11,59 €","11,59 €/Unidade"
"Bolachas, tubo",Oreo,Embalagem de 150g,"0,79 €","4,49 €/Kg"
Vinho Regional Lisboa Reserva Branco,Marginal,Garrafa de 0.75 l,"4,99 €","6,65 €/L"
Vinho rosé regional península de Setúbal,Selecção de Enófilos,Garrafa de 0.75 l,"2,99 €","3,99 €/L"
Iogurte líquido infantil morango e banana,PorSi,Pack 6 x 100 g,"1,05 €","1,86 €/L"
Tablete de chocolate de leite,Toblerone,Embalagem de 100g,"0,53 €","5,30 €/Kg"
Nata uht,Agros,Garrafa de 200 ml,"0,75 €","3,75 €/L"
Manteiga amendoim cremosa,PorSi,Embalagem de 340g,"10,84 €/Kg","10,84 €/Kg"
Tapioca hidratada sem adição de açúcares,PorSi Viva Bem,Embalagem de 500 g,"0,69 €","1,73 €/Kg"
Cereais fitness chocolate,Nestle,Embalagem de 380g,"5,59 €","8,87 €/Kg"
Bacalhau Especial,Bacalhau da Noruega,1 un = 4 kg (aprox.),"36,23 €","14,49 €/Kg"
Ambientador vela odor animais,PorSi,1 unidade,"4,99 €","4,99 €/Unidade"
Vinho regional península de setúbal branco,J.m.f.,Garrafa de 750 ml,"2,99 €","3,99 €/L"
Gelatina de frutos tropicais,PorSi,Embalagem 2X85G,"0,55 €","61,11 €/Kg"
Chá sene,PLANTANATU,Embalagem Com 10 saquetas,"1,79 €","44,75 €/Kg"
Patê atum em escabeche,La piara,Embalagem de 80g,"1,19 €","13,52 €/Kg"
"Vinagre virgem branco, spray",Paladin,Garrafa de 250 ml,"0,35 €","0,70 €/L"
Soja fina,PorSi Viva Bem,Embalagem de 400 g,"2,09 €","8,36 €/Kg"
Infusão carqueja,Cemporcent,Embalagem de 10 unidades,"0,99 €","76,15 €/Kg"
Escova de dentes infantil 3 a 6 anos,Labell,1 un.,"2,29 €","2,29 €/Unidade"
Dentífrico júnior 7 a 12 anos,Colgate,Embalagem de 50 ml,"0,99 €","0,99 €/Unidade"
Penteados com glitter LOL,Clementoni,1 unidade,"11,59 €","11,59 €/Unidade"
Mochila mirage,*,1 unidade,"19,90 €","19,90 €/Unidade"
Açúcar granulado embalado em papel,Rar,Embalagem de 1 kg,"1,49 €","1,49 €/Kg"
Tablete de chocolate culinário negro,PorSi,Embalagem de 200 g,"1,04 €","8,32 €/Kg"
Papaia Avião,Fruta do Dia,1 un = 500 g (aprox.),"2,29 €/Kg","2,29 €/Kg"
Adoçante com doseador,PorSi,Embalagem 300 comprimidos,"3,99 €","44,33 €/Kg"
Bebida de coco com arroz,PorSi Viva Bem,1 litro,"1,19 €","1,86 €/L"
Livro Hot Wheels,Europrice,,"9,95 €","9,95 €/Unidade"
Farinha p/ bolos fina,Nacional,Embalagem de 1Kg,"0,85 €","0,85 €/Kg"
Manteiga sem sal terra nostra,Terra Nostra,Embalagem de 250g,"1,69 €","6,76 €/Kg"
Crepe chocolate,PorSi,Embalagem de 540g,"2,99 €","5,54 €/Kg"
Escova e pente,Neo Baby,1 unidade,"5,99 €","5,99 €/Unidade"
Tattoo Art,Clementoni,1 unidade,"11,59 €","11,59 €/Unidade"
Chocolate negro 72% cacau,Cemporcent,Embalagem de 100g,"2,29 €","22,90 €/Kg"
Leite e cereais 8 cereais e mel +6 meses,Cerelac,Garrafa de 400 ml,"4,49 €","4,49 €/Kg"
Bebida aveia sem açúcar,Alpro,Embalagem de 1 l,"1,19 €","1,86 €/L"
Pasta dentífrica,Couto,Embalagem de 60 ml,"2,39 €","31,87 €/L"
Estábulo Gelo Elsa e Nokk,Lego,1 unidade,"11,59 €","11,59 €/Unidade"
Bolachas mini prince recheadas com chocolate,PRINCE,Embalagem de 160 g,"0,79 €","5,27 €/Kg"
Pizza de bolonhesa,PorSi,Embalagem de 350g,"2,16 €","6,17 €/Kg"
"Pilha alcalina, hightech lr03x4",Domédia,1 unidade,"1,99 €","1,99 €/Unidade"
Creme culinário soja,PorSi Viva Bem,Embalagem de 200 ml,"3,99 €","26,60 €/L"
Batata frita em azeite,PorSi,Embalagem de 150g,"1,19 €","6,43 €/Kg"
Caramelos de nata,Werthers,Embalagem de 140g,"1,19 €","4,76 €/Kg"
Vinho regional tejo reserva tinto,Casaleiro,Garrafa de 0.75 l,"4,99 €","6,65 €/L"
Molho bechamel,Parmalat,Embalagem de 200 ml,"0,75 €","3,75 €/L"
Papa infantil para preparar com leite +6 meses,Cerelac,Embalagem de 250g,"4,49 €","4,49 €/Kg"
Vinho tinto península de setúbal,Pioneiro,Garrafa de 0.75 l,"2,99 €","3,99 €/L"
Lasanha à bolonhesa,PorSi,Embalagem de 500G,"3,53 €","8,83 €/Kg"
Iogurte líquido yoggi limonada,Nestle,Embalagem de 4 x 160 g,"1,17 €","1,83 €/Kg"
Amendoim cremoso,Cemporcent,Embalagem de 510g,"5,99 €","19,97 €/Kg"
Cera Depilatória,Veet,Embalagem de 250 ml,"3,11 €","3,11 €/Unidade"
Creme Suavizante Picadas de Insectos,Mercurochrome,Embalagem 50 ml,"0,58 €","0,58 €/Unidade"
Liquido em gel para WC Hibisco Rosa,Ambipur,Embalagem de 750 ml,"2,79 €","3,99 €/L"
Iogurte líquido morango/banana,PorSi,Embalagem de 4 x 160 g,"1,17 €","1,83 €/Kg"
Batata frita light,Lay's,Embalagem de 140g,"0,95 €","6,33 €/Kg"
Pilha alcalina classic lr6x4,Domédia,1 unidade,"1,99 €","1,99 €/Unidade"
Creme de coentros sem batata,PorSi,Embalagem de 400 g,"1,19 €","2,98 €/Kg"
Iogurte morango 000%,PorSi Viva Bem,Embalagem de 4 x 125 g,"0,99 €","1,32 €/Kg"
Toalhitas bebé natural care,Huggies,3 x 56 unidades,"1,09 €/Unidade","1,09 €/Unidade"
Lasanha bolonhesa,Iglo,Embalagem de 300g,"3,53 €","8,83 €/Kg"
Tablete de chocolate com avelãs,PorSi,Embalagem de 100 g,"0,65 €","6,50 €/Kg"
Sobremesa de Arroz Doce,PorSi,Embalagem 2X135G,"0,55 €","2,75 €/Kg"
Moscatel de setúbal,Alambre,"Garrafa de 0,75L","5,99 €","7,99 €/L"
Néctar clássico pêssego,Compal,200 ml,"0,99 €","0,99 €/L"
Jogo 4 Tapetes Alcatifa,PorSi,1 unidade,"7,49 €","7,49 €/Unidade"
Super Cola 3 Mini Trio Power Flex,Loctite,Embalagem de 3x1 g,"2,59 €","86,33 €/Kg"
Bolachas cream cracker,PorSi,Embalagem de 200g,"0,39 €","3,12 €/Kg"
Lasanha à bolonhesa,PorSi,Embalagem de 1 kg,"3,53 €","8,83 €/Kg"
Ambulância,Dickie Toys,30 cm,"11,59 €","11,59 €/Unidade"
Amaciador concentrado spa,PorSi,80 doses,"1,99 €","1,00 €/L"
Tratamento diamante força extra,Tresemmé,Embalagem de 180 ml,"1,00 €","5,00 €/L"
Creme Rosto Dia Pele Mista Antirrugas Q10 Plus,Nivea,Embalagem de 50 ml,"2,99 €","59,80 €/L"
Snack gato sticks carne 6x5g porsi,PorSi,Embalagem de 30g,"0,99 €","16,50 €/Kg"
Protetor de colchão pvc,Analar,Dim.: 100 x 200 cm,"29,99 €","29,99 €/Unidade"
Vinho Regional de Lisboa Branco,Mundus,"Garrafa de 0,75L","2,12 €/L","2,12 €/L"
"Creme depilatório para duche, peles sensiveis",Veet,Garrafa de 150 ml,"10,99 €","73,27 €/L"
Ambientador tealights canela,PorSi,embalagem com 18 unidades,"4,99 €","4,99 €/Unidade"
Caramelos de fruta multisabor single,Sugus,Embalagem de 50g,"1,10 €","4,40 €/Kg"
Cola universal,Uhu,Embalagem de 20 ml,"2,19 €","109,50 €/L"
Cerveja sem álcool,Cheers,Pack 6 x 0.33 l,"5,99 €","3,03 €/L"
Sabonete nutri amêndoas doces,Labell,Embalagem de 400 g,"4,49 €","12,47 €/Kg"
Máquina depilatória Miss Soleil,Bic,3 + 1 unidades,"12,99 €","12,99 €/Unidade"
Pensos peles sensíveis sortidos,PorSi,20 unidades,"0,59 €","1,18 €/L"
Gelatina pronta a comer light 10 kcal morango,Royal,Embalagem de 4 x 100 g,"0,85 €","2,13 €/Kg"
Soja líquido frutos exóticos,PorSi Viva Bem,Embalagem de 4 x 150 ml,"2,36 €","3,93 €/L"
Intensificador de fragrância máquina lavar roupa pér...,Comfort,Embalagem de 275 g,"3,09 €","3,09 €/Kg"
Azeite virgem extra dop moura,PorSi Select,Embalagem de 0.75L,"3,19 €","4,25 €/L"
Lombo curado fatiado,PorSi,100 g,"2,59 €","25,90 €/Kg"
Leite Hidratante After Sun,Ambre Solaire,Embalagem de 200 ml,"9,99 €","49,95 €/L"
Martelo perfurador,Einhell Kids,1 unidade,"11,59 €","11,59 €/Unidade"
Bloco sanitário com suporte azul,WC Pato,Embalagem de 40 g,"2,99 €","74,75 €/Kg"
Mistura de sementes,PorSi Viva Bem,Embalagem de 200 g,"1,59 €","10,60 €/Kg"
Mistura solúvel bolero,Nestle,Embalagem de 200g,"1,64 €","6,56 €/Kg"
Delta cappuccino 10x14g,Delta,Embalagem de 140g,"3,19 €","25,52 €/Kg"
Sabonete líquido Marselha e Azeitona,Labell,Embalagem de 500 ml,"1,09 €","2,18 €/L"
Nuggets pescada panada,Pescanova,Embalagem de 1Kg,"1,79 €","7,16 €/Kg"
Caramelos de leite,Penha,Embalagem de 100g,"1,19 €","4,76 €/Kg"
"Salsichas em frasco bockwurst, 5 un",Izidoro,Embalagem de 250g,"0,75 €","3,75 €/Kg"
Caderno Espiral Universal A5 Quadriculado,Domédia,1 un.,"1,09 €","1,09 €/Unidade"
Água s/ gás,Luso,"Garrafa de 5,4 l","1,04 €","0,17 €/L"
Insuflável lounge candy,Bestway,1 unidade,"9,99 €","9,99 €/Unidade"
Tablete de chocolate leite com amêndoas,PorSi Select,200 g,"0,65 €","6,50 €/Kg"
Leite C/ Chocolate,Mimosa,Embalagem de 4 x 200 ml,"0,49 €","2,45 €/L"
Crepe maçã e canela,PorSi,Embalagem de 540 g,"2,99 €","5,54 €/Kg"
Polvo limpo,PorSi,Embalagem de 800 g,"5,49 €","6,86 €/Kg"
Azeite virgem extra,Ouro elvas,Garrafa de 750 ml,"3,19 €","4,25 €/L"
Molho bechamel,PorSi,Embalagem de 200g,"0,70 €","2,33 €/Kg"
Creme descolorante,Veet,Garrafa de 150 ml,"10,99 €","73,27 €/L"
Farinheira das beiras,PorSi,Embalagem de 260G,"1,49 €","7,45 €/Kg"
Lixívia Denso-Activa Tradicional p/ Casa e Roupa,Neoblanc,Embalagem de 2 l,"1,74 €","0,35 €/L"
Pilha alcalina heightech lr6x4,Domédia,1 unidade,"1,99 €","1,99 €/Unidade"
4 Potes,Play-Doh,1 Embalagem,"7,99 €","7,99 €/Unidade"
Baby Alive Eu Cresço de Verdade,Hasbro,1 unidade,"11,59 €","11,59 €/Unidade"
Esparregado de espinafres sem lactose,PorSi Viva Bem,Embalagem de 360 g,"0,99 €","1,98 €/Kg"
Esparguete,PorSi,Embalagem de 1 kg,"0,89 €","1,78 €/Kg"
Azeite virgem extra reserva,Gallo,Garrafa de 750 ml,"3,19 €","4,25 €/L"
Mel de néctar multifloral bio,PorSi Bio,Frasco de 250g,"4,89 €","9,78 €/Kg"
Água sem gás,Vitalis,Garrafa de 0.5 l,"1,04 €","0,17 €/L"
Detergente máquina loiça tudo em 1 limão,Sun,70 pastilhas,"1,49 €","5,96 €/L"
Renovador de Camurça em Spray Castanho,Búfalo,Embalagem de 250 ml,"6,19 €","24,76 €/L"
Café em grão,Delta,Embalagem de 250g,"9,16 €/Kg","9,16 €/Kg"
Tostas suecas de trigo,PorSi,Embalagem de 225 g,"2,39 €","6,83 €/Kg"
Queijo mini,Babybel,Embalagem de 6x20 g,"1,45 €","7,25 €/Kg"
Almofada antialérgica,PorSi,45 x 60 cm,"29,99 €","29,99 €/Unidade"
Conjunto 6 formas madalenas,Rioja IMF,1 unidade,"6,90 €","6,90 €/Unidade"
Doce light alperce,PorSi,Embalagem de 340g,"1,39 €","4,09 €/Kg"
Ataque do T-Rex,Playmobil,1 unidade,"11,59 €","11,59 €/Unidade"
Papa infantil não láctea multicereais +6 meses,Cerelac,Embalagem de 250g,"4,49 €","4,49 €/Kg"
Batata frita caseira,PorSi,Embalagem de 180g,"0,87 €","5,44 €/Kg"
"Recarga ambientador eléctrico, alfazema",PorSi,Embalagem de 25 ml,"5,99 €","23,96 €/L"
Bolachas com geleia de framboesa,Chabrior,Embalagem de 150 g,"1,77 €","5,53 €/Kg"
Cebola Granel,Programa Origens,1 un = 250 gr  (aprox.),"1,29 €/Kg","1,29 €/Kg"
Vinho regional de lisboa tinto,Marginal,Garrafa de 750 ml,"4,99 €","6,65 €/L"
Creme para calçado preto,Splendor,80 ml,"0,99 €","19,80 €/L"
Zumo gazpacho alvalle original 1l,ALVALLE,Garrafa de 1 l,"0,84 €","13,55 €/Kg"
Café solúvel viena,Nescafe,Embalagem de 140g,"1,45 €","14,50 €/Kg"
Bolachas de aveia e trigo integral,PorSi Viva Bem,Embalagem de 240g,"3,09 €","10,30 €/Kg"
Abrasivo sanitário pinho e eucalipto,PorSi,embalagem de 1 litro,"0,99 €","0,99 €/L"
Soja nacos,PorSi Viva Bem,Embalagem de 400 g,"2,09 €","8,36 €/Kg"
Tablete de chocolate culinário branco,PorSi,Embalagem de 180 g,"1,04 €","8,32 €/Kg"
Soja polpa fruta,PorSi Viva Bem,Embalagem de 8 x 100 g,"2,36 €","3,93 €/L"
Cereais fitness chocolate preto,Nestle,Embalagem de 375g,"5,59 €","8,87 €/Kg"
Café moído torrado aroma originale,Belissimo,Embalagem de 200g,"9,16 €/Kg","9,16 €/Kg"
Brócolos congelados,PorSi,Embalagem de 1 kg,"1,89 €","1,89 €/Kg"
Tley sene,TLEY,Embalagem de 10 unidades,"0,99 €","23,02 €/Kg"
Vinho frisante rosé,Lapadas,Garrafa de 750 ml,"2,12 €/L","2,12 €/L"
Chá fresh preto e limão,Cemporcent,Embalagem de 18g,"44,50 €/Kg","44,50 €/Kg"
Alimento seco para gato steril,HappyOne,Embalagem de 2 kg,"12,99 €","4,33 €/Kg"
"Tetina Silicone G. Largo, 6/18 Meses",Pommette,Embalagem de 2 unidades,"5,99 €","5,99 €/Unidade"
Vinho maduto tinto,Casal da eira,Embalagem de 1 l,"0,85 €","0,85 €/L"
Vinho verde branco,MIRANDA,"Garrafa de 0,75 l","3,09 €","3,09 €/L"
Água com gás natural pet,P.salgadas,pack 6 x 0.33 l,"2,85 €","2,85 €/L"
Néctar ananás,PorSi,Pack 3 x 200 ml,"0,99 €","0,99 €/L"
Vinho do Porto Branco,Velhotes,"Garrafa de 0,75 l","11,99 €","15,99 €/L"
Sal cristal,PorSi,embalagem de 1 kg,"0,25 €","0,25 €/Kg"
Sidra,Kings Bräu,Pack 6 x 0.33 l,"1,59 €","3,18 €/L"
Vinho rosé,Mateus,Garrafa de 750 ml,"4,29 €","5,72 €/L"
Vermute bianco,Martini,Garrafa de 0.75 l,"7,49 €","10,70 €/L"
Nutella,Nutella,Embalagem de 700g,"10,84 €/Kg","10,84 €/Kg"
Gelado tiramisu,PorSi,Embalagem de 900 ml,"2,29 €","4,58 €/L"
Sal Himalaias Grosso,Origens Bio,1 Embalagem 500G,"2,99 €","5,98 €/Kg"
Barrita controlo de peso chocolate,Ignoramu,Embalagem de 44g,"1,99 €","45,23 €/Kg"
10 saquetas chá frutos vermelhos,Lipton,Embalagem de 10g,"44,50 €/Kg","44,50 €/Kg"
Tira Nódoas em Pó Cores,Skip,1 kg,"3,99 €","5,70 €/L"
Mega Grua,Volvo,32 cm,"11,59 €","11,59 €/Unidade"
Leite uht c/ chocolate,Ucal,Garrafa de 1 l,"0,49 €","2,45 €/L"
Vinho branco bag-in-box,Capataz,Embalagem de 5 l,"5,19 €","1,04 €/L"
Café solúvel sem cafeína,Nescafe,Embalagem de 20g,"1,45 €","14,50 €/Kg"
Refresco em pó de laranja,Tang,Embalagem de 30g,"0,75 €","18,75 €/Kg"
Lula limpa 20/40,PorSi,Embalagem de 800 g,"5,49 €","6,86 €/Kg"
Chocolate negro com coco,Cemporcent,Embalagem de 125g,"2,29 €","22,90 €/Kg"
Faneca,Peixe do Dia,"Vendido ao peso, 1 un = 500 g (aprox.)","6,49 €/Kg","6,49 €/Kg"
Rhum com coco,Malibu,Garrafa de 700 ml,"17,49 €","24,99 €/L"
Rolo cozinha branco 3 folhas,PorSi,3 rolos,"1,09 €","1,09 €/Unidade"
Spray elimina odores do calçado,PorSi,embalagem de 100 ml,"1,49 €","1,49 €/Unidade"
Café Torrado em Grão Indonésia,Delta,Embalagem de 220g,"9,16 €/Kg","9,16 €/Kg"
Sangria branca,Casal Garcia,Garrafa de 750 ml,"2,39 €","1,59 €/L"
Bolachas crackers s/ sal,Du bois,Embalagem de 500g,"0,39 €","3,12 €/Kg"
Bebida energética tropical edition,Red Bull,Garrafa de 250 ml,"1,60 €","3,20 €/L"
Millet (milho painço),Cemporcent,Embalagem de 500g,"1,94 €","3,88 €/Kg"
Codornizes,Aves,1 un. = 150 g (aprox.),"1,05 €","2,99 €/Kg"
Leite condensado magro,Nestle,Embalagem de 390g,"1,09 €","2,75 €/Kg"
Arroz carolino,PorSi,Embalagem de 1 kg,"0,99 €","0,99 €/Kg"
Chá preto frutos vermelhos,PorSi,Embalagem de 40g,"41,67 €/Kg","41,67 €/Kg"
Pão Rústico com Malte,Pão do Dia,1 unidade= 100 g,"0,19 €","2,71 €/Kg"
Vinho regional lisboa branco,Marginal,Garrafa de 750 ml,"4,99 €","6,65 €/L"
Estendal de roupa com abas resina,PorSi,20 metros,"0,89 €","0,89 €/Unidade"
Manjericão,PorSi,50 g,"0,99 €","19,80 €/Kg"
Feijão encarnado,PorSi,Embalagem de 820 g,"1,79 €","2,29 €/Kg"
Flocos de cereais com mel,PorSi,Embalagem de 750g,"2,99 €","3,99 €/Kg"
Gogo SqueeZ Snack Morango,Gogo,Embalagem de 90g,"2,29 €","6,94 €/L"
Caramelo líquido,Royal,Embalagem de 400g,"1,29 €","3,23 €/Kg"
"Frutapura pera, banana e alperce",Bledina,Embalagem de 85g,"2,29 €","6,94 €/L"
Pimenta preta grão,PorSi,Saqueta de 50 g,"0,25 €","0,25 €/Kg"
Cerveja pack económico,Super Bock,pack 6 x 0.33 l,"1,99 €/L","1,99 €/L"
Marmelada com frutose,PorSi Viva Bem,Embalagem de 400g,"1,09 €","2,42 €/Kg"
Gelatina de morango,PorSi,Embalagem de 170g,"0,55 €","61,11 €/Kg"
"Bebida láctea crescimento 1-3 anos, cereais",Nestle,Embalagem de 1 litro,"1,39 €/L","1,39 €/L"
"Palmilha de cortiça com látex, tamanho 36/37",Sonaf,1 unidade,"5,59 €","37,27 €/L"
Búzio Cozido Pescado no Mar,Marisco Fresco,1 un = 250 gr (aprox.),"2,00 €","7,99 €/Kg"
"Espuma cabelo, wet shine",Fru style,Embalagem de 200 ml,"4,99 €","24,95 €/L"
Fralda cueca T5 - 12 a 18 kg,PorSi,20 unidades,"8,99 €","8,99 €/Unidade"
"Sacos do lixo WC canino 5l, 30 unidades",Silvex,Uma embalagem,"1,79 €","1,79 €/Unidade"
"Chave de Fenda Cabo Bimat, 3.0x75mm",Itools,1 unidade,"5,39 €","5,39 €/Unidade"
Bolachas com recheio baunilha,PorSi,Embalagem de 500g,"2,15 €","2,87 €/Kg"
Magnésio + vitaminas,PLANTANATU,Embalagem de 1 unidades,"7,59 €","126,50 €/Kg"
Açúcar mascavado claro,Rar,Embalagem de 500 g,"1,49 €","1,49 €/Kg"
Pasta dentífrica gel kids,Labell,Embalagem de 50 ml,"0,99 €","0,99 €/Unidade"
Espanador XXL + 2 unidades jack junior,Swiffer,1 unidade,"1,64 €","1,64 €/Unidade"
"Limpa vidros, azul",PorSi,Embalagem de 5 l,"3,99 €","0,80 €/L"
Couscous tradicional,Cemporcent,Embalagem de 500g,"1,94 €","3,88 €/Kg"
Hamburgúer de queijo,Cemporcent,Embalagem de 160g,"25,48 €/Kg","25,48 €/Kg"
"Mistura de couve flor, brócolos e cenoura",PorSi,Embalagem de 1 kg,"1,89 €","1,89 €/Kg"
Dentífrico infantil frutas naturais 3 aos 5 anos,Colgate,50 ml,"0,99 €","0,99 €/Unidade"
Lava tudo amigo dos animais,Xanpa,Embalagem de 1 l,"2,59 €","1,30 €/L"
Óleo Performa C3 5w30 Sintético,Galp,Embalagem de 1 l,"5,99 €","5,99 €/L"
"Salsichas aves, frasco com 5 unidad",Izidoro,Embalagem de 250g,"0,75 €","3,75 €/Kg"
"Vinho branco região da península de setúbal, bag in ...",Dom Campos,Garrafa de 5 l,"9,49 €","1,90 €/L"
Bio miolo amendoa compele,PorSi Bio,Embalagem de 100g,"0,79 €","3,95 €/Kg"
Recarga rolo tira pelos,PorSi,1 unidade,"0,99 €","0,20 €/L"
Ligadura elástica,Hansaplast,1 unidade,"0,59 €","1,18 €/L"
Rum anejo especial,Havana,Garrafa de 700 ml,"17,49 €","24,99 €/L"
Sortido tradição,Frusel,Embalagem de 250 g,"0,87 €","3,49 €/Kg"
Chispalhada,PorSi,Embalagem de 420 g,"2,35 €","5,60 €/Kg"
"Refrigerante sem gás, maracujá e la",Joi,"Garrafa de 1,5 l","1,14 €","0,76 €/L"
Brandy  (36º),Macieira,Garrafa de 700 ml,"11,99 €","17,13 €/L"
Vinho branco região do Dão,Dharma,Garrafa de 0.75 l,"3,99 €","5,32 €/L"
Tequila,On Off,Garrafa de 70 cl,"11,99 €","11,99 €/L"
Salada de Marisco,*,Embalagem de 700 g,"4,99 €","6,24 €/Kg"
Leite com chocolate original,Ucal,Embalagem de 6 x 250 ml,"0,49 €","2,45 €/L"
Farinha de milho 500g,ESPIGA,Embalagem de 500g,"0,85 €","0,85 €/Kg"
Saqueta de puré de fruta | maçã + pera,PorSi,90 g,"0,74 €","8,22 €/Kg"
Spray de lavagem a seco denim,Day 2,200 ml,"1,09 €","2,73 €/Kg"
Tira gorduras dia a dia,Mistolin,Garrafa de 750 ml,"1,29 €","1,72 €/L"
Tablete de chocolate leite,Schogetten,Embalagem de 100g,"0,53 €","5,30 €/Kg"
Bacalhau com azeite e alho,PorSi Select,Lata de 120 g,"0,89 €","7,42 €/Kg"
Hambúrguer de cogumelos,Cemporcent,Embalagem de 160g,"25,48 €/Kg","25,48 €/Kg"
Gel de Banho Coconut Milk,Dove,Embalagem de 750 ml,"6,39 €/L","6,39 €/L"
Whisky 12 anos,Grant's,Garrafa de 0.70 l,"23,99 €","34,27 €/L"
Café moagem normal: original,Buondi,Embalagem de 220g,"9,76 €/Kg","9,76 €/Kg"
Bifanas,Porco,Vendido ao peso a partir de 1 kg,"4,89 €","4,89 €/Kg"
Pasta dentífrica menta fresca,Aquafresh,Embalagem de 75 ml,"2,39 €","31,87 €/L"
Creme Mãos Secrets Abacate,Dove,75 ml,"1,03 €","10,30 €/L"
Leite UHT Meio Gordo,PorSi,1 l,"0,81 €","0,81 €/L"
Dobrada com feijão,Nobre,Embalagem de 420g,"2,35 €","5,60 €/Kg"
Suiço Longo c/ Pepitas de Chocolate,PorSi,1 un. = 100 g,"0,69 €","0,69 €/Unidade"
Iogurte Pedaços Kiwi 0% Matéria Gorda/Açúcares,Danone,4 x 120 g,"4,36 €","2,18 €/Kg"
Creme de corpo exfoliante,Labell,Embalagem de 150 ml,"0,76 €","0,76 €/Unidade"
Refrigerante s/ gás flórida,Sunny d,"Garrafa de 1,25 l","1,14 €","0,76 €/L"
Néctar vital equilibrio manga/laranja,Compal,Embalagem de 1 l,"0,84 €","2,55 €/L"
Arroz de pato,PorSi,Embalagem de 250 g,"2,99 €","11,96 €/Kg"
Mel queiro e rosmaninho,SERRAMEL,Embalagem de 300g,"4,89 €","9,78 €/Kg"
Iogurtes aroma 4 de morango + 4 de banana,PorSi,Embalagem de 8x125g,"1,87 €","1,25 €/Kg"
Casal garcia sweet 750ml/1,Casal Garcia,Garrafa de 750 ml,"3,09 €","3,09 €/L"
Difusor elétrico sem fio para pastilhas,Ezalo,Embalagem de 1 unidades,"10,49 €","17,48 €/L"
Agrafador universal +400 agrafos,Maped,1 unidade,"8,61 €","8,61 €/Unidade"
"Vinho tinto, bag in box",Capela Pias,Garrafa de 5 l,"9,49 €","1,90 €/L"
Vinho branco tejo sauvignon,Fiuza,Garrafa de 750 ml,"4,99 €","6,65 €/L"
Danacol natural,Danone,Embalagem de 6 x 100 g,"4,15 €/Kg","4,15 €/Kg"
Detergente manual de roupa,Omo,Embalagem de 540g,"1,09 €","2,73 €/Kg"
Tábua de engomar,PorSi,Dim.: 110 x 32 cm,"16,50 €","16,50 €/Unidade"
Puré de maçã natural,Cemporcent,Embalagem de 350g,"5,99 €","19,97 €/Kg"
Azeite Virgem Extra Clássico,Gallo,Garrafa de 2 l,"3,19 €","4,25 €/L"
Eclair de Chocolate 75 g,Pastelaria do Dia,,"0,69 €","0,69 €/Unidade"
Café solúvel descafeinado,PorSi,Embalagem de 100G,"1,45 €","14,50 €/Kg"
Lata de Brilho Incolor,Búfalo,Embalagem de 75 ml,"0,99 €","19,80 €/L"
Bicicleta,Paw Patrol,"roda 12""","14,99 €","14,99 €/Unidade"
Em passeio,Steffi Love,1 unidade,"11,59 €","11,59 €/Unidade"
Papa infantil não láctea 8 cereais e mel +6 meses,Cerelac,Embalagem de 250g,"4,49 €","4,49 €/Kg"
Lixívia Roupa delicada,PorSi,Embalagem de 2 l,"1,19 €","0,60 €/L"
"Fita Castanha, 50mmx66m",Vito,1 unidade,"2,59 €","86,33 €/Kg"
Vinho verde branco,Aveleda,Garrafa de 750 ml,"3,09 €","3,09 €/L"
Chá de cidreira e cereja,Lipton,20 saquetas,"0,99 €","23,02 €/Kg"
Cereais estrelitas,Nestle,Embalagem de 550g,"5,07 €/Kg","5,07 €/Kg"
Camarão 40/60,Congelado de Aquicultura,1 un = 250 gr  (aprox.),"2,00 €","7,99 €/Kg"
Café torrado lote chávena saco,Delta,Embalagem de 250g,"9,16 €/Kg","9,16 €/Kg"
"Salsichas bockwurst em frasco, 8 unidades",Izidoro,Embalagem de 400g,"0,75 €","3,75 €/Kg"
Batata frita light,PorSi,Embalagem de 150g,"0,95 €","6,33 €/Kg"
Lava tudo brilhante madeiras,PorSi,Embalagem de 1.1 litros,"0,99 €","0,50 €/L"
24 Caldos de carne,PorSi,Embalagem de 255  g,"3,84 €","24,00 €/Kg"
Néctar de pêssego,PorSi,Pack 3 x 200 ml,"0,99 €","0,99 €/L"
Bebida de soja comcálcio,Frias,Garrafa de 1 l,"1,19 €","1,86 €/L"
Sobremesa gelatina de ananás,PorSi,Embalagem 4X100G,"0,85 €","2,13 €/Kg"
Melaço de cana,Cemporcent,Embalagem de 370g,"5,99 €","19,97 €/Kg"
Esferográfica 4 Cores Multi-Function,Bic,1 un.,"2,49 €","2,49 €/Unidade"
Detergentes máquina lavar loiça ecológico,PorSi,26 pastilhas,"1,49 €","5,96 €/L"
Toalhitas Limpeza Aquas,Kandoo,Embalagem c/ 50 un.,"1,09 €/Unidade","1,09 €/Unidade"
Inseticida multi-insectos,Dum Dum,Garrafa de 400 ml,"5,09 €","8,48 €/L"
Massa quebrada margarina,PorSi,Embalagem de 230 g,"0,99 €","4,30 €/Kg"
Polvilho doce,Do Brasil,500 g,"0,85 €","0,85 €/Kg"
Banheira,Kiokids,62 X 43 X 40 CM,"5,99 €","5,99 €/Unidade"
Elixir total proteção placa bacteriana,Colgate,500 ml,"5,99 €","11,98 €/L"
Folhado de salsicha,PorSi,Embalagem de 6x60 g,"1,79 €","7,16 €/Kg"
Grão de bico,Legumes secos,1 un = 100 gr. (aprox.),"0,22 €","2,19 €/Kg"
"Formas de alumínio rectangulares com tampa, 600ml , ...",PorSi,Uma embalagem,"1,11 €","1,11 €/Unidade"
"Mini rissóis de carne, 20 unidades",PorSi,Embalagem de 300 g,"1,79 €","7,16 €/Kg"
Pilhas Alcalinas AA Optimum,Duracell,Blister 4 Pilhas,"1,99 €","1,99 €/Unidade"
Batata Branca,Legumes do Dia,10 kg,"1,29 €/Kg","1,29 €/Kg"
Sabonete calmante de lavanda,Labell,Embalagem de 4x100 g,"4,49 €","12,47 €/Kg"
Cereais Forma Natura,PorSi,500 g,"5,59 €","8,87 €/Kg"
Legumes verdes para sopa,PorSi,Embalagem de 1 kg,"1,89 €","1,89 €/Kg"
Extra vitamina de a a z,PLANTANATU,Embalagem de 1 unidades,"7,59 €","126,50 €/Kg"
Bandas de cera fria facial,Labell,Embalagem com 20 un. + 4 toalhitas de acabamento,"3,11 €","3,11 €/Unidade"
Desentupidor express gel elimina odores,Destop,1 litro,"4,89 €","6,52 €/L"
"Vinho doc loureiro, verde",Selecção de Enófilos,Garrafa de 0.75 l,"3,09 €","3,09 €/L"
Mousse de chocolate preto,Páturages,Embalagem de 4x60 g,"1,19 €","2,59 €/Kg"
"Escova de dentes, proteção global média, 2 unidades",Labell,Uma embalagem,"3,49 €","3,49 €/Unidade"
Spray casa de banho brilhante,Sonasol,Embalagem de 500 ml,"0,99 €","0,50 €/L"
Trinca de arroz,PorSi,Embalagem de 1 kg,"22,99 €","1,15 €/Kg"
Mix panquecas proteicas,Cemporcent,Embalagem de 500g,"1,94 €","3,88 €/Kg"
"Sunny delight blue raspberry, pet 31cl",Sunny d,Garrafa de 310 ml,"0,92 €","2,97 €/L"
Esparguete com legumes,Cemporcent,Embalagem de 250g,"1,94 €","3,88 €/Kg"
"Toalhitas intimas, 20 unidades",Labell,Uma embalagem,"2,19 €","2,19 €/Unidade"
Barras de cereais alperce,Chabrior,Embalagem de 130g,"1,06 €","8,15 €/Kg"
Soquete mousse 20d musk t. único,PorSi,3 unidades,"1,89 €","1,89 €/Unidade"
Papel higiénico reciclado 2 folhas,PorSi,12 rolos,"1,99 €","1,99 €/Unidade"
Mochila Estilo Americano,Mitos,1 unidade,"19,90 €","19,90 €/Unidade"
Ovos Frescos Classe M,PorSi,12 unidades,"2,19 €","2,19 €/Unidade"
Carrinho de Compras Estrutura em Aço e Saco em Tela,MJG,Cor: vermelho,"12,99 €","12,99 €/Unidade"
Fralda Cueca Activity Extra Tamanho 4,Dodot,Embalagem com 45 uni.,"8,99 €","8,99 €/Unidade"
Couve de bruxelas,PorSi,Embalagem de 750 g,"1,89 €","1,89 €/Kg"
Chocolate culinário 70% cacau,Pantagruel,Embalagem de 200g,"1,04 €","8,32 €/Kg"
20 saquetas chá de limão,Lipton,Embalagem de 40g,"44,50 €/Kg","44,50 €/Kg"
Snack para gato original,Felix,Embalagem de 60g,"0,99 €","16,50 €/Kg"
Barco Kondor 1000,Bestway,1 unidade,"9,99 €","9,99 €/Unidade"
Bebida de Aveia,PorSi Viva Bem,1 l,"1,59 €","1,59 €/L"
Cacau em pó,Pantagruel,Embalagem de 130g,"1,04 €","8,32 €/Kg"
Salada de fruta em calda,PorSi,Lata com 820 g,"1,99 €","2,37 €/Kg"
Vela em número nº1,PorSi,1 unidade,"0,60 €","0,60 €/Unidade"
Chá verde pyr bring the boost,Lipton,Embalagem de 30g,"0,99 €","23,02 €/Kg"
Pensos térmicos alívio da dor muscular 13x10cm,PorSi,Embalagem de 2 unidades,"0,59 €","1,18 €/L"
Penso de incontinência maxi,Ausonia Discreet,Embalagem de 8 un.,"1,95 €","1,95 €/Unidade"
Robalo de Viveiro,Programa Origens,1 un= 400 gr (aprox.),"6,49 €/Kg","6,49 €/Kg"
Caramelos de nata,PorSi,Embalagem de 250g,"1,19 €","4,76 €/Kg"
"Hamburgers de porco, 4x80g",PorSi,Embalagem de 320 g,"2,79 €","8,72 €/Kg"
"Iogurte pedaços, frutimax muesli",PorSi,Embalagem de 4 x 125 g,"4,36 €","2,18 €/Kg"
Comida húmida para gato seleção de aves,Gourmet mp,Embalagem de 300g,"3,49 €","10,26 €/Kg"
Feijão Verde,Legumes do Dia,1 un = 250 gr  (aprox.),"1,00 €","2,49 €/Kg"
Cocktail melão,Bar Royal,Garrafa de 750 ml,"11,99 €","11,99 €/L"
Queijo fresco ligth,PorSi,Embalagem de 4 x 62.5 g,"2,39 €","19,92 €/Kg"
Esferográfica Preta Média,Mab,Embalagem com 4 un.,"2,49 €","2,49 €/Unidade"
Pasta dentífrica herbal,Colgate,Embalagem de 75 ml,"2,39 €","31,87 €/L"
Castanhas,PorSi,Embalagem de 500G,"3,29 €","4,39 €/Kg"
Creme Mãos Secrets Coco,Dove,75 ml,"1,03 €","10,30 €/L"
Fruta para bebé maçã cenoura manga +6 meses,Nestle,Embalagem de 90g,"0,74 €","8,22 €/Kg"
"Vela com número, nº 7",PorSi,1 unidade,"0,60 €","0,60 €/Unidade"
Mix de frutas para smothie,PorSi,Embalagem de 450 g,"3,29 €","4,39 €/Kg"
Creme de amendoim cremoso 340g,Skippy,Embalagem de 340g,"10,84 €/Kg","10,84 €/Kg"
Leite seleccionado magro,Matinal,Garrafa de 1 l,"0,81 €","0,81 €/L"
Tira nódoas em spray cores,Neoblanc,Embalagem de 700 ml,"3,99 €","5,70 €/L"
Recarga de esfregona universal,Vileda,1 unidade,"0,89 €","0,89 €/Unidade"
20 mini rissóis de camarão,PorSi,Embalagem de 300 g,"1,79 €","7,16 €/Kg"
Discos Sanitários Activos Aparelho Marinho,WC Pato,Embalagem de 36 ml,"2,99 €","74,75 €/Kg"
Rebuçados recheio mel,PorSi,Embalagem de 200g,"0,77 €","3,85 €/Kg"
Polvo limpo,PorSi,Embalagem de 1 kg,"5,49 €","6,86 €/Kg"
Toalhitas limpa moveis,PorSi,Embalagem de 24 unidades,"1,39 €","1,26 €/L"
Caixa de arrumação reciclada,PorSi,20 litros,"17,99 €/Unidade","17,99 €/Unidade"
15 douradinhos,Capitão Iglo,Embalagem de 420g,"1,79 €","7,16 €/Kg"
Sumo natural de uva preta bio,Cemporcent,Garrafa de 200 ml,"1,19 €","1,86 €/L"
Shampô azul concentrado,PorSi,Embalagem de 1 l,"3,99 €","0,80 €/L"
Lima,Fruta do Dia,1 un = 200 gr (aprox.),"0,72 €","3,59 €/Kg"
Alimento seco p/ cão raça pequena,PorSi Select,Embalagem de 3kg,"22,99 €","1,15 €/Kg"
"Bolachas chiquilin, com 2 chocolates",Artiach,Embalagem de 150g,"2,15 €","2,87 €/Kg"
Pasta Dentífrica Menta Suave,Aquafresh,Embalagem de 75 ml,"2,39 €","31,87 €/L"
Alho-francês,PorSi,Embalagem de 750 g,"1,89 €","1,89 €/Kg"
Ice tea de limão,PorSi,"Embalagem de 1,5 l","1,14 €","0,76 €/L"
Fiambre da perna extra,PorSi,Pack Poupança de 2 x 170 g,"1,39 €","6,95 €/Kg"
Ambientador auto limão,PorSi,1 unidade,"2,89 €","2,89 €/Unidade"
Cha infusão vermelho,Cemporcent,Embalagem com 10 saquetas,"58,44 €/Kg","58,44 €/Kg"
Vinho rosé,Gatão,Garrafa de 0.75 l,"4,29 €","5,72 €/L"
Esferográfica Vermelha Retratil 0.7mm,Mab,Embalagem com 1 un.,"2,49 €","2,49 €/Unidade"
Ração para gato júnior com frango,Purina One,Embalagem de 800 g,"12,99 €","4,33 €/Kg"
Vinho Vinha da Fonte Setúbal tinto,Casa Ermelinda Freitas,Garrafa de 0.75 l,"2,99 €","3,99 €/L"
20 saquetas chá detox,Lipton,Embalagem de 30g,"58,44 €/Kg","58,44 €/Kg"
Yopro líquido manga,Danone,Embalagem de 300g,"1,17 €","1,83 €/Kg"
Faca cozinha 15 cm madeira,PorSi,1 unidade,"16,99 €","16,99 €/Unidade"
Chá peso dia,PLANTANATU,Embalagem de 10 unidades,"1,79 €","44,75 €/Kg"
Limpa Máquina Loiça Regular,Finish,,"1,49 €","5,96 €/L"
Nestum zero espelta/aveia,Nestum,Embalagem de 250 g,"4,49 €","4,49 €/Kg"
Batata pré-frita palito,PorSi,Embalagem de 1 kg,"1,39 €","1,39 €/Kg"
"Livro ""Era uma Vez… Contos Intemporais""",Yoyo Books,1 unidade,"9,95 €","9,95 €/Unidade"
"Pensos, 20 unidades",Hansaplast,1 embalagem,"0,59 €","1,18 €/L"
Peito peru fumado fatias finas cuida-te +,Nobre,Embalagem de 110g,"2,25 €","11,25 €/Kg"
Bacalhau posta média,PorSi,Embalagem de 800g,"6,39 €","7,99 €/Kg"
Rebuçados peitorais,Dr.bayard,Embalagem de 100g,"0,77 €","3,85 €/Kg"
Água oxigenada,Labell,Embalagem de 500 ml,"0,59 €","1,18 €/L"
Leite Hidratante Delicadeza de Aveia,Ultra Suave,Embalagem de 400 ml,"12,48 €/L","12,48 €/L"
Moscatel favaios,Favaios,Garrafa de 750 ml,"5,99 €","7,99 €/L"
"Tablete de chocolate, black-white",Schogetten,Embalagem de 100g,"0,53 €","5,30 €/Kg"
Lixívia com detergente,PorSi,Embalagem de 2 l,"2,59 €","1,30 €/L"
Achocolatado intenso 40% cacau,Nestle,Embalagem de 330g,"5,39 €","7,19 €/Kg"
Nata uht p/ bater 0% lactose,Parmalat,Embalagem de 200 ml,"0,75 €","3,75 €/L"
Fralda Cueca Banho Splashers T4,Dodot,1 Embalagem c/11 unidades,"8,99 €","8,99 €/Unidade"
Spray Protect&Bronze FP30,Nivea Sun,1 Embalagem 300ml,"21,49 €","71,63 €/L"
Cereais recheados com chocolate e avelã,PorSi,Embalagem de 400g,"5,07 €/Kg","5,07 €/Kg"
Bolachas com recheio de chocolate,PorSi,Embalagem de 500g,"2,15 €","2,87 €/Kg"
"Bombons de chocolate, praleine",Schogetten,Embalagem de 100g,"0,53 €","5,30 €/Kg"
Manteiga magra,PorSi,Embalagem de 250g,"1,69 €","6,76 €/Kg"
Bolachas digestive go aveia,Triunfo,Embalagem de 170g,"1,19 €","5,95 €/Kg"
Xarope grenadine,Paquito,Garrafa de 750 ml,"4,89 €","6,61 €/L"
Luvas descartáveis extra long m/g,Vileda,10 unidade,"4,29 €","4,29 €/Unidade"
Bolacha Maria Integral,PorSi,Embalagem de 600g,"1,19 €","5,95 €/Kg"
Iogurte liquido natural açucarado,PorSi,Embalagem de 1 kg,"0,99 €","1,98 €/Kg"
"Batata frita, receita camponesa",Lay's,Embalagem de 250g,"1,19 €","6,43 €/Kg"
Nestum aveia e morango,Nestum,Embalagem de 250g,"2,99 €","3,99 €/Kg"
Chip choco diet nature,Gullon,Embalagem de 130g,"0,90 €","6,00 €/Kg"
Cola de Contacto Liquida,Vito,1 unidade,"2,59 €","86,33 €/Kg"
Papel vegetal esquiço A4,Papelaria Fernandes,56 folhas,"1,09 €","1,09 €/Unidade"
"Acendalha branca, 32 cubos",PorSi,Uma embalagem,"0,75 €","0,75 €/Unidade"
Leite uht meio gordo,Agros,Embalagem 1L,"0,81 €","0,81 €/L"
Beterraba sem Rama,Legumes do Dia,1 un=250 gr (aprox.),"0,49 €","4,85 €/Kg"
Alimento para cão adulto alta energia,HappyOne,Embalagem de 10 kg,"22,99 €","1,15 €/Kg"
Leite uht meio gordo,Serraleite,Embalagem de 1 l,"0,81 €","0,81 €/L"
Leite com chocolate,Agros,Embalagem de 200 ml,"0,49 €","2,45 €/L"
Ambientador vela citronela,PorSi,1 unidade,"4,99 €","4,99 €/Unidade"
Manteiga com sal,Gresso,Embalagem de 250g,"1,69 €","6,76 €/Kg"
Recarga p/ Esfregona |Suave,Vileda,,"0,89 €","0,89 €/Unidade"
"Tesoura de escritório, 21cm",Domédia,1 unidade,"2,19 €","109,50 €/L"
Óleo especial fritura,Fula,Garrafa de 1 l,"3,39 €","3,39 €/L"
Forra livros,Mab,,"0,89 €","0,89 €/Unidade"
Molas plásticas amarelas,PorSi,50 unidades,"0,89 €","0,89 €/Unidade"
Camião c/ Escavadora Luz e som,Volvo,32 cm,"11,59 €","11,59 €/Unidade"
Rebuçados floco de neve,Vieira,Embalagem de 250g,"1,59 €","6,36 €/Kg"
Super articulações,PLANTANATU,Embalagem de 1 unidades,"7,59 €","126,50 €/Kg"
Rebuçados de café,Villa,Embalagem de 200 g,"1,59 €","6,36 €/Kg"
Bolacha Maria,Cuetara,Embalagem de 200g,"1,69 €","2,11 €/Kg"
Creme vegetal para culinária,PorSi,Embalagem de 1 kg,"2,89 €","2,89 €/Kg"
Vinho doc dão tinto,Grao vasco,Garrafa de 750 ml,"3,99 €","5,32 €/L"
Cereais fitness,Nestle,Embalagem de 630g,"5,59 €","8,87 €/Kg"
Cereais cookie crisp,Nestle,Embalagem de 380g,"5,07 €/Kg","5,07 €/Kg"
Palito la reine,PorSi,Embalagem de 400 g,"0,69 €","3,45 €/Kg"
Bloco Sanitário Ativo Lavanda,Sonasol,Embalagem de 50 g,"2,99 €","74,75 €/Kg"
Chocolate Branco e Óreo,Milka,Embalagem de 100g,"0,99 €","9,90 €/Kg"
Pilha alcalina classic lr6x8,Domédia,1 unidade,"1,99 €","1,99 €/Unidade"
Rebuçados mentho-lyus sem açúcar,Halls,Embalagem de 31 g,"0,77 €","3,85 €/Kg"
Azeite Virgem,Oliveira da Serra,Embalagem de 750 ml,"3,19 €","4,25 €/L"
Baguete de alho,Panike,Embalagem de 350g,"3,40 €/Kg","3,40 €/Kg"
Bebida de aveia,Frias,Garrafa de 1 l,"1,19 €","1,86 €/L"
Mesa c/ 2 Bancos,*,"Dim.: 200 x 50 x 76,5 cm","82,99 €","82,99 €/Unidade"
Pilha alcalina classic lr03x4,Domédia,1 unidade,"1,99 €","1,99 €/Unidade"
Biscoito para Cão Mini Sticks,Purina One,Embalagem de 90 g,"0,94 €","5,22 €/Kg"
Refrigerante c/ gás de laranja zero,Fanta,"Garrafa de 1,5 l","0,79 €","0,40 €/L"
Cerveja c/ álcool radler,Sagres,pack 6 x 0.33 l,"1,99 €/L","1,99 €/L"
Pargo Mulato,Peixe do Dia,1un = 800 gr (aprox.),"6,49 €/Kg","6,49 €/Kg"
Leite uht c/ chocolate,Ucal,Embalagem de 3 x 250 ml,"0,49 €","2,45 €/L"
Leite c/ chocolate,Gresso,Pack 4X200ml,"0,49 €","2,45 €/L"
Aguardente vínica velha,Alianca v.,Garrafa de 700 ml,"12,79 €","18,27 €/L"
Manteiga c/sal,Terra Nostra,Embalagem de 250g,"1,69 €","6,76 €/Kg"
Vinagre de vinho tinto,Cristal,Garrafa de 500 ml,"0,35 €","0,70 €/L"
10 cápsulas café qanela,Delta Q,Embalagem de 60g,"59,82 €/Kg","59,82 €/Kg"
Ervilhas primavera 500g,Iglo,Embalagem de 500g,"1,89 €","1,89 €/Kg"
"Paezinhos azeite, alho e salsa",PorSi,Embalagem de 160g,"2,39 €","6,83 €/Kg"
Leite condensado cozido,PorSi,Embalagem de 397 g,"1,09 €","2,75 €/Kg"
Galão enriquecido em cálcio,Ucal,Embalagem de 3 x 200 ml,"0,49 €","2,45 €/L"
"Fita Papel, 50mmx50m",Vito,1 unidade,"2,59 €","86,33 €/Kg"
Spray Limpa Placa Indução,Induclean,450 ml,"1,29 €","1,72 €/L"
Cola Universal,Uhu,Embalagem de 2x20ml,"2,19 €","109,50 €/L"
Linhaça dourada moída,Cemporcent,Embalagem de 200g,"2,29 €","11,45 €/Kg"
Alecrim vaso aromáticas vivas,Aroma viva,Embalagem de 1 unidades,"1,49 €","1,49 €/Unidade"
Sopa da pedra,PorSi,Embalagem de 420 g,"2,35 €","5,60 €/Kg"
Sabonete,Feno,Embalagem de 4x90 g,"4,49 €","12,47 €/Kg"
Camisola segunda pelo mousse muskade 30D t. único,PorSi,1 unidade,"1,89 €","1,89 €/Unidade"
Moto Polícia,Playmobil,1 unidade,"11,59 €","11,59 €/Unidade"
Bandas de cera fria bikini peles sensíveis,Veet,Embalagem de 16 unidades,"3,11 €","3,11 €/Unidade"
Café torrado 5 estrelas moagem normal,Sical,Embalagem de 250g,"9,16 €/Kg","9,16 €/Kg"
Galão,PorSi,16 cápsulas,"3,19 €","25,52 €/Kg"
Balões latex azul,PorSi,Embalagem com 24 unidades,"0,59 €","0,59 €/Unidade"
Areia para gatos biodegradável vegetal,PorSi,Embalagem de 8 litros,"1,19 €","0,24 €/Kg"
Snack dentabits 40g,Whiskas,Embalagem de 40g,"0,99 €","16,50 €/Kg"
Iogurtes magros aroma manga,PorSi Viva Bem,Embalagem de 6 x 125 g,"0,99 €","1,32 €/Kg"
Nectar multivitaminas,Paquito,Embalagem de 2 l,"0,99 €","0,99 €/L"
Feijão com dobrada,PorSi,Embalagem de 420 g,"2,35 €","5,60 €/Kg"
Leite creme,Royal,Embalagem de 90g,"0,79 €","5,27 €/Kg"
Whisky,Grants,Garrafa de 1 l,"11,49 €","16,41 €/L"
Massa Fresca Tagliatelle,PorSi,Embalagem de 250 g,"0,99 €","4,30 €/Kg"
Manteiga com sal,Primor,Embalagem de 250g,"1,69 €","6,76 €/Kg"
"Refeição pronta, boião de frango e arroz",Bledina,Embalagem de 200g,"1,89 €","9,95 €/Kg"
"Sumo 100%, laranja",PorSi,"Embalagem de 1,5 l","1,09 €","0,73 €/L"
10 salsichas de porco em lata,PorSi,Embalagem de 250G,"0,75 €","3,75 €/Kg"
Óleo p/ Moto Performa M2T,Galp,Embalagem de 1 l,"5,99 €","5,99 €/L"
T-Rex e Pteranodon,Clementoni,1 unidade,"11,59 €","11,59 €/Unidade"
Grelo de Couve Programa Origens,PorSi,1 un = 1 kg (aprox.),"0,75 €","2,49 €/Kg"
Camião Transportador Mini Racers,Hot Wheels,1 unidade,"11,59 €","11,59 €/Unidade"
Leite e cereais bolacha maria +6 meses,Cerelac,Garrafa de 400 ml,"4,49 €","4,49 €/Kg"
Bolacha waffer bites avelã,Waferland,Embalagem de 125g,"0,98 €","4,67 €/Kg"
Caixa de Ameixa C/ Caroço,Ferbar,Embalagem de 230 g,"0,87 €","3,49 €/Kg"
12 douradinhos forníssimo,Capitão Iglo,Embalagem de 300g,"9,30 €/Kg","9,30 €/Kg"
Espuma de barbear para peles sensíveis,Labell Men,Embalagem de 250 ml,"1,16 €","4,64 €/L"
Água com gás,Pedras salgadas,Embalagem de 4x1L,"2,85 €","2,85 €/L"
Snack para gato mixed grill,Felix,Embalagem de 60 g,"0,99 €","16,50 €/Kg"
Queijo mascarpone,Galbani,Embalagem de 250 g,"1,59 €","6,36 €/Kg"
Bebida láctea crescimento 3 anos+,Nestle,Embalagem de 1 litro,"1,39 €/L","1,39 €/L"
Queijo chevre,Palhais,Embalagem de 180g,"1,89 €","10,50 €/Kg"
Ambientador spray pure flor de cerejeira,PorSi,250 ml,"0,99 €","3,30 €/L"
Protector Solar Clássico FPS 30,Ambre Solaire,Embalagem de 200 ml,"13,99 €","69,95 €/L"
Bolacha de milho sem sal bio,Cemporcent,Embalagem de 110g,"1,45 €","11,15 €/Kg"
Sangria branca,PorSi,Garrafa de 1.5 litros,"2,39 €","1,59 €/L"
Mariscada,PorSi,Embalagem de 800g,"4,99 €","6,24 €/Kg"
Mopa Maxi XXL + 8 Panos,Swiffer,1 unidade,"2,20 €","2,20 €/Unidade"
Leite especial crescimento +3 anos,Mimosa,Garrafa de 1 l,"1,39 €/L","1,39 €/L"
Calendário do advento,Clementoni,1 unidade,"11,59 €","11,59 €/Unidade"
Fashion Show Style La Rose,LOL,1 unidade,"11,59 €","11,59 €/Unidade"
Licor de coco,On Off,"Garrafa de 0,70 l","16,99 €","24,27 €/L"
Pista dinossauro,HTI,com 3 carros,"11,59 €","11,59 €/Unidade"
8 pães de leite,PorSi,Embalagem de 280 g,"2,59 €","7,40 €/Kg"
Spray para vidros,PorSi,750 ml,"3,19 €","6,38 €/L"
Aguardente Vínica Velha,Martha's,"Garrafa 0,70L c/ Caixa de Madeira","12,79 €","18,27 €/L"
Ambientador Elétrico Lavanda e Aloe,Glade,1 unidade,"3,74 €","3,74 €/Unidade"
Milho tenro e doce,Bonduelle,Embalagem de 300 g,"1,79 €","2,29 €/Kg"
"Gel banho, hidratante",Labell,Embalagem de 750 ml,"6,39 €/L","6,39 €/L"
Vinho regional lisboa tinto reserva,Critterium,Garrafa de 0.75 l,"4,99 €","6,65 €/L"
Ambientador aerossol 5 em 1 flor laranjeira,PorSi,300 ml,"0,99 €","3,30 €/L"
Fashionista,Barbie,1 unidade,"11,59 €","11,59 €/Unidade"
Sopa de cozido,Knorr,Embalagem de 70g,"0,84 €","13,55 €/Kg"
Sopa de cebola económica,Knorr,Embalagem de 50g,"0,84 €","13,55 €/Kg"
Spray desinfetante cozinha,Lysol,Embalagem de 500 ml,"1,29 €","1,72 €/L"
Água mineral sem gás,Serra de Fafe,Embalagem de 6x0.5l,"1,04 €","0,17 €/L"
Bolacha infantil dinossaurus mini dino cereais,Artiach,Embalagem de 120g,"1,89 €","15,75 €/Kg"
Manteiga fácil de barrar,President,Embalagem de 250g,"1,69 €","6,76 €/Kg"
Set Criativo,Rainbow High,1 unidade,"11,59 €","11,59 €/Unidade"
Presunto fatiado,PorSi,Embalagem de 200g,"2,79 €","13,95 €/Kg"
Salsichas de quinoa bio,Cemporcent,Embalagem de 200g,"25,48 €/Kg","25,48 €/Kg"
Mostarda de Dijon,PorSi Select,190 g,"0,70 €","2,33 €/Kg"
Pipocas doces,Orcape,Embalagem de 100g,"0,79 €","7,90 €/Kg"
Sopa de agriao,PorSi,Embalagem de 400g,"1,19 €","2,98 €/Kg"
Molho mil ilhas,PorSi,Garrafa de 120 ml,"0,70 €","2,33 €/Kg"
Vinho regional península de setúbal tinto,J.m.f.,Garrafa de 750 ml,"2,99 €","3,99 €/L"
Pensos higiénicos liberty normal abas,Evax,Embalagem com 12 un.,"4,99 €","4,99 €/Unidade"
Mochila Infantil Surf Camp,Safta,1 unidade,"19,90 €","19,90 €/Unidade"
Vinho verde,Felgueiras,Garrafa de 0.75 l,"3,09 €","3,09 €/L"
Lava tudo antibacteriano herbal,PorSi,Garrafa de 1.5 l,"0,99 €","0,50 €/L"
Aperfeiçoador BB Cream Médio,Garnier,Embalagem de 50 ml,"2,99 €","59,80 €/L"
Vassoura Simples Pluma,PorSi,unidade,"2,20 €","2,20 €/Unidade"
Arroz vaporizado,Cigala,Embalagem de 1 kg,"0,99 €","0,99 €/Kg"
Massa aletria,PorSi,Embalagem de 500g,"0,89 €","1,78 €/Kg"
Chocolate culinário,Nestle,Embalagem de 200g,"1,04 €","8,32 €/Kg"
Cone baunilha,PorSi,embalagem 6 x 120 ml,"5,99 €","16,64 €/L"
Massa meada,PorSi,Embalagem de 500g,"0,89 €","1,78 €/Kg"
Iogurte activia natural,Danone,Embalagem de 4 x 120 g,"2,49 €","5,19 €/Kg"
Atum posta ao natural,Bom petisc,Embalagem de 120 g,"0,89 €","7,42 €/Kg"
Gin dry bombay(40º) 0.70l,Bombay,Garrafa de 700 ml,"19,79 €","19,79 €/L"
Cenoura baby,PorSi,Embalagem de 400 g,"1,89 €","1,89 €/Kg"
Bolachas cream cracker,PorSi,Embalagem de 600g,"0,39 €","3,12 €/Kg"
Lustrante Pneus,PorSi,Embalagem de 1 l,"3,99 €","0,80 €/L"
Spray renova camurça preta,PorSi,Embalagem de 200 ml,"6,19 €","24,76 €/L"
Nan 1 optipro leite inf.optipro desde nascim.800g,NAN,Embalagem de 800g,"20,99 €","26,24 €/Kg"
"Vinho rosé, região península de setúbal, bag in box",Dom Campos,Garrafa de 5 l,"9,49 €","1,90 €/L"
Sumo natural de uva preta bio,Cemporcent,Garrafa de 1 l,"1,19 €","1,86 €/L"
Tablete chocolate de iogurte morango,Milka,Embalagem de 100g,"0,53 €","5,30 €/Kg"
"Queijo light, mini",Babybel,Embalagem de 120g,"2,39 €","19,92 €/Kg"
Tablete de chocolate leite com avelã,PorSi Select,200 g,"0,65 €","6,50 €/Kg"
Gomas tijolos ácidos,PorSi,Embalagem de 300 g,"1,19 €","3,97 €/Kg"
Mimosa bem especial leite e amêndoa,Mimosa,Embalagem de 1 litro,"2,19 €","2,19 €/L"
Separadores Index Verde + Amarelo,Post-It,1 un.,"2,19 €","109,50 €/L"
Red Fish Grande,Peixe Congelado,1 un = 500 gr (aprox.),"3,99 €/Kg","3,99 €/Kg"
"Pasta de arquivo, lombada estreita, azul",Domédia,1 unidade,"0,89 €","0,89 €/Unidade"
Topping p/saladas cebola frita,Florette,Embalagem de 70g,"3,84 €","24,00 €/Kg"
Dentifríco 2 em 1 original,Theramed,Embalagem de 75 ml,"3,39 €","45,20 €/L"
Bolo Rainha,PorSi,750 g,"7,99 €","10,65 €/Kg"
Alho moído,PorSi,Frasco com 45 g,"0,25 €","0,25 €/Kg"
Elixir Nightly Reset,Listerine,400 ml,"5,99 €","11,98 €/L"
"Inseticída, vaporizador, extra gt",Biokill,Garrafa de 380 ml,"5,09 €","8,48 €/L"
Mochila Re.Cycling Rose,Firmo,1 unidade,"19,90 €","19,90 €/Unidade"
Biscoito para cão nuggets,Purina One,Embalagem de 90g,"0,94 €","5,22 €/Kg"
Chocolate culinário em pó,PorSi,Embalagem de 125 g,"1,04 €","8,32 €/Kg"
Cobertura tábua de engomar,PorSi,Dim.: 130 x 47 cm,"16,50 €","16,50 €/Unidade"
Spray nature cozinha,Cif,embalagem de 750 ml,"0,79 €","0,79 €/L"
X-ato mini para esquerdinos,Maped,9 mm,"2,19 €","109,50 €/L"
Marmelada,Quinta de Jugais,Embalagem de 500g,"1,09 €","2,42 €/Kg"
Flocos de batata para puré,PorSi,Embalagem de 500g,"1,89 €","1,89 €/Kg"
Mistura solúvel mokambo,Nestle,Embalagem de 200g,"1,64 €","6,56 €/Kg"
Mistura de frutos exóticos,PorSi,Embalagem de 450 g,"3,29 €","4,39 €/Kg"
Mousse cabelo caracois,Labell,Embalagem de 200ml,"4,99 €","24,95 €/L"
Melão verde,Fruta do Dia,Vendido ao peso | 1 un = 2.5 kg (aprox.),"6,23 €","2,49 €/Kg"
Conjunto piquenique,Codil,Conjunto com 13 peças,"8,99 €","8,99 €/Unidade"
Rocher t8 100g,Ferrero Rocher,Embalagem de 100g,"1,49 €","29,80 €/Kg"
Gel desinfectante de mãos,Top Brands,Garrafa de 75 ml,"0,99 €","1,98 €/L"
Bebida energética original,Burn,Garrafa de 500 ml,"1,60 €","3,20 €/L"
"Pasta de arquivo, lombada estreita, azul",Domédia,1 unidade,"2,29 €","2,29 €/Unidade"
Whisky,F.grouse,Garrafa de 1 litro,"11,49 €","16,41 €/L"
Caixa de Alperce,Ferbar,Embalagem de 230 g,"0,87 €","3,49 €/Kg"
"Inseticida max, concentrado sensitive",Dum Dum,Garrafa de 400 ml,"5,09 €","8,48 €/L"
Triceratops e Velociraptor,Clementoni,1 unidade,"11,59 €","11,59 €/Unidade"
Queijo de cabra alho e ervas,Monforqueijo,180 g,"1,89 €","10,50 €/Kg"
Mistolin tira gorduras desinfetante,Mistolin,Garrafa de 550 ml,"1,79 €","2,39 €/L"
Bolachas choco mini estrelas,Milka,Embalagem de 190g,"2,15 €","2,87 €/Kg"
Massas espirais tricolores,PorSi,Embalagem 500G,"0,89 €","1,78 €/Kg"
Mariscada,PorSi,Embalagem de 800g,"2,19 €","8,59 €/Kg"
Desinfetante de frutas e vegetais,Clean Essence,500 ml,"0,49 €","4,85 €/Kg"
Simple bite amêndoa e framboesa,Simple,Embalagem de 35g,"1,06 €","8,15 €/Kg"
"Papel vegetal, 8mt",Silvex,1 unidade,"1,11 €","1,11 €/Unidade"
Saco Térmico Flexível Vermelho,Campingaz,1 unidade (cap.:15L),"12,00 €","12,00 €/Unidade"
Salsichas de porco,Nobre,Lata de 250g,"0,75 €","3,75 €/Kg"
Simple bite cacau e avelãs,Simple,Embalagem de 35g,"1,06 €","8,15 €/Kg"
Natas uht com cogumelos,Parmalat,Embalagem de 200 ml,"0,75 €","3,75 €/L"
Mochila Infantil Carro c/ Alças,Safta,1 unidade,"19,90 €","19,90 €/Unidade"
Néctar light manga/laranja,Compal,330 ml,"0,84 €","2,55 €/L"
Vinagre de sidra pet,Paladin,Garrafa de 500 ml,"0,35 €","0,70 €/L"
Óleo 10w40 Semi-Sintectico,PorSi,Embalagem de 1 l,"5,99 €","5,99 €/L"
Lava tudo limão verde,Cif,"Garrafa de 1,4 l","0,99 €","0,50 €/L"
Alimento seco para cão alta energia,PorSi,Embalagem de 10kg,"22,99 €","1,15 €/Kg"
Massa para pizza,PorSi,Embalagem de 260 g,"0,99 €","4,30 €/Kg"
5 folhas de gelatina incolor,PorSi,Embalagem de 9 g,"0,55 €","61,11 €/Kg"
Pudim de baunilha,PorSi,Embalagem de 90g,"0,59 €","29,50 €/Kg"
"Luvas multiusos relevo antiderrapante, tamanho peque...",PorSi,Embalagem de 1 unidades,"4,29 €","4,29 €/Unidade"
Lava tudo lavanda,Cif,"Garrafa de 1,4 l","0,99 €","0,50 €/L"
"Esferográfica, 4 cores",Bic,1 unidade,"2,49 €","2,49 €/Unidade"
Cola glitter,Maped,9 unidades,"2,19 €","109,50 €/L"
Luvas descartáveis extra long p/m,Vileda,10 unidade,"4,29 €","4,29 €/Unidade"
Lava tudo brilhante madeiras,PorSi,Embalagem de 1.1 litros,"1,39 €","1,26 €/L"
Biscoitos de cacau,PorSi,Embalagem de 750g,"0,69 €","3,45 €/Kg"
Pudim baunilha,Boca Doce,Embalagem de 20g,"0,59 €","29,50 €/Kg"
As minhas primeiras receitas - refeição legumes com ...,Nestle,Embalagem de 190g,"1,89 €","9,95 €/Kg"
Macchiato café arábica,PorSi,250 ml,"3,19 €","25,52 €/Kg"
Mel em frasco de vidro,Jorge v.f.,Embalagem de 500g,"4,89 €","9,78 €/Kg"
Bebida de soja de amêndoa,Alpro,Embalagem de 1 litro,"2,49 €","2,49 €/L"
Fio dentario 50m,Colgate,1 unidade,"3,49 €","3,49 €/Unidade"
Tratamento para piscinas infantis,Gre,Pack c/ 5 Doses,"9,99 €","9,99 €/Unidade"
Lixívia perfumada,PorSi,Embalagem de 5 l,"2,59 €","1,30 €/L"
Vinho doc alentejo tinto,T.bolotas,Garrafa de 0.75 l,"2,89 €","3,85 €/L"
Miolo camarao gig.15/30 250g,Pescanova,Embalagem de 250 g,"8,99 €","25,69 €/Kg"
Queijo mozzarella fatias,PorSi,Embalagem de 200 g,"1,56 €","7,80 €/Kg"
Nutripuffs de banana 8 meses s/ açúcar,Cerelac,Embalagem de 7g,"0,74 €","8,22 €/Kg"
Bolachas tosta rica,Cuetara,Embalagem de 570g,"1,89 €","15,75 €/Kg"
"Espuma cabelo, hidra caracóis",Fru style,Embalagem de 200 ml,"4,99 €","24,95 €/L"
Batatas forno ervas,Lay's,Embalagem de 130g,"1,19 €","6,43 €/Kg"
Moscatel Roxo Setúbal,Alambre,Garrafa de 750 ml,"5,99 €","7,99 €/L"
Moscatel do Douro,Selecção de Enófilos,"Garrafa de 0,75 l","5,99 €","7,99 €/L"
Sangria,Casal Garcia,Garrafa de 750 ml,"2,39 €","1,59 €/L"
Ambientador Anti-Tabaco,Ambipur,1 un.,"2,89 €","2,89 €/Unidade"
Manteiga magra,Mimosa,Embalagem de 250g,"1,69 €","6,76 €/Kg"
Favas ultracongeladas,PorSi,Embalagem de 400g,"1,89 €","1,89 €/Kg"
Queijo feta dop grego,Kolios,Embalagem de 200g,"1,49 €","7,45 €/Kg"
Café torrado em grão,PorSi,Embalagem de 1 kg,"9,16 €/Kg","9,16 €/Kg"
Queijo flamengo 0% lactose,PorSi Viva Bem,Embalagem de 150 g,"1,56 €","7,80 €/Kg"
Água mineral sem gás,Serra de Fafe,"Embalagem de 6x0,33 l","1,04 €","0,17 €/L"
Miolo de mexilhão,PorSi,Embalagem de 250 g,"4,99 €","6,24 €/Kg"
Minifresh-ambientador multiusos,Abelhinha,1 unidade,"1,99 €","1,99 €/Unidade"
Cubos pão trigo tostado,PorSi,Embalagem de 150g,"2,39 €","6,83 €/Kg"
Esparguete integral,Cemporcent,Embalagem de 500g,"1,94 €","3,88 €/Kg"
Sardinhas em azeite,PorSi,Embalagem de 120g,"0,89 €","7,42 €/Kg"
"Escova dentes, rotativa global, dura, 2 unidades",Labell,1 embalagem,"3,49 €","3,49 €/Unidade"
8 rissóis de camarão,PorSi,Embalagem de 300g,"1,79 €","7,16 €/Kg"
Molho bechamel,PorSi,Embalagem de 500 ml,"0,75 €","3,75 €/L"
Jogo de Viagem,Monopoly,,"9,99 €","9,99 €/Unidade"
Quad drive,Beyblade,1 un.,"11,59 €","11,59 €/Unidade"
Gelado magnum mini double chocolate e caramelo,Olá,Embalagem de 6 x 60 ml,"5,99 €","16,64 €/L"
Sultana Preta,PorSi,Embalagem de 200g,"0,79 €","3,95 €/Kg"
Leite especial cálcio + vitamina d m/g,Mimosa,Garrafa de 1 l,"1,29 €","1,29 €/L"
Madalenas de Laranja,Brioxa,12 Unidades - Embalagem de 500 g,"2,05 €","5,13 €/Kg"
Stevia chocolate negro,Cemporcent,Embalagem de 100g,"2,29 €","22,90 €/Kg"
"Coloração permanente, louro claro, nº80",Nutrisse,1 unidade,"9,49 €/Unidade","9,49 €/Unidade"
Callippo super mix,Olá,Embalagem de 5 x 105 ml,"5,99 €","16,64 €/L"
"Guardanapos brancos, 33x33cm, 2 folhas, 90 unidades",Renova,Uma embalagem,"0,69 €","0,69 €/Unidade"
Liquido abrilhantador castanho,PorSi,75 ml,"0,99 €","330,00 €/Kg"
Collant opac microfibras preto 60D,PorSi,Tamanho: m,"1,89 €","1,89 €/Unidade"
Sortido,Cuetara,Embalagem de 210g,"10,29 €/Kg","10,29 €/Kg"
Zero snack 35 g chocolate duplo,Prozis,Embalagem de 40g,"0,69 €","1,73 €/Kg"
Inseticida aerossol moscas. melgas e mosquitos,Baygon,Embalagem de 400 ml,"5,09 €","8,48 €/L"
Crescido Asa Branca,Bacalhau da Noruega,1 un=1.5 Kg (aprox.),"36,23 €","14,49 €/Kg"
Torta natas com cobertura de cacau,PorSi,Embalagem de 300g,"2,05 €","5,13 €/Kg"
"Anti-calcário, máquina roupa, gel",Calgon,"Garrafa de 1,5 l","8,69 €","1,84 €/Kg"
Creme Muda Fralda,Baby Dove,Embalagem de 45 g,"0,59 €","5,90 €/L"
Chá verde,PorSi,Embalagem de 37.5 g,"0,99 €","23,02 €/Kg"
Vassoura Especial Lisa,PorSi,unidade,"2,20 €","2,20 €/Unidade"
Aspirador e Acessórios,Play-Doh,1 unidade,"11,59 €","11,59 €/Unidade"
Sacos lixo eco 100 litros,PorSi,10 unidades,"1,79 €","1,79 €/Unidade"
Gressinos com sésamo,PorSi,Embalagem de 250 g,"2,39 €","6,83 €/Kg"
Jipe Assistência Bombeiros,Lego,1 unidade,"11,59 €","11,59 €/Unidade"
Rolo tira pelos 12 folhas,PorSi,1 unidade,"0,99 €","0,20 €/L"
Snack dentastix grande,Pedigree,Embalagem de 270 g,"0,94 €","5,22 €/Kg"
Ameixa Amarela,Fruta da Época,1 un = 250 gr  (aprox.),"0,75 €","2,99 €/Kg"
"Alimento húmido para gato júnior, carne",Whiskas,Embalagem de 400g,"3,49 €","10,26 €/Kg"
Malga arroz pequena de barro pintada,Anitex,1 unidade,"1,90 €","1,90 €/Unidade"
Recarga Desumidificador Aero 360,Rubson,1 unidade,"12,99 €","12,99 €/Unidade"
Molho mad chips top down,Calve,Embalagem de 260g,"0,70 €","2,33 €/Kg"
Desentupidor de fole com cabo,PorSi,1 unidade,"17,00 €","17,00 €/Unidade"
Baunilha em vagem tubo,Nutry,Embalagem de 1 unidades,"0,45 €","5,00 €/Kg"
Vermute rosso,Martini,Embalagem de 10x6 cl,"7,49 €","10,70 €/L"
Douradinhos estaladiços,Capitão Iglo,Embalagem de 340g,"9,30 €/Kg","9,30 €/Kg"
Feijao verde redondo,PorSi,Embalagem de 400g,"1,89 €","1,89 €/Kg"
Estádio,Beyblade,1 un.,"11,59 €","11,59 €/Unidade"
Vinho tinto doc douro,Qta.cotto,Garrafa de 750 ml,"7,49 €","9,99 €/L"
Iogurte mix-in chocapic,Nestle,Embalagem de 2 x 118 g,"1,05 €","1,86 €/L"
Spray limpeza casa de banho,PorSi,750 ml,"1,79 €","2,39 €/L"
Pensos diários salvaslip flexi & fresh normal,Evax,28 unidades,"1,79 €","1,79 €/Unidade"
Agrião,PorSi,Vendido ao peso,"0,75 €","2,49 €/Kg"
Café em cápsulas dolce gusto galão,Nescafe,Embalagem de 16 cápsulas,"59,82 €/Kg","59,82 €/Kg"
"Cerveja com álcool, lata",Super Bock,Garrafa de 330 ml,"1,99 €/L","1,99 €/L"
Filetes de pescada,PorSi,Embalagem de 400 g,"4,39 €","10,98 €/Kg"
Pastilhas peppermint,CHICLETS,Embalagem de 17 g,"0,89 €","59,33 €/Kg"
Plasticina Kids Cores Sortidas,Bic,Caixa c/ 6 un.,"2,19 €","109,50 €/L"
Veículo todo o terreno,Lego,1 unidade,"11,59 €","11,59 €/Unidade"
Snack Gato Anti Bolas de Pelo,PorSi,Embalagem 60 g,"0,99 €","16,50 €/Kg"
Limpa pavimentos flutuantes,PorSi,Embalagem de 1 litro,"1,79 €","2,39 €/L"
Guardanapos | Dim.: 30 x 33 cm,PorSi,Embalagem com 20 unidades,"0,69 €","0,69 €/Unidade"
Desentupidor canos,Mr.muscle,Embalagem de 1 l,"4,89 €","6,52 €/L"
Lápis de cera color peps,Maped,Embalagem com 24 unidades,"4,69 €","4,69 €/Unidade"
Batata doce frita,PorSi,Embalagem de 150g,"1,06 €","5,73 €/Kg"
Vinho do Porto 10 anos,Cruz,"Garrafa de 0,75L c/ Caixa de Madeira","17,99 €","23,99 €/L"
Rede com pequeno almoço,Écoiffier,1 unidade,"11,59 €","11,59 €/Unidade"
Mel de Rosmaninho,PorSi Select,Frasco de 250 g,"4,89 €","9,78 €/Kg"
Leite com chocolate sem lactose,Ucal,Embalagem de 6 x 250 ml,"2,19 €","2,19 €/L"
Tomate  57/102,*,1 un = 200 gr (aprox.),"0,56 €","2,79 €/Kg"
Ração para gato adulto com bacalhau e legumes,Friskies,Embalagem de 4 kg,"12,99 €","4,33 €/Kg"
Refrigerante s/ gás califórnia,Sunny d,"Garrafa de 1,25 l","1,14 €","0,76 €/L"
Especialidade de soja chocolate,PorSi Viva Bem,Embalagem de 4 x 100 g,"2,36 €","3,93 €/L"
Miolo de avelã,PorSi,Embalagem de 200 g,"0,79 €","3,95 €/Kg"
Bolachas mini prince recheadas com chocolate,PRINCE,Embalagem de 160 g,"1,89 €","15,75 €/Kg"
Caderno Agrafado Capa Preta |A4 Pautado,Domédia,1 unidade,"1,09 €","1,09 €/Unidade"
Amaciador roupa concentrado lírios e morango,PorSi,60 doses,"1,99 €","1,00 €/L"
12 Ovos Frescos Classe S,Campovo,Embalagem c/ 12 Unidades,"1,39 €","1,39 €/Unidade"
Caneca para vinho de barro pintada,Anitex,1 unidade,"2,50 €","2,50 €/Unidade"
Snack para gato chezzy,Felix,Embalagem de 60g,"0,99 €","16,50 €/Kg"
Mortadela fatiada,PorSi,Embalagem de 200 g,"0,95 €","4,75 €/Kg"
Conjunto Batman,Corine de Farme,,"11,59 €","11,59 €/Unidade"
Camarão 60/80,Congelado de Aquicultura,1 un = 250 gr  (aprox.),"2,00 €","7,99 €/Kg"
Luvas Universal Média/Grande,Vileda,1 unidade,"4,29 €","4,29 €/Unidade"
Moelleux de chocolate,PorSi Select,960 g,"2,99 €","5,54 €/Kg"
Leite 0% lactose meio gordo,Mimosa,Embalagem de 200 ml,"2,19 €","2,19 €/L"
Argolas do mar,Pescanova,Embalagem de 400g,"5,49 €","6,86 €/Kg"
Bolacha diet nature recheio creme,Gullon,Embalagem de 210g,"0,79 €","4,49 €/Kg"
Cem porcento-lentilhas vermelhas,Cemporcent,Embalagem de 500g,"1,94 €","3,88 €/Kg"
Entremeada s/ Entrecosto,Porco,Vendido ao peso a partir de 1 kg,"4,89 €","4,89 €/Kg"
"Jogo de Viagem, Quem é Quem?",Hasbro,,"6,99 €","6,99 €/Unidade"
Gelatina limão 10kcal,Royal,Embalagem de 30g,"0,55 €","61,11 €/Kg"
Patê sardinha,La piara,Embalagem de 80g,"1,19 €","13,52 €/Kg"
Pedras limão/chá verde,P.salgadas,pack 4 x 0.25 l,"2,85 €","2,85 €/L"
Óleo de linhaça bio,Cemporcent,Garrafa de 250 ml,"3,39 €","3,39 €/L"
Cogumelos laminados,PorSi,780 g,"1,79 €","2,29 €/Kg"
Bolachas rosquilhas,PorSi,Embalagem de 600g,"1,69 €","6,76 €/Kg"
Penso diário salvaslip multiforma,Evax,embalagem de 58 unidades,"1,79 €","1,79 €/Unidade"
"Bolachas relieve, mel e coco",PorSi,Embalagem de 700g,"3,09 €","10,30 €/Kg"
Concentrado de laranja,Sunquick,Garrafa de 700 ml,"4,89 €","6,61 €/L"
Iogurte líquido de morango,Longa vida,Embalagem de 4 x 160 g,"1,17 €","1,83 €/Kg"
Milho doce,PorSi,Embalagem de 400 g,"1,89 €","1,89 €/Kg"
Nata uht,PorSi,Embalagem de 200 ml,"0,75 €","3,75 €/L"
"Frigideira anti-aderente, 28cm",PorSi,1 unidade,"9,99 €","9,99 €/Unidade"
Vinho do porto dona antónia reserva tinto,Ferreira,Garrafa de 0.75 l,"17,99 €","23,99 €/L"
Edredão microfibra e borreguito branco 200 x 220,VZT,1 un.,"29,99 €","29,99 €/Unidade"
Sabonete Liquido Gel Antibacteriano,Labell,Embalagem de 300 ml,"1,09 €","2,18 €/L"
Bolachas cobertura de chocolate e avelã,PorSi,Embalagem de 150g,"0,79 €","5,27 €/Kg"
Lic.amendoa amarga zimbro,Zimbro,Garrafa de 0.70L,"16,99 €","24,27 €/L"
Pizza de Atum,PorSi,Embalagem de 350 g,"2,16 €","6,17 €/Kg"
Absorve cheiros p/ frigorífico,HUMYDRY,1 unidade,"3,49 €","3,49 €/Unidade"
Nectar clássico maracujá,Compal,Garrafa de 1 l,"1,09 €","0,73 €/L"
10 saquetas infusão de cidreira,Lipton,Embalagem de 20g,"0,99 €","76,15 €/Kg"
Arroz integral extra longo,Cemporcent,Embalagem de 1 kg,"1,94 €","3,88 €/Kg"
"Vinho DOC Bairrada, Branco",Selecção de Enófilos,Garrafa de 0.75 l,"2,92 €/L","2,92 €/L"
Leite magro em pó,Páturages,Embalagem de 300 g,"2,79 €","9,30 €/Kg"
Recarga difusor elétrico recarga citronela,Dum Dum,1 unidade,"10,49 €","17,48 €/L"
Atum posta em óleo,Ramirez,Embalagem de 120g,"0,89 €","7,42 €/Kg"
"Agrafos nº24/6, 2000 unidades",Maped,Uma embalagem,"8,61 €","8,61 €/Unidade"
All bran plus,Kellogg's,Embalagem de 500g,"1,49 €","2,98 €/Kg"
Queijo de cabra com azeite&oregãos,Palhais,Embalagem de 130 g,"1,89 €","10,50 €/Kg"
Desodorizante roll on dermo invisible,Sanex,Embalagem de 50 ml,"79,80 €/L","79,80 €/L"
Tomate inteiro pelado,PorSi,Embalagem de 390 g,"1,79 €","2,29 €/Kg"
Pão de forma s/ côdea,Bimbo,Embalagem de 650 g,"2,63 €/Kg","2,63 €/Kg"
Actimel morango,Danone,Embalagem de 6 x 100g,"4,15 €/Kg","4,15 €/Kg"
Iogurte líquido morango,PorSi,Embalagem de 8x160 ml,"1,17 €","1,83 €/Kg"
Chouriço com feijão,Nobre,Embalagem de 420g,"2,35 €","5,60 €/Kg"
"Vela em número,  nº 0",PorSi,1 unidade,"0,60 €","0,60 €/Unidade"
Batata frita palha,Pala-pala,Embalagem de 500g,"0,87 €","5,44 €/Kg"
"Alimento seco para gato adulto, bio complex, frango ...",HappyOne,Embalagem de 2 kg,"12,99 €","4,33 €/Kg"
Manhãzitos original,Manhazitos,Embalagem 6x2 unidades,"2,05 €","5,13 €/Kg"
Camarão 20/30,Congelado de Aquicultura,1 un = 250 gr  (aprox.),"2,00 €","7,99 €/Kg"
Aguardente Vínica,Mosca,"Garrafa de 0,70L","11,99 €","17,13 €/L"
Pilha alcalina heightch lr14x2,Domédia,1 unidade,"1,99 €","1,99 €/Unidade"
30 cápsulas super rendimento,PLANTANATU,Embalagem de 1 unidades,"7,59 €","126,50 €/Kg"
Batata chef gourmet,MCCAIN,Embalagem de 500 g,"1,39 €","1,39 €/Kg"
Tomate em pedaços,Guloso,Embalagem de 390g,"3,84 €","24,00 €/Kg"
Café moagem universal angola,Delta,Embalagem de 220g,"9,76 €/Kg","9,76 €/Kg"
Alimento seco para gato de salmão,HappyOne,Embalagem de 2 kg,"12,99 €","4,33 €/Kg"
Vinho tinto regional terras dao bib 5l,Silgueiros,Embalagem de 5L,"3,99 €","5,32 €/L"
Maionese Top Down,Calvé,Embalagem de 753 g,"0,70 €","2,33 €/Kg"
Detergente Líquido p/ Loiça Original,Fairy,"Embalagem de 1,19 l","0,99 €","1,98 €/L"
Toucinho do céu,PorSi,Embalagem de 2x100 g,"0,55 €","2,75 €/Kg"
Chá preto com aroma natural e vitamina C,Lipton,Embalagem de 40g,"41,67 €/Kg","41,67 €/Kg"
Supermercado com carrinho,Écoiffier,,"11,59 €","11,59 €/Unidade"
Edredão microfibra e borreguito branco 260 x 240,VZT,1 un.,"29,99 €","29,99 €/Unidade"
"Lixívia para roupa, tradicional verde denso",PorSi,Embalagem de 2L,"1,74 €","0,35 €/L"
Snack para gato frango,Felix,Embalagem de 50g,"0,99 €","16,50 €/Kg"
Pizza 4 estações,PorSi,Embalagem de 350g,"2,16 €","6,17 €/Kg"
Puzzle Impossible La Casa De Papel,Clementoni,1000 peças,"12,99 €","12,99 €/Unidade"
Trinca de arroz,PorSi,Embalagem de 5 kg,"22,99 €","1,15 €/Kg"
Corvina inteira fresca (2 kg),Nossa seleção,Pescado no mar,"6,49 €/Kg","6,49 €/Kg"
Esponja autobrilhante,PorSi,3 g,"0,99 €","330,00 €/Kg"
Corn flakes saco,PorSi,Embalagem de 500g,"1,49 €","2,98 €/Kg"
Camarão moçambique 30/40,PorSi,800 g,"8,99 €","25,69 €/Kg"
Brandy,ON/OFF,Garrafa de 700 ml,"11,99 €","17,13 €/L"
Recarga mopa,PorSi,1 unidade,"0,89 €","0,89 €/Unidade"
Água com gás,PorSi,"Garrafa de 1,5 l","2,85 €","2,85 €/L"
"Bloco sanitário azul, recarga",WC Pato,Embalagem de 2x40 g,"2,99 €","74,75 €/Kg"
Cereais petalas chocolate,PorSi,Embalagem de 625g,"5,07 €/Kg","5,07 €/Kg"
"Fraldas Dry Fit, 3-6kg - Tamanho 2",Chicco,Embalagem de 50 unidades,"13,29 €/Unidade","13,29 €/Unidade"
Fiambre da pá fatiado,PorSi,200 g,"1,39 €","6,95 €/Kg"
Azeite virgem extra seleção,PorSi,Garrafa de 750 ml,"3,19 €","4,25 €/L"
Sistema Solar,Clementoni,1 unidade,"11,59 €","11,59 €/Unidade"
Esferográfica cristal bl 5 az,Bic,1 unidade,"2,49 €","2,49 €/Unidade"
Perca Inteira,Peixe Congelado,de 1 a 3 Kg,"4,39 €","10,98 €/Kg"
Mopa attractive plus completa,Vileda,Embalagem de 1 unidades,"2,20 €","2,20 €/Unidade"
Bolacha infantil dinossaurus mini dino chocolate,Artiach,Embalagem de 120g,"1,89 €","15,75 €/Kg"
"Sumo 100%, tutti-frutti",PorSi,Embalagem de 3 x 200 ml,"1,09 €","0,73 €/L"
Sumo essencial manga,Compal,pack 3 x 0.11 l,"2,29 €","6,94 €/L"
Batata frita caseira rodela,Pala-pala,Embalagem de 300g,"0,87 €","5,44 €/Kg"
Infusão lúcia lima,PorSi,Embalagem de 35 g,"0,99 €","76,15 €/Kg"
Lombos de pescada,PorSi,Embalagem de 400 g,"4,39 €","10,98 €/Kg"
"Pasta dentífrica, máxima proteção, fresca",Colgate,Embalagem de 75 ml,"2,39 €","31,87 €/L"
Queijo flamengo fatiado light,Paiva,Embalagem de 180g,"1,56 €","7,80 €/Kg"
Leite uht gordo,Mimosa,Embalagem de 1 litro,"0,94 €","0,94 €/L"
Escova dentífrica infantil bambu,Colgate,1 unidade,"0,99 €","0,99 €/Unidade"
Gel desinfectante de mãos,Top Brands,Garrafa de 500 ml,"0,99 €","1,98 €/L"
Guardanapos com riscas verdes | Dim.: 33 x 33 cm,PorSi,Embalagem com 20 unidades,"0,69 €","0,69 €/Unidade"
Creme anti-rugas de dia revitalift,L'oreal,Embalagem de 50 ml,"2,99 €","59,80 €/L"
Vinho verde branco loureiro,Q.REGAINHO,Garrafa de 0.75 l,"1,59 €","2,12 €/L"
Vela em número nº9,PorSi,1 unidade,"0,60 €","0,60 €/Unidade"
Bebé,Vicam,c/ Acessórios Médico,"11,59 €","11,59 €/Unidade"
Pack de 3 lâmpadas 7W LED E27,BDC,1 embalagem,"5,99 €","5,99 €/Unidade"
Alho moído,PorSi,Saqueta de 50 g,"0,25 €","0,25 €/Kg"
"Vinho branco regional alentejano, bib",Galitos,Garrafa de 3 l,"5,19 €","1,04 €/L"
Pá económica,PorSi,1 unidade,"2,20 €","2,20 €/Unidade"
Sumo 100% tomate,PorSi,Embalagem de 1.5 l,"1,09 €","0,73 €/L"
Néctar light de manga/laranja prism,PorSi,Embalagem de 1 l,"0,84 €","2,55 €/L"
Salsichas de aves,Nobre,Lata de 200 g,"0,75 €","3,75 €/Kg"
Creme autobrilhante castanho,Splendor,40 ml,"0,99 €","330,00 €/Kg"
"Cerveja sem álcool, preta",Super Bock,pack 6 x 0.33 l,"5,99 €","3,03 €/L"
Hambúrguer de soja,Cemporcent,Embalagem de 160g,"2,09 €","8,36 €/Kg"
Acetona perfumada com doseador,PorSi,Embalagem de 200 ml,"1,89 €","9,45 €/L"
Champô Limão & Argila,Ultra Suave,Embalagem de 400 ml,"5,59 €","22,36 €/L"
Barrita controlo de peso maçã,Ignoramu,Embalagem de 44g,"1,99 €","45,23 €/Kg"
Queijo em fatias,Terra Nostra,Embalagem de 400g,"1,56 €","7,80 €/Kg"
Açorda de camarão,PorSi Select,Embalagem de 300g,"1,79 €","7,16 €/Kg"
Azeite virgem extra seleção,PorSi,Garrafa de 250 ml,"3,19 €","4,25 €/L"
Bicarbonato de sódio,PorSi,Embalagem de 500 g,"1,79 €","2,39 €/L"
Comida húmida para cão de vaca e frango,PorSi,Lata de 400 g,"0,75 €","2,50 €/Kg"
Aperitivos  fritos,Fritos,Embalagem 130G,"0,79 €","7,90 €/Kg"
"Limpa móveis pistola, multissuperfícies",Pronto,Embalagem de 500 ml,"1,19 €","0,79 €/L"
Snack gato salmao,PorSi,Embalagem de 60g,"0,99 €","16,50 €/Kg"
Bolachas cream cracker doses individuais,Vieira,Embalagem de 180g,"0,39 €","3,12 €/Kg"
Ração para cão mini adulto nutri soft com frango,Friskies,"Embalagem de 1,4 kg","22,99 €","1,15 €/Kg"
Bomba de ar de pé,Bestway,1 un.,"8,99 €","8,99 €/Unidade"
Cereais Corn Flakes Original,Kellogg's,Embalagem de 380g,"1,49 €","2,98 €/Kg"
"Sacos para sandes, 100 unidades",PorSi,1 embalagem,"1,11 €","1,11 €/Unidade"
Leite Meio Gordo sem Lactose,Mimosa,Pack 4 x 200 ml,"0,81 €","0,81 €/L"
Cerveja com álcool,Super Bock,Garrafa de 1 l,"1,99 €/L","1,99 €/L"
Lamina Descartáveis Platina,Labell,Pack 10 unidades,"1,16 €","4,64 €/L"
Patê atum,La piara,Embalagem de 80g,"1,19 €","13,52 €/Kg"
Queijinho dadoninho petitdino de morango,Danone,Embalagem de 6 x 50 g,"1,05 €","1,86 €/L"
Azeite Subtil,Gallo,Garrafa de 2 l,"3,19 €","4,25 €/L"
Café moagem universal portugal,Delta,Embalagem de 250g,"9,76 €/Kg","9,76 €/Kg"
Manteiga de amendoim crocante,Prozis,Embalagem de 500g,"10,84 €/Kg","10,84 €/Kg"
Nata uht para bater,Parmalat,Embalagem de 200 ml,"0,75 €","3,75 €/L"
Mirtilos 100% Naturais,PorSi,Embalagem de 250 g,"3,29 €","4,39 €/Kg"
"Sabonete sólido, oliva",Feno,Embalagem de 4x90g,"4,49 €","12,47 €/Kg"
vinho do Porto Ruby,Velhotes,"garrafa de 0,75 l","6,65 €/L","6,65 €/L"
Frutapura maçã e banana,Bledina,Embalagem de 85g,"2,29 €","6,94 €/L"
Pai Natal de Chocolate,PorSi,Embalagem de 60 g,"3,29 €","20,56 €/Kg"
"Sangria tinta, bag in the box",Leziria,Garrafa de 5 l,"2,39 €","1,59 €/L"
Leite de pastagem magro,Terra Nostra,Embalagem de 1 l,"0,81 €","0,81 €/L"
Lixívia Denso-Activa Harmonias Florais p/ Casa e Rou...,Neoblanc,Embalagem de 2 l,"1,74 €","0,35 €/L"
Queijo de cabra curado,PorSi,Embalagem de 2x100 g,"1,89 €","10,50 €/Kg"
Sardinha Pequena,Peixe Congelado,1 un= 250 gr (aprox.),"3,99 €/Kg","3,99 €/Kg"
Iogurte líquido danonino morango,Danone,Embalagem de 4 x 100 g,"1,05 €","1,86 €/L"
Chá Aromatizado Pirâmide Oriente/Canela,PorSi,20 x 2 g,"58,44 €/Kg","58,44 €/Kg"
Mel rosmaninho com doseador,SERRAMEL,Embalagem de 500 g,"4,89 €","9,78 €/Kg"
Néctar clássico tutti-frutti,Compal,330 ml,"0,99 €","0,99 €/L"
Discos de algodão para bebé,PorSi,60 unidades,"5,99 €","5,99 €/Unidade"
Flocos de aveia finos integrais,Cemporcent,Embalagem de 400g,"0,69 €","1,73 €/Kg"
"Escova dentes, proteção global suave, 2 unidades",Labell,1 embalagem,"3,49 €","3,49 €/Unidade"
Pringles original,Pringles,Embalagem de 175g,"1,06 €","5,73 €/Kg"
Pilhas Alcalinas AAA Optimum,Duracell,Blister 4 Pilhas,"1,99 €","1,99 €/Unidade"
Bolachas shortcake cacau,PorSi,Embalagem de 185 g,"1,69 €","6,76 €/Kg"
Chocolate branco com recheio de avelã,Kinder,Embalagem de 160g,"3,29 €","20,56 €/Kg"
Água s/ gás,S.estrela,"Pack 6 x 0,50 l","1,04 €","0,17 €/L"
Salsichas de quinoa bio,Cemporcent,Embalagem de 200g,"2,69 €","7,47 €/Kg"
Tomate triturado,Compal,Embalagem de 500g,"3,84 €","24,00 €/Kg"
Resguardo para bebé,PorSi,Dim.: 60 x 60 cm,"4,99 €","4,99 €/Unidade"
Centro de cuidados com bebé,Baby Nurse Smoby,1 unidade,"11,59 €","11,59 €/Unidade"
Adoçante com doseador,PorSi,Embalagem 100 comprimidos,"3,99 €","44,33 €/Kg"
Coloração Permanente Castanho Escuro |3,Palette,,"9,49 €/Unidade","9,49 €/Unidade"
Multi vitaminas 50+,PLANTANATU,Embalagem de 1 unidades,"7,59 €","126,50 €/Kg"
Limpa fornos,PorSi,500 ml,"1,79 €","2,39 €/L"
Concentrado laranja e pêssego,Sunquick,Garrafa de 580 ml,"4,89 €","6,61 €/L"
Toalhita Azul,Dodot,Embalagem c/ Tampa | 64 un.,"1,09 €/Unidade","1,09 €/Unidade"
"Cobertura tipo chantilly, 2x38g",PorSi,Embalagem de 80g,"1,29 €","3,23 €/Kg"
Vinho de mesa tinto bag in box,Adega grande,Garrafa de 5 l,"5,19 €","1,04 €/L"
Flakes,Cuetara,Embalagem de 500g,"5,07 €/Kg","5,07 €/Kg"
Vinho DOC Bairrada Branco,Marquês de Marialva,Garrafa de 0.75 l,"2,92 €/L","2,92 €/L"
Massa fettuccine,PorSi,Embalagem de 500g,"0,89 €","1,78 €/Kg"
Chocolate negro 90% cacau bio,Cemporcent,Embalagem de 100g,"2,29 €","22,90 €/Kg"
Caixa de arrumação dobrável,Moveo,Cap.: 32 Litros,"17,99 €/Unidade","17,99 €/Unidade"
Caramelo líquido,PorSi,Embalagem de 400g,"1,29 €","3,23 €/Kg"
Orégãos em folha,PorSi,Embalagem de 10g,"0,25 €","0,25 €/Kg"
Bicarbonato de sódio,Globo,Embalagem de 230g,"1,89 €","17,18 €/Kg"
Iogurte pedaços frutas variadas,PorSi,Embalagem de 16 x 125 g,"4,36 €","2,18 €/Kg"
"Jogo de Viagem, Batalha Naval",Hasbro,,"6,99 €","6,99 €/Unidade"
3 Pipetas de Repelente p/ Gato,Repul'7,1 unidade,"7,99 €","7,99 €/Unidade"
"Alimento para gato, Almôndegas de carne",Top Budget,Embalagem de 410g,"3,49 €","10,26 €/Kg"
Bebida de Soja Baunilha,PorSi Viva Bem,1 l,"2,49 €","2,49 €/L"
"Vinho Alentejo, Private Collection, Tinto",Selecção de Enófilos,Garrafa de 0.75 l,"2,99 €","3,99 €/L"
Linhaça castanha moída,Cemporcent,Embalagem de 200g,"2,29 €","11,45 €/Kg"
Maçã Fuji 75/80,Fruta do Dia,1 un = 180 gr (aprox.),"1,30 €/Kg","1,30 €/Kg"
Detergente Líquido p/ Lavar Loiça Platinum Original,Fairy,"Embalagem de 1,015L","0,99 €","1,98 €/L"
Biscoitos integrais aveia e manteiga de amendoim,PorSi Viva Bem,Embalagem de 150g,"1,45 €","11,15 €/Kg"
Lixívia para roupa delicada,Neoblanc,Embalagem de 1 l,"1,19 €","0,60 €/L"
Bolacha vitalday frutos vermelhos,Gullon,Embalagem de 240g,"3,09 €","10,30 €/Kg"
Sumo concentrado de laranja/maracujá,GUD,Garrafa de 740 ml,"4,89 €","6,61 €/L"
Wrap frango,Snock,Embalagem de 170g,"1,89 €","14,54 €/Kg"
Cerveja c/ álcool branca,Franziskan,Garrafa de 500 ml,"1,99 €/L","1,99 €/L"
Azeite virgem extra seleção ouro,Oliveira da Serra,Garrafa de 750 ml,"3,19 €","4,25 €/L"
Recarga mopa Descartável,Vileda,Pack 24 + 6 Grátis,"0,89 €","0,89 €/Unidade"
Bolachas waffers nice baunilha,Dailidoce,Embalagem de 250g,"0,98 €","4,67 €/Kg"
Detergente Liquido Loiça Ultra Poder Limão,Fairy,Embalagem de 600 ml,"0,99 €","1,98 €/L"
Cereais golden e crispy,PorSi,Embalagem de 375 g,"5,07 €/Kg","5,07 €/Kg"
Fortnite Blaster Six Shoote,Nerf,1 unidade,"11,59 €","11,59 €/Unidade"
Açorda de camarão,PorSi Select,380 g,"1,79 €","7,16 €/Kg"
Rolos de papel multiusos 2 folhas,PorSi,1 unidade,"1,09 €","1,09 €/Unidade"
Queijo de cabra curado rolo,PorSi,Embalagem de 180 g,"1,89 €","10,50 €/Kg"
Vinho doc colheita selecionada branco 2016,QT.CURRAIS,Garrafa de 750 ml,"2,92 €/L","2,92 €/L"
Esparguete Clássica,Nacional,Embalagem de 500 g,"0,89 €","1,78 €/Kg"
Fralda Cueca Extra Tamanho 3,Dodot,Embalagem com 64 uni.,"8,99 €","8,99 €/Unidade"
"Vinho Bairrada, Tinto",Selecção de Enófilos,Garrafa de 0.75 l,"2,92 €/L","2,92 €/L"
Cordon bleu,PorSi,Embalagem de 1 kg,"3,53 €","8,83 €/Kg"
Caderno Agrafado Capa Preta |A5 Liso,Domédia,1 unidade,"1,09 €","1,09 €/Unidade"
10 compressas de gaze,PorSi,20 x 20 cm,"0,59 €","1,18 €/L"
Caixa registadora com calculadora e acessórios,Fantástiko,C/ Luz e Som,"11,59 €","11,59 €/Unidade"
Linhaça dourada e moída,Cemporcent,Embalagem de 200g,"2,29 €","11,45 €/Kg"
Aditivo tira nódoas oxi action pink,Vanish,Embalagem de 900 ml,"3,09 €","3,09 €/Kg"
Tablete de chocolate de leite,PorSi Select,Embalagem de 200g,"0,53 €","5,30 €/Kg"
Pilha alcalina classic lr03x8,Domédia,1 unidade,"1,99 €","1,99 €/Unidade"
Batata frita caseira,PorSi,Embalagem de 500g,"0,87 €","5,44 €/Kg"
Cerveja c/ álcool,Super Bock,pack 24 x 0.33 l,"1,99 €/L","1,99 €/L"
Bolacha dourada dietnature,Gullon,Embalagem de 330g,"1,69 €","2,11 €/Kg"
Tempero para Frangos Ervas Aromáticas,PorSi,34 g,"3,84 €","24,00 €/Kg"
Barras de cereais com chocolate preto,PorSi,6 x 23 g,"1,06 €","8,15 €/Kg"
Couve Bróculo,Legumes do Dia,Vendido ao peso,"1,00 €","2,49 €/Kg"
Cornflakes sem açúcar,Cemporcent,Embalagem de 250g,"0,69 €","1,73 €/Kg"
Caixa de arquivo morto,Domédia,1 unidade,"0,89 €","0,89 €/Unidade"
Recarga Ambientador Automático Sparkling Citrus,PorSi,Embalagem de 250 ml,"5,99 €","23,96 €/L"
Doce de morango 60% fruta,Cemporcent,Embalagem de 280g,"5,99 €","19,97 €/Kg"
Batman Helicóptero Rádio Controlo,Mondo,1 unidade,"11,59 €","11,59 €/Unidade"
Massa esparguete,Milaneza,Embalagem de 500g,"0,89 €","1,78 €/Kg"
Ambientador Fresh Water,Arbre Magique,1 unidade,"2,89 €","2,89 €/Unidade"
Café em cápsulas deqafeitatus,Delta Q,Embalagem de 55 g,"59,82 €/Kg","59,82 €/Kg"
Aguardente bagaceira,Dinastia,"Garrafa de 0,70 l","12,79 €","18,27 €/L"
Lança dardos Iron Man,Avengers,1 un.,"11,59 €","11,59 €/Unidade"
Café 5 estrelas grão,Sical,Embalagem de 1 kg,"9,16 €/Kg","9,16 €/Kg"
Detergente liquido loiça limão,PorSi,Garrafa de 1 litro,"0,99 €","1,98 €/L"
Cereais crunch 375g,Nestle,Embalagem de 380g,"5,07 €/Kg","5,07 €/Kg"
"Hamburguers de vaca, 4x80g",PorSi,Embalagem de 320 g,"2,79 €","8,72 €/Kg"
"Linguíca, 4 unidades",PorSi,Embalagem de 180 g,"1,00 €","5,00 €/Kg"
Ananás em rodelas lata,PorSi,Embalagem de 820g,"1,99 €","2,37 €/Kg"
Fiambre da perna extra fatias finas cuida-t+,Nobre,Embalagem de 110g,"1,39 €","6,95 €/Kg"
Princesas do mar,PorSi,Embalagem de 255 g,"2,19 €","8,59 €/Kg"
Chá de alcachofra e dente-de-leão,PLANTANATU,Embalagem de 20g,"1,79 €","44,75 €/Kg"
Pensos peles sensíveis sortidos,PorSi,30 unidades,"0,59 €","1,18 €/L"
Salpicão soja e seitan - enchido 100% vegetal,Cemporcent,Embalagem de 200g,"25,48 €/Kg","25,48 €/Kg"
Ambientador gel lavanda,PorSi,150 g,"3,49 €","3,49 €/Unidade"
Lava Tudo Brilhante Floral,Sonasol,"embalagem 1,1L","0,99 €","0,50 €/L"
Estojo de maquilhagem Urban Style,Clementoni,1 unidade,"11,59 €","11,59 €/Unidade"
Máscara tesouros de mel,Garnier,Embalagem de 300 ml,"1,00 €","5,00 €/L"
Balões latex brancos,PorSi,Embalagem com 24 unidades,"0,59 €","0,59 €/Unidade"
Garagem,Écoiffier,Andares + camião,"11,59 €","11,59 €/Unidade"
Carrinho Limpeza,Vicam,unidade,"6,99 €","6,99 €/Unidade"
Croissant simples,PorSi,Embalagem de 400g,"2,05 €","5,13 €/Kg"
Croissant recheado de cacau/avelã,PorSi,Embalagem de 315g,"2,05 €","5,13 €/Kg"
Pão forma familiar normal,Bimbo,embalagem de 700 g,"2,63 €/Kg","2,63 €/Kg"
Cerveja c/ álcool radler,Sagres,pack 6 x 0.33 l,"1,59 €","3,18 €/L"
"Escova dentífrica infantil, minions, + 6 anos",Colgate,1 + 1 unidade grátis,"0,99 €","0,99 €/Unidade"
Nestum 5 cereais,Nestum,Embalagem de 250g,"2,99 €","3,99 €/Kg"
Parmigiano reggiano em lascas dop,*,Embalagem de 80g,"1,59 €","6,36 €/Kg"
Posta Tradicional 9 Meses Cura,Riberalves,Embalagem de 550 g,"6,39 €","7,99 €/Kg"
Infusão cavalinha,Cemporcent,Embalagem de 10 unidades,"0,99 €","76,15 €/Kg"
"Cereais special k, frutos vermelhos",Kellogg's,Embalagem de 300g,"5,59 €","8,87 €/Kg"
Gelatina de laranja,PorSi,Embalagem de 170g,"0,55 €","61,11 €/Kg"
Super laboratório de Beleza,Clementoni,1 unidade,"11,59 €","11,59 €/Unidade"
Bebida energética ultra white,Monster,Garrafa de 500 ml,"1,60 €","3,20 €/L"
Resguardo para mesa,PorSi,Dim.: 140 x 300 cm,"1,89 €","1,89 €/Unidade"
Spray de lavagem a seco,Day 2,200 ml,"1,09 €","2,73 €/Kg"
Alimento lácteo alperce +6 meses,Yogolino,Embalagem de 4 x 100 g,"2,89 €","7,23 €/Kg"
Café nyeri quénia moagem universal,Sical,Embalagem de 220g,"9,76 €/Kg","9,76 €/Kg"
Creme para barrar,Nutella,Embalagem de 200 g,"10,84 €/Kg","10,84 €/Kg"
Gel de Banho Shea Butter & Vanilla,Dove,Embalagem de 750 ml,"6,39 €/L","6,39 €/L"
Conjunto jardim transparency,*,4 peças,"82,99 €","82,99 €/Unidade"
Yaos iogurte grego natural,Nestle,Embalagem de 4x110g,"0,99 €","1,98 €/Kg"
Sumo morango,Sunny d,Garrafa de 310 ml,"0,92 €","2,97 €/L"
Coco ralado bio,PorSi Bio,Embalagem de 200 g,"1,39 €","9,27 €/Kg"
Anti-embaciante,PorSi,Embalagem de 250 ml,"3,99 €","0,80 €/L"
Penso júnior,PorSi,20 unidades,"0,59 €","1,18 €/L"
Abóbora Butternut,Programa Origens,1 un = 1 kg (aprox.),"1,19 €/Kg","1,19 €/Kg"
Bolachas de manteiga,PorSi,Embalagem de 200 g,"1,69 €","6,76 €/Kg"
Chá solúvel alívio respiratório,Cemporcent,Embalagem de 50g,"58,44 €/Kg","58,44 €/Kg"
Ambientador vela gota frutos vermelhos,Air Wick,Embalagem de 1 unidades,"4,99 €","4,99 €/Unidade"
Coco Seco,Fruta do Dia,1 un= 500 gr (aprox.),"2,29 €/Kg","2,29 €/Kg"
Dinossauros,Discovery Channel,set 30 peças,"11,59 €","11,59 €/Unidade"
Snack cão dentafresh pequeno,Pedigree,Embalagem de 110 g,"0,94 €","5,22 €/Kg"
Batata pré-frita palito,PorSi,"Embalagem de 2,5 kg","1,39 €","1,39 €/Kg"
"Vinho bairrada, reserva, tinto",Selecção de Enófilos,Garrafa de 0.75 l,"2,92 €/L","2,92 €/L"
Pastilhas de Limpeza Aparelho Dentário,Polident,Embalagem com 30 unidades,"7,39 €","105,57 €/Kg"
Ice tea de limão,PorSi,Embalagem de 2 l,"1,14 €","0,76 €/L"
Conjunto Maquilhagem Savana Leopard,Magic Studio,,"12,49 €","12,49 €/Unidade"
Infusão de camomila,Tetley,Embalagem de 10g,"0,99 €","76,15 €/Kg"
Vinagre de vinho branco envelhecido,PorSi,Garrafa 250ML,"0,35 €","0,70 €/L"
Preparado de marisco,*,Embalagem de 1 Kg (aprox.),"2,00 €","7,99 €/Kg"
Infusão de frutos vermelhos,Tetley,Embalagem de 20g,"44,50 €/Kg","44,50 €/Kg"
Arroz agulha,Cigala,Embalagem de 1 kg,"0,99 €","0,99 €/Kg"
Sumo 100% ananás e uva,PorSi,1.5 l,"1,09 €","0,73 €/L"
Fusion Cola,Faisão,Garrafa de 0.75 l,"2,39 €","1,59 €/L"
Leite Bem Essencial Chocolate,Mimosa,Embalagem de 4 x 200 ml,"0,49 €","2,45 €/L"
Batata doce para fritar,PorSi,Embalagem de 600g,"1,39 €","1,39 €/Kg"
Toalha de mãos,PorSi,50 x 100 cm,"29,99 €","29,99 €/Unidade"
Tablete de chocolate de leite com passas e avelãs,PorSi Select,Embalagem de 200g,"0,65 €","6,50 €/Kg"
Tablete de chocolate de preto,Nestle,Embalagem de 90g,"0,99 €","4,95 €/Kg"
Papel higiénico 2 folhas,PorSi,32 rolos,"1,99 €","1,99 €/Unidade"
Piri piri,Calve,Garrafa de 50 ml,"0,70 €","2,33 €/Kg"
Hamburgueres de porco,Capitão Iglo,Embalagem de 300g,"2,79 €","8,72 €/Kg"
Água mineral sem gás,Fastio,"Garrafa de 2,5 l","1,04 €","0,17 €/L"
Comida húmida para gato indoor em molho com atum,Purina One,Embalagem de 340g,"3,49 €","10,26 €/Kg"
Tablete triple caramelo,Milka,Embalagem de 90g,"0,53 €","5,30 €/Kg"
"Elásticos grandes coloridos, pack de 20 unidades",Domédia,1 embalagem,"2,19 €","109,50 €/L"
Vinho do Porto Tawny,Velhotes,"garrafa de 0,75 l","24,99 €","33,32 €/L"
Vinho branco península de setúbal,Periquita,Garrafa de 0.75 l,"2,99 €","3,99 €/L"
Escova de Dentes Júnior,Aquafresh,1 unidade,"0,99 €","0,99 €/Unidade"
Amaciador intense nature,Comfort,60 doses,"8,99 €","2,25 €/L"
Monster Truck Bone Shaker Rádio Controlo,Mondo,1 unidade,"11,59 €","11,59 €/Unidade"
Licor,Do João,Garrafa de 0.70L,"7,49 €","10,70 €/L"
Pão com Cereais 125 g,Pão do Dia,,"0,19 €","2,71 €/Kg"
Alimento lácteo pera +6 meses,Yogolino,Embalagem de 4 x 100 g,"2,89 €","7,23 €/Kg"
Queijo Flamengo Fatias,PorSi,Embalagem 500G,"1,56 €","7,80 €/Kg"
Concentrado maracujá mix,Sunquick,Garrafa de 580 ml,"4,89 €","6,61 €/L"
Iogurte proteína stracciatella,Lindahls,Embalagem de 150 g,"5,97 €/Kg","5,97 €/Kg"
Creme vegetal p/ barrar reduz colesterol,PorSi Viva Bem,250 g,"1,75 €","3,50 €/Kg"
Bebida arroz bio,PorSi Bio,Embalagem de 1 litro,"1,59 €","1,59 €/L"
Goodnight Coney,Cry Babies,1 unidade,"11,59 €","11,59 €/Unidade"
Espumante sem álcool para crianças,Look,Garrafa de 750 ml,"0,79 €","0,40 €/L"
Bolachas digestive muesli,Gullon,Embalagem de 370g,"1,45 €","11,15 €/Kg"
Ritinha Gatinha e Caminha,Miss Concentra,1 unidade,"11,59 €","11,59 €/Unidade"
Queijo Ralado Mozzarella,Galbani,Embalagem de 150 g,"1,49 €","7,45 €/Kg"
Camisola segunda pele 40D musk t. único,PorSi,1 unidade,"8,99 €","8,99 €/Unidade"
Alface Roxa,Legumes do Dia,1 un= 400 g (aprox.),"1,60 €","3,99 €/Kg"
Pão de forma integral,Bimbo,Embalagem de 480 g,"2,63 €/Kg","2,63 €/Kg"
Batata frita camponesa,PorSi,Embalagem de 175 g,"1,19 €","6,43 €/Kg"
Molho de whisky cocktail,Calve,Garrafa de 250 ml,"0,70 €","2,33 €/Kg"
Máquina de barbear descartável,Gillette,Embalagem com 4+1 unidades,"1,16 €","4,64 €/L"
Barrinha Repara Tudo,Pattex,Embalagem de 48 g,"2,59 €","86,33 €/Kg"
"Kit advance, agrafador + furador",Maped,1 unidade,"0,89 €","0,89 €/Unidade"
Bolacha cracker integral,Cuetara,Embalagem de 200g,"0,39 €","3,12 €/Kg"
Bolachas de água e sal,PorSi,Embalagem de 125g,"0,39 €","3,12 €/Kg"
Milho doce,Bonduelle,Embalagem de 150 g,"1,79 €","2,29 €/Kg"
Bolachas de chocolate leite,Milka,Embalagem de 150g,"0,79 €","5,27 €/Kg"
Flauta plástica moderna,Maped,1 unidade,"8,61 €","8,61 €/Unidade"
Dentifríco splash morango,Aquafresh,Embalagem de 75 ml,"0,99 €","0,99 €/Unidade"
Farinha láctea,PorSi,Embalagem de 1 kg,"4,49 €","4,49 €/Kg"
Fatia de salame de chocolate,PorSi,Embalagem 60G,"2,05 €","5,13 €/Kg"
Gressinos com azeitonas pretas,PorSi,Embalagem de 250g,"2,39 €","6,83 €/Kg"
Porquinho,Little Live Pets,1 unidade,"11,59 €","11,59 €/Unidade"
Alimentação láctea pera/banana bio,Naturnes,Embalagem de 4 x 90 g,"2,89 €","7,23 €/Kg"
Ervilhas,PorSi,Embalagem de 1 kg,"1,89 €","1,89 €/Kg"
Pensos peles sensíveis XL,PorSi,5 unidades,"0,59 €","1,18 €/L"
Moscatel de setúbal,Adega de Palmela,Garrafa de 750 ml,"5,99 €","7,99 €/L"
Kishiko,Mermaidz,1 unidade,"11,59 €","11,59 €/Unidade"
"Chave de Fenda Cabo Bimat, 5.0x125mm",Itools,1 unidade,"5,39 €","5,39 €/Unidade"
Croutons azeite e alho,PorSi,Embalagem de 150g,"2,39 €","6,83 €/Kg"
Bebida Energética Red Grape,Hell,250 ml,"1,60 €","3,20 €/L"
Farinha s/ fermento tipo 65,ESPIGA,Embalagem de 1 kg,"0,85 €","0,85 €/Kg"
Pastilhas café lote chávena,Delta,Embalagem de 110g,"59,82 €/Kg","59,82 €/Kg"
Sardinha Pequena,Peixe do Dia,1 un = 100 gr (aprox.),"6,49 €/Kg","6,49 €/Kg"
Linguiça de porco ibérico,Casa do Porco Preto,Embalagem de 180g,"1,00 €","5,00 €/Kg"
"Maionese, frasco",Hellmman's,Embalagem de 420g,"0,70 €","2,33 €/Kg"
Dentista engraçado,Play-Doh,1 un.,"9,99 €","9,99 €/Unidade"
"Fiambre extra, fatiado",PorSi,Embalagem de 200g,"1,39 €","6,95 €/Kg"
Mel em frasco com doseador,PorSi,Embalagem de 500g,"4,89 €","9,78 €/Kg"
Lombos de salmao vacuo,PorSi,Embalagem de 500g,"4,39 €","10,98 €/Kg"
Champô 3 em 1 karpex,Vanish,950 ml,"1,79 €","2,39 €/L"
"Gel banho, nutritivo",Lactovit,Embalagem de 650 ml,"6,39 €/L","6,39 €/L"
Arroz Risotto,PorSi,Embalagem de 1 kg,"0,99 €","0,99 €/Kg"
Clara de ovo liquida pasteurizada,Dovo,1 kg,"2,19 €","2,19 €/Unidade"
Estendal Universal,Vileda,,"0,89 €","0,89 €/Unidade"
Rolinhos waffletten milk,Bahlsen,Embalagem de 100g,"16,40 €/Kg","16,40 €/Kg"
Água s/ Gás,Serra de Fafe,Garrafa 6L,"1,04 €","0,17 €/L"
Iogurte mix-in nesquik,Nestle,Embalagem de 2 x 115 g,"1,05 €","1,86 €/L"
Pudim morango,Boca Doce,Embalagem de 20g,"0,59 €","29,50 €/Kg"
Leite 0% lactose magro,Mimosa,Garrafa de 1 l,"1,29 €","1,29 €/L"
Infusão melhores digestões,Cemporcent,Embalagem de 10 unidades,"0,99 €","76,15 €/Kg"
Refresco em pó de morango,Tang,Embalagem de 30g,"0,75 €","18,75 €/Kg"
Pota Inteira,Peixe Congelado,1 un= 200 gr (aprox.),"3,99 €/Kg","3,99 €/Kg"
Feijão catarino,PorSi,Embalagem 500G,"0,95 €","1,90 €/Kg"
Lay's sal mpk 6x30g,Lay's,Embalagem de 180g,"1,06 €","5,73 €/Kg"
Fígado,Novilho,1 un = 100 gr (aprox.),"0,60 €","5,99 €/Kg"
Feijoada,PorSi,Embalagem de 420 g,"2,35 €","5,60 €/Kg"
Iogurte líquido yoggi cremoso pêssego/manga,Nestle,Embalagem de 4 x 160 g,"1,17 €","1,83 €/Kg"
Queijo emmental ralado,PorSi Select,Embalagem de 200g,"1,49 €","7,45 €/Kg"
2 Raquetes de Praia + Bola |Patrulha Pata,Mondo,1 Embalagem,"4,49 €","4,49 €/Unidade"
Lancha Motor Subaquático,Playmobil,1 unidade,"11,59 €","11,59 €/Unidade"
Caldo de galinha,PorSi,24 cubos,"3,84 €","24,00 €/Kg"
Comida húmida para cão em saquetas de frango/borrego,Purina One,Embalagem de 400g,"0,75 €","2,50 €/Kg"
Paté Fígado Porco c/ Vinho do Porto,PorSi,75 g,"0,95 €","4,75 €/Kg"
Cogumelos laminados,Ferbar,Embalagem de 290g,"1,79 €","2,29 €/Kg"
Mochila City Life,Firmo,1 unidade,"19,90 €","19,90 €/Unidade"
Vinho regional alentejano bag-in-box tinto,Galitos,Garrafa de 5 l,"5,19 €","1,04 €/L"
Cola Especial Plásticos,Pattex,Embalagem de 30 g,"2,59 €","86,33 €/Kg"
Alimento para cão junior,HappyOne,Embalagem de 10 kg,"22,99 €","1,15 €/Kg"
Puré batata doce,PorSi,Embalagem de 750g,"3,99 €","11,40 €/Kg"
Eletrodomésticos Pequenos 100% Chef,Écoiffier,1 unidade,"11,59 €","11,59 €/Unidade"
Creme de avelãs e cacau para barrar sem glúten,Cemporcent,Embalagem de 200g,"11,44 €/Kg","11,44 €/Kg"
5 rissóis de leitão,PorSi,Embalagem de 400g,"1,79 €","7,16 €/Kg"
Rolo de Cozinha Gigaroll Branco,Renova,1 Rolo,"1,09 €","1,09 €/Unidade"
Cereais chocapic,Nestle,Embalagem de 375 g,"5,07 €/Kg","5,07 €/Kg"
Vinagre de fruta,PorSi,Embalagem de 500 ml,"0,35 €","0,70 €/L"
Mon cheri t5 53g,Mon cheri,Embalagem de 50g,"1,49 €","29,80 €/Kg"
Infusão nº 10 colestrol,Cemporcent,Embalagem de 10 unidades,"0,99 €","76,15 €/Kg"
Cerveja 0.0%,Sagres,Pack 4 x 0.33 l,"5,99 €","3,03 €/L"
Batata pré-frita palitos finos,PorSi,Embalagem de 2.5 kg,"1,39 €","1,39 €/Kg"
Comida Húmida para Gatinhos Mousse com Vitela,Gourmet Diamant,Embalagem de 85 g,"3,49 €","10,26 €/Kg"
Sangria pet,Don Simon,"Garrafa de 1,5 l","2,39 €","1,59 €/L"
Água mineral natural alcalina,MONCHIQUE,1.5 l,"1,04 €","0,17 €/L"
"Alimento para cão júnior bio complex, com frango",HappyOne,Embalagem de 4 kg,"22,99 €","1,15 €/Kg"
Tostas de trigo,PorSi,Embalagem 225G,"2,39 €","6,83 €/Kg"
Refrigerante sem gás de maçã,Trina,"Garrafa de 1,5 l","1,14 €","0,76 €/L"
Tablete de chocolate,Chabrior,Embalagem de 250 g,"0,79 €","5,27 €/Kg"
Tomate pelado,Guloso,Embalagem de 800g,"3,84 €","24,00 €/Kg"
Prepar arroz marisco sem gluten cv 0.8kg,Brasmar,Embalagem de 800g,"1,79 €","7,16 €/Kg"
Camarao vannamei 40/48,Pescanova,Embalagem de 800G,"8,99 €","25,69 €/Kg"
Estojo bebé,Bebéconfort,1 unidade,"5,99 €","5,99 €/Unidade"
Licor de anis,On Off,"Garrafa de 0,70 l","16,99 €","24,27 €/L"
Maçã Pink Lady 70/75,Fruta do Dia,1 un = 150 gr (aprox.),"1,30 €/Kg","1,30 €/Kg"
Strudel de maçã,PorSi,Embalagem de 550 g,"2,99 €","5,54 €/Kg"
Pano Microfibras Colors,Vileda,4 unidades,"1,64 €","1,64 €/Unidade"
Cápsulas de café com leite cappuccino,Nescafe,Embalagem com 16 cápsulas,"3,19 €","25,52 €/Kg"
Ultra magnésio +b6,PLANTANATU,Embalagem de 1 unidades,"7,59 €","126,50 €/Kg"
Bolsa Redonda Flower + Etnic,Ambar,1 unidade,"19,90 €","19,90 €/Unidade"
Helicóptero de resgate,Dickie Toys,30 cm,"11,59 €","11,59 €/Unidade"
Atum em azeite,Ramirez,Embalagem de 120g,"0,89 €","7,42 €/Kg"
Iogurte activia cremoso coco,Danone,Embalagem de 4 x 120 g,"1,49 €","2,98 €/Kg"
Capa Premium 2 em 1,Vileda,1 unidade,"16,50 €","16,50 €/Unidade"
Formas de alumínio redondas 55 ml,PorSi,20 unidades,"1,29 €","1,29 €/Unidade"
Bandas de cera fria peles normais,Veet,Embalagem de 20 unidades,"3,11 €","3,11 €/Unidade"
"Salsichas hot dog, frasco",Izidoro,Embalagem de 240g,"0,75 €","3,75 €/Kg"
Refrigerante  c/ gás regular,Coca-Cola,pack 4 x 1 l,"0,79 €","0,40 €/L"
Insecticida recarga,Biokill,Embalagem de 375 ml,"5,09 €","8,48 €/L"
Areia para gatos mineral perfumada,PorSi,Embalagem de 5 kg,"1,19 €","0,24 €/Kg"
Tablete chocolate branco,PorSi,Embalagem de 100g,"0,99 €","9,90 €/Kg"
Adoçante à base de sucralose em pó,PorSi,Embalagem de 90g,"3,99 €","44,33 €/Kg"
Anona,Fruta do Dia,1 un = 250 gr  (aprox.),"2,29 €/Kg","2,29 €/Kg"
Chocolate culinário 70% cacau,Nestle,Embalagem de 170 g,"1,04 €","8,32 €/Kg"
"Ambientador automático, fresh matic, oasis turquesa",Air Wick,Embalagem de 1 unidades,"3,74 €","3,74 €/Unidade"
Coleira em nylon p/ cão  repelente 60cm,Repul' 7,Embalagem de 1 unidades,"7,99 €","7,99 €/Unidade"
Conjunto lata,Nivea,3 peças,"12,49 €","12,49 €/Unidade"
Arroz agulha,Pato real,Embalagem de 1 kg,"0,99 €","0,99 €/Kg"
Magnum mini 3 chocolates,Olá,Embalagem de 6 x 55 ml,"5,99 €","16,64 €/L"
Rolo cozinha compacto 3 folhas,Foxy,1 unidade,"1,09 €","1,09 €/Unidade"
Adoçante em pó stevia,PorSi Viva Bem,Embalagem de 250 g,"3,99 €","44,33 €/Kg"
Limpa madeiras ecológico,PorSi,1.5 litros,"1,39 €","1,26 €/L"
"Papel higiénico compacto, folha dupla",Renova,4 = 12 rolos,"1,99 €","1,99 €/Unidade"
8 salsichas aves,PorSi,Embalagem de 200 g,"0,75 €","3,75 €/Kg"
Cocktail pessego,Bar Royal,Garrafa de 750 ml,"11,99 €","11,99 €/L"
"Vela em número, nº 3",PorSi,1 unidade,"0,60 €","0,60 €/Unidade"
Iogurte líquido magro frutos vermelhos,PorSi Viva Bem,Embalagem de 4x160 ml,"1,17 €","1,83 €/Kg"
Batido de chocolate,Forma+,Embalagem de 700g,"1,99 €","45,23 €/Kg"
Sopa de rabo de boi,Knorr,Embalagem de 70g,"0,84 €","13,55 €/Kg"
Sopa de cebola,Knorr,Embalagem de 50g,"0,84 €","13,55 €/Kg"
Moinho 5 pimentas em grão,PorSi,Frasco com 40 g,"0,25 €","0,25 €/Kg"
Palmiers,PorSi,Embalagem de 300 g,"1,69 €","6,76 €/Kg"
Iogurte líquido magro frutos vermelhos,PorSi Viva Bem,Embalagem de 4x160 ml,"1,19 €","1,86 €/L"
"Vinho tinto doc dão, reserva",Cabriz,Garrafa de 0.75 l,"3,99 €","5,32 €/L"
Solha Congelada (200/400),Peixe Congelado,Pescado no mar,"3,99 €/Kg","3,99 €/Kg"
Xarope de limão sem corantes,Paquito,Garrafa de 750 ml,"4,89 €","6,61 €/L"
"Esferográfica cristal, 5 Uni",Bic,1 unidade,"2,49 €","2,49 €/Unidade"
Snack para gato de salmão e queijo,Catisfactions,Embalagem de 60g,"0,99 €","16,50 €/Kg"
Molho de soja com dispenser,KIKKOMAN,Garrafa de 150 ml,"3,99 €","26,60 €/L"
Canetas de Feltro Lavavel Kids - 14 +4,Bic,Uma embalagem,"4,69 €","4,69 €/Unidade"
Ambientador automático lavanda,PorSi,250 ml,"0,99 €","3,30 €/L"
Faca para bife 11 cm preta,PorSi,1 unidade,"16,99 €","16,99 €/Unidade"
Bacalhau desfiado,PorSi,Embalagem de 500g,"6,39 €","7,99 €/Kg"
Aguardente bagaceira,S.domingos,Garrafa de 1 l,"12,79 €","18,27 €/L"
Fósforos compridos para lareira,Quinas,1 unidade,"1,15 €","1,15 €/Unidade"
Snack para gato crispies salmão e truta,Felix,Embalagem de 50g,"0,99 €","16,50 €/Kg"
Gel wc anti-calcário,Harpic,Garrafa de 750 ml,"1,79 €","2,39 €/L"
Lixivia perfume fresco,Neoblanc,Embalagem de 2 l,"1,74 €","0,35 €/L"
Açucar granulado,PorSi,Embalagem de 1 kg,"1,49 €","1,49 €/Kg"
Creme Depilatório Peles Normais,Veet,Embalagem de 200 ml,"10,99 €","73,27 €/L"
Fatias vegetarianas c/ legumes,Nobre,Embalagem de 100g,"3,35 €","22,33 €/Kg"
Mostarda a'lancienne,PorSi Select,190 g,"0,70 €","2,33 €/Kg"
Iogurte liquido proteína yopro morango/framboesa,Yopro,300 g,"1,17 €","1,83 €/Kg"
Embalagem Presente Sortidos,El Almendro,Embalagem de 225G,"16,40 €/Kg","16,40 €/Kg"
Pónei Canela,FurReal,+80 Sons e Reações c/ Acessórios de Moda,"11,59 €","11,59 €/Unidade"
Salsichas de porco em lata,PorSi,Embalagem de 200g,"0,75 €","3,75 €/Kg"
Frutapura maçã e pera,Bledina,Embalagem de 85g,"2,29 €","6,94 €/L"
Bacalhau lombos,PorSi,Embalagem de 1.5 kg,"6,39 €","7,99 €/Kg"
Vinho branco tejo,Alorna,Garrafa de 750 ml,"4,99 €","6,65 €/L"
Riviera,Mermaidz,1 unidade,"11,59 €","11,59 €/Unidade"
Bebida solúvel cereais+fibra frasco 200g,Delta,Embalagem de 200g,"1,45 €","14,50 €/Kg"
Rum 3 anos havan club (40º),Havana,Garrafa de 700 ml,"17,49 €","24,99 €/L"
Açúcar branco em saquetas,Rar,Embalagem com 170 saquetas,"1,49 €","1,49 €/Kg"
Travessa com naperon 45x36cm,PorSi,1 unidade,"0,99 €","0,99 €/Unidade"
Bombom Caja Roja,Nestlé,Embalagem de 100G,"1,49 €","29,80 €/Kg"
Luvas Multi Latex M/L,Vileda,10 unidade,"4,29 €","4,29 €/Unidade"
Patafix branco,Uhu,Embalagem com 80 pastilhas adesivas,"2,49 €","2,49 €/Unidade"
Bolacha craker queijo,Tuc,Embalagem de 100g,"1,19 €","5,95 €/Kg"
Sangria branca,Don Simon,"Garrafa de 1,5 l","2,39 €","1,59 €/L"
Bebida de Arroz,PorSi Viva Bem,1 l,"1,59 €","1,59 €/L"
Leite condensado magro cozido,Nestle,Embalagem de 390g,"1,09 €","2,75 €/Kg"
Nata uht 0% lactose,Parmalat,Embalagem de 200 ml,"0,75 €","3,75 €/L"
Croissants brioche,s. tomé,Embalagem de 200 g,"2,59 €","7,40 €/Kg"
Cerveja c/ álcool,Super Bock,pack 24 x 0.20 l,"1,99 €/L","1,99 €/L"
Café Moagem Universal do Brasil,PorSi,Embalagem de 220g,"9,16 €/Kg","9,16 €/Kg"
Mousse chocolate,PorSi,Embalagem de 150g,"0,79 €","5,27 €/Kg"
"Salsichas wiennerwurt em frasco, 6 un",Nobre,Embalagem de 250g,"0,75 €","3,75 €/Kg"
Pescada de África do Sul,Peixe Congelado,"Vendido ao peso, 1 unidade = 400 a 600 g aprox.","3,99 €/Kg","3,99 €/Kg"
"Escova de dentes macia, 7-13 anos",Labell,1 unidade,"0,99 €","0,99 €/Unidade"
Balde de Limpeza com Espremedor,PorSi,unidade,"17,00 €","17,00 €/Unidade"
Spray desinfetante cozinha,Lysol,Embalagem de 500 ml,"0,79 €","0,79 €/L"
Óleo de girassol,PorSi,garrafa de 1 litro,"3,39 €","3,39 €/L"
"Busca Polos, grande",Itools,1 unidade,"5,39 €","5,39 €/Unidade"
Feijão encarnado,PorSi,Embalagem de 420 g,"1,79 €","2,29 €/Kg"
Spray tira nódoas,A+,Embalagem de 750 ml,"3,09 €","3,09 €/Kg"
Espremedor,PorSi,1 unidade,"0,89 €","0,89 €/Unidade"
Iogurte natural sem lactose,PorSi Viva Bem,4 x 125 g,"0,99 €","1,98 €/Kg"
Collant licra 15d musk xl,PorSi,Embalagem de 1 unidades,"1,89 €","1,89 €/Unidade"
Natas uht 3 queijos,Parmalat,Embalagem de 200 ml,"0,75 €","3,75 €/L"
Líquido Sanitário Ação Total Marine,WC Pato,Embalagem de 750 ml,"2,79 €","3,99 €/L"
Vinho doc dão branco,Grao vasco,Garrafa de 750 ml,"3,99 €","5,32 €/L"
Cesto multiusos com gancho,PorSi,1 unidade,"17,00 €","17,00 €/Unidade"
Vinho regional tejo,Plexus,Garrafa de 750 ml,"2,12 €/L","2,12 €/L"
Ambientador aerossol 5 em 1 jasmim,PorSi,300 ml,"0,99 €","3,30 €/L"
Leite em pó crescimento 3 pro +,Nutriben,Embalagem de 800g,"20,99 €","26,24 €/Kg"
Ambientador para a máquina da loiça de lima e limão,Finish,1 un.,"1,49 €","5,96 €/L"
Creme calçado preto,PorSi,50 ml,"0,99 €","19,80 €/L"
Faca Chefe 15 cm Inox,PorSi,1 unidade,"16,99 €","16,99 €/Unidade"
Kit de viagem,Colgate,pasta dentífrica + escova,"2,39 €","31,87 €/L"
Snacks para Cão Markies Mini,Pedigree,Embalagem de 500 g,"0,94 €","5,22 €/Kg"
Tablete de chocolate negro,PorSi,Embalagem de 100 g,"0,99 €","4,95 €/Kg"
Grelos,PorSi,Embalagem de 750g,"1,89 €","1,89 €/Kg"
Aroma de café,Rayners,Garrafa de 28 ml,"1,89 €","17,18 €/Kg"
Manteiga de amendoim cremosa,Prozis,Embalagem de 500g,"10,84 €/Kg","10,84 €/Kg"
"Lava tudo antibacteriano lavanda 1,5l",PorSi,Garrafa de 1.5 l,"0,99 €","0,50 €/L"
Estendal de roupa com abas alumínio,PorSi,20 metros,"0,89 €","0,89 €/Unidade"
Carapau Médio Fresco,Peixe do Dia,1 un = 150 gr (aprox.),"6,49 €/Kg","6,49 €/Kg"
"Cera de depilação oriental, pote",Labell,Embalagem de 250 ml,"3,11 €","3,11 €/Unidade"
Snow fashion,Nancy,1 un.,"11,59 €","11,59 €/Unidade"
"Café em grão, lote superior",Delta,Embalagem de 1 kg,"9,16 €/Kg","9,16 €/Kg"
Cappuccino café arábica cacau magro em pó,PorSi,250 ml,"3,19 €","25,52 €/Kg"
Aspirador p/ Vidros Windomatic,Vileda,,"3,19 €","6,38 €/L"
Cubos gengibre (para mastigar),Cemporcent,Embalagem de 100g,"1,94 €","3,88 €/Kg"
Surprise 707 OMG Neonlicious,LOL,1 unidade,"11,59 €","11,59 €/Unidade"
Água mineral sem gás,S.estrela,pack 4 x 1.5 l,"1,04 €","0,17 €/L"
Queijo creme flamengo,President,Embalagem de 125 g,"2,05 €","16,40 €/Kg"
Polpa de tomate,PorSi,Embalagem de 500 g,"3,84 €","24,00 €/Kg"
Acetona,PorSi,Embalagem de 60 ml,"1,89 €","9,45 €/L"
Pensos higiénicos liberty noite abas,Evax,Embalagem com 9 un.,"4,99 €","4,99 €/Unidade"
Chá noite super tranquila,PLANTANATU,Embalagem de 10 unidades,"1,79 €","44,75 €/Kg"
Café em cápsulas aqtivus,Delta Q,Embalagem de 55 g,"59,82 €/Kg","59,82 €/Kg"
Barrita controlo de peso iogurte,Ignoramu,Embalagem de 44g,"1,99 €","45,23 €/Kg"
Diospiro de  Roer,Programa Origens,1 un = 250 gr  (aprox.),"0,87 €","3,49 €/Kg"
Café torrado lote chávena máquina,Delta,Embalagem de 250g,"9,16 €/Kg","9,16 €/Kg"
Sobremesa Paturette Creamy Chocolate,Páturages,Embalagem de 4X115G,"1,19 €","2,59 €/Kg"
Desodorizante de Pés em Creme,Protex,Embalagem de 100 ml,"5,59 €","37,27 €/L"
Chourico carne das beiras,PorSi,Embalagem de 290g,"1,00 €","5,00 €/Kg"
Iogurte liquido sem lactose natural açucarado,PorSi Viva Bem,Embalagem de 4 x 160 g,"2,49 €","5,19 €/Kg"
Stevia chocolate negro com avelãs,Cemporcent,Embalagem de 125g,"2,29 €","22,90 €/Kg"
Palitos redondos,PorSi,Embalagem de 250 unidades,"1,15 €","1,15 €/Unidade"
2 toalhas de bidé,PorSi,30 x 50 cm,"29,99 €","29,99 €/Unidade"
Bolacha alfa,Nacional,Embalagem de 180g,"3,09 €","10,30 €/Kg"
Iogurte liquido proteína yopro morango/framboesa,Yopro,300 g,"5,97 €/Kg","5,97 €/Kg"
Canja c/ aletria,Knorr,Embalagem de 70g,"0,84 €","13,55 €/Kg"
Rebuçados mel e limão,PorSi,Embalagem de 200g,"0,77 €","3,85 €/Kg"
Farinha para bolos super fina,B.neve,Embalagem de 1 kg,"0,85 €","0,85 €/Kg"
Biscoitos canudinho recheio cacau,PorSi,Embalagem de 300g,"3,09 €","10,30 €/Kg"
Costeleta,Novilho,1 un= 400 gr aprox.,"11,96 €","14,95 €/Kg"
Barrita controlo de peso chocolate,Ignoramu,Embalagem de 44g,"1,06 €","8,15 €/Kg"
Leite especial cálcio + vitamina d magro,Mimosa,Garrafa de 1 l,"1,29 €","1,29 €/L"
Fermento em pó,PorSi,Embalagem de 150 g,"1,89 €","17,18 €/Kg"
Doce de morango,Casa de Mateus,Embalagem de 345g,"2,19 €","9,95 €/Kg"
Whisky 15 anos c/caixa,J&B,Garrafa de 700 ml,"23,99 €","34,27 €/L"
Mojito,Bacardi,Garrafa de 0.70 l,"17,49 €","24,99 €/L"
"Fita Teflon, 2 Rolos",Itools,1 unidade,"2,59 €","86,33 €/Kg"
Butter cookies,PorSi,Embalagem de 450g,"0,90 €","6,00 €/Kg"
"Bloco de desenho A3, 24 folhas",Domédia,1 unidade,"0,89 €","0,89 €/Unidade"
Comida húmida para gato duplo prazer com peixe do oc...,Gourmet Gold,Embalagem de 90g,"3,49 €","10,26 €/Kg"
Buondi extreme cafe moido 12x200g,Buondi,Embalagem de 200g,"9,76 €/Kg","9,76 €/Kg"
Pastilhas ice spearmint,CHICLETS,Embalagem de 17 g,"0,89 €","59,33 €/Kg"
Pilha alcalina classic lr20x2,Domédia,1 unidade,"1,99 €","1,99 €/Unidade"
Vinho Regional Península Setúbal Tinto,Periquita,"Caixa de 2x0,75 l","2,99 €","3,99 €/L"
12 vitaminas e 12 minerais - frasco comprimido,Forma+,Embalagem de 60g,"7,59 €","126,50 €/Kg"
Rodelas de linguica 2x75g,Porminho,Embalagem de 2X75G,"1,00 €","5,00 €/Kg"
"Detergente líquido, manual loiça, original",Fairy,"Embalagem de 1,5 l","0,99 €","1,98 €/L"
Collant licra 15d preto xl,PorSi,Embalagem de 1 unidades,"1,89 €","1,89 €/Unidade"
Polpa de tomate em garrafa,Compal,Embalagem de 500g,"3,84 €","24,00 €/Kg"
Infusão nº 13 diabet control,Cemporcent,Embalagem de 10 unidades,"0,99 €","76,15 €/Kg"
Iogurte ananás 000%,PorSi Viva Bem,Embalagem de 4 x 125 g,"4,36 €","2,18 €/Kg"
Iogurte magro + gelatina morango,Mimosa,Embalagem de 4 x 120 g,"0,99 €","1,32 €/Kg"
Mousse de chocolate leite,Páturages,Embalagem de 4x60 g,"1,19 €","2,59 €/Kg"
Brandy,Constantin,Garrafa de 700 ml,"11,99 €","17,13 €/L"
Limpa máquinas de loiça limão,PorSi,Embalagem de 250 ml,"1,49 €","5,96 €/L"
Contact Ceys,Ceys,1 unidade,"2,59 €","86,33 €/Kg"
Cãozinho,Little Live Pets,1 unidade,"11,59 €","11,59 €/Unidade"
Ambientador eléctrico Relaxing Zen + recarga,Glade,1 unidade,"3,74 €","3,74 €/Unidade"
Leite de transição Optipro 2 +6 meses,NAN,Embalagem de 800g,"20,99 €","26,24 €/Kg"
Renovador Camurça em Spray Preto,Búfalo,Embalagem de 250 ml,"6,19 €","24,76 €/L"
Nata uht para culinária,Parmalat,Embalagem de 200 ml,"0,75 €","3,75 €/L"
"Refrigerante com gás, laranja, lata",Fanta,pack 6 x 0.33 l,"0,79 €","0,40 €/L"
Vinho doc douro reserva tinto,Romanisco,Garrafa de 0.75 l,"7,49 €","9,99 €/L"
Creme culinário soja light,Shoyce,Garrafa de 200 ml,"0,75 €","3,75 €/L"
Empadão de carne produto pré-cozinhado ultracongelad...,PorSi,Embalagem de 350g,"3,53 €","8,83 €/Kg"
Lenços de bolso kids,Renova,Embalagem sortida com 8 unidades + 2 grátis,"1,64 €","1,64 €/Unidade"
Guardanapos brancos 22x22cm | folha dupla,Renova,90 unidades,"0,69 €","0,69 €/Unidade"
Manteiga pasteurizada com sal cuvet,Primor,Embalagem de 250g,"1,69 €","6,76 €/Kg"
Vinho tinto alentejo,ALABASTRO,"Garrafa de 0,75 l","2,89 €","3,85 €/L"
Sacos cubos de gelo,PorSi,Embalagem com 15 unidades,"1,11 €","1,11 €/Unidade"
"Tesoura de escritório, 17 cm",Domédia,1 unidade,"2,19 €","109,50 €/L"
Leite creme,PorSi,Embalagem de 4x23g,"0,45 €","5,00 €/Kg"
Sobremesa petit gourmand de chocolate,Páturages,Embalagem 6X60G,"1,05 €","1,86 €/L"
Iogurte Pedaços Pêssego,PorSi,Embalagem de 2x135 g,"1,87 €","1,25 €/Kg"
Hambúrgueres de peru,PorSi,Embalagem de 4x80g,"2,79 €","8,72 €/Kg"
Cogumelos inteiros,PorSi,Embalagem de 185 g,"1,79 €","2,29 €/Kg"
Polpa de tomate com cebola e alho,Compal,Embalagem de 500g,"3,84 €","24,00 €/Kg"
Aroma de morango,Rayners,Garrafa de 28 ml,"1,89 €","17,18 €/Kg"
Aditivo em pó oxi roupa branca,Vanish,Embalagem de 420 g,"3,09 €","3,09 €/Kg"
Desumidificador Basic,HUMYDRY,embalagem de 250g,"4,99 €","19,96 €/Kg"
Tarteletes com recheio morango,PorSi,Embalagem de 96g,"0,79 €","4,49 €/Kg"
"Limpa vidros pistola, cristal",Ajax,Embalagem de 500 ml,"3,19 €","6,38 €/L"
Moscatel de Setúbal,Bacalhoa,Garrafa de 750 ml,"5,99 €","7,99 €/L"
"Frigideira anti-aderente, 20cm",PorSi,1 unidade,"9,99 €","9,99 €/Unidade"
Café em grão,Delta,Embalagem de 1 kg,"9,16 €/Kg","9,16 €/Kg"
Desodorizante spray energy,Labell Men,Embalagem de 200 ml,"1,39 €","6,95 €/L"
Régua duplo decimetro,CA1,1 unidade,"2,49 €","2,49 €/Unidade"
Concentrado manga,Sunquick,Garrafa de 580 ml,"4,89 €","6,61 €/L"
Sacos de congelação pequenos,PorSi,"50 unidades, 1 embalagem","1,11 €","1,11 €/Unidade"
Frutapura Pouch Frutos Variados,Bledina,Embalagem de 85g,"2,29 €","6,94 €/L"
Tablete de chocolate culinário negro,PorSi,Embalagem de 200 g,"0,99 €","4,95 €/Kg"
Bolachas starship tradicional,PorSi,Embalagem de 150g,"0,90 €","6,00 €/Kg"
Vinho rosé mateus emotion,Mateus,Garrafa de 750 ml,"4,29 €","5,72 €/L"
"Rolos de cozinha compactos, branco, máxima absorção,...",Renova,1 unidade,"1,09 €","1,09 €/Unidade"
Bolacha vida equilíbrio ameixa e fibra,Cemporcent,Embalagem de 140g,"1,45 €","11,15 €/Kg"
Sabonete líquido mel,Feno,Embalagem de 300 ml,"1,09 €","2,18 €/L"
Ambientador carro difusor aqua,Ambipur,1 unidade,"2,89 €","2,89 €/Unidade"
Barras de cereais fitness mel e amêndoa,Nestle,Embalagem de 141g,"1,06 €","8,15 €/Kg"
Chá cherry love,Lipton,20 saquetas,"44,50 €/Kg","44,50 €/Kg"
Caras de Bacalhau,Peixe Congelado,"Vendido ao peso, 1 un = 500g (aprox.)","6,39 €","7,99 €/Kg"
Posta de tintureira,PorSi,Embalagem de 500 g,"4,39 €","10,98 €/Kg"
Mortadela fatiada com azeitonas,PorSi,Embalagem de 200 g,"0,95 €","4,75 €/Kg"
Marmelada com noz,Quinta de Jugais,Embalagem de 500g,"1,09 €","2,42 €/Kg"
20 saquetas infusão de cidreira,Lipton,Embalagem de 20g,"0,99 €","76,15 €/Kg"
Lixivia perfumada,PorSi,Garrafa de 2 l,"2,59 €","1,30 €/L"
Polpa tomate biológico,Guloso,Embalagem de 500g,"3,84 €","24,00 €/Kg"
Caldo de galinha 24 cubos,Knorr,Embalagem de 240g,"3,84 €","24,00 €/Kg"
Sidra maçã,Bandida,Lata de 500 ml,"1,59 €","3,18 €/L"
Edredão microfibra e borreguito branco 240 x 220,VZT,1 un.,"29,99 €","29,99 €/Unidade"
Liquido refrigerante verde 10%,PorSi,Embalagem de 1 l,"3,99 €","0,80 €/L"
Caderno Espiral Capa Dura A4 Quadriculado,Domédia,1 un.,"1,09 €","1,09 €/Unidade"
Farinha de aveia integral,Cemporcent,Embalagem de 400g,"2,29 €","11,45 €/Kg"
"Fita Isoladora, 2 Rolos",Itools,1 unidade,"2,59 €","86,33 €/Kg"
Truta Salmonada,Programa Origens,1 un=900 g (aprox.),"6,49 €/Kg","6,49 €/Kg"
"Tampão mini, 24 unidades",Labell,1 embalagem,"1,39 €","1,39 €/Unidade"
Cerveja 0.0%,Heineken,Pack 6 x 0.25 l,"5,99 €","3,03 €/L"
Orégãos em folhas,PorSi,Saqueta com 10 g,"0,25 €","0,25 €/Kg"
Paté de atum,PorSi,Embalagem de 65 g,"1,19 €","13,52 €/Kg"
Atum ao natural,Ramirez,Embalagem de 120g,"0,89 €","7,42 €/Kg"
Cocktail de marisco,PorSi,Embalagem de 400 g,"4,99 €","6,24 €/Kg"
Gel Cabelo Styling Creme Cabelo,Nivea,Embalagem de 150 ml,"1,49 €","4,97 €/L"
Vinho bag-in-box branco,C.alqueva,Garrafa de 5 l,"9,49 €","1,90 €/L"
Lixívia tradicional,PorSi,Embalagem de 2 l,"1,74 €","0,35 €/L"
Queijo dop 7 meses,Sao jorge,Embalagem de 400g,"6,19 €","15,48 €/Kg"
Néctar 8 frutos,Bongo,Pack 3 x 200 ml,"0,99 €","0,99 €/L"
"Pasta dentífrica, dentes/gensivas sensitive",Labell,Embalagem de 75 ml,"2,39 €","31,87 €/L"
Radler frutos vermelhos 0%,Sagres,Pack de 4 x 0.33 l,"5,99 €","3,03 €/L"
Farinha sem fermento t65,PorSi,Embalagem de 5 kg,"0,85 €","0,85 €/Kg"
Estás bem tapadinho?,Nenuco,1 unidade,"11,59 €","11,59 €/Unidade"
Massa pevide,Nacional,Embalagem de 250g,"0,89 €","1,78 €/Kg"
Detergente líquido p/ máquina lavar roupa cores,Woolite,"Garrafa de 1,65 l","8,69 €","1,84 €/Kg"
Comida húmida para gato com frango/vaca,Purina One,Embalagem de 340g,"3,49 €","10,26 €/Kg"
Leite uht sem lactose magro,PorSi Viva Bem,1 litro,"0,81 €","0,81 €/L"
Bolachas integrais,PorSi,Embalagem de 200g,"1,19 €","5,95 €/Kg"
"Discos desmaquilhantes, 120 unidades",PorSi,Embalagem de 120 unidades,"0,76 €","0,76 €/Unidade"
Faca Pão 20 cm Preta,PorSi,1 unidade,"16,99 €","16,99 €/Unidade"
Esferográfica Cristal Ouro e Prata x2,Bic,1 unidade,"2,49 €","2,49 €/Unidade"
Acetona,PorSi,Embalagem de 250 ml,"1,89 €","9,45 €/L"
Vinho maduro branco meio seco,Adega grande,Garrafa de 750 ml,"1,59 €","2,12 €/L"
Tira gorduras recarga,Mistolin,Garrafa de 550 ml,"4,89 €","6,52 €/L"
Resguardo para mesa,PorSi,Dim.: 140 x 200 cm,"29,99 €","29,99 €/Unidade"
Champô cabelos pintados,Labell,Embalagem de 250 ml,"5,59 €","22,36 €/L"
Cotonetes para bebé,PorSi,Embalagem com 60 unidades,"0,58 €","0,58 €/Unidade"
"Creme de muda de fralda, para bebé",Pommette,Embalagem de 100 ml,"0,59 €","5,90 €/L"
Cerveja com álcool abadia,Super Bock,pack 6 x 0.33 l,"1,99 €/L","1,99 €/L"
Fortnite pump,Nerf,1 un.,"11,59 €","11,59 €/Unidade"
Tira nódoas roupa em pó oxy white,PorSi,Embalagem de 1 kg,"3,09 €","3,09 €/Kg"
1ª papa láctea multifrutos sem glúten +4 meses,Cerelac,Embalagem de 250g,"4,49 €","4,49 €/Kg"
Vinho branco,PorSi,embalagem de 1 litro,"0,85 €","0,85 €/L"
Salsichas Frankfurt em lata,Izidoro,Embalagem de 120g,"0,75 €","3,75 €/Kg"
Bolacha de manteiga belga c/ chocolate,Saborosa,Embalagem de 200g,"1,69 €","6,76 €/Kg"
Guitarra,Panda,1 un.,"14,99 €/Unidade","14,99 €/Unidade"
Batata frita palha,PorSi,Embalagem de 160g,"0,87 €","5,44 €/Kg"
Halls Mini Mints Menta,Halls,12.5 g,"1,00 €","5,00 €/Kg"
Whisky blended,Label 5,"Garrafa de 0,70 l","11,49 €","16,41 €/L"
Alimento seco gato salmao 1.5k,Purina One,"Embalagem de 1,5 kg","12,99 €","4,33 €/Kg"
Kit Limpeza Animal Edição Limitada,Swiffer,Mopa + Espanador,"1,79 €","2,39 €/L"
Rojões,Porco,1 un = 250 gr  (aprox.),"4,89 €","4,89 €/Kg"
Palmilha recortável antiodor,Sonaf,1 unidade,"5,59 €","37,27 €/L"
Leite UHT Meio Gordo,Gresso,Embalagem de 1 l,"0,81 €","0,81 €/L"
Lixívia Spray Mousse,Neoblanc,Embalagem de 700ml,"2,59 €","1,30 €/L"
Set Cozinha,Frozen,1 conjunto,"11,59 €","11,59 €/Unidade"
Pano wc super absorvente,Scotch-Brite,Embalagem de 1 unidades,"1,64 €","1,64 €/Unidade"
Desodorizante de pés em spray,Protex,Embalagem de 150 ml,"5,59 €","37,27 €/L"
Pimento Verde,Legumes do Dia,1 un = 250 gr  (aprox.),"0,75 €","2,99 €/Kg"
Massas alimentícias laços,PorSi,Embalagem de 500g,"0,89 €","1,78 €/Kg"
Iogurte Pedaços Kiwi 0% Matéria Gorda/Açúcares,Danone,4 x 120 g,"4,15 €/Kg","4,15 €/Kg"
Rebuçados mini café,PorSi,Embalagem de 200g,"1,59 €","6,36 €/Kg"
Gelatina pronta a comer morango,Royal,Embalagem de 4 x 100 g,"0,85 €","2,13 €/Kg"
Fralda Cueca Activity Extra Tamanho 5,Dodot,Embalagem com 40 uni.,"8,99 €","8,99 €/Unidade"
Bolacha shortcake,Nacional,Embalagem de 180g,"1,69 €","6,76 €/Kg"
Palitos super finos,PorSi,Embalagem de 85 unidades,"1,15 €","1,15 €/Unidade"
Sereia Bolas de Sabão,ENCHANTIMALS,1 unidade,"11,59 €","11,59 €/Unidade"
New Dotty com Cabelo,Cry Babies,1 unidade,"11,59 €","11,59 €/Unidade"
A Minha Cozinha 100% chef,Smoby,1 unidade,"11,59 €","11,59 €/Unidade"
Sobremesa Paturette Caramelo,Páturages,Embalagem de 4x115g,"1,19 €","2,59 €/Kg"
Tostas dietéticas,Diatosta,Embalagem de 225 g,"1,34 €","5,96 €/Kg"
Inseticida ajustável eléctrico líquido anti melgas e...,Raid,60 noites,"10,49 €","17,48 €/L"
Amaciador  p/ roupa concentrado Aromaterapia,PorSi,Embalagem com 60 doses,"1,99 €","1,00 €/L"
Ilha do vulcão,Play-Doh,1 unidade,"11,59 €","11,59 €/Unidade"
Tamaras,PorSi,Embalagem de 200g,"0,79 €","3,95 €/Kg"
Cerveja com álcool,Kings Bräu,"Embalagem de 0,33 l","1,99 €/L","1,99 €/L"
Animais Selvagens,Discovery Channel,set 30 peças,"11,59 €","11,59 €/Unidade"
Caldeirada de bacalhau,PorSi,Embalagem de 1 kg,"6,39 €","7,99 €/Kg"
"Queijo em fatias, -50% gordura",Limiano,Embalagem de 200g,"1,56 €","7,80 €/Kg"
Pano limpa pó de flanela,PorSi,1 unidade,"1,64 €","1,64 €/Unidade"
Creme para calçado incolor,PorSi,50 ml,"0,99 €","19,80 €/L"
Vinho tinto regional península de setúbal,Q.camarate,Garrafa de 0.75 l,"2,99 €","3,99 €/L"
Vassoura pequena,PorSi,unidade,"2,20 €","2,20 €/Unidade"
Leite condensado,PorSi,Lata de 1 kg,"1,09 €","2,75 €/Kg"
Iogurte yoco squeezy de morango,Nestle,Embalagem de 4 x 80 g,"1,05 €","1,86 €/L"
Legumes para sopa,PorSi,Embalagem de 1 kg,"1,89 €","1,89 €/Kg"
Spray calcário e sujidade,Cillitbang,Garrafa de 500 ml,"1,19 €","0,79 €/L"
Porto ruby,Ferreira,Garrafa de 750 ml,"6,65 €/L","6,65 €/L"
Tosta integral de alfarroba,Cemporcent,Embalagem de 250g,"1,34 €","5,96 €/Kg"
Sabonete original,Palmolive,Embalagem de 4x90 g,"4,49 €","12,47 €/Kg"
Papa infantil não láctea bolacha maria +6 meses,Cerelac,Embalagem de 250g,"4,49 €","4,49 €/Kg"
Néctar vital equilibrio laranja/cenoura/manga,Compal,Embalagem de 1 l,"0,99 €","0,99 €/L"
Crepe simples,PorSi,Embalagem de 630g,"2,99 €","5,54 €/Kg"
Sumo 100% fresh maçã,Compal,Garrafa de 330 ml,"1,09 €","0,73 €/L"
Ambientador spray pure colónia de bebé,PorSi,250 ml,"0,99 €","3,30 €/L"
Kinder delice cacau,Kinder,Embalagem de 400g,"2,05 €","5,13 €/Kg"
Biscoitos integrais sementes de agave,PorSi Viva Bem,Embalagem de 150g,"0,69 €","3,45 €/Kg"
Elixir Anti-Tartaro,Listerine,500 ml,"5,99 €","11,98 €/L"
Toalhão de banho,PorSi,100 x 150 cm,"29,99 €","29,99 €/Unidade"
4 Potes,Play-Doh,1 Embalagem,"9,99 €","9,99 €/Unidade"
Espumante cava meio seco reserva,Freixenet,Garrafa de 750 ml,"6,99 €","9,32 €/L"
Sardinha em tomate picante,PorSi,Embalagem de 120g,"0,89 €","7,42 €/Kg"
Mala de Veterinária,Peppa Pig,,"11,59 €","11,59 €/Unidade"
Iogurte líquido morango,PorSi,Embalagem de 4 x 160 g,"1,17 €","1,83 €/Kg"
Chá infusão sene,Cemporcent,Embalagem de 13g,"58,44 €/Kg","58,44 €/Kg"
"Refeição pronta, boião de legumes e vitela",Bledina,Embalagem de 200g,"1,89 €","9,95 €/Kg"
Alheira com maçã,Terras do Demo,Embalagem com 200 g,"1,49 €","7,45 €/Kg"
"Luvas multiusos relevo antiderrapante, tamanho médio",PorSi,Embalagem de 1 unidades,"4,29 €","4,29 €/Unidade"
Tablete de chocolate de culinária - sem açúcar,PorSi Viva Bem,Embalagem de 100 g,"1,04 €","8,32 €/Kg"
Lixívia densa +,Neoblanc,Embalagem de 1 l,"1,74 €","0,35 €/L"
Toalha de banho,PorSi,100 x 150 cm,"29,99 €","29,99 €/Unidade"
Napolitanas creme cacau,PorSi,Embalagem de 320g,"1,77 €","5,53 €/Kg"
Mini tostas de trigo,Diatosta,Embalagem de 350 g,"2,39 €","6,83 €/Kg"
Cá drenó volum,PLANTANATU,Embalagem de 10 unidades,"1,79 €","44,75 €/Kg"
Sacos higiénicos para animal,Canaillou,4 x 20 unidades,"1,19 €","0,24 €/Kg"
Pasta dentífrica herbal branqueadora,Colgate,Embalagem de 75 ml,"2,39 €","31,87 €/L"
Comida húmida para cão almôndegas,PorSi,Embalagem de 1200 g,"0,75 €","2,50 €/Kg"
Lambrusco bianco,*,Garrafa de 750 ml,"2,09 €","2,79 €/L"
Café em Cápsulas Dolce Gusto Sical,Nescafé,Embalagem de 3x16 cápsulas,"59,82 €/Kg","59,82 €/Kg"
"Queijo flamengo, fatias",Paiva,Embalagem de 180 g,"1,56 €","7,80 €/Kg"
Grão de bico,PorSi,embalagem de 500 g,"0,99 €","1,98 €/Kg"
Mini tostas trigo super finas,PorSi,Embalagem de 100 g,"2,39 €","6,83 €/Kg"
Baby Clemmy Balde de Atividades,Clementoni,1 un.,"14,99 €/Unidade","14,99 €/Unidade"
Bandas de cera facial peles normais,Veet,Embalagem de 20 unidades,"3,11 €","3,11 €/Unidade"
Feijão branco cozido,PorSi,Embalagem de 420g,"1,79 €","2,29 €/Kg"
Princesa cristais de gelo,Steffi Love,1 unidade,"11,59 €","11,59 €/Unidade"
Batata frita palha,PorSi,Embalagem de 500g,"0,87 €","5,44 €/Kg"
Vodka,ON/OFF,Garrafa 0.70L,"19,79 €","19,79 €/L"
Preparado de bolo de canela,PorSi,500 g,"0,45 €","5,00 €/Kg"
Rebuçado recheio morango,PorSi,Embalagem de 250g,"1,00 €","5,00 €/Kg"
Manteiga s/ lactose,Primor,Embalagem de 130g,"1,69 €","6,76 €/Kg"
Tampão Normal,O.B.,1 Embalagem c/32 unidades,"1,39 €","1,39 €/Unidade"
Posso ser,Barbie,1 unidade,"11,59 €","11,59 €/Unidade"
Gelatina pronta a comer light 10 kcal melancia,Royal,Embalagem de 4 x 100 g,"0,85 €","2,13 €/Kg"
Twins,Gullon,pack 2 x 154 g,"0,79 €","4,49 €/Kg"
Salsichas em lata,PorSi,Embalagem  de 120 g,"0,75 €","3,75 €/Kg"
Sangria frutos vermelhos,Casal Garcia,Garrafa de 0.75 l,"2,39 €","1,59 €/L"
Bolachas maria,Triunfo,Embalagem de 200g,"1,69 €","2,11 €/Kg"
Petit gateau morango 4x80g,PorSi,Embalagem de 320g,"2,99 €","5,54 €/Kg"
Batata doce em palitos,MCCAIN,Embalagem de 500 g,"1,39 €","1,39 €/Kg"
Bolachas com geleia de laranja,Chabrior,Embalagem de 150 g,"1,77 €","5,53 €/Kg"
Vinho branco regional península de setúbal,Joao pires,Garrafa de 0.75 l,"2,99 €","3,99 €/L"
Sumo concentrado de laranja,GUD,Garrafa de 740 ml,"4,89 €","6,61 €/L"
Água s/ gás,Luso,"Garrafa de 0,75 l","1,04 €","0,17 €/L"
Bolachas chiquilin,Artiach,Embalagem de 180g,"1,69 €","6,76 €/Kg"
Cerveja com álcool,Sagres,Garrafa de 1 l,"1,99 €/L","1,99 €/L"
Facas inox + cepo,Renberg,Conjunto com 5 facas,"16,99 €","16,99 €/Unidade"
"Líquido refrigerante, verde 10%",PorSi,Embalagem de 5 l,"3,99 €","0,80 €/L"
Mistura para aves,Rac.zezere,Embalagem de 5 kg,"4,09 €","0,82 €/Kg"
Frango do Campo Inteiro c/ Miúdos Programa Origens,PorSi Select,Vendido ao peso,"1,05 €","2,99 €/Kg"
Compal da horta concentrado tomate,Compal,Embalagem de 140g,"3,84 €","24,00 €/Kg"
Fruta para bebé maçã banana morango +8 meses,Nestle,Embalagem de 90g,"0,74 €","8,22 €/Kg"
Óleo Gasolina 20w40,PorSi,Embalagem de 5 l,"5,99 €","5,99 €/L"
"Chá de mel, limão e ginseng",Tetley,Embalagem de 20g,"44,50 €/Kg","44,50 €/Kg"
Vinho maduro tinto,Alto de Pias,Garrafa de 5 l,"5,19 €","1,04 €/L"
Esferográfica Sortida Média,Mab,Embalagem com 10 un.,"2,49 €","2,49 €/Unidade"
Néctar clássico tutti frutti,Compal,Garrafa de 200 ml,"0,99 €","0,99 €/L"
Sidra maçã,Somersby,pack 4 x 0.33 l,"1,59 €","3,18 €/L"
Fralda cueca T6 - 16 a 22 kg,PorSi,18 unidades,"8,99 €","8,99 €/Unidade"
Broa de Milho,Pão do Dia,1 unidade= 400 g,"0,19 €","2,71 €/Kg"
Tira verniz,Labell,Embalagem de 200 ml,"1,03 €","10,30 €/L"
Entrecosto,Porco,Vendido ao peso a partir de 1 kg,"4,89 €","4,89 €/Kg"
Gelados mini colosse mini mix,PorSi,Embalagem com 8 unidades,"5,99 €","16,64 €/L"
Senses Tropical,Trident,1 un.,"0,89 €","59,33 €/Kg"
Petit gâteau,PorSi,Embalagem de  4 x 80 g,"2,99 €","5,54 €/Kg"
"Recarga Inseticida elétrico, nigth & day",Raid,Embalagem de 2x300 ml,"10,49 €","17,48 €/L"
X-ato mini,Maped,9 mm,"8,61 €","8,61 €/Unidade"
Sopa Creme de Marisco,PorSi,Embalagem de 80 g,"0,84 €","13,55 €/Kg"
Iogurte liquido infantil morango,PorSi,Embalagem de 6 x 94 ml,"1,17 €","1,83 €/Kg"
Leite c/ Chocolate,Agros,Embalagem de 4 x 200 ml,"0,49 €","2,45 €/L"
Pizza marguerita,PorSi,Embalagem de 2 x 300 g,"2,16 €","6,17 €/Kg"
Vinho verde branco,Torre de menagem,"Garrafa de 0,75 l","3,09 €","3,09 €/L"
Salsichas Frankfurt em lata,Izidoro,Embalagem de 250g,"0,75 €","3,75 €/Kg"
Tarteletes com recheio avelã,PorSi,Embalagem de 91g,"2,15 €","2,87 €/Kg"
Flan sabor a baunilha com caramelo,PorSi,Embalagem de 6 x 100 g,"1,19 €","2,59 €/Kg"
Filetes primavera alho & ervas,Iglo,Embalagem de 230g,"1,79 €","7,16 €/Kg"
Noodle banzai carne,Cigala,Embalagem de 70g,"0,89 €","1,78 €/Kg"
Pao brioche fatiado,PorSi,Embalagem 500G,"2,63 €/Kg","2,63 €/Kg"
Café em cápsulas Dolce Gusto Sical,Nescafé,64 cápsulas,"59,82 €/Kg","59,82 €/Kg"
Cevada solúvel,PorSi,Embalagem de 200g,"1,64 €","6,56 €/Kg"
"Creme de depilação duche, peles normais",Veet,Garrafa de 150 ml,"10,99 €","73,27 €/L"
Cachaço curado fatiado,PorSi,100 g,"2,19 €","10,95 €/Kg"
Lima-limao zero,PorSi,Garrafa de 1.5 l,"0,79 €","0,40 €/L"
Gel Lubrificante natural play,Durex,Embalagem de 50 ml,"4,49 €","4,49 €/Unidade"
"Alimento seco para gato junior, galinha",Whiskas,Embalagem de 350g,"12,99 €","4,33 €/Kg"
Coleira repelente para gatos,Repul' 7,Embalagem de 1 unidades,"8,75 €","8,75 €/Unidade"
Bolacha vida equilíbrio aveia e canela,Cemporcent,Embalagem de 140g,"1,45 €","11,15 €/Kg"
Bebida de amêndoa,Frias,Garrafa de 1 l,"1,19 €","1,86 €/L"
Mini tosta trigo,Diatosta,Embalagem de 90 g,"2,39 €","6,83 €/Kg"
Leite pasteurizado meio gordo,Vigor,Garrafa de 1 l,"0,99 €","0,99 €/L"
Cajus tostados no forno,Matutano,Embalagem de 90g,"0,79 €","7,90 €/Kg"
Miolo berbigão,PorSi,Embalagem de 250g,"4,99 €","6,24 €/Kg"
Leite em pó continuação 2 pro alfa,Nutriben,Embalagem de 800g,"20,99 €","26,24 €/Kg"
Água destilada,PorSi,Garrafão de 5 l,"0,99 €","0,20 €/L"
18 hamburguers de frango s/ glúten,Capitão Iglo,Embalagem de 1 kg,"11,44 €/Kg","11,44 €/Kg"
Pão ralado alho e salsa,PorSi,Embalagem de 240 g,"0,55 €","2,29 €/Kg"
"Refresco em pó, tropical",Tang,Embalagem de 30g,"0,75 €","18,75 €/Kg"
Vinho do porto white,Cruz,Garrafa de 750 ml,"11,99 €","15,99 €/L"
Bambolitos brancos,PorSi,Embalagem de 150g,"0,79 €","5,27 €/Kg"
Rebuçados de mentol,Sweet flav,Embalagem de 250 g,"0,77 €","3,85 €/Kg"
Néctar tutti-fruti,Compal,Pack 3 x 200 ml,"0,99 €","0,99 €/L"
Bolachas maria,PorSi,Embalagem de 800g,"1,69 €","2,11 €/Kg"
Caixa de ferramentas 32 peças,Vicam,1 unidade,"11,59 €","11,59 €/Unidade"
Vinho maduro branco,Alorna,Garrafa de 0.75 l,"1,59 €","2,12 €/L"
Gelatina pronta a comer light 10 kcal ananás,Royal,Embalagem de 4 x 100 g,"0,85 €","2,13 €/Kg"
Bife de atum,PorSi,Embalagem de 400 g,"4,39 €","10,98 €/Kg"
Bicicleta,Unicórnio,"roda 12""","114,99 €/Unidade","114,99 €/Unidade"
Mousse chocolate leite,Alsa,Embalagem de 150g,"0,79 €","5,27 €/Kg"
Vinho maduro tinto,C.da eira,Garrafa de 250 ml,"0,85 €","0,85 €/L"
"Tiras depilatórias corpo, peles normais, com 20 unid...",Lycia,1 embalahem com 20 unidades,"3,11 €","3,11 €/Unidade"
Manteiga magra baixo teor sal,President,Embalagem de 250g,"1,69 €","6,76 €/Kg"
Bastão de Cola,Domédia,10 g,"2,19 €","109,50 €/L"
Napolitas creme baunilha,PorSi,Embalagem de 320g,"2,05 €","5,13 €/Kg"
Caldo de galinha 16 cubos,Knorr,Embalagem de 160g,"3,84 €","24,00 €/Kg"
Doce de morango,PorSi Select,200 g,"2,19 €","9,95 €/Kg"
Detergente Manual p/ Lavar Roupa Regular,Gama,Embalagem de 510 g,"1,09 €","2,73 €/Kg"
Queijo curado babybel protein rede 5x20g,Babybel,Embalagem de 100g,"0,82 €","23,43 €/Kg"
"Livro ""A Magia do Ballet""",Girassol,1 unidade,"9,95 €","9,95 €/Unidade"
Mandioca,Legumes do Dia,1 un=500 gr (aprox.),"0,49 €","4,85 €/Kg"
"Aperitivos, amendoins no forno",Matutano,Embalagem de 200g,"0,79 €","7,90 €/Kg"
Pensos Higiênicos com Abas Super,Ausonia,embalagem com 12 un.,"4,99 €","4,99 €/Unidade"
Farinha para pão integral,Nacional,Embalagem de 1 kg,"0,85 €","0,85 €/Kg"
Cerveja sem álcool,Super Bock,Pack 6 x 20 cl,"5,99 €","3,03 €/L"
Refrigerante c/ gás light,Coca-Cola,pack 6 x 0.33 l,"0,79 €","0,40 €/L"
Clara liquida pasteurizado,Dovo,Embalagem de 320 ml,"2,19 €","2,19 €/Unidade"
Gel de Banho Deeply Nourishing,Dove,Embalagem de 750 ml,"6,39 €/L","6,39 €/L"
Refrigerante sem gás de manga/laran,Joi,"Garrafa de 1,5 l","1,14 €","0,76 €/L"
Nectar vital equilibrio ananás/coco,Compal,Embalagem de 1 l,"0,99 €","0,99 €/L"
Gelatina frutos tropicais  10kcal,Royal,Embalagem de 30g,"0,55 €","61,11 €/Kg"
Manteiga sem sal,Primor,Embalagem de 250g,"1,69 €","6,76 €/Kg"
Bacalhau com broa,PorSi Select,350 g,"1,79 €","7,16 €/Kg"
"Creme de dia, age perfect",L'oreal,Embalagem de 50 ml,"2,99 €","59,80 €/L"
Ambientador gel marinho,PorSi,150 g,"3,49 €","3,49 €/Unidade"
Disco giratório cardio,Innovagoods,1 unidade,"3,99 €","3,99 €/Unidade"
Pensos diários maxi cotton aloé,Carefree,Embalagem com 30 unidades,"1,79 €","1,79 €/Unidade"
Iogurte tipo grego natural açucarado,PorSi,1 kg,"1,49 €","2,98 €/Kg"
Capa de proteção de smartphone,Hamma,1 unidade,"12,99 €","12,99 €/Unidade"
Batido de morango,Forma+,Embalagem de 700g,"1,99 €","45,23 €/Kg"
2 Ligaduras elásticas,PorSi,4m x 6 cm,"0,59 €","1,18 €/L"
Ultra One,Nerf,1 unidade,"11,59 €","11,59 €/Unidade"
Fraldas de Incontinência Elásticos Grandes,Lindor,20 Unidades,"9,99 €","9,99 €/Unidade"
Creme vegetal soja,Planta,Embalagem de 250 gr,"1,75 €","3,50 €/Kg"
Collant mousse muskade 20D,PorSi,Tamanho: m,"1,89 €","1,89 €/Unidade"
Gel de Banho Secrets Oil Avocato,Dove,Embalagem de 500 ml,"6,39 €/L","6,39 €/L"
Moscatel do douro aperitivo,Favaito,pack: 10 x 55 ml,"5,99 €","7,99 €/L"
Pasta dentífrica branco intenso,Aquafresh,Embalagem de 75 ml,"2,39 €","31,87 €/L"
Kit escovas de dentes,Tigex,1 conjunto,"2,29 €","2,29 €/Unidade"
Farinha nao láctea bolacha maria,PorSi,Embalagem de 250g,"4,49 €","4,49 €/Kg"
Gelado pecan deligh,PorSi Select,Embalagem de 500ml,"2,29 €","4,58 €/L"
"Shampoo, laranja",PorSi,Embalagem de 1 l,"3,99 €","0,80 €/L"
Fígado,Porco,Vendido ao peso a partir de 1 kg,"0,60 €","5,99 €/Kg"
Bolachas crackers c/ sal,Du bois,Embalagem de 500g,"0,39 €","3,12 €/Kg"
Nata uht,Mimosa,embalagem de 200 ml,"0,75 €","3,75 €/L"
Centro Médico,Peppa Pig,,"11,59 €","11,59 €/Unidade"
Caderno Agrafado Capa Preta |A4 Liso,Domédia,1 unidade,"1,09 €","1,09 €/Unidade"
Sidra maçãs ácidas,Bandida do Pomar,lata de 0.5 l,"1,59 €","3,18 €/L"
Licor de anis,Xarao,Garrafa de 700 ml,"16,99 €","24,27 €/L"
Amaciador concentrado para roupa floral,PorSi,80 doses,"1,99 €","1,00 €/L"
Mix de sementes tradicional,Cemporcent,Embalagem de 250g,"1,94 €","3,88 €/Kg"
Escova de Dentes Flex Interdental,Aquafresh,2 + 1 unidades,"3,49 €","3,49 €/Unidade"
Cadeira refeição,Baby Nurse Smoby,1 unidade,"11,59 €","11,59 €/Unidade"
Vinho Regional de Lisboa Rosé,Mundus,"Garrafa de 0,75 l","2,12 €/L","2,12 €/L"
10 nuggets peito de frango e queijo,Capitão Iglo,Embalagem de 210g,"2,79 €","8,72 €/Kg"
Fermento de padeiro em pó,Fermipan,Embalagem de 4x11 g,"1,89 €","17,18 €/Kg"
Bacalhau em lombos,PorSi,Embalagem de 800g,"6,39 €","7,99 €/Kg"
Ambientador elétrico + recarga alfazema,PorSi,1 unidade,"3,74 €","3,74 €/Unidade"
Conjunto acessórios para vinho,Anilar,1 unidade,"8,99 €","8,99 €/Unidade"
Leite uht magro,PorSi,Embalagem de 1 litro,"0,81 €","0,81 €/L"
Leite s/ lactose meio gordo,Mimosa,Garrafa de 1 l,"1,29 €","1,29 €/L"
Salsa folhas,PorSi,Saqueta de 12 g,"0,25 €","0,25 €/Kg"
Cappuccino intenso,Nescafe,Embalagem de 130g,"3,19 €","25,52 €/Kg"
Cebola,Legumes do Dia,1 un = 250 gr  (aprox.),"1,29 €/Kg","1,29 €/Kg"
Hambúrguer Vegeta Green Cuisine,Iglo green,Embalagem de 200g,"3,99 €","11,40 €/Kg"
Carro de Limpeza,Vicam,1 unidade,"11,59 €","11,59 €/Unidade"
Batata pré-frita mediterranean,MCCAIN,Embalagem de 750g,"1,39 €","1,39 €/Kg"
Amaciador G. Maravilhosa,Ultra Suave,Embalagem de 400 ml,"1,00 €","5,00 €/L"
Refrigerante com gás free,Seven-up,"Garrafa de 1,25 l","0,79 €","0,40 €/L"
Perolas perfumadas floral,PorSi,Embalagem de 275 g,"8,69 €","1,84 €/Kg"
Pasta de atum,Fides,Embalagem de 90g,"1,19 €","13,52 €/Kg"
Gelatina morango 10kcal,Royal,Embalagem de 30g,"0,55 €","61,11 €/Kg"
"Amaciador de roupa, pure",Comfort,Garrafa de 4 l,"8,99 €","2,25 €/L"
Snack para gato anti-hairball,Whiskas,Embalagem de 60g,"0,99 €","16,50 €/Kg"
Chocolate branco sem açúcar,Cemporcent,Embalagem de 100g,"2,29 €","22,90 €/Kg"
Sidra maçã,Somersby,"Pack 15x0,20 L","1,59 €","3,18 €/L"
Penso Higiénico Ultrafinos Normal Abas,PorSi,16 unidades,"4,99 €","4,99 €/Unidade"
Conjunto Romantique,Coquette,EAU DE TOILETTE 100 ML + R-ON 10 ML,"9,99 €","9,99 €/Unidade"
Sal de mesa,PorSi,Embalagem de 250 g,"0,25 €","0,25 €/Kg"
Filete de anchovas estendidas,General,Embalagem de 40g,"0,89 €","7,42 €/Kg"
20 saquetas infusão de lúcia lima,Lipton,Embalagem de 30g,"0,99 €","23,02 €/Kg"
Mini tostas integrais,PorSi,Embalagem de 180g,"2,39 €","6,83 €/Kg"
16 mini croquetes de carne,PorSi,Embalagem de 290 g,"1,79 €","7,16 €/Kg"
Spray tira gorduras,PorSi,Embalagem de 750 ml,"1,29 €","1,72 €/L"
Óleo Cedro Líquido,PorSi,Embalagem de 200 ml,"1,39 €","1,26 €/L"
Farinha láctea menos 40% açúcar,Cerelac,Embalagem de 250g,"4,49 €","4,49 €/Kg"
Taolhão de banho,PorSi,100 x 150 cm,"29,99 €","29,99 €/Unidade"
Napolitanas creme cacau,PorSi,Embalagem de 320g,"2,05 €","5,13 €/Kg"
Cereais argolas de mel,PorSi,Embalagem de 375 g,"5,07 €/Kg","5,07 €/Kg"
Iogurte tipo grego stracciatella,PorSi,Embalagem de 500g,"1,49 €","2,98 €/Kg"
Moinho pimenta preta em grão,PorSi,Frasco com 45 g,"0,25 €","0,25 €/Kg"
5 manhãzitos,Bollycao,Embalagem com 175 g,"2,05 €","5,13 €/Kg"
Gelado fizz limão,Olá,Embalagem de 6 x 60 ml,"5,99 €","16,64 €/L"
Dawnut de chocolate,Pastelaria do Dia,1 unidade = 60 g,"0,69 €","0,69 €/Unidade"
Creme depilatório para peles normais,Labell,Embalagem de 200 ml,"10,99 €","73,27 €/L"
"Papel higiénico, acolchoado sensitive, 3 folhas, 6 r...",Scottex,1 embalagem,"1,99 €","1,99 €/Unidade"
Carro da polícia,Pinypon Action,1 unidade,"11,59 €","11,59 €/Unidade"
Pistachios com sal,PorSi,Embalagem de 200g,"0,79 €","3,95 €/Kg"
Cereais chocapic,Nestle,Embalagem de 630g,"5,07 €/Kg","5,07 €/Kg"
Feijão manteiga,PorSi,Embalagem de 420g,"1,79 €","2,29 €/Kg"
Vodka red,Smirnoff,Garrafa de 1 l,"19,79 €","19,79 €/L"
Palito fry n' dip,MCCAIN,Embalagem de 500g,"1,39 €","1,39 €/Kg"
Recarga mopa,PorSi,1 unidade,"2,20 €","2,20 €/Unidade"
"Agrafos nº24/6, 2000 unidades",Maped,Uma embalagem,"2,49 €","2,49 €/Unidade"
Farinha de trigo sem fermento t55,PorSi,Embalagem de 1 kg,"0,85 €","0,85 €/Kg"
Papel Higiénico Puríssimo 3 Folhas,Renova,Embalagem c/ 12 rolos,"1,99 €","1,99 €/Unidade"
Cereais lion chocolate/caramelo,Nestle,Embalagem de 400g,"1,06 €","8,15 €/Kg"
Meloa Gália,Fruta da Época,1 un = 1 kg (aprox.),"6,23 €","2,49 €/Kg"
Creme p/ Calçado Preto,Búfalo,Embalagem de 40 ml,"0,99 €","19,80 €/L"
Água com gás,Vimeiro,pack 6 x 0.25 l,"2,85 €","2,85 €/L"
Refrigerante de cola zero,PorSi,Garrafa de 2 l,"0,79 €","0,40 €/L"
Gelatina morango 8 kcal,PorSi,Embalagem de 4 x 100 g,"0,85 €","2,13 €/Kg"
Néctar de 8 frutos,Bongo,Garrafa de 1 l,"0,99 €","0,99 €/L"
Limpa injetores diesel,PorSi,Embalagem de 250 ml,"5,99 €","5,99 €/L"
Gelado magnum pint amêndoas,Olá,Embalagem de 440 ml,"2,29 €","4,58 €/L"
Feijão frade,Compal,Lata de 410 ml,"1,79 €","2,29 €/Kg"
"Alimento húmido para gato +1 ano, sabor a aves",Whiskas,Embalagem de 400g,"3,49 €","10,26 €/Kg"
Bolacha cream cracker,Vieira,Embalagem de 200g,"0,39 €","3,12 €/Kg"
Rum carta blanca,Bacardi,Garrafa de 700 ml,"17,49 €","24,99 €/L"
Arroz basmati,PorSi,Embalagem de 1 kg,"0,99 €","0,99 €/Kg"
Francesinha,PorSi,Embalagem de 450G,"3,53 €","8,83 €/Kg"
Ovos galinha solo m,PorSi,6 ovos,"1,39 €","1,39 €/Unidade"
Arroz basmati,Caçarola,Embalagem de 1 kg,"0,99 €","0,99 €/Kg"
Medalhões de pescada,PorSi,Embalagem de 400 g,"4,39 €","10,98 €/Kg"
Luvas Multilatex M/L,Vileda,Embalagem com 100 un.,"4,29 €","4,29 €/Unidade"
Toucinho fumado extra,PorSi,Embalagem de 200 g,"2,19 €","10,95 €/Kg"
Café Qalidus XXL,Delta Q,Embalagem com 60 cápsulas,"59,82 €/Kg","59,82 €/Kg"
Bolacha chocomax mini,Nacional,Embalagem de 120 g,"0,90 €","6,00 €/Kg"
Noz com casca 28/30,Frutos secos,1 un = 200 gr (aprox.),"3,79 €/Kg","3,79 €/Kg"
"Fermento em pó, lata",Royal,Embalagem de 110g,"1,89 €","17,18 €/Kg"
Vermute rosso,Martini,Garrafa de 1 l,"11,99 €","11,99 €/L"
Arroz integral,PorSi Viva Bem,Embalagem de 1 kg,"0,99 €","0,99 €/Kg"
Veggie bowls quinoa & abóbora 350g,Iglo green,Embalagem de 350g,"3,99 €","11,40 €/Kg"
Batata frita gourmet,PorSi,Embalagem de 150g,"1,06 €","5,73 €/Kg"
Caracol com passas,*,90g,"0,69 €","0,69 €/Unidade"
Baguete,*,400 g,"0,19 €","2,71 €/Kg"
Sidra de maçã,Somersby,pack 6 x 0.2 l,"1,59 €","3,18 €/L"
"Pensos para calos, 10 unidades",PorSi,1 embalagem,"0,59 €","1,18 €/L"
"Limpa vidros pistola, tripla acção",Ajax,Embalagem de 500 ml,"3,19 €","6,38 €/L"
Caffe latte go chill,Delta,230 ml,"3,19 €","25,52 €/Kg"
Néctar vital equilíbrio frutos vermelhos,Compal,Garrafa de 200 ml,"0,99 €","0,99 €/L"
Doce de tomate 60% fruta,Cemporcent,Embalagem de 280g,"5,99 €","19,97 €/Kg"
Óleo de coco extra virgem,Koala,Garrafa de 180 ml,"3,39 €","3,39 €/L"
"Bebida láctea especial crescimento, 1-3 anos",Mimosa,Garrafa de 1 l,"1,39 €/L","1,39 €/L"
Creme curgete com hortela,PorSi,Embalagem de 400g,"1,19 €","2,98 €/Kg"
Vela em número nº5,PorSi,1 unidade,"0,60 €","0,60 €/Unidade"
Barras de cereais nesquik,Nestle,Embalagem de 150g,"1,06 €","8,15 €/Kg"
Café em cápsulas  qonvictus,Delta Q,Embalagem de 55 g,"59,82 €/Kg","59,82 €/Kg"
Chupa original,Chupachups,Embalagem de 120g,"3,40 €","28,33 €/Kg"
Tentáculos pota,PorSi,Embalagem de 800G,"5,49 €","6,86 €/Kg"
Creme de fixação para dentaduras,Labell,Embalagem de 50 g,"7,39 €","105,57 €/Kg"
"Pensos diários respirare, 44 unidades",Carefree,Uma embalagem,"1,79 €","1,79 €/Unidade"
Cheeseburger de Vaca,Snock,,"3,09 €","15,45 €/Kg"
Néctar de pera,PorSi,Pack 3 x 200 ml,"0,99 €","0,99 €/L"
Desinfetante álcool gel,PorSi,100 ml,"0,99 €","1,98 €/L"
Cesto para o lixo bancada,PorSi,1 unidade,"17,00 €","17,00 €/Unidade"
Creme vegetal para cozinha,Becel,Embalagem de 450 g,"1,75 €","3,50 €/Kg"
Agrafador + 400 agrafos,Domédia,Uma embalagem,"2,19 €","109,50 €/L"
"Alimento húmido para cão, galinha e cordeiro",Pedigree,Embalagem de 400g,"0,75 €","2,50 €/Kg"
Sopa de legumes,PorSi,Embalagem de 400 g,"1,19 €","2,98 €/Kg"
Kit cuidados para cão,Sandimas,3 peças,"11,98 €","59,90 €/L"
Leite de coco bio,PorSi Bio,400 ml,"2,99 €","5,98 €/Kg"
Toalha Hamman Azul,Benetton,80 x 165 cm,"4,49 €","4,49 €/Unidade"
Frutose,PorSi,Boião de 410 g,"3,99 €","44,33 €/Kg"
Inseticida elétrico líquido,Raid,45 noites,"10,49 €","17,48 €/L"
Camarão moçambique 60/80,PorSi,800 g,"8,99 €","25,69 €/Kg"
Lambrusco rose,*,Garrafa de 750 ml,"2,09 €","2,79 €/L"
Starter Pack Princesa,Playmobil,1 unidade,"11,59 €","11,59 €/Unidade"
"Paté de sarinha, atum e marisco",Fides,Embalagem de 90g,"1,19 €","13,52 €/Kg"
Churritos,PorSi,Embalagem de 240g,"2,05 €","5,13 €/Kg"
Bolacha wafer baunilha,PorSi,Embalagem de 180g,"0,98 €","4,67 €/Kg"
Lambrusco tinto,Sorbello,Garrafa de 0.75 l,"2,12 €/L","2,12 €/L"
Piny institute,Famosa,1 unidade,"11,59 €","11,59 €/Unidade"
6 empadas de galinha,PorSi,Embalagem de 330g,"1,79 €","7,16 €/Kg"
Puré de batata,Saint Eloi,Embalagem de 500 g,"0,85 €","0,85 €/Kg"
Autocarro Formas e Cores,Baby Clementoni,1 unidade,"14,99 €/Unidade","14,99 €/Unidade"
Pizza fresca de fiambre e queijo,PorSi,400 g,"0,99 €","4,30 €/Kg"
Pêssego metades calda,PorSi,Embalagem de 3x205g,"1,99 €","2,37 €/Kg"
Comida húmida para gato seleção de peixes,Gourmet mp,Embalagem de 300g,"3,49 €","10,26 €/Kg"
Aperitivos de amendoim com sal e mel,Matutano,Embalagem de 150g,"0,79 €","7,90 €/Kg"
Bochechas,Porco,1 un = 150 gr (aprox.),"4,89 €","4,89 €/Kg"
Iogurte liquido stracciatella,PorSi,Embalagem de 4 x 160 g,"1,17 €","1,83 €/Kg"
Feijão manteiga,PorSi,Embalagem de 500g,"0,95 €","1,90 €/Kg"
Tablete chocolate creme de cacau,Milka,Embalagem de 100g,"0,53 €","5,30 €/Kg"
Salada bacon,PorSi,Embalagem de 192 g,"2,35 €","5,60 €/Kg"
Inseticida baratas e formigas,Dum Dum,Embalagem de 400 ml,"5,09 €","8,48 €/L"
Alimento seco para cão raças pequenas,HappyOne,Embalagem de 2 kg,"22,99 €","1,15 €/Kg"
Creme Facial Depilatório,Veet,Embalagem de 2x50 ml,"3,11 €","3,11 €/Unidade"
Bolachas dinossauros dinoovos,Artiach,Embalagem de 140g,"1,89 €","15,75 €/Kg"
Leite meio-gordo bio,PorSi Bio,Garrafa de 1 litro,"0,81 €","0,81 €/L"
Esponja limpa camurça,PorSi,1 unidade,"1,49 €","1,49 €/Unidade"
Mini Tostas de Trigo,PorSi,Embalagem de 350 g,"2,39 €","6,83 €/Kg"
Gelado cookie dough,PorSi Select,Embalagem de 500ml,"2,29 €","4,58 €/L"
Wafer cacau cubos,Vieira,Embalagem de 100g,"0,98 €","4,67 €/Kg"
Chá Aromatizado Pirâmide Baunilha/Caramelo,PorSi,20 x 2 g,"58,44 €/Kg","58,44 €/Kg"
15 barrinhas pescada,Pescanova,Embalagem de 450g,"9,30 €/Kg","9,30 €/Kg"
Lixivia perfumada,PorSi,Garrafa de 2 l,"1,74 €","0,35 €/L"
Soft 3 Funções,Nenuco,1 unidade,"11,59 €","11,59 €/Unidade"
Cacetinho de trigo integral,Pão do Dia,90 g,"0,19 €","2,71 €/Kg"
Queijo dop cura 4 meses fatias,Sao jorge,Embalagem de 400g,"5,95 €","14,88 €/Kg"
Arroz agulha,Saludães,Embalagem de 1kg,"0,99 €","0,99 €/Kg"
Sanduiche Good4me Frango,Snock,130 g,"1,89 €","14,54 €/Kg"
Iogurte líquido morango / framboesa corpos danone,Danone,Embalagem de 4 x 155 g,"1,17 €","1,83 €/Kg"
Azeite tradição,Oliveira da Serra,Embalagem 3L,"3,19 €","4,25 €/L"
Hambúrguer mediterrânico,Cemporcent,Embalagem de 160g,"25,48 €/Kg","25,48 €/Kg"
Bolachas vitalday recheio iogurte c/ frutos vermelho...,Gullon,Embalagem de 220g,"1,45 €","11,15 €/Kg"
Detergente liquido para máquina de lavar roupa activ...,Skip,Embalagem de 80 doses,"8,69 €","1,84 €/Kg"
Bolacha de caramelo,Snapy,Embalagem de 250g,"1,69 €","2,11 €/Kg"
Néctar pêssego,Compal,Pack 3 x 200 ml,"0,99 €","0,99 €/L"
Snacktoon rupy frutos variados,Bledina,Embalagem de 100g,"2,29 €","6,94 €/L"
Esparguete fino,Nacional,Embalagem de 500g,"0,89 €","1,78 €/Kg"
Vinho tinto regional tejo reserva,Alorna,Garrafa de 0.75 l,"4,99 €","6,65 €/L"
Sobremesa tiramisú,Páturages,Embalagem de 4 x 80 g,"0,55 €","2,75 €/Kg"
Fermento,Royal,Embalagem de 230g,"1,89 €","17,18 €/Kg"
Geleia de morango,Casa de Mateus,Embalagem de 345 g,"3,29 €","9,54 €/Kg"
Café mistura peninsular,Delta,Embalagem de 250g,"1,64 €","6,56 €/Kg"
Gelatina pronta a comer tutti frutti,Royal,Embalagem de 4x100 g,"0,85 €","2,13 €/Kg"
Cadeira Auto Befix Grupo 2/3,Nania,1 unidade,"24,99 €","24,99 €/Unidade"
Refrigerante sem gás laranja,Trina,"Garrafa de 1,5 l","1,14 €","0,76 €/L"
Collant opac microfibra preto 60D,PorSi,Tamanho: l,"1,89 €","1,89 €/Unidade"
Carrinho de passeio bengala cinza,Mader,1 unidade,"24,99 €","24,99 €/Unidade"
Bola Rústica,Pão do Dia,85 g,"0,19 €","2,71 €/Kg"
Gel de Banho Orquídea & Cashmere Extract,Nivea,Embalagem de 750 ml,"6,39 €/L","6,39 €/L"
Spray power&shine vidros,Cif,Garrafa de 750 ml,"0,79 €","0,79 €/L"
Sabonete alfazema de monte,Confianca,Embalagem de 125 g,"4,49 €","12,47 €/Kg"
Manteiga amendoim crocant,PorSi,Embalagem de 340g,"10,84 €/Kg","10,84 €/Kg"
Miolo de Amêndoa com Pele,Ferbar,Embalagem de  180 g,"0,79 €","3,95 €/Kg"
Anti-humidade + 3 recargas,HUMYDRY,1 embalagem,"0,99 €","0,20 €/L"
Tampão Super,O.B.,1 Embalagem c/32 unidades,"1,39 €","1,39 €/Unidade"
Leite condensado magro,PorSi,Embalagem de 390 g,"1,09 €","2,75 €/Kg"
8 hamburguers s/ glúten frango,Capitão Iglo,Embalagem de 480g,"11,44 €/Kg","11,44 €/Kg"
Veículo de Resgate de Montanha,Playmobil,1 unidade,"11,59 €","11,59 €/Unidade"
Bolacha chocodiet nature,Gullon,Embalagem de 270g,"0,79 €","5,27 €/Kg"
Chá gordura localizada,PLANTANATU,Embalagem de 10 unidades,"1,79 €","44,75 €/Kg"
Camisola segunda pele 40D preto t. único,PorSi,1 unidade,"8,99 €","8,99 €/Unidade"
"Refrigerante sem gás, laranja",Joi,"Garrafa de 1,5 l","1,14 €","0,76 €/L"
Beira interior colheita 2014,Beyra,Garrafa de 0.75 l,"2,92 €/L","2,92 €/L"
Conjunto de cuidados,Nuby,1 conjunto,"5,99 €","5,99 €/Unidade"
Comida húmida de vaca para cão,Friskies,Embalagem de 4 x 100 g,"0,75 €","2,50 €/Kg"
Bolachas marítimas clássicas,PorSi Viva Bem,Embalagem de 200g,"1,45 €","11,15 €/Kg"
Leite c/ cacau original,Cacaolat,Garrafa de 1 l,"0,49 €","2,45 €/L"
Bicicleta,Paw Patrol,"roda 12""","114,99 €/Unidade","114,99 €/Unidade"
Filetes de cavala em azeite,PorSi,Embalagem de 120 g,"0,89 €","7,42 €/Kg"
Bebida de soja com cálcio,PorSi Viva Bem,Embalagem de 1 litro,"2,49 €","2,49 €/L"
Néctar de laranja e cenoura light,PorSi,Embalagem de 1 litro,"0,84 €","2,55 €/L"
4 hamburguers vaca s/ glúten,Capitão Iglo,Embalagem de 320g,"2,79 €","8,72 €/Kg"
"Pasta dentífrica, tripla ação",Labell,Embalagem de 75 ml,"2,39 €","31,87 €/L"
Prepar arroz marisco sem gluten cv 0.8kg,Brasmar,Embalagem de 800g,"2,19 €","8,59 €/Kg"
Iogurte líquido morango/cereais,PorSi,Embalagem de 4 x 160 g,"1,17 €","1,83 €/Kg"
Camarão vannamei 24/40,Pescanova,Embalagem de 800g,"8,99 €","25,69 €/Kg"
Estendal Torre 3 Níveis c/ Rodas,Vileda,1 un.,"0,89 €","0,89 €/Unidade"
Batatas Pré-fritas Rosti com Cebola,PorSi,Embalagem com 600 g,"1,39 €","1,39 €/Kg"
Mochila Vintage Flower,Ambar,1 unidade,"19,90 €","19,90 €/Unidade"
Iogurte líquido de frutos vermelhos,PorSi,Embalagem de 4 x 160 g,"1,17 €","1,83 €/Kg"
Detergentes máquina lavar loiça next generation,PorSi,30 pastilhas,"1,49 €","5,96 €/L"
Ambientador vela frutos vermelhos,PorSi,1 unidade,"4,99 €","4,99 €/Unidade"
Desengordurante de Vitrocerâmica/Indução 3 em 1 |Spr...,Vitroclen,Embalagem de 450 ml,"1,29 €","1,72 €/L"
Leite Bem Essencial cereais,Mimosa,Embalagem de 4 x 200 ml,"1,99 €","2,49 €/L"
Fita adesiva,PorSi,5m x 2.5 cm,"0,59 €","1,18 €/L"
Cerveja super bock,Super Bock,Pack 6 x 200 ml,"1,99 €/L","1,99 €/L"
Azeite virgem clássico,PorSi,Garrafa de 750 ml,"3,19 €","4,25 €/L"
Plantanatur super cartilagem de tubarão,PLANTANATU,Embalagem de 1 unidades,"7,59 €","126,50 €/Kg"
Pez blister,PEZ,Embalagem de 70g,"1,00 €","5,00 €/Kg"
Ambientador recarga oasis turquesa,Air Wick,Garrafa de 250 ml,"5,99 €","23,96 €/L"
Meena Fleur,Rainbow High,1 unidade,"11,59 €","11,59 €/Unidade"
Salsa folhas,PorSi,Embalagem de 10g,"0,25 €","0,25 €/Kg"
Tablete triple chocolate,Milka,Embalagem de 90g,"0,53 €","5,30 €/Kg"
Palácio de Gelo da Elsa,Disney,1 unidade,"11,59 €","11,59 €/Unidade"
Vinho maduro branco,Casal da eira,Embalagem de 250 ml,"0,85 €","0,85 €/L"
Gelado viennetta morango,Olá,Embalagem de 650 ml,"2,29 €","4,58 €/L"
"Máquina depiladora descartável, Blue II Feminina",Gillette,Embalagem de 5+1 unidades,"12,99 €","12,99 €/Unidade"
Pimento Vermelho,Legumes do Dia,1 un=250 gr (aprox.),"0,75 €","2,99 €/Kg"
Sopa de tomate,Knorr,Embalagem de 90g,"0,84 €","13,55 €/Kg"
Queijo fundido vaca que ri light 24 porções,A Vaca Que Ri,Embalagem de 400g,"2,39 €","19,92 €/Kg"
Bolacha integral doce,Vieira,Embalagem de 180g,"1,19 €","5,95 €/Kg"
Gel de banho bio kids,Corine de Farme,300 ml,"6,39 €/L","6,39 €/L"
EDT Mulher Nº43 (150ML+EDT 30ML),Caravan,1 unidade,"9,99 €","9,99 €/Unidade"
Régua 50 cm,Mab,1 un.,"2,49 €","2,49 €/Unidade"
Sopa Canja de Galinha c/ Aletria,PorSi,Embalagem de 75 g,"0,84 €","13,55 €/Kg"
Refrigerante com gás de laranja,Sumol,"Garrafa de 1,25 l","0,79 €","0,40 €/L"
Café lote bocage moagem única,Nicola,Embalagem de 250g,"9,16 €/Kg","9,16 €/Kg"
Café intenso,Buondi,10 cápsulas,"59,82 €/Kg","59,82 €/Kg"
Papel higiénico branco 2 folhas,PorSi,48 rolos,"1,99 €","1,99 €/Unidade"
Tablete de chocolate culinário 70% negro,PorSi,Embalagem de 200 g,"0,99 €","4,95 €/Kg"
Mistura para coelhos,Rac.zezere,Embalagem de 5 kg,"4,09 €","0,82 €/Kg"
Bicicleta,Barbie,"roda 12""","14,99 €","14,99 €/Unidade"
Ambientador vela odor cozinha,PorSi,1 unidade,"4,99 €","4,99 €/Unidade"
Queijo amanteigado fatias,Paiva,Embalagem de 180 g,"1,56 €","7,80 €/Kg"
Água mineral sem gás,Vitalis,Pack 6 x 1.5 l,"1,04 €","0,17 €/L"
Oreo flavors cookies birthday party rollpack 154 gr,Oreo,Embalagem de 150g,"0,79 €","4,49 €/Kg"
Escova de Dentes 1-2-3 Shiny Clean,Oral B,4 unidades,"3,49 €","3,49 €/Unidade"
Penteados com fitas,My Little Pony,1 unidade,"11,59 €","11,59 €/Unidade"
Super Napolitana Creme 125 g,Pastelaria do Dia,1 un = 125 g (aprox.),"0,69 €","0,69 €/Unidade"
Iogurte de morango sem lactose,PorSi Viva Bem,4 x 125 g,"1,87 €","1,25 €/Kg"
Gelado cornetto mini clássico,Olá,Embalagem de 8 x 60 ml,"5,99 €","16,64 €/L"
Iogurte líquido yoggi morango/banana,Nestle,Embalagem de 4 x 160 g,"1,17 €","1,83 €/Kg"
Massa de cotovelos grandes riscados,Milaneza,Embalagem de 500g,"0,89 €","1,78 €/Kg"
Couve Coração Programa Origens,PorSi,1 un = 1 kg (aprox.),"1,00 €","2,49 €/Kg"
Queijo flamengo fatiado,PorSi,Embalagem de 200G,"1,56 €","7,80 €/Kg"
Arroz carolino,Louro,Embalagem de 1 kg,"0,99 €","0,99 €/Kg"
Creme depilatório para peles sensíveis,Labell,Embalagem de 200 ml,"10,99 €","73,27 €/L"
Fita Adesiva Brico Facil Especial Dupla Face,Ceys,1 unidade,"2,59 €","86,33 €/Kg"
Bolachas mini,Oreo,Embalagem de 160g,"0,79 €","4,49 €/Kg"
Couve Penca (Portuguesa) Programa Origens,PorSi,1 un = 1 kg (aprox.),"1,00 €","2,49 €/Kg"
Café descafeinado,PorSi,Embalagem de 250g,"1,59 €","6,36 €/Kg"
Bio miolo amendoa compele,PorSi Bio,Embalagem de 100g,"2,99 €","5,98 €/Kg"
Ice tea de manga,PorSi,"Embalagem de 6x0,20 l","1,14 €","0,76 €/L"
"Gelatina pronto a comer, 10kcal limão",Royal,Embalagem de 4 x 100 g,"0,85 €","2,13 €/Kg"
Lava tudo antibacteriano floral,PorSi,"Garrafa de 1,5 l","0,99 €","0,50 €/L"
Café solúvel + cereais,Delta,Embalagem de 200 g,"1,45 €","14,50 €/Kg"
Sumo essencial pera,Compal,pack 3 x 0.11 l,"0,99 €","0,99 €/L"
Pepsi max,Pepsi,Garrafa de 1.75 l,"0,79 €","0,40 €/L"
Feijão manteiga,PorSi,Frasco com 540 g,"1,79 €","2,29 €/Kg"
Leite seleccionado meio gordo,Matinal,Garrafa de 1 l,"0,81 €","0,81 €/L"
Bolachas de aveia,Triunfo,Embalagem de 190g,"3,09 €","10,30 €/Kg"
Vinho do porto lbv 2004,Cruz,Garrafa de 0.75 l,"17,99 €","23,99 €/L"
Conjunto de 3 pinceis nº 4/8/12,Domédia,Uma embalagem,"4,69 €","4,69 €/Unidade"
Aguardente,1920,Garrafa de 700 ml,"12,79 €","18,27 €/L"
Inseticida Aerossol Casa&Plantas,Raid,1 Embalagem 600ml,"5,49 €","13,73 €/L"
Alho picado,PorSi,Embalagem de 100 g,"3,29 €","4,39 €/Kg"
Morcela assar fundao,PorSi,Embalagem de 250g,"1,49 €","7,45 €/Kg"
Smooth Lâminas Para Máquina De Depilação,Venus,4 Unidades,"12,99 €","12,99 €/Unidade"
"Bolo com recheio de chocolate, multipack",Chipicao,Embalagem de 340g,"2,05 €","5,13 €/Kg"
Adoçante em pó,Canderel,Embalagem de 90g,"3,99 €","44,33 €/Kg"
Penso de incontinência normal,Ausonia Discreet,Embalagem de 12 un.,"1,95 €","1,95 €/Unidade"
Queijo curado -30% gordura,Casteloes,500 g,"6,99 €","13,98 €/Kg"
Queque,PorSi,1 unidade = 55 g,"0,69 €","0,69 €/Unidade"
Massa para pizza,PorSi,Embalagem de 260 g,"0,89 €","1,78 €/Kg"
Queijo creme de camembert,Président,embalagem de 125 g,"1,45 €","7,25 €/Kg"
6 Preservativos Adapta Nature,Control,,"4,49 €","4,49 €/Unidade"
Sumo 100% laranja,Compal,1 litro,"1,09 €","0,73 €/L"
Néctar vital equilibrio manga/maracujá,Compal,Embalagem de 1 l,"0,84 €","2,55 €/L"
Bolachas Vitalday crocantes aveia e chocolate de lei...,Gullon,Embalagem de 300g,"2,15 €","2,87 €/Kg"
Bolachas marinheiras s/ sal,Cemporcent,Embalagem de 200g,"1,45 €","11,15 €/Kg"
Gogo SqueeZ Snack Maçã e Manga,Gogo,Embalagem de 90g,"2,29 €","6,94 €/L"
Discos Sanitários Activos Aparelho Lavanda,WC Pato,Embalagem de 36 ml,"2,99 €","74,75 €/Kg"
Caderno Agrafado Capa Preta |A4 Pautado,Domédia,1 unidade,"2,29 €","2,29 €/Unidade"
Jardineira,PorSi,Embalagem de 400 g,"1,89 €","1,89 €/Kg"
Carro polícia com som e luz,Playmobil,1 unidade,"11,59 €","11,59 €/Unidade"
Limpa carpetes,PorSi,Embalagem de 1 litro,"2,29 €","2,29 €/L"
Spray power&shine multiusos c/ lixívia,Cif,Garrafa de 750 ml,"0,79 €","0,79 €/L"
Sumo essencial pera,Compal,pack 3 x 0.11 l,"2,29 €","6,94 €/L"
Aguardente velhíssima,São Domingos,Garrafa de 0.70 l,"12,79 €","18,27 €/L"
Areia para gatos 100% natural,PorSi,Embalagem de 5 kg,"1,19 €","0,24 €/Kg"
Leite condensado,PorSi,Embalagem de 397 g,"1,09 €","2,75 €/Kg"
Cogumelos laminados,PorSi,Embalagem de 185 g,"1,79 €","2,29 €/Kg"
20 saquetas chá de frutos silvestres,Lipton,Embalagem de 30g,"44,50 €/Kg","44,50 €/Kg"
Garagem 4 andares com acessórios,Fantástiko,1 unidade,"11,59 €","11,59 €/Unidade"
Tesoura para esquerdinos com 13 cm,Maped,unidade,"2,19 €","109,50 €/L"
Pudim de chocolate,PorSi,Embalagem de 110g,"0,59 €","29,50 €/Kg"
Ração para gato bolas de pelo com frango,Friskies,"Embalagem de 1,5kg","12,99 €","4,33 €/Kg"
Lulas recheadas,Piteu,Embalagem de 120g,"0,89 €","7,42 €/Kg"
Arroz vaporizado,PorSi,Embalagem de 1 kg,"0,99 €","0,99 €/Kg"
Preparado de tarte de flã,PorSi,360 g,"0,45 €","5,00 €/Kg"
20 saquetas chá de pêssego manga,Lipton,Embalagem de 40g,"44,50 €/Kg","44,50 €/Kg"
Soro fisiológico,PorSi,Embalagem de 100 ml,"0,59 €","5,90 €/L"
Crazy Chic Mala de Maquilhagem,Clementoni,1 unidade,"11,59 €","11,59 €/Unidade"
Bife da Alcatra,Novilho,1 un = 250 gr (aprox.),"11,96 €","14,95 €/Kg"
Gomas starmix,Haribo,Embalagem de 90g,"1,19 €","3,97 €/Kg"
Queijo mascarpone,Páturages,Embalagem 250G,"1,59 €","6,36 €/Kg"
Máquina Depilatória Descartável Miss Soleil Sensitiv...,Bic,1 + 2 Unidades Grátis,"5,49 €","5,49 €/Unidade"
Café solúvel em saquetas,Nescafe,Embalagem de 45 g,"1,45 €","14,50 €/Kg"
Vinho regional tejo 3 castas branco,Fiuza,Garrafa de 750 ml,"4,99 €","6,65 €/L"
Fraldas Activity Extra T5 |13-19 kg,Dodot,48 Unidade,"13,29 €/Unidade","13,29 €/Unidade"
10 pães de leite,PorSi,Embalagem de 350g,"2,59 €","7,40 €/Kg"
Ice tea de pêssego,PorSi,"Embalagem de 1,5 l","1,14 €","0,76 €/L"
Vinho branco frisante,Cacho Fresco,Garrafa de 0.75 l,"2,12 €/L","2,12 €/L"
Leite de pastagem meio gordo,Terra Nostra,Embalagem de 1 l,"0,81 €","0,81 €/L"
O cacau puro,Cemporcent,Embalagem de 200g,"2,29 €","11,45 €/Kg"
"Coloração permanente, preto natural, nº3",Excellence,1 unidade,"9,49 €/Unidade","9,49 €/Unidade"
Palitos superfinos,PorSi,Embalagem de 400 unidades,"1,15 €","1,15 €/Unidade"
Ervilhas,Iglo,"Embalagem de 1,125 kg","1,89 €","1,89 €/Kg"
Leite uht magro,Mimosa,Embalagem de 1 litro,"0,81 €","0,81 €/L"
Ambientador aerossol 5 em 1 frescura água,PorSi,300 ml,"0,99 €","3,30 €/L"
Castanha,Fruta da Época,Categoria II,"3,79 €/Kg","3,79 €/Kg"
Molho de maionese com alho e ervas,PorSi,Garrafa de 120 ml,"0,70 €","2,33 €/Kg"
Bolacha maria oro +33% grátis,Cuetara,Embalagem de 800g,"1,69 €","2,11 €/Kg"
Creme bio mãos e unhas,Labell Bio,75 ml,"1,03 €","10,30 €/L"
Massa em espirais,PorSi,Embalagem de 500g,"0,89 €","1,78 €/Kg"
Cápsulas de café qharacter,Delta Q,Embalagem de 60g,"59,82 €/Kg","59,82 €/Kg"
Ambientador recarga lavanda,Air Wick,Garrafa de 250 ml,"5,99 €","23,96 €/L"
Pensos de incontinência Maxi,Ausonia,Uma embalagem - 12Unidades,"1,95 €","1,95 €/Unidade"
Pensos Higiénicos Cottonlike com Abas Normal Plus,Evax,28 unidades,"4,99 €","4,99 €/Unidade"
Vinagre balsâmico modena,Gallo,Garrafa de 250 ml,"0,35 €","0,70 €/L"
Toalha em rolo papel branco,PorSi,1 Unidade,"1,89 €","1,89 €/Unidade"
Pudim caramelo,PorSi,Embalagem de 90g,"0,59 €","29,50 €/Kg"
Snack para gato seaside,Felix,Embalagem de 60g,"0,99 €","16,50 €/Kg"
Chá camomila,Cemporcent,Embalagem de 40g,"1,79 €","44,75 €/Kg"
Leite evaporado,PorSi,Embalagem de 410g,"1,09 €","2,75 €/Kg"
Batata pom'duchesse,PorSi,Embalagem de 600g,"1,39 €","1,39 €/Kg"
Sardinhas em óleo picante,Ramirez,Embalagem de 130g,"0,89 €","7,42 €/Kg"
Limpa vidros azul,PorSi,Embalagem de 1 l,"3,99 €","0,80 €/L"
Aveia instantânea em pó 1250 g bolacha,Prozis,"Embalagem de 1,25 kg","2,29 €","11,45 €/Kg"
Fraldas premium T4 - 9 a 15 kg,PorSi,50 unidades,"13,29 €/Unidade","13,29 €/Unidade"
Comida húmida para gato seleção de favoritos,Felix,Embalagem de 400g,"3,49 €","10,26 €/Kg"
Cocktail mango,Bar Royal,Garrafa de 750 ml,"6,99 €","9,32 €/L"
Chocolate pastilhas,Pantagruel,Embalagem de 200g,"1,04 €","8,32 €/Kg"
Molho cervejeira 8 cubos,Knorr,Embalagem de 70g,"3,84 €","24,00 €/Kg"
Pudim flan,El mandari,Embalagem de 10g,"0,59 €","29,50 €/Kg"
Gelado cornetto morango,Olá,Embalagem de 6 x 90 ml,"5,99 €","16,64 €/L"
5 gouaches de cores primárias,Domédia,Uma embalagem,"4,69 €","4,69 €/Unidade"
Tesoura para esquerdinos com 13 cm,Maped,unidade,"8,61 €","8,61 €/Unidade"
Suiss'fruits fruta 12x50g,PorSi,Embalagem de 600g,"1,05 €","1,86 €/L"
Vinho bag-in-box tinto,C.alqueva,Garrafa de 5 l,"9,49 €","1,90 €/L"
Leite uht meio gordo,Mimosa,Embalagem de 1 litro,"0,81 €","0,81 €/L"
Mexilhão Médio Fresco,Marisco Fresco,Vendido ao peso,"2,25 €","8,99 €/Kg"
Polpa tomate biológico,Guloso,Embalagem de 500g,"2,99 €","5,98 €/Kg"
Plantanatur detox rapid,PLANTANATU,Garrafa de 500 ml,"7,59 €","126,50 €/Kg"
8 salsichas aves,Izidoro,Embalagem de 200g,"0,75 €","3,75 €/Kg"
Champô anti-caspa,Labell,Embalagem de 400 ml,"5,59 €","22,36 €/L"
Cerveja com álcool,Sagres,"Embalagem de 0,33 l","1,99 €/L","1,99 €/L"
Molas de madeira,PorSi,36 unidades,"0,89 €","0,89 €/Unidade"
Balde praia dobrável,Gratta,18 x 16 cm,"4,49 €","4,49 €/Unidade"
Maçã Granny Smith 75/80,Programa Origens,1 un = 180 gr (aprox.),"1,30 €/Kg","1,30 €/Kg"
Iogurte sabor a coco,PorSi,Embalagem de 4 x 125 g,"1,87 €","1,25 €/Kg"
Compota frutos vermelhos 60% fruta,Cemporcent,Embalagem de 280g,"5,99 €","19,97 €/Kg"
18 nuggets de frango,Capitão Iglo,Embalagem de 380g,"9,30 €/Kg","9,30 €/Kg"
Batata pré-frita para forno,PorSi,Embalagem de 750 g,"1,39 €","1,39 €/Kg"
Salsichas extra suculentas de frango,Nobre,Frasco de 210g,"0,75 €","3,75 €/Kg"
Ovo inteiro liquido pasteurizado,Dovo,Embalagem de 500g,"2,19 €","2,19 €/Unidade"
Piaçaba com suporte,PorSi,1 unidade,"4,99 €","19,96 €/Kg"
Torre de Controlo,Paw Patrol,1 unidade,"11,59 €","11,59 €/Unidade"
Gelado carte d'or yogurt & forest fruit,Olá,Embalagem de 900 ml,"2,29 €","4,58 €/L"
Magnum mini white mix,Olá,Embalagem de 6 x 55 ml,"5,99 €","16,64 €/L"
Queijo brie 60% mg,Páturages,Embalagem de 200 g,"1,45 €","7,25 €/Kg"
Tostas suecas integrais,PorSi,Embalagem de 225 g,"2,39 €","6,83 €/Kg"
Iogurte arôma de frutos vermelhos,PorSi,Embalagem de 8x125 g,"1,87 €","1,25 €/Kg"
Sobremesa gelatina de morango,PorSi,Embalagem 4X100G,"0,85 €","2,13 €/Kg"
Super Napolitana de Chocolate,Pastelaria do Dia,1 un = 120 g (aprox.),"0,69 €","0,69 €/Unidade"
Bagas de cranberry,Cemporcent,Embalagem de 125 g,"0,79 €","3,95 €/Kg"
Bolachas crackers com sal,PorSi,Embalagem de 500g,"0,39 €","3,12 €/Kg"
Fósforos longos,Quinas,Embalagem com 3 unidades,"1,15 €","1,15 €/Unidade"
Fralda mágica,Nenuco,1 unidade,"11,59 €","11,59 €/Unidade"
Curgete,Programa Origens,un= 300 gr (aprox.),"1,47 €","4,89 €/Kg"
Vinho doc alentejo tinto,Albarrada,Garrafa de 750 ml,"2,89 €","3,85 €/L"
Gin london dry 40,Bulldog,Embalagem de 0.70L,"19,79 €","19,79 €/L"
Bicacereais - preparado para bebida de cereais,Cemporcent,Embalagem de 100g,"1,19 €","1,86 €/L"
Patê frango,La piara,Embalagem de 80g,"1,19 €","13,52 €/Kg"
Lava Tudo Perfumado Lavanda,PorSi,Embalagem de 2 l,"0,99 €","0,50 €/L"
Ambientador elétrico pure clean linen + recarga,Glade,1 unidade,"3,74 €","3,74 €/Unidade"
Tablete de chocolate preto,Nestle,Embalagem de 130g,"0,99 €","4,95 €/Kg"
Iogurte grego natural açucarado sem lactose,PorSi Viva Bem,Embalagem de 240g,"0,99 €","1,98 €/Kg"
"Bacalhau graúdo inteiro salgado, seco",Bacalhau da Islândia,1 un= 2.5kg (aprox.),"36,23 €","14,49 €/Kg"
Iogurte líquido infantil morango e banana,PorSi,Pack 6 x 100 g,"1,17 €","1,83 €/Kg"
Refrigerante com gás guaraná,Antartica,"Garrafa de 1,5 l","0,79 €","0,40 €/L"
Sementes de girassol,PorSi Viva Bem,Embalagem de 200 g,"1,59 €","10,60 €/Kg"
"Leite uht, magro",Serraleite,Embalagem de 1 l,"0,81 €","0,81 €/L"
Escova para lavar,PorSi,1 unidade,"2,20 €","2,20 €/Unidade"
"Alimento seco para gato, peixe/legumes",Bribon,"Embalagem de 1,5 kg","12,99 €","4,33 €/Kg"
Bolachas ricanela,Cuetara,Embalagem de 400g + 100g grátis,"0,39 €","3,12 €/Kg"
Bolachas vitalday recheio avelã,Gullon,Embalagem de 220g,"3,09 €","10,30 €/Kg"
Néctar de laranja,Bongo,Garrafa de 1 l,"0,99 €","0,99 €/L"
Liegeois de chocolate,Milchfrisc,Embalagem de 200g,"0,55 €","2,75 €/Kg"
Iogurte vidro pedaços morango,PorSi,Embalagem de 2 x 135 g,"1,49 €","2,98 €/Kg"
Dessert topping chocolate,Winsenia,Embalagem de 300g,"1,29 €","3,23 €/Kg"
Estábulo para banho dos póneis,Lego,1 unidade,"11,59 €","11,59 €/Unidade"
Espreguiçadeira malibu verde,Joluce,1 unidade,"35,99 €","35,99 €/Unidade"
Saco Lixo Ecobag Reforçado 30L (Fecho Fácil),Vileda,Uma embalagem - 15 Sacos,"1,79 €","1,79 €/Unidade"
Furador com 2 furos,Domédia,1 unidade,"2,19 €","109,50 €/L"
Batata pré-frita noisette,PorSi,Embalagem de 1 kg,"1,39 €","1,39 €/Kg"
Lixívia Tradicional,Neoblanc,Embalagem de 4 l,"1,74 €","0,35 €/L"
Areia para gato aglomerante,PorSi,Embalagem de 5 litros,"1,19 €","0,24 €/Kg"
Iogurte natural,PorSi,Embalagem 12 x 125 g,"0,99 €","1,98 €/Kg"
Bolachas waffers com recheio de limão,Cuetara,Embalagem de 150 gr,"0,98 €","4,67 €/Kg"
Transporte avião de acrobacias,Lego,1 unidade,"11,59 €","11,59 €/Unidade"
Balões latex verde,PorSi,Embalagem com 24 unidades,"0,59 €","0,59 €/Unidade"
Flocos de trigo integral,Cemporcent,Embalagem de 400g,"0,69 €","1,73 €/Kg"
10 Cones de Baunilha,Progelcone,Embalagem de 110 g,"3,09 €","10,30 €/Kg"
Pó de talco,PorSi,Embalagem de 250g,"0,59 €","5,90 €/L"
Red Fish,Peixe Congelado,300 a 500 g,"3,99 €/Kg","3,99 €/Kg"
Cordon bleu,PorSi,Embalagem de 1 kg,"2,79 €","8,72 €/Kg"
Proteção de colchão | frente: 100% algodão; verso: p...,VZT,Dim.: 180 x 200 cm,"29,99 €","29,99 €/Unidade"
Lava tudo para pavimentos de madeira,Ajax,Embalagem de 1 litro,"1,39 €","1,26 €/L"
Sopa de Cebola,PorSi,Embalagem de 62 g,"0,84 €","13,55 €/Kg"
Trator Fendt com atrelado,Dickie,Dim.: 30 cm,"11,59 €","11,59 €/Unidade"
Barras de cereais forma arandos,PorSi,6 x 21 g,"1,06 €","8,15 €/Kg"
20 saquetas chá verde pure,Lipton,Embalagem de 30g,"0,99 €","23,02 €/Kg"
Pudim flan,PorSi,Embalagem de 4 x 5.6 g,"0,59 €","29,50 €/Kg"
Gomas beijinhos,PorSi,Embalagem de 300 g,"1,19 €","3,97 €/Kg"
2 filetes de robalo,Iglo,Embalagem de 200g,"1,79 €","7,16 €/Kg"
Snack para gato de galinha e pato,Catisfactions,Embalagem de 60g,"0,99 €","16,50 €/Kg"
Café Torrado em Grão Colômbia,Delta,Embalagem de 220g,"9,16 €/Kg","9,16 €/Kg"
"Vinho branco, região do alentejo, bag in the box",Navegante,Embalagem de 5 l,"9,49 €","1,90 €/L"
Cereais choco max,Nacional,Embalagem de 300 g,"5,07 €/Kg","5,07 €/Kg"
Perna c/ Osso,Peru,1 un = 1 kg (aprox.),"1,05 €","2,99 €/Kg"
Conjunto Caravan Nº1,Caravan,1 unidade,"9,99 €","9,99 €/Unidade"
Creme Depilatório Peles Sensíveis,Veet,Embalagem de 200 ml,"10,99 €","73,27 €/L"
Sementes de chia,PorSi Viva Bem,Embalagem de 150 g,"1,59 €","10,60 €/Kg"
Óleo Performa C3 5W40 Sintético,Galp,Embalagem de 1 l,"5,99 €","5,99 €/L"
Fashion Show Hair Twist Queen,LOL,1 unidade,"11,59 €","11,59 €/Unidade"
Boneca Musical Elsa,Disney,1 unidade,"11,59 €","11,59 €/Unidade"
Rebuçados peitorais,Dr.bayard,Embalagem de 200g,"0,77 €","3,85 €/Kg"
Elixir junior,Aquafresh,Embalagem de 300 ml,"0,99 €","0,99 €/Unidade"
Iogurte grego maçã e canela,Danone,Embalagem de 4 x 110 g,"1,49 €","2,98 €/Kg"
Iogurte pedaços pêssego/alperce,PorSi,Embalagem de 4x125g,"4,36 €","2,18 €/Kg"
Iogurte oikos pêssego,Danone,Embalagem de 4 x 110g,"1,49 €","2,98 €/Kg"
Esterilizador 2 em 1 - Frio e Microondas,Neo Baby,1 unidade,"1,99 €","1,99 €/Unidade"
Batata Pré-Frita Croquettes,PorSi,Embalagem de 1 kg,"1,39 €","1,39 €/Kg"
Maçã Golden 70+ Económica,Fruta do Dia,1 un = 170 gr (aprox.),"1,30 €/Kg","1,30 €/Kg"
Caixa para 10 relógios,BC,1 un.,"12,99 €","12,99 €/Unidade"
Leite Meio Gordo sem Lactose,Mimosa,Pack 4 x 200 ml,"2,19 €","2,19 €/L"
Bife de Frango,Frango,Vendido ao peso a partir de 1 kg,"1,05 €","2,99 €/Kg"
Batatas fritas onduladas originais,Ruffles,Embalagem de 282g,"1,06 €","5,73 €/Kg"
Ervilhas bio,PorSi Bio,Frasco com 290 g,"1,79 €","2,29 €/Kg"
Couve branca,Legumes do Dia,1 un= 1 kg aprox,"1,00 €","2,49 €/Kg"
Macarron Chocolate,Dulcesol,Embalagem de 80G,"3,09 €","10,30 €/Kg"
Argolas Romana,PorSi,Embalagem de 400 g,"1,79 €","7,16 €/Kg"
Baton blackberry shine,Labello,1 un.,"0,58 €","0,58 €/Unidade"
Gogo SqueeZ Snack Maçã,Gogo,Embalagem de 90g,"2,29 €","6,94 €/L"
Achocolatado em pó,Ovomaltine,Embalagem de 400g,"5,39 €","7,19 €/Kg"
"Tiras limpa poros faciais, 6unidades",Labell,1 embalagem,"0,76 €","0,76 €/Unidade"
Anti-humidade,HUMYDRY,1 embalagem,"0,99 €","0,20 €/L"
Licor frutos tropicais,Safari,Garrafa de 700 ml,"16,99 €","24,27 €/L"
Recarga Esfregona de Microfibras,PorSi,1 unidade,"0,89 €","0,89 €/Unidade"
Bacalhau com natas,PorSi,Embalagem de 380g,"1,79 €","7,16 €/Kg"
Termo drena rapid,PLANTANATU,Garrafa de 500 ml,"7,59 €","126,50 €/Kg"
Vermute rosso,Martini,Garrafa de 0.75 l,"7,49 €","10,70 €/L"
Spray renova camurça incolor,PorSi,Embalagem de 200 ml,"6,19 €","24,76 €/L"
Oikos morango 110g x4,Danone,Embalagem de 440g,"1,49 €","2,98 €/Kg"
Ovos galinha solo L,PorSi,12 unidades,"1,39 €","1,39 €/Unidade"
Um dia de segredos de beleza,Nancy,1 un.,"11,59 €","11,59 €/Unidade"
Gel Lubrificante Play Calor,Durex,Embalagem de 50 ml,"4,49 €","4,49 €/Unidade"
Choco flakes,Cuetara,Embalagem de 500g,"5,07 €/Kg","5,07 €/Kg"
"Chocolate kit kat, single",Kit kat,Embalagem de 40g,"16,40 €/Kg","16,40 €/Kg"
Bebida essencial frutos vermelhos,Compal,Pack 3 x 0.11 l,"2,29 €","6,94 €/L"
Pescada 3 Chile,Peixe Congelado,1 un= 1 kg (aprox.),"3,99 €/Kg","3,99 €/Kg"
Água s/ gás,Luso,Pack 6 x 1.5 l,"1,04 €","0,17 €/L"
Néctar 8 frutos,Bongo,Pack 6 x 200 ml,"0,99 €","0,99 €/L"
Maleta quinta,Playmobil,1 unidade,"11,59 €","11,59 €/Unidade"
"Rebuçados de fruta, diamante",PorSi,Embalagem de 200 g,"1,00 €","5,00 €/Kg"
Biscoitos integrais aveia e manteiga de amendoim,PorSi Viva Bem,Embalagem de 150g,"0,69 €","3,45 €/Kg"
"Massa polir, em bisnaga",Redex,Embalagem de 125 ml,"3,99 €","0,80 €/L"
Dentifríco anti-tártaro + branqueador,Colgate,Embalagem de 75 ml,"2,39 €","31,87 €/L"
"Sumo 100%, tutti-frutti",PorSi,"Embalagem de 1,5 l","1,09 €","0,73 €/L"
Vitamina c,PLANTANATU,Embalagem de 1 unidades,"7,59 €","126,50 €/Kg"
Balões latex rosa,PorSi,Embalagem com 24 unidades,"0,59 €","0,59 €/Unidade"
Cestos com tampa e juta,*,3 unidades,"17,99 €/Unidade","17,99 €/Unidade"
Bolachas bambolitos chocolate e leite,PorSi,Embalagem de 150g,"0,79 €","5,27 €/Kg"
Asas de Frango,*,1 un = 100 gr (aprox.),"1,05 €","2,99 €/Kg"
"Lixívia, perfume fresco",Neoblanc,Embalagem de 4 l,"1,19 €","0,60 €/L"
Lambrusco tinto,*,Garrafa de 750 ml,"2,09 €","2,79 €/L"
Ração seca mix para cão adulto,PorSi,Embalagem de 20 kg,"22,99 €","1,15 €/Kg"
"Detergente manual de loiça,limão",Fairy,Embalagem de 2x1.19L,"0,99 €","1,98 €/L"
Ambientador vela maçã e canela,PorSi,1 unidade,"4,99 €","4,99 €/Unidade"
Cacau magro em pó,PorSi,Embalagem de 125 g,"1,04 €","8,32 €/Kg"
Vinagre vinho branco 250ml,Cristal,Garrafa de 250 ml,"0,35 €","0,70 €/L"
Manteiga com sal e sem lactose,Mimosa,Embalagem de 250g,"0,99 €","1,98 €/Kg"
Elixir Total Care Zero,Listerine,Embalagem de 500 ml,"5,99 €","11,98 €/L"
Água c/ gás limão,Frize,pack 4 x 0.25 l,"2,85 €","2,85 €/L"
Aguardente Bagaceira,Martha's,"Garrafa de 0,70L","11,99 €","17,13 €/L"
Detergente líquido máquina de roupa sabão natural,PorSi,86 Doses,"8,69 €","1,84 €/Kg"
Spray desinfetante multiusos,Lysol,Embalagem de 500 ml,"1,19 €","0,79 €/L"
Iogurte aroma de banana,PorSi,Embalagem de 4x125g,"1,87 €","1,25 €/Kg"
Bolacha waffer bites cacau,Waferland,Embalagem de 125g,"0,98 €","4,67 €/Kg"
Malinha Berçário,Baby Nurse Smoby,1 unidade,"11,59 €","11,59 €/Unidade"
Creme vegetal culinário,Vaqueiro,Embalagem de 250 g,"2,89 €","2,89 €/Kg"
Creme vegetal para culinária,PorSi,Embalagem de 250g,"1,75 €","3,50 €/Kg"
Gel de Banho Silk,Dove,Embalagem de 750 ml,"6,39 €/L","6,39 €/L"
Manteiga c/ sal gourmet,Novacores,Embalagem de 250g,"1,69 €","6,76 €/Kg"
Super Cola,Vito,2 unidade,"2,59 €","86,33 €/Kg"
"Frutapura maçã, banana e frutos do bosque",Bledina,Embalagem de 85g,"2,29 €","6,94 €/L"
Quiche lorraine,Monique Ranou,Embalagem de 400 g,"3,99 €","11,40 €/Kg"
Alecrim em folhas,PorSi,Embalagem de 25g,"0,25 €","0,25 €/Kg"
11 Nuggets de Proteína Vegetal,Iglo green,Embalagem de 250g,"3,99 €","11,40 €/Kg"
Bolacha digestiva go canela,Triunfo,Embalagem de 170g,"1,19 €","5,95 €/Kg"
Creme abrasivo de limão,PorSi,Embalagem de 750 ml,"0,99 €","0,99 €/L"
Iogurte de morango sem lactose,PorSi Viva Bem,4 x 125 g,"0,99 €","1,98 €/Kg"
Coca-cola zero,Coca-Cola,pack 2 x 1.75 l,"0,79 €","0,40 €/L"
Grão de bico,Compal,Lata de 850g,"1,79 €","2,29 €/Kg"
Balões latex mistos,PorSi,Embalagem com 24 unidades,"0,59 €","0,59 €/Unidade"
Mini meia mousse muskade 20D t. único,PorSi,Tamanho: m,"1,89 €","1,89 €/Unidade"
Chá earl grey,Lipton,Embalagem de 40g,"44,50 €/Kg","44,50 €/Kg"
Infusão funcho,Cemporcent,Embalagem de 10 unidades,"0,99 €","76,15 €/Kg"
Gelatina ananás 10kcal,Royal,Embalagem de 30g,"0,55 €","61,11 €/Kg"
Chocolate lion,Lion,Embalagem de 40g,"16,40 €/Kg","16,40 €/Kg"
Recarga  para esfregona tiras,PorSi,1 unidade,"0,89 €","0,89 €/Unidade"
Pudim caseiro de laranja,Royal,Embalagem de 200g,"0,59 €","29,50 €/Kg"
Caderno Agrafado Capa Preta |A5 Pautado,Domédia,1 unidade,"1,09 €","1,09 €/Unidade"
Azeite virgem extra seleção,PorSi,Garrafa de 2 l,"3,19 €","4,25 €/L"
Acendalha Querosene,Quinas,Uma embalagem - 32Unidades,"0,75 €","0,75 €/Unidade"
Guardanapos de 1 folha azuis | dim.: 30 x 29 cm,PorSi,Embalagem com 70 unidades,"0,69 €","0,69 €/Unidade"
Vinho Tinto DOC Douro Esteva,Esteva,"Garrafa de 1,5L","7,49 €","9,99 €/L"
Lambrusco rosé,Sorbello,Garrafa de 0.75 l,"2,12 €/L","2,12 €/L"
Farinha láctea cerelac,Cerelac,Embalagem de 500g,"4,49 €","4,49 €/Kg"
Lombos de salmão,PorSi,Embalagem de 300g,"4,39 €","10,98 €/Kg"
Banha,PorSi,Embalagem de 940 g,"2,89 €","2,89 €/Kg"
Crepe de ovo,PorSi,Embalagem de 540 g,"2,99 €","5,54 €/Kg"
Mochila infantil summer boats,Firmo,1 unidade,"19,90 €","19,90 €/Unidade"
Croutons com azeite,PorSi,Embalagem de 150g,"2,39 €","6,83 €/Kg"
Pizza romana,PorSi,Embalagem de 370g,"2,16 €","6,17 €/Kg"
Marmelada,PorSi,Embalagem de 450g,"1,09 €","2,42 €/Kg"
Gel wc anticalcário sem lixívia,PorSi,"Garrafa de 1,5 l","2,79 €","3,99 €/L"
Sumos/ gás morango,Sunny d,"Garrafa de 1,25 l","0,92 €","2,97 €/L"
Batmobile Rádio Controlo,Mondo,1 unidade,"11,59 €","11,59 €/Unidade"
Crepes de legumes,PorSi,Embalagem de 310g,"1,79 €","7,16 €/Kg"
"Vela em número, nº 6",PorSi,1 unidade,"0,60 €","0,60 €/Unidade"
Néctar clássico de pera,Compal,Garrafa de 200 ml,"0,99 €","0,99 €/L"
Azeite virgem delicado,Gallo,Garrafa de 750 ml,"3,19 €","4,25 €/L"
Cápsulas de café delta qualidus,Delta Q,Embalagem de 60g,"59,82 €/Kg","59,82 €/Kg"
Iogurte pedaços ananás,PorSi,Embalagem de 4 x 125 g,"4,36 €","2,18 €/Kg"
Anticongelante vermelho 20%,PorSi,Embalagem de 1 l,"3,99 €","0,80 €/L"
Bebida instantânea em pó de soja,Cemporcent,Embalagem de 400g,"1,19 €","1,86 €/L"
Caderno Espiral Universal A5 Quadriculado,Domédia,1 un.,"2,29 €","2,29 €/Unidade"
Peito de peru fatiado,PorSi,Embalagem de 200g,"2,25 €","11,25 €/Kg"
Vinho regional alentejano bag-in-box branco,Galitos,Garrafa de 5 l,"5,19 €","1,04 €/L"
Café solúvel creme,Delta,Embalagem de 80 g,"1,45 €","14,50 €/Kg"
Creme vegetal sabor manteiga,PorSi,Embalagem de 500 g,"1,75 €","3,50 €/Kg"
Maionese,PorSi,Embalagem de 414 g,"0,70 €","2,33 €/Kg"
Mistura vegetais para wok,PorSi,Embalagem de 750g,"1,89 €","1,89 €/Kg"
Cadeira Dobrável Bali Branca,Joluce,90 x 60 cm,"82,99 €","82,99 €/Unidade"
Pastilhas fire canela,CHICLETS,Embalagem de 16 g,"0,89 €","59,33 €/Kg"
Macarron Limão,Dulcesol,Embalagem de 80G,"3,09 €","10,30 €/Kg"
Chupas Party Mix,PorSi,150 g,"3,40 €","28,33 €/Kg"
"Pensos diários maxiplus, 30 unidades",Evax,Uma embalagem,"1,79 €","1,79 €/Unidade"
Frutapura Pouch Banana Morango,Bledina,Embalagem de 85g,"2,29 €","6,94 €/L"
Crazy Chic Panda Bailarina,Clementoni,1 unidade,"11,59 €","11,59 €/Unidade"
Ambientador tealights baunilha,PorSi,embalagem com 18 unidades,"4,99 €","4,99 €/Unidade"
Tostas integrais,PorSi,Embalagem de 225g,"2,39 €","6,83 €/Kg"
Atum  Posta,Peixe do Dia,1 un = 150 gr (aprox.),"6,49 €/Kg","6,49 €/Kg"
"Champô, anti-caspa",Labell Men,Embalagem de 300 ml,"1,49 €","4,97 €/L"
Sacos do lixo perfumado 30 litros,PorSi,15 unidades,"1,79 €","1,79 €/Unidade"
Pensos clássicos,PorSi,20 unidades,"0,59 €","1,18 €/L"
Pão de forma sem côdea especial torradas,Panrico,Embalagem de 510g,"2,63 €/Kg","2,63 €/Kg"
Bolacha cream cracker,Cuetara,Embalagem de 200g,"0,39 €","3,12 €/Kg"
Canela em pó bio,Cemporcent,Embalagem de 75g,"2,99 €","5,98 €/Kg"
Bebida de soja e chocolate,PorSi Viva Bem,Embalagem de 1 l,"2,49 €","2,49 €/L"
Bastão de cola,Domédia,20 g,"2,19 €","109,50 €/L"
Café Moagem Universal Honduras,PorSi,Embalagem de 220g,"9,16 €/Kg","9,16 €/Kg"
Limpa injetores gasolina,PorSi,Embalagem de 250 ml,"5,99 €","5,99 €/L"
Refrigerante c/ gás,Pepsi,Pack 6 x 0.33 l,"0,79 €","0,40 €/L"
Entremeada Novilho,Novilho,1 un=150 gr (aprox),"11,96 €","14,95 €/Kg"
Feijoada transmontana,Nobre,Embalagem de 420g,"2,35 €","5,60 €/Kg"
"Amaciador de roupa, azul",Comfort,Garrafa de 4 l,"8,99 €","2,25 €/L"
Carcaça Rústica 70 g,Pão do Dia,,"0,19 €","2,71 €/Kg"
18 hamburguers s/ glúten vaca,Capitão Iglo,Pack familiar com 1.4 kg,"2,79 €","8,72 €/Kg"
Barrinhas pescada com limão sem glúten,Pescanova,Embalagem de 300g,"1,79 €","7,16 €/Kg"
Morangos 100% Naturais,PorSi,Embalagem de 750 g,"3,29 €","4,39 €/Kg"
Farinha de trigo sem fermento t55,PorSi,Embalagem de 5 kg,"0,85 €","0,85 €/Kg"
Cenoura adoçada com xarope de milho,Cemporcent,Embalagem de 240g,"1,94 €","3,88 €/Kg"
Descafeinado em cápsulas Pianíssimo 10x5g,PorSi Select,Embalagem de 50g,"1,59 €","6,36 €/Kg"
Super Cola para Madeira,Vito,1 unidade,"2,59 €","86,33 €/Kg"
Beira interior colheita 2013,Beyra,Garrafa de 0.75 l,"2,92 €/L","2,92 €/L"
Ken fashionista,Barbie,1 unidade,"11,59 €","11,59 €/Unidade"
Bolacha tostada,PorSi,Embalagem de 800g,"1,69 €","2,11 €/Kg"
Lixívia para roupa tradicional,Neoblanc,Embalagem de 2 l,"1,19 €","0,60 €/L"
Bolachas com recheio de chocolate,PorSi,Embalagem de 3 x 250 g,"2,15 €","2,87 €/Kg"
Adoçante à base de sucralose,PorSi Viva Bem,Embalagem de 17g,"3,99 €","44,33 €/Kg"
Actimel natural,Danone,Embalagem de 600g,"4,15 €/Kg","4,15 €/Kg"
Pastilhas melão e melancia,Trident,Embalagem de 20g,"0,89 €","59,33 €/Kg"
Pensos Higiénicos Fina e Segura Maxi Super,Evax,Embalagem c/ 13 Unidades,"4,99 €","4,99 €/Unidade"
Infusão de camomila,Tetley,Embalagem de 10g,"0,99 €","23,02 €/Kg"
Cereais nesquik,Nestle,Embalagem de 625g,"5,07 €/Kg","5,07 €/Kg"
Vela com número 4,PorSi,1 unidade,"0,60 €","0,60 €/Unidade"
Forma Pão de Ló Antiaderente 24cm,PorSi,1 unidade,"9,99 €","9,99 €/Unidade"
Fruta para bebé banana laranja bolacha +6 meses,Nestle,Embalagem de 90g,"0,74 €","8,22 €/Kg"
Gel ativo com lixívia,PorSi,Embalagem de 1.5 l,"1,19 €","0,79 €/L"
Tira nódoas roupa em pó oxy white,PorSi,Embalagem de 1 kg,"8,69 €","1,84 €/Kg"
Estúdio de Moda,Clementoni,1 un.,"11,59 €","11,59 €/Unidade"
Mistura sol sem café granulado,PorSi,Embalagem de 200g,"1,64 €","6,56 €/Kg"
Café moagem universal brasil,Delta,Embalagem de 220g,"9,76 €/Kg","9,76 €/Kg"
Detergente líquido Ultra Concentrado Loiça Platinium...,PorSi,Embalagem de 500 ml,"0,99 €","1,98 €/L"
"Rebuçados sem açucar vita c, sabor citrinos",Halls,Embalagem de 32G,"0,77 €","3,85 €/Kg"
Feijão manteiga,Compal,Lata de 410 ml,"1,79 €","2,29 €/Kg"
Café torrado em grão,PorSi,250 g,"9,16 €/Kg","9,16 €/Kg"
"Luvas Multi 100, Tamanho Pequeno/Médio",Vileda,1 Embalagem,"4,29 €","4,29 €/Unidade"
Termo forte beringela/limão,PLANTANATU,Garrafa de 500 ml,"7,59 €","126,50 €/Kg"
X-ato mini,Maped,9 mm,"2,19 €","109,50 €/L"
Abrasivo sanitário gel citrinos,PorSi,embalagem de 1 litro,"0,99 €","0,99 €/L"
Leite seleccionado leve,Matinal,Garrafa de 1 l,"0,81 €","0,81 €/L"
After Shave Bálsamo Sensitive Cool,Nivea Men,Embalagem de 100 ml,"1,16 €","4,64 €/L"
Forra livros,Mab,,"2,19 €","109,50 €/L"
Pão ralado clássico,PorSi,Embalagem de 240 g,"0,55 €","2,29 €/Kg"
Salada de fruta em calda,PorSi,Embalagem de 3 x 220 g,"1,99 €","2,37 €/Kg"
Rebuçados peitorais dr. bentes originais,Dr.bentes,Embalagem de 100g,"0,77 €","3,85 €/Kg"
Achocolatado em pó extra chocolate,Nesquik,Embalagem de 390g,"5,39 €","7,19 €/Kg"
Nata uht para bater,Gresso,Garrafa de 200 ml,"0,75 €","3,75 €/L"
Trator atrelado,Écoiffier,81 cm,"11,59 €","11,59 €/Unidade"
"Caixa com saquetas de  pau de canela, 30 unidades",PorSi,Embalagem 90G,"0,25 €","0,25 €/Kg"
"Batata frita wavy, ondulada",PorSi,Embalagem de 90g,"1,06 €","5,73 €/Kg"
Asas,Peru,1 un = 500 gr (aprox.),"1,05 €","2,99 €/Kg"
Refeição caseira almôndegas,Nobre,Embalagem de 420g,"2,35 €","5,60 €/Kg"
"Pasta dentífrica, 7-13 anos",Labell,Embalagem de 75 ml,"0,99 €","0,99 €/Unidade"
Acetona,PorSi,Embalagem de 200 ml,"1,89 €","9,45 €/L"
Bandas de cera axilas/bikini,Labell,Embalagem com 16 un. + 4 toalhitas de acabamento,"3,11 €","3,11 €/Unidade"
Pack de 3 embalagens de polpa de tomate,Compal,Embalagem de 630g,"3,84 €","24,00 €/Kg"
Porto tawny,Ferreira,Garrafa de 750 ml,"24,99 €","33,32 €/L"
Bebida láctea crescimento 1 a 3 anos,Nestle,Embalagem de 1 litro,"1,39 €/L","1,39 €/L"
Pó baratas e formigas,Baygon,Embalagem de 250 g,"5,49 €","13,73 €/L"
Rolo de cozinha XXL,PorSi,1 rolo,"1,09 €","1,09 €/Unidade"
"Livro ""Carta ao Pai Natal""",Girassol,Uma unidade,"9,95 €","9,95 €/Unidade"
Néctar de laranja e cenoura light,PorSi,Embalagem de 3 x 200 ml,"0,84 €","2,55 €/L"
Lentilhas verdes,Cemporcent,Embalagem de 500g,"1,94 €","3,88 €/Kg"
Iogurte ananás 000%,PorSi Viva Bem,Embalagem de 4 x 125 g,"0,99 €","1,32 €/Kg"
Caixa com tampa amovível para cão 21 L,Codil,1 un.,"7,99 €","7,99 €/Unidade"
Escova plástica (cores sortidas),PorSi,1 unidade,"0,89 €","0,89 €/Unidade"
Loção tónica para pele seca,Labell,Embalagem de 250 ml,"0,76 €","0,76 €/Unidade"
Alheira de mirandela,PorSi Select,Embalagem de 200 g,"1,49 €","7,45 €/Kg"
Pipocas coloridas,Orcape,Embalagem de 100g,"0,79 €","7,90 €/Kg"
Óleo alimentar,Vêgê,Embalagem de 1 l,"3,39 €","3,39 €/L"
Cappucino go chill com cacau,Delta,Embalagem de 230 ml,"3,19 €","25,52 €/Kg"
Sopa rabo de boi económica,Knorr,Embalagem de 60g,"0,84 €","13,55 €/Kg"
Sementes de girassol,Cemporcent,Embalagem de 150 G,"1,39 €","9,27 €/Kg"
Royal gelatin,Royal,Embalagem de 400g,"0,85 €","2,13 €/Kg"
Pescada panada em forma de filete,Pescanova,Embalagem de 1 Kg,"4,39 €","10,98 €/Kg"
Bebida aveia-amêndoa,Alpro,Embalagem de 1 litro,"1,19 €","1,86 €/L"
Queijo fundido vaca que ri palitos light 140g,A Vaca Que Ri,Embalagem de 140g,"2,39 €","19,92 €/Kg"
Vinho branco alentejo,Loios,Garrafa de 750 ml,"2,89 €","3,85 €/L"
Robalo de Viveiro,Peixe Fresco,de 200 a 600 g (aprox.),"6,49 €/Kg","6,49 €/Kg"
Manteiga com sal cuvete,LORETO,Embalagem de 250g,"1,69 €","6,76 €/Kg"
Bandas de cera depilatória axilas peles sensíveis,Veet,embalagem com 16 unidades,"3,11 €","3,11 €/Unidade"
Chiclets morango 16.8g,CHICLETS,Embalagem de 20g,"0,89 €","59,33 €/Kg"
Cubos de tamboril,Mar Ibérica,Embalagem de 250 g,"4,39 €","10,98 €/Kg"
Bolachas cream cracker sesamo,Vieira,Embalagem de 200g,"0,39 €","3,12 €/Kg"
Pudim de chocolate,Boca Doce,Embalagem de 20g,"0,59 €","29,50 €/Kg"
Iogurte mix-in smarties baunilha,Nestle,Embalagem de 2 x 128 g,"1,05 €","1,86 €/L"
Almôndegas de bovino,PorSi,Embalagem de 400 g,"3,53 €","8,83 €/Kg"
Bolo de Arroz 70 g,*,,"0,69 €","0,69 €/Unidade"
Papa infantil láctea 5 frutos +6 meses,Cerelac,Embalagem de 250g,"4,49 €","4,49 €/Kg"
Guardanapos com riscas azuis | Dim.: 33 x 33 cm,PorSi,Embalagem com 20 unidades,"0,69 €","0,69 €/Unidade"
Tira nódoas oxy limpa a seco sem deixar manchas,PorSi,Embalagem de 200 ml,"3,99 €","5,70 €/L"
"Alimento para cão adulto bio complex mix, com frango",HappyOne,Embalagem de 4 kg,"22,99 €","1,15 €/Kg"
Ambientador Arbre Limão,Arbre Magique,3 unidade,"2,89 €","2,89 €/Unidade"
Cama de rede,Saurium,Dim.: 180 x 80 cm,"8,99 €","8,99 €/Unidade"
Máscara snorkel com suporte para câmara,JCN,1 unidade,"9,99 €","9,99 €/Unidade"
Gamba Rosa Moçambique,PorSi,Embalagem de 800 g,"8,99 €","25,69 €/Kg"
Abrasivo wc gel ecologico,PorSi,Garrafa de 1 l,"0,99 €","0,99 €/L"
NASA Estação Espacial,Clementoni,1 unidade,"11,59 €","11,59 €/Unidade"
Cafe soluvel c/c 200g,Delta,Embalagem de 200g,"1,45 €","14,50 €/Kg"
Croissant Brioche 85 g,Pastelaria do Dia,,"0,69 €","0,69 €/Unidade"
Abobora cubos,PorSi,Embalagem de 500g,"1,89 €","1,89 €/Kg"
Sal marinho grosso,Vatel,Embalagem de 1 kg,"0,25 €","0,25 €/Kg"
Insuflável lounge candy,Bestway,1 unidade,"4,49 €","4,49 €/Unidade"
Queijo roquefort,Páturages,Embalagem de 150 g,"1,45 €","7,25 €/Kg"
Lasanha bolonhesa,Iglo,Embalagem de 300g,"2,16 €","6,17 €/Kg"
Esponja mágica tira manchas e riscos,PorSi,Embalagem com 2 unidades,"0,79 €","0,79 €/Unidade"
Lambrusco branco,Sorbello,Garrafa de 0.75 l,"2,09 €","2,79 €/L"
Croissant de Manteiga,PorSi,50g,"0,69 €","0,69 €/Unidade"
Ambientador aerossol 5 em 1 lavanda,PorSi,300 ml,"0,99 €","3,30 €/L"
Recarga p/ ambientador elétrico flores,Ambipur,3 unidades,"5,99 €","23,96 €/L"
Bolacha com aveia,PorSi,Embalagem de 300 g,"1,19 €","5,95 €/Kg"
Legumes grelhados,PorSi,Embalagem de 750g,"1,89 €","1,89 €/Kg"
Cebola picada em pacote,PorSi,Embalagem de 40 g,"0,25 €","0,25 €/Kg"
Vela com número nº 6,PorSi,1 unidade,"0,60 €","0,60 €/Unidade"
Salsicha Fresca,Porco,1 un = 100 gr (aprox.),"0,60 €","5,99 €/Kg"
Bebida arroz,Alpro,Embalagem de 1 l,"2,19 €","2,19 €/L"
Compasso Origin 3 peças,Maped,Uma embalagem,"4,69 €","4,69 €/Unidade"
Moscatel de setúbal,Pioneiro,Garrafa de 750 ml,"16,99 €","24,27 €/L"
Néctar de pera rocha e framboesa do Oeste Algarve,Compal,1 litro,"0,99 €","0,99 €/L"
Iogurte liquido sem lactose morango e banana,PorSi Viva Bem,Embalagem de 4 x 160 g,"2,49 €","5,19 €/Kg"
