Nome,Marca,Unidade,Preço Primário,Preço Secundário
"Lixívia, perfume fresco",Neoblanc,Embalagem de 4 l,"2,19 €","1,10 €/L"
Miolo de camarão 80/100,Pescanova,Embalagem de 350g,"8,99 €","25,69 €/Kg"
Queijo fatiado cheddar,PorSi,Embalagem de 150 g,"1,39 €","6,95 €/Kg"
Saqueta de puré de fruta | maçã + banana + morango,PorSi,90 g,"0,74 €","8,22 €/Kg"
Ambientador arbremagique pinho,Arbre Magique,1 unidade,"1,99 €","1,99 €/Unidade"
Cabo de metal com rosca,PorSi,1.20 m,"2,20 €","2,20 €/Unidade"
"Vela em número, nº 8",PorSi,1 unidade,"1,09 €","1,09 €/Unidade"
Espumante Super Reserva Bruto,Raposeira,Garrafa de 0.75 l,"6,49 €","8,65 €/L"
Detergente Líquido p/ Loiça Original,Fairy,"Embalagem de 1,19 l","1,05 €","2,10 €/L"
Vinho tinto regional península de setúbal,Q.camarate,Garrafa de 0.75 l,"8,59 €","11,45 €/L"
Porto white,Ferreira,Garrafa de 750 ml,"11,99 €","15,99 €/L"
Marcadores Muda de Cor,Giotto,Embalagem com 8 un.,"4,69 €","4,69 €/Unidade"
Vinho regional península de setúbal tinto,J.m.f.,Garrafa de 750 ml,"8,59 €","11,45 €/L"
Biscoitos integrais sementes de agave,PorSi Viva Bem,Embalagem de 150g,"1,45 €","11,15 €/Kg"
Areia para Gato Absorvente 100% Natural,Friskies,Embalagem de 5 l,"1,19 €","0,24 €/Kg"
Vassoura cruzeta,PorSi,1 unidade,"2,20 €","2,20 €/Unidade"
Chocolate kit kat,Kit kat,Embalagem de 130g,"11,93 €/Kg","11,93 €/Kg"
Carte d'or cake romantica,Olá,Embalagem de 750 ml,"2,57 €","7,79 €/Kg"
Sabonete sensitive,Palmolive,Embalagem de 4x90 g,"4,49 €","12,47 €/Kg"
Limpa Motores,PorSi,Embalagem de 1 l,"3,49 €","13,96 €/L"
Cappucino go chill com aveia biológica,Delta,Embalagem de 230 ml,"15,92 €/Kg","15,92 €/Kg"
Iogurte pedaços ananás,PorSi,Embalagem de 4 x 125 g,"1,44 €","2,88 €/Kg"
Gel desinfetante casa de banho,Sonasol,Embalagem de 1.25 litros,"2,79 €","3,99 €/L"
"Chá solúvel adelgass plus (chá verde, fibras e algas...",Cemporcent,Embalagem de 45g,"0,99 €","76,15 €/Kg"
Iogurte líquido morango,PorSi,Embalagem de 8x160 ml,"1,31 €","2,05 €/Kg"
"Queijo light, 8 porções",A Vaca Que Ri,Embalagem de 140 g,"2,39 €","19,92 €/Kg"
Queijo fresco magro,Matinal,Embalagem de 216 g,"1,09 €","5,45 €/Kg"
Sobremesa banana/laranja/bolacha,Nestle,Embalagem de 4 x 100 g,"2,89 €","7,23 €/Kg"
Óleo alimentar,Vêgê,Embalagem de 1 l,"3,38 €","3,38 €/L"
Vinho tinto regional alentejano,Tapada do Barão,Garrafa de 0.75 l,"2,89 €","3,85 €/L"
"Jogo ""Quem sou eu?""",Clementoni,1 unidade,"9,99 €/Unidade","9,99 €/Unidade"
"Limpa móveis pistola, aloé vera",Pronto,Embalagem de 500 ml,"1,29 €","0,86 €/L"
Vinho doc douro tinto,Papa Figos,Garrafa de 0.75 l,"7,49 €","9,99 €/L"
"Vinho rosé, meio seco",Leziria,Garrafa de 750 ml,"4,29 €","5,72 €/L"
Pacote maçã e pêssego,Nestle,Embalagem de 90 g,"0,74 €","8,22 €/Kg"
"Luvas multiusos relevo antiderrapante, tamanho grand...",PorSi,Embalagem de 1 unidades,"0,69 €","0,69 €/Unidade"
Spray silicone,Arbo,Embalagem de 600 ml,"3,49 €","13,96 €/L"
Malagueta Verde,Legumes do Dia,1 un = 100 gr (aprox.),"0,72 €","2,89 €/Kg"
8 hamburguers s/ glúten frango,Capitão Iglo,Embalagem de 480g,"2,79 €","8,72 €/Kg"
Gelatina zero % morango,Koala,Embalagem de 130g,"0,85 €","2,13 €/Kg"
Açaí superelemento (10 saquetas),Cemporcent,Embalagem de 25g,"1,99 €","45,23 €/Kg"
Conjunto de medição,Maped,4 peças,"3,29 €","3,29 €/Unidade"
Café solúvel,Delta,Embalagem de 200 g,"14,50 €/Kg","14,50 €/Kg"
Miolo de camarão cozido 40/60,Pescanova,Embalagem de 200 g,"8,99 €","25,69 €/Kg"
Limpa vidros recarga tripla ação,Ajax,Embalagem de 500 ml,"3,19 €","6,38 €/L"
Chocolate negro com coco,Cemporcent,Embalagem de 125g,"2,89 €","23,12 €/Kg"
Palitos superfinos,PorSi,Embalagem de 400 unidades,"1,50 €","1,50 €/Unidade"
Cebolinho,PorSi,Embalagem de 50g,"0,99 €","19,80 €/Kg"
Sumo essencial de pêssego,Compal,pack 3 x 0.11 l,"0,99 €","0,99 €/L"
Remove Insectos,PorSi,Embalagem de 1 l,"3,49 €","13,96 €/L"
Gel de banho bio kids,Corine de Farme,300 ml,"6,49 €","8,65 €/L"
Néctar clássico laranja,Compal,Embalagem de 1 l,"0,99 €","0,99 €/L"
Leite Bem Essencial Chocolate,Mimosa,Embalagem de 4 x 200 ml,"0,26 €","1,30 €/L"
Feijão frade,Caçarola,Embalagem de 500 g,"2,78 €/Kg","2,78 €/Kg"
Massa instantânea com cogumelos,KOKA,Embalagem de 90g,"0,92 €","10,22 €/Kg"
Guardanapos 2 folhas azul e dourado,PorSi Select,40 unidades,"1,29 €","1,29 €/Unidade"
Bolachas digestive aveia e laranja,Gullon,Embalagem de 430g,"0,84 €","2,80 €/Kg"
Mortadela de peru com azeitonas,PorSi,1 un = 150 gr (aprox.),"1,05 €","6,99 €/Kg"
Depilatório homem gel,Veet,Garrafa de 200 ml,"12,99 €","12,99 €/Unidade"
Halls vita c morango mtp 4x32g,Halls,Embalagem de 4X32G,"0,77 €","3,85 €/Kg"
Massa conchas,Milaneza,Embalagem de 500g,"0,92 €","10,22 €/Kg"
Salsichas de porco,Nobre,Lata de 200g,"0,75 €","3,75 €/Kg"
Spray tira gorduras eco,PorSi,Garrafa de 750 ml,"0,79 €","0,79 €/L"
Chá solúvel peso ideal,Cemporcent,Embalagem de 45g,"0,99 €","76,15 €/Kg"
Esferográfica Cor Sortida Média,Mab,Embalagem com 4 un.,"2,69 €","2,69 €/Unidade"
Salsichas frasco hot dog,PorSi,Embalagem 540G,"0,75 €","3,75 €/Kg"
Vela com número nº 3,PorSi,1 unidade,"1,09 €","1,09 €/Unidade"
Ambientador carro difusor aqua,Ambipur,1 unidade,"1,99 €","1,99 €/Unidade"
Chá preto infusão bio,Cemporcent,Embalagem de 13g,"0,99 €","76,15 €/Kg"
Vinho branco regional península de setúbal,Joao pires,Garrafa de 0.75 l,"8,59 €","11,45 €/L"
Arroz estufado,Caçarola,Embalagem de 1 kg,"1,26 €","1,26 €/Kg"
Arroz selvagem,Caçarola,Embalagem de 500 g,"1,26 €","1,26 €/Kg"
"Gel banho, óleo",Nivea,Embalagem de 200 ml,"3,99 €","19,95 €/L"
Pensos Higiénicos Ultra Air Dry C/ Abas,Ausonia,embalagem com 14 un.,"4,99 €","4,99 €/Unidade"
Recarga para ambientador elétrico flor de cerejeira,Air Wick,19 ml,"11,98 €","11,98 €/Unidade"
Ambientador vela gota anti-tabaco,Air Wick,Embalagem de 1 unidades,"5,99 €","5,99 €/Unidade"
Óleo Performa C3 5W40 Sintético,Galp,Embalagem de 1 l,"14,99 €","14,99 €/L"
Papa infantil láctea maçã +6 meses,Cerelac,Embalagem de 250g,"4,99 €","4,99 €/Kg"
Chá infusão hibisco,Cemporcent,Embalagem de 13g,"0,99 €","76,15 €/Kg"
Batata doce frita,PorSi,Embalagem de 150g,"1,01 €","5,46 €/Kg"
Massa recheada queijo,Knorr,Embalagem de 250 g,"0,92 €","10,22 €/Kg"
Chocolate negro 90% cacau bio,Cemporcent,Embalagem de 100g,"2,89 €","23,12 €/Kg"
Collant suavidade e conforto muskad 20D,PorSi,Tamanho: s/m,"18,99 €","18,99 €/Unidade"
Linguas de gato,PorSi,Embalagem de 200 g,"0,69 €","3,45 €/Kg"
Vela em número nº4,PorSi,1 unidade,"1,09 €","1,09 €/Unidade"
"Anti-calcário, máquina roupa, gel",Calgon,"Garrafa de 1,5 l","2,00 €/L","2,00 €/L"
Rúcula Selvagem Programa Origens,PorSi,Embalagem de 100g,"0,99 €","9,90 €/Kg"
Nestlé® smarties® drageias de chocolate de leite 38g,SMARTIES,Embalagem de 40g,"2,29 €","17,62 €/Kg"
Chá solúvel cidreira,Cemporcent,Embalagem de 60g,"0,99 €","76,15 €/Kg"
Toalhitas Proteção de Cores,Iberia,30 unidades,"10,99 €","52,33 €/Kg"
Frutose,Cemporcent,Embalagem de 250g,"1,94 €","3,88 €/Kg"
Aletria,Milaneza,Embalagem de 500g,"0,92 €","10,22 €/Kg"
"Vinho tinto regional, península de setúbal, bag-in-b...",Dom Campos,Garrafa de 5 l,"9,49 €","1,90 €/L"
Pensos Higiénicos Cottonlike Noite Alas,Evax,embalagem de 9 unidades,"4,99 €","4,99 €/Unidade"
Feijao catarino,Caçarola,Embalagem de 500 g,"2,78 €/Kg","2,78 €/Kg"
Mistura solúvel brasa,Nestle,Embalagem de 200g,"1,64 €","6,56 €/Kg"
Gelado magnum mini double framboesa,Olá,Embalagem de 6 x 60 ml,"5,99 €","16,64 €/L"
Arroz vaporizado,Cigala,Embalagem de 1 kg,"1,26 €","1,26 €/Kg"
Massa spaghetti com malagueta,Milaneza,Embalagem de 500g,"0,92 €","10,22 €/Kg"
Refresco em pó de ananás,PorSi,Embalagem de 40 g,"0,75 €","18,75 €/Kg"
Bio infusão de menta 10x1.5g,PorSi Bio,Embalagem de 15g,"64,67 €/Kg","64,67 €/Kg"
Chá valeriana,Cemporcent,Embalagem de 40g,"0,99 €","76,15 €/Kg"
Lixívia WC Gel Higienizante,Neoblanc,Embalagem de 700ml,"1,74 €","0,35 €/L"
Sopa de agrião,Knorr,Embalagem de 53g,"1,46 €","24,33 €/Kg"
Bolachas crackers integrais,PorSi,Embalagem de 500g,"0,39 €","3,12 €/Kg"
Farinha de trigo sem fermento t65,PorSi,Embalagem de 1 kg,"1,99 €","1,99 €/Kg"
Gel Íntimo Fresh,Corine de Farme,Embalagem de 250 ml,"7,69 €","19,23 €/L"
Bacalhau a bras,PorSi,Embalagem de 300g,"1,79 €","7,16 €/Kg"
Reparador de móveis escuro,Pronto,Embalagem de 100 ml,"4,39 €","14,63 €/L"
Bolachas cacau com recheio baunilha,PorSi,Embalagem de 176 g,"0,79 €","4,49 €/Kg"
Ovos de Galinhas Criadas ao Ar Livre,PorSi,6 ovos frescos,"1,59 €","1,59 €/Unidade"
Leite infantil confort 1 desde o nascimento,NAN,Embalagem de 800g,"23,99 €","29,99 €/Kg"
"Creme Hidratante de Dia, pele normal",Bioten,Embalagem de 50 ml,"2,99 €","59,80 €/L"
Chá de menta e eucalipto,Lipton,20 saquetas,"44,50 €/Kg","44,50 €/Kg"
Bola de Berlim chocolate,PorSi,85g,"0,30 €/Unidade","0,30 €/Unidade"
Gelatina zero % pêssego,Koala,Embalagem de 130g,"0,85 €","2,13 €/Kg"
Água mineral sem gás,Serra de Fafe,Embalagem de 6x1.5 lt,"1,04 €","0,17 €/L"
Bebida de Soja Natural,PorSi Viva Bem,Pack: 3 x 200 ml,"2,49 €","2,49 €/L"
Lixívia para roupa tradicional,Neoblanc,Embalagem de 2 l,"2,19 €","1,10 €/L"
Sopa de cogumelos receita económica,Knorr,Embalagem de 62g,"1,46 €","24,33 €/Kg"
Boudoirs,Du Bois de la Roche,Embalagem de 200 g,"0,69 €","3,45 €/Kg"
Bolacha tostada diet nature s/ açucares,Gullon,Embalagem de 400g,"1,45 €","11,15 €/Kg"
Massas espirais tricolores,PorSi,Embalagem 500G,"0,92 €","10,22 €/Kg"
Vermute bianco,Martini,Garrafa de 0.75 l,"17,09 €","22,79 €/L"
"Gel banho, hidratante lactourea",Lactovit,Embalagem de 650 ml,"6,49 €","8,65 €/L"
Vela Ambientadora Lifescents Tarte Mãe,Air Wick,1 unidade,"5,99 €","5,99 €/Unidade"
Cogumelos inteiros,PorSi,Embalagem de 355 g,"2,19 €","2,81 €/Kg"
Forma+ forma+ regulax (chá para infusão),Forma+,Embalagem de 13g,"0,99 €","76,15 €/Kg"
Ambientador tealights baunilha,PorSi,embalagem com 18 unidades,"5,99 €","5,99 €/Unidade"
Azeite Subtil,Gallo,Garrafa de 750 ml,"3,29 €","4,39 €/L"
Spray recarga limpeza da cozinha,Cif,embalagem de 70 ml,"0,79 €","0,79 €/L"
Açúcar de coco bio,Origensbio,Embalagem de 250g,"1,57 €","15,70 €/Kg"
Vela em número nº5,PorSi,1 unidade,"1,09 €","1,09 €/Unidade"
Massa com cotovelos grossos,PorSi,Embalagem de 500g,"0,92 €","10,22 €/Kg"
Forma+ nutrir chá funcional energia,F+nutrir,Embalagem de 45g,"0,99 €","76,15 €/Kg"
Serpentinas,Mercagranel,Embalagem 20 Rolos,"0,59 €","0,59 €/Unidade"
Plano 10 dias - chá infusão,Forma+,Embalagem de 13g,"0,99 €","76,15 €/Kg"
Mousse limpeza refresh,Labell,Embalagem com 150ml,"12,48 €/L","12,48 €/L"
Barrita controlo de peso chocolate,Ignoramu,Embalagem de 44g,"1,70 €","13,08 €/Kg"
Leite regular 2,Aptamil,Embalagem de 800 g,"23,99 €","29,99 €/Kg"
Bolachas recheadas com morango e cheesecake,Oreo,Embalagem de 150g,"0,79 €","4,49 €/Kg"
Natas pasteurizadas para bater,Nestle,Embalagem de 200 ml,"0,75 €","3,75 €/L"
Bolachas belgas manteiga,PorSi,Embalagem de 250g,"1,69 €","6,76 €/Kg"
Pasta de amendoim com pedaços,Cemporcent,Embalagem de 200g,"3,99 €","7,98 €/Kg"
Leite condensado,Nestle,Embalagem de 370g,"1,09 €","2,75 €/Kg"
"Mistura de couve flor, brócolos e cenoura",PorSi,Embalagem de 1 kg,"1,98 €","1,98 €/Kg"
Barrita controlo de peso maçã,Ignoramu,Embalagem de 44g,"1,19 €","2,98 €/Kg"
"Sangria tinta, bag in the box",Leziria,Garrafa de 5 l,"6,89 €","1,38 €/L"
"Chocolate kit kat, single",Kit kat,Embalagem de 40g,"11,93 €/Kg","11,93 €/Kg"
Vinho regional tejo 3 castas tinto,Fiuza,Garrafa de 750 ml,"3,99 €","5,32 €/L"
Bolos cake e chococolate,Milka,Embalagem de 180g,"2,78 €/Kg","2,78 €/Kg"
Espumante Bruto,Gancia,"Garrafa de 0,75 l","3,99 €","5,32 €/L"
Ambientador vela baunilha,PorSi,1 unidade,"5,99 €","5,99 €/Unidade"
Detergente para loiça plus + limão,Super Pop,Embalagem de 1L,"1,05 €","2,10 €/L"
Azeite virgem extra gourmet,Gallo,Garrafa de 750 ml,"3,29 €","4,39 €/L"
Iogurte activia líquido kiwi,Danone,Embalagem de 4 x 155 g,"2,49 €","5,19 €/Kg"
Lata de Brilho Preto,Búfalo,Embalagem de 75 ml,"0,99 €","19,80 €/L"
Snacks para Cão Markies Mini,Pedigree,Embalagem de 500 g,"1,09 €","6,06 €/Kg"
Chá fresh verde e pêssego,Cemporcent,Embalagem de 18g,"44,50 €/Kg","44,50 €/Kg"
Sumo natural de ananás bio,Cemporcent,Garrafa de 200 ml,"3,69 €","3,69 €/L"
Farinha integral,ESPIGA,Embalagem de 500g,"1,99 €","1,99 €/Kg"
Iogurte natural 0%,PorSi Viva Bem,Embalagem de 6 x 125 g,"1,48 €","3,08 €/Kg"
Pasta dentífrica branco intenso,Aquafresh,Embalagem de 75 ml,"2,29 €","38,17 €/L"
Massa pevide,Nacional,Embalagem de 250g,"0,92 €","10,22 €/Kg"
Vinagre de vinho branco,Cristal,Garrafa de 750 ml,"0,35 €","0,70 €/L"
Wafers limão cubos,Vieira,Embalagem de 130g,"0,98 €","4,67 €/Kg"
Iogurte aroma de banana,PorSi,Embalagem de 4x125g,"0,69 €","1,38 €/Kg"
"Lava tudo, vinagre",Cif,"Garrafa de 1,4 l","0,99 €","0,50 €/L"
"M&m's drageias de chocolate de leite,",M&m's,Embalagem de 45g,"18,50 €/Kg","18,50 €/Kg"
Refrigerante c/ gás laranja,Sumol,pack 4 x 1.25 l,"0,40 €/L","0,40 €/L"
Bolachas marinheiras espelta,Cemporcent,Embalagem de 200 g,"1,45 €","11,15 €/Kg"
Papel higiénico perfumado bouquet folha tripla,Foxy,4 + 2 rolos,"5,99 €","5,99 €/Unidade"
Detergente líquido p/ máquina lavar roupa cores,Woolite,"Garrafa de 1,65 l","2,00 €/L","2,00 €/L"
Chip choco diet nature,Gullon,Embalagem de 130g,"0,79 €","5,27 €/Kg"
Vinagre balsâmico de modena gourmet,Gallo,Garrafa de 250 ml,"0,35 €","0,70 €/L"
Vinho regional tejo reserva tinto,Casaleiro,Garrafa de 0.75 l,"3,99 €","5,32 €/L"
Iogurte mix-in smarties baunilha,Nestle,Embalagem de 2 x 128 g,"4,23 €/Kg","4,23 €/Kg"
Gelatina de morango,Koala,Embalagem de 130g,"0,85 €","2,13 €/Kg"
Iglo c/ Avançado p/ 3 Pessoas,Saurium,,"32,99 €","32,99 €/Unidade"
Água com gás sabor a tangerina,Frize,"Pack 4x 0,25l","1,99 €/L","1,99 €/L"
Gelado sandwich nata/chocolate,PorSi,Embalagem de 6x100 ml,"5,99 €","16,64 €/L"
Reparador de móveis escuro,PorSi,Embalagem de 200 ml,"4,39 €","14,63 €/L"
Champô Purificante,Pantene,640ml,"5,59 €","13,98 €/L"
Preparado em pó para pudim flan,El mandari,Embalagem de 19.2 g,"0,59 €","29,50 €/Kg"
Crack.c/sal na superficie 560g,GRAN PAVES,Embalagem de 560g,"0,39 €","3,12 €/Kg"
Patê atum em escabeche,La piara,Embalagem de 80g,"1,99 €","22,11 €/Kg"
Lâmpada LED Forma Esférica 5.5W E14 220-240V,Domédia,1 un.,"5,99 €","5,99 €/Unidade"
Café solúvel c/ cafeína,Delta,Embalagem de 100g,"14,50 €/Kg","14,50 €/Kg"
Compasso Origin 3 peças,Maped,Uma embalagem,"4,39 €","4,39 €/Unidade"
Anti-traça Maçã Verde,Dum Dum,2 unidades,"5,99 €","176,18 €/Kg"
Pasta de Moldar Branca,DAS,Embalagem com 1 kg,"2,19 €","109,50 €/L"
Double espresso go chill,Delta,Garrafa de 230 ml,"15,92 €/Kg","15,92 €/Kg"
Bacalhau com natas,PorSi,Embalagem de 250 g,"3,99 €","3,99 €/Kg"
Comida húmida para gato júnior,PorSi,Embalagem de 4 x 100 g,"3,49 €","10,26 €/Kg"
"Óleo de girassol, 3 a's",Fula,Embalagem 1L,"3,38 €","3,38 €/L"
Queijo curado mistura,PorSi,190 g,"2,89 €","15,21 €/Kg"
Bolacha Maria Integral,PorSi,Embalagem de 600g,"0,84 €","2,80 €/Kg"
Tampões Compak Pearl Super Com Aplicador,Tampax,16 unidades,"3,99 €","3,99 €/Unidade"
Chá flor de laranjeira,Cemporcent,Embalagem de 50g,"0,99 €","76,15 €/Kg"
Chispalhada com feijão,Nobre,Embalagem de 420g,"2,35 €","5,60 €/Kg"
Massa pevide,PorSi,Embalagem de 250g,"0,92 €","10,22 €/Kg"
Creme lagosta,Knorr,Embalagem de 60g,"1,46 €","24,33 €/Kg"
Bolachas soft bakes recheio chocolate,Belvita,Embalagem de 250g,"2,78 €/Kg","2,78 €/Kg"
Chá urtiga verde,Cemporcent,Embalagem de 40g,"0,99 €","76,15 €/Kg"
"Baton, soft rosa",Labello,Embalagem de 5 g,"0,58 €","0,58 €/Unidade"
Pão ralado clássico,PorSi,Embalagem de 240 g,"0,72 €","3,00 €/Kg"
10 croquetes de carne,PorSi,Embalagem de 300 g,"1,79 €","7,16 €/Kg"
Resguardo de colchão impermeável,PorSi,40 x 80 cm,"4,99 €/Unidade","4,99 €/Unidade"
Babete Maleavel,Tigex,1 unidade,"5,99 €","5,99 €/Unidade"
Limpa injetores gasolina,PorSi,Embalagem de 250 ml,"14,99 €","14,99 €/L"
Brócolos e couve-flor cortados,PorSi,500 g,"0,99 €","9,90 €/Kg"
Pedras limão,P.salgadas,Garrafa de 1 l,"1,99 €/L","1,99 €/L"
Chá poejos planta,Cemporcent,Embalagem de 50g,"0,99 €","76,15 €/Kg"
Pastilhas 60 minutos Spearmint Botlle,Trident,Embalagem com 80g,"0,89 €","59,33 €/Kg"
Cha infusão verde,Cemporcent,Embalagem com 10 saquetas,"0,99 €","99,00 €/Kg"
Gel de banho creme aloe vera,Nivea,750 ml,"3,99 €","19,95 €/L"
Café em grão 5 estrelas,Sical,Embalagem de 250g,"9,16 €/Kg","9,16 €/Kg"
Refrigerante c/ gás zero s/ cafeína,Coca-Cola,pack 6 x 0.33 l,"0,40 €/L","0,40 €/L"
"Massa, conchas tricolores",Milaneza,Embalagem de 500g,"0,92 €","10,22 €/Kg"
Crackers c/ sal superficie,GRAN PAVES,Embalagem de 250g,"0,39 €","3,12 €/Kg"
Pudim de caramelo,Boca Doce,Embalagem de 20g,"0,59 €","29,50 €/Kg"
8 fantasias do mar,PorSi,Embalagem de 250g,"1,79 €","7,16 €/Kg"
"Papel higiénico, seda, folha tripla, 4+2 rolos",Foxy,1 embalagem,"5,99 €","5,99 €/Unidade"
Pilha alcalina classic lr20x2,Domédia,1 unidade,"1,75 €","1,75 €/Unidade"
Adoçante liquido,PorSi,Garrafa de 125 ml,"5,99 €","23,96 €/Kg"
Abóbora Menina Programa Origens,PorSi,1 un= 1 kg (aprox.),"0,79 €/Kg","0,79 €/Kg"
Queijo ilha ralado,Valformoso,Embalagem de 150g,"7,45 €/Kg","7,45 €/Kg"
Queijo meio gordo,D. Pedro,Vendido ao peso a partir de 250 gr,"3,84 €","15,35 €/Kg"
Cogumelos laminados 1/2,PorSi,Embalagem de 355 g,"2,19 €","2,81 €/Kg"
Ketchup,PorSi,Embalagem de 300 g,"0,87 €","2,90 €/Kg"
Granola + classica,Cemporcent,Embalagem de 375g,"1,94 €","3,88 €/Kg"
Iogurte infantil c/ drageias coloridas,PorSi,140 g,"4,23 €/Kg","4,23 €/Kg"
Bolacha cookie sensations choco,Milka,Embalagem de 160g,"0,79 €","5,27 €/Kg"
Infusão nº12 tensão control,Cemporcent,Embalagem de 10 unidades,"64,67 €/Kg","64,67 €/Kg"
Spray tira nódoas,A+,Embalagem de 750 ml,"9,99 €","36,33 €/Kg"
Linguini,Nacional,Embalagem de 500g,"0,92 €","10,22 €/Kg"
Arroz extra longo integral,Saludaes,Embalagem de 1 kg,"1,26 €","1,26 €/Kg"
Atum posta em óleo,Noro,Lata com 110 g,"9,08 €/Kg","9,08 €/Kg"
Água c/ gás: limão/pepino/gengibre,Frize,pack 4 x 0.25 l,"1,99 €/L","1,99 €/L"
Gogo SqueeZ Snack Pêssego,Gogo,Embalagem de 90g,"2,29 €","6,94 €/L"
Resguardo de colhão impermeável,PorSi,Dim.: 60 x 120 cm,"4,99 €/Unidade","4,99 €/Unidade"
Ração para gato adulto de interior,Friskies,Embalagem de 3 kg,"12,99 €","4,33 €/Kg"
Bolacha de manteiga belga original,Saborosa,Embalagem de 220g,"1,69 €","6,76 €/Kg"
"Vinagre balsâmico, spray",Paladin,Garrafa de 250 ml,"0,35 €","0,70 €/L"
As minhas primeiras receitas - refeição esparguete c...,Nestle,Embalagem de 190g,"2,19 €","11,53 €/Kg"
Puzzles Astro Kid / T-Rex,Olivo,60 peças,"5,99 €/Unidade","5,99 €/Unidade"
Saco de cama criança,Saurium,1 un.,"32,99 €","32,99 €/Unidade"
"Luvas multiusos relevo antiderrapante, tamanho médio",PorSi,Embalagem de 1 unidades,"0,69 €","0,69 €/Unidade"
Danacol morango,Danone,Embalagem de 6 x 100 g,"4,15 €/Kg","4,15 €/Kg"
Desodorizante roll-on Invisible,Rexona,Embalagem de 50ml,"1,39 €","6,95 €/L"
Bloco Sanitário Sólido Poder Activo Pinho,Sonasol,Embalagem de 2x50 g,"2,99 €","74,75 €/Kg"
Adoçante à base de sucralose em pó,PorSi,Embalagem de 90g,"5,99 €","23,96 €/Kg"
Gelatina melancia 10kcal 31g,Royal,Embalagem de 30g,"0,55 €","61,11 €/Kg"
Vinho maduro tinto doc alentejo reserva,Albarrada,Garrafa de 75 cl,"2,89 €","3,85 €/L"
Sombrinhas decorativas,PorSi,Embalagem com 25 unidades,"0,59 €","0,59 €/Unidade"
Azeite,PorSi,Garrafa de 1 l,"3,29 €","4,39 €/L"
Jogo Operação,Hasbro,1 unidade,"9,99 €/Unidade","9,99 €/Unidade"
Massa cuscus,Nacional,Embalagem de 250g,"0,92 €","10,22 €/Kg"
Sumo 100% pêssego e uva,PorSi,Pack 3 x 200 ml,"1,09 €","0,73 €/L"
Guardanapos,PorSi,,"1,29 €","1,29 €/Unidade"
Rolhas de cortiça,PorSi,6 unidades,"10,90 €","10,90 €/Unidade"
Requeijão de vaca,PorSi,Embalagem de 200 g,"1,09 €","5,45 €/Kg"
Pilha recarregável 170mAh 9V HR22,Domédia,1 unidade,"1,75 €","1,75 €/Unidade"
Cogumelos laminados,PorSi,Embalagem de 185 g,"2,19 €","2,81 €/Kg"
"Limpa vidros cristal, pistola",PorSi,Embalagem de 1 l,"3,19 €","6,38 €/L"
Sobremesa paturette baunilha,Páturages,Embalagem de 4 x 115 g,"1,19 €","2,59 €/Kg"
"Limpa móveis pistola, multissuperfícies",Pronto,Embalagem de 500 ml,"1,29 €","0,86 €/L"
Ambientador Vela Amoras Silvestres,Glade,unidade,"5,99 €","5,99 €/Unidade"
Moscatel do Douro,Selecção de Enófilos,"Garrafa de 0,75 l","6,79 €/L","6,79 €/L"
Creme Depilatório Duche Men Peles Normais,Veet,Embalagem com 150 ml,"10,99 €","73,27 €/L"
Vermute Vibrante sem Álcool,Martini,Garrafa de 750 ml,"11,99 €","11,99 €/L"
"Guardanapos brancos, 33x33cm, 2 folhas",PorSi,Embalagem com 100 unidades,"1,29 €","1,29 €/Unidade"
Leite uht sem lactose magro,PorSi Viva Bem,1 litro,"2,19 €","2,19 €/L"
Brandy,Croft,Garrafa de 1 l,"11,99 €","17,13 €/L"
Recargas ambientador elétrico sensual sandalwood & j...,Glade,Embalagem de 2 x 20 ml,"11,98 €","11,98 €/Unidade"
Sardinhas em azeite,PorSi,Embalagem de 120g,"9,08 €/Kg","9,08 €/Kg"
Ice tea pessêgo,Lipton,pack 6 x 0.25 l,"1,90 €","1,27 €/L"
20 saquetas chá noite tranquila,Lipton,Embalagem de 30g,"0,99 €","99,00 €/Kg"
Papa infantil láctea 5 frutos +6 meses,Cerelac,Embalagem de 250g,"4,99 €","4,99 €/Kg"
Creme vegetal sabor manteiga,PorSi,Embalagem de 500 g,"1,39 €","6,95 €/L"
Pão ralado alho e salsa,PorSi,Embalagem de 240 g,"0,72 €","3,00 €/Kg"
Bastão de Cola,Domédia,10 g,"1,19 €","119,00 €/Kg"
Azeitona Maçanilha inteira,PorSi,Vendido ao peso a partir de 500 g,"1,49 €","7,10 €/Kg"
Queijo Flamengo Bola,Queijaria de Celorico,Vendido ao peso a partir de 100 g,"1,39 €","6,95 €/Kg"
Iogurte liquido proteína yopro baunilha/cookies,Yopro,300 g,"5,97 €/Kg","5,97 €/Kg"
Vinagre de vinho tinto,PorSi,Garrafa de 500 ml,"0,35 €","0,70 €/L"
Yaos magro natural,Nestle,Embalagem de 4x110g,"7,66 €/Kg","7,66 €/Kg"
Anéis Empilháveis,Baby Clementoni,1 unidade,"12,99 €/Unidade","12,99 €/Unidade"
Esparregado de espinafres sem lactose,PorSi Viva Bem,Embalagem de 360 g,"2,99 €","6,23 €/Kg"
"Esquadro, 21 cm 60.",Domédia,1 unidade,"4,69 €","4,69 €/Unidade"
Laboratório Mecânica Camião de Mina,Clementoni,1 unidade,"9,99 €/Unidade","9,99 €/Unidade"
Cocktail de marisco,PorSi,Embalagem de 400 g,"2,19 €","8,59 €/Kg"
Toalhitas multiusos limão,PorSi,Embalagem de 80 unidades,"1,79 €","1,79 €/Unidade"
Tomate frito,Heinz,Embalagem de 350g,"3,84 €","24,00 €/Kg"
Bolachas vitalday recheio avelã,Gullon,Embalagem de 220g,"2,82 €","9,40 €/Kg"
Buondi café em grão,Buondi,Embalagem de 220g,"9,16 €/Kg","9,16 €/Kg"
Bolachas starship chocolate,PorSi,Embalagem de 150g,"0,79 €","5,27 €/Kg"
Drageias de chocolate single,MALTESERS,Embalagem de 40g,"18,50 €/Kg","18,50 €/Kg"
Refresco pó laranja,PorSi,Embalagem de 40g,"0,75 €","18,75 €/Kg"
Leite condensado cozido,Nestle,Embalagem de 400g,"1,09 €","2,75 €/Kg"
Fralda Cueca Extra Tamanho 6,Dodot,Embalagem com 46 uni.,"12,99 €","12,99 €/Unidade"
Macarronete integral,Cemporcent,Embalagem de 250g,"1,94 €","3,88 €/Kg"
Boneca Caty 85 cm,Vicam,1 unidade,"23,99 €","23,99 €/Unidade"
Leite com chocolate,Agros,Embalagem de 1 litro,"0,26 €","1,30 €/L"
Caramelos de fruta,Penha,Embalagem de 100g,"1,19 €","4,76 €/Kg"
Papel vegetal 8m,Vileda,1 unidade,"1,11 €","1,11 €/Unidade"
Elixir Bocal Complete,Oral B,Embalagem de 500 ml,"5,99 €","11,98 €/L"
Infusão Aromatizada Pirâmide Cidreira/Mel,PorSi,20 x 2 g,"64,67 €/Kg","64,67 €/Kg"
Lula cortada da patagónia,Pescanova,Embalagem de 400g,"9,59 €","11,99 €/Kg"
Cera líquida spray,Arbo,embalagem de 500 ml,"3,49 €","13,96 €/L"
Espuma lava mãos,Labell,Embalagem de 250 ml,"2,18 €/L","2,18 €/L"
Chá alcachofra,Cemporcent,Embalagem de 40g,"0,99 €","76,15 €/Kg"
Caramelo líquido,Royal,Embalagem de 400g,"1,09 €","5,45 €/Kg"
Osso Buco,Novilho,1un=150 gr aprox.,"3,45 €","22,99 €/Kg"
Chá borututu planta,Cemporcent,Embalagem de 50g,"0,99 €","76,15 €/Kg"
Forma Pão de Ló Antiaderente 28cm,PorSi,1 unidade,"9,00 €/Unidade","9,00 €/Unidade"
Sal Himalaias Grosso,Origens Bio,1 Embalagem 500G,"2,29 €","30,53 €/Kg"
Gelatina mirtilo 10kcal 31g,Royal,Embalagem de 30g,"0,55 €","61,11 €/Kg"
Gin London Dry,Gordons,Garrafa de 1 l,"19,79 €","19,79 €/L"
"Pasta dentífrica, dentes/gensivas sensitive",Labell,Embalagem de 75 ml,"2,29 €","38,17 €/L"
Detergente líquido Ultra Concentrado Loiça Platinium...,PorSi,Embalagem de 500 ml,"1,05 €","2,10 €/L"
Óleo Performa 5W40 Sintetico,Galp,Embalagem de 5 l com oferta limpa vidros Ecauto 5L,"14,99 €","14,99 €/L"
Vinagre de sidra,Cristal,Garrafa de 500 ml,"0,35 €","0,70 €/L"
"Pães para hamburguer com sésamo, 4 unidades",Bimbo,embalagem de 220 g,"1,49 €","6,77 €/Kg"
Tira Nódoas Brancos em Pó,Skip,1 kg,"10,99 €","52,33 €/Kg"
Desinfetante p/ Cozinha,Sanytol,Embalagem de 750 ml,"3,99 €","5,32 €/L"
Creme bio mãos e unhas,Labell Bio,75 ml,"2,49 €","41,50 €/L"
"Croissants, 8 unidades,",Pasquier,Embalagem de 320 g,"2,05 €","5,13 €/Kg"
Fralda cueca T5 - 12 a 18 kg,PorSi,20 unidades,"12,99 €","12,99 €/Unidade"
Sumo florida,Sunny d,"Embalagem de 0,31 l","3,99 €","3,99 €/L"
Esfregão Esponja Antibacteriano,Fino,1 unidade,"2,54 €","2,54 €/Unidade"
Botija Nórdica,Do Art,,"8,99 €","8,99 €/Unidade"
Copo de porcelana com tampa,Item,Cap.: 360 ml,"9,75 €","9,75 €/Unidade"
Néctar clássico tutti-frutti,Compal,Embalagem de 1 l,"0,99 €","0,99 €/L"
Pao ralado classico 200g,ESPIGA,Embalagem de 200g,"0,72 €","3,00 €/Kg"
Iogurte grego natural magro,PorSi Viva Bem,Embalagem de 1 kg,"1,48 €","3,08 €/Kg"
Limão,Programa Origens,1 un = 200 gr (aprox.),"0,25 €","1,39 €/Kg"
Chocolate em pó Starbucks 42% cacau,STARBUCKS,Embalagem de 330g,"11,23 €/Kg","11,23 €/Kg"
Refrigerante sem gás de manga/laran,Joi,"Garrafa de 1,5 l","1,90 €","1,27 €/L"
Spaghetti a bolonhesa 350g,Tuttipasta,Embalagem de 350g,"2,16 €","6,17 €/Kg"
Alimento húmido para cão borrego,Pedigree,Embalagem de 300g,"0,75 €","2,50 €/Kg"
Saqueta de puré de fruta | maçã + pêssego + banana +...,PorSi,90 g,"0,74 €","8,22 €/Kg"
Néctar frutos vermelhos,PorSi,Embalagem de 200 ml,"0,99 €","0,99 €/L"
Queijo Ovelha Curado,Meimoa,Vendido ao peso a partir de 250 gr,"4,62 €","18,49 €/Kg"
Chá Aromatizado Pirâmide Mel/Limão/Ginseng,PorSi,20 x 2 g,"44,50 €/Kg","44,50 €/Kg"
10 Hambúrgueres de porco,PorSi,Embalagem de 600g,"2,79 €","8,72 €/Kg"
Manhãzitos® mini,Manhazitos,Embalagem de 84g,"2,05 €","5,13 €/Kg"
"Spray depilatório, peles sensiveis",Veet,Garrafa de 150 ml,"10,99 €","73,27 €/L"
Tablete de chocolate leite com avelã,PorSi Select,200 g,"4,09 €","14,82 €/Kg"
Amaciador concentrado spa,PorSi,80 doses,"3,99 €","3,99 €/Unidade"
Autocaravana de férias,Lego,1 unidade,"5,99 €/Unidade","5,99 €/Unidade"
Filetes primavera cereais de espelta,Iglo,Embalagem de 250 g,"1,79 €","7,16 €/Kg"
Bolachas com cobertura de chocolate de leite,Oreo,Embalagem de 250g,"0,79 €","4,49 €/Kg"
Perna com Costa,Frango,1 un. = 300 g (aprox.),"1,05 €","2,99 €/Kg"
Gel anti séptico deoprotect,Dystron,Garrafa de 400 ml,"7,69 €","19,23 €/L"
Cereais corn flakes s/ glúten chocolate,Nestle,Embalagem de 380g,"2,69 €","5,38 €/Kg"
Gel de Banho Care & Orange,Nivea,750 ml,"3,99 €","19,95 €/L"
Peluche Unicórnio Interativo,Baby Clementoni,unidade,"23,99 €","23,99 €/Unidade"
Queijo Flamengo Bola,Terra Nostra,1 un = 250 gr  (aprox.),"1,39 €","6,95 €/Kg"
Intensificador de perfume em gel para a roupa romanc...,Quanto,300 ml,"9,99 €","36,33 €/Kg"
Queijo de vaca curado light amanteigado,PorSi,+/- 550 g,"25,45 €/Kg","25,45 €/Kg"
Tablete de chocolate extra fina leite/avelã,Nestle,Embalagem de 120g,"4,09 €","14,82 €/Kg"
Néctar light de manga/laranja,Compal,Pack 3 x 200 ml,"0,84 €","2,55 €/L"
Sopa de legumes,Knorr,Embalagem de 60g,"1,46 €","24,33 €/Kg"
Papa infantil não láctea bolacha maria +6 meses,Cerelac,Embalagem de 250g,"4,99 €","4,99 €/Kg"
Refrigerante c/ gás ananás,Sumol,pack 4 x 1.25 l,"0,40 €/L","0,40 €/L"
Licor de anis,On Off,"Garrafa de 0,70 l","5,99 €","8,56 €/L"
Gel de banho de aloe vera e flor de macieira,Le Petit Marseillais,Embalagem de 650 ml,"3,99 €","19,95 €/L"
Gel de Banho Orquídea & Cashmere Extract,Nivea,Embalagem de 750 ml,"6,49 €","8,65 €/L"
Limpa carpetes,PorSi,Embalagem de 1 litro,"1,79 €","2,39 €/L"
"Pasta de arquivo, lombada estreita, cinza",Domédia,1 unidade,"3,29 €","3,29 €/Unidade"
Iogurte grego yaos natural,Nestle,Embalagem de 450g,"1,48 €","3,08 €/Kg"
Leite uht magro,Mimosa,Embalagem de 200 ml,"0,83 €","0,83 €/L"
Chá verde,Cemporcent,Embalagem de 50g,"0,99 €","76,15 €/Kg"
Sopa legumes,PorSi,Embalagem de 80g,"1,46 €","24,33 €/Kg"
Batata Frita c/ Sal,Ruffles,Embalagem de 160 g,"1,01 €","5,46 €/Kg"
Gel de Banho Care & Coconut,Nivea,750 ml,"3,99 €","19,95 €/L"
After shave bálsamo sensitive,Labell Men,Embalagem de 100 ml,"1,16 €","4,64 €/L"
Spray renova camurça castanha,PorSi,Embalagem de 200 ml,"6,19 €","24,76 €/L"
Cerveja sagres,Sagres,20 x 0.25 l,"1,99 €/L","1,99 €/L"
"Vinho Alentejo, Private Collection, Tinto",Selecção de Enófilos,Garrafa de 0.75 l,"8,59 €","11,45 €/L"
Tâmara seca sem caroço,PorSi Bio,Embalagem de 150g,"0,55 €","2,19 €/Kg"
Chá freixo,Cemporcent,Embalagem de 40g,"0,99 €","76,15 €/Kg"
Chá preto,Tetley,Embalagem de 30g,"41,67 €/Kg","41,67 €/Kg"
Elixir Bocal ProExpert Proteção Profunda,Oral B,Embalagem de 500 ml,"5,99 €","11,98 €/L"
"Borracha Technic, 600",Maped,embalagem com 2 unidades,"2,69 €","2,69 €/Unidade"
Pensos Higiénicos Cottonlike Normal Abas,Evax,embalagem de 16 unidades,"4,99 €","4,99 €/Unidade"
Creme p/ Calçado Castanho,Búfalo,Embalagem de 40 ml,"0,99 €","19,80 €/L"
Insecticida Casa e Plantas,Raid,400 ml,"5,49 €","13,73 €/L"
Cola BricoCeys,Ceys,1 unidade,"3,99 €","3,99 €/Unidade"
Azeite Virgem Extra Planícies do Sul,Gallo,Garrafa de 0.75 l,"3,29 €","4,39 €/L"
Mel em frasco de vidro,PorSi,Embalagem de 250g,"4,89 €","9,78 €/Kg"
Ambientador vela frutos vermelhos,PorSi,1 unidade,"5,99 €","5,99 €/Unidade"
Luvas descartáveis extra long p/m,Vileda,10 unidade,"0,69 €","0,69 €/Unidade"
Creme para calçado castanho,PorSi,50 ml,"0,99 €","19,80 €/L"
28 mini bolinhas bacalhau,PorSi,Embalagem de 300 g,"1,79 €","7,16 €/Kg"
"Escova dentes, slim soft, média",Colgate,1 unidade,"3,49 €","3,49 €/Unidade"
Shampo repelente p/ cão,Repul' 7,Garrafa de 200 ml,"11,98 €","59,90 €/L"
Chá infusão nº7 renal plus,Cemporcent,Embalagem de 13g,"0,99 €","76,15 €/Kg"
Maria diet nature,Gullón,Embalagem de 400 g,"1,45 €","11,15 €/Kg"
Massa fettuccine,PorSi,Embalagem de 500g,"0,92 €","10,22 €/Kg"
Ervilhas primavera 500g,Iglo,Embalagem de 500g,"1,98 €","1,98 €/Kg"
"Vinho Douro, Private Collection, Tinto",Selecção de Enófilos,Garrafa de 0.75 l,"8,59 €","11,45 €/L"
Bolachas marinheiras chia,Cemporcent,Embalagem de 200g,"1,45 €","11,15 €/Kg"
Infusão hipericão,Cemporcent,Embalagem de 10 unidades,"64,67 €/Kg","64,67 €/Kg"
Dinosaurus chocoleche 340gr.         *12,Artiach,Embalagem de 340g,"2,29 €","17,62 €/Kg"
Lichias em calda,Koala,Embalagem de 567g,"2,79 €","4,92 €/Kg"
Gressinos com azeite,PorSi,Embalagem de 250g,"2,39 €","6,83 €/Kg"
Pasta dentífrica herbal branqueadora,Colgate,Embalagem de 75 ml,"2,29 €","38,17 €/L"
Limpa fornos normal,Mr.muscle,Embalagem de 300 ml,"11,99 €","26,64 €/L"
Água Tónica Zero,Schweppes,Garrafa de 1 l,"1,39 €","5,56 €/L"
Ambientador gel marinho,PorSi,150 g,"16,63 €/L","16,63 €/L"
Barras de cereais alperce,Chabrior,Embalagem de 130g,"1,70 €","13,08 €/Kg"
Ambientador vela odor cozinha,PorSi,1 unidade,"5,99 €","5,99 €/Unidade"
"Rolos de cozinha compactos, branco, 2 unidades",PorSi,Uma embalagem,"4,99 €","4,99 €/Unidade"
Leite com sabor a baunilha proteína,Yopro,Garrafa de 330 ml,"1,99 €","2,49 €/L"
Veg bowls trigo sarraceno&brócolos 350g,Iglo green,Embalagem de 350g,"1,89 €","6,30 €/Kg"
"Na-farinha de aveia 400g 3,2kg",Nacional,Embalagem de 400g,"1,99 €","1,99 €/Kg"
"Argolas, brancas, autocolante, 160 unidades, 13 mm",Domédia,1 embalagem,"2,19 €","109,50 €/L"
Chá hipericão kneip planta,Cemporcent,Embalagem de 50g,"0,99 €","76,15 €/Kg"
Ameixa seca sem caroço bio,PorSi Bio,Embalagem de 150g,"0,55 €","2,19 €/Kg"
Bebida aveia,Alpro,Embalagem de 1 litro,"2,49 €","2,49 €/L"
Coxinhas de frango,PorSi,Embalagem de 360g,"9,30 €/Kg","9,30 €/Kg"
Noz com casca 28/30,Frutos secos,1 un = 200 gr (aprox.),"4,99 €/Kg","4,99 €/Kg"
Cafe rossio m.unica 250g,Nicola,Embalagem de 250g,"9,76 €/Kg","9,76 €/Kg"
Alho picado,Margao,Embalagem de 60g,"2,29 €","30,53 €/Kg"
Dinosaurus chocoleche 340gr.         *12,Artiach,Embalagem de 340g,"1,89 €","15,75 €/Kg"
Acetona,PorSi,Embalagem de 250 ml,"14,99 €","14,99 €/Unidade"
Chá gengibre raiz,Cemporcent,Embalagem de 50g,"0,99 €","76,15 €/Kg"
Refrigerante  c/ gás regular,Coca-Cola,pack 4 x 1 l,"0,40 €/L","0,40 €/L"
Sopa de tomate,Knorr,Embalagem de 90g,"1,46 €","24,33 €/Kg"
Ambientador Elétrico Lavanda e Aloe,Glade,1 unidade,"11,99 €","11,99 €/Unidade"
Livro Cozinha com Twist,Leya,1 unidade,"25,90 €","25,90 €/Unidade"
Gomas brilho,PorSi,Embalagem de 300 g,"1,19 €","3,97 €/Kg"
Queijo para barrar light,PorSi Viva Bem,Embalagem de 200g,"2,39 €","19,92 €/Kg"
Doce framboesa e romã,ST.DALFOUR,Frasco de 284g,"2,19 €","9,95 €/Kg"
6 cheeseburgers,PorSi,Embalagem de 750g,"2,79 €","8,72 €/Kg"
Fermento de padeiro,Vahine,Embalagem de 20g,"1,89 €","17,18 €/Kg"
Farinha de milho integral,Cemporcent,Embalagem de 500g,"2,29 €","11,45 €/Kg"
Chá infusão nº2 noites tranquilas,Cemporcent,Embalagem de 13g,"0,99 €","76,15 €/Kg"
Bolachas chiquilin ositos de mel,Artiach,Embalagem de 160g,"1,89 €","15,75 €/Kg"
Rebuçados mel e limão,Halls,Embalagem de 32 g,"0,77 €","3,85 €/Kg"
Framboesas 100% Naturais,PorSi,Embalagem de 750 g,"3,29 €","4,39 €/Kg"
Champô oil nutritive,Gliss,Embalagem de 250 ml,"5,59 €","13,98 €/L"
Iogurte mix-in smarties morango,Nestle,Embalagem de 2 x 128 g,"4,23 €/Kg","4,23 €/Kg"
Puzzle Patrulha Pata,Clementoni,2 x 20 peças,"9,99 €/Unidade","9,99 €/Unidade"
Biscoitos brownies,PorSi,Embalagem de 230g,"0,79 €","5,27 €/Kg"
Bolachas,Oreo,Embalagem de 220g,"0,79 €","4,49 €/Kg"
Iogurte liquido proteína yopro morango/framboesa,Yopro,300 g,"1,31 €","2,05 €/Kg"
Escova Dentes Suave Limpeza e Frescura,Sensodyne,1 un.,"3,49 €","3,49 €/Unidade"
Sabonete líquido mel,Feno,Embalagem de 300 ml,"2,18 €/L","2,18 €/L"
Leite seleccionado matinal leve,Matinal,Embalagem de 200 ml,"0,83 €","0,83 €/L"
Lenços Bolso,Kleenex,Pack 12 unidades,"0,89 €","0,89 €/Unidade"
Milho doce,PorSi,Embalagem de 3 x 140 g,"2,19 €","2,81 €/Kg"
Amaciador Roupa Chá Branco & Peônia,Vernel,76 doses,"3,99 €","3,99 €/Unidade"
Vinho doc dão tinto,Grao vasco,Garrafa de 750 ml,"7,49 €","9,99 €/L"
"Pasta de limpeza com oxigénio activo, 48 unidades",Polident,Uma embalagem,"7,39 €","105,57 €/Kg"
Iogurte líquido dan'up milkshake straciatella,Danone,Embalagem de 4 x 155 g,"1,31 €","2,05 €/Kg"
Café solúvel creme,Nescafe,Embalagem de 100g,"14,50 €/Kg","14,50 €/Kg"
Luvas Multilatex M/L,Vileda,Embalagem com 100 un.,"0,69 €","0,69 €/Unidade"
"Jogo ""Da Banho ao Cão""",Concentra,1 unidade,"9,99 €/Unidade","9,99 €/Unidade"
Sementes de chia,Cemporcent,Embalagem de 150G,"1,39 €","9,27 €/Kg"
Sopa de cebola,Maggi,Embalagem de 60g,"1,46 €","24,33 €/Kg"
Spray de limpeza multiusos free & clear,Seventh Generation,Embalagem de 500 ml,"1,29 €","0,86 €/L"
Massa de macarrão grande estriado,Milaneza,Embalagem de 500g,"0,92 €","10,22 €/Kg"
Nestum 5 cereais,Nestum,Embalagem de 250g,"2,49 €","9,96 €/Kg"
Peito de peru forno a lenha,Primor,"Vendido ao peso, fatiado a partir de 100 gr","1,44 €","9,59 €/Kg"
"Máquina Tripla Matrix, + 5 unidades",Labell Men,Uma embalagem,"1,16 €","4,64 €/L"
Spray limpeza casa de banho,Cillitbang,Embalagem de 500 ml,"1,79 €","2,39 €/L"
Pudim flan zero açúcares adicionados,El mandari,Embalagem de 30g,"0,59 €","29,50 €/Kg"
Cocktail de marisco,PorSi,Embalagem de 400 g,"3,99 €","9,98 €/Kg"
Alimento húmido cão gelatina júnior,Pedigree,Embalagem de 400g,"0,75 €","2,50 €/Kg"
Não Mais Pregos Forte e Rápido,Pattex,Embalagem de 150 g,"3,99 €","3,99 €/Unidade"
"Super Cola 3, 60 Segundos",Loctite,Embalagem de 20 g,"3,99 €","3,99 €/Unidade"
8 rissóis de carne,PorSi,Embalagem de 300g,"1,79 €","7,16 €/Kg"
Bolachinhas,Cerelac,Embalagem de 180g,"1,89 €","15,75 €/Kg"
"Pasta dentífrica, máxima proteção, fresca",Colgate,Embalagem de 75 ml,"2,29 €","38,17 €/L"
Mão de vaca com grão,Nobre,Embalagem de 420 g,"2,35 €","5,60 €/Kg"
Bolacha alfa,Nacional,Embalagem de 180g,"2,82 €","9,40 €/Kg"
Focinho,Porco,1 un = 300 gr (aprox.),"0,60 €","5,99 €/Kg"
Iogurte magro natural,Longa vida,Embalagem de 6 x 120 g,"7,66 €/Kg","7,66 €/Kg"
Biscoitos canudinho recheio cacau,PorSi,Embalagem de 300g,"2,82 €","9,40 €/Kg"
Gel Banho Iogurte e Papaia,B.U.,Embalagem de 250 ml,"3,69 €","14,76 €/L"
Sacos do lixo perfumado 30 litros,PorSi,15 unidades,"1,89 €","1,89 €/Unidade"
20 saquetas chá digestão fácil,Lipton,Embalagem de 30g,"40,31 €/Kg","40,31 €/Kg"
Bolacha de manteiga,Snapy,Embalagem de 250g,"2,11 €/Kg","2,11 €/Kg"
Recarga para lima esfoliante,Scholl,Pack de 2 un.,"14,99 €","14,99 €/Unidade"
Tira Nódoas Branqueador,Sanytol,embalagem com 450g,"10,99 €","52,33 €/Kg"
Azeite virgem extra clássico,Gallo,Garrafa de 750 ml,"3,29 €","4,39 €/L"
Gel de Banho Deeply Nourishing,Dove,Embalagem de 750 ml,"3,99 €","19,95 €/L"
Espinafres salteado com alho,PorSi,Embalagem de 750g,"1,98 €","1,98 €/Kg"
Saqueta de puré de fruta | maçã + banana,PorSi,90 g,"0,74 €","8,22 €/Kg"
Chá perpétuas roxas planta,Cemporcent,Embalagem de 35g,"0,99 €","76,15 €/Kg"
Vinho regional alentejano reserva tinto,Encosta das Perdizes,Garrafa de 0.75 l,"2,89 €","3,85 €/L"
Mochila 42 cm + Estojo,Lightning Bolt,1 un.,"19,90 €","19,90 €/Unidade"
Massa instantânea com sabor a legumes,KOKA,Embalagem de 90g,"0,92 €","10,22 €/Kg"
Recarga mopa 1.2 spray max,Vileda,1 unidade,"3,69 €","3,69 €/Unidade"
Lixivia perfume fresco,Neoblanc,Embalagem de 2 l,"2,59 €","1,30 €/L"
Bacalhau Graúdo,Bacalhau da Noruega,1 un = 2.5 kg (aprox.),"8,73 €/Kg","8,73 €/Kg"
Jogo da Glória,Olivo,1 unidade,"9,99 €/Unidade","9,99 €/Unidade"
"Cerveja sem álcool, tara perdida",Super Bock,Pack 6 X 0.33 L,"5,99 €","3,03 €/L"
Sobremesa Paturette Chocolate,Páturages,Embalagem de 4x115g,"1,19 €","2,59 €/Kg"
Queijo Curado Meio Gordo,Fonte Mourisca,Vendido ao peso a partir de 250 gr,"3,84 €","15,35 €/Kg"
Comida húmida cão -10kg controlo peso peru/cenoura |...,Purina One,4x100 g,"0,75 €","2,50 €/Kg"
Chocolate culinário,Pantagruel,Embalagem de 200g,"1,04 €","8,32 €/Kg"
Ambientador vela baunilha,Glade,1 unidade com 129 g,"5,99 €","5,99 €/Unidade"
Farinha nao láctea bolacha maria,PorSi,Embalagem de 250g,"4,99 €","4,99 €/Kg"
Escova de dentes max white média,Colgate,1 + 1 unidades,"3,49 €","3,49 €/Unidade"
"Cerveja com álcool, tara perdida",Kings Bräu,pack 24 x 0.25 l,"1,99 €/L","1,99 €/L"
Francesinha,PorSi,Embalagem de 450G,"3,99 €","9,98 €/Kg"
"Azeite extra virgem, azeitonas verdes",Oliveira da Serra,Garrafa de 750 ml,"3,29 €","4,39 €/L"
Vermute Floreale sem Álcool,Martini,Garrafa de 750 ml,"11,99 €","11,99 €/L"
Aguardente bagaceira,S.domingos,Garrafa de 1 l,"11,49 €","16,41 €/L"
Sementes de abóbora,Cemporcent,Embalagem de 150g,"2,29 €","11,45 €/Kg"
Deo Spray Black & White Active,Nivea,Embalagem de 150 ml,"4,69 €","31,27 €/L"
Chupeta latex suave 0 meses,Neo Baby,Embalagem com 2 unidades,"5,99 €","5,99 €/Unidade"
Tablete de chocolate de leite,Toblerone,Embalagem de 100g,"5,30 €/Kg","5,30 €/Kg"
Marmelada,Ferbar,Embalagem de 400g,"1,09 €","2,42 €/Kg"
Leite seleccionado leve,Matinal,Garrafa de 1 l,"0,83 €","0,83 €/L"
Lindahls pro+ liq tropical,Lindahls,Garrafa de 330 ml,"5,97 €/Kg","5,97 €/Kg"
Gel de banho aloe vera e água de bétula,Dove,Embalagem de 750 ml,"3,99 €","19,95 €/L"
Preparado para arroz de marisco,Brasmar,Embalagem de 450 g,"1,79 €","7,16 €/Kg"
"Elixir bocal, dentes e gengivas",Listerine,Embalagem de 250 ml,"5,99 €","11,98 €/L"
"Chá preto, sem cafeína, 10 saquetas",Tetley,Embalagem de 20g,"41,67 €/Kg","41,67 €/Kg"
Carne para estufar de novilho,PorSi,Embalagem de 400 g,"2,41 €","6,03 €/Kg"
Bomba para vinho com 2 tampas,Quittin,1 unidade,"10,90 €","10,90 €/Unidade"
Nescafe galao original 18(8x17g) pt ea,Nescafe,Embalagem de 136g,"15,92 €/Kg","15,92 €/Kg"
30 comprimidos super ginseng,PLANTANATU,Embalagem de 1 unidades,"7,59 €","126,50 €/Kg"
"Toalhetes intimos sensitive, 15 unidades",Dystron,Uma embalagem,"2,89 €","2,89 €/Unidade"
Café Qalidus XXL,Delta Q,Embalagem com 60 cápsulas,"54,36 €/Kg","54,36 €/Kg"
Rebuçados mini café,PorSi,Embalagem de 200g,"1,15 €","4,60 €/Kg"
Flocos de batata para puré,PorSi,Embalagem de 500g,"1,98 €","1,98 €/Kg"
Elixir junior,Aquafresh,Embalagem de 300 ml,"3,29 €","43,87 €/L"
Agrião Programa Origens,PorSi,Embalagem de 400g,"0,69 €","2,29 €/Kg"
Ananás rodelas em sumo,PorSi,Embalagem de 3 x 220 g,"2,79 €","4,92 €/Kg"
Coleira em nylon p/ cão  repelente 75cm,Repul' 7,Embalagem de 1 unidades,"19,99 €","19,99 €/Unidade"
Farinheira de Sousel,PorSi,1 un = 120 g (aprox.),"1,49 €","7,45 €/Kg"
Cereais fitness,Nestle,Embalagem de 380g,"3,79 €","29,38 €/Kg"
Vinho tinto,Adega grande,Garrafa de 75 cl,"1,59 €","2,12 €/L"
Máscara Exfoliante Vermelha,L' Oreal,Embalagem de 50 ml,"0,76 €","0,76 €/Unidade"
Arroz vaporizado,PorSi,Embalagem de 1 kg,"1,26 €","1,26 €/Kg"
10 saquetas chá yellow label,Lipton,Embalagem de 20g,"0,99 €","99,00 €/Kg"
Cerveja com álcool,Sagres,Lata de 500ml,"1,99 €/L","1,99 €/L"
Moscatel de setúbal,Alambre,"Garrafa de 0,75L","6,79 €/L","6,79 €/L"
Elixir bocal para crianças,Listerine,Embalagem de 500 ml,"5,99 €","11,98 €/L"
"Iogurte actimel, morango",Danone,Embalagem de 12 x 100 g,"4,15 €/Kg","4,15 €/Kg"
Alface frisada categoria: II Programa Origens,PorSi,Embalagem de 300 g,"0,99 €","9,90 €/Kg"
"Leite bem essencial, morango",Mimosa,Embalagem de 200 ml,"1,99 €","2,49 €/L"
Choco limpo 10/30,Pescanova,Embalagem de 500g,"9,59 €","11,99 €/Kg"
Massa esparguete,PorSi,Embalagem de 500g,"0,92 €","10,22 €/Kg"
Alimento lácteo sem açucar com sabor a morango/banan...,Yogolino,Embalagem de 4 x 100 gr,"2,89 €","7,23 €/Kg"
Vinho maduro tinto doc alentejano,P.ravessa,Garrafa de 750 ml,"2,89 €","3,85 €/L"
Café em cápsulas  qonvictus,Delta Q,Embalagem de 55 g,"54,36 €/Kg","54,36 €/Kg"
Bio infusão de frutas 10x1.5g,PorSi Bio,Embalagem de 15g,"64,67 €/Kg","64,67 €/Kg"
Whisky 12 anos,Grant's,Garrafa de 0.70 l,"27,49 €","39,27 €/L"
Café 5 estrelas moído tradição,Sical,Embalagem de 250g,"9,76 €/Kg","9,76 €/Kg"
"Escova dentífrica, slim soft, tri-tip",Colgate,1 unidade,"3,49 €","3,49 €/Unidade"
Caracol com passas,*,90g,"0,30 €/Unidade","0,30 €/Unidade"
M&m's drageias de caramelo salgado e chocolate de le...,M&m's,Embalagem de 160g,"18,50 €/Kg","18,50 €/Kg"
Gel banho infusão de óleo perfume de gerânio,Nivea,Embalagem de 500 ml,"3,99 €","19,95 €/L"
Batata frita camponesa,PorSi,Embalagem de 175 g,"1,18 €","6,38 €/Kg"
Conjunto Skin All Sport,S&G,,"1,10 €","1,10 €/Unidade"
Toalhitas de Proteção Cor,K2R,Embalagem de 20 un.,"10,99 €","52,33 €/Kg"
4 filetes de pescada panados c/ limão,Pescanova,Embalagem de 400g,"9,30 €/Kg","9,30 €/Kg"
Mousse d´or,Du Bois de la Roche,Embalagem de 200 g,"0,69 €","3,45 €/Kg"
"Refrigerante sem gás, laranja",Joi,"Garrafa de 1,5 l","1,90 €","1,27 €/L"
Massa folhada margarina,PorSi,Embalagem de 230 g,"0,99 €","4,30 €/Kg"
Ambientador vela duo maçã,Air Wick,Embalagem de 210g,"5,99 €","5,99 €/Unidade"
Vinho de mesa tinto bag in box,Adega grande,Garrafa de 5 l,"11,29 €","2,26 €/L"
Leite em pó crescimento 3 pro +,Nutriben,Embalagem de 800g,"23,99 €","29,99 €/Kg"
Gelatina light de ananás,Condi,Embalagem de 2x15g,"0,55 €","61,11 €/Kg"
Fruta para bebé multifrutas +4 meses,Nestle,Embalagem de 90g,"0,74 €","8,22 €/Kg"
Creme vegetal culinário,Vaqueiro,Embalagem de 1 kg,"1,39 €","6,95 €/L"
Livro Aprende o estudo do meio com o professor giras...,Girassol,1 unidade,"11,61 €","11,61 €/Unidade"
Lava tudo marinho,Cif,"Garrafa de 1,4 l","0,99 €","0,50 €/L"
Bolachas chiquilin energy,Artiach,Embalagem de 200g,"1,69 €","6,76 €/Kg"
Liégeois Sobremesa de Café,Páturages,Embalagem de 4x100 g,"0,55 €","2,75 €/Kg"
Limpa ferros,Petex,1 unidade,"0,89 €","0,89 €/Unidade"
Pudim de ananás,Boca Doce,Embalagem de 20g,"0,59 €","29,50 €/Kg"
Filetes de pescada,Pescanova,Embalagem de 400g,"3,99 €","9,98 €/Kg"
Doce cereja 284g,ST.DALFOUR,Frasco de 284g,"2,19 €","9,95 €/Kg"
Água Micelar de Limpeza,Nivea,Embalagem de 200 ml,"0,76 €","0,76 €/Unidade"
Porto ruby,Valadao,Garrafa de 750 ml,"6,29 €","8,39 €/L"
Desinfetante em gel c/ lixívia,Cif,Garrafa de 750 ml,"2,79 €","3,99 €/L"
Pão de forma sem côdea especial torradas,Panrico,Embalagem de 510g,"1,49 €","6,77 €/Kg"
Refrigerante de cola zero,PorSi,Garrafa de 2 l,"0,40 €/L","0,40 €/L"
Recarga removedor de pelos - 56 folhas,Scotch bri,Embalagem de 1 unidades,"8,75 €","8,75 €/Unidade"
Alimento húmido para cão vaca,Pedigree,Embalagem de 300g,"0,75 €","2,50 €/Kg"
"Pedras salgadas gf 0,33 l",P.salgadas,"Garrafa de 1,98 l","1,99 €/L","1,99 €/L"
Drageias de chocolate de leite,PorSi,200 g,"18,50 €/Kg","18,50 €/Kg"
Vibrador c/ 3 Cabeças,Control,Unidade,"33,99 €","33,99 €/Unidade"
"Cereais crusts, amêndoas e mel",PorSi,Embalagem de 380g,"2,29 €","6,11 €/Kg"
"Pensos diários respirare, 44 unidades",Carefree,Uma embalagem,"2,99 €","2,99 €/Unidade"
Ambientador para a máquina da loiça de lima e limão,Finish,embalagem com 2 un.,"16,63 €/L","16,63 €/L"
Iogurte grego maçã e canela,Danone,Embalagem de 4 x 110 g,"2,99 €","6,80 €/Kg"
Bolacha waffer cacau,Waferland,Embalagem de 175g,"0,98 €","4,67 €/Kg"
Moscatel de setúbal,Pioneiro,Garrafa de 750 ml,"5,99 €","8,56 €/L"
Cappucino go chill com cacau,Delta,Embalagem de 230 ml,"15,92 €/Kg","15,92 €/Kg"
Farinha para bolos super fina,PorSi,Embalagem de 1 kg,"1,99 €","1,99 €/Kg"
Ambientador arbremagique baunilha,Arbre Magique,1 unidade,"1,99 €","1,99 €/Unidade"
"Refrigerante com gás, laranja, lata",Fanta,pack 6 x 0.33 l,"0,40 €/L","0,40 €/L"
Bolachas com duplo creme,Oreo,Embalagem de 190g,"0,79 €","4,49 €/Kg"
Óleo Performa 10W40,Galp,Embalagem de 1 l,"14,99 €","14,99 €/L"
Queijo Curado kg,Castelões,1 un = 250 gr  (aprox.),"25,45 €/Kg","25,45 €/Kg"
Monopoly Edição Batoteiros,Hasbro,1 unidade,"9,99 €/Unidade","9,99 €/Unidade"
Queijo mascarpone,Páturages,Embalagem 250G,"1,69 €","6,76 €/Kg"
Iogurte activia cremoso coco,Danone,Embalagem de 4 x 120 g,"2,99 €","6,80 €/Kg"
Tostas mistura sem glúten,PorSi Viva Bem,Embalagem de 140g,"3,49 €","24,93 €/Kg"
Creme Mãos Secrets Coco,Dove,75 ml,"2,49 €","41,50 €/L"
Molho bechamel,PorSi,Embalagem de 200g,"0,87 €","2,90 €/Kg"
"Escova de cabelo, pneumática javali",Labell,Uma unidade,"1,99 €","1,99 €/Unidade"
Chá infusão anis,Cemporcent,Embalagem de 13g,"0,99 €","76,15 €/Kg"
Puzzle Mickey e Amigos,Clementoni,2 x 60 peças,"9,99 €/Unidade","9,99 €/Unidade"
"Campainha s/Fios c/Botão, Alcance 100m",Aslo,,"16,99 €","16,99 €/Unidade"
Whisky,Grants,Garrafa de 1 l,"19,99 €","19,99 €/L"
Iogurte grego natural açucarado sem lactose,PorSi Viva Bem,Embalagem de 240g,"1,48 €","3,08 €/Kg"
Super tea immune com vitamina c,Tetley,Embalagem de 40g,"44,50 €/Kg","44,50 €/Kg"
Trinca de arroz,PorSi,Embalagem de 1 kg,"1,15 €/Kg","1,15 €/Kg"
Oikos morango 110g x4,Danone,Embalagem de 440g,"2,99 €","6,80 €/Kg"
Infusão sem gordura,Cemporcent,Embalagem de 10 unidades,"64,67 €/Kg","64,67 €/Kg"
Queijo flamengo sticks 5x20g,PorSi,Embalagem de 100g,"1,39 €","6,95 €/Kg"
SuperCeys,Ceys,1 unidade,"3,99 €","3,99 €/Unidade"
Arbre magique black pine,Arbre Magique,1 unidade,"1,99 €","1,99 €/Unidade"
Barras fitness com chocolate,Nestle,Embalagem de 140g,"3,79 €","29,38 €/Kg"
Dentifríco anti-tártaro + branqueador,Colgate,Embalagem de 75 ml,"2,29 €","38,17 €/L"
Sumo 100% maçã,PorSi,pack 3 x 200 ml,"1,09 €","0,73 €/L"
Livro Uma Mulher de Sonho,Presença,,"17,99 €","17,99 €/Unidade"
Limpa Estofos de Pele,PorSi,Embalagem de 1 l,"3,49 €","13,96 €/L"
Refrigerante c/ gás de laranja zero,Fanta,"Garrafa de 1,5 l","0,40 €/L","0,40 €/L"
Activia topper muesli & arando,Danone,Embalagem de 170g,"2,49 €","5,19 €/Kg"
Chá verde e matcha infusão,Cemporcent,Embalagem de 13g,"0,99 €","76,15 €/Kg"
Bebida de soja sem acucar 1l,Alpro,Embalagem de 1L,"2,49 €","2,49 €/L"
Amendoim com Casca,PorSi,Embalagem de 500g,"0,79 €","3,95 €/Kg"
Chuchu,Legumes do Dia,1 un = 250 gr  (aprox.),"2,49 €/Kg","2,49 €/Kg"
Sumo 100% laranja,PorSi,Pack 3 x 200 ml,"1,09 €","0,73 €/L"
Feijao verde redondo,PorSi,Embalagem de 400g,"1,98 €","1,98 €/Kg"
Batido diet iogurte e ananás,Forma+s,Embalagem de 700g,"1,99 €","45,23 €/Kg"
Azeite virgem extra,Ouro elvas,Garrafa de 750 ml,"3,29 €","4,39 €/L"
Pastilhas café lote chávena,Delta,Embalagem de 110g,"54,36 €/Kg","54,36 €/Kg"
After shave gold,Denim,Embalagem de 100 ml,"1,16 €","4,64 €/L"
Limpa Moveis Lavanda,Pronto,300 ml,"4,39 €","14,63 €/L"
Massa fettucine,Milaneza,Embalagem de 500g,"0,92 €","10,22 €/Kg"
Moinho 5 pimentas em grão,PorSi,Frasco com 40 g,"2,29 €","30,53 €/Kg"
Vinho Regional de Lisboa Branco,Mundus,"Garrafa de 0,75L","2,29 €","3,05 €/L"
Leite de transição Optipro 2 +6 meses,NAN,Embalagem de 800g,"23,99 €","29,99 €/Kg"
"Anti-calcário em pó, máquina roupa",PorSi,Embalagem de 800g,"10,99 €","52,33 €/Kg"
Limpa móveis cera abelhas,PorSi,Frasco de 300ml,"4,39 €","14,63 €/L"
Creme abrasivo de limão,PorSi,Embalagem de 750 ml,"0,99 €","1,32 €/L"
Iogurte activia líquido cereais,Danone,Embalagem de 4 x 155 g,"2,49 €","5,19 €/Kg"
Azeite virgem extra reserva,Gallo,Garrafa de 750 ml,"3,29 €","4,39 €/L"
Iogurte activia líquido morango,Danone,Embalagem de 4 x 155 g,"2,49 €","5,19 €/Kg"
Chá sene,Cemporcent,Embalagem de 40g,"0,99 €","76,15 €/Kg"
Spray wc anticalcário,PorSi,embalagem de 750 ml,"1,79 €","2,39 €/L"
Porto ruby,Ferreira,Garrafa de 750 ml,"6,29 €","8,39 €/L"
Borracha para desenho técnico,Domédia,1 unidade,"4,69 €","4,69 €/Unidade"
Café moagem universal brasil,Delta,Embalagem de 220g,"9,16 €/Kg","9,16 €/Kg"
Farinha de trigo integral,Cemporcent,Embalagem de 500g,"2,29 €","11,45 €/Kg"
Leite seleccionado magro,Matinal,Garrafa de 1 l,"0,83 €","0,83 €/L"
Vela com número nº 5,PorSi,1 unidade,"1,09 €","1,09 €/Unidade"
Cerveja c/ álcool mini,Super Bock,Pack 15 x 0.20 L,"1,99 €/L","1,99 €/L"
3 Pipetas de Repelente p/ Gato,Repul'7,1 unidade,"1,19 €","0,24 €/Kg"
Wafers caramelo cubos,Vieira,Embalagem de 130g,"0,98 €","4,67 €/Kg"
Infusão tília,Cemporcent,Embalagem de 10 unidades,"64,67 €/Kg","64,67 €/Kg"
Maçã Golden 70/75,Programa Origens,1 un = 180 gr (aprox.),"0,30 €","1,69 €/Kg"
Queijo amanteigado fatias,Paiva,Embalagem de 180 g,"1,39 €","6,95 €/Kg"
Vermute rosso,Martini,Embalagem de 10x6 cl,"17,09 €","22,79 €/L"
Sopa de rabo de boi,Knorr,Embalagem de 70g,"1,46 €","24,33 €/Kg"
Chá carqueja,Cemporcent,Embalagem de 40g,"0,99 €","76,15 €/Kg"
Sidra frutos vermelhos,Somersby,pack 4 x 0.33 l,"1,59 €","3,18 €/L"
Vela com número nº 8,PorSi,1 unidade,"1,09 €","1,09 €/Unidade"
Leite uht meio gordo,PorSi,Embalagem com rosca de 1 l,"0,83 €","0,83 €/L"
Chá zimbro,Cemporcent,Embalagem de 50g,"0,99 €","76,15 €/Kg"
Malagueta Vermelha,Legumes do Dia,1 un = 100 gr (aprox.),"0,72 €","2,89 €/Kg"
Pasta de açúcar bege,PorSi,250 g,"1,49 €","1,49 €/Kg"
Fusilli Al Bronzo,PorSi Select,Embalagem de 500 g,"0,92 €","10,22 €/Kg"
Crepe simples,PorSi,Embalagem de 630g,"2,57 €","7,79 €/Kg"
Gengibre,Legumes do Dia,1 un = 100 gr (aprox.),"2,49 €/Kg","2,49 €/Kg"
4 hamburguers frango s/ glúten,Capitão Iglo,Embalagem de 240g,"11,44 €/Kg","11,44 €/Kg"
Azeite virgem clássico,PorSi,Garrafa de 750 ml,"3,29 €","4,39 €/L"
Alimento seco p/ cão raça pequena,PorSi Select,Embalagem de 3kg,"1,15 €/Kg","1,15 €/Kg"
Iogurte magro morango sem lactose,Mimosa,Embalagem de 4x 120 g,"7,66 €/Kg","7,66 €/Kg"
Bolacha princesa chocolate,Vieira,Embalagem de 200 g,"6,83 €/Kg","6,83 €/Kg"
Mistura para carnes,PorSi,Embalagem de 40g,"2,29 €","30,53 €/Kg"
Bolacha torrada 800g 33% grátis,Vieira,Embalagem de 800g,"2,11 €/Kg","2,11 €/Kg"
8 salsichas bockwurst,PorSi,1 Frasco 720G,"0,75 €","3,75 €/Kg"
Tablete triple caramelo,Milka,Embalagem de 90g,"5,30 €/Kg","5,30 €/Kg"
Moscatel de setúbal,Adega de Palmela,Garrafa de 750 ml,"6,79 €/L","6,79 €/L"
"Iogurte líquido yoggi, sem lactose, morango",Nestle,Embalagem de 4 x 160 g,"1,31 €","2,05 €/Kg"
Arroz de pato,PorSi,Embalagem de 400g,"3,99 €","9,98 €/Kg"
Água c/ gás limão,Frize,pack 4 x 0.25 l,"1,99 €/L","1,99 €/L"
Detergente Liquido Máquina Roupa Coco,Surf,88 doses,"2,00 €/L","2,00 €/L"
Arroz carolino,PorSi,Embalagem de 1 kg,"1,26 €","1,26 €/Kg"
Iogurte corpos danone + proteína ananás,Danone,Embalagem de 150g,"5,97 €/Kg","5,97 €/Kg"
Chupeta latex suave + 4 meses,Neo Baby,Embalagem com 2 unidades,"5,99 €","5,99 €/Unidade"
Gel de banho dermo micelar,Sanex,Embalagem de 500 ml,"3,99 €","19,95 €/L"
Gel ativo com lixívia,PorSi,Embalagem de 1.5 l,"1,29 €","0,86 €/L"
Gengibre desidratado em cubos,Cemporcent,Embalagem de 100g,"1,94 €","3,88 €/Kg"
Fralda Cueca Banho Splashers T5,Dodot,1 Embalagem c/10 unidades,"12,99 €","12,99 €/Unidade"
Tablete de chocolate negro,Nestle,Embalagem de 100 g,"16,67 €/Kg","16,67 €/Kg"
Refrigerante C/ Gás Zero,Coca-Cola,Garrafa de 1 l,"0,40 €/L","0,40 €/L"
Pilhas Alcalinas AAA Optimum,Duracell,Blister 4 Pilhas,"1,75 €","1,75 €/Unidade"
Café solúvel creme,Delta,Embalagem de 80 g,"14,50 €/Kg","14,50 €/Kg"
Batatas fritas lisas originais,Lay's,Embalagem de 282g,"1,01 €","5,46 €/Kg"
Pez blister,PEZ,Embalagem de 70g,"2,30 €","57,50 €/Kg"
Iogurte líquido morango,PorSi,Embalagem de 4 x 160 g,"1,31 €","2,05 €/Kg"
Chá anis estrelado planta,Cemporcent,Embalagem de 50g,"0,99 €","76,15 €/Kg"
Gel de Banho Orquídea & Cashmere Extract,Nivea,Embalagem de 750 ml,"3,99 €","19,95 €/L"
Chá para regular infusão,Cemporcent,Embalagem de 13g,"0,99 €","76,15 €/Kg"
"Inseticida, recarga, elétrico, pack 2",Raid,1 embalagem com 2x27ml,"7,69 €","7,69 €/Unidade"
Massa em espirais,PorSi,Embalagem de 500g,"0,92 €","10,22 €/Kg"
Presunto fatiado,PorSi,Embalagem de 200g,"2,59 €","12,95 €/Kg"
"Detergente líquido, manual loiça, original",Fairy,"Embalagem de 1,5 l","1,05 €","2,10 €/L"
10 Barrinhas salmão panadas sem glúten,Pescanova,300 g,"1,79 €","7,16 €/Kg"
Barrita controlo de peso chocolate,Ignoramu,Embalagem de 44g,"1,19 €","2,98 €/Kg"
Alimento lácteo cereais e bolachas maria +6 meses,Yogolino,Embalagem de 4 x 100 g,"2,89 €","7,23 €/Kg"
Bolachas waffers morango,PorSi,Embalagem de 210g,"0,98 €","4,67 €/Kg"
Gelatina de ananás,Koala,Embalagem de 130g,"0,85 €","2,13 €/Kg"
Tablete chocolate chips ahoy,Milka,Embalagem de 100g,"5,30 €/Kg","5,30 €/Kg"
Piccolinis frankfurt,Buitoni,Embalagem de 270g,"2,16 €","6,17 €/Kg"
Filetes primavera sementes de quinoa,Iglo,Embalagem de 250 g,"1,79 €","7,16 €/Kg"
Super Napolitana Creme 125 g,Pastelaria do Dia,1 un = 125 g (aprox.),"0,30 €/Unidade","0,30 €/Unidade"
Pensos higiénicos liberty normal sem abas,Evax,Embalagem com 12 un.,"4,99 €","4,99 €/Unidade"
Petit gateau morango 4x80g,PorSi,Embalagem de 320g,"2,57 €","7,79 €/Kg"
Cantil térmico 1 L,Gio'Style,1 un.,"9,99 €","9,99 €/Unidade"
Cerveja c/ álcool,Sagres,pack 15 x 0.33 l,"1,99 €/L","1,99 €/L"
Nuggets de frango grelhadinho,Capitão Iglo,Embalagem de 200g,"9,30 €/Kg","9,30 €/Kg"
Ambientador recarga oasis turquesa,Air Wick,Garrafa de 250 ml,"11,98 €","11,98 €/Unidade"
Amaciador concentrado para roupa aloé vera,PorSi,80 doses,"3,99 €","3,99 €/Unidade"
Pasta de açúcar branco,PorSi,250 g,"1,49 €","1,49 €/Kg"
Bolo de chocolate brownie,Milka,Embalagem de 150g,"1,69 €","8,45 €/L"
Leite Reparador Tesouros de Mel,Ultra Suave,Embalagem de 400 ml,"12,48 €/L","12,48 €/L"
Barra s.k chocolate 6x21.5g,Kellogg's,Embalagem de 6X21.5G,"3,79 €","29,38 €/Kg"
Bolachas mini chips ahoy,Ca!,Embalagem de 160g,"0,79 €","5,27 €/Kg"
Simple bite amêndoa e framboesa,Simple,Embalagem de 35g,"1,70 €","13,08 €/Kg"
Leite desmaquilhante para peles secas,Labell,Embalagem de 250 ml,"1,15 €","4,60 €/L"
"Desodorizante para pés, creme Sport",Protex,Embalagem de 50 ml,"4,99 €","99,80 €/L"
Dentifríco 2 em 1 super branqueador,Theramed,Embalagem de 75 ml,"3,39 €","45,20 €/L"
Pizza hawai,PorSi,Embalagem de 350g,"2,16 €","6,17 €/Kg"
Vmt reg alentejano 0.75l,T.xisto,Garrafa de 750 ml,"2,89 €","3,85 €/L"
Creme proteção de gengivas,Polident,Embalagem de 40 g,"7,39 €","105,57 €/Kg"
"Lixívia para roupa, azul, tradicional",Neoblanc,Embalagem de 1 l,"1,74 €","0,35 €/L"
Café moagem normal: intenso,Buondi,Embalagem de 220g,"9,76 €/Kg","9,76 €/Kg"
Tomate inteiro pelado,PorSi,Embalagem de 390 g,"2,19 €","2,81 €/Kg"
Fruta para bebé 4 frutas +4 meses,Nestle,Embalagem de 90g,"0,74 €","8,22 €/Kg"
Atum posta em azeite,Bom petisc,Embalagem de 120 g,"9,08 €/Kg","9,08 €/Kg"
Lombo s/ Osso,Porco,Vendido ao peso a partir de 1 kg,"4,29 €","4,29 €/Kg"
Queijo em fatias,Limiano,Embalagem de 400g,"1,39 €","6,95 €/Kg"
Yofu soja natural sem açúcar,Alpro,Embalagem de 500g,"3,09 €","6,18 €/Kg"
Pano Suave C/ Microfibras,Vileda,2 + 1 Un. Grátis,"1,79 €","1,79 €/Unidade"
Abrasivo sanitário gel citrinos,PorSi,embalagem de 1 litro,"0,99 €","1,32 €/L"
Café dak lak vietnam moagem universal,Sical,Embalagem de 220g,"9,76 €/Kg","9,76 €/Kg"
Lava tudo antibacteriano marinho,PorSi,Garrafa de 1.5 l,"0,99 €","0,50 €/L"
Aditivo em pó máquina pink,Vanish,Embalagem de 1.2 kg,"9,99 €","36,33 €/Kg"
Petit gâteau,PorSi,Embalagem de  4 x 80 g,"2,57 €","7,79 €/Kg"
Cobertura tábua de engomar,PorSi,Dim.: 120 x 42 cm,"16,50 €","16,50 €/Unidade"
Feijão frade,Compal,Lata de 410 ml,"2,19 €","2,81 €/Kg"
Achocolatado intenso 40% cacau,Nestle,Embalagem de 330g,"11,23 €/Kg","11,23 €/Kg"
Cerveja 0.0%,Sagres,Lata 0.33 l,"5,99 €","3,03 €/L"
50 nuggets de frango,Capitão Iglo,Embalagem de 1042g,"2,79 €","8,72 €/Kg"
Refrigerante com gás de laranja,Sumol,"Garrafa de 1,25 l","0,40 €/L","0,40 €/L"
Nestum zero arroz,Nestum,Embalagem de 250 g,"4,99 €","4,99 €/Kg"
Snack gato sticks salmao 6x5g,PorSi,Embalagem de 30g,"0,99 €","16,50 €/Kg"
Biscottina com alho e salsa,RUSTICA,Embalagem de 100 g,"2,39 €","6,83 €/Kg"
Sacos do lixo wc 5 litros,PorSi,30 sacos,"1,89 €","1,89 €/Unidade"
Bolachas galettes bretonnes,Chabrior,Embalagem de 125 g,"1,69 €","6,76 €/Kg"
Porto tawny,Ferreira,Garrafa de 750 ml,"6,29 €","8,39 €/L"
Peito de frango forno a lenha,Primor,"Vendido ao peso, fatiado a partir de 100 gr","1,44 €","9,59 €/Kg"
Gel de banho bio kids,Corine de Farme,300 ml,"3,99 €","19,95 €/L"
Molho de alho,Calve,Embalagem de 260g,"0,87 €","2,90 €/Kg"
"Groselha, Categoria ll",Fruta do Dia,Embalagem de 125 g,"1,99 €","15,92 €/Kg"
Limpa Móveis,PorSi,Embalagem de 300 ml,"4,39 €","14,63 €/L"
"Gelatina pronto a comer, 10kcal tropical",Royal,Embalagem de 4 x 100 g,"0,85 €","2,13 €/Kg"
Guardanapos Red Label 1 folha |Vermelho,Renova,Dim: 30x32cm |70 unidades,"1,29 €","1,29 €/Unidade"
Pilhas recarregáveis C HR14 2600mAh,Domédia,Embalagem com 2 unidades,"1,75 €","1,75 €/Unidade"
"Jogo ""Pinta Narigudo""",Concentra,1 unidade,"9,99 €/Unidade","9,99 €/Unidade"
Sardinha Congelada,Peixe Congelado,1 un = 250 gr  (aprox.),"3,99 €/Kg","3,99 €/Kg"
Fruta para bebé maçã banana +4 meses,Nestle,Embalagem de 4 x 100 g,"0,74 €","8,22 €/Kg"
Sumo s/ gás manga/cenoura,Santal,"Garrafa de 1,5 l","1,90 €","1,27 €/L"
Manteiga magra,PorSi,Embalagem de 250g,"1,89 €","7,56 €/Kg"
Snack bounty single 57g,BOUNTY,Embalagem de 60g,"11,93 €/Kg","11,93 €/Kg"
Concentrado de frutas tropicais,Sunquick,Garrafa de 700 ml,"4,89 €","6,61 €/L"
Vinho branco tejo sauvignon,Fiuza,Garrafa de 750 ml,"3,99 €","5,32 €/L"
Escova dentifrica 360º advanced média,Colgate,1 unidade,"3,49 €","3,49 €/Unidade"
Nestum aveia e morango,Nestum,Embalagem de 250g,"2,49 €","9,96 €/Kg"
"Escova dentífrica infantil, minions, + 6 anos",Colgate,1 + 1 unidade grátis,"3,29 €","43,87 €/L"
Miolo de amêndoa sem pele inteira,PorSi,200 g,"0,79 €","3,95 €/Kg"
Fio dentário fluór+menta 50m,Labell,1 unidade,"3,49 €","3,49 €/Unidade"
Mousse de chocolate,Royal,Embalagem de 160g,"0,79 €","5,27 €/Kg"
"Atum em posta, em azeite",General,Embalagem de 110g,"9,08 €/Kg","9,08 €/Kg"
Tablete de chocolate culinário branco,PorSi,Embalagem de 180 g,"0,99 €","9,90 €/Kg"
Maionese magra em frasco,Hellmman's,Embalagem de 460g,"0,87 €","2,90 €/Kg"
Aperitivos 3d's cones,3d's,Embalagem de 90g,"0,79 €","7,90 €/Kg"
Mistura solúvel c/ 20% café granulado,PorSi,Embalagem de 200g,"1,64 €","6,56 €/Kg"
"Espumante Danúbio, Meio Seco",Danúbio,Garrafa de 75 cl,"6,49 €","8,65 €/L"
Spray bolor e sujidade,Cillitbang,Garrafa de 500 ml,"1,29 €","0,86 €/L"
Plantanatur slim rapid 30 comprimidos,PLANTANATU,Embalagem de 1 unidades,"7,59 €","126,50 €/Kg"
Tira Nódoas Spray a Seco,Iberia,Embalagem de 200 ml,"10,99 €","52,33 €/Kg"
Nancy um dia de verão,Mattel,,"23,99 €","23,99 €/Unidade"
Licor triple seco 16%,Olaias,Garrafa de 1 l,"5,99 €","8,56 €/L"
Chocolate negro 72% cacau,Cemporcent,Embalagem de 100g,"2,89 €","23,12 €/Kg"
Mistolin advanced lixívia,Mistolin,Garrafa de 500 ml,"1,79 €","2,39 €/L"
Bolacha digestive aveia 258g,Vieira,Embalagem de 258 g,"0,84 €","2,80 €/Kg"
"Coloração permanente, preto nº10",Nutrisse,1 unidade,"5,99 €","5,99 €/Unidade"
Lixívia Gel Brisa Marítima,Neoblanc,Embalagem de 700ml,"2,59 €","1,30 €/L"
Lava Tudo Perfumado Herbal,PorSi,Embalagem de 2 l,"0,99 €","0,50 €/L"
Massa macarrão penne bio,Nacional,Embalagem de 500g,"0,92 €","10,22 €/Kg"
Cordon bleu,Iglo,Embalagem de 200g,"4,99 €","24,95 €/Kg"
Luvas Pequenas /Médias Sensitive,Vileda,40 unidade,"0,69 €","0,69 €/Unidade"
Gelado carte d'or tarte limão merengue,Olá,Embalagem de 900 ml,"5,49 €","6,10 €/L"
Lixívia WC Gel Higienizante,Neoblanc,Embalagem de 700ml,"2,59 €","1,30 €/L"
Levedura de cerveja,Cemporcent,Embalagem de 150g,"2,29 €","11,45 €/Kg"
Farelo de trigo,Cemporcent,Embalagem de 250g,"2,29 €","11,45 €/Kg"
"Frigideira anti-aderente, 24cm",PorSi,1 unidade,"9,00 €/Unidade","9,00 €/Unidade"
Sumo natural de cenoura bio,Cemporcent,Garrafa de 200 ml,"3,69 €","3,69 €/L"
Máquina Descartável Depilatória Venus Plus,Gillette,4 un. + 2 grátis,"5,49 €","5,49 €/Unidade"
Saqueta de puré de fruta | maçã + manga + pêssego,PorSi,90 g,"0,74 €","8,22 €/Kg"
Cabo de madeira com rosca,PorSi,1.20 m,"2,20 €","2,20 €/Unidade"
Tablete de chocolate culinário 70% negro,PorSi,Embalagem de 200 g,"1,04 €","8,32 €/Kg"
Areia para gato,Catsan,Embalagem com 10 litros,"1,19 €","0,24 €/Kg"
Pensos incontinência homem,PorSi,10 unidades,"1,95 €","1,95 €/Unidade"
2 crocantes frango  recheio alho&ervas 204g,Iglo,Embalagem de 200g,"4,99 €","24,95 €/Kg"
Inseticida vaporizador,Biokill,Embalagem de 375 ml,"5,09 €","8,48 €/L"
Dentífrico sensibilidade e gengivas,Sensodyne,Embalagem de 75 ml,"2,29 €","38,17 €/L"
Caldo carne 16 cubos,Knorr,Embalagem de 160g,"3,84 €","24,00 €/Kg"
Óleo de cedro,Mistolin,Embalagem de 360 ml,"4,39 €","14,63 €/L"
Vinho do porto lágrima branco,R.pinto,Garrafa de 750 ml,"11,99 €","15,99 €/L"
Pensos Higiénicos Fina e Segura Normal,Evax,Embalagem c/ 24 Unidades,"4,99 €","4,99 €/Unidade"
Frutapura maçã manga laranja,Bledina,Embalagem de 85g,"2,29 €","6,94 €/L"
Ameijoa Branca Vietnamita,Marisco Congelado,Vendido a partir de 250 gr  (aprox.),"2,00 €","7,99 €/Kg"
Chá cavalinha planta,Cemporcent,Embalagem de 50g,"0,99 €","76,15 €/Kg"
Abrasivo wc gel ecologico,PorSi,Garrafa de 1 l,"0,99 €","1,32 €/L"
Ração seca para gatinhos frango e legumes,PorSi,Embalagem de 2 kg,"12,99 €","4,33 €/Kg"
Tarte de Flan,Pastelaria do Dia,embalagem com 650g,"4,29 €","6,60 €/Kg"
Vinho tinto regional terras dao bib 5l,Silgueiros,Embalagem de 5L,"7,49 €","9,99 €/L"
Frutose,PorSi,Boião de 410 g,"5,99 €","23,96 €/Kg"
Queijo edam light fatias,PorSi Viva Bem,Embalagem de 150g,"2,39 €","19,92 €/Kg"
"Lustrante pneus, em pistola",Arbo,Embalagem de 1 l,"3,49 €","13,96 €/L"
Rolo de Cozinha Megarollo,Scottex,Uma embalagem c/ 8 rolos,"4,99 €","4,99 €/Unidade"
Bacalhau à Brás,PorSi,Embalagem de 1 kg,"1,79 €","7,16 €/Kg"
Limpador,Pronto,Embalagem de 750 ml,"2,49 €","2,49 €/L"
Lírios,Milaneza,Embalagem de 500g,"0,92 €","10,22 €/Kg"
Batata frita lisa,PorSi,Embalagem de 90g,"1,01 €","5,46 €/Kg"
Recarga para Esfregona Microfibra e Algodão,Vileda,,"3,69 €","3,69 €/Unidade"
Sopa rabo de boi económica,Knorr,Embalagem de 60g,"1,46 €","24,33 €/Kg"
Arroz agulha,Caçarola,Embalagem de 1 kg,"1,26 €","1,26 €/Kg"
Colete p/Bicicleta c/Indicadores LED,Jocca,1 unidade,"26,90 €","26,90 €/Unidade"
Guardanapos com riscas verdes | Dim.: 33 x 33 cm,PorSi,Embalagem com 20 unidades,"1,29 €","1,29 €/Unidade"
Ração para gato adulto crunchy & tender com salmão,Friskies,"Embalagem de 1,5 kg","12,99 €","4,33 €/Kg"
Bolsa p/Bicicleta c/ Indicadores LED,Jocca,1 unidade,"26,90 €","26,90 €/Unidade"
Pastilhas limpa próteses,Labell,embalagem com 36 unidades,"7,39 €","105,57 €/Kg"
"Gel banho, hidratante lactourea",Lactovit,Embalagem de 650 ml,"3,99 €","19,95 €/L"
"Vela em número, nº 7",PorSi,1 unidade,"1,09 €","1,09 €/Unidade"
Pizza ristorante s/ gluten mozzarela,Dr. Oetker,Embalagem de 370g,"2,16 €","6,17 €/Kg"
8 hamburguers s/ glúten vaca,Capitão Iglo,Embalagem de 640g,"2,79 €","8,72 €/Kg"
Queijo fundido palitos,A Vaca Que Ri,Embalagem de 35g,"0,82 €","23,43 €/Kg"
Iogurte activia líquido 0% lima/limão,Danone,Embalagem de 4 x 155 g,"2,49 €","5,19 €/Kg"
Champô miracle volume + nutrição,Pantene,225 ml,"5,59 €","13,98 €/L"
Recarga inseticida elétrico líquido,Raid,45 noites,"7,69 €","7,69 €/Unidade"
Massa de espirais,Nacional,Embalagem de 500g,"0,92 €","10,22 €/Kg"
Spray lixívia e higiene,Cillitbang,Garrafa de 500 ml,"1,29 €","0,86 €/L"
Chá verde menta,PorSi,Embalagem de 43.7 g,"40,31 €/Kg","40,31 €/Kg"
Néctar pera,PorSi,Embalagem de 1 l,"0,99 €","0,99 €/L"
Vinho Verde Loureiro Branco,Aveleda,Garrafa de 0.75 l,"3,09 €","3,09 €/L"
Leite UHT Morango sem Lactose,Mimosa,Pack 3 x 250 ml,"2,19 €","2,19 €/L"
Champô Hidratante,Baby Dove,Embalagem de 400 ml,"4,99 €","16,63 €/L"
Óleo Performa C3 5w30 Sintético,Galp,Embalagem de 1 l,"14,99 €","14,99 €/L"
Super Napolitana de Chocolate,Pastelaria do Dia,1 un = 120 g (aprox.),"0,30 €/Unidade","0,30 €/Unidade"
Queijo de azeitão dop,PorSi Select,Embalagem de 255 g,"25,45 €/Kg","25,45 €/Kg"
Body Milk in Shower,Labell,Embalagem de 250 ml,"12,48 €/L","12,48 €/L"
Gelatina pronta a comer light 10 kcal mirtilo,Royal,Embalagem de 4 x 100 g,"0,85 €","2,13 €/Kg"
Pensos peles sensíveis XL,PorSi,5 unidades,"0,85 €","0,85 €/Unidade"
Chocolate culinário branco,Pantagruel,Embalagem de 200g,"1,04 €","8,32 €/Kg"
Alimento lácteo cereais e baunilha +6 meses,Yogolino,Embalagem de 4 x 100 g,"2,89 €","7,23 €/Kg"
Galão,PorSi,16 cápsulas,"15,92 €/Kg","15,92 €/Kg"
Chá boas noites infusão,Cemporcent,Embalagem de 13g,"0,99 €","76,15 €/Kg"
Carro de Corrida de Rua,Lego,1 unidade,"5,99 €/Unidade","5,99 €/Unidade"
Leite uht magro,Gresso,Embalagem de 1 litro,"0,83 €","0,83 €/L"
Resguardo de colhão impermeável,PorSi,Dim.: 80 x 120 cm,"4,99 €/Unidade","4,99 €/Unidade"
Vinho do porto dona antónia reserva branco,Ferreira,Garrafa de 0.75 l,"11,99 €","15,99 €/L"
Bolacha maria de chocolate,Cuetara,Embalagem de 265g,"2,11 €/Kg","2,11 €/Kg"
Folhado de Maçã,*,1 unidade= 100 g,"0,30 €/Unidade","0,30 €/Unidade"
"Lenços de bolso sensi, brancos, 10 unidades",Renova,Uma embalagem de 6x10,"0,89 €","0,89 €/Unidade"
Borracha para desenho técnico,Domédia,1 unidade,"4,39 €","4,39 €/Unidade"
Desodorizante e desinfetante para calçado,Sanytol,Embalagem de 150 ml,"5,29 €","35,27 €/L"
"Pasta de arquivo, lombada estreita, vermelha",Domédia,1 unidade,"3,29 €","3,29 €/Unidade"
Jogo da Forca + Jogo do Galo,Clementoni,1 unidade,"9,99 €/Unidade","9,99 €/Unidade"
Papel Higiénico Compacto Ultra Suave XXL,Colhogar,12 rolos,"5,99 €","5,99 €/Unidade"
Ambientador vela odor tabaco,PorSi,1 unidade,"5,99 €","5,99 €/Unidade"
Agenda do professor 6 turmas | Extra - recursos dos ...,Leya,1 unidade,"11,61 €","11,61 €/Unidade"
Leite seleccionado leve,Matinal,pack 3 x 200 ml,"0,83 €","0,83 €/L"
Biscoitos canudinho simples,PorSi,Embalagem de 300g,"2,82 €","9,40 €/Kg"
Soja fina,Cemporcent,Embalagem de 400g,"2,29 €","11,45 €/Kg"
Refrigerante c/ gás light,Coca-Cola,pack 6 x 0.33 l,"0,40 €/L","0,40 €/L"
Chá infusão nº1 relaxplus,Cemporcent,Embalagem de 13g,"0,99 €","76,15 €/Kg"
Spray anti calcário,Cif,Garrafa de 435 ml,"3,19 €","6,38 €/L"
Doce de cereja s/ açúcar adicionado,PorSi,Frasco com 220 g,"2,19 €","9,95 €/Kg"
Álcool canforado 85%,PorSi,Embalagem de 250 ml,"0,85 €","0,85 €/Unidade"
Alimento lácteo morango +8 meses,Yogolino,Embalagem de 4 x 100 g,"2,89 €","7,23 €/Kg"
Fraldas agility T4 de 9 a 15 kg,PorSi,50 unidades,"13,29 €/Unidade","13,29 €/Unidade"
Sabonete líquido para as mãos de coco,Dove,embalagem de 250 ml,"2,18 €/L","2,18 €/L"
Spray recarga limpeza da casa de banho,Cif,embalagem de 70 ml,"0,79 €","0,79 €/L"
Bolachas cream cracker sesamo,Vieira,Embalagem de 186 g,"0,39 €","3,12 €/Kg"
Couve Bróculo,Programa Origens,1 un = 600 g (aprox.),"1,79 €","1,19 €/Kg"
"Cerveja com álcool, lata",Super Bock,Garrafa de 500 ml,"1,99 €/L","1,99 €/L"
Chá quebra pedra planta,Cemporcent,Embalagem de 50g,"0,99 €","76,15 €/Kg"
Detergente Máquina Loiça Pastilhas All in 1 Extra Po...,Sun,76 pastilhas,"2,99 €","2,99 €/Unidade"
Aperitivos tex mex,Doritos,Embalagem de 120g,"0,79 €","7,90 €/Kg"
Massa meada fina,Milaneza,Embalagem de 500g,"0,92 €","10,22 €/Kg"
Chá infusão equinácea e hibisco,Cemporcent,Embalagem de 13g,"0,99 €","76,15 €/Kg"
Tostas de trigo,Diatosta,Embalagem de 225 g,"2,39 €","6,83 €/Kg"
Creme de dia para pele seca,Labell,Embalagem de 50 ml,"2,99 €","59,80 €/L"
Massa de cotovelinhos,PorSi,Embalagem de 500g,"0,92 €","10,22 €/Kg"
Molas plásticas,PorSi,15 unidades,"0,89 €","0,89 €/Unidade"
Aditivo diesel,Redex,Embalagem de 250 ml,"14,99 €","14,99 €/L"
Cerveja c/ álcool,Super Bock,Pack 15 X 0. 33L,"1,99 €/L","1,99 €/L"
Gelatina pronta a comer ananás,Royal,Embalagem de 4 x 100 g,"0,85 €","2,13 €/Kg"
Leite de coco,PorSi,Embalagem de 400 ml,"3,84 €","24,00 €/Kg"
Chá pau d'arco,Cemporcent,Embalagem de 60g,"0,99 €","76,15 €/Kg"
Papel higiénico 2 folhas,PorSi,32 rolos,"5,99 €","5,99 €/Unidade"
Patas,Frango,1 un = 250 gr  (aprox.),"0,60 €","5,99 €/Kg"
Vinho branco península de setúbal,Periquita,Garrafa de 0.75 l,"8,59 €","11,45 €/L"
Jogo Gustavo Caça Insetos,Diset,1 unidade,"9,99 €/Unidade","9,99 €/Unidade"
Bolachas waffers baunilha,PorSi,Embalagem de 210g,"0,98 €","4,67 €/Kg"
Iogurte morango skyr 0%,PorSi Viva Bem,150 g,"5,97 €/Kg","5,97 €/Kg"
Lâmpada LED GU10 4W-35W |Luz Branca,BDC,Embalagem 2 Unidades,"5,99 €","5,99 €/Unidade"
Água de rosas,Hidro,Embalagem de 200 ml,"0,76 €","0,76 €/Unidade"
Creme de coco,Koala,Garrafa de 165 ml,"1,09 €","2,75 €/Kg"
Puzzles Sereia / Lama,Olivo,60 peças,"5,99 €/Unidade","5,99 €/Unidade"
Húngaros,PorSi,Embalagem de 270G,"0,69 €","3,45 €/Kg"
Cereais corn flakes s/ glúten,Nestle,Embalagem de 380g,"1,49 €","2,98 €/Kg"
6 Salsichas de porco,Nobre,Lata de 120g,"0,75 €","3,75 €/Kg"
Moscatel favaios,Favaios,Garrafa de 750 ml,"6,79 €/L","6,79 €/L"
Filetes de pescada,PorSi,Embalagem de 400 g,"3,99 €","9,98 €/Kg"
Biscoitos integrais aveia e cacau,PorSi Viva Bem,Embalagem de 150g,"1,45 €","11,15 €/Kg"
Mopa Maxi XXL + 8 Panos,Swiffer,1 unidade,"1,79 €","1,79 €/Unidade"
Água mineral sem gás,Fastio,Pack 4 x 1.5 l,"1,04 €","0,17 €/L"
Pescada panada em forma de filete,Pescanova,Embalagem de 1 Kg,"3,99 €","9,98 €/Kg"
Queijo manchego D.O.P,PorSi Select,Embalagem de 250g,"2,87 €","15,94 €/Kg"
Açúcar em saquetas,PorSi,Embalagem 1K,"1,49 €","1,49 €/Kg"
Sacos do lixo lavanda 50 litros,PorSi,15 unidades,"1,89 €","1,89 €/Unidade"
"Recarga ambientador, toque&fresh relax zen",Glade,Embalagem de 10 ml,"1,99 €","1,99 €/Unidade"
Salsichas extra suculentas,Nobre,Frasco de 650 g,"0,75 €","3,75 €/Kg"
Grão de bico,PorSi,Embalagem de 820g,"2,19 €","2,81 €/Kg"
Creme vegetal culinário,Vaqueiro,Embalagem de 250 g,"1,39 €","6,95 €/L"
12 Ovos Frescos Classe S,Campovo,Embalagem c/ 12 Unidades,"1,59 €","1,59 €/Unidade"
Ketchup,Calve,Embalagem de 280g,"0,87 €","2,90 €/Kg"
Gel de Duche Creme Care,Nivea,Embalagem de 750 ml,"3,69 €","14,76 €/L"
Sacos lixo eco 100 litros,PorSi,10 unidades,"1,89 €","1,89 €/Unidade"
Bolacha maria dourada,PorSi,Embalagem de 800g,"2,11 €/Kg","2,11 €/Kg"
Inseticida moscas e mosquitos,Dum Dum,Garrafa de 300 ml,"5,09 €","8,48 €/L"
Chocolate Branco Milkybar,Nestle,Embalagem de 100g,"0,99 €","9,90 €/Kg"
Papa infantil não láctea multicereais +6 meses,Cerelac,Embalagem de 250g,"4,99 €","4,99 €/Kg"
Leite aromatizado com sabor a cerea,Mimosa,Embalagem de 200 ml,"1,99 €","2,49 €/L"
Gel desinfectante de mãos,Big Home,236 ml,"33,99 €","33,99 €/Unidade"
Preparado de tarte de flã,PorSi,360 g,"1,69 €","8,45 €/L"
Massa farfalle tricolor,Milaneza,Embalagem de 500g,"0,92 €","10,22 €/Kg"
Vinagre de limpeza,PorSi,Embalagem de 1 l,"0,79 €","0,79 €/L"
Massa alimentícia tortiglioni,Barilla,Embalagem de 500g,"0,92 €","10,22 €/Kg"
"Jogo ""Fake?""",Clementoni,1 unidade,"9,99 €/Unidade","9,99 €/Unidade"
Termo ultra dreno-volume,PLANTANATU,Garrafa de 500 ml,"7,59 €","126,50 €/Kg"
Caramelos de fruta,Penha,Embalagem de 500 g,"1,19 €","4,76 €/Kg"
Puzzle Frozen 2,Clementoni,2 x 60 peças,"5,99 €/Unidade","5,99 €/Unidade"
Preparado para pão de ló,Branca de Neve,Embalagem de 440g,"1,69 €","8,45 €/L"
Queijo da Ilha DOP Cura 4 Meses,São Jorge,Vendido ao peso a partir de 250 gr,"2,87 €","15,94 €/Kg"
Tapetes educativos p/ cães/gatos 60x60cm,PorSi,20 unidades,"8,75 €","8,75 €/Unidade"
"Rolo de cozinha design xxl, 3 rolos",Renova,Embalagem de 3 unidades,"4,99 €","4,99 €/Unidade"
Ovas de bacalhau higienizadas congeladas,*,Vendido ao peso a partir de 250 g,"8,73 €/Kg","8,73 €/Kg"
Chourição Extra Fatiado,Porminho,Embalagem de 80g,"1,35 €","16,88 €/Kg"
Massa de cotovelos grossos,Milaneza,Embalagem de 500g,"0,92 €","10,22 €/Kg"
Clara liquida pasteurizado,Dovo,Embalagem de 320 ml,"1,24 €","3,88 €/L"
Tablete chocolate de iogurte morango,Milka,Embalagem de 100g,"5,30 €/Kg","5,30 €/Kg"
Cerveja,Kings Bräu,Embalagem de 10x25 cl,"1,99 €/L","1,99 €/L"
Vermute rosso,Martini,Garrafa de 0.75 l,"17,09 €","22,79 €/L"
Bolacha diet nature recheio iogurte,Gullon,Embalagem de 220g,"0,79 €","4,49 €/Kg"
Cebola picada,PorSi,Embalagem de 400 g,"1,98 €","1,98 €/Kg"
Chantilly,Royal,Embalagem de 70g,"1,09 €","5,45 €/Kg"
"Tablete de chocolate, black-white",Schogetten,Embalagem de 100g,"5,30 €/Kg","5,30 €/Kg"
Guardanapos com riscas rosa | Dim.: 33 x 33 cm,PorSi,Embalagem com 20 unidades,"1,29 €","1,29 €/Unidade"
Wc lixivia gel pink,Domestos,Garrafa de 750 ml,"1,74 €","0,35 €/L"
Aroma baunilha fr.plast.200ml,Vahine,Garrafa de 200 ml,"1,89 €","17,18 €/Kg"
Água s/ gás,S.estrela,Garrafão de 6L,"1,04 €","0,17 €/L"
Posta de tintureira,PorSi,Embalagem de 500 g,"3,99 €","9,98 €/Kg"
Infusão camomila,Cemporcent,Embalagem de 10 unidades,"64,67 €/Kg","64,67 €/Kg"
Mopa 1.2 spray max,Vileda,1 unidade,"2,20 €","2,20 €/Unidade"
"Toalhitas intimas, 20 unidades",Labell,Uma embalagem,"2,89 €","2,89 €/Unidade"
Autobrilhante Incolor,Búfalo,Embalagem de 50 ml,"2,25 €","45,00 €/L"
C surtido cuetara 420gr.              *8,Cuetara,Embalagem de 420g,"6,83 €/Kg","6,83 €/Kg"
Bolacha golden,Oreo,Embalagem de 154 g,"0,79 €","4,49 €/Kg"
Vinho regional tejo,Plexus,Garrafa de 750 ml,"2,29 €","3,05 €/L"
Nata para culinária ligeira,Mimosa,Embalagem de 200 ml,"0,75 €","3,75 €/L"
Ambientador stick delicias de verão,Air Wick,Embalagem de 1 unidades,"5,99 €","5,99 €/Unidade"
Queijo brie cunhas 60%,President,Embalagem de 200 g,"1,45 €","7,25 €/Kg"
Toalhitas Activity |Recarga,Dodot,Pack: 4x54 unidades,"1,09 €/Unidade","1,09 €/Unidade"
Gel WC Flores,Neoblanc,Embalagem de 700 ml,"2,79 €","3,99 €/L"
Chá preto,Tetley,Embalagem de 20g,"41,67 €/Kg","41,67 €/Kg"
Pasta de atum,Fides,Embalagem de 90g,"1,99 €","22,11 €/Kg"
Pescada da Africa do Sul,Peixe Congelado,Pescado no mar,"3,99 €/Kg","3,99 €/Kg"
Molho inglês,Savora,Garrafa de 120 ml,"0,87 €","2,90 €/Kg"
Tapioca granulada,Cemporcent,Embalagem de 250g,"1,94 €","3,88 €/Kg"
Leite de coco light biológico,Origensbio,Garrafa de 400 ml,"1,59 €","1,59 €/L"
Estojo mandala,*,1 unidade,"19,90 €","19,90 €/Unidade"
Caderno Espiral Capa Dura A4 Quadriculado,Domédia,1 un.,"2,49 €","2,49 €/Unidade"
Achocolatado energy,Cola cao,Embalagem de 750g,"11,23 €/Kg","11,23 €/Kg"
Chá nº. 11 infusão regulamais,Cemporcent,Embalagem de 13g,"0,99 €","76,15 €/Kg"
Gel Banho Excite,Axe,Embalagem de 400 ml,"5,99 €","14,98 €/L"
Capa para tábua metálica,Vileda,1 un.,"16,50 €","16,50 €/Unidade"
Sobremesa gelificada de laranja,PorSi,Embalagem de 4x100g,"0,85 €","2,13 €/Kg"
Sumo 100% maçã,Compal,1 litro,"1,09 €","0,73 €/L"
Caldo de galinha 8 cubos,Knorr,Embalagem de 80g,"3,84 €","24,00 €/Kg"
Vinho regional alentejano tinto,Qta.carmo,Garrafa de 0.75 l,"2,89 €","3,85 €/L"
Detergente manual roupa,PorSi,Embalagem de 650g,"1,19 €","2,98 €/Kg"
Sumo essencial de pêssego,Compal,pack 3 x 0.11 l,"2,29 €","6,94 €/L"
Alimento seco p/ cão sénior,HappyOne,Embalagem de 4 kg,"1,15 €/Kg","1,15 €/Kg"
Spray tira gorduras,Cillitbang,Garrafa de 500 ml,"1,29 €","0,86 €/L"
Vinho branco,Alandra,Garrafa de 750 ml,"1,59 €","2,12 €/L"
Cápsulas de café delta qualidus,Delta Q,Embalagem de 60g,"54,36 €/Kg","54,36 €/Kg"
"Pastilhas fruit, frutos silvestres",Trident,Embalagem de 15 g,"0,89 €","59,33 €/Kg"
Iogurte liquido stracciatella,PorSi,Embalagem de 4 x 160 g,"1,31 €","2,05 €/Kg"
Creme culinário coco,Shoyce,Embalagem de 200 ml,"0,75 €","3,75 €/L"
Entremeada Novilho,Novilho,1 un=150 gr (aprox),"3,45 €","22,99 €/Kg"
Bolacha vitalday aveia e chocolate,Gullon,Embalagem de 240g,"2,82 €","9,40 €/Kg"
Feijão preto,Caçarola,Embalagem de 500 g,"2,78 €/Kg","2,78 €/Kg"
O cacau + cremoso,Cemporcent,Embalagem de 180g,"2,89 €","23,12 €/Kg"
Pasta de Moldar Terracota,DAS,Embalagem com 1 kg,"2,19 €","109,50 €/L"
Leite de coco condensado,Koala,Embalagem de 490 g,"1,09 €","2,75 €/Kg"
Néctar ananás,Compal,pack 3 x 200 ml,"0,99 €","0,99 €/L"
Farinha de soja,Cemporcent,Embalagem de 500g,"1,49 €","3,73 €/Kg"
Bebida espirituosa,1920,Garrafa de 1 l,"11,99 €","17,13 €/L"
Gel de banho extra suave peles sensíveis,Corine de Farme,500 ml,"3,99 €","19,95 €/L"
Comida húmida para cão,PorSi,Embalagem de 300 g,"0,75 €","2,50 €/Kg"
Mimosa proteína cacau,Mimosa,Embalagem de 250 ml,"2,19 €","2,19 €/L"
Bambolitos brancos,PorSi,Embalagem de 150g,"0,69 €","4,60 €/Kg"
Leite corporal,Nivea,Embalagem de 400 ml,"12,48 €/L","12,48 €/L"
Escova de Camurça,Búfalo,Embalagem de 250 ml,"6,19 €","24,76 €/L"
Cereais corn flakes,Kellogg's,Embalagem de 500g,"1,49 €","2,98 €/Kg"
Ambientador spray aerosol white bouquet,Air Wick,Garrafa de 240 ml,"0,99 €","3,30 €/L"
Jenga,Mitama,1 unidade,"9,99 €/Unidade","9,99 €/Unidade"
Cannelloni,Milaneza,Embalagem de 250g,"0,92 €","10,22 €/Kg"
Queijinho petit nesquik,Nestle,Embalagem de 6 x 60 g,"4,23 €/Kg","4,23 €/Kg"
Purificador de água,Tetra,Embalagem de 1 l,"7,99 €","7,99 €/L"
Chá imuno defesas infusão,Cemporcent,Embalagem de 13g,"0,99 €","76,15 €/Kg"
Bolacha maria ruca doses,Vieira,Embalagem de 300g,"2,11 €/Kg","2,11 €/Kg"
Escova Infantil 2-4 Tigre Pooh Suave,Oral B,1 unidade,"2,99 €","2,99 €/Unidade"
Salsicha bockwurst 5 unidades,PorSi,Embalagem de 250g,"0,75 €","3,75 €/Kg"
Esparregado de espinafres sem lactose,PorSi Viva Bem,Embalagem de 360 g,"1,89 €","6,30 €/Kg"
Azeite,Oliveira da Serra,Embalagem de 750 ml,"3,29 €","4,39 €/L"
Leite UHT Meio Gordo,Gresso,Embalagem de 1 l,"0,83 €","0,83 €/L"
Chá hipericão,Cemporcent,Embalagem de 50g,"0,99 €","76,15 €/Kg"
Uno cartas,Mattel,1 unidade,"9,99 €/Unidade","9,99 €/Unidade"
Farinha p/ bolos fina,Nacional,Embalagem de 1Kg,"1,99 €","1,99 €/Kg"
Iogurte natural,PorSi,Embalagem 12 x 125 g,"1,48 €","3,08 €/Kg"
Delícia de bolacha,PorSi,Embalagem de 2x135 g,"0,55 €","2,75 €/Kg"
Bacalhau Especial,Bacalhau da Noruega,1 un = 4 kg (aprox.),"8,73 €/Kg","8,73 €/Kg"
Mousse cabelo caracois,Labell,Embalagem de 200ml,"5,99 €","79,87 €/L"
Néctar classico de ananás,Compal,Garrafa de 200 ml,"0,99 €","0,99 €/L"
Lata de Brilho Castanho,Búfalo,Embalagem de 75 ml,"0,99 €","19,80 €/L"
Bollycao,Bollycao,Embalagem de 2 unidades,"2,05 €","5,13 €/Kg"
Spray de limpeza casa de banho,Seventh Generation,Embalagem de 500 ml,"1,79 €","2,39 €/L"
Açúcar baunilhado,Vahine,Embalagem de 40g,"1,49 €","1,49 €/Kg"
Toucinho Fumado,PorSi,fatiado a partir de 100 gr,"0,89 €","8,89 €/Kg"
Yofu de soja natural,Alpro,Embalagem de 4x125 g,"3,09 €","6,18 €/Kg"
Farinha de centeio,Cemporcent,Embalagem de 500g,"2,29 €","11,45 €/Kg"
Vinho rosé,Lancers,Garrafa 0.75L,"4,29 €","5,72 €/L"
Banda cera facial peles sensíveis,Veet,Embalagem de 20 unidades,"3,11 €","3,11 €/Unidade"
Framboesa mirtilo com xarope de milho,Cemporcent,Embalagem de 230g,"3,99 €","7,98 €/Kg"
Óleo Cedro Spray,PorSi,Embalagem de 250 ml,"4,39 €","14,63 €/L"
Cereais crack star,PorSi,Embalagem de 375 g,"5,07 €/Kg","5,07 €/Kg"
Gelatina de ananás,PorSi,Embalagem de 170g,"0,55 €","61,11 €/Kg"
"Caramelos de fruta, morango single",Sugus,Embalagem de 50g,"1,19 €","4,76 €/Kg"
Chá solúvel alívio respiratório,Cemporcent,Embalagem de 50g,"0,99 €","99,00 €/Kg"
Arroz agulha Europa,PorSi,Embalagem de 1 kg,"1,26 €","1,26 €/Kg"
Farinha láctea cerelac,Cerelac,Embalagem de 500g,"4,99 €","4,99 €/Kg"
Perolas perfumadas floral,PorSi,Embalagem de 275 g,"2,00 €/L","2,00 €/L"
Bolachas waffers chocolate,PorSi,Embalagem de 210g,"0,98 €","4,67 €/Kg"
"Pensos diários maxiplus, 30 unidades",Evax,Uma embalagem,"2,99 €","2,99 €/Unidade"
"Vela com número, nº2",PorSi,1 unidade,"1,09 €","1,09 €/Unidade"
Hamburguers de bovino,PorSi,Embalagem de 1 kg,"2,79 €","8,72 €/Kg"
Iogurte activia líquido 0% morango/kiwi,Danone,Embalagem de 4 x 155 g,"2,49 €","5,19 €/Kg"
Orelhas,Porco,1 un = 250 gr (aprox.),"0,60 €","5,99 €/Kg"
Hambúrguer de caril 2x80g,Veg In,Embalagem de 160g,"1,49 €","3,73 €/Kg"
Depilatório homem gel,Veet,Garrafa de 200 ml,"10,99 €","73,27 €/L"
Louro em folhas,PorSi,30 g,"2,29 €","30,53 €/Kg"
Esfregão Fibra Verde Grande XXL Gama Classic,Scotch-Brite,Embalagem de 1 unidades,"2,54 €","2,54 €/Unidade"
Limpa vidros cristal recarga,Ajax,Embalagem de 500 ml,"3,19 €","6,38 €/L"
Azeitona preta,PorSi,Embalagem de 560 g,"2,19 €","2,81 €/Kg"
Yofu soja e manga sem açúcar adicionado,Alpro,Embalagem de 400g,"3,09 €","6,18 €/Kg"
Película Aderente 60M,PorSi,1 unidade,"1,11 €","1,11 €/Unidade"
Uva Preta s/ Graínha,Vale da Rosa,Embalagem 500g,"0,75 €","2,99 €/Kg"
Chá infusão pernas cansadas,Cemporcent,Embalagem de 13g,"0,99 €","76,15 €/Kg"
Tablete de chocolate de leite,Nestle,Embalagem de 90g,"5,30 €/Kg","5,30 €/Kg"
Chá solúvel verde,Cemporcent,Embalagem de 60g,"0,99 €","76,15 €/Kg"
Creme p/ barrar de chocolate e avelã,Milka,Embalagem de 340g,"4,39 €","12,91 €/Kg"
Bolacha torrada,PorSi,Embalagem de 4 x 200 g,"2,11 €/Kg","2,11 €/Kg"
Longa vida morango tu banana coco 8x120,Longa vida,Embalagem de 960g,"0,69 €","1,38 €/Kg"
Borracha para lápis e tinta,Domédia,1 unidade,"4,69 €","4,69 €/Unidade"
Esfregão Ultra Fresh,Vileda,Embalagem de 2 + 1 Grátis,"2,54 €","2,54 €/Unidade"
Amaciador jasmim e maçã,Surf,90 doses,"8,99 €","2,25 €/L"
Lixívia para roupa delicada,Neoblanc,Embalagem de 2 l,"2,19 €","1,10 €/L"
Bolachas de aveia,Triunfo,Embalagem de 190g,"2,82 €","9,40 €/Kg"
Margarina líquida,Vaqueiro,Embalagem de 500 ml,"2,89 €","2,89 €/Kg"
Amaciador nutri-protec,Labell,Embalagem de 200 ml,"1,00 €","5,00 €/L"
Mostarda de Dijon,PorSi Select,190 g,"0,87 €","2,90 €/Kg"
Lixívia Tradicional,PorSi,Embalagem de 5 l,"1,74 €","0,35 €/L"
Lombinhos,Porco,1 un=500 gr aprox.,"4,29 €","4,29 €/Kg"
Bebida de amêndoa,Frias,Garrafa de 1 l,"3,69 €","3,69 €/L"
Gel wc tripla ação c/ lixívia,Harpic,Garrafa de 750 ml,"1,79 €","2,39 €/L"
Bolachas digestive finas de chocolate negro,Triunfo,Embalagem de 170 g,"0,69 €","4,60 €/Kg"
Máquina de barbear sensor excel universal,Gillette,1 unidade,"1,16 €","4,64 €/L"
Queijo mozzarella fatias,PorSi,Embalagem de 200 g,"1,39 €","6,95 €/Kg"
Tablete de chocolate caramel peanut,Milka,Embalagem de 280g,"4,09 €","14,82 €/Kg"
Refrigerante c/ gás,Pepsi,Pack 6 x 0.33 l,"0,40 €/L","0,40 €/L"
8 salsicha soja,Izidoro,Embalagem de 180g,"1,49 €","3,73 €/Kg"
Spray Limpa Cockpit,Redex,Embalagem de 600 ml + oferta pano micro-fibra,"3,49 €","13,96 €/L"
Atum posta em óleo,Ramirez,Embalagem de 120g,"9,08 €/Kg","9,08 €/Kg"
Lombo assado fatiado,PorSi,150 g,"2,49 €","16,60 €/Kg"
Néctar light de laranja prisma,PorSi,Embalagem de 1 l,"0,84 €","2,55 €/L"
Bebida amêndoa,Shoyce,Embalagem de 1 litro,"2,19 €","2,19 €/L"
Café lote bocage grão,Nicola,Embalagem de 1 kg,"9,16 €/Kg","9,16 €/Kg"
Spray desinfetante elimina odores,Lysol,Embalagem de 400 ml,"1,29 €","0,86 €/L"
Sacos do lixo lavanda 30 litros,PorSi,20 sacos,"1,89 €","1,89 €/Unidade"
"Ambientador automático, fresh matic, pure",Air Wick,1 unidade,"11,99 €","11,99 €/Unidade"
Spray desinfetante casa de banho,Lysol,Embalagem de 500 ml,"1,79 €","2,39 €/L"
Mistura de cogumelos,PorSi,Embalagem de 400g,"1,98 €","1,98 €/Kg"
Açúcar baunilhado,Globo,Embalagem de 70g,"1,49 €","1,49 €/Kg"
Café moagem universal timor,Delta,Embalagem de 220g,"9,16 €/Kg","9,16 €/Kg"
5 douradinhos rústicos,Capitão Iglo,Embalagem de 300g,"1,79 €","7,16 €/Kg"
Recargas ambientador elétrico pure clean linen,Glade,Embalagem de 2 x 20 ml,"11,98 €","11,98 €/Unidade"
Alface Lisa,Programa Origens,1 un = 400 g (aprox.),"1,00 €","2,49 €/Kg"
Achocolatado zero% açúcares,Nesquik,Embalagem de 345g,"11,23 €/Kg","11,23 €/Kg"
Iogurte líquido yoggi morango/banana,Nestle,Embalagem de 4 x 160 g,"1,31 €","2,05 €/Kg"
12 nuggets frango polme americano,Capitão Iglo,Embalagem de 220g,"9,30 €/Kg","9,30 €/Kg"
Inseticida elétrico líquido,Raid,45 noites,"7,69 €","7,69 €/Unidade"
Cha infusão vermelho,Cemporcent,Embalagem com 10 saquetas,"0,99 €","99,00 €/Kg"
Inseticida Elétrico Night&Day Pack Duplo,Raid,Embalagem de 2x300 mg,"7,69 €","7,69 €/Unidade"
Bolachas marinheiras linhaça,Cemporcent,Embalagem de 200 g,"1,45 €","11,15 €/Kg"
Liégeois Sobremesa de Caramelo,Páturages,Embalagem de 4x100 g,"0,55 €","2,75 €/Kg"
"Inseticida recarga, elétrico, 45 noites",Raid,1 unidade,"7,69 €","7,69 €/Unidade"
Guardanapos de papel reciclado,PorSi,100 unidades,"1,29 €","1,29 €/Unidade"
Sopa Rabo de Boi,PorSi,Embalagem 70G,"1,46 €","24,33 €/Kg"
Fel da terra planta inteira,Cemporcent,Embalagem de 40g,"1,94 €","3,88 €/Kg"
Laços tricolores,PorSi,Embalagem de 500 g,"0,92 €","10,22 €/Kg"
Conjunto Fleurs Du Paradis,Coquette,EAU DE TOILETTE 100 ML + R-ON 10 ML,"14,99 €","14,99 €/Unidade"
Creme autobrilhante preto,Splendor,40 ml,"2,25 €","45,00 €/L"
Escova de Dentes Júnior,Aquafresh,1 unidade,"3,49 €","3,49 €/Unidade"
Iogurte natural açucarado,PorSi,Embalagem de 4x125g,"1,48 €","3,08 €/Kg"
5 douradinhos rústicos,Capitão Iglo,Embalagem de 300g,"9,30 €/Kg","9,30 €/Kg"
Sopa de cebola económica,Knorr,Embalagem de 50g,"1,46 €","24,33 €/Kg"
Folha de alumínio,PorSi,30 metros,"1,11 €","1,11 €/Unidade"
Óleo extra virgem de coco,Origensbio,Garrafa de 500 ml,"3,38 €","3,38 €/L"
Lava tudo mosaico,Cif,1.1 L,"4,39 €","14,63 €/L"
Quinoa branca,PorSi Viva Bem,Embalagem de 200 g,"1,39 €","6,95 €/Kg"
Feijao branco fidalgo,Caçarola,Embalagem de 500 g,"2,78 €/Kg","2,78 €/Kg"
Torta cacau com sabor a natas,PorSi,Embalagem de 300g,"2,05 €","5,13 €/Kg"
Infusão de tília,Tetley,Embalagem de 10g,"64,67 €/Kg","64,67 €/Kg"
Elixir total 12H,Colgate,Embalagem de 500 ml,"5,99 €","11,98 €/L"
Creme fixação para dentaduras,Polident,Embalagem de 70 g,"7,39 €","105,57 €/Kg"
Spray limpeza casa de banho optimal 7,Ajax,Embalagem de 500 ml,"1,79 €","2,39 €/L"
Corn flakes,PorSi,Embalagem de 1 kg,"1,49 €","2,98 €/Kg"
Bolsinhas Perfumadas Anti Traça de Lavanda,Dum Dum,34 g,"5,99 €","176,18 €/Kg"
Feijão encarnado,PorSi,Embalagem de 820 g,"2,19 €","2,81 €/Kg"
Lulas recheadas,Piteu,Embalagem de 120g,"9,08 €/Kg","9,08 €/Kg"
Lava Tudo Brilhante Madeira,Sonasol,"embalagem 1,1L","2,49 €","2,49 €/L"
Leite e cereais pijama +6 meses,Cerelac,Garrafa de 400 ml,"4,99 €","4,99 €/Kg"
Café moagem universal angola,Delta,Embalagem de 220g,"9,16 €/Kg","9,16 €/Kg"
Creme Mãos Hidratante,Labell,Embalagem de 100 ml,"2,49 €","41,50 €/L"
Toalhitas,Dodot,4 x 64 un.,"1,09 €/Unidade","1,09 €/Unidade"
Croissant de Manteiga,PorSi,50g,"0,30 €/Unidade","0,30 €/Unidade"
Infusão funcho,Cemporcent,Embalagem de 10 unidades,"64,67 €/Kg","64,67 €/Kg"
Esparguete tricolor,PorSi,Embalagem de 500 g,"0,92 €","10,22 €/Kg"
Fralda Cueca Extra Tamanho 5,Dodot,Embalagem com 52 uni.,"12,99 €","12,99 €/Unidade"
"Repetidor Sinal WIFI, s/Cabos e s/Antenas",Metronic,1 unidade,"16,99 €","16,99 €/Unidade"
Ambientador aerosol pure nenuco,Air Wick,Garrafa de 250 ml,"0,99 €","3,30 €/L"
Palito com pele original style,MCCAIN,Embalagem de 500g,"2,39 €","3,98 €/Kg"
Frutos vermelhos,PorSi,Embalagem de 750 g,"3,29 €","4,39 €/Kg"
Leite infantil 3+ anos sem lactose,Mimosa,Garrafa de 1 l,"0,26 €","1,30 €/L"
Falafel Grão de Bico e Especiarias Green Cuisine,Iglo green,Embalagem de 450g,"1,89 €","6,30 €/Kg"
"Shampoo, laranja",PorSi,Embalagem de 1 l,"3,49 €","13,96 €/L"
Aguadente vinica velha,Património,Garrafa de 0.70 l,"11,49 €","16,41 €/L"
Dawnut Glacé,Pastelaria do Dia,50g,"0,30 €/Unidade","0,30 €/Unidade"
Chá infusão hibisco bio,Cemporcent,Embalagem de 13g,"0,99 €","76,15 €/Kg"
Rolo cozinha compacto 3 folhas,Foxy,1 unidade,"4,99 €","4,99 €/Unidade"
Mini tostas integrais super finas,PorSi,Embalagem de 100 g,"2,39 €","6,83 €/Kg"
Batata Pré-Frita Dauphines,PorSi,500 g,"2,39 €","3,98 €/Kg"
Massa instantânea com sabor a camarão,KOKA,Embalagem de 90g,"0,92 €","10,22 €/Kg"
Bolacha de Manteiga Belga c/ Chocolate Branco,Saborosa,Embalagem de 198 g,"1,69 €","6,76 €/Kg"
Nata pasteurizada,PorSi,Embalagem de 450 ml,"0,75 €","3,75 €/L"
Lixívia Densa + Squeeze Harmonias Florais,Neoblanc,Embalagem de 1 l,"1,74 €","0,35 €/L"
Palmilha recortável antiodor,Sonaf,1 unidade,"4,99 €","99,80 €/L"
Bolacha de canela,Snapy,Embalagem de 250g,"2,11 €/Kg","2,11 €/Kg"
Infusão noite 10x1.5g,PorSi Viva Bem,Embalagem de 15g,"64,67 €/Kg","64,67 €/Kg"
Bombons de Chocolate Leite,Merci,Embalagem de 250 g,"2,19 €","19,21 €/Kg"
Espumante bruto,Cabriz,Garrafa de 750 ml,"6,49 €","8,65 €/L"
Chá camomila,Cemporcent,Embalagem de 40g,"0,99 €","76,15 €/Kg"
Néctar vital equilibrio frutos vermelhos,Compal,Embalagem de 1 l,"0,99 €","0,99 €/L"
Chá verde (cápsulas),Forma+,Embalagem de 16g,"0,99 €","76,15 €/Kg"
Cheerios 375g,Nestle,Embalagem de 380g,"5,07 €/Kg","5,07 €/Kg"
Autobrilhante Preto,Búfalo,Embalagem de 50 ml,"2,25 €","45,00 €/L"
Balde praia dobrável,Gratta,18 x 16 cm,"2,99 €","2,99 €/Unidade"
Desodorizante spray sport 48h,Labell Men,Embalagem de 200 ml,"1,39 €","6,95 €/L"
Tomate pelado,Guloso,Embalagem de 390g,"3,84 €","24,00 €/Kg"
Pão da Avó Alongado,Pão do Dia,1 unidade =400 g,"0,20 €","2,86 €/Kg"
Bolachas com cobertura de chocolate,PorSi,Embalagem de 150g,"0,69 €","4,60 €/Kg"
Acetona,PorSi,Embalagem de 250 ml,"1,09 €","4,36 €/L"
Batata palha finíssima,PorSi Select,Embalagem de 180 g,"0,87 €","5,44 €/Kg"
Massa cuscus,PorSi,Embalagem de 250g,"0,92 €","10,22 €/Kg"
Brandy,Macieira,Garrafa de 1 l,"11,99 €","17,13 €/L"
"Inseticida elétrico, trio, nigth & day",Raid,1 unidade,"7,69 €","7,69 €/Unidade"
Farinha p/ bolos extra fina,Nacional,Embalagem de 1 kg,"1,99 €","1,99 €/Kg"
Vinagre de vinho branco,PorSi,Garrafa de 1 l,"0,35 €","0,70 €/L"
Leite e cereais 8 cereais e mel +6 meses,Cerelac,Garrafa de 400 ml,"4,99 €","4,99 €/Kg"
Lambrusco tinto,*,Garrafa de 750 ml,"2,29 €","3,05 €/L"
Champanhe meio seco,Delagne & Fils,"Garrafa de 0,75 l","40,29 €","53,72 €/L"
Sacos lixo eco com atilho 50 litros,PorSi,15 unidades,"1,89 €","1,89 €/Unidade"
Bolachas integrais,PorSi,Embalagem de 200g,"0,84 €","2,80 €/Kg"
Iogurte pedaços pêssego/alperce,PorSi,Embalagem de 4x125g,"1,44 €","2,88 €/Kg"
Sal Himalaias Grosso,Origens Bio,1 Embalagem 500G,"1,57 €","15,70 €/Kg"
"Creme de rosto de dia revitalift, laser",L'oreal,Embalagem de 50 ml,"2,99 €","59,80 €/L"
Bebida de aveia,Shoyce,Embalagem de 3 x 200 ml,"2,19 €","2,19 €/L"
Creme de dia para pele normal,Labell,Embalagem de 50 ml,"2,99 €","59,80 €/L"
Chá infusão gengibre bio,Cemporcent,Embalagem de 13g,"0,99 €","76,15 €/Kg"
Vinagre vinho branco,PorSi,Garrafa de 500 ml,"0,35 €","0,70 €/L"
Chá infusão mirtilo,Cemporcent,Embalagem de 13g,"0,99 €","76,15 €/Kg"
Massa folhada s/ glúten,Pasta dia,Embalagem de 280g,"0,99 €","4,30 €/Kg"
Cereais fitness chocolate,Nestle,Embalagem de 380g,"3,79 €","29,38 €/Kg"
"Vinho tinto doc dão, reserva",Cabriz,Garrafa de 0.75 l,"7,49 €","9,99 €/L"
Papa infantil para preparar com leite +6 meses,Cerelac,Embalagem de 250g,"4,99 €","4,99 €/Kg"
Gengibre e limão infusão,Cemporcent,Embalagem de 13g,"0,99 €","76,15 €/Kg"
Moscatel do douro aperitivo,Favaito,pack: 10 x 55 ml,"6,79 €/L","6,79 €/L"
Knorr sopa gourmet b.doce e abobora 49gr,Knorr,Embalagem de 70g,"1,46 €","24,33 €/Kg"
Rodelas de linguica 2x75g,Porminho,Embalagem de 2X75G,"2,29 €","15,27 €/Kg"
Probiótico Actimel Natural 0%,Danone,12 x 100 g,"1,48 €","3,08 €/Kg"
Gelatina pronta a comer melancia,Royal,Embalagem de 4 x 100 g,"0,85 €","2,13 €/Kg"
Douradinhos s/glúten,Capitão Iglo,Embalagem de 250g,"9,30 €/Kg","9,30 €/Kg"
"Hamburguers de frango, 4 x 80 g",PorSi,Embalagem de 320g,"2,79 €","8,72 €/Kg"
Pano Microfibras Colors XL,Vileda,Embalagem com 4 un.,"1,79 €","1,79 €/Unidade"
"Saquetas de sais de fruto, laranja",Eno,Embalagem de 50g,"0,58 €","0,58 €/Unidade"
Vinagre vinho branco 500ml,Cristal,Garrafa de 500 ml,"0,35 €","0,70 €/L"
Creme custard baunilha,Condi,Embalagem de 150g,"1,69 €","8,45 €/L"
Conjunto taças com tampa,Renberg,5 unidades,"9,75 €","9,75 €/Unidade"
Líquido wc active clean mint & jasmin,Ambipur,750 ml,"1,79 €","2,39 €/L"
Adoçante em pó,PorSi,250 saquetas,"5,99 €","23,96 €/Kg"
Magnum amêndoa,Olá,Embalagem de 6 x 55 ml,"5,99 €","16,64 €/L"
Estojo plano mirage,*,1 unidade,"19,90 €","19,90 €/Unidade"
Tangram,Diset,1 un.,"7,99 €","7,99 €/Unidade"
Arroz carolino malandrinho,Malandrinh,Embalagem de 1 kg,"1,26 €","1,26 €/Kg"
Sumo clássico 100% maçã,Compal,Garrafa de 200 ml,"1,09 €","0,73 €/L"
Óleo 5w40,Stp,Embalagem de 4 l,"14,99 €","14,99 €/L"
Chá verde,PorSi,Embalagem de 37.5 g,"40,31 €/Kg","40,31 €/Kg"
Creme para calcanhares gretados,Scholl,Embalagem de 60 ml,"4,99 €","99,80 €/L"
Espetadas de Peru,Peru,1 un = 150 gr (aprox.),"1,05 €","2,99 €/Kg"
Fralda Activity T3 - 6 a 10 kg,Dodot,66 unidades,"13,29 €/Unidade","13,29 €/Unidade"
Creme Depilatório Men Peles Sensíveis,Veet,Embalagem de 200 ml,"3,11 €","3,11 €/Unidade"
Pensos higiénicos liberty super abas,Evax,Embalagem com 10 un.,"4,99 €","4,99 €/Unidade"
Café moagem universal portugal,Delta,Embalagem de 250g,"9,16 €/Kg","9,16 €/Kg"
Café em Cápsulas Dolce Gusto Sical,Nescafé,Embalagem de 3x16 cápsulas,"54,36 €/Kg","54,36 €/Kg"
Crackers s/ Sal Superficie,Gran Pavesi,Embalagem de 250g,"0,39 €","3,12 €/Kg"
Farinha coco bio,Origensbio,Embalagem de 250g,"1,39 €","9,27 €/Kg"
Descafeinado,Nestlé,Embalagem de 100 g,"1,59 €","6,36 €/Kg"
Resguardo para mesa,PorSi,Dim.: 140 x 300 cm,"3,45 €","3,45 €/Unidade"
Salsichão vegetal,Veg In,Embalagem de 200g,"4,19 €","20,95 €/Kg"
Pensos higiénicos Cottonlike Super Plus Com Abas,Evax,10 unidades,"4,99 €","4,99 €/Unidade"
Comida húmida para gato esterilizado em molho com sa...,Purina One,4 x 85 g,"3,49 €","10,26 €/Kg"
Sacos lixo com alças 25 litros,PorSi,30 unidades,"1,89 €","1,89 €/Unidade"
Mão,Borrego,1 un = 1 kg (aprox.),"19,49 €","12,99 €/Kg"
Receita caseira de jardineira,Nobre,Embalagem de 420g,"2,35 €","5,60 €/Kg"
Tablete de chocolate leite,Nestle,Embalagem de 130g,"5,30 €/Kg","5,30 €/Kg"
Iogurte líquido infantil morango e banana,PorSi,Pack 6 x 100 g,"1,31 €","2,05 €/Kg"
Condicionador spray penteia fácil,Johnson's Baby,Embalagem de 200 ml,"4,99 €","16,63 €/L"
Nata uht light,Mimosa,Embalagem de 200 ml,"0,75 €","3,75 €/L"
Bebida láctea especial crescimento 1-3 anos,Mimosa,Embalagem de 200 ml,"0,26 €","1,30 €/L"
Bebida coco,Alpro,Embalagem de 1L,"2,49 €","2,49 €/L"
Pá + espanador,PorSi,1 conjunto,"2,20 €","2,20 €/Unidade"
Máquina de barbear c/ 2 recargas de 6 lâminas,Labell Men,,"1,16 €","4,64 €/L"
Sabonete glicerina natural,Palmolive,Embalagem de 90 g,"4,49 €","12,47 €/Kg"
Vinho verde branco,Da Barca,Garrafa de 1 litro (33% grátis),"3,09 €","3,09 €/L"
Desinfetante de frutas e vegetais,Clean Essence,500 ml,"2,49 €/Kg","2,49 €/Kg"
Cápsulas de café qharisma,Delta Q,Embalagem de 60g,"54,36 €/Kg","54,36 €/Kg"
Creme culinário de soja,Shoyce,Garrafa de 200 ml,"1,39 €","6,95 €/L"
Espumante sem álcool para crianças,Look,Garrafa de 750 ml,"0,40 €/L","0,40 €/L"
Fruta para bebé banana maçã +4 meses,Nestle,Embalagem de 90g,"0,74 €","8,22 €/Kg"
Bolachas brownie tubo,Oreo,Embalagem de 150g,"0,79 €","4,49 €/Kg"
Rolo cozinha branco 3 folhas,PorSi,3 rolos,"4,99 €","4,99 €/Unidade"
Filete de anchovas estendidas,General,Embalagem de 40g,"9,08 €/Kg","9,08 €/Kg"
Vinho doc douro tinto,Tellu's,Garrafa de 750 ml,"7,49 €","9,99 €/L"
Sabonete Líquido Sensitive,Dettol,Embalagem de 250 ml,"2,18 €/L","2,18 €/L"
Redex magic spray,Redex,Embalagem de 300 ml,"3,49 €","13,96 €/L"
Leite creme,PorSi,Embalagem de 2x135 g,"0,55 €","2,75 €/Kg"
Sabonete líquido maçãs verdes,Labell,Embalagem de 500 ml,"2,18 €/L","2,18 €/L"
Esferográfica Preta Média,Mab,Embalagem com 4 un.,"2,69 €","2,69 €/Unidade"
"Tira gorduras, recarga",Agerul,Embalagem de 750 ml,"3,99 €","5,32 €/L"
"Néctar pêssego, prisma",PorSi,Embalagem de 1 l,"0,99 €","0,99 €/L"
Desentupidor express gel elimina odores,Destop,1 litro,"3,99 €","5,32 €/L"
Sementes de linhaça dourada,PorSi Viva Bem,Embalagem de 250 g,"1,59 €","10,60 €/Kg"
"Detergente manual de loiça, ultra limão",PorSi,Embalagem de 500 ml,"1,05 €","2,10 €/L"
Marmelada,PorSi,Embalagem de 900g,"1,09 €","2,42 €/Kg"
Esfregona premium 2 em 1 completa,Vileda,1 un.,"3,69 €","3,69 €/Unidade"
Feijão manteiga,Compal,Lata de 410 ml,"2,19 €","2,81 €/Kg"
Dentifríco p/ Dentes de Leite,Aquafresh,Embalagem de 50 ml,"3,29 €","43,87 €/L"
Spray de lavagem a seco denim,Day 2,200 ml,"1,19 €","2,98 €/Kg"
Empada de Frango 60 g,Fornada do Dia,,"0,65 €","0,65 €/Unidade"
Skinny latte sem açúcar e sem lactose,STARBUCKS,embalagem de 220 ml,"2,19 €","2,19 €/L"
Batido de café,Forma+,Embalagem de 700g,"1,99 €","45,23 €/Kg"
Pasta dentífrica herbal,Colgate,Embalagem de 75 ml,"2,29 €","38,17 €/L"
"Gel depilatório, peles sensiveis",Labell,Embalagem de 200 ml,"10,99 €","73,27 €/L"
Pão com Cereais 125 g,Pão do Dia,,"0,20 €","2,86 €/Kg"
Chá solúvel menta,Cemporcent,Embalagem de 45g,"0,99 €","76,15 €/Kg"
Puzzle Animais Disney,Clementoni,2 x 20 peças,"9,99 €/Unidade","9,99 €/Unidade"
Paloco desfiado do pacifico,Peixe Fresco,Embalagem de 400 g,"8,73 €/Kg","8,73 €/Kg"
Sementes de linhaça,Cemporcent,Embalagem de 250G,"1,39 €","9,27 €/Kg"
Acetona,PorSi,Embalagem de 200 ml,"1,09 €","4,36 €/L"
Queijo em fatias,Terra Nostra,Embalagem de 400g,"1,39 €","6,95 €/Kg"
Óleo alimentar,Fula,Embalagem 1L,"3,38 €","3,38 €/L"
Biscoitos de canela,PorSi,Embalagem de 750g,"0,69 €","3,45 €/Kg"
Patê frango,La piara,Embalagem de 80g,"1,99 €","22,11 €/Kg"
Creme Dia Lift + Serum Preenchedor,Diadermine,Embalagem de 50 ml,"2,99 €","59,80 €/L"
Porto 10 anos,Velhotes,Garrafa de 0.75 l,"17,99 €","23,99 €/L"
"Inseticida líquido, elétrico, apa",Raid,Embalagem de 21 ml,"7,69 €","7,69 €/Unidade"
Batatas fritas ketchup,Ruffles,Embalagem de 150g,"1,18 €","6,38 €/Kg"
Pastilhas de Limpeza Dentífrica Branqueadora,Polident,Embalagem com 30 unidades,"7,39 €","105,57 €/Kg"
"Refrigerante com gás, ananás",Sumol,"Garrafa de 1,25 l","0,40 €/L","0,40 €/L"
Café moído torrado aroma bellissimo,Belissimo,Embalagem de 200g,"9,16 €/Kg","9,16 €/Kg"
Recarga Lima Unhas Velvet Smooth,Scholl,Uma unidade,"2,49 €","41,50 €/L"
Couve Roxa,Programa Origens,1 un = 1 kg (aprox.),"1,79 €","1,19 €/Kg"
Arroz agulha América do Sul,PorSi,Embalagem de 1 kg,"1,26 €","1,26 €/Kg"
Cereais Extra Chocolate e Avelã,Kellogg's,Embalagem de 375 g,"2,29 €","6,11 €/Kg"
Leite uht gordo,Mimosa,Embalagem de 1 litro,"1,19 €","1,19 €/L"
Framboesa,PorSi,Embalagem com 125g,"1,99 €","15,92 €/Kg"
Gel de banho nourishing,Dove,Embalagem de 500 ml,"6,49 €","8,65 €/L"
Crocantes de frango original,Iglo,Embalagem de 180g,"9,30 €/Kg","9,30 €/Kg"
Mel,Granja San Francisco,Embalagem de 500g,"4,89 €","9,78 €/Kg"
Leite e cereais bolacha maria +6 meses,Cerelac,Garrafa de 400 ml,"4,99 €","4,99 €/Kg"
Chá infusão cabelo pele e unhas,Cemporcent,Embalagem de 13g,"0,99 €","76,15 €/Kg"
Feijão Verde,Legumes do Dia,1 un = 250 gr  (aprox.),"1,79 €","1,19 €/Kg"
Pastilhas 60 minutos Peppermint Botlle,Trident,Embalagem com 80g,"0,89 €","59,33 €/Kg"
Balde de Limpeza com Espremedor,PorSi,unidade,"2,50 €","2,50 €/Unidade"
Chocolate culinário em pó,Pantagruel,Embalagem de 130g,"1,04 €","8,32 €/Kg"
Refrigerante c/ gás laranja,Fanta,"Garrafa de 1,5 l","0,40 €/L","0,40 €/L"
Pano Microfibras Colors,Vileda,4 unidades,"1,79 €","1,79 €/Unidade"
"Borracha Technic, 600",Maped,embalagem com 2 unidades,"4,69 €","4,69 €/Unidade"
Sabonete leite & mel,Palmolive,Embalagem de 4x90 g,"4,49 €","12,47 €/Kg"
"Velas de aniversário com suporte, 6cm, 24 unidades",Papstar,1 embalagem,"1,09 €","1,09 €/Unidade"
Tablete de chocolate de leite,PorSi Select,Embalagem de 200g,"5,30 €/Kg","5,30 €/Kg"
Soja nacos,PorSi Viva Bem,Embalagem de 400 g,"1,49 €","3,73 €/Kg"
Esfregão c/ Esponja Salva Unhas Ergonómico / Confort...,Scotch-Brite,Embalagem de 2 unidades,"2,54 €","2,54 €/Unidade"
Massa de laços,Milaneza,Embalagem de 500g,"0,92 €","10,22 €/Kg"
Sidra de maçã,Somersby,Lata de 500 ml,"1,59 €","3,18 €/L"
Vinho Regional de Lisboa Rosé,Mundus,"Garrafa de 0,75 l","2,29 €","3,05 €/L"
Papel Anti traça,Raid,2 x 12 unidades,"5,99 €","176,18 €/Kg"
Sumo 100% ananás/uva,PorSi,Pack 3 x 200 ml,"1,09 €","0,73 €/L"
Moelas,Frango,1 un = 200 gr (aprox.),"0,60 €","5,99 €/Kg"
Espinafres folhas natur+ 400g,Bonduelle,Embalagem de 400G,"1,98 €","1,98 €/Kg"
Leite c/ chocolate meio-gordo s/ lactose,Agros,4 x 200 ml,"0,26 €","1,30 €/L"
Soja líquido frutos exóticos,PorSi Viva Bem,Embalagem de 4 x 150 ml,"3,09 €","6,18 €/Kg"
Café solúvel sem cafeína,Nescafe,Embalagem de 20g,"14,50 €/Kg","14,50 €/Kg"
Chá borututu em planta (caixa),Cemporcent,Embalagem de 50g,"0,99 €","76,15 €/Kg"
Anti-humidade + 3 recargas,HUMYDRY,1 embalagem,"7,29 €","7,29 €/Unidade"
Iogurte sabor a coco,PorSi,Embalagem de 4 x 125 g,"0,69 €","1,38 €/Kg"
Amido de milho,PorSi,Embalagem de 400g,"1,89 €","17,18 €/Kg"
Maionese Top Down,Calvé,Embalagem de 753 g,"0,87 €","2,90 €/Kg"
Snack para gato crispies vaca e frango,Felix,Embalagem de 50g,"0,99 €","16,50 €/Kg"
Espremedor,PorSi,1 unidade,"2,50 €","2,50 €/Unidade"
Esferográfica Azul Média,Mab,Embalagem com 4 un.,"2,69 €","2,69 €/Unidade"
Spray anti-bolores,Cif,435 ml,"1,79 €","2,39 €/L"
Massa aletria,PorSi,Embalagem de 500g,"0,92 €","10,22 €/Kg"
Vinho branco península de setúbal,Pioneiro,Garrafa de 0.75 l,"8,59 €","11,45 €/L"
Iogurte arôma de frutos vermelhos,PorSi,Embalagem de 8x125 g,"0,69 €","1,38 €/Kg"
"Palmilha de cortiça com latex, tamanho 42/43",Sonaf,1 unidade,"4,99 €","99,80 €/L"
Biscoitos integrais aveia e cacau,PorSi Viva Bem,Embalagem de 150g,"0,69 €","3,45 €/Kg"
Farinha para bolos super fina,B.neve,Embalagem de 1 kg,"1,99 €","1,99 €/Kg"
Esfregão esponja ergonómico salva unhas,PorSi,Embalagem de 2 unidades,"2,54 €","2,54 €/Unidade"
Vinho do porto lágrima tinto,Ramos Pinto,"Garrafa de 0,75L","6,29 €","8,39 €/L"
Refresco em pó de morango,PorSi,Embalagem de 40g,"0,75 €","18,75 €/Kg"
Espetadas,Porco,1 un = 150 gr (aprox.),"4,29 €","4,29 €/Kg"
Pilha alcalina classic lr6x8,Domédia,1 unidade,"1,75 €","1,75 €/Unidade"
Massa macarronete grande,Milaneza,Embalagem de 500g,"0,92 €","10,22 €/Kg"
Sopa Canja de Galinha c/ Aletria,PorSi,Embalagem de 75 g,"1,46 €","24,33 €/Kg"
Creme Depilatório Peles Sensíveis,Veet,Embalagem de 200 ml,"12,99 €","12,99 €/Unidade"
Chocolate Branco Culinário,Nestlé,Embalagem de 180g,"0,99 €","9,90 €/Kg"
Loção hidratante,Baby Dove,Embalagem de 200 ml,"5,59 €","11,18 €/L"
Massa de espirais,Milaneza,Embalagem de 500g,"0,92 €","10,22 €/Kg"
Salsicha fresca merguez,PorSi,Embalagem de 330 g,"4,19 €","20,95 €/Kg"
Caçarola Alumínio Anti-Aderente 24Cm,PorSi,1 unidade,"9,00 €/Unidade","9,00 €/Unidade"
Leite pasteurizado meio gordo,Vigor,Garrafa de 1 l,"1,09 €","1,09 €/L"
Fralda Cueca Activity Extra Tamanho 4,Dodot,Embalagem com 45 uni.,"12,99 €","12,99 €/Unidade"
Lenços faciais brancos 2 folhas,PorSi,150 unidades,"0,89 €","0,89 €/Unidade"
"Ambientador spray, aerosol, lavanda",Glade,Embalagem de 300 ml,"0,99 €","3,30 €/L"
Pensos para picadas de insetos,PorSi,10 unidades,"0,85 €","0,85 €/Unidade"
Manteiga amendoim crocant,PorSi,Embalagem de 340g,"4,39 €","12,91 €/Kg"
Canja de galinha económica,Knorr,Embalagem de 60g,"1,46 €","24,33 €/Kg"
Cereais fitness chocolate preto,Nestle,Embalagem de 375g,"3,79 €","29,38 €/Kg"
Guardanapos com riscas azuis | Dim.: 33 x 33 cm,PorSi,Embalagem com 20 unidades,"1,29 €","1,29 €/Unidade"
8 salsichas frankfurt,Izidoro,Embalagem de 200g,"0,75 €","3,75 €/Kg"
"Escargots recheio de manteiga, salsa e alho",PorSi Select,89 g,"1,89 €","6,30 €/Kg"
Brócolos congelados,PorSi,Embalagem de 1 kg,"1,98 €","1,98 €/Kg"
Bracelete Desportiva p/ Telemóvel,Jocca,Cor Preto,"4,99 €","20,79 €/Kg"
Danacol frutos exóticos,Danone,Embalagem de 6 x 100 g,"4,15 €/Kg","4,15 €/Kg"
Leite uht c/ chocolate,Ucal,Embalagem de 3 x 250 ml,"0,26 €","1,30 €/L"
Crepe de ovo,PorSi,Embalagem de 540 g,"2,57 €","7,79 €/Kg"
Massa de cotovelos grandes riscados,Milaneza,Embalagem de 500g,"0,92 €","10,22 €/Kg"
Bandida do pomar maçã 4x25cl,Bandida,Garrafa de 1 l,"1,59 €","3,18 €/L"
Aveia natural,Quaker,Embalagem de 500g,"2,69 €","5,38 €/Kg"
Gel de banho bio kids,Corine de Farme,300 ml,"4,99 €","16,63 €/L"
"Espumante Danúbio, Bruto",Danúbio,Garrafa de 75 cl,"6,49 €","8,65 €/L"
Chá cavalinha,Cemporcent,Embalagem de 50g,"0,99 €","76,15 €/Kg"
Alcahfora plus,Forma+,Garrafa de 500 ml,"1,99 €","45,23 €/Kg"
Cominhos moídos,PorSi,Embalagem de 35g,"2,29 €","30,53 €/Kg"
Chantilly,President,Embalagem de 250 g,"0,75 €","3,75 €/L"
Gel Banho My Smoothies,B.U.,Embalagem de 250 ml,"3,69 €","14,76 €/L"
Flocos cereais chocolate,PorSi,Embalagem de 300g,"2,49 €","9,96 €/Kg"
Toalhitas Sensitive |Recarga,Dodot,Pack: 4 x54 unidades,"1,09 €/Unidade","1,09 €/Unidade"
Esponja limpa camurça,PorSi,1 unidade,"6,19 €","24,76 €/L"
Jenga,Mitama,1 unidade,"5,99 €/Unidade","5,99 €/Unidade"
Vinho verde branco,3 marias,Garrafa de 1 l,"3,09 €","3,09 €/L"
Flan de ovos,PorSi,Embalagem 4 x 100 g,"0,55 €","2,75 €/Kg"
Bolachas com recheio baunilha,PorSi,Embalagem de 500g,"2,78 €/Kg","2,78 €/Kg"
Iogurte ananás 000%,PorSi Viva Bem,Embalagem de 4 x 125 g,"1,44 €","2,88 €/Kg"
Tira Nódoas,Sanytol,embalagem com 450g,"10,99 €","52,33 €/Kg"
"Aperitivos, amendoins no forno",Matutano,Embalagem de 200g,"0,79 €","3,95 €/Kg"
Chá infusão digest bio,Cemporcent,Embalagem de 13g,"0,99 €","76,15 €/Kg"
Néctar de romã,Cemporcent,Garrafa de 200 ml,"3,69 €","3,69 €/L"
Toranja,Fruta do Dia,1 un = 300 gr  (aprox.),"0,25 €","1,39 €/Kg"
Tablete de chocolate leite bubbly,Milka,Embalagem de 90g,"5,30 €/Kg","5,30 €/Kg"
Massa linguine,Milaneza,Embalagem de 500g,"0,92 €","10,22 €/Kg"
Lava Tudo Flores Montanha,Sonasol,1.3 l,"0,99 €","0,50 €/L"
Vinagre de limpeza,Dona Pureza,Embalagem de 1 l,"0,79 €","0,79 €/L"
Tablete chocolate creme de cacau,Milka,Embalagem de 100g,"5,30 €/Kg","5,30 €/Kg"
Caderno agrafado A4 pautado,*,1 unidade,"1,09 €","1,09 €/Unidade"
Body Milk Cocoa,Nivea,Embalagem de 250 ml,"12,48 €/L","12,48 €/L"
Martini Riserva Rubino,Martini,Garrafa de 750 ml,"17,09 €","22,79 €/L"
Gelado magnum menta,Olá,Embalagem de 4 x 100 ml,"5,99 €","16,64 €/L"
Alheira Extra Trás os Montes,PorSi,"Vendido ao peso, 1un= 200 gr (aprox.)","1,49 €","7,45 €/Kg"
"Alimento seco para gato adulto, galinha",Whiskas,"Embalagem de 1,75 kg","12,99 €","4,33 €/Kg"
Sopa Creme de Marisco,PorSi,Embalagem de 80 g,"1,46 €","24,33 €/Kg"
"Néctar de alperce, tetra",Compal,pack 3 x 200 ml,"0,99 €","0,99 €/L"
Cocktail mango,Bar Royal,Garrafa de 750 ml,"6,49 €","8,65 €/L"
Infusão pure 10x1.5g,PorSi Viva Bem,Embalagem de 15g,"64,67 €/Kg","64,67 €/Kg"
Cesto para o lixo bancada,PorSi,1 unidade,"2,50 €","2,50 €/Unidade"
Actimel magro natural,Danone,Embalagem de 6 x 100g,"4,15 €/Kg","4,15 €/Kg"
Bolachas chips ahoy,Ca!,Embalagem de 300g,"0,79 €","5,27 €/Kg"
Barras de cereais fitness crunchy & caramelo,Nestle,Embalagem de 140g,"1,70 €","13,08 €/Kg"
Desodorizante de Pés em Creme,Protex,Embalagem de 100 ml,"4,99 €","99,80 €/L"
Lixívia Spray Mousse,Neoblanc,Embalagem de 700ml,"1,74 €","0,35 €/L"
Bandida do pomar frutos vermelhos lata 50cl,Bandida,Garrafa de 500 ml,"1,59 €","3,18 €/L"
"Alimento húmido para gato 7+, aves",Whiskas,Embalagem de 400g,"3,49 €","10,26 €/Kg"
Tampão com Aplicador Compak Super,Tampax,Embalagem com 22 unidades,"3,99 €","3,99 €/Unidade"
Conjunto para bar,Jomafe,4 peças,"0,59 €","7,38 €/Kg"
Bolacha vitalday crocante chocolate,Gullon,Embalagem de 280g,"2,82 €","9,40 €/Kg"
Aguardente,Alma pura,Garrafa de 0.70 l,"11,49 €","16,41 €/L"
Cerveja c/ álcool,Sagres,pack 30 x 0.25 L,"1,99 €/L","1,99 €/L"
Detergentes máquina lavar loiça ecológico,PorSi,26 pastilhas,"2,99 €","2,99 €/Unidade"
Rebuçados peitorais,Villa,Embalagem de 200 g,"0,77 €","3,85 €/Kg"
Iogurtes magros aroma morango,PorSi Viva Bem,Embalagem de 6 x 125 g,"7,66 €/Kg","7,66 €/Kg"
Sangria branca,Casal Garcia,Garrafa de 750 ml,"6,89 €","1,38 €/L"
Mistura para aves,Rac.zezere,Embalagem de 5 kg,"4,24 €","0,85 €/Kg"
Tablete de chocolate leite/amêndoa,Nestle,Embalagem de 120g,"4,09 €","14,82 €/Kg"
Hamburgúer de queijo,Cemporcent,Embalagem de 160g,"0,69 €","0,69 €/Kg"
Limpa injetores diesel,PorSi,Embalagem de 250 ml,"14,99 €","14,99 €/L"
Gel de banho zero pele normal,Sanex,Embalagem de 475ml,"3,69 €","14,76 €/L"
Tortitas de arroz chocolate negro,PorSi Viva Bem,130 g,"1,45 €","11,15 €/Kg"
Refrigerante c/ gás zero,Coca-Cola,pack 4 x 1 l,"0,40 €/L","0,40 €/L"
Doce de abóbora c/ noz,Quinta de Jugais,Embalagem de 280g,"2,19 €","9,95 €/Kg"
Acetona,PorSi,Embalagem de 200 ml,"14,99 €","14,99 €/Unidade"
Yaos magro natural,Nestle,Embalagem de 4x110g,"2,99 €","6,80 €/Kg"
Pensos para bolhas,PorSi,20 unidades,"0,85 €","0,85 €/Unidade"
Inseticida rastejantes com aplicador,Baygon,Embalagem de 400 ml,"5,09 €","8,48 €/L"
Paloco desfiado,PorSi,Embalagem de 500 g,"3,99 €","9,98 €/Kg"
Vinho branco,PorSi,embalagem de 1 litro,"0,85 €/L","0,85 €/L"
Mistura solúvel c/ 20% café pó,PorSi,Embalagem de 200g,"1,64 €","6,56 €/Kg"
Gelatina de morango,Royal,Embalagem de 114g,"0,55 €","61,11 €/Kg"
Feuilletine,Du Bois de la Roche,Embalagem de 135 g,"0,39 €","3,12 €/Kg"
Uno cartas,Mattel,1 unidade,"7,99 €","7,99 €/Unidade"
"Creme de muda de fralda, para bebé",Pommette,Embalagem de 100 ml,"5,59 €","11,18 €/L"
Bolachas marinheiras integrais,Cemporcent,Embalagem de 200g,"1,45 €","11,15 €/Kg"
Gel de Banho Secrets Oil Coconut,Dove,Embalagem de 500 ml,"6,49 €","8,65 €/L"
Hambúrguer de cogumelos,Cemporcent,Embalagem de 160g,"0,69 €","0,69 €/Kg"
"Creme de noite, age perfect",L'oreal,Embalagem de 50 ml,"2,99 €","59,80 €/L"
Massa para lasanha com ovo,Milaneza,Embalagem de 500g,"0,92 €","10,22 €/Kg"
Verdinhos Grandes,Peixe do Dia,1 un= 100 gr (aprox.),"2,79 €/Kg","2,79 €/Kg"
Café torrado e moído 16 pastilhas,Sical,Embalagem de 104g,"54,36 €/Kg","54,36 €/Kg"
Rebuçados de mentol,PorSi,Embalagem de 250g,"0,77 €","3,85 €/Kg"
Vinagre de sidra,PorSi,500 ml,"0,35 €","0,70 €/L"
"Azeitonas pretas sem caroço, frasco de 165 g",PorSi,Embalagem de 165g,"2,19 €","2,81 €/Kg"
Ovos Frescos Omega 3 de Galinhas Solo,PorSi Viva Bem,Embalagem com 6 unidades,"1,24 €","3,88 €/L"
Máquina Depilatória Extra Smooth Sensitive,Gillette,1 unidade,"5,49 €","5,49 €/Unidade"
Pá do Lixo C/ Cabo,PorSi,1 un.,"2,20 €","2,20 €/Unidade"
Massa de estrelinhas,PorSi,Embalagem de 250g,"0,92 €","10,22 €/Kg"
Ketchup picante,Heinz,460 g,"0,87 €","2,90 €/Kg"
"Elixir bocal, menta",Labell,Embalagem de 500 ml,"5,99 €","11,98 €/L"
Mopa ultramax,Vileda,1 unidade,"2,50 €","2,50 €/Unidade"
"Alimento para cão júnior bio complex, com frango",HappyOne,Embalagem de 4 kg,"1,15 €/Kg","1,15 €/Kg"
Tomate seco,PONTI,Embalagem de 280g,"3,84 €","24,00 €/Kg"
Kit de viagem,Colgate,pasta dentífrica + escova,"3,49 €","3,49 €/Unidade"
Limpa vidros boost,Ajax,Embalagem de 500 ml,"3,19 €","6,38 €/L"
Atum em azeite,Ramirez,Embalagem de 120g,"9,08 €/Kg","9,08 €/Kg"
Queijo Flamengo em Barra,Terra Nostra,1 un = 150 gr (aprox.),"1,39 €","6,95 €/Kg"
Alimento lácteo banana +6 meses,Yogolino,Embalagem de 4 x 100 g,"2,89 €","7,23 €/Kg"
Aguardente velha vsop,Antiqua,Garrafa de 700 ml,"11,49 €","16,41 €/L"
Gelatina tutti-fruti,PorSi,Embalagem de 170g,"0,55 €","61,11 €/Kg"
Chá infusão valeriana,Cemporcent,Embalagem de 13g,"0,99 €","76,15 €/Kg"
Chupas geladitos polaretti,Dolfin,Embalagem de 400 ml,"1,99 €","4,98 €/L"
Lava tudo tijoleira,Cif,1.1 L,"4,39 €","14,63 €/L"
Nata uht carbonara,Parmalat,Embalagem de 200 ml,"0,75 €","3,75 €/L"
Tablete de chocolate branco,Schogetten,Embalagem de 100g,"0,99 €","9,90 €/Kg"
Creme para barrar,Nutella,Embalagem de 200 g,"4,39 €","12,91 €/Kg"
Sultana Dourada,PorSi,Embalagem de 200g,"0,79 €","3,95 €/Kg"
Vinho doc dão tinto,Santar,Garrafa de 0.75 l,"7,49 €","9,99 €/L"
Queijo flamengo 0% lactose,PorSi Viva Bem,Embalagem de 150 g,"1,39 €","6,95 €/Kg"
Massa de macarrão riscado,Nacional,Embalagem de 500g,"0,92 €","10,22 €/Kg"
Bolachas digestive go aveia,Triunfo,Embalagem de 170g,"0,84 €","2,80 €/Kg"
Barras de cereais fitness mel e amêndoa,Nestle,Embalagem de 141g,"1,70 €","13,08 €/Kg"
Tablete de chocolate leite com amêndoas,PorSi Select,200 g,"4,09 €","14,82 €/Kg"
Gel Styling Casual Black,Axe,Embalagem de 75 ml,"5,99 €","14,98 €/L"
Whisky,William Lawson's,1 l,"19,99 €","19,99 €/L"
Esparguete,PorSi,Embalagem de 1 kg,"0,92 €","10,22 €/Kg"
Chá infusão sene,Cemporcent,Embalagem de 13g,"0,99 €","99,00 €/Kg"
Chocolate para culinária 85% cacau sem glúten,Regina,embalagem de 200 g,"1,04 €","8,32 €/Kg"
Iogurte pedaços morango,PorSi,Embalagem de 4x125g,"1,44 €","2,88 €/Kg"
Iogurte aroma 0% tutti fruti/coco,Longa vida,Embalagem de 6 x 120 g,"7,66 €/Kg","7,66 €/Kg"
Inseticida Aerossol Rapid Moscas e Mosquitos,Raid,1 Embalagem 600ml,"5,09 €","8,48 €/L"
Pipoca doce para  microondas,PorSi,Embalagem de 300g,"0,79 €","7,90 €/Kg"
Frango Inteiro Grande,Frango,1 un = 1.6 kg (aprox.),"1,05 €","2,99 €/Kg"
Desinfetante álcool gel,PorSi,100 ml,"33,99 €","33,99 €/Unidade"
Bloco sanitário power 5 duo blue water ocean,Domestos,Embalagem de 1 unidades,"2,99 €","74,75 €/Kg"
Molho de nata para carne,Mimosa,Garrafa de 200 ml,"0,87 €","2,90 €/Kg"
Yoco squeezy sabor morango/banana,Nestle,Embalagem de 4 x 80 g,"0,69 €","1,38 €/Kg"
Cápsulas de café qharacter,Delta Q,Embalagem de 60g,"54,36 €/Kg","54,36 €/Kg"
Bagas de goji,Cemporcent,Embalagem de 125 g,"0,79 €","3,95 €/Kg"
Alimento seco p/ cão actividade intensa,PorSi,Embalagem de 4kg,"1,15 €/Kg","1,15 €/Kg"
Mini salsichas cocktail,Nobre,lata de 180g,"0,75 €","3,75 €/Kg"
Sumo maçã,Andros,Embalagem de 1 l,"3,99 €","3,99 €/L"
"12 lápis de cor, 18cm",Domédia,Uma embalagem,"4,69 €","4,69 €/Unidade"
Creme vegetal para culinária,PorSi,Embalagem de 250g,"1,39 €","6,95 €/L"
Yofu com pedaços de morango,Alpro,Embalagem de 4x125 g,"3,09 €","6,18 €/Kg"
"Coloração permanente, vermelho ousado nº5.62",Nutrisse,1 unidade,"5,99 €","5,99 €/Unidade"
Açúcar granulado,Rar,Embalagem de 1kg,"1,49 €","1,49 €/Kg"
Iogurte mix-in kit kat,Nestle,Embalagem de 2 x 115 g,"4,23 €/Kg","4,23 €/Kg"
Crispies de arroz +,Cemporcent,Embalagem de 250g,"1,94 €","3,88 €/Kg"
Detergente líquido p/ máquina lavar roupa cores escu...,Woolite,"Garrafa de 1,65 l","2,00 €/L","2,00 €/L"
Toalhitas Bebé Basic,PorSi,Embalagem de 72 unidades,"1,09 €/Unidade","1,09 €/Unidade"
Legumes verdes para sopa,PorSi,Embalagem de 1 kg,"1,98 €","1,98 €/Kg"
Estojo sk8 pc,*,1 unidade,"19,90 €","19,90 €/Unidade"
Posta Tradicional 9 Meses Cura,Riberalves,Embalagem de 550 g,"5,19 €","10,38 €/Kg"
Chá sabugueiro flor,Cemporcent,Embalagem de 50g,"0,99 €","76,15 €/Kg"
Café moagem grossa bio,PorSi Bio,Embalagem de 250g,"9,16 €/Kg","9,16 €/Kg"
Pudim de leite condensado,Fabridoce,Embalagem de 500 g,"0,59 €","29,50 €/Kg"
Boneca Caty 85 cm,Vicam,1 unidade,"27,99 €/Unidade","27,99 €/Unidade"
Spray power&shine casa de banho,Cif,Garrafa de 750 ml,"0,79 €","0,79 €/L"
Sopa 100% tomate toscana,Knorr,Embalagem de 58g,"1,46 €","24,33 €/Kg"
Le cassoulet,Claude leg,Embalagem de 840g,"2,35 €","5,60 €/Kg"
Espumoso moscato,Selecção de Enófilos,"Garrafa de 0,75 l","3,99 €","5,32 €/L"
Bebida de arroz,Shoyce,Embalagem de 3 x 200 ml,"1,59 €","1,59 €/L"
Pepitas 3 chocos,Vahine,Embalagem de 100g,"1,09 €","5,45 €/Kg"
Café Clássico,PorSi,10 cápsulas,"54,36 €/Kg","54,36 €/Kg"
"Refeição pronta, boião de frango e arroz",Bledina,Embalagem de 200g,"2,19 €","11,53 €/Kg"
Caderno Agrafado Capa Preta |A5 Quadriculado,Domédia,1 unidade,"1,09 €","1,09 €/Unidade"
Farinha,Maizena,Embalagem de 400g,"1,99 €","1,99 €/Kg"
Adoçante c/ doseador,Canderel,Embalagem de 10g,"5,99 €","23,96 €/Kg"
Açucar icing,Rar,Embalagem de 250 g,"1,49 €","1,49 €/Kg"
Lipton limão zero pet,Lipton,Garrafa de 2 l,"1,90 €","1,27 €/L"
Spray de lavagem a seco delicado,Day 2,200 ml,"1,19 €","2,98 €/Kg"
Aperitivos de amendoim com sal e mel,Matutano,Embalagem de 150g,"0,79 €","3,95 €/Kg"
Massa recheada ricota,Knorr,Embalagem de 250 g,"0,92 €","10,22 €/Kg"
Bebida de cereais e café mokambo intenso,Nestle,Embalagem de 180g,"1,64 €","6,56 €/Kg"
"Refresco em pó, ananás",Tang,Embalagem de 30g,"0,75 €","18,75 €/Kg"
Cafe soluvel c/c 200g,Delta,Embalagem de 200g,"14,50 €/Kg","14,50 €/Kg"
Refresco pó laranja e morango,PorSi,Embalagem de 40g,"0,75 €","18,75 €/Kg"
Nata uht light para culinária,PorSi,embalagem de 200 ml,"0,75 €","3,75 €/L"
"Bolachas chiquilin, com 2 chocolates",Artiach,Embalagem de 150g,"2,78 €/Kg","2,78 €/Kg"
Cerveja preta 0.0%,Sagres,Pack 4 x 0.33 l,"5,99 €","3,03 €/L"
Amendoas trituradas 125g,Vahine,Embalagem de 130g,"1,09 €","5,45 €/Kg"
Bolacha Maria,Cuetara,Embalagem de 200g,"2,11 €/Kg","2,11 €/Kg"
Bandas cera depilatórias corpo pele sensível,Labell,40 unidades,"3,11 €","3,11 €/Unidade"
Cera liquida amarela,Novycera,Garrafa de 500 ml,"2,49 €","2,49 €/L"
Pão ralado crocante,ESPIGA,Embalagem de 150g,"0,72 €","3,00 €/Kg"
"Comida húmida para cão adulto com frango, vaca e bor...",Friskies,Embalagem de 400g,"0,75 €","2,50 €/Kg"
Couve Coração Programa Origens,PorSi,1 un = 1 kg (aprox.),"1,79 €","1,19 €/Kg"
Bolachas oreo,Oreo,Embalagem de 440g,"0,79 €","4,49 €/Kg"
12 Preservativos Adapta Finíssimo XL,Control,,"14,99 €","74,95 €/L"
Compak Regular Tampões Com Aplicador,Tampax,22 unidades,"3,99 €","3,99 €/Unidade"
Vinho regional de lisboa tinto,Marginal,Garrafa de 750 ml,"3,99 €","5,32 €/L"
"M&m's drageias de chocolate de leite,",M&m's,Embalagem de 400g,"18,50 €/Kg","18,50 €/Kg"
Palito fry n' dip,MCCAIN,Embalagem de 500g,"2,39 €","3,98 €/Kg"
Chá infusão regulax bio,Cemporcent,Embalagem de 13g,"0,99 €","76,15 €/Kg"
Recarga Desumidificador Basic,HUMYDRY,embalagem de 3 x 250g,"4,99 €","19,96 €/Kg"
Leite Bem Essencial morango,Mimosa,Embalagem de 4 x 200 ml,"1,99 €","2,49 €/L"
Halls Mini Mints Menta,Halls,12.5 g,"2,30 €","57,50 €/Kg"
"Alimento seco para gato adulto, vaca",Whiskas,"Embalagem de 1,75 kg","12,99 €","4,33 €/Kg"
Frutos silvestres lata,Koala,Embalagem de 415 g,"2,79 €","4,92 €/Kg"
Massa filo,JR,Embalagem de 250g,"0,99 €","4,30 €/Kg"
Pudim zero pessego-maracuja 22g,Condi,Embalagem de 20g,"0,59 €","29,50 €/Kg"
"Batata frita wavy, ondulada",PorSi,Embalagem de 90g,"1,01 €","5,46 €/Kg"
"Bolachas, tubo",Oreo,Embalagem de 150g,"0,79 €","4,49 €/Kg"
Bolachas mini alfa,Nacional,Embalagem de 120g,"2,82 €","9,40 €/Kg"
Kiwi categoria II - calibre 30/36,Fruta do Dia,1 un = 150 gr (aprox.),"0,60 €","2,99 €/Kg"
Bacalhau Postas,Riberalves,1 Embalagem 800G,"5,19 €","10,38 €/Kg"
Bifanas,Porco,Vendido ao peso a partir de 1 kg,"4,29 €","4,29 €/Kg"
Spaghetti Al Bronzo,PorSi Select,Embalagem de 500 g,"0,92 €","10,22 €/Kg"
Tostas multicereais sem glúten,PorSi Viva Bem,Embalagem de 140g,"3,49 €","24,93 €/Kg"
Chá infusão são roberto,Cemporcent,Embalagem de 13g,"0,99 €","76,15 €/Kg"
Nata uht,Agros,Garrafa de 200 ml,"0,75 €","3,75 €/L"
Tablete de chocolate,Chabrior,Embalagem de 250 g,"0,69 €","4,60 €/Kg"
Massa linguini com tinta de choco,Milaneza,Embalagem de 500g,"0,92 €","10,22 €/Kg"
Bebida energética tropical edition,Red Bull,Garrafa de 250 ml,"1,39 €","5,56 €/L"
Alheira Especial de Trás-Os-Montes,PorSi,200 g,"1,49 €","7,45 €/Kg"
Infusão principe,Cemporcent,Embalagem de 10 unidades,"64,67 €/Kg","64,67 €/Kg"
Gelatina de frutos tropicais,PorSi,Embalagem 2X85G,"0,55 €","61,11 €/Kg"
Tonic premium indian,Fever-Tree,Garrafa de 500 ml,"1,39 €","5,56 €/L"
Detergente liquido loiça clássico,PorSi,Garrafa de 1 litro,"1,05 €","2,10 €/L"
"Vinagre virgem branco, spray",Paladin,Garrafa de 250 ml,"0,35 €","0,70 €/L"
Laboratório Mecânica Camião de Mina,Clementoni,1 unidade,"11,61 €","11,61 €/Unidade"
Patê de sardinha,PorSi,Embalagem de 65 g,"1,99 €","22,11 €/Kg"
Champô Anti-Caspa,Pantene,360 ml,"5,59 €","13,98 €/L"
Gel de Banho Silk,Dove,Embalagem de 750 ml,"6,49 €","8,65 €/L"
Bolachas com recheio de chocolate,PorSi,Embalagem de 500g,"2,78 €/Kg","2,78 €/Kg"
Feijão verde,PorSi,Embalagem de 750 g,"1,98 €","1,98 €/Kg"
Aipo,Nossa seleção,Vendido ao peso,"0,15 €","2,99 €/Kg"
"Escova de cabelo, pneumática nylon",Labell,Embalagem com 1 unidade,"1,99 €","1,99 €/Unidade"
Lip Gloss #500,Rimmel,1 unidade,"1,15 €","4,60 €/L"
Açúcar granulado embalado em papel,Rar,Embalagem de 1 kg,"1,49 €","1,49 €/Kg"
Tablete de chocolate culinário negro,PorSi,Embalagem de 200 g,"1,04 €","8,32 €/Kg"
The famous grouse ruby cask 700ml/1,F.grouse,Garrafa de 700 ml,"19,99 €","19,99 €/L"
Queijo ovelha curado amanteigado,Seia,Embalagem de 250g,"4,62 €","18,49 €/Kg"
Alho-francês,PorSi,Embalagem de 750 g,"1,98 €","1,98 €/Kg"
Escova e pente,Neo Baby,1 unidade,"5,99 €","5,99 €/Unidade"
Aditivo tira nódoas oxi action pink,Vanish,Embalagem de 800 ml,"9,99 €","36,33 €/Kg"
Cabeça c/ Osso,Porco,1 un = 1.5 kg (aprox.),"0,60 €","5,99 €/Kg"
Nestlé® smarties® drageias de chocolate de leite 38g,SMARTIES,Embalagem de 40g,"18,50 €/Kg","18,50 €/Kg"
Chá infusão nº8 gripal calm,Cemporcent,Embalagem de 13g,"0,99 €","76,15 €/Kg"
Paté Fígado Porco c/ Cogumelos,PorSi,75 g,"1,05 €","6,99 €/Kg"
Vinho maduro tinto,C.da eira,Garrafa de 250 ml,"0,85 €/L","0,85 €/L"
Liquido brilhante sapato preto,PorSi,75 ml,"2,25 €","45,00 €/L"
Magic coberto chocolate leite,Gullon,Embalagem de 240g,"2,78 €/Kg","2,78 €/Kg"
Pano limpa pó de flanela,PorSi,1 unidade,"1,79 €","1,79 €/Unidade"
Pizza de bolonhesa,PorSi,Embalagem de 350g,"2,16 €","6,17 €/Kg"
Creme culinário soja,PorSi Viva Bem,Embalagem de 200 ml,"3,99 €","26,60 €/L"
"Pensos diários, maxi, 40 unidades",Evax,Uma embalagem,"2,99 €","2,99 €/Unidade"
Régua duplo decimetro,CA1,1 unidade,"0,80 €","0,80 €/Unidade"
Collant opac microfibras preto 60D,PorSi,Tamanho: m,"18,99 €","18,99 €/Unidade"
2 crocantes frango recheio queijo&fiambre 204g,Iglo,Embalagem de 200g,"4,99 €","24,95 €/Kg"
Molho bechamel,Parmalat,Embalagem de 200 ml,"0,75 €","3,75 €/L"
Borracha branca gigante,Domédia,1 unidade,"2,19 €","109,50 €/L"
Amendoas em po saq.125g,Vahine,Embalagem de 130g,"1,09 €","5,45 €/Kg"
Papa infantil láctea banana laranja +6 meses,Cerelac,Embalagem de 250g,"4,99 €","4,99 €/Kg"
Leite creme,PorSi,Embalagem de 4x23g,"1,69 €","8,45 €/L"
Rebuçados cristais de neve,PorSi,Embalagem de 250g,"1,15 €","4,60 €/Kg"
Sopa massa e lentilhas,Knorr,Embalagem de 155g,"1,46 €","24,33 €/Kg"
Papel higiénico compacto 2 folhas,PorSi,18 = 36 Rolos,"5,99 €","5,99 €/Unidade"
Papel Anti-traça 4 Seasons,Raid,4 unidades,"5,99 €","176,18 €/Kg"
Difusor elétrico sem fio para pastilhas,Ezalo,Embalagem de 1 unidades,"7,69 €","7,69 €/Unidade"
Liquido em gel para WC Hibisco Rosa,Ambipur,Embalagem de 750 ml,"2,79 €","3,99 €/L"
Arroz Risotto,PorSi,Embalagem de 1 kg,"1,26 €","1,26 €/Kg"
Creme Suavizante Picadas de Insectos,Mercurochrome,Embalagem 50 ml,"0,58 €","0,58 €/Unidade"
Batata frita light,Lay's,Embalagem de 140g,"0,95 €","6,33 €/Kg"
Biscoito para cão strips,Purina One,Embalagem de 90g,"1,09 €","6,06 €/Kg"
Toalhitas bebé natural care,Huggies,3 x 56 unidades,"1,09 €/Unidade","1,09 €/Unidade"
Alimento Húmido p/Gato Salmão,Gourmet Perle,Embalagem de 8x85g,"3,49 €","10,26 €/Kg"
Whisky caskmates,Jameson,Garrafa de 700 ml,"19,99 €","19,99 €/L"
Vela em número nº1,PorSi,1 unidade,"1,09 €","1,09 €/Unidade"
Iogurte líquido yoggi cremoso pêssego/manga,Nestle,Embalagem de 4 x 160 g,"1,31 €","2,05 €/Kg"
Leite bem essencial chocolate,Mimosa,Embalagem de 200 ml,"0,26 €","1,30 €/L"
Lasanha à bolonhesa,PorSi,Embalagem de 400 g,"3,99 €","3,99 €/Kg"
Sobremesa de Arroz Doce,PorSi,Embalagem 2X135G,"0,55 €","2,75 €/Kg"
Néctar clássico pêssego,Compal,200 ml,"0,99 €","0,99 €/L"
Ambientador spray de lavanda,Air Wick,Garrafa de 240 ml,"0,99 €","3,30 €/L"
Sumo natural de maçã bio,Cemporcent,Garrafa de 200 ml,"3,69 €","3,69 €/L"
Árvore de Natal Decorativa,B. Couto,Dim.: 26cm,"14,99 €","14,99 €/Unidade"
Bolachas cream cracker,PorSi,Embalagem de 200g,"0,39 €","3,12 €/Kg"
Espumante tinto bruto,Alianca,Garrafa de 750 ml,"6,49 €","8,65 €/L"
Queijo flamengo fatiado light,Paiva,Embalagem de 180g,"1,39 €","6,95 €/Kg"
Resguardo para mesa,PorSi,Dim.: 140 x 300 cm,"8,99 €","8,99 €/Unidade"
Creme Rosto Dia Pele Mista Antirrugas Q10 Plus,Nivea,Embalagem de 50 ml,"2,99 €","59,80 €/L"
Snack gato sticks carne 6x5g porsi,PorSi,Embalagem de 30g,"0,99 €","16,50 €/Kg"
Flocos de cereais com mel,PorSi,Embalagem de 750g,"2,49 €","9,96 €/Kg"
"Creme depilatório para duche, peles sensiveis",Veet,Garrafa de 150 ml,"10,99 €","73,27 €/L"
Puzzle Frozen 2,Clementoni,2 x 60 peças,"9,99 €/Unidade","9,99 €/Unidade"
Adoçante em pó stevia,PorSi Viva Bem,Embalagem de 17g,"5,99 €","23,96 €/Kg"
Cola universal,Uhu,Embalagem de 20 ml,"2,19 €","109,50 €/L"
Cerveja sem álcool,Cheers,Pack 6 x 0.33 l,"5,99 €","3,03 €/L"
"Vinho branco, denominação de origem controlada, dour...",VILA REAL,Garrafa de 750 ml,"7,49 €","9,99 €/L"
Cereais fitness,Nestle,Embalagem de 630g,"3,79 €","29,38 €/Kg"
Condicionador cabelos loiros,Ultra Suave,Embalagem de 200 ml,"1,00 €","5,00 €/L"
Máquina depilatória Miss Soleil,Bic,3 + 1 unidades,"12,99 €","12,99 €/Unidade"
Spray vitrocerâmica/indução,PorSi,Embalagem de 500 ml,"1,79 €","2,39 €/L"
Toalhitas Bebé Pure Extra Care,Huggies,Embalagem com 3 x 56 unidades,"1,09 €/Unidade","1,09 €/Unidade"
Gelatina pronta a comer light 10 kcal morango,Royal,Embalagem de 4 x 100 g,"0,85 €","2,13 €/Kg"
Lata Cebo Protexol Incolor,Búfalo,Embalagem de 75 ml,"0,99 €","19,80 €/L"
Sortido,Cuetara,Embalagem de 210g,"6,83 €/Kg","6,83 €/Kg"
Massa p/ empada,Pasta dia,Embalagem de 280g,"0,99 €","4,30 €/Kg"
Nutella b-ready t.2,Nutella,Embalagem de 50g,"2,29 €","17,62 €/Kg"
"Pasta dentífrica, proteção branqueador",Labell,Embalagem de 75 ml,"2,29 €","38,17 €/L"
Manteiga magra,Matinal,Embalagem de 250g,"1,89 €","7,56 €/Kg"
Bloco sanitário com suporte azul,WC Pato,Embalagem de 40 g,"2,99 €","74,75 €/Kg"
Mistura solúvel bolero,Nestle,Embalagem de 200g,"1,64 €","6,56 €/Kg"
Caderno Espiral Universal A5 Quadriculado,Domédia,1 un.,"1,09 €","1,09 €/Unidade"
Nuggets pescada panada,Pescanova,Embalagem de 1Kg,"1,79 €","7,16 €/Kg"
Queijo são jorge dop,PorSi Select,Embalagem de 400g,"3,84 €","15,35 €/Kg"
Côco ralado,PorSi,Embalagem de 200g,"1,09 €","5,45 €/Kg"
English breakfast 20 saquetas,Lipton,Embalagem de 40g,"64,67 €/Kg","64,67 €/Kg"
Água s/ gás,Luso,"Garrafa de 5,4 l","1,04 €","0,17 €/L"
Doce arando e mirtilo,ST.DALFOUR,Frasco de 284g,"2,19 €","9,95 €/Kg"
Agrafador alicate essentials nº10,Maped,1 unidade,"0,80 €","0,80 €/Unidade"
Farinha para bolos fina,Branca de Neve,Embalagem de 1 kg,"1,99 €","1,99 €/Kg"
"Luvas multiusos relevo antiderrapante, tamanho peque...",PorSi,Embalagem de 1 unidades,"0,69 €","0,69 €/Unidade"
Tremoço médio,PorSi,Embalagem de 350 g,"2,19 €","2,81 €/Kg"
Formas de alumínio redondas 55 ml,PorSi,20 unidades,"1,40 €","1,40 €/Unidade"
As minhas primeiras receitas - refeição legumes com ...,Nestle,Embalagem de 190g,"2,19 €","11,53 €/Kg"
Chá funcional sono,F+nutrir,Embalagem de 45g,"0,99 €","76,15 €/Kg"
Aguardente vínica velha,Alianca v.,Garrafa de 700 ml,"11,49 €","16,41 €/L"
Café Solúvel Espresso Intenso,Nescafe,Embalagem de 100g,"14,50 €/Kg","14,50 €/Kg"
Vinagre balsâmico branco,Gallo,Garrafa de 250 ml,"0,35 €","0,70 €/L"
Pasta dentífrica gel kids,Labell,Embalagem de 50 ml,"3,29 €","43,87 €/L"
Lixívia Denso-Activa Tradicional p/ Casa e Roupa,Neoblanc,Embalagem de 2 l,"1,74 €","0,35 €/L"
Leite com chocolate,PorSi,Embalagem de 200 ml,"0,26 €","1,30 €/L"
Crackers s/ sal superficie,GRAN PAVES,Embalagem de 560g,"0,39 €","3,12 €/Kg"
Farinheira das beiras,PorSi,Embalagem de 260G,"1,49 €","7,45 €/Kg"
Creme descolorante,Veet,Garrafa de 150 ml,"10,99 €","73,27 €/L"
Palitos redondos,PorSi,200 unidades embalados individualmente,"1,50 €","1,50 €/Unidade"
Queijinho yoco suissi maxi de morango e banana,Nestle,Embalagem de 4 x 90 g,"4,23 €/Kg","4,23 €/Kg"
Gelado magnum pint amêndoas,Olá,Embalagem de 440 ml,"5,49 €","6,10 €/L"
Água sem gás,Vitalis,Garrafa de 0.5 l,"1,04 €","0,17 €/L"
Desentupidor canos,Mr.muscle,Embalagem de 1 l,"3,99 €","5,32 €/L"
Renovador de Camurça em Spray Castanho,Búfalo,Embalagem de 250 ml,"6,19 €","24,76 €/L"
Café em grão,Delta,Embalagem de 250g,"9,16 €/Kg","9,16 €/Kg"
Tostas suecas de trigo,PorSi,Embalagem de 225 g,"2,39 €","6,83 €/Kg"
Caramelos de nata,Werthers,Embalagem de 140g,"2,75 €","11,00 €/Kg"
Vinho tinto regional setúbal,Herdade da comporta,Garrafa de 0.75 l,"8,59 €","11,45 €/L"
Queijo mini,Babybel,Embalagem de 6x20 g,"1,45 €","7,25 €/Kg"
Guardanapos brancos 22x22cm | folha dupla,Renova,90 unidades,"1,29 €","1,29 €/Unidade"
Cabide Anti-Humidade,HUMYDRY,450 g,"7,29 €","7,29 €/Unidade"
Bacalhau desfiado,PorSi,Embalagem de 500g,"5,19 €","10,38 €/Kg"
Aditivo em pó máquina roupa branca,Vanish,Embalagem de 1.2 kg,"9,99 €","36,33 €/Kg"
"12 lápis de cor, 18cm",Domédia,Uma embalagem,"4,39 €","4,39 €/Unidade"
Bebida Energética Apple,Hell,250 ml,"1,39 €","5,56 €/L"
Entremeada s/ Entrecosto,Porco,Vendido ao peso a partir de 1 kg,"4,29 €","4,29 €/Kg"
Pipetas repelente para cão,Repul' 7,Embalagem de 1 unidades,"19,99 €","19,99 €/Unidade"
Cogumelos laminados,PorSi,780 g,"2,19 €","2,81 €/Kg"
Vinho branco arinto bucelas,P.regia,Garrafa de 750 ml,"3,99 €","5,32 €/L"
Topping caramelo,Branca de neve,Embalagem de 380g,"1,09 €","5,45 €/Kg"
Tosta integral,Diatosta,Embalagem de 510 g,"1,34 €","5,96 €/Kg"
"Gel banho, sport for men",Nivea,Embalagem de 250 ml,"3,69 €","14,76 €/L"
Noodle banzai camarão,Cigala,Embalagem de 70g,"0,92 €","10,22 €/Kg"
Detergente pastilhas p/ máquina loiça oxyplus,Super Pop,Embalagem de 45 unidades,"2,99 €","2,99 €/Unidade"
Pão de leite 8 un.,Bimbo,Embalagem de 280g,"7,40 €/Kg","7,40 €/Kg"
Azeite Virgem Extra Clássico,Gallo,Garrafa de 2 l,"3,29 €","4,39 €/L"
Spray optimal 7 cozinha,Ajax,500 ml,"11,99 €","26,64 €/L"
Sacos do lixo jardim 130 litros,PorSi,10 sacos,"1,89 €","1,89 €/Unidade"
Fósforos cozinha,Flamefast,Uma embalagem com 4 unidades,"1,50 €","1,50 €/Unidade"
"Cera cabelo, paste signature",Axe,Embalagem de 75 ml,"5,99 €","79,87 €/L"
Tablete de chocolate culinário branco,PorSi,Embalagem de 180 g,"1,04 €","8,32 €/Kg"
Biscoitos allumettes,Du Bois de la Roche,Embalagem de 135 g,"0,69 €","3,45 €/Kg"
Café moído torrado aroma originale,Belissimo,Embalagem de 200g,"9,16 €/Kg","9,16 €/Kg"
Snacks crocantes com bacon,PorSi,Embalagem de 60g,"0,79 €","7,90 €/Kg"
Lima-limao zero,PorSi,Garrafa de 1.5 l,"0,40 €/L","0,40 €/L"
Óleo Performa 10W40,Galp,Embalagem de 5 l,"14,99 €","14,99 €/L"
Chá fresh preto e limão,Cemporcent,Embalagem de 18g,"44,50 €/Kg","44,50 €/Kg"
Massa pevide,Milaneza,Embalagem de 250g,"0,92 €","10,22 €/Kg"
Caramelos de leite,Penha,Embalagem de 250g,"2,75 €","11,00 €/Kg"
Mostarda a'lancienne,PorSi Select,190 g,"0,87 €","2,90 €/Kg"
Atum filete manjericão + tomate,Tenorio,Embalagem de 120g,"9,08 €/Kg","9,08 €/Kg"
Desinfetante Têxtil,Sanytol,Embalagem de 500 ml,"10,99 €","52,33 €/Kg"
Néctar ananás,PorSi,Pack 3 x 200 ml,"0,99 €","0,99 €/L"
Vinho do Porto Branco,Velhotes,"Garrafa de 0,75 l","11,99 €","15,99 €/L"
Barras de aveia e mel,Nat valley,Embalagem de 210 g,"1,70 €","13,08 €/Kg"
Café solúvel clássico,Nescafe,Embalagem de 200g,"14,50 €/Kg","14,50 €/Kg"
Vinho rosé,Mateus,Garrafa de 750 ml,"4,29 €","5,72 €/L"
Barrita controlo de peso chocolate,Ignoramu,Embalagem de 44g,"1,99 €","45,23 €/Kg"
Queijo ralado mix 3 queijos,PorSi,Embalagem de 200 g,"7,45 €/Kg","7,45 €/Kg"
"Limpa vidros, azul",PorSi,Embalagem de 5 l,"3,49 €","13,96 €/L"
10 saquetas chá frutos vermelhos,Lipton,Embalagem de 10g,"44,50 €/Kg","44,50 €/Kg"
Ice tea pêssego,Lipton,Embalagem de 1L,"1,90 €","1,27 €/L"
Queijo de ovelha curado amanteigado,PorSi Select,250 g,"25,45 €/Kg","25,45 €/Kg"
Papel Higiénico Original 2 folhas,Scottex,Embalagem c/ 16 Rolos,"5,99 €","5,99 €/Unidade"
Café em cápsulas aqtivus,Delta Q,Embalagem de 55 g,"54,36 €/Kg","54,36 €/Kg"
Detergente Máquina Roupa Liquido Bebé,Skip,60 doses,"3,55 €","2,37 €/L"
Refresco em pó de laranja,Tang,Embalagem de 30g,"0,75 €","18,75 €/Kg"
Gel Cabelo Styling Creme Cabelo,Nivea,Embalagem de 150 ml,"5,99 €","14,98 €/L"
Amaciador  p/ roupa concentrado Aromaterapia,PorSi,Embalagem com 60 doses,"3,99 €","3,99 €/Unidade"
Cereais muesli goji e mirtilos,Quaker,Embalagem de 350g,"3,79 €","10,83 €/Kg"
Bolachas crackers s/ sal,Du bois,Embalagem de 500g,"0,39 €","3,12 €/Kg"
"Creme protector contra assaduras, para bebé",Johnson's Baby,Embalagem de 100 ml,"5,59 €","11,18 €/L"
Millet (milho painço),Cemporcent,Embalagem de 500g,"1,94 €","3,88 €/Kg"
Leite condensado magro,Nestle,Embalagem de 390g,"1,09 €","2,75 €/Kg"
Chupas Party Mix,PorSi,150 g,"1,99 €","4,98 €/L"
Sopa de cebola,Knorr,Embalagem de 50g,"1,46 €","24,33 €/Kg"
Chá preto frutos vermelhos,PorSi,Embalagem de 40g,"41,67 €/Kg","41,67 €/Kg"
Estendal de roupa com abas resina,PorSi,20 metros,"0,89 €","0,89 €/Unidade"
Queijo grana padano ralado,Galbani,Embalagem de 60 g,"7,45 €/Kg","7,45 €/Kg"
Gogo SqueeZ Snack Morango,Gogo,Embalagem de 90g,"2,29 €","6,94 €/L"
Bloco Sanitário Poder Activo Aqua,Sonasol,Embalagem de 50 g,"2,99 €","74,75 €/Kg"
"Frutapura pera, banana e alperce",Bledina,Embalagem de 85g,"2,29 €","6,94 €/L"
Morcela vegetal,Veg In,Embalagem de 200g,"1,49 €","7,45 €/Kg"
Conjunto para bar,Jomafe,4 peças,"11,99 €","11,99 €/L"
Flocos de aveia finos integrais,Cemporcent,Embalagem de 400g,"1,19 €","2,98 €/Kg"
Marmelada com frutose,PorSi Viva Bem,Embalagem de 400g,"1,09 €","2,42 €/Kg"
Gelatina de morango,PorSi,Embalagem de 170g,"0,55 €","61,11 €/Kg"
Marmelo,Fruta do Dia,1 un = 250 gr  (aprox.),"0,65 €","2,59 €/Kg"
Bebida Energética Red Grape,Hell,250 ml,"1,39 €","5,56 €/L"
Acetona perfumada com doseador,PorSi,Embalagem de 200 ml,"14,99 €","14,99 €/Unidade"
Recarga p/ Esfregona |Suave,Vileda,,"3,69 €","3,69 €/Unidade"
Snack para cão adulto com frango,Friskies,Embalagem de 200g,"1,09 €","6,06 €/Kg"
Tisana de chá verde/limão light,Pleno,"Garrafa de 1,5 l","1,90 €","1,27 €/L"
Iogurte líquido infantil morango e banana,PorSi,Pack 6 x 100 g,"4,23 €/Kg","4,23 €/Kg"
Pensos diários respirare,Carefree,embalagem com 20 unidades,"2,99 €","2,99 €/Unidade"
"Coloração permanente, castanho claro cobre nº54",Nutrisse,1 unidade,"5,99 €","5,99 €/Unidade"
Aditivo gasolina sem chumbo,Redex,Embalagem de 250 ml,"4,99 €","19,96 €/L"
Tostas multicereais s/ glúten,MUSEU PAO,Embalagem de 140g,"3,49 €","24,93 €/Kg"
Cem porcento chá mistura 2 - controlcol,Cemporcent,Embalagem de 80g,"0,99 €","76,15 €/Kg"
Magnésio + vitaminas,PLANTANATU,Embalagem de 1 unidades,"7,59 €","126,50 €/Kg"
Mousse de chocolate,PorSi,Embalagem de 110 g,"1,19 €","2,59 €/Kg"
Cenoura baby,PorSi,Embalagem de 400 g,"1,98 €","1,98 €/Kg"
Creme Mãos Secrets Abacate,Dove,75 ml,"2,49 €","41,50 €/L"
Iogurte líquido danonino morango,Danone,Embalagem de 4 x 100 g,"4,23 €/Kg","4,23 €/Kg"
Couscous tradicional,Cemporcent,Embalagem de 500g,"1,94 €","3,88 €/Kg"
Palmiers,PorSi,Embalagem de 720 g,"1,69 €","6,76 €/Kg"
Cereais lion chocolate/caramelo,Nestle,Embalagem de 400g,"1,70 €","13,08 €/Kg"
"Salsichas aves, frasco com 5 unidad",Izidoro,Embalagem de 250g,"0,75 €","3,75 €/Kg"
"Vinho branco região da península de setúbal, bag in ...",Dom Campos,Garrafa de 5 l,"9,49 €","1,90 €/L"
Massa talharim,Milaneza,Embalagem de 500g,"0,92 €","10,22 €/Kg"
Massa letras,Nacional,Embalagem de 250g,"0,92 €","10,22 €/Kg"
Bio miolo amendoa compele,PorSi Bio,Embalagem de 100g,"0,79 €","3,95 €/Kg"
Barras de cereais forma clássica,PorSi,Embalagem de 126g,"1,70 €","13,08 €/Kg"
Kit Jardim com 3 Peças,Itools,1 unidade,"4,39 €","4,39 €/Unidade"
Bolacha recheada mega duo chocolate,Gullon,Embalagem de 500g,"2,78 €/Kg","2,78 €/Kg"
Rum anejo especial,Havana,Garrafa de 700 ml,"17,49 €","24,99 €/L"
Lixívia para roupa delicada,Vanish,Garrafa de 2 l,"2,19 €","1,10 €/L"
Pensos Incontinência Homem Men Diário,Tena,14 un.,"1,95 €","1,95 €/Unidade"
Elixir bocal de mentol,Listerine,Embalagem de 250 ml,"5,99 €","11,98 €/L"
Chispalhada,PorSi,Embalagem de 420 g,"2,35 €","5,60 €/Kg"
Brandy  (36º),Macieira,Garrafa de 700 ml,"11,99 €","17,13 €/L"
Tequila,On Off,Garrafa de 70 cl,"11,99 €","11,99 €/L"
Saqueta de puré de fruta | maçã + pera,PorSi,90 g,"0,74 €","8,22 €/Kg"
Anéis Empilháveis,Baby Clementoni,1 unidade,"24,99 €","24,99 €/Unidade"
Tira verniz,Labell,Embalagem de 200 ml,"2,49 €","41,50 €/L"
São roberto planta inteira,Cemporcent,Embalagem de 40g,"0,99 €","76,15 €/Kg"
Batata frita rodelas,PorSi,Embalagem de 2x70g,"1,01 €","5,46 €/Kg"
Infusão Aromatizada Pirâmide Gengibre/Limão,PorSi,20 x 2 g,"64,67 €/Kg","64,67 €/Kg"
Laboratório Mecânica Mars Rover,Clementoni,1 unidade,"9,99 €/Unidade","9,99 €/Unidade"
Inseticida Elétrico Citronela,Dum Dum,1 unidade = 45 noites,"7,69 €","7,69 €/Unidade"
Snack cão dentafresh pequeno,Pedigree,Embalagem de 110 g,"1,09 €","6,06 €/Kg"
Feijão manteiga caçarola,Cacarola,Embalagem de 500g,"2,78 €/Kg","2,78 €/Kg"
Creme vegetal para barrar,PorSi,Embalagem de 500 g,"1,39 €","6,95 €/L"
Kit de viagem,Colgate,pasta dentífrica + escova,"2,29 €","38,17 €/L"
Café moagem normal: original,Buondi,Embalagem de 220g,"9,76 €/Kg","9,76 €/Kg"
Lambrusco rosé,Sorbello,Garrafa de 0.75 l,"2,29 €","3,05 €/L"
Dobrada com feijão,Nobre,Embalagem de 420g,"2,35 €","5,60 €/Kg"
Vinho tinto regional peninsula de setúbal,Fonte nico,Garrafa de 750 ml,"8,59 €","11,45 €/L"
Barras de cereais nesquik,Nestle,Embalagem de 150g,"1,70 €","13,08 €/Kg"
Creme de corpo exfoliante,Labell,Embalagem de 150 ml,"0,76 €","0,76 €/Unidade"
Néctar vital equilibrio manga/laranja,Compal,Embalagem de 1 l,"0,84 €","2,55 €/L"
Batata pom'duchesse,PorSi,Embalagem de 600g,"2,39 €","3,98 €/Kg"
Arroz basmati,PorSi,Embalagem de 1 kg,"1,26 €","1,26 €/Kg"
"Vinho tinto, bag in box",Capela Pias,Garrafa de 5 l,"9,49 €","1,90 €/L"
Danacol natural,Danone,Embalagem de 6 x 100 g,"4,15 €/Kg","4,15 €/Kg"
Chá príncipe,Cemporcent,Embalagem de 40g,"0,99 €","76,15 €/Kg"
Balde + Espremedor,Fapil,unidade,"2,50 €","2,50 €/Unidade"
Bolachas digestive finas de chocolate de leite,Triunfo,Embalagem de 170 g,"0,69 €","4,60 €/Kg"
Ganchos Perfumados Lavanda,Raid,2 unidades,"5,99 €","176,18 €/Kg"
Fralda Cueca DryNites 8 a 15 anos |Menina,Huggies,Embalagem c/ 13 Unidades,"12,99 €","12,99 €/Unidade"
Arroz Thai Jasmim,PorSi,1 kg,"1,26 €","1,26 €/Kg"
Gelado viennetta morango,Olá,Embalagem de 650 ml,"5,49 €","6,10 €/L"
Sumo natural de maçã bio,Cemporcent,Garrafa de 1 l,"3,69 €","3,69 €/L"
Esfregona de Microfibras Completa,PorSi,1 unidade,"3,69 €","3,69 €/Unidade"
Cornflakes sem açúcar,Cemporcent,Embalagem de 250g,"1,19 €","2,98 €/Kg"
Lata de Brilho Incolor,Búfalo,Embalagem de 75 ml,"0,99 €","19,80 €/L"
Bolachas cookies choco xl,Milka,Embalagem de 180g,"0,79 €","5,27 €/Kg"
Gelatina mirtilos,Alsa,Embalagem de 180g,"0,55 €","61,11 €/Kg"
Café torrado classic universal,Delta,Embalagem de 250g,"9,16 €/Kg","9,16 €/Kg"
Infusão lúcia lima,PorSi,Embalagem de 35 g,"64,67 €/Kg","64,67 €/Kg"
Hamburger espinafres,Veg In,Embalagem de 160g,"3,39 €","21,19 €/Kg"
Vinho verde branco,Aveleda,Garrafa de 750 ml,"3,09 €","3,09 €/L"
Cereais estrelitas,Nestle,Embalagem de 550g,"5,07 €/Kg","5,07 €/Kg"
Toalhitas para bebé melão,PorSi,Embalagem de 60 unidades,"1,09 €/Unidade","1,09 €/Unidade"
Camarão 40/60,Congelado de Aquicultura,1 un = 250 gr  (aprox.),"2,00 €","7,99 €/Kg"
Café torrado lote chávena saco,Delta,Embalagem de 250g,"9,16 €/Kg","9,16 €/Kg"
"Spray bronzeador, pele molhada, SPF30",Cabana Sun,Embalagem de 200 ml,"9,99 €","49,95 €/L"
"Salsichas bockwurst em frasco, 8 unidades",Izidoro,Embalagem de 400g,"0,75 €","3,75 €/Kg"
Batata frita light,PorSi,Embalagem de 150g,"0,95 €","6,33 €/Kg"
Palmiers,PorSi,Embalagem de 100g,"1,69 €","6,76 €/Kg"
Creme de Dia Skin Repair,Bioten,Embalagem de 50 ml,"2,99 €","59,80 €/L"
Iogurte 0% pedaços muesli e cereal,Longa vida,Embalagem de 4 x 120 g,"1,44 €","2,88 €/Kg"
Néctar de pêssego,PorSi,Pack 3 x 200 ml,"0,99 €","0,99 €/L"
Guardanapos 2 folhas brancos e dourado,PorSi Select,50 unidades,"1,29 €","1,29 €/Unidade"
5 gouaches de cores primárias,Domédia,Uma embalagem,"4,39 €","4,39 €/Unidade"
Cereais cruesli fruta,Quaker,Embalagem de 380g,"2,29 €","6,11 €/Kg"
Sobremesa gelatina de ananás,PorSi,Embalagem 4X100G,"0,85 €","2,13 €/Kg"
Super Cola para Madeira,Vito,1 unidade,"3,99 €","3,99 €/Unidade"
Manteiga s/ lactose,Primor,Embalagem de 130g,"1,89 €","7,56 €/Kg"
Queijo mozzarella ralado,PorSi,Embalagem de 200 g,"7,45 €/Kg","7,45 €/Kg"
Desodorizante roll-on invisible,Rexona,Embalagem de 50 ml,"4,69 €","31,27 €/L"
Inseticida multi-insectos,Dum Dum,Garrafa de 400 ml,"5,09 €","8,48 €/L"
Leite de coco bio,PorSi Bio,400 ml,"1,57 €","15,70 €/Kg"
Ambientador elétrico baunilha & magnólia asiática,Air Wick,Difusor + Recarga,"11,99 €","11,99 €/Unidade"
Stevia chocolate negro com frutos vermelhos,Cemporcent,Embalagem de 125g,"2,89 €","23,12 €/Kg"
Gel de banho dermo natura creme regenera,Feno,Garrafa de 400 ml,"3,99 €","19,95 €/L"
Tinta Plástica Branca,Marilina,Embalagem de 15 l,"13,99 €","0,93 €/L"
Chouriço Extra do Ribatejo,PorSi,200 g,"2,29 €","15,27 €/Kg"
Farinha láctea 5 frutos,PorSi,Embalagem de 500g,"4,99 €","4,99 €/Kg"
Elixir total proteção placa bacteriana,Colgate,500 ml,"5,99 €","11,98 €/L"
Banana da  Madeira,Fruta do Dia,1 un= 200 gr (aprox.),"0,60 €","2,99 €/Kg"
Dinos cookienss 185g                 *10,Artiach,Embalagem de 190g,"1,89 €","15,75 €/Kg"
Adoçante com doseador,PorSi,Embalagem 100 comprimidos,"5,99 €","23,96 €/Kg"
"Mini rissóis de carne, 20 unidades",PorSi,Embalagem de 300 g,"1,79 €","7,16 €/Kg"
Folhado de salsicha,PorSi,Embalagem de 6x60 g,"1,79 €","7,16 €/Kg"
Porto 10 anos,Valadao,Garrafa de 750 ml,"17,99 €","23,99 €/L"
Resguardo para mesa,PorSi,Dim.: 140 x 200 cm,"3,45 €","3,45 €/Unidade"
Extra vitamina de a a z,PLANTANATU,Embalagem de 1 unidades,"7,59 €","126,50 €/Kg"
Cogumelo branco,*,Embalagem de 300g,"1,79 €","5,97 €/Kg"
Bandas de cera fria facial,Labell,Embalagem com 20 un. + 4 toalhitas de acabamento,"3,11 €","3,11 €/Unidade"
Paté Fígado Porco c/ Vinho do Porto,PorSi,75 g,"1,05 €","6,99 €/Kg"
Chá infusão boldo,Cemporcent,Embalagem de 13g,"0,99 €","76,15 €/Kg"
10 hamburguers 60% carne de bovino,PorSi,Embalagem de 1 kg,"2,79 €","8,72 €/Kg"
"Vinho doc loureiro, verde",Selecção de Enófilos,Garrafa de 0.75 l,"3,09 €","3,09 €/L"
Guitarra,Panda,1 un.,"12,99 €/Unidade","12,99 €/Unidade"
Hambúrguer sementes 2x80g,Veg In,Embalagem de 160g,"1,49 €","3,73 €/Kg"
"Escova de dentes, proteção global média, 2 unidades",Labell,Uma embalagem,"3,49 €","3,49 €/Unidade"
Spray casa de banho brilhante,Sonasol,Embalagem de 500 ml,"0,99 €","0,50 €/L"
Ambientador elétrico sensual sandalwood & jasmine + ...,Glade,1 unidade,"11,99 €","11,99 €/Unidade"
Couve Branca,Programa Origens,1 un = 1.5 kg (aprox.),"1,79 €","1,19 €/Kg"
20 saquetas infusão camomila,Lipton,Embalagem de 10g,"64,67 €/Kg","64,67 €/Kg"
Mix panquecas proteicas,Cemporcent,Embalagem de 500g,"1,94 €","3,88 €/Kg"
Sopa de Cebola,PorSi,Embalagem de 62 g,"1,46 €","24,33 €/Kg"
"Batata frita, receita camponesa",Lay's,Embalagem de 250g,"1,18 €","6,38 €/Kg"
Almofada antialérgica,PorSi,45 x 60 cm,"8,99 €","8,99 €/Unidade"
Esparguete com legumes,Cemporcent,Embalagem de 250g,"1,94 €","3,88 €/Kg"
Lâmpada Moto H4 60/55w 12v,Osram,2 unidades,"4,99 €","19,96 €/L"
Puzzle Mickey e Amigos,Clementoni,2 x 60 peças,"5,99 €/Unidade","5,99 €/Unidade"
Pepitas chocolate com leite,Vahine,Embalagem de 100g,"1,09 €","5,45 €/Kg"
Painho de Sousel,PorSi,"Vendido ao peso, fatiado a partir de 100 gr","2,59 €","12,95 €/Kg"
Infusão de canela,PorSi,Embalagem de 25 saquetas,"64,67 €/Kg","64,67 €/Kg"
Cereais bio chocapic,Nestle,Embalagem de 330g,"1,57 €","15,70 €/Kg"
Lâmpada LED Forma Esférica 5.5W E27 220-240V,Domédia,1 un.,"5,99 €","5,99 €/Unidade"
Chocolate culinário 70% cacau,Pantagruel,Embalagem de 200g,"1,04 €","8,32 €/Kg"
Laranja categoria II,Fruta do Dia,"Vendido ao peso, 1 unidade = 180 g (aprox.)","0,25 €","1,39 €/Kg"
20 saquetas chá de limão,Lipton,Embalagem de 40g,"44,50 €/Kg","44,50 €/Kg"
Doce extra castanha,Bonnemaman,Embalagem de 370g,"2,19 €","9,95 €/Kg"
Arroz carolino vaporizado,Cacarola,Embalagem de 1 kg,"1,26 €","1,26 €/Kg"
Detergente líquido baby,Skip,22 doses,"3,55 €","2,37 €/L"
Bolacha digestiva go canela,Triunfo,Embalagem de 170g,"0,84 €","2,80 €/Kg"
Marcadores para colorir,Domédia,embalagem com 18 unidades,"4,69 €","4,69 €/Unidade"
Vinho Tinto Douro Reserva,Duas Quintas,Garrafa de 750 ml,"3,09 €","3,09 €/L"
Batata palito forno express,MCCAIN,Embalagem de 500g,"2,39 €","3,98 €/Kg"
Cacau em pó,Pantagruel,Embalagem de 130g,"1,04 €","8,32 €/Kg"
Queijo P'tits Fondants 8 Porções,PorSi,Embalagem de 140 g,"0,82 €","23,43 €/Kg"
Bebida de Aveia,PorSi Viva Bem,1 l,"1,59 €","1,59 €/L"
Chá antes refeição infusão,Cemporcent,Embalagem de 13g,"0,99 €","76,15 €/Kg"
Espirais s/ glúten,Milaneza,Embalagem de 500g,"2,69 €","5,38 €/Kg"
Snack para gato original,Felix,Embalagem de 60g,"0,99 €","16,50 €/Kg"
Receita caseira de bolonhesa,Nobre,Embalagem de 420g,"2,35 €","5,60 €/Kg"
Penso de incontinência maxi,Ausonia Discreet,Embalagem de 8 un.,"1,95 €","1,95 €/Unidade"
Luvas Comfort Extra Médias / Grandes,Vileda,1 unidade,"0,69 €","0,69 €/Unidade"
Massa quebrada s/ glúten,Pasta dia,Embalagem de 230g,"0,99 €","4,30 €/Kg"
"Hamburgers de porco, 4x80g",PorSi,Embalagem de 320 g,"2,79 €","8,72 €/Kg"
Leite Limpeza Muito Suave,Mixa,Embalagem de 400ml,"5,59 €","11,18 €/L"
Comida húmida para gato seleção de aves,Gourmet mp,Embalagem de 300g,"3,49 €","10,26 €/Kg"
Doce morango 284g,ST.DALFOUR,Frasco de 284g,"2,19 €","9,95 €/Kg"
Farinha de trigo sem fermento t55,PorSi,Embalagem de 5 kg,"1,99 €","1,99 €/Kg"
Pera Rocha 70/75,Programa Origens,1 un = 150 gr (aprox.),"0,30 €","1,69 €/Kg"
Queijo fatias -50% gordura,Terra Nostra,Embalagem de 400g,"2,39 €","19,92 €/Kg"
Azeite Virgem Extra Suave,Gallo,Garrafa de 750 ml,"3,29 €","4,39 €/L"
Castanhas,PorSi,Embalagem de 500G,"3,29 €","4,39 €/Kg"
Fruta para bebé maçã cenoura manga +6 meses,Nestle,Embalagem de 90g,"0,74 €","8,22 €/Kg"
Manteiga magra meio sal,President,Embalagem de 250g,"1,89 €","7,56 €/Kg"
20 mini rissóis de camarão,PorSi,Embalagem de 300 g,"1,79 €","7,16 €/Kg"
Chocolate em pó 70% cacau,STARBUCKS,Embalagem de 300g,"11,23 €/Kg","11,23 €/Kg"
Bolacha recheada mega duo cacau,Gullon,Embalagem de 500g,"2,78 €/Kg","2,78 €/Kg"
Rebuçados recheio mel,PorSi,Embalagem de 200g,"0,77 €","3,85 €/Kg"
Amaciador roupa concentrado lírios e morango,PorSi,60 doses,"3,99 €","3,99 €/Unidade"
Discos Sanitários Activos Aparelho Marinho,WC Pato,Embalagem de 36 ml,"2,99 €","74,75 €/Kg"
"Comida húmida para cão vaca, frango e borrego",Friskies,Embalagem de 12 x 100 g,"0,75 €","2,50 €/Kg"
"Cobertura tipo chantilly, 2x38g",PorSi,Embalagem de 80g,"1,09 €","5,45 €/Kg"
Creme p/ Calçado Azul,Búfalo,Embalagem de 40 ml,"0,99 €","19,80 €/L"
Caixa de arrumação reciclada,PorSi,20 litros,"17,99 €/Unidade","17,99 €/Unidade"
Infusão de menta,Tetley,Embalagem de 10g,"64,67 €/Kg","64,67 €/Kg"
Bebida de arroz bio,Joya,Embalagem de 3 x 200 ml,"1,59 €","1,59 €/L"
WHISKY MALTE SPEY CASCAD 0.70L,Singleton,Garrafa de 700 ml,"27,49 €","39,27 €/L"
15 douradinhos,Capitão Iglo,Embalagem de 420g,"1,79 €","7,16 €/Kg"
Chá pés de cereja,Cemporcent,Embalagem de 45g,"0,99 €","76,15 €/Kg"
8 nuggets ervilha - green cuisine,Iglo green,Embalagem de 250g,"1,89 €","6,30 €/Kg"
Chá infusão ginkgo biloba,Cemporcent,Embalagem de 13g,"0,99 €","76,15 €/Kg"
Farinha de milho 500g,ESPIGA,Embalagem de 500g,"1,99 €","1,99 €/Kg"
Leite infantil 3+ anos sem lactose,Mimosa,Garrafa de 1 l,"2,19 €","2,19 €/L"
Balde ecologic,Vileda,1 unidade,"2,50 €","2,50 €/Unidade"
Paes de leite 10unid 350g,H.delicia,Embalagem de 350 g,"7,40 €/Kg","7,40 €/Kg"
Gelatina de melancia,Koala,Embalagem de 130g,"0,85 €","2,13 €/Kg"
Queijo fatias -50% gordura,Terra Nostra,Embalagem de 400g,"1,39 €","6,95 €/Kg"
Creme para barrar,Nutella,Embalagem de 600g,"4,39 €","12,91 €/Kg"
"Creme para mãos, caixa familiar",Nivea,Embalagem de 250 ml,"2,49 €","41,50 €/L"
Ração para gato júnior com frango,Purina One,Embalagem de 800 g,"12,99 €","4,33 €/Kg"
Vinho rosé,Gatão,Garrafa de 0.75 l,"4,29 €","5,72 €/L"
Feijão catarino,PorSi,Embalagem 500G,"2,78 €/Kg","2,78 €/Kg"
Lindahls pro+ liq tropical,Lindahls,Garrafa de 330 ml,"1,31 €","2,05 €/Kg"
Chá infusão pau d'arco,Cemporcent,Embalagem de 13g,"0,99 €","76,15 €/Kg"
Chá solúvel apetite control,Cemporcent,Embalagem de 50g,"0,99 €","76,15 €/Kg"
Atum posta em óleo,General,Embalagem de 110g,"9,08 €/Kg","9,08 €/Kg"
Milho doce,PorSi,Embalagem de 400 g,"1,98 €","1,98 €/Kg"
"Compal vital laranja, cenoura e manga",Compal,Garrafa de 200 ml,"0,99 €","0,99 €/L"
Massa linguini al pesto,Milaneza,Embalagem de 500g,"0,92 €","10,22 €/Kg"
Massa macarronete riscado,PorSi,Embalagem de 500g,"0,92 €","10,22 €/Kg"
Chá infusão celulite,Cemporcent,Embalagem de 13g,"0,99 €","76,15 €/Kg"
Rebuçados peitorais,Dr.bayard,Embalagem de 100g,"0,77 €","3,85 €/Kg"
Rebucado mentol 250g,Vieira,Embalagem de 250g,"0,77 €","3,85 €/Kg"
Chá tetley supertea sweetdreams 10x20x2g,Tetley,Embalagem de 40g,"0,99 €","76,15 €/Kg"
Leite Hidratante Delicadeza de Aveia,Ultra Suave,Embalagem de 400 ml,"12,48 €/L","12,48 €/L"
Lixívia com detergente,PorSi,Embalagem de 2 l,"2,59 €","1,30 €/L"
Massa recheada carne,Knorr,Embalagem de 250 g,"0,92 €","10,22 €/Kg"
Ayam leite de coco,Ayam,Garrafa de 200 ml,"1,69 €","8,45 €/L"
Nata uht p/ bater 0% lactose,Parmalat,Embalagem de 200 ml,"0,75 €","3,75 €/L"
Chá infusão folha de oliveira,Cemporcent,Embalagem de 13g,"0,99 €","76,15 €/Kg"
Queijo p/ barrar s/ lactose,Philadelph,Embalagem de 150g,"4,68 €","11,70 €/Kg"
Iogurte Oikos de Ananás,Danone,Embalagem de 4x110g,"2,99 €","6,80 €/Kg"
Cereais recheados com chocolate e avelã,PorSi,Embalagem de 400g,"5,07 €/Kg","5,07 €/Kg"
"Massa, estrelinhas",Milaneza,Embalagem de 250g,"0,92 €","10,22 €/Kg"
Xarope grenadine,Paquito,Garrafa de 750 ml,"4,89 €","6,61 €/L"
Iogurte morango 000%,PorSi Viva Bem,Embalagem de 4 x 125 g,"7,66 €/Kg","7,66 €/Kg"
Sumo natural de uva preta bio,Cemporcent,Garrafa de 1 l,"3,69 €","3,69 €/L"
Leite UHT Morango sem Lactose,Mimosa,Pack 3 x 250 ml,"1,99 €","2,49 €/L"
Baby Fruta,Baby Clementoni,1 unidade,"9,99 €/Unidade","9,99 €/Unidade"
"Lenços de bolso, mentol, 10 unidades",Renova,Uma embalagem de 6x10,"0,89 €","0,89 €/Unidade"
Massa cuscus,Milaneza,Embalagem de 250g,"0,92 €","10,22 €/Kg"
Alimento seco p/ cão croquetes vaca,Pedigree,Embalagem de 3 kg,"1,15 €/Kg","1,15 €/Kg"
Infusão carqueja,Cemporcent,Embalagem de 10 unidades,"64,67 €/Kg","64,67 €/Kg"
"Acendalha branca, 32 cubos",PorSi,Uma embalagem,"0,75 €","0,75 €/Unidade"
Bolacha vitalday frutos vermelhos,Gullon,Embalagem de 240g,"2,82 €","9,40 €/Kg"
Leite uht meio gordo,Serraleite,Embalagem de 1 l,"0,83 €","0,83 €/L"
Caramelos de nata,PorSi,Embalagem de 250g,"2,75 €","11,00 €/Kg"
Manteiga fácil de barrar,President,Embalagem de 250g,"1,89 €","7,56 €/Kg"
Bebida energética a-zero,Monster,Garrafa de 500 ml,"1,39 €","5,56 €/L"
Gel de banho naturals amêndoa e leite,Palmolive,500 ml,"3,69 €","14,76 €/L"
Bio miolo amendoa compele,PorSi Bio,Embalagem de 100g,"1,57 €","15,70 €/Kg"
Carro da polícia,Pinypon Action,1 unidade,"5,99 €/Unidade","5,99 €/Unidade"
Whisky 10 anos,Bushmills,Garrafa de 700 ml,"27,49 €","39,27 €/L"
Gel de banho nourishing,Dove,Embalagem de 500 ml,"3,99 €","19,95 €/L"
Queijo creme de ervas finas,Philadelph,Embalagem de 150g,"4,68 €","11,70 €/Kg"
Creme vegetal para culinária,PorSi,Embalagem de 1 kg,"2,89 €","2,89 €/Kg"
Tira nódoas em spray,Skip,Embalagem de 500 ml,"9,99 €","36,33 €/Kg"
Cereais cookie crisp,Nestle,Embalagem de 380g,"5,07 €/Kg","5,07 €/Kg"
Palito la reine,PorSi,Embalagem de 400 g,"0,69 €","3,45 €/Kg"
Guardanapos Decorados,Scottex,Embalagem 50 Unidades,"1,29 €","1,29 €/Unidade"
Bloco Sanitário Ativo Lavanda,Sonasol,Embalagem de 50 g,"2,99 €","74,75 €/Kg"
Rebuçados mentho-lyus sem açúcar,Halls,Embalagem de 31 g,"0,77 €","3,85 €/Kg"
Esfregão de Teflon,Fino,1 unidade,"2,54 €","2,54 €/Unidade"
Chá infusão branco,Cemporcent,Embalagem de 15g,"0,99 €","76,15 €/Kg"
Bolachas starship tradicional,PorSi,Embalagem de 150g,"0,79 €","5,27 €/Kg"
Baguete de alho,Panike,Embalagem de 350g,"3,40 €/Kg","3,40 €/Kg"
Detergente máquina lavar roupa tira nódoas,Xau+vanish,102 doses,"2,00 €/L","2,00 €/L"
Queijo mozzarella light ralado,PorSi Viva Bem,Embalagem de 150 g,"2,39 €","19,92 €/Kg"
Vinho Vinha da Fonte Setúbal branco,Casa Ermelinda Freitas,Garrafa de 0.75 l,"8,59 €","11,45 €/L"
3 Pipetas de Repelente p/ Gato,Repul'7,1 unidade,"19,99 €","19,99 €/Unidade"
Queijo flamengo fatias light,PorSi,Embalagem de 200g,"1,39 €","6,95 €/Kg"
Pão de forma sem côdea,Panrico,Embalagem de 650g,"1,49 €","6,77 €/Kg"
Massa instantânea com sabor a galinha,KOKA,Embalagem de 90g,"0,92 €","10,22 €/Kg"
Couve Flor,Programa Origens,1 un = 1 kg (aprox.),"1,79 €","1,19 €/Kg"
Vinagre de vinho tinto,Cristal,Garrafa de 500 ml,"0,35 €","0,70 €/L"
Aditivo em gel máquina roupa branca,Vanish,Embalagem de 1.6 litros,"9,99 €","36,33 €/Kg"
Oatibix aveia,Weetabix,Embalagem de 500g,"2,29 €","11,45 €/Kg"
"Paezinhos azeite, alho e salsa",PorSi,Embalagem de 160g,"2,39 €","6,83 €/Kg"
Leite condensado cozido,PorSi,Embalagem de 397 g,"1,09 €","2,75 €/Kg"
Refrigerante sem gás frutos tropicais,Trina,"Garrafa de 1,5 l","1,90 €","1,27 €/L"
Panaché,Kings Bräu,"Embalagem de 10x0,25 l","1,59 €","3,18 €/L"
Fio dental gentle suave,Sensodyne,1 unidade,"3,49 €","3,49 €/Unidade"
Caramelos e rebuçados,PorSi,Embalagem de 200g,"1,19 €","4,76 €/Kg"
Linhaça dourada moída,Cemporcent,Embalagem de 200g,"2,29 €","11,45 €/Kg"
Sopa da pedra,PorSi,Embalagem de 420 g,"2,35 €","5,60 €/Kg"
Polvo limpo,PorSi,Embalagem de 800 g,"9,59 €","11,99 €/Kg"
Queijo ilha ralado,PorSi,Embalagem de 200g,"7,45 €/Kg","7,45 €/Kg"
Sabonete,Feno,Embalagem de 4x90 g,"4,49 €","12,47 €/Kg"
"Pimenta preta, moída, em frasco",PorSi,Embalagem de 43 g,"2,29 €","30,53 €/Kg"
Café torrado 5 estrelas moagem normal,Sical,Embalagem de 250g,"9,16 €/Kg","9,16 €/Kg"
Pastilhas limão,Smint,Embalagem de 35 g,"2,30 €","57,50 €/Kg"
Atum filete azeite biológico,Tenorio,Embalagem de 120g,"9,08 €/Kg","9,08 €/Kg"
Pó de talco,PorSi,Embalagem de 250g,"5,59 €","11,18 €/L"
Spray de lavagem a seco,Day 2,200 ml,"1,19 €","2,98 €/Kg"
Lixívia Roupa delicada,PorSi,Embalagem de 2 l,"2,19 €","1,10 €/L"
Guardanapos Red Label 1 Folha |Verde,Renova,Dim: 30x32cm |70 unidades,"1,29 €","1,29 €/Unidade"
Folha de alumínio,Vileda,50 metros,"1,11 €","1,11 €/Unidade"
Bol agua s. dose integral 186g,Vieira,Embalagem de 180g,"0,84 €","2,80 €/Kg"
Nectar multivitaminas,Paquito,Embalagem de 2 l,"0,99 €","0,99 €/L"
Feijão com dobrada,PorSi,Embalagem de 420 g,"2,35 €","5,60 €/Kg"
Leite creme,Royal,Embalagem de 90g,"0,79 €","5,27 €/Kg"
Água Mineral Natural 100% Reciclada,Vitalis,Garrafa de 1.5 l,"1,04 €","0,17 €/L"
Caçarola Alumínio Anti-Aderente 26Cm,PorSi,1 unidade,"9,00 €/Unidade","9,00 €/Unidade"
Papaia em calda,Globo,Embalagem de 425g,"2,79 €","4,92 €/Kg"
Batata frita de presunto,PorSi,Embalagem de 185 g,"1,18 €","6,38 €/Kg"
vinho do Porto Ruby,Velhotes,"garrafa de 0,75 l","6,29 €","8,39 €/L"
Maçã Granny Smith 70+,Fruta do Dia,1 un = 150 gr (aprox.),"0,30 €","1,69 €/Kg"
Fralda Cueca de Banho 12 a 18 kg,Huggies,Embalagem com 11 un.,"12,99 €","12,99 €/Unidade"
Bolacha com aveia,PorSi,Embalagem de 300 g,"0,84 €","2,80 €/Kg"
"Sumo 100%, laranja",PorSi,"Embalagem de 1,5 l","1,09 €","0,73 €/L"
Pantagruel leite caramelo (10x),Pantagruel,Embalagem de 200g,"1,04 €","8,32 €/Kg"
Muesli original,Alpen,Embalagem de 550g,"3,79 €","10,83 €/Kg"
10 salsichas de porco em lata,PorSi,Embalagem de 250G,"0,75 €","3,75 €/Kg"
Cogumelos Granel,Legumes do Dia,1 un = 200 gr (aprox.),"1,79 €","5,97 €/Kg"
Whisky 8 anos,Grant's,Garrafa de 0.70 l,"27,49 €","39,27 €/L"
"Vela em número,  nº 0",PorSi,1 unidade,"1,09 €","1,09 €/Unidade"
Detergente para loiça plus + citrinos,Super Pop,Embalagem de 1L,"1,05 €","2,10 €/L"
Café solúvel intenso,Delta,Embalagem de 100g,"14,50 €/Kg","14,50 €/Kg"
Puzzle Patrulha Pata,Clementoni,2 x 20 peças,"5,99 €/Unidade","5,99 €/Unidade"
Bolacha waffer bites avelã,Waferland,Embalagem de 125g,"0,98 €","4,67 €/Kg"
Bolachas Vitalday crocantes aveia e chocolate de lei...,Gullon,Embalagem de 300g,"2,78 €/Kg","2,78 €/Kg"
12 douradinhos forníssimo,Capitão Iglo,Embalagem de 300g,"9,30 €/Kg","9,30 €/Kg"
Hambúrguer mediterrânico,Cemporcent,Embalagem de 160g,"0,69 €","0,69 €/Kg"
Mistura vegetais para wok,PorSi,Embalagem de 750g,"1,98 €","1,98 €/Kg"
Espuma de barbear para peles sensíveis,Labell Men,Embalagem de 250 ml,"1,16 €","4,64 €/L"
Mistolin advanced anticalcário,Mistolin,Garrafa de 500 ml,"1,79 €","2,39 €/L"
Snack para gato mixed grill,Felix,Embalagem de 60 g,"0,99 €","16,50 €/Kg"
Recarga para balde com pedal 2 em 1,Vileda,1 unidade,"3,69 €","3,69 €/Unidade"
"Inseticida eléctrico, recarga, night&day",Raid,1 unidade,"7,69 €","7,69 €/Unidade"
Manga Refrigerante p/ Garrafas,AR,1 unidade,"10,90 €","10,90 €/Unidade"
"Óleo Spray Seco, SPF15",Cabana Sun,Embalagem de 200 ml,"7,59 €","37,95 €/L"
Toping chocolate milka,Royal,Embalagem de 300g,"1,09 €","5,45 €/Kg"
Bolacha de milho sem sal bio,Cemporcent,Embalagem de 110g,"1,45 €","11,15 €/Kg"
Mopa Maxi XXL + 8 Panos,Swiffer,1 unidade,"2,20 €","2,20 €/Unidade"
Marcadores para colorir,Domédia,embalagem com 18 unidades,"4,39 €","4,39 €/Unidade"
Chouriço Extra Allnatural Fatiado,Elpozo,1 Embalagem 80G,"1,35 €","16,88 €/Kg"
"Alimento húmido para cão, molho",César,Embalagem de 4x100 g,"0,75 €","2,50 €/Kg"
Batata frita ondulada wavy,PorSi,Embalagem de 185 g,"1,01 €","5,46 €/Kg"
Uva Red Globe,Fruta do Dia,1 un = 250 gr  (aprox.),"0,75 €","2,99 €/Kg"
Farinha s/ fermento tipo 65,ESPIGA,Embalagem de 1 kg,"1,99 €","1,99 €/Kg"
Chá infusão drena & limpa,Cemporcent,Embalagem de 13g,"0,99 €","76,15 €/Kg"
Spray para vidros,PorSi,750 ml,"3,19 €","6,38 €/L"
Manteiga de amendoim crocante,Prozis,Embalagem de 500g,"3,99 €","7,98 €/Kg"
Ambientador aerossol 5 em 1 flor laranjeira,PorSi,300 ml,"0,99 €","3,30 €/L"
O Fantástico Mundo dos Dinossauros,Science4You,1 un.,"9,99 €/Unidade","9,99 €/Unidade"
Água mineral sem gás,Serra de Fafe,Embalagem de 6x0.5l,"1,04 €","0,17 €/L"
Óleo Multigasolina 20W40,Galp,Embalagem de 5 l,"14,99 €","14,99 €/L"
Toalha em rolo papel bordeau,PorSi,1 Unidade,"3,45 €","3,45 €/Unidade"
Bolacha infantil dinossaurus mini dino cereais,Artiach,Embalagem de 120g,"1,89 €","15,75 €/Kg"
Bife do Lombo,Novilho,1 un= 150 gr (aprox.),"3,45 €","22,99 €/Kg"
Cadbury Milk Fingers,Cadbury,Embalagem de 114G,"2,19 €","19,21 €/Kg"
Empadas soja,PorSi Viva Bem,Embalagem de 260g,"1,49 €","3,73 €/Kg"
Recarga Esfregona de Microfibras,PorSi,1 unidade,"3,69 €","3,69 €/Unidade"
Refrigerante c/ gás laranja,Sumol,Garrafa de 500 ml,"0,40 €/L","0,40 €/L"
Lula recheada com carne,PorSi,Embalagem de 500 g,"1,89 €","6,30 €/Kg"
Chá infusão açaí,Cemporcent,Embalagem de 13g,"0,99 €","76,15 €/Kg"
Pipocas doces,Orcape,Embalagem de 100g,"0,79 €","7,90 €/Kg"
Mortadela fatiada com azeitonas,PorSi,Embalagem de 200 g,"1,05 €","6,99 €/Kg"
Feijão vermelho,Caçarola,Embalagem de 500 g,"2,78 €/Kg","2,78 €/Kg"
Barras de cereais forma arandos,PorSi,6 x 21 g,"1,70 €","13,08 €/Kg"
Água Micelar Vitamina C,Garnier,Embalagem de 400 ml,"0,76 €","0,76 €/Unidade"
Creme abrasivo limão,Cif,Garrafa de 700 ml,"0,99 €","1,32 €/L"
Manteiga amendoim cremosa,PorSi,Embalagem de 340g,"4,39 €","12,91 €/Kg"
Gelado carte d'or chocolate brownie,Olá,Embalagem de 900 ml,"5,49 €","6,10 €/L"
Pensos higiénicos liberty normal abas,Evax,Embalagem com 12 un.,"4,99 €","4,99 €/Unidade"
Party & Co Family,Diset,,"9,99 €/Unidade","9,99 €/Unidade"
Vinho verde,Felgueiras,Garrafa de 0.75 l,"3,09 €","3,09 €/L"
Lambrusco tinto,Sorbello,Garrafa de 0.75 l,"2,29 €","3,05 €/L"
Lava tudo antibacteriano herbal,PorSi,Garrafa de 1.5 l,"0,99 €","0,50 €/L"
Autobrilhante Branco,Búfalo,Embalagem de 50 ml,"2,25 €","45,00 €/L"
"Gel para o cabelo, wet shine",Fru style,Embalagem de 200 ml,"5,99 €","79,87 €/L"
Aperfeiçoador BB Cream Médio,Garnier,Embalagem de 50 ml,"2,99 €","59,80 €/L"
Vassoura Simples Pluma,PorSi,unidade,"2,20 €","2,20 €/Unidade"
Adoçante em pó stevia,PorSi Viva Bem,Embalagem de 250 g,"5,99 €","23,96 €/Kg"
Vela em número nº9,PorSi,1 unidade,"1,09 €","1,09 €/Unidade"
Detergente máquina loiça tudo em 1 limão,Sun,70 pastilhas,"2,99 €","2,99 €/Unidade"
Chocolate culinário,Nestle,Embalagem de 200g,"1,04 €","8,32 €/Kg"
Leite em pó continuação 2 pro alfa,Nutriben,Embalagem de 800g,"23,99 €","29,99 €/Kg"
Batatas forno ervas,Lay's,Embalagem de 130g,"1,18 €","6,38 €/Kg"
Iogurte activia natural,Danone,Embalagem de 4 x 120 g,"2,49 €","5,19 €/Kg"
Leite Corporal Multiconforto Intensivo Pele Seca,Mixa,Embalagem de 250ml,"12,48 €/L","12,48 €/L"
Bolacha maria oro +33% grátis,Cuetara,Embalagem de 800g,"2,11 €/Kg","2,11 €/Kg"
Atum posta ao natural,Bom petisc,Embalagem de 120 g,"9,08 €/Kg","9,08 €/Kg"
Gin dry bombay(40º) 0.70l,Bombay,Garrafa de 700 ml,"19,79 €","19,79 €/L"
Barrinhas pescada sem glúten,Pescanova,Embalagem de 300g,"1,79 €","7,16 €/Kg"
Papa infantil não láctea 8 cereais e mel +6 meses,Cerelac,Embalagem de 250g,"4,99 €","4,99 €/Kg"
Bolachas cream cracker,PorSi,Embalagem de 600g,"0,39 €","3,12 €/Kg"
Luvas descartáveis extra long m/g,Vileda,10 unidade,"0,69 €","0,69 €/Unidade"
Collant opac micro 60d cast xl,PorSi,Embalagem de 1 unidades,"18,99 €","18,99 €/Unidade"
Notas Post-it,Post-It,1 unidade,"2,19 €","109,50 €/L"
Spray renova camurça preta,PorSi,Embalagem de 200 ml,"6,19 €","24,76 €/L"
Tablete de chocolate preto,Nestle,Embalagem de 130g,"16,67 €/Kg","16,67 €/Kg"
Bolacha maria,Cuetara,Embalagem de 3 x 200 g + 33% grátis,"2,11 €/Kg","2,11 €/Kg"
"Vinho rosé, região península de setúbal, bag in box",Dom Campos,Garrafa de 5 l,"9,49 €","1,90 €/L"
Máquina depilação descartável Simply Venus 2,Gillette,3 Unid. + 1 Grátis,"5,49 €","5,49 €/Unidade"
Bolachas cereais passas e laranja,PorSi,Embalagem de 300 g,"0,79 €","5,27 €/Kg"
"Queijo light, mini",Babybel,Embalagem de 120g,"2,39 €","19,92 €/Kg"
Gel de Banho Secrets Oil Coconut,Dove,Embalagem de 500 ml,"3,99 €","19,95 €/L"
Gomas tijolos ácidos,PorSi,Embalagem de 300 g,"1,19 €","3,97 €/Kg"
Recarga mopa,PorSi,1 unidade,"3,69 €","3,69 €/Unidade"
Demaquilhante Dupla Ação,Nivea,1 embalagem de 125g,"0,76 €","0,76 €/Unidade"
Adoçante com doseador,PorSi,Embalagem de 66g,"5,99 €","23,96 €/Kg"
Dentifríco 2 em 1 original,Theramed,Embalagem de 75 ml,"3,39 €","45,20 €/L"
Halls vita c morango sem açúcar,Halls,Embalagem de 32 g,"0,77 €","3,85 €/Kg"
Elixir Nightly Reset,Listerine,400 ml,"5,99 €","11,98 €/L"
"Loção Solar Spray, SPF30",Cabana Sun,Embalagem de 200 ml,"7,59 €","37,95 €/L"
Dentífrico Complete Elixir e Branqueador,Oral B,Embalagem de 75 ml,"2,29 €","38,17 €/L"
"Inseticída, vaporizador, extra gt",Biokill,Garrafa de 380 ml,"5,09 €","8,48 €/L"
Chocolate culinário em pó,PorSi,Embalagem de 125 g,"1,04 €","8,32 €/Kg"
Ambientador arbre magique côco,Arbre Magique,1 unidade,"1,99 €","1,99 €/Unidade"
"Recarga ambientador eléctrico, alfazema",PorSi,Embalagem de 25 ml,"11,98 €","11,98 €/Unidade"
Almôndegas bolonhesa,Iglo,Embalagem de 400g,"2,79 €","8,72 €/Kg"
Prince biscuit-sandwich chocolate chocolate r,PRINCE,Embalagem de 300g,"2,78 €/Kg","2,78 €/Kg"
Refrigerante com gás guaraná,Antartica,"Garrafa de 1,5 l","0,40 €/L","0,40 €/L"
Marmelada,Quinta de Jugais,Embalagem de 500g,"1,09 €","2,42 €/Kg"
Água s/ gás,Fastio,Garrafa de 1 l,"1,04 €","0,17 €/L"
Gel de banho corpo e cabelo,Corine de Farme,500 ml,"3,99 €","19,95 €/L"
Queijo snack gouda,PorSi,Embalagem de 100g,"1,39 €","6,95 €/Kg"
Mistura solúvel mokambo,Nestle,Embalagem de 200g,"1,64 €","6,56 €/Kg"
Pilha alcalina classic lr14x2,Domédia,1 unidade,"1,75 €","1,75 €/Unidade"
Mistura de frutos exóticos,PorSi,Embalagem de 450 g,"3,29 €","4,39 €/Kg"
Cenoura,PorSi,1 un = 100 gr  (aprox.),"0,79 €/Kg","0,79 €/Kg"
Aguardente bagaceira,Dinastia,"Garrafa de 0,70 l","11,49 €","16,41 €/L"
Flocos de trigo integral,Cemporcent,Embalagem de 400g,"1,19 €","2,98 €/Kg"
"Pasta de arquivo, lombada estreita, azul",Domédia,1 unidade,"2,49 €","2,49 €/Unidade"
Tablete triple chocolate,Milka,Embalagem de 90g,"5,30 €/Kg","5,30 €/Kg"
Massa quebrada,Pasta dia,Embalagem de 230g,"0,99 €","4,30 €/Kg"
Feijão encarnado,PorSi,Embalagem de 420 g,"2,19 €","2,81 €/Kg"
Achocolatado em saco,Nesquik,Embalagem de 1 kg,"11,23 €/Kg","11,23 €/Kg"
"Escova de cabelo, Pontas Nylon Premium",Labell,Uma unidade,"1,99 €","1,99 €/Unidade"
"Bloco sanitário blue activ, eucalio",Sonasol,Embalagem de 50 g,"2,99 €","74,75 €/Kg"
"Palmilha de cortiça com látex, tamanho 36/37",Sonaf,1 unidade,"4,99 €","99,80 €/L"
Massas alimentícias laços,PorSi,Embalagem de 500g,"0,92 €","10,22 €/Kg"
"Inseticida max, concentrado sensitive",Dum Dum,Garrafa de 400 ml,"5,09 €","8,48 €/L"
Alecrim,Margao,Embalagem de 20g,"2,29 €","30,53 €/Kg"
Mandioca,Legumes do Dia,1 un=500 gr (aprox.),"2,49 €/Kg","2,49 €/Kg"
Chá infusão verde e mel,Cemporcent,Embalagem de 15g,"0,99 €","76,15 €/Kg"
Bolacha maria ruca doses,Vieira,Embalagem de 300g,"1,89 €","15,75 €/Kg"
Queijo fresco petits suisses  40% mg,Páturages,Embalagem 6X60G,"4,23 €/Kg","4,23 €/Kg"
Saco Térmico Flexível Vermelho,Campingaz,1 unidade (cap.:15L),"12,00 €","12,00 €/Unidade"
Ice tea limão,Lipton,pack 6 x 0.25 l,"1,90 €","1,27 €/L"
Rolo de Cozinha Gigaroll Branco,Renova,1 Rolo,"4,99 €","4,99 €/Unidade"
Salsichas de porco,Nobre,Lata de 250g,"0,75 €","3,75 €/Kg"
Natas uht com cogumelos,Parmalat,Embalagem de 200 ml,"0,75 €","3,75 €/L"
Abobora cubos,PorSi,Embalagem de 500g,"1,98 €","1,98 €/Kg"
Sangria tinta,PorSi,Garrafa de 1.5 litros,"6,89 €","1,38 €/L"
Autocarro Formas e Cores,Baby Clementoni,1 unidade,"12,99 €/Unidade","12,99 €/Unidade"
Néctar light manga/laranja,Compal,330 ml,"0,84 €","2,55 €/L"
Vinagre de sidra pet,Paladin,Garrafa de 500 ml,"0,35 €","0,70 €/L"
Cerveja branca,E.damm,Pack 6 x 0.25 l,"1,99 €/L","1,99 €/L"
Salpicão soja e seitan - enchido 100% vegetal,Cemporcent,Embalagem de 200g,"0,69 €","0,69 €/Kg"
Tampões Super Plus Compak Pearl,Tampax,16 unidades,"3,99 €","3,99 €/Unidade"
Lava tudo limão verde,Cif,"Garrafa de 1,4 l","0,99 €","0,50 €/L"
"Rebuçados de fruta, diamante",PorSi,Embalagem de 200 g,"2,30 €","57,50 €/Kg"
Pomada para calçado preto,Splendor,lata com 50 ml,"0,99 €","19,80 €/L"
5 folhas de gelatina incolor,PorSi,Embalagem de 9 g,"0,55 €","61,11 €/Kg"
Chá infusão hortelã-pimenta,Cemporcent,Embalagem de 13g,"0,99 €","76,15 €/Kg"
Caramelos de fruta,PorSi,Embalagem de 250g,"1,19 €","4,76 €/Kg"
Bolachas extra pepitas xl,Ca!,Embalagem de 180g,"2,78 €/Kg","2,78 €/Kg"
Pudim de baunilha,PorSi,Embalagem de 90g,"0,59 €","29,50 €/Kg"
Luvas Universal Pequeno/Médio,Vileda,1 unidade,"0,69 €","0,69 €/Unidade"
Pensos Incontinência Mulher Discreet Normal Night,Tena,10 unidades,"1,95 €","1,95 €/Unidade"
Lava tudo lavanda,Cif,"Garrafa de 1,4 l","0,99 €","0,50 €/L"
Biscoitos de cacau,PorSi,Embalagem de 750g,"0,69 €","3,45 €/Kg"
Pudim baunilha,Boca Doce,Embalagem de 20g,"0,59 €","29,50 €/Kg"
"Bolachas, cobertura com chocolate branco",Oreo,Embalagem de 250g,"0,69 €","4,60 €/Kg"
Puré de cenoura e abóbora,Bonduelle,Embalagem de 420g,"1,89 €","6,30 €/Kg"
Mel em frasco de vidro,Jorge v.f.,Embalagem de 500g,"4,89 €","9,78 €/Kg"
Bebida de soja de amêndoa,Alpro,Embalagem de 1 litro,"2,49 €","2,49 €/L"
Fio dentario 50m,Colgate,1 unidade,"3,49 €","3,49 €/Unidade"
Maçã Royal Gala 70/75,Programa Origens,1 un = 150 gr (aprox.),"0,30 €","1,69 €/Kg"
Lixívia perfumada,PorSi,Embalagem de 5 l,"2,59 €","1,30 €/L"
Pringles original,Pringles,Embalagem de 175g,"1,01 €","5,46 €/Kg"
Vinho doc alentejo tinto,T.bolotas,Garrafa de 0.75 l,"2,89 €","3,85 €/L"
Pescoços,Frango,1 un = 200 gr (aprox.),"0,60 €","5,99 €/Kg"
Sumo 100% maçã e frutos vermelhos,Compal,1 litro,"1,09 €","0,73 €/L"
Vassoura exterior alta,PorSi,Unidade,"2,20 €","2,20 €/Unidade"
Miolo camarao gig.15/30 250g,Pescanova,Embalagem de 250 g,"8,99 €","25,69 €/Kg"
Profiteroles de nata,PorSi Select,Embalagem de 330 g,"2,57 €","7,79 €/Kg"
Vulcão Jurássico,Science4You,Uma unidade,"24,99 €","24,99 €/Unidade"
Nutripuffs de banana 8 meses s/ açúcar,Cerelac,Embalagem de 7g,"0,74 €","8,22 €/Kg"
Pré-lavagem power gel,Vanish,Garrafa de 200 ml,"2,00 €/L","2,00 €/L"
Sopa tomate,PorSi,Embalagem de 85g,"1,46 €","24,33 €/Kg"
"Coloração permanente, caramelo avelã, nº 6.41",Excellence,1 unidade,"5,99 €","5,99 €/Unidade"
Guardanapos Olé Branco 1 Folha,Renova do Bem,Dim.: 30x30cm,"1,29 €","1,29 €/Unidade"
Vinho DOC Dão Tinto,Dharma,"Garrafa de 0,75 L","7,49 €","9,99 €/L"
Desinfetante p/ Roupa,Sanytol,embalagem com 500ml,"10,99 €","52,33 €/Kg"
20 saquetas infusão marrocos,Lipton,Embalagem de 40g,"64,67 €/Kg","64,67 €/Kg"
Água mineral sem gás,Serra de Fafe,"Embalagem de 6x0,33 l","1,04 €","0,17 €/L"
Minifresh-ambientador multiusos,Abelhinha,1 unidade,"1,99 €","1,99 €/Unidade"
Cubos pão trigo tostado,PorSi,Embalagem de 150g,"2,39 €","6,83 €/Kg"
Aguarelas 30mm x 12,Giotto,1 unidade,"4,69 €","4,69 €/Unidade"
Esparguete integral,Cemporcent,Embalagem de 500g,"1,94 €","3,88 €/Kg"
Gelado magnum pint clássico,Olá,Embalagem de 440 ml,"5,49 €","6,10 €/L"
"Escova dentes, rotativa global, dura, 2 unidades",Labell,1 embalagem,"3,49 €","3,49 €/Unidade"
Pudim de leite condensado,Fabridoce,Embalagem de 500 g,"1,69 €","8,45 €/L"
Molho bechamel,PorSi,Embalagem de 500 ml,"0,75 €","3,75 €/L"
8 rissóis de camarão,PorSi,Embalagem de 300g,"1,79 €","7,16 €/Kg"
Creme de Dia Genovate,Bioten,Embalagem de 50 ml,"2,99 €","59,80 €/L"
Gelado magnum mini double chocolate e caramelo,Olá,Embalagem de 6 x 60 ml,"5,99 €","16,64 €/L"
Massa macarronete riscado,Milaneza,Embalagem de 500g,"0,92 €","10,22 €/Kg"
Sultana Preta,PorSi,Embalagem de 200g,"0,79 €","3,95 €/Kg"
Leite especial cálcio + vitamina d m/g,Mimosa,Garrafa de 1 l,"1,29 €","1,29 €/L"
Callippo super mix,Olá,Embalagem de 5 x 105 ml,"5,99 €","16,64 €/L"
Inseticida aerossol moscas. melgas e mosquitos,Baygon,Embalagem de 400 ml,"5,09 €","8,48 €/L"
Torta natas com cobertura de cacau,PorSi,Embalagem de 300g,"2,05 €","5,13 €/Kg"
Iogurte grego oikos stracciatella,Danone,Embalagem de 4 x 110 g,"2,99 €","6,80 €/Kg"
Bebida energética ripper,Monster,Garrafa de 500 ml,"1,39 €","5,56 €/L"
Vassoura Especial Lisa,PorSi,unidade,"2,20 €","2,20 €/Unidade"
Gel de banho de mel e aveia nourishing secrets,Dove,Embalagem de 500 ml,"3,99 €","19,95 €/L"
Elimina odores spray,Splendor,150 ml,"5,29 €","35,27 €/L"
Perca Inteira,Peixe Congelado,de 1 a 3 Kg,"3,99 €","9,98 €/Kg"
Gressinos com sésamo,PorSi,Embalagem de 250 g,"2,39 €","6,83 €/Kg"
Gel de massagem,Durex,Embalagem de 200 ml,"14,99 €","74,95 €/L"
Iogurte líquido morango / framboesa corpos danone,Danone,Embalagem de 4 x 155 g,"1,31 €","2,05 €/Kg"
"Queijo flamengo, fatias",Paiva,Embalagem de 180 g,"1,39 €","6,95 €/Kg"
Desinfetante p/ WC,Sanytol,Embalagem de 750 ml,"1,79 €","2,39 €/L"
Arroz agulha,Saludães,Embalagem de 1kg,"1,26 €","1,26 €/Kg"
"Alimento húmido para gato júnior, carne",Whiskas,Embalagem de 400g,"3,49 €","10,26 €/Kg"
"Queijo fundido, 24 porções",A Vaca Que Ri,Embalagem de 400g,"4,68 €","11,70 €/Kg"
Amaciador color-vive,Elvive,Embalagem de 200 ml,"1,00 €","5,00 €/L"
Douradinhos estaladiços,Capitão Iglo,Embalagem de 340g,"9,30 €/Kg","9,30 €/Kg"
Sabonete de leite de burra,Confianca,Embalagem de 75 g,"4,49 €","12,47 €/Kg"
Legumes para sopa,PorSi,Embalagem de 1 kg,"1,98 €","1,98 €/Kg"
Kit escovas de dentes,Tigex,1 conjunto,"2,99 €","2,99 €/Unidade"
Vinho tinto doc douro,Qta.cotto,Garrafa de 750 ml,"7,49 €","9,99 €/L"
Spray limpeza casa de banho,PorSi,750 ml,"1,79 €","2,39 €/L"
Gel de Banho Silk,Dove,Embalagem de 750 ml,"3,99 €","19,95 €/L"
"Cerveja com álcool, lata",Super Bock,Garrafa de 330 ml,"1,99 €/L","1,99 €/L"
Bacalhau desfiado,Pescanova,Embalagem de 400 g,"5,19 €","10,38 €/Kg"
Arroz agulha,B.sucesso,Embalagem de 1 kg,"1,26 €","1,26 €/Kg"
Pastilhas peppermint,CHICLETS,Embalagem de 17 g,"0,89 €","59,33 €/Kg"
Plasticina Kids Cores Sortidas,Bic,Caixa c/ 6 un.,"2,19 €","109,50 €/L"
Massa de letras,Milaneza,Embalagem de 250g,"0,92 €","10,22 €/Kg"
Guardanapos art de la table 33 x 33 cm,Renova,3 folhas | 50 unidades,"1,29 €","1,29 €/Unidade"
Salsichas de soja,Cemporcent,Embalagem de 390g,"0,69 €","0,69 €/Kg"
Snack Gato Anti Bolas de Pelo,PorSi,Embalagem 60 g,"0,99 €","16,50 €/Kg"
Gel de Banho Refreshing Revive,Dove,Embalagem de 750 ml,"3,99 €","19,95 €/L"
Vinho do Porto 10 anos,Cruz,"Garrafa de 0,75L c/ Caixa de Madeira","17,99 €","23,99 €/L"
Presunto nacos,PorSi,Embalagem de 250g,"2,59 €","12,95 €/Kg"
20 saquetas infusão body balance,Lipton,Embalagem de 30g,"64,67 €/Kg","64,67 €/Kg"
Mel de Rosmaninho,PorSi Select,Frasco de 250 g,"4,89 €","9,78 €/Kg"
Queijo em cubos para saladas,PorSi,Embalagem de 150 g,"7,45 €/Kg","7,45 €/Kg"
Chá tília planta,Cemporcent,Embalagem de 25g,"0,99 €","76,15 €/Kg"
"Bloco perfumado para maquina de loiça, limão",Sun,Embalagem de 1 unidades,"2,99 €","2,99 €/Unidade"
Polvo limpo,PorSi,Embalagem de 1 kg,"9,59 €","11,99 €/Kg"
Bebida de coco com arroz,PorSi Viva Bem,1 litro,"3,69 €","3,69 €/L"
Ração para gato adulto com bacalhau e legumes,Friskies,Embalagem de 4 kg,"12,99 €","4,33 €/Kg"
Saco de cama para adulto,Saurium,1 unidade,"32,99 €","32,99 €/Unidade"
Miolo de avelã,PorSi,Embalagem de 200 g,"0,79 €","3,95 €/Kg"
Bolachas mini prince recheadas com chocolate,PRINCE,Embalagem de 160 g,"1,89 €","15,75 €/Kg"
Bebida de Aveia Bio,Joya,Embalagem de 1 l,"1,59 €","1,59 €/L"
Caderno Agrafado Capa Preta |A4 Pautado,Domédia,1 unidade,"1,09 €","1,09 €/Unidade"
Snack para gato chezzy,Felix,Embalagem de 60g,"0,99 €","16,50 €/Kg"
Mostarda em frasco,Savora,Embalagem de 190g,"0,87 €","2,90 €/Kg"
Iogurte magro + gelatina framboesa,Mimosa,Embalagem de 4 x 120 g,"7,66 €/Kg","7,66 €/Kg"
Marcadores para colorir,Domédia,embalagem com 12 unidades,"4,69 €","4,69 €/Unidade"
Ecobag 30 L Perfumado,Vileda,1 embalagem,"1,89 €","1,89 €/Unidade"
Camarão 60/80,Congelado de Aquicultura,1 un = 250 gr  (aprox.),"2,00 €","7,99 €/Kg"
Creme de limpeza com lixívia,PorSi,750 ml,"2,59 €","1,30 €/L"
Leite 0% lactose meio gordo,Mimosa,Embalagem de 200 ml,"2,19 €","2,19 €/L"
Luvas Comfort Extra S/M,Vileda,1 unidade,"0,69 €","0,69 €/Unidade"
Bolacha diet nature recheio creme,Gullon,Embalagem de 210g,"0,79 €","4,49 €/Kg"
Cem porcento-lentilhas vermelhas,Cemporcent,Embalagem de 500g,"1,94 €","3,88 €/Kg"
Gelatina limão 10kcal,Royal,Embalagem de 30g,"0,55 €","61,11 €/Kg"
Empadão de carne produto pré-cozinhado ultracongelad...,PorSi,Embalagem de 350g,"3,99 €","9,98 €/Kg"
Creme autobrilha incolor,Splendor,40 ml,"2,25 €","45,00 €/L"
Mamão,Fruta do Dia,"1 un = 1,5 kg (aprox.)","2,79 €/Kg","2,79 €/Kg"
"Massa polir, em bisnaga",Redex,Embalagem de 125 ml,"3,49 €","13,96 €/L"
Delta cappuccino 10x14g,Delta,Embalagem de 140g,"15,92 €/Kg","15,92 €/Kg"
Bolachas rosquilhas,PorSi,Embalagem de 600g,"1,69 €","6,76 €/Kg"
Chá verde e jasmin infusão,Cemporcent,Embalagem de 13g,"0,99 €","76,15 €/Kg"
Concentrado de laranja,Sunquick,Garrafa de 700 ml,"4,89 €","6,61 €/L"
Luvas Multi Latex S/M,Vileda,10 unidade,"0,69 €","0,69 €/Unidade"
Ameixa Vermelha,Fruta da Época,1 un = 250 gr  (aprox.),"0,55 €","2,19 €/Kg"
Queijo de cabra,Palhais,Embalagem de 200g,"4,39 €","21,95 €/Kg"
Nata uht,PorSi,Embalagem de 200 ml,"0,75 €","3,75 €/L"
Iogurte líquido de frutos vermelhos,PorSi,Embalagem de 4 x 160 g,"1,31 €","2,05 €/Kg"
Desinfetante álcool gel com doseador,PorSi,500 ml,"33,99 €","33,99 €/Unidade"
Escova de dentes expert white media 360º,Colgate,1 unidade,"3,49 €","3,49 €/Unidade"
Vinho verde branco alvarinho,Qm,Garrafa de 0.75 l,"3,09 €","3,09 €/L"
Chá verde e curcuma infusão,Cemporcent,Embalagem de 13g,"0,99 €","76,15 €/Kg"
Nectar clássico maracujá,Compal,Garrafa de 1 l,"1,09 €","0,73 €/L"
Creme Muda Fralda,Baby Dove,Embalagem de 45 g,"5,59 €","11,18 €/L"
Butter cookies,PorSi,Embalagem de 450g,"0,79 €","5,27 €/Kg"
Arroz integral extra longo,Cemporcent,Embalagem de 1 kg,"1,94 €","3,88 €/Kg"
Rebuçado recheio morango,PorSi,Embalagem de 250g,"2,30 €","57,50 €/Kg"
Gel de banho júnior maçã e pera,Labell,Embalagem com 300 ml,"4,99 €","16,63 €/L"
Spray desengordurante,Sonasol,Embalagem de 500 ml,"3,99 €","5,32 €/L"
All bran plus,Kellogg's,Embalagem de 500g,"1,49 €","2,98 €/Kg"
Refrigerante c/ gás,Coca-Cola,pack 6 x 0.33 l,"0,40 €/L","0,40 €/L"
Anticalcário,Viakal,Embalagem de 500 ml,"0,99 €","1,32 €/L"
Iogurte Pedaços Amoras/Mirtilo,PorSi,Embalagem 2X135 g,"1,44 €","2,88 €/Kg"
Loção Corporal Peles Secas,Le Petit Marseillais,Embalagem de 400 ml,"12,48 €/L","12,48 €/L"
Cereais all bran,Kellogg's,Embalagem de 380g,"3,79 €","29,38 €/Kg"
Cueca incontinência para Adultos Ausonia Tamanho Gra...,Lindor,Embalagem de 14 unidades,"9,99 €","9,99 €/Unidade"
Actimel morango,Danone,Embalagem de 6 x 100g,"4,15 €/Kg","4,15 €/Kg"
Néctar light manga/laranja,Compal,Garrafa de 200 ml,"0,99 €","0,99 €/L"
Iogurte líquido yoggi morango,Nestle,Embalagem de 4 x 160 g,"1,31 €","2,05 €/Kg"
Chouriço com feijão,Nobre,Embalagem de 420g,"2,35 €","5,60 €/Kg"
"Pasta dentífrica, tripla ação",Labell,Embalagem de 75 ml,"2,29 €","38,17 €/L"
Limpa madeiras com sabão,PorSi,1.5 litros,"4,39 €","14,63 €/L"
Bebida solúvel cereais+fibra frasco 200g,Delta,Embalagem de 200g,"14,50 €/Kg","14,50 €/Kg"
"Creme anti-rugas revitalizante fps30, dia",L'oreal,Embalagem de 50 ml,"2,99 €","59,80 €/L"
Flocos de centeio integral,Cemporcent,Embalagem de 400g,"1,19 €","2,98 €/Kg"
Arroz carolino,Caçarola,Embalagem de 1kg,"1,26 €","1,26 €/Kg"
Dentífrico júnior 7 a 12 anos,Colgate,Embalagem de 50 ml,"3,29 €","43,87 €/L"
30 cápsulas super rendimento,PLANTANATU,Embalagem de 1 unidades,"7,59 €","126,50 €/Kg"
Ovos galinha solo l,PorSi,6 ovos,"1,59 €","1,59 €/Unidade"
Tomate em pedaços,Guloso,Embalagem de 390g,"3,84 €","24,00 €/Kg"
Café moagem universal angola,Delta,Embalagem de 220g,"9,76 €/Kg","9,76 €/Kg"
Secretos,Porco,1 un = 200 gr (aprox.),"4,29 €","4,29 €/Kg"
Orégãos em folha,PorSi,Embalagem de 10g,"2,29 €","30,53 €/Kg"
Azeite virgem extra seleção ouro,Oliveira da Serra,Garrafa de 750 ml,"3,29 €","4,39 €/L"
Chá preto com aroma natural e vitamina C,Lipton,Embalagem de 40g,"41,67 €/Kg","41,67 €/Kg"
Champô Limão & Argila,Ultra Suave,Embalagem de 400 ml,"5,59 €","13,98 €/L"
"Tira nódoas, spray oxi",PorSi,Embalagem de 1 l,"10,99 €","52,33 €/Kg"
Arroz carolino,Louro,Embalagem de 1 kg,"1,26 €","1,26 €/Kg"
"Lixívia para roupa, tradicional verde denso",PorSi,Embalagem de 2L,"1,74 €","0,35 €/L"
Snack para gato frango,Felix,Embalagem de 50g,"0,99 €","16,50 €/Kg"
Pizza 4 estações,PorSi,Embalagem de 350g,"2,16 €","6,17 €/Kg"
Sopa tailandesa,Knorr,embalagem com 69 g,"1,46 €","24,33 €/Kg"
Chá infusão centelha asiática,Cemporcent,Embalagem de 13g,"0,99 €","76,15 €/Kg"
Polvilho doce,PorSi,Embalagem de 500g,"2,99 €","271,82 €/Kg"
Carcaça Rústica 70 g,Pão do Dia,,"0,20 €","2,86 €/Kg"
Desinfetante multissuperfícies,Xanpa,1 litro,"1,29 €","0,86 €/L"
Sangria pet,Don Simon,"Garrafa de 1,5 l","6,89 €","1,38 €/L"
Barras de cereais golden grahams,Nestle,Embalagem de 150g,"1,70 €","13,08 €/Kg"
"Batata frita, multipack",Ruffles,Embalagem de 180g,"1,01 €","5,46 €/Kg"
Corn flakes saco,PorSi,Embalagem de 500g,"1,49 €","2,98 €/Kg"
Ice tea de limão,PorSi,Embalagem de 2 l,"1,90 €","1,27 €/L"
Massa p/ pizza,Pasta dia,Embalagem de 230g,"0,99 €","4,30 €/Kg"
"Bloco sanitário azul, recarga",WC Pato,Embalagem de 2x40 g,"2,99 €","74,75 €/Kg"
Ração seca mix para cão adulto,PorSi,Embalagem de 20 kg,"1,15 €/Kg","1,15 €/Kg"
Cereais petalas chocolate,PorSi,Embalagem de 625g,"5,07 €/Kg","5,07 €/Kg"
Bolacha tostada,PorSi,Embalagem de 800g,"2,11 €/Kg","2,11 €/Kg"
"Fraldas Dry Fit, 3-6kg - Tamanho 2",Chicco,Embalagem de 50 unidades,"13,29 €/Unidade","13,29 €/Unidade"
Vela com número nº 0,PorSi,1 unidade,"1,09 €","1,09 €/Unidade"
Bebida de soja comcálcio,Frias,Garrafa de 1 l,"3,69 €","3,69 €/L"
Monopoly Viaja Pelo Mundo,Hasbro,1 un.,"9,99 €/Unidade","9,99 €/Unidade"
Limpa Couros,Bellapelle,Garrafa de 250 ml,"10,99 €","52,33 €/Kg"
Mopa attractive plus completa,Vileda,Embalagem de 1 unidades,"2,20 €","2,20 €/Unidade"
Iogurte 0% pedaços amora e framboesa,Longa vida,Embalagem de 4 x 120 g,"1,44 €","2,88 €/Kg"
Bolacha infantil dinossaurus mini dino chocolate,Artiach,Embalagem de 120g,"1,89 €","15,75 €/Kg"
Infusão alcachofra e dente de leão,Cemporcent,Embalagem de 10 unidades,"64,67 €/Kg","64,67 €/Kg"
Batata frita caseira rodela,Pala-pala,Embalagem de 300g,"0,87 €","5,44 €/Kg"
Cem porcento-flocos de aveia grossos,Cemporcent,Embalagem de 400g,"2,69 €","5,38 €/Kg"
Manteiga de amendoim crocante,Prozis,Embalagem de 500g,"4,39 €","12,91 €/Kg"
Batata frita forno camponesas,Lay's,Embalagem de 130g,"1,18 €","6,38 €/Kg"
Molho de soja c/ dispensador redução sal,KIKKOMAN,150 ml,"3,99 €","26,60 €/L"
Limpa Máquina Loiça Regular,Finish,,"2,99 €","2,99 €/Unidade"
Mimosa proteína cacau,Mimosa,Embalagem de 250 ml,"0,83 €","0,83 €/L"
Ervilhas,PorSi,Embalagem de 400 g,"1,98 €","1,98 €/Kg"
Vinho verde branco loureiro,Q.REGAINHO,Garrafa de 0.75 l,"1,59 €","2,12 €/L"
Tira gorduras dia a dia,Mistolin,Garrafa de 750 ml,"11,99 €","26,64 €/L"
"Fiambre extra, fatias finas",PorSi,Embalagem de 150 g,"0,97 €","6,49 €/Kg"
Vinho branco bag-in-box,Capataz,Embalagem de 5 l,"11,29 €","2,26 €/L"
"Creme para mãos, proteção intensiva",Atrix,Embalagem de 60 ml,"2,49 €","41,50 €/L"
Ambientador vela odor animais,PorSi,1 unidade,"5,99 €","5,99 €/Unidade"
Pastilhas café platium,Delta,Embalagem de 110g,"54,36 €/Kg","54,36 €/Kg"
Sumo 100% tomate,PorSi,Embalagem de 1.5 l,"1,09 €","0,73 €/L"
Néctar light de manga/laranja prism,PorSi,Embalagem de 1 l,"0,84 €","2,55 €/L"
Pensos peles sensíveis sortidos,PorSi,20 unidades,"0,85 €","0,85 €/Unidade"
Salsichas de aves,Nobre,Lata de 200 g,"0,75 €","3,75 €/Kg"
Chá sene folículos,Cemporcent,Embalagem de 50g,"0,99 €","76,15 €/Kg"
"Cerveja sem álcool, preta",Super Bock,pack 6 x 0.33 l,"5,99 €","3,03 €/L"
Barrita controlo de peso maçã,Ignoramu,Embalagem de 44g,"1,99 €","45,23 €/Kg"
Topping chocolate branco,Branca de neve,Embalagem de 360g,"1,09 €","5,45 €/Kg"
Açorda de camarão,PorSi Select,Embalagem de 300g,"1,79 €","7,16 €/Kg"
Massa de bagos,Milaneza,Embalagem de 250g,"0,92 €","10,22 €/Kg"
Stevia chocolate negro,Cemporcent,Embalagem de 100g,"2,89 €","23,12 €/Kg"
Porto tawny valadão,Valadao,Garrafa de 750 ml,"6,29 €","8,39 €/L"
Bicarbonato de sódio,PorSi,Embalagem de 500 g,"1,79 €","2,39 €/L"
Comida húmida para cão de vaca e frango,PorSi,Lata de 400 g,"0,75 €","2,50 €/Kg"
Recarga p/ ambientador elétrico flores,Ambipur,3 unidades,"11,98 €","11,98 €/Unidade"
Aperitivos  fritos,Fritos,Embalagem 130G,"0,79 €","7,90 €/Kg"
Vinho regional tejo 3 castas branco,Fiuza,Garrafa de 750 ml,"3,99 €","5,32 €/L"
Lay's sal mpk 6x30g,Lay's,Embalagem de 180g,"1,01 €","5,46 €/Kg"
Sabonete Liquido Gel Antibacteriano,Labell,Embalagem de 300 ml,"2,18 €/L","2,18 €/L"
Bolachas cream cracker doses individuais,Vieira,Embalagem de 180g,"0,39 €","3,12 €/Kg"
Skinny latte sem açúcar e sem lactose,STARBUCKS,embalagem de 220 ml,"15,92 €/Kg","15,92 €/Kg"
Feijão vermelho,Legumes secos,1 un = 100 gr. (aprox.),"0,23 €","2,29 €/Kg"
Escova para calçado,Sonaf,1 unidade,"5,29 €","35,27 €/L"
Barras cereais chocapic,Nestle,Embalagem de 150g,"1,70 €","13,08 €/Kg"
Cereais Corn Flakes Original,Kellogg's,Embalagem de 380g,"1,49 €","2,98 €/Kg"
Soja grossa,Cemporcent,Embalagem de 400g,"1,49 €","3,73 €/Kg"
Nestle scm regular tubo 12x pt,Nestle,Embalagem de 450g,"1,09 €","2,75 €/Kg"
Pasta dentífrica,Couto,Embalagem de 60 ml,"2,29 €","38,17 €/L"
Pellets madeira,Nova lenha,Embalagem de 15kg,"10,99 €","0,73 €/Kg"
Cerveja com álcool,Super Bock,Garrafa de 1 l,"1,99 €/L","1,99 €/L"
Lamina Descartáveis Platina,Labell,Pack 10 unidades,"1,16 €","4,64 €/L"
Chocolate negro 70% cacau bio,Cemporcent,Embalagem de 100g,"2,89 €","23,12 €/Kg"
Café moagem universal portugal,Delta,Embalagem de 250g,"9,76 €/Kg","9,76 €/Kg"
Mirtilos 100% Naturais,PorSi,Embalagem de 250 g,"3,29 €","4,39 €/Kg"
Nata uht para bater,Parmalat,Embalagem de 200 ml,"0,75 €","3,75 €/L"
Plumas de porco preto,PorSi Select,250 g,"4,29 €","4,29 €/Kg"
Bolachas chips ahoy,Ca!,Embalagem de 130g,"0,79 €","5,27 €/Kg"
Frutapura maçã e banana,Bledina,Embalagem de 85g,"2,29 €","6,94 €/L"
Bolacha torrada com canela,PorSi,Embalagem de 2 x 250 g,"2,11 €/Kg","2,11 €/Kg"
Vinho tinto península de setúbal,Pioneiro,Garrafa de 0.75 l,"8,59 €","11,45 €/L"
Fralda Cueca Activity Extra Tamanho 5,Dodot,Embalagem com 40 uni.,"12,99 €","12,99 €/Unidade"
Lixívia Denso-Activa Harmonias Florais p/ Casa e Rou...,Neoblanc,Embalagem de 2 l,"1,74 €","0,35 €/L"
Esferográfica 4 Cores Multi-Function,Bic,1 un.,"2,69 €","2,69 €/Unidade"
Lambrusco bianco,*,Garrafa de 750 ml,"2,29 €","3,05 €/L"
Livro Hot Wheels,Europrice,,"25,90 €","25,90 €/Unidade"
40 filtros café número 4,Planteur,Embalagem com 40 filtros,"0,80 €","0,80 €/Unidade"
Chá solúvel frutos vermelhos,Cemporcent,Embalagem de 45g,"0,99 €","76,15 €/Kg"
"Vela em número, nº 3",PorSi,1 unidade,"1,09 €","1,09 €/Unidade"
Néctar clássico tutti-frutti,Compal,330 ml,"0,99 €","0,99 €/L"
Discos de algodão para bebé,PorSi,60 unidades,"5,99 €","5,99 €/Unidade"
"Refrigerante sem gás, maracujá e la",Joi,"Garrafa de 1,5 l","1,90 €","1,27 €/L"
"Joya bebida de amêndoa alto teor de protéina, sem aç...",Joya,Garrafa de 1 l,"3,69 €","3,69 €/L"
"Escova dentes, proteção global suave, 2 unidades",Labell,1 embalagem,"3,49 €","3,49 €/Unidade"
Salmão Fumado da Escócia,PorSi Select,Embalagem de 200 g,"7,99 €","39,95 €/Kg"
Sangria branca,Don Simon,"Garrafa de 1,5 l","6,89 €","1,38 €/L"
Manteiga c/ sal gourmet,Novacores,Embalagem de 250g,"1,89 €","7,56 €/Kg"
Bolachas shortcake cacau,PorSi,Embalagem de 185 g,"1,69 €","6,76 €/Kg"
Caixa de arrumação reciclada,PorSi,40 litros,"17,99 €/Unidade","17,99 €/Unidade"
Sortido bolacha princesa,Vieira,Embalagem de 400g,"6,83 €/Kg","6,83 €/Kg"
Água s/ gás,S.estrela,"Pack 6 x 0,50 l","1,04 €","0,17 €/L"
Desinfetante Multiusos,Sanytol,Embalagem de 750 ml,"3,99 €","5,32 €/L"
Reparador de móveis normal,PorSi,Embalagem de 200 ml,"4,39 €","14,63 €/L"
"Bloco de desenho A3, 24 folhas",Domédia,1 unidade,"3,29 €","3,29 €/Unidade"
Tomate triturado,Compal,Embalagem de 500g,"3,84 €","24,00 €/Kg"
Queijo vaca sem lactose,PorSi Viva Bem,250 g,"2,99 €","6,23 €/Kg"
Iogurte pedaços frutimax frutos variados,PorSi,Embalagem de 8 x 125 g,"1,44 €","2,88 €/Kg"
Chá infusão borututu,Cemporcent,Embalagem de 13g,"0,99 €","76,15 €/Kg"
Moscatel roxo c/ caixa,Pioneiro,Garrafa de 750 ml,"6,79 €/L","6,79 €/L"
Chá infusão passiflora,Cemporcent,Embalagem de 13g,"0,99 €","76,15 €/Kg"
Luvas Universal Média/Grande,Vileda,1 unidade,"0,69 €","0,69 €/Unidade"
Bolachas maria,PorSi,Embalagem de 800g,"2,11 €/Kg","2,11 €/Kg"
Chá verde 20 saquetas,Lipton,Embalagem de 32g,"40,31 €/Kg","40,31 €/Kg"
Chá Aromatizado Pirâmide Baunilha/Caramelo,PorSi,20 x 2 g,"0,99 €","99,00 €/Kg"
Multi vitaminas 50+,PLANTANATU,Embalagem de 1 unidades,"7,59 €","126,50 €/Kg"
Limpa fornos,PorSi,500 ml,"1,79 €","2,39 €/L"
Concentrado laranja e pêssego,Sunquick,Garrafa de 580 ml,"4,89 €","6,61 €/L"
Vinho Regional Lisboa Reserva Branco,Marginal,Garrafa de 0.75 l,"3,99 €","5,32 €/L"
Rolo de cozinha mega,PorSi,1 rolo,"4,99 €","4,99 €/Unidade"
Sacos para congelar zip & go 1 litro,Vileda,15 unidades,"1,11 €","1,11 €/Unidade"
Toalhita Azul,Dodot,Embalagem c/ Tampa | 64 un.,"1,09 €/Unidade","1,09 €/Unidade"
Flakes,Cuetara,Embalagem de 500g,"5,07 €/Kg","5,07 €/Kg"
Bicarbonato de sódio,Globo,Embalagem de 230g,"1,89 €","17,18 €/Kg"
"Refeição pronta, boião de legumes e vitela",Bledina,Embalagem de 200g,"2,19 €","11,53 €/Kg"
Refrigerante sem gás de maçã,Trina,"Garrafa de 1,5 l","1,90 €","1,27 €/L"
Refrigerante de lima-limão,Seven-up,"Garrafa de 1,25 l","0,40 €/L","0,40 €/L"
Bebida de Soja Baunilha,PorSi Viva Bem,1 l,"2,49 €","2,49 €/L"
Azeite tradição,Oliveira da Serra,Embalagem 3L,"3,29 €","4,39 €/L"
Ambientador tealights canela,PorSi,embalagem com 18 unidades,"5,99 €","5,99 €/Unidade"
Linhaça castanha moída,Cemporcent,Embalagem de 200g,"2,29 €","11,45 €/Kg"
Rebuçados de café,Villa,Embalagem de 200 g,"1,15 €","4,60 €/Kg"
Moelas congeladas,*,Embalagem de 1 kg,"4,99 €","24,95 €/Kg"
Biscoitos integrais aveia e manteiga de amendoim,PorSi Viva Bem,Embalagem de 150g,"1,45 €","11,15 €/Kg"
Couve lombardo Programa Origens,PorSi,,"1,79 €","1,19 €/Kg"
"Vinho regional terras da beira, biológico, branco",Bonjardim,"Garrafa 0,75L","2,92 €/L","2,92 €/L"
Iogurte mix-in chocapic,Nestle,Embalagem de 2 x 118 g,"4,23 €/Kg","4,23 €/Kg"
Sumo concentrado de laranja/maracujá,GUD,Garrafa de 740 ml,"4,89 €","6,61 €/L"
Coloração Permanente Castanho Chocolate |3.65,Palette,,"5,99 €","5,99 €/Unidade"
Shampô azul concentrado,PorSi,Embalagem de 1 l,"3,49 €","13,96 €/L"
Aditivo em pó oxi elimina odores,Vanish,Embalagem de 420 g,"9,99 €","36,33 €/Kg"
Cerveja c/ álcool,Heineken,"Embalagem de 6x0,25 l","1,99 €/L","1,99 €/L"
Óleo Bebé,Corine de Farme,Embalagem de 500 ml,"5,59 €","11,18 €/L"
Infusão de cidreira,Tetley,Embalagem de 10g,"64,67 €/Kg","64,67 €/Kg"
Leite de pastagem magro,Terra Nostra,Embalagem de 1 litro,"0,83 €","0,83 €/L"
Organizador assento carro com capa,Jocca,Uma unidade,"4,99 €","19,96 €/L"
Queijo limiano amanteigado vaca e ovelha sem casca o...,Limiano,Embalagem de 450g,"25,45 €/Kg","25,45 €/Kg"
Cereais golden e crispy,PorSi,Embalagem de 375 g,"5,07 €/Kg","5,07 €/Kg"
Cuecas Incontinência Maxi Grande,Lindor,Embalagem com 14 un.,"9,99 €","9,99 €/Unidade"
Gel de Banho para Pele Normal Zero %,Sanex,Embalagem de 600 ml,"3,99 €","19,95 €/L"
Bicarbonato de sódio,Vatel,Embalagem de 400g,"1,89 €","17,18 €/Kg"
Yofu natural com coco,Alpro,Embalagem de 500 gr,"3,09 €","6,18 €/Kg"
Acetona perfumada com doseador,PorSi,Embalagem de 200 ml,"1,09 €","4,36 €/L"
Açorda de camarão,PorSi Select,380 g,"1,79 €","7,16 €/Kg"
Tablete de chocolate amêndoa e caramelo,Milka,Embalagem de 300g,"4,09 €","14,82 €/Kg"
Desinfetante em gel p/ wc,Cif,Garrafa de 750 ml,"2,79 €","3,99 €/L"
Bolacha diet nature 5 cereais,Gullon,Embalagem de 220g,"2,82 €","9,40 €/Kg"
Ambientador Anti-Tabaco,Ambipur,1 un.,"1,99 €","1,99 €/Unidade"
Lombo curado fatiado,PorSi,100 g,"2,49 €","16,60 €/Kg"
Special k aveia mel,Kellogg's,Embalagem de 420g,"1,49 €","2,98 €/Kg"
Casa mateus temporada - morango   6x350g,Casa de Mateus,Embalagem de 350g,"3,59 €","10,26 €/Kg"
Conjunto caveiras rapaz,Coco,Eau de toillette + after shave + gel de banho,"1,10 €","1,10 €/Unidade"
Aditivo em pó oxi elimina odores,Vanish,Embalagem de 840 g,"9,99 €","36,33 €/Kg"
"Vinho Bairrada, Tinto",Selecção de Enófilos,Garrafa de 0.75 l,"2,92 €/L","2,92 €/L"
Queijo fresco meio gordo,PorSi,200 g,"1,09 €","5,45 €/Kg"
Toalhetes Íntimos Suaves,Corine de Farme,Embalagem com 10 un.,"2,89 €","2,89 €/Unidade"
Pasta pot carbonara,Knorr,Embalagem de 62g,"0,92 €","10,22 €/Kg"
Iogurte líquido pinacolada,PorSi,Embalagem de 4 x 160 g,"1,31 €","2,05 €/Kg"
Milho para pipocas,Globo,Embalagem de 400g,"0,79 €","7,90 €/Kg"
Néctar de laranja do algarve,Compal,Garrafa de 200 ml,"0,99 €","0,99 €/L"
Carapau Pequeno,Peixe Congelado,1 un= 120 gr (aprox.),"3,99 €/Kg","3,99 €/Kg"
Wc lixivia gel pink,Domestos,Garrafa de 750 ml,"2,59 €","1,30 €/L"
Linhaça dourada e moída,Cemporcent,Embalagem de 200g,"2,29 €","11,45 €/Kg"
Escova de Dentes Júnior,Aquafresh,1 unidade,"3,29 €","43,87 €/L"
Cebola Amarela,Nossa seleção,1 un = 500 gr (aprox.),"1,29 €","2,58 €/Kg"
Chá infusão cidreira bio,Cemporcent,Embalagem de 13g,"0,99 €","76,15 €/Kg"
Cerveja c/ álcool,Super Bock,pack 24 x 0.33 l,"1,99 €/L","1,99 €/L"
Absorvente de odores marine,Brise,Embalagem de 300 ml,"16,63 €/L","16,63 €/L"
Esparguete molde bronze,Milaneza,Embalagem de 500g,"0,92 €","10,22 €/Kg"
Tempero para Frangos Ervas Aromáticas,PorSi,34 g,"3,84 €","24,00 €/Kg"
Amendoas laminadas 125g,Vahine,Embalagem de 130g,"1,89 €","17,18 €/Kg"
Queijo fatias -50% de gordura,Limiano,Embalagem de 400g,"1,39 €","6,95 €/Kg"
Esparguete fino,Nacional,Embalagem de 500g,"0,92 €","10,22 €/Kg"
Puzzle Animais Disney,Clementoni,2 x 20 peças,"5,99 €/Unidade","5,99 €/Unidade"
Café gold colômbia frasco,Nescafe,Embalagem de 100 g,"14,50 €/Kg","14,50 €/Kg"
Vinho regional lisboa reserva tinto,Marginal,Garrafa de 0.75 l,"3,99 €","5,32 €/L"
20 saquetas chá de baunilha c/ caramelo,Lipton,Embalagem de 40g,"0,99 €","99,00 €/Kg"
Chá solúvel camomila,Cemporcent,Embalagem de 45g,"0,99 €","76,15 €/Kg"
Abrasivo sanitário pinho e eucalipto,PorSi,embalagem de 1 litro,"0,99 €","1,32 €/L"
Iogurte natural,Danone,Embalagem de 8x120g com 1 unidade grátis,"1,48 €","3,08 €/Kg"
20 saquetas infusão de lúcia lima,Lipton,Embalagem de 30g,"40,31 €/Kg","40,31 €/Kg"
Fralda cueca T6 - 16 a 22 kg,PorSi,18 unidades,"12,99 €","12,99 €/Unidade"
Batata chef gourmet,MCCAIN,Embalagem de 500 g,"2,39 €","3,98 €/Kg"
Café 5 estrelas grão,Sical,Embalagem de 1 kg,"9,16 €/Kg","9,16 €/Kg"
Chá folha de oliveira,Cemporcent,Embalagem de 70g,"0,99 €","76,15 €/Kg"
Dentifríco splash morango,Aquafresh,Embalagem de 75 ml,"3,29 €","43,87 €/L"
"Sabonete líquido de leite de amêndoas, recarga",Palmolive,Embalagem de 300 ml,"2,18 €/L","2,18 €/L"
"Espuma de cabelo, volume absoluto",Pantene,Embalagem de 200 ml,"5,99 €","79,87 €/L"
Creme Depilatório Men Peles Sensíveis,Veet,400 ml,"10,99 €","73,27 €/L"
Cereais crunch 375g,Nestle,Embalagem de 380g,"5,07 €/Kg","5,07 €/Kg"
Iogurtes aroma 4 de morango + 4 de banana,PorSi,Embalagem de 8x125g,"0,69 €","1,38 €/Kg"
"Hamburguers de vaca, 4x80g",PorSi,Embalagem de 320 g,"2,79 €","8,72 €/Kg"
Princesas do mar,PorSi,Embalagem de 255 g,"2,19 €","8,59 €/Kg"
Lava Tudo Brilhante Floral,Sonasol,"embalagem 1,1L","0,99 €","0,50 €/L"
Compota ananás 70% fruta,Cemporcent,Embalagem de 260g,"3,99 €","7,98 €/Kg"
Máscara tesouros de mel,Garnier,Embalagem de 300 ml,"1,00 €","5,00 €/L"
Polvilho azedo,PorSi,Embalagem de 500g,"2,99 €","271,82 €/Kg"
Queijo fresco natural,Matinal,Embalagem de 216g,"1,09 €","5,45 €/Kg"
Sublinhador Brite Liner - 3+1,Bic,1 unidade,"2,69 €","2,69 €/Unidade"
Farinha 8 cereais e mel,Nutriben,Embalagem de 300g,"4,99 €","4,99 €/Kg"
Pastel de Nata,PorSi,60G,"0,30 €/Unidade","0,30 €/Unidade"
Spray Limpeza para aço inoxidável,Induclean,450 ml,"11,99 €","26,64 €/L"
Feijão preto,Legumes secos,1 un = 100 gr. (aprox.),"0,23 €","2,29 €/Kg"
Croissant simples,PorSi,Embalagem de 400g,"2,05 €","5,13 €/Kg"
Croissant recheado de cacau/avelã,PorSi,Embalagem de 315g,"2,05 €","5,13 €/Kg"
"Gel cabelo, hard cement",Fru style,Embalagem de 200 ml,"5,99 €","79,87 €/L"
Pastilhas descafeinado,Delta,Embalagem de 110g,"54,36 €/Kg","54,36 €/Kg"
Whisky heritage blend,Logan,Garrafa de 700 ml,"27,49 €","39,27 €/L"
Dentífrico infantil frutas naturais 3 aos 5 anos,Colgate,50 ml,"3,29 €","43,87 €/L"
Sabonete Líquido Original,Dove,Embalagem de 250 ml,"2,18 €/L","2,18 €/L"
Chá hibisco planta,Cemporcent,Embalagem de 50g,"0,99 €","76,15 €/Kg"
Espremedor,PorSi,1 unidade,"3,69 €","3,69 €/Unidade"
Lasanha à bolonhesa,PorSi,Embalagem de 1 kg,"3,99 €","3,99 €/Kg"
Gelatina de laranja,PorSi,Embalagem de 170g,"0,55 €","61,11 €/Kg"
"Ambientador spray, aerosol, relax zen",Glade,Embalagem de 300 ml,"0,99 €","3,30 €/L"
Café solúvel gold,PorSi Select,Embalagem 100G,"14,50 €/Kg","14,50 €/Kg"
Lula limpa,Pescanova,Embalagem de 450g,"9,59 €","11,99 €/Kg"
Alimento lácteo alperce +6 meses,Yogolino,Embalagem de 4 x 100 g,"2,89 €","7,23 €/Kg"
Café nyeri quénia moagem universal,Sical,Embalagem de 220g,"9,76 €/Kg","9,76 €/Kg"
Pasta dentífrica 1 2 3,Oral B,Embalagem de 75 ml,"2,29 €","38,17 €/L"
Bandas de Cera Depilatória Facial,Veet,Embalagem de 20 unidades,"3,11 €","3,11 €/Unidade"
Bolacha digestiva de aveia/chocolate,Gullon,Embalagem de 430g,"0,84 €","2,80 €/Kg"
Cenouras com peru +6 meses,Bledina,Embalagem de 2 x 200g,"2,19 €","11,53 €/Kg"
Bolachas de manteiga,PorSi,Embalagem de 200 g,"1,69 €","6,76 €/Kg"
Schär bolacha chocolate o´s sem glúten,Schar,Embalagem de 165g,"1,45 €","11,15 €/Kg"
Pérolas de perfume unstoppables fresh,Lenor,Embalagem de 210g,"10,99 €","52,33 €/Kg"
Ervilhas bio,PorSi Bio,Frasco com 290 g,"1,57 €","15,70 €/Kg"
Bacalhau Corrente,Bacalhau da Noruega,1 un= 750 g (aprox.),"8,73 €/Kg","8,73 €/Kg"
Alho Francês,Programa Origens,1 un = 300 g (aprox.),"0,69 €","2,29 €/Kg"
Presépio c/ 4 Figuras de Cerâmica,B. Couto,Dim.: 22cm,"14,99 €","14,99 €/Unidade"
Vinagre de vinho branco envelhecido,PorSi,Garrafa 250ML,"0,35 €","0,70 €/L"
Infusão de frutos vermelhos,Tetley,Embalagem de 20g,"44,50 €/Kg","44,50 €/Kg"
Delta chicória + cafe soluvel lata,Delta,Embalagem de 250g,"14,50 €/Kg","14,50 €/Kg"
Sumo 100% ananás e uva,PorSi,1.5 l,"1,09 €","0,73 €/L"
Tagliatelle a carbonara 350g,Tuttipasta,Embalagem de 350G,"2,16 €","6,17 €/Kg"
Tomate pedaços biológico,Guloso,Embalagem de 390g,"3,84 €","24,00 €/Kg"
Chá verde infusão bio,Cemporcent,Embalagem de 13g,"0,99 €","76,15 €/Kg"
Batata frita presunto,Ruffles,Embalagem de 150 g,"1,18 €","6,38 €/Kg"
Massa de macarrão grande estriado,PorSi,Embalagem de 500g,"0,92 €","10,22 €/Kg"
Café em cápsulas dolce gusto ardenza,Nescafe,Embalagem de 110g,"54,36 €/Kg","54,36 €/Kg"
Whisky,F.grouse,Garrafa de 1 litro,"19,99 €","19,99 €/L"
Cappuccino café arábica cacau magro em pó,PorSi,250 ml,"15,92 €/Kg","15,92 €/Kg"
Hamburgueres de porco,Capitão Iglo,Embalagem de 300g,"2,79 €","8,72 €/Kg"
Comida húmida para gato indoor em molho com atum,Purina One,Embalagem de 340g,"3,49 €","10,26 €/Kg"
Agrião,PorSi,Vendido ao peso,"0,69 €","2,29 €/Kg"
Espinafres Arrancar Programa Origens,PorSi,1 un= 1 kg  (aprox. ),"0,69 €","2,29 €/Kg"
Cereais cruesli frutos secos,Quaker,Embalagem de 380g,"2,29 €","6,11 €/Kg"
Crocantes frango parmesão e ervas,Iglo,Embalagem de 180g,"9,30 €/Kg","9,30 €/Kg"
Chá tília flor,Cemporcent,Embalagem de 40g,"0,99 €","76,15 €/Kg"
"Frigideira anti-aderente, 20cm",PorSi,1 unidade,"9,00 €/Unidade","9,00 €/Unidade"
Amaciador intense nature,Comfort,60 doses,"8,99 €","2,25 €/L"
Aparador elétrico sensitive precision rosa,Veet,Embalagem de 1 unidades,"5,49 €","5,49 €/Unidade"
Ambientador vela maçã e canela,PorSi,1 unidade,"5,99 €","5,99 €/Unidade"
Doce de framboesa,ST.DALFOUR,Frasco de 284g,"2,19 €","9,95 €/Kg"
Chá dente de leão,Cemporcent,Embalagem de 50g,"0,99 €","76,15 €/Kg"
Alimento lácteo pera +6 meses,Yogolino,Embalagem de 4 x 100 g,"2,89 €","7,23 €/Kg"
Gel Intimo Suave,Corine de Farme,250 ml,"5,59 €","11,18 €/L"
Concentrado maracujá mix,Sunquick,Garrafa de 580 ml,"4,89 €","6,61 €/L"
Bebida arroz bio,PorSi Bio,Embalagem de 1 litro,"1,59 €","1,59 €/L"
Bolachas digestive muesli,Gullon,Embalagem de 370g,"1,45 €","11,15 €/Kg"
"Bloco de desenho A4, 24 folhas",Domédia,1 unidade,"3,29 €","3,29 €/Unidade"
Patê figado de porco,La piara,Embalagem de 80g,"1,99 €","22,11 €/Kg"
Bolachas água e sal doces,Vieira,Embalagem de 170g,"0,84 €","2,80 €/Kg"
Pate picante 73gr.                ce *24,La piara,Embalagem de 70g,"1,99 €","22,11 €/Kg"
Aroma de coco,Rayners,Garrafa de 28 ml,"1,89 €","17,18 €/Kg"
Bolachas de água e sal,PorSi,Embalagem de 125g,"0,39 €","3,12 €/Kg"
Collant opac microfibra preto 60D,PorSi,Tamanho: xl,"18,99 €","18,99 €/Unidade"
Pensos Higiénicos Cottonlike Super Com Abas,Evax,12 unidades,"4,99 €","4,99 €/Unidade"
Chá salva,Cemporcent,Embalagem de 50g,"0,99 €","76,15 €/Kg"
Fatia de salame de chocolate,PorSi,Embalagem 60G,"2,05 €","5,13 €/Kg"
Sabonete líquido Marselha e Azeitona,Labell,Embalagem de 500 ml,"2,18 €/L","2,18 €/L"
Livro Plim! Agenda do professor 1º ano,Leya,1 unidade,"11,61 €","11,61 €/Unidade"
Bloco sanitário blue activ higiene,Sonasol,Embalagem de 50 g,"2,99 €","74,75 €/Kg"
Queijinho dadoninho petitdino de morango,Danone,Embalagem de 6 x 50 g,"4,23 €/Kg","4,23 €/Kg"
Croutons azeite e alho,PorSi,Embalagem de 150g,"2,39 €","6,83 €/Kg"
Peito de peru,PorSi,"Vendido ao peso, fatiado a partir de 150 g","1,44 €","9,59 €/Kg"
Sangria branca,PorSi,Garrafa de 1.5 litros,"6,89 €","1,38 €/L"
Chispe da Perna,Porco,1 un = 800 gr (aprox.),"4,29 €","4,29 €/Kg"
Gel de banho dermo micelar,Sanex,Embalagem de 600 ml,"3,99 €","19,95 €/L"
Gel de Banho Coconut Milk,Dove,Embalagem de 750 ml,"6,49 €","8,65 €/L"
Spray Limpa Placa Indução,Induclean,450 ml,"11,99 €","26,64 €/L"
Chouriço Nobreza,Elpozo,Vendido ao peso,"1,35 €","16,88 €/Kg"
Maionese,PorSi,Embalagem de 414 g,"0,87 €","2,90 €/Kg"
Guardanapos brancos folha tripla 33x33 cm,PorSi,70 unidades,"1,29 €","1,29 €/Unidade"
Mel em frasco com doseador,PorSi,Embalagem de 500g,"4,89 €","9,78 €/Kg"
Dawnut Açucarado,Pastelaria do Dia,48g,"0,30 €/Unidade","0,30 €/Unidade"
Champô 3 em 1 karpex,Vanish,950 ml,"1,79 €","2,39 €/L"
Lula limpa,Pescanova,Embalagem de 450g,"3,99 €","9,98 €/Kg"
"Delta decaf. mu cx 3,520 kg - café torrado moído des...",Delta,Embalagem de 220g,"1,59 €","6,36 €/Kg"
Veggie bowls bulgur & courgette 350g,Iglo green,Embalagem de 350g,"1,89 €","6,30 €/Kg"
Estendal Universal,Vileda,,"0,89 €","0,89 €/Unidade"
Bolachas maria,PorSi,Embalagem de 200g,"2,11 €/Kg","2,11 €/Kg"
Água s/ Gás,Serra de Fafe,Garrafa 6L,"1,04 €","0,17 €/L"
Caffe latte go chill,Delta,230 ml,"15,92 €/Kg","15,92 €/Kg"
Café solúvel descafeinado,PorSi,Embalagem de 100G,"14,50 €/Kg","14,50 €/Kg"
Pudim morango,Boca Doce,Embalagem de 20g,"0,59 €","29,50 €/Kg"
Leite 0% lactose magro,Mimosa,Garrafa de 1 l,"1,29 €","1,29 €/L"
Pensos térmicos alívio da dor muscular 13x10cm,PorSi,Embalagem de 2 unidades,"0,85 €","0,85 €/Unidade"
Refresco em pó de morango,Tang,Embalagem de 30g,"0,75 €","18,75 €/Kg"
Pota Inteira,Peixe Congelado,1 un= 200 gr (aprox.),"3,99 €/Kg","3,99 €/Kg"
Batata frita lisas originais,Lay's,Embalagem de 160g,"1,01 €","5,46 €/Kg"
Folhado Misto 90 g,Pastelaria do Dia,,"0,65 €","0,65 €/Unidade"
Fígado,Novilho,1 un = 100 gr (aprox.),"0,60 €","5,99 €/Kg"
Feijoada,PorSi,Embalagem de 420 g,"2,35 €","5,60 €/Kg"
Massa de cotovelos finos,Milaneza,Embalagem de 500g,"0,92 €","10,22 €/Kg"
Farinha de trigo sem fermento t55,PorSi,Embalagem de 1 kg,"1,99 €","1,99 €/Kg"
Bio infusão camomila 10x1.1g,PorSi Bio,Embalagem de 11g,"64,67 €/Kg","64,67 €/Kg"
Livro de exercicios 12º ano - matemática A,Editora Educação Nacional,1 unidade,"11,61 €","11,61 €/Unidade"
Chá mate verde planta,Cemporcent,Embalagem de 50g,"0,99 €","76,15 €/Kg"
Caldo de galinha,PorSi,24 cubos,"3,84 €","24,00 €/Kg"
Ketchup top down,Calve,Embalagem de 550g,"0,87 €","2,90 €/Kg"
Queijo ralado dispensador,PorSi,Embalagem de 80g,"7,45 €/Kg","7,45 €/Kg"
Refrigerante c/ gás ananás,Sumol,Garrafa de 500 ml,"0,40 €/L","0,40 €/L"
Comida húmida para cão em saquetas de frango/borrego,Purina One,Embalagem de 400g,"0,75 €","2,50 €/Kg"
Fita adesiva,PorSi,5m x 1.25 cm,"0,85 €","0,85 €/Unidade"
Palhinhas de papel,PorSi,25 unidades,"1,09 €","1,09 €/Unidade"
Saqueta puré de fruta e aveia,PorSi,Embalagem de 90g,"0,74 €","8,22 €/Kg"
Palitos super finos,PorSi,Embalagem de 85 unidades,"1,50 €","1,50 €/Unidade"
Chocolate maxi 6 barritas,Kinder,Embalagem de 130g,"2,29 €","17,62 €/Kg"
Creme Corpo Goodness,Dove,Embalagem de 300 ml,"12,48 €/L","12,48 €/L"
Mopa Maxi XXL + 8 Panos,Swiffer,1 unidade,"3,69 €","3,69 €/Unidade"
Creme de avelãs e cacau para barrar sem glúten,Cemporcent,Embalagem de 200g,"11,44 €/Kg","11,44 €/Kg"
5 rissóis de leitão,PorSi,Embalagem de 400g,"1,79 €","7,16 €/Kg"
Chá carqueja planta,Cemporcent,Embalagem de 40g,"0,99 €","76,15 €/Kg"
"As minhas primeiras receitas - refeição batata, abób...",Nestle,Embalagem de 190g,"2,19 €","11,53 €/Kg"
Snack gato frango/queijo,PorSi,Embalagem de 60g,"0,99 €","16,50 €/Kg"
"Óleo Spray Cenoura, SPF0",Cabana Sun,Embalagem de 200 ml,"7,59 €","37,95 €/L"
Doce amoras,ST.DALFOUR,Frasco de 284g,"2,19 €","9,95 €/Kg"
Cereais chocapic,Nestle,Embalagem de 375 g,"5,07 €/Kg","5,07 €/Kg"
Champô cacau&côco,Ultra Suave,Embalagem de 400 ml,"5,59 €","13,98 €/L"
Vinagre de fruta,PorSi,Embalagem de 500 ml,"0,35 €","0,70 €/L"
Creme de cogumelos,PorSi,Embalagem de 75g,"1,46 €","24,33 €/Kg"
"Cera cabelo, indestructible",Studio Line,Embalagem de 75 ml,"5,99 €","79,87 €/L"
Queijo flamengo fatias light,PorSi,Embalagem de 200g,"2,39 €","19,92 €/Kg"
Comida Húmida para Gatinhos Mousse com Vitela,Gourmet Diamant,Embalagem de 85 g,"3,49 €","10,26 €/Kg"
Barrita controlo de peso maçã,Ignoramu,Embalagem de 44g,"1,70 €","13,08 €/Kg"
Lixívia para roupa delicada,Neoblanc,Embalagem de 1 l,"2,19 €","1,10 €/L"
Tomate pelado,Guloso,Embalagem de 800g,"3,84 €","24,00 €/Kg"
Bebida de arroz,Frias,Garrafa de 1 l,"3,69 €","3,69 €/L"
Camarao vannamei 40/48,Pescanova,Embalagem de 800G,"8,99 €","25,69 €/Kg"
Alimento para cão adulto alta energia,HappyOne,Embalagem de 10 kg,"1,15 €/Kg","1,15 €/Kg"
Chá cidreira planta,Cemporcent,Embalagem de 50g,"0,99 €","76,15 €/Kg"
Batata pré-frita tradition,MCCAIN,Embalagem de 1 kg,"2,39 €","3,98 €/Kg"
Pringles sour cream & onion,Pringles,Embalagem de 175g,"1,18 €","6,38 €/Kg"
Chá infusão cardo mariano,Cemporcent,Embalagem de 13g,"0,99 €","76,15 €/Kg"
Ultra magnésio +b6,PLANTANATU,Embalagem de 1 unidades,"7,59 €","126,50 €/Kg"
T-Rex e Pteranodon,Clementoni,1 unidade,"5,99 €/Unidade","5,99 €/Unidade"
Ambientador recarga bouquet,Air Wick,Garrafa de 250 ml,"11,98 €","11,98 €/Unidade"
Gel pure 3 em 1,Garnier,Embalagem de 150 ml,"2,99 €","59,80 €/L"
Spray calcário e sujidade,Cillitbang,Garrafa de 500 ml,"1,29 €","0,86 €/L"
Chá detox matinal infusão,Cemporcent,Embalagem de 13g,"0,99 €","76,15 €/Kg"
Bandas de cera fria peles normais,Veet,Embalagem de 20 unidades,"3,11 €","3,11 €/Unidade"
Batata frita forno originais,Lay's,Embalagem de 150g,"0,87 €","5,44 €/Kg"
"Salsichas hot dog, frasco",Izidoro,Embalagem de 240g,"0,75 €","3,75 €/Kg"
Cevada solúvel,Delta,Embalagem de 200 g,"14,50 €/Kg","14,50 €/Kg"
Bifes de soja ao natural,Cemporcent,Embalagem de 250g,"1,49 €","3,73 €/Kg"
Insecticida recarga,Biokill,Embalagem de 375 ml,"5,09 €","8,48 €/L"
Areia para gatos mineral perfumada,PorSi,Embalagem de 5 kg,"1,19 €","0,24 €/Kg"
Barra s.k frutos vermelhos,Kellogg's,Embalagem de 130g,"1,70 €","13,08 €/Kg"
"Inseticida eléctrico, recarga night & day trio",Raid,1 unidade,"7,69 €","7,69 €/Unidade"
Chocolate culinário 70% cacau,Nestle,Embalagem de 170 g,"1,04 €","8,32 €/Kg"
20 saquetas infusão de cidreira e mel,Lipton,Embalagem de 30g,"64,67 €/Kg","64,67 €/Kg"
Forra Multiusos P/ Vassoura,Fapil,1 un.,"2,20 €","2,20 €/Unidade"
Leite especial crescimento +3 anos,Mimosa,Garrafa de 1 l,"0,26 €","1,30 €/L"
Magnum mini 3 chocolates,Olá,Embalagem de 6 x 55 ml,"5,99 €","16,64 €/L"
Toalhitas Refrescantes Rosto e Mãos,PorSi,Embalagem 3 x 10 un.,"1,10 €","1,10 €/Unidade"
"Escova de cabelo, esqueleto",Labell,Embalagem com 1 unidade,"1,99 €","1,99 €/Unidade"
Luvas Colors,Vileda,Tamanho: M/G,"1,79 €","1,79 €/Unidade"
Puré de batata,Saint Eloi,Embalagem de 500 g,"1,99 €","1,99 €/Kg"
Cocktail pessego,Bar Royal,Garrafa de 750 ml,"11,99 €","11,99 €/L"
Batido de chocolate,Forma+,Embalagem de 700g,"1,99 €","45,23 €/Kg"
Milho tenro e doce,Bonduelle,Embalagem de 300 g,"2,19 €","2,81 €/Kg"
Solha Congelada (200/400),Peixe Congelado,Pescado no mar,"3,99 €/Kg","3,99 €/Kg"
Xarope de limão sem corantes,Paquito,Garrafa de 750 ml,"4,89 €","6,61 €/L"
Snack para gato de salmão e queijo,Catisfactions,Embalagem de 60g,"0,99 €","16,50 €/Kg"
10 pães de leite,PorSi,Embalagem de 350g,"7,40 €/Kg","7,40 €/Kg"
"Postas pescada nº3, para fritar",PorSi,Embalagem de 600 g,"3,99 €","9,98 €/Kg"
Molho de soja com dispenser,KIKKOMAN,Garrafa de 150 ml,"3,99 €","26,60 €/L"
Ovos galinha solo m,PorSi,6 ovos,"1,59 €","1,59 €/Unidade"
Bio infusão chá verde 10x1.5g,PorSi Bio,Embalagem de 15g,"64,67 €/Kg","64,67 €/Kg"
Canetas de Feltro Lavavel Kids - 14 +4,Bic,Uma embalagem,"4,69 €","4,69 €/Unidade"
10 saquetas infusão de cidreira,Lipton,Embalagem de 20g,"64,67 €/Kg","64,67 €/Kg"
Bolacha de água e sal júnior,Vieira,Embalagem de 160g,"1,89 €","15,75 €/Kg"
Rolo de Cozinha Multi,Renova,4 Rolos,"4,99 €","4,99 €/Unidade"
Cappucinno,PorSi,Embalagem de 125 g,"15,92 €/Kg","15,92 €/Kg"
Achocolatado em Pó,Nesquik,Embalagem de 700g,"11,23 €/Kg","11,23 €/Kg"
Vinho maduro branco,Casal da eira,Embalagem de 250 ml,"0,85 €/L","0,85 €/L"
Vinho regional alentejano bag-in-box tinto,Galitos,Garrafa de 5 l,"11,29 €","2,26 €/L"
Conjunto caveiras rapaz,Coco,Eau de toillette + after shave + gel de banho,"14,99 €","14,99 €/Unidade"
Carteira mandala,*,1 unidade,"19,90 €","19,90 €/Unidade"
Snack para gato crispies salmão e truta,Felix,Embalagem de 50g,"0,99 €","16,50 €/Kg"
Chá erva luísa (lúcia lima),Cemporcent,Embalagem de 40g,"0,99 €","76,15 €/Kg"
Laca Cabelo Criação Brilho,Tresemmé,Embalagem de 300 ml,"5,99 €","79,87 €/L"
Moscatel de Setúbal 20 anos,Alambre,Garrafa de 0.50 l,"6,79 €/L","6,79 €/L"
Lixivia perfume fresco,Neoblanc,Embalagem de 2 l,"1,74 €","0,35 €/L"
Açucar granulado,PorSi,Embalagem de 1 kg,"1,49 €","1,49 €/Kg"
Óleo Performa 15W40,Galp,Embalagem de 1 l,"14,99 €","14,99 €/L"
Gelatina de manga,Koala,Embalagem de 130g,"0,85 €","2,13 €/Kg"
Empadão de carne,PorSi,Embalagem de 1 kg,"3,99 €","9,98 €/Kg"
Pimento Vermelho,Legumes do Dia,1 un=250 gr (aprox.),"0,72 €","2,89 €/Kg"
Queijo flamengo 0% lactose,PorSi Viva Bem,Embalagem de 150 g,"2,99 €","6,23 €/Kg"
Esponja limpa camurça,PorSi,1 unidade,"5,29 €","35,27 €/L"
Café Descafeinado,Nescafe,Embalagem de 100g,"1,59 €","6,36 €/Kg"
Amaciador Concentrado Creations Flor Lótus Lima,Comfort,80 doses,"3,99 €","3,99 €/Unidade"
Biscoitos choco trio,Milka,Embalagem de 150g,"0,69 €","4,60 €/Kg"
Manteiga amendoim cremosa,Calve,Embalagem de 350g,"4,39 €","12,91 €/Kg"
Salsichas de porco em lata,PorSi,Embalagem de 200g,"0,75 €","3,75 €/Kg"
Collant confort 20d preto S/M,PorSi,Embalagem de 1 unidades,"18,99 €","18,99 €/Unidade"
Frutapura maçã e pera,Bledina,Embalagem de 85g,"2,29 €","6,94 €/L"
Cubos de tamboril,Mar Ibérica,Embalagem de 250 g,"3,99 €","9,98 €/Kg"
80 filtros nº4 com saquetas antitártaro,Planteur,Uma embalagem com 80 unidades,"0,80 €","0,80 €/Unidade"
Tablete de chocolate culinário negro,PorSi,Embalagem de 200 g,"16,67 €/Kg","16,67 €/Kg"
Iogurte Líquido Yoggi s/ lactose Stracciatela,Nestle,4 x 160 g,"2,99 €","6,23 €/Kg"
Rum 3 anos havan club (40º),Havana,Garrafa de 700 ml,"17,49 €","24,99 €/L"
Açúcar branco em saquetas,Rar,Embalagem com 170 saquetas,"1,49 €","1,49 €/Kg"
Batata doce para fritar,PorSi,Embalagem de 600g,"2,39 €","3,98 €/Kg"
10 cápsulas café qanela,Delta Q,Embalagem de 60g,"54,36 €/Kg","54,36 €/Kg"
Chá espinheiro branco,Cemporcent,Embalagem de 50g,"0,99 €","76,15 €/Kg"
Ovos Galinha Solo XL Categoria A,PorSi,6 unidades,"1,59 €","1,59 €/Unidade"
Pasta Dentífrica Menta Suave,Aquafresh,Embalagem de 75 ml,"2,29 €","38,17 €/L"
Uva Branca,Fruta do Dia,1 un = 250 gr  (aprox.),"0,75 €","2,99 €/Kg"
"Sopa gourmet, cogumelos",Knorr,Embalagem de 60g,"1,46 €","24,33 €/Kg"
Bebida de Arroz,PorSi Viva Bem,1 l,"1,59 €","1,59 €/L"
Limpa madeiras ecológico,PorSi,1.5 litros,"4,39 €","14,63 €/L"
Água c/ gás groselha,Frize,pack 4 x 0.25 l,"1,99 €/L","1,99 €/L"
Leite condensado magro cozido,Nestle,Embalagem de 390g,"1,09 €","2,75 €/Kg"
Nata uht 0% lactose,Parmalat,Embalagem de 200 ml,"0,75 €","3,75 €/L"
Cerveja c/ álcool,Super Bock,pack 24 x 0.20 l,"1,99 €/L","1,99 €/L"
Mopa 1.2 spray max,Vileda,1 unidade,"3,69 €","3,69 €/Unidade"
Yaos iogurte grego natural,Nestle,Embalagem de 4x110g,"1,48 €","3,08 €/Kg"
Café Moagem Universal do Brasil,PorSi,Embalagem de 220g,"9,16 €/Kg","9,16 €/Kg"
Preparado em pó para pudim flan,El mandari,Embalagem de 19.2 g,"1,69 €","8,45 €/L"
Mousse chocolate,PorSi,Embalagem de 150g,"0,79 €","5,27 €/Kg"
"Maionese, frasco",Hellmman's,Embalagem de 210g,"0,87 €","2,90 €/Kg"
"Salsichas wiennerwurt em frasco, 6 un",Nobre,Embalagem de 250g,"0,75 €","3,75 €/Kg"
Vinho Vinha da Fonte Setúbal tinto,Casa Ermelinda Freitas,Garrafa de 0.75 l,"8,59 €","11,45 €/L"
Abóbora adoçada com xarope de milho,Cemporcent,Embalagem de 240g,"3,99 €","7,98 €/Kg"
Anti-Traça Cedro,Dum Dum,2 unidades,"5,99 €","176,18 €/Kg"
Caderno Espiral Universal A5 Quadriculado,Domédia,1 un.,"2,49 €","2,49 €/Unidade"
Pilha alcalina classic lr6x4,Domédia,1 unidade,"1,75 €","1,75 €/Unidade"
Quinoa branca em grão,Cemporcent,Embalagem de 1 kg,"2,29 €","11,45 €/Kg"
Toalha de mãos,PorSi,50 x 100 cm,"8,99 €","8,99 €/Unidade"
Iogurte activia cremoso frutos silvestres,Danone,Embalagem de 4 x 120 g,"2,99 €","6,80 €/Kg"
Feijão manteiga,PorSi,Frasco com 540 g,"2,19 €","2,81 €/Kg"
Mirtilo,Fruta Embalada,Embalagem com 125g,"1,99 €","15,92 €/Kg"
Salsicha p/Churrasco Aves,Carne Sorraia,1 Embalagem 360G,"4,19 €","20,95 €/Kg"
Natas uht 3 queijos,Parmalat,Embalagem de 200 ml,"0,75 €","3,75 €/L"
Tambor,Panda,1 un.,"12,99 €/Unidade","12,99 €/Unidade"
Ambientador aerossol 5 em 1 jasmim,PorSi,300 ml,"0,99 €","3,30 €/L"
Barras fitness com morango,Nestle,Embalagem de 140g,"3,79 €","29,38 €/Kg"
Creme calçado preto,PorSi,50 ml,"0,99 €","19,80 €/L"
Chocolate sombrinhas,Regina,Embalagem de 15 g,"2,29 €","17,62 €/Kg"
Fermento padeiro,Royal,Embalagem de 27g,"1,89 €","17,18 €/Kg"
Café torrado intensa,Nicola,Embalagem de 250 g,"9,16 €/Kg","9,16 €/Kg"
Chá infusão barbas de milho,Cemporcent,Embalagem de 13g,"0,99 €","76,15 €/Kg"
"Lava tudo antibacteriano lavanda 1,5l",PorSi,Garrafa de 1.5 l,"0,99 €","0,50 €/L"
Aroma de café,Rayners,Garrafa de 28 ml,"1,89 €","17,18 €/Kg"
Monopoly Millennials,Hasbro,1 un.,"9,99 €/Unidade","9,99 €/Unidade"
Anona,Fruta do Dia,1 un = 250 gr  (aprox.),"2,79 €/Kg","2,79 €/Kg"
Café solúvel c/ cafeína,PorSi,Embalagem de 100g,"14,50 €/Kg","14,50 €/Kg"
Quebrado massa folhada,Pasta dia,Embalagem de 300g,"0,99 €","4,30 €/Kg"
"Cera de depilação oriental, pote",Labell,Embalagem de 250 ml,"3,11 €","3,11 €/Unidade"
Recargas ambientador elétrico romantic vanilla bloss...,Glade,Embalagem de 2 x 20 ml,"11,98 €","11,98 €/Unidade"
Azeite virgem extra seleção,PorSi,Garrafa de 2 l,"3,29 €","4,39 €/L"
"Café em grão, lote superior",Delta,Embalagem de 1 kg,"9,16 €/Kg","9,16 €/Kg"
"Engoma fácil, pistola",PorSi,Embalagem de 750 ml,"10,99 €","52,33 €/Kg"
Lipo365 - chá infusão,Forma+,Embalagem de 13g,"0,99 €","76,15 €/Kg"
Chá infusão sene bio,Cemporcent,Embalagem de 13g,"0,99 €","76,15 €/Kg"
Amêndoa amarga,Milbar,"Garrafa de 0,70 l","5,99 €","8,56 €/L"
Chá infusão camomila bio,Cemporcent,Embalagem de 13g,"0,99 €","76,15 €/Kg"
Adoçante em pó,Canderel,Embalagem de 90g,"5,99 €","23,96 €/Kg"
Cubos gengibre (para mastigar),Cemporcent,Embalagem de 100g,"1,94 €","3,88 €/Kg"
Champanhe bruto,Delagne & Fils,"Garrafa de 0,75 l","40,29 €","53,72 €/L"
Óleo extra virgem de coco,Origensbio,Garrafa de 200 ml,"3,38 €","3,38 €/L"
Água mineral sem gás,S.estrela,pack 4 x 1.5 l,"1,04 €","0,17 €/L"
Pensos higiénicos liberty noite abas,Evax,Embalagem com 9 un.,"4,99 €","4,99 €/Unidade"
Molho de whisky cocktail,Calve,Garrafa de 250 ml,"0,87 €","2,90 €/Kg"
Barrita controlo de peso iogurte,Ignoramu,Embalagem de 44g,"1,99 €","45,23 €/Kg"
Café torrado lote chávena máquina,Delta,Embalagem de 250g,"9,16 €/Kg","9,16 €/Kg"
Sobremesa Paturette Creamy Chocolate,Páturages,Embalagem de 4X115G,"1,19 €","2,59 €/Kg"
Iogurte liquido sem lactose natural açucarado,PorSi Viva Bem,Embalagem de 4 x 160 g,"2,49 €","5,19 €/Kg"
Gelado carte d'or yogurt & forest fruit,Olá,Embalagem de 900 ml,"5,49 €","6,10 €/L"
Chá cidreira,Cemporcent,Embalagem de 50g,"0,99 €","76,15 €/Kg"
Elixir bocal dentes e gengivas,Listerine,Embalagem de 1 l,"5,99 €","11,98 €/L"
Iogurte liquido proteína yopro morango/framboesa,Yopro,300 g,"5,97 €/Kg","5,97 €/Kg"
Rebuçados mel e limão,PorSi,Embalagem de 200g,"0,77 €","3,85 €/Kg"
Arroz Carolino,Saludães,Embalagem de 1 kg,"1,26 €","1,26 €/Kg"
Infusão cidreira,Cemporcent,Embalagem de 10 unidades,"64,67 €/Kg","64,67 €/Kg"
Ab bran flakes,Kellogg's,Embalagem de 375g,"1,49 €","2,98 €/Kg"
Leite especial cálcio + vitamina d magro,Mimosa,Garrafa de 1 l,"1,29 €","1,29 €/L"
Alimento p/ cão adulto bio complex c/ frango,HappyOne,Embalagem de 10 kg,"1,15 €/Kg","1,15 €/Kg"
"Jogo ""Pizza Express""",Clementoni,1 unidade,"9,99 €/Unidade","9,99 €/Unidade"
Comida húmida para gato duplo prazer com peixe do oc...,Gourmet Gold,Embalagem de 90g,"3,49 €","10,26 €/Kg"
Iogurte Pedaços Kiwi 0% Matéria Gorda/Açúcares,Danone,4 x 120 g,"1,44 €","2,88 €/Kg"
Iogurte ananás 000%,PorSi Viva Bem,Embalagem de 4 x 125 g,"7,66 €/Kg","7,66 €/Kg"
Comida húmida para gato seleção de carnes,Gourmet mp,Embalagem de 300g,"3,49 €","10,26 €/Kg"
Buondi extreme cafe moido 12x200g,Buondi,Embalagem de 200g,"9,76 €/Kg","9,76 €/Kg"
"Maionese, frasco",Hellmman's,Embalagem de 420g,"0,87 €","2,90 €/Kg"
Pastilhas ice spearmint,CHICLETS,Embalagem de 17 g,"0,89 €","59,33 €/Kg"
Infusão elegância 10x1.5g,PorSi Viva Bem,Embalagem de 15g,"64,67 €/Kg","64,67 €/Kg"
Creme de Limpeza Facial com Chá Kombucha,Diadermine,40 g,"0,76 €","0,76 €/Unidade"
"Papel higiénico compacto, folha dupla",Renova,4 = 12 rolos,"5,99 €","5,99 €/Unidade"
Infusão de camomila,PorSi,Embalagem de 33.7 g,"64,67 €/Kg","64,67 €/Kg"
Vinho frisante branco,Lapadas,Garrafa de 750 ml,"2,29 €","3,05 €/L"
Chá infusão menos peso,Cemporcent,Embalagem de 13g,"0,99 €","76,15 €/Kg"
12 vitaminas e 12 minerais - frasco comprimido,Forma+,Embalagem de 60g,"7,59 €","126,50 €/Kg"
Grão de bico,Caçarola,Embalagem de 500 g,"2,18 €/Kg","2,18 €/Kg"
Polpa de tomate em garrafa,Compal,Embalagem de 500g,"3,84 €","24,00 €/Kg"
Iogurte mix-in nesquik,Nestle,Embalagem de 2 x 115 g,"4,23 €/Kg","4,23 €/Kg"
Ambientador arbremagique limão,Arbre Magique,1 unidade,"1,99 €","1,99 €/Unidade"
Bolachas infantil dinossauros,Artiach,Embalagem de 190g,"1,89 €","15,75 €/Kg"
Mousse de chocolate leite,Páturages,Embalagem de 4x60 g,"1,19 €","2,59 €/Kg"
Spray fornos e grelhadores,Cif,435 ml,"1,79 €","2,39 €/L"
Rebuçados fruta,PorSi,Embalagem de 250g,"2,30 €","57,50 €/Kg"
Renovador Camurça em Spray Preto,Búfalo,Embalagem de 250 ml,"6,19 €","24,76 €/L"
Detergente líquido máquina de roupa lavanda,PorSi,86 Doses,"2,00 €/L","2,00 €/L"
Vinho tinto,PorSi,embalagem de 1 litro,"0,85 €/L","0,85 €/L"
Vinho doc douro reserva tinto,Romanisco,Garrafa de 0.75 l,"7,49 €","9,99 €/L"
Nata uht para culinária,Parmalat,Embalagem de 200 ml,"0,75 €","3,75 €/L"
Creme culinário soja light,Shoyce,Garrafa de 200 ml,"0,75 €","3,75 €/L"
Rolos de papel multiusos 2 folhas,PorSi,1 unidade,"4,99 €","4,99 €/Unidade"
Spray optimal 7 com lixivia,Ajax,Embalagem de 500 ml,"1,79 €","2,39 €/L"
Feijão branco fidalgo,Legumes secos,1 un = 100 gr. (aprox.),"0,23 €","2,29 €/Kg"
Noodle banzai carne,Cigala,Embalagem de 70g,"0,92 €","10,22 €/Kg"
"Infusãoo mirtilo/acai, 20 saquetas",Tetley,Embalagem de 40g,"64,67 €/Kg","64,67 €/Kg"
Meloa Gália,Fruta da Época,1 un = 1 kg (aprox.),"0,75 €","2,99 €/Kg"
Achocolatado em Pó,Nesquik,Embalagem de 390g,"11,23 €/Kg","11,23 €/Kg"
Vinho tinto alentejo,ALABASTRO,"Garrafa de 0,75 l","2,89 €","3,85 €/L"
Gel banho infusão de óleo perfume de algodão,Nivea,Embalagem de 500 ml,"3,99 €","19,95 €/L"
Pasta de amêndoa tricolor,Vahine,Embalagem de 150g,"1,09 €","5,45 €/Kg"
Hambúrgueres de peru,PorSi,Embalagem de 4x80g,"2,79 €","8,72 €/Kg"
Desodorizante roll on dermo invisible,Sanex,Embalagem de 50 ml,"4,69 €","31,27 €/L"
Snack Cão Prodental,PorSi,Embalagem 180 g,"1,09 €","6,06 €/Kg"
Polpa de tomate com cebola e alho,Compal,Embalagem de 500g,"3,84 €","24,00 €/Kg"
Cueca Incontinência Boutique Plus G,Ausonia Discreet,Embalagem de 8 Un.,"9,99 €","9,99 €/Unidade"
"Crepes queijo/fiambre, 6 unidades",Claude Léger,Embalagem de 300 g,"1,89 €","6,30 €/Kg"
Champô cabelos pintados,Labell,Embalagem de 250 ml,"5,59 €","13,98 €/L"
Recarga para esfregona ultrasec,Scotch-Brite,Embalagem de 1 unidades,"3,69 €","3,69 €/Unidade"
Malga com prato barro pintado,Anitex,1 unidade,"2,50 €","2,50 €/Unidade"
Desumidificador Basic,HUMYDRY,embalagem de 250g,"4,99 €","19,96 €/Kg"
Salsa,PorSi,Embalagem de 50g,"0,99 €","19,80 €/Kg"
Tarteletes com recheio morango,PorSi,Embalagem de 96g,"0,79 €","4,49 €/Kg"
"Limpa vidros pistola, cristal",Ajax,Embalagem de 500 ml,"3,19 €","6,38 €/L"
"Bloco sanitário, Blue Active Floral",Sonasol,Embalagem de 50 g,"2,99 €","74,75 €/Kg"
Café em grão,Delta,Embalagem de 1 kg,"9,16 €/Kg","9,16 €/Kg"
12 nuggets frango polme americano,Capitão Iglo,Embalagem de 220g,"3,99 €","9,98 €/Kg"
Desodorizante spray energy,Labell Men,Embalagem de 200 ml,"1,39 €","6,95 €/L"
Pão Forno Pedra Centeio,Garcia & Filhos,1 un = 400 g (aprox.),"0,20 €","2,86 €/Kg"
Intensificador de fragrância máquina lavar roupa pér...,Comfort,Embalagem de 275 g,"9,99 €","36,33 €/Kg"
Concentrado manga,Sunquick,Garrafa de 580 ml,"4,89 €","6,61 €/L"
Sacos de congelação pequenos,PorSi,"50 unidades, 1 embalagem","1,11 €","1,11 €/Unidade"
"Jogo de Viagem, Batalha Naval",Hasbro,,"24,99 €","24,99 €/Unidade"
Frutapura Pouch Frutos Variados,Bledina,Embalagem de 85g,"2,29 €","6,94 €/L"
Vinho rosé mateus emotion,Mateus,Garrafa de 750 ml,"4,29 €","5,72 €/L"
Bolacha vida equilíbrio ameixa e fibra,Cemporcent,Embalagem de 140g,"1,45 €","11,15 €/Kg"
Iogurte Pedaços Pêssego,PorSi,Embalagem de 2x135 g,"0,69 €","1,38 €/Kg"
Vinho regional península de setúbal,Dom Campos,Garrafa de 0.75 l,"8,59 €","11,45 €/L"
"Lenços de bolso sensitive, brancos, 10 unidades",Renova,1 embalagem de 18x10,"0,89 €","0,89 €/Unidade"
Acetona,PorSi,Embalagem de 60 ml,"1,09 €","4,36 €/L"
Sumo 100% Fruta Laranja Espremida,Compal,1 litro,"1,09 €","0,73 €/L"
Lixivia perfumada,PorSi,Garrafa de 2 l,"2,59 €","1,30 €/L"
Caldo de galinha 24 cubos,Knorr,Embalagem de 240g,"3,84 €","24,00 €/Kg"
Sidra maçã,Bandida,Lata de 500 ml,"1,59 €","3,18 €/L"
"Iogurte actimel, morango",Danone,Embalagem de 12 x 100 g,"2,49 €","5,19 €/Kg"
"Toalhetes intimos protect, 15 unidades",Dystron,Uma embalagem,"2,89 €","2,89 €/Unidade"
Vinho tinto bag-in-box,Capataz,Embalagem de 5 l,"11,29 €","2,26 €/L"
Caderno Espiral Capa Dura A4 Quadriculado,Domédia,1 un.,"1,09 €","1,09 €/Unidade"
Farinha de aveia integral,Cemporcent,Embalagem de 400g,"2,29 €","11,45 €/Kg"
Adoçante com doseador,PorSi,Embalagem 300 comprimidos,"5,99 €","23,96 €/Kg"
Vinho regional península de setúbal reserva,Periquita,Garrafa de 0.75 l,"8,59 €","11,45 €/L"
Atum ao natural,Ramirez,Embalagem de 120g,"9,08 €/Kg","9,08 €/Kg"
Lixívia tradicional,PorSi,Embalagem de 2 l,"1,74 €","0,35 €/L"
Néctar 8 frutos,Bongo,Pack 3 x 200 ml,"0,99 €","0,99 €/L"
Recarga sabonete líquido para as mãos de coco,Dove,500 ml,"2,18 €/L","2,18 €/L"
Pão clássico sem glúten,Schar,Embalagem de 300g,"1,49 €","6,77 €/Kg"
Luvas Multi Latex M/L,Vileda,10 unidade,"0,69 €","0,69 €/Unidade"
Comida húmida para gato com frango/vaca,Purina One,Embalagem de 340g,"3,49 €","10,26 €/Kg"
Leite C/ Chocolate,Mimosa,Embalagem de 4 x 200 ml,"0,26 €","1,30 €/L"
Leite uht sem lactose magro,PorSi Viva Bem,1 litro,"0,83 €","0,83 €/L"
Lixívia Spray Multiusos,Neoblanc,Embalagem de 650ml,"2,59 €","1,30 €/L"
Lay's gourmet corte fino,Lay's,Embalagem de 150g,"1,01 €","5,46 €/Kg"
Petit gâteau chocolate negro belga,PorSi,Embalagem com 4 unidades,"2,57 €","7,79 €/Kg"
Chá solúvel ventre plano,Cemporcent,Embalagem de 45g,"0,99 €","76,15 €/Kg"
"Pasta dentífrica, 7-13 anos",Labell,Embalagem de 75 ml,"3,29 €","43,87 €/L"
Lirios tricolores,Milaneza,Embalagem de 500g,"0,92 €","10,22 €/Kg"
"Discos desmaquilhantes, 120 unidades",PorSi,Embalagem de 120 unidades,"0,76 €","0,76 €/Unidade"
Vinho maduro branco meio seco,Adega grande,Garrafa de 750 ml,"1,59 €","2,12 €/L"
Amora,PorSi,Embalagem com 125g,"1,99 €","15,92 €/Kg"
Molho iogurte,PorSi,Garrafa de 285 ml,"0,87 €","2,90 €/Kg"
Detergente liquido loiça limão,PorSi,Garrafa de 1 litro,"1,05 €","2,10 €/L"
Hambúrgueres de porco (Burger Meat),PorSi,Embalagem de 400 g,"2,41 €","6,03 €/Kg"
Barras de cereais de trigo integral com chocolate e ...,Nestle,Embalagem de 135 g,"1,70 €","13,08 €/Kg"
Cotonetes para bebé,PorSi,Embalagem com 60 unidades,"0,58 €","0,58 €/Unidade"
Maçã golden 60/65 categoria II Programa Origens,PorSi,Embalagem de 1.5 kg,"0,30 €","1,69 €/Kg"
Cerveja com álcool abadia,Super Bock,pack 6 x 0.33 l,"1,99 €/L","1,99 €/L"
"Cera cabelo, Paste Urban",Axe,Embalagem de 130 ml,"5,99 €","79,87 €/L"
"Iogurte pedaços, frutimax muesli",PorSi,Embalagem de 4 x 125 g,"1,44 €","2,88 €/Kg"
Salsichas Frankfurt em lata,Izidoro,Embalagem de 120g,"0,75 €","3,75 €/Kg"
Ervilhas bio,PorSi Bio,Frasco com 290 g,"2,19 €","2,81 €/Kg"
Bolacha de manteiga belga c/ chocolate,Saborosa,Embalagem de 200g,"1,69 €","6,76 €/Kg"
Nabo Roxo s/ Rama,Programa Origens,1 un = 200 gr  (aprox.),"1,79 €","1,19 €/Kg"
Batata frita palha,PorSi,Embalagem de 160g,"0,87 €","5,44 €/Kg"
Alimento seco gato salmao 1.5k,Purina One,"Embalagem de 1,5 kg","12,99 €","4,33 €/Kg"
Perna,Borrego,1 un = 1.5 kg (aprox.),"19,49 €","12,99 €/Kg"
Água sem gás,Penacova,Garrafão de 5 litros,"1,04 €","0,17 €/L"
Grelos,Bonduelle,Embalagem de 400 g,"1,98 €","1,98 €/Kg"
Morcela de Sousel,PorSi,1 un = 450 gr (aprox.),"1,49 €","7,45 €/Kg"
Massa bagos,PorSi,Embalagem de 250g,"0,92 €","10,22 €/Kg"
Creme marisco,Knorr,Embalagem de 70g,"1,46 €","24,33 €/Kg"
Tira Nódoas em Gel Cores,Skip,1.6 l,"10,99 €","52,33 €/Kg"
Sopa de cozido,Knorr,Embalagem de 70g,"1,46 €","24,33 €/Kg"
Lixívia Spray Mousse,Neoblanc,Embalagem de 700ml,"2,59 €","1,30 €/L"
Achocolatado,Coqui,Embalagem de 400 g,"11,23 €/Kg","11,23 €/Kg"
Bolacha craker queijo,Tuc,Embalagem de 100g,"0,84 €","2,80 €/Kg"
Queijo flamengo ralado,Valformoso,Embalagem de 150g,"7,45 €/Kg","7,45 €/Kg"
Infusão cavalinha,Cemporcent,Embalagem de 10 unidades,"64,67 €/Kg","64,67 €/Kg"
"Bolachas aperitivas, simples",Tuc,Embalagem de 100g,"2,82 €","9,40 €/Kg"
Iogurte magro morango sem lactose,Mimosa,Embalagem de 4x 120 g,"2,99 €","6,23 €/Kg"
Iguarias Pota com Alho,Pitéu,Embalagem de 120 g,"9,08 €/Kg","9,08 €/Kg"
Tapa fugas,Redex,Embalagem de 250 ml,"14,99 €","14,99 €/L"
Pasta de dentes max white expert white,Colgate,Embalagem de 75 ml,"2,29 €","38,17 €/L"
Iogurte Pedaços Kiwi 0% Matéria Gorda/Açúcares,Danone,4 x 120 g,"4,15 €/Kg","4,15 €/Kg"
Gelatina pronta a comer morango,Royal,Embalagem de 4 x 100 g,"0,85 €","2,13 €/Kg"
Gel de Banho Corpo e Cabelo Sensitive,Baby Dove,Embalagem de 400 ml,"4,99 €","16,63 €/L"
Bolacha shortcake,Nacional,Embalagem de 180g,"1,69 €","6,76 €/Kg"
Chá hibisco e maçã infusão,Cemporcent,Embalagem de 13g,"0,99 €","76,15 €/Kg"
Iogurte Líquido Yoggi Frutos Tropicais s/ Lactose,Nestle,4x160g,"2,99 €","6,23 €/Kg"
Tapete p/ Rato Gaming G18,Scorpion,unidade,"1,19 €","119,00 €/Kg"
Sobremesa Paturette Caramelo,Páturages,Embalagem de 4x115g,"1,19 €","2,59 €/Kg"
Champanhe brut,Pommery,Garrafa de 0.75 l,"40,29 €","53,72 €/L"
Óleo p/ Moto Performa M2T,Galp,Embalagem de 1 l,"14,99 €","14,99 €/L"
Caramelos de leite,Penha,Embalagem de 100g,"2,75 €","11,00 €/Kg"
Tostas dietéticas,Diatosta,Embalagem de 225 g,"1,34 €","5,96 €/Kg"
Crescido,Bacalhau da Noruega,1 un = 1.5 kg (aprox.),"8,73 €/Kg","8,73 €/Kg"
Tamaras,PorSi,Embalagem de 200g,"0,79 €","3,95 €/Kg"
Cerveja com álcool,Kings Bräu,"Embalagem de 0,33 l","1,99 €/L","1,99 €/L"
Feijão encarnado em frasco,PorSi,frasco de 540 g,"2,19 €","2,81 €/Kg"
Creme para calçado incolor,PorSi,50 ml,"0,99 €","19,80 €/L"
Vassoura pequena,PorSi,unidade,"2,20 €","2,20 €/Unidade"
Tosta integral de alfarroba,Cemporcent,Embalagem de 250g,"1,34 €","5,96 €/Kg"
Sabonete original,Palmolive,Embalagem de 4x90 g,"4,49 €","12,47 €/Kg"
Batata frita gourmet,PorSi,Embalagem de 150g,"1,01 €","5,46 €/Kg"
Chá infusão quebra pedras,Cemporcent,Embalagem de 13g,"0,99 €","76,15 €/Kg"
Néctar vital equilibrio laranja/cenoura/manga,Compal,Embalagem de 1 l,"0,99 €","0,99 €/L"
Sumo 100% fresh maçã,Compal,Garrafa de 330 ml,"1,09 €","0,73 €/L"
Ambientador spray pure colónia de bebé,PorSi,250 ml,"0,99 €","3,30 €/L"
Recargas ambientador elétrico relaxing zen,Glade,Embalagem de 2 x 20 ml,"11,98 €","11,98 €/Unidade"
Iogurte natural,Danone,Embalagem de 4 x 120 g,"1,48 €","3,08 €/Kg"
Detergente Máquina Roupa Liquido Bebé,PorSi,50 doses,"3,55 €","2,37 €/L"
"Sprite lima-limão sem açúcar embalagem 1,5 l.",Sprite,Garrafa de 1.5 l,"0,40 €/L","0,40 €/L"
Kinder delice cacau,Kinder,Embalagem de 400g,"2,05 €","5,13 €/Kg"
Biscoitos integrais sementes de agave,PorSi Viva Bem,Embalagem de 150g,"0,69 €","3,45 €/Kg"
Agrafador alicate essentials nº10,Maped,1 unidade,"1,19 €","119,00 €/Kg"
Polpa de maracuja,PorSi,Embalagem de 565g,"2,79 €","4,92 €/Kg"
Vinagre balsâmico modena,Gallo,Garrafa de 500 ml,"0,35 €","0,70 €/L"
Massa spaghetti tricolore,Milaneza,Embalagem de 500 g,"0,92 €","10,22 €/Kg"
"Queijo regional de vaca, cabra e ovelha curado",Qj.saloio,Embalagem de 190g,"2,89 €","15,21 €/Kg"
Boia pneu,Wet Fun,Dim: Ø 90 cm,"2,99 €","2,99 €/Unidade"
Massa de pontinha grossa,Nacional,Embalagem de 250g,"0,92 €","10,22 €/Kg"
Tablete de chocolate de culinária - sem açúcar,PorSi Viva Bem,Embalagem de 100 g,"1,04 €","8,32 €/Kg"
Lixívia densa +,Neoblanc,Embalagem de 1 l,"1,74 €","0,35 €/L"
Napolitanas creme cacau,PorSi,Embalagem de 320g,"1,77 €","5,53 €/Kg"
Mini tostas de trigo,Diatosta,Embalagem de 350 g,"2,39 €","6,83 €/Kg"
Stevia chocolate negro com avelãs,Cemporcent,Embalagem de 125g,"2,89 €","23,12 €/Kg"
Ice tea limão,Lipton,Embalagem de 1L,"1,90 €","1,27 €/L"
Fogão p/Campismo Bistro,Campingaz,1 unidade,"9,99 €","9,99 €/Unidade"
Sacos higiénicos para animal,Canaillou,4 x 20 unidades,"1,19 €","0,24 €/Kg"
Comida húmida para cão almôndegas,PorSi,Embalagem de 1200 g,"0,75 €","2,50 €/Kg"
Lambrusco bianco,*,Garrafa de 750 ml,"2,09 €","2,79 €/L"
Leite Meio Gordo sem Lactose,Mimosa,Pack 4 x 200 ml,"0,83 €","0,83 €/L"
Mini tostas trigo super finas,PorSi,Embalagem de 100 g,"2,39 €","6,83 €/Kg"
Lixívia Gel Brisa Marítima,Neoblanc,Embalagem de 700ml,"1,74 €","0,35 €/L"
Iogurte grego natural açucarado sem lactose,PorSi Viva Bem,Embalagem de 240g,"2,99 €","6,23 €/Kg"
Sebenta a5 40 folhas,Firmo,1 unidade,"2,49 €","2,49 €/Unidade"
Lixívia densa verde,Neoblanc,Embalagem de 1 l,"1,74 €","0,35 €/L"
Bandas de cera facial peles normais,Veet,Embalagem de 20 unidades,"3,11 €","3,11 €/Unidade"
Iogurte morango 000%,PorSi Viva Bem,Embalagem de 4 x 125 g,"1,44 €","2,88 €/Kg"
Bolachas choco mini estrelas,Milka,Embalagem de 190g,"2,78 €/Kg","2,78 €/Kg"
Vodka,ON/OFF,Garrafa 0.70L,"19,79 €","19,79 €/L"
Fralda Cueca de Banho 7 a 15 kg,Huggies,Embalagem com 12 un.,"12,99 €","12,99 €/Unidade"
Pilhas Alcalinas AA Optimum,Duracell,Blister 4 Pilhas,"1,75 €","1,75 €/Unidade"
Chá menta e especiarias infusão,Cemporcent,Embalagem de 13g,"0,99 €","76,15 €/Kg"
Café solúvel em saquetas,Nescafe,Embalagem de 45 g,"14,50 €/Kg","14,50 €/Kg"
Inseticida líquido elétrico recarga,Raid,Pack 3 x 27 ml,"7,69 €","7,69 €/Unidade"
Azeitona mista,PorSi,Embalagem de 210g,"1,49 €","7,10 €/Kg"
10 saquetas infusão de camomila,Lipton,Embalagem de 10g,"64,67 €/Kg","64,67 €/Kg"
Bebida de aveia s/ gluten,Joya,Garrafa de 1 l,"11,44 €/Kg","11,44 €/Kg"
Cera de depilação profissional,Veet,Garrafa de 300 ml,"3,11 €","3,11 €/Unidade"
Tostas integrais,Diatosta,Embalagem de 225 g,"2,39 €","6,83 €/Kg"
Gelatina pronta a comer light 10 kcal melancia,Royal,Embalagem de 4 x 100 g,"0,85 €","2,13 €/Kg"
2 toalhas de bidé,PorSi,30 x 50 cm,"8,99 €","8,99 €/Unidade"
Salsichas em lata,PorSi,Embalagem  de 120 g,"0,75 €","3,75 €/Kg"
Gelatina light de morango,Condi,Embalagem de 2x15g,"0,55 €","61,11 €/Kg"
Queijo gouda fatias 0% lactose,PorSi Viva Bem,Embalagem de 150g,"2,39 €","19,92 €/Kg"
"Shorties Body, L-XL",Nivea,1 unidade,"18,99 €","18,99 €/Unidade"
Café Solúvel Black Roast,Nescafe,Embalagem de 200g,"14,50 €/Kg","14,50 €/Kg"
Sumo concentrado de laranja,GUD,Garrafa de 740 ml,"4,89 €","6,61 €/L"
Recargas de esfregão com cabo,Fino,embalagem com 3 un.,"2,54 €","2,54 €/Unidade"
Água s/ gás,Luso,"Garrafa de 0,75 l","1,04 €","0,17 €/L"
Bolachas chiquilin,Artiach,Embalagem de 180g,"1,69 €","6,76 €/Kg"
Whisky gold heritage,Label 5,"Garrafa de 0,70 l","19,99 €","19,99 €/L"
Cerveja com álcool,Sagres,Garrafa de 1 l,"1,99 €/L","1,99 €/L"
Detergente líquido manual loiça lavanda e alecrim,Fairy,Embalagem de 650 ml,"1,05 €","2,10 €/L"
"Gel banho, free time",Nivea,Embalagem de 500 ml,"3,99 €","19,95 €/L"
Café espresso descafeinado intensidade 6,PorSi,16 cápsulas,"1,59 €","6,36 €/Kg"
Compal da horta concentrado tomate,Compal,Embalagem de 140g,"3,84 €","24,00 €/Kg"
"Chocolate, extra single",Twix,Embalagem de 80g,"11,93 €/Kg","11,93 €/Kg"
Lambrusco rose,*,Garrafa de 750 ml,"2,29 €","3,05 €/L"
Aguardente,1920,Garrafa de 700 ml,"11,49 €","16,41 €/L"
Fruta para bebé maçã banana morango +8 meses,Nestle,Embalagem de 90g,"0,74 €","8,22 €/Kg"
Gel de Banho Shea Butter & Vanilla,Dove,Embalagem de 750 ml,"6,49 €","8,65 €/L"
Ambientador tealights frutos vermelhos,PorSi,embalagem com 18 unidades,"5,99 €","5,99 €/Unidade"
Amaciador roupa citrus,Bot.origin,45 doses,"8,99 €","2,25 €/L"
Repelente de água,PorSi,Embalagem de 250 ml,"3,49 €","13,96 €/L"
"Chá de mel, limão e ginseng",Tetley,Embalagem de 20g,"44,50 €/Kg","44,50 €/Kg"
Laboratório Mecânica Mars Rover,Clementoni,1 unidade,"11,61 €","11,61 €/Unidade"
Couscous,PorSi,Embalagem de 5 x 100 g,"0,92 €","10,22 €/Kg"
Batata frita churrasco,PorSi,Embalagem de 185 g,"1,18 €","6,38 €/Kg"
Salsa folhas,PorSi,Saqueta de 12 g,"2,29 €","30,53 €/Kg"
Leite com chocolate original,Ucal,Embalagem de 6 x 250 ml,"0,26 €","1,30 €/L"
Aveia instantânea em pó,Prozis,"Embalagem de 1,25 kg","0,69 €","0,69 €/Kg"
Crepe chocolate,PorSi,Embalagem de 540g,"2,57 €","7,79 €/Kg"
Néctar clássico tutti frutti,Compal,Garrafa de 200 ml,"0,99 €","0,99 €/L"
Massa de laços com vegetais,Nacional,Embalagem de 500g,"0,92 €","10,22 €/Kg"
Sidra maçã,Somersby,pack 4 x 0.33 l,"1,59 €","3,18 €/L"
Penso diário salvaslip multiforma,Evax,embalagem de 34 unidades,"2,99 €","2,99 €/Unidade"
Acetona,PorSi,Embalagem de 60 ml,"14,99 €","14,99 €/Unidade"
Gel Banho Care&Orange,Nivea,Embalagem de 500 ml,"6,49 €","8,65 €/L"
Balde com pedal branco,PorSi,Capacidade: 7 litros,"2,50 €","2,50 €/Unidade"
Queijo vaca sem lactose,PorSi Viva Bem,250 g,"3,84 €","15,35 €/Kg"
Fita dental,Sensodyne,1 unidade,"3,49 €","3,49 €/Unidade"
Lápis evolution nº 2 HB,Bic,1 embalagem,"2,69 €","2,69 €/Unidade"
Infusão melhores digestões,Cemporcent,Embalagem de 10 unidades,"64,67 €/Kg","64,67 €/Kg"
Aroma de limão,Vahine,Embalagem de 20g,"1,89 €","17,18 €/Kg"
Yofu soja baunilha,Alpro,Embalagem de 500gr,"3,09 €","6,18 €/Kg"
Cartucho com gás CP-206,Campingaz,1 unidade,"9,99 €","9,99 €/Unidade"
"Recarga Sabonete líquido, Amêndoas",Palmolive,Embalagem de 500 ml,"2,18 €/L","2,18 €/L"
Desengordurante de Vitrocerâmica/Indução 3 em 1 |Cre...,Vitroclen,Embalagem de 450 ml,"11,99 €","26,64 €/L"
Creme abrasivo ativo c/ lixívia,Cif,Garrafa de 700 ml,"0,99 €","1,32 €/L"
Rum limon,Bacardi,Garrafa de 700 ml,"17,49 €","24,99 €/L"
Bolachas de chocolate leite,Milka,Embalagem de 150g,"0,69 €","4,60 €/Kg"
Sal de mesa,PorSi,Embalagem de 250 g,"2,29 €","30,53 €/Kg"
Água com gás,Castello,24 x 25 cl,"1,99 €/L","1,99 €/L"
Vinho verde branco,Torre de menagem,"Garrafa de 0,75 l","3,09 €","3,09 €/L"
Salsichas Frankfurt em lata,Izidoro,Embalagem de 250g,"0,75 €","3,75 €/Kg"
Sopa massa e feijão,Knorr,Embalagem de 182g,"1,46 €","24,33 €/Kg"
Flan sabor a baunilha com caramelo,PorSi,Embalagem de 6 x 100 g,"1,19 €","2,59 €/Kg"
Pizza marguerita,PorSi,Embalagem de 2 x 300 g,"2,16 €","6,17 €/Kg"
Filetes primavera alho & ervas,Iglo,Embalagem de 230g,"1,79 €","7,16 €/Kg"
Lenços Bolso Colletion,Kleenex,Pack 15 unidades,"0,89 €","0,89 €/Unidade"
"Creme de depilação duche, peles normais",Veet,Garrafa de 150 ml,"10,99 €","73,27 €/L"
Ambientador eléctrico Relaxing Zen + recarga,Glade,1 unidade,"11,99 €","11,99 €/Unidade"
Cevada solúvel,PorSi,Embalagem de 200g,"1,64 €","6,56 €/Kg"
"Alimento seco para gato junior, galinha",Whiskas,Embalagem de 350g,"12,99 €","4,33 €/Kg"
Coleira repelente para gatos,Repul' 7,Embalagem de 1 unidades,"8,75 €","8,75 €/Unidade"
Chá infusão lúcia-lima bio,Cemporcent,Embalagem de 13g,"0,99 €","76,15 €/Kg"
Bolacha vida equilíbrio aveia e canela,Cemporcent,Embalagem de 140g,"1,45 €","11,15 €/Kg"
Bolacha chocodiet nature,Gullon,Embalagem de 270g,"0,69 €","4,60 €/Kg"
Recarga inseticida eléctrico líquido anti melgas e m...,Raid,60 noites,"7,69 €","7,69 €/Unidade"
Infusão SOS Garganta 20 saquetas,Lipton,Embalagem de 26g,"64,67 €/Kg","64,67 €/Kg"
Mini tosta trigo,Diatosta,Embalagem de 90 g,"2,39 €","6,83 €/Kg"
Cajus tostados no forno,Matutano,Embalagem de 90g,"0,79 €","7,90 €/Kg"
Bolachas digestivas go maçã,Triunfo,Embalagem de 170g,"0,84 €","2,80 €/Kg"
18 hamburguers de frango s/ glúten,Capitão Iglo,Embalagem de 1 kg,"11,44 €/Kg","11,44 €/Kg"
"Refresco em pó, tropical",Tang,Embalagem de 30g,"0,75 €","18,75 €/Kg"
Infusão nº 10 colestrol,Cemporcent,Embalagem de 10 unidades,"64,67 €/Kg","64,67 €/Kg"
Rebuçados de mentol,Sweet flav,Embalagem de 250 g,"0,77 €","3,85 €/Kg"
Néctar tutti-fruti,Compal,Pack 3 x 200 ml,"0,99 €","0,99 €/L"
Leite uht magro,Mimosa,Embalagem de 1 litro,"0,83 €","0,83 €/L"
Vinho maduro branco,Alorna,Garrafa de 0.75 l,"1,59 €","2,12 €/L"
Chocolate de leite e amêndoas,Milka,Embalagem de 125g,"4,09 €","14,82 €/Kg"
Gelatina pronta a comer light 10 kcal ananás,Royal,Embalagem de 4 x 100 g,"0,85 €","2,13 €/Kg"
Alimento lácteo sem açucar com sabor a pêssego/banan...,Yogolino,Embalagem de 4 x 100 gr,"2,89 €","7,23 €/Kg"
Refrigerante sem gás laranja,Trina,"Garrafa de 1,5 l","1,90 €","1,27 €/L"
Ervilhas,Iglo,"Embalagem de 1,125 kg","1,98 €","1,98 €/Kg"
Coloração Permanente Castanho Claro |5,Palette,,"5,99 €","5,99 €/Unidade"
Bastão de Cola,Domédia,10 g,"2,19 €","109,50 €/L"
Palmilha cortiça com latex t 38/39,Sonaf,1 unidade,"4,99 €","99,80 €/L"
Massa de argolinhas,Nacional,Embalagem de 250g,"0,92 €","10,22 €/Kg"
Super tea detox com selénio,Tetley,Embalagem de 40g,"44,50 €/Kg","44,50 €/Kg"
2 Toalhas de bidé,PorSi,30 x 50 cm,"8,99 €","8,99 €/Unidade"
Napolitas creme baunilha,PorSi,Embalagem de 320g,"2,05 €","5,13 €/Kg"
Caldo de galinha 16 cubos,Knorr,Embalagem de 160g,"3,84 €","24,00 €/Kg"
"Bolsas Cristal, A5 -10uni",Firmo,1 embalagem,"2,19 €","109,50 €/L"
"Aperitivos, amendoins no forno",Matutano,Embalagem de 200g,"0,79 €","7,90 €/Kg"
Sopa miso,BLUEDRAGON,Embalagem de 92g,"1,46 €","24,33 €/Kg"
Bolacha dourada dietnature,Gullon,Embalagem de 330g,"2,11 €/Kg","2,11 €/Kg"
Gel Banho Apollo,Axe,Embalagem de 400 ml,"5,99 €","14,98 €/L"
Pensos Higiênicos com Abas Super,Ausonia,embalagem com 12 un.,"4,99 €","4,99 €/Unidade"
Massa de cotovelinhos,Milaneza,Embalagem de 500g,"0,92 €","10,22 €/Kg"
Cerveja sem álcool,Super Bock,Pack 6 x 20 cl,"5,99 €","3,03 €/L"
Baguete,PorSi,250 g,"0,20 €","2,86 €/Kg"
Nectar vital equilibrio ananás/coco,Compal,Embalagem de 1 l,"0,99 €","0,99 €/L"
Bacalhau com broa,PorSi Select,350 g,"1,79 €","7,16 €/Kg"
Gelatina frutos tropicais  10kcal,Royal,Embalagem de 30g,"0,55 €","61,11 €/Kg"
"Creme de dia, age perfect",L'oreal,Embalagem de 50 ml,"2,99 €","59,80 €/L"
Pano multiusos felpo,PorSi,1 unidade,"1,79 €","1,79 €/Unidade"
Nestum aveia e maçã,Nestum,Embalagem de 250g,"2,49 €","9,96 €/Kg"
Anti-embaciante,PorSi,Embalagem de 250 ml,"3,49 €","13,96 €/L"
Vulcão brilhante,Clementoni,1 unidade,"11,61 €","11,61 €/Unidade"
Azeite Virgem,Oliveira da Serra,Embalagem de 750 ml,"3,29 €","4,39 €/L"
Camião Betoneira,Lego,1 unidade,"5,99 €/Unidade","5,99 €/Unidade"
Champanhe tradicional bruto,Delagne&fi,Garrafa de 750 ml,"40,29 €","53,72 €/L"
Nestum zero espelta/aveia,Nestum,Embalagem de 250 g,"4,99 €","4,99 €/Kg"
Batido de morango,Forma+,Embalagem de 700g,"1,99 €","45,23 €/Kg"
Resguardo para mesa,PorSi,Dim.: 140 x 200 cm,"8,99 €","8,99 €/Unidade"
Ambientador vela oud desire,Glade,1 unidade com 129 g,"5,99 €","5,99 €/Unidade"
Sangria,Casal Garcia,Garrafa de 750 ml,"6,89 €","1,38 €/L"
Bolachas crackers c/ sal,Du bois,Embalagem de 500g,"0,39 €","3,12 €/Kg"
Nata uht,Mimosa,embalagem de 200 ml,"0,75 €","3,75 €/L"
Gel de higiene intima fresh,Corine de Farme,Embalagem de 250 ml,"3,99 €","19,95 €/L"
Caderno Agrafado Capa Preta |A4 Liso,Domédia,1 unidade,"1,09 €","1,09 €/Unidade"
Sidra maçãs ácidas,Bandida do Pomar,lata de 0.5 l,"1,59 €","3,18 €/L"
Crepe maçã e canela,PorSi,Embalagem de 540 g,"2,57 €","7,79 €/Kg"
Discoveries cappuccino,STARBUCKS,Embalagem de 220 ml,"15,92 €/Kg","15,92 €/Kg"
Cachaço c/ Osso,Porco,1 un= 500 gr (aprox.),"4,29 €","4,29 €/Kg"
Rum spiced,Bacardi,Garrafa de 700 ml,"17,49 €","24,99 €/L"
Alface frisada categoria: II Programa Origens,PorSi,Embalagem de 300 g,"1,00 €","2,49 €/Kg"
Bebida de soja natural,Frias,Garrafa de 1 l,"3,69 €","3,69 €/L"
Escova de Dentes Flex Interdental,Aquafresh,2 + 1 unidades,"3,49 €","3,49 €/Unidade"
Cesto multiusos com gancho,PorSi,1 unidade,"2,50 €","2,50 €/Unidade"
"Saca rolhas a pilhas, preto/inox",Anilar,1 unidade,"10,90 €","10,90 €/Unidade"
Ervilhas,PorSi,Embalagem de 1 kg,"1,98 €","1,98 €/Kg"
Lasanha,Nacional,Embalagem de 400g,"0,92 €","10,22 €/Kg"
Sensor de Movimento de Tecto Red Saliente 360º,Aslo,1 unidade,"16,99 €","16,99 €/Unidade"
Decanter,Bohemia,Capacidade: 1.25 litros,"9,75 €","9,75 €/Unidade"
Whisky black bush,Bushmills,Garrafa de 700 ml,"19,99 €","19,99 €/L"
10 nuggets peito de frango e queijo,Capitão Iglo,Embalagem de 210g,"2,79 €","8,72 €/Kg"
Fermento de padeiro em pó,Fermipan,Embalagem de 4x11 g,"1,89 €","17,18 €/Kg"
Massa fusilli tricolor,Milaneza,Embalagem de 500g,"0,92 €","10,22 €/Kg"
Ovas de bacalhau higienizadas congeladas,*,Vendido ao peso a partir de 250 g,"5,25 €","20,99 €/Kg"
"Papel higiénico, Super Duplo 2 folha, 9=18rolos",Renova,Uma embalagem,"5,99 €","5,99 €/Unidade"
Escova dentífrica infantil bambu,Colgate,1 unidade,"3,29 €","43,87 €/L"
Iogurte magro morango sem lactose,Mimosa,Embalagem de 4x 120 g,"0,69 €","1,38 €/Kg"
Vinho branco região do Dão,Dharma,Garrafa de 0.75 l,"7,49 €","9,99 €/L"
Massa meada,PorSi,Embalagem de 500g,"0,92 €","10,22 €/Kg"
Chá infusão detox bio,Cemporcent,Embalagem de 13g,"0,99 €","76,15 €/Kg"
Chá barbas milho planta,Cemporcent,Embalagem de 25g,"0,99 €","76,15 €/Kg"
Chá solúvel tilia,Cemporcent,Embalagem de 45g,"0,99 €","76,15 €/Kg"
Biscoito para Cão Mini Sticks,Purina One,Embalagem de 90 g,"1,09 €","6,06 €/Kg"
Salsichão Nobreza,Elpozo,vendido ao peso,"1,35 €","16,88 €/Kg"
Aperfeiçoador BB Cream Oil Free Médio,Garnier,Embalagem de 40 ml,"2,99 €","59,80 €/L"
"Absorvedores de odores, relax zen",Brise,Embalagem de 2x150g,"16,63 €/L","16,63 €/L"
"Limpa jantes, em pistola",Arbo,Embalagem de 1 l,"3,49 €","13,96 €/L"
Salva os Oceanos,Science4You,1 unidade,"9,99 €/Unidade","9,99 €/Unidade"
Leite uht magro,PorSi,Embalagem de 1 litro,"0,83 €","0,83 €/L"
Leite s/ lactose meio gordo,Mimosa,Garrafa de 1 l,"1,29 €","1,29 €/L"
Massa folhada,Pasta dia,Embalagem de 230g,"0,99 €","4,30 €/Kg"
Ananás em rodelas,PorSi,Embalagem de 565 g,"2,79 €","4,92 €/Kg"
Chá infusão nº9 circul activ,Cemporcent,Embalagem de 13g,"0,99 €","76,15 €/Kg"
Bebida de coco,Shoyce,Embalagem de 1 litro,"2,19 €","2,19 €/L"
Preparado de bolo de mármore,PorSi,528 g,"1,69 €","8,45 €/L"
"Amaciador de roupa, pure",Comfort,Garrafa de 4 l,"8,99 €","2,25 €/L"
Snack para gato anti-hairball,Whiskas,Embalagem de 60g,"0,99 €","16,50 €/Kg"
Gelatina morango 10kcal,Royal,Embalagem de 30g,"0,55 €","61,11 €/Kg"
Recarga para lima esfoliante,Scholl,Pack de 2 un.,"1,09 €","4,36 €/L"
Café moagem universal timor,Delta,Embalagem de 220g,"9,76 €/Kg","9,76 €/Kg"
"Luvas Multi 100, Tamanho Pequeno/Médio",Vileda,1 Embalagem,"0,69 €","0,69 €/Unidade"
"Queijo prato, metades",Alavao,Embalagem de 500g,"3,84 €","15,35 €/Kg"
Café solúvel crema,Nescafe,Embalagem de 200g,"14,50 €/Kg","14,50 €/Kg"
Penso Higiénico Ultrafinos Normal Abas,PorSi,16 unidades,"4,99 €","4,99 €/Unidade"
Cem porcento chá mistura 6 – regula+,Cemporcent,Embalagem de 80g,"0,99 €","76,15 €/Kg"
Perolas perfumadas fresh,PorSi,Embalagem de 275 g,"2,00 €/L","2,00 €/L"
Mini tostas integrais,PorSi,Embalagem de 180g,"2,39 €","6,83 €/Kg"
Snack dentastix médio,Pedigree,Embalagem de 720 g,"1,09 €","6,06 €/Kg"
Arroz brajma,Cigala,Embalagem de 1 kg,"1,26 €","1,26 €/Kg"
Manteiga amendoim com pedaços,Calve,Embalagem de 350g,"4,39 €","12,91 €/Kg"
Napolitanas creme cacau,PorSi,Embalagem de 320g,"2,05 €","5,13 €/Kg"
Cereais argolas de mel,PorSi,Embalagem de 375 g,"5,07 €/Kg","5,07 €/Kg"
Lixívia tradicional,PorSi,Embalagem de 1 l,"1,74 €","0,35 €/L"
Toalhão de banho,PorSi,100 x 150 cm,"8,99 €","8,99 €/Unidade"
Moscatel de setúbal,Dom Campos,Garrafa de 750 ml,"6,79 €/L","6,79 €/L"
Iogurte yoco squeezy de morango,Nestle,Embalagem de 4 x 80 g,"4,23 €/Kg","4,23 €/Kg"
Feijão branco,Compal,Lata de 410 ml,"2,19 €","2,81 €/Kg"
Fósforos longos,Quinas,Embalagem com 3 unidades,"1,50 €","1,50 €/Unidade"
Toalha de banho,PorSi,100 x 150 cm,"8,99 €","8,99 €/Unidade"
Cereais chocapic,Nestle,Embalagem de 630g,"5,07 €/Kg","5,07 €/Kg"
Sumo 100% maçã,PorSi,"Embalagem de 1,5 l","1,09 €","0,73 €/L"
Tortitas de Arroz com Chocolate Negro,Bicentury,Embalagem de 130g,"1,45 €","11,15 €/Kg"
Borracha para lápis e tinta,Domédia,1 unidade,"4,39 €","4,39 €/Unidade"
Chá infusão rooibos sem cafeína,Cemporcent,Embalagem de 15g,"0,99 €","76,15 €/Kg"
Vodka red,Smirnoff,Garrafa de 1 l,"19,79 €","19,79 €/L"
Recarga mopa,PorSi,1 unidade,"2,20 €","2,20 €/Unidade"
Peito de frango,PorSi,"Vendido ao peso, fatiado a partir de 150 g","1,44 €","9,59 €/Kg"
Doce de morango 60% fruta,Cemporcent,Embalagem de 280g,"3,99 €","7,98 €/Kg"
Lombos de salmao vacuo,PorSi,Embalagem de 500g,"3,99 €","9,98 €/Kg"
Batata doce em palitos,MCCAIN,Embalagem de 500 g,"2,39 €","3,98 €/Kg"
Gelatina morango 8 kcal,PorSi,Embalagem de 4 x 100 g,"0,85 €","2,13 €/Kg"
Néctar de 8 frutos,Bongo,Garrafa de 1 l,"0,99 €","0,99 €/L"
Cd aroma moran/coco/f.silv 120gx8,Danone,Embalagem de 960g,"0,69 €","1,38 €/Kg"
Estendal King Aço/Alumínio 20 m,Vileda,1 un.,"0,89 €","0,89 €/Unidade"
Ambientador Vela Maçã e Canela,Glade,unidade,"5,99 €","5,99 €/Unidade"
Iogurte magro + gelatina morango,Mimosa,Embalagem de 4 x 120 g,"7,66 €/Kg","7,66 €/Kg"
Bolacha cream cracker,Vieira,Embalagem de 200g,"0,39 €","3,12 €/Kg"
"Pasta de arquivo, lombada estreita, verde",Domédia,1 unidade,"3,29 €","3,29 €/Unidade"
"Alimento húmido para gato +1 ano, sabor a aves",Whiskas,Embalagem de 400g,"3,49 €","10,26 €/Kg"
Rum carta blanca,Bacardi,Garrafa de 700 ml,"17,49 €","24,99 €/L"
Café solúvel viena,Nescafe,Embalagem de 140g,"14,50 €/Kg","14,50 €/Kg"
Aperitivo pappadum simples,PATAKS,Embalagem de 100g,"0,79 €","7,90 €/Kg"
Bebida energética original,Burn,Garrafa de 500 ml,"1,39 €","5,56 €/L"
Whisky,Glen crina,Garrafa de 700 ml,"19,99 €","19,99 €/L"
Chilli sem Carne,Iglo green,Embalagem de 400g,"1,89 €","6,30 €/Kg"
"Fermento em pó, lata",Royal,Embalagem de 110g,"1,89 €","17,18 €/Kg"
Vermute rosso,Martini,Garrafa de 1 l,"11,99 €","11,99 €/L"
Salsicha p/Churrasco Picante,Carne Sorraia,1 Embalagem 360G,"4,19 €","20,95 €/Kg"
Delícias em forma de lagosta,Pescanova,Embalagem de 260g,"2,19 €","8,59 €/Kg"
Sidra de maçã,Somersby,pack 6 x 0.2 l,"1,59 €","3,18 €/L"
"Limpa vidros pistola, tripla acção",Ajax,Embalagem de 500 ml,"3,19 €","6,38 €/L"
Bolachas cereais e pepitas de chocolate,PorSi,Embalagem de 400 g,"0,79 €","5,27 €/Kg"
Vela mágica pack de 10 unidades,PorSi,Uma embalagem,"1,09 €","1,09 €/Unidade"
Néctar vital equilíbrio frutos vermelhos,Compal,Garrafa de 200 ml,"0,99 €","0,99 €/L"
Nestum bolacha maria,Nestum,Embalagem de 250g,"2,49 €","9,96 €/Kg"
Tablete de chocolate culinário 70% negro,PorSi,Embalagem de 200 g,"16,67 €/Kg","16,67 €/Kg"
1ª papa láctea multifrutos sem glúten +4 meses,Cerelac,Embalagem de 250g,"4,99 €","4,99 €/Kg"
Tempero em pó galinha,Knorr,Embalagem de 135g,"3,84 €","24,00 €/Kg"
Iogurte líquido tutti-frutti,Danone,Embalagem de 4 x 155 g,"1,31 €","2,05 €/Kg"
Chá verde,Tetley,Embalagem de 20g,"40,31 €/Kg","40,31 €/Kg"
"Rebuçados sem açúcar, mentho-lyus",Halls,Embalagem de 128 g,"0,77 €","3,85 €/Kg"
Agrião Programa Origens,PorSi,Embalagem de 400g,"0,99 €","9,90 €/Kg"
Creme de fixação para dentaduras,Labell,Embalagem de 50 g,"7,39 €","105,57 €/Kg"
Óleo Cedro Líquido,PorSi,Embalagem de 200 ml,"4,39 €","14,63 €/L"
Ice tea pêssego,Lipton,Garrafa de 2 l,"1,90 €","1,27 €/L"
Néctar de pera,PorSi,Pack 3 x 200 ml,"0,99 €","0,99 €/L"
Tampões Cotton Protection Regular,Tampax,16 unidades,"3,99 €","3,99 €/Unidade"
Muesli tropical,Cemporcent,Embalagem de 500g,"1,19 €","2,98 €/Kg"
Milho doce,Bonduelle,Embalagem de 150 g,"2,19 €","2,81 €/Kg"
Nestum flocos de cereais com mel,Nestum,Embalagem de 300g,"2,49 €","9,96 €/Kg"
Requeijão de ovelha,PorSi,Embalagem de 250g,"1,09 €","5,45 €/Kg"
Iogurte líquido yoggi banana,Nestle,Embalagem de 4 x 160 g,"1,31 €","2,05 €/Kg"
Óleo alimentar,Fula,Embalagem 3L,"3,38 €","3,38 €/L"
"Alimento húmido para cão, galinha e cordeiro",Pedigree,Embalagem de 400g,"0,75 €","2,50 €/Kg"
Iogurtes Corpos Danone Pedaços de Pêssego e Maracujá,Danone,Embalagem de 4 x 115 g,"1,44 €","2,88 €/Kg"
"Ice tea, pêssego",PorSi,"Embalagem de 6x0,20 l","1,90 €","1,27 €/L"
Massa de arroz instantânea light,KOKA,Embalagem de 330g,"0,92 €","10,22 €/Kg"
Camarão moçambique 60/80,PorSi,800 g,"8,99 €","25,69 €/Kg"
Lambrusco rose,*,Garrafa de 750 ml,"2,09 €","2,79 €/L"
Óleo aloé vera,Johnson's Baby,Embalagem de 300 ml,"4,99 €","16,63 €/L"
Churritos,PorSi,Embalagem de 240g,"2,05 €","5,13 €/Kg"
Chá infusão tomilho bio,Cemporcent,Embalagem de 13g,"0,99 €","76,15 €/Kg"
Vinho branco,PorSi,embalagem de  3X187 ml,"0,85 €/L","0,85 €/L"
Bebida de Soja Chocolate,PorSi Viva Bem,Pack: 3 x 200 ml,"2,49 €","2,49 €/L"
Iogurte magro + gelatina maracujá,Mimosa,Embalagem de 4 x 120 g,"7,66 €/Kg","7,66 €/Kg"
6 empadas de galinha,PorSi,Embalagem de 330g,"1,79 €","7,16 €/Kg"
Limpa carpetes,PorSi,Embalagem de 1 litro,"2,49 €","2,49 €/L"
"Briquetes madeira, 12 unidades",Nova lenha,1 embalagem,"0,75 €","0,75 €/Unidade"
Vinho regional península de setúbal branco,J.m.f.,Garrafa de 750 ml,"8,59 €","11,45 €/L"
Comida húmida para gato seleção de peixes,Gourmet mp,Embalagem de 300g,"3,49 €","10,26 €/Kg"
Autocarro Formas e Cores,Baby Clementoni,1 unidade,"14,99 €/Unidade","14,99 €/Unidade"
Aperitivos de amendoim com sal e mel,Matutano,Embalagem de 150g,"0,79 €","7,90 €/Kg"
Infusão nº 13 diabet control,Cemporcent,Embalagem de 10 unidades,"64,67 €/Kg","64,67 €/Kg"
Água mineral natural alcalina,MONCHIQUE,"6x1,5l","1,04 €","0,17 €/L"
"Gel banho, hidratante",Labell,Embalagem de 750 ml,"3,99 €","19,95 €/L"
Chupa sortidos s/ açúcar,Chupachups,Embalagem de 70g,"1,99 €","4,98 €/L"
Bolachas maria,Triunfo,Embalagem de 200g,"2,11 €/Kg","2,11 €/Kg"
Iogurte natural açucarado em frasco de vidro,PorSi,Embalagem de 2 x 125 g,"1,48 €","3,08 €/Kg"
Desinfetante de frutas e vegetais,Clean Essence,500 ml,"0,65 €","2,59 €/Kg"
Salada bacon,PorSi,Embalagem de 192 g,"2,35 €","5,60 €/Kg"
Bolachas mini prince recheadas com chocolate,PRINCE,Embalagem de 160 g,"0,69 €","4,60 €/Kg"
Chocolate negro 85% cacau,Nestle,Embalagem de 120g,"16,67 €/Kg","16,67 €/Kg"
Coca-cola light,Coca-Cola,Garrafa de 1 l,"0,40 €/L","0,40 €/L"
Inseticida baratas e formigas,Dum Dum,Embalagem de 400 ml,"5,09 €","8,48 €/L"
Esferográfica Sortida Média,Mab,Embalagem com 10 un.,"2,69 €","2,69 €/Unidade"
Bolachas dinossauros dinoovos,Artiach,Embalagem de 140g,"1,89 €","15,75 €/Kg"
Simple bite cacau e avelãs,Simple,Embalagem de 35g,"1,70 €","13,08 €/Kg"
"Rolos de cozinha compactos, branco, máxima absorção,...",Renova,1 unidade,"4,99 €","4,99 €/Unidade"
Farinha rainha c/ fermento,Nacional,Embalagem de 1000 g,"1,99 €","1,99 €/Kg"
Granola aveia fitness mel,Nestle,Embalagem de 300g,"3,79 €","29,38 €/Kg"
Mini Tostas de Trigo,PorSi,Embalagem de 350 g,"2,39 €","6,83 €/Kg"
Bebida energética,Red Bull,Garrafa de 360 ml,"1,39 €","5,56 €/L"
Wafer cacau cubos,Vieira,Embalagem de 100g,"0,98 €","4,67 €/Kg"
Aroma de anis,Vahine,Embalagem de 20g,"1,89 €","17,18 €/Kg"
Cogumelos laminados,Ferbar,Embalagem de 290g,"2,19 €","2,81 €/Kg"
Massa de cotovelinhos,Nacional,Embalagem de 500g,"0,92 €","10,22 €/Kg"
15 barrinhas pescada,Pescanova,Embalagem de 450g,"9,30 €/Kg","9,30 €/Kg"
Lixivia perfumada,PorSi,Garrafa de 2 l,"1,74 €","0,35 €/L"
Ração seca para cão croquetes pro júnior,PorSi Select,Embalagem de 3 Kg,"1,15 €/Kg","1,15 €/Kg"
Coxinhas de frango,PorSi,Embalagem de 360g,"3,99 €","9,98 €/Kg"
Ração para gato indoor,Purina One,Embalagem de 800g,"12,99 €","4,33 €/Kg"
Biscoito para cão nuggets,Purina One,Embalagem de 90g,"1,09 €","6,06 €/Kg"
Coloração Permanente Preto |1.0,Palette,,"5,99 €","5,99 €/Unidade"
Leite de cabra uht meio gordo,President,Embalagem 1L,"0,83 €","0,83 €/L"
Ananás em rodelas lata,PorSi,Embalagem de 820g,"2,79 €","4,92 €/Kg"
Néctar pêssego,Compal,Pack 3 x 200 ml,"0,99 €","0,99 €/L"
Desentupidor gel turbo com lixívia,Destop,Garrafa de 1 l,"3,99 €","5,32 €/L"
Limpa máquinas de loiça limão,PorSi,Embalagem de 250 ml,"2,99 €","2,99 €/Unidade"
Fósforos compridos para lareira,Quinas,1 unidade,"1,50 €","1,50 €/Unidade"
"Alimento para peixe, tetra gammarus",Tetra,Embalagem de 250 ml,"7,99 €","7,99 €/L"
Fermento,Royal,Embalagem de 230g,"1,89 €","17,18 €/Kg"
Loção para bebé pink,Johnson's Baby,500 ml,"5,59 €","11,18 €/L"
Bolacha maria doces,Vieira,Embalagem de 300g,"2,11 €/Kg","2,11 €/Kg"
Queijo grana padano D.O.P 16 meses de cura,PorSi Select,Embalagem de 180 g,"2,87 €","15,94 €/Kg"
Cuecas Incontinência Homem Active Fit M,Tena,9 unidades,"9,99 €","9,99 €/Unidade"
Café mistura peninsular,Delta,Embalagem de 250g,"1,64 €","6,56 €/Kg"
Papel de alumínio,PorSi,50 metros,"1,11 €","1,11 €/Unidade"
12 Preservativos Adapta Finíssimo,Control,,"14,99 €","74,95 €/L"
20 saquetas infusão de cidreira,Lipton,Embalagem de 20g,"64,67 €/Kg","64,67 €/Kg"
Recarga Panos p/ Madeira,Swiffer,18 un.,"1,79 €","1,79 €/Unidade"
Spray desinfetante multiusos,Lysol,Embalagem de 500 ml,"1,29 €","0,86 €/L"
Sopa 100% de cogumelos,Knorr,embalagem com 57 g,"1,46 €","24,33 €/Kg"
Tira Nódoas Brancos em Gel,Skip,"1,6 l","10,99 €","52,33 €/Kg"
Sabonete alfazema de monte,Confianca,Embalagem de 125 g,"4,49 €","12,47 €/Kg"
Anti-Traça Alimentos,Dum Dum,2 unidades,"5,99 €","176,18 €/Kg"
Fiambre da Pá,PorSi,1 un = 150 gr (aprox.),"0,97 €","6,49 €/Kg"
Leite condensado magro,PorSi,Embalagem de 390 g,"1,09 €","2,75 €/Kg"
8 hamburguers s/ glúten frango,Capitão Iglo,Embalagem de 480g,"11,44 €/Kg","11,44 €/Kg"
Creme barrar nutela 350g,Nutella,Embalagem de 350G,"4,39 €","12,91 €/Kg"
Recarga ambientador elétrico rosa bouquet,Air Wick,Embalagem de 1 unidades,"11,98 €","11,98 €/Unidade"
Chá infusão gengibre,Cemporcent,Embalagem de 13g,"0,99 €","76,15 €/Kg"
Iogurte oikos pêssego,Danone,Embalagem de 4 x 110g,"2,99 €","6,80 €/Kg"
Gel de Banho Coconut Milk,Dove,Embalagem de 750 ml,"3,99 €","19,95 €/L"
Ice tea manga,Lipton,pack 6 x 0.25 l,"1,90 €","1,27 €/L"
Café com cafeina solúvel,Delta,Embalagem de 20g,"14,50 €/Kg","14,50 €/Kg"
Chá verde e hibisco infusão,Cemporcent,Embalagem de 13g,"0,99 €","76,15 €/Kg"
Esfregão fibra extreme,Scotch-Brite,Embalagem de 2 unidades,"2,54 €","2,54 €/Unidade"
Iogurte tipo grego natural,PorSi,Embalagem de 12 x 125 g,"1,48 €","3,08 €/Kg"
Penne ziti rigate Al Bronzo,PorSi Select,Embalagem de 500 g,"0,92 €","10,22 €/Kg"
Bolachas bambolitos chocolate e leite,PorSi,Embalagem de 150g,"0,69 €","4,60 €/Kg"
Filetes de cavala em azeite,PorSi,Embalagem de 120 g,"9,08 €/Kg","9,08 €/Kg"
Bebida de soja com cálcio,PorSi Viva Bem,Embalagem de 1 litro,"2,49 €","2,49 €/L"
Néctar de laranja e cenoura light,PorSi,Embalagem de 1 litro,"0,84 €","2,55 €/L"
4 hamburguers vaca s/ glúten,Capitão Iglo,Embalagem de 320g,"2,79 €","8,72 €/Kg"
Papel Higiénico Puríssimo 3 Folhas,Renova,Embalagem c/ 12 rolos,"5,99 €","5,99 €/Unidade"
Resguardos de cama,PorSi,20 unidades de 80 x 180 cm,"6,89 €","6,89 €/Unidade"
Camarão vannamei 24/40,Pescanova,Embalagem de 800g,"8,99 €","25,69 €/Kg"
Gin Premium |Blue Magic,Sharish,"Embalagem de 0,50L + Oferta 1 Copo","19,79 €","19,79 €/L"
Leite de pastagem meio-gordo,Terra Nostra,Embalagem de 1 litro,"0,83 €","0,83 €/L"
Creme abrasivo original,Cif,Garrafa de 700 ml,"0,99 €","1,32 €/L"
Recarga difusor elétrico recarga citronela,Dum Dum,1 unidade,"7,69 €","7,69 €/Unidade"
Fralda Cueca T3,Dodot,Embalagem de 37 un.,"12,99 €","12,99 €/Unidade"
Saqueta puré de fruta e bolacha,PorSi,Embalagem de 90g,"0,74 €","8,22 €/Kg"
Manteiga de amendoim cremosa,Prozis,Embalagem de 500g,"4,39 €","12,91 €/Kg"
Leite Bem Essencial cereais,Mimosa,Embalagem de 4 x 200 ml,"1,99 €","2,49 €/L"
Chocolate branco sem açúcar,Cemporcent,Embalagem de 100g,"2,89 €","23,12 €/Kg"
Palmiers,PorSi,Embalagem de 720 g,"0,69 €","3,45 €/Kg"
Cerveja super bock,Super Bock,Pack 6 x 200 ml,"1,99 €/L","1,99 €/L"
"Polpa de maracujá, em lata",Koala,Embalagem de 570g,"4,19 €","7,35 €/Kg"
Plantanatur super cartilagem de tubarão,PLANTANATU,Embalagem de 1 unidades,"7,59 €","126,50 €/Kg"
Fraldas Premium Tamanho 3 | 4-10 kg,Moltex,Embalagem com 60 un.,"13,29 €/Unidade","13,29 €/Unidade"
Pedaços de tamboril,PorSi,Embalagem de 500G,"3,99 €","9,98 €/Kg"
Pensos com Abas de Noite,Ausonia,embalagem com 9 un.,"4,99 €","4,99 €/Unidade"
Jaca em calda,Koala,Embalagem de 570g,"2,79 €","4,92 €/Kg"
Vela em número nª2,PorSi,1 unidade,"1,09 €","1,09 €/Unidade"
"Máquina depiladora descartável, Blue II Feminina",Gillette,Embalagem de 5+1 unidades,"12,99 €","12,99 €/Unidade"
Café em cápsulas dolce gusto galão,Nescafe,Embalagem de 16 cápsulas,"54,36 €/Kg","54,36 €/Kg"
Esfregona suave completa,Vileda,1 unidade,"3,69 €","3,69 €/Unidade"
Anti-Traças Papel 4 Seasons Floral,Raid,1 Embalagem c/12 unidades,"5,99 €","176,18 €/Kg"
Esponja autobrilhante,PorSi,3 g,"2,25 €","45,00 €/L"
Café lote bocage moagem única,Nicola,Embalagem de 250g,"9,16 €/Kg","9,16 €/Kg"
Miolo de camarão 100/200,H2Gelo,Embalagem de 250  g,"8,99 €","25,69 €/Kg"
Gel Duche Men Active Clean,Nivea Men,Embalagem de 500 ml,"5,99 €","14,98 €/L"
Massa de macarrão grande,Milaneza,Embalagem de 500g,"0,92 €","10,22 €/Kg"
Água mineral sem gás,Vitalis,Pack 6 x 1.5 l,"1,04 €","0,17 €/L"
Adubo Liquido,Amaflora,475 ml,"4,39 €","4,39 €/Unidade"
Oreo flavors cookies birthday party rollpack 154 gr,Oreo,Embalagem de 150g,"0,79 €","4,49 €/Kg"
Escova de Dentes 1-2-3 Shiny Clean,Oral B,4 unidades,"3,49 €","3,49 €/Unidade"
Cogumelos fatiados,PorSi,Embalagem de 400g,"1,98 €","1,98 €/Kg"
Gelado cornetto mini clássico,Olá,Embalagem de 8 x 60 ml,"5,99 €","16,64 €/L"
Cevada em grão - cozinha pura,Cemporcent,Embalagem de 500g,"1,94 €","3,88 €/Kg"
Bambolitos pretos,PorSi,Embalagem de 150g,"0,69 €","4,60 €/Kg"
Creme depilatório para peles sensíveis,Labell,Embalagem de 200 ml,"10,99 €","73,27 €/L"
Aditivo Máquina Roupa em Pó Oxi action Pink,Vanish,420 g,"9,99 €","36,33 €/Kg"
Spray limpeza fornos e grelhas,PorSi,500 ml,"11,99 €","26,64 €/L"
Infusão de lúcia lima,Tetley,Embalagem de 10g,"64,67 €/Kg","64,67 €/Kg"
Café descafeinado,PorSi,Embalagem de 250g,"1,59 €","6,36 €/Kg"
Preparado de bolo de chocolate,PorSi,500 g,"1,69 €","8,45 €/L"
"Gelatina pronto a comer, 10kcal limão",Royal,Embalagem de 4 x 100 g,"0,85 €","2,13 €/Kg"
Lava tudo antibacteriano floral,PorSi,"Garrafa de 1,5 l","0,99 €","0,50 €/L"
Presunto S/Osso,Pata branca,"Vendido ao peso, fatiado a partir de 200 g","2,59 €","12,95 €/Kg"
Rolo de Cozinha Touch 4D XL,Renova,Embalegem c/ 3 Rolos,"4,99 €","4,99 €/Unidade"
Sumo essencial pera,Compal,pack 3 x 0.11 l,"0,99 €","0,99 €/L"
Cillit bang limpa vidros,Cillitbang,Garrafa de 500 ml,"3,19 €","6,38 €/L"
Leite Hidratante Óleos Maravilhosos,Ultra Suave,Embalagem de 400 ml,"12,48 €/L","12,48 €/L"
Bolachas Maria sem Açúcar,Vieira de Castro,Embalagem de 300 g,"2,11 €/Kg","2,11 €/Kg"
Tablete chocolate de leite,PorSi,embalagem de 100 g,"5,30 €/Kg","5,30 €/Kg"
Pack 5 veículos sortidos,Hot Wheels,1 embalagem,"9,99 €/Unidade","9,99 €/Unidade"
Spray multiusos citrus,Bot.origin,Garrafa de 500 ml,"1,29 €","0,86 €/L"
Chá hortelã pimenta,Cemporcent,Embalagem de 40g,"0,99 €","76,15 €/Kg"
30 douradinhos,Capitão Iglo,Embalagem de 840g,"3,99 €","9,98 €/Kg"
Leite seleccionado meio gordo,Matinal,Garrafa de 1 l,"0,83 €","0,83 €/L"
Lâmpada LED Forma Esférica 3.2W E14 220-240V,Domédia,1 un.,"5,99 €","5,99 €/Unidade"
Gel Play Morango,Durex,Embalagem de 50 ml,"14,99 €","74,95 €/L"
Vinho do porto lbv 2004,Cruz,Garrafa de 0.75 l,"17,99 €","23,99 €/L"
Snack dentastix grande,Pedigree,Embalagem de 270 g,"1,09 €","6,06 €/Kg"
Molho tomate com azeitonas,PorSi,Frasco de 420g,"0,87 €","2,90 €/Kg"
Inseticida Aerossol Casa&Plantas,Raid,1 Embalagem 600ml,"5,49 €","13,73 €/L"
Descafeinado,Buondi,10 cápsulas,"1,59 €","6,36 €/Kg"
Smooth Lâminas Para Máquina De Depilação,Venus,4 Unidades,"12,99 €","12,99 €/Unidade"
Massa macarrão wok,Milaneza,Embalagem de 500g,"0,92 €","10,22 €/Kg"
Loção Sensitive,Baby Dove,Embalagem de 200 ml,"5,59 €","11,18 €/L"
Caderno Agrafado Capa Preta |A4 Pautado,Domédia,1 unidade,"2,49 €","2,49 €/Unidade"
Snacks croc.amendoim,PorSi,Embalagem de 90g,"0,79 €","7,90 €/Kg"
Fralda Cueca de Banho |Tamanho 3 X/S,Pommette,Embalagem de 12 un.,"12,99 €","12,99 €/Unidade"
Sumo 100% laranja,Compal,1 litro,"1,09 €","0,73 €/L"
Melaço de cana,Cemporcent,Embalagem de 370g,"3,99 €","7,98 €/Kg"
Chá erva príncipe planta,Cemporcent,Embalagem de 50g,"0,99 €","76,15 €/Kg"
Néctar vital equilibrio manga/maracujá,Compal,Embalagem de 1 l,"0,84 €","2,55 €/L"
Dentífrico herbal naturals,Aquafresh,75 ml,"2,29 €","38,17 €/L"
Bolachas marinheiras s/ sal,Cemporcent,Embalagem de 200g,"1,45 €","11,15 €/Kg"
"Coloração permanente, castanho dourado, nº43",Nutrisse,1 unidade,"5,99 €","5,99 €/Unidade"
Spray power&shine multiusos c/ lixívia,Cif,Garrafa de 750 ml,"0,79 €","0,79 €/L"
Sumo essencial pera,Compal,pack 3 x 0.11 l,"2,29 €","6,94 €/L"
Achocolatado em pó,Ovomaltine,Embalagem de 400g,"11,23 €/Kg","11,23 €/Kg"
Almôndegas bolonhesa,Iglo,Embalagem de 400g,"3,99 €","9,98 €/Kg"
Leite condensado,PorSi,Embalagem de 397 g,"1,09 €","2,75 €/Kg"
20 saquetas chá de frutos silvestres,Lipton,Embalagem de 30g,"44,50 €/Kg","44,50 €/Kg"
"Borracha Technic, 600",Maped,embalagem com 2 unidades,"4,39 €","4,39 €/Unidade"
Actimel tutti-frutti,Danone,Embalagem de 6 x 100g,"4,15 €/Kg","4,15 €/Kg"
Vela com número 4,PorSi,1 unidade,"1,09 €","1,09 €/Unidade"
Areia para gatos 100% natural,PorSi,Embalagem de 5 kg,"1,19 €","0,24 €/Kg"
Rabos,Porco,1 un = 250 gr  (aprox.),"0,60 €","5,99 €/Kg"
"Batata frita, queijo e ervas",PorSi,Embalagem de 190g,"1,18 €","6,38 €/Kg"
Infusão após refeição 10x1.5g,PorSi Viva Bem,Embalagem de 15g,"64,67 €/Kg","64,67 €/Kg"
Legumes grelhados,PorSi,Embalagem de 750g,"1,98 €","1,98 €/Kg"
Pudim de chocolate,PorSi,Embalagem de 110g,"0,59 €","29,50 €/Kg"
Filetes primavera limão,Iglo,Embalagem de 230g,"1,79 €","7,16 €/Kg"
Corrida de automóveis,Olivo,1 unidade,"9,99 €/Unidade","9,99 €/Unidade"
Ração para gato bolas de pelo com frango,Friskies,"Embalagem de 1,5kg","12,99 €","4,33 €/Kg"
Cem porcento-chá infusão sem barriga,Cemporcent,Embalagem de 13g,"0,99 €","99,00 €/Kg"
Farinha para pão integral,Nacional,Embalagem de 1 kg,"1,99 €","1,99 €/Kg"
Bolachas cracker sem sal,PorSi,Embalagem de 500g,"0,39 €","3,12 €/Kg"
20 saquetas chá de pêssego manga,Lipton,Embalagem de 40g,"44,50 €/Kg","44,50 €/Kg"
Manta Polar,Do Art,Dim.: 130x160cm,"8,99 €","8,99 €/Unidade"
Puzzles Sereia / Lama,Olivo,60 peças,"9,99 €/Unidade","9,99 €/Unidade"
Máquina Depilatória Descartável Miss Soleil Sensitiv...,Bic,1 + 2 Unidades Grátis,"5,49 €","5,49 €/Unidade"
Fraldas Activity Extra T5 |13-19 kg,Dodot,48 Unidade,"13,29 €/Unidade","13,29 €/Unidade"
O cacau puro,Cemporcent,Embalagem de 200g,"2,29 €","11,45 €/Kg"
Croquetes vegetais,PorSi Viva Bem,Embalagem de 220g,"1,89 €","6,30 €/Kg"
Chá infusão relax bio,Cemporcent,Embalagem de 13g,"0,99 €","76,15 €/Kg"
Escova dentes kids minions bateria,Colgate,1 un.,"3,29 €","43,87 €/L"
Ovos galinha solo L,PorSi,12 unidades,"1,59 €","1,59 €/Unidade"
Comida húmida para cão de frango e legumes,PorSi,Lata de 400 g,"0,75 €","2,50 €/Kg"
Tónico de limpeza age perfect,L'oreal,Embalagem de 200 ml,"0,76 €","0,76 €/Unidade"
Infusão nº 6 sem barriga,Cemporcent,Embalagem de 10 unidades,"64,67 €/Kg","64,67 €/Kg"
Massa de cotovelos,Nacional,Embalagem de 500g,"0,92 €","10,22 €/Kg"
Ambientador aerossol 5 em 1 frescura água,PorSi,300 ml,"0,99 €","3,30 €/L"
Batata Nova a Granel,Vitacress,1 un = 250 gr  (aprox.),"1,29 €","2,58 €/Kg"
Sopa económica de marisco,Knorr,Embalagem de 60g,"1,46 €","24,33 €/Kg"
"Chocolate m&m s, amendoim",M&m' s,Embalagem de 45 g,"18,50 €/Kg","18,50 €/Kg"
Pensos de incontinência Maxi,Ausonia,Uma embalagem - 12Unidades,"1,95 €","1,95 €/Unidade"
Bolacha shortcake chocolate,Nacional,Embalagem de 180g,"1,69 €","6,76 €/Kg"
Pensos Higiénicos Cottonlike com Abas Normal Plus,Evax,28 unidades,"4,99 €","4,99 €/Unidade"
Vinagre balsâmico modena,Gallo,Garrafa de 250 ml,"0,35 €","0,70 €/L"
Mel rosmaninho 500g,SERRAMEL,Embalagem de 500G,"4,89 €","9,78 €/Kg"
Pudim caramelo,PorSi,Embalagem de 90g,"0,59 €","29,50 €/Kg"
Snack para gato seaside,Felix,Embalagem de 60g,"0,99 €","16,50 €/Kg"
Lion barra cereais  25g,Nestle,Embalagem de 150g,"1,70 €","13,08 €/Kg"
Leite evaporado,PorSi,Embalagem de 410g,"1,09 €","2,75 €/Kg"
"Vela com número, nº 7",PorSi,1 unidade,"1,09 €","1,09 €/Unidade"
Refrigerante com gás free,Seven-up,"Garrafa de 1,25 l","0,40 €/L","0,40 €/L"
Sardinhas em óleo picante,Ramirez,Embalagem de 130g,"9,08 €/Kg","9,08 €/Kg"
Conjunto Sensuelle,Coquette,EAU DE TOILETTE 100 ML + R-ON 10 ML,"14,99 €","14,99 €/Unidade"
Chai original infusão,Cemporcent,Embalagem de 13g,"0,99 €","76,15 €/Kg"
Fita Adesiva Brico Facil Especial Dupla Face,Ceys,1 unidade,"3,99 €","3,99 €/Unidade"
Queijo Brie 60%,Produto selecionado,Vendido ao peso a partir de 250 gr,"1,45 €","7,25 €/Kg"
Chocolate pastilhas,Pantagruel,Embalagem de 200g,"1,04 €","8,32 €/Kg"
Molho cervejeira 8 cubos,Knorr,Embalagem de 70g,"3,84 €","24,00 €/Kg"
Pudim flan,El mandari,Embalagem de 10g,"0,59 €","29,50 €/Kg"
Gelado cornetto morango,Olá,Embalagem de 6 x 90 ml,"5,99 €","16,64 €/L"
5 gouaches de cores primárias,Domédia,Uma embalagem,"4,69 €","4,69 €/Unidade"
"Bombons de chocolate, praleine",Schogetten,Embalagem de 100g,"5,30 €/Kg","5,30 €/Kg"
Conjunto coração,IDC,2 peças,"9,69 €","9,69 €/Unidade"
Leite uht meio gordo,Mimosa,Embalagem de 1 litro,"0,83 €","0,83 €/L"
"Fralda Cueca DryNites, 4 a 7 anos |Menina",Huggies,embalagem c/ 16 unidades,"12,99 €","12,99 €/Unidade"
Arroz agulha,Cigala,Embalagem de 1 kg,"1,26 €","1,26 €/Kg"
Farinha láctea menos 40% açúcar,Cerelac,Embalagem de 250g,"4,99 €","4,99 €/Kg"
Palmolive pure gel de banho pomegranate,Palmolive,Garrafa de 500 ml,"3,99 €","19,95 €/L"
Martini fiero,Martini,Garrafa de 750 ml,"11,99 €","11,99 €/L"
Multivitaminas de a a z (cápsulas),Forma+,Embalagem de 25g,"7,59 €","126,50 €/Kg"
Creme Depilatório Peles Sensíveis,Veet,Embalagem de 400 ml,"10,99 €","73,27 €/L"
Noodle banzai caril,Cigala,Embalagem de 70g,"0,92 €","10,22 €/Kg"
Salsichas extra suculentas de frango,Nobre,Frasco de 210g,"0,75 €","3,75 €/Kg"
Doce light frutos vermelhos,PorSi,Embalagem de 340g,"3,59 €","10,26 €/Kg"
Massa alimentícia spaghetti,Barilla,Embalagem de 500g,"1,94 €","3,88 €/Kg"
Magnum mini white mix,Olá,Embalagem de 6 x 55 ml,"5,99 €","16,64 €/L"
"Fiambre extra, fatiado",PorSi,Embalagem de 200g,"0,97 €","6,49 €/Kg"
Marmelada,Ferbar,Embalagem de 800g,"1,09 €","2,42 €/Kg"
Queijo brie 60% mg,Páturages,Embalagem de 200 g,"1,45 €","7,25 €/Kg"
Spray limpa vidros,Ajax,Embalagem de 500 ml,"3,19 €","6,38 €/L"
Leite UHT Meio Gordo,PorSi,Embalagem de 200 ml,"0,83 €","0,83 €/L"
Tostas suecas integrais,PorSi,Embalagem de 225 g,"2,39 €","6,83 €/Kg"
Sobremesa gelatina de morango,PorSi,Embalagem 4X100G,"0,85 €","2,13 €/Kg"
Bagas de cranberry,Cemporcent,Embalagem de 125 g,"0,79 €","3,95 €/Kg"
Bolachas crackers com sal,PorSi,Embalagem de 500g,"0,39 €","3,12 €/Kg"
Vinho doc alentejo tinto,Albarrada,Garrafa de 750 ml,"2,89 €","3,85 €/L"
Alecrim em folhas,PorSi,Embalagem de 25g,"2,29 €","30,53 €/Kg"
Nestum chocolate,Nestum,Embalagem de 250g,"2,49 €","9,96 €/Kg"
"Recarga para ambientador elétrico, white bouquet duo",Air Wick,Embalagem de 2 unidades,"11,98 €","11,98 €/Unidade"
Lava Tudo Perfumado Lavanda,PorSi,Embalagem de 2 l,"0,99 €","0,50 €/L"
Vela com número nº 9,PorSi,1 unidade,"1,09 €","1,09 €/Unidade"
Papel higiénico branco 2 folhas,PorSi,48 rolos,"5,99 €","5,99 €/Unidade"
Gogo SqueeZ Snack de Maçã,Gogo,Embalagem de 4 x 90g,"2,29 €","6,94 €/L"
Creme vitalift 5,Men expert,Embalagem de 50 ml,"5,99 €","14,98 €/L"
"Toalhitas Higiénicas Adulto, 64unidades",Labell,Uma embalagem,"0,76 €","0,76 €/Unidade"
Restaurador de Chão Envenizado Médio/Escuro,Novycera,Embalagem de 500 ml,"2,49 €","2,49 €/L"
Nutella,Nutella,Embalagem de 700g,"4,39 €","12,91 €/Kg"
Sementes de girassol,PorSi Viva Bem,Embalagem de 200 g,"1,59 €","10,60 €/Kg"
Ambientador elétrico botanica Vetiver das Caraíbas &...,Air Wick,1 unidade,"11,99 €","11,99 €/Unidade"
Escova para lavar,PorSi,1 unidade,"2,20 €","2,20 €/Unidade"
Salsicha fresca merguez,PorSi,Embalagem de 330 g,"0,60 €","5,99 €/Kg"
Esferográfica Cristal Ouro e Prata x2,Bic,1 unidade,"2,69 €","2,69 €/Unidade"
Bolachas ricanela,Cuetara,Embalagem de 400g + 100g grátis,"0,39 €","3,12 €/Kg"
Lombos de salmão,PorSi,Embalagem de 300g,"3,99 €","9,98 €/Kg"
Vela com número nº 6,PorSi,1 unidade,"1,09 €","1,09 €/Unidade"
Néctar de laranja,Bongo,Garrafa de 1 l,"0,99 €","0,99 €/L"
Liegeois de chocolate,Milchfrisc,Embalagem de 200g,"0,55 €","2,75 €/Kg"
Batatas Pré-fritas Rosti com Cebola,PorSi,Embalagem com 600 g,"2,39 €","3,98 €/Kg"
Esparguete Clássica,Nacional,Embalagem de 500 g,"0,92 €","10,22 €/Kg"
Azeite virgem delicado,Gallo,Garrafa de 750 ml,"3,29 €","4,39 €/L"
Infusão cidreira,PorSi,Embalagem de 40g,"64,67 €/Kg","64,67 €/Kg"
Vinho regional lisboa branco,Marginal,Garrafa de 750 ml,"3,99 €","5,32 €/L"
Vermute bianco,Martini,Garrafa de 1 l,"11,99 €","11,99 €/L"
Recarga mopa 1.2 spray max,Vileda,1 unidade,"2,20 €","2,20 €/Unidade"
Lixívia Tradicional,Neoblanc,Embalagem de 4 l,"1,74 €","0,35 €/L"
Areia para gato aglomerante,PorSi,Embalagem de 5 litros,"1,19 €","0,24 €/Kg"
Polpa de tomate em garrafa,Compal,Embalagem de 1 kg,"3,84 €","24,00 €/Kg"
Iogurte líquido frutos tropicais,Longa vida,Embalagem de 4 x 160 g,"1,31 €","2,05 €/Kg"
Iogurte líquido pinacolada corpos danone,Danone,Embalagem de 4 x 155 g,"1,31 €","2,05 €/Kg"
Alga marinha tostada sushi nori,BLUEDRAGON,Embalagem de 11g,"2,99 €","271,82 €/Kg"
Bolachas cacau com cereais e pepitas de chocolate,PorSi,Embalagem de 400 g,"0,79 €","5,27 €/Kg"
Red Fish,Peixe Congelado,300 a 500 g,"3,99 €/Kg","3,99 €/Kg"
Bolacha de caramelo,Snapy,Embalagem de 250g,"2,11 €/Kg","2,11 €/Kg"
Espresso café arábica,PorSi,250 ml,"15,92 €/Kg","15,92 €/Kg"
Sabao rosa e branco,PorSi,Embalagem de 400g,"1,19 €","2,98 €/Kg"
Pudim flan,PorSi,Embalagem de 4 x 5.6 g,"0,59 €","29,50 €/Kg"
Gomas beijinhos,PorSi,Embalagem de 300 g,"1,19 €","3,97 €/Kg"
Snack para gato de galinha e pato,Catisfactions,Embalagem de 60g,"0,99 €","16,50 €/Kg"
Café Torrado em Grão Colômbia,Delta,Embalagem de 220g,"9,16 €/Kg","9,16 €/Kg"
Vinho maduro branco,Ala dos namorados,Garrafa de 75 cl,"2,29 €","3,05 €/L"
Tarteletes com recheio avelã,PorSi,Embalagem de 91g,"2,78 €/Kg","2,78 €/Kg"
Moscatel de Setúbal Reserva,Selecção de Enófilos,Garrafa de 0.75 l,"6,79 €/L","6,79 €/L"
Creme Depilatório Peles Sensíveis,Veet,Embalagem de 200 ml,"10,99 €","73,27 €/L"
Sementes de chia,PorSi Viva Bem,Embalagem de 150 g,"1,59 €","10,60 €/Kg"
Macchiato café arábica,PorSi,250 ml,"15,92 €/Kg","15,92 €/Kg"
"Coloração permanente, louro claro nº8",Palette,1 unidade,"5,99 €","5,99 €/Unidade"
Chá infusão videira vermelha,Cemporcent,Embalagem de 13g,"0,99 €","76,15 €/Kg"
Coloração Permanente Louro Escuro |6,Palette,,"5,99 €","5,99 €/Unidade"
Rebuçados peitorais,Dr.bayard,Embalagem de 200g,"0,77 €","3,85 €/Kg"
Fralda cueca T4 - 8 a 14 kg,PorSi,22 unidades,"12,99 €","12,99 €/Unidade"
Massa esparguete,Milaneza,Embalagem de 500g,"0,92 €","10,22 €/Kg"
Sopa espargos,Knorr,Embalagem de 70g,"1,46 €","24,33 €/Kg"
Limpa vidros,Arbo,embalagem de 500 ml,"3,49 €","13,96 €/L"
Sobremesa danette chocolate,Danone,Embalagem de 4 x 125 g,"1,19 €","2,59 €/Kg"
Aperitivos de amendoins sal e mel,Matutano,Embalagem de 70g,"0,79 €","7,90 €/Kg"
Leite Meio Gordo sem Lactose,Mimosa,Pack 4 x 200 ml,"2,19 €","2,19 €/L"
Creme p/ Calçado Castanho,Búfalo,Embalagem de 50 ml,"0,99 €","19,80 €/L"
Argolas Romana,PorSi,Embalagem de 400 g,"1,79 €","7,16 €/Kg"
Gogo SqueeZ Snack Maçã,Gogo,Embalagem de 90g,"2,29 €","6,94 €/L"
Queijo azul,PorSi,100 g,"1,89 €","18,90 €/Kg"
Doce de tomate 60% fruta,Cemporcent,Embalagem de 280g,"3,99 €","7,98 €/Kg"
Iogurte grego stracciatella sem lactose,PorSi Viva Bem,Embalagem de 240g,"2,99 €","6,23 €/Kg"
Bolacha chocomax mini,Nacional,Embalagem de 120 g,"0,79 €","5,27 €/Kg"
Tira gorduras recarga,Mistolin,Garrafa de 550 ml,"3,99 €","5,32 €/L"
Aroma baunilha,Vahine,Embalagem de 20g,"1,89 €","17,18 €/Kg"
Bacalhau com natas,PorSi,Embalagem de 380g,"1,79 €","7,16 €/Kg"
Termo drena rapid,PLANTANATU,Garrafa de 500 ml,"7,59 €","126,50 €/Kg"
Spray renova camurça incolor,PorSi,Embalagem de 200 ml,"6,19 €","24,76 €/L"
Havana club-añejo 7 anos,Havana,Garrafa de 700 ml,"17,49 €","24,99 €/L"
"Iogurte, sabor a morango",PorSi,Embalagem de 4 x 125 g,"0,69 €","1,38 €/Kg"
Assador Castanhas em Barro,Produto selecionado,Diam.: 17 cm,"4,99 €/Unidade","4,99 €/Unidade"
Whisky tullamore dew,Tullamore,Garrafa de 700 ml,"19,99 €","19,99 €/L"
"Pasta de arquivo, lombada estreita, azul",Domédia,1 unidade,"3,29 €","3,29 €/Unidade"
Doce pessego 284g,ST.DALFOUR,Frasco de 284g,"2,19 €","9,95 €/Kg"
"Água com gás, sabor limão",PorSi,"Embalagem de 6x0,25 l","1,99 €/L","1,99 €/L"
"Guardanapos brancos, 33x33cm, 2 folhas, 90 unidades",Renova,Uma embalagem,"1,29 €","1,29 €/Unidade"
Choco flakes,Cuetara,Embalagem de 500g,"5,07 €/Kg","5,07 €/Kg"
Pimento Verde,Legumes do Dia,1 un = 250 gr  (aprox.),"0,72 €","2,89 €/Kg"
Chá funcional regula,F+nutrir,Embalagem de 45g,"0,99 €","76,15 €/Kg"
Água s/ gás,Luso,Pack 6 x 1.5 l,"1,04 €","0,17 €/L"
Néctar 8 frutos,Bongo,Pack 6 x 200 ml,"0,99 €","0,99 €/L"
10 Preservativos Easy Way Finissímos,Control,,"14,99 €","74,95 €/L"
Achocolatado em pó extra chocolate,Nesquik,Embalagem de 390g,"11,23 €/Kg","11,23 €/Kg"
Biscoitos integrais aveia e manteiga de amendoim,PorSi Viva Bem,Embalagem de 150g,"0,69 €","3,45 €/Kg"
Alface Frisada,*,1 un= 400 g (aprox.),"1,00 €","2,49 €/Kg"
"Sumo 100%, tutti-frutti",PorSi,"Embalagem de 1,5 l","1,09 €","0,73 €/L"
Chá solúvel sem gases adulto,Cemporcent,Embalagem de 60g,"0,99 €","76,15 €/Kg"
Gel de Banho Deeply Nourishing,Dove,Embalagem de 750 ml,"6,49 €","8,65 €/L"
Escova de dentes infantil 3 a 6 anos,Labell,1 un.,"2,99 €","2,99 €/Unidade"
Pensos Incontinência Mulher Discreet Normal,Tena,Embalagem com 24 unidades,"1,95 €","1,95 €/Unidade"
Asas de Frango,*,1 un = 100 gr (aprox.),"1,05 €","2,99 €/Kg"
Cestos com tampa e juta,*,3 unidades,"17,99 €/Unidade","17,99 €/Unidade"
Lambrusco tinto,*,Garrafa de 750 ml,"2,09 €","2,79 €/L"
Mistolin tira-nódoas,Mistolin,Garrafa de 500 ml,"1,79 €","2,39 €/L"
Costeletas do Lombo,Porco,Vendido ao peso a partir de 1 kg,"4,29 €","4,29 €/Kg"
Cacau magro em pó,PorSi,Embalagem de 125 g,"1,04 €","8,32 €/Kg"
Cuecas Incontinência Homem Active Fit L,Tena,8 Unidades,"9,99 €","9,99 €/Unidade"
Moscatel de setúbal,Selecção de Enófilos,"Garrafa de 0,75 l","6,79 €/L","6,79 €/L"
Tira Nódoas em Pó Cores,Skip,1 kg,"10,99 €","52,33 €/Kg"
Pão Regional Rio Maior Inteiro,Pão do Dia,1 unidade= 900 g,"0,20 €","2,86 €/Kg"
Vinagre vinho branco 250ml,Cristal,Garrafa de 250 ml,"0,35 €","0,70 €/L"
Elixir Total Care Zero,Listerine,Embalagem de 500 ml,"5,99 €","11,98 €/L"
Luvas Multi Sensitive Médio/Grande,Vileda,40 unidade,"0,69 €","0,69 €/Unidade"
Jogo das escadas,Olivo,1 unidade,"9,99 €/Unidade","9,99 €/Unidade"
Creme fresco à base de soja p/bater,Alpro,Garrafa de 250 ml,"0,69 €","0,69 €/Kg"
Arroz agulha,Pato real,Embalagem de 1 kg,"1,26 €","1,26 €/Kg"
"Caixa com saquetas de  pau de canela, 30 unidades",PorSi,Embalagem 90G,"2,29 €","30,53 €/Kg"
Choco rice,Cemporcent,Embalagem de 250g,"1,19 €","2,98 €/Kg"
Bolacha tosta rica choco guay,Cuetara,Embalagem de 170g,"1,89 €","15,75 €/Kg"
Liquido abrilhantador castanho,PorSi,75 ml,"2,25 €","45,00 €/L"
Salada de fruta em calda,PorSi,Embalagem de 3 x 220 g,"2,79 €","4,92 €/Kg"
Sardinhas,PorSi,embalagem com 1 kg,"3,99 €","9,98 €/Kg"
Bolacha waffer bites cacau,Waferland,Embalagem de 125g,"0,98 €","4,67 €/Kg"
Tablete de chocolate leite c/ avelãs,Milka,Embalagem de 270g,"4,09 €","14,82 €/Kg"
Chá infusão príncipe bio,Cemporcent,Embalagem de 13g,"0,99 €","76,15 €/Kg"
Anticongelante vermelho 20%,PorSi,Embalagem de 1 l,"3,49 €","13,96 €/L"
Atum posta em óleo,Bom petisc,Embalagem de 120 g,"9,08 €/Kg","9,08 €/Kg"
O 1º Livro Atividades Coala,Tigex,1 un.,"12,99 €/Unidade","12,99 €/Unidade"
"Coloração permanente, castanho tiramissu nº4.15",Nutrisse,1 unidade,"5,99 €","5,99 €/Unidade"
Creme vegetal culinário,Vaqueiro,Embalagem de 250 g,"2,89 €","2,89 €/Kg"
Abacaxi,Fruta do Dia,1 un = 2kg ( aprox.),"2,50 €","1,25 €/Kg"
Café em cápsulas deqafeitatus,Delta Q,Embalagem de 55 g,"54,36 €/Kg","54,36 €/Kg"
Vinho rosé regional península de Setúbal,Selecção de Enófilos,Garrafa de 0.75 l,"8,59 €","11,45 €/L"
Esfregona Microfibras Eco,Vileda,1 un.,"3,69 €","3,69 €/Unidade"
Guardanapos Gold 2 folhas,Renova,Dim.: 39x39cm,"1,29 €","1,29 €/Unidade"
"Frutapura maçã, banana e frutos do bosque",Bledina,Embalagem de 85g,"2,29 €","6,94 €/L"
Guardanapos | Dim.: 30 x 33 cm,PorSi,Embalagem com 20 unidades,"1,29 €","1,29 €/Unidade"
Melão Amarelo,Fruta do Dia,Vendido ao peso | 1 un = 2.5 kg (aprox.),"0,75 €","2,99 €/Kg"
Jogo de Damas,Olivo,caixa metálica,"9,99 €/Unidade","9,99 €/Unidade"
Travessa em inox,PorSi,Dim.: 25 x 18 cm,"2,50 €","2,50 €/Unidade"
Chocolate negro 85 % cacau,Cemporcent,Embalagem de 100g,"2,89 €","23,12 €/Kg"
Chá earl grey,Lipton,Embalagem de 40g,"44,50 €/Kg","44,50 €/Kg"
Grelo de Couve Programa Origens,PorSi,1 un = 1 kg (aprox.),"0,69 €","2,29 €/Kg"
Gelatina ananás 10kcal,Royal,Embalagem de 30g,"0,55 €","61,11 €/Kg"
Azeite virgem extra clássico,Gallo,Garrafa de 250 ml,"3,29 €","4,39 €/L"
Ambientador gel lavanda,PorSi,150 g,"16,63 €/L","16,63 €/L"
Leite UHT Meio Gordo,PorSi,1 l,"0,83 €","0,83 €/L"
Dominó,Olivo,caixa metálica,"9,99 €/Unidade","9,99 €/Unidade"
Collant opac microfibra preto 60D,PorSi,Tamanho: l,"18,99 €","18,99 €/Unidade"
Inseticida Elétrico Melgas e Mosquitos 5 em 1,Dum Dum,1 unidade = 90 noites,"7,69 €","7,69 €/Unidade"
Pudim caseiro de laranja,Royal,Embalagem de 200g,"0,59 €","29,50 €/Kg"
Sal marinho integral,Cemporcent,Embalagem de 1 kg,"0,69 €","0,69 €/Kg"
Bolacha Maria sem lactose,PorSi Viva Bem,Embalagem de 200 g,"2,99 €","6,23 €/Kg"
Tablete de chocolate negro,PorSi Select,200 g,"4,09 €","14,82 €/Kg"
Vinho frisante rosé,Lapadas,Garrafa de 750 ml,"2,29 €","3,05 €/L"
Acendalha Querosene,Quinas,Uma embalagem - 32Unidades,"0,75 €","0,75 €/Unidade"
Caderno Agrafado Capa Preta |A5 Pautado,Domédia,1 unidade,"1,09 €","1,09 €/Unidade"
Inseticida ajustável eléctrico líquido anti melgas e...,Raid,60 noites,"7,69 €","7,69 €/Unidade"
Iogurte magro morango,Longa vida,Embalagem de 6 x 120 g,"7,66 €/Kg","7,66 €/Kg"
Grelo Nabo Programa Origens,PorSi,1 un= 1 kg (aprox.),"0,69 €","2,29 €/Kg"
Infusão chai 10x1.5g,PorSi Viva Bem,Embalagem de 15g,"64,67 €/Kg","64,67 €/Kg"
Vinho tinto alentejo,Loios,Garrafa de 750 ml,"2,89 €","3,85 €/L"
Banha,PorSi,Embalagem de 940 g,"2,89 €","2,89 €/Kg"
Croutons com azeite,PorSi,Embalagem de 150g,"2,39 €","6,83 €/Kg"
Abridor de Garrafas,Vacu Vin,1 unidade,"10,90 €","10,90 €/Unidade"
15 panadinhos de peixe,PorSi,Embalagem de 450 g,"3,99 €","9,98 €/Kg"
Na-aletria fq  10kg,Nacional,Embalagem de 500g,"0,92 €","10,22 €/Kg"
Creme vegetal para cozinha,Becel,Embalagem de 450 g,"1,39 €","6,95 €/L"
Marmelada,PorSi,Embalagem de 450g,"1,09 €","2,42 €/Kg"
Rebuçados drops recheio de fruta,PorSi,Embalagem de 250g,"2,30 €","57,50 €/Kg"
Gel wc anticalcário sem lixívia,PorSi,"Garrafa de 1,5 l","2,79 €","3,99 €/L"
Detergente Multiusos Spray,Ajax,Garrafa de 500 ml,"1,29 €","0,86 €/L"
"Esferográfica, 4 cores",Bic,1 unidade,"2,69 €","2,69 €/Unidade"
Eau de Toilette Cars,Corine de Farme,Embalagem de 50 ml,"7,99 €","159,80 €/L"
Azeite virgem extra dop trás-os-montes,PorSi Select,Embalagem 750 ml,"3,29 €","4,39 €/L"
Néctar clássico de pera,Compal,Garrafa de 200 ml,"0,99 €","0,99 €/L"
Bolacha de água e sal júnior,Vieira,Embalagem de 160g,"0,84 €","2,80 €/Kg"
Reptomin alimento para tartarugas,Tetra,Garrafa de 250 ml,"7,99 €","7,99 €/L"
Lava Tudo Amoniacal,Sonasol,"Garrafa de 1,3 l","0,99 €","0,50 €/L"
Simple bite maçã e canela,Simple,Embalagem de 35g,"1,70 €","13,08 €/Kg"
Aguarelas 30mm x 12,Giotto,1 unidade,"4,39 €","4,39 €/Unidade"
Molho de maionese com alho e ervas,PorSi,Garrafa de 120 ml,"0,87 €","2,90 €/Kg"
Massa de macarrão,Milaneza,Embalagem de 500g,"0,92 €","10,22 €/Kg"
Sal marinho grosso,Vatel,Embalagem de 1 kg,"2,29 €","30,53 €/Kg"
Salmão Fumado da Escócia,PorSi Select,Embalagem de 80 g,"7,99 €","39,95 €/Kg"
Pilha alcalina classic lr03x8,Domédia,1 unidade,"1,75 €","1,75 €/Unidade"
Pastilhas fire canela,CHICLETS,Embalagem de 16 g,"0,89 €","59,33 €/Kg"
Porto special reserva,Q.harris,Garrafa de 750 ml,"17,99 €","23,99 €/L"
Desinfetante álcool gel spray,PorSi,100 ml,"33,99 €","33,99 €/Unidade"
Inseticida para baratas e formigas,Baygon,Embalagem de 400 ml,"5,09 €","8,48 €/L"
Frutapura Pouch Banana Morango,Bledina,Embalagem de 85g,"2,29 €","6,94 €/L"
"Rolo Película Protect 15x2,6m",Tesa,1 unidade,"18,99 €","18,99 €/Unidade"
"Salsa em folhas, pacote",Margao,Embalagem de 10g,"2,29 €","30,53 €/Kg"
Tostas integrais,PorSi,Embalagem de 225g,"2,39 €","6,83 €/Kg"
Cebola picada em pacote,PorSi,Embalagem de 40 g,"2,29 €","30,53 €/Kg"
Iogurtes Corpos Danone Aroma Tutti/Morango/Ananás,Danone,Embalagem de 8 x 120 g,"0,69 €","1,38 €/Kg"
Penso Diário Maxi,Ausonia,1 Embalagem c/30 unidades,"2,99 €","2,99 €/Unidade"
Rolo Cozinha Meia Folha Adapt,Colhogar,2 rolos,"4,99 €","4,99 €/Unidade"
Vela com número nº 1,PorSi,1 unidade,"1,09 €","1,09 €/Unidade"
Puzzles Astro Kid / T-Rex,Olivo,60 peças,"9,99 €/Unidade","9,99 €/Unidade"
Fiambre da perna extra baixo teor de gordura fatias ...,PorSi Viva Bem,Embalagem de 200 g,"0,97 €","6,49 €/Kg"
Condicionador glossing,Syoss,Embalagem de 500 ml,"1,00 €","5,00 €/L"
Chá solúvel dormir bem,Cemporcent,Embalagem de 45g,"0,99 €","76,15 €/Kg"
Bebida de soja e chocolate,PorSi Viva Bem,Embalagem de 1 l,"2,49 €","2,49 €/L"
Bastão de cola,Domédia,20 g,"2,19 €","109,50 €/L"
Café Moagem Universal Honduras,PorSi,Embalagem de 220g,"9,16 €/Kg","9,16 €/Kg"
Chá infusão nº3 prostal control,Cemporcent,Embalagem de 13g,"0,99 €","99,00 €/Kg"
Feijoada transmontana,Nobre,Embalagem de 420g,"2,35 €","5,60 €/Kg"
"Amaciador de roupa, azul",Comfort,Garrafa de 4 l,"8,99 €","2,25 €/L"
18 hamburguers s/ glúten vaca,Capitão Iglo,Pack familiar com 1.4 kg,"2,79 €","8,72 €/Kg"
Tablete de chocolate amendoim,Nestle,Embalagem de 90 g,"4,09 €","14,82 €/Kg"
Barrinhas pescada com limão sem glúten,Pescanova,Embalagem de 300g,"1,79 €","7,16 €/Kg"
Doce quatro frutos,ST.DALFOUR,Frasco de 284g,"2,19 €","9,95 €/Kg"
Morangos 100% Naturais,PorSi,Embalagem de 750 g,"3,29 €","4,39 €/Kg"
Vulcão brilhante,Clementoni,1 unidade,"9,99 €/Unidade","9,99 €/Unidade"
Cenoura adoçada com xarope de milho,Cemporcent,Embalagem de 240g,"1,94 €","3,88 €/Kg"
Resguardos de cama,PorSi,20 unidades de 60 x 90 cm,"6,89 €","6,89 €/Unidade"
Soja fina,PorSi Viva Bem,Embalagem de 400 g,"1,49 €","3,73 €/Kg"
Favas ultracongeladas,PorSi,Embalagem de 400g,"1,98 €","1,98 €/Kg"
Fósforos cozinha,Quinas,Embalagem com 4 caixas por unidade,"1,50 €","1,50 €/Unidade"
Toalhitas Bebé Nature,PorSi,64 unidades,"1,09 €/Unidade","1,09 €/Unidade"
Canja c/ aletria,Knorr,Embalagem de 70g,"1,46 €","24,33 €/Kg"
Limpa fornos,PorSi,500 ml,"11,99 €","26,64 €/L"
Recarga A4 100folhas Liso,Ancor,1 unidade,"2,19 €","109,50 €/L"
Perfect Pen,Loctite,Embalagem com 3 g,"3,99 €","3,99 €/Unidade"
Pastilhas melão e melancia,Trident,Embalagem de 20g,"0,89 €","59,33 €/Kg"
Pensos Higiénicos Fina e Segura Maxi Super,Evax,Embalagem c/ 13 Unidades,"4,99 €","4,99 €/Unidade"
Salmão posta ao natural,PorSi Select,Lata de 120 g,"9,08 €/Kg","9,08 €/Kg"
Cereais nesquik,Nestle,Embalagem de 625g,"5,07 €/Kg","5,07 €/Kg"
Rolinhos waffletten milk,Bahlsen,Embalagem de 100g,"11,93 €/Kg","11,93 €/Kg"
Creme de amendoim cremoso 340g,Skippy,Embalagem de 340g,"4,39 €","12,91 €/Kg"
Iogurte tipo grego natural,PorSi,Embalagem de 12 x 125 g,"2,99 €","6,80 €/Kg"
Fruta para bebé banana laranja bolacha +6 meses,Nestle,Embalagem de 90g,"0,74 €","8,22 €/Kg"
Yofu com polpa de fruta,Alpro,Embalagem de 4x125 g,"3,09 €","6,18 €/Kg"
Sacos do Lixo Ecobag 50 L,Vileda,Embalagem c/ 10 un.,"1,89 €","1,89 €/Unidade"
Azeite virgem extra dop moura,PorSi Select,Embalagem de 0.75L,"3,29 €","4,39 €/L"
Barras fitness natural 141g,Nestle,Embalagem de 140g,"1,70 €","13,08 €/Kg"
Chourico carne das beiras,PorSi,Embalagem de 290g,"2,29 €","15,27 €/Kg"
Mistura sol sem café granulado,PorSi,Embalagem de 200g,"1,64 €","6,56 €/Kg"
Café moagem universal brasil,Delta,Embalagem de 220g,"9,76 €/Kg","9,76 €/Kg"
Elixir oil,Gliss,Embalagem de 75 ml,"1,00 €","5,00 €/L"
Ambientador elétrico pure clean linen + recarga,Glade,1 unidade,"11,99 €","11,99 €/Unidade"
Queijo flamengo ralado,PorSi,Embalagem de 200G,"1,39 €","6,95 €/Kg"
Termo forte beringela/limão,PLANTANATU,Garrafa de 500 ml,"7,59 €","126,50 €/Kg"
Bolachas com pepitas de chocolate sem glúten,Schar,Embalagem de 200g,"0,69 €","4,60 €/Kg"
Barra cereais nesquik delice,Nestle,Embalagem de 140g,"1,70 €","13,08 €/Kg"
Vinho regional lisboa reserva tinto,Mundus,Garrafa de 750 ml,"3,99 €","5,32 €/L"
Película Protect Extra Forte 4X5M,Tesa,1 unidade,"18,99 €","18,99 €/Unidade"
Caramelos de fruta multisabor single,Sugus,Embalagem de 50g,"1,19 €","4,76 €/Kg"
Nata uht para bater,Gresso,Garrafa de 200 ml,"0,75 €","3,75 €/L"
Bebida Solúvel Mokambo Chicória e Café,Nestle,Embalagem de 240g,"14,50 €/Kg","14,50 €/Kg"
Bálsamo Reparador Gordo Peles Extra Secas,Mixa,Embalagem de 300ml,"12,48 €/L","12,48 €/L"
Refeição caseira almôndegas,Nobre,Embalagem de 420g,"2,35 €","5,60 €/Kg"
"Cueca de incontinência, adulto, pequena",PorSi,Embalagem com 14 unidades,"9,99 €","9,99 €/Unidade"
Bandas de cera axilas/bikini,Labell,Embalagem com 16 un. + 4 toalhitas de acabamento,"3,11 €","3,11 €/Unidade"
Pó baratas e formigas,Baygon,Embalagem de 250 g,"5,49 €","13,73 €/L"
Pack de 3 embalagens de polpa de tomate,Compal,Embalagem de 630g,"3,84 €","24,00 €/Kg"
Resguardo para bebé,PorSi,Dim.: 60 x 60 cm,"4,99 €/Unidade","4,99 €/Unidade"
Café c/ cafeína intenso,Nescafe,Embalagem de 100g,"14,50 €/Kg","14,50 €/Kg"
Preparado p/ mariscada s/ glúten,Pescanova,Embalagem de 500 g,"2,19 €","8,59 €/Kg"
Néctar de laranja e cenoura light,PorSi,Embalagem de 3 x 200 ml,"0,84 €","2,55 €/L"
Lentilhas verdes,Cemporcent,Embalagem de 500g,"1,94 €","3,88 €/Kg"
Vinho regional alentejano bag-in-box branco,Galitos,Garrafa de 5 l,"11,29 €","2,26 €/L"
Batata Pré-Frita Croquettes,PorSi,Embalagem de 1 kg,"2,39 €","3,98 €/Kg"
Escova plástica (cores sortidas),PorSi,1 unidade,"0,89 €","0,89 €/Unidade"
Loção tónica para pele seca,Labell,Embalagem de 250 ml,"0,76 €","0,76 €/Unidade"
Alheira de mirandela,PorSi Select,Embalagem de 200 g,"1,49 €","7,45 €/Kg"
Pipocas coloridas,Orcape,Embalagem de 100g,"0,79 €","7,90 €/Kg"
Vinho tinto doc dão,Cabriz,Garrafa de 0.75 l,"7,49 €","9,99 €/L"
Esparguete s/ glúten,Milaneza,Embalagem de 500g,"2,69 €","5,38 €/Kg"
Tablete de chocolate oreo,Milka,Embalagem de 300g,"5,30 €/Kg","5,30 €/Kg"
Peito de peru fatias,PorSi,Embalagem de 150g,"1,44 €","9,59 €/Kg"
Leite de transição 3 +10 meses,NAN,Embalagem de 800g,"23,99 €","29,99 €/Kg"
Sementes de girassol,Cemporcent,Embalagem de 150 G,"1,39 €","9,27 €/Kg"
Espumante Super Reserva Meio Seco,Raposeira,Garrafa de 0.75 l,"6,49 €","8,65 €/L"
Gel de Banho Shea Butter & Vanilla,Dove,Embalagem de 750 ml,"3,99 €","19,95 €/L"
Royal gelatin,Royal,Embalagem de 400g,"0,85 €","2,13 €/Kg"
Esfregão de fibra com cabo depósito com detergente,Fino,embalagem com 5 un. + 1 un.,"2,54 €","2,54 €/Unidade"
Chalotas,Legumes do Dia,embalagem de 250 g (aprox.),"1,29 €","2,58 €/Kg"
"Alimento para peixe, tetramin staple food",Tetra,Embalagem de 250 ml,"7,99 €","7,99 €/L"
Vinho branco alentejo,Loios,Garrafa de 750 ml,"2,89 €","3,85 €/L"
Arroz basmati,Caçarola,Embalagem de 1 kg,"1,26 €","1,26 €/Kg"
Gel Banho Care&Orange,Nivea,Embalagem de 500 ml,"3,99 €","19,95 €/L"
Chá calêndula,Cemporcent,Embalagem de 40g,"0,99 €","76,15 €/Kg"
Bandas de cera depilatória axilas peles sensíveis,Veet,embalagem com 16 unidades,"3,11 €","3,11 €/Unidade"
Leite de limpeza age perfect,L'oreal,Embalagem de 200 ml,"0,76 €","0,76 €/Unidade"
Chiclets morango 16.8g,CHICLETS,Embalagem de 20g,"0,89 €","59,33 €/Kg"
Infusão nº 5 emagrecimento,Cemporcent,Embalagem de 10 unidades,"64,67 €/Kg","64,67 €/Kg"
Pudim de chocolate,Boca Doce,Embalagem de 20g,"0,59 €","29,50 €/Kg"
Kefir líquido natural,Nestle,Embalagem de 500 g,"1,31 €","2,05 €/Kg"
Queijo de cabra curado,PorSi,Embalagem de 2x100 g,"4,39 €","21,95 €/Kg"
Chá infusão menta bio,Cemporcent,Embalagem de 13g,"0,99 €","76,15 €/Kg"
Ambientador aerosol pure flor de cerejeira,Air Wick,Garrafa de 250 ml,"0,99 €","3,30 €/L"
Creme de Mãos Intensivo,Nivea,Embalagem de 100 ml,"2,49 €","41,50 €/L"
Penso de incontinência boutique mini,Ausonia Discreet,Embalagem de 16 un.,"1,95 €","1,95 €/Unidade"
Topping morango,Branca de neve,Embalagem de 370g,"1,09 €","5,45 €/Kg"
Vinho do Porto Tawny,Velhotes,"garrafa de 0,75 l","6,29 €","8,39 €/L"
Desengordurante de Vitrocerâmica/Indução 3 em 1 |Spr...,Vitroclen,Embalagem de 450 ml,"11,99 €","26,64 €/L"
Café gold alta rica frasco,Nescafe,Embalagem de 100 g,"14,50 €/Kg","14,50 €/Kg"
Presépio Cerâmica 4 Figuras,B. Couto,Dim.: 20cm,"14,99 €","14,99 €/Unidade"
Green mayo,Cemporcent,Embalagem de 300g,"3,69 €","3,69 €/L"
Confetis 80 gr sortido,Mercagranel,Embalagem de 80 gr,"0,59 €","7,38 €/Kg"
Rolha para Champanhe,Vacu Vin,1 unidade,"10,90 €","10,90 €/Unidade"
Ambientador vela duo exotic baunilha,Air Wick,Embalagem de 210g,"5,99 €","5,99 €/Unidade"
Queijo roquefort,Páturages,Embalagem de 150 g,"1,45 €","7,25 €/Kg"
Quanto íris 52d+4x8,Quanto,Garrafa de 1.12 l,"3,99 €","3,99 €/Unidade"
Lambrusco branco,Sorbello,Garrafa de 0.75 l,"2,09 €","2,79 €/L"
Ambientador aerossol 5 em 1 lavanda,PorSi,300 ml,"0,99 €","3,30 €/L"
Salsicha Fresca,Porco,1 un = 100 gr (aprox.),"0,60 €","5,99 €/Kg"
Bebida arroz,Alpro,Embalagem de 1 l,"2,19 €","2,19 €/L"
Farinha láctea,PorSi,Embalagem de 1 kg,"4,99 €","4,99 €/Kg"
Faca para Churrasco 11 cm Inox,PorSi,1 unidade,"5,99 €","5,99 €/Unidade"
Iogurte líquido de morango,Longa vida,Embalagem de 4 x 160 g,"1,31 €","2,05 €/Kg"
Compasso Origin 3 peças,Maped,Uma embalagem,"4,69 €","4,69 €/Unidade"
Néctar de pera rocha e framboesa do Oeste Algarve,Compal,1 litro,"0,99 €","0,99 €/L"
