Nome,Marca,Unidade,Preço Primário,Preço Secundário
"Lixívia, perfume fresco",Neoblanc,Embalagem de 4 l,"2,19 €","1,10 €/L"
Miolo de camarão 80/100,Pescanova,Embalagem de 350g,"8,99 €","25,69 €/Kg"
Bebida Energética Apple,Hell,250 ml,"1,60 €","3,20 €/L"
Dourada Pequena,Peixe do Dia,"Vendido ao peso, de 200 a 600 g","6,49 €/Kg","6,49 €/Kg"
Saqueta de puré de fruta | maçã + banana + morango,PorSi,90 g,"0,74 €","8,22 €/Kg"
Chocolate lion,Lion,Embalagem de 40g,"11,92 €/Kg","11,92 €/Kg"
Queijo Barra Inteiro,Alavão,"Vendido Inteiro, un=1k(aprox)","2,42 €","9,69 €/Kg"
Maxi folhado queijo/fiambre,Pastelaria do Dia,1 unidade = 125 g,"0,65 €","0,65 €/Unidade"
Azeite,PorSi,Garrafa de 1 l,"3,19 €","4,25 €/L"
Porto white,Ferreira,Garrafa de 750 ml,"11,99 €","15,99 €/L"
Polvilho doce,PorSi,Embalagem de 500g,"2,29 €","4,58 €/Kg"
Penso diário normal,PorSi,Embalagem de 64 unidades,"1,79 €/Unidade","1,79 €/Unidade"
Iogurte Pedaços Amoras/Mirtilo,PorSi,Embalagem 2X135 g,"4,36 €","2,18 €/Kg"
Chá de maçã e canela,Tetley,Embalagem de 20g,"58,00 €/Kg","58,00 €/Kg"
Pilha alcalina classic lr6x8,Domédia,1 unidade,"1,49 €","1,49 €/Unidade"
"Queijo light, 8 porções",A Vaca Que Ri,Embalagem de 140 g,"2,39 €","19,92 €/Kg"
Batata Nova a Granel,Vitacress,1 un = 250 gr  (aprox.),"1,19 €","1,19 €/Kg"
Muesli Frutas,PorSi,500 g,"2,45 €","4,90 €/Kg"
Sobremesa banana/laranja/bolacha,Nestle,Embalagem de 4 x 100 g,"2,89 €","7,23 €/Kg"
Espetadas de Peru,Peru,1 un = 150 gr (aprox.),"1,40 €","3,99 €/Kg"
"Vela em número,  nº 0",PorSi,1 unidade,"0,80 €","0,80 €/Unidade"
Vinho doc douro tinto,Papa Figos,Garrafa de 0.75 l,"7,49 €","9,99 €/L"
Água c/ gás groselha,Frize,pack 4 x 0.25 l,"2,85 €","2,85 €/L"
"Luvas multiusos relevo antiderrapante, tamanho grand...",PorSi,Embalagem de 1 unidades,"0,69 €","0,69 €/Unidade"
Nestum 5 cereais,Nestum,Embalagem de 250g,"2,19 €","8,76 €/Kg"
Queijo tres igrejas cura 2 meses,Santiago,Vendido ao peso a partir de 250 gr,"3,35 €","13,39 €/Kg"
Limpa vidros recarga tripla ação,Ajax,Embalagem de 500 ml,"3,19 €","6,38 €/L"
Bebida energética green,Monster,Garrafa de 500 ml,"1,60 €","3,20 €/L"
Iogurte arôma de frutos vermelhos,PorSi,Embalagem de 8x125 g,"1,99 €","2,07 €/Kg"
Desodorizante Roll'On Protect 5,Narta,Embalagem de 50 ml,"2,99 €","59,80 €/L"
Feijão preto,Legumes secos,1 un = 100 gr. (aprox.),"0,22 €","2,19 €/Kg"
Néctar clássico laranja,Compal,Embalagem de 1 l,"0,99 €","0,99 €/L"
Leite Bem Essencial Chocolate,Mimosa,Embalagem de 4 x 200 ml,"0,26 €","1,30 €/L"
Laranja Económica,Fruta do Dia,1 un = 250 gr  (aprox.),"0,32 €","1,29 €/Kg"
"Coloração permanente, castanho claro cobre nº54",Nutrisse,1 unidade,"9,49 €/Unidade","9,49 €/Unidade"
"Rolos de cozinha compactos, branco, 2 unidades",PorSi,Uma embalagem,"1,69 €","1,69 €/Unidade"
Mortadela de peru com azeitonas,PorSi,1 un = 150 gr (aprox.),"1,05 €","6,99 €/Kg"
Óleo de girassol,PorSi,garrafa de 3 litros,"3,39 €","3,39 €/L"
Creme depilatório para peles normais,Labell,Embalagem de 200 ml,"10,49 €","69,93 €/L"
Fraldas Activity Extra T5 |13-19 kg,Dodot,48 Unidade,"6,49 €","6,49 €/Unidade"
Salsichas de porco,Nobre,Lata de 200g,"0,75 €","3,75 €/Kg"
Spray tira gorduras eco,PorSi,Garrafa de 750 ml,"0,79 €","0,79 €/L"
Cola de Contacto Liquida,Vito,1 unidade,"2,79 €","93,00 €/Kg"
Salsichão fuet caseiro,Elpozo,Embalagem de 150g,"0,95 €","9,49 €/Kg"
Salsichas frasco hot dog,PorSi,Embalagem 540G,"0,75 €","3,75 €/Kg"
Néctar de laranja e cenoura light,PorSi,Embalagem de 3 x 200 ml,"1,59 €","1,59 €/L"
Estendal Roupa Aço com Abas,Sonecol,Dim.: 18 m,"8,99 €","8,99 €/Unidade"
Sumo natural de cenoura bio,Cemporcent,Garrafa de 200 ml,"1,19 €","1,86 €/L"
Limpa Motores,PorSi,Embalagem de 1 l,"3,99 €","0,80 €/L"
Caldo de galinha,PorSi,24 cubos,"0,99 €","1,98 €/Kg"
Bolo Rei c/ Castanhas,Pastelaria do Dia,1 un. = 600 g,"0,30 €/Unidade","0,30 €/Unidade"
Arroz Carolino,Saludães,Embalagem de 1 kg,"0,99 €","0,99 €/Kg"
Caramelos de fruta,PorSi,Embalagem de 250g,"1,10 €","4,40 €/Kg"
Linguas de gato,PorSi,Embalagem de 200 g,"0,69 €","3,45 €/Kg"
Bebida de cereais e café mokambo intenso,Nestle,Embalagem de 180g,"2,29 €","11,45 €/Kg"
Deo Roll On Men Active Protection + Invisible,Rexona men,50 ml,"2,99 €","59,80 €/L"
Desodorizante Roll On Black & White Fresh,Nivea,50 ml,"2,99 €","59,80 €/L"
"Vinho tinto regional, península de setúbal, bag-in-b...",Dom Campos,Garrafa de 5 l,"9,49 €","1,90 €/L"
Fraldas premium T4 - 9 a 15 kg,PorSi,50 unidades,"6,49 €","6,49 €/Unidade"
Pensos Higiénicos Cottonlike Noite Alas,Evax,embalagem de 9 unidades,"4,99 €","4,99 €/Unidade"
Remove Insectos,PorSi,Embalagem de 1 l,"3,99 €","0,80 €/L"
Biscoitos brownies,PorSi,Embalagem de 230g,"0,90 €","6,00 €/Kg"
"Azeitonas pretas sem caroço, frasco de 165 g",PorSi,Embalagem de 165g,"1,79 €","2,29 €/Kg"
Refresco em pó de ananás,PorSi,Embalagem de 40 g,"0,75 €","18,75 €/Kg"
Linhaça castanha moída,Cemporcent,Embalagem de 200g,"2,29 €","15,27 €/Kg"
Bolachas crackers integrais,PorSi,Embalagem de 500g,"0,39 €","3,12 €/Kg"
Farinha de trigo sem fermento t65,PorSi,Embalagem de 1 kg,"1,99 €","1,99 €/Kg"
Pensos peles sensíveis XL,PorSi,5 unidades,"1,69 €","1,69 €/Unidade"
Creme vegetal culinário,Vaqueiro,Embalagem de 250 g,"1,59 €","6,36 €/Kg"
Areia para gatos biodegradável vegetal,PorSi,Embalagem de 8 litros,"0,42 €/Kg","0,42 €/Kg"
Ice tea de pêssego,PorSi,Garrafa de 2 l,"1,14 €","0,76 €/L"
Café solúvel creme,Delta,Embalagem de 80 g,"1,14 €","57,00 €/Kg"
Bacalhau à Brás,PorSi,Embalagem de 1 kg,"1,91 €","4,78 €/Kg"
20 saquetas infusão limão gengibre,Lipton,Embalagem de 40g,"58,00 €/Kg","58,00 €/Kg"
Bebida de Soja Natural,PorSi Viva Bem,Pack: 3 x 200 ml,"2,49 €","2,49 €/L"
Lixívia para roupa tradicional,Neoblanc,Embalagem de 2 l,"2,19 €","1,10 €/L"
Bolacha tostada diet nature s/ açucares,Gullon,Embalagem de 400g,"1,45 €","11,15 €/Kg"
Wafers framboesa barras,Vieira,Embalagem de 150g,"0,98 €","4,67 €/Kg"
Ambientador spray pure colónia de bebé,PorSi,250 ml,"2,99 €","11,96 €/L"
Leite uht magro,Gresso,Embalagem de 1 litro,"0,94 €","0,94 €/L"
Mousse cabelo caracois,Labell,Embalagem de 200ml,"3,99 €","53,20 €/L"
Álcool canforado 85%,PorSi,Embalagem de 250 ml,"1,69 €","1,69 €/Unidade"
Cornflakes + gulosos,Cemporcent,Embalagem de 250g,"0,69 €","1,73 €/Kg"
Creme marisco,Knorr,Embalagem de 70g,"0,84 €","13,55 €/Kg"
Néctar light de laranja prisma,PorSi,Embalagem de 1 l,"1,59 €","1,59 €/L"
Mousse limpeza refresh,Labell,Embalagem com 150ml,"12,48 €/L","12,48 €/L"
Muesli tropical,Cemporcent,Embalagem de 500g,"0,69 €","1,73 €/Kg"
Sacos do lixo wc 5 litros,PorSi,30 sacos,"1,79 €","1,79 €/Unidade"
Desodorizante Roll On Black & White Invisible Silky ...,Nivea,50 ml,"2,99 €","59,80 €/L"
Iogurte pedaços frutimax frutos variados,PorSi,Embalagem de 8 x 125 g,"4,36 €","2,18 €/Kg"
Bolachas belgas manteiga,PorSi,Embalagem de 250g,"1,69 €","6,76 €/Kg"
Leite de coco,PorSi,Embalagem de 400 ml,"0,99 €","1,98 €/Kg"
Leite condensado,Nestle,Embalagem de 370g,"1,09 €","2,75 €/Kg"
Desodorizante spray de baunilha,Labell,Embalagem de 200 ml,"2,99 €","59,80 €/L"
Aperitivos de amendoim com sal e mel,Matutano,Embalagem de 150g,"1,39 €","6,95 €/Kg"
"Água com gás, sabor limão",PorSi,"Embalagem de 6x0,25 l","2,85 €","2,85 €/L"
Recarga inseticida eléctrico líquido anti melgas e m...,Raid,60 noites,"9,89 €","274,72 €/L"
Vinagre de vinho branco,Cristal,Garrafa de 750 ml,"0,35 €","0,70 €/L"
Patê figado de porco,La piara,Embalagem de 80g,"1,19 €","13,52 €/Kg"
"Lava tudo, vinagre",Cif,"Garrafa de 1,4 l","0,99 €","0,50 €/L"
"Agrafos nº24/6, 2000 unidades",Maped,Uma embalagem,"1,35 €","1,35 €/Unidade"
Adoçante comprimidos,PorSi,Embalagem de 250 saquetas,"5,99 €","23,96 €/Kg"
Creme Depilatório Peles Sensíveis,Veet,Embalagem de 200 ml,"3,29 €","3,29 €/Unidade"
Limpa fornos,PorSi,500 ml,"1,29 €","1,72 €/L"
Batata frita palha,Pala-pala,Embalagem de 250g,"0,87 €","5,44 €/Kg"
Iogurte mix-in smarties baunilha,Nestle,Embalagem de 2 x 128 g,"4,23 €/Kg","4,23 €/Kg"
Bifes de soja ao natural,Cemporcent,Embalagem de 250g,"2,09 €","8,36 €/Kg"
"Vinho maduro tinto, bag in the box",Capataz,Embalagem de 10 l,"5,19 €","1,04 €/L"
Pilha alcalina classic lr20x2,Domédia,1 unidade,"1,49 €","1,49 €/Unidade"
Bol. chip choco s/gluten 130g,Gullon,Embalagem de 130g,"2,69 €","20,69 €/Kg"
"Patê de sardinha,atum e salmão",PorSi,Embalagem de 4 x 22 g,"1,19 €","13,52 €/Kg"
Crack.c/sal na superficie 560g,GRAN PAVES,Embalagem de 560g,"0,39 €","3,12 €/Kg"
Desodorizante bio aloe vera,Nivea,50 ml,"2,99 €","59,80 €/L"
Queijo Curado Trad.Pimentão,Alavão,Vendido ao peso a partir de 250 gr,"3,35 €","13,39 €/Kg"
Sacos do lixo jardim 130 litros,PorSi,10 sacos,"1,79 €","1,79 €/Unidade"
Massa macarronete riscado,PorSi,Embalagem de 500g,"0,89 €","1,78 €/Kg"
Aguardente,Alma pura,Garrafa de 0.70 l,"14,49 €","20,70 €/L"
Ervilhas,PorSi,Embalagem de 400 g,"1,89 €","1,89 €/Kg"
Brandy,Croft,Garrafa de 1 l,"15,49 €","15,49 €/L"
"Cera cabelo, Paste Urban",Axe,Embalagem de 130 ml,"3,99 €","53,20 €/L"
Mortadela de peru fatiada,PorSi,Embalagem de 200g,"1,05 €","6,99 €/Kg"
Mistura solúvel bolero,Nestle,Embalagem de 200g,"2,29 €","11,45 €/Kg"
Polvilho azedo,PorSi,Embalagem de 500g,"2,29 €","4,58 €/Kg"
Queijo flamengo em fatias,Terra Nostra,Embalagem de 200g,"1,56 €","7,80 €/Kg"
Manteiga amendoim crocant,PorSi,Embalagem de 340g,"8,54 €/Kg","8,54 €/Kg"
Infusão nº 6 sem barriga,Cemporcent,Embalagem de 10 unidades,"0,99 €","76,15 €/Kg"
Senses Watermelon,Trident,1 un.,"0,89 €","59,33 €/Kg"
Manteiga c/ sal,Mimosa,Embalagem de 250g,"1,69 €","6,76 €/Kg"
Chocolate culinário,Pantagruel,Embalagem de 200g,"1,79 €","8,95 €/Kg"
Hambúrgueres de peru,PorSi,Embalagem de 4x80g,"2,34 €","7,31 €/Kg"
"Máquina depilatória descartável, bikini",Labell,1 embalagem - 3 unidades,"3,29 €","3,29 €/Unidade"
Pudim de chocolate,PorSi,Embalagem de 110g,"0,47 €","23,50 €/Kg"
Leite creme,El mandari,Embalagem de 90g,"0,79 €","5,27 €/Kg"
Farinha de fubá de milho,Nacional,Embalagem de 1 kg,"1,99 €","1,99 €/Kg"
Café em grão 5 estrelas,Sical,Embalagem de 250g,"9,16 €/Kg","9,16 €/Kg"
Mão de vaca com grão,Nobre,Embalagem de 420 g,"2,49 €","12,97 €/Kg"
Bebida de amêndoa - 0% açúcar,Shoyce,Embalagem de 1 litro,"2,19 €","2,19 €/L"
Adoçante liquido,PorSi,Garrafa de 125 ml,"5,99 €","23,96 €/Kg"
Pringles sour cream & onion,Pringles,Embalagem de 175g,"1,19 €","6,43 €/Kg"
5 manhãzitos,Bollycao,Embalagem com 175 g,"2,69 €","12,81 €/Kg"
Queijo ovelha curado amanteigado,Seia,Embalagem de 250g,"15,96 €/Kg","15,96 €/Kg"
Fermento químico,Vahine,Embalagem de 108g,"1,89 €","17,18 €/Kg"
Manteiga com sal,Milhafre,Embalagem de 250g,"1,69 €","6,76 €/Kg"
Iogurte infantil c/ drageias coloridas,PorSi,140 g,"4,23 €/Kg","4,23 €/Kg"
Granola + classica,Cemporcent,Embalagem de 375g,"1,94 €","3,88 €/Kg"
Rolo de cozinha mega,PorSi,1 rolo,"1,69 €","1,69 €/Unidade"
Polpa de tomate,PorSi,Embalagem de 500 g,"0,99 €","1,98 €/Kg"
"Borracha Technic, 600",Maped,embalagem com 2 unidades,"3,19 €","3,19 €/Unidade"
Banana da  Madeira,Fruta do Dia,1 un= 200 gr (aprox.),"0,52 €","2,59 €/Kg"
Bolacha de manteiga belga original,Saborosa,Embalagem de 220g,"1,69 €","6,76 €/Kg"
Vinho DOC Bairrada Tinto,Marquês de Marialva,Garrafa de 0.75 l,"2,49 €","3,32 €/L"
"Luvas multiusos relevo antiderrapante, tamanho médio",PorSi,Embalagem de 1 unidades,"0,69 €","0,69 €/Unidade"
Danacol morango,Danone,Embalagem de 6 x 100 g,"4,15 €/Kg","4,15 €/Kg"
Desodorizante spray invisible,Rexona,Embalagem de 150 ml,"2,99 €","59,80 €/L"
Adoçante à base de sucralose em pó,PorSi,Embalagem de 90g,"5,99 €","23,96 €/Kg"
"Coloração permanente, castanho dourado, nº43",Nutrisse,1 unidade,"9,49 €/Unidade","9,49 €/Unidade"
Infusão tília,Cemporcent,Embalagem de 10 unidades,"0,99 €","76,15 €/Kg"
Cereais corn flakes s/ glúten chocolate,Nestle,Embalagem de 380g,"2,99 €","7,97 €/Kg"
Gelatina melancia 10kcal 31g,Royal,Embalagem de 30g,"0,55 €","61,11 €/Kg"
Creme barrar nutela 350g,Nutella,Embalagem de 350G,"8,54 €/Kg","8,54 €/Kg"
Arroz extra longo branco,Oriente,Embalagem de 1kg,"0,99 €","0,99 €/Kg"
Azeite Subtil,Gallo,Garrafa de 750 ml,"3,19 €","4,25 €/L"
Espinafres corte Programa Origens,PorSi,"Vendido ao molhe, 1 un= 1 kg aprox.","0,66 €","2,19 €/Kg"
Sumo 100% pêssego e uva,PorSi,Pack 3 x 200 ml,"1,09 €","0,73 €/L"
Requeijão de vaca,PorSi,Embalagem de 200 g,"1,09 €","5,45 €/Kg"
Meloa Gália,Fruta da Época,1 un = 1 kg (aprox.),"2,48 €","0,99 €/Kg"
Manteiga com sal e sem lactose,Mimosa,Embalagem de 250g,"1,69 €","6,76 €/Kg"
"Limpa vidros cristal, pistola",PorSi,Embalagem de 1 l,"3,19 €","6,38 €/L"
Sabao rosa e branco,PorSi,Embalagem de 400g,"1,09 €","2,73 €/Kg"
Vinho regional de lisboa tinto,Marginal,Garrafa de 750 ml,"4,59 €","6,12 €/L"
Leite uht sem lactose magro,PorSi Viva Bem,1 litro,"2,19 €","2,19 €/L"
Chocolate sombrinhas,Regina,Embalagem de 15 g,"1,29 €","36,86 €/Kg"
Polpa de tomate em garrafa,Compal,Embalagem de 500g,"0,99 €","1,98 €/Kg"
Tiras da Costela/Piano,Porco,1 un = 500 gr (aprox.),"4,38 €","4,38 €/Kg"
Vinagre de vinho tinto,PorSi,Garrafa de 500 ml,"0,35 €","0,70 €/L"
Anéis Empilháveis,Baby Clementoni,1 unidade,"12,99 €/Unidade","12,99 €/Unidade"
Esfregão Fibra Verde Grande XXL Gama Classic,Scotch-Brite,Embalagem de 1 unidades,"2,79 €","2,79 €/Unidade"
Toalhitas multiusos limão,PorSi,Embalagem de 80 unidades,"1,79 €","1,79 €/Unidade"
Desodorizante spray invisível,Narta,Embalagem de 200 ml,"2,99 €","59,80 €/L"
Confetis,Codipostal,1 un.,"3,99 €","3,99 €/Unidade"
Vinho tinto bag-in-box,Capataz,Embalagem de 5 l,"5,19 €","1,04 €/L"
Arroz carolino malandrinho,Malandrinh,Embalagem de 1 kg,"0,99 €","0,99 €/Kg"
Bolachas vitalday recheio avelã,Gullon,Embalagem de 220g,"2,82 €","9,40 €/Kg"
Buondi café em grão,Buondi,Embalagem de 220g,"9,16 €/Kg","9,16 €/Kg"
Vinho do porto special reserve,Velhotes,"garrafa de 0,75 l","9,99 €","13,32 €/L"
Eau de Toilette Absolute Me,B.U.,Embalagem de 50 ml,"11,99 €","239,80 €/L"
Fralda cueca T5 - 12 a 18 kg,PorSi,20 unidades,"4,59 €","4,59 €/Unidade"
Refresco pó laranja,PorSi,Embalagem de 40g,"0,75 €","18,75 €/Kg"
Leite condensado cozido,Nestle,Embalagem de 400g,"1,09 €","2,75 €/Kg"
Macarronete integral,Cemporcent,Embalagem de 250g,"1,94 €","3,88 €/Kg"
Bolachas integrais,PorSi,Embalagem de 200g,"0,98 €","3,27 €/Kg"
8 hamburguers s/ glúten frango,Capitão Iglo,Embalagem de 480g,"2,34 €","7,31 €/Kg"
Cabeça sem Osso,Porco,1 un = 1 kg (aprox.),"0,50 €","4,99 €/Kg"
Tremoço médio,PorSi,Embalagem de 350 g,"1,79 €","2,29 €/Kg"
Creme vegetal para culinária,PorSi,Embalagem de 250g,"1,59 €","6,36 €/Kg"
Café torrado e moído 16 pastilhas,Sical,Embalagem de 104g,"59,82 €/Kg","59,82 €/Kg"
Gelatina mirtilo 10kcal 31g,Royal,Embalagem de 30g,"0,55 €","61,11 €/Kg"
Rolo de cozinha XXL,PorSi,1 rolo,"1,69 €","1,69 €/Unidade"
"Agrafos nº24/6, 2000 unidades",Maped,Uma embalagem,"1,99 €","1,99 €/Unidade"
Vinagre de sidra,Cristal,Garrafa de 500 ml,"0,35 €","0,70 €/L"
Batata frita light,Lay's,Embalagem de 140g,"1,89 €","13,50 €/Kg"
Aperitivos de amendoim com sal e mel,Matutano,Embalagem de 150g,"0,99 €","3,30 €/Kg"
Caldo de galinha 24 cubos,Knorr,Embalagem de 240g,"0,99 €","1,98 €/Kg"
Snack bio arroz e trigo c/ banana e framboesa,Gerber,Embalagem de 35g,"3,88 €","9,70 €/Kg"
Queijo Coulommiers,Páturages,Embalagem de 350 g,"7,66 €/Kg","7,66 €/Kg"
Vinho rosé regional península de Setúbal,Selecção de Enófilos,Garrafa de 0.75 l,"4,99 €","6,65 €/L"
Néctar clássico tutti-frutti,Compal,Embalagem de 1 l,"0,99 €","0,99 €/L"
Sabonete glicerina natural,Palmolive,Embalagem de 90 g,"1,99 €","12,44 €/Kg"
Espresso café arábica,PorSi,250 ml,"3,19 €","25,52 €/Kg"
Vinho branco,Enc.bairro,Bag-in-box de 5L,"5,19 €","1,04 €/L"
Whisky heritage blend,Logan,Garrafa de 700 ml,"23,99 €","34,27 €/L"
Abóbora Menina Programa Origens,PorSi,1 un= 1 kg (aprox.),"0,05 €","0,49 €/Kg"
Ameijoa Branca 60/80,*,Congelada,"3,25 €","12,99 €/Kg"
"Cereais special k, frutos vermelhos",Kellogg's,Embalagem de 300g,"3,99 €","13,30 €/Kg"
Gel de Duche Creme Care,Nivea,Embalagem de 750 ml,"6,99 €","9,32 €/L"
Batata frita lisas originais,Lay's,Embalagem de 160g,"1,06 €","5,73 €/Kg"
Loção corporal,Nivea,Embalagem de 400 ml,"12,48 €/L","12,48 €/L"
"Pilha alcalina, hightech lr6X8",Domédia,1 unidade,"1,49 €","1,49 €/Unidade"
Saqueta de puré de fruta | maçã + pêssego + banana +...,PorSi,90 g,"0,74 €","8,22 €/Kg"
Bolachas com cobertura de chocolate,PorSi,Embalagem de 150g,"0,79 €","5,27 €/Kg"
Leite uht magro,Agros,Embalagem de 1 litro,"0,94 €","0,94 €/L"
Tablete de chocolate leite com avelã,PorSi Select,200 g,"4,09 €","14,82 €/Kg"
Pêssego Vermelho A,Fruta do Dia,1 un = 150 gr (aprox.),"0,28 €","1,89 €/Kg"
Toalha em rolo papel bordeau,PorSi,1 Unidade,"2,99 €","2,99 €/Unidade"
Cera líquida spray,Arbo,embalagem de 500 ml,"3,99 €","0,80 €/L"
Tablete de chocolate extra fina leite/avelã,Nestle,Embalagem de 120g,"4,09 €","14,82 €/Kg"
Sangria tinta,PorSi,Garrafa de 1.5 litros,"2,39 €","1,59 €/L"
Arroz agulha América do Sul,PorSi,Embalagem de 1 kg,"0,99 €","0,99 €/Kg"
Água com gás sabor a tangerina,Frize,"Pack 4x 0,25l","2,85 €","2,85 €/L"
Coissant Folhado,*,50g,"0,30 €/Unidade","0,30 €/Unidade"
Feijão branco fidalgo,Legumes secos,1 un = 100 gr. (aprox.),"0,22 €","2,19 €/Kg"
Cerveja sagres,Sagres,20 x 0.25 l,"1,99 €/L","1,99 €/L"
"Iogurte actimel, morango",Danone,Embalagem de 12 x 100 g,"2,79 €","6,07 €/Kg"
Nabo Roxo s/ Rama,Programa Origens,1 un = 200 gr  (aprox.),"1,19 €/Kg","1,19 €/Kg"
Paio do Lombo,PorSi,"Vendido ao peso, a partir de 100g","1,27 €","12,69 €/Kg"
Lava Tudo Amoniacal,Sonasol,4 litros,"0,99 €","0,50 €/L"
Amaciador para cabelos pintados,Labell,Embalagem de 200 ml,"1,00 €","5,00 €/L"
Pão Regional Rio Maior Inteiro,Pão do Dia,1 unidade= 450 g,"0,19 €","2,38 €/Kg"
Ice tea limão,Lipton,Embalagem de 1L,"1,14 €","0,76 €/L"
Pensos Higiénicos Cottonlike Normal Abas,Evax,embalagem de 16 unidades,"4,99 €","4,99 €/Unidade"
Creme p/ Calçado Castanho,Búfalo,Embalagem de 40 ml,"0,99 €","19,80 €/L"
Empadão de carne,PorSi,Embalagem de 1 kg,"3,53 €","8,83 €/Kg"
Mel em frasco de vidro,PorSi,Embalagem de 250g,"4,89 €","9,78 €/Kg"
Desodorizante spray milk sensitive,Nivea,150 ml,"2,99 €","59,80 €/L"
Água s/ gás limão,Luso,Garrafa de 1 l,"1,04 €","0,17 €/L"
Batatas fritas ketchup,Ruffles,Embalagem de 150g,"1,19 €","6,43 €/Kg"
Alho Francês,Programa Origens,1 un = 300 g (aprox.),"0,66 €","2,19 €/Kg"
Bombons de Chocolate Leite,Merci,Embalagem de 250 g,"29,16 €/Kg","29,16 €/Kg"
Papa infantil láctea banana laranja +6 meses,Cerelac,Embalagem de 250g,"4,49 €","4,49 €/Kg"
Pedras limão,P.salgadas,Garrafa de 1 l,"2,85 €","2,85 €/L"
Bolachas marinheiras chia,Cemporcent,Embalagem de 200g,"1,45 €","11,15 €/Kg"
Iogurte pedaços morango,PorSi,Embalagem de 4x125g,"4,36 €","2,18 €/Kg"
Arroz estufado,Caçarola,Embalagem de 1 kg,"0,99 €","0,99 €/Kg"
Mopa com cabo,PorSi,1 unidade,"4,00 €","4,00 €/Unidade"
"Vela em número, nº 3",PorSi,1 unidade,"0,80 €","0,80 €/Unidade"
Protetor de cantos,Pommette,embalagem com 4 unidades,"1,99 €","1,99 €/Unidade"
Pêssego em calda metades,PorSi,Lata com 840 g,"1,99 €","2,37 €/Kg"
Vinho doc dão tinto,Grao vasco,Garrafa de 750 ml,"9,49 €","12,65 €/L"
Arroz integral,PorSi Viva Bem,Embalagem de 1 kg,"1,94 €","3,88 €/Kg"
Bebida aveia,Alpro,Embalagem de 1 litro,"2,49 €","2,49 €/L"
Queijo light,Philadelph,Embalagem de 180g,"11,27 €/Kg","11,27 €/Kg"
Goiabada,PorSi,600 g,"1,09 €","2,42 €/Kg"
Plantanatur detox rapid,PLANTANATU,Garrafa de 500 ml,"6,59 €","6,59 €/Unidade"
Snack bio de arroz e trigo c/ banana,Gerber,Embalagem de 35g,"3,88 €","9,70 €/Kg"
Refrigerante  c/ gás regular,Coca-Cola,pack 4 x 1 l,"0,40 €/L","0,40 €/L"
Gomas brilho,PorSi,Embalagem de 300 g,"1,19 €","3,97 €/Kg"
Leite c/ Chocolate Bem Especial 0% lactose,Mimosa,pack 4 x 200 ml,"0,26 €","1,30 €/L"
Moscatel de Setúbal Reserva,Selecção de Enófilos,Garrafa de 0.75 l,"5,99 €","7,99 €/L"
Lixivia perfumada,PorSi,Garrafa de 2 l,"1,09 €","0,55 €/L"
Queijo curado pequeno,Casteloes,Embalagem de 500g,"0,82 €","23,43 €/Kg"
Lava Tudo Brilhante Madeira,Sonasol,"embalagem 1,1L","5,39 €","10,78 €/L"
Iogurte mix-in smarties morango,Nestle,Embalagem de 2 x 128 g,"4,23 €/Kg","4,23 €/Kg"
Bebida de Aveia,PorSi Viva Bem,1 l,"1,39 €","1,39 €/L"
Esfregão de fibra com cabo depósito com detergente,Fino,embalagem com 5 un. + 1 un.,"2,79 €","2,79 €/Unidade"
Nestum zero arroz,Nestum,Embalagem de 250 g,"4,49 €","4,49 €/Kg"
Moscatel de setúbal,Dom Campos,Garrafa de 750 ml,"5,99 €","7,99 €/L"
Fuet extra,PorSi,170 g,"1,22 €","6,78 €/Kg"
"Pasta de limpeza com oxigénio activo, 48 unidades",Polident,Uma embalagem,"7,39 €","105,57 €/Kg"
Creme Mãos Hidratante,Labell,Embalagem de 100 ml,"1,03 €","10,30 €/L"
Vinho do porto malvasia branco,Rcv,Garrafa de 750 ml,"11,99 €","15,99 €/L"
Massa cuscus,Nacional,Embalagem de 250g,"0,89 €","1,78 €/Kg"
Canja de galinha económica,Knorr,Embalagem de 60g,"0,84 €","13,55 €/Kg"
Feijão catarino,Legumes secos,1 un = 100 gr. (aprox.),"0,22 €","2,19 €/Kg"
Compal da horta concentrado tomate,Compal,Embalagem de 140g,"0,99 €","1,98 €/Kg"
Batata frita de presunto,PorSi,Embalagem de 185 g,"1,19 €","6,43 €/Kg"
Batata frita ondulada wavy,PorSi,Embalagem de 185 g,"1,06 €","5,73 €/Kg"
Vela em número nº1,PorSi,1 unidade,"0,80 €","0,80 €/Unidade"
Vinho tinto,Alandra,Garrafa de 750 ml,"1,59 €","2,12 €/L"
"Queijo light, 16 unidades",A Vaca Que Ri,Embalagem de 280g,"2,39 €","19,92 €/Kg"
Spray limpeza casa de banho,Cillitbang,Embalagem de 500 ml,"1,79 €","2,39 €/L"
Alimento húmido cão gelatina júnior,Pedigree,Embalagem de 400g,"0,75 €","2,50 €/Kg"
Paté de sardinha,PorSi,Embalagem de 4 x 22 g,"1,19 €","13,52 €/Kg"
Arroz agulha,B.sucesso,Embalagem de 1 kg,"0,99 €","0,99 €/Kg"
Máquina depilatória Miss Soleil,Bic,3 + 1 unidades,"3,29 €","3,29 €/Unidade"
Paloco desfiado,PorSi,Embalagem de 500 g,"4,39 €","10,98 €/Kg"
Óleo alimentar,Fula,Embalagem 1L,"3,39 €","3,39 €/L"
Costeletas do Cachaço,Porco,Vendido ao peso a partir de 1 kg,"4,38 €","4,38 €/Kg"
Bolacha alfa,Nacional,Embalagem de 180g,"2,82 €","9,40 €/Kg"
Vinho Regional Lisboa Reserva Branco,Marginal,Garrafa de 0.75 l,"4,59 €","6,12 €/L"
Detergente em gel máquina lavar roupa universal,Persil,85 doses,"8,69 €","1,84 €/Kg"
Ricore,Nestle,Embalagem de 260g,"2,29 €","11,45 €/Kg"
Ice tea pessêgo,Lipton,pack 6 x 0.25 l,"1,14 €","0,76 €/L"
"Bolachas, cobertura com chocolate branco",Oreo,Embalagem de 250g,"0,79 €","5,27 €/Kg"
Bacalhau posta asa branca,PorSi,Embalagem de 800G,"4,99 €","9,98 €/Kg"
"Milhojas de cacau, 4 unidades",Dulcesol,Embalagem de 260g,"2,69 €","12,81 €/Kg"
Saqueta de puré de fruta | maçã + banana,PorSi,90 g,"0,74 €","8,22 €/Kg"
Pai Natal de Chocolate,PorSi,Embalagem de 125 g,"1,29 €","36,86 €/Kg"
Vinho regional alentejano reserva tinto,Encosta das Perdizes,Garrafa de 0.75 l,"2,89 €","3,85 €/L"
"Iogurte, sabor a tutti-fruti",PorSi,Embalagem de 4 x 125 g,"1,99 €","2,07 €/Kg"
Recarga Sabonete Liquido Lavanda,Dettol,250 ml,"2,18 €/L","2,18 €/L"
"Cerveja sem álcool, tara perdida",Super Bock,Pack 6 X 0.33 L,"5,99 €","3,03 €/L"
"Cerveja com álcool, tara perdida",Kings Bräu,pack 24 x 0.25 l,"1,99 €/L","1,99 €/L"
Bolachas oreo,Oreo,Embalagem de 440g,"1,49 €","9,68 €/Kg"
Infusão camomila,Cemporcent,Embalagem de 10 unidades,"0,99 €","76,15 €/Kg"
Marmelada,Ferbar,Embalagem de 400g,"1,09 €","2,42 €/Kg"
Sardinha em azeite,PorSi Select,Lata de 120 g,"9,08 €/Kg","9,08 €/Kg"
Grão de bico,PorSi,Embalagem de 420g,"1,79 €","2,29 €/Kg"
"Pasta de arquivo, lombada estreita, azul",Domédia,1 unidade,"1,99 €","1,99 €/Unidade"
Iogurte magro + gelatina maracujá,Mimosa,Embalagem de 4 x 120 g,"1,44 €","2,88 €/Kg"
Bacalhau com natas,*,Vendido ao peso a partir de 250 g,"3,99 €","3,99 €/Kg"
Desodorizante roll-on dry,Nivea,Embalagem de 50 ml,"2,99 €","59,80 €/L"
Rebuçados mini café,PorSi,Embalagem de 200g,"1,15 €","4,60 €/Kg"
"Detergente manual de loiça,limão",Fairy,Embalagem de 2x1.19L,"7,29 €","4,86 €/L"
Azeitona Maçanilha inteira,PorSi,Vendido ao peso a partir de 500 g,"1,00 €","3,99 €/Kg"
Cereais fitness e fruits,Nestle,Embalagem de 380g,"3,99 €","13,30 €/Kg"
Bandas de cera depilatória axilas peles sensíveis,Veet,embalagem com 16 unidades,"6,99 €","6,99 €/Unidade"
Molho de alho,Calve,Embalagem de 260g,"0,70 €","2,33 €/Kg"
Vinho tinto,Adega grande,Garrafa de 75 cl,"1,59 €","2,12 €/L"
Farinha de aveia integral,Cemporcent,Embalagem de 400g,"2,29 €","15,27 €/Kg"
Cerveja com álcool,Sagres,Lata de 500ml,"1,99 €/L","1,99 €/L"
"Iogurte actimel, morango",Danone,Embalagem de 12 x 100 g,"4,15 €/Kg","4,15 €/Kg"
"Azeite clássico, virgem extra",Oliveira da Serra,Garrafa de 2 l,"3,19 €","4,25 €/L"
Pastilhas descafeinado,Delta,Embalagem de 110g,"59,82 €/Kg","59,82 €/Kg"
Desodorizante roll-on clean scent,Rexona,Embalagem de 50 ml,"2,99 €","59,80 €/L"
"Rolo de cozinha design xxl, 3 rolos",Renova,Embalagem de 3 unidades,"1,69 €","1,69 €/Unidade"
Alimento lácteo sem açucar com sabor a morango/banan...,Yogolino,Embalagem de 4 x 100 gr,"2,89 €","7,23 €/Kg"
Vinho maduro tinto doc alentejano,P.ravessa,Garrafa de 750 ml,"2,89 €","3,85 €/L"
Ovos Frescos Classe M,PorSi,12 unidades,"2,05 €/Unidade","2,05 €/Unidade"
5 manhãzitos choco chips,Manhazitos,Embalagem de 175 g,"1,09 €","3,63 €/Kg"
Leite de pastagem meio-gordo,Terra Nostra,Embalagem de 1 litro,"0,78 €","0,78 €/L"
Arroz de pato,PorSi,Embalagem de 400g,"3,53 €","8,83 €/Kg"
Néctar de laranja e cenoura light,PorSi,Embalagem de 1 litro,"1,59 €","1,59 €/L"
Café 5 estrelas moído tradição,Sical,Embalagem de 250g,"9,76 €/Kg","9,76 €/Kg"
Caracol com passas,*,90g,"0,30 €/Unidade","0,30 €/Unidade"
Esfregão esponja ergonómico salva unhas,PorSi,Embalagem de 2 unidades,"2,79 €","2,79 €/Unidade"
Desodorizante black&white ultimate impact,Nivea,50 ml,"2,99 €","59,80 €/L"
Espumosos tinto bruto attitude,Fita azul,Garrafa 0.75L,"3,99 €","5,32 €/L"
4 filetes de pescada panados c/ limão,Pescanova,Embalagem de 400g,"9,30 €/Kg","9,30 €/Kg"
Codornizes,Aves,1 un. = 150 g (aprox.),"1,40 €","3,99 €/Kg"
Lay's mediterrâneas originais,Lay's,Embalagem de 220g,"1,06 €","5,73 €/Kg"
Ambientador carro recarga aqua,Ambipur,1 unidade,"2,49 €","2,49 €/Unidade"
Fruta para bebé multifrutas +4 meses,Nestle,Embalagem de 90g,"0,74 €","8,22 €/Kg"
Vinho branco regional península de setúbal,Joao pires,Garrafa de 0.75 l,"4,99 €","6,65 €/L"
Gelado carte d'or tarte limão merengue,Olá,Embalagem de 900 ml,"3,99 €","6,14 €/L"
Liégeois Sobremesa de Café,Páturages,Embalagem de 4x100 g,"0,55 €","2,75 €/Kg"
Fraldas agility T4 de 9 a 15 kg,PorSi,50 unidades,"6,49 €","6,49 €/Unidade"
Maionese,PorSi,Embalagem de 260 g,"0,70 €","2,33 €/Kg"
Melão Verde,Programa Origens,Vendido ao peso | 1 un = 2.5 kg (aprox.),"2,48 €","0,99 €/Kg"
Bolachas digestive go aveia,Triunfo,Embalagem de 170g,"0,98 €","3,27 €/Kg"
Chá infusão nº3 prostal control,Cemporcent,Embalagem de 13g,"0,89 €","44,50 €/Kg"
Refrigerante de cola zero,PorSi,Garrafa de 2 l,"0,40 €/L","0,40 €/L"
Gin dry,Gordons,Garrafa de 700 ml,"14,99 €","21,41 €/L"
Limpa móveis cera abelhas,PorSi,Frasco de 300ml,"1,39 €","1,26 €/L"
Comida húmida para cão de frango e arroz,PorSi,Lata de 400 g,"0,75 €","2,50 €/Kg"
Alimento húmido para cão vaca,Pedigree,Embalagem de 300g,"0,75 €","2,50 €/Kg"
Bebida Solúvel Mokambo Chicória e Café,Nestle,Embalagem de 240g,"1,14 €","57,00 €/Kg"
Café em cápsulas dolce gusto ardenza,Nescafe,Embalagem de 110g,"59,82 €/Kg","59,82 €/Kg"
"Escova dentes, proteção global suave, 2 unidades",Labell,1 embalagem,"4,99 €","4,99 €/Unidade"
Fralda Cueca Activity Extra Tamanho 4,Dodot,Embalagem com 45 uni.,"4,59 €","4,59 €/Unidade"
Fraldas Bebé Seco T3 | 6-10 Kg,Dodot,Embalagem com 62 un.,"6,49 €","6,49 €/Unidade"
Banda cera fria peles sensíveis p/corpo,Veet,Embalagem de 20 unidades,"6,99 €","6,99 €/Unidade"
Ambientador Arbre Baunilha,Arbre Magique,3 unidade,"2,49 €","2,49 €/Unidade"
Chá sene,PLANTANATU,Embalagem Com 10 saquetas,"1,19 €","59,50 €/Kg"
"Cereais crusts, amêndoas e mel",PorSi,Embalagem de 380g,"2,29 €","6,11 €/Kg"
Pensos para picadas de insetos,PorSi,10 unidades,"1,69 €","1,69 €/Unidade"
Maçã Fuji 70/75,Programa Origens,1 un = 150 gr (aprox.),"0,23 €","1,29 €/Kg"
Manteiga com sal,Novacores,Embalagem de 250g,"1,69 €","6,76 €/Kg"
Achocolatado em saco,Nesquik,Embalagem de 1 kg,"8,59 €/Kg","8,59 €/Kg"
Ovos de Galinhas Criadas ao Ar Livre,PorSi,6 ovos frescos,"1,39 €","1,39 €/Unidade"
Sacos lixo com alças 25 litros,PorSi,30 unidades,"1,79 €","1,79 €/Unidade"
Puré de batata,Maggi,Embalagem de 250g,"1,99 €","1,99 €/Kg"
Gel wc anticalcário sem lixívia,PorSi,"Garrafa de 1,5 l","1,99 €","1,99 €/L"
"Refrigerante com gás, laranja, lata",Fanta,pack 6 x 0.33 l,"0,40 €/L","0,40 €/L"
"Refresco em pó, manga",PorSi,Embalagem de 40g,"0,75 €","18,75 €/Kg"
Pensos banda,PorSi,100 x 6 cm,"1,69 €","1,69 €/Unidade"
"Batata frita, queijo e ervas",PorSi,Embalagem de 190g,"1,19 €","6,43 €/Kg"
Iogurte activia cremoso coco,Danone,Embalagem de 4 x 120 g,"2,99 €","6,80 €/Kg"
Shampo automóvel laranja,PorSi,Embalagem de 5 l,"3,99 €","0,80 €/L"
Trinca de arroz,PorSi,Embalagem de 1 kg,"1,15 €/Kg","1,15 €/Kg"
Whisky,Grants,Garrafa de 1 l,"19,99 €","19,99 €/L"
Snacktoon rupy frutos variados,Bledina,Embalagem de 100g,"2,09 €","6,33 €/L"
Manteiga sem sal,Mimosa,Embalagem de 250g,"1,69 €","6,76 €/Kg"
"Dentífrico Senses Melancia, Pepino e Menta",Aquafresh,75 ml,"2,39 €","31,87 €/L"
Iogurte sólido sem lactose morango,Mimosa,Embalagem de 480g,"1,99 €","2,07 €/Kg"
"Tira nódoas, spray oxi",PorSi,Embalagem de 1 l,"1,69 €","1,69 €/L"
Azeite virgem extra clássico,Gallo,Garrafa de 750 ml,"3,19 €","4,25 €/L"
Pudim flan,El mandari,Embalagem de 10g,"0,47 €","23,50 €/Kg"
Bebida de Arroz,PorSi Viva Bem,1 l,"1,39 €","1,39 €/L"
Sumo 100% maçã,PorSi,pack 3 x 200 ml,"1,09 €","0,73 €/L"
Néctar vital equilibrio manga/maracujá,Compal,Embalagem de 1 l,"1,59 €","1,59 €/L"
Refrigerante c/ gás de laranja zero,Fanta,"Garrafa de 1,5 l","0,40 €/L","0,40 €/L"
Bolachas cacau com cereais e pepitas de chocolate,PorSi,Embalagem de 400 g,"0,90 €","6,00 €/Kg"
Tomate em pedaços,Guloso,Embalagem de 390g,"0,99 €","1,98 €/Kg"
Sumo 100% laranja,PorSi,Pack 3 x 200 ml,"1,09 €","0,73 €/L"
Desodorizante Roll-On Pure,Labell,Embalagem de 50 ml,"2,99 €","59,80 €/L"
Rissóis de Camarão Pré-Fritos,*,,"0,04 €","0,70 €/Kg"
Barras cereais chocapic,Nestle,Embalagem de 150g,"1,29 €","10,24 €/Kg"
Croissant recheado de cacau/avelã,PorSi,Embalagem de 315g,"2,69 €","12,81 €/Kg"
"Formas de alumínio rectangulares com tampa, 600ml , ...",PorSi,Uma embalagem,"0,69 €","0,69 €/Unidade"
Creme abrasivo de limão,PorSi,Embalagem de 750 ml,"0,99 €","1,32 €/L"
Molho tomate com azeitonas,PorSi,Frasco de 420g,"0,70 €","2,33 €/Kg"
Detergente líquido Ultra Concentrado Loiça Platinium...,PorSi,Embalagem de 500 ml,"7,29 €","4,86 €/L"
Queijo regular,Philadelph,Embalagem de 180g,"11,27 €/Kg","11,27 €/Kg"
Licor frutos tropicais,Safari,Garrafa de 700 ml,"15,99 €","22,84 €/L"
Spray wc anticalcário,PorSi,embalagem de 750 ml,"1,79 €","2,39 €/L"
Café moagem universal brasil,Delta,Embalagem de 220g,"9,16 €/Kg","9,16 €/Kg"
Canela em pau,PorSi,Saqueta de 30 g,"0,25 €","0,25 €/Kg"
Preparado de bolo de mármore,PorSi,528 g,"0,45 €","5,00 €/Kg"
Chocolate negro com coco,Cemporcent,Embalagem de 125g,"2,49 €","19,92 €/Kg"
Empadão de bacalhau,*,Vendido ao peso,"3,99 €","3,99 €/Kg"
10 saquetas infusão de camomila,Lipton,Embalagem de 10g,"0,99 €","76,15 €/Kg"
Gomas mágicas,Fini,Embalagem de 100g,"1,19 €","3,97 €/Kg"
"Cera liquida, lava e encera",PorSi,Embalagem de 750 ml,"1,79 €","2,39 €/L"
Sidra frutos vermelhos,Somersby,pack 4 x 0.33 l,"1,59 €","3,18 €/L"
Azeite virgem extra clássico,Gallo,Garrafa de 250 ml,"3,19 €","4,25 €/L"
Termo forte beringela/limão,PLANTANATU,Garrafa de 500 ml,"6,59 €","6,59 €/Unidade"
Caixa com tampa amovível para gato 21 L,Codil,1 un.,"9,49 €","9,49 €/Unidade"
Pasta de açúcar bege,PorSi,250 g,"1,49 €","1,49 €/Kg"
4 hamburguers frango s/ glúten,Capitão Iglo,Embalagem de 240g,"11,44 €/Kg","11,44 €/Kg"
Alimento seco p/ cão raça pequena,PorSi Select,Embalagem de 3kg,"1,15 €/Kg","1,15 €/Kg"
Limpa Estofos de Pele,PorSi,Embalagem de 1 l,"3,99 €","0,80 €/L"
Pensos para bolhas,PorSi,20 unidades,"1,69 €","1,69 €/Unidade"
Toucinho Fumado,PorSi,fatiado a partir de 100 gr,"13,45 €/Kg","13,45 €/Kg"
Queijo flamengo ralado,PorSi,Embalagem de 200G,"1,56 €","7,80 €/Kg"
Lava tudo mosaico,Cif,1.1 L,"1,39 €","1,26 €/L"
Bolacha torrada 800g 33% grátis,Vieira,Embalagem de 800g,"2,11 €/Kg","2,11 €/Kg"
8 salsichas bockwurst,PorSi,1 Frasco 720G,"0,75 €","3,75 €/Kg"
Ketchup,Calve,Embalagem de 280g,"0,70 €","2,33 €/Kg"
Iogurte corpos danone + proteína ananás,Danone,Embalagem de 150g,"5,97 €/Kg","5,97 €/Kg"
Azeite virgem extra dop trás-os-montes,PorSi Select,Embalagem 750 ml,"3,19 €","4,25 €/L"
Papel Premier p/ Fotocópia A4,Xerox,1 resma,"5,79 €","5,79 €/Unidade"
Gengibre desidratado em cubos,Cemporcent,Embalagem de 100g,"1,94 €","3,88 €/Kg"
Limpa Móveis,PorSi,Embalagem de 300 ml,"1,39 €","1,26 €/L"
Marmelada sem conservantes,PorSi,Embalagem de 500g,"1,09 €","2,42 €/Kg"
Chá Aromatizado Pirâmide Oriente/Canela,PorSi,20 x 2 g,"0,89 €","44,50 €/Kg"
Bola Fiambre/ Queijo/ Bacon/ Chourição,Nutriva,,"0,65 €","0,65 €/Unidade"
Bacalhau com azeite e alho,PorSi Select,Lata de 120 g,"9,08 €/Kg","9,08 €/Kg"
Infusão alcachofra e dente de leão,Cemporcent,Embalagem de 10 unidades,"0,99 €","76,15 €/Kg"
Alimento lácteo cereais e bolachas maria +6 meses,Yogolino,Embalagem de 4 x 100 g,"2,89 €","7,23 €/Kg"
Bolachas waffers morango,PorSi,Embalagem de 210g,"0,98 €","4,67 €/Kg"
Tablete chocolate chips ahoy,Milka,Embalagem de 100g,"5,30 €/Kg","5,30 €/Kg"
Carcaça Rústica 70 g,Pão do Dia,,"0,19 €","2,38 €/Kg"
Piccolinis frankfurt,Buitoni,Embalagem de 270g,"2,16 €","6,17 €/Kg"
Super Napolitana Creme 125 g,Pastelaria do Dia,1 un = 125 g (aprox.),"0,30 €/Unidade","0,30 €/Unidade"
Mimosa bem especial leite e aveia,Mimosa,Embalagem de 1 litro,"2,19 €","2,19 €/L"
Pensos higiénicos liberty normal sem abas,Evax,Embalagem com 12 un.,"4,99 €","4,99 €/Unidade"
Cerveja c/ álcool,Sagres,pack 15 x 0.33 l,"1,99 €/L","1,99 €/L"
Iogurte morango 000%,PorSi Viva Bem,Embalagem de 4 x 125 g,"4,36 €","2,18 €/Kg"
Pasta de açúcar branco,PorSi,250 g,"1,49 €","1,49 €/Kg"
Cenouras com peru +6 meses,Bledina,Embalagem de 2 x 200g,"3,88 €","9,70 €/Kg"
Bambolitos pretos,PorSi,Embalagem de 150g,"0,79 €","5,27 €/Kg"
Bife de Frango,Frango,Vendido ao peso a partir de 1 kg,"1,40 €","3,99 €/Kg"
Pizza hawai,PorSi,Embalagem de 350g,"2,16 €","6,17 €/Kg"
Nectarina,Programa Origens,1 un = 150 gr (aprox.),"0,28 €","1,89 €/Kg"
Creme proteção de gengivas,Polident,Embalagem de 40 g,"7,39 €","105,57 €/Kg"
Café moagem normal: intenso,Buondi,Embalagem de 220g,"9,76 €/Kg","9,76 €/Kg"
Fruta para bebé 4 frutas +4 meses,Nestle,Embalagem de 90g,"0,74 €","8,22 €/Kg"
Esponja limpa camurça,PorSi,1 unidade,"2,89 €","14,45 €/L"
Atum posta em azeite,Bom petisc,Embalagem de 120 g,"9,08 €/Kg","9,08 €/Kg"
Óleo de cedro,Mistolin,Embalagem de 360 ml,"1,39 €","1,26 €/L"
Lava tudo antibacteriano marinho,PorSi,Garrafa de 1.5 l,"0,99 €","0,50 €/L"
Inseticida vaporizador,Biokill,Embalagem de 375 ml,"5,69 €","15,17 €/L"
Cogumelos inteiros,PorSi,Embalagem de 355 g,"1,79 €","2,29 €/Kg"
Tomate triturado,Compal,Embalagem de 500g,"0,99 €","1,98 €/Kg"
Refrigerante com gás de laranja,Sumol,"Garrafa de 1,25 l","0,40 €/L","0,40 €/L"
"Batata frita, multipack",Ruffles,Embalagem de 180g,"1,06 €","5,73 €/Kg"
Snack gato sticks salmao 6x5g,PorSi,Embalagem de 30g,"0,99 €","16,50 €/Kg"
Porto tawny,Ferreira,Garrafa de 750 ml,"6,29 €","8,39 €/L"
Popietes,Novilho,1 un = 250 gr  (aprox.),"1,50 €","5,99 €/Kg"
Porto 10 anos,Valadao,Garrafa de 750 ml,"9,99 €","13,32 €/L"
Fósforos cozinha,Quinas,Embalagem com 4 caixas por unidade,"1,29 €","1,29 €/Unidade"
Desodorizante Spray Active Protection + Invisible,Rexona,Embalagem de 150 ml,"2,99 €","59,80 €/L"
"Gelatina pronto a comer, 10kcal tropical",Royal,Embalagem de 4 x 100 g,"0,85 €","2,13 €/Kg"
Asas de Frango,*,1 un = 100 gr (aprox.),"1,40 €","3,99 €/Kg"
Feijão encarnado em frasco,PorSi,frasco de 540 g,"1,79 €","2,29 €/Kg"
Fralda Cueca T3,Dodot,Embalagem de 37 un.,"4,59 €","4,59 €/Unidade"
Fruta para bebé maçã banana +4 meses,Nestle,Embalagem de 4 x 100 g,"0,74 €","8,22 €/Kg"
Fígado,Porco,Vendido ao peso a partir de 1 kg,"0,50 €","4,99 €/Kg"
Gelatina ananás 8 kcal,PorSi,Embalagem de 4 x 100 g,"0,85 €","2,13 €/Kg"
Fio dentário fluór+menta 50m,Labell,1 unidade,"3,49 €","3,49 €/Unidade"
"Caramelos de fruta, morango single",Sugus,Embalagem de 50g,"1,10 €","4,40 €/Kg"
"Atum em posta, em azeite",General,Embalagem de 110g,"9,08 €/Kg","9,08 €/Kg"
Tablete de chocolate culinário branco,PorSi,Embalagem de 180 g,"0,99 €","9,90 €/Kg"
Pepsi max,Pepsi,Garrafa de 1.75 l,"0,40 €/L","0,40 €/L"
Lava Tudo Perfumado Herbal,PorSi,Embalagem de 2 l,"0,99 €","0,50 €/L"
Cordon bleu,Iglo,Embalagem de 200g,"4,99 €","24,95 €/Kg"
Base guarda sol em plástico,Ideegarden,45 litros,"18,99 €","18,99 €/Unidade"
Spray de lavagem a seco delicado,Day 2,200 ml,"1,09 €","2,73 €/Kg"
Cola Especial Têxtil,Pattex,Embalagem de 30 g,"2,79 €","93,00 €/Kg"
Salsicha Merguez,PorSi,1 un = 100 gr (aprox.),"0,50 €","4,99 €/Kg"
Pensos incontinência homem,PorSi,10 unidades,"1,95 €","1,95 €/Unidade"
"Pasta dentífrica, proteção branqueador",Labell,Embalagem de 75 ml,"2,39 €","31,87 €/L"
Cogumelo portobello pequeno,Legumes do Dia,vendido ao peso,"0,15 €","1,49 €/Kg"
Desodorizante Black & White Ultimate Impact,Nivea,150 ml,"2,99 €","59,80 €/L"
Café com cafeina solúvel,Delta,Embalagem de 20g,"1,14 €","57,00 €/Kg"
Arroz brajma,Cigala,Embalagem de 1 kg,"0,99 €","0,99 €/Kg"
Vinho do porto lágrima branco,R.pinto,Garrafa de 750 ml,"11,99 €","15,99 €/L"
Danacol aveia,Danone,Embalagem de 6 x 100 g,"4,15 €/Kg","4,15 €/Kg"
Bolo coco com calda,Condi,Embalagem de 450g,"0,45 €","5,00 €/Kg"
Abrasivo wc gel ecologico,PorSi,Garrafa de 1 l,"0,99 €","1,32 €/L"
Tarte de Flan,Pastelaria do Dia,embalagem com 650g,"4,29 €","6,60 €/Kg"
Creme para barrar,Nutella,Embalagem de 600g,"8,54 €/Kg","8,54 €/Kg"
Frutose,PorSi,Boião de 410 g,"5,99 €","23,96 €/Kg"
Feijão vermelho,Legumes secos,1 un = 100 gr. (aprox.),"0,22 €","2,19 €/Kg"
Desodorizante roll-on shower fresh,Rexona,Embalagem de 50 ml,"2,99 €","59,80 €/L"
Resguardo para mesa,PorSi,Dim.: 140 x 200 cm,"2,99 €","2,99 €/Unidade"
"Ração para gato adulto com vaca, frango",Friskies,Embalagem de 4kg,"3,99 €","2,00 €/Kg"
Vinho do Porto 10 anos,Cruz,"Garrafa de 0,75L c/ Caixa de Madeira","9,99 €","13,32 €/L"
Cola stick,Uhu,Conjunto de 2 x 21 g,"2,19 €","109,50 €/L"
Água s/ gás frutos vermelhos,Luso,Garrafa de 1 l,"1,04 €","0,17 €/L"
Tortitas de milho sem sal,PorSi Viva Bem,Embalagem de 130g,"0,99 €","3,30 €/Kg"
Leite e cereais pijama +6 meses,Cerelac,Garrafa de 400 ml,"4,49 €","4,49 €/Kg"
Pastilhas limpa próteses,Labell,embalagem com 36 unidades,"7,39 €","105,57 €/Kg"
Iogurte líquido yoggi morango,Nestle,Embalagem de 4 x 160 g,"1,17 €","1,83 €/Kg"
Queijo fundido palitos,A Vaca Que Ri,Embalagem de 35g,"0,82 €","23,43 €/Kg"
Spray limpeza fornos e grelhas,PorSi,500 ml,"1,29 €","1,72 €/L"
Choco com Tinta Pequeno,Peixe do Dia,1 un= 200 gr (aprox.),"6,49 €/Kg","6,49 €/Kg"
Vinho Verde Loureiro Branco,Aveleda,Garrafa de 0.75 l,"3,09 €","3,09 €/L"
Néctar pera,PorSi,Embalagem de 1 l,"0,99 €","0,99 €/L"
Vinho tinto regional alentejano,Galitos,Garrafa de 750 ml,"2,89 €","3,85 €/L"
Fralda Cueca de Banho |Tamanho 3 X/S,Pommette,Embalagem de 12 un.,"4,59 €","4,59 €/Unidade"
Super Napolitana de Chocolate,Pastelaria do Dia,1 un = 120 g (aprox.),"0,30 €/Unidade","0,30 €/Unidade"
Massa de macarrão grande estriado,PorSi,Embalagem de 500g,"0,89 €","1,78 €/Kg"
Body Milk in Shower,Labell,Embalagem de 250 ml,"12,48 €/L","12,48 €/L"
Gelatina pronta a comer light 10 kcal mirtilo,Royal,Embalagem de 4 x 100 g,"0,85 €","2,13 €/Kg"
Alimento lácteo cereais e baunilha +6 meses,Yogolino,Embalagem de 4 x 100 g,"2,89 €","7,23 €/Kg"
Vinho do porto dona antónia reserva branco,Ferreira,Garrafa de 0.75 l,"11,99 €","15,99 €/L"
Papa infantil láctea maçã +6 meses,Cerelac,Embalagem de 250g,"4,49 €","4,49 €/Kg"
Inseticida moscas e mosquitos,Dum Dum,Garrafa de 300 ml,"5,69 €","15,17 €/L"
Cogumelos laminados 1/2,PorSi,Embalagem de 355 g,"1,79 €","2,29 €/Kg"
Comida húmida para gato carnes e legumes com molho,PorSi,Embalagem de 1.2 kg,"3,59 €","2,99 €/Kg"
Biscoitos canudinho simples,PorSi,Embalagem de 300g,"2,82 €","9,40 €/Kg"
Spray anti calcário,Cif,Garrafa de 435 ml,"3,19 €","6,38 €/L"
Doce de cereja s/ açúcar adicionado,PorSi,Frasco com 220 g,"2,19 €","9,95 €/Kg"
Esfregona tiras completa,PorSi,1 unidade,"2,79 €","2,79 €/Unidade"
15 panadinhos de peixe,PorSi,Embalagem de 450 g,"4,39 €","10,98 €/Kg"
Alimento lácteo morango +8 meses,Yogolino,Embalagem de 4 x 100 g,"2,89 €","7,23 €/Kg"
Molho piri piri,Macarico,Embalagem de 200g,"0,70 €","2,33 €/Kg"
Moscatel de setúbal,Selecção de Enófilos,"Garrafa de 0,75 l","5,99 €","7,99 €/L"
Toalhitas básico,Dodot,embalagem com 54 unidades,"1,09 €/Unidade","1,09 €/Unidade"
Feijão preto cozido,PorSi,Embalagem de 420 g,"1,79 €","2,29 €/Kg"
Sabonete líquido para as mãos de coco,Dove,embalagem de 250 ml,"2,18 €/L","2,18 €/L"
Spray recarga limpeza da casa de banho,Cif,embalagem de 70 ml,"0,79 €","0,79 €/L"
Árvore de Natal,*,Dim.: 150cm,"24,99 €/Unidade","24,99 €/Unidade"
"Cerveja com álcool, lata",Super Bock,Garrafa de 500 ml,"1,99 €/L","1,99 €/L"
Manteiga magra,Matinal,Embalagem de 250g,"1,69 €","6,76 €/Kg"
"Pilha alcalina, hightech lr03x4",Domédia,1 unidade,"1,49 €","1,49 €/Unidade"
Nestum flocos de cereais com mel,Nestum,Embalagem de 300g,"2,19 €","8,76 €/Kg"
Tostas de trigo,Diatosta,Embalagem de 225 g,"2,39 €","6,83 €/Kg"
Preparado de bolo de chocolate,PorSi,500 g,"0,45 €","5,00 €/Kg"
Maçã Golden Premium,*,Calibre: 75/80,"0,23 €","1,29 €/Kg"
Cerveja c/ álcool,Super Bock,Pack 15 X 0. 33L,"1,99 €/L","1,99 €/L"
Gelatina pronta a comer ananás,Royal,Embalagem de 4 x 100 g,"0,85 €","2,13 €/Kg"
Unha,Porco,1 un = 500 gr (aprox.),"0,50 €","4,99 €/Kg"
Bolachas waffers baunilha,PorSi,Embalagem de 210g,"0,98 €","4,67 €/Kg"
Mel de montanha,PorSi Select,Frasco de 250 g,"4,89 €","9,78 €/Kg"
Cordon bleu,PorSi,Embalagem de 1 kg,"2,34 €","7,31 €/Kg"
Pickles em vinagre,PorSi,Embalagem de 200 g,"1,79 €","2,29 €/Kg"
Iogurte morango skyr 0%,PorSi Viva Bem,150 g,"5,97 €/Kg","5,97 €/Kg"
Nêspera,Fruta da Época,1 un = 250 gr  (aprox.),"1,89 €/Kg","1,89 €/Kg"
6 Salsichas de porco,Nobre,Lata de 120g,"0,75 €","3,75 €/Kg"
Bagas de cranberry,Cemporcent,Embalagem de 125 g,"1,39 €","6,95 €/Kg"
Melancia,Fruta da Época,Vendido ao peso | 1 un = 4kg (aprox.),"2,48 €","0,99 €/Kg"
Água c/ gás original,Frize,pack 6 x 0.25 l,"2,85 €","2,85 €/L"
Água mineral sem gás,Fastio,Pack 4 x 1.5 l,"1,04 €","0,17 €/L"
Desinfetante álcool gel spray,PorSi,100 ml,"0,99 €","9,90 €/L"
Deo Roll On Cool Kick,Nivea Men,50 ml,"2,99 €","59,80 €/L"
Iogurte natural açucarado,PorSi,Embalagem de 4x125g,"0,99 €","1,98 €/Kg"
Bolacha maria dourada,PorSi,Embalagem de 800g,"2,11 €/Kg","2,11 €/Kg"
Ovos Frescos Classe M,PorSi,12 unidades,"1,39 €","1,39 €/Unidade"
Arroz Thai Jasmim,PorSi,1 kg,"0,99 €","0,99 €/Kg"
Caderno Agrafado Capa Preta |A5 Quadriculado,Domédia,1 unidade,"5,79 €","5,79 €/Unidade"
Vinagre de limpeza,PorSi,Embalagem de 1 l,"0,79 €","0,79 €/L"
Chocolate culinário branco,Pantagruel,Embalagem de 200g,"1,79 €","8,95 €/Kg"
Pudim de baunilha,PorSi,Embalagem de 90g,"0,47 €","23,50 €/Kg"
Ração seca para gatinhos frango e legumes,PorSi,Embalagem de 2 kg,"3,99 €","2,00 €/Kg"
Tablete chocolate de iogurte morango,Milka,Embalagem de 100g,"5,30 €/Kg","5,30 €/Kg"
Cerveja,Kings Bräu,Embalagem de 10x25 cl,"1,99 €/L","1,99 €/L"
"Tablete de chocolate, black-white",Schogetten,Embalagem de 100g,"5,30 €/Kg","5,30 €/Kg"
Água s/ gás,S.estrela,Garrafão de 6L,"1,04 €","0,17 €/L"
Autobrilhante Incolor,Búfalo,Embalagem de 50 ml,"2,25 €","45,00 €/L"
Camarão 20/30,Congelado de Aquicultura,1 un = 250 gr  (aprox.),"3,25 €","12,99 €/Kg"
Nata para culinária ligeira,Mimosa,Embalagem de 200 ml,"0,75 €","3,75 €/L"
Toalhitas Activity |Recarga,Dodot,Pack: 4x54 unidades,"1,09 €/Unidade","1,09 €/Unidade"
Barras fitness com morango,Nestle,Embalagem de 140g,"3,99 €","13,30 €/Kg"
Ketchup,PorSi,Embalagem de 560 g,"0,70 €","2,33 €/Kg"
Arroz Carolino,Cigala,Embalagem de 1 kg,"0,99 €","0,99 €/Kg"
Pêssego em calda metades,PorSi,Lata com 420 g,"1,99 €","2,37 €/Kg"
Aguardente velha vsop,Antiqua,Garrafa de 700 ml,"14,49 €","20,70 €/L"
"Fita Teflon, 2 Rolos",Itools,1 unidade,"2,79 €","93,00 €/Kg"
Bombons Hapiness,Trumpf,Embalagem de 400G,"29,16 €/Kg","29,16 €/Kg"
Vela em número nº5,PorSi,1 unidade,"0,80 €","0,80 €/Unidade"
Mistura pombos domésticos,Rac.zezere,Embalagem de 5 kg,"4,09 €","0,82 €/Kg"
"Bebida láctea especial crescimento, 1-3 anos",Mimosa,Garrafa de 1 l,"0,26 €","1,30 €/L"
Iogurtes Corpos Danone Pedaços de Pêssego e Maracujá,Danone,Embalagem de 4 x 115 g,"4,36 €","2,18 €/Kg"
Polpa de cebola e alho,PorSi,Embalagem de 500 g,"0,99 €","1,98 €/Kg"
Cápsulas de café com leite cappuccino,Nescafe,Embalagem com 16 cápsulas,"59,82 €/Kg","59,82 €/Kg"
Creme depilatório para peles sensíveis,Labell,Embalagem de 200 ml,"10,49 €","69,93 €/L"
Vinh do porto ruby,Cruz,Garrafa de 750 ml,"4,99 €","6,65 €/L"
Pólen de abelhas,PorSi Select,Frasco de 130 g,"4,89 €","9,78 €/Kg"
Sobremesa gelificada de laranja,PorSi,Embalagem de 4x100g,"0,85 €","2,13 €/Kg"
Sumo 100% maçã,Compal,1 litro,"1,09 €","0,73 €/L"
Vinho regional alentejano tinto,Qta.carmo,Garrafa de 0.75 l,"2,89 €","3,85 €/L"
Bocadelia de caranguejo,La piara,Embalagem de 170g,"1,19 €","13,52 €/Kg"
Achocolatado em pó extra chocolate,Nesquik,Embalagem de 390g,"8,59 €/Kg","8,59 €/Kg"
Vinho branco,Alandra,Garrafa de 750 ml,"1,59 €","2,12 €/L"
"Pastilhas fruit, frutos silvestres",Trident,Embalagem de 15 g,"0,89 €","59,33 €/Kg"
Borrego Inteiro/Metades,Borrego,"1/2 un = 7 kg, 1 un = 14 kg (aprox.)","67,83 €","9,69 €/Kg"
Creme de dia para pele normal,Labell,Embalagem de 50 ml,"2,69 €","53,80 €/L"
Eau de Toilette Homem Blue,António Banderas,Embalagem de 200 ml,"4,49 €","89,80 €/L"
Café torrado 5 estrelas moagem grossa,Sical,Embalagem de 250g,"9,16 €/Kg","9,16 €/Kg"
Cola Stic Renature,Uhu,Embalagem com 21 g,"2,79 €","132,86 €/Kg"
"Bolo de profiteroles, 800 g",Pastelaria do Dia,,"4,29 €","6,60 €/Kg"
Comida húmida para cão,PorSi,Embalagem de 300 g,"0,75 €","2,50 €/Kg"
30 douradinhos,Capitão Iglo,Embalagem de 840g,"4,39 €","10,98 €/Kg"
Lixívia perfumada,PorSi,Embalagem de 5 l,"1,09 €","0,55 €/L"
Leite corporal,Nivea,Embalagem de 400 ml,"12,48 €/L","12,48 €/L"
Sacos do lixo lavanda 50 litros,PorSi,15 unidades,"1,79 €","1,79 €/Unidade"
Iogurte líquido pinacolada,PorSi,Embalagem de 4 x 160 g,"1,17 €","1,83 €/Kg"
Batata Frita c/ Sal,Ruffles,Embalagem de 160 g,"1,06 €","5,73 €/Kg"
Cereais corn flakes,Kellogg's,Embalagem de 500g,"1,49 €","2,98 €/Kg"
Batata frita ondulada wavy,PorSi,Embalagem de 180g,"1,06 €","5,73 €/Kg"
Maçã Starking 70/75,Programa Origens,1 un = 150 gr (aprox.),"0,23 €","1,29 €/Kg"
"M&m's drageias de chocolate de leite,",M&m's,Embalagem de 45g,"11,98 €/Kg","11,98 €/Kg"
Queijinho petit nesquik,Nestle,Embalagem de 6 x 60 g,"4,23 €/Kg","4,23 €/Kg"
Creme anti-rugas reafirmante,Diadermine,Embalagem de 50 ml,"2,69 €","53,80 €/L"
Bolachas crackers integral,Du bois,Embalagem de 500g,"0,39 €","3,12 €/Kg"
"Carregador, 6 lâminas, 4 recargas",Labell Men,1 embalagem,"1,16 €","4,64 €/L"
Dentífrico júnior 7 a 12 anos,Colgate,Embalagem de 50 ml,"3,19 €","3,19 €/Unidade"
Desodorizante spray,Dove,Embalagem de 200 ml,"2,99 €","59,80 €/L"
Ambientador carro difusor aqua,Ambipur,1 unidade,"2,49 €","2,49 €/Unidade"
Salsicha bockwurst 5 unidades,PorSi,Embalagem de 250g,"0,75 €","3,75 €/Kg"
Ração para gato bolas de pelo com frango,Friskies,"Embalagem de 1,5kg","3,99 €","2,00 €/Kg"
"Vinho DOC Bairrada, Branco",Selecção de Enófilos,Garrafa de 0.75 l,"2,49 €","3,32 €/L"
Farinha p/ bolos fina,Nacional,Embalagem de 1Kg,"1,99 €","1,99 €/Kg"
Delícia de bolacha,PorSi,Embalagem de 2x135 g,"0,55 €","2,75 €/Kg"
Iogurte grego natural magro,PorSi Viva Bem,Embalagem de 1 kg,"0,99 €","1,98 €/Kg"
Leite seleccionado leve,Matinal,pack 3 x 200 ml,"0,94 €","0,94 €/L"
Cem porcento-flocos de aveia grossos,Cemporcent,Embalagem de 400g,"2,99 €","7,97 €/Kg"
"Spray depilatório, peles sensiveis",Veet,Garrafa de 150 ml,"10,49 €","69,93 €/L"
Cereais crack star,PorSi,Embalagem de 375 g,"5,07 €/Kg","5,07 €/Kg"
Gelatina de ananás,PorSi,Embalagem de 170g,"0,55 €","61,11 €/Kg"
Detergente em pó máquina de lavar roupa lavanda,PorSi,75 doses,"8,69 €","1,84 €/Kg"
Bolachas waffers chocolate,PorSi,Embalagem de 210g,"0,98 €","4,67 €/Kg"
"Desodorizante spray, goiaba",Labell,Embalagem de 200 ml,"2,99 €","59,80 €/L"
Massa de espirais,Nacional,Embalagem de 500g,"0,89 €","1,78 €/Kg"
Gengibre,Legumes do Dia,1 un = 100 gr (aprox.),"0,70 €","2,79 €/Kg"
18 hamburguers s/ glúten vaca,Capitão Iglo,Pack familiar com 1.4 kg,"2,34 €","7,31 €/Kg"
Ambientador gel lavanda,PorSi,150 g,"0,79 €","5,27 €/Kg"
Limpa vidros cristal recarga,Ajax,Embalagem de 500 ml,"3,19 €","6,38 €/L"
"Batata frita caseira, rodela",Pala-pala,Embalagem de 180g,"0,87 €","5,44 €/Kg"
"Detergente líquido, manual loiça, original",Fairy,"Embalagem de 1,5 l","7,29 €","4,86 €/L"
Leite uht c/ chocolate,Ucal,Garrafa de 1 l,"0,26 €","1,30 €/L"
Desodorizante homem black&white ultimate impact,Nivea Men,50 ml,"2,99 €","59,80 €/L"
Bolachas Choco Finas,Milka,Embalagem de 126g,"2,15 €","2,87 €/Kg"
Ice tea pêssego,Lipton,Embalagem de 1L,"1,14 €","0,76 €/L"
Queijo de ovelha curado amanteigado,PorSi Select,250 g,"3,35 €","13,39 €/Kg"
Bolacha torrada,PorSi,Embalagem de 4 x 200 g,"2,11 €/Kg","2,11 €/Kg"
Milka chocolate tablet cocoa,Milka,Embalagem de 100g,"0,99 €","4,95 €/Kg"
Flocos de aveia,PorSi Viva Bem,Embalagem de 400g,"0,69 €","1,73 €/Kg"
Lixívia para roupa delicada,Neoblanc,Embalagem de 2 l,"2,19 €","1,10 €/L"
Bolachas de aveia,Triunfo,Embalagem de 190g,"2,82 €","9,40 €/Kg"
Amaciador nutri-protec,Labell,Embalagem de 200 ml,"1,00 €","5,00 €/L"
Lixívia Tradicional,PorSi,Embalagem de 5 l,"1,74 €","0,35 €/L"
Porto 10 anos,Velhotes,Garrafa de 0.75 l,"9,99 €","13,32 €/L"
Patê de sardinha,PorSi,Embalagem de 65 g,"1,19 €","13,52 €/Kg"
Puzzle Frozen,Clementoni,2 x 20 peças,"5,99 €/Unidade","5,99 €/Unidade"
Lampreia de Ovos,Pastelaria do Dia,500g,"5,00 €","9,99 €/Kg"
Tablete de chocolate caramel peanut,Milka,Embalagem de 280g,"4,09 €","14,82 €/Kg"
Refrigerante c/ gás,Pepsi,Pack 6 x 0.33 l,"0,40 €/L","0,40 €/L"
Rissóis de carne,Brilha ali,1 unidade = 60 gr,"0,65 €","0,65 €/Unidade"
Atum posta em óleo,Ramirez,Embalagem de 120g,"9,08 €/Kg","9,08 €/Kg"
Lombo assado fatiado,PorSi,150 g,"2,49 €","16,60 €/Kg"
Pringles hot & spicy,Pringles,Embalagem de 175g,"1,19 €","6,43 €/Kg"
Bebida amêndoa,Shoyce,Embalagem de 1 litro,"2,19 €","2,19 €/L"
Pipoca doce para  microondas,PorSi,Embalagem de 300g,"0,99 €","3,30 €/Kg"
Queijo creme de salmão,Philadelph,Embalagem de 150g,"11,27 €/Kg","11,27 €/Kg"
Spray desinfetante casa de banho,Lysol,Embalagem de 500 ml,"1,79 €","2,39 €/L"
Chocolate kit kat,Kit kat,Embalagem de 130g,"11,92 €/Kg","11,92 €/Kg"
Café moagem universal timor,Delta,Embalagem de 220g,"9,16 €/Kg","9,16 €/Kg"
Toranja,Fruta do Dia,1 un = 300 gr  (aprox.),"0,32 €","1,29 €/Kg"
Prato em forma de coelho,Do Art,Dim.: 15x14x15CM,"7,99 €","7,99 €/Unidade"
Tripas à moda do Porto,Centralres,Vendido ao peso,"3,99 €","3,99 €/Kg"
Esferográfica Preta Média,Mab,Embalagem com 4 un.,"3,19 €","3,19 €/Unidade"
Camarão 30/40 Madagascar,Congelado Selvagem,1 un = 250 gr  (aprox.),"3,25 €","12,99 €/Kg"
Brandy,Macieira,Garrafa de 1 l,"15,49 €","15,49 €/L"
Couve branca,Legumes do Dia,1 un= 1 kg aprox,"1,19 €/Kg","1,19 €/Kg"
Bolachas marinheiras linhaça,Cemporcent,Embalagem de 200 g,"1,45 €","11,15 €/Kg"
Liégeois Sobremesa de Caramelo,Páturages,Embalagem de 4x100 g,"0,55 €","2,75 €/Kg"
Pescada congelada 350-450 g,Peixe Congelado,Peixe de aquacultura,"1,57 €","4,49 €/Kg"
Guardanapos de papel reciclado,PorSi,100 unidades,"1,29 €","1,29 €/Unidade"
Desodorizante spray beauty finish,Dove,Embalagem de 150 ml,"2,99 €","59,80 €/L"
5 douradinhos rústicos,Capitão Iglo,Embalagem de 300g,"9,30 €/Kg","9,30 €/Kg"
Queijo limiano amanteigado vaca e ovelha sem casca o...,Limiano,Embalagem de 450g,"3,35 €","13,39 €/Kg"
Cola stick,Uhu,Conjunto de 2 x 8.2 g,"2,19 €","109,50 €/L"
Discos Sanitários Activos Aparelho Lavanda,WC Pato,Embalagem de 36 ml,"39,60 €/Kg","39,60 €/Kg"
Trinca de arroz,PorSi,Embalagem de 5 kg,"1,15 €/Kg","1,15 €/Kg"
Quinoa branca,PorSi Viva Bem,Embalagem de 200 g,"1,39 €","6,95 €/Kg"
Drageias de chocolate single,MALTESERS,Embalagem de 40g,"11,98 €/Kg","11,98 €/Kg"
Creme fixação para dentaduras,Polident,Embalagem de 70 g,"7,39 €","105,57 €/Kg"
Snack Cão Prodental,PorSi,Embalagem 180 g,"0,94 €","5,22 €/Kg"
Oreo flavors cookies birthday party rollpack 154 gr,Oreo,Embalagem de 150g,"1,49 €","9,68 €/Kg"
Iogurte natural,Danone,Embalagem de 4 x 120 g,"0,99 €","1,98 €/Kg"
Lambrusco rosé,Sorbello,Garrafa de 0.75 l,"2,09 €","2,79 €/L"
Café solúvel creme,Nescafe,Embalagem de 100g,"1,14 €","57,00 €/Kg"
Água mineral natural alcalina,MONCHIQUE,Garrafão de 5 l,"1,04 €","0,17 €/L"
Café moagem universal angola,Delta,Embalagem de 220g,"9,16 €/Kg","9,16 €/Kg"
Arroz de Pato,Centralres,Vendido ao peso,"3,99 €","3,99 €/Kg"
Bebida de soja,Shoyce,Embalagem de 1 litro,"2,49 €","2,49 €/L"
Nestum chocolate,Nestum,Embalagem de 250g,"2,19 €","8,76 €/Kg"
Sabonete,Feno,Embalagem de 4x90 g,"1,99 €","12,44 €/Kg"
Reparador de móveis normal,PorSi,Embalagem de 200 ml,"1,39 €","1,26 €/L"
Azeite,Oliveira da Serra,Embalagem de 750 ml,"3,19 €","4,25 €/L"
Frutos vermelhos,PorSi,Embalagem de 750 g,"3,29 €","4,39 €/Kg"
Manteiga magra meio sal,President,Embalagem de 250g,"1,69 €","6,76 €/Kg"
Pães de leite,s. tomé,Embalagem de 300 g,"1,09 €","3,63 €/Kg"
Iogurte líquido dan'up morango e banana,Danone,Embalagem de 4 x 155 g,"1,17 €","1,83 €/Kg"
Infusão principe,Cemporcent,Embalagem de 10 unidades,"0,99 €","76,15 €/Kg"
Mini tostas integrais super finas,PorSi,Embalagem de 100 g,"2,39 €","6,83 €/Kg"
Banha,PorSi,Embalagem de 230 g,"2,89 €","2,89 €/Kg"
"Iogurte sabor morango, banana e tutti frutti",Danone,Embalagem de 8 x 120 g com 1 grátis,"1,99 €","2,07 €/Kg"
Ice tea limão,Lipton,pack 6 x 0.25 l,"1,14 €","0,76 €/L"
Nutella,Nutella,Embalagem de 700g,"8,54 €/Kg","8,54 €/Kg"
Batata Pré-Frita Dauphines,PorSi,500 g,"2,39 €","3,98 €/Kg"
Lixívia Densa + Squeeze Harmonias Florais,Neoblanc,Embalagem de 1 l,"1,74 €","0,35 €/L"
Aguardente vínica velha,Alianca v.,Garrafa de 700 ml,"14,49 €","20,70 €/L"
Néctar vital equilibrio frutos vermelhos,Compal,Embalagem de 1 l,"0,99 €","0,99 €/L"
Pack de 3 embalagens de polpa de tomate,Compal,Embalagem de 630g,"0,99 €","1,98 €/Kg"
Base guarda sol em metal e cimento,Saurium,14 kg,"18,99 €","18,99 €/Unidade"
Arroz agulha,Caçarola,Embalagem de 1 kg,"0,99 €","0,99 €/Kg"
Esferográfica Cor Sortida Média,Mab,Embalagem com 4 un.,"3,19 €","3,19 €/Unidade"
Achocolatado em Pó,Nesquik,Embalagem de 700g,"8,59 €/Kg","8,59 €/Kg"
Farinha p/ bolos extra fina,Nacional,Embalagem de 1 kg,"1,99 €","1,99 €/Kg"
Vinagre de vinho branco,PorSi,Garrafa de 1 l,"0,35 €","0,70 €/L"
Sacos do lixo lavanda 30 litros,PorSi,20 sacos,"1,79 €","1,79 €/Unidade"
Infusão cidreira,PorSi,Embalagem de 40g,"0,99 €","76,15 €/Kg"
Lagartos,PorSi,Embalagem de 300 gr,"0,69 €","3,45 €/Kg"
Bolacha com aveia,PorSi,Embalagem de 300 g,"0,98 €","3,27 €/Kg"
"Cera cabelo, paste signature",Axe,Embalagem de 75 ml,"3,99 €","53,20 €/L"
Preparado de marisco,*,Embalagem de 1 Kg (aprox.),"3,25 €","12,99 €/Kg"
Vinho tinto,Enc.bairro,Bag-in-box de 5L,"5,19 €","1,04 €/L"
Polpa de tomate com cebola e alho,Compal,Embalagem de 500g,"0,99 €","1,98 €/Kg"
Vinagre vinho branco,PorSi,Garrafa de 500 ml,"0,35 €","0,70 €/L"
Leite seleccionado magro,Matinal,Garrafa de 1 l,"0,94 €","0,94 €/L"
Infusão de camomila,PorSi,Embalagem de 33.7 g,"0,99 €","76,15 €/Kg"
Bife da Vazia,Novilho,Vendido ao peso a partir de 800 g,"6,20 €","7,75 €/Kg"
Arroz agulha Europa,PorSi,Embalagem de 1 kg,"0,99 €","0,99 €/Kg"
"Abacaxi ""Avião""",Fruta da Época,"Vendido ao peso, 1 un=1.5 kg aprox.","1,79 €","1,19 €/Kg"
Vinagre vinho branco 500ml,Cristal,Garrafa de 500 ml,"0,35 €","0,70 €/L"
Bolachas starship chocolate,PorSi,Embalagem de 150g,"0,90 €","6,00 €/Kg"
Adoçante em pó,PorSi,250 saquetas,"5,99 €","23,96 €/Kg"
Pasta dentífrica gel kids,Labell,Embalagem de 50 ml,"3,19 €","3,19 €/Unidade"
Lenços Bolso 15X10 3f,PorSi,1 Unidade,"1,64 €","1,64 €/Unidade"
Chispalhada com feijão,Nobre,Embalagem de 420g,"2,49 €","12,97 €/Kg"
Pensos higiénicos liberty super abas,Evax,Embalagem com 10 un.,"4,99 €","4,99 €/Unidade"
Vinho branco monbazillac  2012,Expertclub,Garrafa de 750 ml,"6,89 €","9,19 €/L"
Dentífrico infantil frutas naturais 3 aos 5 anos,Colgate,50 ml,"3,19 €","3,19 €/Unidade"
"Chocolate kit kat, single",Kit kat,Embalagem de 40g,"11,92 €/Kg","11,92 €/Kg"
Detergente líquido máquina de roupa lavanda,PorSi,86 Doses,"8,69 €","1,84 €/Kg"
Tablete de chocolate leite,Nestle,Embalagem de 130g,"5,30 €/Kg","5,30 €/Kg"
Bolacha Maria sem lactose,PorSi Viva Bem,Embalagem de 200 g,"0,99 €","1,98 €/Kg"
Bebida coco,Alpro,Embalagem de 1L,"2,49 €","2,49 €/L"
Tablete de chocolate de culinária - sem açúcar,PorSi Viva Bem,Embalagem de 100 g,"1,79 €","8,95 €/Kg"
"Desodorizante roll-on, cotton",Rexona,Embalagem de 50 ml,"2,99 €","59,80 €/L"
Bicarbonato de sódio,PorSi,Saqueta de 75 g,"1,89 €","17,18 €/Kg"
Vinho doc douro tinto,Tellu's,Garrafa de 750 ml,"7,49 €","9,99 €/L"
Liégeois Sobremesa de chocolate,Páturages,Embalagem de 4x100 g,"0,99 €","1,65 €/Kg"
Sacos lixo eco com atilho 30 litros,PorSi,20 unidades,"1,79 €","1,79 €/Unidade"
Bocadelia atum,La piara,Embalagem de 180g,"9,08 €/Kg","9,08 €/Kg"
Leite creme,PorSi,Embalagem de 2x135 g,"0,55 €","2,75 €/Kg"
Sabonete líquido maçãs verdes,Labell,Embalagem de 500 ml,"2,18 €/L","2,18 €/L"
Gelado viennetta morango,Olá,Embalagem de 650 ml,"3,99 €","6,14 €/L"
Chá Aromatizado Pirâmide Mel/Limão/Ginseng,PorSi,20 x 2 g,"58,00 €/Kg","58,00 €/Kg"
Vinho regional lisboa reserva tinto,Marginal,Garrafa de 0.75 l,"4,59 €","6,12 €/L"
Truta de Viveiro,Programa Origens,"Fresca, vendida ao peso | 1 un.=300 g (aprox.)","6,49 €/Kg","6,49 €/Kg"
"Néctar pêssego, prisma",PorSi,Embalagem de 1 l,"0,99 €","0,99 €/L"
Bloco Sanitário Sólido Aqua,Sonasol,Embalagem de 2x50 g,"39,60 €/Kg","39,60 €/Kg"
Vitamina c,PLANTANATU,Embalagem de 1 unidades,"6,59 €","6,59 €/Unidade"
Sementes de linhaça dourada,PorSi Viva Bem,Embalagem de 250 g,"1,59 €","10,60 €/Kg"
Vinho do porto lbv 2004,Cruz,Garrafa de 0.75 l,"9,99 €","13,32 €/L"
Beterraba s/ Rama,Programa Origens,1 un = 250 gr  (aprox.),"0,70 €","2,79 €/Kg"
Cebola nova,Programa Origens,1 un = 250 gr  (aprox.),"1,19 €","1,19 €/Kg"
Massa spaghetti tricolore,Milaneza,Embalagem de 500 g,"0,89 €","1,78 €/Kg"
Marmelada,PorSi,Embalagem de 900g,"1,09 €","2,42 €/Kg"
Pimentão doce saqueta,PorSi,Embalagem de 50 g,"0,25 €","0,25 €/Kg"
Iogurte activia líquido kiwi,Danone,Embalagem de 4 x 155 g,"2,79 €","6,07 €/Kg"
Ervilhas bio,PorSi Bio,Frasco com 290 g,"1,89 €","10,50 €/Kg"
Jardineira,PorSi,Embalagem de 750 g,"1,89 €","1,89 €/Kg"
Adoçante à base de sucralose,PorSi Viva Bem,Embalagem de 17g,"5,99 €","23,96 €/Kg"
Paloco desfiado do pacifico,Peixe Fresco,Embalagem de 400 g,"8,73 €/Kg","8,73 €/Kg"
Sementes de linhaça,Cemporcent,Embalagem de 250G,"1,39 €","9,27 €/Kg"
Tomates Cereja Kumato Biológicos,PorSi Bio,± 200 g,"0,55 €","2,19 €/Kg"
"Vinho bairrada, reserva, tinto",Selecção de Enófilos,Garrafa de 0.75 l,"2,49 €","3,32 €/L"
Amaciador Roupa lavanda,PorSi,Embalagem de 60 doses,"1,99 €","1,00 €/L"
Tapetes educativos p/ cães/gatos 60x60cm,PorSi,20 unidades,"9,49 €","9,49 €/Unidade"
Bloco Sanitário Poder Activo Aqua,Sonasol,Embalagem de 50 g,"39,60 €/Kg","39,60 €/Kg"
Disco giratório cardio,Innovagoods,1 unidade,"12,99 €","12,99 €/Unidade"
Pastéis de nata,PorSi,Embalagem de 6x60 g,"2,99 €","5,54 €/Kg"
Pastilhas de Limpeza Dentífrica Branqueadora,Polident,Embalagem com 30 unidades,"7,39 €","105,57 €/Kg"
Bolacha diet nature recheio creme,Gullon,Embalagem de 210g,"1,49 €","9,68 €/Kg"
Ketchup,PorSi,Embalagem de 300 g,"0,70 €","2,33 €/Kg"
"Refrigerante com gás, ananás",Sumol,"Garrafa de 1,25 l","0,40 €/L","0,40 €/L"
Vinho do porto special reserve,V.alegre,Garrafa de 750 ml,"9,99 €","13,32 €/L"
Gelado cornetto morango,Olá,Embalagem de 6 x 90 ml,"4,99 €","15,12 €/L"
Sabonete leite & mel,Palmolive,Embalagem de 4x90 g,"1,99 €","12,44 €/Kg"
Bolo de Bolacha,*,Embalagem de 800 g,"4,29 €","6,60 €/Kg"
Crocantes de frango original,Iglo,Embalagem de 180g,"9,30 €/Kg","9,30 €/Kg"
Cebola picada,PorSi,Embalagem de 400 g,"1,89 €","1,89 €/Kg"
"Chave de Phillips Cabo Bimat, 3.0x75mm",Itools,1 unidade,"5,39 €","5,39 €/Unidade"
Arroz extra longo integral,Saludaes,Embalagem de 1 kg,"0,99 €","0,99 €/Kg"
Tablete de chocolate de leite,PorSi Select,Embalagem de 200g,"5,30 €/Kg","5,30 €/Kg"
Sidra de maçã,Somersby,Lata de 500 ml,"1,59 €","3,18 €/L"
Creme para barrar,Nutella,Embalagem de 200 g,"8,54 €/Kg","8,54 €/Kg"
Leite c/ chocolate meio-gordo s/ lactose,Agros,4 x 200 ml,"0,26 €","1,30 €/L"
Leite com chocolate,Agros,Embalagem de 200 ml,"0,26 €","1,30 €/L"
Amido de milho,PorSi,Embalagem de 400g,"1,89 €","17,18 €/Kg"
Água Tónica Zero,Schweppes,Garrafa de 1 l,"1,60 €","3,20 €/L"
Bombons Chocolate,Candycat,Embalagem de 230G,"29,16 €/Kg","29,16 €/Kg"
Pão de forma sem côdea,Panrico,Embalagem de 650g,"2,63 €/Kg","2,63 €/Kg"
Água c/ gás: limão/pepino/gengibre,Frize,pack 4 x 0.25 l,"2,85 €","2,85 €/L"
Farinha para bolos super fina,B.neve,Embalagem de 1 kg,"1,99 €","1,99 €/Kg"
Vinho rosé frisante,Cacho Fresco,Garrafa de 0.75 l,"2,09 €","2,79 €/L"
Amaciador concentrado para roupa jojoba,PorSi,80 doses,"1,99 €","1,00 €/L"
Vinho do porto lágrima tinto,Ramos Pinto,"Garrafa de 0,75L","6,29 €","8,39 €/L"
Refresco em pó de morango,PorSi,Embalagem de 40g,"0,75 €","18,75 €/Kg"
Iogurte naturea natural,PorSi,Embalagem de 4 x 125 g,"0,99 €","1,98 €/Kg"
Café moagem fina bio,PorSi Bio,Embalagem de 250g,"9,16 €/Kg","9,16 €/Kg"
Perna com Osso,Porco,1 un = 2 kg (aprox.),"4,38 €","4,38 €/Kg"
Couve Penca (Portuguesa),Legumes do Dia,1 un= 1 kg (aprox.),"1,19 €/Kg","1,19 €/Kg"
Perna com Costa,Frango,1 un. = 300 g (aprox.),"1,40 €","3,99 €/Kg"
Comida húmida para cão de frango e legumes,PorSi,Lata de 400 g,"0,75 €","2,50 €/Kg"
8 salsichas frankfurt,Izidoro,Embalagem de 200g,"0,75 €","3,75 €/Kg"
"Escargots recheio de manteiga, salsa e alho",PorSi Select,89 g,"1,89 €","6,30 €/Kg"
Livro Quero Conhecer o Meu Mundo,Europrice,1 unidade,"3,79 €/Unidade","3,79 €/Unidade"
Arroz carolino vaporizado,Cacarola,Embalagem de 1 kg,"0,99 €","0,99 €/Kg"
Danacol frutos exóticos,Danone,Embalagem de 6 x 100 g,"4,15 €/Kg","4,15 €/Kg"
Leite uht c/ chocolate,Ucal,Embalagem de 3 x 250 ml,"0,26 €","1,30 €/L"
Leite c/ chocolate,Gresso,Pack 4X200ml,"0,26 €","1,30 €/L"
Galette de Rois,*,100 g,"4,29 €","6,60 €/Kg"
Bandida do pomar maçã 4x25cl,Bandida,Garrafa de 1 l,"1,59 €","3,18 €/L"
Livro Quero Conhecer Cores,Europrice,1 unidade,"3,79 €/Unidade","3,79 €/Unidade"
Pizza fresca de fiambre e queijo,PorSi,400 g,"2,20 €","5,50 €/Kg"
Azeitona galega mista inteira,PorSi,Vendido ao peso a partir de 500 g,"1,00 €","3,99 €/Kg"
Sopa económica de marisco,Knorr,Embalagem de 60g,"0,84 €","13,55 €/Kg"
Preparado para crepes,Branca de Neve,Embalagem de 380g,"0,79 €","5,27 €/Kg"
Galão enriquecido em cálcio,Ucal,Embalagem de 3 x 200 ml,"0,26 €","1,30 €/L"
"Azeite extra virgem, azeitonas verdes",Oliveira da Serra,Garrafa de 750 ml,"3,19 €","4,25 €/L"
Desodorizante Roll-On Invisible Care,Dove,Embalagem de 50 ml,"2,99 €","59,80 €/L"
Camarão cozido 30/40,Nossa seleção,Congelado,"3,25 €","12,99 €/Kg"
"Gel banho, Argan Monoi",Labell,Embalagem de 750 ml,"6,99 €","9,32 €/L"
Toalhitas Sensitive |Recarga,Dodot,Pack: 4 x54 unidades,"1,09 €/Unidade","1,09 €/Unidade"
Folhado de Chocolate 60 g,PorSi,,"0,30 €/Unidade","0,30 €/Unidade"
Vinho verde branco,3 marias,Garrafa de 1 l,"3,09 €","3,09 €/L"
Queijo Curado Amanteigado,Queijaria das Pousadas,Vendido ao peso a partir de 250 g,"2,42 €","9,69 €/Kg"
Concentrado de frutas tropicais,Sunquick,Garrafa de 700 ml,"4,79 €","6,47 €/L"
Iogurte ananás 000%,PorSi Viva Bem,Embalagem de 4 x 125 g,"1,44 €","2,88 €/Kg"
Resguardos de cama,PorSi,20 unidades de 80 x 180 cm,"6,99 €","6,99 €/Unidade"
Bacalhau a bras,PorSi,Embalagem de 300g,"1,91 €","4,78 €/Kg"
Bacalhau Especial,PorSi,"1 un= 3kg /3,5kg (aprox.)","8,73 €/Kg","8,73 €/Kg"
Tablete de chocolate leite bubbly,Milka,Embalagem de 90g,"5,30 €/Kg","5,30 €/Kg"
Frango Inteiro,Frango,1 un=2 Kg (aprox.),"1,40 €","3,99 €/Kg"
"Vela em número, nº 7",PorSi,1 unidade,"0,80 €","0,80 €/Unidade"
Lava Tudo Flores Montanha,Sonasol,1.3 l,"0,99 €","0,50 €/L"
Vinho verde,Via Latina,Garrafa de 750 ml,"3,09 €","3,09 €/L"
Vinagre de limpeza,Dona Pureza,Embalagem de 1 l,"0,79 €","0,79 €/L"
Churritos,PorSi,Embalagem de 240g,"2,69 €","12,81 €/Kg"
Massa cuscus,PorSi,Embalagem de 250g,"0,89 €","1,78 €/Kg"
"Martelo Cabo de Borracha, 18mm",Itools,1 unidade,"5,39 €","5,39 €/Unidade"
Pudim morango,Boca Doce,Embalagem de 20g,"0,47 €","23,50 €/Kg"
Néctar light de manga/laranja,Compal,Pack 3 x 200 ml,"1,59 €","1,59 €/L"
"Néctar de alperce, tetra",Compal,pack 3 x 200 ml,"0,99 €","0,99 €/L"
Cocktail mango,Bar Royal,Garrafa de 750 ml,"6,49 €","8,65 €/L"
Desodorizante Spray Black & White Invisible,Nivea,150 ml,"2,99 €","59,80 €/L"
Champô cabelos pintados,Labell,Embalagem de 250 ml,"3,34 €","8,35 €/L"
Vinho branco península de setúbal,Periquita,Garrafa de 0.75 l,"4,99 €","6,65 €/L"
Lixívia Spray Mousse,Neoblanc,Embalagem de 700ml,"1,74 €","0,35 €/L"
Lava tudo tijoleira,Cif,1.1 L,"1,39 €","1,26 €/L"
Bolacha vitalday crocante chocolate,Gullon,Embalagem de 280g,"2,82 €","9,40 €/Kg"
Cerveja c/ álcool,Sagres,pack 30 x 0.25 L,"1,99 €/L","1,99 €/L"
Detergentes máquina lavar loiça ecológico,PorSi,26 pastilhas,"2,99 €","2,99 €/Unidade"
"Gomas bites pica, de morango",Fini,Embalagem de 100g,"1,19 €","3,97 €/Kg"
Espirais s/ glúten,Milaneza,Embalagem de 500g,"2,99 €","7,97 €/Kg"
Conjunto de ferramentas,Itools,31 peças,"5,39 €","5,39 €/Unidade"
Creme vegetal para barrar de chocolate,Tulicreme,Embalagem de 200g,"8,54 €/Kg","8,54 €/Kg"
Infusão nº 5 emagrecimento,Cemporcent,Embalagem de 10 unidades,"0,99 €","76,15 €/Kg"
Tablete de chocolate leite/amêndoa,Nestle,Embalagem de 120g,"4,09 €","14,82 €/Kg"
6 chamucas de carne,PorSi,Embalagem de 240g,"1,91 €","4,78 €/Kg"
Creme Rosto Dia Pele Mista Antirrugas Q10 Plus,Nivea,Embalagem de 50 ml,"2,69 €","53,80 €/L"
Lombo de bacalhau,PorSi,Vendido ao peso,"8,73 €/Kg","8,73 €/Kg"
Tortitas de arroz chocolate negro,PorSi Viva Bem,130 g,"1,45 €","11,15 €/Kg"
Papel higiénico macio absorvente,PorSi,12 rolos,"1,99 €","1,99 €/Unidade"
Vinho branco,PorSi,embalagem de 1 litro,"0,85 €/L","0,85 €/L"
Gelatina de morango,Royal,Embalagem de 114g,"0,55 €","61,11 €/Kg"
Bolachas marinheiras integrais,Cemporcent,Embalagem de 200g,"1,45 €","11,15 €/Kg"
Batata frita lisa,PorSi,Embalagem de 90g,"1,06 €","5,73 €/Kg"
Iogurte Activia 0% aveia e linhaça,Danone,Embalagem de 4 x 120 g,"2,79 €","6,07 €/Kg"
Bebida de Amêndoa,PorSi Viva Bem,1 litro,"1,19 €","1,86 €/L"
Mochila Teckl,Domédia,40x30x18 cm,"21,90 €","21,90 €/Unidade"
Arroz carolino,Caçarola,Embalagem de 1kg,"0,99 €","0,99 €/Kg"
Iogurte pedaços frutos vermelhos,PorSi,Embalagem de 8 x 125 g,"4,36 €","2,18 €/Kg"
Rebuçados de mentol,PorSi,Embalagem de 250g,"0,77 €","3,85 €/Kg"
"Guardanapos brancos, 33x33cm, 2 folhas",PorSi,Embalagem com 100 unidades,"1,29 €","1,29 €/Unidade"
Vinagre de sidra,PorSi,500 ml,"0,35 €","0,70 €/L"
Máquina Depilatória Extra Smooth Sensitive,Gillette,1 unidade,"5,49 €","5,49 €/Unidade"
Granola aveia fitness mel,Nestle,Embalagem de 300g,"3,99 €","13,30 €/Kg"
Empadão de carne,Centralrest,Vendido ao peso a partir de 500 g,"3,99 €","3,99 €/Kg"
Salada bacon,PorSi,Embalagem de 192 g,"2,49 €","12,97 €/Kg"
Sementes de sésamo,PorSi Viva Bem,Embalagem de 200 g,"1,59 €","10,60 €/Kg"
Rabos,Porco,1 un = 250 gr  (aprox.),"0,50 €","4,99 €/Kg"
Iogurte activia aveia nozes,Danone,Embalagem de 4 x 120 g,"2,79 €","6,07 €/Kg"
Alimento lácteo banana +6 meses,Yogolino,Embalagem de 4 x 100 g,"2,89 €","7,23 €/Kg"
Gelatina tutti-fruti,PorSi,Embalagem de 170g,"0,55 €","61,11 €/Kg"
Bifanas,Porco,Vendido ao peso a partir de 1 kg,"4,38 €","4,38 €/Kg"
Nata uht carbonara,Parmalat,Embalagem de 200 ml,"0,75 €","3,75 €/L"
Tablete de chocolate branco,Schogetten,Embalagem de 100g,"0,99 €","9,90 €/Kg"
12 Caldos de carne,PorSi,Embalagem de 127 g,"0,99 €","1,98 €/Kg"
"Escova dentes, rotativa global, dura, 2 unidades",Labell,1 embalagem,"4,99 €","4,99 €/Unidade"
20 saquetas infusão camomila,Lipton,Embalagem de 10g,"0,99 €","76,15 €/Kg"
Caldeirada de bacalhau,*,Vendido ao peso,"3,99 €","3,99 €/Kg"
Tosta integral,Diatosta,Embalagem de 510 g,"2,59 €","5,08 €/Kg"
Iogurte vidro pedaços morango,PorSi,Embalagem de 2 x 135 g,"2,99 €","6,80 €/Kg"
"Jogo ""Aprende Inglês""",Clementoni,1 unidade,"6,99 €","6,99 €/Unidade"
Tablete de chocolate leite com amêndoas,PorSi Select,200 g,"4,09 €","14,82 €/Kg"
Sumo essencial manga,Compal,pack 3 x 0.11 l,"0,99 €","0,99 €/L"
Pó de talco,PorSi,Embalagem de 250g,"1,24 €","4,96 €/Kg"
Grão de bico,PorSi,Frasco com 540 g,"1,79 €","2,29 €/Kg"
Desinfetante Têxtil,Sanytol,Embalagem de 500 ml,"1,69 €","1,69 €/L"
Toalhetes Íntimos Suaves,Corine de Farme,Embalagem com 10 un.,"2,19 €","2,19 €/Unidade"
"Pães para hamburguer com sésamo, 4 unidades",Bimbo,embalagem de 220 g,"2,63 €/Kg","2,63 €/Kg"
Infusão de tília,PorSi,Embalagem de 30g,"0,99 €","76,15 €/Kg"
Mini salsichas cocktail,Nobre,lata de 180g,"0,75 €","3,75 €/Kg"
Baguete,PorSi,250 g,"0,19 €","2,38 €/Kg"
Limas,Programa Origens,Vendido ao peso,"0,32 €","1,29 €/Kg"
Iogurte mix-in kit kat,Nestle,Embalagem de 2 x 115 g,"4,23 €/Kg","4,23 €/Kg"
Crispies de arroz +,Cemporcent,Embalagem de 250g,"1,94 €","3,88 €/Kg"
Toalhitas Bebé Basic,PorSi,Embalagem de 72 unidades,"1,09 €/Unidade","1,09 €/Unidade"
vinho do Porto Ruby,Velhotes,"garrafa de 0,75 l","4,99 €","6,65 €/L"
Bife da Pá,Novilho,Vendido ao peso a partir de 800 g,"6,20 €","7,75 €/Kg"
Café moagem grossa bio,PorSi Bio,Embalagem de 250g,"9,16 €/Kg","9,16 €/Kg"
Boneca Caty 85 cm,Vicam,1 unidade,"27,99 €/Unidade","27,99 €/Unidade"
10 Hambúrgueres de porco,PorSi,Embalagem de 600g,"2,34 €","7,31 €/Kg"
Spray power&shine casa de banho,Cif,Garrafa de 750 ml,"0,79 €","0,79 €/L"
Espumoso moscato,Selecção de Enófilos,"Garrafa de 0,75 l","3,99 €","5,32 €/L"
Couve Roxa,Legumes do Dia,1 un= 1kg (aprox.),"1,19 €/Kg","1,19 €/Kg"
Licor de plantas aromáticas,On Off,"Garrafa de 0,70 l","15,99 €","22,84 €/L"
Geleia de groselha,Bonnemaman,Embalagem de 370g,"3,59 €","9,70 €/Kg"
Pirassununga (38º),Cachaca 51,Garrafa de 700 ml,"17,49 €","24,99 €/L"
Infusão de menta,Tetley,Embalagem de 10g,"0,99 €","76,15 €/Kg"
Vinho Regional de Lisboa Rosé,Mundus,"Garrafa de 0,75 l","2,09 €","2,79 €/L"
Iogurte líquido dan'up milkshake straciatella,Danone,Embalagem de 4 x 155 g,"1,17 €","1,83 €/Kg"
Queijo em fatias,Limiano,Embalagem de 400g,"1,56 €","7,80 €/Kg"
Farinha,Maizena,Embalagem de 400g,"1,99 €","1,99 €/Kg"
Tomate frito,Heinz,Embalagem de 350g,"0,99 €","1,98 €/Kg"
Bacalhau em lombos,PorSi,Embalagem de 800g,"4,99 €","9,98 €/Kg"
Açucar icing,Rar,Embalagem de 250 g,"1,49 €","1,49 €/Kg"
Vinho regional tejo,Plexus,Garrafa de 750 ml,"2,09 €","2,79 €/L"
Esoumante prosecco branco,Gancia,Garrafa de 750 ml,"3,99 €","5,32 €/L"
Ice tea pêssego,Lipton,Garrafa de 2 l,"1,14 €","0,76 €/L"
"Refresco em pó, ananás",Tang,Embalagem de 30g,"0,75 €","18,75 €/Kg"
"Recarga ambientador eléctrico, alfazema",PorSi,Embalagem de 25 ml,"1,79 €","1,79 €/Unidade"
Refresco pó laranja e morango,PorSi,Embalagem de 40g,"0,75 €","18,75 €/Kg"
Nata uht light para culinária,PorSi,embalagem de 200 ml,"0,75 €","3,75 €/L"
Grão de bico,PorSi,Embalagem de 820g,"1,79 €","2,29 €/Kg"
Cerveja preta 0.0%,Sagres,Pack 4 x 0.33 l,"5,99 €","3,03 €/L"
Bloco Sanitário Ativo Lavanda,Sonasol,Embalagem de 50 g,"39,60 €/Kg","39,60 €/Kg"
Creme vegetal soja,Planta,Embalagem de 250 gr,"2,09 €","8,36 €/Kg"
Melão Branco,Fruta do Dia,"Vendido ao peso,1 un= 2.5 kg (aprox.)","2,48 €","0,99 €/Kg"
Pastel de Nata,Pastelaria do Dia,60 g,"0,30 €/Unidade","0,30 €/Unidade"
Pera Rocha 60/65,Programa Origens,1 un = 130 gr (aprox.),"0,23 €","1,29 €/Kg"
Palitos redondos,PorSi,Embalagem de 250 unidades,"1,29 €","1,29 €/Unidade"
Vinho tinto,PorSi,embalagem de 5 litros,"5,19 €","1,04 €/L"
Fígado,Novilho,1 un = 100 gr (aprox.),"0,50 €","4,99 €/Kg"
Nata uht,Agros,Garrafa de 200 ml,"0,75 €","3,75 €/L"
Queijo mini,Babybel,Embalagem de 6x20 g,"7,66 €/Kg","7,66 €/Kg"
"Carteira etiquetas, 24x35",Domédia,1 unidade,"1,99 €","1,99 €/Unidade"
Gelatina de frutos tropicais,PorSi,Embalagem 2X85G,"0,55 €","61,11 €/Kg"
Iogurte magro natural,Longa vida,Embalagem de 6 x 120 g,"1,44 €","2,88 €/Kg"
Creme de dia para pele seca,Labell,Embalagem de 50 ml,"2,69 €","53,80 €/L"
Infusão carqueja,Cemporcent,Embalagem de 10 unidades,"0,99 €","76,15 €/Kg"
Gel de Banho Silk,Dove,Embalagem de 750 ml,"6,49 €","8,65 €/L"
Açúcar granulado embalado em papel,Rar,Embalagem de 1 kg,"1,49 €","1,49 €/Kg"
The famous grouse ruby cask 700ml/1,F.grouse,Garrafa de 700 ml,"19,99 €","19,99 €/L"
Bebida de coco com arroz,PorSi Viva Bem,1 litro,"1,19 €","1,86 €/L"
Bombons Caixa Dourada c/ Laço,Belgian,Embalagem de 100G,"29,16 €/Kg","29,16 €/Kg"
Crepe chocolate,PorSi,Embalagem de 540g,"2,99 €","5,54 €/Kg"
Fita cola transparente,Uhu,15mm x 33m,"2,79 €","132,86 €/Kg"
Cuecas Incontinência Maxi Médio,Lindor,Embalagem com 14 un.,"9,99 €","9,99 €/Unidade"
Leite e cereais 8 cereais e mel +6 meses,Cerelac,Garrafa de 400 ml,"4,49 €","4,49 €/Kg"
Mistura solúvel c/ 20% café pó,PorSi,Embalagem de 200g,"2,29 €","11,45 €/Kg"
Liquido brilhante sapato preto,PorSi,75 ml,"2,25 €","45,00 €/L"
Bebida aveia sem açúcar,Alpro,Embalagem de 1 l,"1,19 €","1,86 €/L"
Pasta dentífrica,Couto,Embalagem de 60 ml,"2,39 €","31,87 €/L"
Algodão zig zag pré-cortado,PorSi,Embalagem de 50 g,"1,69 €","1,69 €/Unidade"
Pano limpa pó de flanela,PorSi,1 unidade,"1,79 €","1,79 €/Unidade"
Pizza de bolonhesa,PorSi,Embalagem de 350g,"2,16 €","6,17 €/Kg"
Entremeada s/ Entrecosto,Porco,Vendido ao peso a partir de 1 kg,"4,38 €","4,38 €/Kg"
Orelhas,Porco,1 un = 250 gr (aprox.),"0,50 €","4,99 €/Kg"
Tomates Cereja Cacho,PorSi Bio,Emb.: ± 200 g,"0,55 €","2,19 €/Kg"
"Chave de Fenda Cabo Bimat, 6.0x150mm",Itools,1 unidade,"5,39 €","5,39 €/Unidade"
Molho bechamel,Parmalat,Embalagem de 200 ml,"0,75 €","3,75 €/L"
Papa infantil para preparar com leite +6 meses,Cerelac,Embalagem de 250g,"4,49 €","4,49 €/Kg"
Rebuçados cristais de neve,PorSi,Embalagem de 250g,"1,15 €","4,60 €/Kg"
Fralda cueca T6 - 16 a 22 kg,PorSi,18 unidades,"4,59 €","4,59 €/Unidade"
Iogurte líquido morango/banana,PorSi,Embalagem de 4 x 160 g,"1,17 €","1,83 €/Kg"
Lasanha bolonhesa,Iglo,Embalagem de 300g,"3,53 €","8,83 €/Kg"
Desodorizante roll-on go fresh waterlily,Dove,Embalagem de 50 ml,"2,99 €","59,80 €/L"
Lasanha à bolonhesa,PorSi,Embalagem de 400 g,"3,99 €","3,99 €/Kg"
Sobremesa de Arroz Doce,PorSi,Embalagem 2X135G,"0,55 €","2,75 €/Kg"
Moscatel de setúbal,Alambre,"Garrafa de 0,75L","5,99 €","7,99 €/L"
Néctar clássico pêssego,Compal,200 ml,"0,99 €","0,99 €/L"
Bolachas cream cracker,PorSi,Embalagem de 200g,"0,39 €","3,12 €/Kg"
Espumante tinto bruto,Alianca,Garrafa de 750 ml,"6,49 €","8,65 €/L"
Lasanha à bolonhesa,PorSi,Embalagem de 1 kg,"3,53 €","8,83 €/Kg"
Amaciador concentrado spa,PorSi,80 doses,"1,99 €","1,00 €/L"
Miolo de avelã,PorSi,Embalagem de 200 g,"1,39 €","6,95 €/Kg"
Fralda Activity T3 - 6 a 10 kg,Dodot,66 unidades,"6,49 €","6,49 €/Unidade"
Lambrusco tinto,Sorbello,Garrafa de 0.75 l,"2,09 €","2,79 €/L"
Snack gato sticks carne 6x5g porsi,PorSi,Embalagem de 30g,"0,99 €","16,50 €/Kg"
Lixívia com detergente,PorSi,Embalagem de 2 l,"1,09 €","0,55 €/L"
Pudim de chocolate,Boca Doce,Embalagem de 20g,"0,47 €","23,50 €/Kg"
Chourição,PorSi,"Vendido ao peso, fatiado a partir de 100 gr","0,95 €","9,49 €/Kg"
Adoçante em pó stevia,PorSi Viva Bem,Embalagem de 17g,"5,99 €","23,96 €/Kg"
Ambientador gel marinho,PorSi,150 g,"0,79 €","5,27 €/Kg"
Cola universal,Uhu,Embalagem de 20 ml,"2,19 €","109,50 €/L"
Cerveja sem álcool,Cheers,Pack 6 x 0.33 l,"5,99 €","3,03 €/L"
Condicionador cabelos loiros,Ultra Suave,Embalagem de 200 ml,"1,00 €","5,00 €/L"
Gelatina pronta a comer light 10 kcal morango,Royal,Embalagem de 4 x 100 g,"0,85 €","2,13 €/Kg"
Azeite virgem extra dop moura,PorSi Select,Embalagem de 0.75L,"3,19 €","4,25 €/L"
Iogurte para bebé frutas variadas,Nestle,Embalagem de 4 x 100 g,"2,89 €","7,23 €/Kg"
Tablete de chocolate culinário negro,PorSi,Embalagem de 200 g,"1,79 €","8,95 €/Kg"
Mistura de sementes,PorSi Viva Bem,Embalagem de 200 g,"1,59 €","10,60 €/Kg"
20 saquetas chá digestão fácil,Lipton,Embalagem de 30g,"0,99 €","26,76 €/Kg"
"Salsichas em frasco bockwurst, 5 un",Izidoro,Embalagem de 250g,"0,75 €","3,75 €/Kg"
Cevada solúvel,PorSi,Embalagem de 200g,"2,29 €","11,45 €/Kg"
Água s/ gás,Luso,"Garrafa de 5,4 l","1,04 €","0,17 €/L"
Farinha para bolos fina,Branca de Neve,Embalagem de 1 kg,"1,99 €","1,99 €/Kg"
"Luvas multiusos relevo antiderrapante, tamanho peque...",PorSi,Embalagem de 1 unidades,"0,69 €","0,69 €/Unidade"
Sumo essencial manga,Compal,pack 3 x 0.11 l,"2,09 €","6,33 €/L"
Mortadela mini,PorSi,Embalagem de 350g,"1,05 €","6,99 €/Kg"
Areia para gatos mineral perfumada,PorSi,Embalagem de 5 kg,"0,42 €/Kg","0,42 €/Kg"
Chourição,Salsicharia Limiana,1 un = 100 gr (aprox.),"0,95 €","9,49 €/Kg"
Água c/ Gás Ananás,Frize,pack 4 x 0.25 l,"2,85 €","2,85 €/L"
Leite com chocolate,PorSi,Embalagem de 200 ml,"0,26 €","1,30 €/L"
Crackers s/ sal superficie,GRAN PAVES,Embalagem de 560g,"0,39 €","3,12 €/Kg"
Termo ultra dreno-volume,PLANTANATU,Garrafa de 500 ml,"6,59 €","6,59 €/Unidade"
Xarope grenadine,Paquito,Garrafa de 750 ml,"4,79 €","6,47 €/L"
Esparguete,PorSi,Embalagem de 1 kg,"0,89 €","1,78 €/Kg"
Azeite virgem extra reserva,Gallo,Garrafa de 750 ml,"3,19 €","4,25 €/L"
Mel de néctar multifloral bio,PorSi Bio,Frasco de 250g,"4,89 €","9,78 €/Kg"
Água sem gás,Vitalis,Garrafa de 0.5 l,"1,04 €","0,17 €/L"
Croissants brioche,s. tomé,Embalagem de 200 g,"1,09 €","3,63 €/Kg"
Café em grão,Delta,Embalagem de 250g,"9,16 €/Kg","9,16 €/Kg"
Palitos super finos,PorSi,Embalagem de 85 unidades,"1,29 €","1,29 €/Unidade"
Tostas suecas de trigo,PorSi,Embalagem de 225 g,"2,39 €","6,83 €/Kg"
Doce light alperce,PorSi,Embalagem de 340g,"1,39 €","4,09 €/Kg"
Bochechas,Porco,1 un = 150 gr (aprox.),"4,38 €","4,38 €/Kg"
Leite uht meio gordo,PorSi,Embalagem com rosca de 1 l,"0,78 €","0,78 €/L"
Batata frita caseira,PorSi,Embalagem de 180g,"0,87 €","5,44 €/Kg"
Aperitivo de amendoins tostados forno,Matutano,Embalagem de 120g,"0,99 €","3,30 €/Kg"
Bolacha digestiva de aveia/chocolate,Gullon,Embalagem de 430g,"0,98 €","3,27 €/Kg"
Soja nacos,PorSi Viva Bem,Embalagem de 400 g,"2,09 €","8,36 €/Kg"
Brócolos congelados,PorSi,Embalagem de 1 kg,"1,89 €","1,89 €/Kg"
Lima-limao zero,PorSi,Garrafa de 1.5 l,"0,40 €/L","0,40 €/L"
Crescido Asa Branca,Bacalhau da Noruega,1 un=1.5 Kg (aprox.),"8,73 €/Kg","8,73 €/Kg"
Água com gás natural pet,P.salgadas,pack 6 x 0.33 l,"2,85 €","2,85 €/L"
Néctar ananás,PorSi,Pack 3 x 200 ml,"0,99 €","0,99 €/L"
Vinho do Porto Branco,Velhotes,"Garrafa de 0,75 l","11,99 €","15,99 €/L"
Sal cristal,PorSi,embalagem de 1 kg,"0,25 €","0,25 €/Kg"
Lenços de bolso folha tripla,PorSi,9 x 30 unidades,"1,64 €","1,64 €/Unidade"
Vinho rosé,Mateus,Garrafa de 750 ml,"4,29 €","5,72 €/L"
Desodorizante spray invisible dry,Dove,Embalagem de 150 ml,"2,99 €","59,80 €/L"
Vinho branco bag-in-box,Capataz,Embalagem de 5 l,"5,19 €","1,04 €/L"
Spray renova camurça castanha,PorSi,Embalagem de 200 ml,"2,89 €","14,45 €/L"
Refresco em pó de laranja,Tang,Embalagem de 30g,"0,75 €","18,75 €/Kg"
Faneca,Peixe do Dia,"Vendido ao peso, 1 un = 500 g (aprox.)","6,49 €/Kg","6,49 €/Kg"
Spray elimina odores do calçado,PorSi,embalagem de 100 ml,"1,49 €","1,49 €/Unidade"
Maionese top down,Hellmman's,Embalagem de 238 g,"0,70 €","2,33 €/Kg"
Lipton limão zero pet,Lipton,Garrafa de 2 l,"1,14 €","0,76 €/L"
Leite condensado magro,Nestle,Embalagem de 390g,"1,09 €","2,75 €/Kg"
Arroz carolino,PorSi,Embalagem de 1 kg,"0,99 €","0,99 €/Kg"
"Chave Umbrako, conjunto 10 peças",Itools,1 unidade,"5,39 €","5,39 €/Unidade"
Manjericão,PorSi,50 g,"0,99 €","19,80 €/Kg"
Feijão encarnado,PorSi,Embalagem de 820 g,"1,79 €","2,29 €/Kg"
Creme de corpo exfoliante,Labell,Embalagem de 150 ml,"6,79 €","33,95 €/L"
Marmelada com frutose,PorSi Viva Bem,Embalagem de 400g,"1,09 €","2,42 €/Kg"
Gelatina de morango,PorSi,Embalagem de 170g,"0,55 €","61,11 €/Kg"
Iogurte activia líquido morango,Danone,Embalagem de 4 x 155 g,"2,79 €","6,07 €/Kg"
Rebuçados fruta,PorSi,Embalagem de 250g,"1,19 €","4,76 €/Kg"
Iogurte líquido infantil morango e banana,PorSi,Pack 6 x 100 g,"4,23 €/Kg","4,23 €/Kg"
Super Cola 3 Precisão C/ 50% Grátis,Loctite,7.5 g,"2,79 €","93,00 €/Kg"
Pudim Rico em Proteína de Baunilha,Ehrmann,Embalagem de 200g,"0,99 €","1,65 €/Kg"
Amêijoa Branca Congelada,*,Vendido ao peso a partir de 200 g,"3,25 €","12,99 €/Kg"
"Chave de Fenda Cabo Bimat, 3.0x75mm",Itools,1 unidade,"5,39 €","5,39 €/Unidade"
Aditivo gasolina sem chumbo,Redex,Embalagem de 250 ml,"4,99 €","19,96 €/L"
Bolachas com recheio baunilha,PorSi,Embalagem de 500g,"2,15 €","2,87 €/Kg"
Batata branca para assar,*,Vendido ao peso,"1,19 €","1,19 €/Kg"
Iogurte líquido danonino morango,Danone,Embalagem de 4 x 100 g,"4,23 €/Kg","4,23 €/Kg"
"Limpa vidros, azul",PorSi,Embalagem de 5 l,"3,99 €","0,80 €/L"
Rolo de Cozinha Multi,Renova,4 Rolos,"1,69 €","1,69 €/Unidade"
Palmiers,PorSi,Embalagem de 720 g,"1,69 €","6,76 €/Kg"
"Vinho branco região da península de setúbal, bag in ...",Dom Campos,Garrafa de 5 l,"9,49 €","1,90 €/L"
Vinho tinto doc dão,Cabriz,Garrafa de 0.75 l,"9,49 €","12,65 €/L"
Tablete de chocolate culinário branco,PorSi,Embalagem de 180 g,"1,79 €","8,95 €/Kg"
Piscina familiar,Bestway,Dim.: 262x157x46 cm,"32,99 €","32,99 €/Unidade"
Desodorizante bio chá verde,Nivea,50 ml,"2,99 €","59,80 €/L"
Toalhitas limpa vidros,Cif,20 unidades,"3,19 €","6,38 €/L"
Tequila,On Off,Garrafa de 70 cl,"11,99 €","11,99 €/L"
Preparado para arroz de marisco,Brasmar,Embalagem de 450 g,"1,91 €","4,78 €/Kg"
Spray de lavagem a seco denim,Day 2,200 ml,"1,09 €","2,73 €/Kg"
Tira gorduras dia a dia,Mistolin,Garrafa de 750 ml,"1,29 €","1,72 €/L"
Chupas Party Mix,PorSi,150 g,"1,54 €","10,27 €/Kg"
"Borracha Technic, 600",Maped,embalagem com 2 unidades,"1,49 €","1,49 €/Unidade"
"Hamburgers de porco, 4x80g",PorSi,Embalagem de 320 g,"2,34 €","7,31 €/Kg"
Creme Depilatório Men Peles Sensíveis,Veet,Embalagem de 200 ml,"6,99 €","6,99 €/Unidade"
Peito de frango,Salsicharia Limiana,"Vendido ao peso, fatiado","1,44 €","9,59 €/Kg"
Sobremesa danette duo baunilha e chocolate,Danone,Embalagem de 4 x 125 ml,"0,99 €","1,65 €/Kg"
Café moagem normal: original,Buondi,Embalagem de 220g,"9,76 €/Kg","9,76 €/Kg"
Acetona,PorSi,Embalagem de 60 ml,"0,89 €","14,83 €/L"
Pasta dentífrica menta fresca,Aquafresh,Embalagem de 75 ml,"2,39 €","31,87 €/L"
Café solúvel + cereais,Delta,Embalagem de 200 g,"1,14 €","57,00 €/Kg"
Spray desinfetante multiusos,Lysol,Embalagem de 500 ml,"5,99 €","11,98 €/L"
Clara liquida pasteurizado,Dovo,Embalagem de 320 ml,"2,05 €/Unidade","2,05 €/Unidade"
Batata pom'duchesse,PorSi,Embalagem de 600g,"2,39 €","3,98 €/Kg"
Estojo Redondo Teckl,Domédia,1 unidade,"21,90 €","21,90 €/Unidade"
Super Cola para Madeira,Vito,1 unidade,"2,79 €","93,00 €/Kg"
Danacol natural,Danone,Embalagem de 6 x 100 g,"4,15 €/Kg","4,15 €/Kg"
Detergente manual de roupa,Omo,Embalagem de 540g,"1,09 €","2,73 €/Kg"
Romã,Fruta da Época,1 un = 250 gr  (aprox.),"1,89 €/Kg","1,89 €/Kg"
Azeite Virgem Extra Clássico,Gallo,Garrafa de 2 l,"3,19 €","4,25 €/L"
Papa infantil não láctea 8 cereais e mel +6 meses,Cerelac,Embalagem de 250g,"4,49 €","4,49 €/Kg"
Vinho verde branco,Aveleda,Garrafa de 750 ml,"3,09 €","3,09 €/L"
Cereais estrelitas,Nestle,Embalagem de 550g,"5,07 €/Kg","5,07 €/Kg"
Toalhitas para bebé melão,PorSi,Embalagem de 60 unidades,"1,09 €/Unidade","1,09 €/Unidade"
Amendoim com Casca,PorSi,Embalagem de 500g,"1,39 €","6,95 €/Kg"
Nestum flocos de cereais integrais,Nestum,Embalagem de 250g,"2,19 €","8,76 €/Kg"
Café torrado lote chávena saco,Delta,Embalagem de 250g,"9,16 €/Kg","9,16 €/Kg"
"Salsichas bockwurst em frasco, 8 unidades",Izidoro,Embalagem de 400g,"0,75 €","3,75 €/Kg"
Lava tudo brilhante madeiras,PorSi,Embalagem de 1.1 litros,"0,99 €","0,50 €/L"
Néctar de pêssego,PorSi,Pack 3 x 200 ml,"0,99 €","0,99 €/L"
Sobremesa gelatina de ananás,PorSi,Embalagem 4X100G,"0,85 €","2,13 €/Kg"
Pescada 4 África do Sul Posta p/ Fritar,Peixe Congelado Higienizado,Vendido ao peso,"1,20 €","7,99 €/Kg"
Caixa de arrumação reciclada,PorSi,20 litros,"5,24 €","5,24 €/Unidade"
Barras de cereais com chocolate preto,PorSi,6 x 23 g,"1,29 €","10,24 €/Kg"
Queijo mozzarella ralado,PorSi,Embalagem de 200 g,"7,45 €/Kg","7,45 €/Kg"
Toalhitas Limpeza Aquas,Kandoo,Embalagem c/ 50 un.,"1,09 €/Unidade","1,09 €/Unidade"
"Limpa móveis pistola, multissuperfícies",Pronto,Embalagem de 500 ml,"5,99 €","11,98 €/L"
Rebuçados drops recheio de fruta,PorSi,Embalagem de 250g,"1,19 €","4,76 €/Kg"
Paté Fígado Porco c/ Vinho do Porto,PorSi,75 g,"1,05 €","6,99 €/Kg"
Caldeirada de peixe ultracongelada,Brasmar,Embalagem de 700g,"1,91 €","4,78 €/Kg"
Nestum Mel,Nestlé,Embalagem de 3x300g,"4,49 €","4,49 €/Kg"
"Vinho doc loureiro, verde",Selecção de Enófilos,Garrafa de 0.75 l,"3,09 €","3,09 €/L"
Guitarra,Panda,1 un.,"12,99 €/Unidade","12,99 €/Unidade"
Camarão cozido 60/95,PorSi,Vendido ao peso a partir de 500 g,"3,25 €","12,99 €/Kg"
Desodorizante roll-on protect,Narta men,Embalagem de 50 ml,"2,99 €","59,80 €/L"
Spray casa de banho brilhante,Sonasol,Embalagem de 500 ml,"0,99 €","0,50 €/L"
Kit mopa + 20 recargas,PorSi,Embalagem de 1 unidades,"9,99 €","9,99 €/Unidade"
Mignonnettes Leite,Cote D'or,Embalagem de 240 g,"5,30 €/Kg","5,30 €/Kg"
Feijão branco,Compal,Lata de 410 ml,"1,79 €","2,29 €/Kg"
"Toalhitas intimas, 20 unidades",Labell,Uma embalagem,"2,19 €","2,19 €/Unidade"
Massa quebrada margarina,PorSi,Embalagem de 230 g,"2,20 €","5,50 €/Kg"
"Refeição pronta, boião de legumes e vitela",Bledina,Embalagem de 200g,"3,88 €","9,70 €/Kg"
Papel higiénico reciclado 2 folhas,PorSi,12 rolos,"1,99 €","1,99 €/Unidade"
Tarteletes com recheio morango,PorSi,Embalagem de 96g,"1,49 €","9,68 €/Kg"
Vela em número nº4,PorSi,1 unidade,"0,80 €","0,80 €/Unidade"
Miolo berbigão,PorSi,Embalagem de 250g,"6,99 €","27,96 €/Kg"
Azeitona verde inteira com alho,PorSi,Vendido ao peso a partir de 500 g,"1,00 €","3,99 €/Kg"
Spray óleo amêndoas doces,Hidro,Embalagem de 100 ml,"1,69 €","1,69 €/Unidade"
Chispalhada,PorSi,Embalagem de 420 g,"2,49 €","12,97 €/Kg"
Robalo de Viveiro,Programa Origens,1 un= 400 gr (aprox.),"6,49 €/Kg","6,49 €/Kg"
Leite pastagem uht terra nostra inteiro,Terra Nostra,Garrafa de 1 l,"1,19 €","1,19 €/L"
Caderno Agrafado Capa Preta |A5 Liso,Domédia,1 unidade,"5,79 €","5,79 €/Unidade"
"Iogurte pedaços, frutimax muesli",PorSi,Embalagem de 4 x 125 g,"4,36 €","2,18 €/Kg"
Doce morango 284g,ST.DALFOUR,Frasco de 284g,"2,19 €","9,95 €/Kg"
Cocktail melão,Bar Royal,Garrafa de 750 ml,"11,99 €","11,99 €/L"
Queijo fresco ligth,PorSi,Embalagem de 4 x 62.5 g,"2,39 €","19,92 €/Kg"
Queijo fatias -50% gordura,Terra Nostra,Embalagem de 400g,"2,39 €","19,92 €/Kg"
Pasta dentífrica herbal,Colgate,Embalagem de 75 ml,"2,39 €","31,87 €/L"
Castanhas,PorSi,Embalagem de 500G,"3,29 €","4,39 €/Kg"
Ananás rodelas em sumo,PorSi,Embalagem de 3 x 220 g,"1,99 €","2,37 €/Kg"
Bebida láctea crescimento c/ bolacha maria,Nestle,Embalagem de 1 litro,"0,26 €","1,30 €/L"
Escorrega para água,Bestway,"Dim.: 4,88 m","32,99 €","32,99 €/Unidade"
Bacalhau espiritual,PorSi,Embalagem de 300g,"1,91 €","4,78 €/Kg"
Açúcar areado amarelo,Rar,Embalagem de 1kg,"1,49 €","1,49 €/Kg"
Toalhitas limpa moveis,PorSi,Embalagem de 24 unidades,"1,39 €","1,26 €/L"
Mistura sol sem café granulado,PorSi,Embalagem de 200g,"2,29 €","11,45 €/Kg"
Shampô azul concentrado,PorSi,Embalagem de 1 l,"3,99 €","0,80 €/L"
Lenços Bolso Colletion,Kleenex,Pack 15 unidades,"1,64 €","1,64 €/Unidade"
Diospiro de roer persimon | categoria: II,Fruta da Época,1 un = 250 gr  (aprox.),"1,89 €/Kg","1,89 €/Kg"
"Presunto Metades, 6 meses de cura",PorSi,"Vendido ao peso, fatiado a partir de 100 gr","1,27 €","12,69 €/Kg"
Farinha de milho 500g,ESPIGA,Embalagem de 500g,"1,99 €","1,99 €/Kg"
Alho-francês,PorSi,Embalagem de 750 g,"1,89 €","1,89 €/Kg"
Vinho regional península de setúbal branco,J.m.f.,Garrafa de 750 ml,"4,99 €","6,65 €/L"
Iogurte activia líquido cereais,Danone,Embalagem de 4 x 155 g,"2,79 €","6,07 €/Kg"
Ice tea de limão,PorSi,"Embalagem de 1,5 l","1,14 €","0,76 €/L"
Néctar vital equilibrio manga/laranja,Compal,Embalagem de 1 l,"1,59 €","1,59 €/L"
Vinho rosé,Gatão,Garrafa de 0.75 l,"4,29 €","5,72 €/L"
Atum posta em óleo,General,Embalagem de 110g,"9,08 €/Kg","9,08 €/Kg"
Entremeada Novilho,Novilho,1 un=150 gr (aprox),"6,20 €","7,75 €/Kg"
Chocolate culinário 70% cacau,Pantagruel,Embalagem de 200g,"1,79 €","8,95 €/Kg"
Rebuçados peitorais,Dr.bayard,Embalagem de 100g,"0,77 €","3,85 €/Kg"
Barras de cereais forma clássica,PorSi,Embalagem de 126g,"1,29 €","10,24 €/Kg"
Barras fitness natural 141g,Nestle,Embalagem de 140g,"1,29 €","10,24 €/Kg"
Moscatel favaios,Favaios,Garrafa de 750 ml,"5,99 €","7,99 €/L"
Queijo de vaca curado amanteigado,PorSi,+/- 550 g,"3,35 €","13,39 €/Kg"
Sementes de abóbora,Cemporcent,Embalagem de 150g,"2,29 €","15,27 €/Kg"
Cereais recheados com chocolate e avelã,PorSi,Embalagem de 400g,"5,07 €/Kg","5,07 €/Kg"
Bolachas com recheio de chocolate,PorSi,Embalagem de 500g,"2,15 €","2,87 €/Kg"
Manteiga magra,PorSi,Embalagem de 250g,"1,69 €","6,76 €/Kg"
Natas para café,President,Embalagem de 10X10G,"0,75 €","3,75 €/L"
Café solúvel sem cafeína,Nescafe,Embalagem de 20g,"1,14 €","57,00 €/Kg"
Snack bio base de milho e aveia c/ amendoim,Gerber,Embalagem de 35g,"3,88 €","9,70 €/Kg"
Detergente Líquido Máquina Roupa Lavanda,Xau,Embalagem com 62 doses,"8,69 €","1,84 €/Kg"
"Acendalha branca, 32 cubos",PorSi,Uma embalagem,"0,75 €","0,75 €/Unidade"
Café solúvel gold,PorSi Select,Embalagem 100G,"1,14 €","57,00 €/Kg"
Bolacha vitalday frutos vermelhos,Gullon,Embalagem de 240g,"2,82 €","9,40 €/Kg"
Creme vegetal para culinária,PorSi,Embalagem de 1 kg,"2,89 €","2,89 €/Kg"
Kinder delice cacau,Kinder,Embalagem de 400g,"2,69 €","12,81 €/Kg"
Cereais cookie crisp,Nestle,Embalagem de 380g,"5,07 €/Kg","5,07 €/Kg"
Rebuçados mentho-lyus sem açúcar,Halls,Embalagem de 31 g,"0,77 €","3,85 €/Kg"
Vermute bianco,Martini,Garrafa de 0.75 l,"10,65 €/L","10,65 €/L"
Azeite Virgem,Oliveira da Serra,Embalagem de 750 ml,"3,19 €","4,25 €/L"
Baguete de alho,Panike,Embalagem de 350g,"3,40 €/Kg","3,40 €/Kg"
"Coloração permanente, preto nº10",Nutrisse,1 unidade,"9,49 €/Unidade","9,49 €/Unidade"
Cerveja c/ álcool radler,Sagres,pack 6 x 0.33 l,"1,99 €/L","1,99 €/L"
Manteiga c/sal,Terra Nostra,Embalagem de 250g,"1,69 €","6,76 €/Kg"
Champô Anti-Caspa,Pantene,360 ml,"3,34 €","8,35 €/L"
Mix do Bosque,Fruta Embalada,Embalagem com 175 gr,"3,29 €","18,80 €/Kg"
Vinagre de vinho tinto,Cristal,Garrafa de 500 ml,"0,35 €","0,70 €/L"
10 cápsulas café qanela,Delta Q,Embalagem de 60g,"59,82 €/Kg","59,82 €/Kg"
"Paezinhos azeite, alho e salsa",PorSi,Embalagem de 160g,"2,39 €","6,83 €/Kg"
Caldo carne 16 cubos,Knorr,Embalagem de 160g,"0,99 €","1,98 €/Kg"
Leite condensado cozido,PorSi,Embalagem de 397 g,"1,09 €","2,75 €/Kg"
Bacon Extra Nacos,Porminho,200 g,"13,45 €/Kg","13,45 €/Kg"
Óleo 15w40,PorSi,Embalagem de 5 l,"25,99 €","5,20 €/L"
Deo Roll On Protect & Care,Nivea,50 ml,"2,99 €","59,80 €/L"
"Azeitona Maçanilha retalhada com azeite, alho e orég...",PorSi,Vendido ao peso a partir de 500 g,"1,00 €","3,99 €/Kg"
Lixívia Roupa delicada,PorSi,Embalagem de 2 l,"2,19 €","1,10 €/L"
"Spray optimal 7, multiusos",Ajax,Embalagem de 600 ml,"5,99 €","11,98 €/L"
Leite creme,Royal,Embalagem de 90g,"0,79 €","5,27 €/Kg"
Vela em número nº9,PorSi,1 unidade,"0,80 €","0,80 €/Unidade"
"Sumo 100%, laranja",PorSi,"Embalagem de 1,5 l","1,09 €","0,73 €/L"
10 salsichas de porco em lata,PorSi,Embalagem de 250G,"0,75 €","3,75 €/Kg"
Leite e cereais bolacha maria +6 meses,Cerelac,Garrafa de 400 ml,"4,49 €","4,49 €/Kg"
Bolacha waffer bites avelã,Waferland,Embalagem de 125g,"0,98 €","4,67 €/Kg"
Café solúvel descafeinado,PorSi,Embalagem de 100G,"1,14 €","57,00 €/Kg"
12 douradinhos forníssimo,Capitão Iglo,Embalagem de 300g,"9,30 €/Kg","9,30 €/Kg"
Espuma de barbear para peles sensíveis,Labell Men,Embalagem de 250 ml,"1,16 €","4,64 €/L"
Mistolin advanced anticalcário,Mistolin,Garrafa de 500 ml,"1,79 €","2,39 €/L"
"Pera em metades, lata",PorSi,Embalagem de 420 g,"1,99 €","2,37 €/Kg"
"Vela em número, nº 6",PorSi,1 unidade,"0,80 €","0,80 €/Unidade"
Macarronete Massa Com Vegetais,Nacional,Embalagem de 500g,"0,89 €","1,78 €/Kg"
Tomate coração de boi categoria: II,*,Vendido ao peso,"0,55 €","2,19 €/Kg"
Bolacha de milho sem sal bio,Cemporcent,Embalagem de 110g,"1,45 €","11,15 €/Kg"
"Desodorizante spray, Lys e Aloe Vera",Labell,Embalagem de 200 ml,"2,99 €","59,80 €/L"
Sangria branca,PorSi,Garrafa de 1.5 litros,"2,39 €","1,59 €/L"
Faca de pão,Quittin,20 cm,"3,59 €","3,59 €/Unidade"
Chouriço com feijão,Nobre,Embalagem de 420g,"2,49 €","12,97 €/Kg"
Salsichão fuet nobreza,Elpozo,Embalagem de 200 g,"0,95 €","9,49 €/Kg"
Alimento seco p/ cão alta energia c/ frango,HappyOne,Embalagem de 4 kg,"1,15 €/Kg","1,15 €/Kg"
Resguardos de cama,PorSi,20 unidades de 60 x 90 cm,"6,99 €","6,99 €/Unidade"
Farinha s/ fermento tipo 65,ESPIGA,Embalagem de 1 kg,"1,99 €","1,99 €/Kg"
Spray para vidros,PorSi,750 ml,"3,19 €","6,38 €/L"
Milho tenro e doce,Bonduelle,Embalagem de 300 g,"1,79 €","2,29 €/Kg"
Coelho Inteiro Programa Origens,PorSi,1 un = 1 kg (aprox.),"1,40 €","3,99 €/Kg"
"Inseticída, vaporizador, extra gt",Biokill,Garrafa de 380 ml,"5,69 €","15,17 €/L"
Sopa de cozido,Knorr,Embalagem de 70g,"0,84 €","13,55 €/Kg"
Sopa de cebola económica,Knorr,Embalagem de 50g,"0,84 €","13,55 €/Kg"
Spray desinfetante cozinha,Lysol,Embalagem de 500 ml,"1,29 €","1,72 €/L"
Fralda Cueca Tamanho 4,Dodot,Embalagem de 34 un.,"4,59 €","4,59 €/Unidade"
Água mineral sem gás,Serra de Fafe,Embalagem de 6x0.5l,"1,04 €","0,17 €/L"
Mistura solúvel brasa,Nestle,Embalagem de 200g,"2,29 €","11,45 €/Kg"
"Sacos para sandes, 100 unidades",PorSi,1 embalagem,"0,69 €","0,69 €/Unidade"
Camarão tigre 10/15 congelado,Nossa seleção,Vendido ao peso,"3,25 €","12,99 €/Kg"
Mortadela fatiada com azeitonas,PorSi,Embalagem de 200 g,"1,05 €","6,99 €/Kg"
"Creme de noite, age perfect",L'oreal,Embalagem de 50 ml,"2,69 €","53,80 €/L"
Bloco Sanitário Sólido Poder Activo Pinho,Sonasol,Embalagem de 2x50 g,"39,60 €/Kg","39,60 €/Kg"
Creme abrasivo limão,Cif,Garrafa de 700 ml,"0,99 €","1,32 €/L"
Vela mágica pack de 10 unidades,PorSi,Uma embalagem,"0,80 €","0,80 €/Unidade"
Pensos higiénicos liberty normal abas,Evax,Embalagem com 12 un.,"4,99 €","4,99 €/Unidade"
Bolachas digestive aveia e laranja,Gullon,Embalagem de 430g,"0,98 €","3,27 €/Kg"
Vinho verde,Felgueiras,Garrafa de 0.75 l,"3,09 €","3,09 €/L"
Iogurte activia líquido 0% lima/limão,Danone,Embalagem de 4 x 155 g,"2,79 €","6,07 €/Kg"
Cevada solúvel,Delta,Embalagem de 200 g,"1,14 €","57,00 €/Kg"
Batata pré-frita rodelas para saltear,PorSi,Embalagem de 1 kg,"2,39 €","3,98 €/Kg"
Adoçante em pó stevia,PorSi Viva Bem,Embalagem de 250 g,"5,99 €","23,96 €/Kg"
Arroz vaporizado,Cigala,Embalagem de 1 kg,"0,99 €","0,99 €/Kg"
20 saquetas chá de frutos silvestres,Lipton,Embalagem de 30g,"58,00 €/Kg","58,00 €/Kg"
Espinafres salteado com alho,PorSi,Embalagem de 750g,"1,89 €","1,89 €/Kg"
Massa meada,PorSi,Embalagem de 500g,"0,89 €","1,78 €/Kg"
Tablete de chocolate culinário 70% negro,PorSi,Embalagem de 200 g,"1,79 €","8,95 €/Kg"
Rolo cozinha branco 3 folhas,PorSi,3 rolos,"1,69 €","1,69 €/Unidade"
Atum posta ao natural,Bom petisc,Embalagem de 120 g,"9,08 €/Kg","9,08 €/Kg"
Pantagruel leite caramelo (10x),Pantagruel,Embalagem de 200g,"1,79 €","8,95 €/Kg"
Bolachas cream cracker,PorSi,Embalagem de 600g,"0,39 €","3,12 €/Kg"
"Queijo light, mini",Babybel,Embalagem de 120g,"2,39 €","19,92 €/Kg"
Gomas tijolos ácidos,PorSi,Embalagem de 300 g,"1,19 €","3,97 €/Kg"
Mimosa bem especial leite e amêndoa,Mimosa,Embalagem de 1 litro,"2,19 €","2,19 €/L"
Sopa da pedra,PorSi,Embalagem de 420 g,"2,49 €","12,97 €/Kg"
Adoçante com doseador,PorSi,Embalagem de 66g,"5,99 €","23,96 €/Kg"
Bacalhau Graúdo Boa Pesca,PorSi,"Vendido ao peso, 1 un= 2.5 kg (aprox.)","8,73 €/Kg","8,73 €/Kg"
Halls vita c morango sem açúcar,Halls,Embalagem de 32 g,"0,77 €","3,85 €/Kg"
Refrigerante com gás guaraná,Antartica,"Garrafa de 1,5 l","0,40 €/L","0,40 €/L"
Comida húmida para gato júnior,PorSi,Embalagem de 4 x 100 g,"3,59 €","2,99 €/Kg"
Água s/ gás,Fastio,Garrafa de 1 l,"1,04 €","0,17 €/L"
Flocos de batata para puré,PorSi,Embalagem de 500g,"1,89 €","1,89 €/Kg"
Smarties mini chocolate,SMARTIES,Embalagem de 187g,"11,98 €/Kg","11,98 €/Kg"
"Inseticida líquido, elétrico, apa",Raid,Embalagem de 21 ml,"9,89 €","274,72 €/L"
Chá infusão sene,Cemporcent,Embalagem de 13g,"0,89 €","44,50 €/Kg"
Bombom coração original,Regina,Embalagem de 90g,"29,16 €/Kg","29,16 €/Kg"
Refeição Bio Puré de Ervilhas c/ batata e frango,Gerber,Embalagem de 190g,"3,88 €","9,70 €/Kg"
Detergente líquido máquina de lavar roupa cores escu...,Woolite,56 doses,"8,69 €","1,84 €/Kg"
Creme Depilatório Peles Normais,Veet,Embalagem de 200 ml,"10,49 €","69,93 €/L"
Verdinhos Grandes,Peixe do Dia,1 un= 100 gr (aprox.),"6,49 €/Kg","6,49 €/Kg"
Gel Casa de Banho com Lixívia,Ajax,Embalagem de 1L,"1,99 €","1,99 €/L"
Mistolin tira gorduras desinfetante,Mistolin,Garrafa de 550 ml,"1,79 €","2,39 €/L"
Bolachas choco mini estrelas,Milka,Embalagem de 190g,"2,15 €","2,87 €/Kg"
Leite Meio Gordo sem Lactose,Mimosa,Pack 4 x 200 ml,"0,78 €","0,78 €/L"
Sumo concentrado de laranja/maracujá,GUD,Garrafa de 740 ml,"4,79 €","6,47 €/L"
Vinho branco frisante,Cacho Fresco,Garrafa de 0.75 l,"2,09 €","2,79 €/L"
Gin Beefeater Light,Beefeater,"Garrafa de 0,70 l","14,99 €","21,41 €/L"
Hamburguers de bovino,PorSi,Embalagem de 1 kg,"2,34 €","7,31 €/Kg"
Salsichas de porco,Nobre,Lata de 250g,"0,75 €","3,75 €/Kg"
Natas uht com cogumelos,Parmalat,Embalagem de 200 ml,"0,75 €","3,75 €/L"
Vinagre de sidra pet,Paladin,Garrafa de 500 ml,"0,35 €","0,70 €/L"
Desodorizante roll-on Invisible,Rexona,Embalagem de 50ml,"4,49 €","89,80 €/L"
Parque aquático,Bestway,Dim.: 228 x 206 cm,"32,99 €","32,99 €/Unidade"
5 folhas de gelatina incolor,PorSi,Embalagem de 9 g,"0,55 €","61,11 €/Kg"
Chocolate culinário,Nestle,Embalagem de 200g,"1,79 €","8,95 €/Kg"
Caldo de galinha 8 cubos,Knorr,Embalagem de 80g,"0,99 €","1,98 €/Kg"
Snacks crocantes com bacon,PorSi,Embalagem de 60g,"0,99 €","3,30 €/Kg"
Biscoitos de cacau,PorSi,Embalagem de 750g,"0,69 €","3,45 €/Kg"
Queijo fresco magro,Santiago,Embalagem de 200g,"1,09 €","5,45 €/Kg"
Lava tudo brilhante madeiras,PorSi,Embalagem de 1.1 litros,"1,39 €","1,26 €/L"
Rissóis de leitão,*,,"0,04 €","0,70 €/Kg"
Torta natas com cobertura de cacau,PorSi,Embalagem de 300g,"2,69 €","12,81 €/Kg"
Macchiato café arábica,PorSi,250 ml,"3,19 €","25,52 €/Kg"
Mel em frasco de vidro,Jorge v.f.,Embalagem de 500g,"4,89 €","9,78 €/Kg"
Bebida de soja de amêndoa,Alpro,Embalagem de 1 litro,"2,49 €","2,49 €/L"
Fio dentario 50m,Colgate,1 unidade,"3,49 €","3,49 €/Unidade"
Vinho doc alentejo tinto,T.bolotas,Garrafa de 0.75 l,"2,89 €","3,85 €/L"
Sumo 100% maçã e frutos vermelhos,Compal,1 litro,"1,09 €","0,73 €/L"
Pudim caramelo,PorSi,Embalagem de 90g,"0,47 €","23,50 €/Kg"
Mistura solúvel tofina despertar,Nestle,Embalagem de 200g,"2,29 €","11,45 €/Kg"
Nutripuffs de banana 8 meses s/ açúcar,Cerelac,Embalagem de 7g,"0,74 €","8,22 €/Kg"
Bolachas Rosquilhas,Cuetara,Embalagem de 300g,"1,69 €","6,76 €/Kg"
"Toalhitas Higiénicas Adulto, 64unidades",Labell,Uma embalagem,"6,79 €","33,95 €/L"
Moscatel do Douro,Selecção de Enófilos,"Garrafa de 0,75 l","5,99 €","7,99 €/L"
Lasanha de Bacalhau,*,Vendido ao peso,"3,99 €","3,99 €/Kg"
Iogurte danacol de morango,Danone,Embalagem de 12 x 100 g,"4,15 €/Kg","4,15 €/Kg"
Água mineral sem gás,Serra de Fafe,"Embalagem de 6x0,33 l","1,04 €","0,17 €/L"
Cubos pão trigo tostado,PorSi,Embalagem de 150g,"2,39 €","6,83 €/Kg"
Levedura de cerveja,Cemporcent,Embalagem de 150g,"2,29 €","15,27 €/Kg"
Bollycao,Bollycao,Embalagem de 2 unidades,"2,69 €","12,81 €/Kg"
Esparguete integral,Cemporcent,Embalagem de 500g,"1,94 €","3,88 €/Kg"
Maçã Royal Gala 70/75,Programa Origens,1 un = 150 gr (aprox.),"0,23 €","1,29 €/Kg"
Molho bechamel,PorSi,Embalagem de 500 ml,"0,75 €","3,75 €/L"
Plantanatur slim rapid 30 comprimidos,PLANTANATU,Embalagem de 1 unidades,"6,59 €","6,59 €/Unidade"
Leite especial cálcio + vitamina d m/g,Mimosa,Garrafa de 1 l,"1,29 €","1,29 €/L"
"Coloração permanente, louro claro, nº80",Nutrisse,1 unidade,"9,49 €/Unidade","9,49 €/Unidade"
Pudim de ananás,Boca Doce,Embalagem de 20g,"0,47 €","23,50 €/Kg"
Gel de banho júnior maçã e pera,Labell,Embalagem com 300 ml,"2,03 €","6,77 €/L"
Manteiga de amendoim cremosa,Prozis,Embalagem de 500g,"8,54 €/Kg","8,54 €/Kg"
Vela em número nª2,PorSi,1 unidade,"0,80 €","0,80 €/Unidade"
Base guarda sol em plástico,Koopman,45 litros,"18,99 €","18,99 €/Unidade"
Iogurte grego oikos stracciatella,Danone,Embalagem de 4 x 110 g,"2,99 €","6,80 €/Kg"
Ração para cão mini adulto nutri soft com frango,Friskies,"Embalagem de 1,4 kg","1,15 €/Kg","1,15 €/Kg"
Desinfetante p/ WC,Sanytol,Embalagem de 750 ml,"1,79 €","2,39 €/L"
Chuchu,Legumes do Dia,1 un = 250 gr  (aprox.),"0,70 €","2,79 €/Kg"
Molho mad chips top down,Calve,Embalagem de 260g,"0,70 €","2,33 €/Kg"
Desentupidor gel turbo com lixívia,Destop,Garrafa de 1 l,"4,49 €","5,99 €/L"
Douradinhos estaladiços,Capitão Iglo,Embalagem de 340g,"9,30 €/Kg","9,30 €/Kg"
Cenoura,PorSi,1 un = 100 gr  (aprox.),"0,05 €","0,49 €/Kg"
Coca-cola zero,Coca-Cola,pack 2 x 1.75 l,"0,40 €/L","0,40 €/L"
Spray limpeza casa de banho,PorSi,750 ml,"1,79 €","2,39 €/L"
Café em cápsulas dolce gusto galão,Nescafe,Embalagem de 16 cápsulas,"59,82 €/Kg","59,82 €/Kg"
"Cerveja com álcool, lata",Super Bock,Garrafa de 330 ml,"1,99 €/L","1,99 €/L"
Filetes de pescada,PorSi,Embalagem de 400 g,"4,39 €","10,98 €/Kg"
Luva Pele,Itools,1 unidade,"5,39 €","5,39 €/Unidade"
Salsichas de soja,Cemporcent,Embalagem de 390g,"0,69 €","0,69 €/Kg"
Snack Gato Anti Bolas de Pelo,PorSi,Embalagem 60 g,"0,99 €","16,50 €/Kg"
Vinho regional lisboa branco,Marginal,Garrafa de 750 ml,"4,59 €","6,12 €/L"
Desinfetante Multiusos,Sanytol,Embalagem de 750 ml,"4,49 €","5,99 €/L"
Batata doce frita,PorSi,Embalagem de 150g,"1,06 €","5,73 €/Kg"
Mel de Rosmaninho,PorSi Select,Frasco de 250 g,"4,89 €","9,78 €/Kg"
Limpa madeiras com sabão,PorSi,1.5 litros,"1,39 €","1,26 €/L"
Pudim flan,PorSi,Embalagem de 4 x 5.6 g,"0,47 €","23,50 €/Kg"
Refrigerante s/ gás califórnia,Sunny d,"Garrafa de 1,25 l","1,14 €","0,76 €/L"
Sumo florida,Sunny d,"Embalagem de 0,31 l","1,05 €","3,39 €/L"
"Espuma cabelo, wet shine",Fru style,Embalagem de 200 ml,"3,99 €","53,20 €/L"
Amaciador roupa concentrado lírios e morango,PorSi,60 doses,"1,99 €","1,00 €/L"
Brandy,ON/OFF,Garrafa de 700 ml,"15,49 €","15,49 €/L"
Creme Depilatório Peles Normais,Veet,Embalagem de 200 ml,"3,29 €","3,29 €/Unidade"
15 douradinhos,Capitão Iglo,Embalagem de 420g,"1,91 €","4,78 €/Kg"
Creme de Barrar com Sabor a Manteiga,Becel,Embalagem de 400g,"1,59 €","6,36 €/Kg"
Cem porcento-lentilhas vermelhas,Cemporcent,Embalagem de 500g,"1,94 €","3,88 €/Kg"
Não Mais Pregos Forte e Rápido,Pattex,Embalagem de 150 g,"2,79 €","93,00 €/Kg"
Gelatina limão 10kcal,Royal,Embalagem de 30g,"0,55 €","61,11 €/Kg"
Patê sardinha,La piara,Embalagem de 80g,"1,19 €","13,52 €/Kg"
Pedras limão/chá verde,P.salgadas,pack 4 x 0.25 l,"2,85 €","2,85 €/L"
Óleo de linhaça bio,Cemporcent,Garrafa de 250 ml,"3,39 €","3,39 €/L"
Cogumelos laminados,PorSi,780 g,"1,79 €","2,29 €/Kg"
Bolachas rosquilhas,PorSi,Embalagem de 600g,"1,69 €","6,76 €/Kg"
Milho doce,PorSi,Embalagem de 400 g,"1,89 €","1,89 €/Kg"
Nata uht,PorSi,Embalagem de 200 ml,"0,75 €","3,75 €/L"
Gel Play Morango,Durex,Embalagem de 50 ml,"9,99 €","199,80 €/L"
Ice tea manga,Lipton,pack 6 x 0.25 l,"1,14 €","0,76 €/L"
Bolachas cobertura de chocolate e avelã,PorSi,Embalagem de 150g,"0,79 €","5,27 €/Kg"
Pizza de Atum,PorSi,Embalagem de 350 g,"2,16 €","6,17 €/Kg"
Nectar clássico maracujá,Compal,Garrafa de 1 l,"1,09 €","0,73 €/L"
10 saquetas infusão de cidreira,Lipton,Embalagem de 20g,"0,99 €","76,15 €/Kg"
Tamaras,PorSi,Embalagem de 200g,"1,39 €","6,95 €/Kg"
20 saquetas chá de baunilha c/ caramelo,Lipton,Embalagem de 40g,"0,89 €","44,50 €/Kg"
Torta cacau com sabor a natas,PorSi,Embalagem de 300g,"2,69 €","12,81 €/Kg"
Remov. de Verniz com Esponja,Labell,Embalagem de 75 ml,"4,99 €","66,53 €/L"
Tomate inteiro pelado,PorSi,Embalagem de 390 g,"1,79 €","2,29 €/Kg"
Pão de forma s/ côdea,Bimbo,Embalagem de 650 g,"2,63 €/Kg","2,63 €/Kg"
Actimel morango,Danone,Embalagem de 6 x 100g,"4,15 €/Kg","4,15 €/Kg"
Néctar light manga/laranja,Compal,Garrafa de 200 ml,"0,99 €","0,99 €/L"
"Hamburguers de frango, 4 x 80 g",PorSi,Embalagem de 320g,"2,34 €","7,31 €/Kg"
Gelado magnum pint amêndoas,Olá,Embalagem de 440 ml,"3,99 €","6,14 €/L"
Café moagem universal angola,Delta,Embalagem de 220g,"9,76 €/Kg","9,76 €/Kg"
10 nuggets peito de frango e queijo,Capitão Iglo,Embalagem de 210g,"2,34 €","7,31 €/Kg"
Maionese Top Down,Calvé,Embalagem de 753 g,"0,70 €","2,33 €/Kg"
Recarga Ambientador Automático Sparkling Citrus,PorSi,Embalagem de 250 ml,"1,79 €","1,79 €/Unidade"
Toucinho do céu,PorSi,Embalagem de 2x100 g,"0,55 €","2,75 €/Kg"
"Ameijoa japonesa, pescada no mar",Nossa seleção,1 un = 250 gr (aprox.),"10,99 €","10,99 €/Kg"
Chá verde menta,PorSi,Embalagem de 43.7 g,"0,99 €","26,76 €/Kg"
"Lixívia para roupa, tradicional verde denso",PorSi,Embalagem de 2L,"1,74 €","0,35 €/L"
Pizza 4 estações,PorSi,Embalagem de 350g,"2,16 €","6,17 €/Kg"
Corn flakes saco,PorSi,Embalagem de 500g,"1,49 €","2,98 €/Kg"
Ração seca mix para cão adulto,PorSi,Embalagem de 20 kg,"1,15 €/Kg","1,15 €/Kg"
Cereais petalas chocolate,PorSi,Embalagem de 625g,"5,07 €/Kg","5,07 €/Kg"
Caixa de arrumação reciclada,PorSi,40 litros,"5,24 €","5,24 €/Unidade"
Bolacha tostada,PorSi,Embalagem de 800g,"2,11 €/Kg","2,11 €/Kg"
"Anti-calcário em pó, máquina roupa",PorSi,Embalagem de 800g,"1,69 €","1,69 €/L"
Azeite virgem extra seleção,PorSi,Garrafa de 750 ml,"3,19 €","4,25 €/L"
Leite uht magro,Mimosa,Embalagem de 1 litro,"0,94 €","0,94 €/L"
Perca Inteira,Peixe Congelado,de 1 a 3 Kg,"4,39 €","10,98 €/Kg"
Batata frita caseira rodela,Pala-pala,Embalagem de 300g,"0,87 €","5,44 €/Kg"
Infusão lúcia lima,PorSi,Embalagem de 35 g,"0,99 €","76,15 €/Kg"
Lombos de pescada,PorSi,Embalagem de 400 g,"4,39 €","10,98 €/Kg"
"Bebida láctea crescimento 1-3 anos, cereais",Nestle,Embalagem de 1 litro,"0,26 €","1,30 €/L"
Compressas | dim.: 10 x 10 cm,PorSi,Embalagem com 100 unidades,"1,69 €","1,69 €/Unidade"
Vinho verde branco loureiro,Q.REGAINHO,Garrafa de 0.75 l,"1,59 €","2,12 €/L"
"Fiambre extra, fatias finas",PorSi,Embalagem de 150 g,"0,97 €","6,49 €/Kg"
"Elixir bocal, menta",Labell,Embalagem de 500 ml,"1,29 €","2,58 €/L"
Alho moído,PorSi,Saqueta de 50 g,"0,25 €","0,25 €/Kg"
Leite c/ Chocolate,Agros,Embalagem de 4 x 200 ml,"0,26 €","1,30 €/L"
Sumo 100% tomate,PorSi,Embalagem de 1.5 l,"1,09 €","0,73 €/L"
Lambrusco rose,*,Garrafa de 750 ml,"6,89 €","9,19 €/L"
Óleo Multigasolina 20W40,Galp,Embalagem de 5 l,"25,99 €","5,20 €/L"
Salsichas de aves,Nobre,Lata de 200 g,"0,75 €","3,75 €/Kg"
Beira interior colheita 2013,Beyra,Garrafa de 0.75 l,"2,49 €","3,32 €/L"
"Cerveja sem álcool, preta",Super Bock,pack 6 x 0.33 l,"5,99 €","3,03 €/L"
Tablete de chocolate de leite com passas e avelãs,PorSi Select,Embalagem de 200g,"4,09 €","14,82 €/Kg"
Queijo em fatias,Terra Nostra,Embalagem de 400g,"1,56 €","7,80 €/Kg"
Azeite virgem extra seleção,PorSi,Garrafa de 250 ml,"3,19 €","4,25 €/L"
Bicarbonato de sódio,PorSi,Embalagem de 500 g,"1,79 €","2,39 €/L"
Porto tawny valadão,Valadao,Garrafa de 750 ml,"6,29 €","8,39 €/L"
Snack gato salmao,PorSi,Embalagem de 60g,"0,99 €","16,50 €/Kg"
Uva Branca sem grainha,Fruta do Dia,Embalagem de 500 g,"2,48 €","0,99 €/Kg"
Deo Roll On Protect & Care,Nivea Men,50 ml,"2,99 €","59,80 €/L"
Cereais Corn Flakes Original,Kellogg's,Embalagem de 380g,"1,49 €","2,98 €/Kg"
Ração para gato júnior com frango,Purina One,Embalagem de 800 g,"3,99 €","2,00 €/Kg"
Cerveja com álcool,Super Bock,Garrafa de 1 l,"1,99 €/L","1,99 €/L"
Azeite Subtil,Gallo,Garrafa de 2 l,"3,19 €","4,25 €/L"
Mirtilos 100% Naturais,PorSi,Embalagem de 250 g,"3,29 €","4,39 €/Kg"
Nata uht para bater,Parmalat,Embalagem de 200 ml,"0,75 €","3,75 €/L"
Iogurte fruta batida banana/laranja/bolacha,Mimosa,Embalagem de 480g,"2,99 €","6,80 €/Kg"
Queijo Curado,Ilha Azul,Vendido ao peso a partir de 250 gr,"2,42 €","9,69 €/Kg"
Bolacha torrada com canela,PorSi,Embalagem de 2 x 250 g,"2,11 €/Kg","2,11 €/Kg"
"Vinho Bairrada, Tinto",Selecção de Enófilos,Garrafa de 0.75 l,"2,49 €","3,32 €/L"
Lixívia Denso-Activa Harmonias Florais p/ Casa e Rou...,Neoblanc,Embalagem de 2 l,"1,74 €","0,35 €/L"
40 filtros café número 4,Planteur,Embalagem com 40 filtros,"0,80 €","0,80 €/Unidade"
Flocos de aveia finos integrais,Cemporcent,Embalagem de 400g,"0,69 €","1,73 €/Kg"
Néctar clássico tutti-frutti,Compal,330 ml,"0,99 €","0,99 €/L"
Pringles original,Pringles,Embalagem de 175g,"1,06 €","5,73 €/Kg"
Bolachas shortcake cacau,PorSi,Embalagem de 185 g,"1,69 €","6,76 €/Kg"
Água s/ gás,S.estrela,"Pack 6 x 0,50 l","1,04 €","0,17 €/L"
Resguardo para bebé,PorSi,Dim.: 60 x 60 cm,"4,99 €","4,99 €/Unidade"
Ketchup top down,Calve,Embalagem de 550g,"0,70 €","2,33 €/Kg"
Maruca,Nossa seleção,Congelada,"1,57 €","4,49 €/Kg"
Pai Natal de Chocolate,PorSi,Embalagem de 60 g,"1,29 €","36,86 €/Kg"
Grelo Nabo Programa Origens,PorSi,1 un= 1 kg (aprox.),"0,66 €","2,19 €/Kg"
Bolachas maria,PorSi,Embalagem de 800g,"2,11 €/Kg","2,11 €/Kg"
Limpa fornos,PorSi,500 ml,"1,79 €","2,39 €/L"
Leite de limpeza age perfect,L'oreal,Embalagem de 200 ml,"6,79 €","33,95 €/L"
Toalhita Azul,Dodot,Embalagem c/ Tampa | 64 un.,"1,09 €/Unidade","1,09 €/Unidade"
"Cobertura tipo chantilly, 2x38g",PorSi,Embalagem de 80g,"1,29 €","3,23 €/Kg"
Vinho de mesa tinto bag in box,Adega grande,Garrafa de 5 l,"5,19 €","1,04 €/L"
Flakes,Cuetara,Embalagem de 500g,"5,07 €/Kg","5,07 €/Kg"
Caneta correctora  Shake & Squeeze 2+1,Bic,1 unidade,"3,19 €","3,19 €/Unidade"
Massa fettuccine,PorSi,Embalagem de 500g,"0,89 €","1,78 €/Kg"
Queijo 3 Igrejas Cura 2m Pimentão,Santiago,Vendido ao peso a partir de 250 gr,"3,35 €","13,39 €/Kg"
Caramelo líquido,PorSi,Embalagem de 400g,"1,29 €","3,23 €/Kg"
Bife do Pojadouro,Novilho,Vendido ao peso a partir de 800 g,"6,20 €","7,75 €/Kg"
Iogurte pedaços frutas variadas,PorSi,Embalagem de 16 x 125 g,"4,36 €","2,18 €/Kg"
Spray limpa inox,Cif,Garrafa de 440 ml,"1,79 €","2,39 €/L"
Refrigerante de lima-limão,Seven-up,"Garrafa de 1,25 l","0,40 €/L","0,40 €/L"
Bebida de Soja Baunilha,PorSi Viva Bem,1 l,"2,49 €","2,49 €/L"
"Escova de cabelo, pneumática javali",Labell,Uma unidade,"5,95 €","5,95 €/Unidade"
Moelas congeladas,*,Embalagem de 1 kg,"4,99 €","24,95 €/Kg"
Azeite virgem extra seleção ouro,Oliveira da Serra,Garrafa de 750 ml,"3,19 €","4,25 €/L"
Ketchup picante,Heinz,460 g,"0,70 €","2,33 €/Kg"
Melaço de cana,Cemporcent,Embalagem de 370g,"1,79 €","4,84 €/Kg"
Cereais golden e crispy,PorSi,Embalagem de 375 g,"5,07 €/Kg","5,07 €/Kg"
Cuecas Incontinência Maxi Grande,Lindor,Embalagem com 14 un.,"9,99 €","9,99 €/Unidade"
Azeite Virgem Extra Planícies do Sul,Gallo,Garrafa de 0.75 l,"3,19 €","4,25 €/L"
Vinho do porto tawny,Cruz,"Garrafa de 0,75 l","6,29 €","8,39 €/L"
Vinho regional península de setúbal tinto,J.m.f.,Garrafa de 750 ml,"4,99 €","6,65 €/L"
Iogurte sólido sem lactose morango,Mimosa,Embalagem de 480g,"0,99 €","1,98 €/Kg"
Tablete de chocolate amêndoa e caramelo,Milka,Embalagem de 300g,"4,09 €","14,82 €/Kg"
Esparguete Clássica,Nacional,Embalagem de 500 g,"0,89 €","1,78 €/Kg"
Queijo fresco meio gordo,PorSi,200 g,"1,09 €","5,45 €/Kg"
Cordon bleu,PorSi,Embalagem de 1 kg,"3,53 €","8,83 €/Kg"
Cereais fitness,Nestle,Embalagem de 380g,"3,99 €","13,30 €/Kg"
Lombo s/ Osso,Porco,Vendido ao peso a partir de 1 kg,"4,38 €","4,38 €/Kg"
Batata frita caseira,PorSi,Embalagem de 500g,"0,87 €","5,44 €/Kg"
Cerveja c/ álcool,Super Bock,pack 24 x 0.33 l,"1,99 €/L","1,99 €/L"
Iogurte Líquido Yoggi Frutos Tropicais s/ Lactose,Nestle,4x160g,"0,99 €","1,98 €/Kg"
Posta de Bacalhau Longa Higienizada | Congelada,Pescanorte,± 600 a 800 g,"8,73 €/Kg","8,73 €/Kg"
Cornflakes sem açúcar,Cemporcent,Embalagem de 250g,"0,69 €","1,73 €/Kg"
Sacos lixo eco com atilho 50 litros,PorSi,15 unidades,"1,79 €","1,79 €/Unidade"
Massa esparguete,Milaneza,Embalagem de 500g,"0,89 €","1,78 €/Kg"
Abrasivo sanitário pinho e eucalipto,PorSi,embalagem de 1 litro,"0,99 €","1,32 €/L"
Café em cápsulas deqafeitatus,Delta Q,Embalagem de 55 g,"59,82 €/Kg","59,82 €/Kg"
Spray desengordurante,Sonasol,Embalagem de 500 ml,"4,49 €","5,99 €/L"
Café 5 estrelas grão,Sical,Embalagem de 1 kg,"9,16 €/Kg","9,16 €/Kg"
"Sabonete líquido de leite de amêndoas, recarga",Palmolive,Embalagem de 300 ml,"2,18 €/L","2,18 €/L"
Iogurte com Cereais Activia,Danone,Embalagem 4x115g,"2,79 €","6,07 €/Kg"
Cereais crunch 375g,Nestle,Embalagem de 380g,"5,07 €/Kg","5,07 €/Kg"
Ananás em rodelas lata,PorSi,Embalagem de 820g,"1,99 €","2,37 €/Kg"
Lava Tudo Brilhante Floral,Sonasol,"embalagem 1,1L","0,99 €","0,50 €/L"
Máscara tesouros de mel,Garnier,Embalagem de 300 ml,"1,00 €","5,00 €/L"
Pastel de Nata,PorSi,60G,"0,30 €/Unidade","0,30 €/Unidade"
Leite de transição Optipro 2 +6 meses,NAN,Embalagem de 800g,"16,99 €","21,24 €/Kg"
Vermute rosso,Martini,Embalagem de 10x6 cl,"10,65 €/L","10,65 €/L"
Pão forma familiar normal,Bimbo,embalagem de 700 g,"2,63 €/Kg","2,63 €/Kg"
Cerveja c/ álcool radler,Sagres,pack 6 x 0.33 l,"1,59 €","3,18 €/L"
Caderno Agrafado Capa Preta |A4 Liso,Domédia,1 unidade,"5,79 €","5,79 €/Unidade"
"Pensos diários maxiplus, 30 unidades",Evax,Uma embalagem,"1,79 €/Unidade","1,79 €/Unidade"
Sumo natural de ananás bio,Cemporcent,Garrafa de 200 ml,"1,19 €","1,86 €/L"
Vinho Tinto Regional Península de Setúbal,Selecção de Enófilos,750 ml,"4,99 €","6,65 €/L"
Infusão cavalinha,Cemporcent,Embalagem de 10 unidades,"0,99 €","76,15 €/Kg"
Magnum mini white mix,Olá,Embalagem de 6 x 55 ml,"4,99 €","15,12 €/L"
Lasanha à bolonhesa,PorSi,Embalagem de 1 kg,"3,99 €","3,99 €/Kg"
Gelatina de laranja,PorSi,Embalagem de 170g,"0,55 €","61,11 €/Kg"
Cebola Programa Origens,PorSi,Embalagem de 1 kg,"1,19 €","1,19 €/Kg"
Alimento lácteo alperce +6 meses,Yogolino,Embalagem de 4 x 100 g,"2,89 €","7,23 €/Kg"
Pensos peles sensíveis sortidos,PorSi,30 unidades,"1,69 €","1,69 €/Unidade"
Pão Rústico com Malte,Pão do Dia,1 unidade= 100 g,"0,19 €","2,38 €/Kg"
Café nyeri quénia moagem universal,Sical,Embalagem de 220g,"9,76 €/Kg","9,76 €/Kg"
Líquido p/ Radiador Verde 10% Concentração,Arbo,Embalagem de 5 l,"3,99 €","0,80 €/L"
Feijoada de chocos,*,Vendido ao peso,"3,99 €","3,99 €/Kg"
Gel Cabelo Styling Creme Cabelo,Nivea,Embalagem de 150 ml,"5,99 €","39,93 €/L"
Spray wc active clean citrus & waterlilly,Ambipur,750 ml,"1,79 €","2,39 €/L"
Bolachas de manteiga,PorSi,Embalagem de 200 g,"1,69 €","6,76 €/Kg"
Ambientador vela gota frutos vermelhos,Air Wick,Embalagem de 1 unidades,"4,99 €","4,99 €/Unidade"
Pastilhas de Limpeza Aparelho Dentário,Polident,Embalagem com 30 unidades,"7,39 €","105,57 €/Kg"
Escova e pente,Neo Baby,1 unidade,"4,99 €","4,99 €/Unidade"
Recarga p/ Esfregona |Eco,Vileda,,"4,00 €","4,00 €/Unidade"
"Engoma fácil, pistola",PorSi,Embalagem de 750 ml,"1,69 €","1,69 €/L"
Ice tea de limão,PorSi,Embalagem de 2 l,"1,14 €","0,76 €/L"
Barras fitness com chocolate,Nestle,Embalagem de 140g,"3,99 €","13,30 €/Kg"
Sumo 100% ananás e uva,PorSi,1.5 l,"1,09 €","0,73 €/L"
Detergente liquido loiça clássico,PorSi,Garrafa de 1 litro,"7,29 €","4,86 €/L"
Porto ruby,Valadao,Garrafa de 750 ml,"4,99 €","6,65 €/L"
Desodorizante spray original,Dove,Garrafa de 150 ml,"2,99 €","59,80 €/L"
Desinfetante em gel c/ lixívia,Cif,Garrafa de 750 ml,"1,99 €","1,99 €/L"
Piri piri,Calve,Garrafa de 50 ml,"0,70 €","2,33 €/Kg"
Água mineral sem gás,Fastio,"Garrafa de 2,5 l","1,04 €","0,17 €/L"
"Fita de Embalar Transparente, 50mmx66m",Vito,1 unidade,"2,79 €","93,00 €/Kg"
Café solúvel crema,Nescafe,Embalagem de 200g,"1,14 €","57,00 €/Kg"
Cerveja preta 0.0%,Sagres,Lata de 330 ml,"5,99 €","3,03 €/L"
Alimento lácteo pera +6 meses,Yogolino,Embalagem de 4 x 100 g,"2,89 €","7,23 €/Kg"
Queijo Flamengo Fatias,PorSi,Embalagem 500G,"1,56 €","7,80 €/Kg"
Bolachas digestive muesli,Gullon,Embalagem de 370g,"1,45 €","11,15 €/Kg"
Rojões,Porco,1 un = 250 gr  (aprox.),"4,38 €","4,38 €/Kg"
Batata frita camponesa,PorSi,Embalagem de 175 g,"1,19 €","6,43 €/Kg"
Tablete de chocolate de leite com amêndoas - sem açú...,PorSi Viva Bem,Embalagem de 100 g,"4,09 €","14,82 €/Kg"
Farinheira das beiras,PorSi,1 unidade = 730 g (aprox.),"1,55 €","5,96 €/Kg"
Molho de whisky cocktail,Calve,Garrafa de 250 ml,"0,70 €","2,33 €/Kg"
Bolachas de água e sal,PorSi,Embalagem de 125g,"0,39 €","3,12 €/Kg"
Milho doce,Bonduelle,Embalagem de 150 g,"1,79 €","2,29 €/Kg"
Bolachas de chocolate leite,Milka,Embalagem de 150g,"0,79 €","5,27 €/Kg"
Pensos Higiénicos Cottonlike Super Com Abas,Evax,12 unidades,"4,99 €","4,99 €/Unidade"
Farinha láctea,PorSi,Embalagem de 1 kg,"4,49 €","4,49 €/Kg"
Gressinos com azeitonas pretas,PorSi,Embalagem de 250g,"2,39 €","6,83 €/Kg"
Sabonete líquido Marselha e Azeitona,Labell,Embalagem de 500 ml,"2,18 €/L","2,18 €/L"
Ervilhas,PorSi,Embalagem de 1 kg,"1,89 €","1,89 €/Kg"
"Gel depilatório, peles sensiveis",Labell,Embalagem de 200 ml,"10,49 €","69,93 €/L"
Queijinho dadoninho petitdino de morango,Danone,Embalagem de 6 x 50 g,"4,23 €/Kg","4,23 €/Kg"
Peito de peru,PorSi,"Vendido ao peso, fatiado a partir de 150 g","1,44 €","9,59 €/Kg"
Fiambre da Perna Extra,Nobre,1 un = 150 gr (aprox.),"0,97 €","6,49 €/Kg"
Bebida Energética Red Grape,Hell,250 ml,"1,60 €","3,20 €/L"
Gel de Banho Coconut Milk,Dove,Embalagem de 750 ml,"6,49 €","8,65 €/L"
Pastilhas café lote chávena,Delta,Embalagem de 110g,"59,82 €/Kg","59,82 €/Kg"
Sardinha Pequena,Peixe do Dia,1 un = 100 gr (aprox.),"6,49 €/Kg","6,49 €/Kg"
Guardanapos brancos folha tripla 33x33 cm,PorSi,70 unidades,"1,29 €","1,29 €/Unidade"
Mel em frasco com doseador,PorSi,Embalagem de 500g,"4,89 €","9,78 €/Kg"
Dawnut Açucarado,Pastelaria do Dia,48g,"0,30 €/Unidade","0,30 €/Unidade"
Champô 3 em 1 karpex,Vanish,950 ml,"1,79 €","2,39 €/L"
Carcaça Forno de Pedra,Pão do Dia,1 un = 60 gr (aprox.),"0,19 €","2,38 €/Kg"
Queijo flamengo sticks 5x20g,PorSi,Embalagem de 100g,"1,56 €","7,80 €/Kg"
Bolachas maria,PorSi,Embalagem de 200g,"2,11 €/Kg","2,11 €/Kg"
Água s/ Gás,Serra de Fafe,Garrafa 6L,"1,04 €","0,17 €/L"
Pack Aguardente Velha,Fim de Século,"Garrafa de 0,70 l + Copo","14,49 €","20,70 €/L"
Leite 0% lactose magro,Mimosa,Garrafa de 1 l,"1,29 €","1,29 €/L"
Infusão melhores digestões,Cemporcent,Embalagem de 10 unidades,"0,99 €","76,15 €/Kg"
Refresco em pó de morango,Tang,Embalagem de 30g,"0,75 €","18,75 €/Kg"
Feijão catarino,PorSi,Embalagem 500G,"0,95 €","1,90 €/Kg"
Porto ruby,Ferreira,Garrafa de 750 ml,"4,99 €","6,65 €/L"
Folhado Misto 90 g,Pastelaria do Dia,,"0,65 €","0,65 €/Unidade"
Bolachas multicereais,PorSi,Embalagem de 400 g,"0,90 €","6,00 €/Kg"
Queijo ralado dispensador,PorSi,Embalagem de 80g,"7,45 €/Kg","7,45 €/Kg"
Bolachas cereais passas e laranja,PorSi,Embalagem de 300 g,"0,90 €","6,00 €/Kg"
Saqueta puré de fruta e aveia,PorSi,Embalagem de 90g,"0,74 €","8,22 €/Kg"
Bagas de goji,Cemporcent,Embalagem de 125 g,"1,39 €","6,95 €/Kg"
Deo Roll On Dry Fresh,Nivea,50 ml,"2,99 €","59,80 €/L"
"Linguíca, 4 unidades",PorSi,Embalagem de 180 g,"1,22 €","6,78 €/Kg"
Snack gato frango/queijo,PorSi,Embalagem de 60g,"0,99 €","16,50 €/Kg"
Cereais chocapic,Nestle,Embalagem de 375 g,"5,07 €/Kg","5,07 €/Kg"
Vinagre de fruta,PorSi,Embalagem de 500 ml,"0,35 €","0,70 €/L"
Infusão nº 10 colestrol,Cemporcent,Embalagem de 10 unidades,"0,99 €","76,15 €/Kg"
Sardinhas,PorSi,embalagem com 1 kg,"4,39 €","10,98 €/Kg"
Sangria pet,Don Simon,"Garrafa de 1,5 l","2,39 €","1,59 €/L"
Tostas de trigo,PorSi,Embalagem 225G,"2,39 €","6,83 €/Kg"
Camarão Selvagem Madagáscar 60/80,Nossa seleção,vendido ao peso,"10,99 €","10,99 €/Kg"
Tablete de chocolate,Chabrior,Embalagem de 250 g,"0,79 €","5,27 €/Kg"
Lixívia para roupa delicada,Neoblanc,Embalagem de 1 l,"2,19 €","1,10 €/L"
Licor de anis,On Off,"Garrafa de 0,70 l","15,99 €","22,84 €/L"
Cápsulas de café com leite cappuccino,Nescafe,Embalagem com 16 cápsulas,"3,19 €","25,52 €/Kg"
Bloco Sanitário Poder Activo Pinho,Sonasol,Embalagem de 50 g,"39,60 €/Kg","39,60 €/Kg"
"Briochoco, 4 unidades",Dulcesol,Embalagem de 160g,"2,69 €","12,81 €/Kg"
Vinho regional tejo 3 castas tinto,Fiuza,Garrafa de 750 ml,"4,59 €","6,12 €/L"
"Salsichas hot dog, frasco",Izidoro,Embalagem de 240g,"0,75 €","3,75 €/Kg"
Queijo fatias -50% gordura,Terra Nostra,Embalagem de 400g,"1,56 €","7,80 €/Kg"
Bacalhau com natas,PorSi,Embalagem de 380g,"1,91 €","4,78 €/Kg"
Tablete chocolate branco,PorSi,Embalagem de 100g,"0,99 €","9,90 €/Kg"
Bebida láctea crescimento 3 anos+,Nestle,Embalagem de 1 litro,"0,26 €","1,30 €/L"
Bebida láctea crescimento 1 a 3 anos,Nestle,Embalagem de 1 litro,"0,26 €","1,30 €/L"
Açúcar fino,Rar,Embalagem de 1000 g,"1,49 €","1,49 €/Kg"
"Agrafos nº24/6, 2000 unidades",Maped,Uma embalagem,"2,79 €","132,86 €/Kg"
Iogurte aroma de banana,PorSi,Embalagem de 4x125g,"1,99 €","2,07 €/Kg"
Arroz agulha,Pato real,Embalagem de 1 kg,"0,99 €","0,99 €/Kg"
Limpa madeiras ecológico,PorSi,1.5 litros,"1,39 €","1,26 €/L"
Toalhitas Refrescantes Rosto e Mãos,PorSi,Embalagem 3 x 10 un.,"1,10 €","1,10 €/Unidade"
Puré de batata,Saint Eloi,Embalagem de 500 g,"1,99 €","1,99 €/Kg"
Cocktail pessego,Bar Royal,Garrafa de 750 ml,"11,99 €","11,99 €/L"
Chá verde,PorSi,Embalagem de 37.5 g,"0,99 €","26,76 €/Kg"
Iogurte líquido magro frutos vermelhos,PorSi Viva Bem,Embalagem de 4x160 ml,"1,17 €","1,83 €/Kg"
Sopa de rabo de boi,Knorr,Embalagem de 70g,"0,84 €","13,55 €/Kg"
Sopa de cebola,Knorr,Embalagem de 50g,"0,84 €","13,55 €/Kg"
Palmiers,PorSi,Embalagem de 300 g,"1,69 €","6,76 €/Kg"
Iogurte líquido magro frutos vermelhos,PorSi Viva Bem,Embalagem de 4x160 ml,"1,19 €","1,86 €/L"
Pescada do Pacífico,Peixe Congelado,"Congelada de 1 a 1,5 kg","1,57 €","4,49 €/Kg"
Broa de milho doce,Pão do Dia,450 g,"0,19 €","2,38 €/Kg"
Bombom Caja Roja,Nestlé,Embalagem de 200G,"29,16 €/Kg","29,16 €/Kg"
Lambrusco tinto,*,Garrafa de 750 ml,"6,89 €","9,19 €/L"
Pilha alcalina classic lr6x4,Domédia,1 unidade,"1,49 €","1,49 €/Unidade"
Café lote normal moagem grossa,PorSi,Embalagem de 250 g,"9,76 €/Kg","9,76 €/Kg"
"Peixe espada branco, congelado higienizado",Peixe Congelado Higienizado,Vendido ao peso,"1,20 €","7,99 €/Kg"
Açucar granulado,PorSi,Embalagem de 1 kg,"1,49 €","1,49 €/Kg"
Ambientador gel floral,PorSi,150 g,"0,79 €","5,27 €/Kg"
Iogurte liquido proteína yopro morango/framboesa,Yopro,300 g,"1,17 €","1,83 €/Kg"
Pera rocha categoria II Programa Origens,PorSi,Embalagem de 1.5 kg,"0,23 €","1,29 €/Kg"
Salsichas de porco em lata,PorSi,Embalagem de 200g,"0,75 €","3,75 €/Kg"
Rum 3 anos havan club (40º),Havana,Garrafa de 700 ml,"17,49 €","24,99 €/L"
Açúcar branco em saquetas,Rar,Embalagem com 170 saquetas,"1,49 €","1,49 €/Kg"
Batata doce para fritar,PorSi,Embalagem de 600g,"2,39 €","3,98 €/Kg"
Frango do Campo Inteiro c/ Miúdos Programa Origens,PorSi Select,Vendido ao peso,"1,40 €","3,99 €/Kg"
Sangria branca,Don Simon,"Garrafa de 1,5 l","2,39 €","1,59 €/L"
Cha infusão verde,Cemporcent,Embalagem com 10 saquetas,"0,89 €","44,50 €/Kg"
Leite condensado magro cozido,Nestle,Embalagem de 390g,"1,09 €","2,75 €/Kg"
Nata uht 0% lactose,Parmalat,Embalagem de 200 ml,"0,75 €","3,75 €/L"
Cerveja c/ álcool,Super Bock,pack 24 x 0.20 l,"1,99 €/L","1,99 €/L"
Protetores de tomada com chave,Pommette,embalagem com 10 unidades + 2 chaves,"1,99 €","1,99 €/Unidade"
Café Moagem Universal do Brasil,PorSi,Embalagem de 220g,"9,16 €/Kg","9,16 €/Kg"
Flocos cereais chocolate,PorSi,Embalagem de 300g,"2,19 €","8,76 €/Kg"
Mousse chocolate,PorSi,Embalagem de 150g,"0,79 €","5,27 €/Kg"
Caixa Cubo Pearls,Jacquot,Embalagem de 200g,"29,16 €/Kg","29,16 €/Kg"
Chocolate culinário 70% cacau,Nestle,Embalagem de 170 g,"1,79 €","8,95 €/Kg"
Spray desinfetante cozinha,Lysol,Embalagem de 500 ml,"0,79 €","0,79 €/L"
Mistura solúvel c/ 20% café granulado,PorSi,Embalagem de 200g,"2,29 €","11,45 €/Kg"
"Busca Polos, grande",Itools,1 unidade,"5,39 €","5,39 €/Unidade"
Feijão encarnado,PorSi,Embalagem de 420 g,"1,79 €","2,29 €/Kg"
Iogurte natural sem lactose,PorSi Viva Bem,4 x 125 g,"0,99 €","1,98 €/Kg"
Iogurte activia cremoso frutos silvestres,Danone,Embalagem de 4 x 120 g,"2,99 €","6,80 €/Kg"
Cocktail de azeitonas,PorSi,Vendido ao peso a partir de 250 g,"1,00 €","3,99 €/Kg"
Bacalhau Desfiado do Pacífico,Nossa Selecção,Embalagem de 400 g,"8,73 €/Kg","8,73 €/Kg"
Kit de viagem,Colgate,pasta dentífrica + escova,"2,39 €","31,87 €/L"
Vermute rosso,Martini,Garrafa de 0.75 l,"10,65 €/L","10,65 €/L"
Pilha alcalina heightech lr6x4,Domédia,1 unidade,"1,49 €","1,49 €/Unidade"
"Lava tudo antibacteriano lavanda 1,5l",PorSi,Garrafa de 1.5 l,"0,99 €","0,50 €/L"
"Esquadro, 21 cm 60.",Domédia,1 unidade,"1,49 €","1,49 €/Unidade"
Carapau Médio Fresco,Peixe do Dia,1 un = 150 gr (aprox.),"6,49 €/Kg","6,49 €/Kg"
Mel multifloral doseador,PorSi,Embalagem de 250g,"4,89 €","9,78 €/Kg"
"Café em grão, lote superior",Delta,Embalagem de 1 kg,"9,16 €/Kg","9,16 €/Kg"
Cappuccino café arábica cacau magro em pó,PorSi,250 ml,"3,19 €","25,52 €/Kg"
Adoçante em pó,Canderel,Embalagem de 90g,"5,99 €","23,96 €/Kg"
Lombinhos,Porco,1 un=500 gr aprox.,"4,38 €","4,38 €/Kg"
Água mineral sem gás,S.estrela,pack 4 x 1.5 l,"1,04 €","0,17 €/L"
Pensos higiénicos liberty noite abas,Evax,Embalagem com 9 un.,"4,99 €","4,99 €/Unidade"
Café em cápsulas aqtivus,Delta Q,Embalagem de 55 g,"59,82 €/Kg","59,82 €/Kg"
Café torrado lote chávena máquina,Delta,Embalagem de 250g,"9,16 €/Kg","9,16 €/Kg"
Manteiga amendoim cremosa,PorSi,Embalagem de 340g,"8,54 €/Kg","8,54 €/Kg"
Chocolate branco com recheio de avelã,Kinder,Embalagem de 160g,"1,29 €","36,86 €/Kg"
Iogurte liquido proteína yopro morango/framboesa,Yopro,300 g,"5,97 €/Kg","5,97 €/Kg"
Canja c/ aletria,Knorr,Embalagem de 70g,"0,84 €","13,55 €/Kg"
Rebuçados mel e limão,PorSi,Embalagem de 200g,"0,77 €","3,85 €/Kg"
Desodorizante Roll-On Baunilha,Labell,Embalagem de 50 ml,"2,99 €","59,80 €/L"
Queijo limiano amanteigado vaca e ovelha sem casca m...,Limiano,Embalagem de 450g,"3,35 €","13,39 €/Kg"
Leite especial cálcio + vitamina d magro,Mimosa,Garrafa de 1 l,"1,29 €","1,29 €/L"
Fermento em pó,PorSi,Embalagem de 150 g,"1,89 €","17,18 €/Kg"
Restaurador de Chão Envenizado Médio/Escuro,Novycera,Embalagem de 500 ml,"5,39 €","10,78 €/L"
Creme p/ barrar de chocolate e avelã,Milka,Embalagem de 340g,"8,54 €/Kg","8,54 €/Kg"
Pastilhas ice spearmint,CHICLETS,Embalagem de 17 g,"0,89 €","59,33 €/Kg"
Açorda de camarão,PorSi Select,380 g,"1,91 €","4,78 €/Kg"
Loção Sensitive,Baby Dove,Embalagem de 200 ml,"1,24 €","4,96 €/Kg"
Desinfetante álcool gel,PorSi,100 ml,"0,99 €","9,90 €/L"
Infusão nº 13 diabet control,Cemporcent,Embalagem de 10 unidades,"0,99 €","76,15 €/Kg"
Palitos superfinos,PorSi,Embalagem de 400 unidades,"1,29 €","1,29 €/Unidade"
Iogurte ananás 000%,PorSi Viva Bem,Embalagem de 4 x 125 g,"4,36 €","2,18 €/Kg"
Argolas Romana,PorSi,Embalagem de 400 g,"1,91 €","4,78 €/Kg"
Vinho tinto,PorSi,embalagem de 1 litro,"0,85 €/L","0,85 €/L"
Vinho doc douro reserva tinto,Romanisco,Garrafa de 0.75 l,"7,49 €","9,99 €/L"
Queijo Curado kg,Castelões,1 un = 250 gr  (aprox.),"3,35 €","13,39 €/Kg"
Nata uht para culinária,Parmalat,Embalagem de 200 ml,"0,75 €","3,75 €/L"
Spray optimal 7 com lixivia,Ajax,Embalagem de 500 ml,"1,79 €","2,39 €/L"
Manteiga pasteurizada com sal cuvet,Primor,Embalagem de 250g,"1,69 €","6,76 €/Kg"
Serrote com Ferro,Itools,1 unidade,"5,39 €","5,39 €/Unidade"
Leite creme,PorSi,Embalagem de 4x23g,"0,45 €","5,00 €/Kg"
Cogumelos inteiros,PorSi,Embalagem de 185 g,"1,79 €","2,29 €/Kg"
"Crepes queijo/fiambre, 6 unidades",Claude Léger,Embalagem de 300 g,"1,89 €","6,30 €/Kg"
Salsa,PorSi,Embalagem de 50g,"0,99 €","19,80 €/Kg"
"Limpa vidros pistola, cristal",Ajax,Embalagem de 500 ml,"3,19 €","6,38 €/L"
Moscatel de Setúbal,Bacalhoa,Garrafa de 750 ml,"5,99 €","7,99 €/L"
Concentrado de laranja,Sunquick,Garrafa de 700 ml,"4,79 €","6,47 €/L"
Ambientador arbre magique côco,Arbre Magique,1 unidade,"2,49 €","2,49 €/Unidade"
Chá de gengibre,PLANTANATU,Embalagem de 20g,"1,19 €","59,50 €/Kg"
Iogurte aroma 0% tutti fruti/coco,Longa vida,Embalagem de 6 x 120 g,"1,44 €","2,88 €/Kg"
Tablete de chocolate culinário negro,PorSi,Embalagem de 200 g,"0,99 €","4,95 €/Kg"
Bolachas starship tradicional,PorSi,Embalagem de 150g,"0,90 €","6,00 €/Kg"
Vinho rosé mateus emotion,Mateus,Garrafa de 750 ml,"4,29 €","5,72 €/L"
Bandas de cera facial peles normais,Veet,Embalagem de 20 unidades,"6,99 €","6,99 €/Unidade"
Sumo 100% Fruta Laranja Espremida,Compal,1 litro,"1,09 €","0,73 €/L"
Marmelada com noz,Quinta de Jugais,Embalagem de 500g,"1,09 €","2,42 €/Kg"
20 saquetas infusão de cidreira,Lipton,Embalagem de 20g,"0,99 €","76,15 €/Kg"
Sidra maçã,Bandida,Lata de 500 ml,"1,59 €","3,18 €/L"
Liquido refrigerante verde 10%,PorSi,Embalagem de 1 l,"3,99 €","0,80 €/L"
Cereais lion chocolate/caramelo,Nestle,Embalagem de 400g,"1,29 €","10,24 €/Kg"
Alface Roxa,Legumes do Dia,1 un= 400 g (aprox.),"1,20 €","2,99 €/Kg"
Orégãos em folhas,PorSi,Saqueta com 10 g,"0,25 €","0,25 €/Kg"
Paté de atum,PorSi,Embalagem de 65 g,"1,19 €","13,52 €/Kg"
Detergentes máquina lavar loiça next generation,PorSi,30 pastilhas,"2,99 €","2,99 €/Unidade"
Atum ao natural,Ramirez,Embalagem de 120g,"9,08 €/Kg","9,08 €/Kg"
Lixívia tradicional,PorSi,Embalagem de 2 l,"1,74 €","0,35 €/L"
"Queijinho, yoco suisse maxi, morango",Nestle,Embalagem de 4 x 90 g,"4,23 €/Kg","4,23 €/Kg"
Néctar 8 frutos,Bongo,Pack 3 x 200 ml,"0,99 €","0,99 €/L"
"Pasta dentífrica, dentes/gensivas sensitive",Labell,Embalagem de 75 ml,"2,39 €","31,87 €/L"
Massa pevide,Nacional,Embalagem de 250g,"0,89 €","1,78 €/Kg"
Detergente líquido p/ máquina lavar roupa cores,Woolite,"Garrafa de 1,65 l","8,69 €","1,84 €/Kg"
Leite C/ Chocolate,Mimosa,Embalagem de 4 x 200 ml,"0,26 €","1,30 €/L"
Toalhitas universal citrus,Cif,36 unidades,"5,99 €","11,98 €/L"
8 pães de leite,PorSi,Embalagem de 280 g,"1,09 €","3,63 €/Kg"
Lambrusco branco,Sorbello,Garrafa de 0.75 l,"6,89 €","9,19 €/L"
Vinho maduro branco meio seco,Adega grande,Garrafa de 750 ml,"1,59 €","2,12 €/L"
"Escova de dentes, proteção global média, 2 unidades",Labell,Uma embalagem,"4,99 €","4,99 €/Unidade"
Sabonete sensitive,Palmolive,Embalagem de 4x90 g,"1,99 €","12,44 €/Kg"
Cotonetes para bebé,PorSi,Embalagem com 60 unidades,"0,58 €","0,58 €/Unidade"
Cerveja com álcool abadia,Super Bock,pack 6 x 0.33 l,"1,99 €/L","1,99 €/L"
1ª papa láctea multifrutos sem glúten +4 meses,Cerelac,Embalagem de 250g,"4,49 €","4,49 €/Kg"
Salsichas Frankfurt em lata,Izidoro,Embalagem de 120g,"0,75 €","3,75 €/Kg"
Bolacha de manteiga belga c/ chocolate,Saborosa,Embalagem de 200g,"1,69 €","6,76 €/Kg"
Sabonete de leite de burra,Confianca,Embalagem de 75 g,"1,99 €","12,44 €/Kg"
Batata frita palha,PorSi,Embalagem de 160g,"0,87 €","5,44 €/Kg"
Barras de cereais nesquik,Nestle,Embalagem de 150g,"1,29 €","10,24 €/Kg"
Leite uht gordo,Mimosa,Embalagem de 1 litro,"0,89 €","0,89 €/L"
Filetes de atum dos Açores em azeite c/ orégãos,PorSi Select,190 g,"9,08 €/Kg","9,08 €/Kg"
Massas alimentícias laços,PorSi,Embalagem de 500g,"0,89 €","1,78 €/Kg"
Extra vitamina de a a z,PLANTANATU,Embalagem de 1 unidades,"6,59 €","6,59 €/Unidade"
Gelatina pronta a comer morango,Royal,Embalagem de 4 x 100 g,"0,85 €","2,13 €/Kg"
Creme Depilatório Peles Sensíveis,Veet,Embalagem de 200 ml,"10,49 €","69,93 €/L"
Melão Amarelo,Fruta do Dia,Vendido ao peso | 1 un = 2.5 kg (aprox.),"2,48 €","0,99 €/Kg"
Amaciador  p/ roupa concentrado Aromaterapia,PorSi,Embalagem com 60 doses,"1,99 €","1,00 €/L"
Cerveja com álcool,Kings Bräu,"Embalagem de 0,33 l","1,99 €/L","1,99 €/L"
Whisky,J&B,Garrafa de 700 ml,"19,99 €","19,99 €/L"
"Queijo em fatias, -50% gordura",Limiano,Embalagem de 200g,"1,56 €","7,80 €/Kg"
Creme para calçado incolor,PorSi,50 ml,"0,99 €","19,80 €/L"
Queijo flamengo em Barra,Ilha Azul,"Vendido ao peso, fatiado a partir de 100 gr","1,56 €","7,80 €/Kg"
Leite condensado,PorSi,Lata de 1 kg,"1,09 €","2,75 €/Kg"
Legumes para sopa,PorSi,Embalagem de 1 kg,"1,89 €","1,89 €/Kg"
Laca fixação forte,Elnett,Embalagem de 75 ml,"3,99 €","53,20 €/L"
Red Fish Grande,Peixe Congelado,1 un = 500 gr (aprox.),"1,57 €","4,49 €/Kg"
Papa infantil não láctea bolacha maria +6 meses,Cerelac,Embalagem de 250g,"4,49 €","4,49 €/Kg"
Néctar vital equilibrio laranja/cenoura/manga,Compal,Embalagem de 1 l,"0,99 €","0,99 €/L"
Crepe simples,PorSi,Embalagem de 630g,"2,99 €","5,54 €/Kg"
"Creme depilatório para duche, peles sensiveis",Veet,Garrafa de 150 ml,"10,49 €","69,93 €/L"
Bebida solúvel cereais+fibra frasco 200g,Delta,Embalagem de 200g,"1,14 €","57,00 €/Kg"
Iogurte líquido morango,PorSi,Embalagem de 4 x 160 g,"1,17 €","1,83 €/Kg"
Lixívia densa +,Neoblanc,Embalagem de 1 l,"1,74 €","0,35 €/L"
Mini tostas de trigo,Diatosta,Embalagem de 350 g,"2,39 €","6,83 €/Kg"
"Vinho tinto doc dão, reserva",Cabriz,Garrafa de 0.75 l,"9,49 €","12,65 €/L"
Néctar bio laranja,Paquito,"Embalagem de 1,5 l","1,39 €","1,39 €/L"
Camião + Pá + Ancinho,Fantástiko,1 conjunto,"0,99 €","0,99 €/Unidade"
Iogurte activia líquido 0% morango/kiwi,Danone,Embalagem de 4 x 155 g,"2,79 €","6,07 €/Kg"
Pasta dentífrica herbal branqueadora,Colgate,Embalagem de 75 ml,"2,39 €","31,87 €/L"
Comida húmida para cão almôndegas,PorSi,Embalagem de 1200 g,"0,75 €","2,50 €/Kg"
Mini tostas trigo super finas,PorSi,Embalagem de 100 g,"2,39 €","6,83 €/Kg"
Bombom Caja Roja,Nestlé,Embalagem de 100G,"29,16 €/Kg","29,16 €/Kg"
Iogurte morango 000%,PorSi Viva Bem,Embalagem de 4 x 125 g,"1,44 €","2,88 €/Kg"
Azeitona galega mista retalhada,PorSi,Vendido ao peso a partir de 500 g,"1,00 €","3,99 €/Kg"
Preparado de bolo de canela,PorSi,500 g,"0,45 €","5,00 €/Kg"
Tostas integrais,Diatosta,Embalagem de 225 g,"2,39 €","6,83 €/Kg"
Creme descolorante,Veet,Garrafa de 150 ml,"10,49 €","69,93 €/L"
Snacks croc.amendoim,PorSi,Embalagem de 90g,"0,99 €","3,30 €/Kg"
Salsichas em lata,PorSi,Embalagem  de 120 g,"0,75 €","3,75 €/Kg"
"Chocolate m&m s, amendoim",M&m' s,Embalagem de 45 g,"11,98 €/Kg","11,98 €/Kg"
Água s/ gás,Luso,"Garrafa de 0,75 l","1,04 €","0,17 €/L"
Desodorizante Roll-On Dermo,Labell,Embalagem de 50 ml,"2,99 €","59,80 €/L"
Cerveja com álcool,Sagres,Garrafa de 1 l,"1,99 €/L","1,99 €/L"
Flocos de cereais com mel,PorSi,Embalagem de 750g,"2,19 €","8,76 €/Kg"
Alheira Extra Trás os Montes,PorSi,"Vendido ao peso, 1un= 200 gr (aprox.)","1,55 €","5,96 €/Kg"
10 nuggets de frango,Capitão Iglo,Embalagem de 210g,"2,34 €","7,31 €/Kg"
"Líquido refrigerante, verde 10%",PorSi,Embalagem de 5 l,"3,99 €","0,80 €/L"
Rissóis de peixe,Brilha ali,1 unidade = 60 gr,"0,65 €","0,65 €/Unidade"
Gel de Banho Shea Butter & Vanilla,Dove,Embalagem de 750 ml,"6,49 €","8,65 €/L"
Vinho verde branco,Presidente,Garrafa de 0.75 l,"3,09 €","3,09 €/L"
Salsichas de Aves Extra Suculentas,Nobre,frasco de 650g,"0,75 €","3,75 €/Kg"
Vinho maduro tinto,Alto de Pias,Garrafa de 5 l,"5,19 €","1,04 €/L"
Leite com chocolate original,Ucal,Embalagem de 6 x 250 ml,"0,26 €","1,30 €/L"
Máquina Depilatória Descartável 3 Sensitive,Bic,Embalagem com 4+2 unidades,"3,29 €","3,29 €/Unidade"
Mopa com cabo,PorSi,1 unidade,"9,99 €","9,99 €/Unidade"
Néctar clássico tutti frutti,Compal,Garrafa de 200 ml,"0,99 €","0,99 €/L"
Sidra maçã,Somersby,pack 4 x 0.33 l,"1,59 €","3,18 €/L"
Gambão 20/30,Marisco Congelado,Vendido a partir de 250 (aprox.),"3,25 €","12,99 €/Kg"
Senses Tropical,Trident,1 un.,"0,89 €","59,33 €/Kg"
Petit gâteau,PorSi,Embalagem de  4 x 80 g,"2,99 €","5,54 €/Kg"
Sopa Creme de Marisco,PorSi,Embalagem de 80 g,"0,84 €","13,55 €/Kg"
Bife do Lombo,Novilho,1 un= 150 gr (aprox.),"6,20 €","7,75 €/Kg"
Salsichas Frankfurt em lata,Izidoro,Embalagem de 250g,"0,75 €","3,75 €/Kg"
Tarteletes com recheio avelã,PorSi,Embalagem de 91g,"2,15 €","2,87 €/Kg"
Café em cápsulas Dolce Gusto Sical,Nescafé,64 cápsulas,"59,82 €/Kg","59,82 €/Kg"
Salsichas extra suculentas de peru,Nobre,Frasco de 210g,"0,75 €","3,75 €/Kg"
Espetadas,Porco,1 un = 150 gr (aprox.),"4,38 €","4,38 €/Kg"
"Bebida açucarada  tinto de verão, clássico",Sandevid,"Garrafa de 1,5 l","2,39 €","1,59 €/L"
Mini tosta trigo,Diatosta,Embalagem de 90 g,"2,39 €","6,83 €/Kg"
Desinfetante p/ Cozinha,Sanytol,Embalagem de 750 ml,"4,49 €","5,99 €/L"
Leite UHT Meio Gordo,Gresso,Embalagem de 1 l,"0,78 €","0,78 €/L"
"Gomas talhadas, sabor a melancia",Fini,Embalagem de 100 g,"1,19 €","3,97 €/Kg"
20 saquetas chá de pêssego manga,Lipton,Embalagem de 40g,"58,00 €/Kg","58,00 €/Kg"
Pão ralado alho e salsa,PorSi,Embalagem de 240 g,"0,55 €","2,29 €/Kg"
Leite uht sem lactose magro,PorSi Viva Bem,1 litro,"0,94 €","0,94 €/L"
Vinho do porto white,Cruz,Garrafa de 750 ml,"11,99 €","15,99 €/L"
Camarão selvagem de Madagáscar 60/80,*,Vendido ao peso,"3,25 €","12,99 €/Kg"
Bambolitos brancos,PorSi,Embalagem de 150g,"0,79 €","5,27 €/Kg"
Gelatina pronta a comer light 10 kcal ananás,Royal,Embalagem de 4 x 100 g,"0,85 €","2,13 €/Kg"
Bife de atum,PorSi,Embalagem de 400 g,"4,39 €","10,98 €/Kg"
Alimento lácteo sem açucar com sabor a pêssego/banan...,Yogolino,Embalagem de 4 x 100 gr,"2,89 €","7,23 €/Kg"
Repelente de água,PorSi,Embalagem de 250 ml,"3,99 €","0,80 €/L"
Manteiga magra baixo teor sal,President,Embalagem de 250g,"1,69 €","6,76 €/Kg"
Folhado de salsicha,PorSi,Embalagem de 6x60 g,"1,91 €","4,78 €/Kg"
"Espuma cabelo, hidra caracóis",Fru style,Embalagem de 200 ml,"3,99 €","53,20 €/L"
Super Cola 3 Mini Trio C/ Oferta de 1 Tubo Grátis,Loctite,4 g,"2,79 €","93,00 €/Kg"
Spray lixívia e higiene,Cillitbang,Garrafa de 500 ml,"5,99 €","11,98 €/L"
Salsicha Picante,Porco,1 un = 100 gr (aprox.),"0,50 €","4,99 €/Kg"
Ambientador Arbre Pinho,Arbre Magique,3 unidade,"2,49 €","2,49 €/Unidade"
Salmão Fumado da Escócia,PorSi Select,Embalagem de 80 g,"3,49 €","43,63 €/Kg"
Bolachinhas,Cerelac,Embalagem de 180g,"3,49 €","19,39 €/Kg"
Lápis de Cera Color'peps Wax,Maped,Embalagem com 12 un.,"1,49 €","1,49 €/Unidade"
Cerveja sem álcool,Super Bock,Pack 6 x 20 cl,"5,99 €","3,03 €/L"
Refrigerante sem gás de manga/laran,Joi,"Garrafa de 1,5 l","1,14 €","0,76 €/L"
Nectar vital equilibrio ananás/coco,Compal,Embalagem de 1 l,"0,99 €","0,99 €/L"
Gelatina frutos tropicais  10kcal,Royal,Embalagem de 30g,"0,55 €","61,11 €/Kg"
Flan sabor a baunilha com caramelo,PorSi,Embalagem de 6 x 100 g,"0,99 €","1,65 €/Kg"
Pano multiusos felpo,PorSi,1 unidade,"1,79 €","1,79 €/Unidade"
Fraldas de Incontinência Elásticos Grandes,Lindor,20 Unidades,"9,99 €","9,99 €/Unidade"
Desodorizante Roll'On Invisivel,Narta,Embalagem de 50 ml,"2,99 €","59,80 €/L"
Pera conference categoria: II,*,Vendido ao peso a partir de 300 g,"0,23 €","1,29 €/Kg"
Farinha de milho integral,Cemporcent,Embalagem de 500g,"2,29 €","15,27 €/Kg"
Arroz de feijão,Centralrest,250 g,"3,99 €","3,99 €/Kg"
Paprika,PorSi,Saqueta com 50 g,"0,25 €","0,25 €/Kg"
Farinha nao láctea bolacha maria,PorSi,Embalagem de 250g,"4,49 €","4,49 €/Kg"
Chocolate kit kat,Kit kat,Embalagem de 210g,"11,92 €/Kg","11,92 €/Kg"
Tomate Azul | categoria: II,*,Vendido ao peso,"0,55 €","2,19 €/Kg"
"Shampoo, laranja",PorSi,Embalagem de 1 l,"3,99 €","0,80 €/L"
Pilha alcalina classic lr03x4,Domédia,1 unidade,"1,49 €","1,49 €/Unidade"
Bolachas crackers c/ sal,Du bois,Embalagem de 500g,"0,39 €","3,12 €/Kg"
Nata uht,Mimosa,embalagem de 200 ml,"0,75 €","3,75 €/L"
Bolachas de aveia e trigo integral,PorSi Viva Bem,Embalagem de 240g,"2,82 €","9,40 €/Kg"
Rum spiced,Bacardi,Garrafa de 700 ml,"17,49 €","24,99 €/L"
Chá Aromatizado Pirâmide Baunilha/Caramelo,PorSi,20 x 2 g,"0,89 €","44,50 €/Kg"
Bolachas com cobertura de chocolate de leite,Oreo,Embalagem de 250g,"1,49 €","9,68 €/Kg"
Mix de sementes tradicional,Cemporcent,Embalagem de 250g,"1,94 €","3,88 €/Kg"
Café c/ cafeína intenso,Nescafe,Embalagem de 100g,"1,14 €","57,00 €/Kg"
Queijo Flamengo Bola,Limiano,1 un = 250 gr  (aprox.),"1,56 €","7,80 €/Kg"
Leite s/ lactose meio gordo,Mimosa,Garrafa de 1 l,"1,29 €","1,29 €/L"
Salsa folhas,PorSi,Saqueta de 12 g,"0,25 €","0,25 €/Kg"
Cappuccino intenso,Nescafe,Embalagem de 130g,"3,19 €","25,52 €/Kg"
Champô Limão & Argila,Ultra Suave,Embalagem de 400 ml,"3,34 €","8,35 €/L"
Desodorizante spray cool wave,Gillette,Embalagem de 150 ml,"2,99 €","59,80 €/L"
Amaciador G. Maravilhosa,Ultra Suave,Embalagem de 400 ml,"1,00 €","5,00 €/L"
Café moagem universal timor,Delta,Embalagem de 220g,"9,76 €/Kg","9,76 €/Kg"
Sidra maçã,Somersby,"Pack 15x0,20 L","1,59 €","3,18 €/L"
"Bloco de desenho A3, 24 folhas",Domédia,1 unidade,"1,99 €","1,99 €/Unidade"
Penso Higiénico Ultrafinos Normal Abas,PorSi,16 unidades,"4,99 €","4,99 €/Unidade"
Sal de mesa,PorSi,Embalagem de 250 g,"0,25 €","0,25 €/Kg"
Mini tostas integrais,PorSi,Embalagem de 180g,"2,39 €","6,83 €/Kg"
Spray tira gorduras,PorSi,Embalagem de 750 ml,"1,29 €","1,72 €/L"
Óleo Cedro Líquido,PorSi,Embalagem de 200 ml,"1,39 €","1,26 €/L"
Farinha láctea menos 40% açúcar,Cerelac,Embalagem de 250g,"4,49 €","4,49 €/Kg"
Cereais argolas de mel,PorSi,Embalagem de 375 g,"5,07 €/Kg","5,07 €/Kg"
Lixívia tradicional,PorSi,Embalagem de 1 l,"1,74 €","0,35 €/L"
Champô anti-caspa,Labell,Embalagem de 400 ml,"3,34 €","8,35 €/L"
Desodorizante Spray Invisible Care,Dove,Embalagem de 150 ml,"2,99 €","59,80 €/L"
Cereais chocapic,Nestle,Embalagem de 630g,"5,07 €/Kg","5,07 €/Kg"
Maçã Jonagored 70/75,Programa Origens,1 un = 150 gr (aprox.),"0,23 €","1,29 €/Kg"
Tomate pelado,Guloso,Embalagem de 800g,"0,99 €","1,98 €/Kg"
Cola Stic Renature,Uhu,Embalagem com 21 g,"2,19 €","109,50 €/L"
Massa de pontinha grossa,Nacional,Embalagem de 250g,"0,89 €","1,78 €/Kg"
Peito de frango,PorSi,"Vendido ao peso, fatiado a partir de 150 g","1,44 €","9,59 €/Kg"
Iogurte activia natural,Danone,Embalagem de 4 x 120 g,"2,79 €","6,07 €/Kg"
Água com gás,Vimeiro,pack 6 x 0.25 l,"2,85 €","2,85 €/L"
Néctar de 8 frutos,Bongo,Garrafa de 1 l,"0,99 €","0,99 €/L"
Feijão frade,Compal,Lata de 410 ml,"1,79 €","2,29 €/Kg"
Iogurte Pedaços Pêssego,PorSi,Embalagem de 2x135 g,"1,99 €","2,07 €/Kg"
Arroz basmati,PorSi,Embalagem de 1 kg,"0,99 €","0,99 €/Kg"
Francesinha,PorSi,Embalagem de 450G,"3,53 €","8,83 €/Kg"
Ovos galinha solo m,PorSi,6 ovos,"1,39 €","1,39 €/Unidade"
Arroz basmati,Caçarola,Embalagem de 1 kg,"0,99 €","0,99 €/Kg"
Medalhões de pescada,PorSi,Embalagem de 400 g,"4,39 €","10,98 €/Kg"
Longa vida morango tu banana coco 8x120,Longa vida,Embalagem de 960g,"1,99 €","2,07 €/Kg"
Bolacha chocomax mini,Nacional,Embalagem de 120 g,"0,90 €","6,00 €/Kg"
"Fermento em pó, lata",Royal,Embalagem de 110g,"1,89 €","17,18 €/Kg"
Vermute rosso,Martini,Garrafa de 1 l,"11,99 €","11,99 €/L"
Arroz integral,PorSi Viva Bem,Embalagem de 1 kg,"0,99 €","0,99 €/Kg"
Nuggets frango,PorSi,pack familiar de 1 kg,"2,34 €","7,31 €/Kg"
"Escova dentífrica infantil, minions, + 6 anos",Colgate,1 + 1 unidade grátis,"3,19 €","3,19 €/Unidade"
"Limpa vidros pistola, tripla acção",Ajax,Embalagem de 500 ml,"3,19 €","6,38 €/L"
Rolo de Cozinha Branco Eco Compacto,PorSi,2 = 6 Rolos,"1,69 €","1,69 €/Unidade"
4 hamburguers vaca s/ glúten,Capitão Iglo,Embalagem de 320g,"2,34 €","7,31 €/Kg"
Néctar vital equilíbrio frutos vermelhos,Compal,Garrafa de 200 ml,"0,99 €","0,99 €/L"
Leite uht meio gordo,Mimosa,Embalagem de 1 litro,"0,78 €","0,78 €/L"
Café em cápsulas  qonvictus,Delta Q,Embalagem de 55 g,"59,82 €/Kg","59,82 €/Kg"
Delta chicória + cafe soluvel lata,Delta,Embalagem de 250g,"1,14 €","57,00 €/Kg"
Maçã Golden 70/75,Programa Origens,1 un = 180 gr (aprox.),"0,23 €","1,29 €/Kg"
Creme de fixação para dentaduras,Labell,Embalagem de 50 g,"7,39 €","105,57 €/Kg"
Spray tira gorduras,Cillitbang,Garrafa de 500 ml,"5,99 €","11,98 €/L"
Iogurte Bifidus Activia Chia Amêndoa 0%,Danone,Embalagem 4x120g,"2,79 €","6,07 €/Kg"
Agrafador + 400 agrafos,Domédia,Uma embalagem,"2,19 €","109,50 €/L"
"Alimento seco para cão, croquetes pro adulto",PorSi Select,Embalagem de 4 Kg,"1,15 €/Kg","1,15 €/Kg"
Cem porcento-chá infusão sem barriga,Cemporcent,Embalagem de 13g,"0,89 €","44,50 €/Kg"
Detergente liquido loiça limão,PorSi,Garrafa de 1 litro,"7,29 €","4,86 €/L"
Bacalhau Crescido da Noruega,PorSi,1 un=1.5kg (aprox.),"8,73 €/Kg","8,73 €/Kg"
Lambrusco rose,*,Garrafa de 750 ml,"2,09 €","2,79 €/L"
"Paté de sarinha, atum e marisco",Fides,Embalagem de 90g,"1,19 €","13,52 €/Kg"
Vinho branco,PorSi,embalagem de  3X187 ml,"0,85 €/L","0,85 €/L"
Bebida de Soja Chocolate,PorSi Viva Bem,Pack: 3 x 200 ml,"2,49 €","2,49 €/L"
Queijo fatias -50% de gordura,Limiano,Embalagem de 400g,"1,56 €","7,80 €/Kg"
Bife da Alcatra,Novilho,1 un = 200 gr (aprox.),"6,20 €","7,75 €/Kg"
Bandas de cera fria peles normais,Veet,Embalagem de 20 unidades,"6,99 €","6,99 €/Unidade"
Ambientador stick perfume mulled wine,Air Wick,Embalagem de 1 unidades,"2,99 €","11,96 €/L"
Vinho Vinha da Fonte Setúbal tinto,Casa Ermelinda Freitas,Garrafa de 0.75 l,"4,99 €","6,65 €/L"
Queijo da Ilha DOP Cura 4 Meses,São Jorge,Vendido ao peso a partir de 250 gr,"2,90 €","11,59 €/Kg"
Desodorizante creme dermacare,Vasenol,Embalagem de 50 ml,"2,99 €","59,80 €/L"
Cereais fitness chocolate preto,Nestle,Embalagem de 375g,"3,99 €","13,30 €/Kg"
2 Vieiras Gratinadas À Bretanha,PorSi Select,220 g,"1,89 €","6,30 €/Kg"
Farinha rainha c/ fermento,Nacional,Embalagem de 1000 g,"1,99 €","1,99 €/Kg"
Esponja limpa camurça,PorSi,1 unidade,"1,49 €","1,49 €/Unidade"
Ananás em rodelas,PorSi,Embalagem de 565 g,"1,99 €","2,37 €/Kg"
"Sabonete líquido, recarga, dermoprotetor",Labell,Embalagem de 500 ml,"2,18 €/L","2,18 €/L"
Fraldas agility T5 de 13 a 18 kg,PorSi,44 unidades,"6,49 €","6,49 €/Unidade"
Mini Tostas de Trigo,PorSi,Embalagem de 350 g,"2,39 €","6,83 €/Kg"
Lixivia perfumada,PorSi,Garrafa de 2 l,"1,74 €","0,35 €/L"
Arroz agulha,Saludães,Embalagem de 1kg,"0,99 €","0,99 €/Kg"
Iogurte líquido morango / framboesa corpos danone,Danone,Embalagem de 4 x 155 g,"1,17 €","1,83 €/Kg"
Ração seca para cão croquetes pro júnior,PorSi Select,Embalagem de 3 Kg,"1,15 €/Kg","1,15 €/Kg"
Azeite tradição,Oliveira da Serra,Embalagem 3L,"3,19 €","4,25 €/L"
5 douradinhos rústicos,Capitão Iglo,Embalagem de 300g,"1,91 €","4,78 €/Kg"
Detergente liquido para máquina de lavar roupa activ...,Skip,Embalagem de 80 doses,"8,69 €","1,84 €/Kg"
Massa de argolinhas,Nacional,Embalagem de 250g,"0,89 €","1,78 €/Kg"
Bife do Acém Redondo,Novilho,1 un = 250 gr  (aprox.),"6,20 €","7,75 €/Kg"
Limpa máquinas de loiça limão,PorSi,Embalagem de 250 ml,"2,99 €","2,99 €/Unidade"
10 saquetas chá frutos vermelhos,Lipton,Embalagem de 10g,"58,00 €/Kg","58,00 €/Kg"
Fermento,Royal,Embalagem de 230g,"1,89 €","17,18 €/Kg"
Bolacha maria doces,Vieira,Embalagem de 300g,"2,11 €/Kg","2,11 €/Kg"
Gelatina pronta a comer tutti frutti,Royal,Embalagem de 4x100 g,"0,85 €","2,13 €/Kg"
Refrigerante sem gás laranja,Trina,"Garrafa de 1,5 l","1,14 €","0,76 €/L"
10 croquetes de carne,PorSi,Embalagem de 300 g,"1,91 €","4,78 €/Kg"
Sabonete patti,Ach Brito,Embalagem de 160 g,"1,99 €","12,44 €/Kg"
Sombrinhas de Natal,Regina,Embalagem de 35 g,"1,29 €","36,86 €/Kg"
Bolachas chips ahoy,Ca!,Embalagem de 130g,"0,90 €","6,00 €/Kg"
Spray power&shine vidros,Cif,Garrafa de 750 ml,"0,79 €","0,79 €/L"
Fiambre da Pá,PorSi,1 un = 150 gr (aprox.),"0,97 €","6,49 €/Kg"
Leite condensado magro,PorSi,Embalagem de 390 g,"1,09 €","2,75 €/Kg"
8 hamburguers s/ glúten frango,Capitão Iglo,Embalagem de 480g,"11,44 €/Kg","11,44 €/Kg"
Bolacha chocodiet nature,Gullon,Embalagem de 270g,"0,79 €","5,27 €/Kg"
Iogurte oikos pêssego,Danone,Embalagem de 4 x 110g,"2,99 €","6,80 €/Kg"
"Palmilha de cortiça com látex, tamanho 36/37",Sonaf,1 unidade,"1,85 €","1,85 €/Unidade"
Desodorizante Pure & Natural Roll-On,Nivea,50 ml,"2,99 €","59,80 €/L"
"Refrigerante sem gás, laranja",Joi,"Garrafa de 1,5 l","1,14 €","0,76 €/L"
Peito de peru,Salsicharia Limiana,"Vendido ao peso, fatiado","1,44 €","9,59 €/Kg"
Farinha de trigo integral,Cemporcent,Embalagem de 500g,"2,29 €","15,27 €/Kg"
Bolachas Rosquilhas com Canela,Cuetara,Embalagem de 300g,"1,69 €","6,76 €/Kg"
Ração seca para gato adulto de peixe,PorSi,Embalagem 2 kg,"3,99 €","2,00 €/Kg"
Filetes de cavala em azeite,PorSi,Embalagem de 120 g,"9,08 €/Kg","9,08 €/Kg"
Bebida de soja com cálcio,PorSi Viva Bem,Embalagem de 1 litro,"2,49 €","2,49 €/L"
"Pasta dentífrica, tripla ação",Labell,Embalagem de 75 ml,"2,39 €","31,87 €/L"
Iogurte líquido morango/cereais,PorSi,Embalagem de 4 x 160 g,"1,17 €","1,83 €/Kg"
Saqueta puré de fruta e bolacha,PorSi,Embalagem de 90g,"0,74 €","8,22 €/Kg"
Palmiers,PorSi,Embalagem de 720 g,"0,69 €","3,45 €/Kg"
Cerveja super bock,Super Bock,Pack 6 x 200 ml,"1,99 €/L","1,99 €/L"
Azeite virgem clássico,PorSi,Garrafa de 750 ml,"3,19 €","4,25 €/L"
Gel pure 3 em 1,Garnier,Embalagem de 150 ml,"2,69 €","53,80 €/L"
Sopa de tomate,Knorr,Embalagem de 90g,"0,84 €","13,55 €/Kg"
Queijo fundido vaca que ri light 24 porções,A Vaca Que Ri,Embalagem de 400g,"2,39 €","19,92 €/Kg"
Livro Quero Conhecer Alfabeto,Europrice,1 unidade,"3,79 €/Unidade","3,79 €/Unidade"
Sopa Canja de Galinha c/ Aletria,PorSi,Embalagem de 75 g,"0,84 €","13,55 €/Kg"
Esferográfica Cristal Ouro e Prata x2,Bic,1 unidade,"3,19 €","3,19 €/Unidade"
Cabeça c/ Osso,Porco,1 un = 1.5 kg (aprox.),"0,50 €","4,99 €/Kg"
Papel higiénico branco 2 folhas,PorSi,48 rolos,"1,99 €","1,99 €/Unidade"
Tablete de chocolate culinário 70% negro,PorSi,Embalagem de 200 g,"0,99 €","4,95 €/Kg"
Pães de leite redondos,s. tomé,Embalagem de 300 g,"1,09 €","3,63 €/Kg"
Aba c/ Osso,Novilho,Vendido ao peso a partir de 800 g,"6,20 €","7,75 €/Kg"
Desodorizante Roll'On Toque Nacar,Narta,Embalagem de 50 ml,"2,99 €","59,80 €/L"
"Vela em número, nº 8",PorSi,1 unidade,"0,80 €","0,80 €/Unidade"
Água mineral sem gás,Vitalis,Pack 6 x 1.5 l,"1,04 €","0,17 €/L"
Iogurte líquido yoggi morango/banana,Nestle,Embalagem de 4 x 160 g,"1,17 €","1,83 €/Kg"
Massa de cotovelos grandes riscados,Milaneza,Embalagem de 500g,"0,89 €","1,78 €/Kg"
Queijo flamengo fatiado,PorSi,Embalagem de 200G,"1,56 €","7,80 €/Kg"
Arroz carolino,Louro,Embalagem de 1 kg,"0,99 €","0,99 €/Kg"
Café descafeinado,PorSi,Embalagem de 250g,"1,59 €","6,36 €/Kg"
Leite Bem Essencial cereais,Mimosa,Embalagem de 4 x 200 ml,"1,89 €","2,36 €/L"
Aditivo diesel,Redex,Embalagem de 250 ml,"25,99 €","5,20 €/L"
Cillit bang limpa vidros,Cillitbang,Garrafa de 500 ml,"3,19 €","6,38 €/L"
Puré de maçã sem adição açúcar,PorSi,700 g,"0,74 €","8,22 €/Kg"
Bolachas Maria sem Açúcar,Vieira de Castro,Embalagem de 300 g,"2,11 €/Kg","2,11 €/Kg"
Tablete chocolate de leite,PorSi,embalagem de 100 g,"5,30 €/Kg","5,30 €/Kg"
Leite com chocolate light,Ucal,Embalagem de 6 x 250 ml,"0,26 €","1,30 €/L"
Feijão manteiga,PorSi,Frasco com 540 g,"1,79 €","2,29 €/Kg"
Tira gorduras recarga,Mistolin,Garrafa de 550 ml,"4,49 €","5,99 €/L"
Vinho regional península de setúbal,Dom Campos,Garrafa de 0.75 l,"4,99 €","6,65 €/L"
Carne p/ Assar,Novilho,Vendido ao peso a partir de 800 g,"6,20 €","7,75 €/Kg"
Café solúvel c/ cafeína,Delta,Embalagem de 100g,"1,14 €","57,00 €/Kg"
Descafeinado,Buondi,10 cápsulas,"1,59 €","6,36 €/Kg"
Queijo fresco de cabra,Santiago,Embalagem de 130g,"1,09 €","5,45 €/Kg"
"Queijo médio, metades",Casteloes,Embalagem de 580g,"3,35 €","13,39 €/Kg"
Sumo 100% laranja,Compal,1 litro,"1,09 €","0,73 €/L"
Bolachas Vitalday crocantes aveia e chocolate de lei...,Gullon,Embalagem de 300g,"2,15 €","2,87 €/Kg"
Bolachas marinheiras s/ sal,Cemporcent,Embalagem de 200g,"1,45 €","11,15 €/Kg"
Spray power&shine multiusos c/ lixívia,Cif,Garrafa de 750 ml,"0,79 €","0,79 €/L"
Leite condensado,PorSi,Embalagem de 397 g,"1,09 €","2,75 €/Kg"
Cogumelos laminados,PorSi,Embalagem de 185 g,"1,79 €","2,29 €/Kg"
Actimel tutti-frutti,Danone,Embalagem de 6 x 100g,"4,15 €/Kg","4,15 €/Kg"
Discos de algodão para bebé,PorSi,60 unidades,"4,99 €","4,99 €/Unidade"
"Creme revitalizante, noite",L'oreal,Embalagem de 50 ml,"2,69 €","53,80 €/L"
Arroz vaporizado,PorSi,Embalagem de 1 kg,"0,99 €","0,99 €/Kg"
Farinha para pão integral,Nacional,Embalagem de 1 kg,"1,99 €","1,99 €/Kg"
Bolachas cracker sem sal,PorSi,Embalagem de 500g,"0,39 €","3,12 €/Kg"
Preparado de tarte de flã,PorSi,360 g,"0,45 €","5,00 €/Kg"
Cerveja com álcool,Sagres,pack 24 x 0.25 l,"1,99 €/L","1,99 €/L"
Queijo mascarpone,Páturages,Embalagem 250G,"1,59 €","6,36 €/Kg"
Máquina Depilatória Descartável Miss Soleil Sensitiv...,Bic,1 + 2 Unidades Grátis,"5,49 €","5,49 €/Unidade"
Ice tea de pêssego,PorSi,"Embalagem de 1,5 l","1,14 €","0,76 €/L"
Linhaça dourada moída,Cemporcent,Embalagem de 200g,"2,29 €","15,27 €/Kg"
Molho de maionese com alho e ervas,PorSi,Garrafa de 120 ml,"0,70 €","2,33 €/Kg"
Ananás pedaços em calda,PorSi,Embalagem de 565g,"1,99 €","2,37 €/Kg"
Massa em espirais,PorSi,Embalagem de 500g,"0,89 €","1,78 €/Kg"
Cápsulas de café qharacter,Delta Q,Embalagem de 60g,"59,82 €/Kg","59,82 €/Kg"
Spray renova camurça preta,PorSi,Embalagem de 200 ml,"2,89 €","14,45 €/L"
Panquecas,Condi,Embalagem de 400g,"0,45 €","5,00 €/Kg"
"Refeição pronta, boião de frango e arroz",Bledina,Embalagem de 200g,"3,88 €","9,70 €/Kg"
"Sabonete sólido, mel",Feno,Embalagem de 360g,"1,99 €","12,44 €/Kg"
Pensos Higiénicos Cottonlike com Abas Normal Plus,Evax,28 unidades,"4,99 €","4,99 €/Unidade"
Pincel de caiar,Itools,1 unidade,"5,39 €","5,39 €/Unidade"
Refrigerante com gás free,Seven-up,"Garrafa de 1,25 l","0,40 €/L","0,40 €/L"
Farelo de trigo,Cemporcent,Embalagem de 250g,"2,29 €","15,27 €/Kg"
"Ice tea, pêssego",PorSi,"Embalagem de 6x0,20 l","1,14 €","0,76 €/L"
Manteiga amendoim cremosa,Calve,Embalagem de 350g,"8,54 €/Kg","8,54 €/Kg"
Concentrado manga,Sunquick,Garrafa de 580 ml,"4,79 €","6,47 €/L"
"Bombons de chocolate, praleine",Schogetten,Embalagem de 100g,"5,30 €/Kg","5,30 €/Kg"
Aperfeiçoador BB Cream Médio,Garnier,Embalagem de 50 ml,"2,69 €","53,80 €/L"
Livro Quero Conhecer os Números,Europrice,1 unidade,"3,79 €/Unidade","3,79 €/Unidade"
Creme de Limpeza Facial com Chá Kombucha,Diadermine,40 g,"6,79 €","33,95 €/L"
Pernil,Porco,1 un = 1 kg (aprox.),"4,38 €","4,38 €/Kg"
Mala de ferramentas,Itools,49 peças,"5,39 €","5,39 €/Unidade"
Salsichas extra suculentas de frango,Nobre,Frasco de 210g,"0,75 €","3,75 €/Kg"
Champô cacau&côco,Ultra Suave,Embalagem de 400 ml,"3,34 €","8,35 €/L"
Maquina depilatório twin lady,Bic,Embalagem de 5 + 1 un.,"5,49 €","5,49 €/Unidade"
Camarão Tigre Selvagem do Senegal 1/5,Nossa seleção,Congelado,"3,25 €","12,99 €/Kg"
"Fiambre extra, fatiado",PorSi,Embalagem de 200g,"0,97 €","6,49 €/Kg"
Marmelada,Ferbar,Embalagem de 800g,"1,09 €","2,42 €/Kg"
Massa de macarrão riscado,Nacional,Embalagem de 500g,"0,89 €","1,78 €/Kg"
Costeletas do Lombo,Porco,Vendido ao peso a partir de 1 kg,"4,38 €","4,38 €/Kg"
Bolachas crackers com sal,PorSi,Embalagem de 500g,"0,39 €","3,12 €/Kg"
Vinho doc alentejo tinto,Albarrada,Garrafa de 750 ml,"2,89 €","3,85 €/L"
Carne p/ Estufar,Novilho,Vendido ao peso a partir de 800 g,"6,20 €","7,75 €/Kg"
Iogurte Activia Fibras Aveia & Frutos Secos,Danone,Embalagem 4x115g,"2,79 €","6,07 €/Kg"
Lava Tudo Perfumado Lavanda,PorSi,Embalagem de 2 l,"0,99 €","0,50 €/L"
Manhãzitos® mini,Manhazitos,Embalagem de 84g,"2,69 €","12,81 €/Kg"
Tablete de chocolate preto,Nestle,Embalagem de 130g,"0,99 €","4,95 €/Kg"
Desodorizante Pure & Natural Spray,Nivea,150 ml,"2,99 €","59,80 €/L"
Sultana Dourada,PorSi,Embalagem de 200g,"1,39 €","6,95 €/Kg"
Iogurte líquido infantil morango e banana,PorSi,Pack 6 x 100 g,"1,17 €","1,83 €/Kg"
Sementes de girassol,PorSi Viva Bem,Embalagem de 200 g,"1,59 €","10,60 €/Kg"
Fralda cueca T4 - 8 a 14 kg,PorSi,22 unidades,"4,59 €","4,59 €/Unidade"
"Gel banho, Romã e Bambu",Labell,Embalagem de 750 ml,"6,99 €","9,32 €/L"
Néctar de laranja,Bongo,Garrafa de 1 l,"0,99 €","0,99 €/L"
Liegeois de chocolate,Milchfrisc,Embalagem de 200g,"0,55 €","2,75 €/Kg"
Leite seleccionado meio gordo,Matinal,Garrafa de 1 l,"0,78 €","0,78 €/L"
Recargas de esfregão com cabo,Fino,embalagem com 3 un.,"2,79 €","2,79 €/Unidade"
Lixívia Tradicional,Neoblanc,Embalagem de 4 l,"1,74 €","0,35 €/L"
Iogurte natural,PorSi,Embalagem 12 x 125 g,"0,99 €","1,98 €/Kg"
Manhãzitos original,Manhazitos,Embalagem 6x2 unidades,"2,69 €","12,81 €/Kg"
"Pasta dentífrica, 7-13 anos",Labell,Embalagem de 75 ml,"3,19 €","3,19 €/Unidade"
Bandas de Cera Depilatória Bikini,Veet,100ml + Bálsamo 50 Ml,"10,49 €","69,93 €/L"
Flocos de trigo integral,Cemporcent,Embalagem de 400g,"0,69 €","1,73 €/Kg"
Soja fina,Cemporcent,Embalagem de 400g,"2,29 €","15,27 €/Kg"
Chá preto frutos vermelhos,PorSi,Embalagem de 40g,"1,99 €","49,75 €/Kg"
Sopa de Cebola,PorSi,Embalagem de 62 g,"0,84 €","13,55 €/Kg"
Gomas beijinhos,PorSi,Embalagem de 300 g,"1,19 €","3,97 €/Kg"
Snack para gato de galinha e pato,Catisfactions,Embalagem de 60g,"0,99 €","16,50 €/Kg"
Gel Styling Casual Black,Axe,Embalagem de 75 ml,"5,99 €","39,93 €/L"
Sementes de chia,PorSi Viva Bem,Embalagem de 150 g,"1,59 €","10,60 €/Kg"
Vinho tinto regional peninsula de setúbal,Fonte nico,Garrafa de 750 ml,"4,99 €","6,65 €/L"
Iogurte natural,Danone,Embalagem de 8x120g com 1 unidade grátis,"0,99 €","1,98 €/Kg"
Leite Meio Gordo sem Lactose,Mimosa,Pack 4 x 200 ml,"2,19 €","2,19 €/L"
Deo Roll On Men Dry Fresh,Nivea Men,50 ml,"2,99 €","59,80 €/L"
Ervilhas bio,PorSi Bio,Frasco com 290 g,"1,79 €","2,29 €/Kg"
Queijo azul,PorSi,100 g,"1,89 €","18,90 €/Kg"
Leite uht meio gordo,Agros,Embalagem 1L,"0,78 €","0,78 €/L"
Desodorizante Roll'On Bio Eficácia,Narta,Embalagem de 50 ml,"2,99 €","59,80 €/L"
Assador Castanhas em Barro,Produto selecionado,Diam.: 17 cm,"4,99 €/Unidade","4,99 €/Unidade"
Creme vegetal culinário,Vaqueiro,Embalagem de 1 kg,"1,59 €","6,36 €/Kg"
Bolachas tosta rica,Cuetara,Embalagem de 570g,"3,49 €","19,39 €/Kg"
Choco flakes,Cuetara,Embalagem de 500g,"5,07 €/Kg","5,07 €/Kg"
"Espuma de cabelo, volume absoluto",Pantene,Embalagem de 200 ml,"3,99 €","53,20 €/L"
Assento Topo Eco Grupo 2/3,Nania,,"4,99 €","19,96 €/L"
"Coloração permanente, vermelho ousado nº5.62",Nutrisse,1 unidade,"9,49 €/Unidade","9,49 €/Unidade"
Néctar 8 frutos,Bongo,Pack 6 x 200 ml,"0,99 €","0,99 €/L"
Lixívia Spray Mousse,Neoblanc,Embalagem de 700ml,"1,09 €","0,55 €/L"
Dentifríco anti-tártaro + branqueador,Colgate,Embalagem de 75 ml,"2,39 €","31,87 €/L"
"Sumo 100%, tutti-frutti",PorSi,"Embalagem de 1,5 l","1,09 €","0,73 €/L"
Pensos Incontinência Mulher Discreet Normal,Tena,Embalagem com 24 unidades,"1,95 €","1,95 €/Unidade"
Bolachas bambolitos chocolate e leite,PorSi,Embalagem de 150g,"0,79 €","5,27 €/Kg"
Desodorizante roll-on invisible dry,Dove,Embalagem de 50 ml,"2,99 €","59,80 €/L"
Lambrusco tinto,*,Garrafa de 750 ml,"2,09 €","2,79 €/L"
Mistolin tira-nódoas,Mistolin,Garrafa de 500 ml,"1,79 €","2,39 €/L"
Vinagre vinho branco 250ml,Cristal,Garrafa de 250 ml,"0,35 €","0,70 €/L"
Manteiga com sal e sem lactose,Mimosa,Embalagem de 250g,"0,99 €","1,98 €/Kg"
Água c/ gás limão,Frize,pack 4 x 0.25 l,"2,85 €","2,85 €/L"
Detergente líquido máquina de roupa sabão natural,PorSi,86 Doses,"8,69 €","1,84 €/Kg"
Intensificador de perfume em gel para a roupa romanc...,Quanto,300 ml,"9,99 €","33,30 €/L"
Esfregona de Microfibras Completa,PorSi,1 unidade,"4,00 €","4,00 €/Unidade"
Pilha alcalina hightech lr20x2,Domédia,1 unidade,"1,49 €","1,49 €/Unidade"
Tablete de chocolate leite c/ avelãs,Milka,Embalagem de 270g,"4,09 €","14,82 €/Kg"
Creme vegetal soja,Planta,Embalagem de 250 gr,"1,59 €","6,36 €/Kg"
Desodorizante Roll-On Dry,Labell,Embalagem de 50 ml,"2,99 €","59,80 €/L"
Atum posta em óleo,Bom petisc,Embalagem de 120 g,"9,08 €/Kg","9,08 €/Kg"
Snack de milho com queijo,Cheetos,Embalagem de 75 g,"0,99 €","3,30 €/Kg"
Sumo concentrado de laranja,GUD,Garrafa de 740 ml,"4,79 €","6,47 €/L"
Creme vegetal culinário,Vaqueiro,Embalagem de 250 g,"2,89 €","2,89 €/Kg"
Guardanapos Gold 2 folhas,Renova,Dim.: 39x39cm,"1,29 €","1,29 €/Unidade"
Cenoura Granel,Legumes do Dia,1 un = 100 gr (aprox.),"0,05 €","0,49 €/Kg"
Pescada de África do Sul,Peixe Congelado,"Vendido ao peso, 1 unidade = 400 a 600 g aprox.","1,57 €","4,49 €/Kg"
Eau de Toilette Golden Kiss,B.U.,Embalagem de 50 ml,"11,99 €","239,80 €/L"
Leite UHT Meio Gordo,PorSi,Embalagem de 200 ml,"0,78 €","0,78 €/L"
Bacalhau desfiado,PorSi,Embalagem de 500g,"4,99 €","9,98 €/Kg"
Camarão Cozido 20/30,PorSi,1 un = 250 gr  (aprox.),"3,25 €","12,99 €/Kg"
Infusão funcho,Cemporcent,Embalagem de 10 unidades,"0,99 €","76,15 €/Kg"
Gelatina ananás 10kcal,Royal,Embalagem de 30g,"0,55 €","61,11 €/Kg"
Escalopes,Frango,1 un = 150 gr (aprox.),"1,40 €","3,99 €/Kg"
Magusto ribatejano,*,Vendido ao peso,"3,99 €","3,99 €/Kg"
Porto branco,Valadao,Garrafa de 750 ml,"11,99 €","15,99 €/L"
Sal marinho integral,Cemporcent,Embalagem de 1 kg,"0,69 €","0,69 €/Kg"
Azeite virgem extra seleção,PorSi,Garrafa de 2 l,"3,19 €","4,25 €/L"
Tablete de chocolate negro,PorSi Select,200 g,"4,09 €","14,82 €/Kg"
Bife da Alcatra,Novilho,1 un = 250 gr (aprox.),"6,20 €","7,75 €/Kg"
Farinha láctea cerelac,Cerelac,Embalagem de 500g,"4,49 €","4,49 €/Kg"
Pescada 4 África do Sul Posta p/ Cozer,Peixe Congelado Higienizado,1 un = 100G (aprox.),"1,20 €","7,99 €/Kg"
Ambientador automático lavanda,PorSi,250 ml,"2,99 €","11,96 €/L"
Tranche do Cachaço,Porco,1 un = 150 gr (aprox.),"4,38 €","4,38 €/Kg"
Marmelada,PorSi,Embalagem de 450g,"1,09 €","2,42 €/Kg"
Néctar clássico de pera,Compal,Garrafa de 200 ml,"0,99 €","0,99 €/L"
Azeite virgem delicado,Gallo,Garrafa de 750 ml,"3,19 €","4,25 €/L"
Cápsulas de café delta qualidus,Delta Q,Embalagem de 60g,"59,82 €/Kg","59,82 €/Kg"
Iogurte pedaços ananás,PorSi,Embalagem de 4 x 125 g,"4,36 €","2,18 €/Kg"
Lava Tudo Amoniacal,Sonasol,"Garrafa de 1,3 l","0,99 €","0,50 €/L"
Anticongelante vermelho 20%,PorSi,Embalagem de 1 l,"3,99 €","0,80 €/L"
Maionese,PorSi,Embalagem de 414 g,"0,70 €","2,33 €/Kg"
Tablete de chocolate leite,Schogetten,Embalagem de 100g,"5,30 €/Kg","5,30 €/Kg"
Pastilhas fire canela,CHICLETS,Embalagem de 16 g,"0,89 €","59,33 €/Kg"
Espetadas,Frango,1 un= 150 gr (aprox.),"1,40 €","3,99 €/Kg"
Sabao azul e branco,PorSi,Embalagem de 400g,"1,09 €","2,73 €/Kg"
Desodorizante roll-on talco,Dove,Embalagem de 50 ml,"2,99 €","59,80 €/L"
Fiambre da perna extra,PorSi,Pack Poupança de 2 x 170 g,"0,97 €","6,49 €/Kg"
Tostas integrais,PorSi,Embalagem de 225g,"2,39 €","6,83 €/Kg"
Sacos do lixo perfumado 30 litros,PorSi,15 unidades,"1,79 €","1,79 €/Unidade"
Loção tónica para pele seca,Labell,Embalagem de 250 ml,"6,79 €","33,95 €/L"
"Bacalhau graúdo inteiro salgado, seco",Bacalhau da Islândia,1 un= 2.5kg (aprox.),"8,73 €/Kg","8,73 €/Kg"
Assento Topo Eco Grupo 2/3,Nania,,"7,99 €","7,99 €/Unidade"
Pão de forma sem côdea especial torradas,Panrico,Embalagem de 510g,"2,63 €/Kg","2,63 €/Kg"
Farinheira das beiras,PorSi,Embalagem de 260G,"1,55 €","5,96 €/Kg"
Bolacha cream cracker,Cuetara,Embalagem de 200g,"0,39 €","3,12 €/Kg"
Bebida de soja e chocolate,PorSi Viva Bem,Embalagem de 1 l,"2,49 €","2,49 €/L"
Café Moagem Universal Honduras,PorSi,Embalagem de 220g,"9,16 €/Kg","9,16 €/Kg"
Bacalhau Especial Extra da Noruega,Bacalhau,1 un=4kg (aprox.),"8,73 €/Kg","8,73 €/Kg"
"Amaciador de roupa, azul",Comfort,Garrafa de 4 l,"8,99 €","2,25 €/L"
Cachaço s/ Osso,Porco,,"1,50 €","5,99 €/Kg"
Morangos 100% Naturais,PorSi,Embalagem de 750 g,"3,29 €","4,39 €/Kg"
"Limpa vidros, azul",Arbo,Embalagem de 1 l,"3,19 €","6,38 €/L"
Descafeinado em cápsulas Pianíssimo 10x5g,PorSi Select,Embalagem de 50g,"1,59 €","6,36 €/Kg"
Leite de pastagem magro,Terra Nostra,Embalagem de 1 litro,"0,94 €","0,94 €/L"
Toalhitas Bebé Nature,PorSi,64 unidades,"1,09 €/Unidade","1,09 €/Unidade"
"Creme Hidratante de Dia, pele normal",Bioten,Embalagem de 50 ml,"2,69 €","53,80 €/L"
Bolachas com recheio de chocolate,PorSi,Embalagem de 3 x 250 g,"2,15 €","2,87 €/Kg"
Magnum mini 3 chocolates,Olá,Embalagem de 6 x 55 ml,"4,99 €","15,12 €/L"
Farinha de centeio,Cemporcent,Embalagem de 500g,"2,29 €","15,27 €/Kg"
Camarão 60/95,PorSi,Vendido a partir de 250 (aprox.),"3,25 €","12,99 €/Kg"
Pastilhas melão e melancia,Trident,Embalagem de 20g,"0,89 €","59,33 €/Kg"
Salmão posta ao natural,PorSi Select,Lata de 120 g,"9,08 €/Kg","9,08 €/Kg"
Cereais nesquik,Nestle,Embalagem de 625g,"5,07 €/Kg","5,07 €/Kg"
Batata pré-frita noisette,PorSi,Embalagem de 1 kg,"2,39 €","3,98 €/Kg"
Perna para Assar,Porco,1 un = 500 gr (aprox.),"4,38 €","4,38 €/Kg"
Bola mistura,Pão do Dia,1 unidade= 80 g,"0,19 €","2,38 €/Kg"
Ovos galinha solo l,PorSi,6 ovos,"1,39 €","1,39 €/Unidade"
Café moagem universal brasil,Delta,Embalagem de 220g,"9,76 €/Kg","9,76 €/Kg"
Feijão manteiga,Compal,Lata de 410 ml,"1,79 €","2,29 €/Kg"
"Rebuçados sem açucar vita c, sabor citrinos",Halls,Embalagem de 32G,"0,77 €","3,85 €/Kg"
Caramelos e rebuçados,PorSi,Embalagem de 200g,"1,10 €","4,40 €/Kg"
Tempero para Frangos Ervas Aromáticas,PorSi,34 g,"0,99 €","1,98 €/Kg"
Pão ralado clássico,PorSi,Embalagem de 240 g,"0,55 €","2,29 €/Kg"
Nata uht para bater,Gresso,Garrafa de 200 ml,"0,75 €","3,75 €/L"
"Batata frita wavy, ondulada",PorSi,Embalagem de 90g,"1,06 €","5,73 €/Kg"
"Cueca de incontinência, adulto, pequena",PorSi,Embalagem com 14 unidades,"9,99 €","9,99 €/Unidade"
Preparado de bolo de iogurte,PorSi,500 g,"0,45 €","5,00 €/Kg"
Lentilhas verdes,Cemporcent,Embalagem de 500g,"1,94 €","3,88 €/Kg"
Aguadente vinica velha,Património,Garrafa de 0.70 l,"14,49 €","20,70 €/L"
Batata Pré-Frita Croquettes,PorSi,Embalagem de 1 kg,"2,39 €","3,98 €/Kg"
"Cera cabelo, indestructible",Studio Line,Embalagem de 75 ml,"3,99 €","53,20 €/L"
Creme vegetal para cozinha,Becel,Embalagem de 450 g,"1,59 €","6,36 €/Kg"
Creme de Corpo Ultra Protetor,Corine de Farme,Embalagem de 500 ml,"1,24 €","4,96 €/Kg"
Tablete de chocolate oreo,Milka,Embalagem de 300g,"5,30 €/Kg","5,30 €/Kg"
Piripiri grão,PorSi,Saqueta de 20 g,"0,25 €","0,25 €/Kg"
Sopa rabo de boi económica,Knorr,Embalagem de 60g,"0,84 €","13,55 €/Kg"
Sementes de girassol,Cemporcent,Embalagem de 150 G,"1,39 €","9,27 €/Kg"
"Bolachas relieve, mel e coco",PorSi,Embalagem de 700g,"2,82 €","9,40 €/Kg"
Fiambre da Perna Extra,PorSi,1 un = 150 gr (aprox.),"0,97 €","6,49 €/Kg"
Bebida aveia-amêndoa,Alpro,Embalagem de 1 litro,"1,19 €","1,86 €/L"
Vinho branco alentejo,Loios,Garrafa de 750 ml,"2,89 €","3,85 €/L"
Robalo de Viveiro,Peixe Fresco,de 200 a 600 g (aprox.),"6,49 €/Kg","6,49 €/Kg"
Sobremesa Paturette Creamy Chocolate,Páturages,Embalagem de 4X115G,"0,99 €","1,65 €/Kg"
Iogurte oikos natural,Danone,Embalagem de 4 x 110g,"2,99 €","6,80 €/Kg"
Costeleta mista,Porco,1 un = 150 gr (aprox.),"4,38 €","4,38 €/Kg"
"Fita apanha moscas, com 4 unidades",Neokill,4 unidades,"5,69 €","15,17 €/L"
Rolo de cozinha reciclado,PorSi,4 rolos,"1,69 €","1,69 €/Unidade"
Kit de viagem,Colgate,pasta dentífrica + escova,"4,99 €","4,99 €/Unidade"
Bolachas cereais e pepitas de chocolate,PorSi,Embalagem de 400 g,"0,90 €","6,00 €/Kg"
Óleo 10w40 Semi-Sintectico,PorSi,Embalagem de 1 l,"25,99 €","5,20 €/L"
Néctar light de manga/laranja prism,PorSi,Embalagem de 1 l,"1,59 €","1,59 €/L"
Almôndegas de bovino,PorSi,Embalagem de 400 g,"3,53 €","8,83 €/Kg"
Vinho Regional de Lisboa Branco,Mundus,"Garrafa de 0,75L","2,09 €","2,79 €/L"
Papa infantil láctea 5 frutos +6 meses,Cerelac,Embalagem de 250g,"4,49 €","4,49 €/Kg"
Detergente Líquido p/ Loiça Original,Fairy,"Embalagem de 1,19 l","7,29 €","4,86 €/L"
Abrótea,Peixe Congelado,1 un= 1.5 kg (aprox.),"1,57 €","4,49 €/Kg"
Vinho do Porto Tawny,Velhotes,"garrafa de 0,75 l","6,29 €","8,39 €/L"
Chispe da Perna,Porco,1 un = 800 gr (aprox.),"4,38 €","4,38 €/Kg"
Sal marinho grosso,Vatel,Embalagem de 1 kg,"0,25 €","0,25 €/Kg"
"Creme de dia, age perfect",L'oreal,Embalagem de 50 ml,"2,69 €","53,80 €/L"
Queijo p/ barrar s/ lactose,Philadelph,Embalagem de 150g,"11,27 €/Kg","11,27 €/Kg"
Lasanha bolonhesa,Iglo,Embalagem de 300g,"2,16 €","6,17 €/Kg"
Fita cola transparente,Uhu,15mm x 33m,"2,19 €","109,50 €/L"
Legumes grelhados,PorSi,Embalagem de 750g,"1,89 €","1,89 €/Kg"
Cebola picada em pacote,PorSi,Embalagem de 40 g,"0,25 €","0,25 €/Kg"
Infusão hipericão,Cemporcent,Embalagem de 10 unidades,"0,99 €","76,15 €/Kg"
Moscatel de setúbal,Pioneiro,Garrafa de 750 ml,"15,99 €","22,84 €/L"
Bebida arroz,Alpro,Embalagem de 1 l,"2,19 €","2,19 €/L"
Cereais Forma Natura,PorSi,500 g,"3,99 €","13,30 €/Kg"
Puré batata doce,PorSi,Embalagem de 750g,"1,89 €","6,30 €/Kg"
Melancia Riscada,Fruta da Época,Vendido ao peso | 1 un = 4kg (aprox.),"2,48 €","0,99 €/Kg"
"Vinho Alentejo, Private Collection, Tinto",Selecção de Enófilos,Garrafa de 0.75 l,"4,99 €","6,65 €/L"
