Nome,Marca,Unidade,Preço Primário,Preço Secundário
"Lixívia, perfume fresco",Neoblanc,Embalagem de 4 l,"2,19 €","1,10 €/L"
Saqueta de puré de fruta | maçã + banana + morango,PorSi,90 g,"0,74 €","8,22 €/Kg"
Bebida Energética Apple,Hell,250 ml,"1,60 €","3,20 €/L"
Cestos com tampa e juta,*,3 unidades,"17,99 €","17,99 €/Unidade"
Receita caseira de jardineira,Nobre,Embalagem de 420g,"2,69 €","14,01 €/Kg"
Recarga rolo tira pelos,PorSi,1 unidade,"1,09 €","1,09 €/Unidade"
Maxi folhado queijo/fiambre,Pastelaria do Dia,1 unidade = 125 g,"0,65 €","0,65 €/Unidade"
Leite uht sem lactose magro,PorSi Viva Bem,1 litro,"1,09 €","1,09 €/L"
Tisana de chá verde/limão light,Pleno,"Garrafa de 1,5 l","1,14 €","0,76 €/L"
Banda cera fria peles sensíveis p/corpo,Veet,Embalagem de 20 unidades,"3,11 €","3,11 €/Unidade"
Detergente Líquido p/ Loiça Original,Fairy,"Embalagem de 1,19 l","1,05 €","2,10 €/L"
Snack gato salmao,PorSi,Embalagem de 60g,"0,95 €","15,83 €/Kg"
Porto white,Ferreira,Garrafa de 750 ml,"11,99 €","15,99 €/L"
Semente pevide abóbora,Salutem,Embalagem de 200g,"2,29 €","11,45 €/Kg"
Whiskey bourbon,J.daniels,Garrafa de 700 ml,"32,99 €","47,13 €/L"
Detergente Multiusos Spray,Ajax,Garrafa de 500 ml,"3,99 €","7,98 €/L"
Polvilho doce,PorSi,Embalagem de 500g,"2,29 €","4,58 €/Kg"
Chocolate kit kat,Kit kat,Embalagem de 130g,"11,93 €/Kg","11,93 €/Kg"
Iogurte magro morango,Longa vida,Embalagem de 6 x 120 g,"1,44 €","2,88 €/Kg"
Penso diário normal,PorSi,Embalagem de 64 unidades,"1,79 €/Unidade","1,79 €/Unidade"
Gel desinfetante casa de banho,Sonasol,Embalagem de 1.25 litros,"2,79 €","3,99 €/L"
Ração para gato esterilizado com peru,Friskies,Embalagem de 3 kg,"12,99 €","4,33 €/Kg"
Iogurte líquido morango,PorSi,Embalagem de 8x160 ml,"1,31 €","2,05 €/Kg"
"Queijo light, 8 porções",A Vaca Que Ri,Embalagem de 140 g,"2,39 €","19,92 €/Kg"
Tablete de chocolate negro,PorSi Select,200 g,"0,65 €","6,50 €/Kg"
Fiambre da Pá,Probar,1 un = 150 gr (aprox.),"0,90 €","5,99 €/Kg"
Vinho tinto regional alentejano,Tapada do Barão,Garrafa de 0.75 l,"2,89 €","3,85 €/L"
Secretos,Porco,1 un = 200 gr (aprox.),"4,89 €","4,89 €/Kg"
Nestum zero espelta/aveia,Nestum,Embalagem de 250 g,"1,99 €","7,96 €/Kg"
Vinho doc douro tinto,Papa Figos,Garrafa de 0.75 l,"7,49 €","9,99 €/L"
"Vinho rosé, meio seco",Leziria,Garrafa de 750 ml,"4,29 €","5,72 €/L"
Água c/ gás groselha,Frize,pack 4 x 0.25 l,"2,85 €","2,85 €/L"
Conjunto de medição,Maped,4 peças,"3,29 €","3,29 €/Unidade"
Marmelada com noz,Quinta de Jugais,Embalagem de 500g,"1,99 €","2,21 €/Kg"
Chá sabugueiro flor,Cemporcent,Embalagem de 50g,"1,25 €","1,25 €/Unidade"
Queijo Brie M.Gorda 60%,President,Vendido ao peso a partir de 250 gr,"2,60 €","13,00 €/Kg"
Limpa vidros recarga tripla ação,Ajax,Embalagem de 500 ml,"3,19 €","6,38 €/L"
Bebida energética green,Monster,Garrafa de 500 ml,"1,60 €","3,20 €/L"
Panquecas,Condi,Embalagem de 400g,"1,69 €","8,45 €/L"
"Iogurte pedaços, frutimax muesli",PorSi,Embalagem de 4 x 125 g,"4,38 €","2,19 €/Kg"
Cebolinho,PorSi,Embalagem de 50g,"0,99 €","19,80 €/Kg"
Sumo essencial de pêssego,Compal,pack 3 x 0.11 l,"0,99 €","0,99 €/L"
"Forma papel para bolos, 10. 5cm",PorSi,Embalagem com 60 unidades,"0,54 €","0,54 €/Unidade"
Palitos superfinos,PorSi,Embalagem de 400 unidades,"1,50 €","1,50 €/Unidade"
10 nuggets de frango,Capitão Iglo,Embalagem de 210g,"2,79 €","8,72 €/Kg"
Ambientador sense e spray lavanda e jasmim,Glade,18 ml,"3,74 €","3,74 €/Unidade"
Néctar clássico laranja,Compal,Embalagem de 1 l,"0,99 €","0,99 €/L"
Desinfetante p/ Cozinha,Sanytol,Embalagem de 750 ml,"4,89 €","6,52 €/L"
Esfregona Microfibras Eco,Vileda,1 un.,"0,89 €","0,89 €/Unidade"
Guardanapos 2 folhas azul e dourado,PorSi Select,40 unidades,"1,29 €","1,29 €/Unidade"
Bolachas digestive aveia e laranja,Gullon,Embalagem de 430g,"0,84 €","2,80 €/Kg"
Manteiga magra baixo teor sal,President,Embalagem de 250g,"1,89 €","7,56 €/Kg"
Óleo de girassol,PorSi,garrafa de 3 litros,"3,39 €","3,39 €/L"
Depilatório homem gel,Veet,Garrafa de 200 ml,"12,99 €","12,99 €/Unidade"
Salsichas de porco,Nobre,Lata de 200g,"0,75 €","3,75 €/Kg"
Spray tira gorduras eco,PorSi,Garrafa de 750 ml,"0,79 €","0,79 €/L"
Salsichas frasco hot dog,PorSi,Embalagem 540G,"0,75 €","3,75 €/Kg"
Sidra de maçã,Somersby,Lata de 500 ml,"5,99 €","3,03 €/L"
Café em cápsulas  qonvictus,Delta Q,Embalagem de 55 g,"15,99 €","47,03 €/Kg"
Arroz estufado,Caçarola,Embalagem de 1 kg,"1,26 €","1,26 €/Kg"
Pensos Higiénicos Ultra Air Dry C/ Abas,Ausonia,embalagem com 14 un.,"4,99 €","4,99 €/Unidade"
Queijo creme de ervas finas,Philadelph,Embalagem de 150g,"3,68 €","13,14 €/Kg"
Refrigerante c/ gás ananás,Sumol,pack 4 x 1.25 l,"0,79 €","0,40 €/L"
Manteiga sem sal,Primor,Embalagem de 250g,"1,89 €","7,56 €/Kg"
Batata doce frita,PorSi,Embalagem de 150g,"1,01 €","5,46 €/Kg"
Alho Seco,Programa Origens,Vendido a partir de 100 gr,"0,65 €/Kg","0,65 €/Kg"
Polpa tomate biológico,Guloso,Embalagem de 500g,"3,65 €","7,30 €/Kg"
Linguas de gato,PorSi,Embalagem de 200 g,"0,69 €","3,45 €/Kg"
Rúcula Selvagem Programa Origens,PorSi,Embalagem de 100g,"0,99 €","9,90 €/Kg"
"Papel higiénico, seda, folha tripla, 4+2 rolos",Foxy,1 embalagem,"1,99 €","1,99 €/Unidade"
Atum posta em óleo,General,Embalagem de 110g,"0,89 €","7,42 €/Kg"
Batata Branca,Legumes do Dia,10 kg,"0,65 €/Kg","0,65 €/Kg"
"Vinho tinto regional, península de setúbal, bag-in-b...",Dom Campos,Garrafa de 5 l,"9,49 €","1,90 €/L"
Frutose,Cemporcent,Embalagem de 250g,"1,94 €","3,88 €/Kg"
Chá peso noite,PLANTANATU,Embalagem de 10 unidades,"1,25 €","1,25 €/Unidade"
"Coloração permanente, castanho claro cobre nº54",Nutrisse,1 unidade,"11,99 €","11,99 €/Unidade"
Bife da Vazia,Novilho,Vendido ao peso a partir de 800 g,"6,39 €","7,99 €/Kg"
Arroz extra longo branco,Oriente,Embalagem de 1kg,"1,26 €","1,26 €/Kg"
Gelado magnum mini double framboesa,Olá,Embalagem de 6 x 60 ml,"5,99 €","16,64 €/L"
Anti-Traça Alimentos,Dum Dum,2 unidades,"4,69 €","4,69 €/Unidade"
Arroz vaporizado,Cigala,Embalagem de 1 kg,"1,26 €","1,26 €/Kg"
"Refrigerante com gás, ananás",Sumol,"Garrafa de 1,25 l","0,79 €","0,40 €/L"
Refresco em pó de ananás,PorSi,Embalagem de 40 g,"0,75 €","18,75 €/Kg"
Lixívia WC Gel Higienizante,Neoblanc,Embalagem de 700ml,"1,74 €","0,35 €/L"
Vinho tinto cotes du rhone,Expert Club,Garrafa de 75 cl,"6,89 €","9,19 €/L"
Bolachas crackers integrais,PorSi,Embalagem de 500g,"0,39 €","3,12 €/Kg"
Vinho tinto,Pias,Garrafa de 5 l,"5,19 €","1,04 €/L"
Chá solúvel frutos vermelhos,Cemporcent,Embalagem de 45g,"1,25 €","1,25 €/Unidade"
Farinha de trigo sem fermento t65,PorSi,Embalagem de 1 kg,"1,99 €","1,99 €/Kg"
Pensos peles sensíveis XL,PorSi,5 unidades,"1,69 €","1,69 €/Unidade"
Argolas do mar,Pescanova,Embalagem de 400g,"9,59 €","11,99 €/Kg"
Reparador de móveis escuro,Pronto,Embalagem de 100 ml,"4,39 €","14,63 €/L"
Bolachas cacau com recheio baunilha,PorSi,Embalagem de 176 g,"0,79 €","4,49 €/Kg"
Ovos de Galinhas Criadas ao Ar Livre,PorSi,6 ovos frescos,"1,59 €","1,59 €/Unidade"
Leite infantil confort 1 desde o nascimento,NAN,Embalagem de 800g,"23,99 €","29,99 €/Kg"
Ice tea de pêssego,PorSi,Garrafa de 2 l,"1,14 €","0,76 €/L"
"Creme Hidratante de Dia, pele normal",Bioten,Embalagem de 50 ml,"2,99 €","59,80 €/L"
Bebida de Soja Natural,PorSi Viva Bem,Pack: 3 x 200 ml,"2,49 €","2,49 €/L"
Lixívia para roupa tradicional,Neoblanc,Embalagem de 2 l,"2,19 €","1,10 €/L"
Boudoirs,Du Bois de la Roche,Embalagem de 200 g,"0,69 €","3,45 €/Kg"
"Óleo de girassol, 3 a's",Fula,Embalagem 1L,"3,39 €","3,39 €/L"
"Iogurte, sabor a morango",PorSi,Embalagem de 4 x 125 g,"1,87 €","1,25 €/Kg"
Café Solúvel Espresso Intenso,Nescafe,Embalagem de 100g,"1,45 €","14,50 €/Kg"
Chouriça de peru,Prisca,Embalagem de 200g,"1,22 €","6,78 €/Kg"
Chouriço Extra do Ribatejo,PorSi,200 g,"1,22 €","6,78 €/Kg"
Cogumelos inteiros,PorSi,Embalagem de 355 g,"2,19 €","2,81 €/Kg"
Seitan,Salutem,Embalagem de 300g,"0,69 €","0,69 €/Kg"
Mousse cabelo caracois,Labell,Embalagem de 200ml,"3,99 €","53,20 €/L"
Azeite Subtil,Gallo,Garrafa de 750 ml,"3,29 €","4,39 €/L"
Álcool canforado 85%,PorSi,Embalagem de 250 ml,"1,69 €","1,69 €/Unidade"
Limpa fornos normal,Mr.muscle,Embalagem de 300 ml,"1,79 €","2,39 €/L"
Chourico vinho das beiras,PorSi,Embalagem de 280g,"1,22 €","6,78 €/Kg"
Spray recarga limpeza da cozinha,Cif,embalagem de 70 ml,"0,79 €","0,79 €/L"
Balões latex azul,PorSi,Embalagem com 24 unidades,"1,54 €","1,54 €/Unidade"
Petit gâteau,PorSi,Embalagem de  4 x 80 g,"3,99 €","7,39 €/Kg"
Cobertura de tartes,Vahine,Embalagem de 20g,"1,89 €","17,18 €/Kg"
Cereais all bran,Kellogg's,Embalagem de 380g,"5,59 €","8,87 €/Kg"
Muesli tropical,Cemporcent,Embalagem de 500g,"0,69 €","1,73 €/Kg"
Anti-Traças Papel 4 Seasons Floral,Raid,1 Embalagem c/12 unidades,"4,69 €","4,69 €/Unidade"
Body Milk Cocoa,Nivea,Embalagem de 250 ml,"2,99 €","11,96 €/L"
Autobrilhante Preto,Búfalo,Embalagem de 50 ml,"0,99 €","330,00 €/Kg"
Iogurte natural 0%,PorSi Viva Bem,Embalagem de 6 x 125 g,"0,99 €","1,98 €/Kg"
Iogurte fruta batida morango,Mimosa,Embalagem de 480g,"1,49 €","2,98 €/Kg"
Leite regular 2,Aptamil,Embalagem de 800 g,"23,99 €","29,99 €/Kg"
Bolachas recheadas com morango e cheesecake,Oreo,Embalagem de 150g,"0,79 €","4,49 €/Kg"
Natas pasteurizadas para bater,Nestle,Embalagem de 200 ml,"0,75 €","3,75 €/L"
Bolachas belgas manteiga,PorSi,Embalagem de 250g,"1,69 €","6,76 €/Kg"
Leite condensado,Nestle,Embalagem de 370g,"1,09 €","2,75 €/Kg"
Leite e cereais bolacha maria +6 meses,Cerelac,Garrafa de 400 ml,"1,99 €","7,96 €/Kg"
Folhado de Maçã,*,1 unidade= 100 g,"0,35 €","0,35 €/Unidade"
Pensos resistentes à água,PorSi,Embalagem com 15 unidades,"1,69 €","1,69 €/Unidade"
"Chocolate kit kat, single",Kit kat,Embalagem de 40g,"11,93 €/Kg","11,93 €/Kg"
Tampões ProComfort Normal,O.B.,1 Embalagem c/32 unidades,"3,99 €","3,99 €/Unidade"
1ª papa láctea multifrutos sem glúten +4 meses,Cerelac,Embalagem de 250g,"1,99 €","7,96 €/Kg"
Detergente para loiça plus + limão,Super Pop,Embalagem de 1L,"1,05 €","2,10 €/L"
"Água com gás, sabor limão",PorSi,"Embalagem de 6x0,25 l","2,85 €","2,85 €/L"
Lasanha à bolonhesa,PorSi,Embalagem de 1 kg,"3,99 €","9,98 €/Kg"
Iogurte activia líquido kiwi,Danone,Embalagem de 4 x 155 g,"2,49 €","5,19 €/Kg"
Chá verde e matcha infusão,Cemporcent,Embalagem de 13g,"1,25 €","1,25 €/Unidade"
Gelado tiramisu,PorSi,Embalagem de 900 ml,"5,49 €","6,10 €/L"
Chá fresh verde e pêssego,Cemporcent,Embalagem de 18g,"44,50 €/Kg","44,50 €/Kg"
Cerveja super bock,Super Bock,Pack 6 x 200 ml,"16,49 €","2,08 €/L"
Pão de Forma Cerealia 14 Cereais e Sementes 0% Açúca...,Panrico,Embalagem de 440g,"2,63 €/Kg","2,63 €/Kg"
Xarope morango,Paquito,Garrafa de 750 ml,"3,54 €","3,54 €/L"
Farinha integral,ESPIGA,Embalagem de 500g,"1,99 €","1,99 €/Kg"
Couve Branca,Programa Origens,1 un = 1.5 kg (aprox.),"1,49 €","0,99 €/Kg"
Yaos iogurte açucarado,Nestle,Embalagem de 4x110g,"2,49 €","5,19 €/Kg"
Pescada África do Sul,Peixe Congelado,De 600g a 900g,"1,20 €","3,99 €/Kg"
Couve flor,PorSi,Embalagem de 750 kg,"0,74 €","1,85 €/Kg"
Patê figado de porco,La piara,Embalagem de 80g,"1,19 €","13,52 €/Kg"
"Lava tudo, vinagre",Cif,"Garrafa de 1,4 l","0,99 €","0,50 €/L"
Adoçante comprimidos,PorSi,Embalagem de 250 saquetas,"5,99 €","23,96 €/Kg"
Chá de infusão salutem nº 26 - lúcia lima 10 saqueta...,Salutem,Embalagem de 15g,"1,25 €","1,25 €/Unidade"
Café solúvel clássico,Nescafe,Embalagem de 200g,"1,45 €","14,50 €/Kg"
Vinagre balsâmico de modena gourmet,Gallo,Garrafa de 250 ml,"0,35 €","0,70 €/L"
Batata frita palha,Pala-pala,Embalagem de 250g,"0,87 €","5,44 €/Kg"
Bifes de soja ao natural,Cemporcent,Embalagem de 250g,"2,09 €","8,36 €/Kg"
Chá solúvel menta,Cemporcent,Embalagem de 45g,"1,25 €","1,25 €/Unidade"
Carne Picada,Novilho,1 un = 200 gr (aprox.),"6,39 €","7,99 €/Kg"
"Vinho maduro tinto, bag in the box",Capataz,Embalagem de 10 l,"5,19 €","1,04 €/L"
Sopa de cozido,Knorr,Embalagem de 70g,"0,62 €","10,00 €/Kg"
Lapiseira Velocity + 12minas,Bic,1 unidade,"2,49 €","2,49 €/Unidade"
Iogurte oikos natural,Danone,Embalagem de 4 x 110g,"1,49 €","2,98 €/Kg"
Cerveja c/ álcool,Super Bock,pack 24 x 0.33 l,"16,49 €","2,08 €/L"
Bolachas maria,PorSi,Embalagem de 200g,"1,69 €","2,11 €/Kg"
Reparador de móveis escuro,PorSi,Embalagem de 200 ml,"4,39 €","14,63 €/L"
"Patê de sardinha,atum e salmão",PorSi,Embalagem de 4 x 22 g,"1,19 €","13,52 €/Kg"
Crack.c/sal na superficie 560g,GRAN PAVES,Embalagem de 560g,"0,39 €","3,12 €/Kg"
Favas ultracongeladas,PorSi,Embalagem de 400g,"0,74 €","1,85 €/Kg"
Bacalhau com natas,PorSi,Embalagem de 250 g,"3,99 €","3,99 €/Kg"
Lápis de Cera Color'peps Wax,Maped,Embalagem com 12 un.,"1,69 €","1,69 €/Unidade"
"Cera cabelo, Paste Urban",Axe,Embalagem de 130 ml,"3,99 €","53,20 €/L"
Amaciador Concentrado Creations Flor Lótus Lima,Comfort,80 doses,"1,99 €","1,00 €/L"
Comida húmida para gato júnior,PorSi,Embalagem de 4 x 100 g,"3,49 €","10,26 €/Kg"
Bolacha Maria Integral,PorSi,Embalagem de 600g,"0,84 €","2,80 €/Kg"
Polvilho azedo,PorSi,Embalagem de 500g,"2,29 €","4,58 €/Kg"
Leite uht gordo,Mimosa,Embalagem de 1 litro,"1,04 €","1,04 €/L"
Infusão nº 6 sem barriga,Cemporcent,Embalagem de 10 unidades,"0,99 €","76,15 €/Kg"
Senses Watermelon,Trident,1 un.,"0,89 €","59,33 €/Kg"
Ambientador Arbre Cocktail de Frutos,Arbre Magique,3 unidade,"2,49 €","2,49 €/Unidade"
Creme para calçado castanho,Splendor,80 ml,"2,49 €","31,13 €/L"
"Baton, soft rosa",Labello,Embalagem de 5 g,"0,58 €","0,58 €/Unidade"
Lenços de bolso kids,Renova,Embalagem sortida com 8 unidades + 2 grátis,"0,89 €","0,89 €/Unidade"
Pão ralado clássico,PorSi,Embalagem de 240 g,"0,72 €","3,00 €/Kg"
10 croquetes de carne,PorSi,Embalagem de 300 g,"1,79 €","7,16 €/Kg"
Babete Maleavel,Tigex,1 unidade,"5,99 €","5,99 €/Unidade"
Brócolos e couve-flor cortados,PorSi,500 g,"0,99 €","9,90 €/Kg"
Queijo Flamengo Bola,Queijaria de Celorico,Vendido ao peso a partir de 100 g,"1,96 €","9,80 €/Kg"
Leite creme,El mandari,Embalagem de 90g,"0,79 €","5,27 €/Kg"
Cha infusão verde,Cemporcent,Embalagem com 10 saquetas,"0,99 €","99,00 €/Kg"
Iogurtes Corpos Danone Aroma Tutti/Morango/Ananás,Danone,Embalagem de 8 x 120 g,"1,87 €","1,25 €/Kg"
Café em grão 5 estrelas,Sical,Embalagem de 250g,"9,16 €/Kg","9,16 €/Kg"
Pudim de caramelo,Boca Doce,Embalagem de 20g,"0,59 €","29,50 €/Kg"
8 fantasias do mar,PorSi,Embalagem de 250g,"1,79 €","7,16 €/Kg"
Chá para regular infusão,Cemporcent,Embalagem de 13g,"1,25 €","1,25 €/Unidade"
Pellets madeira,Nova lenha,Embalagem de 15kg,"8,95 €","0,60 €/Kg"
Adoçante liquido,PorSi,Garrafa de 125 ml,"5,99 €","23,96 €/Kg"
Bolachas com recheio baunilha,PorSi,Embalagem de 500g,"1,39 €","2,78 €/Kg"
Cogumelos laminados 1/2,PorSi,Embalagem de 355 g,"2,19 €","2,81 €/Kg"
Brandy,Constantin,Garrafa de 700 ml,"15,49 €","15,49 €/L"
Ketchup,PorSi,Embalagem de 300 g,"0,87 €","2,90 €/Kg"
Fermento químico,Vahine,Embalagem de 108g,"1,89 €","17,18 €/Kg"
Refrigerante c/ gás zero,Coca-Cola,pack 4 x 1 l,"0,79 €","0,40 €/L"
Iogurte infantil c/ drageias coloridas,PorSi,140 g,"4,23 €/Kg","4,23 €/Kg"
Melancia Riscada,Fruta da Época,Vendido ao peso | 1 un = 4kg (aprox.),"7,48 €","2,99 €/Kg"
Bolacha cookie sensations choco,Milka,Embalagem de 160g,"0,79 €","5,27 €/Kg"
Queijo snack gouda,PorSi,Embalagem de 100g,"1,96 €","9,80 €/Kg"
Granola + classica,Cemporcent,Embalagem de 375g,"1,94 €","3,88 €/Kg"
Chá de infusão salutem nº 28 - quebra pedra 10 saque...,Salutem,Embalagem de 15g,"1,25 €","1,25 €/Unidade"
Ração para gato adulto de interior,Friskies,Embalagem de 3 kg,"12,99 €","4,33 €/Kg"
Arroz extra longo integral,Saludaes,Embalagem de 1 kg,"1,26 €","1,26 €/Kg"
Purificador de água,Tetra,Embalagem de 1 l,"7,29 €","7,29 €/L"
Proteção de colchão impermeável | frente: 80% algodã...,VZT,Dim.: 90 x 200 cm,"13,99 €","13,99 €/Unidade"
Café torrado e moído 16 pastilhas,Sical,Embalagem de 104g,"15,99 €","47,03 €/Kg"
Bolacha de manteiga belga original,Saborosa,Embalagem de 220g,"1,69 €","6,76 €/Kg"
"Vinagre balsâmico, spray",Paladin,Garrafa de 250 ml,"0,35 €","0,70 €/L"
As minhas primeiras receitas - refeição esparguete c...,Nestle,Embalagem de 190g,"2,19 €","11,53 €/Kg"
Chourição,Salsicharia Limiana,1 un = 100 gr (aprox.),"0,89 €","8,89 €/Kg"
Danacol morango,Danone,Embalagem de 6 x 100 g,"4,15 €/Kg","4,15 €/Kg"
Adoçante green em pó,Canderel,Embalagem de 40g,"5,99 €","23,96 €/Kg"
Desodorizante roll-on Invisible,Rexona,Embalagem de 50ml,"1,39 €","6,95 €/L"
Ambientador tealights frutos vermelhos,PorSi,embalagem com 18 unidades,"4,99 €","4,99 €/Unidade"
Barras de plasticina pastel,Jovi,6 unidades,"2,19 €","2,19 €/Unidade"
Baguete,*,400 g,"0,19 €","2,38 €/Kg"
Infusão tília,Cemporcent,Embalagem de 10 unidades,"0,99 €","76,15 €/Kg"
Cereais corn flakes s/ glúten chocolate,Nestle,Embalagem de 380g,"2,99 €","7,97 €/Kg"
Gelatina melancia 10kcal 31g,Royal,Embalagem de 30g,"0,55 €","61,11 €/Kg"
Vinho maduro tinto doc alentejo reserva,Albarrada,Garrafa de 75 cl,"2,89 €","3,85 €/L"
SuperCeys,Ceys,1 unidade,"2,99 €","99,67 €/Kg"
Lambrusco rose,*,Garrafa de 750 ml,"1,99 €","2,65 €/L"
Azeite,PorSi,Garrafa de 1 l,"3,29 €","4,39 €/L"
Snack para gato chezzy,Felix,Embalagem de 60g,"0,95 €","15,83 €/Kg"
"Esfregona, algodão, completa",PorSi,1 unidade,"0,89 €","0,89 €/Unidade"
Guardanapos,PorSi,,"1,29 €","1,29 €/Unidade"
Borracha para desenho técnico,Domédia,1 unidade,"1,69 €","1,69 €/Unidade"
Cogumelos laminados,PorSi,Embalagem de 185 g,"2,19 €","2,81 €/Kg"
"Limpa vidros cristal, pistola",PorSi,Embalagem de 1 l,"3,19 €","6,38 €/L"
Pickles em vinagre,PorSi,Embalagem de 200 g,"2,19 €","2,81 €/Kg"
"Rebuçados sem açucar vita c, sabor citrinos",Halls,Embalagem de 32G,"1,69 €","16,90 €/Kg"
Sobremesa paturette baunilha,Páturages,Embalagem de 4 x 115 g,"1,19 €","2,59 €/Kg"
Leite regular 3,Aptamil,Embalagem de 800 g,"23,99 €","29,99 €/Kg"
Soja grossa,Cemporcent,Embalagem de 400g,"2,09 €","8,36 €/Kg"
Chá tília flor,Cemporcent,Embalagem de 40g,"1,25 €","1,25 €/Unidade"
Moscatel do Douro,Selecção de Enófilos,"Garrafa de 0,75 l","6,79 €/L","6,79 €/L"
Creme Depilatório Duche Men Peles Normais,Veet,Embalagem com 150 ml,"10,99 €","73,27 €/L"
Lápis de Cor Color'Peps Animal,Maped,Embalagem com 12 un.,"1,69 €","1,69 €/Unidade"
Leite uht sem lactose magro,PorSi Viva Bem,1 litro,"2,19 €","2,19 €/L"
Camarão Tigre 6/8,Nossa seleção,vendido ao peso,"9,99 €","12,49 €/Kg"
Creme vegetal sabor manteiga,PorSi,Embalagem de 500 g,"1,39 €","6,95 €/L"
Pão ralado alho e salsa,PorSi,Embalagem de 240 g,"0,72 €","3,00 €/Kg"
Iogurte liquido proteína yopro baunilha/cookies,Yopro,300 g,"5,97 €/Kg","5,97 €/Kg"
Vinagre de vinho tinto,PorSi,Garrafa de 500 ml,"0,35 €","0,70 €/L"
Perna c/ Osso,Peru,1 un = 1 kg (aprox.),"1,03 €","2,95 €/Kg"
Pizza barbecue,Campofrio,Embalagem de 410g,"0,99 €","4,30 €/Kg"
Barras de cereais de trigo integral com chocolate e ...,Nestle,Embalagem de 135 g,"1,29 €","10,24 €/Kg"
Gel WC Desincustrante,Neoblanc,Embalagem de 700 ml,"2,79 €","3,99 €/L"
Toalhitas multiusos limão,PorSi,Embalagem de 80 unidades,"1,79 €","1,79 €/Unidade"
Lombo s/ Osso,Porco,Vendido ao peso a partir de 1 kg,"4,89 €","4,89 €/Kg"
Cápsulas de café qharacter,Delta Q,Embalagem de 60g,"15,99 €","47,03 €/Kg"
Cobertura de tartes,Vahine,Embalagem de 20g,"1,29 €","3,23 €/Kg"
Discos de amamentação,PorSi,30 unidades,"5,99 €","5,99 €/Unidade"
Pães de leite,s. tomé,Embalagem de 300 g,"2,59 €","7,40 €/Kg"
"Inseticída, vaporizador, extra gt",Biokill,Garrafa de 380 ml,"4,79 €","11,98 €/L"
"M&m's drageias de amendoim e chocolate de leite,",M&m's,Embalagem de 200g,"9,20 €/Kg","9,20 €/Kg"
Queijo ralado mix 3 queijos,PorSi,Embalagem de 200 g,"1,49 €","7,45 €/Kg"
Vinho tinto bag-in-box,Capataz,Embalagem de 5 l,"5,19 €","1,04 €/L"
Gelo picado,PorSi,Embalagem de 2 kg,"1,00 €","0,50 €/Kg"
Bolachas vitalday recheio avelã,Gullon,Embalagem de 220g,"2,82 €","9,40 €/Kg"
Boneca Caty 85 cm,Vicam,1 unidade,"27,99 €","27,99 €/Unidade"
Bife de Frango,Frango,Vendido ao peso a partir de 1 kg,"1,03 €","2,95 €/Kg"
"Vela em número, nº 8",PorSi,1 unidade,"0,60 €","0,60 €/Unidade"
Buondi café em grão,Buondi,Embalagem de 220g,"9,16 €/Kg","9,16 €/Kg"
Xarope de groselha,Xarão,Garrafa de 1 l,"3,54 €","3,54 €/L"
Bolachas starship chocolate,PorSi,Embalagem de 150g,"0,79 €","5,27 €/Kg"
Pastéis de nata,PorSi,Embalagem de 6x60 g,"3,99 €","7,39 €/Kg"
"Pimenta preta, moída, em frasco",PorSi,Embalagem de 43 g,"0,25 €","0,25 €/Kg"
Refresco pó laranja,PorSi,Embalagem de 40g,"0,75 €","18,75 €/Kg"
Leite condensado cozido,Nestle,Embalagem de 400g,"1,09 €","2,75 €/Kg"
Chá infusão borututu,Cemporcent,Embalagem de 13g,"1,25 €","1,25 €/Unidade"
Bola de Berlim chocolate,PorSi,85g,"0,35 €","0,35 €/Unidade"
Pizza de bolonhesa,PorSi,Embalagem de 350g,"2,32 €","6,27 €/Kg"
Liégeois Sobremesa de chocolate,Páturages,Embalagem de 4x100 g,"1,19 €","2,59 €/Kg"
Almofadas Eco Anti-Alérgicas,Jobitex,2 unidades,"13,99 €","13,99 €/Unidade"
"Queijo em fatias, -50% gordura",Limiano,Embalagem de 200g,"1,96 €","9,80 €/Kg"
Caramelos de fruta,Penha,Embalagem de 100g,"1,19 €","4,76 €/Kg"
Papel vegetal 8m,Vileda,1 unidade,"1,11 €","1,11 €/Unidade"
Fralda cueca T4 - 8 a 14 kg,PorSi,22 unidades,"4,49 €","4,49 €/Unidade"
Cabeça sem Osso,Porco,1 un = 1 kg (aprox.),"0,50 €","4,99 €/Kg"
Bebida energética a-zero,Monster,Garrafa de 500 ml,"1,60 €","3,20 €/L"
Crepe maçã e canela,PorSi,Embalagem de 540 g,"3,99 €","7,39 €/Kg"
Bacalhau Especial Asa Branca,Bacalhau da Noruega,1 un= 4 kg (aprox.),"8,09 €","10,79 €/Kg"
Codornizes,Aves,1 un. = 150 g (aprox.),"1,03 €","2,95 €/Kg"
Ambientador Anti-Tabaco,Ambipur,1 un.,"2,49 €","2,49 €/Unidade"
"Inseticida max, concentrado sensitive",Dum Dum,Garrafa de 400 ml,"4,79 €","11,98 €/L"
"Rolos cozinha absorção Ultra, Maxi, 2 rolos",Foxy,1 embalagem,"4,99 €","4,99 €/Unidade"
Caixa Cubo Pearls,Jacquot,Embalagem de 200g,"4,29 €","42,90 €/Kg"
Detergente manual de roupa,Omo,Embalagem de 540g,"1,19 €","2,98 €/Kg"
Rolo de cozinha XXL,PorSi,1 rolo,"4,99 €","4,99 €/Unidade"
Couve Flor,Programa Origens,1 un = 1 kg (aprox.),"1,49 €","0,99 €/Kg"
Gelatina mirtilo 10kcal 31g,Royal,Embalagem de 30g,"0,55 €","61,11 €/Kg"
Queijo flamengo 0% lactose,PorSi Viva Bem,Embalagem de 150 g,"0,99 €","1,98 €/Kg"
Detergente líquido Ultra Concentrado Loiça Platinium...,PorSi,Embalagem de 500 ml,"1,05 €","2,10 €/L"
Óleo Performa 5W40 Sintetico,Galp,Embalagem de 5 l com oferta limpa vidros Ecauto 5L,"14,99 €","14,99 €/L"
Tortitas de milho sem sal,PorSi Viva Bem,Embalagem de 130g,"0,79 €","7,90 €/Kg"
Garrafa de Água desporto,Lock&Lock,cap.: 500 ml,"5,00 €","5,00 €/Unidade"
Chispe da Perna,Porco,1 un = 800 gr (aprox.),"4,89 €","4,89 €/Kg"
Lay's mediterrâneas originais,Lay's,Embalagem de 220g,"1,01 €","5,46 €/Kg"
Longa vida morango tu banana coco 8x120,Longa vida,Embalagem de 960g,"1,87 €","1,25 €/Kg"
Rolo de cozinha reciclado,PorSi,4 rolos,"4,99 €","4,99 €/Unidade"
"Croissants, 8 unidades,",Pasquier,Embalagem de 320 g,"2,05 €","5,13 €/Kg"
Esfregão Esponja Antibacteriano,Fino,1 unidade,"2,54 €","2,54 €/Unidade"
Tablete de chocolate choco jelly,Milka,Embalagem de 250g,"1,35 €","38,57 €/Kg"
Vinho rosé regional península de Setúbal,Selecção de Enófilos,Garrafa de 0.75 l,"4,99 €","6,65 €/L"
Néctar clássico tutti-frutti,Compal,Embalagem de 1 l,"0,99 €","0,99 €/L"
Cerveja c/ álcool,Sagres,pack 30 x 0.25 L,"16,49 €","2,08 €/L"
Iogurte sólido sem lactose natural açucarado,Mimosa,Embalagem de 480g,"0,99 €","1,98 €/Kg"
Cebola picada,PorSi,Embalagem de 400 g,"0,74 €","1,85 €/Kg"
Chá carqueja planta,Cemporcent,Embalagem de 40g,"1,25 €","1,25 €/Unidade"
Água com gás,Castello,24 x 25 cl,"2,85 €","2,85 €/L"
Cocktail mix,PorSi,720 g,"1,79 €","7,16 €/Kg"
Vela com número nº 3,PorSi,1 unidade,"0,60 €","0,60 €/Unidade"
Alimento húmido para cão borrego,Pedigree,Embalagem de 300g,"0,75 €","2,50 €/Kg"
Saqueta de puré de fruta | maçã + pêssego + banana +...,PorSi,90 g,"0,74 €","8,22 €/Kg"
Whisky,Cutty Sark,Garrafa de 700 ml,"23,49 €","23,49 €/L"
Vinho Regional de Lisboa Rosé,Mundus,"Garrafa de 0,75 l","1,99 €","2,65 €/L"
Chouriça extra piri-piri,Prisca,Embalagem de 180g,"1,22 €","6,78 €/Kg"
Folhado de pizza,*,110 g,"0,65 €","0,65 €/Unidade"
Edredão + almofada,Analar,Dim.: 260 x 240 cm,"13,99 €","13,99 €/Unidade"
Mistura solúvel c/ 20% café pó,PorSi,Embalagem de 200g,"0,79 €","3,16 €/Kg"
"Spray depilatório, peles sensiveis",Veet,Garrafa de 150 ml,"10,99 €","73,27 €/L"
Ovos | Classe: L,Ovitae,24 unidades,"1,59 €","1,59 €/Unidade"
Snack dentastix médio,Pedigree,Embalagem de 720 g,"5,58 €/Kg","5,58 €/Kg"
Vinho regional tejo,Plexus,Garrafa de 750 ml,"1,99 €","2,65 €/L"
Gronola de aveia arandos/sementes,Nestle,Embalagem de 300g,"5,59 €","8,87 €/Kg"
Bolachas com cobertura de chocolate de leite,Oreo,Embalagem de 250g,"0,79 €","4,49 €/Kg"
Creme Muda Fralda,Baby Dove,Embalagem de 45 g,"0,55 €","5,50 €/L"
Vela em número nº4,PorSi,1 unidade,"0,60 €","0,60 €/Unidade"
Aroma de baunilha,Rayners,Garrafa de 28 ml,"1,89 €","17,18 €/Kg"
Gelatina de mirtilo,Koala,Embalagem de 130 gr,"0,85 €","2,13 €/Kg"
Chá de infusão salutem nº 48 - alcachofra 10 saqueta...,Salutem,Embalagem de 15g,"1,25 €","1,25 €/Unidade"
Néctar light de manga/laranja,Compal,Pack 3 x 200 ml,"0,84 €","2,55 €/L"
Cerveja preta,Sagres,pack de 6 x 25 cl,"16,49 €","2,08 €/L"
Infusão de camomila,Tetley,Embalagem de 10g,"85,00 €/Kg","85,00 €/Kg"
Gel de Banho Orquídea & Cashmere Extract,Nivea,Embalagem de 750 ml,"6,49 €","8,65 €/L"
Limpa móveis cera abelhas,PorSi,Frasco de 300ml,"4,39 €","14,63 €/L"
Snack gato frango/queijo,PorSi,Embalagem de 60g,"0,95 €","15,83 €/Kg"
Creme de Mãos Intensivo,Nivea,Embalagem de 100 ml,"1,03 €","10,30 €/L"
Sacos cubos de gelo fecho manual,PorSi,Embalagem com 10 unidades,"1,11 €","1,11 €/Unidade"
Recarga mopa Descartável,Vileda,Pack 24 + 6 Grátis,"2,99 €","2,99 €/Unidade"
Água com gás sabor a tangerina,Frize,"Pack 4x 0,25l","2,85 €","2,85 €/L"
Batata Frita c/ Sal,Ruffles,Embalagem de 160 g,"1,01 €","5,46 €/Kg"
Mistura solúvel mokambo,Nestle,Embalagem de 200g,"0,79 €","3,16 €/Kg"
"Coloração permanente, castanho tiramissu nº4.15",Nutrisse,1 unidade,"11,99 €","11,99 €/Unidade"
After shave bálsamo sensitive,Labell Men,Embalagem de 100 ml,"1,16 €","4,64 €/L"
Chá preto,Tetley,Embalagem de 30g,"41,67 €/Kg","41,67 €/Kg"
Amaciador para cabelos pintados,Labell,Embalagem de 200 ml,"1,00 €","5,00 €/L"
Chá de plantas salutem - pau arco 70,Salutem,Embalagem de 70g,"1,25 €","1,25 €/Unidade"
Pão Regional Rio Maior Inteiro,Pão do Dia,1 unidade= 450 g,"0,19 €","2,38 €/Kg"
Ice tea limão,Lipton,Embalagem de 1L,"1,14 €","0,76 €/L"
Azeite Virgem Extra Planícies do Sul,Gallo,Garrafa de 0.75 l,"3,29 €","4,39 €/L"
Mel em frasco de vidro,PorSi,Embalagem de 250g,"4,89 €","9,78 €/Kg"
Bife da Pá,Novilho,Vendido ao peso a partir de 800 g,"6,39 €","7,99 €/Kg"
Peito de peru fatias,PorSi,Embalagem de 150g,"2,25 €","11,25 €/Kg"
Braçadeiras Patrulha Pata,Mondo,1 Embalagem,"2,99 €","2,99 €/Unidade"
28 mini bolinhas bacalhau,PorSi,Embalagem de 300 g,"1,79 €","7,16 €/Kg"
Tablete de chocolate de leite,Nestle,Embalagem de 90g,"0,53 €","5,30 €/Kg"
Massa em espirais,PorSi,Embalagem de 500g,"0,99 €","1,98 €/Kg"
Eclair de Chocolate 75 g,Pastelaria do Dia,,"0,35 €","0,35 €/Unidade"
Pernil,Porco,1 un = 1 kg (aprox.),"4,89 €","4,89 €/Kg"
Refrigerante C/ Gás Zero,Coca-Cola,Garrafa de 1 l,"0,79 €","0,40 €/L"
Café gold alta rica frasco,Nescafe,Embalagem de 100 g,"1,45 €","14,50 €/Kg"
2 toalhas de bidé,PorSi,30 x 50 cm,"13,99 €","13,99 €/Unidade"
Shampo automóvel laranja,PorSi,Embalagem de 5 l,"5,19 €","8,65 €/L"
Spray tira gorduras,PorSi,Embalagem de 750 ml,"1,79 €","2,39 €/L"
Filetes de atum dos Açores em azeite c/ orégãos,PorSi Select,190 g,"0,89 €","7,42 €/Kg"
Espinafre baby leaf Programa Origens,PorSi,embalagem de 170 g,"0,99 €","9,90 €/Kg"
Gressinos com azeite,PorSi,Embalagem de 250g,"2,39 €","6,83 €/Kg"
Cobertura tábua de engomar,PorSi,Dim.: 120 x 42 cm,"4,00 €","4,00 €/Unidade"
Cevada solúvel,PorSi,Embalagem de 200g,"0,79 €","3,16 €/Kg"
Ambientador gel marinho,PorSi,150 g,"16,63 €/L","16,63 €/L"
"Rolos de cozinha compactos, branco, 2 unidades",PorSi,Uma embalagem,"4,99 €","4,99 €/Unidade"
Pêssego em calda metades,PorSi,Lata com 840 g,"1,99 €","2,37 €/Kg"
Arroz integral,PorSi Viva Bem,Embalagem de 1 kg,"1,94 €","3,88 €/Kg"
2 filetes de dourada,Iglo,Embalagem de 200g,"1,79 €","7,16 €/Kg"
Bebida aveia,Alpro,Embalagem de 1 litro,"2,49 €","2,49 €/L"
Coxinhas de frango,PorSi,Embalagem de 360g,"9,30 €/Kg","9,30 €/Kg"
Noz com casca 28/30,Frutos secos,1 un = 200 gr (aprox.),"4,99 €/Kg","4,99 €/Kg"
Salsicha p/Churrasco,Carne Sorraia,1 Embalagem 300G,"1,56 €","7,43 €/Kg"
Cafe rossio m.unica 250g,Nicola,Embalagem de 250g,"9,76 €/Kg","9,76 €/Kg"
Bolachas com recheio de chocolate,PorSi,Embalagem de 500g,"1,39 €","2,78 €/Kg"
Chá antes refeição infusão,Cemporcent,Embalagem de 13g,"1,25 €","1,25 €/Unidade"
Cerveja c/ álcool radler,Sagres,pack 6 x 0.33 l,"5,99 €","3,03 €/L"
Alimento seco para gato Júnior,Whiskas,Embalagem de 950 g,"12,99 €","4,33 €/Kg"
Aditivo tira nódoas oxi action pink,Vanish,Embalagem de 900 ml,"5,99 €","11,98 €/L"
Gomas brilho,PorSi,Embalagem de 300 g,"1,19 €","3,97 €/Kg"
Queijo para barrar light,PorSi Viva Bem,Embalagem de 200g,"2,39 €","19,92 €/Kg"
Doce framboesa e romã,ST.DALFOUR,Frasco de 284g,"2,19 €","9,95 €/Kg"
Cortador de Castanhas,Snips,1 unidade,"3,99 €","3,99 €/Unidade"
"Aditivo líquido para máquina  de lavar roupa, oxy5",X-TRA,"Embalagem de 1,2 l","8,69 €","1,84 €/Kg"
Bolachas chiquilin ositos de mel,Artiach,Embalagem de 160g,"1,89 €","15,75 €/Kg"
10 nuggets de frango com cereais integrais,Capitão Iglo,Embalagem de 208 g,"2,79 €","8,72 €/Kg"
Champô oil nutritive,Gliss,Embalagem de 250 ml,"5,59 €","13,98 €/L"
Iogurte mix-in smarties morango,Nestle,Embalagem de 2 x 128 g,"4,23 €/Kg","4,23 €/Kg"
Bolacha de arroz iogurte,Cemporcent,Embalagem de 100g,"4,48 €/Kg","4,48 €/Kg"
Biscoitos brownies,PorSi,Embalagem de 230g,"0,79 €","5,27 €/Kg"
Bolachas,Oreo,Embalagem de 220g,"0,79 €","4,49 €/Kg"
Iogurte liquido proteína yopro morango/framboesa,Yopro,300 g,"1,31 €","2,05 €/Kg"
Chá de gengibre,PLANTANATU,Embalagem de 20g,"1,25 €","1,25 €/Unidade"
Milho doce,PorSi,Embalagem de 3 x 140 g,"2,19 €","2,81 €/Kg"
Barra choco krispies 120g,Kellogg's,Embalagem de 380g,"1,29 €","10,24 €/Kg"
Vermute rosso,Martini,Embalagem de 10x6 cl,"7,99 €","10,65 €/L"
Vinho doc dão tinto,Grao vasco,Garrafa de 750 ml,"7,49 €","9,99 €/L"
Fuet extra,PorSi,170 g,"1,22 €","6,78 €/Kg"
Cerveja c/ álcool,Super Bock,pack 24 x 0.20 l,"16,49 €","2,08 €/L"
Bacalhau Crescido da Noruega,PorSi,1 un=1.5kg (aprox.),"8,09 €","10,79 €/Kg"
Vinho do porto finest reserve,Dow's,Garrafa de 0.75 l,"10,99 €","14,65 €/L"
"Pasta de limpeza com oxigénio activo, 48 unidades",Polident,Uma embalagem,"7,39 €","105,57 €/Kg"
Creme Mãos Hidratante,Labell,Embalagem de 100 ml,"1,03 €","10,30 €/L"
Iogurte líquido dan'up milkshake straciatella,Danone,Embalagem de 4 x 155 g,"1,31 €","2,05 €/Kg"
Creme de Mãos Hyaluronic,Bioten,Embalagem de 50ML,"1,03 €","10,30 €/L"
Bloco Sanitário Sólido Aqua,Sonasol,Embalagem de 2x50 g,"2,99 €","74,75 €/Kg"
Esfregona de Microfibras Completa,PorSi,1 unidade,"0,89 €","0,89 €/Unidade"
Couve Roxa,Programa Origens,1 un = 1 kg (aprox.),"1,49 €","0,99 €/Kg"
Petit gâteau chocolate negro belga,PorSi,Embalagem com 4 unidades,"3,99 €","7,39 €/Kg"
Tampão Normal,O.B.,1 Embalagem c/32 unidades,"3,99 €","3,99 €/Unidade"
Dentifríco p/ Dentes de Leite,Aquafresh,Embalagem de 50 ml,"0,99 €","0,99 €/Unidade"
Nestum 5 cereais,Nestum,Embalagem de 250g,"2,49 €","9,96 €/Kg"
Vinho tinto,Alandra,Garrafa de 750 ml,"1,59 €","2,12 €/L"
"Máquina Tripla Matrix, + 5 unidades",Labell Men,Uma embalagem,"1,16 €","4,64 €/L"
Guardanapos brancos 30x30 cm,PorSi,Embalagem com 100 unidades,"1,29 €","1,29 €/Unidade"
Spray limpeza casa de banho,Cillitbang,Embalagem de 500 ml,"1,79 €","2,39 €/L"
Alimento húmido cão gelatina júnior,Pedigree,Embalagem de 400g,"0,75 €","2,50 €/Kg"
Iogurte fruta batida morango,Mimosa,Embalagem de 480g,"2,49 €","5,19 €/Kg"
Paté de sardinha,PorSi,Embalagem de 4 x 22 g,"1,19 €","13,52 €/Kg"
Puré de batata,PorSi,Embalagem com 750 g,"1,39 €","1,39 €/Kg"
Iogurte magro + gelatina morango,Mimosa,Embalagem de 4 x 120 g,"1,44 €","2,88 €/Kg"
Chá verde,PorSi,Embalagem de 37.5 g,"85,00 €/Kg","85,00 €/Kg"
Refrigerante c/ gás laranja,Sumol,pack 4 x 1.25 l,"0,79 €","0,40 €/L"
Bolachinhas,Cerelac,Embalagem de 180g,"1,89 €","15,75 €/Kg"
Óleo alimentar,Fula,Embalagem 1L,"3,39 €","3,39 €/L"
Chá de infusão salutem nº 18 - camomila 10 saquetas,Salutem,Embalagem de 15g,"1,25 €","1,25 €/Unidade"
2 Toalhas de bidé,PorSi,30 x 50 cm,"13,99 €","13,99 €/Unidade"
Aguardente velha reserva,CRF,Garrafa de 700 ml,"12,79 €","18,27 €/L"
Bolacha alfa,Nacional,Embalagem de 180g,"2,82 €","9,40 €/Kg"
Preparado de bolo de canela,PorSi,500 g,"1,69 €","8,45 €/L"
Sacos do lixo perfumado 30 litros,PorSi,15 unidades,"1,89 €","1,89 €/Unidade"
Chá infusão nº8 gripal calm,Cemporcent,Embalagem de 13g,"1,25 €","1,25 €/Unidade"
Pá + espanador,PorSi,1 conjunto,"2,99 €","2,99 €/Unidade"
Guardanapos de 1 folha azuis | dim.: 30 x 29 cm,PorSi,Embalagem com 70 unidades,"1,29 €","1,29 €/Unidade"
Azeite virgem extra clássico,Gallo,Garrafa de 750 ml,"3,29 €","4,39 €/L"
Mistura de cogumelos,PorSi,Embalagem de 400g,"0,74 €","1,85 €/Kg"
Saqueta de puré de fruta | maçã + banana,PorSi,90 g,"0,74 €","8,22 €/Kg"
Vinho regional alentejano reserva tinto,Encosta das Perdizes,Garrafa de 0.75 l,"2,89 €","3,85 €/L"
Ovos Frescos de Galinhas Criadas ao Ar Livre Classe:...,PorSi Bio,Embalagem com 6 unidades,"2,55 €","2,55 €/Unidade"
Lixivia perfume fresco,Neoblanc,Embalagem de 2 l,"2,59 €","1,30 €/L"
"Cerveja sem álcool, tara perdida",Super Bock,Pack 6 X 0.33 L,"5,99 €","3,03 €/L"
Sobremesa Paturette Chocolate,Páturages,Embalagem de 4x115g,"1,19 €","2,59 €/Kg"
Chocolate culinário,Pantagruel,Embalagem de 200g,"1,04 €","8,32 €/Kg"
Escova de dentes max white média,Colgate,1 + 1 unidades,"3,49 €","3,49 €/Unidade"
Iogurte oikos natural,Danone,Embalagem de 4 x 110g,"2,49 €","5,19 €/Kg"
"Azeite extra virgem, azeitonas verdes",Oliveira da Serra,Garrafa de 750 ml,"3,29 €","4,39 €/L"
Francesinha,PorSi,Embalagem de 450G,"3,99 €","9,98 €/Kg"
Sementes de abóbora,Cemporcent,Embalagem de 150g,"2,29 €","11,45 €/Kg"
Chupeta latex suave 0 meses,Neo Baby,Embalagem com 2 unidades,"5,99 €","5,99 €/Unidade"
Café em cápsulas dolce gusto ardenza,Nescafe,Embalagem de 110g,"15,99 €","47,03 €/Kg"
Livro Hot Wheels,Europrice,,"5,99 €","5,99 €/Unidade"
Tira nódoas em spray,Skip,Embalagem de 500 ml,"5,99 €","11,98 €/L"
Amendoim com casca,Frutos secos,1 un = 100 gr (aprox.),"4,99 €/Kg","4,99 €/Kg"
Queijo Amarelo da Beira Baixa DOP,Casa Almeida,Vendido ao peso a partir de 250 gr,"4,25 €","16,99 €/Kg"
Preparado para arroz de marisco,Brasmar,Embalagem de 450 g,"1,79 €","7,16 €/Kg"
Lichias em calda,Koala,Embalagem de 567g,"1,99 €","2,37 €/Kg"
Café solúvel intenso,Delta,Embalagem de 100g,"1,45 €","14,50 €/Kg"
"Chá preto, sem cafeína, 10 saquetas",Tetley,Embalagem de 20g,"41,67 €/Kg","41,67 €/Kg"
Iogurte magro + gelatina maracujá,Mimosa,Embalagem de 4 x 120 g,"1,44 €","2,88 €/Kg"
Pó baratas e formigas,Baygon,Embalagem de 250 g,"4,99 €","19,96 €/Kg"
30 comprimidos super ginseng,PLANTANATU,Embalagem de 1 unidades,"7,59 €","126,50 €/Kg"
Dawnut de chocolate,Pastelaria do Dia,1 unidade = 60 g,"0,35 €","0,35 €/Unidade"
Rebuçados mini café,PorSi,Embalagem de 200g,"1,15 €","4,60 €/Kg"
20 saquetas infusão de lúcia lima,Lipton,Embalagem de 30g,"85,00 €/Kg","85,00 €/Kg"
Yaos creations natural,Nestle,Embalagem de 1 kg,"2,49 €","5,19 €/Kg"
Vinho tinto,Adega grande,Garrafa de 75 cl,"1,59 €","2,12 €/L"
Inseticida baratas e formigas,Dum Dum,Embalagem de 400 ml,"4,79 €","11,98 €/L"
Fralda de Incontinência c/ Elásticos Tamanho Médio,Lindor,Embalagem de 52 un.,"9,99 €","9,99 €/Unidade"
Creme p/ Calçado Preto,Búfalo,Embalagem de 40 ml,"2,49 €","31,13 €/L"
Arroz vaporizado,PorSi,Embalagem de 1 kg,"1,26 €","1,26 €/Kg"
"Iogurte actimel, morango",Danone,Embalagem de 12 x 100 g,"4,15 €/Kg","4,15 €/Kg"
Choco limpo 10/30,Pescanova,Embalagem de 500g,"9,59 €","11,99 €/Kg"
Vinho maduro tinto doc alentejano,P.ravessa,Garrafa de 750 ml,"2,89 €","3,85 €/L"
Amendoim pedaços,Cemporcent,Embalagem de 510g,"3,99 €","7,98 €/Kg"
Nuggets de frango,PorSi,Embalagem de 360 g,"9,30 €/Kg","9,30 €/Kg"
Tablete de chocolate extra fina leite/avelã,Nestle,Embalagem de 120g,"0,65 €","6,50 €/Kg"
Bombom Caja Roja,Nestlé,Embalagem de 100G,"4,29 €","42,90 €/Kg"
Café com cafeina solúvel,Delta,Embalagem de 20g,"1,45 €","14,50 €/Kg"
Liquido brilhante sapato preto,PorSi,75 ml,"0,99 €","330,00 €/Kg"
Café 5 estrelas moído tradição,Sical,Embalagem de 250g,"9,76 €/Kg","9,76 €/Kg"
Bombons Fontessa,Trumpf,Embalagem de 400G,"4,29 €","42,90 €/Kg"
Batata frita camponesa,PorSi,Embalagem de 175 g,"1,18 €","6,38 €/Kg"
Mistura solúvel bolero,Nestle,Embalagem de 200g,"0,79 €","3,16 €/Kg"
Massa folhada margarina,PorSi,Embalagem de 230 g,"0,99 €","4,30 €/Kg"
Massa macarronete riscado,PorSi,Embalagem de 500g,"0,99 €","1,98 €/Kg"
Chá solúvel verde,Cemporcent,Embalagem de 60g,"1,25 €","1,25 €/Unidade"
Chá funcional sono,F+nutrir,Embalagem de 45g,"1,25 €","1,25 €/Unidade"
Pasta de sardinha,Fides,Embalagem de 90g,"1,19 €","13,52 €/Kg"
Bebida energética ripper,Monster,Garrafa de 500 ml,"1,60 €","3,20 €/L"
Super homem,PLANTANATU,Embalagem de 1 unidades,"7,59 €","126,50 €/Kg"
Farinheira do Ribatejo,PorSi,Embalagem de 180g,"1,49 €","7,45 €/Kg"
Creme vegetal culinário,Vaqueiro,Embalagem de 1 kg,"1,39 €","6,95 €/L"
Fruta para bebé multifrutas +4 meses,Nestle,Embalagem de 90g,"0,74 €","8,22 €/Kg"
Lava tudo marinho,Cif,"Garrafa de 1,4 l","0,99 €","0,50 €/L"
Creme de cenoura,PorSi,Embalagem de 400 g,"1,25 €","3,13 €/Kg"
Ambientador carro recarga aqua,Ambipur,1 unidade,"2,49 €","2,49 €/Unidade"
Vinho branco regional península de setúbal,Joao pires,Garrafa de 0.75 l,"4,99 €","6,65 €/L"
Toalha de banho,PorSi,100 x 150 cm,"13,99 €","13,99 €/Unidade"
Snack gato sticks salmao 6x5g,PorSi,Embalagem de 30g,"0,95 €","15,83 €/Kg"
Bolachas chiquilin energy,Artiach,Embalagem de 200g,"1,69 €","6,76 €/Kg"
Liégeois Sobremesa de Café,Páturages,Embalagem de 4x100 g,"0,55 €","2,75 €/Kg"
Queijo tres igrejas cura 2 meses,Santiago,Vendido ao peso a partir de 250 gr,"6,49 €","25,45 €/Kg"
Pudim de ananás,Boca Doce,Embalagem de 20g,"0,59 €","29,50 €/Kg"
Filetes de pescada,Pescanova,Embalagem de 400g,"3,99 €","9,98 €/Kg"
Salva Camas 60 x 60 cm,PorSi,Embalagem com 20 un.,"4,99 €","4,99 €/Unidade"
Barras de cereais golden grahams,Nestle,Embalagem de 150g,"1,29 €","10,24 €/Kg"
Queimador extra forte,Prozis,Embalagem de 1 unidades,"7,59 €","126,50 €/Kg"
Limpa Estofos de Tecido,PorSi,Embalagem de 1 l,"5,19 €","8,65 €/L"
Desinfetante em gel c/ lixívia,Cif,Garrafa de 750 ml,"2,79 €","3,99 €/L"
Gin dry,Gordons,Garrafa de 700 ml,"14,99 €","21,41 €/L"
Chá infusão príncipe bio,Cemporcent,Embalagem de 13g,"1,25 €","1,25 €/Unidade"
Fermento em po 4x25g,PorSi,Embalagem de 100g,"1,89 €","17,18 €/Kg"
Comida húmida para cão de frango e arroz,PorSi,Lata de 400 g,"0,75 €","2,50 €/Kg"
Alimento húmido para cão vaca,Pedigree,Embalagem de 300g,"0,75 €","2,50 €/Kg"
Spray Casa Banho Anti Fungos,Pattex,Embalagem 500ML,"1,79 €","2,39 €/L"
Macarronete Massa Com Vegetais,Nacional,Embalagem de 500g,"0,99 €","1,98 €/Kg"
Queijo fatias -50% de gordura,Limiano,Embalagem de 400g,"1,96 €","9,80 €/Kg"
Vela mágica pack de 10 unidades,PorSi,Uma embalagem,"0,60 €","0,60 €/Unidade"
"Cereais crusts, amêndoas e mel",PorSi,Embalagem de 380g,"2,29 €","6,11 €/Kg"
Pensos para picadas de insetos,PorSi,10 unidades,"1,69 €","1,69 €/Unidade"
"Cla ultra l-carnitina + chá verde, 30caps",PLANTANATU,Embalagem de 1 unidades,"7,59 €","126,50 €/Kg"
Chá soluvel salutem naturlinha 10 saquetas,Salutem,Embalagem de 15g,"1,25 €","1,25 €/Unidade"
Achocolatado em saco,Nesquik,Embalagem de 1 kg,"8,59 €/Kg","8,59 €/Kg"
Bolacha waffer cacau,Waferland,Embalagem de 175g,"0,98 €","4,67 €/Kg"
Renovador de Camurça em Spray Incolor,Búfalo,Embalagem de 250 ml,"2,89 €","14,45 €/L"
Marcadores para colorir,Domédia,embalagem com 18 unidades,"1,69 €","1,69 €/Unidade"
Farinha para bolos super fina,PorSi,Embalagem de 1 kg,"1,99 €","1,99 €/Kg"
Puré de batata,Maggi,Embalagem de 250g,"1,99 €","1,99 €/Kg"
Lombinhos,Porco,1 un=500 gr aprox.,"4,89 €","4,89 €/Kg"
Espumante cava meio seco reserva,Freixenet,Garrafa de 750 ml,"8,49 €","11,32 €/L"
"Refresco em pó, manga",PorSi,Embalagem de 40g,"0,75 €","18,75 €/Kg"
Queijo Curado de Cabra,Mourisca,Vendido ao peso a partir de 250 gr,"1,89 €","10,50 €/Kg"
Bolachas com duplo creme,Oreo,Embalagem de 190g,"0,79 €","4,49 €/Kg"
Óleo Performa 10W40,Galp,Embalagem de 1 l,"14,99 €","14,99 €/L"
Pensos banda,PorSi,100 x 6 cm,"1,69 €","1,69 €/Unidade"
Queijo mascarpone,Páturages,Embalagem 250G,"1,69 €","6,76 €/Kg"
Aperitivo de anis,Ricard,Garrafa de 700 ml,"7,99 €","10,65 €/L"
"Recarga ambientador, toque&fresh relax zen",Glade,Embalagem de 10 ml,"349,00 €/L","349,00 €/L"
Ambientador Arbre Coco,Arbre Magique,3 unidade,"2,49 €","2,49 €/Unidade"
Molho bechamel,PorSi,Embalagem de 200g,"0,87 €","2,90 €/Kg"
Ice tea de limão,PorSi,"Embalagem de 6x0,20 l","1,14 €","0,76 €/L"
Película aderente,Vileda,embalagem com 50 m,"1,11 €","1,11 €/Unidade"
Desinfetante de frutas e vegetais,Clean Essence,500 ml,"0,40 €","3,99 €/Kg"
Garagem,Écoiffier,Andares + camião,"49,99 €","49,99 €/Unidade"
Pensos diários flexiform,Carefree,Embalagem de 30 unidades,"1,79 €/Unidade","1,79 €/Unidade"
Recarga mopa,PorSi,1 unidade,"2,99 €","2,99 €/Unidade"
Gran cruz rosé porto cruz pink,Cruz,Garrafa de 750 ml,"7,99 €","10,65 €/L"
Bolacha maria,Cuetara,Embalagem de 3 x 200 g + 33% grátis,"1,69 €","2,11 €/Kg"
Beterraba Cozida,*,Embalagem de 450 g,"0,40 €","3,99 €/Kg"
Sumo 100% maçã,PorSi,pack 3 x 200 ml,"1,09 €","0,73 €/L"
Leite de pastagem magro,Terra Nostra,Embalagem de 1 litro,"1,09 €","1,09 €/L"
Batata pré-frita palitos finos,PorSi,Embalagem de 1 kg,"1,39 €","1,39 €/Kg"
Bastão de cola,Domédia,20 g,"2,19 €","2,19 €/Unidade"
Resguardos de cama,PorSi,20 unidades de 80 x 180 cm,"4,99 €","4,99 €/Unidade"
"Vinagre de sidra, spray",Paladin,Garrafa de 250 ml,"0,35 €","0,70 €/L"
Chá hibisco e maçã infusão,Cemporcent,Embalagem de 13g,"1,25 €","1,25 €/Unidade"
Amendoim com Casca,PorSi,Embalagem de 500g,"0,79 €","3,95 €/Kg"
Sumo 100% laranja,PorSi,Pack 3 x 200 ml,"1,09 €","0,73 €/L"
Limpa Moveis Lavanda,Pronto,300 ml,"4,39 €","14,63 €/L"
Azeite virgem extra,Ouro elvas,Garrafa de 750 ml,"3,29 €","4,39 €/L"
Barras cereais chocapic,Nestle,Embalagem de 150g,"1,29 €","10,24 €/Kg"
Bebida de soja natural,Frias,Garrafa de 1 l,"1,32 €","2,06 €/L"
Leite de transição Optipro 2 +6 meses,NAN,Embalagem de 800g,"23,99 €","29,99 €/Kg"
Snack chocolate leite,Kit kat,Embalagem de 125g,"0,99 €","9,90 €/Kg"
Recarga ambientador elétrico delícias de verão,Air Wick,Embalagem de 1 unidades,"5,99 €","23,96 €/L"
Bolacha de arroz chocolate leite,Cemporcent,Embalagem de 100g,"4,48 €/Kg","4,48 €/Kg"
"Anti-calcário em pó, máquina roupa",PorSi,Embalagem de 800g,"10,99 €","52,33 €/Kg"
Sidra Mini Watermelom,Somersby,Pack 6 x 20 cl,"5,99 €","3,03 €/L"
Champanhe tradicional bruto,Delagne&fi,Garrafa de 750 ml,"19,99 €","26,65 €/L"
Iogurte activia líquido cereais,Danone,Embalagem de 4 x 155 g,"2,49 €","5,19 €/Kg"
Azeite virgem extra reserva,Gallo,Garrafa de 750 ml,"3,29 €","4,39 €/L"
Iogurte activia líquido morango,Danone,Embalagem de 4 x 155 g,"2,49 €","5,19 €/Kg"
Creme abrasivo de limão,PorSi,Embalagem de 750 ml,"0,99 €","1,32 €/L"
Iogurte tipo grego morango,PorSi,Embalagem de 4 x 125 g,"2,49 €","5,19 €/Kg"
Bebida avelã,Alpro,Embalagem de 1 litro,"2,49 €","2,49 €/L"
Escova criança step 1 0-2 anos,Jordan,Embalagem de 1 unidade,"0,99 €","0,99 €/Unidade"
Pasta dentífrica 1 2 3,Oral B,Embalagem de 75 ml,"2,39 €","31,87 €/L"
Spray wc anticalcário,PorSi,embalagem de 750 ml,"1,79 €","2,39 €/L"
Café moagem universal brasil,Delta,Embalagem de 220g,"9,16 €/Kg","9,16 €/Kg"
Farinha de trigo integral,Cemporcent,Embalagem de 500g,"2,29 €","11,45 €/Kg"
Canela em pau,PorSi,Saqueta de 30 g,"0,25 €","0,25 €/Kg"
Chá infusão quebra pedras,Cemporcent,Embalagem de 13g,"1,25 €","1,25 €/Unidade"
Gambão 20/30,Marisco Congelado,Vendido a partir de 250 (aprox.),"2,00 €","7,99 €/Kg"
Vinho Vinha da Fonte Setúbal branco,Casa Ermelinda Freitas,Garrafa de 0.75 l,"4,99 €","6,65 €/L"
Ambientador gel floral,PorSi,150 g,"16,63 €/L","16,63 €/L"
Leite seleccionado magro,Matinal,Garrafa de 1 l,"1,09 €","1,09 €/L"
"Inseticida líquido, elétrico, apa",Raid,Embalagem de 21 ml,"17,59 €","325,74 €/L"
Borracha para lápis e tinta,Domédia,1 unidade,"1,69 €","1,69 €/Unidade"
Abacate categoria II,Fruta do Dia,Embalagem de 300 g,"1,44 €","3,59 €/Kg"
Tablete chocolate chips ahoy,Milka,Embalagem de 100g,"0,53 €","5,30 €/Kg"
Leite uht meio gordo,PorSi,Embalagem com rosca de 1 l,"0,83 €","0,83 €/L"
Chá camomila,Cemporcent,Embalagem de 40g,"1,25 €","1,25 €/Unidade"
Danette caramel 125g p4,Danone,Embalagem de 4 x 125 g,"1,19 €","2,59 €/Kg"
Açúcar mascavado,PorSi,Embalagem de 500g,"1,49 €","1,49 €/Kg"
Carne para estufar de novilho,PorSi,Embalagem de 400 g,"3,40 €","8,50 €/Kg"
Azeite virgem clássico,PorSi,Garrafa de 750 ml,"3,29 €","4,39 €/L"
Batata pré-frita rodelas para saltear,PorSi,Embalagem de 1 kg,"1,39 €","1,39 €/Kg"
Pensos para bolhas,PorSi,20 unidades,"1,69 €","1,69 €/Unidade"
Autobrilhante Castanho,Búfalo,Embalagem de 50 ml,"0,99 €","330,00 €/Kg"
Arroz de pato,PorSi,Embalagem de 400g,"3,99 €","9,98 €/Kg"
8 salsichas bockwurst,PorSi,1 Frasco 720G,"0,75 €","3,75 €/Kg"
"Iogurte líquido yoggi, sem lactose, morango",Nestle,Embalagem de 4 x 160 g,"1,31 €","2,05 €/Kg"
Barras de cereais fitness crunchy & caramelo,Nestle,Embalagem de 140g,"1,29 €","10,24 €/Kg"
"Alimento seco para cão, croquetes pro adulto",PorSi Select,Embalagem de 4 Kg,"22,99 €","1,15 €/Kg"
Arroz carolino,PorSi,Embalagem de 1 kg,"1,26 €","1,26 €/Kg"
Iogurte corpos danone + proteína ananás,Danone,Embalagem de 150g,"5,97 €/Kg","5,97 €/Kg"
Chupeta latex suave + 4 meses,Neo Baby,Embalagem com 2 unidades,"5,99 €","5,99 €/Unidade"
Massa bagos,PorSi,Embalagem de 250g,"0,99 €","1,98 €/Kg"
Gengibre desidratado em cubos,Cemporcent,Embalagem de 100g,"1,94 €","3,88 €/Kg"
Chá de infusão salutem nº 27 - pau d'arco 10 saqueta...,Salutem,Embalagem de 15g,"1,25 €","1,25 €/Unidade"
Mistura sol sem café granulado,PorSi,Embalagem de 200g,"0,79 €","3,16 €/Kg"
"Ração para gato adulto com vaca, frango",Friskies,Embalagem de 4kg,"12,99 €","4,33 €/Kg"
Caderno Espiral Capa Dura A4 Quadriculado,Domédia,1 un.,"3,69 €","3,69 €/Unidade"
Batatas fritas lisas originais,Lay's,Embalagem de 282g,"1,01 €","5,46 €/Kg"
Iogurte líquido morango,PorSi,Embalagem de 4 x 160 g,"1,31 €","2,05 €/Kg"
Infusão de tília,Tetley,Embalagem de 10g,"0,99 €","76,15 €/Kg"
Ervilhas primavera 500g,Iglo,Embalagem de 500g,"0,74 €","1,85 €/Kg"
Rosas de açúcar,Vahine,Embalagem de 2g,"1,29 €","3,23 €/Kg"
Chá sene,PLANTANATU,Embalagem Com 10 saquetas,"1,25 €","1,25 €/Unidade"
Presunto fatiado,PorSi,Embalagem de 200g,"2,59 €","12,95 €/Kg"
Snack para gato crispies salmão e truta,Felix,Embalagem de 50g,"0,95 €","15,83 €/Kg"
Vinho regional lisboa reserva tinto,Marginal,Garrafa de 0.75 l,"4,99 €","6,65 €/L"
Infusão alcachofra e dente de leão,Cemporcent,Embalagem de 10 unidades,"0,99 €","76,15 €/Kg"
Alimento lácteo cereais e bolachas maria +6 meses,Yogolino,Embalagem de 4 x 100 g,"2,89 €","7,23 €/Kg"
Papel Higiénico Compacto Ultra Suave XXL,Colhogar,12 rolos,"1,99 €","1,99 €/Unidade"
Bolachas waffers morango,PorSi,Embalagem de 210g,"0,98 €","4,67 €/Kg"
Luvas Multi Sensitive Médio/Grande,Vileda,40 unidade,"4,29 €","4,29 €/Unidade"
Bebida de Amêndoa,PorSi Viva Bem,1 litro,"1,32 €","2,06 €/L"
Carcaça Rústica 70 g,Pão do Dia,,"0,19 €","2,38 €/Kg"
Tablete de chocolate leite bubbly,Milka,Embalagem de 90g,"0,53 €","5,30 €/Kg"
Mimosa bem especial leite e aveia,Mimosa,Embalagem de 1 litro,"2,19 €","2,19 €/L"
Pensos higiénicos liberty normal sem abas,Evax,Embalagem com 12 un.,"4,99 €","4,99 €/Unidade"
Atum posta em azeite,PorSi,Embalagem de 120g,"0,89 €","7,42 €/Kg"
Pão de forma sem côdea 9 cereais,Panrico,Embalagem de 480g,"2,63 €/Kg","2,63 €/Kg"
Nuggets de frango grelhadinho,Capitão Iglo,Embalagem de 200g,"9,30 €/Kg","9,30 €/Kg"
Chá infusão verde e mel,Cemporcent,Embalagem de 15g,"1,25 €","1,25 €/Unidade"
Spray tira nódoas,A+,Embalagem de 750 ml,"5,99 €","11,98 €/L"
Pasta de açúcar branco,PorSi,250 g,"1,49 €","1,49 €/Kg"
Queijo Curado Trad.Pimentão,Alavão,Vendido ao peso a partir de 250 gr,"6,49 €","25,45 €/Kg"
Queijo de Ovelha Curado Apimentado,PorSi,,"4,37 €","17,49 €/Kg"
Salsichas de porco tipo estrasburgo,Monique Ranou,Embalagem  de 210G,"1,56 €","7,43 €/Kg"
Vela em número nª2,PorSi,1 unidade,"0,60 €","0,60 €/Unidade"
Bolachas mini chips ahoy,Ca!,Embalagem de 160g,"0,79 €","5,27 €/Kg"
Leite desmaquilhante para peles secas,Labell,Embalagem de 250 ml,"1,15 €","4,60 €/L"
Ração seca para cão croquetes pro júnior,PorSi Select,Embalagem de 3 Kg,"22,99 €","1,15 €/Kg"
Bolacha diet nature sem açúcar,Gullon,Embalagem de 400g,"4,48 €/Kg","4,48 €/Kg"
Vmt reg alentejano 0.75l,T.xisto,Garrafa de 750 ml,"2,89 €","3,85 €/L"
Sardinha Pequena,Peixe Congelado,1 un= 250 gr (aprox.),"1,20 €","3,99 €/Kg"
Creme proteção de gengivas,Polident,Embalagem de 40 g,"7,39 €","105,57 €/Kg"
Recarga mopa 1.2 spray max,Vileda,1 unidade,"0,89 €","0,89 €/Unidade"
"Lixívia para roupa, azul, tradicional",Neoblanc,Embalagem de 1 l,"1,74 €","0,35 €/L"
Café moagem normal: intenso,Buondi,Embalagem de 220g,"9,76 €/Kg","9,76 €/Kg"
Tomate inteiro pelado,PorSi,Embalagem de 390 g,"2,19 €","2,81 €/Kg"
Atum posta em azeite,Bom petisc,Embalagem de 120 g,"0,89 €","7,42 €/Kg"
Fruta para bebé 4 frutas +4 meses,Nestle,Embalagem de 90g,"0,74 €","8,22 €/Kg"
Favas ultracongeladas,PorSi,Embalagem de 1 kg,"0,74 €","1,85 €/Kg"
Abrasivo sanitário gel citrinos,PorSi,embalagem de 1 litro,"0,99 €","1,32 €/L"
Hamburger cogumelos,Veg In,Embalagem de 160g,"3,39 €","21,19 €/Kg"
Feijão frade,Compal,Lata de 410 ml,"2,19 €","2,81 €/Kg"
Cerveja 0.0%,Sagres,Lata 0.33 l,"5,99 €","3,03 €/L"
Penso júnior,PorSi,20 unidades,"1,69 €","1,69 €/Unidade"
Sacos do lixo wc 5 litros,PorSi,30 sacos,"1,89 €","1,89 €/Unidade"
"Sacos para gelo, fecho facil",Fino,1 embalagem de 240 unidades,"1,11 €","1,11 €/Unidade"
Porto tawny,Ferreira,Garrafa de 750 ml,"6,29 €","8,39 €/L"
Limpa Tablier,PorSi,Embalagem de 1 l,"5,19 €","8,65 €/L"
Molho de alho,Calve,Embalagem de 260g,"0,87 €","2,90 €/Kg"
Limpa Móveis,PorSi,Embalagem de 300 ml,"4,39 €","14,63 €/L"
Queijo limiano amanteigado vaca e ovelha sem casca o...,Limiano,Embalagem de 450g,"6,49 €","25,45 €/Kg"
"Gelatina pronto a comer, 10kcal tropical",Royal,Embalagem de 4 x 100 g,"0,85 €","2,13 €/Kg"
Azeite de moura virgem extra bio,PorSi Bio,Garrafa de 500 ml,"3,29 €","4,39 €/L"
Alimento seco p/ cão actividade intensa,PorSi,Embalagem de 4kg,"22,99 €","1,15 €/Kg"
Fruta para bebé maçã banana +4 meses,Nestle,Embalagem de 4 x 100 g,"0,74 €","8,22 €/Kg"
Manteiga magra,PorSi,Embalagem de 250g,"1,89 €","7,56 €/Kg"
Penso diário salvaslip multiforma,Evax,embalagem de 34 unidades,"1,79 €/Unidade","1,79 €/Unidade"
Snack bounty single 57g,BOUNTY,Embalagem de 60g,"11,93 €/Kg","11,93 €/Kg"
Pensos de incontinência Maxi,Ausonia,Uma embalagem - 12Unidades,"1,99 €","1,99 €/Unidade"
Nestum aveia e morango,Nestum,Embalagem de 250g,"2,49 €","9,96 €/Kg"
Miolo de amêndoa sem pele inteira,PorSi,200 g,"0,79 €","3,95 €/Kg"
Fígado,Porco,Vendido ao peso a partir de 1 kg,"0,50 €","4,99 €/Kg"
Fio dentário fluór+menta 50m,Labell,1 unidade,"3,49 €","3,49 €/Unidade"
Luvas Universal Pequeno/Médio,Vileda,1 unidade,"4,29 €","4,29 €/Unidade"
Tablete de chocolate culinário branco,PorSi,Embalagem de 180 g,"0,99 €","9,90 €/Kg"
Maionese magra em frasco,Hellmman's,Embalagem de 460g,"0,87 €","2,90 €/Kg"
Aperitivos 3d's cones,3d's,Embalagem de 90g,"0,79 €","7,90 €/Kg"
Plantanatur slim rapid 30 comprimidos,PLANTANATU,Embalagem de 1 unidades,"7,59 €","126,50 €/Kg"
Refrigerante c/ gás,Coca-Cola,pack 6 x 0.33 l,"0,79 €","0,40 €/L"
Ovos Frescos Classe M,PorSi,12 unidades,"1,59 €","1,59 €/Unidade"
Tira Nódoas Spray a Seco,Iberia,Embalagem de 200 ml,"10,99 €","52,33 €/Kg"
Ração para cão com frango,Friskies,Embalagem de 4kg,"22,99 €","1,15 €/Kg"
Chocolate negro 72% cacau,Cemporcent,Embalagem de 100g,"2,89 €","23,12 €/Kg"
Wafers sem glúten de chocolate preto,Schar,Embalagem de 40 g,"1,44 €","36,00 €/Kg"
Lava Tudo Perfumado Herbal,PorSi,Embalagem de 2 l,"0,99 €","0,50 €/L"
Gelado carte d'or tarte limão merengue,Olá,Embalagem de 900 ml,"5,49 €","6,10 €/L"
Lixívia WC Gel Higienizante,Neoblanc,Embalagem de 700ml,"2,59 €","1,30 €/L"
Levedura de cerveja,Cemporcent,Embalagem de 150g,"2,29 €","11,45 €/Kg"
Massas alimentícias laços,PorSi,Embalagem de 500g,"0,99 €","1,98 €/Kg"
"Croissants com recheio de cacau, 5 unidades",Dulcesol,Embalagem de 230g,"2,05 €","5,13 €/Kg"
Máquina Descartável Depilatória Venus Plus,Gillette,4 un. + 2 grátis,"5,49 €","5,49 €/Unidade"
Saqueta de puré de fruta | maçã + manga + pêssego,PorSi,90 g,"0,74 €","8,22 €/Kg"
Tablete de chocolate culinário 70% negro,PorSi,Embalagem de 200 g,"1,04 €","8,32 €/Kg"
Vela com número nº 0,PorSi,1 unidade,"0,60 €","0,60 €/Unidade"
"Pasta dentífrica, proteção branqueador",Labell,Embalagem de 75 ml,"2,39 €","31,87 €/L"
Caldo carne 16 cubos,Knorr,Embalagem de 160g,"3,84 €","24,00 €/Kg"
Óleo de cedro,Mistolin,Embalagem de 360 ml,"4,39 €","14,63 €/L"
Espinafres salteado com alho,PorSi,Embalagem de 750g,"0,74 €","1,85 €/Kg"
Vinho do porto lágrima branco,R.pinto,Garrafa de 750 ml,"11,99 €","15,99 €/L"
Pensos Higiénicos Fina e Segura Normal,Evax,Embalagem c/ 24 Unidades,"4,99 €","4,99 €/Unidade"
Sidra maçã,Bandida,Lata de 500 ml,"5,99 €","3,03 €/L"
Mistura para carnes,PorSi,Embalagem de 40g,"0,25 €","0,25 €/Kg"
Espinafres,Florette,Embalagem de 300 g,"0,99 €","9,90 €/Kg"
Ameijoa Branca Vietnamita,Marisco Congelado,Vendido a partir de 250 gr  (aprox.),"2,00 €","7,99 €/Kg"
Tablete chocolate de leite,PorSi,embalagem de 100 g,"0,53 €","5,30 €/Kg"
Danacol aveia,Danone,Embalagem de 6 x 100 g,"4,15 €/Kg","4,15 €/Kg"
Abrasivo wc gel ecologico,PorSi,Garrafa de 1 l,"0,99 €","1,32 €/L"
Tarte de Flan,Pastelaria do Dia,embalagem com 650g,"4,29 €","6,60 €/Kg"
Vinho tinto regional terras dao bib 5l,Silgueiros,Embalagem de 5L,"7,49 €","9,99 €/L"
Frutose,PorSi,Boião de 410 g,"5,99 €","23,96 €/Kg"
Ração seca para gatinhos frango e legumes,PorSi,Embalagem de 2 kg,"12,99 €","4,33 €/Kg"
Bolacha torrada,PorSi,Embalagem de 4 x 200 g,"1,69 €","2,11 €/Kg"
Palmilha recortável antiodor,Sonaf,1 unidade,"2,95 €","2,95 €/Unidade"
Bacalhau à Brás,PorSi,Embalagem de 1 kg,"1,79 €","7,16 €/Kg"
"Creme revitalizante, noite",L'oreal,Embalagem de 50 ml,"2,99 €","59,80 €/L"
Queijo Flamengo Bola,Quinta do Convento,,"6,49 €","25,45 €/Kg"
Recarga Esfregona de Algodão,PorSi,1 unidade,"0,89 €","0,89 €/Unidade"
Batata frita lisa,PorSi,Embalagem de 90g,"1,01 €","5,46 €/Kg"
Arroz agulha,Caçarola,Embalagem de 1 kg,"1,26 €","1,26 €/Kg"
Posta pescada-do-cabo nº 5 para cozer,PorSi,Embalagem de 800 g,"3,99 €","9,98 €/Kg"
"Tira gorduras, pistola",Kh 7,Garrafa de 750 ml,"4,89 €","6,52 €/L"
Guardanapos com riscas verdes | Dim.: 33 x 33 cm,PorSi,Embalagem com 20 unidades,"1,29 €","1,29 €/Unidade"
Tablete de chocolate amêndoa e caramelo,Milka,Embalagem de 300g,"0,65 €","6,50 €/Kg"
Ração para gato adulto crunchy & tender com salmão,Friskies,"Embalagem de 1,5 kg","12,99 €","4,33 €/Kg"
Costeletas do Cachaço,Porco,Vendido ao peso a partir de 1 kg,"4,89 €","4,89 €/Kg"
Pastilhas limpa próteses,Labell,embalagem com 36 unidades,"7,39 €","105,57 €/Kg"
Beira interior colheita 2013,Beyra,Garrafa de 0.75 l,"6,49 €","8,65 €/L"
8 hamburguers s/ glúten vaca,Capitão Iglo,Embalagem de 640g,"2,79 €","8,72 €/Kg"
Iogurte activia líquido 0% lima/limão,Danone,Embalagem de 4 x 155 g,"2,49 €","5,19 €/Kg"
Champô miracle volume + nutrição,Pantene,225 ml,"5,59 €","13,98 €/L"
Puré batata doce,PorSi,Embalagem de 750g,"3,99 €","19,95 €/Kg"
Vinho Verde Loureiro Branco,Aveleda,Garrafa de 0.75 l,"3,09 €","3,09 €/L"
Lampreia de Ovos,Pastelaria do Dia,500g,"0,14 €","0,27 €/Kg"
Néctar pera,PorSi,Embalagem de 1 l,"0,99 €","0,99 €/L"
Vinho tinto regional alentejano,Galitos,Garrafa de 750 ml,"2,89 €","3,85 €/L"
Tablete de chocolate negro,Nestle,Embalagem de 100 g,"0,99 €","4,95 €/Kg"
Lombo assado,Probar,1 un = 250 gr (aprox.),"2,19 €","10,95 €/Kg"
Leite UHT Morango sem Lactose,Mimosa,Pack 3 x 250 ml,"2,19 €","2,19 €/L"
Chá solúvel peso ideal,Cemporcent,Embalagem de 45g,"1,25 €","1,25 €/Unidade"
Chá solúvel tilia,Cemporcent,Embalagem de 45g,"1,25 €","1,25 €/Unidade"
Fita adesiva,PorSi,5m x 2.5 cm,"1,69 €","1,69 €/Unidade"
Bloco Sanitário Poder Activo Pinho,Sonasol,Embalagem de 50 g,"2,99 €","74,75 €/Kg"
Gelatina pronta a comer light 10 kcal mirtilo,Royal,Embalagem de 4 x 100 g,"0,85 €","2,13 €/Kg"
Barrita controlo de peso maçã,Ignoramu,Embalagem de 44g,"0,69 €","1,73 €/Kg"
Chocolate culinário branco,Pantagruel,Embalagem de 200g,"1,04 €","8,32 €/Kg"
Rolls 6 unidades,Bimbo,Embalagem de 340g,"0,99 €","1,98 €/Kg"
Vinho do porto dona antónia reserva branco,Ferreira,Garrafa de 0.75 l,"11,99 €","15,99 €/L"
2 crocantes frango  recheio alho&ervas 204g,Iglo,Embalagem de 200g,"4,99 €","24,46 €/Kg"
Pack de 3 lâmpadas 6W LED E14,BDC,1 embalagem,"5,99 €","5,99 €/Unidade"
Feijão catarino,Legumes secos,1 un = 100 gr. (aprox.),"0,25 €","2,49 €/Kg"
Liquido refrigerante verde 10%,PorSi,Embalagem de 1 l,"5,19 €","8,65 €/L"
Grão de bico,PorSi,Frasco com 540 g,"2,19 €","2,81 €/Kg"
"Lenços de bolso sensi, brancos, 10 unidades",Renova,Uma embalagem de 6x10,"0,89 €","0,89 €/Unidade"
Crescido Asa Branca,Bacalhau da Noruega,1 un=1.5 Kg (aprox.),"8,09 €","10,79 €/Kg"
Desodorizante e desinfetante para calçado,Sanytol,Embalagem de 150 ml,"5,29 €","35,27 €/L"
Bolacha maria doces,Vieira,Embalagem de 300g,"1,69 €","2,11 €/Kg"
Sabonete líquido maçãs verdes,Labell,Embalagem de 500 ml,"1,09 €","2,18 €/L"
Croissant Brioche Artesanal,Pastelaria do Dia,1 unidade= 90 gr,"0,35 €","0,35 €/Unidade"
Leite uht magro,Gresso,Embalagem de 1 litro,"1,09 €","1,09 €/L"
Muesli nozes,PorSi,500 g,"3,79 €","10,83 €/Kg"
Massa macarronete riscado,Milaneza,Embalagem de 500g,"0,99 €","1,98 €/Kg"
Sidra,Kings Bräu,Pack 6 x 0.33 l,"5,99 €","3,03 €/L"
Sobremesa danette duo baunilha e chocolate,Danone,Embalagem de 4 x 125 ml,"1,19 €","2,59 €/Kg"
Manteiga com sal,Primor,Embalagem de 250g,"1,89 €","7,56 €/Kg"
Biscoitos canudinho simples,PorSi,Embalagem de 300g,"2,82 €","9,40 €/Kg"
Soja fina,Cemporcent,Embalagem de 400g,"2,29 €","11,45 €/Kg"
Spray anti calcário,Cif,Garrafa de 435 ml,"3,19 €","6,38 €/L"
Gomas de fresas selvagens,Fini,Embalagem 100G,"1,19 €","3,97 €/Kg"
Doce de cereja s/ açúcar adicionado,PorSi,Frasco com 220 g,"2,19 €","9,95 €/Kg"
Massa cuscus,PorSi,Embalagem de 250g,"0,99 €","1,98 €/Kg"
Areia para gatos aglomerante compacta perfumada,PorSi,Embalagem de 4 kg,"1,19 €","0,24 €/Kg"
Alimento lácteo morango +8 meses,Yogolino,Embalagem de 4 x 100 g,"2,89 €","7,23 €/Kg"
Livro Pop-Ups - Oceanos,Europrice,1 unidade,"4,99 €","4,99 €/Unidade"
Toalhitas básico,Dodot,embalagem com 54 unidades,"1,09 €/Unidade","1,09 €/Unidade"
Ambientador Difusor Frutos Vermelhos,PorSi,50 ml,"4,99 €","4,99 €/Unidade"
Fraldas agility T4 de 9 a 15 kg,PorSi,50 unidades,"13,29 €/Unidade","13,29 €/Unidade"
Aperitivos tex mex,Doritos,Embalagem de 120g,"0,79 €","7,90 €/Kg"
Vinho regional península de setúbal reserva,Periquita,Garrafa de 0.75 l,"4,99 €","6,65 €/L"
Tostas de trigo,Diatosta,Embalagem de 225 g,"2,39 €","6,83 €/Kg"
Creme de dia para pele seca,Labell,Embalagem de 50 ml,"2,99 €","59,80 €/L"
Manga em calda,It.saveurs,Embalagem de 250g,"1,99 €","2,37 €/Kg"
Bolacha de milho sem sal bio,Cemporcent,Embalagem de 110g,"4,48 €/Kg","4,48 €/Kg"
Molas plásticas,PorSi,15 unidades,"0,89 €","0,89 €/Unidade"
Aipo,Nossa seleção,Vendido ao peso,"0,12 €","2,49 €/Kg"
Gelatina pronta a comer ananás,Royal,Embalagem de 4 x 100 g,"0,85 €","2,13 €/Kg"
Queijo vaca e ovelha s. penela,Serqueijos,Embalagem de 500g,"3,87 €","15,49 €/Kg"
Gel de Banho Secrets Oil Avocato,Dove,Embalagem de 500 ml,"6,49 €","8,65 €/L"
Anti-traça Alimentos,Raid,2 + 1 unidades,"4,69 €","4,69 €/Unidade"
Café solúvel creme,Nescafe,Embalagem de 100g,"1,45 €","14,50 €/Kg"
Unha,Porco,1 un = 500 gr (aprox.),"0,50 €","4,99 €/Kg"
Alheira vegan,Veg In,Embalagem de 200g,"2,09 €","8,36 €/Kg"
Bolachas waffers baunilha,PorSi,Embalagem de 210g,"0,98 €","4,67 €/Kg"
Balde Limpeza Super Fácil Cinza + Espremedor,Vileda,1 unidade,"17,00 €","17,00 €/Unidade"
Spray limpeza fornos e grelhas,PorSi,500 ml,"1,79 €","2,39 €/L"
Água de rosas,Hidro,Embalagem de 200 ml,"0,76 €","0,76 €/Unidade"
Creme de coco,Koala,Garrafa de 165 ml,"1,09 €","2,75 €/Kg"
Luvas Multi Latex S/M,Vileda,10 unidade,"4,29 €","4,29 €/Unidade"
Húngaros,PorSi,Embalagem de 270G,"0,69 €","3,45 €/Kg"
Atum posta em óleo,Bom petisc,Embalagem de 120 g,"0,89 €","7,42 €/Kg"
6 Salsichas de porco,Nobre,Lata de 120g,"0,75 €","3,75 €/Kg"
Cereais corn flakes s/ glúten,Nestle,Embalagem de 380g,"1,49 €","2,98 €/Kg"
Tablete de chocolate leite c/ avelãs,Milka,Embalagem de 270g,"0,65 €","6,50 €/Kg"
Água c/ gás original,Frize,pack 6 x 0.25 l,"2,85 €","2,85 €/L"
Moscatel favaios,Favaios,Garrafa de 750 ml,"6,79 €/L","6,79 €/L"
Filetes de pescada,PorSi,Embalagem de 400 g,"3,99 €","9,98 €/Kg"
Osso Buco,Novilho,1un=150 gr aprox.,"6,39 €","7,99 €/Kg"
Água mineral sem gás,Fastio,Pack 4 x 1.5 l,"1,04 €","0,17 €/L"
Pescada panada em forma de filete,Pescanova,Embalagem de 1 Kg,"3,99 €","9,98 €/Kg"
Açúcar em saquetas,PorSi,Embalagem 1K,"1,49 €","1,49 €/Kg"
Vinho maduro branco,C.da eira,Garrafa de 1 l,"0,85 €","0,85 €/L"
Massa fusilli tricolor,Milaneza,Embalagem de 500g,"0,99 €","1,98 €/Kg"
Salsichas extra suculentas,Nobre,Frasco de 650 g,"0,75 €","3,75 €/Kg"
Sacos do lixo lavanda 50 litros,PorSi,15 unidades,"1,89 €","1,89 €/Unidade"
Iogurte natural açucarado,PorSi,Embalagem de 4x125g,"0,99 €","1,98 €/Kg"
Iogurte batido magro com mirtilos sem lactose,Mimosa,4 x 120 g,"1,44 €","2,88 €/Kg"
Creme p/ Calçado Castanho,Búfalo,Embalagem de 50 ml,"2,49 €","31,13 €/L"
Farinha para pão rústico,Nacional,Embalagem de 1 kg,"1,99 €","1,99 €/Kg"
Grão de bico,PorSi,Embalagem de 820g,"2,19 €","2,81 €/Kg"
Creme vegetal culinário,Vaqueiro,Embalagem de 250 g,"1,39 €","6,95 €/L"
Ketchup,Calve,Embalagem de 280g,"0,87 €","2,90 €/Kg"
Gel de Duche Creme Care,Nivea,Embalagem de 750 ml,"3,69 €","14,76 €/L"
Bebida espirituosa,1920,Garrafa de 1 l,"15,49 €","15,49 €/L"
Chocolate lion,Lion,Embalagem de 40g,"11,93 €/Kg","11,93 €/Kg"
Cereais fitness,Nestle,Embalagem de 380g,"5,59 €","8,87 €/Kg"
Chocolate Branco Milkybar,Nestle,Embalagem de 100g,"0,99 €","9,90 €/Kg"
Gin london dry 40,Bulldog,Embalagem de 0.70L,"14,99 €","21,41 €/L"
Preparado de tarte de flã,PorSi,360 g,"1,69 €","8,45 €/L"
Vinagre de limpeza,PorSi,Embalagem de 1 l,"0,79 €","0,79 €/L"
Termo ultra dreno-volume,PLANTANATU,Garrafa de 500 ml,"7,59 €","126,50 €/Kg"
"Rolo de cozinha design xxl, 3 rolos",Renova,Embalagem de 3 unidades,"4,99 €","4,99 €/Unidade"
Veggie bowls bulgur & courgette 350g,Iglo green,Embalagem de 350g,"3,99 €","19,95 €/Kg"
"Coloração permanente, caramelo avelã, nº 6.41",Excellence,1 unidade,"11,99 €","11,99 €/Unidade"
Refrigerante c/ gás laranja,Sumol,Garrafa de 500 ml,"0,79 €","0,40 €/L"
Frango Inteiro,Frango,1 un=2 Kg (aprox.),"1,03 €","2,95 €/Kg"
Queijo p/ barrar s/ lactose,Philadelph,Embalagem de 150g,"3,68 €","13,14 €/Kg"
Wc lixivia gel pink,Domestos,Garrafa de 750 ml,"1,74 €","0,35 €/L"
Aroma baunilha fr.plast.200ml,Vahine,Garrafa de 200 ml,"1,89 €","17,18 €/Kg"
Posta de tintureira,PorSi,Embalagem de 500 g,"3,99 €","9,98 €/Kg"
"Toalhitas intimas, 20 unidades",Labell,Uma embalagem,"0,79 €","0,79 €/Unidade"
Bolachas de manteiga,Triunfo,Embalagem de 170g,"1,69 €","6,76 €/Kg"
Canja c/ aletria,Knorr,Embalagem de 70g,"0,62 €","10,00 €/Kg"
Bolacha torrada com canela,PorSi,Embalagem de 2 x 250 g,"1,69 €","2,11 €/Kg"
Bolacha golden,Oreo,Embalagem de 154 g,"0,79 €","4,49 €/Kg"
Gronola de aveia chocolate,Nestle,Embalagem de 300g,"5,59 €","8,87 €/Kg"
Nata para culinária ligeira,Mimosa,Embalagem de 200 ml,"0,75 €","3,75 €/L"
Chá infusão tomilho bio,Cemporcent,Embalagem de 13g,"1,25 €","1,25 €/Unidade"
Vela com número nº 5,PorSi,1 unidade,"0,60 €","0,60 €/Unidade"
Whisky 12 anos,Ballantin.,Garrafa de 700 ml,"32,99 €","47,13 €/L"
Toalhitas Activity |Recarga,Dodot,Pack: 4x54 unidades,"1,09 €/Unidade","1,09 €/Unidade"
Gel WC Flores,Neoblanc,Embalagem de 700 ml,"2,79 €","3,99 €/L"
Camarão cozido 20/30,PorSi,vendido ao peso a partir de 350 g,"2,25 €","8,99 €/Kg"
Chá preto,Tetley,Embalagem de 20g,"41,67 €/Kg","41,67 €/Kg"
"Queijo flamengo, fatias",Paiva,Embalagem de 180 g,"1,96 €","9,80 €/Kg"
Feijao verde redondo,PorSi,Embalagem de 400g,"0,74 €","1,85 €/Kg"
Vinho do porto dona antónia reserva tinto,Ferreira,Garrafa de 0.75 l,"10,99 €","14,65 €/L"
Molho inglês,Savora,Garrafa de 120 ml,"0,87 €","2,90 €/Kg"
Pêssego em calda metades,PorSi,Lata com 420 g,"1,99 €","2,37 €/Kg"
Achocolatado em Pó,Nesquik,Embalagem de 390g,"8,59 €/Kg","8,59 €/Kg"
Inseticida para baratas e formigas,Baygon,Embalagem de 400 ml,"4,79 €","11,98 €/L"
Fiambre da Pá,PorSi,1 un = 150 gr (aprox.),"0,90 €","5,99 €/Kg"
Chourico picante beiras,PorSi,Embalagem de 290g,"1,22 €","6,78 €/Kg"
Espremedor,PorSi,1 unidade,"17,00 €","17,00 €/Unidade"
Chá de infusão salutem nº 13 - prosono 10 saquetas,Salutem,Embalagem de 15g,"1,25 €","1,25 €/Unidade"
Vela com número nº 8,PorSi,1 unidade,"0,60 €","0,60 €/Unidade"
Tablete de chocolate de leite com amêndoas - sem açú...,PorSi Viva Bem,Embalagem de 100 g,"0,65 €","6,50 €/Kg"
Chispalhada com feijão,Nobre,Embalagem de 420g,"2,69 €","14,01 €/Kg"
Café c/ cafeína intenso,Nescafe,Embalagem de 100g,"1,45 €","14,50 €/Kg"
"Bebida láctea especial crescimento, 1-3 anos",Mimosa,Garrafa de 1 l,"0,26 €","1,30 €/L"
12 pastéis de bacalhau,PorSi,Embalagem de 300 g,"1,79 €","7,16 €/Kg"
"Espuma de cabelo, volume xxl",Fru style,Embalagem de 200 ml,"3,99 €","53,20 €/L"
Leite uht gordo com rosca,PorSi,Embalagem de 1 litro,"1,04 €","1,04 €/L"
Pólen de abelhas,PorSi Select,Frasco de 130 g,"4,89 €","9,78 €/Kg"
Gel Banho Excite,Axe,Embalagem de 400 ml,"5,99 €","14,98 €/L"
Sumo 100% maçã,Compal,1 litro,"1,09 €","0,73 €/L"
Caldo de galinha 8 cubos,Knorr,Embalagem de 80g,"3,84 €","24,00 €/Kg"
Vinho regional alentejano tinto,Qta.carmo,Garrafa de 0.75 l,"2,89 €","3,85 €/L"
Detergente manual roupa,PorSi,Embalagem de 650g,"1,19 €","2,98 €/Kg"
Bocadelia de caranguejo,La piara,Embalagem de 170g,"1,19 €","13,52 €/Kg"
Achocolatado em pó extra chocolate,Nesquik,Embalagem de 390g,"8,59 €/Kg","8,59 €/Kg"
Sumo essencial de pêssego,Compal,pack 3 x 0.11 l,"2,29 €","6,94 €/L"
Água sem gás,Penacova,Garrafa de 1.5 litros,"1,04 €","0,17 €/L"
Porto ruby,Valadao,Garrafa de 750 ml,"6,65 €/L","6,65 €/L"
Laca Cabelo Criação Brilho,Tresemmé,Embalagem de 300 ml,"3,99 €","53,20 €/L"
Gogo SqueeZ Snack Banana,Gogo,Embalagem de 90g,"2,29 €","6,94 €/L"
"Infusão de romã/framboesa, 20 saquetas",Tetley,Embalagem de 40g,"0,99 €","76,15 €/Kg"
Vinho branco,Alandra,Garrafa de 750 ml,"1,59 €","2,12 €/L"
"Pastilhas fruit, frutos silvestres",Trident,Embalagem de 15 g,"0,89 €","59,33 €/Kg"
Iogurte liquido stracciatella,PorSi,Embalagem de 4 x 160 g,"1,31 €","2,05 €/Kg"
O cacau + cremoso,Cemporcent,Embalagem de 180g,"2,89 €","23,12 €/Kg"
Bolacha vitalday aveia e chocolate,Gullon,Embalagem de 240g,"2,82 €","9,40 €/Kg"
Café torrado 5 estrelas moagem grossa,Sical,Embalagem de 250g,"9,16 €/Kg","9,16 €/Kg"
Especialidade de soja natural,PorSi Viva Bem,Embalagem de 4 x 100 g,"3,05 €","6,10 €/Kg"
Grão de bico,Legumes secos,1 un = 100 gr. (aprox.),"0,25 €","2,49 €/Kg"
Néctar ananás,Compal,pack 3 x 200 ml,"0,99 €","0,99 €/L"
Manteiga c/ sal,Mimosa,Embalagem de 250g,"1,89 €","7,56 €/Kg"
Comida húmida para cão,PorSi,Embalagem de 300 g,"0,75 €","2,50 €/Kg"
Mistura solúvel tofina despertar,Nestle,Embalagem de 200g,"0,79 €","3,16 €/Kg"
Desodorizante Black & White Invisible,Nivea,150 ml,"4,69 €","31,27 €/L"
Massa fettuccine,PorSi,Embalagem de 500g,"0,99 €","1,98 €/Kg"
Bambolitos brancos,PorSi,Embalagem de 150g,"0,69 €","4,60 €/Kg"
Bombom Praliné,Jacquot,Embalagem de 260g,"4,29 €","42,90 €/Kg"
Sumo s/ gás manga/cenoura,Santal,"Garrafa de 1,5 l","1,14 €","0,76 €/L"
Chá de plantas salutem - tilia r,Salutem,Embalagem de 20g,"1,25 €","1,25 €/Unidade"
Cereais corn flakes,Kellogg's,Embalagem de 500g,"1,49 €","2,98 €/Kg"
Papa infantil não láctea 8 cereais e mel +6 meses,Cerelac,Embalagem de 250g,"1,99 €","7,96 €/Kg"
Refrigerante sem gás frutos tropicais,Trina,"Garrafa de 1,5 l","1,14 €","0,76 €/L"
Papa infantil láctea 5 frutos +6 meses,Cerelac,Embalagem de 250g,"1,99 €","7,96 €/Kg"
Ovos de galinha ao ar livre | Classe: M/L,Matinados,6 unidades,"1,59 €","1,59 €/Unidade"
Barras fitness com chocolate,Nestle,Embalagem de 140g,"5,59 €","8,87 €/Kg"
Queijinho petit nesquik,Nestle,Embalagem de 6 x 60 g,"4,23 €/Kg","4,23 €/Kg"
Bolachas crackers integral,Du bois,Embalagem de 500g,"0,39 €","3,12 €/Kg"
Spray lixívia e higiene,Cillitbang,Garrafa de 500 ml,"3,99 €","7,98 €/L"
Remov. de Verniz com Esponja,Labell,Embalagem de 75 ml,"1,15 €","4,60 €/L"
Batata frita lisa chips,PorSi,Embalagem de 185 g,"1,01 €","5,46 €/Kg"
Manteiga com sal,Milhafre,Embalagem de 250g,"1,89 €","7,56 €/Kg"
Multi vitaminas mulher,PLANTANATU,Embalagem de 30 Cápsulas,"7,59 €","126,50 €/Kg"
Salsicha bockwurst 5 unidades,PorSi,Embalagem de 250g,"0,75 €","3,75 €/Kg"
Azeite,Oliveira da Serra,Embalagem de 750 ml,"3,29 €","4,39 €/L"
Leite UHT Meio Gordo,Gresso,Embalagem de 1 l,"0,83 €","0,83 €/L"
Chá infusão gengibre,Cemporcent,Embalagem de 13g,"1,25 €","1,25 €/Unidade"
Queijo mozzarella fatias,PorSi,Embalagem de 200 g,"1,96 €","9,80 €/Kg"
Bóia Patrulha Pata 50 cm,Mondo,1 unidade,"3,99 €","3,99 €/Unidade"
Farinha p/ bolos fina,Nacional,Embalagem de 1Kg,"1,99 €","1,99 €/Kg"
Bolacha recheada mega duo chocolate,Gullon,Embalagem de 500g,"1,39 €","2,78 €/Kg"
Delícia de bolacha,PorSi,Embalagem de 2x135 g,"0,55 €","2,75 €/Kg"
Marcadores para colorir,Domédia,embalagem com 12 unidades,"1,69 €","1,69 €/Unidade"
Chá barbas milho planta,Cemporcent,Embalagem de 25g,"1,25 €","1,25 €/Unidade"
Iogurte ananás 000%,PorSi Viva Bem,Embalagem de 4 x 125 g,"4,38 €","2,19 €/Kg"
Cem porcento-flocos de aveia grossos,Cemporcent,Embalagem de 400g,"2,99 €","7,97 €/Kg"
Açúcar baunilhado,Vahine,Embalagem de 40g,"1,49 €","1,49 €/Kg"
Solha Congelada (200/400),Peixe Congelado,Pescado no mar,"1,20 €","3,99 €/Kg"
Farinha de centeio,Cemporcent,Embalagem de 500g,"2,29 €","11,45 €/Kg"
Vinho rosé,Lancers,Garrafa 0.75L,"4,29 €","5,72 €/L"
Pensos clássicos,PorSi,100 unidades,"1,69 €","1,69 €/Unidade"
Bloco Sanitário Poder Activo Lavanda,Sonasol,Embalagem de 2x50 g,"2,99 €","74,75 €/Kg"
Café solúvel gold,PorSi Select,Embalagem 100G,"1,45 €","14,50 €/Kg"
Cereais crack star,PorSi,Embalagem de 375 g,"5,07 €/Kg","5,07 €/Kg"
Gelatina de ananás,PorSi,Embalagem de 170g,"0,55 €","61,11 €/Kg"
Detergente em pó máquina de lavar roupa lavanda,PorSi,75 doses,"8,69 €","1,84 €/Kg"
Arroz agulha Europa,PorSi,Embalagem de 1 kg,"1,26 €","1,26 €/Kg"
Bolachas waffers chocolate,PorSi,Embalagem de 210g,"0,98 €","4,67 €/Kg"
Chá de camomila e erva príncipe,Lipton,20 saquetas,"85,00 €/Kg","85,00 €/Kg"
Massa de cotovelos grandes riscados,Milaneza,Embalagem de 500g,"0,99 €","1,98 €/Kg"
Iogurte activia líquido 0% morango/kiwi,Danone,Embalagem de 4 x 155 g,"2,49 €","5,19 €/Kg"
Cappuccino Café Solúvel Descafeinado,Nescafe,Embalagem de 125g | 10 Saquetas,"1,59 €","6,36 €/Kg"
Sidra maçãs ácidas,Bandida do Pomar,lata de 0.5 l,"5,99 €","3,03 €/L"
Depilatório homem gel,Veet,Garrafa de 200 ml,"10,99 €","73,27 €/L"
Gengibre,Legumes do Dia,1 un = 100 gr (aprox.),"0,40 €","3,99 €/Kg"
"Batata frita caseira, rodela",Pala-pala,Embalagem de 180g,"0,87 €","5,44 €/Kg"
Queijo Curado,Ilha Azul,Vendido ao peso a partir de 250 gr,"2,00 €","7,99 €/Kg"
Azeitona preta,PorSi,Embalagem de 560 g,"2,19 €","2,81 €/Kg"
Leite uht c/ chocolate,Ucal,Garrafa de 1 l,"0,26 €","1,30 €/L"
Esfregão Fibra Verde Grande XXL Gama Classic,Scotch-Brite,Embalagem de 1 unidades,"2,54 €","2,54 €/Unidade"
Limpa vidros cristal recarga,Ajax,Embalagem de 500 ml,"3,19 €","6,38 €/L"
Vela com número nº 1,PorSi,1 unidade,"0,60 €","0,60 €/Unidade"
Película Aderente 60M,PorSi,1 unidade,"1,11 €","1,11 €/Unidade"
"Rebuçados de fruta, diamante",PorSi,Embalagem de 200 g,"1,08 €","5,40 €/Kg"
Chá de plantas salutem - cha hibisco r,Salutem,Embalagem de 40g,"1,25 €","1,25 €/Unidade"
Queijo mini,Babybel,Embalagem de 6x20 g,"2,60 €","13,00 €/Kg"
Vulcão,Science4You,1 unidade,"6,99 €","6,99 €/Unidade"
Iogurte activia aveia nozes,Danone,Embalagem de 4 x 120 g,"2,49 €","5,19 €/Kg"
Bolachas digestive chocolate,PorSi,Embalagem de 300g,"0,84 €","2,80 €/Kg"
Delta chicória + cafe soluvel lata,Delta,Embalagem de 250g,"1,45 €","14,50 €/Kg"
Ice tea pêssego,Lipton,Embalagem de 1L,"1,14 €","0,76 €/L"
Milka chocolate tablet cocoa,Milka,Embalagem de 100g,"0,99 €","4,95 €/Kg"
Flocos de aveia,PorSi Viva Bem,Embalagem de 400g,"0,69 €","1,73 €/Kg"
Esfregão Ultra Fresh,Vileda,Embalagem de 2 + 1 Grátis,"2,54 €","2,54 €/Unidade"
Iogurte activia cremoso frutos silvestres,Danone,Embalagem de 4 x 120 g,"1,49 €","2,98 €/Kg"
Amaciador jasmim e maçã,Surf,90 doses,"8,99 €","2,25 €/L"
Pate picante 73gr.                ce *24,La piara,Embalagem de 70g,"1,19 €","13,52 €/Kg"
Bolachas de aveia,Triunfo,Embalagem de 190g,"2,82 €","9,40 €/Kg"
Margarina líquida,Vaqueiro,Embalagem de 500 ml,"2,89 €","2,89 €/Kg"
"Creme de muda de fralda, para bebé",Pommette,Embalagem de 100 ml,"0,55 €","5,50 €/L"
Amaciador nutri-protec,Labell,Embalagem de 200 ml,"1,00 €","5,00 €/L"
Lixívia para roupa delicada,Neoblanc,Embalagem de 2 l,"2,19 €","1,10 €/L"
Aguardente,Alma pura,Garrafa de 0.70 l,"12,79 €","18,27 €/L"
Lixívia Tradicional,PorSi,Embalagem de 5 l,"1,74 €","0,35 €/L"
Gel wc tripla ação c/ lixívia,Harpic,Garrafa de 750 ml,"1,79 €","2,39 €/L"
Sublinhador Brite Liner - 3+1,Bic,1 unidade,"2,49 €","2,49 €/Unidade"
Máquina de barbear sensor excel universal,Gillette,1 unidade,"1,16 €","4,64 €/L"
Patê de sardinha,PorSi,Embalagem de 65 g,"1,19 €","13,52 €/Kg"
Néctar light de laranja prisma,PorSi,Embalagem de 1 l,"0,84 €","2,55 €/L"
Lombo assado fatiado,PorSi,150 g,"2,49 €","16,60 €/Kg"
Bacalhau posta asa branca,PorSi,Embalagem de 800G,"6,39 €","7,99 €/Kg"
Melão Amarelo,Fruta do Dia,Vendido ao peso | 1 un = 2.5 kg (aprox.),"7,48 €","2,99 €/Kg"
Café lote bocage grão,Nicola,Embalagem de 1 kg,"9,16 €/Kg","9,16 €/Kg"
Snack para gato seaside,Felix,Embalagem de 60g,"0,95 €","15,83 €/Kg"
Lambrusco bianco,*,Garrafa de 750 ml,"6,89 €","9,19 €/L"
Molho piri piri,Macarico,Embalagem de 200g,"0,87 €","2,90 €/Kg"
Sidra maçã,Somersby,"Pack 15x0,20 L","5,99 €","3,03 €/L"
Sacos do lixo lavanda 30 litros,PorSi,20 sacos,"1,89 €","1,89 €/Unidade"
Café moagem universal timor,Delta,Embalagem de 220g,"9,16 €/Kg","9,16 €/Kg"
Papa infantil não láctea bolacha maria +6 meses,Cerelac,Embalagem de 250g,"1,99 €","7,96 €/Kg"
Chá alcachofra,Cemporcent,Embalagem de 40g,"1,25 €","1,25 €/Unidade"
Mousse chocolate leite,Alsa,Embalagem de 300g,"0,79 €","5,27 €/Kg"
Palhinhas de papel,PorSi,25 unidades,"0,60 €","0,60 €/Unidade"
Café em Cápsulas Dolce Gusto Sical,Nescafé,Embalagem de 3x16 cápsulas,"15,99 €","47,03 €/Kg"
Autobrilhante Branco,Búfalo,Embalagem de 50 ml,"0,99 €","330,00 €/Kg"
Marmelada,Ferbar,Embalagem de 400g,"1,99 €","2,21 €/Kg"
Iogurte líquido yoggi morango/banana,Nestle,Embalagem de 4 x 160 g,"1,31 €","2,05 €/Kg"
12 nuggets frango polme americano,Capitão Iglo,Embalagem de 220g,"9,30 €/Kg","9,30 €/Kg"
Brandy,Macieira,Garrafa de 1 l,"15,49 €","15,49 €/L"
Cha infusão vermelho,Cemporcent,Embalagem com 10 saquetas,"0,99 €","99,00 €/Kg"
Amaciador concentrado para roupa aloé vera,PorSi,80 doses,"1,99 €","1,00 €/L"
Chá peso dia,PLANTANATU,Embalagem de 10 unidades,"1,25 €","1,25 €/Unidade"
Guardanapos de papel reciclado,PorSi,100 unidades,"1,29 €","1,29 €/Unidade"
Fel da terra planta inteira,Cemporcent,Embalagem de 40g,"1,94 €","3,88 €/Kg"
Chá de infusão salutem nº 41 - boldo 10 saquetas,Salutem,Embalagem de 15g,"1,25 €","1,25 €/Unidade"
Escova de Dentes Júnior,Aquafresh,1 unidade,"3,49 €","3,49 €/Unidade"
Amendoas trituradas 125g,Vahine,Embalagem de 130g,"1,29 €","3,23 €/Kg"
"Vela em número, nº 7",PorSi,1 unidade,"0,60 €","0,60 €/Unidade"
Couscous comespeciarias 4x125g,PorSi,Embalagem de 500g,"0,99 €","1,98 €/Kg"
Peito de frango,PorSi,"Vendido ao peso, fatiado a partir de 150 g","2,25 €","11,25 €/Kg"
Baby Comando TV,Baby Clementoni,1 un.,"14,99 €","14,99 €/Unidade"
Aguardente velha vsop,Antiqua,Garrafa de 700 ml,"12,79 €","18,27 €/L"
Chocolate chunky,Kit kat,Embalagem de 160g,"11,93 €/Kg","11,93 €/Kg"
Folha de alumínio,PorSi,30 metros,"1,11 €","1,11 €/Unidade"
Canja de galinha económica,Knorr,Embalagem de 60g,"0,62 €","10,00 €/Kg"
Bolo de Arroz 70 g,*,,"0,35 €","0,35 €/Unidade"
Chocolates maltesers,MALTESERS,Embalagem de 90g,"9,20 €/Kg","9,20 €/Kg"
Refrigerante c/ gás ananás,Sumol,Garrafa de 500 ml,"0,79 €","0,40 €/L"
Iguarias Pota com Alho,Pitéu,Embalagem de 120 g,"0,89 €","7,42 €/Kg"
Torta cacau com sabor a natas,PorSi,Embalagem de 300g,"2,05 €","5,13 €/Kg"
Spray limpeza casa de banho optimal 7,Ajax,Embalagem de 500 ml,"1,79 €","2,39 €/L"
"Livro ""A Magia do Ballet""",Girassol,1 unidade,"4,99 €","4,99 €/Unidade"
Creme fixação para dentaduras,Polident,Embalagem de 70 g,"7,39 €","105,57 €/Kg"
Chourico carne das beiras,PorSi,Embalagem de 290g,"1,22 €","6,78 €/Kg"
Bebida de soja comcálcio,Frias,Garrafa de 1 l,"1,32 €","2,06 €/L"
Corn flakes,PorSi,Embalagem de 1 kg,"1,49 €","2,98 €/Kg"
Nescafe galao original 18(8x17g) pt ea,Nescafe,Embalagem de 136g,"3,19 €","25,52 €/Kg"
"Cerveja com álcool, tara perdida",Kings Bräu,pack 24 x 0.25 l,"16,49 €","2,08 €/L"
Feijão encarnado,PorSi,Embalagem de 820 g,"2,19 €","2,81 €/Kg"
Iogurte natural,Danone,Embalagem de 4 x 120 g,"0,99 €","1,98 €/Kg"
Queijo creme de salmão,Philadelph,Embalagem de 150g,"3,68 €","13,14 €/Kg"
Água mineral natural alcalina,MONCHIQUE,Garrafão de 5 l,"1,04 €","0,17 €/L"
Café moagem universal angola,Delta,Embalagem de 220g,"9,16 €/Kg","9,16 €/Kg"
Pizza romana,PorSi,Embalagem de 370g,"2,32 €","6,27 €/Kg"
Sidra de maçã,Somersby,pack 6 x 0.2 l,"5,99 €","3,03 €/L"
Bebida de soja,Shoyce,Embalagem de 1 litro,"2,49 €","2,49 €/L"
Pensos diários salvaslip flexi & fresh normal,Evax,28 unidades,"1,79 €/Unidade","1,79 €/Unidade"
Caneta correctora  Shake & Squeeze 2+1,Bic,1 unidade,"2,49 €","2,49 €/Unidade"
Descafeinado aroma e leveza,Nicola,12 cápsulas,"1,59 €","6,36 €/Kg"
Croissant de Manteiga,PorSi,50g,"0,35 €","0,35 €/Unidade"
Ambientador aerosol pure nenuco,Air Wick,Garrafa de 250 ml,"0,99 €","3,30 €/L"
Frutos vermelhos,PorSi,Embalagem de 750 g,"3,29 €","4,39 €/Kg"
Infusão principe,Cemporcent,Embalagem de 10 unidades,"0,99 €","76,15 €/Kg"
Rolo cozinha compacto 3 folhas,Foxy,1 unidade,"4,99 €","4,99 €/Unidade"
Mini tostas integrais super finas,PorSi,Embalagem de 100 g,"2,39 €","6,83 €/Kg"
"Atum em posta, em azeite",General,Embalagem de 110g,"0,89 €","7,42 €/Kg"
Queijo 3 Igrejas Cura 2m Pimentão,Santiago,Vendido ao peso a partir de 250 gr,"6,49 €","25,45 €/Kg"
Banha,PorSi,Embalagem de 230 g,"2,89 €","2,89 €/Kg"
Nata pasteurizada,PorSi,Embalagem de 450 ml,"0,75 €","3,75 €/L"
Fita Adesiva Brico Facil Especial Dupla Face,Ceys,1 unidade,"2,99 €","99,67 €/Kg"
Moscatel Roxo Setúbal,Alambre,Garrafa de 750 ml,"6,79 €/L","6,79 €/L"
Ketchup,PorSi,Embalagem de 560 g,"0,87 €","2,90 €/Kg"
Bolacha recheada mega duo cacau,Gullon,Embalagem de 500g,"1,39 €","2,78 €/Kg"
Queijo emmental ralado,PorSi,Embalagem de 200 g,"1,49 €","7,45 €/Kg"
Néctar vital equilibrio frutos vermelhos,Compal,Embalagem de 1 l,"0,99 €","0,99 €/L"
Esparguete,PorSi,Embalagem de 1 kg,"0,99 €","1,98 €/Kg"
Cheerios 375g,Nestle,Embalagem de 380g,"5,07 €/Kg","5,07 €/Kg"
Cerveja branca,Super Bock,pack 30 x 0.20 l,"16,49 €","2,08 €/L"
Sopa Creme de Marisco,PorSi,Embalagem de 80 g,"0,62 €","10,00 €/Kg"
Ambientador vela baunilha,PorSi,1 unidade,"4,99 €","4,99 €/Unidade"
Salmão posta ao natural,PorSi Select,Lata de 120 g,"0,89 €","7,42 €/Kg"
Desodorizante spray sport 48h,Labell Men,Embalagem de 200 ml,"1,39 €","6,95 €/L"
Bolachas com cobertura de chocolate,PorSi,Embalagem de 150g,"0,69 €","4,60 €/Kg"
Cevada solúvel,Delta,Embalagem de 200 g,"1,45 €","14,50 €/Kg"
Lambrusco tinto,Sorbello,Garrafa de 0.75 l,"1,99 €","2,65 €/L"
Batata palha finíssima,PorSi Select,Embalagem de 180 g,"0,87 €","5,44 €/Kg"
Achocolatado em Pó,Nesquik,Embalagem de 700g,"8,59 €/Kg","8,59 €/Kg"
Farinha p/ bolos extra fina,Nacional,Embalagem de 1 kg,"1,99 €","1,99 €/Kg"
Vinagre de vinho branco,PorSi,Garrafa de 1 l,"0,35 €","0,70 €/L"
Infusão cidreira,PorSi,Embalagem de 40g,"0,99 €","76,15 €/Kg"
Lagartos,PorSi,Embalagem de 300 gr,"0,69 €","3,45 €/Kg"
Bolachas cobertura de chocolate e avelã,PorSi,Embalagem de 150g,"0,69 €","4,60 €/Kg"
Queijo são jorge dop,PorSi Select,Embalagem de 400g,"2,00 €","7,99 €/Kg"
Cerveja com álcool,Super Bock,Garrafa de 1 l,"16,49 €","2,08 €/L"
Acendalhas Ecologica,Quinas,Uma embalagem - 32Unidades,"0,75 €","0,75 €/Unidade"
Bolachas integrais,PorSi,Embalagem de 200g,"0,84 €","2,80 €/Kg"
Tostas tradicionais,Bimbo,embalagem de 270 g,"2,39 €","6,83 €/Kg"
Tablete de chocolate leite,Nestle,Embalagem de 130g,"0,53 €","5,30 €/Kg"
"Cera cabelo, paste signature",Axe,Embalagem de 75 ml,"3,99 €","53,20 €/L"
Infusão cidreira,Cemporcent,Embalagem de 10 unidades,"0,99 €","76,15 €/Kg"
Vinho tinto,Enc.bairro,Bag-in-box de 5L,"5,19 €","1,04 €/L"
Creme de dia para pele normal,Labell,Embalagem de 50 ml,"2,99 €","59,80 €/L"
Vinagre vinho branco,PorSi,Garrafa de 500 ml,"0,35 €","0,70 €/L"
Manteiga la motte sal do mar,President,Embalagem de 250 g,"1,89 €","7,56 €/Kg"
"Vinho tinto doc dão, reserva",Cabriz,Garrafa de 0.75 l,"7,49 €","9,99 €/L"
Sopa da pedra,PorSi,Embalagem de 420 g,"2,69 €","14,01 €/Kg"
Spray elimina odores do calçado,PorSi,embalagem de 100 ml,"5,29 €","35,27 €/L"
Infusão de camomila,PorSi,Embalagem de 33.7 g,"0,99 €","76,15 €/Kg"
Moscatel do douro aperitivo,Favaito,pack: 10 x 55 ml,"6,79 €/L","6,79 €/L"
"Hamburguers de frango, 4 x 80 g",PorSi,Embalagem de 320g,"2,79 €","8,72 €/Kg"
Gelatina pronta a comer melancia,Royal,Embalagem de 4 x 100 g,"0,85 €","2,13 €/Kg"
Pano Microfibras Colors XL,Vileda,Embalagem com 4 un.,"1,79 €","1,79 €/Unidade"
Celicau Sem glúten,Salutem,Embalagem de 250g,"2,99 €","7,97 €/Kg"
Vinagre vinho branco 500ml,Cristal,Garrafa de 500 ml,"0,35 €","0,70 €/L"
Líquido wc active clean mint & jasmin,Ambipur,750 ml,"1,79 €","2,39 €/L"
Bebida de soja-arroz,Shoyce,Garrafa de 1 l,"2,49 €","2,49 €/L"
Arroz carolino malandrinho,Malandrinh,Embalagem de 1 kg,"1,26 €","1,26 €/Kg"
Flocos de batata para puré,PorSi,Embalagem de 500g,"0,74 €","1,85 €/Kg"
Diet nature recheado de chocolate,Gullon,Embalagem de 250g,"4,48 €/Kg","4,48 €/Kg"
Pensos higiénicos liberty super abas,Evax,Embalagem com 10 un.,"4,99 €","4,99 €/Unidade"
Vinho branco monbazillac  2012,Expertclub,Garrafa de 750 ml,"6,89 €","9,19 €/L"
Choco rice,Cemporcent,Embalagem de 250g,"0,69 €","1,73 €/Kg"
Café moagem universal portugal,Delta,Embalagem de 250g,"9,16 €/Kg","9,16 €/Kg"
Salada Ibérica Programa Origens,PorSi,Embalagem de 150 g,"0,99 €","9,90 €/Kg"
Queijo em fatias,Terra Nostra,Embalagem de 400g,"1,96 €","9,80 €/Kg"
Iogurte aroma varios sabores,PorSi,Embalagem de 12 x 125 g,"1,87 €","1,25 €/Kg"
Farinha soja,Salutem,Embalagem de 400g,"2,29 €","11,45 €/Kg"
Farinha coco bio,Origensbio,Embalagem de 250g,"1,39 €","9,27 €/Kg"
Descafeinado,Nestlé,Embalagem de 100 g,"1,59 €","6,36 €/Kg"
Detergente líquido máquina de roupa lavanda,PorSi,86 Doses,"8,69 €","1,84 €/Kg"
Massa de macarrão grande estriado,PorSi,Embalagem de 500g,"0,99 €","1,98 €/Kg"
Óleo alimentar,Fula,Embalagem 3L,"3,39 €","3,39 €/L"
Pensos higiénicos Cottonlike Super Plus Com Abas,Evax,10 unidades,"4,99 €","4,99 €/Unidade"
Comida húmida para gato esterilizado em molho com sa...,Purina One,4 x 85 g,"3,49 €","10,26 €/Kg"
Café solúvel c/ cafeína,Delta,Embalagem de 100g,"1,45 €","14,50 €/Kg"
Fiambre da Pá,Salsicharia Limiana,1 un = 150 gr (aprox.),"0,90 €","5,99 €/Kg"
Côco ralado,PorSi,Embalagem de 200g,"1,29 €","3,23 €/Kg"
Nata uht light,Mimosa,Embalagem de 200 ml,"0,75 €","3,75 €/L"
Bolacha Maria sem lactose,PorSi Viva Bem,Embalagem de 200 g,"0,99 €","1,98 €/Kg"
Bebida láctea especial crescimento 1-3 anos,Mimosa,Embalagem de 200 ml,"0,26 €","1,30 €/L"
Bebida coco,Alpro,Embalagem de 1L,"2,49 €","2,49 €/L"
Chá de infusão salutem nº 19 - rooibos (chá vermelho...,Salutem,Embalagem de 15g,"1,25 €","1,25 €/Unidade"
Feijão branco,PorSi,Embalagem de 500g,"0,95 €","1,90 €/Kg"
Chá infusão videira vermelha,Cemporcent,Embalagem de 13g,"1,25 €","1,25 €/Unidade"
Espumante bruto,Cabriz,Garrafa de 750 ml,"8,49 €","11,32 €/L"
Tablete de chocolate leite/amêndoa,Nestle,Embalagem de 120g,"0,65 €","6,50 €/Kg"
Sabonete glicerina natural,Palmolive,Embalagem de 90 g,"4,49 €","12,47 €/Kg"
Iogurte tipo grego maracujá,PorSi,Embalagem de 4 x 125 g,"1,49 €","2,98 €/Kg"
Rolo cozinha branco 3 folhas,PorSi,3 rolos,"4,99 €","4,99 €/Unidade"
Peito de peru,PorSi,"Vendido ao peso, fatiado a partir de 150 g","2,25 €","11,25 €/Kg"
Creme culinário de soja,Shoyce,Garrafa de 200 ml,"1,39 €","6,95 €/L"
"Pensos diários respirare, 44 unidades",Carefree,Uma embalagem,"1,79 €/Unidade","1,79 €/Unidade"
Bolachas brownie tubo,Oreo,Embalagem de 150g,"0,79 €","4,49 €/Kg"
Bicarbonato de sódio,PorSi,Saqueta de 75 g,"1,89 €","17,18 €/Kg"
Vinho doc douro tinto,Tellu's,Garrafa de 750 ml,"7,49 €","9,99 €/L"
Leite creme,PorSi,Embalagem de 2x135 g,"0,55 €","2,75 €/Kg"
Vela com número nº 9,PorSi,1 unidade,"0,60 €","0,60 €/Unidade"
Chá infusão cardo mariano,Cemporcent,Embalagem de 13g,"1,25 €","1,25 €/Unidade"
"Néctar pêssego, prisma",PorSi,Embalagem de 1 l,"0,99 €","0,99 €/L"
Sementes de linhaça dourada,PorSi Viva Bem,Embalagem de 250 g,"1,59 €","10,60 €/Kg"
"Detergente manual de loiça, ultra limão",PorSi,Embalagem de 500 ml,"1,05 €","2,10 €/L"
Chá de infusão salutem nº 45 - protensão 10 saquetas,Salutem,Embalagem de 15g,"1,25 €","1,25 €/Unidade"
Pera Rocha 60/65,Programa Origens,1 un = 130 gr (aprox.),"0,22 €","1,69 €/Kg"
Pimentão doce saqueta,PorSi,Embalagem de 50 g,"0,25 €","0,25 €/Kg"
Feijão manteiga,Compal,Lata de 410 ml,"2,19 €","2,81 €/Kg"
Empada de Frango 60 g,Fornada do Dia,,"0,65 €","0,65 €/Unidade"
Whisky heritage blend,Logan,Garrafa de 700 ml,"32,99 €","47,13 €/L"
"Gel depilatório, peles sensiveis",Labell,Embalagem de 200 ml,"10,99 €","73,27 €/L"
Topping caramelo,Branca de neve,Embalagem de 380g,"1,29 €","3,23 €/Kg"
Adoçante à base de sucralose,PorSi Viva Bem,Embalagem de 17g,"5,99 €","23,96 €/Kg"
"Creme para mãos, caixa familiar",Nivea,Embalagem de 250 ml,"1,03 €","10,30 €/L"
Sementes de linhaça,Cemporcent,Embalagem de 250G,"1,39 €","9,27 €/Kg"
Amaciador Roupa lavanda,PorSi,Embalagem de 60 doses,"1,99 €","1,00 €/L"
Biscoitos de canela,PorSi,Embalagem de 750g,"0,69 €","3,45 €/Kg"
Café solúvel c/ cafeína,PorSi,Embalagem de 100g,"1,45 €","14,50 €/Kg"
"Gel banho, nutritivo",Lactovit,Embalagem de 650 ml,"6,49 €","8,65 €/L"
Marmelada sem conservantes,PorSi,Embalagem de 500g,"1,99 €","2,21 €/Kg"
Pastilhas de Limpeza Dentífrica Branqueadora,Polident,Embalagem com 30 unidades,"7,39 €","105,57 €/Kg"
Bolacha arroz s/ sal,Cemporcent,Embalagem de 100g,"4,48 €/Kg","4,48 €/Kg"
Café moído torrado aroma bellissimo,Belissimo,Embalagem de 200g,"9,16 €/Kg","9,16 €/Kg"
Iogurte grego café,Danone,Embalagem de 4 x 110 g,"2,49 €","5,19 €/Kg"
Iogurte batido magro com mirtilos sem lactose,Mimosa,4 x 120 g,"0,99 €","1,98 €/Kg"
Arroz agulha América do Sul,PorSi,Embalagem de 1 kg,"1,26 €","1,26 €/Kg"
Chocoring leite zero r,Gullon,Embalagem de 150g,"4,48 €/Kg","4,48 €/Kg"
Gel de banho nourishing,Dove,Embalagem de 500 ml,"6,49 €","8,65 €/L"
Crocantes de frango original,Iglo,Embalagem de 180g,"9,30 €/Kg","9,30 €/Kg"
Chocolate culinário em pó,Pantagruel,Embalagem de 130g,"1,04 €","8,32 €/Kg"
Refrigerante de lima-limão,Seven-up,"Garrafa de 1,25 l","0,79 €","0,40 €/L"
Polvilho doce,Do Brasil,500 g,"1,99 €","1,99 €/Kg"
Sabonete leite & mel,Palmolive,Embalagem de 4x90 g,"4,49 €","12,47 €/Kg"
Ambientador elétrico sensual sandalwood & jasmine + ...,Glade,1 unidade,"3,74 €","3,74 €/Unidade"
Esfregão c/ Esponja Salva Unhas Ergonómico / Confort...,Scotch-Brite,Embalagem de 2 unidades,"2,54 €","2,54 €/Unidade"
Iogurte líquido magro frutos vermelhos,PorSi Viva Bem,Embalagem de 4x160 ml,"1,31 €","2,05 €/Kg"
Leite com chocolate,Agros,Embalagem de 200 ml,"0,26 €","1,30 €/L"
Café Qalidus XXL,Delta Q,Embalagem com 60 cápsulas,"15,99 €","47,03 €/Kg"
Costeletas do Lombo,Porco,Vendido ao peso a partir de 1 kg,"4,89 €","4,89 €/Kg"
Vinh do porto ruby,Cruz,Garrafa de 750 ml,"6,65 €/L","6,65 €/L"
Fiambre da perna extra,PorSi,Pack Poupança de 2 x 170 g,"0,90 €","5,99 €/Kg"
Queijo mozzarella ralado,PorSi,Embalagem de 200 g,"1,49 €","7,45 €/Kg"
Bife da Alcatra,Novilho,1 un = 250 gr (aprox.),"6,39 €","7,99 €/Kg"
Amido de milho,PorSi,Embalagem de 400g,"1,89 €","17,18 €/Kg"
Dentífrico Complete Elixir e Branqueador,Oral B,Embalagem de 75 ml,"2,39 €","31,87 €/L"
Maionese Top Down,Calvé,Embalagem de 753 g,"0,87 €","2,90 €/Kg"
Fiambre da perna extra baixo teor de gordura fatias ...,PorSi Viva Bem,Embalagem de 200 g,"0,90 €","5,99 €/Kg"
Barras fitness com morango,Nestle,Embalagem de 140g,"5,59 €","8,87 €/Kg"
Patê de salmão,La piara,Embalagem de 80g,"1,19 €","13,52 €/Kg"
Caramelos de nata com recheio,Werthers,Embalagem de 140g,"2,75 €","11,00 €/Kg"
"Vela com número, nº2",PorSi,1 unidade,"0,60 €","0,60 €/Unidade"
Pão de forma sem côdea,Panrico,Embalagem de 650g,"2,63 €/Kg","2,63 €/Kg"
Queijo Ovelha Curado,PorSi,Vendido ao peso a partir de 250 g,"4,37 €","17,49 €/Kg"
Água c/ gás: limão/pepino/gengibre,Frize,pack 4 x 0.25 l,"2,85 €","2,85 €/L"
Farinha para bolos super fina,B.neve,Embalagem de 1 kg,"1,99 €","1,99 €/Kg"
Fraldas de Incontinência Elásticos Médias,Lindor,20 Unidades,"9,99 €","9,99 €/Unidade"
Amaciador concentrado para roupa jojoba,PorSi,80 doses,"1,99 €","1,00 €/L"
Esfregão esponja ergonómico salva unhas,PorSi,Embalagem de 2 unidades,"2,54 €","2,54 €/Unidade"
Vinho do porto lágrima tinto,Ramos Pinto,"Garrafa de 0,75L","6,29 €","8,39 €/L"
Ambientador elétrico flor de cerejeira,Air Wick,1 unidade,"3,74 €","3,74 €/Unidade"
"Sagres preta gfa 0,33l tr",Sagres,Garrafa de 330 ml,"16,49 €","2,08 €/L"
Iogurte naturea natural,PorSi,Embalagem de 4 x 125 g,"0,99 €","1,98 €/Kg"
Creme Depilatório Peles Sensíveis,Veet,Embalagem de 200 ml,"12,99 €","12,99 €/Unidade"
Luvas Pequenas /Médias Sensitive,Vileda,40 unidade,"4,29 €","4,29 €/Unidade"
Chá de infusão salutem nº 08 - procolesterol 10 saqu...,Salutem,Embalagem de 15g,"1,25 €","1,25 €/Unidade"
Chá príncipe,Cemporcent,Embalagem de 40g,"1,25 €","1,25 €/Unidade"
"Combinado Fiambre,Queijo e Carne",Pastelaria do Dia,,"0,65 €","0,65 €/Unidade"
Comida húmida para cão de frango e legumes,PorSi,Lata de 400 g,"0,75 €","2,50 €/Kg"
Amêndoa amarga,Milbar,"Garrafa de 0,70 l","16,99 €","24,27 €/L"
Leite pasteurizado meio gordo,Vigor,Garrafa de 1 l,"1,09 €","1,09 €/L"
Lenços faciais brancos 2 folhas,PorSi,150 unidades,"0,89 €","0,89 €/Unidade"
Manteiga amendoim crocant,PorSi,Embalagem de 340g,"4,39 €","12,91 €/Kg"
Chá de infusão salutem nº 25 - laranjeira flor 10 sa...,Salutem,Embalagem de 15g,"1,25 €","1,25 €/Unidade"
Guardanapos com riscas azuis | Dim.: 33 x 33 cm,PorSi,Embalagem com 20 unidades,"1,29 €","1,29 €/Unidade"
8 salsichas frankfurt,Izidoro,Embalagem de 200g,"0,75 €","3,75 €/Kg"
Danacol frutos exóticos,Danone,Embalagem de 6 x 100 g,"4,15 €/Kg","4,15 €/Kg"
Leite uht c/ chocolate,Ucal,Embalagem de 3 x 250 ml,"0,26 €","1,30 €/L"
Leite c/ chocolate,Gresso,Pack 4X200ml,"0,26 €","1,30 €/L"
Especialidade soja baunilha,PorSi Viva Bem,Embalagem de 4 x 100 g,"3,05 €","6,10 €/Kg"
Galão enriquecido em cálcio,Ucal,Embalagem de 3 x 200 ml,"0,26 €","1,30 €/L"
Gestos,Hasbro,1 un.,"23,99 €","23,99 €/Unidade"
Chantilly,President,Embalagem de 250 g,"0,75 €","3,75 €/L"
Chá de infusão salutem nº 24 - hipericão 10 saquetas,Salutem,Embalagem de 15g,"1,25 €","1,25 €/Unidade"
Flocos cereais chocolate,PorSi,Embalagem de 300g,"2,49 €","9,96 €/Kg"
Gogo SqueeZ Snack Maçã e Pera,Gogo,Embalagem de 90g,"2,29 €","6,94 €/L"
Rebuçados peitorais,Dr.bayard,Embalagem de 200g,"1,69 €","16,90 €/Kg"
Água com gás,Vimeiro,"Garrafa de 1,5 l","2,85 €","2,85 €/L"
Vinho verde branco,3 marias,Garrafa de 1 l,"3,09 €","3,09 €/L"
Petit gateau morango 4x80g,PorSi,Embalagem de 320g,"3,99 €","7,39 €/Kg"
Tira Nódoas,Sanytol,embalagem com 450g,"10,99 €","52,33 €/Kg"
Iogurte ananás 000%,PorSi Viva Bem,Embalagem de 4 x 125 g,"1,44 €","2,88 €/Kg"
Milho doce,PorSi,Embalagem de 400 g,"0,74 €","1,85 €/Kg"
"Aperitivos, amendoins no forno",Matutano,Embalagem de 200g,"0,79 €","3,95 €/Kg"
Manteiga de alho,Mimosa,Embalagem de 200g,"1,89 €","7,56 €/Kg"
Folhado de Chocolate 60 g,PorSi,,"0,35 €","0,35 €/Unidade"
Tapetes educativos p/ cães/gatos 60x60cm,PorSi,20 unidades,"5,99 €","5,99 €/Unidade"
Manteiga com sal,Novacores,Embalagem de 250g,"1,89 €","7,56 €/Kg"
Lava Tudo Flores Montanha,Sonasol,1.3 l,"0,99 €","0,50 €/L"
Creme de cassis,P.dabot,Garrafa de 700 ml,"7,99 €","10,65 €/L"
Polpa tomate tetra,PorSi,Embalagem de 210g,"3,84 €","24,00 €/Kg"
Bolacha maria dourada,PorSi,Embalagem de 800g,"1,69 €","2,11 €/Kg"
Cappucinno,PorSi,Embalagem de 125 g,"3,19 €","25,52 €/Kg"
Vinagre de limpeza,Dona Pureza,Embalagem de 1 l,"0,79 €","0,79 €/L"
"Elásticos grandes coloridos, pack de 20 unidades",Domédia,1 embalagem,"3,59 €","3,59 €/Unidade"
Goiabada,PorSi,600 g,"1,99 €","2,21 €/Kg"
Queijo fundido original,Président,Embalagem de 250 g,"3,68 €","13,14 €/Kg"
Gelado magnum menta,Olá,Embalagem de 4 x 100 ml,"5,99 €","16,64 €/L"
Alheira Extra Trás os Montes,PorSi,"Vendido ao peso, 1un= 200 gr (aprox.)","1,49 €","7,45 €/Kg"
Queijo em fatias,Limiano,Embalagem de 400g,"1,96 €","9,80 €/Kg"
"Alimento seco para gato adulto, galinha",Whiskas,"Embalagem de 1,75 kg","12,99 €","4,33 €/Kg"
"Néctar de alperce, tetra",Compal,pack 3 x 200 ml,"0,99 €","0,99 €/L"
Tampões Compak Pearl Regular Com Aplicador,Tampax,16 unidades,"3,99 €","3,99 €/Unidade"
Actimel magro natural,Danone,Embalagem de 6 x 100g,"4,15 €/Kg","4,15 €/Kg"
Bolachas chips ahoy,Ca!,Embalagem de 300g,"0,79 €","5,27 €/Kg"
Iogurte activia cremoso frutos silvestres,Danone,Embalagem de 4 x 120 g,"2,49 €","5,19 €/Kg"
Autocarro Formas e Cores,Baby Clementoni,1 unidade,"14,99 €","14,99 €/Unidade"
Lixívia Spray Mousse Flor,Neoblanc,Embalagem de 700ml,"1,74 €","0,35 €/L"
Vinho branco península de setúbal,Periquita,Garrafa de 0.75 l,"4,99 €","6,65 €/L"
Queijo flamengo 0% lactose,PorSi Viva Bem,Embalagem de 150 g,"1,96 €","9,80 €/Kg"
Iogurte grego oikos stracciatella,Danone,Embalagem de 4 x 110 g,"1,49 €","2,98 €/Kg"
Achocolatado em Pó,Suchard,Embalagem de 500g,"8,59 €/Kg","8,59 €/Kg"
Bolacha vitalday crocante chocolate,Gullon,Embalagem de 280g,"2,82 €","9,40 €/Kg"
Preparo para bolo de chocolate,Branca de Neve,Embalagem de 450g,"1,69 €","8,45 €/L"
Detergentes máquina lavar loiça ecológico,PorSi,26 pastilhas,"2,99 €","2,99 €/Unidade"
Barrita controlo de peso chocolate,Ignoramu,Embalagem de 44g,"0,69 €","1,73 €/Kg"
Desinfetante de frutas e vegetais,Clean Essence,500 ml,"0,47 €","1,89 €/Kg"
Espirais s/ glúten,Milaneza,Embalagem de 500g,"2,99 €","7,97 €/Kg"
Mistura para aves,Rac.zezere,Embalagem de 5 kg,"4,24 €","0,85 €/Kg"
Aguardente velha,S.domingos,Garrafa de 700 ml,"12,79 €","18,27 €/L"
Infusão nº 5 emagrecimento,Cemporcent,Embalagem de 10 unidades,"0,99 €","76,15 €/Kg"
Massa de espirais,Nacional,Embalagem de 500g,"0,99 €","1,98 €/Kg"
"Iogurte, sabor a tutti-fruti",PorSi,Embalagem de 4 x 125 g,"1,87 €","1,25 €/Kg"
Limpa vidros azul,PorSi,Embalagem de 1 l,"5,19 €","8,65 €/L"
Leite seleccionado leve,Matinal,Garrafa de 1 l,"1,09 €","1,09 €/L"
Pringles flame kickin sour cream,Pringles,Embalagem de 160g,"1,18 €","6,38 €/Kg"
Jardineira,PorSi,Embalagem de 400 g,"0,74 €","1,85 €/Kg"
"Pensos para calos, 10 unidades",PorSi,1 embalagem,"1,69 €","1,69 €/Unidade"
Doce de abóbora c/ noz,Quinta de Jugais,Embalagem de 280g,"2,19 €","9,95 €/Kg"
Papel higiénico macio absorvente,PorSi,12 rolos,"1,99 €","1,99 €/Unidade"
Café lote normal moagem fina,PorSi,Embalagem de 250 g,"9,76 €/Kg","9,76 €/Kg"
Paloco desfiado,PorSi,Embalagem de 500 g,"3,99 €","9,98 €/Kg"
Gelatina de morango,Royal,Embalagem de 114g,"0,55 €","61,11 €/Kg"
Feuilletine,Du Bois de la Roche,Embalagem de 135 g,"0,39 €","3,12 €/Kg"
"Creme de noite, age perfect",L'oreal,Embalagem de 50 ml,"2,99 €","59,80 €/L"
"Guardanapos brancos, 33x33cm, 2 folhas",PorSi,Embalagem com 100 unidades,"1,29 €","1,29 €/Unidade"
Ambientador spray aerosol white bouquet,Air Wick,Garrafa de 240 ml,"0,99 €","3,30 €/L"
Vinagre de sidra,PorSi,500 ml,"0,35 €","0,70 €/L"
"Azeitonas pretas sem caroço, frasco de 165 g",PorSi,Embalagem de 165g,"2,19 €","2,81 €/Kg"
Chocolate de leite e amêndoas,Milka,Embalagem de 125g,"0,65 €","6,50 €/Kg"
Posta de atum ao natural,PorSi,Embalagem de 120g,"0,89 €","7,42 €/Kg"
Ketchup picante,Heinz,460 g,"0,87 €","2,90 €/Kg"
20 saquetas infusão limão gengibre,Lipton,Embalagem de 40g,"44,50 €/Kg","44,50 €/Kg"
Tomate seco,PONTI,Embalagem de 280g,"3,84 €","24,00 €/Kg"
Kit de viagem,Colgate,pasta dentífrica + escova,"3,49 €","3,49 €/Unidade"
Limpa vidros boost,Ajax,Embalagem de 500 ml,"3,19 €","6,38 €/L"
Alimento lácteo banana +6 meses,Yogolino,Embalagem de 4 x 100 g,"2,89 €","7,23 €/Kg"
Gelatina tutti-fruti,PorSi,Embalagem de 170g,"0,55 €","61,11 €/Kg"
Nata uht carbonara,Parmalat,Embalagem de 200 ml,"0,75 €","3,75 €/L"
Tablete de chocolate branco,Schogetten,Embalagem de 100g,"0,99 €","9,90 €/Kg"
Creme para barrar,Nutella,Embalagem de 200 g,"4,39 €","12,91 €/Kg"
Sultana Dourada,PorSi,Embalagem de 200g,"0,79 €","3,95 €/Kg"
Queijo Raclette Fatias,Páturages,Embalagem de 400 g,"1,96 €","9,80 €/Kg"
20 saquetas infusão camomila,Lipton,Embalagem de 10g,"0,99 €","76,15 €/Kg"
Vinho doc dão tinto,Santar,Garrafa de 0.75 l,"7,49 €","9,99 €/L"
Papel higiénico compacto 2 folhas,PorSi,18 = 36 Rolos,"1,99 €","1,99 €/Unidade"
"Jogo ""Aprende Inglês""",Clementoni,1 unidade,"6,99 €","6,99 €/Unidade"
Bolachas digestive go aveia,Triunfo,Embalagem de 170g,"0,84 €","2,80 €/Kg"
Pai Natal de Chocolate,PorSi,Embalagem de 60 g,"1,35 €","38,57 €/Kg"
Chá infusão pau d'arco,Cemporcent,Embalagem de 13g,"1,25 €","1,25 €/Unidade"
Sumo essencial manga,Compal,pack 3 x 0.11 l,"0,99 €","0,99 €/L"
Gel Styling Casual Black,Axe,Embalagem de 75 ml,"5,99 €","14,98 €/L"
Chá infusão sene,Cemporcent,Embalagem de 13g,"0,99 €","99,00 €/Kg"
Chocolate para culinária 85% cacau sem glúten,Regina,embalagem de 200 g,"1,04 €","8,32 €/Kg"
Gel de banho júnior maçã e pera,Labell,Embalagem com 300 ml,"1,99 €","1,99 €/Unidade"
Sopa de tomate,Knorr,Embalagem de 90g,"0,62 €","10,00 €/Kg"
Pipoca doce para  microondas,PorSi,Embalagem de 300g,"0,79 €","7,90 €/Kg"
Nestum zero arroz,Nestum,Embalagem de 250 g,"1,99 €","7,96 €/Kg"
Cominhos moídos,PorSi,Embalagem de 35g,"0,25 €","0,25 €/Kg"
Chantilly,Royal,Embalagem de 70g,"1,29 €","3,23 €/Kg"
Batata pré-frita cubos,PorSi,Embalagem de 1 kg,"1,39 €","1,39 €/Kg"
"Cerveja com álcool, lata",Super Bock,Garrafa de 500 ml,"16,49 €","2,08 €/L"
"Pães para hamburguer com sésamo, 4 unidades",Bimbo,embalagem de 220 g,"2,63 €/Kg","2,63 €/Kg"
Amêndoas peladas,Vahine,Embalagem de 125g,"0,79 €","3,95 €/Kg"
Infusão de tília,PorSi,Embalagem de 30g,"0,99 €","76,15 €/Kg"
Mini salsichas cocktail,Nobre,lata de 180g,"0,75 €","3,75 €/Kg"
Baguete,PorSi,250 g,"0,19 €","2,38 €/Kg"
Creme vegetal para culinária,PorSi,Embalagem de 250g,"1,39 €","6,95 €/L"
Arroz Carolino,Cigala,Embalagem de 1 kg,"1,26 €","1,26 €/Kg"
Farinha s/ glúten p/ pão,Schar,Embalagem de 1 kg,"1,99 €","1,99 €/Kg"
Chá solúvel ventre plano,Cemporcent,Embalagem de 45g,"1,25 €","1,25 €/Unidade"
Açúcar granulado,Rar,Embalagem de 1kg,"1,49 €","1,49 €/Kg"
Iogurte mix-in kit kat,Nestle,Embalagem de 2 x 115 g,"4,23 €/Kg","4,23 €/Kg"
"Cerveja com álcool, green",Super Bock,pack 6 x 0.33 l,"5,99 €","3,03 €/L"
Toalhitas Bebé Basic,PorSi,Embalagem de 72 unidades,"1,09 €/Unidade","1,09 €/Unidade"
Gel Lubrificante natural play,Durex,Embalagem de 50 ml,"9,99 €","199,80 €/L"
Atum posta em óleo,Noro,Lata com 110 g,"0,89 €","7,42 €/Kg"
Spray power&shine casa de banho,Cif,Garrafa de 750 ml,"0,79 €","0,79 €/L"
Cerveja com álcool,Sagres,pack 24 x 0.25 l,"16,49 €","2,08 €/L"
Espumoso moscato,Selecção de Enófilos,"Garrafa de 0,75 l","3,99 €","5,32 €/L"
Papa infantil láctea maçã +6 meses,Cerelac,Embalagem de 250g,"1,99 €","7,96 €/Kg"
"Chá solúvel adelgass plus (chá verde, fibras e algas...",Cemporcent,Embalagem de 45g,"1,25 €","1,25 €/Unidade"
Reizinhos 100gr,Pastelaria do Dia,,"4,29 €","6,60 €/Kg"
Infusão de menta,Tetley,Embalagem de 10g,"0,99 €","76,15 €/Kg"
Café Solúvel Black Roast,Nescafe,Embalagem de 200g,"1,45 €","14,50 €/Kg"
Amaciador de roupa peónia azul e citrus,Surf,90 doses,"8,99 €","2,25 €/L"
Farinha,Maizena,Embalagem de 400g,"1,99 €","1,99 €/Kg"
Mortadela fatiada com azeitonas,PorSi,Embalagem de 200 g,"0,96 €","6,39 €/Kg"
Adoçante c/ doseador,Canderel,Embalagem de 10g,"5,99 €","23,96 €/Kg"
Açucar icing,Rar,Embalagem de 250 g,"1,49 €","1,49 €/Kg"
Esoumante prosecco branco,Gancia,Garrafa de 750 ml,"3,99 €","5,32 €/L"
"Refresco em pó, ananás",Tang,Embalagem de 30g,"0,75 €","18,75 €/Kg"
Refresco pó laranja e morango,PorSi,Embalagem de 40g,"0,75 €","18,75 €/Kg"
Nata uht light para culinária,PorSi,embalagem de 200 ml,"0,75 €","3,75 €/L"
"Bollitos, 8 unidades",Pasquier,Embalagem de 320 g,"2,05 €","5,13 €/Kg"
Livro Hot Wheels,Europrice,,"4,99 €","4,99 €/Unidade"
Bandas cera depilatórias corpo pele sensível,Labell,40 unidades,"3,11 €","3,11 €/Unidade"
Creme vegetal soja,Planta,Embalagem de 250 gr,"2,09 €","8,36 €/Kg"
"Comida húmida para cão adulto com frango, vaca e bor...",Friskies,Embalagem de 400g,"0,75 €","2,50 €/Kg"
Bolachas oreo,Oreo,Embalagem de 440g,"0,79 €","4,49 €/Kg"
Compak Regular Tampões Com Aplicador,Tampax,22 unidades,"3,99 €","3,99 €/Unidade"
Perolas perfumadas fresh,PorSi,Embalagem de 275 g,"8,69 €","1,84 €/Kg"
Cachaça,Velho do barreiro,Garrafa de 70 cl,"17,49 €","24,99 €/L"
Vinho tinto,PorSi,embalagem de 5 litros,"5,19 €","1,04 €/L"
"Alimento seco para gato adulto, vaca",Whiskas,"Embalagem de 1,75 kg","12,99 €","4,33 €/Kg"
Leite Bem Essencial morango,Mimosa,Embalagem de 4 x 200 ml,"1,99 €","2,49 €/L"
Fígado,Novilho,1 un = 100 gr (aprox.),"0,50 €","4,99 €/Kg"
Creme para calçado castanho,PorSi,50 ml,"2,49 €","31,13 €/L"
Massa filo,JR,Embalagem de 250g,"0,99 €","4,30 €/Kg"
Dourada Pequena,Peixe do Dia,"Vendido ao peso, de 200 a 600 g","4,52 €","11,29 €/Kg"
"Batata frita wavy, ondulada",PorSi,Embalagem de 90g,"1,01 €","5,46 €/Kg"
"Bolachas, tubo",Oreo,Embalagem de 150g,"0,79 €","4,49 €/Kg"
Bolachas mini alfa,Nacional,Embalagem de 120g,"2,82 €","9,40 €/Kg"
Inseticida Elétrico Citronela,Dum Dum,1 unidade = 45 noites,"17,59 €","325,74 €/L"
Café mistura peninsular,Delta,Embalagem de 250g,"0,79 €","3,16 €/Kg"
Nata uht,Agros,Garrafa de 200 ml,"0,75 €","3,75 €/L"
Tablete de chocolate,Chabrior,Embalagem de 250 g,"0,69 €","4,60 €/Kg"
Champanhe rose bruto,Delagne & Fils,"Garrafa de 0,75 l","19,99 €","26,65 €/L"
Cereais fitness chocolate,Nestle,Embalagem de 380g,"5,59 €","8,87 €/Kg"
Tapioca hidratada sem adição de açúcares,PorSi Viva Bem,Embalagem de 500 g,"0,69 €","1,73 €/Kg"
"Espumante cava bruto, reserva",Freixenet,Garrafa de 750 ml,"8,49 €","11,32 €/L"
Salsichão Nobreza,Elpozo,vendido ao peso,"0,89 €","8,89 €/Kg"
Chá barriguinha,PLANTANATU,Embalagem de 10 unidades,"1,25 €","1,25 €/Unidade"
Gelatina de frutos tropicais,PorSi,Embalagem 2X85G,"0,55 €","61,11 €/Kg"
Entremeada Novilho,Novilho,1 un=150 gr (aprox),"6,39 €","7,99 €/Kg"
Iogurte magro natural,Longa vida,Embalagem de 6 x 120 g,"1,44 €","2,88 €/Kg"
Piri piri,Calve,Garrafa de 50 ml,"0,87 €","2,90 €/Kg"
Detergente liquido loiça clássico,PorSi,Garrafa de 1 litro,"1,05 €","2,10 €/L"
Patê atum em escabeche,La piara,Embalagem de 80g,"1,19 €","13,52 €/Kg"
Soja fina,PorSi Viva Bem,Embalagem de 400 g,"2,09 €","8,36 €/Kg"
Infusão carqueja,Cemporcent,Embalagem de 10 unidades,"0,99 €","76,15 €/Kg"
Escova de dentes infantil 3 a 6 anos,Labell,1 un.,"2,29 €","2,29 €/Unidade"
Dentífrico júnior 7 a 12 anos,Colgate,Embalagem de 50 ml,"0,99 €","0,99 €/Unidade"
Gel de Banho Silk,Dove,Embalagem de 750 ml,"6,49 €","8,65 €/L"
Mistura solúvel c/ 20% café granulado,PorSi,Embalagem de 200g,"0,79 €","3,16 €/Kg"
Champô Anti-Caspa,Pantene,360 ml,"5,59 €","13,98 €/L"
Lip Gloss #500,Rimmel,1 unidade,"1,15 €","4,60 €/L"
Iogurte tipo grego maracujá,PorSi,Embalagem de 4 x 125 g,"2,49 €","5,19 €/Kg"
Açúcar granulado embalado em papel,Rar,Embalagem de 1 kg,"1,49 €","1,49 €/Kg"
Tablete de chocolate culinário negro,PorSi,Embalagem de 200 g,"1,04 €","8,32 €/Kg"
Cola stick,Uhu,Conjunto de 2 x 21 g,"2,19 €","2,19 €/Unidade"
"Queijo ralado, 4 queijos",President,Embalagem de 150 g,"1,49 €","7,45 €/Kg"
Mandioca,Legumes do Dia,1 un=500 gr (aprox.),"0,40 €","3,99 €/Kg"
Vahine pepitas de confeitaria macias fudge sabor car...,Vahine,Embalagem de 70g,"1,69 €","8,45 €/L"
Soro fisiológico,PorSi,Embalagem de 100 ml,"0,55 €","5,50 €/L"
Escova e pente,Neo Baby,1 unidade,"5,99 €","5,99 €/Unidade"
Pasta dentífrica,Couto,Embalagem de 60 ml,"2,39 €","31,87 €/L"
20 saquetas green framboesa/romã,Lipton,Embalagem de 30g,"44,50 €/Kg","44,50 €/Kg"
Algodão zig zag pré-cortado,PorSi,Embalagem de 50 g,"1,69 €","1,69 €/Unidade"
Cognac VSOP,Rémy Martin,"Garrafa de 0.70 l, com caixa","11,99 €","11,99 €/L"
Creme culinário soja,PorSi Viva Bem,Embalagem de 200 ml,"3,99 €","26,60 €/L"
Perninha de frango,PorSi,Embalagem de 400 g,"1,03 €","2,95 €/Kg"
Queijo de ovelha curado amanteigado,PorSi Select,250 g,"6,49 €","25,45 €/Kg"
Vinho regional tejo reserva tinto,Casaleiro,Garrafa de 0.75 l,"4,99 €","6,65 €/L"
Orelhas,Porco,1 un = 250 gr (aprox.),"0,50 €","4,99 €/Kg"
Gengibre e limão infusão,Cemporcent,Embalagem de 13g,"1,25 €","1,25 €/Unidade"
Molho bechamel,Parmalat,Embalagem de 200 ml,"0,75 €","3,75 €/L"
Leite creme,PorSi,Embalagem de 4x23g,"1,69 €","8,45 €/L"
Rebuçados cristais de neve,PorSi,Embalagem de 250g,"1,15 €","4,60 €/Kg"
Vinho DOC Bairrada Tinto,Marquês de Marialva,Garrafa de 0.75 l,"6,49 €","8,65 €/L"
Livro A Cinderela,Europrice,1 unidade,"4,99 €","4,99 €/Unidade"
Cera Depilatória,Veet,Embalagem de 250 ml,"3,11 €","3,11 €/Unidade"
Arroz Risotto,PorSi,Embalagem de 1 kg,"1,26 €","1,26 €/Kg"
Liquido em gel para WC Hibisco Rosa,Ambipur,Embalagem de 750 ml,"2,79 €","3,99 €/L"
Gin premium hendricks 0.70l,Hendricks,Garrafa de 700 ml,"14,99 €","21,41 €/L"
Chá infusão drena & limpa,Cemporcent,Embalagem de 13g,"1,25 €","1,25 €/Unidade"
Batata frita light,Lay's,Embalagem de 140g,"0,95 €","6,33 €/Kg"
Luvas Descartáveis Colors 50 P/M,Vileda,,"4,29 €","4,29 €/Unidade"
Iogurte líquido yoggi cremoso pêssego/manga,Nestle,Embalagem de 4 x 160 g,"1,31 €","2,05 €/Kg"
Tablete de chocolate com avelãs,PorSi,Embalagem de 100 g,"0,65 €","6,50 €/Kg"
Lasanha à bolonhesa,PorSi,Embalagem de 400 g,"3,99 €","3,99 €/Kg"
Sobremesa de Arroz Doce,PorSi,Embalagem 2X135G,"0,55 €","2,75 €/Kg"
Néctar clássico pêssego,Compal,200 ml,"0,99 €","0,99 €/L"
Ambientador spray de lavanda,Air Wick,Garrafa de 240 ml,"0,99 €","3,30 €/L"
Bolachas cream cracker,PorSi,Embalagem de 200g,"0,39 €","3,12 €/Kg"
Amaciador concentrado spa,PorSi,80 doses,"1,99 €","1,00 €/L"
Detergente Manual p/ Lavar Roupa Regular,Gama,Embalagem de 510 g,"1,19 €","2,98 €/Kg"
Creme Rosto Dia Pele Mista Antirrugas Q10 Plus,Nivea,Embalagem de 50 ml,"2,99 €","59,80 €/L"
Spaghetti a bolonhesa 350g,Tuttipasta,Embalagem de 350g,"2,32 €","6,27 €/Kg"
Flocos de cereais com mel,PorSi,Embalagem de 750g,"2,49 €","9,96 €/Kg"
Ambientador tealights canela,PorSi,embalagem com 18 unidades,"4,99 €","4,99 €/Unidade"
Adoçante em pó stevia,PorSi Viva Bem,Embalagem de 17g,"5,99 €","23,96 €/Kg"
Cerveja sem álcool,Cheers,Pack 6 x 0.33 l,"5,99 €","3,03 €/L"
Máquina depilatória Miss Soleil,Bic,3 + 1 unidades,"12,99 €","12,99 €/Unidade"
Spray vitrocerâmica/indução,PorSi,Embalagem de 500 ml,"1,79 €","2,39 €/L"
Condicionador cabelos loiros,Ultra Suave,Embalagem de 200 ml,"1,00 €","5,00 €/L"
Toalhitas Bebé Pure Extra Care,Huggies,Embalagem com 3 x 56 unidades,"1,09 €/Unidade","1,09 €/Unidade"
Gelatina pronta a comer light 10 kcal morango,Royal,Embalagem de 4 x 100 g,"0,85 €","2,13 €/Kg"
Queijo de azeitão dop,Santiago,Embalagem de 240g,"4,37 €","17,49 €/Kg"
Manteiga magra,Matinal,Embalagem de 250g,"1,89 €","7,56 €/Kg"
Bloco sanitário com suporte azul,WC Pato,Embalagem de 40 g,"2,99 €","74,75 €/Kg"
Mistura de sementes,PorSi Viva Bem,Embalagem de 200 g,"1,59 €","10,60 €/Kg"
Delta cappuccino 10x14g,Delta,Embalagem de 140g,"3,19 €","25,52 €/Kg"
Sabonete líquido Marselha e Azeitona,Labell,Embalagem de 500 ml,"1,09 €","2,18 €/L"
Mousse Caramelo,A leiteira,Embalagem de 4 x 60 g,"1,19 €","2,59 €/Kg"
"Salsichas em frasco bockwurst, 5 un",Izidoro,Embalagem de 250g,"0,75 €","3,75 €/Kg"
Lula,Peixe Congelado,1 un= 250 gr (aprox.),"1,20 €","3,99 €/Kg"
Sopa de Cebola,PorSi,Embalagem de 62 g,"0,62 €","10,00 €/Kg"
Água s/ gás,Luso,"Garrafa de 5,4 l","1,04 €","0,17 €/L"
Garrafa de Água desporto,Lock&Lock,cap.: 350 ml,"5,00 €","5,00 €/Unidade"
Farinha para bolos fina,Branca de Neve,Embalagem de 1 kg,"1,99 €","1,99 €/Kg"
Tablete de chocolate leite com amêndoas,PorSi Select,200 g,"0,65 €","6,50 €/Kg"
Frutos silvestres lata,Koala,Embalagem de 415 g,"1,99 €","2,37 €/Kg"
As minhas primeiras receitas - refeição legumes com ...,Nestle,Embalagem de 190g,"2,19 €","11,53 €/Kg"
Bombom coração original,Regina,Embalagem de 90g,"4,29 €","42,90 €/Kg"
Chá pau d'arco,Cemporcent,Embalagem de 60g,"1,25 €","1,25 €/Unidade"
Tostas suecas integrais,Bimbo,embalagem de 234 g,"2,39 €","6,83 €/Kg"
Granola,Salutem,Embalagem de 500g,"2,29 €","11,45 €/Kg"
Queijo Ovelha Curado,Meimoa,Vendido ao peso a partir de 250 gr,"4,37 €","17,49 €/Kg"
Couve lombardo Programa Origens,PorSi,,"1,49 €","0,99 €/Kg"
"Gel cabelo, hard cement",Fru style,Embalagem de 200 ml,"3,99 €","53,20 €/L"
Leite com chocolate,PorSi,Embalagem de 200 ml,"0,26 €","1,30 €/L"
Crackers s/ sal superficie,GRAN PAVES,Embalagem de 560g,"0,39 €","3,12 €/Kg"
Bombons Caixa Dourada c/ Laço,Belgian,Embalagem de 100G,"4,29 €","42,90 €/Kg"
Creme descolorante,Veet,Garrafa de 150 ml,"10,99 €","73,27 €/L"
Pensos peles sensíveis sortidos,PorSi,20 unidades,"1,69 €","1,69 €/Unidade"
Lixívia Denso-Activa Tradicional p/ Casa e Roupa,Neoblanc,Embalagem de 2 l,"1,74 €","0,35 €/L"
Esparregado de espinafres sem lactose,PorSi Viva Bem,Embalagem de 360 g,"0,99 €","1,98 €/Kg"
Palitos redondos,PorSi,200 unidades embalados individualmente,"1,50 €","1,50 €/Unidade"
Gelado magnum pint amêndoas,Olá,Embalagem de 440 ml,"5,49 €","6,10 €/L"
Mel de néctar multifloral bio,PorSi Bio,Frasco de 250g,"4,89 €","9,78 €/Kg"
Água sem gás,Vitalis,Garrafa de 0.5 l,"1,04 €","0,17 €/L"
Café em grão,Delta,Embalagem de 250g,"9,16 €/Kg","9,16 €/Kg"
Pó de talco,PorSi,Embalagem de 250g,"0,55 €","5,50 €/L"
Limão,Programa Origens,1 un = 200 gr (aprox.),"0,69 €","2,29 €/Kg"
Tostas suecas de trigo,PorSi,Embalagem de 225 g,"2,39 €","6,83 €/Kg"
Caramelos de nata,Werthers,Embalagem de 140g,"2,75 €","11,00 €/Kg"
Guardanapos brancos 22x22cm | folha dupla,Renova,90 unidades,"1,29 €","1,29 €/Unidade"
Whisky 12 anos,Chivas,Garrafa de 700 ml,"32,99 €","47,13 €/L"
Doce light alperce,PorSi,Embalagem de 340g,"1,39 €","4,09 €/Kg"
Queijo fresco natural,Matinal,Embalagem de 216g,"2,44 €","11,30 €/Kg"
Prato com naperon 30cm,PorSi,1 unidade,"0,54 €","0,54 €/Unidade"
Pipetas repelente para cão,Repul' 7,Embalagem de 1 unidades,"19,99 €","19,99 €/Unidade"
Cogumelos laminados,PorSi,780 g,"2,19 €","2,81 €/Kg"
Tosta integral,Diatosta,Embalagem de 510 g,"1,34 €","5,96 €/Kg"
"Gel banho, sport for men",Nivea,Embalagem de 250 ml,"3,69 €","14,76 €/L"
Batata frita caseira,PorSi,Embalagem de 180g,"0,87 €","5,44 €/Kg"
Detergente líquido p/ máquina lavar roupa cores escu...,Woolite,"Garrafa de 1,65 l","8,69 €","1,84 €/Kg"
"Recarga ambientador eléctrico, alfazema",PorSi,Embalagem de 25 ml,"5,99 €","23,96 €/L"
Bolachas com geleia de framboesa,Chabrior,Embalagem de 150 g,"1,77 €","5,53 €/Kg"
Azeite Virgem Extra Clássico,Gallo,Garrafa de 2 l,"3,29 €","4,39 €/L"
Vinho regional de lisboa tinto,Marginal,Garrafa de 750 ml,"4,99 €","6,65 €/L"
Folhado de salsichas,Pastelaria do Dia,1 unidade = 110 g,"0,65 €","0,65 €/Unidade"
Café solúvel viena,Nescafe,Embalagem de 140g,"1,45 €","14,50 €/Kg"
Chá poejos planta,Cemporcent,Embalagem de 50g,"1,25 €","1,25 €/Unidade"
Tablete de chocolate culinário branco,PorSi,Embalagem de 180 g,"1,04 €","8,32 €/Kg"
Farinha s/ glúten p/ pão,Schar,Embalagem de 1 kg,"2,99 €","7,97 €/Kg"
Café moído torrado aroma originale,Belissimo,Embalagem de 200g,"9,16 €/Kg","9,16 €/Kg"
Snacks crocantes com bacon,PorSi,Embalagem de 60g,"0,79 €","7,90 €/Kg"
Bife de peru,PorSi,Embalagem de 400 g,"1,03 €","2,95 €/Kg"
Lion barra cereais  25g,Nestle,Embalagem de 150g,"1,29 €","10,24 €/Kg"
Chá fresh preto e limão,Cemporcent,Embalagem de 18g,"44,50 €/Kg","44,50 €/Kg"
Atum filete manjericão + tomate,Tenorio,Embalagem de 120g,"0,89 €","7,42 €/Kg"
Caramelos de leite,Penha,Embalagem de 250g,"2,75 €","11,00 €/Kg"
Vinho maduto tinto,Casal da eira,Embalagem de 1 l,"0,85 €","0,85 €/L"
Vinho verde branco,MIRANDA,"Garrafa de 0,75 l","3,09 €","3,09 €/L"
Néctar bio laranja,Paquito,"Embalagem de 1,5 l","1,59 €","1,59 €/L"
Néctar ananás,PorSi,Pack 3 x 200 ml,"0,99 €","0,99 €/L"
Vinho do Porto Branco,Velhotes,"Garrafa de 0,75 l","11,99 €","15,99 €/L"
Sal cristal,PorSi,embalagem de 1 kg,"0,25 €","0,25 €/Kg"
Barrita controlo de peso chocolate,Ignoramu,Embalagem de 44g,"1,99 €","45,23 €/Kg"
Vinho rosé,Mateus,Garrafa de 750 ml,"4,29 €","5,72 €/L"
Desinfetante Têxtil,Sanytol,Embalagem de 500 ml,"10,99 €","52,33 €/Kg"
10 saquetas chá frutos vermelhos,Lipton,Embalagem de 10g,"44,50 €/Kg","44,50 €/Kg"
Chá de infusão salutem nº 47 - funcho 10 saquetas,Salutem,Embalagem de 15g,"1,25 €","1,25 €/Unidade"
Creme de avelãs e cacau para barrar sem glúten,Cemporcent,Embalagem de 200g,"3,99 €","19,95 €/Kg"
Vinho branco bag-in-box,Capataz,Embalagem de 5 l,"5,19 €","1,04 €/L"
Café solúvel sem cafeína,Nescafe,Embalagem de 20g,"1,45 €","14,50 €/Kg"
Refresco em pó de laranja,Tang,Embalagem de 30g,"0,75 €","18,75 €/Kg"
Queijo Flamengo em Barra Light,Terra Nostra,1 un = 150 gr (aprox.),"1,96 €","9,80 €/Kg"
Rhum com coco,Malibu,Garrafa de 700 ml,"17,49 €","24,99 €/L"
Vinho maduro branco,Ala dos namorados,Garrafa de 75 cl,"1,99 €","2,65 €/L"
Café Torrado em Grão Indonésia,Delta,Embalagem de 220g,"9,16 €/Kg","9,16 €/Kg"
Cereais muesli goji e mirtilos,Quaker,Embalagem de 350g,"3,79 €","10,83 €/Kg"
Sangria branca,Casal Garcia,Garrafa de 750 ml,"2,39 €","1,59 €/L"
Bolachas crackers s/ sal,Du bois,Embalagem de 500g,"0,39 €","3,12 €/Kg"
Bebida de coco com arroz,PorSi Viva Bem,1 litro,"1,32 €","2,06 €/L"
Millet (milho painço),Cemporcent,Embalagem de 500g,"1,94 €","3,88 €/Kg"
Fiambre da pá fatiado,PorSi,200 g,"0,90 €","5,99 €/Kg"
Sumos/ gás morango,Sunny d,"Garrafa de 1,25 l","2,19 €","1,75 €/L"
Lipton limão zero pet,Lipton,Garrafa de 2 l,"1,14 €","0,76 €/L"
Cerveja com álcool,Kings Bräu,"Embalagem de 0,33 l","16,49 €","2,08 €/L"
Leite condensado magro,Nestle,Embalagem de 390g,"1,09 €","2,75 €/Kg"
Coca-cola light,Coca-Cola,Garrafa de 1 l,"0,79 €","0,40 €/L"
Vinho regional lisboa branco,Marginal,Garrafa de 750 ml,"4,99 €","6,65 €/L"
Cápsulas de café delta qualidus,Delta Q,Embalagem de 60g,"15,99 €","47,03 €/Kg"
"Canas de creme, 4 unidades",Dulcesol,Embalagem de 250g,"2,05 €","5,13 €/Kg"
Manjericão,PorSi,50 g,"0,99 €","19,80 €/Kg"
Delícia semi-fria cheesecake,Royal,embalagem de 325 g,"1,69 €","8,45 €/L"
Bloco Sanitário Poder Activo Aqua,Sonasol,Embalagem de 50 g,"2,99 €","74,75 €/Kg"
Caramelo líquido,Royal,Embalagem de 400g,"1,29 €","3,23 €/Kg"
Toalha em rolo papel rosa,PorSi,1 Unidade,"3,59 €","3,59 €/Unidade"
Concentrado de frutas tropicais,Sunquick,Garrafa de 700 ml,"3,54 €","3,54 €/L"
Pimenta preta grão,PorSi,Saqueta de 50 g,"0,25 €","0,25 €/Kg"
Ameijoa Castanha Vietnamita,Marisco Congelado,Venda ao Kilo,"2,00 €","7,99 €/Kg"
"Inseticida recarga, elétrico, 45 noites",Raid,1 unidade,"17,59 €","325,74 €/L"
Farinha láctea cerelac,Cerelac,Embalagem de 500g,"1,99 €","7,96 €/Kg"
Gelatina de morango,PorSi,Embalagem de 170g,"0,55 €","61,11 €/Kg"
Cogumelos Granel,Legumes do Dia,1 un = 200 gr (aprox.),"0,88 €","4,39 €/Kg"
Yofu soja baunilha,Alpro,Embalagem de 500gr,"3,05 €","6,10 €/Kg"
Chá cidreira,Cemporcent,Embalagem de 50g,"1,25 €","1,25 €/Unidade"
Magnésio + vitaminas,PLANTANATU,Embalagem de 1 unidades,"7,59 €","126,50 €/Kg"
Pasta dentífrica gel kids,Labell,Embalagem de 50 ml,"0,99 €","0,99 €/Unidade"
Iogurte tipo grego framboesa e amora,PorSi,Embalagem de 500g,"2,49 €","5,19 €/Kg"
Bacalhau Especial,PorSi,"1 un= 3kg /3,5kg (aprox.)","8,09 €","10,79 €/Kg"
Iogurte líquido danonino morango,Danone,Embalagem de 4 x 100 g,"4,23 €/Kg","4,23 €/Kg"
Chá de infusão salutem naturlinha 10 saquetas,Salutem,Embalagem de 15g,"1,25 €","1,25 €/Unidade"
Dentífrico infantil frutas naturais 3 aos 5 anos,Colgate,50 ml,"0,99 €","0,99 €/Unidade"
"Salsichas aves, frasco com 5 unidad",Izidoro,Embalagem de 250g,"0,75 €","3,75 €/Kg"
"Vinho branco região da península de setúbal, bag in ...",Dom Campos,Garrafa de 5 l,"9,49 €","1,90 €/L"
Gin dry,Gibson's,Garrafa de 700 ml,"14,99 €","21,41 €/L"
Rum anejo especial,Havana,Garrafa de 700 ml,"17,49 €","24,99 €/L"
Gamba Rosa Moçambique,PorSi,Embalagem de 800 g,"9,99 €","12,49 €/Kg"
Lasanha,Nacional,Embalagem de 400g,"0,99 €","1,98 €/Kg"
"Refrigerante sem gás, maracujá e la",Joi,"Garrafa de 1,5 l","1,14 €","0,76 €/L"
Tequila,On Off,Garrafa de 70 cl,"11,99 €","11,99 €/L"
Saqueta de puré de fruta | maçã + pera,PorSi,90 g,"0,74 €","8,22 €/Kg"
Batata frita rodelas,PorSi,Embalagem de 2x70g,"1,01 €","5,46 €/Kg"
Tablete de chocolate leite,Schogetten,Embalagem de 100g,"0,53 €","5,30 €/Kg"
Creme vegetal para barrar,PorSi,Embalagem de 500 g,"1,39 €","6,95 €/L"
Pizza marguerita,PorSi,Embalagem de 2 x 300 g,"2,32 €","6,27 €/Kg"
Bifanas,Porco,Vendido ao peso a partir de 1 kg,"4,89 €","4,89 €/Kg"
Pasta dentífrica menta fresca,Aquafresh,Embalagem de 75 ml,"2,39 €","31,87 €/L"
Creme Mãos Secrets Abacate,Dove,75 ml,"1,03 €","10,30 €/L"
Creme de corpo exfoliante,Labell,Embalagem de 150 ml,"0,76 €","0,76 €/Unidade"
Refrigerante s/ gás flórida,Sunny d,"Garrafa de 1,25 l","1,14 €","0,76 €/L"
Néctar vital equilibrio manga/laranja,Compal,Embalagem de 1 l,"0,84 €","2,55 €/L"
Iogurtes aroma 4 de morango + 4 de banana,PorSi,Embalagem de 8x125g,"1,87 €","1,25 €/Kg"
Casal garcia sweet 750ml/1,Casal Garcia,Garrafa de 750 ml,"3,09 €","3,09 €/L"
Nestle bebe natural 4x100g,Nestle,Embalagem de 400g,"2,89 €","7,23 €/Kg"
Arroz basmati,PorSi,Embalagem de 1 kg,"1,26 €","1,26 €/Kg"
Danacol natural,Danone,Embalagem de 6 x 100 g,"4,15 €/Kg","4,15 €/Kg"
Carne Picada,Porco,1 un= 200 gr (aprox.),"4,89 €","4,89 €/Kg"
Queijo flamengo ralado,PorSi,Embalagem de 200G,"1,96 €","9,80 €/Kg"
"Inseticida elétrico, trio, nigth & day",Raid,1 unidade,"17,59 €","325,74 €/L"
Chá infusão pernas cansadas,Cemporcent,Embalagem de 13g,"1,25 €","1,25 €/Unidade"
Feijoada,PorSi,Embalagem de 420 g,"2,69 €","14,01 €/Kg"
Yoco squeezy sabor morango/banana,Nestle,Embalagem de 4 x 80 g,"1,87 €","1,25 €/Kg"
Arroz Thai Jasmim,PorSi,1 kg,"1,26 €","1,26 €/Kg"
Sobremesa danette baunilha,Danone,Embalagem de 4 x 125 g,"1,19 €","2,59 €/Kg"
Gelado viennetta morango,Olá,Embalagem de 650 ml,"5,49 €","6,10 €/L"
Café solúvel descafeinado,PorSi,Embalagem de 100G,"1,45 €","14,50 €/Kg"
Bolachas cookies choco xl,Milka,Embalagem de 180g,"0,79 €","5,27 €/Kg"
Mignonnettes Leite,Cote D'or,Embalagem de 240 g,"0,53 €","5,30 €/Kg"
Piaçaba com suporte,PorSi,1 unidade,"3,99 €","3,99 €/Unidade"
Iogurte pedaços ananás,PorSi,Embalagem de 4 x 125 g,"4,38 €","2,19 €/Kg"
Salsichão fat,Campofrio,Embalagem de 80g,"0,89 €","8,89 €/Kg"
Hamburger espinafres,Veg In,Embalagem de 160g,"3,39 €","21,19 €/Kg"
Vinho verde branco,Aveleda,Garrafa de 750 ml,"3,09 €","3,09 €/L"
Cereais estrelitas,Nestle,Embalagem de 550g,"5,07 €/Kg","5,07 €/Kg"
Toalhitas para bebé melão,PorSi,Embalagem de 60 unidades,"1,09 €/Unidade","1,09 €/Unidade"
"Salsichas bockwurst em frasco, 8 unidades",Izidoro,Embalagem de 400g,"0,75 €","3,75 €/Kg"
Batata frita light,PorSi,Embalagem de 150g,"0,95 €","6,33 €/Kg"
Palmiers,PorSi,Embalagem de 100g,"1,69 €","6,76 €/Kg"
Guardanapos 2 folhas brancos e dourado,PorSi Select,50 unidades,"1,29 €","1,29 €/Unidade"
24 Caldos de carne,PorSi,Embalagem de 255  g,"3,84 €","24,00 €/Kg"
Néctar de pêssego,PorSi,Pack 3 x 200 ml,"0,99 €","0,99 €/L"
Lava tudo brilhante madeiras,PorSi,Embalagem de 1.1 litros,"0,99 €","0,50 €/L"
Sidra maçã,Somersby,pack 4 x 0.33 l,"5,99 €","3,03 €/L"
Cereais cruesli fruta,Quaker,Embalagem de 380g,"2,29 €","6,11 €/Kg"
Sobremesa gelatina de ananás,PorSi,Embalagem 4X100G,"0,85 €","2,13 €/Kg"
Manteiga s/ lactose,Primor,Embalagem de 130g,"1,89 €","7,56 €/Kg"
Barras de cereais com chocolate preto,PorSi,6 x 23 g,"1,29 €","10,24 €/Kg"
Desodorizante roll-on invisible,Rexona,Embalagem de 50 ml,"4,69 €","31,27 €/L"
Stevia chocolate negro com frutos vermelhos,Cemporcent,Embalagem de 125g,"2,89 €","23,12 €/Kg"
Sopa rabo de boi económica,Knorr,Embalagem de 60g,"0,62 €","10,00 €/Kg"
"Formas de alumínio rectangulares com tampa, 600ml , ...",PorSi,Uma embalagem,"1,11 €","1,11 €/Unidade"
Adoçante com doseador,PorSi,Embalagem 100 comprimidos,"5,99 €","23,96 €/Kg"
"Mini rissóis de carne, 20 unidades",PorSi,Embalagem de 300 g,"1,79 €","7,16 €/Kg"
Desentupidor express gel elimina odores,Destop,1 litro,"4,89 €","6,52 €/L"
10 hamburguers 60% carne de bovino,PorSi,Embalagem de 1 kg,"2,79 €","8,72 €/Kg"
Grão de bico,PorSi,Embalagem de 420g,"2,19 €","2,81 €/Kg"
Carcaça de Cereais 62 g,Pão do Dia,,"0,19 €","2,38 €/Kg"
"Vinho doc loureiro, verde",Selecção de Enófilos,Garrafa de 0.75 l,"3,09 €","3,09 €/L"
Mousse de chocolate preto,Páturages,Embalagem de 4x60 g,"1,19 €","2,59 €/Kg"
Feijão verde,PorSi,Embalagem de 750 g,"0,74 €","1,85 €/Kg"
Lambrusco bianco,*,Garrafa de 750 ml,"1,99 €","2,65 €/L"
Chá freixo,Cemporcent,Embalagem de 40g,"1,25 €","1,25 €/Unidade"
"Escova de dentes, proteção global média, 2 unidades",Labell,Uma embalagem,"3,49 €","3,49 €/Unidade"
Spray casa de banho brilhante,Sonasol,Embalagem de 500 ml,"0,99 €","0,50 €/L"
Trinca de arroz,PorSi,Embalagem de 1 kg,"22,99 €","1,15 €/Kg"
Alho-francês,PorSi,Embalagem de 750 g,"0,74 €","1,85 €/Kg"
"Batata frita, receita camponesa",Lay's,Embalagem de 250g,"1,18 €","6,38 €/Kg"
Manteiga com sal,Mimosa,Embalagem de 130g,"1,89 €","7,56 €/Kg"
Papel higiénico reciclado 2 folhas,PorSi,12 rolos,"1,99 €","1,99 €/Unidade"
Tiras da Costela/Piano,Porco,1 un = 500 gr (aprox.),"4,89 €","4,89 €/Kg"
Guardanapo 100 g,Pastelaria do Dia,,"0,35 €","0,35 €/Unidade"
Chocolate culinário 70% cacau,Pantagruel,Embalagem de 200g,"1,04 €","8,32 €/Kg"
20 saquetas chá de limão,Lipton,Embalagem de 40g,"44,50 €/Kg","44,50 €/Kg"
Arroz carolino vaporizado,Cacarola,Embalagem de 1 kg,"1,26 €","1,26 €/Kg"
Chá infusão nº7 renal plus,Cemporcent,Embalagem de 13g,"1,25 €","1,25 €/Unidade"
Bolacha digestiva go canela,Triunfo,Embalagem de 170g,"0,84 €","2,80 €/Kg"
Bebida de Aveia,PorSi Viva Bem,1 l,"1,59 €","1,59 €/L"
Cacau em pó,Pantagruel,Embalagem de 130g,"1,04 €","8,32 €/Kg"
Salada de fruta em calda,PorSi,Lata com 820 g,"1,99 €","2,37 €/Kg"
Vela em número nº1,PorSi,1 unidade,"0,60 €","0,60 €/Unidade"
Ambientador Arbre Limão,Arbre Magique,3 unidade,"2,49 €","2,49 €/Unidade"
Galão enriquecido com cálcio,Ucal,Embalagem de 1 litro,"1,99 €","2,49 €/L"
Balões latex brancos,PorSi,Embalagem com 24 unidades,"1,54 €","1,54 €/Unidade"
Chá de plantas salutem - sene folhas r,Salutem,Embalagem de 40g,"1,25 €","1,25 €/Unidade"
Recarga p/ ambientador automático freshmatic flor de...,Air Wick,Embalagem de 250 ml,"5,99 €","23,96 €/L"
Solha 200/400,Peixe Congelado,1 un=300 gr (aprox.),"1,20 €","3,99 €/Kg"
"Refrigerante com gás cola, mini lata",Coca-Cola,pack 12 x 0.15 l,"0,79 €","0,40 €/L"
Queijo Curado Meio Gordo,Fonte Mourisca,Vendido ao peso a partir de 250 gr,"2,00 €","7,99 €/Kg"
"Hamburgers de porco, 4x80g",PorSi,Embalagem de 320 g,"2,79 €","8,72 €/Kg"
Cocktail melão,Bar Royal,Garrafa de 750 ml,"11,99 €","11,99 €/L"
Queijo fresco ligth,PorSi,Embalagem de 4 x 62.5 g,"2,39 €","19,92 €/Kg"
Bolachas choco mini estrelas,Milka,Embalagem de 190g,"1,39 €","2,78 €/Kg"
Azeite Virgem Extra Suave,Gallo,Garrafa de 750 ml,"3,29 €","4,39 €/L"
Castanhas,PorSi,Embalagem de 500G,"3,29 €","4,39 €/Kg"
Pasta dentífrica herbal,Colgate,Embalagem de 75 ml,"2,39 €","31,87 €/L"
Fruta para bebé maçã cenoura manga +6 meses,Nestle,Embalagem de 90g,"0,74 €","8,22 €/Kg"
Manteiga magra meio sal,President,Embalagem de 250g,"1,89 €","7,56 €/Kg"
Creme Mãos Secrets Coco,Dove,75 ml,"1,03 €","10,30 €/L"
"Vela com número, nº 7",PorSi,1 unidade,"0,60 €","0,60 €/Unidade"
Carapau Pequeno,Peixe do Dia,1 un = 100 g (aprox.),"4,52 €","11,29 €/Kg"
Aguardente 6 Anos,Adega Velha,"Garrafa 0,50 L","12,79 €","18,27 €/L"
20 mini rissóis de camarão,PorSi,Embalagem de 300 g,"1,79 €","7,16 €/Kg"
Iogurte fruta batida banana/laranja/bolacha,Mimosa,Embalagem de 480g,"2,49 €","5,19 €/Kg"
Chá infusão hibisco bio,Cemporcent,Embalagem de 13g,"1,25 €","1,25 €/Unidade"
Bolachas digestive de baixa gordura,Gullon,Embalagem de 400g,"4,48 €/Kg","4,48 €/Kg"
15 douradinhos,Capitão Iglo,Embalagem de 420g,"1,79 €","7,16 €/Kg"
Lambrusco rosé,Sorbello,Garrafa de 0.75 l,"1,99 €","2,65 €/L"
Alimento seco p/ cão raça pequena,PorSi Select,Embalagem de 3kg,"22,99 €","1,15 €/Kg"
10 compressas de gaze,PorSi,20 x 20 cm,"1,69 €","1,69 €/Unidade"
Farinha de milho 500g,ESPIGA,Embalagem de 500g,"1,99 €","1,99 €/Kg"
Ice tea de limão,PorSi,"Embalagem de 1,5 l","1,14 €","0,76 €/L"
Topping chocolate belga,Branca de neve,Embalagem de 390g,"1,29 €","3,23 €/Kg"
Creme para barrar,Nutella,Embalagem de 600g,"4,39 €","12,91 €/Kg"
Ração para gato júnior com frango,Purina One,Embalagem de 800 g,"12,99 €","4,33 €/Kg"
Marmelada com noz,Casaprisca,Embalagem de 250g,"1,99 €","2,21 €/Kg"
Gin pink,Big Boss,Garrafa de 700 ml,"14,99 €","21,41 €/L"
Batata pré-frita palito,PorSi,Embalagem de 1 kg,"1,39 €","1,39 €/Kg"
Costeleta,Novilho,1 un= 400 gr aprox.,"6,39 €","7,99 €/Kg"
Bacalhau posta média,PorSi,Embalagem de 800g,"6,39 €","7,99 €/Kg"
Barras de cereais forma clássica,PorSi,Embalagem de 126g,"1,29 €","10,24 €/Kg"
Barras fitness natural 141g,Nestle,Embalagem de 140g,"1,29 €","10,24 €/Kg"
Café solúvel,Delta,Embalagem de 200 g,"1,45 €","14,50 €/Kg"
"Tablete de chocolate, black-white",Schogetten,Embalagem de 100g,"0,53 €","5,30 €/Kg"
Lixívia com detergente,PorSi,Embalagem de 2 l,"2,59 €","1,30 €/L"
Almôndegas de bovino,PorSi,Embalagem de 400 g,"3,99 €","9,98 €/Kg"
Ayam leite de coco,Ayam,Garrafa de 200 ml,"1,69 €","8,45 €/L"
Nata uht p/ bater 0% lactose,Parmalat,Embalagem de 200 ml,"0,75 €","3,75 €/L"
Metades de pera em calda,PorSi,Lata de 820 g,"1,99 €","2,37 €/Kg"
Cereais recheados com chocolate e avelã,PorSi,Embalagem de 400g,"5,07 €/Kg","5,07 €/Kg"
Bolachas marítimas chlorella,PorSi Viva Bem,Embalagem de 200g,"4,48 €/Kg","4,48 €/Kg"
Leite UHT Morango sem Lactose,Mimosa,Pack 3 x 250 ml,"1,99 €","2,49 €/L"
"Lenços de bolso, mentol, 10 unidades",Renova,Uma embalagem de 6x10,"0,89 €","0,89 €/Unidade"
Couve Coração Programa Origens,PorSi,1 un = 1 kg (aprox.),"1,49 €","0,99 €/Kg"
"Acendalha branca, 32 cubos",PorSi,Uma embalagem,"0,75 €","0,75 €/Unidade"
Batatas mediterrâneas originais,Lay's,Embalagem de 150g,"1,01 €","5,46 €/Kg"
Bolacha vitalday frutos vermelhos,Gullon,Embalagem de 240g,"2,82 €","9,40 €/Kg"
Super Napolitana Creme 125 g,Pastelaria do Dia,1 un = 125 g (aprox.),"0,35 €","0,35 €/Unidade"
Chá de infusão salutem nº 20 - chá verde com erva li...,Salutem,Embalagem de 15g,"1,25 €","1,25 €/Unidade"
Inseticida moscas e mosquitos,Dum Dum,Garrafa de 300 ml,"4,79 €","11,98 €/L"
Caramelos de nata,PorSi,Embalagem de 250g,"2,75 €","11,00 €/Kg"
Topping chocolate branco,Branca de neve,Embalagem de 360g,"1,29 €","3,23 €/Kg"
Manteiga fácil de barrar,President,Embalagem de 250g,"1,89 €","7,56 €/Kg"
Chá perpétuas roxas planta,Cemporcent,Embalagem de 35g,"1,25 €","1,25 €/Unidade"
Ambientador vela citronela,PorSi,1 unidade,"4,99 €","4,99 €/Unidade"
Spray calcário e sujidade,Cillitbang,Garrafa de 500 ml,"3,99 €","7,98 €/L"
Recarga p/ Esfregona |Suave,Vileda,,"0,89 €","0,89 €/Unidade"
Queijo meio gordo,D. Pedro,Vendido ao peso a partir de 250 gr,"2,00 €","7,99 €/Kg"
Chá de infusão salutem naturcurvas 10 saquetas,Salutem,Embalagem de 15g,"1,25 €","1,25 €/Unidade"
Manga Pronta a Comer,Fruta do Dia,1 un = 400 gr (aprox.),"1,44 €","3,59 €/Kg"
Super articulações,PLANTANATU,Embalagem de 1 unidades,"7,59 €","126,50 €/Kg"
Queijo ovelha curado amanteigado,Seia,Embalagem de 250g,"4,37 €","17,49 €/Kg"
Bolacha Maria,Cuetara,Embalagem de 200g,"1,69 €","2,11 €/Kg"
Creme vegetal para culinária,PorSi,Embalagem de 1 kg,"2,89 €","2,89 €/Kg"
Cereais fitness,Nestle,Embalagem de 630g,"5,59 €","8,87 €/Kg"
Cereais cookie crisp,Nestle,Embalagem de 380g,"5,07 €/Kg","5,07 €/Kg"
Palito la reine,PorSi,Embalagem de 400 g,"0,69 €","3,45 €/Kg"
Guardanapos Decorados,Scottex,Embalagem 50 Unidades,"1,29 €","1,29 €/Unidade"
Bloco Sanitário Ativo Lavanda,Sonasol,Embalagem de 50 g,"2,99 €","74,75 €/Kg"
Chocolate Branco e Óreo,Milka,Embalagem de 100g,"0,99 €","9,90 €/Kg"
Esfregão de Teflon,Fino,1 unidade,"2,54 €","2,54 €/Unidade"
Damasco Programa Origens,PorSi,Vendido ao peso,"1,25 €","2,49 €/Kg"
Frango Inteiro Grande,Frango,1 un = 1.6 kg (aprox.),"1,03 €","2,95 €/Kg"
Bolachas starship tradicional,PorSi,Embalagem de 150g,"0,79 €","5,27 €/Kg"
Baguete de alho,Panike,Embalagem de 350g,"3,40 €/Kg","3,40 €/Kg"
Queijo mozzarella light ralado,PorSi Viva Bem,Embalagem de 150 g,"2,39 €","19,92 €/Kg"
Chá infusão relax bio,Cemporcent,Embalagem de 13g,"1,25 €","1,25 €/Unidade"
"Fiambre extra, fatiado",PorSi,Embalagem de 200g,"0,90 €","5,99 €/Kg"
Snack para gato crispies vaca e frango,Felix,Embalagem de 50g,"0,95 €","15,83 €/Kg"
Refrigerante c/ gás de laranja zero,Fanta,"Garrafa de 1,5 l","0,79 €","0,40 €/L"
Aguardente vínica velha,Alianca v.,Garrafa de 700 ml,"12,79 €","18,27 €/L"
Vinagre de vinho tinto,Cristal,Garrafa de 500 ml,"0,35 €","0,70 €/L"
"Paezinhos azeite, alho e salsa",PorSi,Embalagem de 160g,"2,39 €","6,83 €/Kg"
Leite condensado cozido,PorSi,Embalagem de 397 g,"1,09 €","2,75 €/Kg"
Geleia de marmelo,Casa de Mateus,345 g,"3,29 €","9,54 €/Kg"
Cerveja c/ álcool radler,Sagres,pack 6 x 0.33 l,"16,49 €","2,08 €/L"
Fio dental gentle suave,Sensodyne,1 unidade,"3,49 €","3,49 €/Unidade"
Termómetro digital,PorSi,1 unidade,"5,24 €","5,24 €/Unidade"
Polvo limpo,PorSi,Embalagem de 800 g,"9,59 €","11,99 €/Kg"
Sabonete,Feno,Embalagem de 4x90 g,"4,49 €","12,47 €/Kg"
Chá solúvel camomila,Cemporcent,Embalagem de 45g,"1,25 €","1,25 €/Unidade"
Massa de macarrão riscado,Nacional,Embalagem de 500g,"0,99 €","1,98 €/Kg"
Café torrado 5 estrelas moagem normal,Sical,Embalagem de 250g,"9,16 €/Kg","9,16 €/Kg"
Galão,PorSi,16 cápsulas,"3,19 €","25,52 €/Kg"
Folha de alumínio,Vileda,50 metros,"1,11 €","1,11 €/Unidade"
Lixívia Roupa delicada,PorSi,Embalagem de 2 l,"2,19 €","1,10 €/L"
Lombo de Bacalhau Higienizado,PorSi,"Vendido ao peso, 1 un  = 300 gr (aprox.)","4,50 €","14,99 €/Kg"
Bol agua s. dose integral 186g,Vieira,Embalagem de 180g,"0,84 €","2,80 €/Kg"
Nectar multivitaminas,Paquito,Embalagem de 2 l,"0,99 €","0,99 €/L"
Leite creme,Royal,Embalagem de 90g,"0,79 €","5,27 €/Kg"
Batata frita de presunto,PorSi,Embalagem de 185 g,"1,18 €","6,38 €/Kg"
Elixir Bocal ProExpert Proteção Profunda,Oral B,Embalagem de 500 ml,"1,29 €","2,58 €/L"
Rebuçados mel e limão,Halls,Embalagem de 32 g,"1,69 €","16,90 €/Kg"
Bolacha com aveia,PorSi,Embalagem de 300 g,"0,84 €","2,80 €/Kg"
Whisky malte 12 anos,Glenfiddic,Garrafa de 700 ml,"32,99 €","47,13 €/L"
Refeição Bio Puré de Ervilhas c/ batata e frango,Gerber,Embalagem de 190g,"2,19 €","11,53 €/Kg"
"Sumo 100%, laranja",PorSi,"Embalagem de 1,5 l","1,09 €","0,73 €/L"
Muesli original,Alpen,Embalagem de 550g,"3,79 €","10,83 €/Kg"
10 salsichas de porco em lata,PorSi,Embalagem de 250G,"0,75 €","3,75 €/Kg"
Cenoura baby,PorSi,Embalagem de 400 g,"0,74 €","1,85 €/Kg"
12 douradinhos forníssimo,Capitão Iglo,Embalagem de 300g,"9,30 €/Kg","9,30 €/Kg"
Espuma de barbear para peles sensíveis,Labell Men,Embalagem de 250 ml,"1,16 €","4,64 €/L"
Mistolin advanced anticalcário,Mistolin,Garrafa de 500 ml,"1,79 €","2,39 €/L"
Bife do Pojadouro,Novilho,Vendido ao peso a partir de 800 g,"6,39 €","7,99 €/Kg"
"Pera em metades, lata",PorSi,Embalagem de 420 g,"1,99 €","2,37 €/Kg"
Batata branca para assar,*,Vendido ao peso,"0,65 €/Kg","0,65 €/Kg"
Ambientador spray pure flor de cerejeira,PorSi,250 ml,"0,99 €","3,30 €/L"
Livro O Polegarzito,Europrice,1 unidade,"4,99 €","4,99 €/Unidade"
Guardanapos de 1 folha amarelos | dim.: 30 x 29 cm,PorSi,Embalagem com 70 unidades,"1,29 €","1,29 €/Unidade"
Sangria branca,PorSi,Garrafa de 1.5 litros,"2,39 €","1,59 €/L"
Lenços faciais brancos 3 folhas,PorSi,110 unidades,"0,89 €","0,89 €/Unidade"
Formas de alumínio 600 ml,PorSi,5 unidades,"0,54 €","0,54 €/Unidade"
Batata frita ondulada wavy,PorSi,Embalagem de 185 g,"1,01 €","5,46 €/Kg"
Pão da Avó Alongado,Pão do Dia,1 unidade =400 g,"0,19 €","2,38 €/Kg"
Farinha s/ fermento tipo 65,ESPIGA,Embalagem de 1 kg,"1,99 €","1,99 €/Kg"
Creme calçado preto,PorSi,50 ml,"2,49 €","31,13 €/L"
8 pães de leite,PorSi,Embalagem de 280 g,"2,59 €","7,40 €/Kg"
Spray para vidros,PorSi,750 ml,"3,19 €","6,38 €/L"
Manteiga de amendoim crocante,Prozis,Embalagem de 500g,"3,99 €","7,98 €/Kg"
Whisky,J&B,Garrafa de 1 l,"23,49 €","23,49 €/L"
Queijo de vaca curado light amanteigado,PorSi,+/- 550 g,"6,49 €","25,45 €/Kg"
Vinho regional lisboa tinto reserva,Critterium,Garrafa de 0.75 l,"4,99 €","6,65 €/L"
Lula limpa 20/40,PorSi,Embalagem de 800 g,"9,59 €","11,99 €/Kg"
Água mineral sem gás,Serra de Fafe,Embalagem de 6x0.5l,"1,04 €","0,17 €/L"
Toalha em rolo papel bordeau,PorSi,1 Unidade,"3,59 €","3,59 €/Unidade"
Bolacha infantil dinossaurus mini dino cereais,Artiach,Embalagem de 120g,"1,89 €","15,75 €/Kg"
Bacalhau Corrente,Bacalhau da Noruega,1 un= 750 g (aprox.),"8,09 €","10,79 €/Kg"
Sapateira cozida,PorSi,aproximadamente 800 g,"12,49 €","15,61 €/Kg"
Chá de plantas salutem - quebra pedra r,Salutem,Embalagem de 60g,"1,25 €","1,25 €/Unidade"
Proti soja grânulos,Salutem,Embalagem de 400g,"2,09 €","8,36 €/Kg"
Pipocas doces,Orcape,Embalagem de 100g,"0,79 €","7,90 €/Kg"
Creme abrasivo limão,Cif,Garrafa de 700 ml,"0,99 €","1,32 €/L"
Manteiga amendoim cremosa,PorSi,Embalagem de 340g,"4,39 €","12,91 €/Kg"
Gelado carte d'or chocolate brownie,Olá,Embalagem de 900 ml,"5,49 €","6,10 €/L"
Pensos higiénicos liberty normal abas,Evax,Embalagem com 12 un.,"4,99 €","4,99 €/Unidade"
Vinho verde,Felgueiras,Garrafa de 0.75 l,"3,09 €","3,09 €/L"
Iogurte pedaços frutimax frutos variados,PorSi,Embalagem de 8 x 125 g,"4,38 €","2,19 €/Kg"
Bolachas vitalday recheio iogurte c/ frutos vermelho...,Gullon,Embalagem de 220g,"4,48 €/Kg","4,48 €/Kg"
Lava tudo antibacteriano herbal,PorSi,Garrafa de 1.5 l,"0,99 €","0,50 €/L"
Postinhas de bacalhau,Produto selecionado,Embalagem de 800 g,"6,39 €","7,99 €/Kg"
Aperfeiçoador BB Cream Médio,Garnier,Embalagem de 50 ml,"2,99 €","59,80 €/L"
Adoçante em pó stevia,PorSi Viva Bem,Embalagem de 250 g,"5,99 €","23,96 €/Kg"
Detergente máquina loiça tudo em 1 limão,Sun,70 pastilhas,"2,99 €","2,99 €/Unidade"
6 chamucas de carne,PorSi,Embalagem de 240g,"1,79 €","7,16 €/Kg"
Farelo de aveia,Salutem,Embalagem de 200g,"2,29 €","11,45 €/Kg"
Mini Frutos do Mar,Candycat,Embalagem de 250G,"4,29 €","42,90 €/Kg"
Chocolate culinário,Nestle,Embalagem de 200g,"1,04 €","8,32 €/Kg"
Cone baunilha,PorSi,embalagem 6 x 120 ml,"5,99 €","16,64 €/L"
Salsicha p/Churrasco Aves,Carne Sorraia,1 Embalagem 360G,"1,56 €","7,43 €/Kg"
Batatas forno ervas,Lay's,Embalagem de 130g,"1,18 €","6,38 €/Kg"
Vinho rosé frisante,Cacho Fresco,Garrafa de 0.75 l,"1,99 €","2,65 €/L"
Iogurte activia natural,Danone,Embalagem de 4 x 120 g,"2,49 €","5,19 €/Kg"
Queijo fleur dange,Páturages,Embalagem de 200 g,"2,60 €","13,00 €/Kg"
Camarão 60/80 Madagascar,Congelado Selvagem,1 un = 250 gr  (aprox.),"2,00 €","7,99 €/Kg"
Queijo dop 7 meses,Sao jorge,Embalagem de 400g,"4,25 €","16,99 €/Kg"
Atum posta ao natural,Bom petisc,Embalagem de 120 g,"0,89 €","7,42 €/Kg"
Bolachas cream cracker,PorSi,Embalagem de 600g,"0,39 €","3,12 €/Kg"
Peito de peru,Salsicharia Limiana,"Vendido ao peso, fatiado","2,25 €","11,25 €/Kg"
Mistura solúvel brasa,Nestle,Embalagem de 200g,"0,79 €","3,16 €/Kg"
"Vinho rosé, região península de setúbal, bag in box",Dom Campos,Garrafa de 5 l,"9,49 €","1,90 €/L"
Chá infusão rooibos sem cafeína,Cemporcent,Embalagem de 15g,"1,25 €","1,25 €/Unidade"
Máquina depilação descartável Simply Venus 2,Gillette,3 Unid. + 1 Grátis,"5,49 €","5,49 €/Unidade"
Tablete chocolate de iogurte morango,Milka,Embalagem de 100g,"0,53 €","5,30 €/Kg"
"Queijo light, mini",Babybel,Embalagem de 120g,"2,39 €","19,92 €/Kg"
Tablete de chocolate leite com avelã,PorSi Select,200 g,"0,65 €","6,50 €/Kg"
Gomas tijolos ácidos,PorSi,Embalagem de 300 g,"1,19 €","3,97 €/Kg"
Mimosa bem especial leite e amêndoa,Mimosa,Embalagem de 1 litro,"2,19 €","2,19 €/L"
Champanhe meio seco,Delagne & Fils,"Garrafa de 0,75 l","19,99 €","26,65 €/L"
"Bacalhau graúdo inteiro salgado, seco",Bacalhau da Islândia,1 un= 2.5kg (aprox.),"8,09 €","10,79 €/Kg"
Demaquilhante Dupla Ação,Nivea,1 embalagem de 125g,"0,76 €","0,76 €/Unidade"
Nabo Roxo s/ Rama,Programa Origens,1 un = 200 gr  (aprox.),"1,49 €","0,99 €/Kg"
Sopa de cebola económica,Knorr,Embalagem de 50g,"0,62 €","10,00 €/Kg"
Biscoitos integrais de maçã e canela,Cemporcent,Embalagem de 250g,"4,48 €/Kg","4,48 €/Kg"
Topping p/saladas cebola frita,Florette,Embalagem de 70g,"3,84 €","24,00 €/Kg"
Chá de infusão salutem nº 14 - chá verde 10 saquetas,Salutem,Embalagem de 15g,"1,25 €","1,25 €/Unidade"
Bebida de arroz,Frias,Garrafa de 1 l,"1,32 €","2,06 €/L"
Chocolate culinário em pó,PorSi,Embalagem de 125 g,"1,04 €","8,32 €/Kg"
Almôndegas bolonhesa,Iglo,Embalagem de 400g,"2,79 €","8,72 €/Kg"
"Forma de papel para bolos, 9 cm, 60 unidades",PorSi,Uma embalagem,"0,54 €","0,54 €/Unidade"
Cenoura,PorSi,1 un = 100 gr  (aprox.),"0,79 €/Kg","0,79 €/Kg"
Inseticida elétrico melgas e mosquitos,Dum Dum,1 unidade = 45 noites,"17,59 €","325,74 €/L"
Feijão encarnado,PorSi,Embalagem de 420 g,"2,19 €","2,81 €/Kg"
Papel Anti-traça 4 Seasons,Raid,4 unidades,"4,69 €","4,69 €/Unidade"
"Bloco sanitário blue activ, eucalio",Sonasol,Embalagem de 50 g,"2,99 €","74,75 €/Kg"
Pão caseiro sem glúten,Schar,Embalagem de 240g,"2,99 €","7,97 €/Kg"
"Vinho Douro, Private Collection, Tinto",Selecção de Enófilos,Garrafa de 0.75 l,"4,99 €","6,65 €/L"
Bebida de aveia,Frias,Garrafa de 1 l,"1,32 €","2,06 €/L"
Gin Beefeater Light,Beefeater,"Garrafa de 0,70 l","14,99 €","21,41 €/L"
Salsichas de porco,Nobre,Lata de 250g,"0,75 €","3,75 €/Kg"
Seitan,Veg In,Embalagem de 250g,"3,65 €","7,30 €/Kg"
Detergente Máquina Roupa Liquido Bebé,PorSi,50 doses,"19,99 €","19,99 €/Unidade"
Néctar light manga/laranja,Compal,330 ml,"0,84 €","2,55 €/L"
Vinagre de sidra pet,Paladin,Garrafa de 500 ml,"0,35 €","0,70 €/L"
Lava tudo limão verde,Cif,"Garrafa de 1,4 l","0,99 €","0,50 €/L"
Cobertura tábua de engomar,PorSi,Dim.: 130 x 47 cm,"4,00 €","4,00 €/Unidade"
5 folhas de gelatina incolor,PorSi,Embalagem de 9 g,"0,55 €","61,11 €/Kg"
Arroz integral,PorSi Viva Bem,Embalagem de 1 kg,"1,26 €","1,26 €/Kg"
Caramelos de fruta,PorSi,Embalagem de 250g,"1,19 €","4,76 €/Kg"
Creme de Mãos Xpress Absorv,Bioten,Embalagem de 100ML,"1,03 €","10,30 €/L"
"Caramelos de café, creme",Werthers,Embalagem de 90g,"2,75 €","11,00 €/Kg"
Muesli Frutas,PorSi,500 g,"3,79 €","10,83 €/Kg"
Pudim de baunilha,PorSi,Embalagem de 90g,"0,59 €","29,50 €/Kg"
"Luvas multiusos relevo antiderrapante, tamanho peque...",PorSi,Embalagem de 1 unidades,"4,29 €","4,29 €/Unidade"
Lava tudo lavanda,Cif,"Garrafa de 1,4 l","0,99 €","0,50 €/L"
Luvas descartáveis extra long p/m,Vileda,10 unidade,"4,29 €","4,29 €/Unidade"
Biscoitos de cacau,PorSi,Embalagem de 750g,"0,69 €","3,45 €/Kg"
Pudim baunilha,Boca Doce,Embalagem de 20g,"0,59 €","29,50 €/Kg"
"Bolachas, cobertura com chocolate branco",Oreo,Embalagem de 250g,"0,69 €","4,60 €/Kg"
Leite com chocolate sem lactose,Ucal,Embalagem de 6 x 250 ml,"0,26 €","1,30 €/L"
Mel em frasco de vidro,Jorge v.f.,Embalagem de 500g,"4,89 €","9,78 €/Kg"
Bebida de soja de amêndoa,Alpro,Embalagem de 1 litro,"2,49 €","2,49 €/L"
Champanhe bruto,Delagne & Fils,"Garrafa de 0,75 l","19,99 €","26,65 €/L"
Fio dentario 50m,Colgate,1 unidade,"3,49 €","3,49 €/Unidade"
Lixívia perfumada,PorSi,Embalagem de 5 l,"2,59 €","1,30 €/L"
Pringles original,Pringles,Embalagem de 175g,"1,01 €","5,46 €/Kg"
Vinho doc alentejo tinto,T.bolotas,Garrafa de 0.75 l,"2,89 €","3,85 €/L"
Fruta para bebé maçã banana aveia +6 meses,Nestle,Embalagem de 90g,"0,74 €","8,22 €/Kg"
Sumo 100% maçã e frutos vermelhos,Compal,1 litro,"1,09 €","0,73 €/L"
Esparguete fino,Nacional,Embalagem de 500g,"0,99 €","1,98 €/Kg"
Feijão preto cozido,PorSi,Embalagem de 420 g,"2,19 €","2,81 €/Kg"
Muesli 3 chocolates,PorSi,500 g,"3,79 €","10,83 €/Kg"
Bebida Solúvel Mokambo Chicória e Café,Nestle,Embalagem de 240g,"1,45 €","14,50 €/Kg"
Caneta BL. Eye UB-150 Azul,Uni-Ball,1 embalagem,"2,49 €","2,49 €/Unidade"
Bolachas tosta rica,Cuetara,Embalagem de 570g,"1,89 €","15,75 €/Kg"
12 Macarons Sortidos,PorSi Select,Embalagem de 144 g,"3,99 €","7,39 €/Kg"
Inseticida multi-insectos,Dum Dum,Garrafa de 400 ml,"4,79 €","11,98 €/L"
Sangria,Casal Garcia,Garrafa de 750 ml,"2,39 €","1,59 €/L"
Chá detox matinal infusão,Cemporcent,Embalagem de 13g,"1,25 €","1,25 €/Unidade"
Chocolate em pó Starbucks 42% cacau,STARBUCKS,Embalagem de 330g,"8,59 €/Kg","8,59 €/Kg"
Vinho DOC Dão Tinto,Dharma,"Garrafa de 0,75 L","7,49 €","9,99 €/L"
Capa Ultra Fresh,Vileda,1 unidade,"4,00 €","4,00 €/Unidade"
Desinfetante p/ Roupa,Sanytol,embalagem com 500ml,"10,99 €","52,33 €/Kg"
Café torrado em grão,PorSi,Embalagem de 1 kg,"9,16 €/Kg","9,16 €/Kg"
Iogurte danacol de morango,Danone,Embalagem de 12 x 100 g,"4,15 €/Kg","4,15 €/Kg"
Cubos pão trigo tostado,PorSi,Embalagem de 150g,"2,39 €","6,83 €/Kg"
Gelado magnum pint clássico,Olá,Embalagem de 440 ml,"5,49 €","6,10 €/L"
Sardinhas em azeite,PorSi,Embalagem de 120g,"0,89 €","7,42 €/Kg"
"Escova dentes, rotativa global, dura, 2 unidades",Labell,1 embalagem,"3,49 €","3,49 €/Unidade"
8 rissóis de camarão,PorSi,Embalagem de 300g,"1,79 €","7,16 €/Kg"
Molho bechamel,PorSi,Embalagem de 500 ml,"0,75 €","3,75 €/L"
Gelado magnum mini double chocolate e caramelo,Olá,Embalagem de 6 x 60 ml,"5,99 €","16,64 €/L"
Spray tira nódoas,Kh 7,Garrafa de 750 ml,"10,99 €","52,33 €/Kg"
Sultana Preta,PorSi,Embalagem de 200g,"0,79 €","3,95 €/Kg"
Leite especial cálcio + vitamina d m/g,Mimosa,Garrafa de 1 l,"1,29 €","1,29 €/L"
Bolachas cookies 0% açúcares,Artiach,Embalagem de 120 g,"0,79 €","5,27 €/Kg"
Liquido abrilhantador castanho,PorSi,75 ml,"0,99 €","330,00 €/Kg"
"Anti-calcário, máquina roupa, gel",Calgon,"Garrafa de 1,5 l","8,69 €","1,84 €/Kg"
Torta natas com cobertura de cacau,PorSi,Embalagem de 300g,"2,05 €","5,13 €/Kg"
Gel Intimo Suave,Corine de Farme,250 ml,"0,55 €","5,50 €/L"
Tablete de chocolate de leite com amêndoas,PorSi,100 g,"0,65 €","6,50 €/Kg"
Gressinos com sésamo,PorSi,Embalagem de 250 g,"2,39 €","6,83 €/Kg"
Alho Francês,Programa Origens,1 un = 300 g (aprox.),"0,75 €","2,49 €/Kg"
Iogurte líquido morango / framboesa corpos danone,Danone,Embalagem de 4 x 155 g,"1,31 €","2,05 €/Kg"
Desinfetante p/ WC,Sanytol,Embalagem de 750 ml,"1,79 €","2,39 €/L"
Arroz agulha,Saludães,Embalagem de 1kg,"1,26 €","1,26 €/Kg"
"Alimento húmido para gato júnior, carne",Whiskas,Embalagem de 400g,"3,49 €","10,26 €/Kg"
Lombos de pescada,PorSi,Embalagem de 400 g,"3,99 €","9,98 €/Kg"
Desentupidor de fole com cabo,PorSi,1 unidade,"17,00 €","17,00 €/Unidade"
Amaciador color-vive,Elvive,Embalagem de 200 ml,"1,00 €","5,00 €/L"
Fiambre da Perna Extra,PorSi,1 un = 150 gr (aprox.),"0,90 €","5,99 €/Kg"
Douradinhos estaladiços,Capitão Iglo,Embalagem de 340g,"9,30 €/Kg","9,30 €/Kg"
Queijo Flamengo Bola,Terra Nostra,1 un = 250 gr  (aprox.),"1,96 €","9,80 €/Kg"
Chá infusão boldo,Cemporcent,Embalagem de 13g,"1,25 €","1,25 €/Unidade"
Cogumelos inteiros,PorSi,Embalagem de 185 g,"2,19 €","2,81 €/Kg"
Vinho tinto doc douro,Qta.cotto,Garrafa de 750 ml,"7,49 €","9,99 €/L"
Spray limpeza casa de banho,PorSi,750 ml,"1,79 €","2,39 €/L"
Cone morango/baunilha,PorSi,Embalagem de 6 x 120 ml,"5,99 €","16,64 €/L"
Amaciador rosa e rosmaninho,Surf,90 doses,"8,99 €","2,25 €/L"
2 Vieiras Gratinadas À Bretanha,PorSi Select,220 g,"3,99 €","19,95 €/Kg"
Arroz agulha,B.sucesso,Embalagem de 1 kg,"1,26 €","1,26 €/Kg"
Pensos Incontinência Mulher Discreet Maxi Night,Tena,12 unidades,"1,99 €","1,99 €/Unidade"
Pastilhas peppermint,CHICLETS,Embalagem de 17 g,"0,89 €","59,33 €/Kg"
Salsichas de soja,Cemporcent,Embalagem de 390g,"0,69 €","0,69 €/Kg"
Queijo Curado Vaca/ Cabra/ Ovelha,PorSi,,"3,87 €","15,49 €/Kg"
Café Clássico,PorSi,10 cápsulas,"15,99 €","47,03 €/Kg"
Iogurte tipo grego stracciatella,PorSi,Embalagem de 500g,"2,49 €","5,19 €/Kg"
Desentupidor canos,Mr.muscle,Embalagem de 1 l,"4,89 €","6,52 €/L"
Limpa pavimentos flutuantes,PorSi,Embalagem de 1 litro,"1,79 €","2,39 €/L"
Tostas integrais,Bimbo,embalagem de 270 g,"2,39 €","6,83 €/Kg"
Mel de Rosmaninho,PorSi Select,Frasco de 250 g,"4,89 €","9,78 €/Kg"
Leite com chocolate sem lactose,Ucal,Embalagem de 6 x 250 ml,"2,19 €","2,19 €/L"
Polvo limpo,PorSi,Embalagem de 1 kg,"9,59 €","11,99 €/Kg"
Ração para gato adulto com bacalhau e legumes,Friskies,Embalagem de 4 kg,"12,99 €","4,33 €/Kg"
Refrigerante s/ gás califórnia,Sunny d,"Garrafa de 1,25 l","1,14 €","0,76 €/L"
Miolo de avelã,PorSi,Embalagem de 200 g,"0,79 €","3,95 €/Kg"
Bolachas mini prince recheadas com chocolate,PRINCE,Embalagem de 160 g,"1,89 €","15,75 €/Kg"
Marinheiras chia mini,Cemporcent,Embalagem de 50g,"4,48 €/Kg","4,48 €/Kg"
Mostarda em frasco,Savora,Embalagem de 190g,"0,87 €","2,90 €/Kg"
Camarão 60/80,Congelado de Aquicultura,1 un = 250 gr  (aprox.),"2,00 €","7,99 €/Kg"
Creme de limpeza com lixívia,PorSi,750 ml,"2,59 €","1,30 €/L"
Leite 0% lactose meio gordo,Mimosa,Embalagem de 200 ml,"2,19 €","2,19 €/L"
Grão de bico,Caçarola,Embalagem de 500 g,"0,99 €","1,98 €/Kg"
Bombons Hapiness,Trumpf,Embalagem de 400G,"4,29 €","42,90 €/Kg"
Cem porcento-lentilhas vermelhas,Cemporcent,Embalagem de 500g,"1,94 €","3,88 €/Kg"
Entremeada s/ Entrecosto,Porco,Vendido ao peso a partir de 1 kg,"4,89 €","4,89 €/Kg"
Gelatina limão 10kcal,Royal,Embalagem de 30g,"0,55 €","61,11 €/Kg"
Patê sardinha,La piara,Embalagem de 80g,"1,19 €","13,52 €/Kg"
Bombons Caja Roja,Nestlé,Embalagem 400 g,"4,29 €","42,90 €/Kg"
Pedras limão/chá verde,P.salgadas,pack 4 x 0.25 l,"2,85 €","2,85 €/L"
Bolacha vitalday crocante original,Gullon,Embalagem de 270g,"2,82 €","9,40 €/Kg"
Bolachas rosquilhas,PorSi,Embalagem de 600g,"1,69 €","6,76 €/Kg"
Chá de infusão salutem nº 04 - proaçúcar 10 saquetas,Salutem,Embalagem de 15g,"1,25 €","1,25 €/Unidade"
Chá de infusão salutem nº 34 - chá branco 10 saqueta...,Salutem,Embalagem de 15g,"1,25 €","1,25 €/Unidade"
Nata uht,PorSi,Embalagem de 200 ml,"0,75 €","3,75 €/L"
Iogurte líquido de frutos vermelhos,PorSi,Embalagem de 4 x 160 g,"1,31 €","2,05 €/Kg"
Bolacha arroz mix 5,Cemporcent,Embalagem de 100g,"4,48 €/Kg","4,48 €/Kg"
Escova de dentes expert white media 360º,Colgate,1 unidade,"3,49 €","3,49 €/Unidade"
Vinho verde branco alvarinho,Qm,Garrafa de 0.75 l,"3,09 €","3,09 €/L"
Bolachas marítimas baixo teor de sal,PorSi Viva Bem,Embalagem de 200g,"4,48 €/Kg","4,48 €/Kg"
Papa infantil láctea banana laranja +6 meses,Cerelac,Embalagem de 250g,"1,99 €","7,96 €/Kg"
Nectar clássico maracujá,Compal,Garrafa de 1 l,"1,09 €","0,73 €/L"
Butter cookies,PorSi,Embalagem de 450g,"0,79 €","5,27 €/Kg"
10 saquetas infusão de cidreira,Lipton,Embalagem de 20g,"0,99 €","76,15 €/Kg"
Caderno Agrafado Capa Preta |A5 Pautado,Domédia,1 unidade,"3,69 €","3,69 €/Unidade"
Marmelada com frutose,PorSi Viva Bem,Embalagem de 400g,"1,99 €","2,21 €/Kg"
Coelho inteiro,PorSi,Vendido ao peso,"1,03 €","2,95 €/Kg"
Painho do Ribatejo,PorSi,"Vendido ao peso, fatiado a partir de 100 gr","2,59 €","12,95 €/Kg"
Esfregona tiras completa,PorSi,1 unidade,"2,54 €","2,54 €/Unidade"
Spray desengordurante universal,Neoblanc,Embalagem de 500 ml,"2,59 €","1,30 €/L"
"Inseticida, recarga, elétrico, pack 2",Raid,1 embalagem com 2x27ml,"17,59 €","325,74 €/L"
Atum posta em óleo,Ramirez,Embalagem de 120g,"0,89 €","7,42 €/Kg"
Chá de infusão salutem nº 17 - tília 10 saquetas,Salutem,Embalagem de 15g,"1,25 €","1,25 €/Unidade"
All bran plus,Kellogg's,Embalagem de 500g,"1,49 €","2,98 €/Kg"
Anticalcário,Viakal,Embalagem de 500 ml,"0,99 €","1,32 €/L"
Morcela de Assar do Fundão,PorSi,"Vendido ao peso, 1 un= 500 g (aprox.)","1,49 €","7,45 €/Kg"
Pão de forma s/ côdea,Bimbo,Embalagem de 650 g,"2,63 €/Kg","2,63 €/Kg"
Chá hortelã pimenta,Cemporcent,Embalagem de 40g,"1,25 €","1,25 €/Unidade"
Papa infantil não láctea multicereais +6 meses,Cerelac,Embalagem de 250g,"1,99 €","7,96 €/Kg"
Cueca incontinência para Adultos Ausonia Tamanho Gra...,Lindor,Embalagem de 14 unidades,"9,99 €","9,99 €/Unidade"
Mortadela de peru,PorSi,1 un = 150 gr (aprox.),"0,96 €","6,39 €/Kg"
Actimel morango,Danone,Embalagem de 6 x 100g,"4,15 €/Kg","4,15 €/Kg"
Iogurte líquido yoggi morango,Nestle,Embalagem de 4 x 160 g,"1,31 €","2,05 €/Kg"
Chá infusão nº1 relaxplus,Cemporcent,Embalagem de 13g,"1,25 €","1,25 €/Unidade"
Chá de infusão salutem nº 15 - cidreira 10 saquetas,Salutem,Embalagem de 15g,"1,25 €","1,25 €/Unidade"
Bolachas marítimas chia,PorSi Viva Bem,Embalagem de 200g,"4,48 €/Kg","4,48 €/Kg"
"Vela em número,  nº 0",PorSi,1 unidade,"0,60 €","0,60 €/Unidade"
"Alimento seco para gato adulto, bio complex, frango ...",HappyOne,Embalagem de 2 kg,"12,99 €","4,33 €/Kg"
Chá infusão sene bio,Cemporcent,Embalagem de 13g,"1,25 €","1,25 €/Unidade"
Manhãzitos original,Manhazitos,Embalagem 6x2 unidades,"2,05 €","5,13 €/Kg"
Camarão 20/30,Congelado de Aquicultura,1 un = 250 gr  (aprox.),"2,00 €","7,99 €/Kg"
Limpa madeiras com sabão,PorSi,1.5 litros,"4,39 €","14,63 €/L"
Chá infusão camomila bio,Cemporcent,Embalagem de 13g,"1,25 €","1,25 €/Unidade"
"Creme anti-rugas revitalizante fps30, dia",L'oreal,Embalagem de 50 ml,"2,99 €","59,80 €/L"
Arroz carolino,Caçarola,Embalagem de 1kg,"1,26 €","1,26 €/Kg"
Queijo Flamengo Bola,Limiano,1 un = 250 gr  (aprox.),"1,96 €","9,80 €/Kg"
"Frigideira anti-aderente, 28cm",PorSi,1 unidade,"11,99 €","11,99 €/Unidade"
Tomate em pedaços,Guloso,Embalagem de 390g,"3,84 €","24,00 €/Kg"
Cocktail mango,Bar Royal,Garrafa de 750 ml,"8,49 €","11,32 €/L"
Café moagem universal angola,Delta,Embalagem de 220g,"9,76 €/Kg","9,76 €/Kg"
Queijo Cabra Curado Rústico com pimentão,Palhais,Vendido ao peso a partir de 250 gr,"1,89 €","10,50 €/Kg"
"12 lápis de cor, 18cm",Domédia,Uma embalagem,"1,69 €","1,69 €/Unidade"
Alimento seco para gato de salmão,HappyOne,Embalagem de 2 kg,"12,99 €","4,33 €/Kg"
Azeite virgem extra seleção ouro,Oliveira da Serra,Garrafa de 750 ml,"3,29 €","4,39 €/L"
Toucinho do céu,PorSi,Embalagem de 2x100 g,"0,55 €","2,75 €/Kg"
Ovos Frescos Classe M,PorSi,12 unidades,"2,55 €","2,55 €/Unidade"
"Tira nódoas, spray oxi",PorSi,Embalagem de 1 l,"10,99 €","52,33 €/Kg"
Champô Limão & Argila,Ultra Suave,Embalagem de 400 ml,"5,59 €","13,98 €/L"
Arroz carolino,Louro,Embalagem de 1 kg,"1,26 €","1,26 €/Kg"
"Lixívia para roupa, tradicional verde denso",PorSi,Embalagem de 2L,"1,74 €","0,35 €/L"
Bola Unicórnio 50 cm,Mondo,1 unidade,"3,99 €","3,99 €/Unidade"
"Batata frita, multipack",Ruffles,Embalagem de 180g,"1,01 €","5,46 €/Kg"
Corn flakes saco,PorSi,Embalagem de 500g,"1,49 €","2,98 €/Kg"
"Folhas de tomilho, pacote",Margao,Embalagem de 20g,"0,25 €","0,25 €/Kg"
Farinha láctea menos 40% açúcar,Cerelac,Embalagem de 250g,"1,99 €","7,96 €/Kg"
Esponja autobrilhante,PorSi,3 g,"0,99 €","330,00 €/Kg"
"Bloco sanitário azul, recarga",WC Pato,Embalagem de 2x40 g,"2,99 €","74,75 €/Kg"
Cereais petalas chocolate,PorSi,Embalagem de 625g,"5,07 €/Kg","5,07 €/Kg"
Pá económica,PorSi,1 unidade,"2,99 €","2,99 €/Unidade"
Bebida de amêndoa,Frias,Garrafa de 1 l,"1,32 €","2,06 €/L"
Limpa Couros,Bellapelle,Garrafa de 250 ml,"10,99 €","52,33 €/Kg"
Chá infusão menos peso,Cemporcent,Embalagem de 13g,"1,25 €","1,25 €/Unidade"
Iogurte pedaços morango,PorSi,Embalagem de 4x125g,"4,38 €","2,19 €/Kg"
Bolacha infantil dinossaurus mini dino chocolate,Artiach,Embalagem de 120g,"1,89 €","15,75 €/Kg"
Sumo essencial manga,Compal,pack 3 x 0.11 l,"2,29 €","6,94 €/L"
Batata frita caseira rodela,Pala-pala,Embalagem de 300g,"0,87 €","5,44 €/Kg"
Infusão lúcia lima,PorSi,Embalagem de 35 g,"0,99 €","76,15 €/Kg"
Escova dentífrica infantil bambu,Colgate,1 unidade,"0,99 €","0,99 €/Unidade"
Salsicha p/Churrasco XL,Carne Sorraia,1 Embalagem 360G,"1,56 €","7,43 €/Kg"
Cerveja super bock stout,Super Bock,Garrafa de 330 ml,"16,49 €","2,08 €/L"
Manteiga de amendoim crocante,Prozis,Embalagem de 500g,"4,39 €","12,91 €/Kg"
Batata frita forno camponesas,Lay's,Embalagem de 130g,"1,18 €","6,38 €/Kg"
Queijo Feta Grego,PorSi Select,Embalagem de 200 g,"2,19 €","10,95 €/Kg"
"Bebida láctea crescimento 1-3 anos, cereais",Nestle,Embalagem de 1 litro,"0,26 €","1,30 €/L"
Chouriço cebola beiras,PorSi,Embalagem de 300g,"1,22 €","6,78 €/Kg"
Compressas | dim.: 10 x 10 cm,PorSi,Embalagem com 100 unidades,"1,69 €","1,69 €/Unidade"
Pensos diários respirare,Carefree,embalagem com 20 unidades,"1,79 €/Unidade","1,79 €/Unidade"
Limpa Máquina Loiça Regular,Finish,,"2,99 €","2,99 €/Unidade"
Vela em número nº9,PorSi,1 unidade,"0,60 €","0,60 €/Unidade"
Creme anti-rugas de dia revitalift,L'oreal,Embalagem de 50 ml,"2,99 €","59,80 €/L"
"Elixir bocal, menta",Labell,Embalagem de 500 ml,"1,29 €","2,58 €/L"
"Queijo, 16 porções",A Vaca Que Ri,Embalagem de 280g,"3,68 €","13,14 €/Kg"
Alho moído,PorSi,Saqueta de 50 g,"0,25 €","0,25 €/Kg"
Leite c/ Chocolate,Agros,Embalagem de 4 x 200 ml,"0,26 €","1,30 €/L"
"Milhojas de cacau, 4 unidades",Dulcesol,Embalagem de 260g,"2,05 €","5,13 €/Kg"
Néctar light de manga/laranja prism,PorSi,Embalagem de 1 l,"0,84 €","2,55 €/L"
Lambrusco rose,*,Garrafa de 750 ml,"6,89 €","9,19 €/L"
Agrafador + 400 agrafos,Domédia,Uma embalagem,"3,59 €","3,59 €/Unidade"
Salsichas de aves,Nobre,Lata de 200 g,"0,75 €","3,75 €/Kg"
"Cerveja sem álcool, preta",Super Bock,pack 6 x 0.33 l,"5,99 €","3,03 €/L"
Acetona perfumada com doseador,PorSi,Embalagem de 200 ml,"1,89 €","9,45 €/L"
Barrita controlo de peso maçã,Ignoramu,Embalagem de 44g,"1,99 €","45,23 €/Kg"
Tosta rica mini go,Cuetara,Embalagem de 240g,"1,89 €","15,75 €/Kg"
Marinheiras natural mini,Cemporcent,Embalagem de 50g,"4,48 €/Kg","4,48 €/Kg"
Bebida de soja-arroz,Shoyce,Garrafa de 1 l,"1,32 €","2,06 €/L"
Cerveja com álcool,Sagres,Lata de 500ml,"16,49 €","2,08 €/L"
Stevia chocolate negro,Cemporcent,Embalagem de 100g,"2,89 €","23,12 €/Kg"
Bolachas shortcake,PorSi,Embalagem de 233 g,"1,69 €","6,76 €/Kg"
Porto tawny valadão,Valadao,Garrafa de 750 ml,"6,29 €","8,39 €/L"
Bicarbonato de sódio,PorSi,Embalagem de 500 g,"1,79 €","2,39 €/L"
Cereais cruesli chocolate,Quaker,Embalagem de 380g,"2,29 €","6,11 €/Kg"
Líquido wc duraguard pinho da montanha,Harpic,Garrafa de 750 ml,"1,79 €","2,39 €/L"
Aperitivos  fritos,Fritos,Embalagem 130G,"0,79 €","7,90 €/Kg"
Couve de bruxelas,PorSi,Embalagem de 750 g,"0,74 €","1,85 €/Kg"
Lay's sal mpk 6x30g,Lay's,Embalagem de 180g,"1,01 €","5,46 €/Kg"
Shampô azul concentrado,PorSi,Embalagem de 1 l,"5,19 €","8,65 €/L"
Ração para cão mini adulto nutri soft com frango,Friskies,"Embalagem de 1,4 kg","22,99 €","1,15 €/Kg"
Escova para calçado,Sonaf,1 unidade,"5,29 €","35,27 €/L"
Caracol com passas,*,90g,"0,35 €","0,35 €/Unidade"
"Sacos para sandes, 100 unidades",PorSi,1 embalagem,"1,11 €","1,11 €/Unidade"
Nestle scm regular tubo 12x pt,Nestle,Embalagem de 450g,"1,09 €","2,75 €/Kg"
Gogo SqueeZ Snack Banana,Gogo,Embalagem de 4 x 90g,"2,29 €","6,94 €/L"
Iogurte sólido sem lactose morango,Mimosa,Embalagem de 480g,"1,87 €","1,25 €/Kg"
Tomate Alongado,Programa Origens,1 un = 200 gr (aprox.),"0,34 €","1,69 €/Kg"
Chocolate negro 70% cacau bio,Cemporcent,Embalagem de 100g,"2,89 €","23,12 €/Kg"
Lamina Descartáveis Platina,Labell,Pack 10 unidades,"1,16 €","4,64 €/L"
Café moagem universal portugal,Delta,Embalagem de 250g,"9,76 €/Kg","9,76 €/Kg"
Mirtilos 100% Naturais,PorSi,Embalagem de 250 g,"3,29 €","4,39 €/Kg"
Nata uht para bater,Parmalat,Embalagem de 200 ml,"0,75 €","3,75 €/L"
Toalhão de banho,PorSi,100 x 150 cm,"13,99 €","13,99 €/Unidade"
vinho do Porto Ruby,Velhotes,"garrafa de 0,75 l","6,65 €/L","6,65 €/L"
Limpa Estofos de Pele,PorSi,Embalagem de 1 l,"5,19 €","8,65 €/L"
Balões latex vermelho,PorSi,Embalagem com 24 unidades,"1,54 €","1,54 €/Unidade"
Chocolate Extra Dark,After Eight,Embalagem de 400 g,"4,29 €","42,90 €/Kg"
Pastilhas descafeinado,Delta,Embalagem de 110g,"15,99 €","47,03 €/Kg"
Queijo flamengo barra,PorSi,"Vendido ao peso, fatiado a partir de 100 gr","1,96 €","9,80 €/Kg"
Rebuçado recheio morango,PorSi,Embalagem de 250g,"1,08 €","5,40 €/Kg"
Lixívia Denso-Activa Harmonias Florais p/ Casa e Rou...,Neoblanc,Embalagem de 2 l,"1,74 €","0,35 €/L"
Queijo de cabra curado,PorSi,Embalagem de 2x100 g,"1,89 €","10,50 €/Kg"
Bastão de Cola,Domédia,10 g,"1,29 €","1,29 €/Unidade"
Chá nº. 11 infusão regulamais,Cemporcent,Embalagem de 13g,"1,25 €","1,25 €/Unidade"
40 filtros café número 4,Planteur,Embalagem com 40 filtros,"0,80 €","0,80 €/Unidade"
Flocos de aveia finos integrais,Cemporcent,Embalagem de 400g,"0,69 €","1,73 €/Kg"
Néctar clássico tutti-frutti,Compal,330 ml,"0,99 €","0,99 €/L"
Discos de algodão para bebé,PorSi,60 unidades,"5,99 €","5,99 €/Unidade"
Gin dry bombay(40º) 0.70l,Bombay,Garrafa de 700 ml,"14,99 €","21,41 €/L"
"Escova dentes, proteção global suave, 2 unidades",Labell,1 embalagem,"3,49 €","3,49 €/Unidade"
Salmão Fumado da Escócia,PorSi Select,Embalagem de 200 g,"7,99 €","39,95 €/Kg"
Manteiga c/ sal gourmet,Novacores,Embalagem de 250g,"1,89 €","7,56 €/Kg"
Bolachas shortcake cacau,PorSi,Embalagem de 185 g,"1,69 €","6,76 €/Kg"
Água s/ gás,S.estrela,"Pack 6 x 0,50 l","1,04 €","0,17 €/L"
Reparador de móveis normal,PorSi,Embalagem de 200 ml,"4,39 €","14,63 €/L"
Tomate triturado,Compal,Embalagem de 500g,"3,84 €","24,00 €/Kg"
Iogurte líquido laranja,Danone,Embalagem de 6 x 100 g,"4,15 €/Kg","4,15 €/Kg"
Resguardo para bebé,PorSi,Dim.: 60 x 60 cm,"4,99 €","4,99 €/Unidade"
Pectina,Condi,Embalagem de 25g,"2,04 €","81,60 €/Kg"
Multi vitaminas 50+,PLANTANATU,Embalagem de 1 unidades,"7,59 €","126,50 €/Kg"
Limpa fornos,PorSi,500 ml,"1,79 €","2,39 €/L"
Rolo de cozinha mega,PorSi,1 rolo,"4,99 €","4,99 €/Unidade"
Entremeada salgada,Prisca,Embalagem de 150g,"2,19 €","10,95 €/Kg"
Cevada torrada moída,PorSi,Embalagem de 250 g,"0,79 €","3,16 €/Kg"
Preparado de bolo de iogurte,PorSi,500 g,"1,69 €","8,45 €/L"
"Cobertura tipo chantilly, 2x38g",PorSi,Embalagem de 80g,"1,29 €","3,23 €/Kg"
Toalhita Azul,Dodot,Embalagem c/ Tampa | 64 un.,"1,09 €/Unidade","1,09 €/Unidade"
Vinho de mesa tinto bag in box,Adega grande,Garrafa de 5 l,"5,19 €","1,04 €/L"
Flakes,Cuetara,Embalagem de 500g,"5,07 €/Kg","5,07 €/Kg"
Caramelo líquido,PorSi,Embalagem de 400g,"1,29 €","3,23 €/Kg"
Orégãos em folha,PorSi,Embalagem de 10g,"0,25 €","0,25 €/Kg"
"Infusãoo mirtilo/acai, 20 saquetas",Tetley,Embalagem de 40g,"0,99 €","76,15 €/Kg"
Chouriço corrente,PorSi,Embalagem de 200 g,"1,22 €","6,78 €/Kg"
Porto 10 anos,Velhotes,Garrafa de 0.75 l,"10,99 €","14,65 €/L"
"Refeição pronta, boião de legumes e vitela",Bledina,Embalagem de 200g,"2,19 €","11,53 €/Kg"
Pano multiusos felpo,PorSi,1 unidade,"1,79 €","1,79 €/Unidade"
Spray limpa inox,Cif,Garrafa de 440 ml,"1,79 €","2,39 €/L"
Ambientador Arbre Lavanda,Arbre Magique,3 unidade,"2,49 €","2,49 €/Unidade"
Molho mad chips top down,Calve,Embalagem de 260g,"0,87 €","2,90 €/Kg"
Leite pastagem uht terra nostra inteiro,Terra Nostra,Garrafa de 1 l,"1,09 €","1,09 €/L"
Azeite tradição,Oliveira da Serra,Embalagem 3L,"3,29 €","4,39 €/L"
Bebida de Soja Baunilha,PorSi Viva Bem,1 l,"2,49 €","2,49 €/L"
Linhaça castanha moída,Cemporcent,Embalagem de 200g,"2,29 €","11,45 €/Kg"
Recarga mopa Descartável,Vileda,Pack 24 + 6 Grátis,"0,89 €","0,89 €/Unidade"
Cereais golden e crispy,PorSi,Embalagem de 375 g,"5,07 €/Kg","5,07 €/Kg"
Alface Roxa,Programa Origens,1 un= 400 g ( aprox.),"1,20 €","2,99 €/Kg"
Topping morango,Branca de neve,Embalagem de 370g,"1,29 €","3,23 €/Kg"
Gogo SqueeZ Snack Maçã e Pera,Gogo,Embalagem de 4 x 90g,"2,29 €","6,94 €/L"
Vinho do porto tawny,Cruz,"Garrafa de 0,75 l","6,29 €","8,39 €/L"
Açorda de camarão,PorSi Select,380 g,"1,79 €","7,16 €/Kg"
Vinho regional península de setúbal tinto,J.m.f.,Garrafa de 750 ml,"4,99 €","6,65 €/L"
Iogurte sólido sem lactose morango,Mimosa,Embalagem de 480g,"0,99 €","1,98 €/Kg"
Queijo de cabra curado rolo,PorSi,Embalagem de 180 g,"1,89 €","10,50 €/Kg"
Desinfetante em gel p/ wc,Cif,Garrafa de 750 ml,"2,79 €","3,99 €/L"
Spray de limpeza multiusos free & clear,Seventh Generation,Embalagem de 500 ml,"3,99 €","7,98 €/L"
Iogurte líquido pinacolada,PorSi,Embalagem de 4 x 160 g,"1,31 €","2,05 €/Kg"
Milho para pipocas,Globo,Embalagem de 400g,"0,79 €","7,90 €/Kg"
Wc lixivia gel pink,Domestos,Garrafa de 750 ml,"2,59 €","1,30 €/L"
Tablete de chocolate de leite,PorSi Select,Embalagem de 200g,"0,53 €","5,30 €/Kg"
Batata frita caseira,PorSi,Embalagem de 500g,"0,87 €","5,44 €/Kg"
Absorvente de odores marine,Brise,Embalagem de 300 ml,"16,63 €/L","16,63 €/L"
Amendoas laminadas 125g,Vahine,Embalagem de 130g,"1,89 €","17,18 €/Kg"
Camisola segunda pele 30D branco t. único,PorSi,1 unidade,"4,69 €","4,69 €/Unidade"
20 saquetas chá de baunilha c/ caramelo,Lipton,Embalagem de 40g,"0,99 €","99,00 €/Kg"
Recarga Ambientador Automático Sparkling Citrus,PorSi,Embalagem de 250 ml,"5,99 €","23,96 €/L"
Ervilhas,Iglo,"Embalagem de 1,125 kg","0,74 €","1,85 €/Kg"
Abrasivo sanitário pinho e eucalipto,PorSi,embalagem de 1 litro,"0,99 €","1,32 €/L"
Slime Kit,Science4You,1 unidade,"6,99 €","6,99 €/Unidade"
Aguardente bagaceira,Dinastia,"Garrafa de 0,70 l","12,79 €","18,27 €/L"
Peito de frango,Salsicharia Limiana,"Vendido ao peso, fatiado","2,25 €","11,25 €/Kg"
Chispalhada,PorSi,Embalagem de 420 g,"2,69 €","14,01 €/Kg"
Café 5 estrelas grão,Sical,Embalagem de 1 kg,"9,16 €/Kg","9,16 €/Kg"
Chá verde,Tetley,Embalagem de 20g,"85,00 €/Kg","85,00 €/Kg"
Palitos redondos,PorSi,Embalagem de 250 unidades,"1,50 €","1,50 €/Unidade"
Limpador,Pronto,Embalagem de 750 ml,"2,59 €","2,35 €/L"
Cereais crunch 375g,Nestle,Embalagem de 380g,"5,07 €/Kg","5,07 €/Kg"
Creme vegetal para barrar de chocolate,Tulicreme,Embalagem de 200g,"4,39 €","12,91 €/Kg"
Ananás em rodelas lata,PorSi,Embalagem de 820g,"1,99 €","2,37 €/Kg"
"Hamburguers de vaca, 4x80g",PorSi,Embalagem de 320 g,"2,79 €","8,72 €/Kg"
Princesas do mar,PorSi,Embalagem de 255 g,"2,19 €","8,59 €/Kg"
Máquina Depilatória Descartável 3 Sensitive,Bic,Embalagem com 4+2 unidades,"12,99 €","12,99 €/Unidade"
Salmão Fumado da Noruega,PorSi,Embalagem de 100 g,"7,99 €","39,95 €/Kg"
Rolo de Cozinha Branco Eco Compacto,PorSi,2 = 6 Rolos,"4,99 €","4,99 €/Unidade"
Compota ananás 70% fruta,Cemporcent,Embalagem de 260g,"3,99 €","7,98 €/Kg"
Lava Tudo Brilhante Floral,Sonasol,"embalagem 1,1L","0,99 €","0,50 €/L"
Máscara tesouros de mel,Garnier,Embalagem de 300 ml,"1,00 €","5,00 €/L"
Maionese top down,Hellmman's,Embalagem de 238 g,"0,87 €","2,90 €/Kg"
Croissant simples,PorSi,Embalagem de 400g,"2,05 €","5,13 €/Kg"
"Sopa gourmet, cogumelos",Knorr,Embalagem de 60g,"0,62 €","10,00 €/Kg"
Croissant recheado de cacau/avelã,PorSi,Embalagem de 315g,"2,05 €","5,13 €/Kg"
"Escova dentífrica infantil, minions, + 6 anos",Colgate,1 + 1 unidade grátis,"0,99 €","0,99 €/Unidade"
5 manhãzitos choco chips,Manhazitos,Embalagem de 175 g,"2,59 €","7,40 €/Kg"
"Pensos diários maxiplus, 30 unidades",Evax,Uma embalagem,"1,79 €/Unidade","1,79 €/Unidade"
Tira nódoas em spray cores,Neoblanc,Embalagem de 700 ml,"10,99 €","52,33 €/Kg"
Vinho Tinto Regional Península de Setúbal,Selecção de Enófilos,750 ml,"4,99 €","6,65 €/L"
Infusão cavalinha,Cemporcent,Embalagem de 10 unidades,"0,99 €","76,15 €/Kg"
Cogumelo portobello pequeno,Legumes do Dia,vendido ao peso,"0,88 €","4,39 €/Kg"
Carvão,Carbrica,17 dm3,"0,75 €","0,75 €/Unidade"
Lasanha à bolonhesa,PorSi,Embalagem de 1 kg,"3,99 €","3,99 €/Kg"
Gelatina de laranja,PorSi,Embalagem de 170g,"0,55 €","61,11 €/Kg"
"Frigideira anti-aderente, 20cm",PorSi,1 unidade,"11,99 €","11,99 €/Unidade"
"Ambientador spray, aerosol, relax zen",Glade,Embalagem de 300 ml,"0,99 €","3,30 €/L"
Queijo ilha ralado,PorSi,Embalagem de 200g,"1,49 €","7,45 €/Kg"
Queijo amanteigado fatias,Paiva,Embalagem de 180 g,"1,96 €","9,80 €/Kg"
Ovos de galinha ao ar livre | Classe: M/L,Matinados,6 unidades,"2,55 €","2,55 €/Unidade"
Salsicha p/Churrasco Picante,Carne Sorraia,1 Embalagem 360G,"1,56 €","7,43 €/Kg"
Alimento lácteo alperce +6 meses,Yogolino,Embalagem de 4 x 100 g,"2,89 €","7,23 €/Kg"
Bolacha digestiva de aveia/chocolate,Gullon,Embalagem de 430g,"0,84 €","2,80 €/Kg"
Farinha láctea 5 frutos,PorSi,Embalagem de 500g,"1,99 €","7,96 €/Kg"
Copos para pic nic 145 ml rosa,PorSi,Embalagem com 4 unidades,"1,99 €","1,99 €/Unidade"
Queijo flamengo fatiado,PorSi,Embalagem de 200G,"1,96 €","9,80 €/Kg"
Coco ralado bio,PorSi Bio,Embalagem de 200 g,"1,39 €","9,27 €/Kg"
Mortadela de peru com azeitonas,PorSi,1 un = 150 gr (aprox.),"0,96 €","6,39 €/Kg"
Iogurte tipo grego natural açucarado,PorSi,1 kg,"2,49 €","5,19 €/Kg"
Pensos Incontinência Mulher Lady Super,Tena,30 unidades,"1,99 €","1,99 €/Unidade"
Ambientador vela gota frutos vermelhos,Air Wick,Embalagem de 1 unidades,"4,99 €","4,99 €/Unidade"
Batata pré-frita palito,PorSi,"Embalagem de 2,5 kg","1,39 €","1,39 €/Kg"
Groselha,ALBERGARIA,Garrafa de 1 l,"3,54 €","3,54 €/L"
Pérolas de perfume unstoppables fresh,Lenor,Embalagem de 210g,"10,99 €","52,33 €/Kg"
Ice tea de limão,PorSi,Embalagem de 2 l,"1,14 €","0,76 €/L"
Balões latex rosa,PorSi,Embalagem com 24 unidades,"1,54 €","1,54 €/Unidade"
Infusão de camomila,Tetley,Embalagem de 10g,"0,99 €","76,15 €/Kg"
Vinagre de vinho branco envelhecido,PorSi,Garrafa 250ML,"0,35 €","0,70 €/L"
Preparado de marisco,*,Embalagem de 1 Kg (aprox.),"2,00 €","7,99 €/Kg"
Sumo 100% ananás e uva,PorSi,1.5 l,"1,09 €","0,73 €/L"
Batata doce para fritar,PorSi,Embalagem de 600g,"1,39 €","1,39 €/Kg"
Galão enriquecido com cálcio,Ucal,Embalagem de 600 ml,"1,99 €","2,49 €/L"
Leite e cereais 8 cereais e mel +6 meses,Cerelac,Garrafa de 400 ml,"1,99 €","7,96 €/Kg"
Tablete de chocolate de preto,Nestle,Embalagem de 90g,"0,99 €","4,95 €/Kg"
Papel higiénico 2 folhas,PorSi,32 rolos,"1,99 €","1,99 €/Unidade"
Comida húmida para gato indoor em molho com atum,Purina One,Embalagem de 340g,"3,49 €","10,26 €/Kg"
Água mineral sem gás,Fastio,"Garrafa de 2,5 l","1,04 €","0,17 €/L"
Bastão de Cola,Domédia,10 g,"2,19 €","2,19 €/Unidade"
Cereais cruesli frutos secos,Quaker,Embalagem de 380g,"2,29 €","6,11 €/Kg"
Romã,Programa Origens,1 un = 250 gr  (aprox.),"0,47 €","1,89 €/Kg"
Tablete triple caramelo,Milka,Embalagem de 90g,"0,53 €","5,30 €/Kg"
Crocantes frango parmesão e ervas,Iglo,Embalagem de 180g,"9,30 €/Kg","9,30 €/Kg"
Escova de Dentes Júnior,Aquafresh,1 unidade,"0,99 €","0,99 €/Unidade"
Cerveja preta 0.0%,Sagres,Lata de 330 ml,"5,99 €","3,03 €/L"
Detergente Máquina Roupa Liquido Bebé,Skip,52 doses,"19,99 €","19,99 €/Unidade"
Alimento lácteo pera +6 meses,Yogolino,Embalagem de 4 x 100 g,"2,89 €","7,23 €/Kg"
Azeite virgem extra seleção,PorSi,Garrafa de 750 ml,"3,29 €","4,39 €/L"
Iogurte proteína stracciatella,Lindahls,Embalagem de 150 g,"5,97 €/Kg","5,97 €/Kg"
Spray desinfetante multiusos,Lysol,Embalagem de 500 ml,"3,99 €","7,98 €/L"
Papa infantil para preparar com leite +6 meses,Cerelac,Embalagem de 250g,"1,99 €","7,96 €/Kg"
Bebida arroz bio,PorSi Bio,Embalagem de 1 litro,"1,59 €","1,59 €/L"
Inseticida elétrico,Raid,2 Aparelhos + 2 Recargas de 27 ml | 45 Noites + 45 Noites,"17,59 €","325,74 €/L"
Assento Auto,Bebéconfort,unidade,"12,69 €","12,69 €/Unidade"
Sabonete líquido para as mãos de coco,Dove,embalagem de 250 ml,"1,09 €","2,18 €/L"
Máquina de barbear descartável,Gillette,Embalagem com 4+1 unidades,"1,16 €","4,64 €/L"
Taolhão de banho,PorSi,100 x 150 cm,"13,99 €","13,99 €/Unidade"
Anti-traça Maçã Verde,Dum Dum,2 unidades,"4,69 €","4,69 €/Unidade"
Bolachas água e sal doces,Vieira,Embalagem de 170g,"0,84 €","2,80 €/Kg"
Bolachas de água e sal,PorSi,Embalagem de 125g,"0,39 €","3,12 €/Kg"
Néctar bio multifrutos,Paquito,"Embalagem 1,5 l","1,59 €","1,59 €/L"
Pensos Higiénicos Cottonlike Super Com Abas,Evax,12 unidades,"4,99 €","4,99 €/Unidade"
Dentifríco splash morango,Aquafresh,Embalagem de 75 ml,"0,99 €","0,99 €/Unidade"
Fatia de salame de chocolate,PorSi,Embalagem 60G,"2,05 €","5,13 €/Kg"
Gressinos com azeitonas pretas,PorSi,Embalagem de 250g,"2,39 €","6,83 €/Kg"
Bloco sanitário blue activ higiene,Sonasol,Embalagem de 50 g,"2,99 €","74,75 €/Kg"
Tremoços extra,PorSi,Vendido ao peso a partir de 500 g,"1,49 €","7,10 €/Kg"
Queijinho dadoninho petitdino de morango,Danone,Embalagem de 6 x 50 g,"4,23 €/Kg","4,23 €/Kg"
Gel de Banho Coconut Milk,Dove,Embalagem de 750 ml,"6,49 €","8,65 €/L"
Bebida Energética Red Grape,Hell,250 ml,"1,60 €","3,20 €/L"
Maionese,PorSi,Embalagem de 414 g,"0,87 €","2,90 €/Kg"
Maruca,Peixe Congelado,de 600g a 1kg,"1,20 €","3,99 €/Kg"
Guardanapos brancos folha tripla 33x33 cm,PorSi,70 unidades,"1,29 €","1,29 €/Unidade"
Queijo manchego D.O.P,PorSi Select,Embalagem de 250g,"4,25 €","16,99 €/Kg"
Mel em frasco com doseador,PorSi,Embalagem de 500g,"4,89 €","9,78 €/Kg"
Maçã Fuji 70/75,Programa Origens,1 un = 150 gr (aprox.),"0,22 €","1,69 €/Kg"
Champô 3 em 1 karpex,Vanish,950 ml,"1,79 €","2,39 €/L"
Carcaça Forno de Pedra,Pão do Dia,1 un = 60 gr (aprox.),"0,19 €","2,38 €/Kg"
Nata uht com 3 pimentas,Parmalat,Embalagem de 200 ml,"0,75 €","3,75 €/L"
Vinho do porto lbv 2004,Cruz,Garrafa de 0.75 l,"10,99 €","14,65 €/L"
Água s/ Gás,Serra de Fafe,Garrafa 6L,"1,04 €","0,17 €/L"
Pudim morango,Boca Doce,Embalagem de 20g,"0,59 €","29,50 €/Kg"
Leite 0% lactose magro,Mimosa,Garrafa de 1 l,"1,29 €","1,29 €/L"
Infusão melhores digestões,Cemporcent,Embalagem de 10 unidades,"0,99 €","76,15 €/Kg"
Queijo flamengo fatias light,PorSi,Embalagem de 200g,"1,96 €","9,80 €/Kg"
Refresco em pó de morango,Tang,Embalagem de 30g,"0,75 €","18,75 €/Kg"
Limpa móveis multissuperfícies,PorSi,Frasco de 300ml,"4,39 €","14,63 €/L"
Batata frita lisas originais,Lay's,Embalagem de 160g,"1,01 €","5,46 €/Kg"
Feijão catarino,PorSi,Embalagem 500G,"0,95 €","1,90 €/Kg"
Veggie bowls quinoa & abóbora 350g,Iglo green,Embalagem de 350g,"3,99 €","19,95 €/Kg"
Folhado Misto 90 g,Pastelaria do Dia,,"0,65 €","0,65 €/Unidade"
Queijo emmental ralado,PorSi Select,Embalagem de 200g,"1,49 €","7,45 €/Kg"
Farinha de trigo sem fermento t55,PorSi,Embalagem de 1 kg,"1,99 €","1,99 €/Kg"
Chá infusão mirtilo,Cemporcent,Embalagem de 13g,"1,25 €","1,25 €/Unidade"
Pá do Lixo C/ Cabo,PorSi,1 un.,"2,99 €","2,99 €/Unidade"
Caldo de galinha,PorSi,24 cubos,"3,84 €","24,00 €/Kg"
Ketchup top down,Calve,Embalagem de 550g,"0,87 €","2,90 €/Kg"
Comida húmida para cão em saquetas de frango/borrego,Purina One,Embalagem de 400g,"0,75 €","2,50 €/Kg"
Assador Castanhas em Barro,Produto selecionado,Diam.: 17 cm,"4,99 €","4,99 €/Unidade"
Saqueta puré de fruta e aveia,PorSi,Embalagem de 90g,"0,74 €","8,22 €/Kg"
Palitos super finos,PorSi,Embalagem de 85 unidades,"1,50 €","1,50 €/Unidade"
Chá verde menta,PorSi,Embalagem de 43.7 g,"85,00 €/Kg","85,00 €/Kg"
Bolachas digestive muesli,Gullon,Embalagem de 370g,"4,48 €/Kg","4,48 €/Kg"
"Linguíca, 4 unidades",PorSi,Embalagem de 180 g,"1,22 €","6,78 €/Kg"
"Mistura de couve flor, brócolos e cenoura",PorSi,Embalagem de 1 kg,"0,74 €","1,85 €/Kg"
5 rissóis de leitão,PorSi,Embalagem de 400g,"1,79 €","7,16 €/Kg"
"As minhas primeiras receitas - refeição batata, abób...",Nestle,Embalagem de 190g,"2,19 €","11,53 €/Kg"
Cueca Incontinência Boutique Plus M,Ausonia Discreet,Embalagem de 9 Un.,"9,99 €","9,99 €/Unidade"
Bebida aveia-amêndoa,Alpro,Embalagem de 1 litro,"1,32 €","2,06 €/L"
Cereais chocapic,Nestle,Embalagem de 375 g,"5,07 €/Kg","5,07 €/Kg"
Bolachas marítimas clássicas,PorSi Viva Bem,Embalagem de 200g,"2,82 €","9,40 €/Kg"
Champô cacau&côco,Ultra Suave,Embalagem de 400 ml,"5,59 €","13,98 €/L"
Infusão nº 10 colestrol,Cemporcent,Embalagem de 10 unidades,"0,99 €","76,15 €/Kg"
Crepe de ovo,PorSi,Embalagem de 540 g,"3,99 €","7,39 €/Kg"
Queijo flamengo fatias light,PorSi,Embalagem de 200g,"2,39 €","19,92 €/Kg"
Batata pré-frita palitos finos,PorSi,Embalagem de 2.5 kg,"1,39 €","1,39 €/Kg"
Comida Húmida para Gatinhos Mousse com Vitela,Gourmet Diamant,Embalagem de 85 g,"3,49 €","10,26 €/Kg"
Sangria pet,Don Simon,"Garrafa de 1,5 l","2,39 €","1,59 €/L"
Tostas de trigo,PorSi,Embalagem 225G,"2,39 €","6,83 €/Kg"
Lixívia para roupa delicada,Neoblanc,Embalagem de 1 l,"2,19 €","1,10 €/L"
Creme p/ Calçado Azul,Búfalo,Embalagem de 40 ml,"2,49 €","31,13 €/L"
Tomate pelado,Guloso,Embalagem de 800g,"3,84 €","24,00 €/Kg"
Leite de coco bio,PorSi Bio,400 ml,"3,65 €","7,30 €/Kg"
Ervilhas,PorSi,Embalagem de 400 g,"0,74 €","1,85 €/Kg"
Licor de anis,On Off,"Garrafa de 0,70 l","16,99 €","24,27 €/L"
Cápsulas de café com leite cappuccino,Nescafe,Embalagem com 16 cápsulas,"3,19 €","25,52 €/Kg"
Toranja,Fruta do Dia,1 un = 300 gr  (aprox.),"0,69 €","2,29 €/Kg"
Atum em azeite,Ramirez,Embalagem de 120g,"0,89 €","7,42 €/Kg"
Hambúrguer de caril 2x80g,Veg In,Embalagem de 160g,"2,09 €","8,36 €/Kg"
Chá preguiça intestinal,PLANTANATU,Embalagem de 10 unidades,"1,25 €","1,25 €/Unidade"
Gel pure 3 em 1,Garnier,Embalagem de 150 ml,"2,99 €","59,80 €/L"
Bandas de cera fria peles normais,Veet,Embalagem de 20 unidades,"3,11 €","3,11 €/Unidade"
Batata frita forno originais,Lay's,Embalagem de 150g,"0,87 €","5,44 €/Kg"
"Salsichas hot dog, frasco",Izidoro,Embalagem de 240g,"0,75 €","3,75 €/Kg"
Refrigerante  c/ gás regular,Coca-Cola,pack 4 x 1 l,"0,79 €","0,40 €/L"
Areia para gatos mineral perfumada,PorSi,Embalagem de 5 kg,"1,19 €","0,24 €/Kg"
Chá infusão nº9 circul activ,Cemporcent,Embalagem de 13g,"1,25 €","1,25 €/Unidade"
Tablete chocolate branco,PorSi,Embalagem de 100g,"0,99 €","9,90 €/Kg"
Massa de pontinha grossa,Nacional,Embalagem de 250g,"0,99 €","1,98 €/Kg"
Bebida láctea crescimento 3 anos+,Nestle,Embalagem de 1 litro,"0,26 €","1,30 €/L"
Bebida láctea crescimento 1 a 3 anos,Nestle,Embalagem de 1 litro,"0,26 €","1,30 €/L"
"Cotonetes, 100 unidades",Johnson's Baby,1 embalagem,"1,99 €","1,99 €/Unidade"
Açúcar fino,Rar,Embalagem de 1000 g,"1,49 €","1,49 €/Kg"
Chocolate culinário 70% cacau,Nestle,Embalagem de 170 g,"1,04 €","8,32 €/Kg"
"Ambientador automático, fresh matic, oasis turquesa",Air Wick,Embalagem de 1 unidades,"3,74 €","3,74 €/Unidade"
Leite especial crescimento +3 anos,Mimosa,Garrafa de 1 l,"0,26 €","1,30 €/L"
Toalhitas Refrescantes Rosto e Mãos,PorSi,Embalagem 3 x 10 un.,"1,10 €","1,10 €/Unidade"
Desentupidor em gel canos com soda,PorSi,Embalagem de 1 litro,"1,79 €","2,39 €/L"
Luvas Colors,Vileda,Tamanho: M/G,"1,79 €","1,79 €/Unidade"
Puré de batata,Saint Eloi,Embalagem de 500 g,"1,99 €","1,99 €/Kg"
Cocktail pessego,Bar Royal,Garrafa de 750 ml,"11,99 €","11,99 €/L"
"Vela em número, nº 3",PorSi,1 unidade,"0,60 €","0,60 €/Unidade"
Chili com carne,Itinéraire des Saveurs,Embalagem 300G,"2,69 €","14,01 €/Kg"
Spray silicone,Arbo,Embalagem de 600 ml,"5,19 €","8,65 €/L"
Milho tenro e doce,Bonduelle,Embalagem de 300 g,"2,19 €","2,81 €/Kg"
Esparregado de espinafres sem lactose,PorSi Viva Bem,Embalagem de 360 g,"3,99 €","19,95 €/Kg"
Moinho 5 pimentas em grão,PorSi,Frasco com 40 g,"0,25 €","0,25 €/Kg"
Palmiers,PorSi,Embalagem de 300 g,"1,69 €","6,76 €/Kg"
Snack para cão adulto com frango,Friskies,Embalagem de 200g,"5,58 €/Kg","5,58 €/Kg"
"Postas pescada nº3, para fritar",PorSi,Embalagem de 600 g,"3,99 €","9,98 €/Kg"
Molho de soja com dispenser,KIKKOMAN,Garrafa de 150 ml,"3,99 €","26,60 €/L"
Ambientador automático lavanda,PorSi,250 ml,"0,99 €","3,30 €/L"
Chá infusão folha de oliveira,Cemporcent,Embalagem de 13g,"1,25 €","1,25 €/Unidade"
Rolo de Cozinha Multi,Renova,4 Rolos,"4,99 €","4,99 €/Unidade"
Broa de milho doce,Pão do Dia,450 g,"0,19 €","2,38 €/Kg"
Bacalhau desfiado,PorSi,Embalagem de 500g,"6,39 €","7,99 €/Kg"
Mistura vegetais para wok,PorSi,Embalagem de 750g,"0,74 €","1,85 €/Kg"
Red Fish,Peixe Congelado,300 a 500 g,"1,20 €","3,99 €/Kg"
Creme marisco,Knorr,Embalagem de 70g,"0,62 €","10,00 €/Kg"
Aguardente bagaceira,S.domingos,Garrafa de 1 l,"12,79 €","18,27 €/L"
Recargas ambientador elétrico sensual sandalwood & j...,Glade,Embalagem de 2 x 20 ml,"5,99 €","23,96 €/L"
Óleo extra virgem de coco,Origensbio,Garrafa de 200 ml,"3,39 €","3,39 €/L"
Lambrusco tinto,*,Garrafa de 750 ml,"6,89 €","9,19 €/L"
Pictionary Portugal,Mattel,1 un.,"23,99 €","23,99 €/Unidade"
Queijo Raclette 48% MG,Terrier,Vendido ao peso a partir de 250 gr,"2,60 €","13,00 €/Kg"
Gel wc anti-calcário,Harpic,Garrafa de 750 ml,"1,79 €","2,39 €/L"
Pilha alcalina classic lr6x4,Domédia,1 unidade,"1,49 €","1,49 €/Unidade"
Lixivia perfume fresco,Neoblanc,Embalagem de 2 l,"1,74 €","0,35 €/L"
Perna com Costa,Frango,1 un. = 300 g (aprox.),"1,03 €","2,95 €/Kg"
Café lote normal moagem grossa,PorSi,Embalagem de 250 g,"9,76 €/Kg","9,76 €/Kg"
Açucar granulado,PorSi,Embalagem de 1 kg,"1,49 €","1,49 €/Kg"
Óleo Performa 15W40,Galp,Embalagem de 1 l,"14,99 €","14,99 €/L"
Empadão de carne,PorSi,Embalagem de 1 kg,"3,99 €","9,98 €/Kg"
Camarão 20/30 Madagascar,Congelado Selvagem,1 un = 250 gr  (aprox.),"2,00 €","7,99 €/Kg"
Recarga difusor elétrico recarga citronela,Dum Dum,1 unidade,"17,59 €","325,74 €/L"
Cacetinho de Trigo,Pão do Dia,80 g,"0,19 €","2,38 €/Kg"
Biscoitos choco trio,Milka,Embalagem de 150g,"0,69 €","4,60 €/Kg"
8 nuggets ervilha - green cuisine,Iglo green,Embalagem de 250g,"3,99 €","19,95 €/Kg"
Pensos Incontinência Mulher Discreet Normal,Tena,Embalagem com 24 unidades,"1,99 €","1,99 €/Unidade"
Cereais fitness e fruits,Nestle,Embalagem de 380g,"5,59 €","8,87 €/Kg"
Salsichas de porco em lata,PorSi,Embalagem de 200g,"0,75 €","3,75 €/Kg"
Manteiga amendoim cremosa,Calve,Embalagem de 350g,"4,39 €","12,91 €/Kg"
Queijo curado -30% gordura,Casteloes,500 g,"6,49 €","25,45 €/Kg"
Cubos de tamboril,Mar Ibérica,Embalagem de 250 g,"3,99 €","9,98 €/Kg"
Chá infusão cabelo pele e unhas,Cemporcent,Embalagem de 13g,"1,25 €","1,25 €/Unidade"
Mistura com 20% café torrada moída,PorSi,Embalagem de 250g,"0,79 €","3,16 €/Kg"
Bebida solúvel cereais+fibra frasco 200g,Delta,Embalagem de 200g,"1,45 €","14,50 €/Kg"
Rum 3 anos havan club (40º),Havana,Garrafa de 700 ml,"17,49 €","24,99 €/L"
Açúcar branco em saquetas,Rar,Embalagem com 170 saquetas,"1,49 €","1,49 €/Kg"
Luvas Multi Latex M/L,Vileda,10 unidade,"4,29 €","4,29 €/Unidade"
Ovos Galinha Solo XL Categoria A,PorSi,6 unidades,"1,59 €","1,59 €/Unidade"
Sangria branca,Don Simon,"Garrafa de 1,5 l","2,39 €","1,59 €/L"
Sopa de cebola,Knorr,Embalagem de 50g,"0,62 €","10,00 €/Kg"
Bebida de Arroz,PorSi Viva Bem,1 l,"1,59 €","1,59 €/L"
Chourição,PorSi,"Vendido ao peso, fatiado a partir de 100 gr","0,89 €","8,89 €/Kg"
Limpa madeiras ecológico,PorSi,1.5 litros,"4,39 €","14,63 €/L"
Leite condensado magro cozido,Nestle,Embalagem de 390g,"1,09 €","2,75 €/Kg"
Nata uht 0% lactose,Parmalat,Embalagem de 200 ml,"0,75 €","3,75 €/L"
Truta de Viveiro,Programa Origens,"Fresca, vendida ao peso | 1 un.=300 g (aprox.)","4,52 €","11,29 €/Kg"
"Maionese, frasco",Hellmman's,Embalagem de 210g,"0,87 €","2,90 €/Kg"
Mousse chocolate,PorSi,Embalagem de 150g,"0,79 €","5,27 €/Kg"
"Salsichas wiennerwurt em frasco, 6 un",Nobre,Embalagem de 250g,"0,75 €","3,75 €/Kg"
Snack para gato mixed grill,Felix,Embalagem de 60 g,"0,95 €","15,83 €/Kg"
Balde de Limpeza com Espremedor,PorSi,unidade,"17,00 €","17,00 €/Unidade"
"Escova de dentes macia, 7-13 anos",Labell,1 unidade,"0,99 €","0,99 €/Unidade"
Spray desinfetante cozinha,Lysol,Embalagem de 500 ml,"0,79 €","0,79 €/L"
Óleo de girassol,PorSi,garrafa de 1 litro,"3,39 €","3,39 €/L"
Manteiga c/sal,Terra Nostra,Embalagem de 250g,"1,89 €","7,56 €/Kg"
Espremedor,PorSi,1 unidade,"0,89 €","0,89 €/Unidade"
Iogurte natural sem lactose,PorSi Viva Bem,4 x 125 g,"0,99 €","1,98 €/Kg"
Whisky,F.grouse,Garrafa de 1 litro,"23,49 €","23,49 €/L"
Feijão manteiga,PorSi,Frasco com 540 g,"2,19 €","2,81 €/Kg"
"Coloração permanente, preto natural, nº3",Excellence,1 unidade,"11,99 €","11,99 €/Unidade"
Líquido Sanitário Ação Total Marine,WC Pato,Embalagem de 750 ml,"2,79 €","3,99 €/L"
Ambientador aerossol 5 em 1 jasmim,PorSi,300 ml,"0,99 €","3,30 €/L"
Kit de viagem,Colgate,pasta dentífrica + escova,"2,39 €","31,87 €/L"
Iogurte grego oikos stracciatella,Danone,Embalagem de 4 x 110 g,"2,49 €","5,19 €/Kg"
Café torrado intensa,Nicola,Embalagem de 250 g,"9,16 €/Kg","9,16 €/Kg"
Tarteletes com recheio avelã,PorSi,Embalagem de 91g,"1,39 €","2,78 €/Kg"
Queijo creme de camembert,Président,embalagem de 125 g,"2,60 €","13,00 €/Kg"
Esfregona super completa,Vileda,1 unidade,"0,89 €","0,89 €/Unidade"
Tablete de chocolate negro,PorSi,Embalagem de 100 g,"0,99 €","4,95 €/Kg"
"Lava tudo antibacteriano lavanda 1,5l",PorSi,Garrafa de 1.5 l,"0,99 €","0,50 €/L"
Aroma de café,Rayners,Garrafa de 28 ml,"1,89 €","17,18 €/Kg"
Farinheira das beiras,PorSi,1 unidade = 730 g (aprox.),"1,49 €","7,45 €/Kg"
Estendal de roupa com abas alumínio,PorSi,20 metros,"0,89 €","0,89 €/Unidade"
Chá de infusão salutem nº 06 - prodigest 10 saquetas,Salutem,Embalagem de 15g,"1,25 €","1,25 €/Unidade"
Mel multifloral doseador,PorSi,Embalagem de 250g,"4,89 €","9,78 €/Kg"
Loção hidratante,Baby Dove,Embalagem de 200 ml,"0,55 €","5,50 €/L"
"Esquadro, 21 cm 60.",Domédia,1 unidade,"1,69 €","1,69 €/Unidade"
Azeite virgem extra seleção,PorSi,Garrafa de 2 l,"3,29 €","4,39 €/L"
"Café em grão, lote superior",Delta,Embalagem de 1 kg,"9,16 €/Kg","9,16 €/Kg"
"Engoma fácil, pistola",PorSi,Embalagem de 750 ml,"10,99 €","52,33 €/Kg"
Pensos diários maxi,Carefree,Embalagem com 64 unidades,"1,79 €/Unidade","1,79 €/Unidade"
Adoçante em pó,Canderel,Embalagem de 90g,"5,99 €","23,96 €/Kg"
Cubos gengibre (para mastigar),Cemporcent,Embalagem de 100g,"1,94 €","3,88 €/Kg"
Água mineral sem gás,S.estrela,pack 4 x 1.5 l,"1,04 €","0,17 €/L"
"Forma papel para bolos, 8. 4cm",PorSi,Embalagem com 60 unidades,"0,54 €","0,54 €/Unidade"
Polpa de tomate,PorSi,Embalagem de 500 g,"3,84 €","24,00 €/Kg"
Acetona,PorSi,Embalagem de 60 ml,"1,89 €","9,45 €/L"
Pensos higiénicos liberty noite abas,Evax,Embalagem com 9 un.,"4,99 €","4,99 €/Unidade"
Iogurte oikos natural açucarado,Danone,Embalagem de 4 x 110g,"2,49 €","5,19 €/Kg"
Molho de whisky cocktail,Calve,Garrafa de 250 ml,"0,87 €","2,90 €/Kg"
Barrita controlo de peso iogurte,Ignoramu,Embalagem de 44g,"1,99 €","45,23 €/Kg"
Café torrado lote chávena máquina,Delta,Embalagem de 250g,"9,16 €/Kg","9,16 €/Kg"
Iogurte fruta batida banana/laranja/bolacha,Mimosa,Embalagem de 480g,"1,49 €","2,98 €/Kg"
Bacalhau Posta Higienizada,PorSi,Vendido ao peso a partir de 350 g,"4,50 €","14,99 €/Kg"
Leite com sabor a chocolate proteína,Yopro,Garrafa de 330 ml,"1,99 €","2,49 €/L"
Bolos cake e chococolate,Milka,Embalagem de 180g,"1,39 €","2,78 €/Kg"
Iogurtes magros aroma morango,PorSi Viva Bem,Embalagem de 6 x 125 g,"1,44 €","2,88 €/Kg"
Queijo Curado Amanteigado Médio,Serrinha,Vendido ao peso a partir de 250 gr,"2,00 €","7,99 €/Kg"
Chá infusão funcho bio,Cemporcent,Embalagem de 13g,"1,25 €","1,25 €/Unidade"
Iogurte liquido proteína yopro morango/framboesa,Yopro,300 g,"5,97 €/Kg","5,97 €/Kg"
Cápsulas de café com leite cappuccino,Nescafe,Embalagem com 16 cápsulas,"15,99 €","47,03 €/Kg"
Recargas ambientador elétrico pure clean linen,Glade,Embalagem de 2 x 20 ml,"5,99 €","23,96 €/L"
Leite especial cálcio + vitamina d magro,Mimosa,Garrafa de 1 l,"1,29 €","1,29 €/L"
Fermento em pó,PorSi,Embalagem de 150 g,"1,89 €","17,18 €/Kg"
Doce de morango,Casa de Mateus,Embalagem de 345g,"2,19 €","9,95 €/Kg"
Abobora cubos,PorSi,Embalagem de 500g,"0,74 €","1,85 €/Kg"
Buondi extreme cafe moido 12x200g,Buondi,Embalagem de 200g,"9,76 €/Kg","9,76 €/Kg"
"Maionese, frasco",Hellmman's,Embalagem de 420g,"0,87 €","2,90 €/Kg"
Pastilhas ice spearmint,CHICLETS,Embalagem de 17 g,"0,89 €","59,33 €/Kg"
Creme de Limpeza Facial com Chá Kombucha,Diadermine,40 g,"0,76 €","0,76 €/Unidade"
Yoggi liquido morango,Nestle,Embalagem de 8x160g,"1,31 €","2,05 €/Kg"
Iogurte Líquido Frutos Tropicais,PorSi,1 Embalagem 4X160G,"1,31 €","2,05 €/Kg"
Água com gás natural,Perrier,Embalagem de 750ml,"2,85 €","2,85 €/L"
12 vitaminas e 12 minerais - frasco comprimido,Forma+,Embalagem de 60g,"7,59 €","126,50 €/Kg"
Bola insuflável patrulha pata 50 cm,Mondo,1 un.,"3,99 €","3,99 €/Unidade"
Chá de infusão salutem natursacia 10 saquetas,Salutem,Embalagem de 15g,"1,25 €","1,25 €/Unidade"
Queijo Brie 60%,Produto selecionado,Vendido ao peso a partir de 250 gr,"2,60 €","13,00 €/Kg"
Caramelos de fruta,Penha,Embalagem de 250 g,"1,19 €","4,76 €/Kg"
Polpa de tomate em garrafa,Compal,Embalagem de 500g,"3,84 €","24,00 €/Kg"
Esparguete Clássica,Nacional,Embalagem de 500 g,"0,99 €","1,98 €/Kg"
Infusão nº 13 diabet control,Cemporcent,Embalagem de 10 unidades,"0,99 €","76,15 €/Kg"
Choco limpo 20/40,PorSi,Embalagem de 800 g,"9,59 €","11,99 €/Kg"
Queijo flamengo em Barra,Ilha Azul,"Vendido ao peso, fatiado a partir de 100 gr","1,96 €","9,80 €/Kg"
Bolachas infantil dinossauros,Artiach,Embalagem de 190g,"1,89 €","15,75 €/Kg"
Mousse de chocolate leite,Páturages,Embalagem de 4x60 g,"1,19 €","2,59 €/Kg"
Queijo Rolo de Cabra,Soignon,embalagem de 180 g,"2,60 €","13,00 €/Kg"
Spray fornos e grelhadores,Cif,435 ml,"1,79 €","2,39 €/L"
Ambientador eléctrico Relaxing Zen + recarga,Glade,1 unidade,"3,74 €","3,74 €/Unidade"
Nata uht para culinária,Parmalat,Embalagem de 200 ml,"0,75 €","3,75 €/L"
"Refrigerante com gás, laranja, lata",Fanta,pack 6 x 0.33 l,"0,79 €","0,40 €/L"
Abóbora Butternut,Programa Origens,1 un = 1 kg (aprox.),"0,79 €/Kg","0,79 €/Kg"
Vinho doc douro reserva tinto,Romanisco,Garrafa de 0.75 l,"7,49 €","9,99 €/L"
"Cerveja com álcool, lata",Super Bock,Garrafa de 330 ml,"16,49 €","2,08 €/L"
Creme culinário soja light,Shoyce,Garrafa de 200 ml,"0,75 €","3,75 €/L"
Rolos de papel multiusos 2 folhas,PorSi,1 unidade,"4,99 €","4,99 €/Unidade"
Spray optimal 7 com lixivia,Ajax,Embalagem de 500 ml,"1,79 €","2,39 €/L"
Espumante para crianças,Kidibul,750 ml,"19,99 €","26,65 €/L"
Hambúrgueres de peru,PorSi,Embalagem de 4x80g,"2,79 €","8,72 €/Kg"
Aroma de morango,Rayners,Garrafa de 28 ml,"1,89 €","17,18 €/Kg"
Polpa de tomate com cebola e alho,Compal,Embalagem de 500g,"3,84 €","24,00 €/Kg"
Cueca Incontinência Boutique Plus G,Ausonia Discreet,Embalagem de 8 Un.,"9,99 €","9,99 €/Unidade"
Queijo brie 60% mg,Páturages,Embalagem de 200 g,"2,60 €","13,00 €/Kg"
Champô cabelos pintados,Labell,Embalagem de 250 ml,"5,59 €","13,98 €/L"
Barra s.k frutos vermelhos,Kellogg's,Embalagem de 130g,"1,29 €","10,24 €/Kg"
Salsa,PorSi,Embalagem de 50g,"0,99 €","19,80 €/Kg"
Tarteletes com recheio morango,PorSi,Embalagem de 96g,"0,79 €","4,49 €/Kg"
"Limpa vidros pistola, cristal",Ajax,Embalagem de 500 ml,"3,19 €","6,38 €/L"
Iogurte líquido magro frutos vermelhos,PorSi Viva Bem,Embalagem de 4x160 ml,"1,32 €","2,06 €/L"
Massa esparguete,Milaneza,Embalagem de 500g,"0,99 €","1,98 €/Kg"
12 nuggets frango polme americano,Capitão Iglo,Embalagem de 220g,"3,99 €","9,98 €/Kg"
Desodorizante spray energy,Labell Men,Embalagem de 200 ml,"1,39 €","6,95 €/L"
2 crocantes frango recheio queijo&fiambre 204g,Iglo,Embalagem de 200g,"4,99 €","24,46 €/Kg"
Redfish,Peixe Congelado,1 un=700 gr (aprox.),"1,20 €","3,99 €/Kg"
Sacos de congelação pequenos,PorSi,"50 unidades, 1 embalagem","1,11 €","1,11 €/Unidade"
Iogurte aroma 0% tutti fruti/coco,Longa vida,Embalagem de 6 x 120 g,"1,44 €","2,88 €/Kg"
Frutapura Pouch Frutos Variados,Bledina,Embalagem de 85g,"2,29 €","6,94 €/L"
Tablete de chocolate culinário negro,PorSi,Embalagem de 200 g,"0,99 €","4,95 €/Kg"
Vinho rosé mateus emotion,Mateus,Garrafa de 750 ml,"4,29 €","5,72 €/L"
Sabonete líquido mel,Feno,Embalagem de 300 ml,"1,09 €","2,18 €/L"
Iogurte líquido morango/cereais,PorSi,Embalagem de 4 x 160 g,"1,31 €","2,05 €/Kg"
"Lenços de bolso sensitive, brancos, 10 unidades",Renova,1 embalagem de 18x10,"0,89 €","0,89 €/Unidade"
Chá cherry love,Lipton,20 saquetas,"44,50 €/Kg","44,50 €/Kg"
Sumo 100% Fruta Laranja Espremida,Compal,1 litro,"1,09 €","0,73 €/L"
Chá de infusão salutem nº 23 - ginkgo biloba 10 saqu...,Salutem,Embalagem de 15g,"1,25 €","1,25 €/Unidade"
20 saquetas infusão de cidreira,Lipton,Embalagem de 20g,"0,99 €","76,15 €/Kg"
Lixivia perfumada,PorSi,Garrafa de 2 l,"2,59 €","1,30 €/L"
Polpa tomate biológico,Guloso,Embalagem de 500g,"3,84 €","24,00 €/Kg"
Caldo de galinha 24 cubos,Knorr,Embalagem de 240g,"3,84 €","24,00 €/Kg"
"Iogurte actimel, morango",Danone,Embalagem de 12 x 100 g,"2,49 €","5,19 €/Kg"
Bife do Acém Redondo,Novilho,1 un = 250 gr  (aprox.),"6,39 €","7,99 €/Kg"
Cereais lion chocolate/caramelo,Nestle,Embalagem de 400g,"1,29 €","10,24 €/Kg"
Cerveja 0.0%,Heineken,Pack 6 x 0.25 l,"5,99 €","3,03 €/L"
Orégãos em folhas,PorSi,Saqueta com 10 g,"0,25 €","0,25 €/Kg"
Paté de atum,PorSi,Embalagem de 65 g,"1,19 €","13,52 €/Kg"
Atum ao natural,Ramirez,Embalagem de 120g,"0,89 €","7,42 €/Kg"
Adoçante com doseador,PorSi,Embalagem 300 comprimidos,"5,99 €","23,96 €/Kg"
Lixívia tradicional,PorSi,Embalagem de 2 l,"1,74 €","0,35 €/L"
Detergentes máquina lavar loiça next generation,PorSi,30 pastilhas,"2,99 €","2,99 €/Unidade"
"Pensos diários, maxi, 40 unidades",Evax,Uma embalagem,"1,79 €/Unidade","1,79 €/Unidade"
Néctar 8 frutos,Bongo,Pack 3 x 200 ml,"0,99 €","0,99 €/L"
"Pasta dentífrica, dentes/gensivas sensitive",Labell,Embalagem de 75 ml,"2,39 €","31,87 €/L"
Anticongelante vermelho -11,Arbo,Embalagem de 5 l,"5,19 €","8,65 €/L"
Legumes para sopa,PorSi,Embalagem de 1 kg,"0,74 €","1,85 €/Kg"
Queijo de azeitão dop,PorSi Select,Embalagem de 255 g,"6,49 €","25,45 €/Kg"
Leite C/ Chocolate,Mimosa,Embalagem de 4 x 200 ml,"0,26 €","1,30 €/L"
"Shampoo, laranja",PorSi,Embalagem de 1 l,"5,19 €","8,65 €/L"
Lula recheada com carne,PorSi,Embalagem de 500 g,"3,99 €","19,95 €/Kg"
"Discos desmaquilhantes, 120 unidades",PorSi,Embalagem de 120 unidades,"0,76 €","0,76 €/Unidade"
Pratos para pic nic 23 cm azuis,PorSi,Embalagem com 4 unidades,"1,99 €","1,99 €/Unidade"
Detergente liquido loiça limão,PorSi,Garrafa de 1 litro,"1,05 €","2,10 €/L"
Lambrusco branco,Sorbello,Garrafa de 0.75 l,"6,89 €","9,19 €/L"
Acetona,PorSi,Embalagem de 250 ml,"1,89 €","9,45 €/L"
Vinho maduro branco meio seco,Adega grande,Garrafa de 750 ml,"1,59 €","2,12 €/L"
Molho iogurte,PorSi,Garrafa de 285 ml,"0,87 €","2,90 €/Kg"
Xarope grenadine,Paquito,Garrafa de 750 ml,"3,54 €","3,54 €/L"
Bolacha arroz iogurte e laranja,Cemporcent,Embalagem de 100g,"4,48 €/Kg","4,48 €/Kg"
Tira gorduras recarga,Mistolin,Garrafa de 550 ml,"4,89 €","6,52 €/L"
Vinho tinto península de setúbal,Pioneiro,Garrafa de 0.75 l,"4,99 €","6,65 €/L"
Cotonetes para bebé,PorSi,Embalagem com 60 unidades,"0,58 €","0,58 €/Unidade"
Chá de alcachofra e dente-de-leão,PLANTANATU,Embalagem de 20g,"1,25 €","1,25 €/Unidade"
Trufas Caffe Latte,Jacquot,Embalagem de 200g,"4,29 €","42,90 €/Kg"
Vinho branco,PorSi,embalagem de 1 litro,"0,85 €","0,85 €/L"
Salsichas Frankfurt em lata,Izidoro,Embalagem de 120g,"0,75 €","3,75 €/Kg"
Semente girassol,Salutem,Embalagem de 200g,"2,29 €","11,45 €/Kg"
Ervilhas bio,PorSi Bio,Frasco com 290 g,"2,19 €","2,81 €/Kg"
Bolacha de manteiga belga c/ chocolate,Saborosa,Embalagem de 200g,"1,69 €","6,76 €/Kg"
Batata frita palha,PorSi,Embalagem de 160g,"0,87 €","5,44 €/Kg"
Barras de cereais nesquik,Nestle,Embalagem de 150g,"1,29 €","10,24 €/Kg"
Alimento seco gato salmao 1.5k,Purina One,"Embalagem de 1,5 kg","12,99 €","4,33 €/Kg"
Água sem gás,Penacova,Garrafão de 5 litros,"1,04 €","0,17 €/L"
Pomada para calçado preto,Splendor,lata com 50 ml,"2,49 €","31,13 €/L"
Rojões,Porco,1 un = 250 gr  (aprox.),"4,89 €","4,89 €/Kg"
Tira Nódoas em Gel Cores,Skip,1.6 l,"10,99 €","52,33 €/Kg"
Lixívia Spray Mousse Flor,Neoblanc,Embalagem de 700ml,"2,59 €","1,30 €/L"
Bolacha craker queijo,Tuc,Embalagem de 100g,"0,84 €","2,80 €/Kg"
Vinho tinto regional península de setúbal,Dom Campos,Garrafa de 10 l,"5,19 €","1,04 €/L"
"Bolachas aperitivas, simples",Tuc,Embalagem de 100g,"2,82 €","9,40 €/Kg"
Gelatina pronta a comer morango,Royal,Embalagem de 4 x 100 g,"0,85 €","2,13 €/Kg"
Bolacha shortcake,Nacional,Embalagem de 180g,"1,69 €","6,76 €/Kg"
Queijo em fatias original,Casteloes,Embalagem de 200g,"1,96 €","9,80 €/Kg"
Queijo fresco magro,Matinal,Embalagem de 216 g,"2,44 €","11,30 €/Kg"
Espinafres em folhas,PorSi,Embalagem de 750 g,"0,74 €","1,85 €/Kg"
Queijo de cabra curado,Seia,Embalagem de 430g,"1,89 €","10,50 €/Kg"
Bolacha digestive chocolate negro,MCVITIES,Embalagem de 300g,"0,84 €","2,80 €/Kg"
Vinho branco frisante,Cacho Fresco,Garrafa de 0.75 l,"1,99 €","2,65 €/L"
Sobremesa Paturette Caramelo,Páturages,Embalagem de 4x115g,"1,19 €","2,59 €/Kg"
Activia 0% cocktail de fruta cremoso,Danone,Embalagem de 4 x 120 g,"2,49 €","5,19 €/Kg"
Óleo p/ Moto Performa M2T,Galp,Embalagem de 1 l,"14,99 €","14,99 €/L"
Caramelos de leite,Penha,Embalagem de 100g,"2,75 €","11,00 €/Kg"
Manteiga magra,Mimosa,Embalagem de 250g,"1,89 €","7,56 €/Kg"
Tostas dietéticas,Diatosta,Embalagem de 225 g,"1,34 €","5,96 €/Kg"
Amaciador  p/ roupa concentrado Aromaterapia,PorSi,Embalagem com 60 doses,"1,99 €","1,00 €/L"
Tamaras,PorSi,Embalagem de 200g,"0,79 €","3,95 €/Kg"
Feijão encarnado em frasco,PorSi,frasco de 540 g,"2,19 €","2,81 €/Kg"
Spray optimal 7 cozinha,Ajax,500 ml,"1,79 €","2,39 €/L"
Leite condensado,PorSi,Lata de 1 kg,"1,09 €","2,75 €/Kg"
Massa de cotovelinhos,Nacional,Embalagem de 500g,"0,99 €","1,98 €/Kg"
Bolacha torrada integral,Cemporcent,Embalagem de 220g,"4,48 €/Kg","4,48 €/Kg"
Porto ruby,Ferreira,Garrafa de 750 ml,"6,65 €/L","6,65 €/L"
Sabonete original,Palmolive,Embalagem de 4x90 g,"4,49 €","12,47 €/Kg"
Laca fixação forte,Elnett,Embalagem de 75 ml,"3,99 €","53,20 €/L"
Spray tira gorduras,Cillitbang,Garrafa de 500 ml,"3,99 €","7,98 €/L"
Batata frita gourmet,PorSi,Embalagem de 150g,"1,01 €","5,46 €/Kg"
Achocolatado intenso 40% cacau,Nestle,Embalagem de 330g,"8,59 €/Kg","8,59 €/Kg"
Néctar vital equilibrio laranja/cenoura/manga,Compal,Embalagem de 1 l,"0,99 €","0,99 €/L"
Ambientador spray pure colónia de bebé,PorSi,250 ml,"0,99 €","3,30 €/L"
Dawnut Glacé,Pastelaria do Dia,50g,"0,35 €","0,35 €/Unidade"
Cartucho com gás CP-206,Campingaz,1 unidade,"1,99 €","1,99 €/Unidade"
Doce de amora com frutose,Salutem,Embalagem de 330g,"3,99 €","7,98 €/Kg"
Vinagre balsâmico modena,Gallo,Garrafa de 500 ml,"0,35 €","0,70 €/L"
Toucinho Fumado,PorSi,fatiado a partir de 100 gr,"2,19 €","10,95 €/Kg"
"Luvas multiusos relevo antiderrapante, tamanho médio",PorSi,Embalagem de 1 unidades,"4,29 €","4,29 €/Unidade"
Pão de forma especial torradas,Panrico,Embalagem de 750g,"2,63 €/Kg","2,63 €/Kg"
Tablete de chocolate de culinária - sem açúcar,PorSi Viva Bem,Embalagem de 100 g,"1,04 €","8,32 €/Kg"
Chá infusão regulax bio,Cemporcent,Embalagem de 13g,"1,25 €","1,25 €/Unidade"
Napolitanas creme cacau,PorSi,Embalagem de 320g,"1,77 €","5,53 €/Kg"
Mini tostas de trigo,Diatosta,Embalagem de 350 g,"2,39 €","6,83 €/Kg"
Chá de infusão nº 16 - mirtilo 10 saquetas,Salutem,Embalagem de 15g,"1,25 €","1,25 €/Unidade"
Grão de bico,PorSi,embalagem de 500 g,"0,99 €","1,98 €/Kg"
Leite Meio Gordo sem Lactose,Mimosa,Pack 4 x 200 ml,"0,83 €","0,83 €/L"
Carne p/ Assar,Novilho,Vendido ao peso a partir de 800 g,"6,39 €","7,99 €/Kg"
Mini tostas trigo super finas,PorSi,Embalagem de 100 g,"2,39 €","6,83 €/Kg"
Lixívia densa verde,Neoblanc,Embalagem de 1 l,"1,74 €","0,35 €/L"
Bolachas marinheiras chia,Cemporcent,Embalagem de 200g,"4,48 €/Kg","4,48 €/Kg"
Fralda cueca T5 - 12 a 18 kg,PorSi,20 unidades,"4,49 €","4,49 €/Unidade"
Conjunto de 3 pinceis nº 4/8/12,Domédia,Uma embalagem,"1,69 €","1,69 €/Unidade"
Batata frita palha,PorSi,Embalagem de 500g,"0,87 €","5,44 €/Kg"
Azeitona mista,PorSi,Embalagem de 210g,"1,49 €","7,10 €/Kg"
Tostas integrais,Diatosta,Embalagem de 225 g,"2,39 €","6,83 €/Kg"
Gelatina pronta a comer light 10 kcal melancia,Royal,Embalagem de 4 x 100 g,"0,85 €","2,13 €/Kg"
Rebuçados de mentol,PorSi,Embalagem de 250g,"1,69 €","16,90 €/Kg"
Salsichas em lata,PorSi,Embalagem  de 120 g,"0,75 €","3,75 €/Kg"
Sangria frutos vermelhos,Casal Garcia,Garrafa de 0.75 l,"2,39 €","1,59 €/L"
Oikos morango 110g x4,Danone,Embalagem de 440g,"2,49 €","5,19 €/Kg"
Barras de cereais frosties,Kellogg's,Embalagem de 150g,"1,29 €","10,24 €/Kg"
Farinha soja,Salutem,Embalagem de 400g,"2,09 €","8,36 €/Kg"
Bolachas maria,Triunfo,Embalagem de 200g,"1,69 €","2,11 €/Kg"
Bandida do pomar maçã 4x25cl,Bandida,Garrafa de 1 l,"5,99 €","3,03 €/L"
Sombrinhas decorativas,PorSi,Embalagem com 25 unidades,"1,54 €","1,54 €/Unidade"
Porto 10 anos,Valadao,Garrafa de 750 ml,"10,99 €","14,65 €/L"
Bife do Lombo,Novilho,1 un= 150 gr (aprox.),"6,39 €","7,99 €/Kg"
Bolachas chiquilin,Artiach,Embalagem de 180g,"1,69 €","6,76 €/Kg"
Panos Esponja,Fino,3 unidades,"1,79 €","1,79 €/Unidade"
Bacalhau com natas,PorSi,Embalagem de 800 g,"3,99 €","3,99 €/Kg"
Café espresso descafeinado intensidade 6,PorSi,16 cápsulas,"1,59 €","6,36 €/Kg"
Compal da horta concentrado tomate,Compal,Embalagem de 140g,"3,84 €","24,00 €/Kg"
Gel de Banho Shea Butter & Vanilla,Dove,Embalagem de 750 ml,"6,49 €","8,65 €/L"
Fruta para bebé maçã banana morango +8 meses,Nestle,Embalagem de 90g,"0,74 €","8,22 €/Kg"
Almofada antialérgica,PorSi,45 x 60 cm,"13,99 €","13,99 €/Unidade"
Pescada da Africa do Sul,Peixe Congelado,Pescado no mar,"1,20 €","3,99 €/Kg"
Desinfetante Multiusos,Sanytol,Embalagem de 750 ml,"4,89 €","6,52 €/L"
Vinho verde branco,Presidente,Garrafa de 0.75 l,"3,09 €","3,09 €/L"
Rolo tira pelos 12 folhas,PorSi,1 unidade,"1,09 €","1,09 €/Unidade"
"Chá de mel, limão e ginseng",Tetley,Embalagem de 20g,"44,50 €/Kg","44,50 €/Kg"
Batata frita churrasco,PorSi,Embalagem de 185 g,"1,18 €","6,38 €/Kg"
Pasta de amêndoa tricolor,Vahine,Embalagem de 150g,"1,29 €","3,23 €/Kg"
Leite com chocolate original,Ucal,Embalagem de 6 x 250 ml,"0,26 €","1,30 €/L"
Chá cavalinha,PLANTANATU,Embalagem de 10g,"1,25 €","1,25 €/Unidade"
Sidra mini pera 0.0%,Somersby,pack 6 x 20 cl,"5,99 €","3,03 €/L"
Livro Pop-Ups - Animais,Europrice,1 unidade,"4,99 €","4,99 €/Unidade"
Senses Tropical,Trident,1 un.,"0,89 €","59,33 €/Kg"
Rum limon,Bacardi,Garrafa de 700 ml,"17,49 €","24,99 €/L"
Bolachas de chocolate leite,Milka,Embalagem de 150g,"0,69 €","4,60 €/Kg"
Preparo para bolo de chocolate,Branca de Neve,Embalagem de 450g,"0,79 €","5,27 €/Kg"
Salsichas Frankfurt em lata,Izidoro,Embalagem de 250g,"0,75 €","3,75 €/Kg"
Flan sabor a baunilha com caramelo,PorSi,Embalagem de 6 x 100 g,"1,19 €","2,59 €/Kg"
Vinho branco península de setúbal,Pioneiro,Garrafa de 0.75 l,"4,99 €","6,65 €/L"
Sumo essencial kids,Compal,pack 3 x 0.11 l,"2,09 €","6,33 €/L"
Lenços Bolso Colletion,Kleenex,Pack 15 unidades,"0,89 €","0,89 €/Unidade"
Pao brioche fatiado,PorSi,Embalagem 500G,"2,63 €/Kg","2,63 €/Kg"
Doce de tomate com frutose,Salutem,Embalagem de 340g,"3,99 €","7,98 €/Kg"
Ricore,Nestle,Embalagem de 260g,"0,79 €","3,16 €/Kg"
Salsichas extra suculentas de peru,Nobre,Frasco de 210g,"0,75 €","3,75 €/Kg"
Lima-limao zero,PorSi,Garrafa de 1.5 l,"0,79 €","0,40 €/L"
"Alimento seco para gato junior, galinha",Whiskas,Embalagem de 350g,"12,99 €","4,33 €/Kg"
Chouriço com feijão,Nobre,Embalagem de 420g,"2,69 €","14,01 €/Kg"
Mão de vaca com grão,Nobre,Embalagem de 420 g,"2,69 €","14,01 €/Kg"
Mini tosta trigo,Diatosta,Embalagem de 90 g,"2,39 €","6,83 €/Kg"
"Bebida açucarada  tinto de verão, clássico",Sandevid,"Garrafa de 1,5 l","2,39 €","1,59 €/L"
Pão da Avó 90 g,Pão do Dia,,"0,19 €","2,38 €/Kg"
"Livro de Receitas ""Mais Leve""",PorSi,1 unidade,"4,99 €","4,99 €/Unidade"
Entremeada Salgada,Prisca,Embalagem de 150 g,"2,19 €","10,95 €/Kg"
Sopa de agriao,PorSi,Embalagem de 400g,"1,25 €","3,13 €/Kg"
Bolachas digestivas go maçã,Triunfo,Embalagem de 170g,"0,84 €","2,80 €/Kg"
"Refresco em pó, tropical",Tang,Embalagem de 30g,"0,75 €","18,75 €/Kg"
Vinho do porto white,Cruz,Garrafa de 750 ml,"11,99 €","15,99 €/L"
Creme de Barrar com Sabor a Manteiga,Becel,Embalagem de 400g,"1,39 €","6,95 €/L"
Néctar tutti-fruti,Compal,Pack 3 x 200 ml,"0,99 €","0,99 €/L"
Bolachas maria,PorSi,Embalagem de 800g,"1,69 €","2,11 €/Kg"
Gelatina pronta a comer light 10 kcal ananás,Royal,Embalagem de 4 x 100 g,"0,85 €","2,13 €/Kg"
5 gouaches de cores primárias,Domédia,Uma embalagem,"1,69 €","1,69 €/Unidade"
Peito de frango,PorSi,Embalagem de 400 g,"1,03 €","2,95 €/Kg"
Alimento lácteo sem açucar com sabor a pêssego/banan...,Yogolino,Embalagem de 4 x 100 gr,"2,89 €","7,23 €/Kg"
Mousse chocolate leite,Alsa,Embalagem de 150g,"0,79 €","5,27 €/Kg"
Vinho maduro tinto,C.da eira,Garrafa de 250 ml,"0,85 €","0,85 €/L"
Caderno Agrafado Capa Preta |A5 Quadriculado,Domédia,1 unidade,"3,69 €","3,69 €/Unidade"
Chá verde,Cemporcent,Embalagem de 50g,"1,25 €","1,25 €/Unidade"
Leite uht magro,Mimosa,Embalagem de 1 litro,"1,09 €","1,09 €/L"
Pré-lavagem power gel,Vanish,Garrafa de 200 ml,"8,69 €","1,84 €/Kg"
Iogurte líquido morango/banana,PorSi,Embalagem de 4 x 160 g,"1,31 €","2,05 €/Kg"
Super tea detox com selénio,Tetley,Embalagem de 40g,"44,50 €/Kg","44,50 €/Kg"
Napolitas creme baunilha,PorSi,Embalagem de 320g,"2,05 €","5,13 €/Kg"
Caldo de galinha 16 cubos,Knorr,Embalagem de 160g,"3,84 €","24,00 €/Kg"
Tablete de chocolate oreo,Milka,Embalagem de 300g,"0,53 €","5,30 €/Kg"
Canelones à bolonhesa,PorSi,Embalagem de 1 kg,"3,99 €","3,99 €/Kg"
Recarga difusor elétrico melgas e mosquitos,Dum Dum,18 ml,"17,59 €","325,74 €/L"
Chá funcional regula,F+nutrir,Embalagem de 45g,"1,25 €","1,25 €/Unidade"
"Aperitivos, amendoins no forno",Matutano,Embalagem de 200g,"0,79 €","7,90 €/Kg"
Spray desinfetante cozinha,Lysol,Embalagem de 500 ml,"1,79 €","2,39 €/L"
Gel Banho Apollo,Axe,Embalagem de 400 ml,"5,99 €","14,98 €/L"
Pensos Higiênicos com Abas Super,Ausonia,embalagem com 12 un.,"4,99 €","4,99 €/Unidade"
Chá de infusão salutem nº 22 - sene folhas 10 saquet...,Salutem,Embalagem de 15g,"1,25 €","1,25 €/Unidade"
Cerveja sem álcool,Super Bock,Pack 6 x 20 cl,"5,99 €","3,03 €/L"
Inseticida vaporizador,Biokill,Embalagem de 375 ml,"4,79 €","11,98 €/L"
Coissant Folhado,*,50g,"0,35 €","0,35 €/Unidade"
Refrigerante sem gás de manga/laran,Joi,"Garrafa de 1,5 l","1,14 €","0,76 €/L"
Nectar vital equilibrio ananás/coco,Compal,Embalagem de 1 l,"0,99 €","0,99 €/L"
Gelatina frutos tropicais  10kcal,Royal,Embalagem de 30g,"0,55 €","61,11 €/Kg"
Carne p/ Estufar,Novilho,Vendido ao peso a partir de 800 g,"6,39 €","7,99 €/Kg"
Clara de ovo liquida pasteurizada,Dovo,1 kg,"2,55 €","2,55 €/Unidade"
Nestum aveia e maçã,Nestum,Embalagem de 250g,"2,49 €","9,96 €/Kg"
Bacalhau com broa,PorSi Select,350 g,"1,79 €","7,16 €/Kg"
Bagas de goji,Salutem,Embalagem de 100g,"2,29 €","11,45 €/Kg"
Azeite Virgem,Oliveira da Serra,Embalagem de 750 ml,"3,29 €","4,39 €/L"
"Creme de dia, age perfect",L'oreal,Embalagem de 50 ml,"2,99 €","59,80 €/L"
Gelatina de coco origem vegetal,Koala,Embalagem de 130g,"0,85 €","2,13 €/Kg"
Batido de morango,Forma+,Embalagem de 700g,"1,99 €","45,23 €/Kg"
Queijo de ovelha curado amanteigado,Seia,Embalagem de 500g,"4,37 €","17,49 €/Kg"
"Limpa móveis pistola, aloé vera",Pronto,Embalagem de 500 ml,"3,99 €","7,98 €/L"
Fraldas de Incontinência Elásticos Grandes,Lindor,20 Unidades,"9,99 €","9,99 €/Unidade"
Snack dentastix grande,Pedigree,Embalagem de 270 g,"5,58 €/Kg","5,58 €/Kg"
Cerveja com álcool,Sagres,"Embalagem de 0,33 l","16,49 €","2,08 €/L"
Paprika,PorSi,Saqueta com 50 g,"0,25 €","0,25 €/Kg"
Chá de infusão salutem naturventre 10 saquetas,Salutem,Embalagem de 15g,"1,25 €","1,25 €/Unidade"
Spray Limpeza para aço inoxidável,Induclean,450 ml,"1,79 €","2,39 €/L"
Nestum flocos de cereais integrais,Nestum,Embalagem de 250g,"2,49 €","9,96 €/Kg"
Vassoura pequena,PorSi,unidade,"2,99 €","2,99 €/Unidade"
Pilha alcalina classic lr03x4,Domédia,1 unidade,"1,49 €","1,49 €/Unidade"
Nata uht,Mimosa,embalagem de 200 ml,"0,75 €","3,75 €/L"
Café em cápsulas deqafeitatus,Delta Q,Embalagem de 55 g,"15,99 €","47,03 €/Kg"
Chá verde e hibisco infusão,Cemporcent,Embalagem de 13g,"1,25 €","1,25 €/Unidade"
Bolachas de aveia e trigo integral,PorSi Viva Bem,Embalagem de 240g,"2,82 €","9,40 €/Kg"
Espuma Irresistível Volume,Tresemmé,Embalagem de 200 ml,"3,99 €","53,20 €/L"
Amaciador concentrado para roupa floral,PorSi,80 doses,"1,99 €","1,00 €/L"
Lambrusco tinto,*,Garrafa de 750 ml,"1,99 €","2,65 €/L"
Escova de Dentes Flex Interdental,Aquafresh,2 + 1 unidades,"3,49 €","3,49 €/Unidade"
Chá boldo,Cemporcent,Embalagem de 40g,"1,25 €","1,25 €/Unidade"
10 nuggets peito de frango e queijo,Capitão Iglo,Embalagem de 210g,"2,79 €","8,72 €/Kg"
Piscina infantil,Bestway,Dim.: 152 x 38 cm,"2,99 €","2,99 €/Unidade"
Milho para pipocas,Legumes secos,1 un = 100 gr. (aprox.),"0,25 €","2,49 €/Kg"
Fermento de padeiro em pó,Fermipan,Embalagem de 4x11 g,"1,89 €","17,18 €/Kg"
Livro da Selva,Europrice,1 unidade,"4,99 €","4,99 €/Unidade"
Sabao azul e branco,PorSi,Embalagem de 400g,"1,19 €","2,98 €/Kg"
Bolacha maria de chocolate,Cuetara,Embalagem de 265g,"1,69 €","2,11 €/Kg"
Pastilhas café platium,Delta,Embalagem de 110g,"15,99 €","47,03 €/Kg"
Bacalhau em lombos,PorSi,Embalagem de 800g,"6,39 €","7,99 €/Kg"
Ambientador elétrico + recarga alfazema,PorSi,1 unidade,"3,74 €","3,74 €/Unidade"
Vinho branco região do Dão,Dharma,Garrafa de 0.75 l,"7,49 €","9,99 €/L"
Aperfeiçoador BB Cream Oil Free Médio,Garnier,Embalagem de 40 ml,"2,99 €","59,80 €/L"
"Absorvedores de odores, relax zen",Brise,Embalagem de 2x150g,"16,63 €/L","16,63 €/L"
Chá funcho,Cemporcent,Embalagem de 60g,"1,25 €","1,25 €/Unidade"
Chá infusão nº2 noites tranquilas,Cemporcent,Embalagem de 13g,"1,25 €","1,25 €/Unidade"
Super Cola 3 Mini Trio Power Flex,Loctite,Embalagem de 3x1 g,"2,99 €","99,67 €/Kg"
Leite s/ lactose meio gordo,Mimosa,Garrafa de 1 l,"1,29 €","1,29 €/L"
Caderno Agrafado Capa Preta |A4 Pautado,Domédia,1 unidade,"3,69 €","3,69 €/Unidade"
Salsa folhas,PorSi,Saqueta de 12 g,"0,25 €","0,25 €/Kg"
Cappuccino intenso,Nescafe,Embalagem de 130g,"3,19 €","25,52 €/Kg"
"Gel para o cabelo, wet shine",Fru style,Embalagem de 200 ml,"3,99 €","53,20 €/L"
Whisky,J&B,Garrafa de 700 ml,"23,49 €","23,49 €/L"
Preparado de bolo de mármore,PorSi,528 g,"1,69 €","8,45 €/L"
Refrigerante com gás free,Seven-up,"Garrafa de 1,25 l","0,79 €","0,40 €/L"
Perolas perfumadas floral,PorSi,Embalagem de 275 g,"8,69 €","1,84 €/Kg"
Pasta de atum,Fides,Embalagem de 90g,"1,19 €","13,52 €/Kg"
Gelatina morango 10kcal,Royal,Embalagem de 30g,"0,55 €","61,11 €/Kg"
"Amaciador de roupa, pure",Comfort,Garrafa de 4 l,"8,99 €","2,25 €/L"
Café moagem universal timor,Delta,Embalagem de 220g,"9,76 €/Kg","9,76 €/Kg"
Queijo flamengo em fatias,Terra Nostra,Embalagem de 200g,"1,96 €","9,80 €/Kg"
Penso Higiénico Ultrafinos Normal Abas,PorSi,16 unidades,"4,99 €","4,99 €/Unidade"
Sal de mesa,PorSi,Embalagem de 250 g,"0,25 €","0,25 €/Kg"
Filete de anchovas estendidas,General,Embalagem de 40g,"0,89 €","7,42 €/Kg"
Mini tostas integrais,PorSi,Embalagem de 180g,"2,39 €","6,83 €/Kg"
Pão gémeos,*,250 g,"0,19 €","2,38 €/Kg"
16 mini croquetes de carne,PorSi,Embalagem de 290 g,"1,79 €","7,16 €/Kg"
Arroz brajma,Cigala,Embalagem de 1 kg,"1,26 €","1,26 €/Kg"
Manteiga amendoim com pedaços,Calve,Embalagem de 350g,"4,39 €","12,91 €/Kg"
Cd aroma moran/coco/f.silv 120gx8,Danone,Embalagem de 960g,"1,87 €","1,25 €/Kg"
Napolitanas creme cacau,PorSi,Embalagem de 320g,"2,05 €","5,13 €/Kg"
Cereais argolas de mel,PorSi,Embalagem de 375 g,"5,07 €/Kg","5,07 €/Kg"
Iogurte tipo grego stracciatella,PorSi,Embalagem de 500g,"1,49 €","2,98 €/Kg"
Creme depilatório para peles normais,Labell,Embalagem de 200 ml,"10,99 €","73,27 €/L"
Lixívia tradicional,PorSi,Embalagem de 1 l,"1,74 €","0,35 €/L"
Moscatel de setúbal,Dom Campos,Garrafa de 750 ml,"6,79 €/L","6,79 €/L"
Iogurte yoco squeezy de morango,Nestle,Embalagem de 4 x 80 g,"4,23 €/Kg","4,23 €/Kg"
Feijão branco,Compal,Lata de 410 ml,"2,19 €","2,81 €/Kg"
Fósforos longos,Quinas,Embalagem com 3 unidades,"1,50 €","1,50 €/Unidade"
Cereais chocapic,Nestle,Embalagem de 630g,"5,07 €/Kg","5,07 €/Kg"
Pão forma de Rio Maior,*,500 g,"0,19 €","2,38 €/Kg"
Escova de dentes Hello Smile suave 9+,Jordan,1 unidade,"0,99 €","0,99 €/Unidade"
20 saquetas chá digestão fácil,Lipton,Embalagem de 30g,"85,00 €/Kg","85,00 €/Kg"
Tablete de chocolate caramel peanut,Milka,Embalagem de 280g,"0,65 €","6,50 €/Kg"
Chá solúvel dormir bem,Cemporcent,Embalagem de 45g,"1,25 €","1,25 €/Unidade"
Doce de morango 60% fruta,Cemporcent,Embalagem de 280g,"3,99 €","7,98 €/Kg"
Lombos de salmao vacuo,PorSi,Embalagem de 500g,"3,99 €","9,98 €/Kg"
Carte d'or cake romantica,Olá,Embalagem de 750 ml,"3,99 €","7,39 €/Kg"
Água com gás,Vimeiro,pack 6 x 0.25 l,"2,85 €","2,85 €/L"
Refrigerante de cola zero,PorSi,Garrafa de 2 l,"0,79 €","0,40 €/L"
"Elixir bocal, cool mint",Sensodyne,Embalagem de 500 ml,"1,29 €","2,58 €/L"
Néctar de 8 frutos,Bongo,Garrafa de 1 l,"0,99 €","0,99 €/L"
Cerveja c/ álcool mini,Super Bock,Pack 15 x 0.20 L,"16,49 €","2,08 €/L"
Sombrinhas de Natal,Regina,Embalagem de 35 g,"1,35 €","38,57 €/Kg"
"Alimento húmido para gato +1 ano, sabor a aves",Whiskas,Embalagem de 400g,"3,49 €","10,26 €/Kg"
Costeleta mista,Porco,1 un = 150 gr (aprox.),"4,89 €","4,89 €/Kg"
Pizza fiambre e queijo,Campofrio,Embalagem de 360g,"0,99 €","4,30 €/Kg"
Rum carta blanca,Bacardi,Garrafa de 700 ml,"17,49 €","24,99 €/L"
Salsichão fuet nobreza,Elpozo,Embalagem de 200 g,"0,89 €","8,89 €/Kg"
Luvas Multilatex M/L,Vileda,Embalagem com 100 un.,"4,29 €","4,29 €/Unidade"
Toucinho fumado extra,PorSi,Embalagem de 200 g,"2,19 €","10,95 €/Kg"
Vinho branco regional península de setúbal,Lancers,Garrafa de 750 ml,"4,99 €","6,65 €/L"
Toalhitas limpa moveis,PorSi,Embalagem de 24 unidades,"4,39 €","14,63 €/L"
Aperitivo pappadum simples,PATAKS,Embalagem de 100g,"0,79 €","7,90 €/Kg"
Ração seca para gato adulto de peixe,PorSi,Embalagem 2 kg,"12,99 €","4,33 €/Kg"
"Fermento em pó, lata",Royal,Embalagem de 110g,"1,89 €","17,18 €/Kg"
Re-New Branca,Pattex,Embalagem de 100 ml,"2,99 €","99,67 €/Kg"
"Limpa vidros pistola, tripla acção",Ajax,Embalagem de 500 ml,"3,19 €","6,38 €/L"
Bolachas cereais e pepitas de chocolate,PorSi,Embalagem de 400 g,"0,79 €","5,27 €/Kg"
Vahine pepitas chocolate branco,Vahine,Embalagem de 100g,"1,69 €","8,45 €/L"
Açúcar amarelo,PorSi,Embalagem de 1 kg,"1,49 €","1,49 €/Kg"
"Vinho DOC Bairrada, Branco",Selecção de Enófilos,Garrafa de 0.75 l,"6,49 €","8,65 €/L"
Sopa económica de marisco,Knorr,Embalagem de 60g,"0,62 €","10,00 €/Kg"
Iogurte líquido tutti-frutti,Danone,Embalagem de 4 x 155 g,"1,31 €","2,05 €/Kg"
Vela em número nº5,PorSi,1 unidade,"0,60 €","0,60 €/Unidade"
Creme de fixação para dentaduras,Labell,Embalagem de 50 g,"7,39 €","105,57 €/Kg"
Chupa original,Chupachups,Embalagem de 120g,"3,40 €","28,33 €/Kg"
Óleo Cedro Líquido,PorSi,Embalagem de 200 ml,"4,39 €","14,63 €/L"
Néctar de pera,PorSi,Pack 3 x 200 ml,"0,99 €","0,99 €/L"
Farinha sem fermento t65,PorSi,Embalagem de 5 kg,"1,99 €","1,99 €/Kg"
São roberto planta inteira,Cemporcent,Embalagem de 40g,"1,25 €","1,25 €/Unidade"
Detergente Liquido Loiça Ultra Poder Limão,Fairy,Embalagem de 600 ml,"1,05 €","2,10 €/L"
Nestum flocos de cereais com mel,Nestum,Embalagem de 300g,"2,49 €","9,96 €/Kg"
"Alimento húmido para cão, galinha e cordeiro",Pedigree,Embalagem de 400g,"0,75 €","2,50 €/Kg"
Toalha de mãos,PorSi,50 x 100 cm,"13,99 €","13,99 €/Unidade"
Pastilhas café lote chávena,Delta,Embalagem de 110g,"15,99 €","47,03 €/Kg"
"Paté de sarinha, atum e marisco",Fides,Embalagem de 90g,"1,19 €","13,52 €/Kg"
Churritos,PorSi,Embalagem de 240g,"2,05 €","5,13 €/Kg"
Bolacha wafer baunilha,PorSi,Embalagem de 180g,"0,98 €","4,67 €/Kg"
6 empadas de galinha,PorSi,Embalagem de 330g,"1,79 €","7,16 €/Kg"
Comida húmida para gato seleção de peixes,Gourmet mp,Embalagem de 300g,"3,49 €","10,26 €/Kg"
Pizza fresca de fiambre e queijo,PorSi,400 g,"0,99 €","4,30 €/Kg"
Água mineral natural alcalina,MONCHIQUE,"6x1,5l","1,04 €","0,17 €/L"
Bochechas,Porco,1 un = 150 gr (aprox.),"4,89 €","4,89 €/Kg"
Concentrado de laranja,Sunquick,Garrafa de 700 ml,"3,54 €","3,54 €/L"
Feijão manteiga,PorSi,Embalagem de 500g,"0,95 €","1,90 €/Kg"
Tofu biológico,PorSi Bio,Embalagem de 300g,"3,65 €","7,30 €/Kg"
Mortadela mini,PorSi,Embalagem de 350g,"0,96 €","6,39 €/Kg"
"Gel para o cabelo, pasta remix",Studio Line,Embalagem de 150 ml,"3,99 €","53,20 €/L"
Bolachas mini prince recheadas com chocolate,PRINCE,Embalagem de 160 g,"0,69 €","4,60 €/Kg"
Alimento seco para cão raças pequenas,HappyOne,Embalagem de 2 kg,"22,99 €","1,15 €/Kg"
Vinho Vinha da Fonte Setúbal tinto,Casa Ermelinda Freitas,Garrafa de 0.75 l,"4,99 €","6,65 €/L"
Camarão vannamei 24/40,Pescanova,Embalagem de 800g,"9,99 €","12,49 €/Kg"
"Rolos de cozinha compactos, branco, máxima absorção,...",Renova,1 unidade,"4,99 €","4,99 €/Unidade"
Farinha rainha c/ fermento,Nacional,Embalagem de 1000 g,"1,99 €","1,99 €/Kg"
"Bolacha belvita soft brakes, cereais",Belvita,Embalagem de 250g,"0,84 €","2,80 €/Kg"
Mini Tostas de Trigo,PorSi,Embalagem de 350 g,"2,39 €","6,83 €/Kg"
Aroma de anis,Vahine,Embalagem de 20g,"1,89 €","17,18 €/Kg"
15 barrinhas pescada,Pescanova,Embalagem de 450g,"9,30 €/Kg","9,30 €/Kg"
Chá folha de oliveira,Cemporcent,Embalagem de 70g,"1,25 €","1,25 €/Unidade"
Lixivia perfumada,PorSi,Garrafa de 2 l,"1,74 €","0,35 €/L"
Coxinhas de frango,PorSi,Embalagem de 360g,"3,99 €","9,98 €/Kg"
Massa pevide,Nacional,Embalagem de 250g,"0,99 €","1,98 €/Kg"
Ração para gato indoor,Purina One,Embalagem de 800g,"12,99 €","4,33 €/Kg"
Leite de cabra uht meio gordo,President,Embalagem 1L,"0,83 €","0,83 €/L"
Copo AF. Principe 20Cl,Cristal,1 unidade,"1,49 €","1,49 €/Unidade"
Pringles flame kickin sour cream,Pringles,Embalagem de 160g,"0,79 €","7,90 €/Kg"
Inseticida aerossol moscas. melgas e mosquitos,Baygon,Embalagem de 400 ml,"4,79 €","11,98 €/L"
Néctar pêssego,Compal,Pack 3 x 200 ml,"0,99 €","0,99 €/L"
Iogurte tipo grego natural açucarado,PorSi,Embalagem de 4 x 125 g,"2,49 €","5,19 €/Kg"
Limpa máquinas de loiça limão,PorSi,Embalagem de 250 ml,"2,99 €","2,99 €/Unidade"
Jesuita,*,1 unidade = 75 g,"0,35 €","0,35 €/Unidade"
Vinho tinto regional tejo reserva,Alorna,Garrafa de 0.75 l,"4,99 €","6,65 €/L"
Fósforos compridos para lareira,Quinas,1 unidade,"1,50 €","1,50 €/Unidade"
Geleia de morango,Casa de Mateus,Embalagem de 345 g,"3,29 €","9,54 €/Kg"
Gelatina pronta a comer tutti frutti,Royal,Embalagem de 4x100 g,"0,85 €","2,13 €/Kg"
Pai Natal de Chocolate,PorSi,Embalagem de 125 g,"1,35 €","38,57 €/Kg"
Papel de alumínio,PorSi,50 metros,"1,11 €","1,11 €/Unidade"
Chá barbas de milho,PLANTANATU,Embalagem de 10g,"1,25 €","1,25 €/Unidade"
Iogurte oikos manga papaya,Danone,Embalagem de 4 x 110g,"2,49 €","5,19 €/Kg"
Leite de pastagem magro,Terra Nostra,Embalagem de 1 l,"1,09 €","1,09 €/L"
Recarga Panos p/ Madeira,Swiffer,18 un.,"1,79 €","1,79 €/Unidade"
Chá hibisco planta,Cemporcent,Embalagem de 50g,"1,25 €","1,25 €/Unidade"
Salada bacon,PorSi,Embalagem de 192 g,"2,69 €","14,01 €/Kg"
Queijo camembert 45% mg,Páturages,Embalagem de 250 g,"2,60 €","13,00 €/Kg"
Spray power&shine vidros,Cif,Garrafa de 750 ml,"0,79 €","0,79 €/L"
Leite condensado magro,PorSi,Embalagem de 390 g,"1,09 €","2,75 €/Kg"
Creme barrar nutela 350g,Nutella,Embalagem de 350G,"4,39 €","12,91 €/Kg"
Achocolatado zero% açúcares,Nesquik,Embalagem de 345g,"8,59 €/Kg","8,59 €/Kg"
Queijo Flamengo em Barra,Terra Nostra,1 un = 150 gr (aprox.),"1,96 €","9,80 €/Kg"
"Refrigerante sem gás, laranja",Joi,"Garrafa de 1,5 l","1,14 €","0,76 €/L"
Filetes de cavala em azeite,PorSi,Embalagem de 120 g,"0,89 €","7,42 €/Kg"
Bolachas bambolitos chocolate e leite,PorSi,Embalagem de 150g,"0,69 €","4,60 €/Kg"
Anti-Traça Cedro,Dum Dum,2 unidades,"4,69 €","4,69 €/Unidade"
Maionese,PorSi,Embalagem de 260 g,"0,87 €","2,90 €/Kg"
Néctar de laranja e cenoura light,PorSi,Embalagem de 1 litro,"0,84 €","2,55 €/L"
4 hamburguers vaca s/ glúten,Capitão Iglo,Embalagem de 320g,"2,79 €","8,72 €/Kg"
"Pasta dentífrica, tripla ação",Labell,Embalagem de 75 ml,"2,39 €","31,87 €/L"
Toalha em rolo papel amarelo,PorSi,1 Unidade,"3,59 €","3,59 €/Unidade"
Creme abrasivo original,Cif,Garrafa de 700 ml,"0,99 €","1,32 €/L"
Leite de pastagem meio-gordo,Terra Nostra,Embalagem de 1 litro,"0,83 €","0,83 €/L"
Puré de feijão-verde e curgete,Bonduelle,Embalagem de 420g,"3,99 €","19,95 €/Kg"
Batatas Pré-fritas Rosti com Cebola,PorSi,Embalagem com 600 g,"1,39 €","1,39 €/Kg"
Milho inteiro,Rac.zezere,Embalagem de 5 kg,"4,24 €","0,85 €/Kg"
Búzio Cozido Pescado no Mar,Marisco Fresco,1 un = 250 gr (aprox.),"2,25 €","8,99 €/Kg"
"Coloração permanente, óleo intenso, castanho praliné...",Syoss,1 unidade,"11,99 €","11,99 €/Unidade"
Achocolatado em pó,Ovomaltine,Embalagem de 400g,"8,59 €/Kg","8,59 €/Kg"
Ambientador vela frutos vermelhos,PorSi,1 unidade,"4,99 €","4,99 €/Unidade"
Chocolate branco sem açúcar,Cemporcent,Embalagem de 100g,"2,89 €","23,12 €/Kg"
20 saquetas chá yellow label,Lipton,Embalagem de 30g,"0,99 €","99,00 €/Kg"
"Polpa de maracujá, em lata",Koala,Embalagem de 570g,"4,19 €","7,35 €/Kg"
Plantanatur super cartilagem de tubarão,PLANTANATU,Embalagem de 1 unidades,"7,59 €","126,50 €/Kg"
Ambientador recarga oasis turquesa,Air Wick,Garrafa de 250 ml,"5,99 €","23,96 €/L"
Chá de infusão salutem nº 05 - prolax 10 saquetas,Salutem,Embalagem de 15g,"1,25 €","1,25 €/Unidade"
Tablete triple chocolate,Milka,Embalagem de 90g,"0,53 €","5,30 €/Kg"
Pensos com Abas de Noite,Ausonia,embalagem com 9 un.,"4,99 €","4,99 €/Unidade"
Vinho maduro branco,Casal da eira,Embalagem de 250 ml,"0,85 €","0,85 €/L"
Bebida de cereais e café mokambo intenso,Nestle,Embalagem de 180g,"0,79 €","3,16 €/Kg"
Whisky,Grants,Garrafa de 1 l,"23,49 €","23,49 €/L"
Pimento Vermelho,Legumes do Dia,1 un=250 gr (aprox.),"0,75 €","2,99 €/Kg"
"Máquina depiladora descartável, Blue II Feminina",Gillette,Embalagem de 5+1 unidades,"12,99 €","12,99 €/Unidade"
Refrigerante com gás de laranja,Sumol,"Garrafa de 1,25 l","0,79 €","0,40 €/L"
Café lote bocage moagem única,Nicola,Embalagem de 250g,"9,16 €/Kg","9,16 €/Kg"
Papel higiénico branco 2 folhas,PorSi,48 rolos,"1,99 €","1,99 €/Unidade"
Tablete de chocolate culinário 70% negro,PorSi,Embalagem de 200 g,"0,99 €","4,95 €/Kg"
Bombons Presente Frutos do Mar,Guylian,Embalagem de 125G,"4,29 €","42,90 €/Kg"
"Agrafos nº24/6, 2000 unidades",Maped,Uma embalagem,"1,29 €","1,29 €/Unidade"
Água mineral sem gás,Vitalis,Pack 6 x 1.5 l,"1,04 €","0,17 €/L"
Oreo flavors cookies birthday party rollpack 154 gr,Oreo,Embalagem de 150g,"0,79 €","4,49 €/Kg"
Escova de Dentes 1-2-3 Shiny Clean,Oral B,4 unidades,"3,49 €","3,49 €/Unidade"
Iogurte pedaços frutos vermelhos,PorSi,Embalagem de 8 x 125 g,"4,38 €","2,19 €/Kg"
Gelado cornetto mini clássico,Olá,Embalagem de 8 x 60 ml,"5,99 €","16,64 €/L"
Chá preto infusão bio,Cemporcent,Embalagem de 13g,"1,25 €","1,25 €/Unidade"
Bambolitos pretos,PorSi,Embalagem de 150g,"0,69 €","4,60 €/Kg"
Bolachas mini,Oreo,Embalagem de 160g,"0,79 €","4,49 €/Kg"
Café descafeinado,PorSi,Embalagem de 250g,"1,59 €","6,36 €/Kg"
Preparado de bolo de chocolate,PorSi,500 g,"1,69 €","8,45 €/L"
Ice tea de manga,PorSi,"Embalagem de 6x0,20 l","1,14 €","0,76 €/L"
Chá infusão ginkgo biloba,Cemporcent,Embalagem de 13g,"1,25 €","1,25 €/Unidade"
"Gelatina pronto a comer, 10kcal limão",Royal,Embalagem de 4 x 100 g,"0,85 €","2,13 €/Kg"
Lava tudo antibacteriano floral,PorSi,"Garrafa de 1,5 l","0,99 €","0,50 €/L"
Presunto S/Osso,Pata branca,"Vendido ao peso, fatiado a partir de 200 g","2,59 €","12,95 €/Kg"
Café solúvel + cereais,Delta,Embalagem de 200 g,"1,45 €","14,50 €/Kg"
Sumo essencial pera,Compal,pack 3 x 0.11 l,"0,99 €","0,99 €/L"
Bolachas marítimas clássicas,PorSi Viva Bem,Embalagem de 200g,"4,48 €/Kg","4,48 €/Kg"
Cillit bang limpa vidros,Cillitbang,Garrafa de 500 ml,"3,19 €","6,38 €/L"
Snack gato sticks carne 6x5g porsi,PorSi,Embalagem de 30g,"0,95 €","15,83 €/Kg"
Queijo Curado kg,Castelões,1 un = 250 gr  (aprox.),"6,49 €","25,45 €/Kg"
30 douradinhos,Capitão Iglo,Embalagem de 840g,"3,99 €","9,98 €/Kg"
Leite seleccionado meio gordo,Matinal,Garrafa de 1 l,"0,83 €","0,83 €/L"
Bóia Patrulha Pata 50 cm,Mondo,1 unidade,"2,99 €","2,99 €/Unidade"
Vinho regional península de setúbal,Dom Campos,Garrafa de 0.75 l,"4,99 €","6,65 €/L"
Body Milk in Shower,Labell,Embalagem de 250 ml,"2,99 €","11,96 €/L"
Robalo de Viveiro,Programa Origens,1 un= 400 gr (aprox.),"4,52 €","11,29 €/Kg"
Alho picado,PorSi,Embalagem de 100 g,"3,29 €","4,39 €/Kg"
Morcela assar fundao,PorSi,Embalagem de 250g,"1,49 €","7,45 €/Kg"
Smooth Lâminas Para Máquina De Depilação,Venus,4 Unidades,"12,99 €","12,99 €/Unidade"
Chá infusão celulite,Cemporcent,Embalagem de 13g,"1,25 €","1,25 €/Unidade"
Ervilhas bio,PorSi Bio,Frasco com 290 g,"3,65 €","7,30 €/Kg"
Snacks croc.amendoim,PorSi,Embalagem de 90g,"0,79 €","7,90 €/Kg"
Jameson caskmates ipa 70cl,Jameson,Garrafa de 700 ml,"23,49 €","23,49 €/L"
Chocolate branco com recheio de avelã,Kinder,Embalagem de 160g,"1,35 €","38,57 €/Kg"
Sumo 100% laranja,Compal,1 litro,"1,09 €","0,73 €/L"
Vassoura exterior alta,PorSi,Unidade,"2,99 €","2,99 €/Unidade"
Néctar vital equilibrio manga/maracujá,Compal,Embalagem de 1 l,"0,84 €","2,55 €/L"
Discos Sanitários Activos Aparelho Lavanda,WC Pato,Embalagem de 36 ml,"2,99 €","74,75 €/Kg"
Desinfetante álcool gel spray,PorSi,100 ml,"5,24 €","5,24 €/Unidade"
Spray power&shine multiusos c/ lixívia,Cif,Garrafa de 750 ml,"0,79 €","0,79 €/L"
Melão Branco,Fruta do Dia,"Vendido ao peso,1 un= 2.5 kg (aprox.)","7,48 €","2,99 €/Kg"
Sumo essencial pera,Compal,pack 3 x 0.11 l,"2,29 €","6,94 €/L"
Aguardente velhíssima,São Domingos,Garrafa de 0.70 l,"12,79 €","18,27 €/L"
Almôndegas bolonhesa,Iglo,Embalagem de 400g,"3,99 €","9,98 €/Kg"
Leite condensado,PorSi,Embalagem de 397 g,"1,09 €","2,75 €/Kg"
20 saquetas chá de frutos silvestres,Lipton,Embalagem de 30g,"44,50 €/Kg","44,50 €/Kg"
Toalha em rolo papel verde,PorSi,1 Unidade,"3,59 €","3,59 €/Unidade"
Actimel tutti-frutti,Danone,Embalagem de 6 x 100g,"4,15 €/Kg","4,15 €/Kg"
Areia para gatos 100% natural,PorSi,Embalagem de 5 kg,"1,19 €","0,24 €/Kg"
"Batata frita, queijo e ervas",PorSi,Embalagem de 190g,"1,18 €","6,38 €/Kg"
Champô anti-caspa,Labell,Embalagem de 400 ml,"5,59 €","13,98 €/L"
Pudim de chocolate,PorSi,Embalagem de 110g,"0,59 €","29,50 €/Kg"
Ração para gato bolas de pelo com frango,Friskies,"Embalagem de 1,5kg","12,99 €","4,33 €/Kg"
Lulas recheadas,Piteu,Embalagem de 120g,"0,89 €","7,42 €/Kg"
Bolachas cracker sem sal,PorSi,Embalagem de 500g,"0,39 €","3,12 €/Kg"
20 saquetas chá de pêssego manga,Lipton,Embalagem de 40g,"44,50 €/Kg","44,50 €/Kg"
Barras fitness chocolate de leite,Nestle,Embalagem de 135 g,"1,29 €","10,24 €/Kg"
Gomas starmix,Haribo,Embalagem de 90g,"1,19 €","3,97 €/Kg"
Noodle banzai carne,Cigala,Embalagem de 70g,"0,99 €","1,98 €/Kg"
Máquina Depilatória Descartável Miss Soleil Sensitiv...,Bic,1 + 2 Unidades Grátis,"5,49 €","5,49 €/Unidade"
Fraldas Activity Extra T5 |13-19 kg,Dodot,48 Unidade,"13,29 €/Unidade","13,29 €/Unidade"
10 pães de leite,PorSi,Embalagem de 350g,"2,59 €","7,40 €/Kg"
Ice tea de pêssego,PorSi,"Embalagem de 1,5 l","1,14 €","0,76 €/L"
Leite de pastagem meio gordo,Terra Nostra,Embalagem de 1 l,"0,83 €","0,83 €/L"
O cacau puro,Cemporcent,Embalagem de 200g,"2,29 €","11,45 €/Kg"
Atum posta em óleo vegetal,PorSi,Embalagem de 385g,"0,89 €","7,42 €/Kg"
Café em cápsulas aqtivus,Delta Q,Embalagem de 55 g,"15,99 €","47,03 €/Kg"
Ovos galinha solo L,PorSi,12 unidades,"1,59 €","1,59 €/Unidade"
Bolacha maria oro +33% grátis,Cuetara,Embalagem de 800g,"1,69 €","2,11 €/Kg"
Spray renova camurça preta,PorSi,Embalagem de 200 ml,"2,89 €","14,45 €/L"
Salame fat,Campofrio,Embalagem de 80g,"0,89 €","8,89 €/Kg"
Condicionador spray penteia fácil,Johnson's Baby,Embalagem de 200 ml,"1,99 €","1,99 €/Unidade"
Vinho do Porto 10 anos,Cruz,"Garrafa de 0,75L c/ Caixa de Madeira","10,99 €","14,65 €/L"
Pensos Higiénicos Cottonlike com Abas Normal Plus,Evax,28 unidades,"4,99 €","4,99 €/Unidade"
Vinagre balsâmico modena,Gallo,Garrafa de 250 ml,"0,35 €","0,70 €/L"
Mel rosmaninho 500g,SERRAMEL,Embalagem de 500G,"4,89 €","9,78 €/Kg"
Leite evaporado,PorSi,Embalagem de 410g,"1,09 €","2,75 €/Kg"
Bebida energética,Red Bull,Garrafa de 360 ml,"1,60 €","3,20 €/L"
Sardinhas em óleo picante,Ramirez,Embalagem de 130g,"0,89 €","7,42 €/Kg"
Laca volume,Nivea,Embalagem de 250 ml,"3,99 €","53,20 €/L"
"Ice tea, pêssego",PorSi,"Embalagem de 6x0,20 l","1,14 €","0,76 €/L"
Cerveja,Kings Bräu,Embalagem de 10x25 cl,"16,49 €","2,08 €/L"
Açafrão das Índias,PorSi,Embalagem de 50g,"0,25 €","0,25 €/Kg"
Gelado cornetto morango,Olá,Embalagem de 6 x 90 ml,"5,99 €","16,64 €/L"
Molho cervejeira 8 cubos,Knorr,Embalagem de 70g,"3,84 €","24,00 €/Kg"
Pudim flan,El mandari,Embalagem de 10g,"0,59 €","29,50 €/Kg"
Vinho bag-in-box tinto,C.alqueva,Garrafa de 5 l,"9,49 €","1,90 €/L"
Leite uht meio gordo,Mimosa,Embalagem de 1 litro,"0,83 €","0,83 €/L"
Pão forma cereais sem glúten,Schar,Embalagem de 300g,"2,99 €","7,97 €/Kg"
Sabonete regular,Dove,Embalagem de 400 g,"4,49 €","12,47 €/Kg"
Arroz agulha,Cigala,Embalagem de 1 kg,"1,26 €","1,26 €/Kg"
Plantanatur detox rapid,PLANTANATU,Garrafa de 500 ml,"7,59 €","126,50 €/Kg"
8 salsichas aves,Izidoro,Embalagem de 200g,"0,75 €","3,75 €/Kg"
Molas de madeira,PorSi,36 unidades,"0,89 €","0,89 €/Unidade"
Iogurte sabor a coco,PorSi,Embalagem de 4 x 125 g,"1,87 €","1,25 €/Kg"
Cabo de madeira com rosca,PorSi,1.20 m,"2,99 €","2,99 €/Unidade"
Bombons Presente Opus,Guylian,Embalagem de 180G,"4,29 €","42,90 €/Kg"
18 nuggets de frango,Capitão Iglo,Embalagem de 380g,"9,30 €/Kg","9,30 €/Kg"
Camarao vannamei 40/48,Pescanova,Embalagem de 800G,"9,99 €","12,49 €/Kg"
Salsichas extra suculentas de frango,Nobre,Frasco de 210g,"0,75 €","3,75 €/Kg"
Lava tudo brilhante madeiras,PorSi,Embalagem de 1.1 litros,"4,39 €","14,63 €/L"
Laboratório Mecânica Camião de Mina,Clementoni,1 unidade,"6,99 €","6,99 €/Unidade"
"Limpa vidros, azul",PorSi,Embalagem de 5 l,"5,19 €","8,65 €/L"
Maquina depilatório twin lady,Bic,Embalagem de 5 + 1 un.,"5,49 €","5,49 €/Unidade"
Massa alimentícia spaghetti,Barilla,Embalagem de 500g,"1,94 €","3,88 €/Kg"
Bacalhau Graúdo Asa Branca,Bacalhau da Noruega,"1 un=2,5 kg (aprox.)","8,09 €","10,79 €/Kg"
Sortido seleção,Chabrior,Embalagem de 380g,"2,99 €","7,87 €/Kg"
Leite UHT Meio Gordo,PorSi,Embalagem de 200 ml,"0,83 €","0,83 €/L"
Tostas suecas integrais,PorSi,Embalagem de 225 g,"2,39 €","6,83 €/Kg"
Iogurte arôma de frutos vermelhos,PorSi,Embalagem de 8x125 g,"1,87 €","1,25 €/Kg"
Sobremesa gelatina de morango,PorSi,Embalagem 4X100G,"0,85 €","2,13 €/Kg"
Bagas de cranberry,Cemporcent,Embalagem de 125 g,"0,79 €","3,95 €/Kg"
Ovos | Classe: M,Ovitae,24 unidades,"1,59 €","1,59 €/Unidade"
Vinho doc alentejo tinto,Albarrada,Garrafa de 750 ml,"2,89 €","3,85 €/L"
Patê frango,La piara,Embalagem de 80g,"1,19 €","13,52 €/Kg"
Nestum chocolate,Nestum,Embalagem de 250g,"2,49 €","9,96 €/Kg"
Mignonnettes Moir de Noir,Cote D'or,Embalagem de 240 g,"0,99 €","4,95 €/Kg"
Lava Tudo Perfumado Lavanda,PorSi,Embalagem de 2 l,"0,99 €","0,50 €/L"
Tablete de chocolate preto,Nestle,Embalagem de 130g,"0,99 €","4,95 €/Kg"
Cola Especial Plásticos,Pattex,Embalagem de 30 g,"2,99 €","99,67 €/Kg"
Creme vitalift 5,Men expert,Embalagem de 50 ml,"5,99 €","14,98 €/L"
Refrigerante com gás guaraná,Antartica,"Garrafa de 1,5 l","0,79 €","0,40 €/L"
Sementes de girassol,PorSi Viva Bem,Embalagem de 200 g,"1,59 €","10,60 €/Kg"
Bolachas ricanela,Cuetara,Embalagem de 400g + 100g grátis,"0,39 €","3,12 €/Kg"
Lombos de salmão,PorSi,Embalagem de 300g,"3,99 €","9,98 €/Kg"
Dawnut Açucarado,Pastelaria do Dia,48g,"0,35 €","0,35 €/Unidade"
Néctar de laranja,Bongo,Garrafa de 1 l,"0,99 €","0,99 €/L"
Liegeois de chocolate,Milchfrisc,Embalagem de 200g,"0,55 €","2,75 €/Kg"
Chá de infusão salutem nº 42 - carqueja 10 saquetas,Salutem,Embalagem de 15g,"1,25 €","1,25 €/Unidade"
Chá de infusão salutem nº 46 - oliveira 10 saquetas,Salutem,Embalagem de 15g,"1,25 €","1,25 €/Unidade"
Azeite virgem delicado,Gallo,Garrafa de 750 ml,"3,29 €","4,39 €/L"
Espreguiçadeira malibu verde,Joluce,1 unidade,"35,99 €","35,99 €/Unidade"
Vermute bianco,Martini,Garrafa de 1 l,"11,99 €","11,99 €/L"
Creme vegetal soja,Planta,Embalagem de 250 gr,"1,39 €","6,95 €/L"
"Limpa móveis pistola, multissuperfícies",Pronto,Embalagem de 500 ml,"3,99 €","7,98 €/L"
Batata pré-frita noisette,PorSi,Embalagem de 1 kg,"1,39 €","1,39 €/Kg"
Lixívia Tradicional,Neoblanc,Embalagem de 4 l,"1,74 €","0,35 €/L"
Iogurte natural,PorSi,Embalagem 12 x 125 g,"0,99 €","1,98 €/Kg"
Queijo roquefort,Páturages,Embalagem de 150 g,"2,60 €","13,00 €/Kg"
Polpa de cebola e alho,PorSi,Embalagem de 500 g,"3,84 €","24,00 €/Kg"
Bolachas waffers com recheio de limão,Cuetara,Embalagem de 150 gr,"0,98 €","4,67 €/Kg"
Drageias de chocolate de leite,PorSi,200 g,"9,20 €/Kg","9,20 €/Kg"
Iogurte líquido pinacolada corpos danone,Danone,Embalagem de 4 x 155 g,"1,31 €","2,05 €/Kg"
Bolachas cacau com cereais e pepitas de chocolate,PorSi,Embalagem de 400 g,"0,79 €","5,27 €/Kg"
Rebuçados peitorais,Dr.bayard,Embalagem de 100g,"1,69 €","16,90 €/Kg"
Sabao rosa e branco,PorSi,Embalagem de 400g,"1,19 €","2,98 €/Kg"
Maçã Pink Lady 70/75,Fruta do Dia,1 un = 150 gr (aprox.),"0,22 €","1,69 €/Kg"
Pudim flan,PorSi,Embalagem de 4 x 5.6 g,"0,59 €","29,50 €/Kg"
Gomas beijinhos,PorSi,Embalagem de 300 g,"1,19 €","3,97 €/Kg"
Creme Depilatório Peles Sensíveis,Veet,Embalagem de 200 ml,"10,99 €","73,27 €/L"
Moscatel de Setúbal Reserva,Selecção de Enófilos,Garrafa de 0.75 l,"6,79 €/L","6,79 €/L"
Sementes de chia,PorSi Viva Bem,Embalagem de 150 g,"1,59 €","10,60 €/Kg"
Vinho tinto regional peninsula de setúbal,Fonte nico,Garrafa de 750 ml,"4,99 €","6,65 €/L"
Vinho do porto special reserve,V.alegre,Garrafa de 750 ml,"10,99 €","14,65 €/L"
Elixir junior,Aquafresh,Embalagem de 300 ml,"0,99 €","0,99 €/Unidade"
Iogurte natural,Danone,Embalagem de 8x120g com 1 unidade grátis,"0,99 €","1,98 €/Kg"
Lenços de bolso folha tripla,PorSi,9 x 30 unidades,"0,89 €","0,89 €/Unidade"
Sobremesa danette chocolate,Danone,Embalagem de 4 x 125 g,"1,19 €","2,59 €/Kg"
Batata Pré-Frita Croquettes,PorSi,Embalagem de 1 kg,"1,39 €","1,39 €/Kg"
Aperitivos de amendoins sal e mel,Matutano,Embalagem de 70g,"0,79 €","7,90 €/Kg"
Leite Meio Gordo sem Lactose,Mimosa,Pack 4 x 200 ml,"2,19 €","2,19 €/L"
Chá boas noites infusão,Cemporcent,Embalagem de 13g,"1,25 €","1,25 €/Unidade"
"Tiras limpa poros faciais, 6unidades",Labell,1 embalagem,"0,76 €","0,76 €/Unidade"
Bolacha integral doce,Vieira,Embalagem de 180g,"0,84 €","2,80 €/Kg"
Frango do Campo Inteiro c/ Miúdos Programa Origens,PorSi Select,Vendido ao peso,"1,03 €","2,95 €/Kg"
Água Micelar c/doseador,Labell,Embalagem de 500ml,"0,76 €","0,76 €/Unidade"
Licor frutos tropicais,Safari,Garrafa de 700 ml,"16,99 €","24,27 €/L"
Queijo fresco meio gordo,PorSi,200 g,"2,44 €","11,30 €/Kg"
Aroma baunilha,Vahine,Embalagem de 20g,"1,89 €","17,18 €/Kg"
Massa spaghetti tricolore,Milaneza,Embalagem de 500 g,"0,99 €","1,98 €/Kg"
Cocktail limão,Bar Royal,Garrafa de 750 ml,"8,49 €","11,32 €/L"
Recarga Esfregona de Microfibras,PorSi,1 unidade,"0,89 €","0,89 €/Unidade"
Pilhas Alcalinas AAA Optimum,Duracell,Blister 4 Pilhas,"1,49 €","1,49 €/Unidade"
Bacalhau com natas,PorSi,Embalagem de 380g,"1,79 €","7,16 €/Kg"
Snack para gato com sabor a camarão Play Tubes,Felix,Embalagem de 50 g,"0,95 €","15,83 €/Kg"
Oikos morango 110g x4,Danone,Embalagem de 440g,"1,49 €","2,98 €/Kg"
"Guardanapos brancos, 33x33cm, 2 folhas, 90 unidades",Renova,Uma embalagem,"1,29 €","1,29 €/Unidade"
Choco flakes,Cuetara,Embalagem de 500g,"5,07 €/Kg","5,07 €/Kg"
Bebida essencial frutos vermelhos,Compal,Pack 3 x 0.11 l,"2,29 €","6,94 €/L"
Clara liquida pasteurizado,Dovo,Embalagem de 320 ml,"2,55 €","2,55 €/Unidade"
Água s/ gás,Luso,Pack 6 x 1.5 l,"1,04 €","0,17 €/L"
Néctar 8 frutos,Bongo,Pack 6 x 200 ml,"0,99 €","0,99 €/L"
Rebuçados mentho-lyus sem açúcar,Halls,Embalagem de 31 g,"1,69 €","16,90 €/Kg"
Mopa attractive plus completa,Vileda,Embalagem de 1 unidades,"2,99 €","2,99 €/Unidade"
Dentifríco anti-tártaro + branqueador,Colgate,Embalagem de 75 ml,"2,39 €","31,87 €/L"
"Sumo 100%, tutti-frutti",PorSi,"Embalagem de 1,5 l","1,09 €","0,73 €/L"
Vitamina c,PLANTANATU,Embalagem de 1 unidades,"7,59 €","126,50 €/Kg"
Gel de Banho Deeply Nourishing,Dove,Embalagem de 750 ml,"6,49 €","8,65 €/L"
Mistolin tira-nódoas,Mistolin,Garrafa de 500 ml,"1,79 €","2,39 €/L"
Ração seca mix para cão adulto,PorSi,Embalagem de 20 kg,"22,99 €","1,15 €/Kg"
Cerveja 0.0%,Heineken,Lata de 0.33 l,"5,99 €","3,03 €/L"
Cacau magro em pó,PorSi,Embalagem de 125 g,"1,04 €","8,32 €/Kg"
"Vinho maduro tinto, bag in the box",Silgueiros,Embalagem de 10 l,"0,85 €","0,85 €/L"
Moscatel de setúbal,Selecção de Enófilos,"Garrafa de 0,75 l","6,79 €/L","6,79 €/L"
Cuecas Incontinência Homem Active Fit L,Tena,8 Unidades,"9,99 €","9,99 €/Unidade"
Forma de papel para bolos 6. 8cm,PorSi,Embalagem com 60 unidades,"0,54 €","0,54 €/Unidade"
Vinagre vinho branco 250ml,Cristal,Garrafa de 250 ml,"0,35 €","0,70 €/L"
Arroz agulha,Pato real,Embalagem de 1 kg,"1,26 €","1,26 €/Kg"
Iogurte aroma de banana,PorSi,Embalagem de 4x125g,"1,87 €","1,25 €/Kg"
Sidra frutos vermelhos,Somersby,pack 4 x 0.33 l,"5,99 €","3,03 €/L"
Bolacha tosta rica choco guay,Cuetara,Embalagem de 170g,"1,89 €","15,75 €/Kg"
Bolacha waffer bites cacau,Waferland,Embalagem de 125g,"0,98 €","4,67 €/Kg"
Pizza 4 estações,PorSi,Embalagem de 350g,"2,32 €","6,27 €/Kg"
Dourada,Programa Origens,1 un= 400 grs (aprox.),"4,52 €","11,29 €/Kg"
Creme vegetal culinário,Vaqueiro,Embalagem de 250 g,"2,89 €","2,89 €/Kg"
Espreguiçadeira malibu verde,Joluce,1 unidade,"2,99 €","2,99 €/Unidade"
Guardanapos Gold 2 folhas,Renova,Dim.: 39x39cm,"1,29 €","1,29 €/Unidade"
Guardanapos | Dim.: 30 x 33 cm,PorSi,Embalagem com 20 unidades,"1,29 €","1,29 €/Unidade"
Faca santoku 16 cm,PorSi,1 unidade,"5,90 €","5,90 €/Unidade"
Alecrim em folhas,PorSi,Embalagem de 25g,"0,25 €","0,25 €/Kg"
Queijo Coulommiers,Páturages,Embalagem de 350 g,"2,60 €","13,00 €/Kg"
"Queijo fresco, grande",PorSi,Embalagem de 250 g,"2,44 €","11,30 €/Kg"
Coca-cola zero,Coca-Cola,pack 2 x 1.75 l,"0,79 €","0,40 €/L"
Manteiga pasteurizada com sal cuvet,Primor,Embalagem de 250g,"1,89 €","7,56 €/Kg"
Esparguete s/ glúten,Milaneza,Embalagem de 500g,"2,99 €","7,97 €/Kg"
Chocolate negro 85 % cacau,Cemporcent,Embalagem de 100g,"2,89 €","23,12 €/Kg"
20 saquetas chá verde pure,Lipton,Embalagem de 30g,"85,00 €/Kg","85,00 €/Kg"
Infusão funcho,Cemporcent,Embalagem de 10 unidades,"0,99 €","76,15 €/Kg"
Azeite virgem extra clássico,Gallo,Garrafa de 250 ml,"3,29 €","4,39 €/L"
Recarga  para esfregona tiras,PorSi,1 unidade,"0,89 €","0,89 €/Unidade"
Pudim caseiro de laranja,Royal,Embalagem de 200g,"0,59 €","29,50 €/Kg"
Porto branco,Valadao,Garrafa de 750 ml,"11,99 €","15,99 €/L"
Sal marinho integral,Cemporcent,Embalagem de 1 kg,"0,69 €","0,69 €/Kg"
Ração para Gato Esterilizado com Vaca,Purina One,"Embalagem de 1,5 kg","12,99 €","4,33 €/Kg"
Cerveja com álcool,Sagres,Garrafa de 1 l,"16,49 €","2,08 €/L"
Sopa de rabo de boi,Knorr,Embalagem de 70g,"0,62 €","10,00 €/Kg"
Gelo em cubos,PorSi,Embalagem de 2 kg,"1,00 €","0,50 €/Kg"
Granola aveia fitness mel,Nestle,Embalagem de 300g,"5,59 €","8,87 €/Kg"
Braçadeiras Patrulha Pata,Mondo,1 Embalagem,"3,99 €","3,99 €/Unidade"
Banha,PorSi,Embalagem de 940 g,"2,89 €","2,89 €/Kg"
Croutons com azeite,PorSi,Embalagem de 150g,"2,39 €","6,83 €/Kg"
15 panadinhos de peixe,PorSi,Embalagem de 450 g,"3,99 €","9,98 €/Kg"
Chá infusão hortelã-pimenta,Cemporcent,Embalagem de 13g,"1,25 €","1,25 €/Unidade"
Creme vegetal para cozinha,Becel,Embalagem de 450 g,"1,39 €","6,95 €/L"
Gel wc anticalcário sem lixívia,PorSi,"Garrafa de 1,5 l","2,79 €","3,99 €/L"
Azeite virgem extra dop trás-os-montes,PorSi Select,Embalagem 750 ml,"3,29 €","4,39 €/L"
"Vela em número, nº 6",PorSi,1 unidade,"0,60 €","0,60 €/Unidade"
Néctar clássico de pera,Compal,Garrafa de 200 ml,"0,99 €","0,99 €/L"
Lava Tudo Amoniacal,Sonasol,"Garrafa de 1,3 l","0,99 €","0,50 €/L"
"Frigideira anti-aderente, 24cm",PorSi,1 unidade,"11,99 €","11,99 €/Unidade"
Gin Premium |Blue Magic,Sharish,"Embalagem de 0,50L + Oferta 1 Copo","14,99 €","21,41 €/L"
Agrião,Florette,embalagem de 125 g,"0,99 €","9,90 €/Kg"
Peito de peru fatiado,PorSi,Embalagem de 200g,"2,25 €","11,25 €/Kg"
Molho de maionese com alho e ervas,PorSi,Garrafa de 120 ml,"0,87 €","2,90 €/Kg"
Café solúvel creme,Delta,Embalagem de 80 g,"1,45 €","14,50 €/Kg"
Salmão Fumado da Escócia,PorSi Select,Embalagem de 80 g,"7,99 €","39,95 €/Kg"
Pastilhas fire canela,CHICLETS,Embalagem de 16 g,"0,89 €","59,33 €/Kg"
Penso de incontinência boutique extra,Ausonia Discreet,Embalagem de 8 un.,"1,99 €","1,99 €/Unidade"
Snacks para Cão Markies Mini,Pedigree,Embalagem de 500 g,"5,58 €/Kg","5,58 €/Kg"
Massa de argolinhas,Nacional,Embalagem de 250g,"0,99 €","1,98 €/Kg"
Digestive aveia diet natural,Gullon,Embalagem de 410g,"4,48 €/Kg","4,48 €/Kg"
Ambientador tealights baunilha,PorSi,embalagem com 18 unidades,"4,99 €","4,99 €/Unidade"
Tostas integrais,PorSi,Embalagem de 225g,"2,39 €","6,83 €/Kg"
Tira gorduras dia a dia,Mistolin,Garrafa de 750 ml,"1,79 €","2,39 €/L"
Rolo Cozinha Meia Folha Adapt,Colhogar,2 rolos,"4,99 €","4,99 €/Unidade"
Pão de forma sem côdea especial torradas,Panrico,Embalagem de 510g,"2,63 €/Kg","2,63 €/Kg"
Xarope de menta,Paquito,Garrafa de 0.75 lt,"3,54 €","3,54 €/L"
Cogumelos fatiados,PorSi,Embalagem de 400g,"0,74 €","1,85 €/Kg"
Bolacha cream cracker,Cuetara,Embalagem de 200g,"0,39 €","3,12 €/Kg"
Drenactiv infusão,Cemporcent,Embalagem de 13g,"1,25 €","1,25 €/Unidade"
Bebida de soja e chocolate,PorSi Viva Bem,Embalagem de 1 l,"2,49 €","2,49 €/L"
Crepe chocolate,PorSi,Embalagem de 540g,"3,99 €","7,39 €/Kg"
Recarga mopa 1.2 spray max,Vileda,1 unidade,"2,99 €","2,99 €/Unidade"
Livro A Cigarra e a Formiga,Europrice,1 unidade,"4,99 €","4,99 €/Unidade"
Xarope de limão sem corantes,Paquito,Garrafa de 750 ml,"3,54 €","3,54 €/L"
Refrigerante c/ gás,Pepsi,Pack 6 x 0.33 l,"0,79 €","0,40 €/L"
18 hamburguers s/ glúten vaca,Capitão Iglo,Pack familiar com 1.4 kg,"2,79 €","8,72 €/Kg"
Líquido sanitário ação total pinho,WC Pato,Embalagem de 750 ml,"2,79 €","3,99 €/L"
Barrinhas pescada com limão sem glúten,Pescanova,Embalagem de 300g,"1,79 €","7,16 €/Kg"
Morangos 100% Naturais,PorSi,Embalagem de 750 g,"3,29 €","4,39 €/Kg"
Café em cápsulas Dolce Gusto Sical,Nescafé,64 cápsulas,"15,99 €","47,03 €/Kg"
Perfect Pen,Loctite,Embalagem com 3 g,"2,99 €","99,67 €/Kg"
Fósforos cozinha,Quinas,Embalagem com 4 caixas por unidade,"1,50 €","1,50 €/Unidade"
Bolachas marinheiras linhaça,Cemporcent,Embalagem de 200 g,"4,48 €/Kg","4,48 €/Kg"
Toalhitas Bebé Nature,PorSi,64 unidades,"1,09 €/Unidade","1,09 €/Unidade"
Bolacha tostada,PorSi,Embalagem de 800g,"1,69 €","2,11 €/Kg"
Cerveja com álcool,Sagres,Garrafa de 20 cl,"16,49 €","2,08 €/L"
Porto special reserva,Cruz,"garrafa de 0,75 l","10,99 €","14,65 €/L"
Pastilhas melão e melancia,Trident,Embalagem de 20g,"0,89 €","59,33 €/Kg"
Pensos Higiénicos Fina e Segura Maxi Super,Evax,Embalagem c/ 13 Unidades,"4,99 €","4,99 €/Unidade"
Creme de amendoim cremoso 340g,Skippy,Embalagem de 340g,"4,39 €","12,91 €/Kg"
Cereais nesquik,Nestle,Embalagem de 625g,"5,07 €/Kg","5,07 €/Kg"
Chá infusão digest bio,Cemporcent,Embalagem de 13g,"1,25 €","1,25 €/Unidade"
Pensos clássicos,PorSi,20 unidades,"1,69 €","1,69 €/Unidade"
Fruta para bebé banana laranja bolacha +6 meses,Nestle,Embalagem de 90g,"0,74 €","8,22 €/Kg"
Vela com número 4,PorSi,1 unidade,"0,60 €","0,60 €/Unidade"
Bola mistura,Pão do Dia,1 unidade= 80 g,"0,19 €","2,38 €/Kg"
Azeite virgem extra dop moura,PorSi Select,Embalagem de 0.75L,"3,29 €","4,39 €/L"
Iogurte pedaços frutas variadas,PorSi,Embalagem de 16 x 125 g,"4,38 €","2,19 €/Kg"
Café moagem universal brasil,Delta,Embalagem de 220g,"9,76 €/Kg","9,76 €/Kg"
Cabeça de Aipo,Legumes do Dia,1 un = 500 g (aprox.),"0,40 €","3,99 €/Kg"
Café torrado em grão,PorSi,250 g,"9,16 €/Kg","9,16 €/Kg"
"Luvas Multi 100, Tamanho Pequeno/Médio",Vileda,1 Embalagem,"4,29 €","4,29 €/Unidade"
Termo forte beringela/limão,PLANTANATU,Garrafa de 500 ml,"7,59 €","126,50 €/Kg"
Bolachas com pepitas de chocolate sem glúten,Schar,Embalagem de 200g,"0,69 €","4,60 €/Kg"
Queijo Flamengo Fatias,PorSi,Embalagem 500G,"1,96 €","9,80 €/Kg"
Salada de fruta em calda,PorSi,Embalagem de 3 x 220 g,"1,99 €","2,37 €/Kg"
"Caixa com saquetas de  pau de canela, 30 unidades",PorSi,Embalagem 90G,"0,25 €","0,25 €/Kg"
"Pasta dentífrica, 7-13 anos",Labell,Embalagem de 75 ml,"0,99 €","0,99 €/Unidade"
Acetona,PorSi,Embalagem de 200 ml,"1,89 €","9,45 €/L"
Queijo flamengo em Barra,Gresso,"Vendido ao peso, fatiado a partir de 100 gr","1,96 €","9,80 €/Kg"
Bandas de cera axilas/bikini,Labell,Embalagem com 16 un. + 4 toalhitas de acabamento,"3,11 €","3,11 €/Unidade"
"Cueca de incontinência, adulto, pequena",PorSi,Embalagem com 14 unidades,"9,99 €","9,99 €/Unidade"
Pack de 3 embalagens de polpa de tomate,Compal,Embalagem de 630g,"3,84 €","24,00 €/Kg"
Esfregão Salva Unhas Fibra verde Plus,Vileda,Embalagem com 1+1 grátis,"2,54 €","2,54 €/Unidade"
Néctar de laranja e cenoura light,PorSi,Embalagem de 3 x 200 ml,"0,84 €","2,55 €/L"
Massa meada,PorSi,Embalagem de 500g,"0,99 €","1,98 €/Kg"
Legumes grelhados,PorSi,Embalagem de 750g,"0,74 €","1,85 €/Kg"
Lentilhas verdes,Cemporcent,Embalagem de 500g,"1,94 €","3,88 €/Kg"
Tomate em pedaços,PorSi,Embalagem de 390g,"2,19 €","2,81 €/Kg"
Inseticida rastejantes com aplicador,Baygon,Embalagem de 400 ml,"4,79 €","11,98 €/L"
"Cera cabelo, indestructible",Studio Line,Embalagem de 75 ml,"3,99 €","53,20 €/L"
Pescada 3 Chile,Peixe Congelado,1 un= 1 kg (aprox.),"1,20 €","3,99 €/Kg"
Loção tónica para pele seca,Labell,Embalagem de 250 ml,"0,76 €","0,76 €/Unidade"
Alheira de mirandela,PorSi Select,Embalagem de 200 g,"1,49 €","7,45 €/Kg"
Pipocas coloridas,Orcape,Embalagem de 100g,"0,79 €","7,90 €/Kg"
Vinho tinto doc dão,Cabriz,Garrafa de 0.75 l,"7,49 €","9,99 €/L"
Caldo Verde,ELS,Embalagem 350g,"0,40 €","3,99 €/Kg"
Pensos incontinência homem,PorSi,10 unidades,"1,99 €","1,99 €/Unidade"
Óleo alimentar,Vêgê,Embalagem de 1 l,"3,39 €","3,39 €/L"
Cappucino go chill com cacau,Delta,Embalagem de 230 ml,"3,19 €","25,52 €/Kg"
Chá hipericão kneip planta,Cemporcent,Embalagem de 50g,"1,25 €","1,25 €/Unidade"
Piripiri grão,PorSi,Saqueta de 20 g,"0,25 €","0,25 €/Kg"
Sementes de girassol,Cemporcent,Embalagem de 150 G,"1,39 €","9,27 €/Kg"
Royal gelatin,Royal,Embalagem de 400g,"0,85 €","2,13 €/Kg"
Massa cuscus,Nacional,Embalagem de 250g,"0,99 €","1,98 €/Kg"
Croissant Brioche com chocolate,Pastelaria do Dia,1 un = 100 g (aprox.),"0,35 €","0,35 €/Unidade"
Whisky 15 anos c/caixa,J&B,Garrafa de 700 ml,"32,99 €","47,13 €/L"
Insecticida recarga,Biokill,Embalagem de 375 ml,"4,79 €","11,98 €/L"
Leite de limpeza age perfect,L'oreal,Embalagem de 200 ml,"0,76 €","0,76 €/Unidade"
Intensificador de perfume em gel para a roupa romanc...,Quanto,300 ml,"5,99 €","11,98 €/L"
Bolacha dibus mini angry birds,Gullon,Embalagem de 250g,"1,89 €","15,75 €/Kg"
Pudim de chocolate,Boca Doce,Embalagem de 20g,"0,59 €","29,50 €/Kg"
Rebuçados drops recheio de fruta,PorSi,Embalagem de 250g,"1,08 €","5,40 €/Kg"
Vinho frisante rosé,Lapadas,Garrafa de 750 ml,"1,99 €","2,65 €/L"
Balões latex verde,PorSi,Embalagem com 24 unidades,"1,54 €","1,54 €/Unidade"
Marmelada,PorSi,Embalagem de 900g,"1,99 €","2,21 €/Kg"
Ambientador aerosol pure flor de cerejeira,Air Wick,Garrafa de 250 ml,"0,99 €","3,30 €/L"
Champô Hidratante,Baby Dove,Embalagem de 400 ml,"1,99 €","1,99 €/Unidade"
Vinho do Porto Tawny,Velhotes,"garrafa de 0,75 l","6,29 €","8,39 €/L"
Bacalhau Especial da Islândia,Bacalhau da Islândia,1 un = 4 kg (aprox.),"8,09 €","10,79 €/Kg"
Cabo de metal com rosca,PorSi,1.20 m,"2,99 €","2,99 €/Unidade"
Cafe soluvel c/c 200g,Delta,Embalagem de 200g,"1,45 €","14,50 €/Kg"
Sal marinho grosso,Vatel,Embalagem de 1 kg,"0,25 €","0,25 €/Kg"
Leite e cereais pijama +6 meses,Cerelac,Garrafa de 400 ml,"1,99 €","7,96 €/Kg"
Sumo essencial kids,Compal,pack 3 x 0.11 l,"2,29 €","6,94 €/L"
Ambientador aerossol 5 em 1 lavanda,PorSi,300 ml,"0,99 €","3,30 €/L"
"Salsa em folhas, pacote",Margao,Embalagem de 10g,"0,25 €","0,25 €/Kg"
Lava Tudo Brilhante Madeira,Sonasol,"embalagem 1,1L","2,59 €","2,35 €/L"
Cebola picada em pacote,PorSi,Embalagem de 40 g,"0,25 €","0,25 €/Kg"
Infusão hipericão,Cemporcent,Embalagem de 10 unidades,"0,99 €","76,15 €/Kg"
Salsicha Fresca,Porco,1 un = 100 gr (aprox.),"0,60 €","5,99 €/Kg"
Bebida arroz,Alpro,Embalagem de 1 l,"2,19 €","2,19 €/L"
Vela com número nº 6,PorSi,1 unidade,"0,60 €","0,60 €/Unidade"
Alimento seco p/ cão croquetes vaca,Pedigree,Embalagem de 3 kg,"22,99 €","1,15 €/Kg"
Moscatel de setúbal,Pioneiro,Garrafa de 750 ml,"16,99 €","24,27 €/L"
Semente linhaça castanha,Salutem,Embalagem de 250g,"2,29 €","11,45 €/Kg"
"Fiambre extra, fatias finas",PorSi,Embalagem de 150 g,"0,90 €","5,99 €/Kg"
"Agrafos nº24/6, 2000 unidades",Maped,Uma embalagem,"3,29 €","3,29 €/Unidade"
"Vinho Alentejo, Private Collection, Tinto",Selecção de Enófilos,Garrafa de 0.75 l,"4,99 €","6,65 €/L"
