NAME,BRAND,QUANTITY,PRICE,PPU,OLDPRICE,OLDPPU,EAN
DIA TONI TÓNICO Água Tónica 6x200 ml,DIA TONI NICO,,"2,65 €","2,21 €/l",,,
TERRAS D'EL REI Vinho Tinto Regional Alentejo 750 ml,TERRAS EL REI,,"2,84 €","3,79 €/l",,,
"JOI Refrigerante Sem Gás de Laranja e Maracujá 1,5 L",JOI,,"1,90 €","1,27 €/l",,,
"FESTA DO DIA Sangria 1,5 L",FESTA DO DIA,,"1,99 €","1,33 €/l",,,
PORCA DE MURÇA Vinho Tinto 750 ml,PORCA DE MUR,,"4,85 €","6,47 €/l",,,
BAILEYS Licor 700 ml,BAILEYS,,"18,99 €","27,13 €/l",,,
JOHNNIE WALKER Whisky Red Label 700 ml,JOHNNIE WALKER,,"18,99 €","27,13 €/l",,,
GAZELA Vinho Verde Branco 750 ml,GAZELA,,"3,79 €","5,05 €/l",,,
MARTINI Vermouth Bianco 750 ml,MARTINI,,"10,09 €","13,45 €/l",,,
DIA RIO NOVO Vinho Tinto Doc Bairrada 750 ml,DIA RIO NOVO,,"2,56 €","3,41 €/l",,,
UM BONGO Néctar Laranja 3x200 ml,UM BONGO,,"1,39 €","2,32 €/l",,,
DIA ALVINI Vermouth Tinto 1 L,DIA ALVINI,,"5,35 €","5,35 €/l",,,
SCOTTISH GROCER Whisky 700 ml,SCOTTISH GROCER,,"7,92 €","11,31 €/l",,,
COCA-COLA Sabor Original 500 ml,COCA COLA,,"1,00 €","2,00 €/l",,,
PORTA DA RAVESSA Vinho Branco Doc Alentejo 750 ml,PORTA DA RAVESSA,,"2,99 €","3,99 €/l",,,
COMPAL Sumo 100% Maçã 1 L,COMPAL,,"1,69 €","1,69 €/l",,,
LIPTON Ice Tea Pêssego Prisma 1 L,LIPTON,,"1,49 €","1,49 €/l",,,
NAVEGANTE Vinho Tinto Regional Alentejo 750 ml,NAVEGANTE,,"2,39 €","3,19 €/l",,,
CASALEIRO Vinho Tinto Regional Tejo 750 ml,CASALEIRO,,"3,19 €","4,25 €/l",,,
LIPTON Ice Tea Manga Prisma 1 L,LIPTON,,"1,49 €","1,49 €/l",,,
DIA MONÁSTICO Vinho Tinto Doc Dão Reserva  750 ml,DIA MON STICO,,"3,08 €","4,11 €/l",,,
REGUENGOS Vinho Branco DOC Alentejo 750 ml,REGUENGOS DOC,,"3,49 €","4,65 €/l",,,
MONSARAZ Vinho Branco DOC Alentejano 750 ml,MONSARAZ DOC,,"2,99 €","3,99 €/l",,,
MONSARAZ Vinho Tinto Doc Alentejo 750 ml,MONSARAZ,,"2,99 €","3,99 €/l",,,
MONÁSTICO Vinho Branco DOC Dão 750 ml,MON STICO DOC,,"1,99 €","2,65 €/l",,,
DIA MONÁSTICO Vinho Tinto Doc Dão 750 ml,DIA MON STICO,,"1,99 €","2,65 €/l",,,
"TRINA Refrigerante Sem Gás de Frutos Tropicais 1,5 L",TRINA,,"2,15 €","1,43 €/l",,,
PERIQUITA Vinho Tinto Regional Penísula de Setúbal 750 ml,PERIQUITA,,"4,99 €","6,65 €/l",,,
COMPAL Néctar Clássico de Pêssego 3x200 ml,COMPAL,,"1,39 €","2,32 €/l",,,
TERRAS DE BACO Vinho Tinto Regional Alentejo 750 ml,TERRAS DE BACO,,"2,99 €","3,99 €/l",,,
LUSO Água Lisa Sport 750 ml,LUSO,,"0,56 €","0,75 €/l",,,
MONTE DAS ÂNFORAS Vinho Tinto Regional Alentejano 750 ml,MONTE DAS NFORAS,,"3,99 €","5,32 €/l",,,
MATEUS Vinho Rosé 750 ml,MATEUS,,"4,29 €","5,72 €/l",,,
"AQUARIUS Limão 1,5 L",AQUARIUS,,"1,99 €","1,33 €/l",,,
FRANZISKANER Cerveja com Álcool 500 ml,FRANZISKANER,,"2,69 €","5,38 €/l",,,
ERISTOFF Vodka 700 ml,ERISTOFF,,"12,99 €","18,56 €/l",,,
"GUARANÁ ANTARCTICA Refrigerante com Gás 1,5 L",GUARAN ANTARCTICA,,"1,99 €","1,33 €/l",,,
DIA Vinho Tinto Bag In Box 5 L,DIA,,"6,15 €","1,23 €/l",,,
ALABASTRO Vinho Tinto Regional Alentejano 750 ml,ALABASTRO,,"4,99 €","6,65 €/l",,,
MONTE VELHO Vinho Tinto Regional Alentejo 750 ml,MONTE VELHO,,"5,59 €","7,45 €/l",,,
ALANDRA Vinho Tinto 750 ml,ALANDRA,,"3,14 €","4,19 €/l",,,
LIPTON Ice Tea Limão Prisma 1 L,LIPTON,,"1,49 €","1,49 €/l",,,
BACALHÔA Moscatel de Setúbal 750 ml,BACALH,,"6,09 €","8,12 €/l",,,
DIA FONTE DOS FRADES Vinho Branco Regional Tejo 750 ml,DIA FONTE DOS FRADES,,"2,15 €","2,87 €/l",,,
SUMOL Refrigerante com Gás de Laranja 500 ml,SUMOL,,"0,99 €","1,98 €/l",,,
POWERADE Ice Storm 500 ml,POWERADE,,"1,39 €","2,78 €/l",,,
"VITALIS Água Sem Gás 1,5 L",VITALIS,,"0,57 €","0,38 €/l",,,
"FANTA ZERO Ananás 1,5 L",FANTA ZERO,,"1,60 €","1,07 €/l",,,
ST. BART Vinho Do Porto Branco 750 ml,ST BART,,"4,83 €","6,44 €/l",,,
"PLENO Tisana de Chá Verde E Limão 1,5 L",PLENO,,"1,49 €","0,99 €/l",,,
SUPER BOCK STOUT Cerveja com Álcool 6x330 ml,SUPER BOCK STOUT,,"5,99 €","3,03 €/l",,,
PORTAS DA HERDADE Vinho Tinto Regional Alentejo  750 ml,PORTAS DA HERDADE,,"3,44 €","4,59 €/l",,,
MARTINI Vermouth Rosso 750 ml,MARTINI,,"10,09 €","13,45 €/l",,,
LANCERS Vinho Rosé 750 ml,LANCERS,,"3,99 €","5,32 €/l",,,
PLANALTO Vinho Branco DOC Douro Reserva 750 ml,PLANALTO DOC,,"4,99 €","6,65 €/l",,,
ST. BART Vinho Do Porto Tawny 750 ml,ST BART,,"4,83 €","6,44 €/l",,,
ST. BART Vinho Do Porto Tawny 10 Anos 750 ml,ST BART,,"10,29 €","13,72 €/l",,,
NESTEA Limão 500 ml,NESTEA,,"1,00 €","2,00 €/l",,,
DIA MONTE GRANDE Vinho Branco Regional Alentejo 750 ml,DIA MONTE GRANDE,,"1,84 €","2,45 €/l",,,
ENCOSTAS DE FAVAIOS Vinho Tinto Doc Duriense 750 ml,ENCOSTAS DE FAVAIOS,,"3,69 €","4,92 €/l",,,
ENCOSTAS DE FAVAIOS Vinho Branco Regional Duriense 750 ml,ENCOSTAS DE FAVAIOS,,"3,69 €","4,92 €/l",,,
DIA ALDEIA BRANCA Vinho Verde Branco Doc 750 ml,DIA ALDEIA BRANCA,,"1,84 €","2,45 €/l",,,
"NESTEA Limão 1,5 L",NESTEA,,"1,60 €","1,07 €/l",,,
"NESTEA Iced Tea Pêssego 1,5 L",NESTEA,,"1,60 €","1,07 €/l",,,
REAL LAVRADOR Vinho Branco 750 ml,REAL LAVRADOR,,"2,49 €","3,32 €/l",,,
REAL LAVRADOR Vinho Tinto 750 ml,REAL LAVRADOR,,"2,49 €","3,32 €/l",,,
LAGOSTA Vinho Verde Branco Doc 750 ml,LAGOSTA,,"2,99 €","3,99 €/l",,,
DIA MONTE GRANDE Vinho Tinto Regional Reserva Alentejo 750 ml,DIA MONTE GRANDE,,"3,99 €","5,32 €/l",,,
FAVAIOS Vinho Moscatel 750 ml,FAVAIOS,,"6,14 €","8,19 €/l",,,
"NESTEA Iced Tea Manga e Ananás 1,5 L",NESTEA,,"1,60 €","1,07 €/l",,,
ALIANÇA VELHA Aguardente Vinica 700 ml,ALIAN VELHA,,"13,25 €","18,93 €/l",,,
COMPAL Néctar Clássico de Tutti-Frutti 3x200 ml,COMPAL,,"1,39 €","2,32 €/l",,,
COMPAL Néctar Clássico  de Ananás 3x200 ml,COMPAL,,"1,39 €","2,32 €/l",,,
CÁLEM Vinho Do Porto Tawny Velhotes 750 ml,LEM,,"4,99 €","6,65 €/l",,,
CONVENTO DA VILA Vinho Tinto Regional Alentejo 750 ml,CONVENTO DA VILA,,"2,69 €","3,59 €/l",,,
CONVENTO DA VILA Vinho Branco Regional Alentejo 750 ml,CONVENTO DA VILA,,"2,69 €","3,59 €/l",,,
ERISTOFF Vodka Black 700 ml,ERISTOFF,,"12,99 €","18,56 €/l",,,
CR&F Aguardente Velha Reserva 700 ml,CR,,"17,99 €","25,70 €/l",,,
DIA Água com Gás Sabor Limão 6x250 ml,DIA,,"2,59 €","1,73 €/l",,,
COCA-COLA Zero Açúcar Garrafa 500 ml,COCA COLA,,"1,00 €","2,00 €/l",,,
MONTE VELHO Vinho Branco Regional Alentejano 750 ml,MONTE VELHO,,"5,59 €","7,45 €/l",,,
AVELEDA Vinho Verde Branco DOC Loureiro e Alvarinho 750 ml,AVELEDA DOC,,"4,99 €","6,65 €/l",,,
DIA Néctar FrutiKids Multifrutas 3x200 ml,DIA,,"1,36 €","2,27 €/l",,,
DIA COVA DO MONTE Vinho Branco DOC Douro 750 ml,DIA COVA DO MONTE DOC,,"2,46 €","3,28 €/l",,,
LOIOS Vinho Branco Regional Alentejano 750 ml,LOIOS,,"3,09 €","4,12 €/l",,,
CARLSBERG Cerveja com Álcool 6x250 ml,CARLSBERG,,"3,99 €","2,66 €/l",,,
ALABASTRO Vinho Branco 750 ml,ALABASTRO,,"4,99 €","6,65 €/l",,,
GRAND ASTORIA Licor de Amêndoa Amarga 700 ml,GRAND ASTORIA,,"5,24 €","7,49 €/l",,,
GRANDJÓ Vinho Branco Meio Doce Regional Duriense 750 ml,GRANDJ,,"5,69 €","7,59 €/l",,,
FORAL Vinho Tinto Doc Douro 750 ml,FORAL,,"4,49 €","5,99 €/l",,,
MOIRA'S Vinho Tinto Alentejo 750 ml,MOIRA,,"2,34 €","3,12 €/l",,,
RED BULL Bebida Energética 355 ml,RED BULL,,"1,89 €","5,32 €/l",,,
SUPER BOCK Cerveja com Álcool 15x200 ml,SUPER BOCK,,"13,19 €","4,40 €/l",,,
LIPTON Ice Tea Manga Garrafa 2 L,LIPTON,,"2,24 €","1,12 €/l",,,
AVELEDA Vinho Verde Branco 750 ml,AVELEDA,,"3,59 €","4,79 €/l",,,
EVEL Vinho Tinto Douro 750 ml,EVEL,,"5,69 €","7,59 €/l",,,
CÁLEM Vinho do Porto Ruby Velhotes 750 ml,LEM,,"4,99 €","6,65 €/l",,,
"AQUARIUS Laranja 1,5 L",AQUARIUS,,"1,99 €","1,33 €/l",,,
SUNNY DELIGHT Refrigerante Morango 310 ml,SUNNY DELIGHT,,"1,05 €","3,39 €/l",,,
DONA ERMELINDA Vinho Branco DOC de Palmela 750 ml,DONA ERMELINDA DOC,,"5,29 €","7,05 €/l",,,
DONA ERMELINDA Vinho Tinto Palmela 750 ml,DONA ERMELINDA,,"5,29 €","7,05 €/l",,,
DIA MONTE DAS SERRALHEIRAS Vinho Branco Palmela 750 ml,DIA MONTE DAS SERRALHEIRAS,,"2,12 €","2,83 €/l",,,
COMPAL Néctar Clássico de Ameixa 1 L,COMPAL,,"1,69 €","1,69 €/l",,,
ST. BART Vinho Do Porto Ruby 750 ml,ST BART,,"4,83 €","6,44 €/l",,,
SERRAS DE AZEITÃO Vinho Tinto Regional Península de Setúbal 750 ml,SERRAS DE AZEIT,,"3,99 €","5,32 €/l",,,
EA Vinho Tinto Regional Alentejo 750 ml,EA,,"5,99 €","7,99 €/l",,,
MARQUÊS DE BORBA Vinho Tinto Doc Alentejo 750 ml,MARQU DE BORBA,,"6,69 €","8,92 €/l",,,
COCA-COLA Zero Açúcar Zero Cafeína Lata 330 ml,COCA COLA,,"0,75 €","2,27 €/l",,,
CUNHA MARTINS Vinho Tinto Doc Dão 750 ml,CUNHA MARTINS,,"3,14 €","4,19 €/l",,,
DIA FINACEPA Vinho Branco Regional Lisboa 750 ml,DIA FINACEPA,,"1,59 €","2,12 €/l",,,
DIA FINACEPA Vinho Rosé Regional Lisboa 750 ml,DIA FINACEPA,,"1,59 €","2,12 €/l",,,
SUPER BOCK Cerveja com Álcool 20x250 ml,SUPER BOCK,,"19,99 €","4,00 €/l",,,
ALIANÇA Vinho Tinto DOC Dão 750 ml,ALIAN DOC,,"3,99 €","5,32 €/l",,,
BUSHMILLS Whisky Irlandês 700 ml,BUSHMILLS,,"19,99 €","28,56 €/l",,,
EA Vinho Branco Regional Alentejo 750 ml,EA,,"5,99 €","7,99 €/l",,,
ST. BART Vinho do Porto Reserva Tawny 750 ml,ST BART,,"8,58 €","11,44 €/l",,,
DOM MARTINHO Vinho Tinto Regional Alentejano 750 ml,DOM MARTINHO,,"5,99 €","7,99 €/l",,,
CASALEIRO Vinho Tinto Regional Tejo Reserva 750 ml,CASALEIRO,,"4,99 €","6,65 €/l",,,
DIA FONTE DOS FRADES Vinho Tinto Regional Reserva Tejo 750 ml,DIA FONTE DOS FRADES,,"3,42 €","4,56 €/l",,,
LUSO FRUTA Água Sem Gás Frutos Vermelhos 1 L,LUSO FRUTA,,"1,28 €","1,28 €/l",,,
DIA RAMBLER'S Panaché 6x250 ml,DIA RAMBLER,,"1,78 €","1,19 €/l",,,
DIA Licor de Ginja 700 ml,DIA,,"6,03 €","8,61 €/l",,,
MONTE DA RAVASQUEIRA Vinho Tinto Clássico 750 ml,MONTE DA RAVASQUEIRA,,"5,49 €","7,32 €/l",,,
GALITOS Vinho Branco Regional Alentejano 750 ml,GALITOS,,"2,29 €","3,05 €/l",,,
FIUZA Vinho Branco Regional Tejo 3 Castas 750 ml,FIUZA,,"4,59 €","6,12 €/l",,,
CABEÇA DE TOIRO Vinho Tinto Doc Tejo Reserva 750 ml,CABE DE TOIRO,,"7,49 €","9,99 €/l",,,
GRANDREALE Espumante Doce 750 ml,GRANDREALE,,"4,99 €","6,65 €/l",,,
BOMBAY Gin London Dry Sapphire 700 ml,BOMBAY,,"18,99 €","27,13 €/l","23,59 €","33,70 €/l",
COMPAL Néctar Vital de Manga E Laranja 3x200 ml,COMPAL,,"1,69 €","2,82 €/l",,,
CABRIZ Vinho Branco DOC Dão Colheita Selecionada 750 ml,CABRIZ DOC,,"4,99 €","6,65 €/l",,,
SAGRES RADLER Cerveja Com Álcool 6x330 ml,SAGRES RADLER,,"6,14 €","3,10 €/l",,,
"SUNNY DELIGHT Refrigerante California 1,25 L",SUNNY DELIGHT,,"2,19 €","1,75 €/l",,,
LUSO Água com Frutos Vermelhos 2 L,LUSO,,"2,07 €","1,04 €/l",,,
FIUZA Vinho Tinto Regional Tejo 3 Castas 750 ml,FIUZA,,"4,59 €","6,12 €/l",,,
"SUMOL Refrigerante com Gás de Ananás 1,25 L",SUMOL,,"1,39 €","1,11 €/l",,,
DANTE Vinho Lambrusco Branco 750 ml,DANTE,,"2,15 €","2,87 €/l",,,
SAGRES Cerveja com Álcool 30x250 ml,SAGRES,,"13,59 €","1,81 €/l",,,
DIA MONTE GRANDE Vinho Tinto Regional Alentejano Bag In Box 3 L,DIA MONTE GRANDE,,"6,17 €","2,06 €/l",,,
VINHA DO MONTE Vinho Tinto Regional Alentejo 750 ml,VINHA DO MONTE,,"3,99 €","5,32 €/l",,,
SONATURAL Sumo de Frutos Vermelhos 750 ml,SONATURAL,,"3,99 €","5,32 €/l",,,
UM BONGO Néctar Tum Tum Manga 3x200 ml,UM BONGO,,"1,49 €","2,48 €/l",,,
EA Vinho Tinto Regional Alentejano Reserva 750 ml,EA,,"9,49 €","12,65 €/l",,,
TRINCA BOLOTAS Vinho Tinto Doc Alentejo 750 ml,TRINCA BOLOTAS,,"6,99 €","9,32 €/l",,,
DEFESA DO ESPORÃO Vinho Tinto Regional Alentejano 750 ml,DEFESA DO ESPOR,,"7,19 €","9,59 €/l",,,
DONA ERMELINDA Vinho Tinto Doc Palmela Reserva 750 ml,DONA ERMELINDA,,"9,99 €","13,32 €/l",,,
LIPTON Ice Tea Limão Lata 250 ml,LIPTON,,"0,56 €","2,24 €/l",,,
LIPTON Ice Tea Manga Lata 250 ml,LIPTON,,"0,56 €","2,24 €/l",,,
LIPTON Ice Tea Pêssego Lata 250 ml,LIPTON,,"0,56 €","2,24 €/l",,,
BSE Vinho Branco Regional Península de Setúbal 750 ml,BSE,,"3,99 €","5,32 €/l",,,
PEPSI MAX Lata 330 ml,PEPSI MAX,,"0,70 €","2,12 €/l",,,
COMPAL Néctar Vital de Frutos Vermelhos 3x200 ml,COMPAL,,"1,69 €","2,82 €/l",,,
QUINTA DO CARMO Vinho Tinto Regional Alentejano 750 ml,QUINTA DO CARMO,,"17,79 €","23,72 €/l",,,
SONATURAL Sumo de Pepino E Aipo 750 ml,SONATURAL,,"3,99 €","5,32 €/l",,,
SONATURAL Sumo de Limão E Menta  750 ml,SONATURAL,,"3,99 €","5,32 €/l",,,
AMARGUINHA Licor Amêndoa Amarga 750 ml,AMARGUINHA,,"9,99 €","13,32 €/l",,,
VINHA GRANDE Vinho Tinto DOC Douro 750 ml,VINHA GRANDE DOC,,"9,99 €","13,32 €/l",,,
VILA REGIA Vinho Tinto DOC Douro 750 ml,VILA REGIA DOC,,"2,99 €","3,99 €/l",,,
VILA DOS GAMAS Vinho Tinto Doc Alentejo Vidigueira 750 ml,VILA DOS GAMAS,,"5,49 €","7,32 €/l",,,
MONTE DE SANTA QUITÉRIA Vinho Branco 750 ml,MONTE DE SANTA QUIT RIA,,"1,79 €","2,39 €/l",,,
COMPAL Néctar Clássico de Laranja Do Algarve 3x200 ml,COMPAL,,"1,59 €","2,65 €/l",,,
SANTAL Néctar de Manga 3x200 ml,SANTAL,,"1,76 €","2,93 €/l",,,
SANTAL Néctar Tutti-frutti 3x200 ml,SANTAL,,"1,76 €","2,93 €/l",,,
GRAND ASTORIA Licor de Frutos Silvestres 700 ml,GRAND ASTORIA,,"7,21 €","10,30 €/l",,,
CARM Vinho Tinto DOC Douro 750 ml,CARM DOC,,"10,49 €","13,99 €/l",,,
ASSOBIO Vinho Tinto Regional do Douro 750 ml,ASSOBIO,,"7,49 €","9,99 €/l",,,
DEU LA DEU Vinho Verde Branco DOC Alvarinho 750 ml,DEU LA DEU DOC,,"6,99 €","9,32 €/l",,,
TELLU'S Vinho Branco Doc Douro 750 ml,TELLU,,"4,99 €","6,65 €/l",,,
REGUENGOS Vinho Tinto Doc Reserva Alentejo 750 ml,REGUENGOS,,"5,99 €","7,99 €/l",,,
SONATURAL Sumo de Natural Limão E Hortelã 250 ml,SONATURAL,,"1,79 €","7,16 €/l",,,
SCHWEPPES Água Tónica Garrafa 200 ml,SCHWEPPES,,"0,90 €","4,50 €/l",,,
SCHWEPPES Água Tónica Zero Lata 250 ml,SCHWEPPES,,"0,85 €","3,40 €/l",,,
DIA Néctar Frutikids Manga 3x200 ml,DIA,,"1,36 €","2,27 €/l",,,
DIA Néctar Frutikids Tropical 1 L,DIA,,"1,04 €","1,04 €/l",,,
PORTAL DE S. BRAZ Vinho Branco Regional Alentejano Private Selection 750 ml,PORTAL DE BRAZ,,"2,24 €","2,99 €/l",,,
CABRIZ Vinho Tinto Doc Dão Reserva 750 ml,CABRIZ,,"9,49 €","12,65 €/l",,,
KOPKE Vinho Tinto Doc Douro 750 ml,KOPKE,,"5,99 €","7,99 €/l",,,
CASAL GARCIA Sangria 750 ml,CASAL GARCIA,,"3,99 €","5,32 €/l",,,
REGUENGOS Vinho Branco DOC Alentejo Reserva 750 ml,REGUENGOS DOC,,"5,99 €","7,99 €/l",,,
ADEGA DE MONÇÃO Vinho Verde Tinto 750 ml,ADEGA DE MON,,"2,49 €","3,32 €/l",,,
POUCA ROUPA Vinho Tinto Regional Alentejano 750 ml,POUCA ROUPA,,"4,99 €","6,65 €/l",,,
SOSSEGO Vinho Branco Regional Alentejano 750 ml,SOSSEGO,,"4,99 €","6,65 €/l",,,
AA Vinho Branco Regional Tejo Leve 750 ml,AA,,"1,99 €","2,65 €/l",,,
ALIANÇA Vinho Branco DOC Bairrada Reserva 750 ml,ALIAN DOC,,"7,49 €","9,99 €/l",,,
MONSTER ENERGY Ultra White 500 ml,MONSTER ENERGY,,"1,60 €","3,20 €/l",,,
CARM Vinho Branco DOC Douro 750 ml,CARM DOC,,"10,49 €","13,99 €/l",,,
SUPER BOCK STOUT Cerveja com Álcool 6x200 ml,SUPER BOCK STOUT,,"4,19 €","3,49 €/l",,,
CORAÇÃO DA MINHA TERRA Vinho Branco Frutado 750 ml,CORA DA MINHA TERRA,,"1,59 €","2,12 €/l",,,
CORAÇÃO DA MINHA TERRA Vinho Rosado Frutado 750 ml,CORA DA MINHA TERRA,,"1,59 €","2,12 €/l",,,
GRAND ASTORIA Moscatel Do Douro 750 ml,GRAND ASTORIA,,"4,93 €","6,57 €/l",,,
VITALIS Água Mineral Sem Gás 6 L,VITALIS,,"1,79 €","0,30 €/l",,,
AVELEDA Vinho Branco Regional do Minho 750 ml,AVELEDA,,"5,99 €","7,99 €/l",,,
HEINEKEN Cerveja com Álcool 24x250 ml,HEINEKEN,,"13,99 €","2,33 €/l",,,
SUPER BOCK Cerveja com Álcool 30x250 ml,SUPER BOCK,,"14,39 €","1,92 €/l",,,
"COCA-COLA Zero 1,75 L",COCA COLA,,"1,85 €","1,06 €/l",,,
"COCA-COLA Original 1,75 L",COCA COLA,,"2,20 €","1,26 €/l",,,
"FRIZE Água com Gás Sabor Lima, Pepino e Gengibre 4x250 ml",FRIZE,,"2,09 €","2,09 €/l",,,
SUNQUICK Concentrado de Laranja 700 ml,SUNQUICK,,"5,79 €","8,27 €/l",,,
CAVES SANTA MARTA Vinho Tinto Bag In Box 5 L,CAVES SANTA MARTA,,"6,74 €","1,35 €/l",,,
PAPA FIGOS Vinho Branco DOC Douro 750 ml,PAPA FIGOS DOC,,"7,49 €","9,99 €/l",,,
SANTAL Néctar Fruit Power 8 Frutos 3x200 ml,SANTAL,,"1,76 €","2,93 €/l",,,
"PLENO Tisana de Romã E Camomila 1,5 L",PLENO,,"1,49 €","0,99 €/l",,,
SUPERGUSS Refrigerante Sem Gás de Laranja E Manga 2 L,SUPERGUSS,,"0,79 €","0,40 €/l",,,
SUPERGUSS Refrigerante Sem Gás de Laranja 2 L,SUPERGUSS,,"0,79 €","0,40 €/l",,,
FERREIRA Vinho do Porto LBV 750 ml,FERREIRA LBV,,"14,99 €","19,99 €/l",,,
SOUZA Vinho do Porto Tawny 10 Anos 750 ml,SOUZA,,"16,99 €","22,65 €/l",,,
CAMPELO Vinho Verde Branco DOC 750 ml,CAMPELO DOC,,"2,34 €","3,12 €/l",,,
LUSO Água com Sumo de Melancia 1 L,LUSO,,"1,28 €","1,28 €/l",,,
"TRINA Refrigerante Sem Gás Zero Maçã 1,5 L",TRINA,,"2,15 €","1,43 €/l",,,
"TRINA ZERO Refrigerante Sem Gás Limão 1,5 L",TRINA ZERO,,"2,15 €","1,43 €/l",,,
SÃO BRAZ Vinho Tinto Premium 750 ml,BRAZ,,"9,99 €","13,32 €/l",,,
DESCOBRE Vinho Branco Doc Douro 750 ml,DESCOBRE,,"5,99 €","7,99 €/l",,,
LIPTON Ice Tea Chá Verde Hortelã & Lima 1 L,LIPTON,,"1,27 €","1,27 €/l",,,
CATEDRAL Vinho Tinto Dao Doc 750 ml,CATEDRAL,,"5,49 €","7,32 €/l",,,
"SANTAL Refrigerante Sem Gás Manga e Cenoura 1,5 L",SANTAL,,"2,14 €","1,43 €/l",,,
DIA COVA DO MONTE Vinho Tinto DOC Douro Reserva 750 ml,DIA COVA DO MONTE DOC,,"3,99 €","5,32 €/l",,,
BURMESTER Vinho Tinto Douro DOC 750 ml,BURMESTER DOC,,"4,49 €","5,99 €/l",,,
"DIA RAMBLER'S Cerveja Lager 0,0º  330 ml",DIA RAMBLER,,"0,40 €","1,21 €/l",,,
LEFFE Cerveja com Álcool Blonde 330 ml,LEFFE,,"2,44 €","7,39 €/l",,,
DANÚBIO Vinho Espumante Branco Meio Seco 750 ml,DAN BIO,,"5,99 €","7,99 €/l",,,
DIA Bebida Isotónica Blue  500 ml,DIA,,"0,85 €","1,70 €/l",,,
INTIMISTA Vinho Espumante Meio Seco 750 ml,INTIMISTA,,"2,39 €","3,19 €/l",,,
DUAS QUINTAS Garrafa de Vinho Tinto DOC do Douro 750 ml,DUAS QUINTAS DOC,,"12,99 €","17,32 €/l",,,
COCA-COLA Sem Cafeína 1 L,COCA COLA,,"1,35 €","1,35 €/l",,,
MURGANHEIRA Vinho Branco Espumante Bruto Reserva 750 ml,MURGANHEIRA,,"11,79 €","15,72 €/l",,,
SANDILIANO Vinho Espumante Rosé 750 ml,SANDILIANO,,"4,32 €","5,76 €/l",,,
SANDILIANO Vinho Espumante Asti 750 ml,SANDILIANO,,"5,91 €","7,88 €/l",,,
SANDILIANO Vinho Espumante Moscato 750 ml,SANDILIANO,,"4,13 €","5,51 €/l",,,
FAVAÍTO Vinho Moscatel 750 ml,FAVA TO,,"6,59 €","8,79 €/l",,,
DIA RAMBLER'S Cerveja com Álcool 24x250 ml,DIA RAMBLER,,"10,09 €","1,68 €/l",,,
ABELHARUCO Vinho Tinto Regional Alentejano 750 ml,ABELHARUCO,,"5,99 €","7,99 €/l",,,
SUPER BOCK Cerveja com Álcool Munich Dunkel 1927 330 ml,SUPER BOCK,,"1,99 €","6,03 €/l",,,
CÁLEM Vinho do Porto White Velhotes 750 ml,LEM,,"4,99 €","6,65 €/l",,,
SUPER BOCK Cerveja com Álcool Bavaria Weiss 1927 330 ml,SUPER BOCK,,"1,99 €","6,03 €/l",,,
"7UP Refrigerante com Gás Lima-Limão Free 1,25 L",UP,,"1,39 €","1,11 €/l",,,
CÁLEM Vinho do Porto Special Reserve Velhotes 750 ml,LEM,,"7,99 €","10,65 €/l",,,
BOMBAY Gin London Original 700 ml,BOMBAY,,"16,59 €","23,70 €/l",,,
SONATURAL Sumo de Frutos Vermelhos 250 ml,SONATURAL,,"1,79 €","7,16 €/l",,,
SONATURAL Sumo de Manga 250 ml,SONATURAL,,"1,79 €","7,16 €/l",,,
SONATURAL Sumo de Beterraba 250 ml,SONATURAL,,"1,79 €","7,16 €/l",,,
SONATURAL Sumo de Cenoura 250 ml,SONATURAL,,"1,79 €","7,16 €/l",,,
PARCELA DE PIAS Vinho Branco Bag In Box 5 L,PARCELA DE PIAS,,"7,99 €","1,60 €/l",,,
CAVES SANTA MARTA Vinho Tinto Doc Douro 750 ml,CAVES SANTA MARTA,,"2,29 €","3,05 €/l",,,
LEVE MUNDUS Vinho Branco Regional Lisboa 750 ml,LEVE MUNDUS,,"1,99 €","2,65 €/l",,,
PEDRAS Água com Gás Sabor Maracujá 4x250 ml,PEDRAS,,"2,99 €","2,99 €/l",,,
CAVES SANTA MARTA Vinho Branco Doc Douro 750 ml,CAVES SANTA MARTA,,"2,29 €","3,05 €/l",,,
LIPTON Ice Tea Pêssego Zero Açúcar 2 L,LIPTON,,"2,09 €","1,05 €/l",,,
PORTA DA RAVESSA Vinho Rosé Alentejano 750 ml,PORTA DA RAVESSA,,"2,99 €","3,99 €/l",,,
GRÃO VASCO Vinho Branco Dão 750 ml,GR VASCO,,"3,99 €","5,32 €/l",,,
DANTE Vinho Lambrusco Tinto  750 ml,DANTE,,"2,00 €","2,67 €/l",,,
GAZELA Vinho Verde Rosé 750 ml,GAZELA,,"3,79 €","5,05 €/l",,,
HEINEKEN Cerveja Com Álcool Lata 330 ml,HEINEKEN,,"0,85 €","2,58 €/l",,,
COPERATIVA AGRÍCOLA DE FELGUEIRAS Vinho Verde Branco Doc 750 ml,COPERATIVA AGR COLA DE FELGUEIRAS,,"2,59 €","3,45 €/l",,,
ESTEVA Vinho Tinto Doc Douro 375 ml,ESTEVA,,"2,79 €","7,44 €/l",,,
PLANALTO Vinho Branco DOC Douro Reserva 375 ml,PLANALTO DOC,,"2,79 €","7,44 €/l",,,
VALE DE LISBOA Vinho Tinto Regional Premium 750 ml,VALE DE LISBOA,,"2,99 €","3,99 €/l",,,
CÁLEM Vinho Do Porto Tawny 10 Anos Velhotes 750 ml,LEM,,"17,99 €","23,99 €/l",,,
DIA PUR&FICA Água de Nascente Sport 500 ml,DIA PUR FICA,,"0,39 €","0,78 €/l",,,
DIA RÉGIA CASTA Espumante Bruto 750 ml,DIA GIA CASTA,,"3,39 €","4,52 €/l",,,
DIA RÉGIA CASTA Espumante Meio Seco 750 ml,DIA GIA CASTA,,"3,39 €","4,52 €/l",,,
PORTA DA RAVESSA Vinho Tinto Doc Alentejo Reserva 750 ml,PORTA DA RAVESSA,,"5,99 €","7,99 €/l",,,
PORTA DA RAVESSA Vinho Branco DOC Alentejo Reserva 750 ml,PORTA DA RAVESSA DOC,,"5,99 €","7,99 €/l",,,
DIA RÉGIA CASTA Espumante Doce 750 ml,DIA GIA CASTA,,"3,39 €","4,52 €/l",,,
TRINCA BOLOTAS Vinho Branco Alentejo 750 ml,TRINCA BOLOTAS,,"6,99 €","9,32 €/l",,,
MATEUS Vinho Rosé 375 ml,MATEUS,,"2,59 €","6,91 €/l",,,
GALITOS Vinho Tinto Regional Alentejo Bag In Box 3L 3 L,GALITOS,,"7,99 €","2,66 €/l",,,
DIA PUR&FICA Água de Nascente 330 ml,DIA PUR FICA,,"0,16 €","0,48 €/l",,,
"SUMOL Refrigerante com Gás de Ananás 1,75 L",SUMOL,,"1,89 €","1,08 €/l",,,
"PEPSI Refrigerante com Gás 1,75 L",PEPSI,,"1,99 €","1,14 €/l",,,
"SUMOL Refrigerante com Gás de Laranja 1,75 L",SUMOL,,"1,89 €","1,08 €/l",,,
"7UP Refrigerante com Gás de Lima-Limão 1,75 L",UP,,"1,99 €","1,14 €/l",,,
QUINTA DE PANCAS Vinho Tinto Regional Lisboa 750 ml,QUINTA DE PANCAS,,"4,49 €","5,99 €/l",,,
PANCAS Vinho Branco Regional Lisboa 750 ml,PANCAS,,"4,49 €","5,99 €/l",,,
QUINTA DA ALORNA Vinho Branco Regional Tejo 750 ml,QUINTA DA ALORNA,,"4,49 €","5,99 €/l",,,
QUINTA DA ALORNA Vinho Tinto Regional Tejo 750 ml,QUINTA DA ALORNA,,"4,49 €","5,99 €/l",,,
SCHWEPPES Refrigerante Sem Gás Ginger Ale 1 L,SCHWEPPES,,"1,95 €","1,95 €/l",,,
BAR ROYAL Cocktail Aromatizado Melão 750 ml,BAR ROYAL,,"3,99 €","5,32 €/l",,,
BAR ROYAL Cocktail Aromatizado Morango 750 ml,BAR ROYAL,,"3,99 €","5,32 €/l",,,
BANDIDA DO POMAR Sidra com Álcool Maçãs Ácidas Lata 500 ml,BANDIDA DO POMAR,,"1,19 €","2,38 €/l",,,
SCHWEPPES Refrigerante com Gás Citrus 1 L,SCHWEPPES,,"1,95 €","1,95 €/l",,,
FAISÃO Vinho Rosé 750 ml,FAIS,,"2,39 €","3,19 €/l",,,
FAISÃO Vinho Branco 750 ml,FAIS,,"2,39 €","3,19 €/l",,,
CACHO FRESCO Vinho Rosé Frisante 750 ml,CACHO FRESCO,,"1,99 €","2,65 €/l",,,
CARLSBERG Cerveja com Álcool Lata 330 ml,CARLSBERG,,"1,19 €","3,61 €/l",,,
"REFRESCA O TEU DIA Refrigerante Com Gás Gasosa 1,5 L",REFRESCA TEU DIA,,"0,59 €","0,39 €/l",,,
COCA-COLA Sabor Original 330 ml,COCA COLA,,"0,80 €","2,42 €/l",,,
FANTA Refrigerante Com Gás de Laranja Lata 330 ml,FANTA,,"0,69 €","2,09 €/l",,,
DIA Vinho Rosé 1 L,DIA,,"0,88 €","0,88 €/l",,,
DIA COLHEITA SECULAR Vinho Branco 1 L,DIA COLHEITA SECULAR,,"0,99 €","0,99 €/l",,,
DIA COLHEITA SECULAR Vinho Tinto 1 L,DIA COLHEITA SECULAR,,"0,99 €","0,99 €/l",,,
SAGRES Cerveja Com Álcool Lata 330 ml,SAGRES,,"0,69 €","2,09 €/l",,,
SUPER BOCK Cerveja Com Álcool Lata 330 ml,SUPER BOCK,,"0,69 €","2,09 €/l",,,
TERRAS D'EL REI Vinho Branco Regional Alentejano 750 ml,TERRAS EL REI,,"2,84 €","3,79 €/l",,,
CASTELLO Água Com Gás 6x250 ml,CASTELLO,,"2,79 €","1,86 €/l",,,
RAPOSEIRA Vinho Espumante Reserva Meio Seco 750 ml,RAPOSEIRA,,"8,39 €","11,19 €/l",,,
CASAL GARCIA Vinho Verde Branco DOC 750 ml,CASAL GARCIA DOC,,"4,19 €","5,59 €/l",,,
UM BONGO Néctar 8 Frutos 1 L,UM BONGO,,"1,49 €","1,49 €/l",,,
DIA Néctar de Manga 1 L,DIA,,"1,12 €","1,12 €/l",,,
DIA Néctar de Manga 3x200 ml,DIA,,"0,99 €","1,65 €/l",,,
GANCIA Vinho Espumante Asti 750 ml,GANCIA,,"8,69 €","11,59 €/l",,,
VAT 69 Whisky 700 ml,VAT,,"13,49 €","19,27 €/l",,,
GORDON'S Gin 700 ml,GORDON,,"16,49 €","23,56 €/l",,,
SUMOL Refrigerante Com Gás de Laranja Lata 330 ml,SUMOL,,"0,79 €","2,39 €/l",,,
SUMOL Refrigerante Com Gás de Ananás Lata 330 ml,SUMOL,,"0,79 €","2,39 €/l",,,
SUPER BOCK Cerveja Sem Álcool 6x330 ml,SUPER BOCK,,"5,99 €","3,03 €/l",,,
PEDRAS Água Com Gás Sabor Limão 4x250 ml,PEDRAS,,"2,99 €","2,99 €/l",,,
COMPAL Néctar Clássico Pêssego 200 ml,COMPAL,,"0,89 €","4,45 €/l",,,
RED BULL Bebida Energética 250 ml,RED BULL,,"1,39 €","5,56 €/l",,,
ADEGA DE BORBA Vinho Branco DOC Alentejo 750 ml,ADEGA DE BORBA DOC,,"3,89 €","5,19 €/l",,,
COMPAL Néctar Vital Frutos Vermelhos 1 L,COMPAL,,"1,35 €","1,35 €/l",,,
PORTA DA RAVESSA Vinho Tinto DOC Alentejo 750 ml,PORTA DA RAVESSA DOC,,"2,99 €","3,99 €/l",,,
VINHA do MARCO Vinho Tinto 750 ml,VINHA MARCO,,"1,74 €","2,32 €/l",,,
"LUSO Água Mineral Natural 1,5 L",LUSO,,"0,52 €","0,35 €/l",,,
COCA-COLA Zero Açúcar Garrafa 1 L,COCA COLA,,"1,17 €","1,17 €/l",,,
COMPAL Néctar Clássico Pêssego 1 L,COMPAL,,"1,49 €","1,49 €/l",,,
PEDRAS SALGADAS Água Com Gás 6x250 ml,PEDRAS SALGADAS,,"2,99 €","1,99 €/l",,,
COMPAL Néctar Clássico de Tutti-Frutti 1 L,COMPAL,,"1,09 €","1,09 €/l",,,
"JOI Refrigerante Sem Gás de Laranja 1,5 L",JOI,,"1,90 €","1,27 €/l",,,
"DIA UPSS Refrigerante Com Gás de Laranja 1,5 L",DIA UPSS,,"1,04 €","0,69 €/l",,,
COCA-COLA Sabor Original 1 L,COCA COLA,,"1,35 €","1,35 €/l",,,
J.P. Vinho Branco Regional Península de Setúbal 750 ml,,,"2,99 €","3,99 €/l",,,
REGUENGOS Vinho Tinto DOC Alentejo 750 ml,REGUENGOS DOC,,"3,49 €","4,65 €/l",,,
DIA UPSS Refrigerante Com Gás Lima-Limão Lata 330 ml,DIA UPSS,,"0,55 €","1,67 €/l",,,
COMPAL Néctar Vital de Manga E Laranja 1 L,COMPAL,,"1,35 €","1,35 €/l",,,
COCA-COLA Zero Açúcar Lata 330 ml,COCA COLA,,"0,75 €","2,27 €/l",,,
DIA Néctar Light de Manga E Laranja 1 L,DIA,,"1,12 €","1,12 €/l",,,
PEPSI Refrigerante Com Gás Lata 330 ml,PEPSI,,"0,77 €","2,33 €/l",,,
THE FAMOUS GROUSE Whisky 700 ml,THE FAMOUS GROUSE,,"17,49 €","24,99 €/l",,,
SAGRES Cerveja Com Álcool 1 L,SAGRES,,"1,99 €","1,99 €/l",,,
"DIA Refrigerante Sem Gás de Laranja 1,5 L",DIA,,"0,99 €","0,66 €/l",,,
GRÃO VASCO Vinho Tinto DOC Dão 750 ml,GR VASCO DOC,,"3,99 €","5,32 €/l",,,
CRISTAL Cerveja Cristal 6x330 ml,CRISTAL,,"3,29 €","0,55 €/ud",,,
SAGRES Cerveja Com Alcool Lata 500 ml,SAGRES,,"0,84 €","1,68 €/l",,,
SUPER BOCK Cerveja Com Álcool Lata 500 ml,SUPER BOCK,,"1,59 €","3,18 €/l",,,
"DIA FRESHQUINHOS Refrigerante Sem Gás Frutas e Cenoura 1,5 L",DIA FRESHQUINHOS,,"1,25 €","0,83 €/l",,,
GUARANÁ ANTARCTICA Refrigerante Com Gás Guaraná 330 ml,GUARAN ANTARCTICA,,"0,79 €","2,39 €/l",,,
DIA FONTE DOS FRADES Vinho Tinto Regional Tejo 750 ml,DIA FONTE DOS FRADES,,"2,15 €","2,87 €/l",,,
BALLANTINE'S Whisky Escocês Ballantine'S Finest 700 ml,BALLANTINE,,"15,99 €","22,84 €/l",,,
DIA Néctar de Tutti-Frutti 1 L,DIA,,"1,04 €","1,04 €/l",,,
BEIRÃO Licor 700 ml,BEIR,,"11,99 €","17,13 €/l",,,
RED BULL Bebida Energética Sugar Free 250 ml,RED BULL,,"1,39 €","5,56 €/l",,,
DIA Néctar Light de Manga E Laranja 3x200 ml,DIA,,"1,29 €","2,15 €/l",,,
DIA Iced Tea de Manga 2 L,DIA,,"1,19 €","0,60 €/l",,,
UM BONGO Néctar 8 Frutos 3x200 ml,UM BONGO,,"1,39 €","2,32 €/l",,,
FRIZE Água Com Gás Sabor Limão 4x250 ml,FRIZE,,"2,09 €","2,09 €/l",,,
COMPAL Sumo 100% Laranja 1 L,COMPAL,,"1,69 €","1,69 €/l",,,
DIA EL DIABLO Bebida Energética 250 ml,DIA EL DIABLO,,"0,59 €","2,36 €/l",,,
DIA MONTE GRANDE Vinho Tinto Regional Alentejo 750 ml,DIA MONTE GRANDE,,"1,84 €","2,45 €/l",,,
DIA Néctar de Tutti-Frutti 3x200 ml,DIA,,"1,29 €","2,15 €/l",,,
GALITOS Vinho Tinto Regional Alentejo 750 ml,GALITOS,,"2,29 €","3,05 €/l",,,
"FANTA ZERO Uva 1,5 L",FANTA ZERO,,"1,60 €","1,07 €/l",,,
"JOI Refrigerante Sem Gás Manga E Laranja 1,5 L",JOI,,"1,90 €","1,27 €/l",,,
PEDRAS SALGADAS Água Com Gás 6x330 ml,PEDRAS SALGADAS,,"3,69 €","1,86 €/l",,,
SUPER BOCK Cerveja Com Álcool 1 L,SUPER BOCK,,"1,99 €","1,99 €/l",,,
SUPER BOCK Cerveja Com Álcool 24x200 ml,SUPER BOCK,,"11,99 €","2,50 €/l",,,
DIA DANTE Vinho Rosé Lambrusco 750 ml,DIA DANTE,,"2,00 €","2,67 €/l",,,
DIA EL DIABLO Bebida Energética Light 250 ml,DIA EL DIABLO,,"0,55 €","2,20 €/l",,,
"DIA QUERO Iced Tea de Manga 1,5 L",DIA QUERO,,"1,17 €","0,78 €/l",,,
"DIA QUERO Iced Tea de Pêssego 1,5 L",DIA QUERO,,"1,17 €","0,78 €/l",,,
"DIA QUERO Iced Tea de Limão 1,5 L",DIA QUERO,,"1,17 €","0,78 €/l",,,
DIA Bebida Instantânea de Manga 40 g,DIA,,"0,94 €","23,50 €/Kg",,,
LUSO FRUTA Água Sem Gás Limão 1 L,LUSO FRUTA,,"1,28 €","1,28 €/l",,,
MONSTER ENERGY Green 500 ml,MONSTER ENERGY,,"1,60 €","3,20 €/l",,,
CASA ERMELINDA Freitas Vinho Tinto Regional Setúbal 3 L,CASA ERMELINDA,,"9,99 €","3,33 €/l",,,
CRISTAL Cerveja Com Álcool 1 L,CRISTAL,,"1,39 €","1,39 €/l",,,
BURN Original 500 ml,BURN,,"1,10 €","2,20 €/l",,,
"7UP Refrigerante Com Gás Lima Limão 1,25 L",UP,,"1,49 €","1,19 €/l",,,
COMPAL Néctar Clássico de Laranja do Algarve 1 L,COMPAL,,"1,35 €","1,35 €/l",,,
CAPRI-SUN Laranja 200 ml,CAPRI SUN,,"0,55 €","2,75 €/l",,,
DIA QUERO Iced Tea de Limão 2 L,DIA QUERO,,"1,24 €","0,62 €/l",,,
LUSO Água Mineral Natural 500 ml,LUSO,,"0,36 €","0,72 €/l",,,
ADEGA de PEGÕES Vinho Tinto Regional Setúbal 750 ml,ADEGA PEG ES,,"2,09 €","2,79 €/l",,,
ADEGA de PEGÕES Vinho Branco Regional Setúbal 750 ml,ADEGA PEG ES,,"2,09 €","2,79 €/l",,,
SCHWEPPES Água Tónica Lata 250 ml,SCHWEPPES,,"0,85 €","3,40 €/l",,,
"SUNNY DELIGHT Sunny Delight Florida 1,25 L",SUNNY DELIGHT,,"2,19 €","1,75 €/l",,,
COMPAL Néctar Vital Manga e Maracujá 1 L,COMPAL,,"1,35 €","1,35 €/l",,,
"SUMOL Refrigerante Com Gás de Laranja 1,25 L",SUMOL,,"1,39 €","1,11 €/l",,,
DIA Iced Tea de Pêssego 6x200 ml,DIA,,"1,34 €","1,12 €/l",,,
DIA Iced Tea de Manga 6x200 ml,DIA,,"1,34 €","1,12 €/l",,,
DIA Iced Tea de Limão 6x200 ml,DIA,,"1,34 €","1,12 €/l",,,
SOMERSBY Sidra Com Álcool Maçã 4x330 ml,SOMERSBY,,"4,49 €","3,40 €/l",,,
VIDIGUEIRA Vinho Tinto DOC Alentejo 750 ml,VIDIGUEIRA DOC,,"3,99 €","5,32 €/l",,,
DIA MONTE GRANDE Vinho Tinto Regional Alentejo 375 ml,DIA MONTE GRANDE,,"1,35 €","3,60 €/l",,,
CAPRI-SUN Safari 200 ml,CAPRI SUN,,"0,55 €","2,75 €/l",,,
PAPA FIGOS Vinho Tinto DOC Douro 750 ml,PAPA FIGOS DOC,,"7,49 €","9,99 €/l",,,
"DIA Sumo de Maçã 1,5 L",DIA,,"1,20 €","0,80 €/l",,,
"DIA Sumo Tropical 1,5 L",DIA,,"1,53 €","1,02 €/l",,,
SUPER BOCK Cerveja Com Álcool 6x330 ml,SUPER BOCK,,"4,79 €","2,42 €/l",,,
SOMERSBY Sidra Com Álcool Blackberry 4x330 ml,SOMERSBY,,"4,49 €","3,40 €/l",,,
LIPTON Ice Tea Manga Prisma 200 ml,LIPTON,,"0,42 €","2,10 €/l",,,
LIPTON Ice Tea Pêssego Prisma 200 ml,LIPTON,,"0,42 €","2,10 €/l",,,
LIPTON Ice Tea Limão Prisma 200 ml,LIPTON,,"0,42 €","2,10 €/l",,,
COMPAL Néctar Clássico de Ananás 1 L,COMPAL,,"1,69 €","1,69 €/l",,,
CARTUXA Vinho Tinto DOC Alentejo 750 ml,CARTUXA DOC,,"19,99 €","26,65 €/l",,,
CACHO FRESCO Vinho Branco Frisante 750 ml,CACHO FRESCO,,"1,99 €","2,65 €/l",,,
LEZÍRIA Vinho Branco Meio Seco 750 ml,LEZ RIA,,"1,59 €","2,12 €/l",,,
LEZÍRIA Vinho Tinto 750 ml,LEZ RIA,,"1,59 €","2,12 €/l",,,
MURALHAS Vinho Verde Branco DOC 750 ml,MURALHAS DOC,,"4,59 €","6,12 €/l",,,
PARCELA de PIAS Vinho Tinto Bag In Box   5 L,PARCELA PIAS,,"7,99 €","1,60 €/l",,,
TELLU'S Vinho Tinto DOC Douro 750 ml,TELLU DOC,,"4,99 €","6,65 €/l",,,
7UP Refrigerante Com Gás Lata 330 ml,UP,,"0,79 €","2,39 €/l",,,
DIA MONTE DAS SERRALHEIRAS Vinho Tinto D.O. Palmela 750 ml,DIA MONTE DAS SERRALHEIRAS,,"1,88 €","2,51 €/l",,,
DIA Néctar de Pêssego 1 L,DIA,,"1,02 €","1,02 €/l",,,
DIA (CO)NÉCTAR Néctar de Pêra 1 L,DIA CO CTAR,,"1,02 €","1,02 €/l",,,
DIA Néctar de Pêssego 3x200 ml,DIA,,"0,99 €","1,65 €/l",,,
DIA (CO)NÉCTAR Néctar de Pêra 3x200 ml,DIA CO CTAR,,"1,29 €","2,15 €/l",,,
"DIA Refrigerante Sem Gás de Laranja E Maracujá 1,5 L",DIA,,"0,95 €","0,63 €/l",,,
"DIA UPSS Refrigerante Com Gás de Ananás 1,5 L",DIA UPSS,,"1,04 €","0,69 €/l",,,
ESKY Refrigerante Com Gás Cola 2 L,ESKY,,"0,88 €","0,44 €/l",,,
"FANTA Laranja 1,5 L",FANTA,,"1,60 €","1,07 €/l",,,
COMPAL Néctar Clássico de Pêra 1 L,COMPAL,,"1,09 €","1,09 €/l",,,
ANDERSON'S Whisky Blended 700 ml,ANDERSON,,"7,41 €","10,59 €/l",,,
TAVEDO Vinho Tinto DOC Douro 750 ml,TAVEDO DOC,,"2,99 €","3,99 €/l",,,
JAMESON Whisky Irlandês 700 ml,JAMESON,,"20,99 €","29,99 €/l",,,
DIA VITAL Néctar Vital de Frutos Vermelhos 1 L,DIA VITAL,,"1,15 €","1,15 €/l",,,
PEDRAS SALGADAS Água Com Gás 1 L,PEDRAS SALGADAS,,"1,47 €","1,47 €/l",,,
HEINEKEN Cerveja Com Álcool 6x250 ml,HEINEKEN,,"3,99 €","2,66 €/l",,,
DIA Vinho Branco 250 ml,DIA,,"0,65 €","2,60 €/l",,,
DIA Vinho Tinto Brick 250 ml,DIA,,"0,65 €","2,60 €/l",,,
"DIA Água Com Gás 1,5 L",DIA,,"0,45 €","0,30 €/l",,,
DIA Sumo de Laranja Sem Polpa 1 L,DIA,,"2,00 €","2,00 €/l",,,
LIPTON Ice Tea Limão Garrafa 2 L,LIPTON,,"2,24 €","1,12 €/l",,,
LIPTON Ice Tea Pêssego Garrafa 2 L,LIPTON,,"2,24 €","1,12 €/l",,,
CABRIZ Vinho Tinto DOC Dão Colheita Selecionada 750 ml,CABRIZ DOC,,"4,99 €","6,65 €/l",,,
CASAL GARCIA Vinho Verde Rosé DOC 750 ml,CASAL GARCIA DOC,,"4,19 €","5,59 €/l",,,
COMPAL Néctar Clássico de Pêra 3x200 ml,COMPAL,,"1,39 €","2,32 €/l",,,
"DIA TONI TÓNICO Água Tónica 1,5 L",DIA TONI NICO,,"1,55 €","1,03 €/l",,,
"FANTA Refrigerante Com Gás de Laranja Zero 1,5 L",FANTA,,"1,60 €","1,07 €/l",,,
"FANTA ZERO Maracujá 1,5 L",FANTA ZERO,,"1,60 €","1,07 €/l",,,
SUNNY DELIGHT - Sunny Delight Florida 310 ml,SUNNY DELIGHT,,"1,05 €","3,39 €/l",,,
CASTELO DE BORBA Vinho Tinto DOC Alentejo 750 ml,CASTELO DE BORBA DOC,,"4,99 €","6,65 €/l",,,
CASTELO DE BORBA Vinho Branco DOC Alentejo 750 ml,CASTELO DE BORBA DOC,,"4,99 €","6,65 €/l",,,
SUPER BOCK Cerveja Com Álcool 6x200 ml,SUPER BOCK,,"3,29 €","2,74 €/l",,,
"PLENO Tisana de Chá Verde e Limão Light 1,5 L",PLENO,,"1,49 €","0,99 €/l",,,
DUORUM Vinho Tinto Doc Douro 750 ml,DUORUM,,"12,49 €","16,65 €/l",,,
SOSSEGO Vinho Tinto Regional Alentejo 750 ml,SOSSEGO,,"4,99 €","6,65 €/l",,,
ALIANÇA Vinho Tinto DOC Bairrada Reserva Aliança 750 ml,ALIAN DOC,,"7,49 €","9,99 €/l",,,
PEDRAS Água Com Gás Sabor Limão 1 L,PEDRAS,,"2,19 €","2,19 €/l",,,
PAPO AMARELO Vinho Branco Regional Reserva Setúbal 750 ml,PAPO AMARELO,,"2,99 €","3,99 €/l",,,
DESCOBRE Vinho Tinto DOC Douro 750 ml,DESCOBRE DOC,,"5,99 €","7,99 €/l",,,
DIA PUR&FICA Água de Nascente 6 L,DIA PUR FICA,,"0,85 €","0,14 €/l",,,
"DIA PUR&FICA Água de Nascente 1,5 L",DIA PUR FICA,,"0,29 €","0,19 €/l",,,
BANDIDA do POMAR Sidra com Álcool Maçã Lata 500 ml,BANDIDA POMAR,,"1,19 €","2,38 €/l",,,
PENACOVA Água Mineral 5 L,PENACOVA,,"0,99 €","0,20 €/l",,,
"PENACOVA Água Mineral 1,5 L",PENACOVA,,"0,38 €","0,25 €/l",,,
"COCA-COLA Zero Açúcar Zero Cafeína Garrafa 1,75 L",COCA COLA,,"1,85 €","1,06 €/l",,,
ESTEVA Vinho Tinto DOC Douro 750 ml,ESTEVA DOC,,"4,99 €","6,65 €/l",,,
DIA Tea de Pêssego 2 L,DIA,,"1,19 €","0,60 €/l",,,
SAGRES Cerveja Sem Álcool 0.0% 330 ml,SAGRES,,"0,99 €","3,00 €/l",,,
SOMERSBY Sidra Com Álcool Maçã Lata 500 ml,SOMERSBY,,"1,39 €","2,78 €/l",,,
"LUSO Água Mineral Natural 5,4 L",LUSO,,"1,44 €","0,27 €/l",,,
DIA PUR&FICA Água de Nascente 500 ml,DIA PUR FICA,,"0,19 €","0,38 €/l",,,
SÃO BRAZ Vinho Tinto Regional Alentejano Selection 750 ml,BRAZ,,"2,24 €","2,99 €/l",,,
SCHWEPPES Refrigerante Sem Gás Ginger Ale Lata 330 ml,SCHWEPPES,,"0,85 €","2,58 €/l",,,
SCHWEPPES Refrigerante Com Gás Citrus Lata 330 ml,SCHWEPPES,,"0,85 €","2,58 €/l",,,
PEDRAS Água Com Gás Sabor Tangerina 4x250 ml,PEDRAS,,"2,99 €","2,99 €/l",,,
SAGRES Cerveja com Álcool Preta Lata 330 ml,SAGRES,,"0,74 €","2,24 €/l",,,
QUINTA DO CÔTTO Vinho Tinto do Douro 750 ml,QUINTA DO TTO,,"8,49 €","11,32 €/l",,,
BOHEMIA Cerveja com Álcool Pilsener 330 ml,BOHEMIA,,"0,75 €","2,27 €/l",,,
BOHEMIA Cerveja com Álcool 330 ml,BOHEMIA,,"0,75 €","2,27 €/l",,,
DIA HOLA COLA Refrigerante Com Gás Zero 2 L,DIA HOLA COLA,,"1,17 €","0,59 €/l",,,
DIA HOLA COLA Refrigerante Com Gás Lata 330 ml,DIA HOLA COLA,,"0,56 €","1,70 €/l",,,
DIA HOLA COLA Refrigerante Com Gás Zero Lata 330 ml,DIA HOLA COLA,,"0,56 €","1,70 €/l",,,
"HEINEKEN Cerveja Sem Álcool 0,0% Lata 330 ml",HEINEKEN,,"0,85 €","2,58 €/l",,,
BOHEMIA Cerveja com Álcool 330 ml,BOHEMIA,,"0,75 €","2,27 €/l",,,
CAVES VELHAS Vinho Branco Bucelas 750 ml,CAVES VELHAS,,"5,49 €","7,32 €/l",,,
ADEGA DE MONÇÃO Vinho Verde Branco DOC 750 ml,ADEGA DE MON DOC,,"3,29 €","4,39 €/l",,,
FLOR DO CAMPO Vinho Branco Frutado 750 ml,FLOR DO CAMPO,,"1,34 €","1,79 €/l",,,
CASTIÇO Vinho Branco Frisante 750 ml,CASTI,,"2,99 €","3,99 €/l",,,
"PEPSI Refrigerante Com Gás Max 1,75 L",PEPSI,,"1,59 €","0,91 €/l",,,
CORONA Cerveja com Álcool Mexicana 210 ml,CORONA,,"1,25 €","5,95 €/l",,,
LUSO Água com Sabor Maçã 1 L,LUSO,,"1,28 €","1,28 €/l",,,
SOMERSBY Sidra Com Álcool Maçã 6x200 ml,SOMERSBY,,"5,85 €","4,88 €/l",,,
DIA RAMBLER'S Cerveja 500 ml,DIA RAMBLER,,"0,71 €","1,42 €/l",,,
DIA RAMBLER'S Cerveja 1 L,DIA RAMBLER,,"1,23 €","1,23 €/l",,,
DIA RAMBLER'S Cerveja 6x250 ml,DIA RAMBLER,,"3,08 €","2,05 €/l",,,
DIA RAMBLER'S Cerveja Rambler Lata 330 ml,DIA RAMBLER,,"0,41 €","1,24 €/l",,,
ALDEIA VELHA Aguardente 700 ml,ALDEIA VELHA,,"14,99 €","21,41 €/l",,,
MARQUÊS DE MARIALVA Vinho Tinto Bairrada 750 ml,MARQU DE MARIALVA,,"4,99 €","6,65 €/l",,,
CASA DE SANTAR Vinho Tinto Dão 750 ml,CASA DE SANTAR,,"7,49 €","9,99 €/l",,,
SÃO BRAZ Caixa de Garrafas Vinho Tinto Alentejano Premium 2x750 ml,BRAZ,,"19,98 €","13,32 €/l",,,
CÁLEM Vinho do Porto LBV Velhotes 750 ml,LEM LBV,,"10,99 €","14,65 €/l","18,99 €","25,32 €/l",
SAGRES Cerveja Com Álcool 6x330 ml,SAGRES,,"4,79 €","2,42 €/l",,,
AQUARIUS Bebida Isotónica Sabor Laranja 330 ml,AQUARIUS,,"0,70 €","2,12 €/l",,,
CAPRI-SUN Refrigerante sem Gás Manga Maracujá Pouch 330 ml,CAPRI SUN,,"0,80 €","2,42 €/l",,,
SCHWEPPES Água Tónica Pink 1 L,SCHWEPPES,,"1,95 €","1,95 €/l",,,
FITA AZUL Espumante Celebration Doce com Oferta de Flute 2x750 ml,FITA AZUL,,"11,38 €","7,59 €/l",,,
MURGANHEIRA Vinho Branco Espumante Meio Seco Reserva 750 ml,MURGANHEIRA,,"11,79 €","15,72 €/l",,,
SPRITE Refrigerante com Gás Lima Limão 330 ml,SPRITE,,"0,69 €","2,09 €/l",,,
FANTA Zero Uva 330 ml,FANTA,,"0,69 €","2,09 €/l",,,
TAVEDO Vinho Branco DOC Douro 750 ml,TAVEDO DOC,,"2,99 €","3,99 €/l",,,
MONSTER Bebida Energética Mango Loco 500 ml,MONSTER,,"1,60 €","3,20 €/l",,,
TAPADA DOS GAMAS Vinho Tinto Regional Alentejano 750 ml,TAPADA DOS GAMAS,,"3,99 €","5,32 €/l",,,
TAPADA DOS GAMAS Vinho Branco Regional Alentejano 750 ml,TAPADA DOS GAMAS,,"3,99 €","5,32 €/l",,,
CASTELLO Água com Gás Sabor Lima 4x250 ml,CASTELLO,,"2,39 €","2,39 €/l",,,
REAL LAVRADOR Vinho Tinto Regional Alentejo Bag In Box 3L 3 L,REAL LAVRADOR,,"5,99 €","2,00 €/l",,,
REAL LAVRADOR Vinho Branco Regional Alentejo Bag In Box 3L 3 L,REAL LAVRADOR,,"5,99 €","2,00 €/l",,,
"EVIAN Água Mineral Sem Gás 1,5 L",EVIAN,,"1,79 €","1,19 €/l",,,
EVIAN Água Mineral Sem Gás 500 ml,EVIAN,,"1,15 €","2,30 €/l",,,
SCHWEPPES Água Tónica Pink Lata 250 ml,SCHWEPPES,,"0,85 €","3,40 €/l",,,
SCHWEPPES Limão Lata 330 ml,SCHWEPPES,,"0,85 €","2,58 €/l",,,
JOI Refrigerante Sem Gás Laranja 330 ml,JOI,,"0,69 €","2,09 €/l",,,
BANDIDA DO POMAR Sidra com Álcool Frutos Vermelhos 500 ml,BANDIDA DO POMAR,,"1,19 €","2,38 €/l",,,
"SPRITE Refrigerante com Gás Lima Limão 1,5 L",SPRITE,,"1,25 €","0,83 €/l",,,
"FESTA DO DIA Sangria Branca 1,5 L",FESTA DO DIA,,"1,79 €","1,19 €/l",,,
"SPRITE Refrigerante com Gás Lima Limão Zero 1,5 L",SPRITE,,"1,25 €","0,83 €/l",,,
HEINEKEN Cerveja com Álcool Barril 5 L,HEINEKEN,,"15,95 €","3,19 €/l",,,
FANTA Laranja 1 L,FANTA,,"1,10 €","1,10 €/l",,,
SPRITE Refrigerante com Gás Lima Limão 1 L,SPRITE,,"0,99 €","0,99 €/l",,,
"FANTA Refrigerante com Gás Guaraná 1,5 L",FANTA,,"1,69 €","1,13 €/l",,,
PAPO AMARELO Vinho Rosé Regional Setúbal 750 ml,PAPO AMARELO,,"2,99 €","3,99 €/l",,,
SUPER BOCK Cerveja Abadia 330 ml,SUPER BOCK,,"1,00 €","3,03 €/l",,,
ROMEIRA Vinho Tinto Reserva Regional Lisboa 750 ml,ROMEIRA,,"5,49 €","7,32 €/l",,,
MONSTER Mule Bebida Energética 500 ml,MONSTER,,"1,60 €","3,20 €/l",,,
SUPER BOCK CORUJA Cerveja IPA 330 ml,SUPER BOCK CORUJA IPA,,"1,13 €","3,42 €/l",,,
DESCOBRE Vinho Tinto Reserva DOC Douro 750 ml,DESCOBRE DOC,,"9,99 €","13,32 €/l",,,
SCHWEPPES Água Tónica Zero 1 L,SCHWEPPES,,"1,95 €","1,95 €/l",,,
SUPER BOCK Cerveja com Álcool Stout Lata 330 ml,SUPER BOCK,,"0,99 €","3,00 €/l",,,
"DIA ALCAVIDA Água Mineral Alcalina sem Gás 1,5 L",DIA ALCAVIDA,,"0,40 €","0,27 €/l",,,
DIA ALCAVIDA Água Mineral Alcalina sem Gás 5 L,DIA ALCAVIDA,,"1,09 €","0,22 €/l",,,
MONSTER Bebida Energética Zero 500 ml,MONSTER,,"1,60 €","3,20 €/l",,,
CASAL MENDES Vinho Rosé 750 ml,CASAL MENDES,,"3,99 €","5,32 €/l",,,
PAÇO DO TEIXERÓ Vinho Verde Branco 750 ml,PA DO TEIXER,,"7,99 €","10,65 €/l",,,
GORDONS Gin Sicilian Lemon 700 ml,GORDONS,,"18,99 €","27,13 €/l",,,
"SANTAL Refrigerante sem Gás Limonada 1,5 L",SANTAL,,"2,03 €","1,35 €/l",,,
BOMBAY Sapphire Gin Tonic Lata 250 ml,BOMBAY,,"2,59 €","10,36 €/l",,,
MARTINI Fiero & Tonic Lata 250 ml,MARTINI,,"2,19 €","8,76 €/l",,,
VINHA DO CONDE Vinho Tinto 750 ml,VINHA DO CONDE,,"3,49 €","4,65 €/l",,,
BURN Bebida Energética Pêssego 500 ml,BURN,,"1,10 €","2,20 €/l",,,
DESPERADOS Cerveja com Tequila 6x330 ml,DESPERADOS,,"8,69 €","4,39 €/l",,,
J&B Botânica 700 ml,,,"16,79 €","23,99 €/l",,,
"SUMOL Laranja do Algarve 1,5 L",SUMOL,,"1,89 €","1,26 €/l",,,
FONTANÁRIO DE PEGÕES Vinho Tinto DOC Palmela 750 ml,FONTAN RIO DE PEG ES DOC,,"2,64 €","3,52 €/l",,,
FONTANÁRIO DE PEGÕES Vinho Branco DOC Palmela 750 ml,FONTAN RIO DE PEG ES DOC,,"2,64 €","3,52 €/l",,,
MONSTER Ultra Fiesta Bebida Energética 500 ml,MONSTER,,"1,60 €","3,20 €/l",,,
MONSTER Monarch Bebida Energética 500 ml,MONSTER,,"1,60 €","3,20 €/l",,,
OFFLEY Porto Tónico Clink Lata 250 ml,OFFLEY,,"2,24 €","8,96 €/l","2,99 €","11,96 €/l",
DIA MONTE DAS SERRALHEIRAS Moscatel Setúbal 750 ml,DIA MONTE DAS SERRALHEIRAS,,"4,49 €","5,99 €/l",,,
DIA MONTE DAS SERRALHEIRAS Vinho Tinto Reserva D. O. Palmela 750 ml,DIA MONTE DAS SERRALHEIRAS,,"3,38 €","4,51 €/l",,,
DIA MONTE DAS SERRALHEIRAS Vinho Rosé D. O. Palmela 750 ml,DIA MONTE DAS SERRALHEIRAS,,"1,79 €","2,39 €/l",,,
DIA MONTE DAS SERRALHEIRAS Vinho Tinto Syrah Reserva D. O. Palmela 750 ml,DIA MONTE DAS SERRALHEIRAS,,"4,73 €","6,31 €/l",,,
"DIA MONTE DAS SERRALHEIRAS Vinho Tinto Syrah Reserva D. O. Palmela 1,5 L",DIA MONTE DAS SERRALHEIRAS,,"9,77 €","6,51 €/l",,,
DIA COVA DO MONTE Vinho Tinto DOC Douro 750 ml,DIA COVA DO MONTE DOC,,"2,46 €","3,28 €/l",,,
"COMPAL Néctar Família Laranja, Maracujá e Limão 1,25 L",COMPAL,,"1,59 €","1,59 €/l",,,
BANDIDA DO POMAR Sidra com Álcool Maçã 4x250 ml,BANDIDA DO POMAR,,"3,19 €","3,19 €/l",,,
DIA UPSS Refrigerante com Gás de Laranja 2 L,DIA UPSS,,"1,41 €","0,71 €/l",,,
BOREL Vinho Verde Tinto DOC 750 ml,BOREL DOC,,"2,36 €","3,15 €/l",,,
BOREL Vinho Verde Branco DOC 750 ml,BOREL DOC,,"2,36 €","3,15 €/l",,,
HEINEKEN Silver Lata 330 ml,HEINEKEN,,"0,85 €","2,58 €/l",,,
SAGRES Cerveja com Álcool 6x250 ml,SAGRES,,"2,84 €","1,89 €/l",,,
HEINEKEN Silver 6x250 ml,HEINEKEN,,"3,99 €","2,66 €/l",,,
SAGRES Cerveja com Álcool Preta 6x250 ml,SAGRES,,"4,45 €","2,97 €/l",,,
"SUMOL Refrigerante com Gás Ananás Zero 1,75 L",SUMOL,,"1,89 €","1,08 €/l",,,
SAGRES Cerveja com Álcool 15x250 ml,SAGRES,,"7,59 €","2,02 €/l",,,
"SUMOL Refrigerante com Gás Laranja Zero 1,75 L",SUMOL,,"1,89 €","1,08 €/l",,,
HEINEKEN Silver 12x250 ml,HEINEKEN,,"7,79 €","2,60 €/l",,,
MONTE DE PINHEIROS Vinho Tinto Regional Alentejano 750 ml,MONTE DE PINHEIROS,,"3,69 €","4,92 €/l",,,
CASAL GARCIA Sangria Frutos Vermelhos 750 ml,CASAL GARCIA,,"4,69 €","6,25 €/l",,,
"7UP Refrigerante com Gás Lima-Limão 1,75 L",UP,,"1,49 €","0,85 €/l",,,
"B! Refrigerante sem Gás Limonada 1,5 L",,,"1,75 €","1,17 €/l",,,
"B! Refrigerante sem Gás Maracujá 1,5 L",,,"1,75 €","1,17 €/l",,,
SCHWEPPES Água Tónica Limão Lata 330 ml,SCHWEPPES,,"0,85 €","2,58 €/l",,,
SCHWEPPES Água Tónica Limão 1 L,SCHWEPPES,,"1,95 €","1,95 €/l",,,
JOI Refrigerante sem Gás Laranja e Maracujá 330 ml,JOI,,"0,69 €","2,09 €/l",,,
SONATURAL Sumo Maçã Probiótico 100 ml,SONATURAL,,"1,09 €","10,90 €/l",,,
SONATURAL Sumo Cenoura Probiótico 100 ml,SONATURAL,,"1,09 €","10,90 €/l",,,
DIA ALDEIA BRANCA Vinho Verde Rosé DOC 750 ml,DIA ALDEIA BRANCA DOC,,"2,05 €","2,73 €/l",,,
RAMBLERS Cerveja Session IPA 330 ml,RAMBLERS IPA,,"1,65 €","5,00 €/l",,,
BRITISH MUST Gin London Dry 700 ml,BRITISH MUST,,"7,68 €","10,97 €/l",,,
MONTE DE PINHEIROS Vinho Branco Regional Alentejano 750 ml,MONTE DE PINHEIROS,,"3,69 €","4,92 €/l",,,
DIA RAMBLERS Cerveja com Álcool 100% Malte Lata 330 ml,DIA RAMBLERS,,"0,51 €","1,55 €/l","0,61 €","1,85 €/l",
MONSTER Ultra Watermelon Lata 500 ml,MONSTER,,"1,60 €","3,20 €/l",,,
MONSTER Khaotic Juice Lata 500 ml,MONSTER,,"1,60 €","3,20 €/l",,,
PENACOVA Água Mineral Natural 500 ml,PENACOVA,,"0,21 €","0,42 €/l",,,
GRAND ASTORIA Licor de Ginja d'Óbidos com Fruto 700 ml,GRAND ASTORIA,,"10,64 €","15,20 €/l",,,
COMPAL Néctar Origens Pêra Rocha e Framboesa 1 L,COMPAL,,"1,69 €","1,69 €/l",,,
COMPAL Néctar Vital Ananás e Côco 1 L,COMPAL,,"1,35 €","1,35 €/l",,,
DIA RAMBLERS Cerveja Preta com Álcool Lata 330 ml,DIA RAMBLERS,,"0,81 €","2,45 €/l",,,
DIA (CO)NÉCTAR Néctar de Ananás Original 1 L,DIA CO CTAR,,"1,09 €","1,09 €/l",,,
DIA (CO)NÉCTAR Néctar Frutos Vermelhos 1 L,DIA CO CTAR,,"1,02 €","1,02 €/l",,,
DIA QUERO Ice Tea Limão Zero 2 L,DIA QUERO,,"1,12 €","0,56 €/l",,,
DIA QUERO Ice Tea Pêssego Zero 2 L,DIA QUERO,,"1,12 €","0,56 €/l",,,
COMPAL Sumo 100% Multifrutos 1 L,COMPAL,,"1,69 €","1,69 €/l",,,
COMPAL Sumo 100% Laranja 3x200 ml,COMPAL,,"1,79 €","2,98 €/l",,,
DIA (CO)NÉCTAR Néctar de Laranja Original 1 L,DIA CO CTAR,,"1,76 €","1,76 €/l",,,
DIA QUERO Ice Tea de Manga Zero 2 L,DIA QUERO,,"1,12 €","0,56 €/l",,,
PEPSI Refrigerante com Gás 1 L,PEPSI,,"1,09 €","1,09 €/l",,,
COMPAL Sumo 100% Multifrutos 3x200 ml,COMPAL,,"1,79 €","2,98 €/l",,,
PEPSI Refrigerante com Gás MAX 1 L,PEPSI MAX,,"1,09 €","1,09 €/l",,,
FANTA Guaraná 330 ml,FANTA,,"0,67 €","2,03 €/l",,,
"AQUARIUS Laranja Zero 1,5 L",AQUARIUS,,"1,99 €","1,33 €/l",,,
CASAL GARCIA Bebida Aromatizada Melão Fruitzy 750 ml,CASAL GARCIA,,"4,49 €","5,99 €/l",,,
ERISTOFF Pink Vodca 700 ml,ERISTOFF,,"12,99 €","18,56 €/l",,,
MARTINI Espumante Asti 750 ml,MARTINI,,"9,59 €","12,79 €/l",,,
BACARDI Mojito Lata 250 ml,BACARDI,,"2,49 €","9,96 €/l",,,
POUPA DA SERRA Vinho Tinto DOC Beira Interior Colheita Selecionada 750 ml,POUPA DA SERRA DOC,,"4,39 €","5,85 €/l",,,
JACK DANIEL'S Whisky Cola RTD 330 ml,JACK DANIEL RTD,,"2,99 €","9,06 €/l",,,
