NAME,BRAND,QUANTITY,PRICE,PPU,OLDPRICE,OLDPPU,EAN
CEM PORCENTO Salsichas de Soja 390 g,,,"4,69 €","12,03 €/Kg",,,
CEM PORCENTO Chá Emagrecimento 13 g,,,"0,99 €","76,15 €/Kg",,,
CEM PORCENTO Chá Prisão Ventre 13 g,,,"0,99 €","76,15 €/Kg",,,
SALUTEM Flocos de Cevada Integrais Tostados 250 g,,,"1,79 €","7,16 €/Kg",,,
SALUTEM Muesli Integral com Frutos Tropicais 375 g,,,"2,69 €","7,17 €/Kg",,,
BICENTURY Tortitas de Arroz com Choco Negro 130 g,,,"2,49 €","19,15 €/Kg",,,
ROYAL Gelatina de Morango Light 10 Kcal 4x100 g,,,"2,19 €","5,48 €/Kg",,,
CEM PORCENTO Proteína Vegetal Seitan 300 g,,,"2,79 €","9,30 €/Kg",,,
DIA VITAL Mini Tortitas de Milho E Arroz Sabor a Queijo 75 g,,,"1,29 €","17,20 €/Kg",,,
DIA NATULEV Pevides de Abóbora 150 g,,,"1,98 €","13,20 €/Kg",,,
CEM PORCENTO Sementes de Chia 150 g,,,"2,29 €","15,27 €/Kg",,,
NESTUM 5 Cereais com Cereais Integrais Nestlé 250 g,,,"2,49 €","9,96 €/Kg",,,
CEM PORCENTO Bolachas Marinheiras Sem Sal 200 g,,,"2,89 €","14,45 €/Kg",,,
ROYAL Gelatina de Ananás Light 10 Kcal 4x100 g,,,"2,19 €","5,48 €/Kg",,,
MILANEZA Esparguete sem Glúten 500 g,,,"2,69 €","5,38 €/Kg",,,
MILANEZA Macarrão Integral com aveia 500 g,,,"1,89 €","3,78 €/Kg",,,
SONATURAL Sumo de Manga 750 ml,,,"3,99 €","5,32 €/l",,,
DIA SONHOS Gelatina de Morango Light 8Kcal 6x100 g,,,"1,49 €","2,48 €/Kg",,,
SONATURAL Sumo de Frutos Vermelhos 750 ml,,,"3,99 €","5,32 €/l",,,
CEM PORCENTO Biscoitos Integrais de Alfarroba  250 g,,,"2,69 €","10,76 €/Kg",,,
CEM PORCENTO Bolachas Marinheiras Naturais 200 g,,,"2,89 €","14,45 €/Kg",,,
CEM PORCENTO Hambúrguer de Tofu E Algas 150 g,,,"3,49 €","23,27 €/Kg",,,
SONATURAL Sumo de Limão E Menta  750 ml,,,"3,99 €","5,32 €/l",,,
SONATURAL Sumo de Natural Limão E Hortelã 250 ml,,,"1,79 €","7,16 €/l",,,
SHOYCE Bebida de Arroz 0% 1 L,,,"1,43 €","1,43 €/l","1,79 €","1,79 €/l",
YOGGI Iogurte Sem Lactose Morango 4x160 g,,,"3,22 €","5,03 €/Kg",,,
VIGOR Leite Pasteurizado Meio Gordo 0% de Lactose 1 L,,,"1,18 €","1,18 €/l",,,
CEM PORCENTO Chocolate Negro com Stevia 100 g,,,"2,49 €","24,90 €/Kg",,,
HERO Farinha Não Láctea Bio Multicereais 300 g,,,"2,99 €","9,97 €/Kg",,,
"HERO Saqueta Bio Maçã, Banana e Cenoura 100 g",,,"1,29 €","12,90 €/Kg",,,
"HERO Saqueta Bio Banana, Laranja e Pêra 100 g",,,"1,29 €","12,90 €/Kg",,,
NATURE VALLEY Barrita Aveia & Mel 210 g,,,"2,99 €","14,24 €/Kg",,,
IGLO Veggie Bowls De Quinoa E Abóbora 350 g,,,"2,99 €","8,54 €/Kg",,,
SHOYCE Bebida de Arroz 0% 200 ml,,,"0,48 €","2,40 €/l","0,60 €","3,00 €/l",
DIA VITAL Quinoa 500 g,,,"2,87 €","5,74 €/Kg",,,
DIA VITAL Bebida de Arroz 1 L,,,"1,53 €","1,53 €/l",,,
IGLO Veggie Bowls Trigo Sarraceno 350 g,,,"2,99 €","8,54 €/Kg",,,
VITACRESS Espinafre Biológico Embalado 150 g,,,"2,29 €","15,27 €/Kg",,,
SALUTEM Multicereais Crocantes 500 g,,,"3,29 €","6,58 €/Kg",,,
NACIONAL Farinha de Espelta Integral 500 g,,,"1,99 €","3,98 €/Kg",,,
MILANEZA Esparguete Integral com aveia 500 g,,,"1,89 €","3,78 €/Kg",,,
FRUTOS SECOS DO DIA Caju Cru Natural 150 g,,,"3,35 €","22,33 €/Kg",,,
"DIA LÁCTEA Queijo Fresco sem Lactose 4x62,5 g",,,"2,09 €","8,36 €/Kg",,,
ORIGENS BIO Óleo de Coco Extra Virgem Biológico 200 ml,,,"4,69 €","23,45 €/l",,,
SONATURAL Sumo de Frutos Vermelhos 250 ml,,,"1,79 €","7,16 €/l",,,
SONATURAL Sumo de Manga 250 ml,,,"1,79 €","7,16 €/l",,,
SONATURAL Sumo de Beterraba 250 ml,,,"1,79 €","7,16 €/l",,,
SONATURAL Sumo de Cenoura 250 ml,,,"1,79 €","7,16 €/l",,,
NESTUM Cereais Integrais Nestlé 250 g,,,"2,49 €","9,96 €/Kg",,,
CERELAC Papa Infantil  Láctea 40% Menos Açúcares 900 g,,,"4,99 €","5,54 €/Kg",,,
MILHAFRE Leite de Pastagem Meio Gordo Bio 1 L,,,"1,29 €","1,29 €/l",,,
DIA VITAL Bebida de Soja Natural 1 L,,,"1,02 €","1,02 €/l",,,
DIA VITAL Bolachas de Arroz Integral 130 g,,,"0,81 €","6,23 €/Kg",,,
DIA AL PUNTO Salteado de Cogumelos 450 g,,,"2,19 €","4,87 €/Kg",,,
DIA Tortitas de Arroz Com Iogurte 130 g,,,"1,64 €","12,62 €/Kg",,,
DIA VITAL Sementes de Girassol 200 g,,,"1,43 €","7,15 €/Kg",,,
DIA NATULEV Bagas de Goji 150 g,,,"3,08 €","20,53 €/Kg",,,
DIA VITAL Sementes de Linhaça Amarela 250 g,,,"1,43 €","5,72 €/Kg",,,
DIA Tortitas de Milho 130 g,,,"0,81 €","6,23 €/Kg",,,
CEM PORCENTO Bolacha Marinheiras Chia 200 g,,,"2,89 €","14,45 €/Kg",,,
MIMOSA Leite Meio Gordo Sem Lactose 1 L,,,"1,09 €","1,09 €/l",,,
CEM PORCENTO Tofu Suave 350 g,,,"2,99 €","8,54 €/Kg",,,
NESTLÉ GO FREE Corn Flakes Cereais de Milho sem Glúten 375 g,,,"2,99 €","7,97 €/Kg",,,
MIMOSA Leite Magro Sem Lactose 1 L,,,"1,09 €","1,09 €/l",,,
CEM PORCENTO Mix Sementes Tradicional 250 g,,,"1,99 €","7,96 €/Kg",,,
BICENTURY Tortitas de Milho Sem Glúten 130 g,,,"1,79 €","13,77 €/Kg",,,
DIA VITAL Bebida de Soja Natural 3x200 ml,,,"1,02 €","1,70 €/l",,,
DIA VITAL Bebida de Soja Light 1 L,,,"1,12 €","1,12 €/l",,,
DIA LÁCTEA Leite Meio Gordo Sem Lactose 1 L,,,"1,07 €","1,07 €/l",,,
DIA VITAL Bebida de Soja de Chocolate 3x200 ml,,,"1,33 €","2,22 €/l",,,
SHOYCE Creme Culinário 200 ml,,,"1,39 €","6,95 €/l",,,
SHOYCE Bebida de Aveia 200 ml,,,"0,58 €","2,90 €/l","0,73 €","3,65 €/l",
SHOYCE Bebida de Amêndoa 1 L,,,"1,75 €","1,75 €/l","2,19 €","2,19 €/l",
DIA VITAL Bebida de Amêndoa 1 L,,,"1,64 €","1,64 €/l",,,
DIA VITAL Bebida de Aveia 1 L,,,"1,53 €","1,53 €/l",,,
DIA LÁCTEA Leite Magro Sem Lactose 1 L,,,"1,07 €","1,07 €/l",,,
NESTUM ZERO Cereais de Arroz sem Glúten Nestlé 250 g,,,"2,89 €","11,56 €/Kg",,,
MIMOSA Leite Chocolate Meio Gordo Sem Lactose 200 ml,,,"0,59 €","2,95 €/l",,,
MIMOSA Leite Meio Gordo Sem Lactose UHT 200 ml,,,"0,52 €","2,60 €/l",,,
DIA Mini Tortas De Milho 8x25 g,,,"2,05 €","10,25 €/Kg",,,
MIMOSA Iogurte Sólido 0% Lactose Magro 4x120 g,,,"2,09 €","4,35 €/Kg",,,
MIMOSA Iogurte Líquido Bem Especial sem Lactose Sabor Morango 4x156 g,,,"2,09 €","3,46 €/l",,,
"BE-KIND Barra de Amêndoa, Caramelo e Sal Marinho 40 g",,,"1,99 €","49,75 €/Kg",,,
BE-KIND Barra de Frutos Secos com Chocolate Negro e Sal Marinho 40 g,,,"1,99 €","49,75 €/Kg",,,
BE-KIND Barra Manteiga de Amendoim e Chocolate Negro 40 g,,,"1,99 €","49,75 €/Kg",,,
PARMALAT Nata Culinária Sem Lactose 200 ml,,,"1,32 €","6,60 €/l",,,
YOGOLINO Pêssego e Banana com 0% Açúcares Adicionados Nestlé 4x100 g,,,"2,89 €","7,23 €/Kg",,,
SHOYCE Bebida de Amêndoa 0% Açúcar 1 L,,,"1,75 €","1,75 €/l","2,19 €","2,19 €/l",
ORIGENS BIO Sal Grosso dos Himalaias 500 g,,,"1,25 €","2,50 €/Kg",,,
NESTUM Flocos de Cereis Espelta e Aveira Zero 250 g,,,"2,49 €","9,96 €/Kg",,,
NACIONAL Farinha de Grão de Bico 400 g,,,"2,15 €","5,38 €/Kg",,,
SALUTEM Barrita de Sésamo e Chia 40 g,,,"0,98 €","24,50 €/Kg",,,
SALUTEM Barrita de Sésamo e Mel 40 g,,,"0,89 €","22,25 €/Kg",,,
IZIDORO Salsicha Vegan Frasco 5 unidades 220 g,,,"5,15 €","23,41 €/Kg",,,
SHOYCE Bebida Aveia e Amêndoa 0% 1 L,,,"1,75 €","1,75 €/l","2,19 €","2,19 €/l",
SHOYCE Bebida Aveia Choco 0% 1 L,,,"1,75 €","1,75 €/l","2,19 €","2,19 €/l",
SHOYCE Bebida Leve 0% 1 L,,,"0,99 €","0,99 €/l","1,49 €","1,49 €/l",
IGLO Falafel Green Cuisine 450 g,,,"4,99 €","11,09 €/Kg",,,
NOBRE VEGALIA Especialidade Vegetariana de Soja Lata 8 un,,,"2,29 €","0,29 €/ud",,,
SOPA DO DIA Creme de Legumes 400 g,,,"1,45 €","3,62 €/Kg",,,
TERRA NOSTRA Queijo Flamengo Biológico Fatias 150 g,,,"2,49 €","16,60 €/Kg",,,
HERO Bolachinhas Bio Animais 100 g,,,"2,69 €","26,90 €/Kg",,,
TERRA NOSTRA Leite de Pastagem Meio Gordo Biológico 1 L,,,"1,47 €","1,47 €/l",,,
MI PASTA Massa Espirais com Espinafres 500 g,,,"1,68 €","3,36 €/Kg",,,
MI PASTA Massa Espirais com Alfarroba 500 g,,,"1,65 €","3,30 €/Kg",,,
TAP TAP Hummus 210 g,,,"1,49 €","7,10 €/Kg",,,
MATINAL Queijo Fresco sem Lactose 3x72 g,,,"1,99 €","9,21 €/Kg",,,
MIMOSA Iogurte Sólido Magro sem Lactose Mirtilo 4x120 g,,,"2,09 €","4,35 €/Kg",,,
MIMOSA Iogurte Líquido Magro sem Lactose Kiwi 4x156 ml,,,"2,29 €","3,79 €/l",,,
DIA AL PUNTO Mistura de Vegetais 450 g,,,"3,35 €","7,44 €/Kg",,,
DIA AL PUNTO Quinoa com Verduras 400 g,,,"2,79 €","6,98 €/Kg",,,
IGLO Almôndegas Green Cuisine 240 g,,,"3,99 €","16,63 €/Kg",,,
AGROS Leite com Chocolate sem Lactose 200 ml,,,"0,49 €","2,45 €/l",,,
VIOLIFE Fatiado 100% Vegan Sabor Original 200 g,,,"3,44 €","17,20 €/Kg",,,
VIOLIFE Ralado 100% Vegan Sabor Mozzarella 200 g,,,"3,44 €","17,20 €/Kg",,,
COZINHA PRONTA Hamburguer Crocante de Falafel 2x85 g,,,"2,29 €","13,47 €/Kg",,,
COZINHA PRONTA Hamburguer Crocante de Cenoura 2x94 g,,,"2,29 €","12,18 €/Kg",,,
COZINHA PRONTA Hamburguer Crocante de Espinafres 2x100 g,,,"2,29 €","11,45 €/Kg",,,
SUPR NATURAL Bola Energética de Cacau com Recheio de Avelã 35 g,,,"0,99 €","28,29 €/Kg",,,
SUPR NATURAL Bola Energética de Baunilha com Recheio de Amendoim 35 g,,,"0,99 €","28,29 €/Kg",,,
SUPR NATURAL Bola Energética de Morango com Recheio de Amêndoa 35 g,,,"0,99 €","28,29 €/Kg",,,
UCAL Leite Chocolate 0% Lactose 6x250 ml,,,"6,46 €","4,31 €/l",,,
SALUTEM Farinha de Coco Bio 200 g,,,"1,39 €","6,95 €/Kg",,,
CEM PORCENTO Bolachas Marinheiras com Linhaça 200 g,,,"2,89 €","14,45 €/Kg",,,
SALUTEM Açúcar de Coco Bio 250 g,,,"2,79 €","11,16 €/Kg",,,
SHOYCE Bebida Avelã 0% 1 L,,,"1,99 €","1,99 €/l","2,49 €","2,49 €/l",
SHOYCE Bebida Amêndoa 0% 200 ml,,,"0,58 €","2,90 €/l","0,73 €","3,65 €/l",
GULLON Mini Chips Chocolate sem Glúten 200 g,,,"2,69 €","13,45 €/Kg",,,
GULLON Bolachas Aveia e Laranja sem Glúten 180 g,,,"2,69 €","14,94 €/Kg",,,
CEM PORCENTO Agave Biológico 370 g,,,"4,49 €","12,14 €/Kg",,,
Curcuma Biológico Embalado 125 g,,,"1,49 €","11,92 €/Kg",,,
Gengibre Biológico Embalado 200 g,,,"2,49 €","12,45 €/Kg",,,
Tomate Cherry Biológico Embalado 250 g,,,"1,49 €","5,96 €/Kg",,,
VALFRUTA Polpa de Tomate em Cubos Biológica 400 g,,,"1,79 €","4,48 €/Kg",,,
IGLO Nuggets de Proteína Vegetal Green Cuisine (11 un) 250 g,,,"4,79 €","19,16 €/Kg",,,
IGLO Finger Espinafres Green Cuisine (10 un) 284 g,,,"3,99 €","14,05 €/Kg",,,
NOT GUILTY Snack de Chocolate Negro com Amendoim 50% Cacau 30 g,,,"0,79 €","26,33 €/Kg",,,
VEG IN Hamburguer Cogumelos 2x80 g,,,"3,39 €","21,19 €/Kg",,,
VEG IN Chouriço Vegan 200 g,,,"3,89 €","19,45 €/Kg",,,
VEG IN Hamburguer Azeitona Preto 2x80 g,,,"3,39 €","21,19 €/Kg",,,
THE GUTSY CAPTAIN Bebida Kombucha Ananás e Pêssego Biológica 400 ml,,,"2,29 €","5,73 €/l",,,
THE GUTSY CAPTAIN Bebida Kombucha Framboesa Biológica 400 ml,,,"2,29 €","5,73 €/l",,,
THE GUTSY CAPTAIN Bebida Kombucha Gengibre e Limão Biológica 400 ml,,,"2,29 €","5,73 €/l",,,
BENEFEAT Barra Proteica Bio de Amendoim 35 g,,,"1,65 €","47,14 €/Kg",,,
BENEFEAT Barra Energética Bio de Coco e Banana 35 g,,,"1,65 €","47,14 €/Kg",,,
VEG IN Hamburguer Espinafres 2x80 g,,,"3,39 €","21,19 €/Kg",,,
VEG IN Alheira Vegan 200 g,,,"3,89 €","19,45 €/Kg",,,
Abacate Biológico Embalado 350 g,,,"2,49 €","7,11 €/Kg",,,
IZIDORO Hamburgueres Vegan Embalados Veggie Lovers 220 g,,,"3,49 €","15,86 €/Kg",,,
BICENTURY Tortitas de Milho com Tomate e Azeite 130 g,,,"2,59 €","19,92 €/Kg",,,
BICENTURY Tortitas de Chocolate Branco com Frutos Vermelhos 184 g,,,"2,59 €","19,74 €/Kg",,,
"BICENTURY Tortitas de Chocolate com Pedaços de Avelã 141,6 g",,,"2,59 €","18,29 €/Kg",,,
ALPRO Bebida Vegetal Soja Original 1 L,,,"1,99 €","1,99 €/l",,,
ALPRO Bebida Vegetal Amêndoa Original 1 L,,,"2,39 €","2,39 €/l",,,
ALPRO Bebida Vegetal Amêndoa sem Açúcar 1 L,,,"2,39 €","2,39 €/l",,,
ALPRO Bebida Vegetal Aveia sem Açúcar 1 L,,,"2,39 €","2,39 €/l",,,
ALPRO Bebida Vegetal Aveia Original 1 L,,,"2,39 €","2,39 €/l",,,
BICENTURY Mini Tortita Mini de Milho Presunto Ibérico 70 g,,,"1,74 €","24,86 €/Kg",,,
PROVIDA Granulado de Soja Grossa (Não OGM) 300 g,,,"1,95 €","6,50 €/Kg",,,
SEARA Flocos de Aveia sem Glúten Bio 400 g,,,"2,39 €","5,98 €/Kg",,,
