NAME,BRAND,QUANTITY,PRICE,PPU,OLDPRICE,OLDPPU,EAN
Romã (1 un = 245 g aprox),,,"0,54 €","2,19 €/Kg",,,
Tomate Rama (1 un = 180 g aprox),,,"0,41 €","2,29 €/Kg",,,
Chuchu (1 un = 370 g aprox),,,"0,92 €","2,49 €/Kg",,,
DIA SABOR CHARCUTEIRO Fiambre Da Perna Extra 180 g,,,"1,75 €","9,72 €/Kg",,,
Cebola (1 un = 200 g aprox),,,"0,19 €","0,95 €/Kg",,,
Fisális Embalado 100 g,,,"1,69 €","16,90 €/Kg",,,
Manga (1 un = 585 g aprox),,,"1,52 €","2,59 €/Kg",,,
DIA SABOR CHARCUTEIRO Chouriço Carne Extra 250 g,,,"1,99 €","7,96 €/Kg",,,
DIA SABOR CHARCUTEIRO Farinheira do Fundão 250 g,,,"2,35 €","9,40 €/Kg",,,
DIA SABOR CHARCUTEIRO Cubos de Presunto Curado 2x75 g,,,"1,99 €","13,27 €/Kg",,,
CORTE DO DIA Bifinhos do Lombo de Porco Embalados (1 un = 400 g aprox),,,"3,20 €","7,99 €/Kg",,,
Beterraba Cozida Embalada 500 g,,,"1,19 €","2,38 €/Kg",,,
HUERCASA Maçaroca de Milho Doce Embalada 400 g,,,"1,69 €","4,23 €/Kg",,,
Cebolinha Embalada 500 g,,,"0,89 €","1,78 €/Kg",,,
Tomate Chucha (1 un = 155 g aprox),,,"0,42 €","2,69 €/Kg",,,
Pêra Rocha Embalada 1 kg,,,"1,27 €","1,27 €/Kg",,,
Maçã Granny (1 un = 190 g aprox),,,"0,49 €","2,59 €/Kg",,,
Ameixa Vermelha (1 un = 105 g aprox),,,"0,26 €","2,49 €/Kg",,,
Alho Francês com Rama (1 un = 270 g aprox),,,"0,67 €","2,49 €/Kg",,,
HORTA DO DIA Batata Para Fritar Embalada 3 kg,,,"3,38 €","1,13 €/Kg",,,
HORTA DO DIA Batatas Para Assar 1 kg,,,"1,28 €","1,28 €/Kg",,,
Limas (1 un = 105 g aprox),,,"0,42 €","3,99 €/Kg",,,
Mamão (1 un = 1195 g aprox),,,"5,49 €","4,59 €/Kg",,,
Mandioca (1 un = 420 g aprox),,,"1,68 €","3,99 €/Kg",,,
Uva Branca (1 un = 690 g aprox),,,"2,75 €","3,99 €/Kg",,,
Abacate  (1 un = 335 g aprox),,,"1,67 €","4,99 €/Kg",,,
Endivias Embaladas 400 g,,,"2,29 €","5,73 €/Kg",,,
Gengibre (1 un = 200 g aprox),,,"0,94 €","4,69 €/Kg",,,
Couve Coração Boi (1 un = 1090 g aprox),,,"1,52 €","1,39 €/Kg",,,
DIA (A) MAR À VISTA Migas de Paloco 400 g,,,"3,69 €","9,23 €/Kg",,,
CORTE DO DIA Pernas de Frango Embaladas (1 un = 555 g aprox),,,"2,66 €","4,79 €/Kg",,,
HORTA DO DIA Salada Gourmet Embalada 175 g,,,"1,19 €","6,80 €/Kg",,,
HORTA DO DIA Cenoura Ralada Embalada 150 g,,,"0,48 €","3,20 €/Kg",,,
HORTA DO DIA Sopa de Juliana Embalada 350 g,,,"0,78 €","2,23 €/Kg",,,
HORTA DO DIA Coentros Embalados 40 g,,,"1,09 €","27,25 €/Kg",,,
Canjinha de Galinha Embalada (1 un = 660 g aprox),,,"2,17 €","3,29 €/Kg",,,
CORTE DO DIA Entremeadas de Porco Fatiadas Embaladas (1 un = 590 g aprox),,,"4,42 €","7,49 €/Kg",,,
Beringela (1 un = 255 g aprox),,,"0,63 €","2,49 €/Kg",,,
HORTA DO DIA Sopa de Legumes Embalada 350 g,,,"0,78 €","2,23 €/Kg",,,
Abóbora (1 un = 485 g aprox),,,"0,67 €","1,39 €/Kg",,,
CORTE DO DIA Rojões de Porco Embalados (1 un = 670 g aprox),,,"4,62 €","6,89 €/Kg",,,
CORTE DO DIA Perninhas de Frango Embaladas (1 un = 570 g aprox),,,"3,30 €","5,79 €/Kg",,,
HORTA DO DIA Salada Aromática Embalada 150 g,,,"1,29 €","8,60 €/Kg",,,
DIA SABOR CHARCUTEIRO Chrouriço Carne Picante 250 g,,,"1,99 €","7,96 €/Kg",,,
DIA SABOR CHARCUTEIRO Mortadela com Azeitonas 200 g,,,"1,20 €","6,00 €/Kg",,,
DIA SABOR CHARCUTEIRO Chouriço Preto de Seia 250 g,,,"2,49 €","9,96 €/Kg",,,
DIA SABOR CHARCUTEIRO Paio Tradicional de Seia 350 g,,,"3,99 €","11,40 €/Kg",,,
DIA SABOR CHARCUTEIRO Peito de Frango Fatiado 200 g,,,"2,69 €","13,45 €/Kg",,,
Cenoura (1 un = 175 g aprox),,,"0,17 €","0,95 €/Kg",,,
Batata Vermelha (1 un = 240 g aprox),,,"0,31 €","1,29 €/Kg",,,
RIBERALVES Caldeirada de Bacalhau 400 g,,,"2,99 €","7,48 €/Kg",,,
Alho (1 un = 55 g aprox),,,"0,30 €","5,49 €/Kg",,,
DIA SABOR CHARCUTEIRO Mortadela 900 g,,,"3,09 €","3,43 €/Kg",,,
DIA NA GRELHA Salsichas Churrasco Finas Ervas Embaladas 200 g,,,"1,99 €","9,95 €/Kg",,,
FRUTOS SECOS DO DIA Pevides com Casca 200 g,,,"2,74 €","13,70 €/Kg",,,
CAMPOFRIO Fiambre de Peru Fatias Clássicas 90 g,,,"1,30 €","14,44 €/Kg",,,
NOBRE Fiambre da Perna Extra Fatias Finíssimas 120 g,,,"2,69 €","22,42 €/Kg",,,
NOBRE Fiambre da Perna Extra Fatias Clássicas 120 g,,,"2,69 €","22,42 €/Kg",,,
CAMPOFRIO Forno de Lenha Peito de Frango Fatias Clássicas 120 g,,,"2,69 €","22,42 €/Kg",,,
Bifes de Frango Panados Embalados 400 g,,,"4,99 €","12,48 €/Kg",,,
HORTA DO DIA Alface Frisada Embalada 125 g,,,"1,08 €","8,64 €/Kg",,,
HORTA DO DIA Salada Alface Iceberg Embalada 200 g,,,"0,79 €","3,95 €/Kg",,,
DIA NATULEV Pevides de Abóbora 150 g,,,"1,98 €","13,20 €/Kg",,,
CEM PORCENTO Sementes de Chia 150 g,,,"2,29 €","15,27 €/Kg",,,
FRUUT Maçã Vermelha 20 g,,,"0,85 €","42,50 €/Kg",,,
FRUUT Maçã Verde 20 g,,,"0,85 €","42,50 €/Kg",,,
FLORETTE Salada César Embalada 205 g,,,"3,25 €","15,85 €/Kg",,,
DAMATTA Nacos de Toucinho 200 g,,,"4,15 €","20,75 €/Kg",,,
DIA SABOR CHARCUTEIRO Salame 120 g,,,"1,25 €","10,42 €/Kg",,,
DIA SABOR CHARCUTEIRO Presunto Fatiado 150 g,,,"2,99 €","19,93 €/Kg",,,
FRUTORRA Amendoins com Casca 1 kg,,,"4,99 €","4,99 €/Kg",,,
IZIDORO Bifinhos do Lombo de Porco Finíssimos 200 g,,,"2,50 €","12,50 €/Kg",,,
SNOCK Cenouras Baby 125 g,,,"1,09 €","8,72 €/Kg",,,
FRUTORRA Cocktail de Frutos Secos 250 g,,,"2,19 €","8,76 €/Kg",,,
CAMPOFRIO Salsichas Frankfurt Original Vácuo 140 g,,,"0,99 €","7,07 €/Kg",,,
DAMATTA Morcela 200 g,,,"3,89 €","19,45 €/Kg",,,
CAMPOFRIO Tapas Salsichão Fatias 80 g,,,"1,51 €","18,88 €/Kg","1,89 €","23,63 €/Kg",
CAMPOFRIO Tapas Chouriço Gran Doblón Fatias 80 g,,,"1,51 €","18,88 €/Kg","1,89 €","23,63 €/Kg",
CAMPOFRIO Tapas Salame Palaciego Fatias 80 g,,,"1,51 €","18,88 €/Kg","1,89 €","23,63 €/Kg",
AVIBOM Strogonoff de Frango 400 g,,,"3,69 €","9,23 €/Kg",,,
FRUUT Maçã com Canela 20 g,,,"0,99 €","49,50 €/Kg",,,
FRUUT Pêra Rocha 20 g,,,"0,85 €","42,50 €/Kg",,,
RIBERALVES Filete do Paloco do Pacífico 400 g,,,"4,19 €","10,48 €/Kg",,,
Kiwi Amarelo Embalado 400 g,,,"2,99 €","7,48 €/Kg",,,
Maracujá (1 un = 30 g aprox),,,"0,24 €","7,99 €/Kg",,,
CAMPOFRIO Fiambre de Frango Fatias Clássicas 90 g,,,"1,30 €","14,44 €/Kg",,,
CORTE DO DIA Bifinhos Do Cachaço de Porco Embalados 400 g,,,"3,45 €","8,63 €/Kg",,,
FRUUT Chipz Maçã 20 g,,,"0,85 €","42,50 €/Kg",,,
PRISCA Barriga Fumada 150 g,,,"2,59 €","17,27 €/Kg",,,
Dióspiro (1 un = 255 g aprox),,,"0,61 €","2,39 €/Kg",,,
Anona (1 un = 225 g aprox),,,"0,67 €","2,99 €/Kg",,,
Marmelo (1 un = 245 g aprox),,,"0,73 €","2,99 €/Kg",,,
RANA Folhas Para Lasanha 250 g,,,"2,69 €","10,76 €/Kg",,,
RANA Tortellini Fiambre e Queijo 250 g,,,"2,47 €","9,88 €/Kg","3,29 €","13,16 €/Kg",
DAMATTA Chourição Castelhano Fatias Finas 120 g,,,"2,35 €","19,58 €/Kg",,,
Castanha,,,"4,99 €","4,99 €/Kg",,,
DOROTEA Tremoço Embalado 300 g,,,"1,20 €","4,00 €/Kg",,,
DOROTEA Azeitona Do Alentejo Moura 300 g,,,"1,69 €","5,63 €/Kg",,,
NOBRE Cuita-t+ Fiambre da Perna Extra Fatias Finas 110 g,,,"2,69 €","24,45 €/Kg",,,
NOBRE Paio Lombo Fatias 100 g,,,"2,69 €","26,90 €/Kg",,,
Noz do Alentejo Com Casca Embalada 500 g,,,"4,49 €","8,98 €/Kg",,,
Espargo Verde Embalado 250 g,,,"2,99 €","11,96 €/Kg",,,
Frango Para Churrasco Embalado (1 un = 1215 g aprox),,,"4,36 €","3,59 €/Kg",,,
VITACRESS Espinafre Biológico Embalado 150 g,,,"2,29 €","15,27 €/Kg",,,
Beterraba (1 un = 215 g aprox),,,"0,38 €","1,79 €/Kg",,,
FRUTOS SECOS DO DIA Sultana Dourada 200 g,,,"0,99 €","4,95 €/Kg",,,
FRUTOS SECOS DO DIA Tâmaras 200 g,,,"1,39 €","6,95 €/Kg",,,
FRUTOS SECOS DO DIA Miolo de Amêndoa Sem Pele 200 g,,,"2,99 €","14,95 €/Kg",,,
Alface Iceberg Embalada (1 un = 435 g aprox),,,"1,30 €","2,98 €/Kg",,,
Bimi Embalado 200 g,,,"1,99 €","9,95 €/Kg",,,
Malagueta Embalada 100 g,,,"1,39 €","13,90 €/Kg",,,
AVIBOM Pato Desfiado Cozido com Caldo Embalado 600 g,,,"9,99 €","16,65 €/Kg",,,
FRUTOS SECOS DO DIA Caju Cru Natural 150 g,,,"3,35 €","22,33 €/Kg",,,
DAMATTA Chouriço Beirão 225 g,,,"5,39 €","23,96 €/Kg",,,
DAMATTA Chouriço Transmontano 225 g,,,"5,39 €","23,96 €/Kg",,,
IZIDORO Fatias Finas Peito de Frango Forno de Lenha 110 g,,,"2,20 €","20,00 €/Kg",,,
IZIDORO Fatias Finas Peito de Peru Forno de Lenha 110 g,,,"2,20 €","20,00 €/Kg",,,
Rabos de Bacalhau 700 g,,,"6,59 €","9,41 €/Kg",,,
FRUTOS SECOS DO DIA Cocktail Frutos Secos 150 g,,,"2,99 €","19,93 €/Kg",,,
"FRUUT Mix Maçã Desidratada, Amêndoa e Coco 30 g",,,"1,15 €","38,33 €/Kg",,,
FRUUT Mix Maçã Desidratada e Amendoim 40 g,,,"1,15 €","28,75 €/Kg",,,
EVARISTO Azeitona Retalhada Natural Embalada 300 g,,,"2,29 €","7,63 €/Kg",,,
AVIBOM Frango Cozido Desfiado 350 g,,,"4,19 €","11,97 €/Kg",,,
DIA SABOR CHARCUTEIRO Chouriço Corrente 400 g,,,"2,39 €","5,98 €/Kg",,,
NOEL Presunto Serrano All Natural 100 g,,,"2,47 €","24,70 €/Kg",,,
NOEL Salsichão 100 g,,,"1,75 €","17,50 €/Kg",,,
NOEL Lombo 120 g,,,"2,55 €","21,25 €/Kg",,,
NOEL Presunto Serrano 120 g,,,"2,49 €","20,75 €/Kg","3,09 €","25,75 €/Kg",
DIA SABOR CHARCUTEIRO Naco de Presunto 9M Cura 250 g,,,"3,34 €","13,36 €/Kg",,,
NOEL Fuet 170 g,,,"1,89 €","11,12 €/Kg",,,
NOEL Chouriço Delizias  100 g,,,"1,75 €","17,50 €/Kg",,,
Bacalhau Graúdo Inteiro Salgado Seco (Entre 2 a 3 kg e enviado com Corte para Lombos),,,"41,97 €","13,99 €/Kg",,,
Bacalhau Crescido Inteiro Salgado Seco (Entre 1 a 2 kg e enviado com Corte para Lombos),,,"25,98 €","12,99 €/Kg",,,
DIA (A) MAR À VISTA Migas de Bacalhau do Pacífico 400 g,,,"5,25 €","13,13 €/Kg",,,
DIA SABOR CHARCUTEIRO Paio York 200 g,,,"1,89 €","9,45 €/Kg",,,
DIA SABOR CHARCUTEIRO Fiambre Da Perna Extra 200 g,,,"1,85 €","9,25 €/Kg",,,
PRISCA Linguiça Extra Escolha Económica 150 g,,,"1,69 €","11,27 €/Kg",,,
PRISCA Paio Do Lombo Em Fatias Escolha Económica 90 g,,,"1,65 €","18,33 €/Kg",,,
PRISCA Farinheira Extra Escolha Económica 150 g,,,"1,69 €","11,27 €/Kg",,,
PRISCA Chouriça Extra Escolha Económica 150 g,,,"1,99 €","13,27 €/Kg",,,
PRISCA Chouriço Mouro Extra Escolha Económica 150 g,,,"1,69 €","11,27 €/Kg",,,
PRISCA Barriga Fumada Em Fatias Escolha Económica 90 g,,,"1,65 €","18,33 €/Kg",,,
IZIDORO Salsicha Brasileira Embalado 600 g,,,"3,34 €","5,57 €/Kg",,,
Limão (1 un = 220 g aprox),,,"0,50 €","2,29 €/Kg",,,
Kiwi (1 un = 120 g aprox),,,"0,48 €","3,99 €/Kg",,,
Maçã Gala (1 un = 180 g aprox),,,"0,41 €","2,29 €/Kg",,,
Mandarina (1 un = 140 g aprox),,,"0,35 €","2,49 €/Kg","0,42 €","2,99 €/Kg",
Laranja (1 un = 275 g aprox),,,"0,49 €","1,79 €/Kg",,,
Maçã Golden (1 un = 185 g aprox),,,"0,33 €","1,79 €/Kg",,,
Banana Importada (1 un = 185 g aprox),,,"0,20 €","1,09 €/Kg",,,
DIA SABOR CHARCUTEIRO Bacon Fatias 200 g,,,"2,09 €","10,45 €/Kg",,,
CORTE DO DIA Frango Partido Embalado (1 un = 635 g aprox),,,"2,13 €","3,35 €/Kg",,,
DIA AL PUNTO Lasanha À Bolonhesa 1 kg,,,"4,95 €","4,95 €/Kg",,,
DIA SABOR CHARCUTEIRO Chouriço de Carne do Fundão 250 g,,,"2,99 €","11,96 €/Kg",,,
CORTE DO DIA Bifanas de Porco Embaladas (1 un = 495 g aprox),,,"3,61 €","7,29 €/Kg",,,
CORTE DO DIA Bifes Peru Embalado (1 un = 520 g aprox),,,"4,44 €","8,54 €/Kg",,,
DIA Amendoins Com Sal 250 g,,,"1,05 €","4,20 €/Kg",,,
DIA Salsichas Baviera 300 g,,,"2,19 €","7,30 €/Kg",,,
Pepino (1 un = 365 g aprox),,,"0,69 €","1,89 €/Kg",,,
Alface Frisada (1 un = 335 g aprox),,,"0,90 €","2,69 €/Kg",,,
Uva Branca Sem Grainha Embalada 500 g,,,"4,39 €","8,78 €/Kg",,,
Uva Preta Sem Grainha Embalada 500 g,,,"4,39 €","8,78 €/Kg",,,
DIA AL PUNTO Pizza Fresca Queijo E Fiambre 400 g,,,"2,69 €","2,69 €/ud",,,
DIA AL PUNTO Pizza Fresca Atum E Bacon 400 g,,,"2,75 €","2,75 €/ud",,,
Pimento Verde (1 un = 255 g aprox),,,"0,69 €","2,69 €/Kg",,,
Uva Preta (1 un = 825 g aprox),,,"3,29 €","3,99 €/Kg",,,
Feijão Verde,,,"3,99 €","3,99 €/Kg",,,
Pêra Rocha (1 un = 160 g aprox),,,"0,30 €","1,89 €/Kg",,,
HORTA DO DIA Melão Verde (1 un = 2795 g aprox),,,"6,40 €","2,29 €/Kg",,,
HORTA DO DIA Batata Para Cozer Embalada 3 kg,,,"2,69 €","0,90 €/Kg",,,
HORTA DO DIA Cenouras Embaladas 1 kg,,,"0,99 €","0,99 €/Kg",,,
HORTA DO DIA Alho Embalado 250 g,,,"1,49 €","5,96 €/Kg",,,
HORTA DO DIA Cebolas Embaladas 1 kg,,,"1,19 €","1,19 €/Kg",,,
Couve Lombarda (1 un = 1415 g aprox),,,"1,97 €","1,39 €/Kg",,,
Abacaxi (1 un = 2120 g aprox),,,"2,95 €","1,39 €/Kg",,,
Banana da Madeira (1 un = 110 g aprox),,,"0,33 €","2,99 €/Kg",,,
Abóbora Cortada Embalada (1 un = 550 g aprox),,,"1,09 €","1,99 €/Kg",,,
DIA SABOR CHARCUTEIRO Fiambre da Pá 2x125 g,,,"1,99 €","7,96 €/Kg",,,
Brócolo (1 un = 525 g aprox),,,"1,57 €","2,99 €/Kg",,,
DIA SABOR CHARCUTEIRO Tiras de Bacon 2x100 g,,,"2,79 €","13,95 €/Kg",,,
Meloa Galia (1 un = 985 g aprox),,,"2,95 €","2,99 €/Kg",,,
DIA AL PUNTO Pizza Fresca de 4 Queijos 400 g,,,"2,75 €","2,75 €/ud",,,
CORTE DO DIA Frango Inteiro Sem Miúdos Embalado (1 un = 1435 g aprox),,,"4,15 €","2,89 €/Kg",,,
CORTE DO DIA Coxas de Frango Embaladas (1 un = 645 g aprox),,,"3,86 €","5,98 €/Kg",,,
CORTE DO DIA Bifes de Frango Embalados (1 un = 660 g aprox),,,"5,08 €","7,69 €/Kg",,,
CORTE DO DIA Asas Frango Embaladas (1 un = 550 g aprox),,,"1,64 €","2,99 €/Kg",,,
Batata Doce (1 un = 435 g aprox),,,"0,82 €","1,89 €/Kg",,,
HORTA DO DIA Agrião 150 g,,,"1,49 €","9,93 €/Kg",,,
HORTA DO DIA Caldo Verde 250 g,,,"0,89 €","3,56 €/Kg",,,
HORTA DO DIA Salada Ibéria Embalada 150 g,,,"1,29 €","8,60 €/Kg",,,
Couve Flor (1 un = 1250 g aprox),,,"3,24 €","2,59 €/Kg",,,
CORTE DO DIA Peito de Frango Embalado (1 un = 735 g aprox),,,"5,51 €","7,49 €/Kg",,,
Nabo Sem Rama (1 un = 190 g aprox),,,"0,57 €","2,99 €/Kg",,,
CORTE DO DIA Costeletas do Cachaço Embaladas (1 un = 700 g aprox),,,"4,82 €","6,89 €/Kg",,,
CORTE DO DIA Costeletas do Lombo Embaladas (1 un = 700 g aprox),,,"4,82 €","6,89 €/Kg",,,
Pimento Vermelho (1 un = 260 g aprox),,,"0,91 €","3,49 €/Kg",,,
Courgete (1 un = 545 g aprox),,,"1,36 €","2,49 €/Kg",,,
DIA AL PUNTO Pizza Romana 410 g,,,"2,69 €","2,69 €/ud",,,
NOBRE Fiambre Fatias Finas Económico 100 g,,,"1,29 €","12,90 €/Kg",,,
NOBRE Suave Sabor Chourição Fatias 100 g,,,"1,35 €","13,50 €/Kg",,,
NOBRE Suave Sabor Presunto Fatias 70 g,,,"1,99 €","28,43 €/Kg",,,
DIA PRA JÁ! Cheeseburguer de Porco 2x150 g,,,"2,29 €","7,63 €/Kg","2,85 €","9,50 €/Kg",
NOBRE Extra Suculento Fiambre Fatias Clássicas 100 g,,,"1,20 €","12,00 €/Kg",,,
CAMPOFRIO Forno de Lenha Peito de Peru Fatias Clássicas 120 g,,,"2,69 €","22,42 €/Kg",,,
DIA VITAL Sementes de Girassol 200 g,,,"1,43 €","7,15 €/Kg",,,
DIA NATULEV Bagas de Goji 150 g,,,"3,08 €","20,53 €/Kg",,,
DIA VITAL Sementes de Linhaça Amarela 250 g,,,"1,43 €","5,72 €/Kg",,,
DAMATTA Presunto Sabor Português 70 g,,,"1,98 €","28,29 €/Kg",,,
PRISCA Alheira de Caça 180 g,,,"2,25 €","12,50 €/Kg",,,
DIA SABOR CHARCUTEIRO Peito de Peru Fatias Finas 100 g,,,"1,29 €","12,90 €/Kg",,,
DIA SABOR CHARCUTEIRO Paio do Lombo 125 g,,,"1,75 €","14,00 €/Kg",,,
CEM PORCENTO Mix Sementes Tradicional 250 g,,,"1,99 €","7,96 €/Kg",,,
DAMATTA Supremos de Presunto 2x75 g,,,"5,15 €","34,33 €/Kg",,,
DIA SABOR CHARCUTEIRO Alheira Trasmontana 200 g,,,"1,49 €","7,45 €/Kg",,,
Tomate (1 un = 205 g aprox),,,"0,47 €","2,29 €/Kg",,,
DIA SABOR CHARCUTEIRO Chouriço Corrente 200 g,,,"1,25 €","6,25 €/Kg",,,
DIA SABOR CHARCUTEIRO Linguiça 150 g,,,"1,39 €","9,27 €/Kg",,,
CAMPOFRIO Pizza Queijo E Fiambre 360 g,,,"3,39 €","9,42 €/Kg",,,
CORTE DO DIA Espetadas de Peru Embaladas (1 un = 575 g aprox),,,"4,02 €","6,99 €/Kg",,,
HORTA DO DIA Rúcula Selvagem Embalada 100 g,,,"1,04 €","10,40 €/Kg",,,
DIA SABOR CHARCUTEIRO Fatias de Afiambrado 2x110 g,,,"1,49 €","6,77 €/Kg",,,
DIA AL PUNTO Pizza Carbonara 400 g,,,"2,75 €","2,75 €/ud",,,
ELPOZO Bifinhos do Lombo Temperados 600 g,,,"7,19 €","11,98 €/Kg",,,
DIA SABOR CHARCUTEIRO Linguiça Picante 150 g,,,"1,25 €","8,33 €/Kg",,,
DIA SABOR CHARCUTEIRO Chouriço de Carne de Seia 250 g,,,"3,09 €","12,36 €/Kg",,,
DIA SABOR CHARCUTEIRO Farinheira de Seia 200 g,,,"1,65 €","8,25 €/Kg",,,
DIA SABOR CHARCUTEIRO Bacon Naco 200 g,,,"2,69 €","13,45 €/Kg",,,
DIA Massa Folhada 230 g,,,"1,15 €","5,00 €/Kg",,,
DIA Massa Quebrada 230 g,,,"1,15 €","5,00 €/Kg",,,
Batata Branca (1 un = 275 g aprox),,,"0,35 €","1,29 €/Kg",,,
RIBERALVES Postas de Bacalhau 450 g,,,"3,99 €","8,87 €/Kg",,,
DIA NA GRELHA Salsichas Churrasco Clássicas 200 g,,,"1,99 €","9,95 €/Kg",,,
DIA NA GRELHA Salsichas Churrasco Picantes 200 g,,,"1,99 €","9,95 €/Kg",,,
NOBRE Cuida-t+ Peito de Peru Fatias Finas 110 g,,,"2,69 €","24,45 €/Kg",,,
DAMATTA Chouriço de Carne Extra 200 g,,,"3,05 €","15,25 €/Kg",,,
DAMATTA Chouriço Alentejano 225 g,,,"5,39 €","23,96 €/Kg",,,
Maçã Reineta (1 un = 175 g aprox),,,"0,45 €","2,59 €/Kg",,,
HORTA DO DIA Espinafres Embalados 170 g,,,"1,09 €","6,41 €/Kg",,,
RIBERALVES Paloco Desfiado Pacífico 250 g,,,"2,29 €","9,16 €/Kg",,,
Maçã Fuji (1 un = 195 g aprox),,,"0,47 €","2,39 €/Kg",,,
DIA Caju Torrado E Salgado 125 g,,,"2,59 €","20,72 €/Kg",,,
Couve Portuguesa (1 un = 735 g aprox),,,"1,61 €","2,19 €/Kg",,,
FRUTOS SECOS DO DIA Miolo de Noz Metades 200 g,,,"2,79 €","13,95 €/Kg",,,
CAMPOFRIO Mortadela de Peru Com Azeitonas Fatias 140 g,,,"1,99 €","14,21 €/Kg",,,
FRUTOS SECOS DO DIA Passas Sultanas 200 g,,,"0,89 €","4,45 €/Kg",,,
Hambúrguer de Bovino Embalado 400 g,,,"4,09 €","10,23 €/Kg",,,
DIA SABOR CHARCUTEIRO Alheira de Mirandela IGP 200 g,,,"1,55 €","7,75 €/Kg",,,
DIA SABOR CHARCUTEIRO Chourição Fatias 200 g,,,"1,65 €","8,25 €/Kg",,,
PRISCA Painho Em Fatias Escolha Económica 90 g,,,"1,65 €","18,33 €/Kg",,,
Tomate Coração de Boi (1 un = 225 g aprox),,,"0,67 €","2,99 €/Kg",,,
FRUTORRA Ameixa Sem Caroço 200 g,,,"2,29 €","11,45 €/Kg",,,
WUDY Salsicha Fresca de Peru e Frango Recheada com Queijo 150 g,,,"1,29 €","8,60 €/Kg",,,
WUDY Salsicha Fresca de Peru e Frango 250 g,,,"1,59 €","6,36 €/Kg",,,
NOBRE Suave Sabor Mortadela com Azeitonas Fatias 120 g,,,"1,30 €","10,83 €/Kg",,,
FRUTOS SECOS DO DIA Miolo de Pinhão 50 g,,,"5,59 €","111,80 €/Kg",,,
Amêndoa com Casca Embalada 500 g,,,"2,99 €","5,98 €/Kg",,,
Avelã com Casca Embalada 500 g,,,"3,99 €","7,98 €/Kg",,,
CORTE DO DIA Lombinhos de Porco (1 un = 700 g aprox),,,"5,24 €","7,49 €/Kg",,,
DIA SELEÇÃO MUNDIAL Salmão Fumado 100 g,,,"3,80 €","38,00 €/Kg",,,
IZIDORO Fiambre Fatias Essencial 100 g,,,"1,65 €","16,50 €/Kg",,,
IZIDORO Bacon Fatias Essencial 85 g,,,"1,65 €","19,41 €/Kg",,,
FUMEIRO SERRA DA ESTRELA Chouriço Cebola 180 g,,,"2,49 €","13,83 €/Kg",,,
FRUUT Abacaxi Embalado 20 g,,,"1,34 €","67,00 €/Kg",,,
FRUUT Coco Embalado 20 g,,,"0,99 €","49,50 €/Kg",,,
FUMEIRO SERRA DA ESTRELA Chouriço Cura 100% Natural Picante 200 g,,,"3,49 €","17,45 €/Kg",,,
FUMEIRO SERRA DA ESTRELA Chouriço Cura 100% Natural 200 g,,,"4,29 €","21,45 €/Kg",,,
Hamburguer de Frango Embalado 460 g,,,"3,49 €","7,59 €/Kg",,,
DIA SABOR CHARCUTEIRO Fiambre da Perna Superior 200 g,,,"2,69 €","13,45 €/Kg",,,
CAMPOFRIO Mortadela de Peru em Fatias 140 g,,,"1,99 €","14,21 €/Kg",,,
FRUTOS SECOS DO DIA Mix de Frutos Secos e Fruta Desidratada 200 g,,,"2,29 €","11,45 €/Kg",,,
CAMPOGRILL Salsichas Crioulo de Frango 360 g,,,"3,19 €","8,86 €/Kg",,,
CORTE DO DIA Preparado de Carne Picada Mista 500 g,,,"4,49 €","8,98 €/Kg",,,
CORTE DO DIA Preparado de Carne Picada Bovino 500 g,,,"4,99 €","9,98 €/Kg",,,
CORTE DO DIA Almôndegas Mistas 350 g,,,"3,19 €","9,11 €/Kg",,,
Papaia (1 un = 580 g aprox),,,"2,66 €","4,59 €/Kg",,,
PORMINHO Bacon Extra Nacos 200 g,,,"3,39 €","16,95 €/Kg",,,
PORMINHO Bacon Extra Fatias 80 g,,,"1,45 €","18,13 €/Kg",,,
PORMINHO Chouriço Cubos 2x75 g,,,"2,14 €","14,27 €/Kg",,,
PORMINHO Bacon Cubos 2x75 g,,,"3,29 €","21,93 €/Kg",,,
PORMINHO Linguiça Rodelas 2x75 g,,,"2,29 €","15,27 €/Kg",,,
PRISCA Chrouriça Receita Beirã Escolha Económica 150 g,,,"2,19 €","14,60 €/Kg",,,
PRISCA Chrouriça Receita Alentejana Escolha Económica 150 g,,,"2,19 €","14,60 €/Kg",,,
PRISCA Chrouriça Receita Transmontana Escolha Económica 150 g,,,"2,19 €","14,60 €/Kg",,,
HORTA DO DIA Salada Camponesa 250 g,,,"1,29 €","5,16 €/Kg",,,
HORTA DO DIA Cogumelo Marron 300 g,,,"1,99 €","6,63 €/Kg",,,
HORTA DO DIA Tomate Cherry Rama 300 g,,,"2,19 €","7,30 €/Kg",,,
HORTA DO DIA Cogumelo Pleurothus 200 g,,,"2,38 €","11,90 €/Kg",,,
IZIDORO Peito Peru Fatinas Finas 120 g,,,"2,05 €","17,08 €/Kg",,,
HORTA DO DIA Cogumelo Laminado 250 g,,,"1,99 €","7,96 €/Kg",,,
HORTA DO DIA Pimento Padrão 200 g,,,"1,59 €","7,95 €/Kg",,,
PESCANOVA Camarão Cozido (40/60) 500 g,,,"6,29 €","12,58 €/Kg",,,
PEIXE DO DIA Posta de Salmão (1 un = 415 g aprox),,,"8,09 €","19,49 €/Kg",,,
PEIXE DO DIA Lombo de Salmão (1 un = 560 g aprox),,,"12,43 €","22,19 €/Kg",,,
PEIXE DO DIA Filete de Salmão (1 un = 385 g aprox),,,"8,54 €","22,19 €/Kg",,,
HORTA DO DIA Nabiça 150 g,,,"1,19 €","7,93 €/Kg",,,
IZIDORO Salsichas Vácuo Hot Dog Aves 200 g,,,"3,29 €","16,45 €/Kg",,,
HORTA DO DIA Cogumelo Inteiro 300 g,,,"1,89 €","6,30 €/Kg",,,
HORTA DO DIA Framboesa 125 g,,,"1,99 €","15,92 €/Kg",,,
HORTA DO DIA Mirtilo 125 g,,,"1,89 €","15,12 €/Kg",,,
HORTA DO DIA Alho Francês Cortado 400 g,,,"1,99 €","4,98 €/Kg",,,
HORTA DO DIA Feijão Verde 500 g,,,"2,99 €","5,98 €/Kg",,,
DIA SABOR CHARCUTEIRO Mortadela 200 g,,,"1,20 €","6,00 €/Kg",,,
DIA SABOR CHARCUTEIRO Alheira de Caça 180 g,,,"1,79 €","9,94 €/Kg",,,
FUMEIRO DA GARDUNHA Presunto Fatiado do Fundão (7 meses) 80 g,,,"1,89 €","23,63 €/Kg",,,
FUMEIRO DA GARDUNHA Naco Presunto (9 meses) 300 g,,,"4,59 €","15,30 €/Kg",,,
FUMEIRO DA GARDUNHA Chouriço Mouro do Fundão 120 g,,,"1,19 €","9,92 €/Kg",,,
FUMEIRO DA GARDUNHA Farinheira do Fundão 120 g,,,"1,19 €","9,92 €/Kg",,,
DIA SABOR CHARCUTEIRO Presunto Serrano (9 meses) 150 g,,,"2,95 €","19,67 €/Kg",,,
DIA SABOR CHARCUTEIRO Presunto (7 meses) 150 g,,,"2,69 €","17,93 €/Kg",,,
RIBERALVES Badanas de Bacalhau 700 g,,,"5,99 €","8,56 €/Kg",,,
DAMATTA Tapas Presunto Fatiado 120 g,,,"4,05 €","33,75 €/Kg",,,
DAMATTA Tapas Chourição Castelhano e Salame Fatiados 100 g,,,"3,00 €","30,00 €/Kg",,,
Abacaxi Maturado (1 un = 1735 g aprox),,,"3,63 €","2,09 €/Kg",,,
Abacate Embalado 500 g,,,"2,99 €","5,98 €/Kg",,,
DIA SABOR CHARCUTEIRO Chouriço Extra 2x100 g,,,"2,29 €","11,45 €/Kg",,,
DIA SABOR CHARCUTEIRO Cubos de Bacon 2x75 g,,,"1,59 €","10,60 €/Kg",,,
DAMATTA Presunto Fumado Fatias Finas 70 g,,,"2,59 €","37,00 €/Kg",,,
DIA SABOR CHARCUTEIRO Peito de Peru 150 g,,,"1,69 €","11,27 €/Kg",,,
DIA SABOR CHARCUTEIRO Fiambre Peru Fatias 150 g,,,"1,59 €","10,60 €/Kg",,,
DIA SABOR CHARCUTEIRO Peito de Peru em Forno de Lenha 150 g,,,"1,99 €","13,27 €/Kg",,,
PASTAGEM AÇOREANA Escalopes Novilho 400 g,,,"5,25 €","13,13 €/Kg",,,
DIA SABOR CHARCUTEIRO Peito de Frango em Forno de Lenha 150 g,,,"1,99 €","13,27 €/Kg",,,
Manga Avião (1 un = 475 g aprox),,,"2,37 €","4,99 €/Kg",,,
DIA SABOR CHARCUTEIRO Cubos de Fiambre 2x75 g,,,"1,49 €","9,93 €/Kg",,,
DIA SABOR CHARCUTEIRO Pepperoni Rodelas 2x75 g,,,"2,10 €","14,00 €/Kg",,,
Gengibre Biológico Embalado 200 g,,,"2,49 €","12,45 €/Kg",,,
Tomate Cherry Biológico Embalado 250 g,,,"1,49 €","5,96 €/Kg",,,
MONTARAZ Secretos de Porco Preto Criado no Campo 250 g,,,"4,99 €","19,96 €/Kg",,,
MONTARAZ Lagartos de Porco Preto Criado no Campo 250 g,,,"4,99 €","19,96 €/Kg",,,
MONTARAZ Plumas de Porco Preto Criado no Campo 250 g,,,"4,99 €","19,96 €/Kg",,,
Abacate Biológico Embalado 350 g,,,"2,49 €","7,11 €/Kg",,,
IZIDORO Hamburgueres Vegan Embalados Veggie Lovers 220 g,,,"3,49 €","15,86 €/Kg",,,
DIA SABOR CHARCUTEIRO Cubos de Chouriço Curado 2x75 g,,,"1,49 €","9,93 €/Kg",,,
FRUTOS SECOS DO DIA Avelã Torrada sem Pele 200 g,,,"2,59 €","12,95 €/Kg","3,29 €","16,45 €/Kg",
FRUTOS SECOS DO DIA Pistácio Torrado sem Sal 200 g,,,"3,29 €","16,45 €/Kg",,,
IZIDORO Fiambre Perna Extra Forno a Lenha Fatias 110 g,,,"3,39 €","30,82 €/Kg",,,
PEIXE DO DIA Filete de Dourada Embalado (1 un = 300 g aprox),,,"4,80 €","15,99 €/Kg",,,
PASTAGEM AÇOREANA Hamburguer de Bovino Embalado 400 g,,,"4,19 €","10,48 €/Kg",,,
DIA SABOR CHARCUTEIRO Salpicão do Fundão 200 g,,,"2,79 €","13,95 €/Kg",,,
RIBERALVES Postas de Bacalhau 600 g,,,"11,50 €","19,17 €/Kg",,,
RIBERALVES Lombos de Bacalhau 600 g,,,"12,80 €","21,33 €/Kg",,,
