NAME,BRAND,QUANTITY,PRICE,PPU,OLDPRICE,OLDPPU,EAN
NIVEA Creme Hidratante  250 ml,NIVEA,,"5,59 €","22,36 €/l",,,
TAMPAX Tampões Compak Super 20 Un,TAMPAX,,"3,99 €","0,20 €/ud",,,
TAMPAX Tampões Compak Normal 22 Un,TAMPAX,,"3,99 €","0,18 €/ud",,,
SUNSILK Laca Cabelos Normais 300 ml,SUNSILK,,"5,99 €","19,97 €/l",,,
DIA BONTÉ Pensos Higiénicos Ultra Noite Com Abas 10 Un,DIA BONT,,"1,41 €","0,14 €/ud",,,
DIA LA LLAMA Lenços de Papel Faciais Extra Suave 2 Folhas 150 Un,DIA LA LLAMA,,"1,15 €","1,15 €/ud",,,
DIA BONTÉ Pensos Incontinência Normal 24 Un,DIA BONT,,"3,54 €","0,15 €/ud",,,
BIC Lâminas Descartáveis 3 4 Un,BIC,,"3,29 €","0,82 €/ud",,,
DIA BONTÉ Tampão Digital Super 32 un,DIA BONT,,"2,15 €","0,07 €/ud",,,
ULTRA SUAVE Champô Camomila 250 ml,ULTRA SUAVE,,"2,15 €","8,60 €/l",,,
EVAX Penso Higiénico Fina E Segura Normal 16 Un,EVAX,,"1,69 €","0,11 €/ud",,,
COLGATE Pasta de Dentes Dentagard 75 ml,COLGATE,,"2,49 €","33,20 €/l",,,
COLGATE Dentífrico Sensation Branqueador 75 ml,COLGATE,,"3,09 €","41,20 €/l",,,
DOVE Sabonete Líquido Original 250 ml,DOVE,,"2,39 €","9,56 €/l","3,99 €","15,96 €/l",
NUTRISSE Coloração Permanente Creme Castanho Dourado  4.3 1 Un,NUTRISSE,,"6,16 €","6,16 €/ud",,,
NUTRISSE Coloração Preto N1 1 un,NUTRISSE,,"6,16 €","6,16 €/ud",,,
DIA BONTÉ Óleo Corpo Aloé Vera 500 ml,DIA BONT,,"3,19 €","6,38 €/l",,,
DEMAK'UP Discos Desmaquilhantes Redondos Expert 70 un,DEMAK UP,,"1,79 €","1,79 €/ud",,,
NIVEA Desodorizante Roll-On Dry Comfort 50 ml,NIVEA,,"2,99 €","59,80 €/l",,,
PALMOLIVE Sabonete Líquido Leite & Mel 300 ml,PALMOLIVE,,"3,79 €","12,63 €/l",,,
NUTRISSE Coloração Permanente Creme Louro Escuro 6.0 1 Un,NUTRISSE,,"6,16 €","6,16 €/ud",,,
LINIC Champô Controlo de Oleosidade 225 ml,LINIC,,"4,49 €","19,96 €/l",,,
EVAX Penso Higiénico Odorfresh 12 un,EVAX,,"2,59 €","0,22 €/ud",,,
REXONA Desodorizante Spray Cobalt Homem 150 ml,REXONA,,"2,69 €","13,45 €/l",,,
DETTOL Sabonete Líquido Hidratante Aloé Vera 250 ml,DETTOL,,"3,99 €","15,96 €/l",,,
EXCELLENCE Coloração Castanho Claro N5 1 un,EXCELLENCE,,"11,99 €","11,99 €/ud",,,
EXCELLENCE Coloração Permanente Excellence Creme Louro 7.0 1 Un,EXCELLENCE,,"11,99 €","11,99 €/ud",,,
EXCELLENCE Coloração Louro Claro Cendré N8.1 1 un,EXCELLENCE,,"11,99 €","11,99 €/ud",,,
DIA BONTÉ Penso Incontinência Extra 20 Un,DIA BONT,,"3,54 €","0,18 €/ud",,,
NIVEA MEN Deo Spray Impact 200 ml,NIVEA MEN,,"2,99 €","14,95 €/l",,,
REXONA Desodorizante Roll-On Cobalt Homem 50 ml,REXONA,,"2,69 €","53,80 €/l",,,
DIA LA LLAMA Lenços de Papel Caixa 3 Folhas 60 Un,DIA LA LLAMA,,"1,35 €","1,35 €/ud",,,
TENA Pants Cuecas Incontinência Unisexo Plus (Tamanho L) 14 Un,TENA,,"16,79 €","1,20 €/ud",,,
TENA Pants Cuecas Incontinência Unisexo Plus (Tamanho M) 14 Un,TENA,,"14,99 €","1,07 €/ud",,,
DIA BONTÉ Tónico Facial Peles Sensíveis 250 ml,DIA BONT,,"1,79 €","7,16 €/l",,,
DIA BONTÉ Body Milk Nutritivo 500 ml,DIA BONT,,"2,69 €","5,38 €/l",,,
DIA BONTÉ Body Milk Hidratante 500 ml,DIA BONT,,"2,69 €","5,38 €/l",,,
DIA BONTÉ Escova de Dentes Massagem Média 1 Un,DIA BONT,,"1,29 €","1,29 €/ud",,,
DIA BONTÉ Escova De Dentes Suave Everyday  4 un,DIA BONT,,"1,95 €","0,49 €/ud",,,
NATURAL HONEY Gel de Banho Skin Care Extra Hidratante 750 ml,NATURAL HONEY,,"5,69 €","8,43 €/l",,,
DOVE Creme Corpo Intensivo 150 ml,DOVE,,"3,99 €","26,60 €/l",,,
L'ORÉAL Creme de Rosto Men Expert Hydra Energetic 50 ml,OR AL,,"11,99 €","239,80 €/l",,,
DOVE Recarga Sabonete Líquido Original 500 ml,DOVE,,"2,99 €","5,98 €/l","4,99 €","9,98 €/l",
DIA BONTÉ Pants Incontinência Pants Médio 14 Un,DIA BONT,,"10,89 €","0,78 €/ud",,,
DIA BONTÉ Pants Incontinência Pants Grande 14 Un,DIA BONT,,"10,99 €","0,79 €/ud",,,
DIADERMINE Creme de Dia Hidratante Peles Normais 50 ml,DIADERMINE,,"4,99 €","99,80 €/l",,,
DIADERMINE Creme de Rosto Hidratante Peles Secas 50 ml,DIADERMINE,,"4,99 €","99,80 €/l",,,
FENO DE PORTUGAL Sabonete Sólido Regular 4x90 g,FENO DE PORTUGAL,,"3,89 €","10,81 €/Kg",,,
DIA BONTÉ Escova Dentes X-Action Média 2 Un,DIA BONT,,"1,19 €","0,60 €/ud",,,
ULTRA SUAVE Champô Abacate/Karité 250 ml,ULTRA SUAVE,,"2,15 €","8,60 €/l",,,
ULTRA SUAVE Condicionador Camomila Cabelos Louros 200 ml,ULTRA SUAVE,,"2,15 €","10,75 €/l",,,
NIVEA MEN Deo Roll-On Dry Impact 50 ml,NIVEA MEN,,"2,99 €","59,80 €/l",,,
TENA Discreet Pensos Incontinência Mulher Ultra Mini 28 un,TENA,,"3,19 €","0,11 €/ud",,,
BIC Lâminas Descartáveis Flex 3 Classic  4 Un,BIC,,"5,54 €","1,39 €/ud",,,
NIVEA Gel de Banho Care E Orange 500 ml,NIVEA,,"6,49 €","12,98 €/l",,,
ELVIVE Máscara Color Vive 300 ml,ELVIVE,,"6,99 €","23,30 €/l",,,
EVAX Pensos Higiénicos Super Plus 10 un,EVAX,,"2,59 €","0,22 €/ud",,,
NIVEA Bodymilk Smooth  250 ml,NIVEA,,"5,49 €","21,96 €/l",,,
L'ORÉAL PARIS Creme de Noite Revitalift Clássico 50 ml,OR AL PARIS,,"14,99 €","299,80 €/l",,,
EVAX Penso Higiénico Fina E Segura Normal 12 Un,EVAX,,"1,69 €","0,14 €/ud",,,
NIVEA Desodorizante Roll-On Pure & Natural 50 ml,NIVEA,,"4,62 €","92,40 €/l",,,
NIVEA MEN Gel Aqua Styling 150 ml,NIVEA MEN,,"5,59 €","37,27 €/l",,,
DIA BONTÉ Tampão Compacto com Aplicador Normal 32 Un,DIA BONT,,"4,37 €","0,14 €/ud",,,
DIA BONTÉ Tampão Compacto Super  32 un,DIA BONT,,"4,39 €","0,14 €/ud",,,
COLGATE Pasta de Dentes Max White One 75 ml,COLGATE,,"4,49 €","59,87 €/l",,,
DOVE Loção de Corpo Body Milk 250 ml,DOVE,,"5,99 €","23,96 €/l",,,
SCOTTEX Papel Higiénico Acolchoado 9 un,SCOTTEX,,"5,99 €","0,67 €/ud",,,
EVAX Pensos Higiénicos Salva Slip Normal 62 Un,EVAX,,"3,09 €","0,06 €/ud",,,
PALETTE Coloração Para Cabrlo N.8 Louro Claro 1 Un,PALETTE,,"5,99 €","5,99 €/ud",,,
VEET Creme Depilatório Pele Sensível 200 ml,VEET,,"6,99 €","34,95 €/l",,,
TENA Discreet Pensos Incontinência Mulher Maxi Night 12 un,TENA,,"6,37 €","0,53 €/ud",,,
PANTENE Máscara Liso E Sedoso 300 ml,PANTENE,,"6,59 €","21,97 €/l",,,
LINDOR Fralda Para Incontinência com Elásticos Tamanho Grande e Absorção Máxima 20 Un,LINDOR,,"13,74 €","0,69 €/ud",,,
LINDOR Fralda Para Incontinência com Elásticos Tamanho Médio e Absorção Super 20 Un,LINDOR,,"12,49 €","0,62 €/ud",,,
NUTRISSE Coloração Castanho Violino N4.26 1 un,NUTRISSE,,"9,49 €","9,49 €/ud",,,
PALETTE Coloração Para Cabelo Nº1.1 Preto Azulado 1 Un,PALETTE,,"5,99 €","5,99 €/ud",,,
ORAL-B Dentífrico Complete Elixir Limpeza Refrescante 75 ml,ORAL,,"2,99 €","39,87 €/l",,,
NIVEA MEN Creme Hidratante Skin Energy Q10 50 ml,NIVEA MEN,,"10,99 €","219,80 €/l",,,
L'OREAL PARIS Creme Roto Dia Age Perfect 50 ml,OREAL PARIS,,"15,99 €","319,80 €/l",,,
GLISS Champô Ultimate Repair 250 ml,GLISS,,"2,49 €","9,96 €/l","5,14 €","20,56 €/l",
VEET Creme Depilatório For Men Peles Sensíveis 200 ml,VEET,,"6,99 €","34,95 €/l",,,
NIVEA MEN Mini Desodorizante Invisible Black & White 35 ml,NIVEA MEN,,"2,19 €","62,57 €/l",,,
GARNIER Pure Gel 3 em 1 150 ml,GARNIER,,"7,99 €","53,27 €/l",,,
COLGATE Elixir Plax Menta 500 ml,COLGATE,,"4,86 €","9,72 €/l",,,
LACTOVIT Loção Corporal Lactourea 400 ml,LACTOVIT,,"7,39 €","18,47 €/l",,,
COLHOGAR Papel Higiénico Compacto Ultra Suave XXL (12R=24R) 12 un,COLHOGAR XXL,,"6,27 €","0,52 €/ud",,,
L'ORÉAL Creme de Rosto Men Expert Vita Lift 5 50 ml,OR AL,,"13,99 €","279,80 €/l",,,
NIVEA Creme Vital Dia Extra Nutritiva 50 ml,NIVEA,,"9,99 €","199,80 €/l",,,
NIVEA MEN After Shave Loção Sensitive 100 ml,NIVEA MEN,,"8,99 €","89,90 €/l",,,
GLISS Máscara Boião Ultimate Repair 200 ml,GLISS,,"3,99 €","19,95 €/l","8,23 €","41,15 €/l",
AQUAFRESH Pasta de Dentes de Leite 50 ml,AQUAFRESH,,"2,89 €","57,80 €/l",,,
POLIDENT Pastilhas Branqueadoras 30 Un,POLIDENT,,"3,99 €","0,13 €/ud",,,
PALMOLIVE Sabão de Glicerina Natural 90 g,PALMOLIVE,,"0,99 €","11,00 €/Kg",,,
TENA Lady Pensos Incontinência Mulher Super 30 un,TENA,,"12,74 €","0,42 €/ud",,,
FRUCTIS Champô Anticaspa 250 ml,FRUCTIS,,"3,99 €","15,96 €/l",,,
FRUCTIS Champô Hidra-Caracóis 250 ml,FRUCTIS,,"3,99 €","15,96 €/l",,,
FRUCTIS Condicionador Força e Brilho 200 ml,FRUCTIS,,"3,99 €","19,95 €/l",,,
ELNETT Laca de Cabelo Satin Cabelos Pintados 300 ml,ELNETT,,"5,99 €","19,97 €/l",,,
CORINE DE FARME Toalhitas Íntimas Suave E Protetor Uso Diário 10 Un,CORINE DE FARME,,"2,19 €","0,22 €/ud",,,
LINIC MEN Champô Anti-Queda 360 ml,LINIC MEN,,"6,59 €","18,31 €/l",,,
LINIC Champô Controlo Oleosidade 360 ml,LINIC,,"6,59 €","18,31 €/l",,,
DIADERMINE Creme Anti Rugas Expert 3D Dia 50 ml,DIADERMINE,,"8,79 €","175,80 €/l",,,
GLISS Champô Ultimate Color Para Cabelos Pintados  250 ml,GLISS,,"2,49 €","9,96 €/l","5,14 €","20,56 €/l",
GLISS Spray Condicionador para Cabelo Total Repair 200 ml,GLISS,,"3,79 €","18,95 €/l","7,82 €","39,10 €/l",
GLISS Amaciador Protecção Cor  200 ml,GLISS,,"2,49 €","12,45 €/l","5,14 €","25,70 €/l",
GLISS Condicionador Oil Nutritive 200 ml,GLISS,,"2,49 €","12,45 €/l","5,14 €","25,70 €/l",
GLISS Spray Condicionador Oil Nutritive 19 200 ml,GLISS,,"3,79 €","18,95 €/l","7,82 €","39,10 €/l",
SYOSS Champô Repair 440 ml,SYOSS,,"3,49 €","7,93 €/l","6,99 €","15,89 €/l",
SYOSS Champô Volume 440 ml,SYOSS,,"3,49 €","7,93 €/l","7,69 €","17,48 €/l",
SYOSS Champô Cores 440 ml,SYOSS,,"3,49 €","7,93 €/l","6,99 €","15,89 €/l",
SYOSS Laca Máximo Segurar  400 ml,SYOSS,,"4,97 €","12,42 €/l","8,54 €","21,35 €/l",
SYOSS Coloração 4-8 Castanho Chocolate  1 un,SYOSS,,"5,39 €","5,39 €/ud","9,26 €","9,26 €/ud",
PALMOLIVE Sabonete Naturals Amêndoa e Leite 4x90 g,PALMOLIVE,,"4,49 €","12,47 €/Kg",,,
PANTENE Máscara Caracóis Perfeitos 300 ml,PANTENE,,"6,59 €","21,97 €/l",,,
ULTRA SUAVE Creme Pentear Abacate/Kartité 200 ml,ULTRA SUAVE,,"3,49 €","17,45 €/l",,,
NIVEA Máscara Vissage Q10 15 ml,NIVEA,,"2,99 €","199,33 €/l",,,
DIADERMINE Creme de Rosto Lift + Efeito Imediato 50 ml,DIADERMINE,,"8,79 €","175,80 €/l",,,
ATRIX Creme de Proteção Intensiva 150 ml,ATRIX,,"4,99 €","33,27 €/l",,,
NIVEA Sabão Sólido Milk 90 g,NIVEA,,"1,19 €","13,22 €/Kg",,,
NIVEA Sabão Sólido Strawberry 90 g,NIVEA,,"1,19 €","13,22 €/Kg",,,
NIVEA Sabão Sólido Coconut & Almond Oil 90 g,NIVEA,,"1,19 €","13,22 €/Kg",,,
NIVEA Sabão Sólido Aloe Vera & Flowers 90 g,NIVEA,,"1,19 €","13,22 €/Kg",,,
AQUAFRESH Pasta de Dentes Menta Fresca 75 ml,AQUAFRESH,,"2,39 €","31,87 €/l",,,
GLISS Champô Protecção Cores  370 ml,GLISS,,"3,29 €","8,89 €/l","6,79 €","18,35 €/l",
NIVEA MEN Desodorizante Spray Invisible Black & White Original 150 ml,NIVEA MEN,,"2,81 €","18,73 €/l",,,
PALMOLIVE Sabonete Líquido Leite Amêndoas 300 ml,PALMOLIVE,,"3,79 €","12,63 €/l",,,
LINIC Champô Eficácia Ativa Homem 225 ml,LINIC,,"4,49 €","19,96 €/l",,,
NIVEA Tónico Facial Suave 200 ml,NIVEA,,"5,99 €","29,95 €/l",,,
NIVEA Creme Facial Dia Cellular Anti-Age 50 ml,NIVEA,,"21,62 €","432,40 €/l",,,
ELVIVE Amaciador Fortificante Full Resist 200 ml,ELVIVE,,"3,99 €","19,95 €/l",,,
ELVIVE Champô Fortificante Full Resist 250 ml,ELVIVE,,"3,99 €","15,96 €/l",,,
PANTENE Ampolas Protect 1 Minuto 3x15 ml,PANTENE,,"4,64 €","103,11 €/l",,,
SENSODYNE Dentífrico Ação Completa  75 ml,SENSODYNE,,"4,99 €","66,53 €/l",,,
SYOSS Coloração Óleo Intense 9.10 Louro Luminoso 1 Un,SYOSS,,"6,77 €","6,77 €/ud","11,63 €","11,63 €/ud",
SYOSS Coloração Óleo Intense 7.10 Louro Natural 1 Un,SYOSS,,"6,77 €","6,77 €/ud","11,63 €","11,63 €/ud",
EXCELLENCE Coloração Permanente Excellence Creme Avelã 6.41 1 Un,EXCELLENCE,,"11,99 €","11,99 €/ud",,,
SYOSS Coloração Óleo Intense 1.10 Preto Intenso 1 Un,SYOSS,,"6,77 €","6,77 €/ud","11,63 €","11,63 €/ud",
SYOSS Coloração Óleo Intense 4.18 Castanho Praliné  1 un,SYOSS,,"6,77 €","6,77 €/ud","11,63 €","11,63 €/ud",
SYOSS Coloração Óleo Intense 5.86 Castanho Caramelo  1 un,SYOSS,,"6,77 €","6,77 €/ud","11,63 €","11,63 €/ud",
PALMOLIVE Sabonete Líquido Recarga Leite & Mel 300 ml,PALMOLIVE,,"2,99 €","9,97 €/l",,,
DIA Álcool Etílico Sanitário 70º 250 ml,DIA,,"0,79 €","3,16 €/l",,,
ELVIVE Champô Color Vive 400 ml,ELVIVE,,"5,99 €","14,98 €/l",,,
DIA BONTÉ Protege Slip Aloe Vera 30 Un,DIA BONT,,"1,59 €","0,05 €/ud",,,
DIA BONTÉ Escova Interdental Fina 6 Un,DIA BONT,,"2,49 €","0,42 €/ud",,,
DIA BONTÉ Arcos Dentais 30 Un,DIA BONT,,"2,49 €","0,08 €/ud",,,
DIA BONTÉ Máquina de Barbear 5 Lâminas 1 Un,DIA BONT,,"4,00 €","4,00 €/ud",,,
DIA BONTÉ Recarga Máquina Barbear 4 Un,DIA BONT,,"4,52 €","1,13 €/ud",,,
DOVE Desodorizante Roll-On Invisible Dry  50 ml,DOVE,,"4,69 €","93,80 €/l",,,
DIA BONTÉ Gel Íntimo Sensitive 250 ml,DIA BONT,,"2,10 €","8,40 €/l",,,
GARNIER Água Micelar Tudo em 1 400 ml,GARNIER,,"6,99 €","17,48 €/l",,,
DIA BONTÉ Creme Pés Urea 10% 125 ml,DIA BONT,,"3,39 €","27,12 €/l",,,
COLGATE Elixir Tripla Acção 500 ml,COLGATE,,"3,74 €","7,48 €/l",,,
DIA BONTÉ Gel Aloe 100% 400 ml,DIA BONT,,"3,42 €","8,55 €/l",,,
DIA BONTÉ Loção Corporal Viagem 100 ml,DIA BONT,,"1,19 €","11,90 €/l",,,
DIA BONTÉ Body Milk Reafirmante Anti Idade 500 ml,DIA BONT,,"2,79 €","5,58 €/l",,,
DIA BONTÉ Óleo de Argan Capilar 100 ml,DIA BONT,,"4,60 €","46,00 €/l",,,
REXONA Desodorizante Roll-On Biorythm 50 ml,REXONA,,"2,69 €","53,80 €/l",,,
VEET Creme Descolorante 2x30 ml,VEET,,"4,89 €","81,50 €/l",,,
ULTRA SUAVE Condicionador Tesouros de Mel  200 ml,ULTRA SUAVE,,"2,15 €","10,75 €/l",,,
SYOSS Condicionador Keratin 440 ml,SYOSS,,"3,49 €","7,93 €/l","9,99 €","22,70 €/l",
SYOSS Champô Keratin 440 ml,SYOSS,,"3,49 €","7,93 €/l","7,20 €","16,36 €/l",
DOVE Desodorizante Roll-On Men Extra Fresh 50 ml,DOVE,,"4,69 €","93,80 €/l",,,
DOVE Desodorizante Roll-On Men Clean Confort 50 ml,DOVE,,"4,69 €","93,80 €/l",,,
SCOTTEX Papel Higiénico Original 16 un,SCOTTEX,,"4,99 €","0,31 €/ud",,,
DIA BONTÉ Toalhitas Higiene Corporal Adulto 60 Un,DIA BONT,,"3,09 €","0,05 €/ud",,,
DIA BONTÉ Toalhitas Desmaquilhantes Peles Maduras 25 un,DIA BONT,,"1,19 €","1,19 €/ud",,,
ULTRA SUAVE Champô Camomila 400 ml,ULTRA SUAVE,,"5,59 €","13,98 €/l",,,
DIA BONTÉ Body Mist Cherry Chic Dream Je T'aime  200 ml,DIA BONT,,"4,75 €","23,75 €/l",,,
COLGATE Pasta de Dentes Max White Optic 75 ml,COLGATE,,"4,49 €","59,87 €/l",,,
LACTOVIT Gel de Banho Lactourea 650 ml,LACTOVIT,,"5,19 €","7,98 €/l",,,
L'ORÉAL PARIS Creme de Dia Active Antirrugas 35+ 50 ml,OR AL PARIS,,"10,99 €","219,80 €/l",,,
ULTRA SUAVE Máscara Tesouros de Mel 300 ml,ULTRA SUAVE,,"4,75 €","15,83 €/l",,,
SYOSS Coloração Óleo Intense 3-10 Castanho Escuro 1 Un,SYOSS,,"6,77 €","6,77 €/ud","11,63 €","11,63 €/ud",
SYOSS Coloração Óleo Intense 4-23 Cereja Profundo 1 Un,SYOSS,,"6,77 €","6,77 €/ud","11,63 €","11,63 €/ud",
AXE Body Spray Black 150 ml,AXE,,"5,99 €","39,93 €/l",,,
REXONA Desodorizante Roll-On Invisible B+W 50 ml,REXONA,,"2,69 €","53,80 €/l",,,
DIADERMINE Creme Rosto Dia Lift Super Preenchedor 50 ml,DIADERMINE,,"11,99 €","239,80 €/l",,,
AXE Gel Banho Black 400 ml,AXE,,"5,99 €","14,98 €/l",,,
TAMPAX Tampão Pearl Regular 16 un,TAMPAX,,"3,99 €","0,25 €/ud",,,
EVAX Penso Higiénico Cotton Like Noite Alas 18 Un,EVAX,,"4,99 €","0,28 €/ud",,,
TAMPAX Tampão Pearl Super 16 un,TAMPAX,,"3,99 €","0,25 €/ud",,,
AXE Body Spray Gold Temptation 150 ml,AXE,,"5,99 €","39,93 €/l",,,
SYOSS Coloração Óleo Intense 6-80 Louro Avelã  1 un,SYOSS,,"6,77 €","6,77 €/ud","11,63 €","11,63 €/ud",
DOVE Gel de Banho Coconut Milk & Jasmine 750 ml,DOVE,,"7,99 €","10,65 €/l",,,
DOVE Desodorizante Roll-On Talco 50 ml,DOVE,,"4,69 €","93,80 €/l",,,
REXONA Desodorizante Roll-On Invisible B+W Homem 50 ml,REXONA,,"2,69 €","53,80 €/l",,,
TENA Bed Resguardo Cama 80 x 180 cm (com abas) 20 un,TENA,,"15,99 €","0,80 €/ud",,,
DIA BONTÉ Elixir Bucal Flúor Power Travel 100 ml,DIA BONT,,"1,69 €","1,69 €/ud",,,
ORAL-B Recarga Escova de Dentes Cross Action 2 un,ORAL,,"14,99 €","7,50 €/ud",,,
DETTOL Recarga Sabonete Líquido Hidratante Aloé Vera 250 ml,DETTOL,,"3,19 €","12,76 €/l",,,
AUSONIA DISCREET Pensos para Perdas de Urina Absorção Nornal 12 Un,AUSONIA DISCREET,,"2,24 €","0,19 €/ud",,,
AUSONIA DISCREET Cuecas para Perdas de Urina Tamanho M 9 Un,AUSONIA DISCREET,,"7,49 €","0,83 €/ud",,,
AUSONIA DISCREET Cuecas para Perdas de Urina Tamanho G 8 Un,AUSONIA DISCREET,,"7,49 €","0,94 €/ud",,,
NIVEA Creme Nutritivo Care 200 ml,NIVEA,,"6,48 €","32,40 €/l",,,
DIA BONTÉ Champô Mel 250 ml,DIA BONT,,"1,79 €","7,16 €/l",,,
ULTRA SUAVE Champô Delicadeza de Aveia 250 ml,ULTRA SUAVE,,"2,15 €","8,60 €/l",,,
L'ORÉAL PARIS Creme de Dia Age Perfect Golden Age  50 ml,OR AL PARIS,,"17,99 €","359,80 €/l",,,
COREGA Sem Sabor Creme Fixativo 70 g,COREGA,,"14,39 €","205,57 €/Kg",,,
NIVEA Deo Roll-On Protect & Care 50 ml,NIVEA,,"4,62 €","92,40 €/l",,,
SYOSS Champô Ceramide Anti-queda 440 ml,SYOSS,,"3,49 €","7,93 €/l","7,20 €","16,36 €/l",
DIA BONTÉ Toalhitas Desodorizantes Pocket 1 Un,DIA BONT,,"1,09 €","1,09 €/ud",,,
DIA BONTÉ Gel de Limpeza Facial Touhours Belle 250 ml,DIA BONT,,"4,49 €","17,96 €/l",,,
GARNIER Máscara 3 em 1 Carvão Pure Active Intensive 150 ml,GARNIER,,"8,99 €","59,93 €/l",,,
GARNIER Água Micelar em Óleo 400 ml,GARNIER,,"7,99 €","19,98 €/l",,,
DIA BONTÉ Pensos Para Perdas de Urina Homem 10 Un,DIA BONT,,"2,35 €","0,24 €/ud",,,
REXONA Desodorizante Spray Invisible B+W 150 ml,REXONA,,"2,69 €","17,93 €/l",,,
AXE Cera de Cabelo Urban 130 ml,AXE,,"6,49 €","49,92 €/l",,,
DIA BONTÉ Creme Depilatório Men 200 ml,DIA BONT,,"3,89 €","19,45 €/l",,,
VEET Cera Depilatória à Base de Açúcar Com Óleo de Argão 250 ml,VEET,,"5,59 €","22,36 €/l",,,
JOHNSON'S Loção Corporal Hidratante Vitarich Uva 400 ml,JOHNSON,,"5,99 €","14,98 €/l",,,
DIA BONTÉ Pensos Higiénicos Ultra Normal Sem Abas 28 Un,DIA BONT,,"2,19 €","0,08 €/ud",,,
GARNIER Máscara de Tecido Hidratante 1 Un,GARNIER,,"2,99 €","2,99 €/ud",,,
DIA LA LLAMA Lenços De Papel Aroma Mentol 4 Folhas 10 Un,DIA LA LLAMA,,"1,45 €","0,15 €/ud",,,
DIA BONTÉ Máquina Descartável Homem 3 Lâminas 6 un,DIA BONT,,"4,62 €","0,77 €/ud",,,
DIA BONTÉ Protege Slip Normal 60 Un,DIA BONT,,"1,75 €","1,75 €/ud",,,
DIA BONTÉ Máquinas Descartáveis 3 Lâminas Senhora 4 Un,DIA BONT,,"3,09 €","0,77 €/ud",,,
NIVEA Água Micelar O2 Peles Sensíveis 400 ml,NIVEA,,"6,89 €","17,23 €/l",,,
GARNIER Máscara Rosto Hydra Bomb 1 un,GARNIER,,"2,99 €","2,99 €/ud",,,
ULTRA SUAVE Máscara Delicadeza de Aveia 300 ml,ULTRA SUAVE,,"4,75 €","15,83 €/l",,,
DIADERMINE Creme Dia Expert Rejuvenescedor 50 ml,DIADERMINE,,"11,99 €","239,80 €/l",,,
VEET Bandas de Cera Depilatórias Para Peles Normais 20 Un,VEET,,"6,29 €","0,31 €/ud",,,
TENA Discreet Pensos Incontinência Mulher Mini 20 un,TENA,,"3,19 €","0,16 €/ud",,,
NIVEA MEN Deo Roll-On Cool Kick 50 ml,NIVEA MEN,,"4,11 €","82,20 €/l",,,
TRESEMMÉ Champô Liso Keratina 400 ml,TRESEMM,,"4,19 €","10,48 €/l",,,
TRESEMMÉ Champô Hidratação Intensa 500 ml,TRESEMM,,"4,19 €","8,38 €/l",,,
VEET Bandas Cera Depilatória Peles Sensíveis 20 un,VEET,,"6,29 €","0,31 €/ud",,,
GILLETTE VENUS Máquina Descartável Simply 2 3 un,GILLETTE VENUS,,"1,99 €","0,66 €/ud",,,
EVAX Pensos Higiénicos Liberty Normal Alas 12 Un,EVAX,,"2,99 €","0,25 €/ud",,,
ULTRA SUAVE Creme de Pentear Tesouros de Mel 200 ml,ULTRA SUAVE,,"3,49 €","17,45 €/l",,,
REXONA Desodorizante Spray Tropical 150 ml,REXONA,,"2,69 €","17,93 €/l",,,
ORAL-B Pasta de Dentes Pro-Expert Proteção Profissional 2x75 ml,ORAL,,"6,89 €","45,93 €/l",,,
TENA Active Fit Cuecas Incontinência Homem (tamanho M) 9 un,TENA,,"11,99 €","1,33 €/ud",,,
PANTENE Condicionador Caracóis Definidos 3 minutos 200 ml,PANTENE,,"5,99 €","29,95 €/l",,,
SYOSS Condicionador Curls 440 ml,SYOSS,,"3,49 €","7,93 €/l","7,20 €","16,36 €/l",
SYOSS Champô Curls 440 ml,SYOSS,,"3,49 €","7,93 €/l","7,20 €","16,36 €/l",
GLISS Champô Para Cabelo Long e Sublime 250 ml,GLISS,,"2,49 €","9,96 €/l","5,14 €","20,56 €/l",
ELVIVE Champô Reconstrutor Dream Long  250 ml,ELVIVE,,"3,99 €","15,96 €/l",,,
NIVEA MEN Deo Roll-On Black & White Active Men  50 ml,NIVEA MEN,,"2,69 €","53,80 €/l",,,
ELVIVE Condicionador Dream Long 200 ml,ELVIVE,,"3,99 €","19,95 €/l",,,
ELVIVE Máscara Dream Long 300 ml,ELVIVE,,"6,99 €","23,30 €/l",,,
PANTENE Condicionador Caracóis Definidos 200 ml,PANTENE,,"3,99 €","19,95 €/l",,,
PANTENE Champô Repara & Protege 250 ml,PANTENE,,"3,99 €","15,96 €/l",,,
PANTENE Champô Suave & Sedoso 250 ml,PANTENE,,"3,99 €","15,96 €/l",,,
PANTENE Champô Anti-Caspa 250 ml,PANTENE,,"3,99 €","15,96 €/l",,,
PANTENE Champô Caracóis Definidos 250 ml,PANTENE,,"3,99 €","15,96 €/l",,,
GILLETTE VENUS Lâminas Descartáveis Simply Basic Venus3 3 un,GILLETTE VENUS,,"2,60 €","0,87 €/ud","3,49 €","1,16 €/ud",
AUSONIA DISCREET Pants Tamanho G 8 un,AUSONIA DISCREET,,"8,99 €","1,12 €/ud",,,
PALMOLIVE Gel de Banho Naturals Amêndoas & Leite 500 ml,PALMOLIVE,,"2,69 €","5,38 €/l",,,
PALMOLIVE Gel de Banho Naturals Leite de Oliva 500 ml,PALMOLIVE,,"2,69 €","5,38 €/l",,,
DOVE Mousse Banho Rose Oil 200 ml,DOVE,,"4,99 €","24,95 €/l",,,
TRESEMMÉ Condicionador Caracóis Hidratados 500 ml,TRESEMM,,"4,19 €","8,38 €/l",,,
EVAX Pensos Higiénicos Fina & Segura Maxi 13 Un,EVAX,,"1,69 €","0,13 €/ud",,,
TRESEMMÉ Champô Color Keratina 400 ml,TRESEMM,,"6,99 €","17,48 €/l",,,
DOVE Desodorizante Spray Extra Fresh Homem 150 ml,DOVE,,"4,69 €","31,27 €/l",,,
DOVE Gel de Banho Pomegranate  750 ml,DOVE,,"6,99 €","9,32 €/l",,,
LIS Papel Higiénico 2 Folhas 12 Un,LIS,,"2,29 €","0,19 €/ud",,,
COUTO Pasta de Dentes 60 g,COUTO,,"2,29 €","38,17 €/Kg",,,
SYOSS Coloração 5-29 Vermelho Intenso  1 un,SYOSS,,"5,39 €","5,39 €/ud","9,26 €","9,26 €/ud",
DOVE Desodorizante Spray Men Clean 150 ml,DOVE,,"4,69 €","31,27 €/l",,,
FENO DE PORTUGAL Gel de Banho Hipoalergénico Mel e Geleia Real 700 ml,FENO DE PORTUGAL,,"5,49 €","7,84 €/l",,,
DIA LA LLAMA Papel Higiénico 2 Folhas 24 Un,DIA LA LLAMA,,"4,59 €","0,19 €/ud",,,
GLISS Champô Liso Asiático 250 ml,GLISS,,"2,49 €","9,96 €/l","5,14 €","20,56 €/l",
COLGATE Dentífrico Max White One 2x75 ml,COLGATE,,"4,99 €","33,27 €/l",,,
RENOVA Papel Higiénico Super Compact (4=12 rolos) 4 un,RENOVA,,"2,49 €","0,62 €/ud",,,
RENOVA Lenços de Bolso Kids Compacto 4 Folhas 6 un,RENOVA,,"0,99 €","0,17 €/ud",,,
EVAX Pensos Higiénicos Liberty Super Alas 10 Un,EVAX,,"2,99 €","0,30 €/ud",,,
TENA Silhouette Cuecas de Incontinência Mulher Creme (Tamanho L) 8 un,TENA,,"11,99 €","1,50 €/ud",,,
FRUCTIS Máscara Capilar Hair Food Banana 390 ml,FRUCTIS,,"8,99 €","23,05 €/l",,,
FRUCTIS Máscara de Cabelo Hair Food Papaia 390 ml,FRUCTIS,,"8,99 €","23,05 €/l",,,
ULTRA SUAVE Champô Água de Côco e Aloe Vera 250 ml,ULTRA SUAVE,,"2,15 €","8,60 €/l",,,
DOVE Sabonete Shea Butter & Vanilla 4x90 g,DOVE,,"4,99 €","13,86 €/Kg",,,
OLIA Coloração Permanente Castanho Chocolate 4.15 1 un,OLIA,,"11,99 €","11,99 €/ud",,,
OLIA Coloração Permanente Louro Mel 8.31 1 un,OLIA,,"11,99 €","11,99 €/ud",,,
OLIA Coloração Permanente Castanho Dourado 5.3 1 un,OLIA,,"11,99 €","11,99 €/ud",,,
OLIA Coloração Permanente Louro Escuro Dourado 6.3 1 un,OLIA,,"11,99 €","11,99 €/ud",,,
AQUAFRESH Pasta de Dentes Branco Intenso 100 ml,AQUAFRESH,,"3,29 €","32,90 €/l",,,
GARNIER Água Micelar Óleo Olhos Sensíveis 400 ml,GARNIER,,"7,99 €","19,98 €/l",,,
VEET Cera Fria Facial Peles Sensíveis 20 Un,VEET,,"4,89 €","0,24 €/ud",,,
POLIDENT Creme Fixativo Para Próteses Sem Sabor 2x40 g,POLIDENT,,"9,79 €","122,37 €/Kg",,,
ELVIVE Champô Color Violeta 200 ml,ELVIVE,,"5,99 €","29,95 €/l",,,
GARNIER Máscara de Tecido Anti-olheiras Vitamina C Olhos 1 un,GARNIER,,"2,99 €","2,99 €/ud",,,
TENA Discreet Pensos Incontinência Mulher Normal 24 un,TENA,,"4,19 €","0,17 €/ud",,,
COLGATE Pasta de Dentes Total Original 2x75 ml,COLGATE,,"4,98 €","33,20 €/l",,,
SYOSS Champô Micelar Pure Boost 440 ml,SYOSS,,"3,49 €","8,73 €/l","7,20 €","18,00 €/l",
DENIM After Shave Original 100 ml,DENIM,,"7,99 €","79,90 €/l",,,
NIVEA Body Milk Refirmante Q10 Pele Seca 250 ml,NIVEA,,"7,69 €","30,76 €/l",,,
LINIC Champô Sakura Fresh 225 ml,LINIC,,"4,49 €","19,96 €/l",,,
NIVEA Desodorizante Roll-On Dry Fresh 50 ml,NIVEA,,"3,99 €","79,80 €/l",,,
NIVEA Creme Dia Hyaluron Cellelar Filler FP30 50 ml,NIVEA FP,,"25,74 €","514,80 €/l",,,
NIVEA MEN Desodorizante Spray Invisible Black & White Active 150 ml,NIVEA MEN,,"2,81 €","18,73 €/l",,,
SENSODYNE Dentífrico Sensibilidade & Gengivas 75 ml,SENSODYNE,,"4,99 €","66,53 €/l",,,
L'ORÉAL Desodorizante Spray Men Expert Carbon Protect Intense Ice 150 ml,OR AL,,"3,99 €","26,60 €/l",,,
GILLETTE VENUS Lâminas Descartáveis Simply 3 Plus 4 un,GILLETTE VENUS,,"5,99 €","1,50 €/ud",,,
NIVEA MEN Creme Lata 150 ml,NIVEA MEN,,"5,99 €","39,93 €/l",,,
COLGATE Pasta de Dentes Total Advanced Gengivas Saudáveis 75 ml,COLGATE,,"3,99 €","53,20 €/l",,,
EVAX Salva Slip Maxi 36 Un,EVAX,,"2,59 €","0,07 €/ud",,,
EVAX Salva Slip Maxi Plus 24+2 un,EVAX,,"2,59 €","0,10 €/ud",,,
LINIC Champô Cool Sport Mentol Homem 225 ml,LINIC,,"4,49 €","19,96 €/l",,,
NIVEA Creme de Rosto Dia Anti-rugas Q10 Power FP30 50 ml,NIVEA FP,,"16,47 €","329,40 €/l",,,
BIC Lâminas Descartáveis 3 Action 6 Un,BIC,,"5,49 €","0,92 €/ud",,,
FENO DE PORTUGAL Desodorizante Roll-On Hipoalergénico Frescura Energizante 50 ml,FENO DE PORTUGAL,,"2,09 €","41,80 €/l",,,
COLGATE Pasta de Dentes Max White Carvão 75 ml,COLGATE,,"4,99 €","66,53 €/l",,,
NIVEA MEN Deo Roll-On Protect & Care 48H 50 ml,NIVEA MEN,,"4,62 €","92,40 €/l",,,
VASELINE Gel de Banho Aloé Sensitive 700 ml,VASELINE,,"3,59 €","5,13 €/l",,,
VASELINE Gel de Banho Derma Care 700 ml,VASELINE,,"3,59 €","5,13 €/l",,,
GILLETTE After Shave Bálsamo Sensitive Protection Aloe Vera 100 ml,GILLETTE,,"6,99 €","69,90 €/l",,,
VASELINE Desodorizante Creme Hidra Essencial 50 ml,VASELINE,,"4,99 €","99,80 €/l",,,
SYOSS Champô Micelar Pure Fresh 440 ml,SYOSS,,"3,49 €","7,93 €/l","7,20 €","16,36 €/l",
GLISS Condicionador Liso Asiático 200 ml,GLISS,,"2,49 €","12,45 €/l","5,14 €","25,70 €/l",
LACTOVIT Gel de Banho Lactooil 650 ml,LACTOVIT,,"5,19 €","7,98 €/l",,,
NIVEA Desodorizante Spray Protect & Care 150 ml,NIVEA,,"4,69 €","31,27 €/l",,,
COLGATE Pasta de Dentes Total Anti-Cáries 2x75 ml,COLGATE,,"3,51 €","23,40 €/l",,,
NIVEA Body Lotion Refirmante Q10 Bronze 200 ml,NIVEA,,"7,92 €","39,60 €/l",,,
COLGATE Pasta de Dentes Anti-Tártaro E Branqueadora 75 ml,COLGATE,,"2,24 €","29,87 €/l",,,
DIA BONTÉ Pensos Higiénicos Clássico Noite Sem Abas 10 Un,DIA BONT,,"1,25 €","0,13 €/ud",,,
COLGATE Pasta de Dentes Tripla Ação 75 ml,COLGATE,,"2,24 €","29,87 €/l",,,
DIA Lenços de Papel de Bolso Extra Suave 3 Folhas 15 Un,DIA,,"1,75 €","0,12 €/ud",,,
L'ORÉAL PARIS Creme de Dia Revitalift Clássico 50 ml,OR AL PARIS,,"14,99 €","299,80 €/l",,,
NIVEA MEN Espuma de Barbear Protect & Care 200 ml,NIVEA MEN,,"4,49 €","22,45 €/l",,,
DIA BONTÉ Fio Dentário Mentol 50 M,DIA BONT,,"1,19 €","1,19 €/m",,,
GILLETTE Gel Barbear Peles Sensíveis Series 200 ml,GILLETTE,,"4,49 €","22,45 €/l",,,
EVAX Pensos Higiénicos Cottonlike Normal 16 Un,EVAX,,"2,59 €","0,16 €/ud",,,
DIA BONTÉ Gel Barbear Peles Sensíveis 250 ml,DIA BONT,,"2,09 €","8,36 €/l",,,
DIA BONTÉ Espuma Cabelo Encaracolado 300 ml,DIA BONT,,"1,85 €","6,17 €/l",,,
NUTRISSE Coloração Permanente Creme Louro Muito Claro Natural  10.0 1 Un,NUTRISSE,,"6,16 €","6,16 €/ud",,,
DIA BONTÉ Discos Desmaquilhantes Ovais 50 Un,DIA BONT,,"0,94 €","0,94 €/ud",,,
DIA BONTÉ Gel Frio Cool Relax 200 ml,DIA BONT,,"3,39 €","16,95 €/l",,,
NIVEA Desodorizante Spray Dry Comfort 200 ml,NIVEA,,"2,99 €","14,95 €/l",,,
NIVEA Creme Facial Anti Rugas Q10 50 ml,NIVEA,,"12,99 €","259,80 €/l",,,
DIA Papel Higiénico Húmido Com Camomila E Aloe Vera 80 Un,DIA,,"1,65 €","1,65 €/ud",,,
DIA BONTÉ Discos Desmaquilhantes 120 Un,DIA BONT,,"1,01 €","1,01 €/ud",,,
DIA BONTÉ Pensos Protege Slip Duoform 30 Un,DIA BONT,,"1,29 €","1,29 €/ud",,,
COLGATE Escova de Dentes 360º Média 1 Un,COLGATE,,"2,85 €","2,85 €/ud",,,
VEET Creme Depilatório Para Duche Pele Normal 150 ml,VEET,,"6,99 €","46,60 €/l",,,
SENSODYNE Dentífrico Branqueador 75 ml,SENSODYNE,,"3,99 €","53,20 €/l",,,
VEET Creme Depilatório Pele Normal 200 ml,VEET,,"6,99 €","34,95 €/l",,,
PANTENE Máscara Repara & Protege 300 ml,PANTENE,,"6,59 €","21,97 €/l",,,
PALETTE Coloração Para Cabelo Nº1 Preto 1 Un,PALETTE,,"5,99 €","5,99 €/ud",,,
PALETTE Coloração Para Cabelo Nº3.65 Castanho Chocolate 1 Un,PALETTE,,"5,99 €","5,99 €/ud",,,
ORAL-B Dentífrico Pro-Expert Proteção Profissional 75 ml,ORAL,,"3,99 €","53,20 €/l",,,
NIVEA Tira Limpeza Pontos Negros 6 Un,NIVEA,,"7,99 €","1,33 €/ud",,,
GLISS Óleo Elixir Para Cabelo 75 ml,GLISS,,"5,99 €","79,87 €/l","12,35 €","164,67 €/l",
PALMOLIVE Sab.Glicerina Hidrante 90 g,PALMOLIVE,,"0,99 €","11,00 €/Kg",,,
FRUCTIS Condicionador Hidra-Caracóis 200 ml,FRUCTIS,,"3,99 €","19,95 €/l",,,
ELNETT Laca de Cabelo Satin Fixação Normal 300 ml,ELNETT,,"5,99 €","19,97 €/l",,,
ELNETT Laca de Cabelo Satin Fixação Forte 300 ml,ELNETT,,"5,99 €","19,97 €/l",,,
NIVEA Gel Exfoliante Diário Clean Deeper 150 ml,NIVEA,,"7,99 €","53,27 €/l",,,
PALMOLIVE Sabonete Leite & Mel 4x90 g,PALMOLIVE,,"4,49 €","12,47 €/Kg",,,
NIVEA Creme Rosto Dia Essentials Hidratante Fp15 50 ml,NIVEA,,"5,99 €","119,80 €/l",,,
GARNIER BB Cream Clássico Tom Claro 50 ml,GARNIER BB,,"9,99 €","199,80 €/l",,,
NIVEA Leite de Limpeza Suave 200 ml,NIVEA,,"5,99 €","29,95 €/l",,,
NIVEA Toalhitas de Limpeza Suaves 50 Un,NIVEA,,"2,99 €","0,06 €/ud",,,
DIA BONTÉ Pasta de Dentes Herbal 100 ml,DIA BONT,,"1,09 €","10,90 €/l",,,
ELVIVE Condicionador Color-Vive 200 ml,ELVIVE,,"3,99 €","19,95 €/l",,,
ELVIVE Champô Color-Vive 250 ml,ELVIVE,,"3,99 €","15,96 €/l",,,
GLISS Condicionador Ultimate Repair 200 ml,GLISS,,"2,49 €","12,45 €/l","5,14 €","25,70 €/l",
DIA BONTÉ Creme Fixador Para Próteses Dentárias 40 ml,DIA BONT,,"3,65 €","91,25 €/l",,,
DOVE Gel de Banho Silk Glow 750 ml,DOVE,,"7,20 €","9,60 €/l",,,
NIVEA Gel Banho Creme Care 750 ml,NIVEA,,"6,99 €","9,32 €/l",,,
ULTRA SUAVE Champô Tesouros de Mel 250 ml,ULTRA SUAVE,,"2,15 €","8,60 €/l",,,
DIA BONTÉ Óleo Corporal Argão 500 ml,DIA BONT,,"3,19 €","6,38 €/l",,,
COLGATE Escova de Dentes 360º Max White Expert 1 Un,COLGATE,,"4,39 €","4,39 €/ud",,,
DIA BONTÉ Água de Rosas 250 ml,DIA BONT,,"0,64 €","2,56 €/l",,,
DIA BONTÉ Champo Anti Caspa 2 Em 1 500 ml,DIA BONT,,"2,49 €","4,98 €/l",,,
ULTRA SUAVE Condicionador Delicadeza de Aveia 200 ml,ULTRA SUAVE,,"2,15 €","10,75 €/l",,,
GILLETTE Espuma Barbear Peles Sensitive Series Mais 200 ml,GILLETTE,,"3,49 €","17,45 €/l",,,
DOVE Gel de Banho Cucumber 750 ml,DOVE,,"6,99 €","9,32 €/l",,,
DIA BONTÉ Bandas Depilatórias Faciais Bonté Professional 16 Un,DIA BONT,,"2,29 €","0,14 €/ud",,,
NARTA Desodorizante Roll-On Bio Eficácia 50 ml,NARTA,,"3,99 €","79,80 €/l",,,
NARTA Desodorizante Roll-On Invisível 50 ml,NARTA,,"3,99 €","79,80 €/l",,,
DIA BONTÉ Máquinas Descartáveis 2 Lâminas 10 Un,DIA BONT,,"2,98 €","0,30 €/ud",,,
REXONA Desodorizante Roll-On Tropical 50 ml,REXONA,,"2,69 €","53,80 €/l",,,
NIVEA Creme Miniatura Hidratante Soft 50 ml,NIVEA,,"1,99 €","39,80 €/l",,,
ULTRA SUAVE Condicionador Abacate/Karité 200 ml,ULTRA SUAVE,,"2,15 €","10,75 €/l",,,
ULTRA SUAVE Máscara Abacate/Kartité 300 ml,ULTRA SUAVE,,"4,75 €","15,83 €/l",,,
NIVEA Sabonete Cremoso 100 g,NIVEA,,"1,19 €","11,90 €/Kg",,,
PALMOLIVE Gel de Banho So Relaxed 500 ml,PALMOLIVE,,"4,99 €","9,98 €/l",,,
AUSONIA Penso Higiénico Com Alas Normal 14 Un,AUSONIA,,"1,69 €","0,12 €/ud","1,99 €","0,14 €/ud",
AUSONIA Penso Higiénico Com Alas Noite 9 Un,AUSONIA,,"1,69 €","0,19 €/ud","1,99 €","0,22 €/ud",
NIVEA Desodorizante Roll-On Invisible Black&White Original 50 ml,NIVEA,,"2,69 €","53,80 €/l",,,
COLGATE Pasta de Dentes Herbal White 75 ml,COLGATE,,"2,49 €","33,20 €/l",,,
REXONA Desodorizante Spray Black+White Homem 150 ml,REXONA,,"2,69 €","17,93 €/l",,,
DIA BONTÉ Pensos Higiéncos Ultra Normal Com Abas Everyday 28 Un,DIA BONT,,"2,35 €","0,08 €/ud",,,
DIA BONTÉ Pensos Higiénicos Super Com Abas Everyday 24 Un,DIA BONT,,"2,04 €","0,09 €/ud",,,
DIA Lenços Papel 4 Folhas Aloe Vera 10 Un,DIA,,"1,29 €","0,13 €/ud",,,
DIA BONTÉ Protege Slip Maxi Everyday 52 Un,DIA BONT,,"2,15 €","2,15 €/ud",,,
VEET Cera Fria Facial Peles Normais 20 Un,VEET,,"4,89 €","0,24 €/ud",,,
DOVE Desodorizante Spray Invisible Dry 150 ml,DOVE,,"4,69 €","31,27 €/l",,,
DIA BONTÉ Creme Capilar Mel Naturals 200 ml,DIA BONT,,"2,35 €","11,75 €/l",,,
COLGATE Escova Tripla Acção Económico 4 Un,COLGATE,,"3,69 €","0,92 €/ud",,,
DOVE Desodorizante Spray Talco 150 ml,DOVE,,"4,69 €","31,27 €/l",,,
AXE Cera de Cabelo Natural Look 75 ml,AXE,,"5,99 €","79,87 €/l",,,
TRESEMMÉ Champô Cuidado Clássico 500 ml,TRESEMM,,"4,19 €","8,38 €/l",,,
PANTENE Condicionador Repara E Protege 200 ml,PANTENE,,"3,99 €","19,95 €/l",,,
PANTENE Champô Clássico 250 ml,PANTENE,,"3,99 €","15,96 €/l",,,
PANTENE Condicionador Para Cabelo Suave&Sedoso 200 ml,PANTENE,,"3,99 €","19,95 €/l",,,
TRESEMMÉ Condicionador Cuidado Clássico 500 ml,TRESEMM,,"4,19 €","8,38 €/l",,,
DIA BONTÉ Resguardo Cama 20 Un,DIA BONT,,"8,28 €","0,41 €/ud",,,
FRUCTIS Creme de Pentear Hidra-Caracóis 200 ml,FRUCTIS,,"4,99 €","24,95 €/l",,,
NIVEA Desodorizante Spray Invisible Black & White Original 150 ml,NIVEA,,"2,81 €","18,73 €/l",,,
RENOVA Lenços de Bolso Essential 10 Un,RENOVA,,"1,39 €","0,14 €/ud",,,
L'ORÉAL PARIS Creme de Dia Revitalift Ginseng Energizante 50 ml,OR AL PARIS,,"16,99 €","339,80 €/l",,,
BIC Lâminas Descartável Twin Lady 5 Un,BIC,,"1,99 €","0,40 €/ud",,,
DOVE Gel de Banho Deeply Nourishing 750 ml,DOVE,,"6,99 €","9,32 €/l",,,
ORAL-B Escova de Dentes Complete 1 Un,ORAL,,"2,79 €","2,79 €/ud",,,
SANYTOL Sabão Líquido Desinfetante Hidratante 250 ml,SANYTOL,,"4,19 €","16,76 €/l",,,
SANYTOL Sabão Líquido Desinfetante Nutritivo 250 ml,SANYTOL,,"4,19 €","16,76 €/l",,,
NIVEA MEN Desodorizante Spray Protect & Care 150 ml,NIVEA MEN,,"4,69 €","31,27 €/l",,,
GLISS Máscara Capilar Nutritiva 4 em 1 Manteiga de Karité para Cabelo Seco 400 ml,GLISS,,"4,99 €","12,48 €/l","10,29 €","25,72 €/l",
LINIC Champô Anti-queda Homem 225 ml,LINIC,,"4,49 €","19,96 €/l",,,
SENSODYNE Pasta de Dentes Multicare 2x75 ml,SENSODYNE,,"5,47 €","36,47 €/l",,,
COLGATE Pasta Dentes Total Esmalte Saudável 75 ml,COLGATE,,"3,99 €","53,20 €/l",,,
COLGATE Pasta Dentes Total Detox 75 ml,COLGATE,,"2,99 €","39,87 €/l",,,
COLGATE Pasta Dentes Total Advanced Ação Visível 75 ml,COLGATE,,"3,99 €","53,20 €/l",,,
GARNIER Bandas Antipontos Negros Pure Active 4 un,GARNIER,,"7,99 €","2,00 €/ud",,,
DOVE Desodorizante Roll-on Invisible Care 50 ml,DOVE,,"4,69 €","93,80 €/l",,,
PANTENE Champô 3 Em 1 Anti-Caspa 300 ml,PANTENE,,"4,99 €","16,63 €/l",,,
SYOSS Champô Men Power  440 ml,SYOSS,,"3,49 €","7,93 €/l","7,20 €","16,36 €/l",
NIVEA Body Milk Cocoa  250 ml,NIVEA,,"5,49 €","21,96 €/l",,,
GARNIER Máscara de Tecido Purificante 1 un,GARNIER,,"2,99 €","2,99 €/ud",,,
GLISS Champô Long & Sublime  370 ml,GLISS,,"3,29 €","8,89 €/l","6,79 €","18,35 €/l",
TRESEMMÉ Condicionador Repara e Fortalece 400 ml,TRESEMM,,"6,99 €","17,48 €/l",,,
TENA Silhouette Cuecas de Incontinência Mulher Pretas (Tamanho L) 8 un,TENA,,"11,99 €","1,50 €/ud",,,
VASELINE Creme Gordo Boião 250 ml,VASELINE,,"9,99 €","39,96 €/l",,,
VASELINE Gel de Banho Hidra Essencial 700 ml,VASELINE,,"3,59 €","5,13 €/l",,,
VASELINE Loção Corpo Recuperação Profunda 200 ml,VASELINE,,"4,39 €","21,95 €/l",,,
COLGATE Escova De Dentes Bambu Carvão 1 un,COLGATE,,"3,99 €","3,99 €/ud",,,
VASELINE Loção Corpo Cacau Radiante 400 ml,VASELINE,,"6,99 €","17,48 €/l",,,
NIVEA Gel Banho Creme Soft  650 ml,NIVEA,,"3,29 €","5,06 €/l",,,
TENA Silhouette Pensos Incontinência Mulher Preto Mini Noir 18 un,TENA,,"3,19 €","0,18 €/ud",,,
L'ORÉAL PARIS Creme de Noite Age Perfect Golden Age  50 ml,OR AL PARIS,,"17,99 €","359,80 €/l",,,
DOVE Gel Banho Nourishing Care&Oil  750 ml,DOVE,,"7,99 €","10,65 €/l",,,
HERBAL ESSENCES Máscara Leite De Coco 250 ml,HERBAL ESSENCES,,"4,99 €","19,96 €/l",,,
PANTENE Condicionador 3 Minutos Miracle Repara e Protege 200 ml,PANTENE,,"5,99 €","29,95 €/l",,,
H&S Champô Supreme Repara 300 ml,,,"5,99 €","19,97 €/l",,,
H&S Condicionador Supreme Repara 200 ml,,,"4,99 €","24,95 €/l",,,
H&S Condicionador Supreme Moisture 220 ml,,,"4,99 €","22,68 €/l",,,
HERBAL ESSENCES Champô Repara Óleo de Argão 250 ml,HERBAL ESSENCES,,"3,59 €","14,36 €/l",,,
HERBAL ESSENCES Champô Hidrata Leite de Coco 250 ml,HERBAL ESSENCES,,"3,59 €","14,36 €/l",,,
PANTENE Champô 3 em 1 Repara e Protege 300 ml,PANTENE,,"4,99 €","16,63 €/l",,,
PANTENE Champô 3 em 1 Caracóis Definidos 300 ml,PANTENE,,"4,99 €","16,63 €/l",,,
HERBAL ESSENCES Óleo de Argão 100 ml,HERBAL ESSENCES,,"4,99 €","49,90 €/l",,,
HERBAL ESSENCES Condicionador Repara Óleo de Argão 200 ml,HERBAL ESSENCES,,"3,59 €","17,95 €/l",,,
HERBAL ESSENCES Condicionador Hidrata Leite de Coco 200 ml,HERBAL ESSENCES,,"3,59 €","17,95 €/l",,,
HERBAL ESSENCES Champô Canhamo 380 ml,HERBAL ESSENCES,,"4,99 €","13,13 €/l",,,
HERBAL ESSENCES Champô Bambu 380 ml,HERBAL ESSENCES,,"4,99 €","13,13 €/l",,,
HERBAL ESSENCES Champô Manga 380 ml,HERBAL ESSENCES,,"4,99 €","13,13 €/l",,,
HERBAL ESSENCES Condicionador Manga 275 ml,HERBAL ESSENCES,,"4,99 €","18,15 €/l",,,
HERBAL ESSENCES Condicionador Bambu 275 ml,HERBAL ESSENCES,,"4,99 €","18,15 €/l",,,
NIVEA MEN Gel Elastic Styling 150 ml,NIVEA MEN,,"5,59 €","37,27 €/l",,,
NIVEA Gel de Banho Creme Aloe 750 ml,NIVEA,,"6,99 €","9,32 €/l",,,
RENOVA Papel Higiénico 4 Folhas Grand Royal 6 un,RENOVA,,"3,15 €","0,53 €/ud",,,
PARODONTAX Dentífrico Cuidado Diário 75 ml,PARODONTAX,,"5,59 €","74,53 €/l",,,
PARODONTAX Elixir Extra Fresh 500 ml,PARODONTAX,,"6,59 €","13,18 €/l",,,
PANTENE Champô Liso E Sedoso 1 L,PANTENE,,"9,99 €","9,99 €/l",,,
NIVEA Desodorizante Roll-On Invisible Black & White Silky Smooth  50 ml,NIVEA,,"2,69 €","53,80 €/l",,,
HERBAL ESSENCES Condicionador Canhamo 275 ml,HERBAL ESSENCES,,"4,99 €","18,15 €/l",,,
HERBAL ESSENCES Óleo Canhamo 100 ml,HERBAL ESSENCES,,"4,99 €","49,90 €/l",,,
RENOVA Papel Higiénico Bueno 38+10 un,RENOVA,,"6,69 €","0,18 €/ud",,,
PANTENE Champô Repara E Protege 1 L,PANTENE,,"9,99 €","9,99 €/l",,,
L'ORÉAL PARIS Retoca Raízes Magic Retouch Spray Castanho  100 ml,OR AL PARIS,,"11,99 €","119,90 €/l",,,
TENA Men Pensos de Incontiência Homem (Level 2) 20 un,TENA,,"8,99 €","0,45 €/ud",,,
L'ORÉAL PARIS Retoca Raízes Magic Retouch Spray Louro  100 ml,OR AL PARIS,,"11,99 €","119,90 €/l",,,
GLISS Champô Total Repair  370 ml,GLISS,,"3,29 €","8,89 €/l","6,79 €","18,35 €/l",
TENA Active Fit Cuecas Incontinência Homem (tamanho L) 8 un,TENA,,"11,99 €","1,50 €/ud",,,
NIVEA Creme Mãos Anti-Age Q10 75 ml,NIVEA,,"3,99 €","53,20 €/l",,,
NIVEA Creme Mãos Nutritivo 75 ml,NIVEA,,"3,99 €","53,20 €/l",,,
H&S Champô Mentol 230 ml,,,"4,99 €","21,70 €/l",,,
NIVEA MEN Gel Banho Deep 500 ml,NIVEA MEN,,"6,99 €","13,98 €/l",,,
H&S Champô Classic 230 ml,,,"4,99 €","21,70 €/l",,,
H&S Champô Classic 2 em 1 230 ml,,,"4,99 €","21,70 €/l",,,
H&S Champô Classic 340 ml,,,"5,99 €","17,62 €/l",,,
H&S Champô Citrus 340 ml,,,"5,99 €","17,62 €/l",,,
GILLETTE Carregador Proglide 3 un,GILLETTE,,"15,79 €","5,26 €/ud",,,
GILLETTE Mach3 Máquina De Barbear Para Homem 1 un,GILLETTE,,"8,99 €","8,99 €/ud",,,
GILLETTE Mach3 Máquina De Barbear Para Homem 1 un,GILLETTE,,"10,49 €","10,49 €/ud",,,
GARNIER Máscara Peel-Off Pontos Negros Pure Active 50 ml,GARNIER,,"9,99 €","199,80 €/l",,,
H&S Champô Citrus 230 ml,,,"4,99 €","21,70 €/l",,,
GILLETTE VENUS ComfortGlide Breeze Máquina De Depilação 1 un,GILLETTE VENUS,,"6,36 €","6,36 €/ud",,,
EVAX Pensos Higiénicos Liberty Noite Alas 9 un,EVAX,,"2,99 €","0,33 €/ud",,,
GLISS Champô Split Hair Miracle 370 ml,GLISS,,"3,29 €","8,89 €/l","6,79 €","18,35 €/l",
GILLETTE VENUS Deluxe Smooth Swirl Máquina De Depilação 1 un,GILLETTE VENUS,,"8,99 €","8,99 €/ud",,,
NIVEA MEN Desodorizante Spray Dry Fresh Men 150 ml,NIVEA MEN,,"4,49 €","29,93 €/l",,,
NIVEA Gel de Banho Orchid & Cashmere Extract 750 ml,NIVEA,,"6,99 €","9,32 €/l",,,
COLGATE Pasta de Dentes Gengivas Alivia e Repara 75 ml,COLGATE,,"4,49 €","59,87 €/l",,,
COLGATE Pasta de Dentes Sensite Pro Alívio 75 ml,COLGATE,,"4,99 €","66,53 €/l",,,
NIVEA MEN Desodorizante Spray Cool Kick 150 ml,NIVEA MEN,,"4,49 €","29,93 €/l",,,
DIADERMINE Creme Lift+ Nutritivo 50 ml,DIADERMINE,,"8,79 €","175,80 €/l",,,
GILLETTE VENUS Pack Comfortglide Breeze SPA Cabo + 3 Recargas 1 un,GILLETTE VENUS SPA,,"13,49 €","13,49 €/ud",,,
PANTENE Champô 3 em 1 Cuidado Clássico 300 ml,PANTENE,,"4,99 €","16,63 €/l",,,
SENSODYNE Pasta de Dentes Herbal 75 ml,SENSODYNE,,"3,99 €","53,20 €/l",,,
AQUAFRESH Pasta de Dentes Proteção Caries 75 ml,AQUAFRESH,,"2,39 €","31,87 €/l",,,
TRESEMMÉ Champô Hidratação Intensa 900 ml,TRESEMM,,"6,59 €","7,32 €/l",,,
ULTRA SUAVE Champô Sólido Delicadeza de Aveia 60 g,ULTRA SUAVE,,"5,99 €","99,83 €/Kg",,,
ULTRA SUAVE Champô Sólido Coco 60 g,ULTRA SUAVE,,"5,99 €","99,83 €/Kg",,,
NIVEA Body Milk 625 ml,NIVEA,,"9,99 €","15,98 €/l",,,
NIVEA Gel de Banho Care Dermo Sensitive 650 ml,NIVEA,,"3,29 €","5,06 €/l",,,
GLISS Champô Split Hair Miracle 250 ml,GLISS,,"2,49 €","9,96 €/l","5,14 €","20,56 €/l",
SYOSS Condicionador Hidratação 440 ml,SYOSS,,"3,49 €","7,93 €/l","7,20 €","16,36 €/l",
SYOSS Champô Hidratação 440 ml,SYOSS,,"3,49 €","7,93 €/l","7,20 €","16,36 €/l",
GLISS Condicionador Split Hair Miracle 200 ml,GLISS,,"2,49 €","12,45 €/l","5,14 €","25,70 €/l",
COLGATE Escova de Dentes Zig-Zag Suave 2 un,COLGATE,,"3,99 €","2,00 €/ud",,,
H&S Champô Classic 1 L,,,"9,99 €","9,99 €/l",,,
LINIC Champô Frescura Diária Men 360 ml,LINIC,,"6,59 €","18,31 €/l",,,
LINIC Champô Limpeza Profunda Men 360 ml,LINIC,,"6,59 €","18,31 €/l",,,
DOVE Sabonete Líquido Protect & Care 250 ml,DOVE,,"2,39 €","9,56 €/l","3,99 €","15,96 €/l",
GLISS Máscara Express Repair Ultimate 7 Seconds 200 ml,GLISS,,"5,99 €","29,95 €/l","12,35 €","61,75 €/l",
GILLETTE Fusion5 Máquina De Barbear Para Homem - 2 Lâminas 1 un,GILLETTE,,"11,99 €","11,99 €/ud",,,
DOVE Recarga Sabonete Líquido Secrets Coco 500 ml,DOVE,,"2,99 €","5,98 €/l","4,99 €","9,98 €/l",
COLGATE Pasta de Dentes Fresh Gel 75 ml,COLGATE,,"2,49 €","33,20 €/l",,,
PALMOLIVE Sabonete Líquido Recarga Leite Amêndoas 500 ml,PALMOLIVE,,"4,99 €","9,98 €/l",,,
GLISS Máscara Capilar Slip Hair Miracle 300 ml,GLISS,,"3,99 €","13,30 €/l","8,23 €","27,43 €/l",
GLISS Sérum Capilar Split Hair Miracle 75 ml,GLISS,,"5,99 €","79,87 €/l","11,99 €","159,87 €/l",
GLISS Máscara Express Repair 7 Segundos Cabelos Pintados 200 ml,GLISS,,"5,99 €","29,95 €/l","12,35 €","61,75 €/l",
DOVE Recarga Sabonete Líquido Protect & Care 500 ml,DOVE,,"2,99 €","5,98 €/l","4,99 €","9,98 €/l",
PALMOLIVE Gel de Banho Memories Summer 500 ml,PALMOLIVE,,"4,99 €","9,98 €/l",,,
PALMOLIVE Gel de Banho Memories Flower 500 ml,PALMOLIVE,,"4,99 €","9,98 €/l",,,
VEET Spray Depilatório Pele Sensível 150 ml,VEET,,"6,99 €","46,60 €/l",,,
PANTENE Máscara Bambu Pro-V Miracles 160 ml,PANTENE,,"6,59 €","41,19 €/l",,,
PANTENE Condicionador Bambu Pro-V Miracles 200 ml,PANTENE,,"5,99 €","29,95 €/l",,,
PANTENE Champô Bambu Pro-V Miracles 225 ml,PANTENE,,"5,99 €","26,62 €/l",,,
PANTENE Champô Repara e Protege Garrafa de Alumínio 430 ml,PANTENE,,"9,99 €","23,23 €/l",,,
PANTENE Recarga Champô Repara e Protege 480 ml,PANTENE,,"5,99 €","12,48 €/l",,,
H&S Champô Classic Garrafa de Alumínio 430 ml,,,"9,99 €","23,23 €/l",,,
H&S Recarga Champô Classic 480 ml,,,"5,99 €","12,48 €/l",,,
H&S Champô Mentol 340 ml,,,"5,99 €","17,62 €/l",,,
L'OREAL PARIS Creme Hidratante Anti Rugas 45+ 50 ml,OREAL PARIS,,"10,99 €","219,80 €/l",,,
ELVIVE Champô Full Resist 400 ml,ELVIVE,,"5,99 €","14,98 €/l",,,
NIVEA Barra Limpeza Facial Exfoliante Naturally Clean 75 g,NIVEA,,"7,49 €","99,87 €/Kg",,,
SCOTTEX Papel Higiénico Megarolo (12 rolos = 24 rolos) 12 un,SCOTTEX,,"9,29 €","0,77 €/ud",,,
GILETTE Gel Barbear Clássico Pele Sensível 200 ml,GILETTE,,"3,69 €","18,45 €/l",,,
MAGIC RETOUCH Spray Retoca Raízes 2 Moreno 100 ml,MAGIC RETOUCH,,"11,99 €","119,90 €/l",,,
GILLETTE Lâmina Descartável Blue3 Simple 4 un,GILLETTE,,"2,99 €","0,75 €/ud",,,
NIVEA Creme de Mão Mel 100 ml,NIVEA,,"2,99 €","29,90 €/l",,,
NIVEA Body Milk Repara & Cuida  400 ml,NIVEA,,"9,47 €","23,68 €/l",,,
PARODONTAX Pasta de Dentes Cuidado Branqueador 75 ml,PARODONTAX,,"5,59 €","74,53 €/l",,,
ELVIVE Champô Dream Long 400 ml,ELVIVE,,"5,99 €","14,98 €/l",,,
DIA IMAQE Sabonete Líquido Mãos Amêndoas e Mel 500 ml,DIA IMAQE,,"1,30 €","2,60 €/l",,,
DIA IMAQE Sabonete Líquido Mãos Glicerina 500 ml,DIA IMAQE,,"1,30 €","2,60 €/l",,,
DIA IMAQE Sabonete Líquido Mãos Neutralizador de Odores 500 ml,DIA IMAQE,,"1,30 €","2,60 €/l",,,
DIA IMAQE Sabonete Líquido Mãos Folha de Oliveira 500 ml,DIA IMAQE,,"1,30 €","2,60 €/l",,,
DIA IMAQE Sabonete Líquido Mãos Aloé Vera 500 ml,DIA IMAQE,,"1,30 €","2,60 €/l",,,
ELVIVE Condicionador Dream Long 300 ml,ELVIVE,,"5,89 €","19,63 €/l",,,
DIA IMAQE Ampolas Faciais Antioxidantes Vitamina C + Ácido Tranexâmico 7x2 ml,DIA IMAQE,,"4,75 €","339,29 €/l",,,
COLGATE Pasta de Dentes Anti-Cáries 75 ml,COLGATE,,"2,24 €","29,87 €/l",,,
L'OREAL PARIS Creme Olhos Age Perfect 15 ml,OREAL PARIS,,"15,99 €","1.066,00 €/l",,,
COLGATE Pasta de Dentes Total Original 75 ml,COLGATE,,"2,99 €","39,87 €/l",,,
COLGATE Pasta de Dentes Total Branqueadora 75 ml,COLGATE,,"2,99 €","39,87 €/l",,,
FRUCTIS Champô Hidra Caracóis 400 ml,FRUCTIS,,"5,99 €","14,98 €/l",,,
FRUCTIS Creme Pentear Hidra Caracóis 400 ml,FRUCTIS,,"7,99 €","19,98 €/l",,,
ELVIVE Máscara Powerfull Resist 680 ml,ELVIVE,,"13,99 €","20,57 €/l",,,
ELVIVE Máscara Color Vive Violeta 250 ml,ELVIVE,,"7,99 €","31,96 €/l",,,
ELVIVE Condicionador Dream Long Magic Water 200 ml,ELVIVE,,"9,99 €","49,95 €/l",,,
EXCELLENCE Coloração Nudes Castanho Claro Universal N.5U 1 un,EXCELLENCE,,"12,99 €","2,60 €/ud",,,
EXCELLENCE Coloração Nudes Louro Universal N.7U 1 un,EXCELLENCE,,"12,99 €","12,99 €/ud",,,
EXCELLENCE Coloração Nudes Louro Muito Claro Universal N.9U 1 un,EXCELLENCE,,"12,99 €","12,99 €/ud",,,
GARNIER Creme Rosto Anti Imperfeições Pure Active 40 ml,GARNIER,,"9,99 €","249,75 €/l",,,
FRUCTIS Máscara Capilar Hair Food Melancia 390 ml,FRUCTIS,,"8,99 €","23,05 €/l",,,
L'OREAL PARIS Creme Rosto Dia Active Anti Rugas 65+ 50 ml,OREAL PARIS,,"10,99 €","219,80 €/l",,,
DIA LA LLAMA Papel Higiénico 2 Folhas 12 un,DIA LA LLAMA,,"2,35 €","0,20 €/ud",,,
DIA LA LLAMA Papel Higiénico Premium 3 Folhas 12 un,DIA LA LLAMA,,"3,69 €","0,31 €/ud",,,
DIA LA LLAMA Papel Higiénico Compacto 2 Folhas 6 un,DIA LA LLAMA,,"2,49 €","0,42 €/ud",,,
DIA LA LLAMA Papel Higiénico Perfumado 4 Folhas 8 un,DIA LA LLAMA,,"3,79 €","0,47 €/ud",,,
ULTRA SUAVE Champô Tesouros Mel 400 ml,ULTRA SUAVE,,"5,59 €","13,98 €/l",,,
ULTRA SUAVE Champô Abacate Karité 400 ml,ULTRA SUAVE,,"5,59 €","13,98 €/l",,,
ULTRA SUAVE Condicionador Abacate Karité 400 ml,ULTRA SUAVE,,"5,59 €","13,98 €/l",,,
ULTRA SUAVE Condicionador Delicadeza Aveia 400 ml,ULTRA SUAVE,,"5,59 €","13,98 €/l",,,
ULTRA SUAVE Condicionador Tesouros Mel 400 ml,ULTRA SUAVE,,"5,59 €","13,98 €/l",,,
DIA IMAQE Recarga Sabonete Líquido Mãos Amêndoas & Mel 500 ml,DIA IMAQE,,"1,19 €","2,38 €/l",,,
FRUCTIS Champô Hair Food Melancia 350 ml,FRUCTIS,,"6,59 €","18,83 €/l",,,
ELVIVE Sérum Preenchedor Hidra Hialurónico 150 ml,ELVIVE,,"8,79 €","58,60 €/l",,,
ELVIVE Champô Hidra Hialurónico 250 ml,ELVIVE,,"4,39 €","17,56 €/l",,,
PANTENE Champô Nutri PRO-V Repara e Protege 640 ml,PANTENE PRO,,"8,79 €","13,73 €/l",,,
PANTENE Condicionador Nutri PRO-V Repara e Protege 275 ml,PANTENE PRO,,"4,99 €","18,15 €/l",,,
PANTENE Champô Nutri PRO-V Anticaspa 640 ml,PANTENE PRO,,"8,79 €","13,73 €/l",,,
PANTENE Champô Nutri PRO-V Cuidado Clássico 360 ml,PANTENE PRO,,"4,99 €","13,86 €/l",,,
PANTENE Condicionador Nutri PRO-V Caracóis Perfeitos 275 ml,PANTENE PRO,,"4,99 €","18,15 €/l",,,
PANTENE Champô Nutri PRO-V Repara e Protege 360 ml,PANTENE PRO,,"4,99 €","13,86 €/l",,,
DIA LA LLAMA Papel Higiénico Acolchoado 3 Folhas 6 un,DIA LA LLAMA,,"2,99 €","0,50 €/ud",,,
TENA Penso de Incontinência Extra Discreet 20 un,TENA,,"4,19 €","0,21 €/ud",,,
DIA IMAQE Creme Mãos Hidratante Aloe Vera 125 ml,DIA IMAQE,,"2,21 €","17,68 €/l",,,
PALMOLIVE Gel de Banho Memories Berry Picking 650 ml,PALMOLIVE,,"5,99 €","9,22 €/l",,,
AUSÓNIA Penso de Incontinência Maxi Noite Discreet 12 un,AUS NIA,,"5,99 €","0,50 €/ud",,,
FRUCTIS Champô Hair Food Papaia 350 ml,FRUCTIS,,"6,59 €","18,83 €/l",,,
GARNIER Serum Antimanchas Vitamina C 30 ml,GARNIER,,"15,99 €","533,00 €/l",,,
DIA LA LLAMA Papel Higiénico 2 Folhas 32 un,DIA LA LLAMA,,"5,89 €","0,18 €/ud",,,
GARNIER Creme de Dia Iluminador Vitamina C 50 ml,GARNIER,,"8,99 €","179,80 €/l",,,
DIA IMAQE Sabonete Líquido Mãos Frutas Exóticas 500 ml,DIA IMAQE,,"1,34 €","2,68 €/l",,,
VASELINE Creme Mãos e Unhas Intensive Care 75 ml,VASELINE,,"3,49 €","46,53 €/l",,,
DIA IMAQE Recarga Sabonete Líquido Mãos Aloé Vera 500 ml,DIA IMAQE,,"1,24 €","2,48 €/l",,,
EVAX Penso Higiénico Cottonlike Normal Alas 32 un,EVAX,,"4,99 €","0,16 €/ud",,,
AUSÓNIA Penso Higiénico Airdry Noite Extra Alas 8 un,AUS NIA,,"1,69 €","0,21 €/ud","1,99 €","0,25 €/ud",
NIVEA Desodorizante Roll-on Invisible Black & White Active 50 ml,NIVEA,,"2,69 €","53,80 €/l","4,49 €","89,80 €/l",
GILLETTE Creme da Barba Ultra Sensitive 175 ml,GILLETTE,,"5,99 €","34,23 €/l",,,
ULTRA SUAVE Condicionador Sem Enxaguar Óleo de Abacate 200 ml,ULTRA SUAVE,,"5,99 €","29,95 €/l",,,
ELVIVE Champô Hidra Hialurónico 400 ml,ELVIVE,,"6,59 €","16,48 €/l",,,
ELVIVE Condicionador Color Vive 8 Segundos Magic Water 200 ml,ELVIVE,,"9,99 €","49,95 €/l",,,
ULTRA SUAVE Condicionador Sem Enxaguar Delicadeza de Aveia 200 ml,ULTRA SUAVE,,"5,99 €","29,95 €/l",,,
ULTRA SUAVE Champô Sólido Abacate 60 g,ULTRA SUAVE,,"5,99 €","99,83 €/Kg",,,
GILLETTE Lâmina Descartável Skinguard Sensitive 3 un,GILLETTE,,"6,99 €","2,33 €/ud",,,
DIA IMAQE Deo Roll On Protege & Cuida 50 ml,DIA IMAQE,,"1,12 €","22,40 €/l",,,
DIA IMAQE Deo Roll On Peles Sensíveis & Delicadas 50 ml,DIA IMAQE,,"1,12 €","22,40 €/l",,,
DIA IMAQE Deo Roll On Invisible & Antimanchas 50 ml,DIA IMAQE,,"1,12 €","22,40 €/l",,,
DIA IMAQE Man Deo Roll On Invisible & Antimanchas 50 ml,DIA IMAQE,,"1,12 €","22,40 €/l",,,
ORAL-B Pasta de Dentes Pure Activ Cuidado Fresco 75 ml,ORAL,,"3,99 €","53,20 €/l",,,
COLGATE Pasta de Dentes Periogard Gengivas + Dentes Sensíveis 75 ml,COLGATE,,"5,59 €","74,53 €/l",,,
COLGATE Pasta de Dentes Periogard Cuidado das Gengivas 75 ml,COLGATE,,"5,59 €","74,53 €/l",,,
NIVEA Máscara de Tecido Anti-Idade Hyaluron Cellular Filler,NIVEA,,"3,99 €","3,99 €/ud",,,
NIVEA Creme de Dia Nutritivo Pele Seca e Sensível FP30 50 ml,NIVEA FP,,"8,99 €","179,80 €/l",,,
NIVEA Sérum Luminous Antimanchas Cellular 30 ml,NIVEA,,"26,99 €","899,67 €/l",,,
FENO Gel de Banho Óleo de Oliva e Camomila 700 ml,FENO,,"5,69 €","8,13 €/l",,,
DIA IMAQE Limpeza Facial Sólida Caroço de Damasco 50 g,DIA IMAQE,,"3,39 €","67,80 €/Kg",,,
DIA IMAQE Champô Sólido Extrato Canábis e Óleo de Canhâmo 60 g,DIA IMAQE,,"3,39 €","56,50 €/Kg",,,
DIA IMAQE Champô Sólido Extrato de Abacate e Mirtilo 60 g,DIA IMAQE,,"3,39 €","56,50 €/Kg",,,
DIA PLANETA JÚNIOR Lenços de Papel Kids 3 Folhas 6 un,DIA PLANETA NIOR,,"0,79 €","0,13 €/ud",,,
DIA IMAQE Gel de Banho de Azeitona Mediterrânea 750 ml,DIA IMAQE,,"1,74 €","2,32 €/l",,,
DIA IMAQE Gel de Banho de Aloé Vera 750 ml,DIA IMAQE,,"1,69 €","2,25 €/l",,,
DIA IMAQE Gel de Banho de Amêndoas e Mel 750 ml,DIA IMAQE,,"1,69 €","2,25 €/l",,,
DIA IMAQE Gel de Banho Dermo Proteção 750 ml,DIA IMAQE,,"1,74 €","2,32 €/l",,,
DIA IMAQE Gel de Banho Baunilha e Sandalo com Nozes da Macadamia 750 ml,DIA IMAQE,,"1,74 €","2,32 €/l",,,
NIVEA Creme Hidratante Family Care Pele Sensível 450 ml,NIVEA,,"8,49 €","18,87 €/l",,,
DIA IMAQE Gel de Banho Zero 750 ml,DIA IMAQE,,"2,05 €","2,73 €/l",,,
DIA IMAQE Gel de Banho Rosa & Jasmim 750 ml,DIA IMAQE,,"1,99 €","2,65 €/l",,,
FRUCTIS Condicionador Hair Food Melancia 350 ml,FRUCTIS,,"6,59 €","18,83 €/l",,,
DIA IMAQE Deo Roll On sem Sais de Alumínio e com Extrato de Bambu 50 ml,DIA IMAQE,,"1,12 €","22,40 €/l",,,
COLGATE Pasta de Dentes Max White Ultra 50 ml,COLGATE,,"5,69 €","113,80 €/l",,,
ID Fralda Incontinência (Tamanho L) 28 un,ID,,"12,99 €","0,46 €/ud",,,
ID Fralda Incontinência (Tamanho M) 28 un,ID,,"10,59 €","0,38 €/ud",,,
DIA IMAQE Água Micelar 250 ml,DIA IMAQE,,"1,84 €","7,36 €/l",,,
DIA IMAQE Leite de Limpeza Calmante 250 ml,DIA IMAQE,,"1,18 €","4,72 €/l",,,
DIA IMAQE Tónico Facial Calmante 250 ml,DIA IMAQE,,"1,43 €","5,72 €/l",,,
DIA IMAQE Pastilhas de Limpeza para Próteses Dentárias 30 un,DIA IMAQE,,"3,05 €","0,10 €/ud",,,
Gel de Banho de Aveia 1 L,,,"1,14 €","1,14 €/l",,,
DIA IMAQE Toalhitas Desmaquilhantes Para Peles Sensíveis 30 un,DIA IMAQE,,"1,23 €","1,23 €/ud",,,
"AQUAFRESH Pasta de Dentes Tripla Protecção Eucalipto, Lima e Menta 75 ml",AQUAFRESH,,"2,39 €","31,87 €/l",,,
NIVEA Body Lotion Hidratante Express 48h Pele Normal a Seca 400 ml,NIVEA,,"6,69 €","16,73 €/l",,,
DIA IMAQE Toalhitas Desmaquilhantes Para Peles Maduras 25 un,DIA IMAQE,,"1,33 €","0,05 €/ud",,,
TENA Penso Incontinência Sensitive 20 un,TENA,,"3,59 €","0,18 €/ud",,,
DOVE Sabonete Regular 90 g,DOVE,,"1,25 €","13,89 €/Kg",,,
DIA IMAQE Cotonetes de Papel 200 un,DIA IMAQE,,"0,65 €","0,65 €/ud",,,
DIA IMAQE Gel de Limpeza Facial 250 ml,DIA IMAQE,,"3,89 €","15,56 €/l",,,
DIA IMAQE Máscara Facial de Tecido Hidratante,DIA IMAQE,,"1,64 €","1,64 €/ud",,,
DIA IMAQE Máscara Facial de Tecido Anti-Idade,DIA IMAQE,,"1,64 €","1,64 €/ud",,,
DIA IMAQE Máscara Facial de Tecido Detox,DIA IMAQE,,"1,64 €","1,64 €/ud",,,
H&S Champô Mentol Fresh 300 ml,,,"5,99 €","19,97 €/l",,,
H&S Champô Citrus Fresh 300 ml,,,"5,99 €","19,97 €/l",,,
GILLETTE Labs Máquina de Barbear + Travel Case Counter,GILLETTE,,"19,86 €","19,86 €/ud",,,
AXE Pack Bolsa Apollo Gel de Banho 400 ml + Spray 150 ml + Cera Cabelo 75 ml,AXE,,"16,24 €","16,24 €/ud",,,
DOVE Pack Bolsa Original Gel de Banho 250 ml + Creme 150 ml + Roll On 50 ml,DOVE,,"13,64 €","13,64 €/ud","20,99 €","20,99 €/ud",
DOVE Pack Bolsa Men Extra Fresh Gel de Banho 400 ml + Roll On 50 ml,DOVE,,"12,49 €","12,49 €/ud","24,98 €","24,98 €/ud",
DOVE Pack Bolsa Silk Gel de Banho 500 ml + Loção 300 ml + Roll On 50 ml,DOVE,,"16,89 €","16,89 €/ud","25,99 €","25,99 €/ud",
GARNIER Creme Corpo Body SuperFood Aloé Vera + Magnésio Pele Normal a Seca 380 ml,GARNIER,,"7,69 €","20,24 €/l",,,
GARNIER Creme Corpo Body SuperFood Abacate + Omega 6 Pele Seca e Muito Seca 380 ml,GARNIER,,"7,69 €","20,24 €/l",,,
GILLETTE Labs Gel de Barbear 198 ml,GILLETTE,,"5,24 €","26,46 €/l",,,
LACTOVIT Loção Corporal Lactooil 400 ml,LACTOVIT,,"7,39 €","18,47 €/l",,,
DIA IMAQE Creme de Mãos Laranja e Canela 200 ml,DIA IMAQE,,"2,99 €","14,95 €/l",,,
DIA IMAQE Creme de Corpo Coco e Caramelo 350 ml,DIA IMAQE,,"1,99 €","6,63 €/l",,,
DIA IMAQE Gel de Banho Gengibre e Chocolate 400 ml,DIA IMAQE,,"1,99 €","4,98 €/l",,,
DIA LA LLAMA Lenços de Papel de Bolso Extra Suave 10 un,DIA LA LLAMA,,"1,35 €","0,14 €/ud",,,
