NAME,BRAND,QUANTITY,PRICE,PPU,OLDPRICE,OLDPPU,EAN
DIA Ambientador Lavanda 300 ml,,,"1,05 €","3,50 €/l",,,
DIA Espanador Caça Pó + 3 Recargas 1 Un,,,"2,89 €","2,89 €/ud",,,
VANISH Pistola Pré-Lavagem Oxi Gold 500 ml,,,"5,99 €","11,98 €/l",,,
DIA Lixívia Perfumada 2 L,,,"1,25 €","0,63 €/l",,,
DIA Esponja de Limpeza Para Casa de Banho 2 Un,,,"1,15 €","0,58 €/ud",,,
ENERGIZER Pilhas Alcalinas AA 4 Un,,,"2,99 €","0,75 €/ud",,,
ENERGIZER Pilhas Alcalinas AAA 4 Un,,,"2,99 €","0,75 €/ud",,,
GLADE Ambientador Exótico de Baunilha 300 ml,,,"1,55 €","5,17 €/l","2,59 €","8,63 €/l",
DIA Pano Esponja 5 Un,,,"1,15 €","0,23 €/ud",,,
"DIA Cabo Vassoura 1,40 M",,,"1,19 €","1,19 €/ud",,,
DIA Vassoura Multiusos,,,"2,39 €","2,39 €/ud",,,
SCOTCH-BRITE Esfregão Fibra Verde Normal 2 un,,,"2,39 €","1,20 €/ud",,,
DIA CLEAN & SHINE Creme de Limpeza Limão 750 ml,,,"1,29 €","1,72 €/l",,,
DIA CLEAN & SHINE Creme de Limpeza Lixivia 750 ml,,,"1,29 €","1,72 €/l",,,
RAID Inseticida Spray Para Moscas E Mosquitos 400 ml,,,"5,09 €","12,73 €/l",,,
FINISH Ambientador Máquina da Loiça Limão & Lima 1 Un,,,"4,99 €","4,99 €/ud",,,
FAPIL Mopa Seca 30 cm com Cabo Metálico,,,"6,49 €","6,49 €/ud",,,
LOCTITE Super Cola 3 2 g,,,"2,49 €","1.245,00 €/Kg",,,
DIA QEFICAZ Amaciador Da Roupa Rosas 40 Lv,,,"2,79 €","0,07 €/Lavage",,,
HARPIC Gel WC Anticalcário 750 ml,,,"2,99 €","3,99 €/l",,,
FAPIL Recarga Para Escova Adesiva 12 Folhas 1 Un,,,"0,79 €","0,79 €/ud",,,
SCOTCH-BRITE Salva Unhas Fibra Verde 2 Un,,,"1,99 €","1,00 €/ud",,,
FAPIL Balde Eliptico,,,"2,99 €","2,99 €/ud",,,
FAPIL Espremedor Eliptico,,,"1,19 €","1,19 €/ud",,,
DIA Recargas Espanador 5 Un,,,"2,55 €","0,51 €/ud",,,
CIF Lava Tudo Gel com Lixívia 750 ml,,,"1,39 €","1,85 €/l",,,
DIA WC Bloco Líquido Limão 55 ml,,,"1,40 €","25,45 €/l",,,
DIA WC Bloco Líquido Oceano 55 ml,,,"1,40 €","25,45 €/l",,,
FINISH Sal Para Máquina da Loiça 1 kg,,,"2,49 €","2,49 €/Kg",,,
NEOBLANC Lixívia Densa 2 L,,,"2,59 €","1,30 €/l",,,
DIA Esfregona Estampada,,,"1,55 €","1,55 €/ud",,,
DIA Lixívia Denso Perfumada 2 L,,,"1,49 €","0,75 €/l",,,
VILEDA Luvas Extra Sensation Tamanho M/L 1 un,,,"1,99 €","1,99 €/ud",,,
DIA Pá de Lixo com Cabo,,,"1,99 €","1,99 €/ud",,,
DIA Lixívia Tradicional 5 L,,,"2,20 €","0,44 €/l",,,
SOFLAN Detergente Roupa Delicada 650 ml,,,"4,99 €","7,68 €/l",,,
DIA Detergente Loiça Concentrado Antibacteriano 500 ml,,,"1,05 €","2,10 €/l",,,
DIA Lixívia com Detergente 2 L,,,"1,19 €","0,60 €/l",,,
SWIFFER Panos Recarga 20 Un,,,"3,59 €","0,18 €/ud",,,
DIA Toalhitas Protege Cor 20 Un,,,"2,85 €","0,14 €/ud",,,
PRONTO Limpa Móveis Clássico 300 ml,,,"3,59 €","11,97 €/l","4,79 €","15,97 €/l",
CELAR Frigideira 14 cm,,,"3,89 €","3,89 €/ud",,,
DIA Recarga Ambientador Automático Lavanda 250 ml,,,"3,39 €","13,56 €/l",,,
AIR WICK Ambientador Freshmatic Completo Lavanda 250 ml,,,"7,19 €","28,76 €/l",,,
SCOTCH-BRITE Fibra Verde com Esponja Duplo 2 un,,,"1,99 €","1,00 €/ud",,,
Saca Rolhas,,,"3,29 €","3,29 €/ud",,,
CELAR Wok com Cabo 22 cm,,,"9,49 €","9,49 €/ud",,,
AIR WICK Recarga Ambientador Eléctrico Baunilha 1 un,,,"3,59 €","3,59 €/ud",,,
VILEDA Recarga Super Esfregona 1 Un,,,"3,99 €","3,99 €/ud",,,
DIA Esfregão Verde 4 Un,,,"0,79 €","0,20 €/ud",,,
CIF Spray Antibacteriano 750 ml,,,"4,99 €","6,65 €/l",,,
DIA Ambientador Neutralizador 300 ml,,,"1,05 €","3,50 €/l",,,
SONASOL Bloco Sanitário WC Poder Ativo Aqua 1 Un,,,"3,18 €","3,18 €/ud",,,
DIA Ambientador Anti Húmidade Lavanda 1 Un,,,"5,35 €","5,35 €/ud",,,
DIA Recarga Anti-humidade Lavanda 250 ml,,,"2,95 €","2,95 €/ud",,,
DIA Recarga Anti-humidade Limão 250 ml,,,"2,95 €","2,95 €/ud",,,
"DIA CLEAN & SHINE Gel Casa de Banho 1,5 L",,,"1,35 €","0,90 €/l",,,
"DIA CLEAN & SHINE Gel com Líxivia 1,5 L",,,"1,35 €","0,90 €/l",,,
"DIA CLEAN & SHINE Limpa Madeira com Sabão 1,5 L",,,"1,69 €","1,13 €/l",,,
DESTOP Desentupidor Canos Gel Turbo + 1 L,,,"7,99 €","7,99 €/l",,,
WC PATO Discos Activos Frescor Marine 6 Un,,,"2,25 €","10,42 €/l",,,
LOCTITE Super Cola 3 Pincel 4 g,,,"4,99 €","1.247,50 €/Kg",,,
LUMINARC Caixa Hermética Quadrada Pure Box 16x16x7 cm,,,"4,99 €","4,99 €/ud",,,
DIA Pano Para o Pó Laranja 1 Un,,,"1,25 €","1,25 €/ud",,,
WC PATO Discos Sanitários Ativos Gel Lima Fresca 6 Un,,,"2,92 €","0,49 €/ud",,,
WC PATO Discos Sanitários Ativos Recarga Fresh Limão 2 Un,,,"4,41 €","2,21 €/ud",,,
VILEDA Esfregona Super Suave Completa,,,"7,65 €","7,65 €/ud",,,
LUMINARC Caixa Hermética Redonda 12x5 cm,,,"3,99 €","3,99 €/ud",,,
LUMINARC Caixa Hermética Rectangular 16x11x6 cm,,,"3,99 €","3,99 €/ud",,,
DIA Recarga Ambientador Automático Floral 250 ml,,,"3,80 €","15,20 €/l",,,
SONASOL Bloco Wc Duo Poder Activo Pinho 2 Un,,,"6,17 €","3,09 €/ud",,,
PATO Discos Activos Recarga Fresh Mar 2 un,,,"3,40 €","1,70 €/ud",,,
"CIF Lava Tudo Marinho 1,4 L",,,"1,99 €","1,42 €/l",,,
CIF Gel Limpeza Casa de Banho 750 ml,,,"1,39 €","1,85 €/l",,,
HARPIC Gel WC Pinho 750 ml,,,"2,99 €","3,99 €/l",,,
NEOBLANC Lixívia Tradicional 4 L,,,"2,84 €","0,71 €/l",,,
"SONASOL Gel Casa de Banho 1,25 L",,,"3,99 €","3,19 €/l",,,
"SONASOL Lava Tudo Magic Rosas e Jasmim 1,3 L",,,"2,99 €","2,30 €/l",,,
AIR WICK Ambientador Completo Eléctrico Lavanda 1 un,,,"5,39 €","5,39 €/ud",,,
DIA CLEAN & SHINE Lava Tudo Floral 2 L,,,"1,05 €","0,53 €/l",,,
DIA CLEAN & SHINE Lava Tudo Marinho 2 L,,,"1,05 €","0,53 €/l",,,
DIA CLEAN & SHINE Lava Tudo Montanha 2 L,,,"1,05 €","0,53 €/l",,,
DIA CLEAN & SHINE Lava Tudo Lavanda 2 L,,,"1,05 €","0,53 €/l",,,
DIA Ambientador Forest Fruit 14 g,,,"2,49 €","177,86 €/Kg",,,
PLURICOR Gel Acendalha 500 ml,,,"3,49 €","6,98 €/l",,,
"SONASOL Gel Lixívia 1,25 L",,,"3,99 €","3,19 €/l",,,
"DIA Lava Tudo Aroma Vinagre 1,5 L",,,"1,85 €","1,23 €/l",,,
VANISH Tira Nódoas Powergel 200 ml,,,"5,99 €","29,95 €/l",,,
"DIA Lava Tudo Aroma Limão Verde 1,5 L",,,"1,85 €","1,23 €/l",,,
FLAMMAT Acendalha Chama Fácil 32 Un,,,"1,19 €","1,19 €/ud",,,
DIA Detergente Loiça Concentrado Limão 500 ml,,,"1,05 €","2,10 €/l",,,
RAID Antimosquitos Eléctrico Líquido 30 Noites 21 ml,,,"6,99 €","332,86 €/l",,,
DIA Toalhitas Limpa Vidros 30 Un,,,"1,35 €","1,35 €/ud",,,
DIA Ambientador Neutralizador Zen 300 ml,,,"1,05 €","3,50 €/l",,,
DIA Ambientador Neutralizador Baunilha 300 ml,,,"1,05 €","3,50 €/l",,,
RAID Inseticida Spray Para Casa E Plantas 400 ml,,,"5,49 €","13,73 €/l",,,
DIA Vela Especiarias 1 Un,,,"2,79 €","2,79 €/ud",,,
ZZ PAFF Inseticida Spray Para Casa E Plantas 400 ml,,,"1,25 €","3,13 €/l",,,
LUMINARC Caixa Hermética Redonda 92 cl,,,"4,99 €","4,99 €/ud",,,
LUMINARC Caixa Hermética Rectangular 38 cl,,,"4,99 €","4,99 €/ud",,,
REDEX Spray Bala Auto 400 ml,,,"5,99 €","14,98 €/l",,,
ARBO Spray Limpa Estofos 500 ml,,,"2,79 €","5,58 €/l",,,
ARBO Spray Limpa Jantes 500 ml,,,"2,89 €","5,78 €/l",,,
ARBO Champô Auto 5 L,,,"4,99 €","1,00 €/l",,,
ARBO Limpa Vidros Azul 5 L,,,"3,29 €","0,66 €/l",,,
ARBO Líquido Radiador Auto 5 L,,,"4,99 €","1,00 €/l",,,
ARBO Óleo de Motor 5 L,,,"15,99 €","3,20 €/l",,,
NEOBLANC Lixívia Spray Mousse 700 ml,,,"2,62 €","3,74 €/l",,,
ARBRE MAGIQUE Ambientador Auto Black Pine 1 un,,,"1,99 €","1,99 €/ud",,,
ARBRE MAGIQUE Ambientador Auto Baunilha 1 un,,,"1,99 €","1,99 €/ud",,,
AIR WICK Vela Frutos Vermelhos  1 Un,,,"2,85 €","2,85 €/ud",,,
MISTER MAGIC Absorvente de Odores Frigorifico Limão 1 Un,,,"1,99 €","1,99 €/ud",,,
"AJAX Lava Tudo Festa de Flores Lavanda 1,25 L",,,"2,99 €","2,39 €/l",,,
"AJAX Lava Tudo Festa de Flores Montanha 1,25 L",,,"2,99 €","2,39 €/l",,,
SWIFFER Mopa + 8 Panos 1 Un,,,"9,59 €","9,59 €/ud",,,
PATTEX Cola Contacto 50 g,,,"3,79 €","75,80 €/Kg",,,
SANYTOL Desinfetante Roupa 500 ml,,,"5,29 €","10,58 €/l",,,
SANYTOL Desodorizante Calçado 150 ml,,,"5,29 €","35,27 €/l",,,
"CIF Lava Tudo Lavanda 1,4 L",,,"1,99 €","1,42 €/l",,,
CIF Spray Anti Bolores 435 ml,,,"2,49 €","5,72 €/l",,,
SONASOL Bloco WC Triplo Poder Activo Pinho 3 un,,,"8,99 €","8,99 €/ud",,,
SANYTOL Desinfetante Multiusos 750 ml,,,"4,49 €","5,99 €/l",,,
SANYTOL Desinfetante Banhos 750 ml,,,"4,49 €","5,99 €/l",,,
SANYTOL Desinfetante Cozinhas 750 ml,,,"4,49 €","5,99 €/l",,,
FAIRY Original Tudo Em Um Limão Pastilhas Para Máquina Da Loiça 28 Un,,,"11,49 €","0,41 €/ud",,,
"COLHOGAR Rolo Cozinha Meia Folha Adapt (3R=4,5R) 3 un",,,"2,87 €","0,96 €/ud",,,
CIF Creme Pink Flower 700 ml,,,"2,49 €","3,56 €/l",,,
AMBI PUR Ambientador Carro Anti Tabaco  1 un,,,"1,74 €","1,74 €/ud",,,
FINISH Detergente Pastilhas Máquina da Loiça Tudo Em 1 27 Un,,,"11,99 €","0,44 €/Lavage",,,
AJAX Spray Cozinha 500 ml,,,"3,99 €","7,98 €/l",,,
SANYTOL Desodorizante Desinfetante Especial Têxteis 500 ml,,,"6,99 €","13,98 €/l",,,
AIR WICK Regarca Ambientador Essential Mist Lavanda 1 un,,,"4,79 €","4,79 €/ud",,,
PERSIL Detergente Máquina Roupa Líquido Universal 25 lv,,,"4,99 €","0,20 €/Lavage",,,
"SONASOL Lava Tudo Brilhante Floral Euphoria 1,1 L",,,"4,11 €","3,74 €/l",,,
RENOVA Rolos de Cozinha Maxi Natal 2 Un,,,"1,79 €","0,90 €/ud",,,
VILEDA Luvas Sensation Tamanho S/M 1 un,,,"1,99 €","1,99 €/ud",,,
RENOVA Guardanapos Gold Natal 20 Un,,,"1,25 €","0,06 €/ud",,,
SONASOL Bloco Wc Duo Poder Activo Lavanda 2 Un,,,"6,17 €","3,09 €/ud",,,
"SANYTOL Lava Tudo Desinfetante Pavimentos e Superfícies 1,2 L",,,"4,59 €","3,83 €/l",,,
SUPER POP Detergente Manual Loiça Original Maçã Verde 700 ml,,,"1,41 €","2,01 €/l",,,
CARBRICA Carvão Vegetal,,,"4,29 €","4,29 €/ud",,,
BIC Isqueiro Cozinha 1 un,,,"3,69 €","3,69 €/ud",,,
DUM DUM Bolsinhas Anti-Traças Lavanda 20 Un,,,"5,99 €","0,30 €/ud",,,
VILEDA Pano Suave 2 Un,,,"1,99 €","1,00 €/ud",,,
VERNEL Amaciador Concentrado Aromaterapia Coco e Minerals 76 lv,,,"3,99 €","0,06 €/Lavage",,,
PERSIL Detergente Máquina da Roupa Gel Universal 50 lv,,,"9,99 €","0,20 €/Lavage",,,
AIR WICK Recarga Ambientador Elétrico Delicias de Verão 1 un,,,"3,59 €","3,59 €/ud",,,
MISTOLIN Tira Gorduras Clássico Recarga 545 ml,,,"2,79 €","5,12 €/l",,,
GLADE Ambientador Eléctrico Relaxing Zen 1 Un,,,"4,49 €","4,49 €/ud","8,99 €","8,99 €/ud",
GLADE Recarga Eléctrica Relaxing Zen 20 ml,,,"3,59 €","179,50 €/l",,,
CILLIT BANG Spray Multiusos 500 ml,,,"4,49 €","8,98 €/l",,,
CILLIT BANG Spray Tira Gorduras 500 ml,,,"4,49 €","8,98 €/l",,,
SKIP Tira Nódoas Spray 500 ml,,,"5,99 €","11,98 €/l",,,
LENOR Pérolas Unstoppables Fresh 210 g,,,"10,99 €","52,33 €/Kg",,,
"SONASOL Lava Tudo Brilhante Desinfetante 1,1 L",,,"4,11 €","3,74 €/l",,,
COMFORT Amaciador Concentrado Roupa Creations Jasmim&Mirtilos 50 Lv,,,"3,29 €","0,07 €/Lavage",,,
COMFORT Amaciador Concentrado Roupa Creations Angélicas&Baunilha 50 Lv,,,"3,29 €","0,07 €/Lavage",,,
DIA Lixívia Tradicional 2 L,,,"0,99 €","0,50 €/l",,,
BRAVO Esfregão Bravo 6 Un,,,"1,19 €","0,20 €/ud",,,
DIA SUPER PACO Sal Para Máquina da Loiça 2 kg,,,"0,85 €","0,43 €/Kg",,,
DIA LA LLAMA Rolo de Cozinha Compacto Branco 4 Un,,,"2,39 €","0,60 €/ud",,,
DIA Saco Para Congelação 75 Un,,,"2,05 €","2,05 €/ud",,,
DIA LA LLAMA Rolo de Cozinha Compacto Branco 2 Un,,,"1,25 €","0,63 €/ud",,,
SUPER POP Detergente Manual Loiça Original Limão 700 ml,,,"1,41 €","2,01 €/l",,,
DIA CLEAN & SHINE Lava Tudo Amoniacal 2 L,,,"1,05 €","0,53 €/l",,,
DIA Esfregona Suave 1 Un,,,"0,95 €","0,95 €/ud",,,
DIA Toalhitas Limpa Móveis 24 Un,,,"1,45 €","0,06 €/ud",,,
DIA Esfregona Com Fios de Microfibra 1 Un,,,"1,89 €","1,89 €/ud",,,
Palitos Redondos 400 Un,,,"1,01 €","1,01 €/ud",,,
FAIRY Detergente Manual Loiça Ultra Limão 480 ml,,,"2,99 €","6,23 €/l",,,
"DIA CLEAN & SHINE Detergente Manual Maçã 1,5 L",,,"1,35 €","0,90 €/l",,,
"DIA SUPER SHINE! Detergente Manual Loiça Limão 1,5 L",,,"1,35 €","0,90 €/l",,,
DIA Lixívia Perfumada 5 L,,,"2,05 €","0,41 €/l",,,
DIA QEFICAZ Lixívia Roupa Delicada 2 L,,,"1,35 €","0,68 €/l",,,
CALGON Gel 750 ml,,,"9,32 €","12,43 €/l",,,
FINISH Abrilhantador 400 ml,,,"7,99 €","19,98 €/l",,,
DIA Água Destilada 5 L,,,"1,39 €","0,28 €/l",,,
DIA Detergente Loiça Concentrado Frutos Vermelhos 500 ml,,,"1,19 €","2,38 €/l",,,
CALGON Anti Calcário Pó 20 Lv,,,"9,32 €","0,47 €/Lavage",,,
NEOBLANC Lixívia Para Roupa Gentil 2 L,,,"4,12 €","2,06 €/l",,,
NEOBLANC Lixívia Hypo Regular 2 L,,,"1,65 €","0,83 €/l",,,
"SONASOL Lava Tudo Amoniacal 1,3 L",,,"2,99 €","2,39 €/l",,,
MISTOLIN Tira Gorduras Clássico 545 ml,,,"2,99 €","5,49 €/l",,,
AJAX Limpa Vidros Cristal 500 ml,,,"3,59 €","7,18 €/l",,,
SKIP Detergente Máquina Roupa Pó Active Clean 22 lv,,,"4,99 €","0,23 €/Lavage",,,
"SONASOL Lava Tudo Brilhante Para Madeira 1,1 L",,,"4,11 €","3,74 €/l",,,
"SONASOL Lava Tudo Brilhante Universal 1,1 L",,,"4,11 €","3,74 €/l",,,
SONASOL Bloco Sanitário Wc Blue Active Eucalipto 1 Un,,,"3,18 €","3,18 €/ud",,,
CIF Creme Limão 700 ml,,,"2,49 €","3,56 €/l",,,
CIF Creme Branco 700 ml,,,"2,49 €","3,56 €/l",,,
OMO Detergente Manual Roupa Pó 540 g,,,"2,49 €","4,61 €/Kg",,,
AJAX Recarga Limpa Vidros 500 ml,,,"2,99 €","5,98 €/l",,,
NEOBLANC Lixívia Wc Gel Higienizante 700 ML,,,"1,39 €","1,99 €/l",,,
VERNEL Amaciador da Roupa Aromaterapia Gold 76 Lv,,,"3,99 €","0,06 €/Lavage",,,
DIA Pano de Microfibra Multiusos 1 Un,,,"1,19 €","1,19 €/ud",,,
X-TRA Detergente Máquina Roupa Gel Color 50 Lv,,,"19,99 €","0,40 €/Lavage",,,
DIA Fósforos de Cozinha 3 un,,,"0,67 €","0,22 €/ud",,,
DIA Pano Suave de Multiusos 6 Un,,,"1,09 €","0,18 €/ud",,,
"SONASOL Lava Tudo Magic Camomila 1,3 L",,,"2,99 €","2,30 €/l",,,
SONASOL Bloco Sanitário Wc Poder Ativo Pinho 1 Un,,,"3,18 €","3,18 €/ud",,,
SUN Detergente Máquina Loiça Pastilhas Classic Limão 32 Un,,,"6,99 €","0,22 €/Lavage",,,
DIA Película Aderente 50M,,,"1,15 €","1,15 €/m",,,
RENOVA Rolo de Cozinha Maxi Absorption Extra XXL (1=3 rolos) 1 Un,,,"1,19 €","1,19 €/ud",,,
CLARIM Sabão 400 g,,,"2,45 €","6,13 €/Kg",,,
SONASOL Bloco Sanitário Blue Active Floral 1 Un,,,"3,18 €","3,18 €/ud",,,
DIA Esfregão Com Esponja 3 un,,,"1,00 €","0,33 €/ud",,,
CIF Spray Ultra Desengordurante 500 ml,,,"1,79 €","3,58 €/l",,,
QUANTO Amaciador da Roupa Concentrado Ouro 76 Lv,,,"4,99 €","0,07 €/Lavage",,,
DIA Papel de Alumínio 30 M,,,"3,25 €","0,11 €/m",,,
DIA Papel Vegetal 15 M,,,"1,95 €","0,13 €/m",,,
DIA LA LLAMA Guardanapos 33 X 33 Brancos 2 Folhas 100 Un,,,"1,29 €","1,29 €/ud",,,
PRONTO Óleo Limpador Líquido Cedro 250 ml,,,"2,69 €","10,76 €/l","3,59 €","14,36 €/l",
RENOVA Guardanapos 2 Folhas Art de La Table Branco 33x33 90 Un,,,"1,39 €","1,39 €/ud",,,
SKIP Detergente Máquina Roupa Líquido Active Clean 46 lv,,,"9,99 €","0,22 €/Lavage",,,
VERNEL Amaciador Roupa Aromaterapia Violeta 76 Lv,,,"3,99 €","0,06 €/Lavage",,,
"SONASOL Lava Tudo Magic Lavanda 1,3 L",,,"2,99 €","2,30 €/l",,,
SONASOL Spray Desinfectante Brilhante 500 ml,,,"4,11 €","8,22 €/l",,,
SKIP Detergente Máquina Roupa Líquido Sensitive 46 lv,,,"9,99 €","0,22 €/Lavage",,,
COMFORT Amaciador Concentrado Roupa Creations Lírios&Morangos 50 Lv,,,"3,29 €","0,07 €/Lavage",,,
SUN Detergente Máquina Loiça Pastilhas AiO Limão 70 Lv,,,"19,99 €","0,29 €/Lavage",,,
AJAX Spray Multiusos Optmial 7 500 ml,,,"3,99 €","7,98 €/l",,,
CIF Spray Multiusos com Lixivia 750 ml,,,"2,49 €","3,32 €/l",,,
COMFORT Amaciador Concentrado Roupa Creations Madressilva&Sândalo 50 Lv,,,"3,29 €","0,07 €/Lavage",,,
AJAX Spray Optimal 7 Multiusos Com Lixivia 500 ml,,,"3,99 €","7,98 €/l",,,
X-TRA Detergente Para Máquina da Roupa Líquido Bali 90 lv,,,"29,99 €","0,33 €/Lavage",,,
X-TRA Detergente Para Máquina da Roupa Líquido Malásia 90 lv,,,"29,99 €","0,33 €/Lavage",,,
PERSIL Detergente Para Máquina da Roupa Portugal Universal Gel 65 lv,,,"12,49 €","0,19 €/Lavage",,,
SKIP Detergente Máquina Líquido Active Clean 80 Lv,,,"16,24 €","0,20 €/Lavage",,,
SCOTCH-BRITE Salva Unhas Ergonómico Duplo Fibra Verde 2 un,,,"2,44 €","1,22 €/ud",,,
MISTOLIN Specialist Óleo de Cedro 360 ml,,,"3,49 €","9,69 €/l",,,
SANYTOL Toalhitas Multiusos Desinfetantes 36 Un,,,"4,99 €","0,14 €/ud",,,
SKIP Detergente Líquido Para Máquina da Roupa Sensitive 80 Lv,,,"16,24 €","0,20 €/Lavage",,,
VILEDA Pano Microfibras Colors 4 Un,,,"4,49 €","1,12 €/ud",,,
SKIP Detergente Máquina Roupa Líquido Sensitive 60 Lv,,,"12,49 €","0,21 €/Lavage",,,
SUPER POP Detergente Manual Limão Verde 1 L,,,"1,99 €","1,99 €/l",,,
FINISH Detergente Máquina da Loiça Pastilhas Limão 65 lv,,,"27,49 €","0,42 €/Lavage",,,
RENOVA Guardanapo Gold Vermelho 40 un,,,"1,99 €","1,99 €/ud",,,
RENOVA Guardanapo Gold Bordeaux 40 un,,,"1,99 €","1,99 €/ud",,,
RENOVA Guardanapo Gold Amarelo 40 un,,,"1,99 €","1,99 €/ud",,,
RENOVA Guardanapo Gold Branco 40 un,,,"1,99 €","1,99 €/ud",,,
RENOVA Guardanapo Gold Azul 40 un,,,"1,99 €","1,99 €/ud",,,
GLADE Vela Honey & Chocolate 1 un,,,"2,49 €","2,49 €/ud","4,29 €","4,29 €/ud",
RENOVA Rolos de Cozinha Olé! XXL (2=4 rolos) 2 un,,,"1,19 €","0,60 €/ud",,,
SKIP Detergente Líquido Máquina da Roupa Sabão Natural 100 lv,,,"14,99 €","0,15 €/Lavage",,,
AIR WICK Recarga Ambientador Eléctrico Lavanda 1 un,,,"3,59 €","3,59 €/ud",,,
LYSOL Spray Desinfetante Casa de Banho 500 ml,,,"4,49 €","8,98 €/l",,,
LYSOL Spray Desinfetante Multiusos Frescura 500 ml,,,"4,49 €","8,98 €/l",,,
LYSOL Limpa Máquinas Desinfetante 250 ml,,,"9,99 €","39,96 €/l",,,
LYSOL Desinfetante Textil Algodão 720 ml,,,"6,99 €","9,71 €/l",,,
RENOVA Rolo de Cozinha Design XXL  1 un,,,"1,89 €","1,89 €/ud",,,
FINISH Limpa Máquina da Loiça Limão 250 ml,,,"5,99 €","23,96 €/l",,,
VILEDA Pano Microfibras Ultra Fresh 2 un,,,"3,99 €","2,00 €/ud",,,
SONASOL Bloco Sanitário Deluxe Jasmim 2 un,,,"6,98 €","3,49 €/ud",,,
SONASOL Bloco Sanitário Deluxe Magnólia 2 un,,,"6,98 €","3,49 €/ud",,,
SONASOL Bloco Sanitário Blue Water Eucalipto 3 un,,,"9,26 €","3,09 €/ud",,,
MISTOLIN Multisuperfícies Lixívia 500 ml,,,"2,24 €","4,48 €/l",,,
XAU Limpa Máquina Roupa Limão 250 ml,,,"3,99 €","15,96 €/l",,,
RENOVA Guardanapos Renova Active Maxi Pack  180 un,,,"1,25 €","0,63 €/ud",,,
LYSOL Spray Desinfetante Multisuperficies 400 ml,,,"8,99 €","22,48 €/l",,,
BAYGON Inseticida Spray Rastejantes Baratas e Formigas 400 ml,,,"6,59 €","16,48 €/l",,,
FAIRY Deterne Manual Loiça Ultra Poder Original 325 ml,,,"1,99 €","6,12 €/l",,,
AJAX Spray de Limpeza Desinfetante 500 ml,,,"3,99 €","7,98 €/l",,,
SKIP Detergente Máquina Roupa Cápsulas 3 em 1 Active Clean 42 lv,,,"12,49 €","0,30 €/Lavage",,,
FAIRY Detergente Manual Loiça Jasmim Rosa 340 ml,,,"1,39 €","4,09 €/l",,,
SWIFFER Recargas Húmidas Swiffer 12 un,,,"3,59 €","0,30 €/ud",,,
DUM DUM Insecticida Eléctrico XXL Melgas e Mosquitos 135 Noites 3 un,,,"19,99 €","6,66 €/ud",,,
SURF Amaciador Concentrado Jasmim e Maçã Verde 90 lv,,,"3,49 €","3,49 €/Lavage",,,
SURF Amaciador Concentrado Peónia Azul e Citrus 90 lv,,,"3,49 €","3,49 €/Lavage",,,
SURF Amaciador Concentrado Rosa e Rosmaninho 90 lv,,,"3,49 €","3,49 €/Lavage",,,
"SKIP Desinfetante Roupa 1,2 L",,,"10,29 €","8,58 €/l",,,
DOMESTOS Blocos Sanitários Power 5 Ocean 5 un,,,"13,49 €","2,70 €/ud",,,
SKIP Detergente Máquina Roupa Cápsulas 3 em 1 Active Fresh 42 lv,,,"12,49 €","0,30 €/ud",,,
SKIP Detergente Máquina Roupa Pó Lavanda 66 lv,,,"12,49 €","0,19 €/Lavage",,,
OMO Detergente Máquina Líquido 55 lv,,,"5,99 €","0,11 €/Lavage",,,
AIR WICK Ambientador Difusor Essencial Mist Citrus 1 un,,,"13,19 €","13,19 €/ud",,,
XAU Detergente Máquina Roupa Líquido Frescura de Primavera 62 lv,,,"24,99 €","0,40 €/Lavage",,,
AIR WICK Ambientador Recarga Essencial Mist Citrus 1 un,,,"4,79 €","4,79 €/ud",,,
XAU + VANISH Detergente Máquina Roupa Líquido 50 lv,,,"19,99 €","0,40 €/Lavage",,,
PERSIL Detergente Máquina Roupa Cápsulas Higiene 40 lv,,,"11,24 €","0,28 €/Lavage",,,
PERSIL Detergente Máquina Roupa Cápsulas Universal 40 lv,,,"11,24 €","0,28 €/Lavage",,,
PERSIL Detergente Máquina Roupa Cápsulas Lavanda 40 lv,,,"11,24 €","0,28 €/Lavage",,,
FAIRY Detergente Loiça Manual Ultra Poder Extra Higiene 650 ml,,,"3,45 €","5,31 €/l",,,
Garfos de Madeira 10 un,,,"0,79 €","0,79 €/ud",,,
Pratos de Cartão (23 cm) 20 un,,,"1,19 €","1,19 €/ud",,,
Facas de Madeira 10 un,,,"0,79 €","0,79 €/ud",,,
Colheres de Madeira 10 un,,,"0,79 €","0,79 €/ud",,,
Copos de Cartão (180 ml) 50 un,,,"1,74 €","1,74 €/ud",,,
FINISH Detergente Máquina Loiça Pastilhas Quantum Limão 53 lv,,,"24,99 €","0,47 €/Lavage",,,
XAU Detergente Máquina Roupa Líquido Lavanda 88 lv,,,"29,99 €","0,37 €/Lavage",,,
CIF Detergente de Loiça Concentrado Limão Verde 1 L,,,"1,99 €","1,99 €/l",,,
CIF Detergente de Loiça Concentrado Limão 1 L,,,"1,99 €","1,99 €/l",,,
PERSIL Detergente Máquina Roupa Gel Universal 80 lv,,,"14,99 €","0,19 €/Lavage",,,
SONASOL Bloco WC Blue Active Floral 2 un,,,"6,17 €","3,09 €/ud",,,
SONASOL Bloco WC Blue Active Eucalipto 2 un,,,"6,17 €","3,09 €/ud",,,
DUM DUM Insecticida Eléctrico MAX Moscas e Mosquitos 45 Noites 1 un,,,"11,99 €","11,99 €/ud",,,
PERSIL Detergente Máquina Roupa Gel Sabão Azul & Branco 90 lv,,,"11,49 €","0,13 €/Lavage",,,
SANYTOL Spray Purificador de Ar Menta 300 ml,,,"5,99 €","18,15 €/l",,,
VILEDA Esfregona Premium 2 em 1 Completa,,,"9,99 €","9,99 €/ud",,,
SPLENDOR Cera Acrília Madeiras 500 ml,,,"5,99 €","11,98 €/l",,,
PHILIPS Pilhas Alcalinas LR3 AAA 4 un,,,"2,49 €","2,49 €/ud",,,
PHILIPS Pilhas Alcalinas LR6 AA 4 un,,,"2,49 €","2,49 €/ud",,,
XAU Detergente Máquina Roupa Líquido Sabão Natural 105 lv,,,"32,49 €","0,31 €/Lavage",,,
DIA DIAS FELIZES Guardanapo 90 un,,,"1,54 €","1,54 €/ud",,,
RAID Insecticida Papel Anti Traças Floral 12 un,,,"3,99 €","0,33 €/ud",,,
X-TRA Detergente Máquina Roupa Gel Universal 96 lv,,,"34,99 €","0,32 €/Lavage",,,
DIA SUPER PACO Saco Lixo Contentor (120 L) 10 un,,,"1,70 €","0,17 €/ud",,,
DIA SUPER PACO Saco Lixo Fecho Fácil (30 L) 30 un,,,"2,05 €","0,07 €/ud",,,
DIA SUPER PACO Saco Lixo Fecho Fácil Especial Reciclar (30 L) 30 un,,,"1,85 €","0,06 €/ud",,,
DIA SUPER PACO Saco Lixo Fecho Fácil (50 L) 15 un,,,"1,75 €","0,12 €/ud",,,
DIA SUPER PACO Saco Lixo Fecho Fácil Perfumado (10 L) 30 un,,,"1,19 €","1,19 €/ud",,,
DIA SUPER PACO Saco Lixo Fecho Fácil Perfumado (30 L) 20 un,,,"1,79 €","0,09 €/ud",,,
DIA SUPER PACO Saco Lixo Fecho Fácil (120 L) 10 un,,,"2,00 €","0,20 €/ud",,,
SONASOL Bloco WC Bright Gel Brisa Mágica 2 un,,,"6,98 €","3,49 €/ud",,,
SONASOL Spray Desinfetante WC Maxsan 500 ml,,,"4,11 €","8,22 €/l",,,
SCOTCH BRITE Esfregão Metálico Inox 1 un,,,"1,15 €","1,15 €/ud",,,
QUANTO Amaciador Concentrado Ouro 132 lv,,,"7,69 €","0,06 €/Lavage",,,
PERSIL Detergente Máquina Roupa Pó Sabão Azul e Branco 90 lv,,,"16,86 €","0,19 €/Lavage",,,
PERSIL Detergente Máquina Roupa Gel Lavanda 65 lv,,,"12,49 €","0,19 €/Lavage",,,
PERSIL Detergente Máquina Roupa Gel Color 50 lv,,,"9,99 €","0,20 €/Lavage",,,
PERSIL Detergente Máquina Roupa Gel Higiene e Pureza 80 lv,,,"14,99 €","0,19 €/Lavage",,,
DIA LA LLAMA Rolo Multiusos Absorvente 1 un,,,"3,79 €","3,79 €/ud",,,
DIA LA LLAMA Rolo Cozinha Maxi 2 Folhas 1 un,,,"4,09 €","4,09 €/ud",,,
DIA SUPER PACO Luva Acetinada Tamanho M 1 un,,,"0,90 €","0,90 €/ud",,,
DIA SUPER PACO Luva Acetinada Tamanho S 1 un,,,"0,90 €","0,90 €/ud",,,
DIA SUPER PACO Luva Flocada Tamanho L 1 un,,,"0,78 €","0,78 €/ud",,,
DIA SUPER PACO Detergente Manual Loiça Concentrado Limão 1 L,,,"2,05 €","2,05 €/l",,,
DIA SUPER PACO Detergente Manual Loiça Concentrado Dermo 1 L,,,"2,05 €","2,05 €/l",,,
DIA SUPER PACO Detergente Máquina Roupa Líquido Universal 61 lv,,,"7,79 €","0,13 €/Lavage",,,
DIA SUPER PACO Detergente Máquina Roupa Líquido Cores 46 lv,,,"4,60 €","0,10 €/Lavage",,,
DIA SUPER PACO Detergente Máquina Roupa Líquido Roupa Escura 30 lv,,,"3,70 €","0,12 €/Lavage",,,
DIA SUPER PACO Detergente Máquina Roupa Líquido Colónia 46 lv,,,"4,60 €","0,10 €/Lavage",,,
DIA SUPER PACO Saco Lixo com Fecho Fácil Para Material Compostável (10 L) 15 un,,,"2,60 €","0,17 €/ud",,,
DIA SUPER PACO Luva Flocada Tamanho M 1 un,,,"0,76 €","0,76 €/ud",,,
DIA SUPER PACO Desentupidor de Tubagens 1 L,,,"1,95 €","1,95 €/l",,,
DIA SUPER PACO Spray Vitrocerâmina e Indução 500 ml,,,"2,19 €","4,38 €/l",,,
DIA SUPER PACO Amaciador Concentrado Bergamota & Sândalo 60 lv,,,"3,30 €","0,06 €/Lavage",,,
DIA SUPER PACO Amaciador Concentrado Damasco & Nectarina 60 lv,,,"3,30 €","0,06 €/Lavage",,,
DOMESTOS Bloco Sanitário Power 5 Lima 5 un,,,"13,49 €","2,70 €/ud",,,
DIA QEFICAZ Amaciador Concentrado Talco 72 lv,,,"1,85 €","1,85 €/Lavage",,,
DIA SUPER PACO Detergente em Cápsulas para a Máquina da Roupa 3 e1 1 18 lv,,,"4,65 €","0,26 €/Lavage",,,
DIA SUPER PACO Detergente em Cápsulas para a Máquina da Roupa Peles Sensíveis 18 lv,,,"4,55 €","0,25 €/Lavage",,,
DIA SUPER PACO Pastilhas Anticalcário para Máquina da Roupa 30 lv,,,"2,45 €","0,08 €/ud",,,
DIA SUPER PACO Pastilhas para a Máquina de Lavar Loiça Classic 45 lv,,,"3,19 €","0,07 €/ud",,,
DIA SUPER PACO Pastilhas para a Máquina de Lavar Loiça Tudo em 1 40 lv,,,"5,09 €","0,13 €/Lavage",,,
DIA SUPER PACO Pastilhas para a Máquina de Lavar Loiça Poder Plus 25 lv,,,"6,05 €","0,24 €/ud",,,
DIA SUPER SHINE! Detergente Manual Loiça Limão 1 L,,,"1,05 €","1,05 €/l",,,
DIA Vinagre de Limpeza 1 L,,,"0,89 €","0,89 €/l",,,
DIA QEFICAZ Amaciador Concentrado de Jojoba 72 lv,,,"1,85 €","1,85 €/Lavage",,,
DIA SUPER PACO Gel WC Marinho 1 L,,,"1,15 €","1,15 €/l",,,
DIA SUPER PACO Gel WC Pinho 1 L,,,"1,15 €","1,15 €/l",,,
DIA SUPER PACO Spray Tira Gorduras Cítrico 750 ml,,,"1,45 €","1,93 €/l",,,
DIA SUPER PACO Limpa Vidros 1 L,,,"1,19 €","1,19 €/l",,,
DIA SUPER PACO Spray Tira Gorduras Energético 750 ml,,,"1,75 €","2,33 €/l",,,
DIA SUPER PACO Spray Multiusos 1 L,,,"1,35 €","1,35 €/l",,,
DIA SUPER PACO Spray Anticalcácrio 750 ml,,,"1,75 €","2,33 €/l",,,
DIA LA LLAMA Rolo de Cozinha Compacto Plus (1=3) 2 un,,,"2,29 €","1,15 €/ud",,,
CIF Spray Power + Shine Cleanboost Casa de Banho 750 ml,,,"2,49 €","3,32 €/l",,,
DIA SUPER PACO Água Perfumada para Engomar 1 L,,,"0,99 €","0,99 €/l",,,
DIA LA LLAMA Rolo de Cozinha Simples 4 un,,,"1,95 €","0,49 €/ud",,,
COMFORT Amaciador Roupa Concentrado Essência Azul 86 lv,,,"4,99 €","0,06 €/Lavage",,,
COMFORT Amaciador Roupa Concentrado Creations Lírios e Morangos 80 lv,,,"4,99 €","0,06 €/Lavage",,,
COMFORT Amaciador Roupa Concentrado Creations Madressilva E Sandalo 80 lv,,,"4,99 €","0,06 €/Lavage",,,
COMFORT Amaciador Roupa Concentrado Creations Leite de Coco e Óleo de Argão 80 lv,,,"4,99 €","0,06 €/Lavage",,,
CIF Spray Power + Shine Cleanboost Cozinha 750 ml,,,"2,49 €","3,32 €/l",,,
SURF Detergente Líquido Máquina Roupa Coco 88 lv,,,"12,49 €","0,14 €/Lavage",,,
SKIP Detergente Líquido Máquina Roupa Cores 60 lv,,,"12,49 €","0,21 €/Lavage",,,
SKIP Detergente Líquido Máquina Roupa Baby 60 lv,,,"12,49 €","0,21 €/Lavage",,,
DIA SUPER PACO Gel WX Lixivia Perfumada 1 L,,,"1,15 €","1,15 €/l",,,
DIA SUPER PACO Spray Casa de Banho 750 ml,,,"2,15 €","2,87 €/l",,,
DIA QEFICAZ Amaciador Microcápsulas Flor de Baunilha 80 lv,,,"2,05 €","2,05 €/Lavage",,,
DIA QEFICAZ Amaciador Microcápsulas Lírios e Morangos 80 lv,,,"2,05 €","2,05 €/Lavage",,,
DIA QEFICAZ Amaciador Microcápsulas Lavanda 80 lv,,,"2,05 €","2,05 €/Lavage",,,
DIA QEFICAZ Amaciador Microcápsulas Azul Intenso 80 lv,,,"2,05 €","2,05 €/Lavage",,,
SKIP Detergente Líquido Máquina Roupa Black Chic 60 lv,,,"12,49 €","0,21 €/Lavage",,,
DIA LA LLAMA Guardanapos Brancos 30x30 1 Folha 100 un,,,"0,75 €","0,75 €/ud",,,
SURF Detergente Máquina da Roupa Cápsulas Tropical 3 em 1 50 un,,,"9,99 €","0,20 €/ud",,,
MISTOLIN Spray Desengordurante Express Cozinha 750 ml,,,"2,24 €","2,99 €/l",,,
DIA QEFICAZ Pré-Lavagem Roupa 1 L,,,"2,20 €","2,20 €/l",,,
Lixívia em Pastilhas 48 un,,,"2,09 €","2,09 €/ud",,,
DIA SUPER PACO Abrilhantador Para Máquina Da Loiça 1 L,,,"1,49 €","1,49 €/l",,,
COLHOGAR Rolo de Cozinha Minijumbo,,,"2,35 €","2,35 €/ud",,,
FINISH Detergente Máquina Loiça Pastilhas All in One Regular 42 lv,,,"17,99 €","0,43 €/Lavage",,,
LENOR Pérolas Baunilha e Flor de Mimosa 210 g,,,"10,99 €","52,33 €/Kg",,,
QUANTO Perfumador para a Roupa Rosa 36 lv,,,"5,49 €","0,15 €/Lavage",,,
VANISH Tira Nódoas em Pó Oxi Advance White Roupa Branca 400 g,,,"8,99 €","22,48 €/Kg",,,
NEOBLANC Spray Casa de Banho 750 ml,,,"1,99 €","2,65 €/l",,,
NEOBLANC Spray Cozinha 750 ml,,,"1,99 €","2,65 €/l",,,
NEOBLANC Spray Desengordurante Oxigénio Ativo 750 ml,,,"1,99 €","2,65 €/l",,,
VANISH Tira Nódoas em Pó Oxi Advance Rosa 400 g,,,"8,99 €","22,48 €/Kg",,,
