NAME,BRAND,QUANTITY,PRICE,PPU,OLDPRICE,OLDPPU,EAN
AFTER EIGHT Chocolate Nestlé 200 g,AFTER EIGHT,,"3,15 €","15,75 €/Kg",,,
PRÉSIDENT Queijo Camembert 250 g,PR SIDENT,,"3,79 €","15,16 €/Kg",,,
DIA SABOR CHARCUTEIRO Farinheira do Fundão 250 g,DIA SABOR CHARCUTEIRO,,"2,35 €","9,40 €/Kg",,,
SANTIAGO Queijo Serra Da Vila 190 g,SANTIAGO,,"3,79 €","19,95 €/Kg",,,
SANTIAGO Queijo Regional Saloio 190 g,SANTIAGO,,"3,79 €","19,95 €/Kg",,,
DIA SONHOS Cocktail de Frutas 840 g,DIA SONHOS,,"2,20 €","2,62 €/Kg",,,
RIBERALVES Migas de Paloco 500 g,RIBERALVES,,"5,69 €","11,38 €/Kg",,,
MILKA Chocolate de Leite 270 g,MILKA,,"3,99 €","14,78 €/Kg",,,
DIA HORA + DOCE Pudim Flan 80 g,DIA HORA DOCE,,"0,81 €","10,13 €/Kg",,,
QUINTA DA AÇAFA Queijo de Ovelha Curado 1 un,QUINTA DA AFA,,"4,15 €","4,15 €/ud",,,
DAMATTA Morcela 200 g,DAMATTA,,"3,89 €","19,45 €/Kg",,,
DIA CAFETARIA Cápsulas de Café Intenso Intensidade 9 10 Un,DIA CAFETARIA,,"1,85 €","0,19 €/ud",,,
SANTIAGO Queijo Quinta do Olival Barrado 450 g,SANTIAGO,,"8,49 €","8,49 €/ud",,,
SERRAS DE PENELA Queijo de Vaca E Ovelha Grande 1 Un,SERRAS DE PENELA,,"4,49 €","4,49 €/ud",,,
PESCANOVA Delícias com Forma de Lagosta 255 g,PESCANOVA,,"2,09 €","8,20 €/Kg",,,
SOUZA Vinho do Porto Tawny 10 Anos 750 ml,SOUZA,,"16,99 €","22,65 €/l",,,
PAIVA Queijo Curado Meio Gordo 1 Un,PAIVA,,"7,55 €","7,55 €/ud",,,
DIA TEMPTATION Ovinhos de Chocolate Recheados com Creme de Avelã 225 g,DIA TEMPTATION,,"1,69 €","7,51 €/Kg",,,
DIA TEMPTATION Ovinhos de Chocolate Recheados com Creme de Leite 225 g,DIA TEMPTATION,,"1,69 €","7,51 €/Kg",,,
FERRERO ROCHER Bombons 16 un,FERRERO ROCHER,,"5,49 €","27,45 €/Kg",,,
NESTLÉ Bombons Caja Roja 200 g,NESTL,,"7,49 €","37,45 €/Kg",,,
MERCI Bombons 250 g,MERCI,,"7,29 €","29,16 €/Kg",,,
DIA DOCE NATAL Broa Castelar  250 g,DIA DOCE NATAL,,"1,29 €","5,16 €/Kg",,,
DIA TEMPTATION Bombons de Licor e Cereja 400 g,DIA TEMPTATION,,"4,09 €","10,23 €/Kg",,,
FORNADA DO DIA Bolo Rei 600 g,FORNADA DO DIA,,"5,99 €","9,98 €/Kg",,,
FERRERO COLLECTION Bombons 15 Un,FERRERO COLLECTION,,"7,89 €","45,09 €/Kg",,,
DIA TEMPTATION Sortido de Bombons de Chocolate 450 g,DIA TEMPTATION,,"4,79 €","10,64 €/Kg",,,
DIA ESPECIALÍSSIMO Cereja Cristalizada 250 g,DIA ESPECIAL SSIMO,,"2,74 €","10,96 €/Kg",,,
MILKA I Love Milka Nougat  110 g,MILKA,,"4,59 €","41,73 €/Kg",,,
FERRERO PRESTIGE Bombons 21 Un,FERRERO PRESTIGE,,"10,49 €","42,47 €/Kg",,,
MILKA I Love Milka Morango  110 g,MILKA,,"4,59 €","41,73 €/Kg",,,
FRUTOS SECOS DO DIA Sultana Dourada 200 g,FRUTOS SECOS DO DIA,,"0,99 €","4,95 €/Kg",,,
FRUTOS SECOS DO DIA Alperce Seco 200 g,FRUTOS SECOS DO DIA,,"2,39 €","11,95 €/Kg",,,
FRUTOS SECOS DO DIA Passas Uva Moscatel 200 g,FRUTOS SECOS DO DIA,,"0,79 €","3,95 €/Kg",,,
DIA TEMPTATION Sortido de Bombons Sem Açúcar 300 g,DIA TEMPTATION,,"4,99 €","16,63 €/Kg",,,
DIA TEMPTATION Trufas Belgas Cacau 250 g,DIA TEMPTATION,,"2,19 €","8,76 €/Kg",,,
DANÚBIO Vinho Espumante Branco Meio Seco 750 ml,DAN BIO,,"5,99 €","7,99 €/l",,,
CARAVAN Coffret Eau de Parfum nº1 + Mini 30 ml 1 un,CARAVAN,,"11,99 €","79,93 €/l",,,
CARAVAN Coffret Eau de Parfum nº66 + Mini 30 ml 1 un,CARAVAN,,"11,99 €","79,93 €/l",,,
RIBERALVES Lombos de Bacalhau 4 Meses de Cura 550 g,RIBERALVES,,"11,69 €","21,25 €/Kg",,,
LINDT Chocolate de Leite Mini Cornet 75 g,LINDT,,"2,49 €","33,20 €/Kg",,,
CUÉTARA Bolacha Sortida 210 g,CU TARA,,"3,09 €","14,71 €/Kg",,,
"DIA TEMPTATION Pétalas de Chocolate, Caramelo e Sal 125 g",DIA TEMPTATION,,"2,19 €","17.520,00 €/Kg",,,
MILKA Bombons I Love Milka Praline  44 g,MILKA,,"1,71 €","38,86 €/Kg","2,29 €","52,05 €/Kg",
RIBERALVES Posta Tradicional Bacalhau 4 Meses Cura 750 g,RIBERALVES,,"11,69 €","15,59 €/Kg",,,
PAIVA Queijo Prato Apimentado 1 Un,PAIVA,,"7,55 €","7,55 €/ud",,,
FRUTOS SECOS DO DIA Cocktail Frutos Secos 150 g,FRUTOS SECOS DO DIA,,"2,99 €","19,93 €/Kg",,,
DENIM After Shave Original 100 ml,DENIM,,"7,99 €","79,90 €/l",,,
MILANEZA Massa Aletria 500 g,MILANEZA,,"1,79 €","3,58 €/Kg",,,
NESTLÉ Bombom Plaisir Avelã 154 g,NESTL,,"5,49 €","35,65 €/Kg",,,
NESTLÉ Bombom Plaisir Cereja 158 g,NESTL,,"5,49 €","34,75 €/Kg",,,
DIA TEMPTATION Chocolate Mints 165 g,DIA TEMPTATION,,"1,44 €","8,73 €/Kg",,,
D'AVÓ Pão de Ló 500 g,AV,,"5,49 €","10,98 €/Kg",,,
NOEL Lombo 120 g,NOEL,,"2,55 €","21,25 €/Kg",,,
NOEL Presunto Serrano 120 g,NOEL,,"2,49 €","20,75 €/Kg","3,09 €","25,75 €/Kg",
MILHAFRE Queijo Ilha Graciosa 280 g,MILHAFRE,,"4,49 €","16,04 €/Kg",,,
Bacalhau Graúdo Inteiro Salgado Seco (Entre 2 a 3 kg e enviado com Corte para Lombos),,,"41,97 €","13,99 €/Kg",,,
Bacalhau Crescido Inteiro Salgado Seco (Entre 1 a 2 kg e enviado com Corte para Lombos),,,"25,98 €","12,99 €/Kg",,,
SANTIAGO Queijo Três Igrejas 450 g,SANTIAGO,,"7,99 €","17,76 €/Kg",,,
SIDUL Açúcar Branco 1 kg,SIDUL,,"1,69 €","1,69 €/Kg",,,
SIDUL Açúcar Amarelo 1 kg,SIDUL,,"1,89 €","1,89 €/Kg",,,
DIA SONHOS Polpa de Manga 850 g,DIA SONHOS,,"3,35 €","3,94 €/Kg",,,
PALHAIS Queijo de Cabra Original 2x100 g,PALHAIS,,"4,39 €","21,95 €/Kg",,,
DIA DELIMAGIC Caramelo Líquido 400 g,DIA DELIMAGIC,,"1,49 €","3,73 €/Kg",,,
DIA HORA + DOCE Leite Creme 92 g,DIA HORA DOCE,,"0,50 €","5,43 €/Kg",,,
LAGOS Queijo de Ovelha Amanteigado de Seia 1 Un,LAGOS,,"8,99 €","8,99 €/ud",,,
DIA NATURMUNDO Coco Ralado 200 g,DIA NATURMUNDO,,"1,15 €","5,75 €/Kg",,,
HORTA DO DIA Batata Para Cozer Embalada 3 kg,HORTA DO DIA,,"2,69 €","0,90 €/Kg",,,
DIA (A) MAR À VISTA Posta Média Bacalhau Demolhado Ultracongelado 800 g,DIA MAR VISTA,,"6,59 €","8,24 €/Kg",,,
Abacaxi (1 un = 2120 g aprox),,,"2,95 €","1,39 €/Kg",,,
PALHAIS Queijo de Cabra Chèvre 180 g,PALHAIS,,"3,99 €","22,17 €/Kg",,,
DIA HORA + DOCE Mousse de Chocolate 150 g,DIA HORA DOCE,,"1,02 €","6,80 €/Kg",,,
DIA Leite Condensado 397 g,DIA,,"1,33 €","3,35 €/Kg",,,
DIA LÁCTEA Leite Condensado Magro 397 g,DIA CTEA,,"1,33 €","3,35 €/Kg",,,
PRÉSIDENT Queijo Roquefort 100 g,PR SIDENT,,"3,35 €","33,50 €/Kg",,,
LIMIANO Queijo Amanteigado Vaca E Ovelha 450 g,LIMIANO,,"6,19 €","13,76 €/Kg",,,
DIA (A) MAR À VISTA Posta Tradicional Bacalhau Demolhado Ultracongelado 800 g,DIA MAR VISTA,,"10,29 €","12,86 €/Kg",,,
DIA Leite Condensado Cozido 397 g,DIA,,"1,43 €","3,60 €/Kg",,,
DIA (A) MAR À VISTA Lombos de Bacalhau Demolhado Ultracongelado 800 g,DIA MAR VISTA,,"13,09 €","16,36 €/Kg",,,
LAGOS Requeijão de Ovelha 150 g,LAGOS,,"1,49 €","9,93 €/Kg",,,
PRÉSIDENT Queijo Brie 200 g,PR SIDENT,,"3,79 €","18,95 €/Kg",,,
PRISCA Alheira de Caça 180 g,PRISCA,,"2,25 €","12,50 €/Kg",,,
DIA SABOR CHARCUTEIRO Alheira Trasmontana 200 g,DIA SABOR CHARCUTEIRO,,"1,49 €","7,45 €/Kg",,,
DIA SELEÇÃO MUNDIAL Queijo Brie 200 g,DIA SELE MUNDIAL,,"1,59 €","7,95 €/Kg",,,
DIA TEMPTATION Chocolate Em Pó 125 g,DIA TEMPTATION,,"0,88 €","7,04 €/Kg",,,
DIA O CHOCALHO Queijo Mistura Amanteigado 1 Un,DIA CHOCALHO,,"5,29 €","5,29 €/ud",,,
DIA MARI MARINHEIRA Camarão Selvagem Madagáscar 800 g,DIA MARI MARINHEIRA,,"20,75 €","25,94 €/Kg",,,
DIA SABOR CHARCUTEIRO Farinheira de Seia 200 g,DIA SABOR CHARCUTEIRO,,"1,65 €","8,25 €/Kg",,,
DIA Massa Quebrada 230 g,DIA,,"1,15 €","5,00 €/Kg",,,
FRUTOS SECOS DO DIA Miolo de Noz Metades 200 g,FRUTOS SECOS DO DIA,,"2,79 €","13,95 €/Kg",,,
FRUTOS SECOS DO DIA Passas Sultanas 200 g,FRUTOS SECOS DO DIA,,"0,89 €","4,45 €/Kg",,,
SANTIAGO Requeijão de Cabra 170 g,SANTIAGO,,"2,39 €","14,06 €/Kg",,,
DIA SABOR CHARCUTEIRO Alheira de Mirandela IGP 200 g,DIA SABOR CHARCUTEIRO IGP,,"1,55 €","7,75 €/Kg",,,
BEIRANOVA Polvo Limpo 2-3Kg (1 un = 2240 g aprox),BEIRANOVA,,"35,82 €","15,99 €/Kg",,,
MARFRESCO Sapateira Cozida Congelada 600/800 1 Un,MARFRESCO,,"12,99 €","12,99 €/ud",,,
Saquetas Com Pais Natal  100 g,,,"1,79 €","17,90 €/Kg",,,
PINTAROLAS Bola de Natal 40 g,PINTAROLAS,,"3,34 €","83,50 €/Kg",,,
REGINA Árvore de Natal 84 g,REGINA,,"2,89 €","34,40 €/Kg",,,
MON CHERI Bombons 15 Un,MON CHERI,,"5,29 €","33,59 €/Kg",,,
FERRERO Bombons Rondnoir 14 un,FERRERO,,"5,49 €","39,78 €/Kg",,,
CONCENTRA Jogo Mauzão Júnior,CONCENTRA,,"15,99 €","15,99 €/ud",,,
NESCAFÉ DOLCE GUSTO Café Ristretto Ardenza (Intensidade 11) 3x16 un,NESCAF DOLCE GUSTO,,"14,89 €","0,31 €/ud",,,
FRUTOS SECOS DO DIA Miolo de Pinhão 50 g,FRUTOS SECOS DO DIA,,"5,59 €","111,80 €/Kg",,,
SÃO BRAZ Caixa de Garrafas Vinho Tinto Alentejano Premium 2x750 ml,BRAZ,,"19,98 €","13,32 €/l",,,
SANTIAGO Queijo Atabafado Quinta do Olival Alho & Ervas 2x90 g,SANTIAGO,,"3,99 €","22,17 €/Kg",,,
CÁLEM Vinho do Porto LBV Velhotes 750 ml,LEM LBV,,"10,99 €","14,65 €/l","18,99 €","25,32 €/l",
DIA TEMPTATION Bombons Crocanti Branco 150 g,DIA TEMPTATION,,"2,79 €","18,60 €/Kg",,,
DIA SELEÇÃO MUNDIAL Salmão Fumado 100 g,DIA SELE MUNDIAL,,"3,80 €","38,00 €/Kg",,,
FITA AZUL Espumante Celebration Doce com Oferta de Flute 2x750 ml,FITA AZUL,,"11,38 €","7,59 €/l",,,
CARAVAN Coffret Eau de Parfum nº61 + Mini 30 ml 1 un,CARAVAN,,"11,99 €","79,93 €/l",,,
FUMEIRO SERRA DA ESTRELA Chouriço Cura 100% Natural 200 g,FUMEIRO SERRA DA ESTRELA,,"4,29 €","21,45 €/Kg",,,
FORNADA DO DIA Pão de Ló Cremoso 500 g,FORNADA DO DIA,,"5,49 €","10,98 €/Kg",,,
CASTELÕES Queijo Prato Cura Especial Barrado Pimentão 1 un,CASTEL ES,,"7,24 €","7,24 €/ud",,,
DIA O CHOCALHO Queijo de Nisa DOP 1 un,DIA CHOCALHO DOP,,"6,99 €","6,99 €/ud",,,
DIA (A) MAR À VISTA Bacalhau do Pacífico Desfiado 500 g,DIA MAR VISTA,,"6,19 €","12,38 €/Kg",,,
CASAL MENDES Vinho Rosé 750 ml,CASAL MENDES,,"3,99 €","5,32 €/l",,,
DIA (A) MAR À VISTA Migas de Paloco 500 g,DIA MAR VISTA,,"4,15 €","8,30 €/Kg",,,
DIA DOCE NO LAR Mix de Frutos Vermelhos 600 g,DIA DOCE NO LAR,,"3,09 €","5,15 €/Kg",,,
DIA DOCE NO LAR Mix de Frutos Tropicais 450 g,DIA DOCE NO LAR,,"3,55 €","7,89 €/Kg",,,
DIA DOCE NO LAR Morangos Congelados 600 g,DIA DOCE NO LAR,,"2,95 €","4,92 €/Kg",,,
DIA DOCE NO LAR Strudel de Maçã 600 g,DIA DOCE NO LAR,,"2,59 €","4,32 €/Kg",,,
"DIA MARI MARINHEIRA Polvo Limpo Congelado (1,4 kg - 1,8 kg) (1 un = 1800 g aprox)",DIA MARI MARINHEIRA,,"23,38 €","12,99 €/Kg",,,
CÔTE D'OR Chocolate Leite Mignonnette 240 g,TE OR,,"5,99 €","24,96 €/Kg",,,
Pai Natal Chocolate Leite 60 g,,,"0,89 €","14,83 €/Kg",,,
Pai Natal Chocolate 150 g,,,"1,59 €","10,60 €/Kg",,,
Saqueta com Sinos 100 g,,,"1,79 €","17,90 €/Kg",,,
DIA DOCE NATAL Bolachas de Gengibre 300 g,DIA DOCE NATAL,,"2,59 €","8,63 €/Kg","3,49 €","11,63 €/Kg",
DIA ESPECIALÍSSIMO Fruta Cristalizada Picada 250 g,DIA ESPECIAL SSIMO,,"2,29 €","9,16 €/Kg",,,
DIA O CHOCALHO Queijo Curado Meio Gordo 520 g,DIA CHOCALHO,,"4,89 €","9,40 €/Kg",,,
DIA SABOR CHARCUTEIRO Alheira de Caça 180 g,DIA SABOR CHARCUTEIRO,,"1,79 €","9,94 €/Kg",,,
DIA CAFETARIA Cápsulas de Café Fortíssimo (Intensidade 14) 10 un,DIA CAFETARIA,,"2,15 €","0,22 €/ud",,,
FORNADA DO DIA Bolo Rei 200 g,FORNADA DO DIA,,"3,49 €","17,45 €/Kg",,,
DIA TEMPTATION Sortido de Bombons Chocolate Negro 75% 180 g,DIA TEMPTATION,,"3,49 €","19,39 €/Kg",,,
FERRERO ROCHER Dark Origins 15 un,FERRERO ROCHER,,"7,29 €","39,41 €/Kg",,,
CONFEITARIA ALVORADA Panettone Frutas 500 g,CONFEITARIA ALVORADA,,"3,59 €","7,18 €/Kg",,,
Garagem de 2 Pisos com 3 Carros,,,"14,49 €","14,49 €/ud",,,
Conjunto de Beleza,,,"13,49 €","13,49 €/ud",,,
DIA TEMPTATION Bombom Crocanti Chocolate e Avelã 150 g,DIA TEMPTATION,,"2,96 €","19,73 €/Kg",,,
CLEMENTONI Jogo Pocket Conta-me Uma História,CLEMENTONI,,"7,99 €","7,99 €/ud",,,
LINDOR Bombons Caramelo Salgado 200 g,LINDOR,,"6,39 €","31,95 €/Kg",,,
Saquetas com Pinhas de Natal 100 g,,,"1,79 €","17,90 €/Kg",,,
Saquetas com Bolas de Natal 100 g,,,"1,79 €","17,90 €/Kg",,,
AXE Pack Bolsa Apollo Gel de Banho 400 ml + Spray 150 ml + Cera Cabelo 75 ml,AXE,,"16,24 €","16,24 €/ud",,,
DOVE Pack Bolsa Original Gel de Banho 250 ml + Creme 150 ml + Roll On 50 ml,DOVE,,"13,64 €","13,64 €/ud","20,99 €","20,99 €/ud",
DOVE Pack Bolsa Men Extra Fresh Gel de Banho 400 ml + Roll On 50 ml,DOVE,,"12,49 €","12,49 €/ud","24,98 €","24,98 €/ud",
DOVE Pack Bolsa Silk Gel de Banho 500 ml + Loção 300 ml + Roll On 50 ml,DOVE,,"16,89 €","16,89 €/ud","25,99 €","25,99 €/ud",
REGINA Sortido de Fantasias de Chocolate de Leite 108 g,REGINA,,"3,99 €","36,94 €/Kg",,,
ORAL-B Pack Escova Elétrica Frozen + Estojo,ORAL,,"23,24 €","23,24 €/ud",,,
ALVAREZ GÓMEZ Coffret Coquette Collection Fleurs du Paradis,ALVAREZ MEZ,,"11,95 €","11,95 €/ud",,,
