NAME,BRAND,QUANTITY,PRICE,PPU,OLDPRICE,OLDPPU,EAN
DIA SNACK MANIAC! Pipocas Salgadas Para Microondas 3x90 g,DIA SNACK MANIAC,,"1,02 €","3,40 €/Kg",,,
SICAL Café Torrado 5 estrelas Lote Clássico em Grão 250 g,SICAL,,"3,59 €","14,36 €/Kg",,,
DIA Paté de Sardinha 65 g,DIA,,"0,71 €","10,92 €/Kg",,,
MOLICO Leite Em Pó Magro 380 g,MOLICO,,"5,75 €","15,13 €/Kg",,,
DIA Iogurte Pêssego e Maracujá 500 g,DIA,,"1,29 €","2,58 €/Kg",,,
DIA Iogurte Frutos Silvestres 500 g,DIA,,"1,29 €","2,58 €/Kg",,,
CASA DE MATEUS Doce de Morango 345 g,CASA DE MATEUS,,"2,24 €","6,49 €/Kg",,,
DIA TEMPTATION Gelado de Morango com Pedaços de Morango 1 L,DIA TEMPTATION,,"2,49 €","2,49 €/l",,,
DIA TEMPTATION Sortido de Gelados Infantil 6x110 ml,DIA TEMPTATION,,"3,55 €","5,38 €/l",,,
ACTIMEL Iogurte Líquido Natural 6x100 g,ACTIMEL,,"3,29 €","5,48 €/Kg",,,
DIA MARI MARINHEIRA Lulas Recheadas em Molho de Caldeirada 115 g,DIA MARI MARINHEIRA,,"2,29 €","19,91 €/Kg",,,
DIA HORA + DOCE Pudim Flan 80 g,DIA HORA DOCE,,"0,81 €","10,13 €/Kg",,,
DIA TEMPTATION Creme de Barrar com Avelã 750 g,DIA TEMPTATION,,"3,84 €","5,12 €/Kg",,,
NESCAFÉ Cappuccino Café Solúvel 125 g,NESCAF,,"3,19 €","25,52 €/Kg",,,
DIA HORA + DOCE Pudim Caramelo 90 g,DIA HORA DOCE,,"0,46 €","5,11 €/Kg",,,
"MAGNUM Gelados Multipack Magnum Mini Clássico, Amêndoas e Branco 6x55 ml",MAGNUM,,"4,99 €","15,12 €/l",,,
YOGOLINO Morango Alimento Lácteo +6 Meses 4x100 g,YOGOLINO,,"2,89 €","7,23 €/Kg",,,
NESCAFÉ GOLD Café Solúvel 100 g,NESCAF GOLD,,"5,69 €","56,90 €/Kg",,,
DIA Iogurte com Pedaços Ananás 200 g,DIA,,"0,69 €","3,45 €/Kg",,,
DIA Polpa de Tomate Brick 3x210 g,DIA,,"1,33 €","2,11 €/Kg",,,
MAGNUM Gelados Multipack Magnum Mini Amêndoas 6x55 ml,MAGNUM,,"4,99 €","15,12 €/l",,,
DIA Iogurte Stracciatella 500 g,DIA,,"1,29 €","2,58 €/Kg",,,
NESCAFÉ DOLCE GUSTO Espresso Decaffeinato (Intensidade 5) 16 Un,NESCAF DOLCE GUSTO,,"5,99 €","0,37 €/ud",,,
DIA Creme Vinagre Balsâmico de Modena 250 ml,DIA,,"1,74 €","6,96 €/l",,,
PESCANOVA Caprichos Do Mar sem Glúten 400 g,PESCANOVA,,"3,59 €","8,98 €/Kg",,,
DIA SABOR CHARCUTEIRO Peito de Frango Fatiado 200 g,DIA SABOR CHARCUTEIRO,,"2,69 €","13,45 €/Kg",,,
NESCAFÉ DOLCE GUSTO Achocolatado Nesquik 16 Un,NESCAF DOLCE GUSTO,,"5,99 €","0,37 €/ud",,,
DIA SNACK MANIAC! Pipocas Sabor a Manteiga Para Microondas 3x90 g,DIA SNACK MANIAC,,"1,49 €","5,52 €/Kg",,,
NESCAFÉ DOLCE GUSTO Café Au Lait 16 Un,NESCAF DOLCE GUSTO,,"5,99 €","0,37 €/ud",,,
DIA SABOR CHARCUTEIRO Mortadela 900 g,DIA SABOR CHARCUTEIRO,,"3,09 €","3,43 €/Kg",,,
NESCAFÉ DOLCE GUSTO Café Expresso Sical (Intensidade 7) 16 Un,NESCAF DOLCE GUSTO,,"5,99 €","0,37 €/ud",,,
NESCAFÉ DOLCE GUSTO Café Expresso Buondi (Intensidade 8) 30 Un,NESCAF DOLCE GUSTO,,"10,49 €","0,35 €/ud",,,
IZIDORO Salsichas de Aves em Frasco 5 Un,IZIDORO,,"3,69 €","15,06 €/Kg",,,
CRUNCH Chocolate Nestlé 40 g,CRUNCH,,"0,99 €","24,75 €/Kg",,,
NAN 4 Leite de Crescimento +12 800 g,NAN,,"13,49 €","16,86 €/Kg",,,
NESCAFÉ DOLCE GUSTO Café Ristretto Barista (Intensidade 9) 16 Un,NESCAF DOLCE GUSTO,,"5,99 €","0,37 €/ud",,,
DIA DONA MARGARIDA Margarina Culinária 250 g,DIA DONA MARGARIDA,,"0,95 €","3,80 €/Kg",,,
YOGOLINO Natural Lácteo +6 Meses 4x100 g,YOGOLINO,,"2,89 €","7,23 €/Kg",,,
MILANEZA Esparguete sem Glúten 500 g,MILANEZA,,"2,69 €","5,38 €/Kg",,,
DIA SONHOS Gelatina Ananás 6x100 g,DIA SONHOS,,"1,39 €","2,32 €/Kg",,,
DIA SONHOS Gelatina Tutti Frutti 6x100 g,DIA SONHOS,,"1,39 €","2,32 €/Kg",,,
DIA SONHOS Gelatina de Morango Light 8Kcal 6x100 g,DIA SONHOS,,"1,49 €","2,48 €/Kg",,,
NESTLÉ Chocolate Culinária 44% Cacau 200 g,NESTL,,"1,89 €","9,45 €/Kg",,,
FRUUT Pêra Rocha 20 g,FRUUT,,"0,85 €","42,50 €/Kg",,,
LA PIARA Paté de Sardinha Solo Natural 75 g,LA PIARA,,"1,69 €","22,53 €/Kg",,,
IGLO Hamburgueres de Vaca sem  Glúten 8 Un,IGLO,,"7,49 €","11,70 €/Kg",,,
IGLO Hambúrguer de Frango Sem Glúten 8 Un,IGLO,,"7,49 €","15,60 €/Kg",,,
DIA SNACK MANIAC! Pipocas Doces Para Microondas 3x90 g,DIA SNACK MANIAC,,"1,25 €","4,17 €/Kg",,,
"NESTLÉ Pacotinho de Maçã, Cenoura e Manga 90 g",NESTL,,"0,79 €","8,78 €/Kg",,,
NESTLÉ Tablete de Chocolate de Leite 90 g,NESTL,,"1,49 €","16,56 €/Kg",,,
IZIDORO Salsichas de Aves Hot Dog Em Frasco 4 un,IZIDORO,,"3,69 €","16,04 €/Kg",,,
DIA SIMPRATICO Hambúrguer de Porco Sem Glúten 8 Un,DIA SIMPRATICO,,"5,20 €","8,67 €/Kg",,,
SHOYCE Bebida de Arroz 0% 1 L,SHOYCE,,"1,43 €","1,43 €/l","1,79 €","1,79 €/l",
DIA SIMPRATICO Hambúrguer de Bovino Sem Glúten 1 kg,DIA SIMPRATICO,,"7,20 €","7,20 €/Kg",,,
CEM PORCENTO Chocolate Negro com Stevia 100 g,CEM PORCENTO,,"2,49 €","24,90 €/Kg",,,
SICAL Café Torrado 5 estrelas Lote Tradição Moagem Universal 250 g,SICAL,,"3,49 €","13,96 €/Kg",,,
BECEL Pro Active Sabor Manteiga 225 g,BECEL,,"2,39 €","10,62 €/Kg","3,99 €","17,73 €/Kg",
PESCANOVA Preparado Para Mariscada sem Glúten 500 g,PESCANOVA,,"4,19 €","8,38 €/Kg",,,
CRUNCH Chocolate Dark Nestlé 100 g,CRUNCH,,"1,99 €","19,90 €/Kg",,,
SHOYCE Bebida de Arroz 0% 200 ml,SHOYCE,,"0,48 €","2,40 €/l","0,60 €","3,00 €/l",
DIA VITAL Bebida de Arroz 1 L,DIA VITAL,,"1,53 €","1,53 €/l",,,
DIA TEMPTATION Sortido de Bombons Sem Açúcar 300 g,DIA TEMPTATION,,"4,99 €","16,63 €/Kg",,,
DIA TEMPTATION Trufas Belgas Cacau 250 g,DIA TEMPTATION,,"2,19 €","8,76 €/Kg",,,
DIA Topping Cobertura De Morango 295 g,DIA,,"2,19 €","7,42 €/Kg",,,
DIA Topping Cobertura de Chocolate 295 g,DIA,,"2,45 €","8,31 €/Kg",,,
DIA Amendoins Cobertos de Chocolate 250 g,DIA,,"2,00 €","8,00 €/Kg",,,
YOGOLINO Alperce Nestlé 4x100 g,YOGOLINO,,"2,89 €","7,23 €/Kg",,,
NESTLÉ Fruta para Bebé Maçã e Pera +4 Meses 4x100 g,NESTL,,"3,29 €","8,23 €/Kg",,,
BLÉDINA Frutapura Ameixa e Maçã 4x95 g,BL DINA,,"2,79 €","7,34 €/Kg",,,
DIA LÁCTEA Iogurte Liquido Morango E Banana 1 kg,DIA CTEA,,"1,65 €","1,65 €/Kg",,,
NESCAFÉ Galão Café Solúvel 8x17 g,NESCAF,,"2,99 €","21,99 €/Kg",,,
CRUNCH Tablete de Chocolate Branco 100 g,CRUNCH,,"2,05 €","20,50 €/Kg",,,
DIA TEMPTATION Sorvete de Iogurte de Morango 6x60 ml,DIA TEMPTATION,,"2,15 €","5,97 €/l",,,
DIA TEMPTATION Gelados Mini 4 Sabores 12x36 g,DIA TEMPTATION,,"2,59 €","4,32 €/l",,,
DIA Chocolate Branco 100 g,DIA,,"0,71 €","7,10 €/Kg",,,
DIA SABOR CHARCUTEIRO Bacon Fatias 200 g,DIA SABOR CHARCUTEIRO,,"2,09 €","10,45 €/Kg",,,
DIA VITAL Bebida de Soja Natural 1 L,DIA VITAL,,"1,02 €","1,02 €/l",,,
O PRÉMIO DO DIA Sobremesa Flan de Ovo 4x100 g,PR MIO DO DIA,,"1,75 €","4,38 €/Kg",,,
MAGGI Puré de Batata 250 g,MAGGI,,"2,49 €","9,96 €/Kg",,,
DIA Iogurte Magro Com Pedaços Multifruta 8x125 g,DIA,,"2,65 €","2,65 €/Kg",,,
DIA MARI MARINHEIRA Petinga Em Tomate 90 g,DIA MARI MARINHEIRA,,"1,00 €","16,13 €/Kg",,,
NESCAFÉ Café Solúvel Clássico 100 g,NESCAF,,"2,99 €","29,90 €/Kg",,,
DIA Maionese Up Down 300 ml,DIA,,"1,43 €","4,77 €/l",,,
DIA TEMPTATION Gelados Multipack Big de Chocolate de Leite 4X120 ml,DIA TEMPTATION,,"1,85 €","3,85 €/l",,,
DIA HORA + DOCE Leite Creme 92 g,DIA HORA DOCE,,"0,50 €","5,43 €/Kg",,,
DIA LÁCTEA Leite Com Chocolate 3x200 ml,DIA CTEA,,"0,99 €","1,65 €/l",,,
NOBRE Frankfurt Salsichas Lata 6 Un,NOBRE,,"1,19 €","4,76 €/Kg",,,
DIA Amendoins Com Sal 250 g,DIA,,"1,05 €","4,20 €/Kg",,,
NESCAFÉ Café Solúvel Clássico 10x2 g,NESCAF,,"1,59 €","79,50 €/Kg",,,
DIA Salsichas Baviera 300 g,DIA,,"2,19 €","7,30 €/Kg",,,
DIA TÔFRITA! Batata Frita Caseira 180 g,DIA FRITA,,"1,05 €","5,83 €/Kg",,,
DIA TÔFRITA! Batata Frita Palha 200 g,DIA FRITA,,"1,12 €","5,60 €/Kg",,,
DIA MARI MARINHEIRA Sardinhas Em Tomate Picante 120 g,DIA MARI MARINHEIRA,,"1,02 €","8,50 €/Kg",,,
DIA SABOR CHARCUTEIRO Fiambre da Pá 2x125 g,DIA SABOR CHARCUTEIRO,,"1,99 €","7,96 €/Kg",,,
O PRÉMIO DO DIA Mousse de Chocolate 4x60 g,PR MIO DO DIA,,"1,05 €","4,38 €/Kg",,,
DIA VEGECAMPO Polpa de Tomate 500 g,DIA VEGECAMPO,,"1,02 €","2,04 €/Kg",,,
DIA SABOR CHARCUTEIRO Tiras de Bacon 2x100 g,DIA SABOR CHARCUTEIRO,,"2,79 €","13,95 €/Kg",,,
DIA HORA + DOCE Mousse de Chocolate 150 g,DIA HORA DOCE,,"1,02 €","6,80 €/Kg",,,
DIA Maionese Frasco 450 ml,DIA,,"1,95 €","4,33 €/l",,,
RUFFLES Batata Frita Heinz Ketchup 150 g,RUFFLES,,"1,89 €","12,60 €/Kg",,,
FRITOS Aperitivos Tiras de Milho 130 g,FRITOS,,"1,65 €","12,69 €/Kg",,,
LAY'S Batata Frita Lisa Mediterrâneas Clássicas 150 g,LAY,,"2,19 €","14,60 €/Kg",,,
DIA HORA + DOCE Pudim de Baunilha 90 g,DIA HORA DOCE,,"0,46 €","5,11 €/Kg",,,
NESTLÉ Leite Condensado Cozido 397 g,NESTL,,"2,09 €","5,26 €/Kg",,,
O PRÉMIO DO DIA Arroz Doce 4x130 g,PR MIO DO DIA,,"2,59 €","4,98 €/Kg",,,
NESCAFÉ DOLCE GUSTO Cappuccino 16 Un,NESCAF DOLCE GUSTO,,"5,99 €","0,37 €/ud",,,
NESCAFÉ DOLCE GUSTO Café Espresso Intenso (Intensidade 7) 16 Un,NESCAF DOLCE GUSTO,,"5,99 €","0,37 €/ud",,,
DIA O CHOCALHO Queijo Flamengo Fatias 450 g,DIA CHOCALHO,,"3,99 €","8,87 €/Kg",,,
IZIDORO Salsichas Hot Dog 4 Un,IZIDORO,,"3,79 €","15,16 €/Kg",,,
NOBRE Fiambre Fatias Finas Económico 100 g,NOBRE,,"1,29 €","12,90 €/Kg",,,
NESCAFÉ DOLCE GUSTO Café Expresso Sical (Intensidade 7) 30 Un,NESCAF DOLCE GUSTO,,"10,49 €","0,35 €/ud",,,
"BABYSMILE Puré de Frutas Maçã, Pêra E Pêssego 2x200 g",BABYSMILE,,"2,05 €","5,12 €/Kg",,,
NOBRE Extra Suculento Fiambre Fatias Clássicas 100 g,NOBRE,,"1,20 €","12,00 €/Kg",,,
CAMPOFRIO Forno de Lenha Peito de Peru Fatias Clássicas 120 g,CAMPOFRIO,,"2,69 €","22,42 €/Kg",,,
DIA Gomas Sortidas 250 g,DIA,,"1,49 €","5,96 €/Kg",,,
DIA Gomas Tubarão Brilho 300 g,DIA,,"1,95 €","6,50 €/Kg",,,
DIA SABOR CHARCUTEIRO Peito de Peru Fatias Finas 100 g,DIA SABOR CHARCUTEIRO,,"1,29 €","12,90 €/Kg",,,
DANONINO Petitdino Morango 6x50 g,DANONINO,,"2,39 €","7,97 €/Kg",,,
DANONINO Petitdino Morango/Banana 6x50 g,DANONINO,,"2,39 €","7,97 €/Kg",,,
NESTLÉ Pacotinho 4 Frutas Para Bebé +6 Meses 90 g,NESTL,,"0,79 €","8,78 €/Kg",,,
DIA SONHOS Gelatina de Morango 6x100 g,DIA SONHOS,,"1,39 €","2,32 €/Kg",,,
NESTLÉ GO FREE Corn Flakes Cereais de Milho sem Glúten 375 g,NESTL GO FREE,,"2,99 €","7,97 €/Kg",,,
NESCAFÉ DOLCE GUSTO Café Ristretto Ardenza (Intensidade 11) 16 Un,NESCAF DOLCE GUSTO,,"5,99 €","0,37 €/ud",,,
BICENTURY Tortitas de Milho Sem Glúten 130 g,BICENTURY,,"1,79 €","13,77 €/Kg",,,
NESTLÉ EXTRAFINO Tablete de Chocolate de Leite sem Glúten 125 g,NESTL EXTRAFINO,,"1,89 €","15,12 €/Kg",,,
NESTLÉ EXTRAFINO Tablete de Chocolate de Leite com Avelãs sem Glúten 123 g,NESTL EXTRAFINO,,"1,89 €","15,37 €/Kg",,,
IZIDORO Salsichas Bockwurst 8 Un,IZIDORO,,"5,59 €","14,15 €/Kg",,,
IGLO Hambúrguer Frango Sem Glúten 4 Un,IGLO,,"3,99 €","16,63 €/Kg",,,
IGLO Hambúrguer Vaca Sem Glúten 4 Un,IGLO,,"3,99 €","12,47 €/Kg",,,
CRUNCH Tablete de Chocolate Nestlé 100 g,CRUNCH,,"1,99 €","19,90 €/Kg",,,
NESQUIK Achocolatado em Pó sem Glúten 390 g,NESQUIK,,"4,29 €","11,00 €/Kg",,,
SICAL Café Torrado Moído Lote Clássico Moagem Fina (Intensidade 10) 250 g,SICAL,,"3,59 €","14,36 €/Kg",,,
DIA SABOR CHARCUTEIRO Chouriço Corrente 200 g,DIA SABOR CHARCUTEIRO,,"1,25 €","6,25 €/Kg",,,
JUNIORSMILE Pasta de Dentes Júnior 100 ml,JUNIORSMILE,,"1,25 €","12,50 €/l",,,
DIA Manteiga Dos Açores 250 g,DIA,,"2,09 €","8,36 €/Kg",,,
DIA Salsichas de Aves Em Frasco 5 Un,DIA,,"1,95 €","4,64 €/Kg",,,
DIA Flan de Baunilha 6x100 g,DIA,,"1,19 €","1,98 €/Kg",,,
CERELAC Primeira Papa Láctea Multifrutos Sem Glúten +4 Meses 250 g,CERELAC,,"2,99 €","11,96 €/Kg",,,
DIA SABOR CHARCUTEIRO Fatias de Afiambrado 2x110 g,DIA SABOR CHARCUTEIRO,,"1,49 €","6,77 €/Kg",,,
DIA TEMPTATION Gelado Doce de Leite 900 ml,DIA TEMPTATION,,"2,59 €","2,88 €/l",,,
DIA VITAL Bebida de Soja Natural 3x200 ml,DIA VITAL,,"1,02 €","1,70 €/l",,,
DIA VITAL Bebida de Soja Light 1 L,DIA VITAL,,"1,12 €","1,12 €/l",,,
NESCAFÉ DOLCE GUSTO Café Expresso Buondi (Intensidade 8) 16 Un,NESCAF DOLCE GUSTO,,"5,99 €","0,37 €/ud",,,
DIA VITAL Bebida de Soja de Chocolate 3x200 ml,DIA VITAL,,"1,33 €","2,22 €/l",,,
"BLÉDINA Puré Fruta Maçã, Laranja & Banana 4x95 g",BL DINA,,"2,79 €","7,34 €/Kg",,,
BARILLA Molho Pesto Barilla 190 g,BARILLA,,"4,99 €","26,26 €/Kg",,,
DIA SIMPRATICO Hambúrguer de Frango Sem Glúten 320 g,DIA SIMPRATICO,,"2,75 €","8,59 €/Kg",,,
DIA TEMPTATION Creme Cacau Duo 750 g,DIA TEMPTATION,,"2,95 €","3,93 €/Kg",,,
SHOYCE Creme Culinário 200 ml,SHOYCE,,"1,39 €","6,95 €/l",,,
NESTLÉ Tablete de Chocolate Preto 90 g,NESTL,,"1,49 €","16,56 €/Kg",,,
NESTLÉ Pacotinho Fruta Para Bebé Multifrutas +6 Meses 90 g,NESTL,,"0,79 €","8,78 €/Kg",,,
NOBRE Cuida-t+ Peito de Peru Fatias Finas 110 g,NOBRE,,"2,69 €","24,45 €/Kg",,,
SHOYCE Bebida de Aveia 200 ml,SHOYCE,,"0,58 €","2,90 €/l","0,73 €","3,65 €/l",
SHOYCE Bebida de Amêndoa 1 L,SHOYCE,,"1,75 €","1,75 €/l","2,19 €","2,19 €/l",
DIA VITAL Bebida de Amêndoa 1 L,DIA VITAL,,"1,64 €","1,64 €/l",,,
DIA Ketchup Up&Down 340 g,DIA,,"0,85 €","2,50 €/Kg",,,
NESTLÉ Leite Condensado Tradicional 370 g,NESTL,,"1,99 €","5,38 €/Kg",,,
DIA LÁCTEA Iogurte Líquido Morango 1 kg,DIA CTEA,,"1,65 €","1,65 €/Kg",,,
NESTUM ZERO Cereais de Arroz sem Glúten Nestlé 250 g,NESTUM ZERO,,"2,89 €","11,56 €/Kg",,,
BUONDI Cápsulas de Café Buondi By Nespresso Original Nestlé 10 Un,BUONDI,,"4,09 €","0,41 €/ud",,,
NESTLÉ Chocolate de Leite E Amendoim 90 g,NESTL,,"1,49 €","16,56 €/Kg",,,
DIA TEMPTATION Gelados Mini Caramelo e Framboesa 6x50 ml,DIA TEMPTATION,,"2,55 €","8,50 €/l",,,
NESCAFÉ DOLCE GUSTO Café Ristretto Napoli (Intensidade 13) 16 un,NESCAF DOLCE GUSTO,,"5,99 €","0,37 €/ud",,,
BE-KIND Barra de Frutos Secos com Chocolate Negro e Sal Marinho 40 g,BE KIND,,"1,99 €","49,75 €/Kg",,,
BE-KIND Barra Manteiga de Amendoim e Chocolate Negro 40 g,BE KIND,,"1,99 €","49,75 €/Kg",,,
NESQUIK Achocolatado em Pó Extra Choc 390 g,NESQUIK,,"5,49 €","14,08 €/Kg",,,
NESTLÉ Tablete de Chocolate com Amêndoas Extrafino 123 g,NESTL,,"1,89 €","15,37 €/Kg",,,
"NESTLÉ Pacotinho de Fruta Banana, Laranja, Bolacha Naturnes 90 g",NESTL,,"0,79 €","8,78 €/Kg",,,
"NESTLÉ Pacotinho de Fruta Banana, Maçã, Morango Naturnes 90 g",NESTL,,"0,79 €","8,78 €/Kg",,,
YOGOLINO Pêssego e Banana com 0% Açúcares Adicionados Nestlé 4x100 g,YOGOLINO,,"2,89 €","7,23 €/Kg",,,
SHOYCE Bebida de Amêndoa 0% Açúcar 1 L,SHOYCE,,"1,75 €","1,75 €/l","2,19 €","2,19 €/l",
BUONDI BY NESPRESSO Cápsulas de Café Encorpado Nestlé 10 Un,BUONDI BY NESPRESSO,,"4,09 €","0,41 €/ud",,,
BUONDI BY NESPRESSO Cápsulas de Café Intenso Nestlé 10 Un,BUONDI BY NESPRESSO,,"4,09 €","0,41 €/ud",,,
CRUNCH Tablete de Chocolate Biscuit 100 g,CRUNCH,,"1,99 €","19,90 €/Kg",,,
BLÉDINA Papa Não Láctea Arroz 200 g,BL DINA,,"2,26 €","11,30 €/Kg",,,
NESCAFÉ DOLCE GUSTO Café Ristretto Ardenza (Intensidade 11) 3x16 un,NESCAF DOLCE GUSTO,,"14,89 €","0,31 €/ud",,,
NESTLÉ Tablete Chocolate Negro Extrafino 125 g,NESTL,,"1,99 €","15,92 €/Kg",,,
IZIDORO Salsicha Vegan Frasco 5 unidades 220 g,IZIDORO,,"5,15 €","23,41 €/Kg",,,
OLD EL PASO Snack Tortilla Nachips 185 g,OLD EL PASO,,"2,99 €","16,16 €/Kg",,,
SHOYCE Bebida Aveia e Amêndoa 0% 1 L,SHOYCE,,"1,75 €","1,75 €/l","2,19 €","2,19 €/l",
SHOYCE Bebida Aveia Choco 0% 1 L,SHOYCE,,"1,75 €","1,75 €/l","2,19 €","2,19 €/l",
NESTLÉ Chocolate em Pó Intenso 40% 330 g,NESTL,,"4,89 €","14,82 €/Kg",,,
IZIDORO Salsicha Frankfurt Embalagem Familiar Lata 12 un,IZIDORO,,"2,95 €","0,25 €/ud",,,
FERBAR Polvilho Doce 500 g,FERBAR,,"2,99 €","5,98 €/Kg",,,
FERBAR Tapioca Hidratada 500 g,FERBAR,,"3,49 €","6,98 €/Kg",,,
DIA GALATEA Queijo Ralado Mozzarella 200 g,DIA GALATEA,,"1,79 €","8,95 €/Kg",,,
DIA GALATEA Queijo Ralado Emmental 200 g,DIA GALATEA,,"1,75 €","8,75 €/Kg",,,
FRUUT Abacaxi Embalado 20 g,FRUUT,,"1,34 €","67,00 €/Kg",,,
BEIRANOVA Preparado Mariscada sem Glúten 450 g,BEIRANOVA,,"3,99 €","8,87 €/Kg",,,
NOBRE VEGALIA Especialidade Vegetariana de Tofu Lata 8 un,NOBRE VEGALIA,,"2,29 €","0,29 €/ud",,,
DIA TEMPTATION Gelado Baunilha 1 L,DIA TEMPTATION,,"2,29 €","2,29 €/l",,,
DOLCE GUSTO Cápsulas de Café Buondi Intenso (Intensidade 10) 16 un,DOLCE GUSTO,,"5,99 €","0,37 €/ud",,,
DIA AL PUNTO Tortilha de Cebola 600 g,DIA AL PUNTO,,"3,35 €","5,58 €/Kg",,,
DIA AL PUNTO Quinoa com Verduras 400 g,DIA AL PUNTO,,"2,79 €","6,98 €/Kg",,,
DIA SIMPRATICO Hamburguer Misto Sem Glúten 500 g,DIA SIMPRATICO,,"3,65 €","7,30 €/Kg",,,
DIA PRA JÁ! Pão de Queijo Congelado 300 g,DIA PRA,,"2,95 €","9,83 €/Kg",,,
DIA SIMPRATICO Hamburguer de Vaca 100% 500 g,DIA SIMPRATICO,,"5,95 €","11,90 €/Kg",,,
DIA HORA + DOCE Gelatina Melancia 2x55 g,DIA HORA DOCE,,"1,02 €","9,27 €/Kg",,,
DIA NATURDOCE Doce de Morango sem Açúcar 250 g,DIA NATURDOCE,,"2,72 €","10,88 €/Kg",,,
DIA HORA + DOCE Gelatina de Ananás 2x55 g,DIA HORA DOCE,,"1,02 €","9,27 €/Kg",,,
DIA HORA + DOCE Gelatina de Morango 2x55 g,DIA HORA DOCE,,"1,02 €","9,27 €/Kg",,,
DIA HORA + DOCE Gelatina de Pêssego 2x55 g,DIA HORA DOCE,,"1,02 €","9,27 €/Kg",,,
DIA HORA + DOCE Gelatina Tutti Frutti 2x55 g,DIA HORA DOCE,,"1,02 €","9,27 €/Kg",,,
IZIDORO Salsichas de Aves Frasco 9 un,IZIDORO,,"5,69 €","15,81 €/Kg",,,
POM'BEL Puré de Maçã 4x100 g,POM BEL,,"1,95 €","4,87 €/Kg","2,29 €","5,73 €/Kg",
POM'BEL Puré de Maçã e Manga 4x100 g,POM BEL,,"1,95 €","4,87 €/Kg","2,29 €","5,73 €/Kg",
POM'BEL Puré de Maçã e Pêra 4x100 g,POM BEL,,"1,95 €","4,87 €/Kg","2,29 €","5,73 €/Kg",
DIA MAXI PAVO Fiambre de Perú 900 g,DIA MAXI PAVO,,"3,29 €","3,66 €/Kg",,,
BUONDI BY NESPRESSO Cápsulas de Café Extreme (Intensidade 12) 10 un,BUONDI BY NESPRESSO,,"4,09 €","0,41 €/ud",,,
IZIDORO Salsicha Bockwurst Familiar Frasco 9 un,IZIDORO,,"5,69 €","15,81 €/Kg",,,
DOLCE GUSTO Cápsulas de Café Doppio Espresso (Intensidade 10) 16 un,DOLCE GUSTO,,"5,99 €","0,37 €/ud",,,
VIOLIFE Fatiado 100% Vegan Sabor Original 200 g,VIOLIFE,,"3,44 €","17,20 €/Kg",,,
VIOLIFE Ralado 100% Vegan Sabor Mozzarella 200 g,VIOLIFE,,"3,44 €","17,20 €/Kg",,,
DIA MARI MARINHEIRA Delícias do Mar 450 g,DIA MARI MARINHEIRA,,"2,39 €","5,31 €/Kg",,,
NOBRE Salsichas Hot Dog Frasco 4 un,NOBRE,,"2,59 €","12,33 €/Kg",,,
NOBRE Salsichas Hot Dog Aves Frasco 4 un,NOBRE,,"2,59 €","12,33 €/Kg",,,
DIA DON SALSICHÓN Salsichas Cocktail Aves 180 g,DIA DON SALSICH,,"1,53 €","8,50 €/Kg",,,
DIA DON SALSICHÓN Salsichas Aves Tipo Frankfurt 8 un,DIA DON SALSICH,,"0,88 €","0,11 €/ud",,,
DIA DON SALSICHÓN Salsichas Cocktail 180 g,DIA DON SALSICH,,"1,53 €","8,50 €/Kg",,,
NOBRE Salsichas de Frango Cuida-T 210 g,NOBRE,,"2,59 €","12,33 €/Kg",,,
DIA LÁCTEA Iogurte Natural Açucarado Cana de Açúcar 8x125 g,DIA CTEA,,"1,65 €","1,65 €/Kg",,,
GULLON Mini Chips Chocolate sem Glúten 200 g,GULLON,,"2,69 €","13,45 €/Kg",,,
GULLON Bolachas Aveia e Laranja sem Glúten 180 g,GULLON,,"2,69 €","14,94 €/Kg",,,
BENEFEAT Barra Proteica Bio de Amendoim 35 g,BENEFEAT,,"1,65 €","47,14 €/Kg",,,
BENEFEAT Barra Energética Bio de Coco e Banana 35 g,BENEFEAT,,"1,65 €","47,14 €/Kg",,,
IZIDORO Hamburgueres Vegan Embalados Veggie Lovers 220 g,IZIDORO,,"3,49 €","15,86 €/Kg",,,
DIA TEMPTATION Gelado Big Golden Caramelo 3x67 g,DIA TEMPTATION,,"2,39 €","8,85 €/l",,,
DIA TEMPTATION Sorvete de Limão 1 L,DIA TEMPTATION,,"2,05 €","2,05 €/l",,,
SEARA Flocos de Aveia sem Glúten Bio 400 g,SEARA,,"2,39 €","5,98 €/Kg",,,
